{"id": "battle-gen9randombattle-2465", "formatid": "gen9randombattle", "format": "[Gen 9] Random Battle", "players": ["p0x24650984", "p0y24650a5d"], "log": "|init|battle\n|title|p0x24650984 vs. p0y24650a5d\n|j|\u2606p0x24650984\n|j|\u2606p0y24650a5d\n|t:|1783567617\n|gametype|singles\n|player|p1|p0x24650984|169|\n|player|p2|p0y24650a5d|170|\n|gen|9\n|tier|[Gen 9] Random Battle\n|rule|Species Clause: Limit one of each Pok\u00e9mon\n|rule|HP Percentage Mod: HP is shown in percentages\n|rule|Sleep Clause Mod: Limit one foe put to sleep\n|rule|Illusion Level Mod: Illusion disguises the Pok\u00e9mon's true level\n|\n|t:|1783567617\n|teamsize|p1|6\n|teamsize|p2|6\n|start\n|switch|p1a: Staraptor|Staraptor, L79, F|100/100\n|switch|p2a: Comfey|Comfey, L85, F|225/225\n|turn|1\n|inactive|Battle timer is ON: inactive players will automatically lose when time's up. (requested by p0x24650984)\n|inactive|Time left: 300 sec this turn | 300 sec total | 60 sec grace\n|\n|t:|1783567618\n|switch|p2a: Uxie|Uxie, L83|260/260\n|move|p1a: Staraptor|Brave Bird|p2a: Uxie\n|-damage|p2a: Uxie|85/260\n|-damage|p1a: Staraptor|78/100|[from] Recoil\n|\n|-heal|p2a: Uxie|101/260|[from] item: Leftovers\n|upkeep\n|turn|2\n|inactive|Time left: 300 sec this turn | 300 sec total\n|inactive|p0y24650a5d also wants the timer to be on.\n|\n|t:|1783567619\n|move|p2a: Uxie|Stealth Rock|p1a: Staraptor\n|-sidestart|p1: p0x24650984|move: Stealth Rock\n|move|p1a: Staraptor|Brave Bird|p2a: Uxie\n|-damage|p2a: Uxie|0 fnt\n|faint|p2a: Uxie\n|-damage|p1a: Staraptor|66/100|[from] Recoil\n|\n|upkeep\n|inactive|Time left: 300 sec this turn | 300 sec total | 5 sec grace\n|\n|t:|1783567620\n|switch|p2a: Jolteon|Jolteon, L84, M|246/246\n|turn|3\n|inactive|Time left: 300 sec this turn | 300 sec total\n|\n|t:|1783567621\n|switch|p1a: Conkeldurr|Conkeldurr, L80, F|100/100\n|-damage|p1a: Conkeldurr|94/100|[from] Stealth Rock\n|move|p2a: Jolteon|Thunderbolt|p1a: Conkeldurr\n|-damage|p1a: Conkeldurr|26/100\n|\n|-status|p1a: Conkeldurr|brn|[from] item: Flame Orb\n|upkeep\n|turn|4\n|inactive|Time left: 300 sec this turn | 300 sec total\n|\n|t:|1783567622\n|switch|p1a: Lilligant|Lilligant, L86, F|100/100\n|-damage|p1a: Lilligant|88/100|[from] Stealth Rock\n|move|p2a: Jolteon|Thunderbolt|p1a: Lilligant\n|-resisted|p1a: Lilligant\n|-damage|p1a: Lilligant|58/100\n|\n|upkeep\n|turn|5\n|inactive|Time left: 300 sec this turn | 300 sec total\n|\n|t:|1783567623\n|move|p2a: Jolteon|Thunderbolt|p1a: Lilligant\n|-resisted|p1a: Lilligant\n|-damage|p1a: Lilligant|25/100\n|move|p1a: Lilligant|Quiver Dance|p1a: Lilligant\n|-boost|p1a: Lilligant|spa|1\n|-boost|p1a: Lilligant|spd|1\n|-boost|p1a: Lilligant|spe|1\n|\n|upkeep\n|turn|6\n|inactive|Time left: 300 sec this turn | 300 sec total\n|\n|t:|1783567624\n|switch|p2a: Slowbro|Slowbro-Galar, L87, M|307/307\n|move|p1a: Lilligant|Petal Dance|p2a: Slowbro\n|-resisted|p2a: Slowbro\n|-damage|p2a: Slowbro|194/307\n|-damage|p1a: Lilligant|15/100|[from] item: Life Orb\n|\n|upkeep\n|turn|7\n|inactive|Time left: 300 sec this turn | 300 sec total\n|\n|t:|1783567625\n|move|p1a: Lilligant|Petal Dance|p2a: Slowbro|[from] lockedmove\n|-resisted|p2a: Slowbro\n|-damage|p2a: Slowbro|85/307\n|-damage|p1a: Lilligant|5/100|[from] item: Life Orb\n|move|p2a: Slowbro|Earthquake|p1a: Lilligant\n|-resisted|p1a: Lilligant\n|-damage|p1a: Lilligant|0 fnt\n|faint|p1a: Lilligant\n|\n|upkeep\n|\n|t:|1783567626\n|switch|p1a: Staraptor|Staraptor, L79, F|66/100\n|-damage|p1a: Staraptor|41/100|[from] Stealth Rock\n|turn|8\n|inactive|Time left: 300 sec this turn | 300 sec total\n|\n|t:|1783567627\n|switch|p2a: Jolteon|Jolteon, L84, M|246/246\n|move|p1a: Staraptor|Double-Edge|p2a: Jolteon\n|-damage|p2a: Jolteon|0 fnt\n|faint|p2a: Jolteon\n|-damage|p1a: Staraptor|10/100|[from] Recoil\n|\n|upkeep\n|inactive|Time left: 300 sec this turn | 300 sec total | 5 sec grace\n|\n|t:|1783567627\n|switch|p2a: Lucario|Lucario, L84, F|255/255\n|turn|9\n|inactive|Time left: 300 sec this turn | 300 sec total\n|\n|t:|1783567628\n|move|p2a: Lucario|Extreme Speed|p1a: Staraptor\n|-damage|p1a: Staraptor|0 fnt\n|faint|p1a: Staraptor\n|\n|upkeep\n|\n|t:|1783567629\n|switch|p1a: Articuno|Articuno-Galar, L84|100/100\n|turn|10\n|inactive|Time left: 300 sec this turn | 300 sec total\n|\n|t:|1783567630\n|move|p2a: Lucario|Extreme Speed|p1a: Articuno\n|-damage|p1a: Articuno|68/100\n|move|p1a: Articuno|Freezing Glare|p2a: Lucario\n|-damage|p2a: Lucario|122/255\n|\n|upkeep\n|turn|11\n|inactive|Time left: 300 sec this turn | 300 sec total\n|\n|t:|1783567631\n|move|p2a: Lucario|Extreme Speed|p1a: Articuno\n|-damage|p1a: Articuno|32/100\n|move|p1a: Articuno|Freezing Glare|p2a: Lucario\n|-damage|p2a: Lucario|0 fnt\n|faint|p2a: Lucario\n|\n|upkeep\n|inactive|Time left: 300 sec this turn | 300 sec total | 5 sec grace\n|\n|t:|1783567632\n|switch|p2a: Torterra|Torterra, L78, M|276/276\n|turn|12\n|inactive|Time left: 300 sec this turn | 300 sec total\n|\n|t:|1783567633\n|-terastallize|p2a: Torterra|Rock\n|move|p1a: Articuno|Hurricane|p2a: Torterra\n|-resisted|p2a: Torterra\n|-crit|p2a: Torterra\n|-damage|p2a: Torterra|162/276\n|move|p2a: Torterra|Shell Smash|p2a: Torterra\n|-unboost|p2a: Torterra|def|1\n|-unboost|p2a: Torterra|spd|1\n|-boost|p2a: Torterra|atk|2\n|-boost|p2a: Torterra|spa|2\n|-boost|p2a: Torterra|spe|2\n|\n|upkeep\n|turn|13\n|inactive|Time left: 300 sec this turn | 300 sec total\n|\n|t:|1783567634\n|move|p2a: Torterra|Bullet Seed|p1a: Articuno\n|-resisted|p1a: Articuno\n|-damage|p1a: Articuno|23/100\n|-resisted|p1a: Articuno\n|-damage|p1a: Articuno|14/100\n|-resisted|p1a: Articuno\n|-damage|p1a: Articuno|4/100\n|-resisted|p1a: Articuno\n|-damage|p1a: Articuno|0 fnt\n|faint|p1a: Articuno\n|-hitcount|p1: Articuno|4\n|\n|upkeep\n|\n|t:|1783567635\n|switch|p1a: Conkeldurr|Conkeldurr, L80, F|26/100 brn\n|-damage|p1a: Conkeldurr|20/100 brn|[from] Stealth Rock\n|turn|14\n|inactive|Time left: 300 sec this turn | 300 sec total\n|\n|t:|1783567636\n|switch|p2a: Comfey|Comfey, L85, F|225/225\n|move|p1a: Conkeldurr|Mach Punch|p2a: Comfey\n|-resisted|p2a: Comfey\n|-damage|p2a: Comfey|186/225\n|\n|-heal|p2a: Comfey|200/225|[from] item: Leftovers\n|-damage|p1a: Conkeldurr|14/100 brn|[from] brn\n|upkeep\n|turn|15\n|inactive|Time left: 300 sec this turn | 300 sec total\n|\n|t:|1783567637\n|switch|p1a: Suicune|Suicune, L82|100/100\n|-damage|p1a: Suicune|88/100|[from] Stealth Rock\n|-ability|p1a: Suicune|Pressure\n|move|p2a: Comfey|Giga Drain|p1a: Suicune\n|-supereffective|p1a: Suicune\n|-damage|p1a: Suicune|61/100\n|-heal|p2a: Comfey|225/225|[from] drain|[of] p1a: Suicune\n|\n|-heal|p1a: Suicune|67/100|[from] item: Leftovers\n|upkeep\n|turn|16\n|inactive|Time left: 300 sec this turn | 300 sec total\n|\n|t:|1783567638\n|move|p2a: Comfey|Calm Mind|p2a: Comfey\n|-boost|p2a: Comfey|spa|1\n|-boost|p2a: Comfey|spd|1\n|move|p1a: Suicune|Calm Mind|p1a: Suicune\n|-boost|p1a: Suicune|spa|1\n|-boost|p1a: Suicune|spd|1\n|\n|-heal|p1a: Suicune|73/100|[from] item: Leftovers\n|upkeep\n|turn|17\n|inactive|Time left: 300 sec this turn | 300 sec total\n|\n|t:|1783567639\n|move|p2a: Comfey|Calm Mind|p2a: Comfey\n|-boost|p2a: Comfey|spa|1\n|-boost|p2a: Comfey|spd|1\n|move|p1a: Suicune|Calm Mind|p1a: Suicune\n|-boost|p1a: Suicune|spa|1\n|-boost|p1a: Suicune|spd|1\n|\n|-heal|p1a: Suicune|79/100|[from] item: Leftovers\n|upkeep\n|turn|18\n|inactive|Time left: 300 sec this turn | 300 sec total\n|\n|t:|1783567640\n|move|p2a: Comfey|Calm Mind|p2a: Comfey\n|-boost|p2a: Comfey|spa|1\n|-boost|p2a: Comfey|spd|1\n|move|p1a: Suicune|Calm Mind|p1a: Suicune\n|-boost|p1a: Suicune|spa|1\n|-boost|p1a: Suicune|spd|1\n|\n|-heal|p1a: Suicune|85/100|[from] item: Leftovers\n|upkeep\n|turn|19\n|inactive|Time left: 300 sec this turn | 300 sec total\n|\n|t:|1783567641\n|move|p1a: Suicune|Protect|p1a: Suicune\n|-singleturn|p1a: Suicune|Protect\n|move|p2a: Comfey|Calm Mind|p2a: Comfey\n|-boost|p2a: Comfey|spa|1\n|-boost|p2a: Comfey|spd|1\n|\n|-heal|p1a: Suicune|91/100|[from] item: Leftovers\n|upkeep\n|turn|20\n|inactive|Time left: 300 sec this turn | 300 sec total\n|\n|t:|1783567642\n|move|p2a: Comfey|Stored Power|p1a: Suicune\n|-damage|p1a: Suicune|53/100\n|move|p1a: Suicune|Calm Mind|p1a: Suicune\n|-boost|p1a: Suicune|spa|1\n|-boost|p1a: Suicune|spd|1\n|\n|-heal|p1a: Suicune|59/100|[from] item: Leftovers\n|upkeep\n|turn|21\n|inactive|Time left: 300 sec this turn | 300 sec total\n|\n|t:|1783567643\n|move|p1a: Suicune|Protect|p1a: Suicune\n|-singleturn|p1a: Suicune|Protect\n|move|p2a: Comfey|Stored Power|p1a: Suicune\n|-activate|p1a: Suicune|move: Protect\n|\n|-heal|p1a: Suicune|65/100|[from] item: Leftovers\n|upkeep\n|turn|22\n|inactive|Time left: 300 sec this turn | 300 sec total\n|\n|t:|1783567644\n|move|p2a: Comfey|Stored Power|p1a: Suicune\n|-damage|p1a: Suicune|30/100\n|move|p1a: Suicune|Substitute|p1a: Suicune\n|-start|p1a: Suicune|Substitute\n|-damage|p1a: Suicune|6/100\n|\n|-heal|p1a: Suicune|12/100|[from] item: Leftovers\n|upkeep\n|turn|23\n|inactive|Time left: 300 sec this turn | 300 sec total\n|\n|t:|1783567645\n|move|p1a: Suicune|Protect|p1a: Suicune\n|-singleturn|p1a: Suicune|Protect\n|move|p2a: Comfey|Stored Power|p1a: Suicune\n|-activate|p1a: Suicune|move: Protect\n|\n|-heal|p1a: Suicune|18/100|[from] item: Leftovers\n|upkeep\n|turn|24\n|inactive|Time left: 300 sec this turn | 300 sec total\n|\n|t:|1783567646\n|-terastallize|p1a: Suicune|Steel\n|move|p2a: Comfey|Stored Power|p1a: Suicune\n|-resisted|p1a: Suicune\n|-activate|p1a: Suicune|move: Substitute|[damage]\n|move|p1a: Suicune|Scald|p2a: Comfey\n|-damage|p2a: Comfey|159/225\n|\n|-heal|p2a: Comfey|173/225|[from] item: Leftovers\n|-heal|p1a: Suicune|24/100|[from] item: Leftovers\n|upkeep\n|turn|25\n|inactive|Time left: 300 sec this turn | 300 sec total\n|\n|t:|1783567647\n|move|p2a: Comfey|Calm Mind|p2a: Comfey\n|-boost|p2a: Comfey|spa|1\n|-boost|p2a: Comfey|spd|1\n|move|p1a: Suicune|Scald|p2a: Comfey\n|-damage|p2a: Comfey|115/225\n|\n|-heal|p2a: Comfey|129/225|[from] item: Leftovers\n|-heal|p1a: Suicune|30/100|[from] item: Leftovers\n|upkeep\n|turn|26\n|inactive|Time left: 300 sec this turn | 300 sec total\n|\n|t:|1783567648\n|move|p2a: Comfey|Draining Kiss|p1a: Suicune\n|-resisted|p1a: Suicune\n|-end|p1a: Suicune|Substitute\n|-heal|p2a: Comfey|147/225|[from] drain|[of] p1a: Suicune\n|move|p1a: Suicune|Scald|p2a: Comfey\n|-damage|p2a: Comfey|93/225\n|\n|-heal|p2a: Comfey|107/225|[from] item: Leftovers\n|-heal|p1a: Suicune|36/100|[from] item: Leftovers\n|upkeep\n|turn|27\n|inactive|Time left: 300 sec this turn | 300 sec total\n|\n|t:|1783567649\n|move|p1a: Suicune|Protect|p1a: Suicune\n|-singleturn|p1a: Suicune|Protect\n|move|p2a: Comfey|Stored Power|p1a: Suicune\n|-activate|p1a: Suicune|move: Protect\n|\n|-heal|p2a: Comfey|121/225|[from] item: Leftovers\n|-heal|p1a: Suicune|42/100|[from] item: Leftovers\n|upkeep\n|turn|28\n|inactive|Time left: 300 sec this turn | 300 sec total\n|\n|t:|1783567650\n|move|p2a: Comfey|Stored Power|p1a: Suicune\n|-resisted|p1a: Suicune\n|-damage|p1a: Suicune|20/100\n|move|p1a: Suicune|Scald|p2a: Comfey\n|-damage|p2a: Comfey|70/225\n|\n|-heal|p2a: Comfey|84/225|[from] item: Leftovers\n|-heal|p1a: Suicune|26/100|[from] item: Leftovers\n|upkeep\n|turn|29\n|inactive|Time left: 300 sec this turn | 300 sec total\n|\n|t:|1783567651\n|move|p2a: Comfey|Draining Kiss|p1a: Suicune\n|-resisted|p1a: Suicune\n|-damage|p1a: Suicune|18/100\n|-heal|p2a: Comfey|103/225|[from] drain|[of] p1a: Suicune\n|move|p1a: Suicune|Scald|p2a: Comfey\n|-damage|p2a: Comfey|49/225\n|-status|p2a: Comfey|brn\n|\n|-heal|p2a: Comfey|63/225 brn|[from] item: Leftovers\n|-heal|p1a: Suicune|24/100|[from] item: Leftovers\n|-damage|p2a: Comfey|49/225 brn|[from] brn\n|upkeep\n|turn|30\n|inactive|Time left: 300 sec this turn | 300 sec total\n|\n|t:|1783567652\n|move|p1a: Suicune|Protect|p1a: Suicune\n|-singleturn|p1a: Suicune|Protect\n|move|p2a: Comfey|Stored Power|p1a: Suicune\n|-activate|p1a: Suicune|move: Protect\n|\n|-heal|p2a: Comfey|63/225 brn|[from] item: Leftovers\n|-heal|p1a: Suicune|30/100|[from] item: Leftovers\n|-damage|p2a: Comfey|49/225 brn|[from] brn\n|upkeep\n|turn|31\n|inactive|Time left: 300 sec this turn | 300 sec total\n|\n|t:|1783567653\n|move|p2a: Comfey|Draining Kiss|p1a: Suicune\n|-resisted|p1a: Suicune\n|-damage|p1a: Suicune|22/100\n|-heal|p2a: Comfey|67/225 brn|[from] drain|[of] p1a: Suicune\n|move|p1a: Suicune|Scald|p2a: Comfey\n|-damage|p2a: Comfey|16/225 brn\n|\n|-heal|p2a: Comfey|30/225 brn|[from] item: Leftovers\n|-heal|p1a: Suicune|28/100|[from] item: Leftovers\n|-damage|p2a: Comfey|16/225 brn|[from] brn\n|upkeep\n|turn|32\n|inactive|Time left: 300 sec this turn | 300 sec total\n|\n|t:|1783567654\n|move|p2a: Comfey|Draining Kiss|p1a: Suicune\n|-resisted|p1a: Suicune\n|-damage|p1a: Suicune|19/100\n|-heal|p2a: Comfey|36/225 brn|[from] drain|[of] p1a: Suicune\n|move|p1a: Suicune|Scald|p2a: Comfey\n|-damage|p2a: Comfey|0 fnt\n|faint|p2a: Comfey\n|\n|-heal|p1a: Suicune|25/100|[from] item: Leftovers\n|upkeep\n|inactive|Time left: 300 sec this turn | 300 sec total | 5 sec grace\n|\n|t:|1783567655\n|switch|p2a: Slowbro|Slowbro-Galar, L87, M|187/307\n|turn|33\n|inactive|Time left: 300 sec this turn | 300 sec total\n|\n|t:|1783567656\n|move|p1a: Suicune|Scald|p2a: Slowbro\n|-damage|p2a: Slowbro|18/307\n|move|p2a: Slowbro|Earthquake|p1a: Suicune\n|-supereffective|p1a: Suicune\n|-crit|p1a: Suicune\n|-damage|p1a: Suicune|0 fnt\n|faint|p1a: Suicune\n|\n|upkeep\n|\n|t:|1783567657\n|switch|p1a: Conkeldurr|Conkeldurr, L80, F|14/100 brn\n|-damage|p1a: Conkeldurr|8/100 brn|[from] Stealth Rock\n|turn|34\n|inactive|Time left: 300 sec this turn | 300 sec total\n|\n|t:|1783567658\n|move|p1a: Conkeldurr|Close Combat|p2a: Slowbro\n|-resisted|p2a: Slowbro\n|-damage|p2a: Slowbro|0 fnt\n|-unboost|p1a: Conkeldurr|def|1\n|-unboost|p1a: Conkeldurr|spd|1\n|faint|p2a: Slowbro\n|\n|-damage|p1a: Conkeldurr|2/100 brn|[from] brn\n|upkeep\n|inactive|Time left: 300 sec this turn | 300 sec total | 5 sec grace\n|\n|t:|1783567659\n|switch|p2a: Torterra|Torterra, L78, M, tera:Rock|162/276\n|turn|35\n|inactive|Time left: 300 sec this turn | 300 sec total\n|\n|t:|1783567659\n|move|p2a: Torterra|Shell Smash|p2a: Torterra\n|-unboost|p2a: Torterra|def|1\n|-unboost|p2a: Torterra|spd|1\n|-boost|p2a: Torterra|atk|2\n|-boost|p2a: Torterra|spa|2\n|-boost|p2a: Torterra|spe|2\n|move|p1a: Conkeldurr|Close Combat|p2a: Torterra\n|-supereffective|p2a: Torterra\n|-damage|p2a: Torterra|0 fnt\n|-unboost|p1a: Conkeldurr|def|1\n|-unboost|p1a: Conkeldurr|spd|1\n|faint|p2a: Torterra\n|\n|win|p0x24650984", "uploadtime": 1783567659, "views": 0, "rating": 0, "private": 0, "password": null, "_winner": "p0x24650984", "_our_name": "p0y24650a5d"}