{"id": "battle-gen9randombattle-295", "formatid": "gen9randombattle", "format": "[Gen 9] Random Battle", "players": ["p0x295d259", "p0y2952a1a"], "log": "|init|battle\n|title|p0x295d259 vs. p0y2952a1a\n|j|\u2606p0x295d259\n|j|\u2606p0y2952a1a\n|t:|1783542484\n|gametype|singles\n|player|p1|p0x295d259|102|\n|player|p2|p0y2952a1a|265|\n|gen|9\n|tier|[Gen 9] Random Battle\n|rule|Species Clause: Limit one of each Pok\u00e9mon\n|rule|HP Percentage Mod: HP is shown in percentages\n|rule|Sleep Clause Mod: Limit one foe put to sleep\n|rule|Illusion Level Mod: Illusion disguises the Pok\u00e9mon's true level\n|\n|t:|1783542484\n|teamsize|p1|6\n|teamsize|p2|6\n|start\n|switch|p1a: Glaceon|Glaceon, L94, F|100/100\n|switch|p2a: Latios|Latios, L78, M|253/253\n|turn|1\n|inactive|Battle timer is ON: inactive players will automatically lose when time's up. (requested by p0x295d259)\n|inactive|Time left: 300 sec this turn | 300 sec total | 60 sec grace\n|inactive|p0y2952a1a also wants the timer to be on.\n|\n|t:|1783542486\n|move|p2a: Latios|Luster Purge|p1a: Glaceon\n|-damage|p1a: Glaceon|53/100\n|move|p1a: Glaceon|Freeze-Dry|p2a: Latios\n|-supereffective|p2a: Latios\n|-damage|p2a: Latios|55/253\n|\n|upkeep\n|turn|2\n|inactive|Time left: 300 sec this turn | 300 sec total\n|\n|t:|1783542487\n|switch|p1a: Meowscarada|Meowscarada, L78, M|100/100\n|move|p2a: Latios|Luster Purge|p1a: Meowscarada\n|-immune|p1a: Meowscarada\n|\n|upkeep\n|turn|3\n|inactive|Time left: 300 sec this turn | 300 sec total\n|\n|t:|1783542489\n|move|p1a: Meowscarada|Knock Off|p2a: Latios\n|-start|p1a: Meowscarada|typechange|Dark|[from] ability: Protean\n|-supereffective|p2a: Latios\n|-damage|p2a: Latios|0 fnt\n|-enditem|p2a: Latios|Choice Specs|[from] move: Knock Off|[of] p1a: Meowscarada\n|faint|p2a: Latios\n|\n|upkeep\n|inactive|Time left: 300 sec this turn | 300 sec total | 5 sec grace\n|\n|t:|1783542490\n|switch|p2a: Kyogre|Kyogre, L71|259/259\n|-weather|RainDance|[from] ability: Drizzle|[of] p2a: Kyogre\n|turn|4\n|inactive|Time left: 300 sec this turn | 300 sec total\n|\n|t:|1783542491\n|switch|p1a: Eternatus|Eternatus, L69|100/100\n|-ability|p1a: Eternatus|Pressure\n|move|p2a: Kyogre|Water Spout|p1a: Eternatus\n|-resisted|p1a: Eternatus\n|-damage|p1a: Eternatus|58/100\n|\n|-weather|RainDance|[upkeep]\n|upkeep\n|turn|5\n|inactive|Time left: 300 sec this turn | 300 sec total\n|\n|t:|1783542492\n|move|p2a: Kyogre|Water Spout|p1a: Eternatus\n|-resisted|p1a: Eternatus\n|-damage|p1a: Eternatus|15/100\n|move|p1a: Eternatus|Recover|p1a: Eternatus\n|-heal|p1a: Eternatus|65/100\n|\n|-weather|RainDance|[upkeep]\n|upkeep\n|turn|6\n|inactive|Time left: 300 sec this turn | 300 sec total\n|\n|t:|1783542493\n|move|p2a: Kyogre|Water Spout|p1a: Eternatus\n|-resisted|p1a: Eternatus\n|-damage|p1a: Eternatus|17/100\n|move|p1a: Eternatus|Recover|p1a: Eternatus\n|-heal|p1a: Eternatus|67/100\n|\n|-weather|RainDance|[upkeep]\n|upkeep\n|turn|7\n|inactive|Time left: 300 sec this turn | 300 sec total\n|\n|t:|1783542494\n|move|p2a: Kyogre|Water Spout|p1a: Eternatus\n|-resisted|p1a: Eternatus\n|-damage|p1a: Eternatus|20/100\n|move|p1a: Eternatus|Dynamax Cannon|p2a: Kyogre\n|-damage|p2a: Kyogre|174/259\n|\n|-weather|RainDance|[upkeep]\n|upkeep\n|turn|8\n|inactive|Time left: 300 sec this turn | 300 sec total\n|\n|t:|1783542495\n|switch|p2a: Porygon-Z|Porygon-Z, L83|277/277\n|move|p1a: Eternatus|Recover|p1a: Eternatus\n|-heal|p1a: Eternatus|70/100\n|\n|-weather|none\n|upkeep\n|turn|9\n|inactive|Time left: 300 sec this turn | 300 sec total\n|\n|t:|1783542497\n|move|p1a: Eternatus|Dynamax Cannon|p2a: Porygon-Z\n|-damage|p2a: Porygon-Z|163/277\n|move|p2a: Porygon-Z|Tri Attack|p1a: Eternatus\n|-damage|p1a: Eternatus|0 fnt\n|faint|p1a: Eternatus\n|-damage|p2a: Porygon-Z|136/277|[from] item: Life Orb\n|\n|upkeep\n|\n|t:|1783542498\n|switch|p1a: Cinccino|Cinccino, L83, F|100/100\n|turn|10\n|inactive|Time left: 300 sec this turn | 300 sec total\n|\n|t:|1783542499\n|switch|p2a: Skeledirge|Skeledirge, L79, M|294/294\n|move|p1a: Cinccino|Tail Slap|p2a: Skeledirge\n|-immune|p2a: Skeledirge\n|\n|upkeep\n|turn|11\n|inactive|Time left: 300 sec this turn | 300 sec total\n|\n|t:|1783542500\n|switch|p1a: Ceruledge|Ceruledge, L78, M|100/100\n|move|p2a: Skeledirge|Torch Song|p1a: Ceruledge\n|-resisted|p1a: Ceruledge\n|-damage|p1a: Ceruledge|84/100\n|-boost|p2a: Skeledirge|spa|1\n|\n|upkeep\n|turn|12\n|inactive|Time left: 300 sec this turn | 300 sec total\n|\n|t:|1783542500\n|move|p1a: Ceruledge|Poltergeist|p2a: Skeledirge\n|-activate|p2a: Skeledirge|move: Poltergeist|Heavy-Duty Boots\n|-supereffective|p2a: Skeledirge\n|-damage|p2a: Skeledirge|36/294\n|move|p2a: Skeledirge|Hex|p1a: Ceruledge\n|-supereffective|p1a: Ceruledge\n|-damage|p1a: Ceruledge|0 fnt\n|faint|p1a: Ceruledge\n|\n|upkeep\n|\n|t:|1783542501\n|switch|p1a: Emboar|Emboar, L84, M|100/100\n|turn|13\n|inactive|Time left: 300 sec this turn | 300 sec total\n|\n|t:|1783542502\n|move|p1a: Emboar|Flare Blitz|p2a: Skeledirge\n|-resisted|p2a: Skeledirge\n|-damage|p2a: Skeledirge|0 fnt\n|faint|p2a: Skeledirge\n|-damage|p1a: Emboar|97/100|[from] Recoil\n|\n|-heal|p1a: Emboar|100/100|[from] item: Leftovers\n|upkeep\n|inactive|Time left: 300 sec this turn | 300 sec total | 5 sec grace\n|\n|t:|1783542503\n|switch|p2a: Kyogre|Kyogre, L71|174/259\n|-weather|RainDance|[from] ability: Drizzle|[of] p2a: Kyogre\n|turn|14\n|inactive|Time left: 300 sec this turn | 300 sec total\n|\n|t:|1783542504\n|-terastallize|p1a: Emboar|Grass\n|move|p2a: Kyogre|Origin Pulse|p1a: Emboar\n|-resisted|p1a: Emboar\n|-damage|p1a: Emboar|63/100\n|move|p1a: Emboar|Trailblaze|p2a: Kyogre\n|-supereffective|p2a: Kyogre\n|-damage|p2a: Kyogre|0 fnt\n|-boost|p1a: Emboar|spe|1\n|faint|p2a: Kyogre\n|\n|-weather|RainDance|[upkeep]\n|-heal|p1a: Emboar|69/100|[from] item: Leftovers\n|upkeep\n|inactive|Time left: 300 sec this turn | 300 sec total | 5 sec grace\n|\n|t:|1783542506\n|switch|p2a: Mandibuzz|Mandibuzz, L85, F|326/326\n|turn|15\n|inactive|Time left: 300 sec this turn | 300 sec total\n|\n|t:|1783542507\n|move|p1a: Emboar|Drain Punch|p2a: Mandibuzz\n|-damage|p2a: Mandibuzz|245/326\n|-heal|p1a: Emboar|82/100|[from] drain|[of] p2a: Mandibuzz\n|move|p2a: Mandibuzz|Foul Play|p1a: Emboar\n|-damage|p1a: Emboar|35/100\n|\n|-weather|RainDance|[upkeep]\n|-heal|p1a: Emboar|41/100|[from] item: Leftovers\n|upkeep\n|turn|16\n|inactive|Time left: 300 sec this turn | 300 sec total\n|\n|t:|1783542508\n|move|p1a: Emboar|Drain Punch|p2a: Mandibuzz\n|-damage|p2a: Mandibuzz|169/326\n|-heal|p1a: Emboar|53/100|[from] drain|[of] p2a: Mandibuzz\n|move|p2a: Mandibuzz|Foul Play|p1a: Emboar\n|-damage|p1a: Emboar|3/100\n|\n|-weather|RainDance|[upkeep]\n|-heal|p1a: Emboar|9/100|[from] item: Leftovers\n|upkeep\n|turn|17\n|inactive|Time left: 300 sec this turn | 300 sec total\n|\n|t:|1783542509\n|move|p1a: Emboar|Drain Punch|p2a: Mandibuzz\n|-damage|p2a: Mandibuzz|93/326\n|-heal|p1a: Emboar|21/100|[from] drain|[of] p2a: Mandibuzz\n|move|p2a: Mandibuzz|U-turn|p1a: Emboar\n|-supereffective|p1a: Emboar\n|-damage|p1a: Emboar|0 fnt\n|faint|p1a: Emboar\n|inactive|Time left: 300 sec this turn | 300 sec total | 5 sec grace\n|\n|t:|1783542510\n|switch|p2a: Electrode|Electrode, L92|260/260|[from] U-turn\n|\n|-weather|RainDance|[upkeep]\n|upkeep\n|\n|t:|1783542511\n|switch|p1a: Glaceon|Glaceon, L94, F|53/100\n|turn|18\n|inactive|Time left: 300 sec this turn | 300 sec total\n|\n|t:|1783542512\n|move|p2a: Electrode|Thunderbolt|p1a: Glaceon\n|-damage|p1a: Glaceon|13/100\n|-status|p1a: Glaceon|par\n|-damage|p2a: Electrode|234/260|[from] item: Life Orb\n|move|p1a: Glaceon|Freeze-Dry|p2a: Electrode\n|-damage|p2a: Electrode|123/260\n|\n|-weather|none\n|upkeep\n|turn|19\n|inactive|Time left: 300 sec this turn | 300 sec total\n|\n|t:|1783542514\n|move|p2a: Electrode|Thunderbolt|p1a: Glaceon\n|-crit|p1a: Glaceon\n|-damage|p1a: Glaceon|0 fnt\n|faint|p1a: Glaceon\n|-damage|p2a: Electrode|97/260|[from] item: Life Orb\n|\n|upkeep\n|\n|t:|1783542515\n|switch|p1a: Cinccino|Cinccino, L83, F|100/100\n|turn|20\n|inactive|Time left: 300 sec this turn | 300 sec total\n|\n|t:|1783542516\n|move|p2a: Electrode|Explosion|p1a: Cinccino\n|-damage|p1a: Cinccino|16/100\n|faint|p2a: Electrode\n|move|p1a: Cinccino|Bullet Seed|p2: Electrode|[notarget]\n|-fail|p1a: Cinccino\n|\n|upkeep\n|inactive|Time left: 300 sec this turn | 300 sec total | 5 sec grace\n|\n|t:|1783542517\n|switch|p2a: Mandibuzz|Mandibuzz, L85, F|93/326\n|turn|21\n|inactive|Time left: 300 sec this turn | 300 sec total\n|\n|t:|1783542518\n|-terastallize|p2a: Mandibuzz|Steel\n|move|p1a: Cinccino|Tail Slap|p2a: Mandibuzz\n|-resisted|p2a: Mandibuzz\n|-damage|p2a: Mandibuzz|78/326\n|-resisted|p2a: Mandibuzz\n|-damage|p2a: Mandibuzz|62/326\n|-resisted|p2a: Mandibuzz\n|-damage|p2a: Mandibuzz|45/326\n|-resisted|p2a: Mandibuzz\n|-damage|p2a: Mandibuzz|30/326\n|-hitcount|p2a: Mandibuzz|4\n|move|p2a: Mandibuzz|Roost|p2a: Mandibuzz\n|-heal|p2a: Mandibuzz|193/326\n|\n|upkeep\n|turn|22\n|inactive|Time left: 300 sec this turn | 300 sec total\n|\n|t:|1783542519\n|switch|p1a: Meowscarada|Meowscarada, L78, M|100/100\n|move|p2a: Mandibuzz|Roost|p2a: Mandibuzz\n|-heal|p2a: Mandibuzz|326/326\n|\n|upkeep\n|turn|23\n|inactive|Time left: 300 sec this turn | 300 sec total\n|\n|t:|1783542520\n|move|p1a: Meowscarada|Knock Off|p2a: Mandibuzz\n|-start|p1a: Meowscarada|typechange|Dark|[from] ability: Protean\n|-damage|p2a: Mandibuzz|242/326\n|-enditem|p2a: Mandibuzz|Heavy-Duty Boots|[from] move: Knock Off|[of] p1a: Meowscarada\n|move|p2a: Mandibuzz|Foul Play|p1a: Meowscarada\n|-resisted|p1a: Meowscarada\n|-damage|p1a: Meowscarada|71/100\n|\n|upkeep\n|turn|24\n|inactive|Time left: 300 sec this turn | 300 sec total\n|\n|t:|1783542521\n|move|p1a: Meowscarada|Knock Off|p2a: Mandibuzz\n|-damage|p2a: Mandibuzz|187/326\n|move|p2a: Mandibuzz|Foul Play|p1a: Meowscarada\n|-resisted|p1a: Meowscarada\n|-damage|p1a: Meowscarada|44/100\n|\n|upkeep\n|turn|25\n|inactive|Time left: 300 sec this turn | 300 sec total\n|\n|t:|1783542522\n|move|p1a: Meowscarada|Flower Trick|p2a: Mandibuzz\n|-resisted|p2a: Mandibuzz\n|-crit|p2a: Mandibuzz\n|-damage|p2a: Mandibuzz|155/326\n|move|p2a: Mandibuzz|Foul Play|p1a: Meowscarada\n|-resisted|p1a: Meowscarada\n|-damage|p1a: Meowscarada|14/100\n|\n|upkeep\n|turn|26\n|inactive|Time left: 300 sec this turn | 300 sec total\n|\n|t:|1783542523\n|move|p1a: Meowscarada|Toxic Spikes|p2a: Mandibuzz\n|-sidestart|p2: p0y2952a1a|move: Toxic Spikes\n|move|p2a: Mandibuzz|Foul Play|p1a: Meowscarada\n|-resisted|p1a: Meowscarada\n|-damage|p1a: Meowscarada|0 fnt\n|faint|p1a: Meowscarada\n|\n|upkeep\n|\n|t:|1783542524\n|switch|p1a: Cinccino|Cinccino, L83, F|16/100\n|turn|27\n|inactive|Time left: 300 sec this turn | 300 sec total\n|\n|t:|1783542525\n|move|p1a: Cinccino|Bullet Seed|p2a: Mandibuzz\n|-resisted|p2a: Mandibuzz\n|-damage|p2a: Mandibuzz|144/326\n|-resisted|p2a: Mandibuzz\n|-damage|p2a: Mandibuzz|132/326\n|-resisted|p2a: Mandibuzz\n|-damage|p2a: Mandibuzz|120/326\n|-resisted|p2a: Mandibuzz\n|-damage|p2a: Mandibuzz|108/326\n|-hitcount|p2a: Mandibuzz|4\n|move|p2a: Mandibuzz|U-turn|p1a: Cinccino\n|-damage|p1a: Cinccino|0 fnt\n|faint|p1a: Cinccino\n|\n|win|p0y2952a1a", "uploadtime": 1783542525, "views": 0, "rating": 0, "private": 0, "password": null, "_winner": "p0y2952a1a", "_our_name": "p0y2952a1a"}