{"id": "battle-gen9randombattle-2668", "formatid": "gen9randombattle", "format": "[Gen 9] Random Battle", "players": ["p0x26688a57", "p0y2668c952"], "log": "|init|battle\n|title|p0x26688a57 vs. p0y2668c952\n|j|\u2606p0x26688a57\n|j|\u2606p0y2668c952\n|t:|1783570789\n|gametype|singles\n|player|p1|p0x26688a57|266|\n|player|p2|p0y2668c952|1|\n|gen|9\n|tier|[Gen 9] Random Battle\n|rule|Species Clause: Limit one of each Pok\u00e9mon\n|rule|HP Percentage Mod: HP is shown in percentages\n|rule|Sleep Clause Mod: Limit one foe put to sleep\n|rule|Illusion Level Mod: Illusion disguises the Pok\u00e9mon's true level\n|\n|t:|1783570789\n|teamsize|p1|6\n|teamsize|p2|6\n|start\n|switch|p1a: Hypno|Hypno, L95, F|100/100\n|switch|p2a: Inteleon|Inteleon, L81, M|246/246\n|turn|1\n|inactive|Battle timer is ON: inactive players will automatically lose when time's up. (requested by p0x26688a57)\n|inactive|Time left: 300 sec this turn | 300 sec total | 60 sec grace\n|inactive|p0y2668c952 also wants the timer to be on.\n|\n|t:|1783570791\n|move|p2a: Inteleon|Hydro Pump|p1a: Hypno|[miss]\n|-miss|p2a: Inteleon|p1a: Hypno\n|move|p1a: Hypno|Knock Off|p2a: Inteleon\n|-damage|p2a: Inteleon|146/246\n|-enditem|p2a: Inteleon|Choice Specs|[from] move: Knock Off|[of] p1a: Hypno\n|\n|upkeep\n|turn|2\n|inactive|Time left: 300 sec this turn | 300 sec total\n|\n|t:|1783570792\n|move|p2a: Inteleon|Hydro Pump|p1a: Hypno|[miss]\n|-miss|p2a: Inteleon|p1a: Hypno\n|move|p1a: Hypno|Psychic Noise|p2a: Inteleon\n|-damage|p2a: Inteleon|47/246\n|-start|p2a: Inteleon|move: Heal Block\n|\n|upkeep\n|turn|3\n|inactive|Time left: 300 sec this turn | 300 sec total\n|\n|t:|1783570793\n|move|p2a: Inteleon|Scald|p1a: Hypno\n|-damage|p1a: Hypno|67/100\n|move|p1a: Hypno|Knock Off|p2a: Inteleon\n|-damage|p2a: Inteleon|0 fnt\n|faint|p2a: Inteleon\n|\n|-heal|p1a: Hypno|73/100|[from] item: Leftovers\n|upkeep\n|inactive|Time left: 300 sec this turn | 300 sec total | 5 sec grace\n|\n|t:|1783570794\n|switch|p2a: Ogerpon|Ogerpon-Hearthflame, L74, F|239/239\n|-ability|p2a: Ogerpon|Mold Breaker\n|turn|4\n|inactive|Time left: 300 sec this turn | 300 sec total\n|\n|t:|1783570796\n|move|p2a: Ogerpon|Ivy Cudgel|p1a: Hypno|[anim] Ivy Cudgel Fire\n|-damage|p1a: Hypno|33/100\n|move|p1a: Hypno|Toxic|p2a: Ogerpon\n|-status|p2a: Ogerpon|tox\n|\n|-heal|p1a: Hypno|39/100|[from] item: Leftovers\n|-damage|p2a: Ogerpon|225/239 tox|[from] psn\n|upkeep\n|turn|5\n|inactive|Time left: 300 sec this turn | 300 sec total\n|\n|t:|1783570797\n|move|p2a: Ogerpon|Ivy Cudgel|p1a: Hypno|[anim] Ivy Cudgel Fire\n|-damage|p1a: Hypno|0 fnt\n|faint|p1a: Hypno\n|\n|-damage|p2a: Ogerpon|197/239 tox|[from] psn\n|upkeep\n|\n|t:|1783570798\n|switch|p1a: Glastrier|Glastrier, L86|100/100\n|turn|6\n|inactive|Time left: 300 sec this turn | 300 sec total\n|\n|t:|1783570799\n|move|p2a: Ogerpon|Ivy Cudgel|p1a: Glastrier|[anim] Ivy Cudgel Fire\n|-supereffective|p1a: Glastrier\n|-crit|p1a: Glastrier\n|-damage|p1a: Glastrier|21/100\n|move|p1a: Glastrier|Close Combat|p2a: Ogerpon\n|-damage|p2a: Ogerpon|0 fnt\n|-unboost|p1a: Glastrier|def|1\n|-unboost|p1a: Glastrier|spd|1\n|faint|p2a: Ogerpon\n|-ability|p1a: Glastrier|Chilling Neigh|boost\n|-boost|p1a: Glastrier|atk|1\n|\n|upkeep\n|inactive|Time left: 300 sec this turn | 300 sec total | 5 sec grace\n|\n|t:|1783570800\n|switch|p2a: Whiscash|Whiscash, L88, F|337/337\n|turn|7\n|inactive|Time left: 300 sec this turn | 300 sec total\n|\n|t:|1783570800\n|switch|p1a: Veluza|Veluza, L85, M|100/100\n|move|p2a: Whiscash|Earthquake|p1a: Veluza\n|-damage|p1a: Veluza|65/100\n|\n|upkeep\n|turn|8\n|inactive|Time left: 300 sec this turn | 300 sec total\n|\n|t:|1783570802\n|move|p1a: Veluza|Aqua Cutter|p2a: Whiscash\n|-damage|p2a: Whiscash|144/337\n|move|p2a: Whiscash|Earthquake|p1a: Veluza\n|-damage|p1a: Veluza|26/100\n|\n|-heal|p2a: Whiscash|165/337|[from] item: Leftovers\n|upkeep\n|turn|9\n|inactive|Time left: 300 sec this turn | 300 sec total\n|\n|t:|1783570803\n|switch|p2a: Leafeon|Leafeon, L88, F|258/258\n|move|p1a: Veluza|Aqua Cutter|p2a: Leafeon\n|-resisted|p2a: Leafeon\n|-damage|p2a: Leafeon|198/258\n|\n|upkeep\n|turn|10\n|inactive|Time left: 300 sec this turn | 300 sec total\n|\n|t:|1783570803\n|move|p2a: Leafeon|Swords Dance|p2a: Leafeon\n|-boost|p2a: Leafeon|atk|2\n|move|p1a: Veluza|Aqua Cutter|p2a: Leafeon\n|-resisted|p2a: Leafeon\n|-damage|p2a: Leafeon|129/258\n|\n|upkeep\n|turn|11\n|inactive|Time left: 300 sec this turn | 300 sec total\n|\n|t:|1783570804\n|move|p2a: Leafeon|Synthesis|p2a: Leafeon\n|-heal|p2a: Leafeon|258/258\n|move|p1a: Veluza|Aqua Cutter|p2a: Leafeon\n|-resisted|p2a: Leafeon\n|-damage|p2a: Leafeon|197/258\n|\n|upkeep\n|turn|12\n|inactive|Time left: 300 sec this turn | 300 sec total\n|\n|t:|1783570805\n|switch|p1a: Glastrier|Glastrier, L86|21/100\n|move|p2a: Leafeon|Leaf Blade|p1a: Glastrier\n|-crit|p1a: Glastrier\n|-damage|p1a: Glastrier|0 fnt\n|faint|p1a: Glastrier\n|-damage|p2a: Leafeon|172/258|[from] item: Life Orb\n|\n|upkeep\n|\n|t:|1783570806\n|switch|p1a: Granbull|Granbull, L88, M|100/100\n|-ability|p1a: Granbull|Intimidate|boost\n|-unboost|p2a: Leafeon|atk|1\n|turn|13\n|inactive|Time left: 300 sec this turn | 300 sec total\n|\n|t:|1783570807\n|move|p2a: Leafeon|Leaf Blade|p1a: Granbull\n|-damage|p1a: Granbull|20/100\n|-damage|p2a: Leafeon|147/258|[from] item: Life Orb\n|move|p1a: Granbull|Play Rough|p2a: Leafeon\n|-damage|p2a: Leafeon|51/258\n|\n|-heal|p1a: Granbull|26/100|[from] item: Leftovers\n|upkeep\n|turn|14\n|inactive|Time left: 300 sec this turn | 300 sec total\n|\n|t:|1783570808\n|move|p2a: Leafeon|Leaf Blade|p1a: Granbull\n|-damage|p1a: Granbull|0 fnt\n|faint|p1a: Granbull\n|-damage|p2a: Leafeon|26/258|[from] item: Life Orb\n|\n|upkeep\n|\n|t:|1783570809\n|switch|p1a: Drednaw|Drednaw, L81, M|100/100\n|turn|15\n|inactive|Time left: 300 sec this turn | 300 sec total\n|\n|t:|1783570810\n|-terastallize|p1a: Drednaw|Dark\n|move|p2a: Leafeon|Leaf Blade|p1a: Drednaw\n|-damage|p1a: Drednaw|12/100\n|-damage|p2a: Leafeon|1/258|[from] item: Life Orb\n|move|p1a: Drednaw|Shell Smash|p1a: Drednaw\n|-unboost|p1a: Drednaw|def|1\n|-unboost|p1a: Drednaw|spd|1\n|-boost|p1a: Drednaw|atk|2\n|-boost|p1a: Drednaw|spa|2\n|-boost|p1a: Drednaw|spe|2\n|-enditem|p1a: Drednaw|White Herb\n|-clearnegativeboost|p1a: Drednaw|[silent]\n|\n|upkeep\n|turn|16\n|inactive|Time left: 300 sec this turn | 300 sec total\n|\n|t:|1783570811\n|move|p1a: Drednaw|Crunch|p2a: Leafeon\n|-damage|p2a: Leafeon|0 fnt\n|faint|p2a: Leafeon\n|\n|upkeep\n|inactive|Time left: 300 sec this turn | 300 sec total | 5 sec grace\n|\n|t:|1783570812\n|switch|p2a: Tornadus|Tornadus, L82, M|264/264\n|turn|17\n|inactive|Time left: 300 sec this turn | 300 sec total\n|\n|t:|1783570813\n|-terastallize|p2a: Tornadus|Fighting\n|move|p1a: Drednaw|Crunch|p2a: Tornadus\n|-resisted|p2a: Tornadus\n|-damage|p2a: Tornadus|104/264\n|move|p2a: Tornadus|Grass Knot|p1a: Drednaw\n|-damage|p1a: Drednaw|0 fnt\n|faint|p1a: Drednaw\n|\n|upkeep\n|\n|t:|1783570814\n|switch|p1a: Brambleghast|Brambleghast, L88, F|100/100\n|turn|18\n|inactive|Time left: 300 sec this turn | 300 sec total\n|\n|t:|1783570815\n|switch|p2a: Regice|Regice, L88|284/284\n|move|p1a: Brambleghast|Poltergeist|p2a: Regice\n|-activate|p2a: Regice|move: Poltergeist|Heavy-Duty Boots\n|-damage|p2a: Regice|148/284\n|\n|upkeep\n|turn|19\n|inactive|Time left: 300 sec this turn | 300 sec total\n|\n|t:|1783570816\n|switch|p1a: Veluza|Veluza, L85, M|26/100\n|move|p2a: Regice|Ice Beam|p1a: Veluza\n|-resisted|p1a: Veluza\n|-damage|p1a: Veluza|4/100\n|\n|upkeep\n|turn|20\n|inactive|Time left: 300 sec this turn | 300 sec total\n|\n|t:|1783570817\n|move|p1a: Veluza|Aqua Cutter|p2a: Regice\n|-damage|p2a: Regice|0 fnt\n|faint|p2a: Regice\n|\n|upkeep\n|inactive|Time left: 300 sec this turn | 300 sec total | 5 sec grace\n|\n|t:|1783570818\n|switch|p2a: Tornadus|Tornadus, L82, M, tera:Fighting|104/264\n|turn|21\n|inactive|Time left: 300 sec this turn | 300 sec total\n|\n|t:|1783570819\n|move|p2a: Tornadus|Focus Blast|p1a: Veluza|[miss]\n|-miss|p2a: Tornadus|p1a: Veluza\n|move|p1a: Veluza|Aqua Cutter|p2a: Tornadus\n|-damage|p2a: Tornadus|0 fnt\n|faint|p2a: Tornadus\n|\n|upkeep\n|inactive|Time left: 300 sec this turn | 300 sec total | 5 sec grace\n|\n|t:|1783570820\n|switch|p2a: Whiscash|Whiscash, L88, F|165/337\n|turn|22\n|inactive|Time left: 300 sec this turn | 300 sec total\n|\n|t:|1783570820\n|move|p1a: Veluza|Aqua Cutter|p2a: Whiscash\n|-damage|p2a: Whiscash|0 fnt\n|faint|p2a: Whiscash\n|\n|win|p0x26688a57", "uploadtime": 1783570820, "views": 0, "rating": 0, "private": 0, "password": null, "_winner": "p0x26688a57", "_our_name": "p0y2668c952"}