{"id": "battle-gen9randombattle-1422", "formatid": "gen9randombattle", "format": "[Gen 9] Random Battle", "players": ["p0x1422386c", "p0y142200d5"], "log": "|init|battle\n|title|p0x1422386c vs. p0y142200d5\n|j|\u2606p0x1422386c\n|j|\u2606p0y142200d5\n|t:|1783555611\n|gametype|singles\n|player|p1|p0x1422386c|265|\n|player|p2|p0y142200d5|101|\n|gen|9\n|tier|[Gen 9] Random Battle\n|rule|Species Clause: Limit one of each Pok\u00e9mon\n|rule|HP Percentage Mod: HP is shown in percentages\n|rule|Sleep Clause Mod: Limit one foe put to sleep\n|rule|Illusion Level Mod: Illusion disguises the Pok\u00e9mon's true level\n|\n|t:|1783555611\n|teamsize|p1|6\n|teamsize|p2|6\n|start\n|switch|p1a: Ogerpon|Ogerpon-Cornerstone, L76, F|247/247\n|switch|p2a: Okidogi|Okidogi, L77, M|100/100\n|turn|1\n|inactive|Battle timer is ON: inactive players will automatically lose when time's up. (requested by p0y142200d5)\n|inactive|Time left: 300 sec this turn | 300 sec total | 60 sec grace\n|inactive|p0x1422386c also wants the timer to be on.\n|\n|t:|1783555612\n|move|p1a: Ogerpon|Swords Dance|p1a: Ogerpon\n|-boost|p1a: Ogerpon|atk|2\n|move|p2a: Okidogi|Drain Punch|p1a: Ogerpon\n|-supereffective|p1a: Ogerpon\n|-damage|p1a: Ogerpon|49/247\n|\n|upkeep\n|turn|2\n|inactive|Time left: 300 sec this turn | 300 sec total\n|\n|t:|1783555612\n|move|p1a: Ogerpon|Ivy Cudgel|p2a: Okidogi|[anim] Ivy Cudgel Rock\n|-resisted|p2a: Okidogi\n|-damage|p2a: Okidogi|55/100\n|move|p2a: Okidogi|Drain Punch|p1a: Ogerpon\n|-supereffective|p1a: Ogerpon\n|-damage|p1a: Ogerpon|0 fnt\n|-heal|p2a: Okidogi|65/100|[from] drain|[of] p1a: Ogerpon\n|faint|p1a: Ogerpon\n|\n|-heal|p2a: Okidogi|71/100|[from] item: Leftovers\n|upkeep\n|inactive|Time left: 300 sec this turn | 300 sec total | 5 sec grace\n|\n|t:|1783555613\n|switch|p1a: Entei|Entei, L78|307/307\n|turn|3\n|inactive|Time left: 300 sec this turn | 300 sec total\n|\n|t:|1783555614\n|move|p1a: Entei|Sacred Fire|p2a: Okidogi\n|-damage|p2a: Okidogi|20/100\n|-status|p2a: Okidogi|brn\n|move|p2a: Okidogi|Gunk Shot|p1a: Entei\n|-damage|p1a: Entei|238/307\n|\n|-heal|p2a: Okidogi|26/100 brn|[from] item: Leftovers\n|-damage|p2a: Okidogi|20/100 brn|[from] brn\n|upkeep\n|turn|4\n|inactive|Time left: 300 sec this turn | 300 sec total\n|\n|t:|1783555614\n|switch|p2a: Dondozo|Dondozo, L78, M|100/100\n|move|p1a: Entei|Sacred Fire|p2a: Dondozo|[miss]\n|-miss|p1a: Entei|p2a: Dondozo\n|\n|upkeep\n|turn|5\n|inactive|Time left: 300 sec this turn | 300 sec total\n|\n|t:|1783555615\n|move|p1a: Entei|Sacred Fire|p2a: Dondozo\n|-resisted|p2a: Dondozo\n|-damage|p2a: Dondozo|83/100\n|-status|p2a: Dondozo|brn\n|move|p2a: Dondozo|Wave Crash|p1a: Entei\n|-supereffective|p1a: Entei\n|-damage|p1a: Entei|105/307\n|-damage|p2a: Dondozo|71/100 brn|[from] Recoil\n|\n|-heal|p2a: Dondozo|77/100 brn|[from] item: Leftovers\n|-damage|p2a: Dondozo|71/100 brn|[from] brn\n|upkeep\n|turn|6\n|inactive|Time left: 300 sec this turn | 300 sec total\n|\n|t:|1783555616\n|switch|p1a: Enamorus|Enamorus, L79, F|247/247\n|move|p2a: Dondozo|Wave Crash|p1a: Enamorus\n|-damage|p1a: Enamorus|180/247\n|-damage|p2a: Dondozo|65/100 brn|[from] Recoil\n|\n|-heal|p1a: Enamorus|195/247|[from] item: Leftovers\n|-heal|p2a: Dondozo|71/100 brn|[from] item: Leftovers\n|-damage|p2a: Dondozo|65/100 brn|[from] brn\n|upkeep\n|turn|7\n|inactive|Time left: 300 sec this turn | 300 sec total\n|\n|t:|1783555616\n|move|p1a: Enamorus|Calm Mind|p1a: Enamorus\n|-boost|p1a: Enamorus|spa|1\n|-boost|p1a: Enamorus|spd|1\n|move|p2a: Dondozo|Rest|p2a: Dondozo\n|-status|p2a: Dondozo|slp|[from] move: Rest\n|-heal|p2a: Dondozo|100/100 slp|[silent]\n|\n|-heal|p1a: Enamorus|210/247|[from] item: Leftovers\n|upkeep\n|turn|8\n|inactive|Time left: 300 sec this turn | 300 sec total\n|\n|t:|1783555617\n|move|p1a: Enamorus|Moonblast|p2a: Dondozo\n|-damage|p2a: Dondozo|57/100 slp\n|-unboost|p2a: Dondozo|spa|1\n|cant|p2a: Dondozo|slp\n|move|p2a: Dondozo|Sleep Talk|p2a: Dondozo\n|move|p2a: Dondozo|Wave Crash|p1a: Enamorus|[from] move: Sleep Talk\n|-damage|p1a: Enamorus|78/247\n|-start|p2a: Dondozo|Attract|[from] ability: Cute Charm|[of] p1a: Enamorus\n|-damage|p2a: Dondozo|44/100 slp|[from] Recoil\n|\n|-heal|p1a: Enamorus|93/247|[from] item: Leftovers\n|-heal|p2a: Dondozo|50/100 slp|[from] item: Leftovers\n|upkeep\n|turn|9\n|inactive|Time left: 300 sec this turn | 300 sec total\n|\n|t:|1783555618\n|move|p1a: Enamorus|Moonblast|p2a: Dondozo\n|-damage|p2a: Dondozo|9/100 slp\n|cant|p2a: Dondozo|slp\n|-activate|p2a: Dondozo|move: Attract|[of] p1a: Enamorus\n|cant|p2a: Dondozo|Attract\n|\n|-heal|p1a: Enamorus|108/247|[from] item: Leftovers\n|-heal|p2a: Dondozo|15/100 slp|[from] item: Leftovers\n|upkeep\n|turn|10\n|inactive|Time left: 300 sec this turn | 300 sec total\n|\n|t:|1783555619\n|move|p1a: Enamorus|Moonblast|p2a: Dondozo\n|-damage|p2a: Dondozo|0 fnt\n|faint|p2a: Dondozo\n|\n|-heal|p1a: Enamorus|123/247|[from] item: Leftovers\n|upkeep\n|\n|t:|1783555620\n|switch|p2a: Latias|Latias, L79, F|100/100\n|turn|11\n|inactive|Time left: 300 sec this turn | 300 sec total\n|\n|t:|1783555621\n|move|p2a: Latias|Psyshock|p1a: Enamorus\n|-damage|p1a: Enamorus|0 fnt\n|faint|p1a: Enamorus\n|\n|upkeep\n|inactive|Time left: 300 sec this turn | 300 sec total | 5 sec grace\n|\n|t:|1783555622\n|switch|p1a: Piloswine|Piloswine, L85, F|309/309\n|turn|12\n|inactive|Time left: 300 sec this turn | 300 sec total\n|\n|t:|1783555623\n|switch|p2a: Stantler|Stantler, L92, M|100/100\n|-ability|p2a: Stantler|Intimidate|boost\n|-unboost|p1a: Piloswine|atk|1\n|move|p1a: Piloswine|Icicle Crash|p2a: Stantler\n|-damage|p2a: Stantler|82/100\n|\n|upkeep\n|turn|13\n|inactive|Time left: 300 sec this turn | 300 sec total\n|\n|t:|1783555624\n|switch|p1a: Rotom|Rotom, L88|231/231\n|move|p2a: Stantler|Calm Mind|p2a: Stantler\n|-boost|p2a: Stantler|spa|1\n|-boost|p2a: Stantler|spd|1\n|\n|upkeep\n|turn|14\n|inactive|Time left: 300 sec this turn | 300 sec total\n|\n|t:|1783555625\n|move|p1a: Rotom|Nasty Plot|p1a: Rotom\n|-boost|p1a: Rotom|spa|2\n|move|p2a: Stantler|Shadow Ball|p1a: Rotom\n|-supereffective|p1a: Rotom\n|-damage|p1a: Rotom|55/231\n|\n|upkeep\n|turn|15\n|inactive|Time left: 300 sec this turn | 300 sec total\n|\n|t:|1783555626\n|move|p1a: Rotom|Thunderbolt|p2a: Stantler\n|-damage|p2a: Stantler|35/100\n|-damage|p1a: Rotom|32/231|[from] item: Life Orb\n|move|p2a: Stantler|Shadow Ball|p1a: Rotom\n|-supereffective|p1a: Rotom\n|-damage|p1a: Rotom|0 fnt\n|faint|p1a: Rotom\n|\n|upkeep\n|inactive|Time left: 300 sec this turn | 300 sec total | 5 sec grace\n|\n|t:|1783555627\n|switch|p1a: Piloswine|Piloswine, L85, F|309/309\n|turn|16\n|inactive|Time left: 300 sec this turn | 300 sec total\n|\n|t:|1783555628\n|move|p2a: Stantler|Tera Blast|p1a: Piloswine\n|-damage|p1a: Piloswine|191/309\n|move|p1a: Piloswine|Earthquake|p2a: Stantler\n|-damage|p2a: Stantler|4/100\n|\n|upkeep\n|turn|17\n|inactive|Time left: 300 sec this turn | 300 sec total\n|\n|t:|1783555628\n|move|p1a: Piloswine|Ice Shard|p2a: Stantler\n|-crit|p2a: Stantler\n|-damage|p2a: Stantler|0 fnt\n|faint|p2a: Stantler\n|\n|upkeep\n|\n|t:|1783555629\n|switch|p2a: Dunsparce|Dunsparce, L86, M|100/100\n|turn|18\n|inactive|Time left: 300 sec this turn | 300 sec total\n|\n|t:|1783555630\n|move|p1a: Piloswine|Icicle Crash|p2a: Dunsparce\n|-damage|p2a: Dunsparce|78/100\n|move|p2a: Dunsparce|Body Slam|p1a: Piloswine\n|-damage|p1a: Piloswine|140/309\n|\n|upkeep\n|turn|19\n|inactive|Time left: 300 sec this turn | 300 sec total\n|\n|t:|1783555631\n|move|p1a: Piloswine|Icicle Crash|p2a: Dunsparce\n|-damage|p2a: Dunsparce|54/100\n|cant|p2a: Dunsparce|flinch\n|\n|upkeep\n|turn|20\n|inactive|Time left: 300 sec this turn | 300 sec total\n|\n|t:|1783555632\n|move|p1a: Piloswine|Icicle Crash|p2a: Dunsparce\n|-damage|p2a: Dunsparce|32/100\n|cant|p2a: Dunsparce|flinch\n|\n|upkeep\n|turn|21\n|inactive|Time left: 300 sec this turn | 300 sec total\n|\n|t:|1783555633\n|move|p1a: Piloswine|Icicle Crash|p2a: Dunsparce\n|-damage|p2a: Dunsparce|7/100\n|move|p2a: Dunsparce|Roost|p2a: Dunsparce\n|-heal|p2a: Dunsparce|57/100\n|-singleturn|p2a: Dunsparce|move: Roost\n|\n|upkeep\n|turn|22\n|inactive|Time left: 300 sec this turn | 300 sec total\n|\n|t:|1783555634\n|move|p1a: Piloswine|Icicle Crash|p2a: Dunsparce\n|-damage|p2a: Dunsparce|32/100\n|move|p2a: Dunsparce|Roost|p2a: Dunsparce\n|-heal|p2a: Dunsparce|82/100\n|-singleturn|p2a: Dunsparce|move: Roost\n|\n|upkeep\n|turn|23\n|inactive|Time left: 300 sec this turn | 300 sec total\n|\n|t:|1783555635\n|move|p1a: Piloswine|Icicle Crash|p2a: Dunsparce\n|-damage|p2a: Dunsparce|58/100\n|cant|p2a: Dunsparce|flinch\n|\n|upkeep\n|turn|24\n|inactive|Time left: 300 sec this turn | 300 sec total\n|\n|t:|1783555637\n|move|p1a: Piloswine|Icicle Crash|p2a: Dunsparce\n|-damage|p2a: Dunsparce|34/100\n|move|p2a: Dunsparce|Roost|p2a: Dunsparce\n|-heal|p2a: Dunsparce|84/100\n|-singleturn|p2a: Dunsparce|move: Roost\n|\n|upkeep\n|turn|25\n|inactive|Time left: 300 sec this turn | 300 sec total\n|\n|t:|1783555638\n|move|p1a: Piloswine|Icicle Crash|p2a: Dunsparce|[miss]\n|-miss|p1a: Piloswine|p2a: Dunsparce\n|move|p2a: Dunsparce|Coil|p2a: Dunsparce\n|-boost|p2a: Dunsparce|atk|1\n|-boost|p2a: Dunsparce|def|1\n|-boost|p2a: Dunsparce|accuracy|1\n|\n|upkeep\n|turn|26\n|inactive|Time left: 300 sec this turn | 300 sec total\n|\n|t:|1783555638\n|move|p2a: Dunsparce|Body Slam|p1a: Piloswine\n|-damage|p1a: Piloswine|56/309\n|-status|p1a: Piloswine|par\n|move|p1a: Piloswine|Roar|p2a: Dunsparce\n|drag|p2a: Okidogi|Okidogi, L77, M|20/100 brn\n|\n|-heal|p2a: Okidogi|26/100 brn|[from] item: Leftovers\n|-damage|p2a: Okidogi|20/100 brn|[from] brn\n|upkeep\n|turn|27\n|inactive|Time left: 300 sec this turn | 300 sec total\n|\n|t:|1783555640\n|move|p2a: Okidogi|Drain Punch|p1a: Piloswine\n|-supereffective|p1a: Piloswine\n|-damage|p1a: Piloswine|0 fnt\n|-heal|p2a: Okidogi|31/100 brn|[from] drain|[of] p1a: Piloswine\n|faint|p1a: Piloswine\n|\n|-heal|p2a: Okidogi|37/100 brn|[from] item: Leftovers\n|-damage|p2a: Okidogi|31/100 brn|[from] brn\n|upkeep\n|inactive|Time left: 300 sec this turn | 300 sec total | 5 sec grace\n|\n|t:|1783555641\n|switch|p1a: Entei|Entei, L78|105/307\n|turn|28\n|inactive|Time left: 300 sec this turn | 300 sec total\n|\n|t:|1783555641\n|move|p1a: Entei|Sacred Fire|p2a: Okidogi\n|-damage|p2a: Okidogi|0 fnt\n|faint|p2a: Okidogi\n|\n|upkeep\n|\n|t:|1783555642\n|switch|p2a: Latias|Latias, L79, F|100/100\n|turn|29\n|inactive|Time left: 300 sec this turn | 300 sec total\n|\n|t:|1783555643\n|move|p2a: Latias|Psyshock|p1a: Entei\n|-damage|p1a: Entei|0 fnt\n|faint|p1a: Entei\n|\n|upkeep\n|inactive|Time left: 300 sec this turn | 300 sec total | 5 sec grace\n|\n|t:|1783555644\n|switch|p1a: Shaymin|Shaymin-Sky, L73|266/266\n|turn|30\n|inactive|Time left: 300 sec this turn | 300 sec total\n|\n|t:|1783555645\n|move|p1a: Shaymin|Air Slash|p2a: Latias\n|-damage|p2a: Latias|80/100\n|cant|p2a: Latias|flinch\n|\n|upkeep\n|turn|31\n|inactive|Time left: 300 sec this turn | 300 sec total\n|\n|t:|1783555645\n|move|p1a: Shaymin|Air Slash|p2a: Latias\n|-crit|p2a: Latias\n|-damage|p2a: Latias|49/100\n|cant|p2a: Latias|flinch\n|\n|upkeep\n|turn|32\n|inactive|Time left: 300 sec this turn | 300 sec total\n|\n|t:|1783555646\n|move|p1a: Shaymin|Air Slash|p2a: Latias|[miss]\n|-miss|p1a: Shaymin|p2a: Latias\n|move|p2a: Latias|Draco Meteor|p1a: Shaymin\n|-crit|p1a: Shaymin\n|-damage|p1a: Shaymin|0 fnt\n|-unboost|p2a: Latias|spa|2\n|faint|p1a: Shaymin\n|\n|win|p0y142200d5", "uploadtime": 1783555646, "views": 0, "rating": 0, "private": 0, "password": null, "_winner": "p0y142200d5", "_our_name": "p0x1422386c"}