{"id": "battle-gen9randombattle-60", "formatid": "gen9randombattle", "format": "[Gen 9] Random Battle", "players": ["p0x06056c1", "p0y0606379"], "log": "|init|battle\n|title|p0x06056c1 vs. p0y0606379\n|j|\u2606p0x06056c1\n|j|\u2606p0y0606379\n|t:|1783534470\n|gametype|singles\n|player|p1|p0x06056c1|1|\n|player|p2|p0y0606379|170|\n|gen|9\n|tier|[Gen 9] Random Battle\n|rule|Species Clause: Limit one of each Pok\u00e9mon\n|rule|HP Percentage Mod: HP is shown in percentages\n|rule|Sleep Clause Mod: Limit one foe put to sleep\n|rule|Illusion Level Mod: Illusion disguises the Pok\u00e9mon's true level\n|\n|t:|1783534470\n|teamsize|p1|6\n|teamsize|p2|6\n|start\n|switch|p1a: Vileplume|Vileplume, L85, M|266/266\n|switch|p2a: Kilowattrel|Kilowattrel, L83, F|100/100\n|turn|1\n|inactive|Battle timer is ON: inactive players will automatically lose when time's up. (requested by p0y0606379)\n|inactive|Time left: 300 sec this turn | 300 sec total | 60 sec grace\n|inactive|p0x06056c1 also wants the timer to be on.\n|\n|t:|1783534471\n|move|p2a: Kilowattrel|Hurricane|p1a: Vileplume\n|-supereffective|p1a: Vileplume\n|-damage|p1a: Vileplume|48/266\n|move|p1a: Vileplume|Sludge Bomb|p2a: Kilowattrel\n|-damage|p2a: Kilowattrel|41/100\n|\n|-heal|p1a: Vileplume|64/266|[from] item: Leftovers\n|upkeep\n|turn|2\n|inactive|Time left: 300 sec this turn | 300 sec total\n|\n|t:|1783534472\n|move|p2a: Kilowattrel|Hurricane|p1a: Vileplume\n|-supereffective|p1a: Vileplume\n|-damage|p1a: Vileplume|0 fnt\n|faint|p1a: Vileplume\n|\n|upkeep\n|inactive|Time left: 300 sec this turn | 300 sec total | 5 sec grace\n|\n|t:|1783534473\n|switch|p1a: Ninetales|Ninetales-Alola, L78, F|242/242\n|-weather|Snowscape|[from] ability: Snow Warning|[of] p1a: Ninetales\n|turn|3\n|inactive|Time left: 300 sec this turn | 300 sec total\n|\n|t:|1783534475\n|move|p2a: Kilowattrel|Roost|p2a: Kilowattrel\n|-heal|p2a: Kilowattrel|91/100\n|-singleturn|p2a: Kilowattrel|move: Roost\n|move|p1a: Ninetales|Aurora Veil|p1a: Ninetales\n|-sidestart|p1: p0x06056c1|move: Aurora Veil\n|\n|-weather|Snowscape|[upkeep]\n|upkeep\n|turn|4\n|inactive|Time left: 300 sec this turn | 300 sec total\n|\n|t:|1783534475\n|switch|p2a: Espathra|Espathra, L80, M|100/100\n|move|p1a: Ninetales|Moonblast|p2a: Espathra\n|-damage|p2a: Espathra|63/100\n|-unboost|p2a: Espathra|spa|1\n|\n|-weather|Snowscape|[upkeep]\n|-heal|p2a: Espathra|69/100|[from] item: Leftovers\n|upkeep\n|turn|5\n|inactive|Time left: 300 sec this turn | 300 sec total\n|\n|t:|1783534476\n|switch|p1a: Victreebel|Victreebel, L90, M|290/290\n|move|p2a: Espathra|Calm Mind|p2a: Espathra\n|-boost|p2a: Espathra|spa|1\n|-boost|p2a: Espathra|spd|1\n|\n|-weather|Snowscape|[upkeep]\n|-heal|p2a: Espathra|75/100|[from] item: Leftovers\n|-ability|p2a: Espathra|Speed Boost|boost\n|-boost|p2a: Espathra|spe|1\n|upkeep\n|turn|6\n|inactive|Time left: 300 sec this turn | 300 sec total\n|\n|t:|1783534478\n|move|p2a: Espathra|Protect|p2a: Espathra\n|-singleturn|p2a: Espathra|Protect\n|move|p1a: Victreebel|Knock Off|p2a: Espathra\n|-activate|p2a: Espathra|move: Protect\n|\n|-weather|Snowscape|[upkeep]\n|-heal|p2a: Espathra|81/100|[from] item: Leftovers\n|-ability|p2a: Espathra|Speed Boost|boost\n|-boost|p2a: Espathra|spe|1\n|upkeep\n|turn|7\n|inactive|Time left: 300 sec this turn | 300 sec total\n|\n|t:|1783534479\n|switch|p2a: Stantler|Stantler, L92, M|100/100\n|-ability|p2a: Stantler|Intimidate|boost\n|-unboost|p1a: Victreebel|atk|1\n|move|p1a: Victreebel|Power Whip|p2a: Stantler\n|-damage|p2a: Stantler|66/100\n|-damage|p1a: Victreebel|261/290|[from] item: Life Orb\n|\n|-weather|none\n|upkeep\n|turn|8\n|inactive|Time left: 300 sec this turn | 300 sec total\n|\n|t:|1783534480\n|move|p2a: Stantler|Body Slam|p1a: Victreebel\n|-damage|p1a: Victreebel|204/290\n|move|p1a: Victreebel|Sludge Wave|p2a: Stantler\n|-damage|p2a: Stantler|20/100\n|-damage|p1a: Victreebel|175/290|[from] item: Life Orb\n|\n|upkeep\n|turn|9\n|inactive|Time left: 300 sec this turn | 300 sec total\n|\n|t:|1783534481\n|move|p2a: Stantler|Thunder Wave|p1a: Victreebel\n|-status|p1a: Victreebel|par\n|move|p1a: Victreebel|Sludge Wave|p2a: Stantler\n|-damage|p2a: Stantler|0 fnt\n|faint|p2a: Stantler\n|-damage|p1a: Victreebel|146/290 par|[from] item: Life Orb\n|\n|upkeep\n|\n|t:|1783534482\n|switch|p2a: Espathra|Espathra, L80, M|81/100\n|turn|10\n|inactive|Time left: 300 sec this turn | 300 sec total\n|\n|t:|1783534483\n|switch|p1a: Ninetales|Ninetales-Alola, L78, F|242/242\n|-weather|Snowscape|[from] ability: Snow Warning|[of] p1a: Ninetales\n|move|p2a: Espathra|Calm Mind|p2a: Espathra\n|-boost|p2a: Espathra|spa|1\n|-boost|p2a: Espathra|spd|1\n|\n|-weather|Snowscape|[upkeep]\n|-heal|p2a: Espathra|87/100|[from] item: Leftovers\n|-sideend|p1: p0x06056c1|move: Aurora Veil\n|-ability|p2a: Espathra|Speed Boost|boost\n|-boost|p2a: Espathra|spe|1\n|upkeep\n|turn|11\n|inactive|Time left: 300 sec this turn | 300 sec total\n|\n|t:|1783534483\n|move|p2a: Espathra|Stored Power|p1a: Ninetales\n|-damage|p1a: Ninetales|124/242\n|move|p1a: Ninetales|Aurora Veil|p1a: Ninetales\n|-sidestart|p1: p0x06056c1|move: Aurora Veil\n|\n|-weather|Snowscape|[upkeep]\n|-heal|p2a: Espathra|93/100|[from] item: Leftovers\n|-ability|p2a: Espathra|Speed Boost|boost\n|-boost|p2a: Espathra|spe|1\n|upkeep\n|turn|12\n|inactive|Time left: 300 sec this turn | 300 sec total\n|\n|t:|1783534484\n|switch|p1a: Victreebel|Victreebel, L90, M|146/290 par\n|move|p2a: Espathra|Calm Mind|p2a: Espathra\n|-boost|p2a: Espathra|spa|1\n|-boost|p2a: Espathra|spd|1\n|\n|-weather|Snowscape|[upkeep]\n|-heal|p2a: Espathra|99/100|[from] item: Leftovers\n|-ability|p2a: Espathra|Speed Boost|boost\n|-boost|p2a: Espathra|spe|1\n|upkeep\n|turn|13\n|inactive|Time left: 300 sec this turn | 300 sec total\n|\n|t:|1783534485\n|move|p2a: Espathra|Stored Power|p1a: Victreebel\n|-supereffective|p1a: Victreebel\n|-damage|p1a: Victreebel|0 fnt\n|faint|p1a: Victreebel\n|\n|-weather|Snowscape|[upkeep]\n|-heal|p2a: Espathra|100/100|[from] item: Leftovers\n|-ability|p2a: Espathra|Speed Boost|boost\n|-boost|p2a: Espathra|spe|1\n|upkeep\n|inactive|Time left: 300 sec this turn | 300 sec total | 5 sec grace\n|\n|t:|1783534486\n|switch|p1a: Zapdos|Zapdos, L78|268/268\n|turn|14\n|inactive|Time left: 300 sec this turn | 300 sec total\n|\n|t:|1783534487\n|move|p2a: Espathra|Stored Power|p1a: Zapdos\n|-damage|p1a: Zapdos|79/268\n|move|p1a: Zapdos|Thunderbolt|p2a: Espathra\n|-damage|p2a: Espathra|74/100\n|-status|p2a: Espathra|par\n|\n|-weather|none\n|-heal|p2a: Espathra|80/100 par|[from] item: Leftovers\n|-ability|p2a: Espathra|Speed Boost|boost\n|-boost|p2a: Espathra|spe|1\n|upkeep\n|turn|15\n|inactive|Time left: 300 sec this turn | 300 sec total\n|\n|t:|1783534488\n|move|p2a: Espathra|Stored Power|p1a: Zapdos\n|-damage|p1a: Zapdos|0 fnt\n|faint|p1a: Zapdos\n|\n|-heal|p2a: Espathra|86/100 par|[from] item: Leftovers\n|-ability|p2a: Espathra|Speed Boost|boost\n|-boost|p2a: Espathra|spe|1\n|upkeep\n|inactive|Time left: 300 sec this turn | 300 sec total | 5 sec grace\n|\n|t:|1783534489\n|switch|p1a: Annihilape|Annihilape, L76, M|292/292\n|turn|16\n|inactive|Time left: 300 sec this turn | 300 sec total\n|\n|t:|1783534490\n|-terastallize|p1a: Annihilape|Ghost\n|move|p2a: Espathra|Stored Power|p1a: Annihilape\n|-damage|p1a: Annihilape|70/292\n|move|p1a: Annihilape|Rage Fist|p2a: Espathra\n|-supereffective|p2a: Espathra\n|-damage|p2a: Espathra|0 fnt\n|faint|p2a: Espathra\n|\n|upkeep\n|\n|t:|1783534491\n|switch|p2a: Persian|Persian-Alola, L86, M|100/100\n|turn|17\n|inactive|Time left: 300 sec this turn | 300 sec total\n|\n|t:|1783534492\n|move|p2a: Persian|Nasty Plot|p2a: Persian\n|-boost|p2a: Persian|spa|2\n|move|p1a: Annihilape|Rest|p1a: Annihilape\n|-status|p1a: Annihilape|slp|[from] move: Rest\n|-heal|p1a: Annihilape|292/292 slp|[silent]\n|-enditem|p1a: Annihilape|Chesto Berry|[eat]\n|-curestatus|p1a: Annihilape|slp|[msg]\n|\n|upkeep\n|turn|18\n|inactive|Time left: 300 sec this turn | 300 sec total\n|\n|t:|1783534493\n|move|p2a: Persian|Nasty Plot|p2a: Persian\n|-boost|p2a: Persian|spa|2\n|move|p1a: Annihilape|Drain Punch|p2a: Persian\n|-supereffective|p2a: Persian\n|-damage|p2a: Persian|62/100\n|\n|-sideend|p1: p0x06056c1|move: Aurora Veil\n|upkeep\n|turn|19\n|inactive|Time left: 300 sec this turn | 300 sec total\n|\n|t:|1783534494\n|switch|p1a: Comfey|Comfey, L85, F|225/225\n|move|p2a: Persian|Dark Pulse|p1a: Comfey\n|-resisted|p1a: Comfey\n|-damage|p1a: Comfey|103/225\n|-damage|p2a: Persian|52/100|[from] item: Life Orb\n|\n|-heal|p1a: Comfey|117/225|[from] item: Leftovers\n|upkeep\n|turn|20\n|inactive|Time left: 300 sec this turn | 300 sec total\n|\n|t:|1783534495\n|-terastallize|p2a: Persian|Poison\n|move|p1a: Comfey|Draining Kiss|p2a: Persian\n|-resisted|p2a: Persian\n|-damage|p2a: Persian|39/100\n|-heal|p1a: Comfey|140/225|[from] drain|[of] p2a: Persian\n|move|p2a: Persian|Thunderbolt|p1a: Comfey\n|-damage|p1a: Comfey|0 fnt\n|faint|p1a: Comfey\n|-damage|p2a: Persian|29/100|[from] item: Life Orb\n|\n|upkeep\n|inactive|Time left: 300 sec this turn | 300 sec total | 5 sec grace\n|\n|t:|1783534496\n|switch|p1a: Ninetales|Ninetales-Alola, L78, F|124/242\n|-weather|Snowscape|[from] ability: Snow Warning|[of] p1a: Ninetales\n|turn|21\n|inactive|Time left: 300 sec this turn | 300 sec total\n|\n|t:|1783534497\n|move|p2a: Persian|Dark Pulse|p1a: Ninetales\n|-resisted|p1a: Ninetales\n|-damage|p1a: Ninetales|0 fnt\n|faint|p1a: Ninetales\n|-damage|p2a: Persian|20/100|[from] item: Life Orb\n|\n|-weather|Snowscape|[upkeep]\n|upkeep\n|inactive|Time left: 300 sec this turn | 300 sec total | 5 sec grace\n|\n|t:|1783534498\n|switch|p1a: Annihilape|Annihilape, L76, M, tera:Ghost|292/292\n|turn|22\n|inactive|Time left: 300 sec this turn | 300 sec total\n|\n|t:|1783534499\n|move|p2a: Persian|Dark Pulse|p1a: Annihilape\n|-supereffective|p1a: Annihilape\n|-damage|p1a: Annihilape|0 fnt\n|faint|p1a: Annihilape\n|-damage|p2a: Persian|10/100|[from] item: Life Orb\n|\n|win|p0y0606379", "uploadtime": 1783534499, "views": 0, "rating": 0, "private": 0, "password": null, "_winner": "p0y0606379", "_our_name": "p0x06056c1"}