{"id": "battle-gen9randombattle-2760", "formatid": "gen9randombattle", "format": "[Gen 9] Random Battle", "players": ["p0x2760605e", "p0y2760c265"], "log": "|init|battle\n|title|p0x2760605e vs. p0y2760c265\n|j|\u2606p0x2760605e\n|j|\u2606p0y2760c265\n|t:|1783571807\n|gametype|singles\n|player|p1|p0x2760605e|265|\n|player|p2|p0y2760c265|102|\n|gen|9\n|tier|[Gen 9] Random Battle\n|rule|Species Clause: Limit one of each Pok\u00e9mon\n|rule|HP Percentage Mod: HP is shown in percentages\n|rule|Sleep Clause Mod: Limit one foe put to sleep\n|rule|Illusion Level Mod: Illusion disguises the Pok\u00e9mon's true level\n|\n|t:|1783571807\n|teamsize|p1|6\n|teamsize|p2|6\n|start\n|switch|p1a: Mudsdale|Mudsdale, L83, F|302/302\n|switch|p2a: Hitmontop|Hitmontop, L88, M|100/100\n|turn|1\n|inactive|Battle timer is ON: inactive players will automatically lose when time's up. (requested by p0x2760605e)\n|inactive|p0y2760c265 also wants the timer to be on.\n|\n|t:|1783571809\n|move|p2a: Hitmontop|Bulk Up|p2a: Hitmontop\n|-boost|p2a: Hitmontop|atk|1\n|-boost|p2a: Hitmontop|def|1\n|move|p1a: Mudsdale|Earthquake|p2a: Hitmontop\n|-damage|p2a: Hitmontop|66/100\n|\n|-heal|p2a: Hitmontop|72/100|[from] item: Leftovers\n|upkeep\n|turn|2\n|inactive|Time left: 300 sec this turn | 300 sec total\n|\n|t:|1783571810\n|switch|p1a: Mimikyu|Mimikyu, L79, F|216/216\n|move|p2a: Hitmontop|Triple Axel|p1a: Mimikyu\n|-activate|p1a: Mimikyu|ability: Disguise\n|-damage|p1a: Mimikyu|216/216\n|detailschange|p1a: Mimikyu|Mimikyu-Busted, L79, F\n|-damage|p1a: Mimikyu|189/216|[from] pokemon: Mimikyu-Busted\n|-damage|p1a: Mimikyu|105/216\n|-damage|p1a: Mimikyu|0 fnt\n|faint|p1a: Mimikyu\n|-hitcount|p1: Mimikyu|3\n|\n|-heal|p2a: Hitmontop|78/100|[from] item: Leftovers\n|upkeep\n|inactive|Time left: 300 sec this turn | 300 sec total | 5 sec grace\n|\n|t:|1783571811\n|switch|p1a: Flutter Mane|Flutter Mane, L74|203/203\n|turn|3\n|inactive|Time left: 300 sec this turn | 300 sec total\n|\n|t:|1783571812\n|-terastallize|p2a: Hitmontop|Ice\n|move|p1a: Flutter Mane|Moonblast|p2a: Hitmontop\n|-damage|p2a: Hitmontop|23/100\n|move|p2a: Hitmontop|Triple Axel|p1a: Flutter Mane\n|-damage|p1a: Flutter Mane|113/203\n|-damage|p1a: Flutter Mane|0 fnt\n|faint|p1a: Flutter Mane\n|-end|p1a: Flutter Mane|Protosynthesis|[silent]\n|-hitcount|p1: Flutter Mane|2\n|\n|-heal|p2a: Hitmontop|29/100|[from] item: Leftovers\n|upkeep\n|inactive|Time left: 300 sec this turn | 300 sec total | 5 sec grace\n|\n|t:|1783571813\n|switch|p1a: Koraidon|Koraidon, L64|235/235\n|-weather|SunnyDay|[from] ability: Orichalcum Pulse|[of] p1a: Koraidon\n|-activate|p1a: Koraidon|Orichalcum Pulse|[source]\n|turn|4\n|inactive|Time left: 300 sec this turn | 300 sec total\n|\n|t:|1783571814\n|switch|p2a: Slaking|Slaking, L84, M|100/100\n|move|p1a: Koraidon|Outrage|p2a: Slaking\n|-damage|p2a: Slaking|58/100\n|\n|-weather|SunnyDay|[upkeep]\n|upkeep\n|turn|5\n|inactive|Time left: 300 sec this turn | 300 sec total\n|\n|t:|1783571815\n|move|p2a: Slaking|Giga Impact|p1a: Koraidon\n|-damage|p1a: Koraidon|6/235\n|-mustrecharge|p2a: Slaking\n|move|p1a: Koraidon|Outrage|p2a: Slaking|[from] lockedmove\n|-damage|p2a: Slaking|15/100\n|-start|p1a: Koraidon|confusion|[fatigue]\n|\n|-weather|SunnyDay|[upkeep]\n|upkeep\n|turn|6\n|inactive|Time left: 300 sec this turn | 300 sec total\n|\n|t:|1783571816\n|cant|p2a: Slaking|recharge\n|-activate|p1a: Koraidon|confusion\n|move|p1a: Koraidon|Outrage|p2a: Slaking\n|-damage|p2a: Slaking|0 fnt\n|faint|p2a: Slaking\n|\n|-weather|SunnyDay|[upkeep]\n|upkeep\n|\n|t:|1783571817\n|switch|p2a: Cryogonal|Cryogonal, L89|100/100\n|turn|7\n|inactive|Time left: 300 sec this turn | 300 sec total\n|\n|t:|1783571818\n|move|p2a: Cryogonal|Flash Cannon|p1a: Koraidon\n|-damage|p1a: Koraidon|0 fnt\n|faint|p1a: Koraidon\n|\n|-weather|SunnyDay|[upkeep]\n|upkeep\n|inactive|Time left: 300 sec this turn | 300 sec total | 5 sec grace\n|\n|t:|1783571819\n|switch|p1a: Mudsdale|Mudsdale, L83, F|302/302\n|turn|8\n|inactive|Time left: 300 sec this turn | 300 sec total\n|\n|t:|1783571820\n|switch|p2a: Swampert|Swampert, L83, F|100/100\n|move|p1a: Mudsdale|Heavy Slam|p2a: Swampert\n|-resisted|p2a: Swampert\n|-damage|p2a: Swampert|84/100\n|\n|-weather|none\n|-heal|p2a: Swampert|90/100|[from] item: Leftovers\n|upkeep\n|turn|9\n|inactive|Time left: 300 sec this turn | 300 sec total\n|\n|t:|1783571821\n|move|p2a: Swampert|Yawn|p1a: Mudsdale\n|-start|p1a: Mudsdale|move: Yawn|[of] p2a: Swampert\n|move|p1a: Mudsdale|Earthquake|p2a: Swampert\n|-damage|p2a: Swampert|49/100\n|\n|-heal|p2a: Swampert|55/100|[from] item: Leftovers\n|upkeep\n|turn|10\n|inactive|Time left: 300 sec this turn | 300 sec total\n|\n|t:|1783571822\n|move|p2a: Swampert|Earthquake|p1a: Mudsdale\n|-damage|p1a: Mudsdale|187/302\n|-ability|p1a: Mudsdale|Stamina|boost\n|-boost|p1a: Mudsdale|def|1\n|move|p1a: Mudsdale|Earthquake|p2a: Swampert\n|-damage|p2a: Swampert|14/100\n|\n|-heal|p2a: Swampert|20/100|[from] item: Leftovers\n|-heal|p1a: Mudsdale|205/302|[from] item: Leftovers\n|-end|p1a: Mudsdale|move: Yawn|[silent]\n|-status|p1a: Mudsdale|slp\n|upkeep\n|turn|11\n|inactive|Time left: 300 sec this turn | 300 sec total\n|\n|t:|1783571823\n|move|p2a: Swampert|Flip Turn|p1a: Mudsdale\n|-supereffective|p1a: Mudsdale\n|-damage|p1a: Mudsdale|79/302 slp\n|-ability|p1a: Mudsdale|Stamina|boost\n|-boost|p1a: Mudsdale|def|1\n|\n|t:|1783571824\n|switch|p2a: Braviary|Braviary-Hisui, L85, M|100/100|[from] Flip Turn\n|cant|p1a: Mudsdale|slp\n|\n|-heal|p1a: Mudsdale|97/302 slp|[from] item: Leftovers\n|upkeep\n|turn|12\n|inactive|Time left: 300 sec this turn | 300 sec total\n|\n|t:|1783571825\n|switch|p1a: Blissey|Blissey, L85, F|572/572\n|move|p2a: Braviary|Esper Wing|p1a: Blissey\n|-damage|p1a: Blissey|476/572\n|-boost|p2a: Braviary|spe|1\n|\n|-heal|p1a: Blissey|511/572|[from] item: Leftovers\n|upkeep\n|turn|13\n|inactive|Time left: 300 sec this turn | 300 sec total\n|\n|t:|1783571826\n|switch|p2a: Entei|Entei, L78|100/100\n|move|p1a: Blissey|Seismic Toss|p2a: Entei\n|-damage|p2a: Entei|73/100\n|\n|-heal|p1a: Blissey|546/572|[from] item: Leftovers\n|upkeep\n|turn|14\n|inactive|Time left: 300 sec this turn | 300 sec total\n|\n|t:|1783571827\n|move|p2a: Entei|Sacred Fire|p1a: Blissey\n|-damage|p1a: Blissey|105/572\n|move|p1a: Blissey|Seismic Toss|p2a: Entei\n|-damage|p2a: Entei|45/100\n|\n|-heal|p1a: Blissey|140/572|[from] item: Leftovers\n|upkeep\n|turn|15\n|inactive|Time left: 300 sec this turn | 300 sec total\n|\n|t:|1783571828\n|switch|p1a: Mudsdale|Mudsdale, L83, F|97/302 slp\n|move|p2a: Entei|Sacred Fire|p1a: Mudsdale\n|-damage|p1a: Mudsdale|0 fnt\n|faint|p1a: Mudsdale\n|\n|upkeep\n|inactive|Time left: 300 sec this turn | 300 sec total | 5 sec grace\n|\n|t:|1783571829\n|switch|p1a: Farigiraf|Farigiraf, L90, M|362/362\n|turn|16\n|inactive|Time left: 300 sec this turn | 300 sec total\n|\n|t:|1783571830\n|move|p2a: Entei|Sacred Fire|p1a: Farigiraf\n|-damage|p1a: Farigiraf|196/362\n|-status|p1a: Farigiraf|brn\n|move|p1a: Farigiraf|Body Slam|p2a: Entei\n|-damage|p2a: Entei|28/100\n|-status|p2a: Entei|par\n|\n|-heal|p1a: Farigiraf|218/362 brn|[from] item: Leftovers\n|-damage|p1a: Farigiraf|196/362 brn|[from] brn\n|upkeep\n|turn|17\n|inactive|Time left: 300 sec this turn | 300 sec total\n|\n|t:|1783571831\n|switch|p2a: Braviary|Braviary-Hisui, L85, M|100/100\n|move|p1a: Farigiraf|Psychic Noise|p2a: Braviary\n|-resisted|p2a: Braviary\n|-crit|p2a: Braviary\n|-damage|p2a: Braviary|72/100\n|-start|p2a: Braviary|move: Heal Block\n|\n|-heal|p1a: Farigiraf|218/362 brn|[from] item: Leftovers\n|-damage|p1a: Farigiraf|196/362 brn|[from] brn\n|upkeep\n|turn|18\n|inactive|Time left: 300 sec this turn | 300 sec total\n|\n|t:|1783571832\n|move|p1a: Farigiraf|Protect|p1a: Farigiraf\n|-singleturn|p1a: Farigiraf|Protect\n|move|p2a: Braviary|Hurricane|p1a: Farigiraf\n|-activate|p1a: Farigiraf|move: Protect\n|\n|-heal|p1a: Farigiraf|218/362 brn|[from] item: Leftovers\n|-damage|p1a: Farigiraf|196/362 brn|[from] brn\n|-end|p2a: Braviary|move: Heal Block\n|upkeep\n|turn|19\n|inactive|Time left: 300 sec this turn | 300 sec total\n|\n|t:|1783571833\n|move|p1a: Farigiraf|Wish|p1a: Farigiraf\n|move|p2a: Braviary|Hurricane|p1a: Farigiraf\n|-damage|p1a: Farigiraf|0 fnt\n|faint|p1a: Farigiraf\n|\n|upkeep\n|inactive|Time left: 300 sec this turn | 300 sec total | 5 sec grace\n|\n|t:|1783571834\n|switch|p1a: Blissey|Blissey, L85, F|140/572\n|turn|20\n|inactive|Time left: 300 sec this turn | 300 sec total\n|\n|t:|1783571835\n|move|p2a: Braviary|Hurricane|p1a: Blissey\n|-damage|p1a: Blissey|8/572\n|move|p1a: Blissey|Seismic Toss|p2a: Braviary\n|-damage|p2a: Braviary|46/100\n|\n|-heal|p1a: Blissey|189/572|[from] move: Wish|[wisher] Farigiraf\n|-heal|p1a: Blissey|224/572|[from] item: Leftovers\n|upkeep\n|turn|21\n|inactive|Time left: 300 sec this turn | 300 sec total\n|\n|t:|1783571836\n|switch|p2a: Hitmontop|Hitmontop, L88, M, tera:Ice|29/100\n|move|p1a: Blissey|Thunder Wave|p2a: Hitmontop\n|-status|p2a: Hitmontop|par\n|\n|-heal|p1a: Blissey|259/572|[from] item: Leftovers\n|-heal|p2a: Hitmontop|35/100 par|[from] item: Leftovers\n|upkeep\n|turn|22\n|inactive|Time left: 300 sec this turn | 300 sec total\n|\n|t:|1783571837\n|move|p1a: Blissey|Seismic Toss|p2a: Hitmontop\n|-damage|p2a: Hitmontop|0 fnt\n|faint|p2a: Hitmontop\n|\n|-heal|p1a: Blissey|294/572|[from] item: Leftovers\n|upkeep\n|\n|t:|1783571838\n|switch|p2a: Swampert|Swampert, L83, F|20/100\n|turn|23\n|inactive|Time left: 300 sec this turn | 300 sec total\n|\n|t:|1783571839\n|-terastallize|p1a: Blissey|Fairy\n|move|p2a: Swampert|Earthquake|p1a: Blissey\n|-damage|p1a: Blissey|0 fnt\n|faint|p1a: Blissey\n|\n|win|p0y2760c265", "uploadtime": 1783571839, "views": 0, "rating": 0, "private": 0, "password": null, "_winner": "p0y2760c265", "_our_name": "p0x2760605e"}