{"id": "battle-gen9randombattle-2838", "formatid": "gen9randombattle", "format": "[Gen 9] Random Battle", "players": ["p0x2838e40a", "p0y2838a26e"], "log": "|init|battle\n|title|p0x2838e40a vs. p0y2838a26e\n|j|\u2606p0x2838e40a\n|j|\u2606p0y2838a26e\n|t:|1783572695\n|gametype|singles\n|player|p1|p0x2838e40a|169|\n|player|p2|p0y2838a26e|266|\n|gen|9\n|tier|[Gen 9] Random Battle\n|rule|Species Clause: Limit one of each Pok\u00e9mon\n|rule|HP Percentage Mod: HP is shown in percentages\n|rule|Sleep Clause Mod: Limit one foe put to sleep\n|rule|Illusion Level Mod: Illusion disguises the Pok\u00e9mon's true level\n|\n|t:|1783572695\n|teamsize|p1|6\n|teamsize|p2|6\n|start\n|switch|p1a: Appletun|Appletun, L92, M|100/100\n|switch|p2a: Lurantis|Lurantis, L87, M|264/264\n|turn|1\n|inactive|Battle timer is ON: inactive players will automatically lose when time's up. (requested by p0x2838e40a)\n|inactive|Time left: 300 sec this turn | 300 sec total | 60 sec grace\n|inactive|p0y2838a26e also wants the timer to be on.\n|\n|t:|1783572696\n|move|p2a: Lurantis|Superpower|p1a: Appletun\n|-damage|p1a: Appletun|73/100\n|-boost|p2a: Lurantis|atk|1\n|-boost|p2a: Lurantis|def|1\n|move|p1a: Appletun|Dragon Tail|p2a: Lurantis\n|-damage|p2a: Lurantis|219/264\n|drag|p2a: Iron Thorns|Iron Thorns, L83|302/302\n|-enditem|p2a: Iron Thorns|Booster Energy\n|-activate|p2a: Iron Thorns|ability: Quark Drive|[fromitem]\n|-start|p2a: Iron Thorns|quarkdriveatk\n|\n|-heal|p1a: Appletun|79/100|[from] item: Leftovers\n|upkeep\n|turn|2\n|inactive|Time left: 300 sec this turn | 300 sec total\n|\n|t:|1783572697\n|move|p2a: Iron Thorns|Ice Punch|p1a: Appletun\n|-supereffective|p1a: Appletun\n|-damage|p1a: Appletun|33/100\n|-status|p1a: Appletun|frz\n|cant|p1a: Appletun|frz\n|\n|-heal|p1a: Appletun|39/100 frz|[from] item: Leftovers\n|upkeep\n|turn|3\n|inactive|Time left: 300 sec this turn | 300 sec total\n|\n|t:|1783572699\n|switch|p1a: Sudowoodo|Sudowoodo, L94, F|100/100\n|move|p2a: Iron Thorns|Ice Punch|p1a: Sudowoodo\n|-damage|p1a: Sudowoodo|77/100\n|\n|upkeep\n|turn|4\n|inactive|Time left: 300 sec this turn | 300 sec total\n|\n|t:|1783572700\n|-end|p2a: Iron Thorns|Quark Drive|[silent]\n|switch|p2a: Lurantis|Lurantis, L87, M|219/264\n|move|p1a: Sudowoodo|Head Smash|p2a: Lurantis\n|-damage|p2a: Lurantis|0 fnt\n|faint|p2a: Lurantis\n|\n|upkeep\n|inactive|Time left: 300 sec this turn | 300 sec total | 5 sec grace\n|\n|t:|1783572701\n|switch|p2a: Whiscash|Whiscash, L88, F|337/337\n|turn|5\n|inactive|Time left: 300 sec this turn | 300 sec total\n|\n|t:|1783572702\n|move|p2a: Whiscash|Dragon Dance|p2a: Whiscash\n|-boost|p2a: Whiscash|atk|1\n|-boost|p2a: Whiscash|spe|1\n|move|p1a: Sudowoodo|Head Smash|p2a: Whiscash\n|-resisted|p2a: Whiscash\n|-damage|p2a: Whiscash|163/337\n|\n|upkeep\n|turn|6\n|inactive|Time left: 300 sec this turn | 300 sec total\n|\n|t:|1783572703\n|switch|p1a: Glastrier|Glastrier, L86, shiny|100/100\n|move|p2a: Whiscash|Earthquake|p1a: Glastrier\n|-damage|p1a: Glastrier|58/100\n|-damage|p2a: Whiscash|130/337|[from] item: Life Orb\n|\n|upkeep\n|turn|7\n|inactive|Time left: 300 sec this turn | 300 sec total\n|\n|t:|1783572704\n|-terastallize|p2a: Whiscash|Ground\n|move|p2a: Whiscash|Earthquake|p1a: Glastrier\n|-damage|p1a: Glastrier|2/100\n|-damage|p2a: Whiscash|97/337|[from] item: Life Orb\n|move|p1a: Glastrier|Close Combat|p2a: Whiscash\n|-damage|p2a: Whiscash|0 fnt\n|-unboost|p1a: Glastrier|def|1\n|-unboost|p1a: Glastrier|spd|1\n|faint|p2a: Whiscash\n|-ability|p1a: Glastrier|Chilling Neigh|boost\n|-boost|p1a: Glastrier|atk|1\n|\n|upkeep\n|inactive|Time left: 300 sec this turn | 300 sec total | 5 sec grace\n|\n|t:|1783572705\n|switch|p2a: Iron Thorns|Iron Thorns, L83|302/302\n|turn|8\n|inactive|Time left: 300 sec this turn | 300 sec total\n|\n|t:|1783572706\n|switch|p1a: Sudowoodo|Sudowoodo, L94, F|77/100\n|move|p2a: Iron Thorns|Stone Edge|p1a: Sudowoodo|[miss]\n|-miss|p2a: Iron Thorns|p1a: Sudowoodo\n|\n|upkeep\n|turn|9\n|inactive|Time left: 300 sec this turn | 300 sec total\n|\n|t:|1783572707\n|-end|p2a: Iron Thorns|Quark Drive|[silent]\n|switch|p2a: Talonflame|Talonflame, L83, F|265/265\n|move|p1a: Sudowoodo|Earthquake|p2a: Talonflame\n|-immune|p2a: Talonflame\n|\n|upkeep\n|turn|10\n|inactive|Time left: 300 sec this turn | 300 sec total\n|\n|t:|1783572708\n|switch|p1a: Diancie|Diancie, L82|100/100\n|move|p2a: Talonflame|Brave Bird|p1a: Diancie\n|-resisted|p1a: Diancie\n|-damage|p1a: Diancie|82/100\n|-damage|p2a: Talonflame|252/265|[from] Recoil\n|\n|-heal|p1a: Diancie|88/100|[from] item: Leftovers\n|upkeep\n|turn|11\n|inactive|Time left: 300 sec this turn | 300 sec total\n|\n|t:|1783572709\n|switch|p2a: Persian|Persian-Alola, L86, F|252/252\n|move|p1a: Diancie|Diamond Storm|p2a: Persian\n|-damage|p2a: Persian|182/252\n|-boost|p1a: Diancie|def|2\n|\n|-heal|p1a: Diancie|94/100|[from] item: Leftovers\n|upkeep\n|turn|12\n|inactive|Time left: 300 sec this turn | 300 sec total\n|\n|t:|1783572710\n|move|p2a: Persian|Nasty Plot|p2a: Persian\n|-boost|p2a: Persian|spa|2\n|move|p1a: Diancie|Body Press|p2a: Persian\n|-supereffective|p2a: Persian\n|-damage|p2a: Persian|0 fnt\n|faint|p2a: Persian\n|\n|-heal|p1a: Diancie|100/100|[from] item: Leftovers\n|upkeep\n|inactive|Time left: 300 sec this turn | 300 sec total | 5 sec grace\n|\n|t:|1783572711\n|switch|p2a: Regieleki|Regieleki, L79|256/256\n|turn|13\n|inactive|Time left: 300 sec this turn | 300 sec total\n|\n|t:|1783572712\n|move|p2a: Regieleki|Volt Switch|p1a: Diancie\n|-damage|p1a: Diancie|68/100\n|inactive|Time left: 300 sec this turn | 300 sec total | 5 sec grace\n|\n|t:|1783572712\n|switch|p2a: Iron Thorns|Iron Thorns, L83|302/302|[from] Volt Switch\n|move|p1a: Diancie|Body Press|p2a: Iron Thorns\n|-supereffective|p2a: Iron Thorns\n|-damage|p2a: Iron Thorns|36/302\n|\n|-heal|p1a: Diancie|74/100|[from] item: Leftovers\n|upkeep\n|turn|14\n|inactive|Time left: 300 sec this turn | 300 sec total\n|\n|t:|1783572714\n|move|p2a: Iron Thorns|Ice Punch|p1a: Diancie\n|-damage|p1a: Diancie|63/100\n|move|p1a: Diancie|Diamond Storm|p2a: Iron Thorns\n|-damage|p2a: Iron Thorns|0 fnt\n|-boost|p1a: Diancie|def|2\n|faint|p2a: Iron Thorns\n|-end|p2a: Iron Thorns|Quark Drive|[silent]\n|\n|-heal|p1a: Diancie|69/100|[from] item: Leftovers\n|upkeep\n|inactive|Time left: 300 sec this turn | 300 sec total | 5 sec grace\n|\n|t:|1783572715\n|switch|p2a: Regieleki|Regieleki, L79|256/256\n|turn|15\n|inactive|Time left: 300 sec this turn | 300 sec total\n|\n|t:|1783572715\n|move|p2a: Regieleki|Volt Switch|p1a: Diancie\n|-damage|p1a: Diancie|37/100\n|inactive|Time left: 300 sec this turn | 300 sec total | 5 sec grace\n|\n|t:|1783572716\n|switch|p2a: Talonflame|Talonflame, L83, F|252/265|[from] Volt Switch\n|move|p1a: Diancie|Body Press|p2a: Talonflame\n|-resisted|p2a: Talonflame\n|-damage|p2a: Talonflame|110/265\n|\n|-heal|p1a: Diancie|43/100|[from] item: Leftovers\n|upkeep\n|turn|16\n|inactive|Time left: 300 sec this turn | 300 sec total\n|\n|t:|1783572717\n|move|p2a: Talonflame|Overheat|p1a: Diancie\n|-resisted|p1a: Diancie\n|-damage|p1a: Diancie|25/100\n|-unboost|p2a: Talonflame|spa|2\n|move|p1a: Diancie|Diamond Storm|p2a: Talonflame\n|-supereffective|p2a: Talonflame\n|-damage|p2a: Talonflame|0 fnt\n|faint|p2a: Talonflame\n|\n|-heal|p1a: Diancie|32/100|[from] item: Leftovers\n|upkeep\n|inactive|Time left: 300 sec this turn | 300 sec total | 5 sec grace\n|\n|t:|1783572718\n|switch|p2a: Regieleki|Regieleki, L79|256/256\n|turn|17\n|inactive|Time left: 300 sec this turn | 300 sec total\n|\n|t:|1783572719\n|move|p2a: Regieleki|Volt Switch|p1a: Diancie\n|-damage|p1a: Diancie|0 fnt\n|faint|p1a: Diancie\n|\n|upkeep\n|\n|t:|1783572720\n|switch|p1a: Sudowoodo|Sudowoodo, L94, F|77/100\n|turn|18\n|inactive|Time left: 300 sec this turn | 300 sec total\n|\n|t:|1783572721\n|-terastallize|p1a: Sudowoodo|Rock\n|move|p2a: Regieleki|Thunderbolt|p1a: Sudowoodo\n|-damage|p1a: Sudowoodo|22/100\n|move|p1a: Sudowoodo|Earthquake|p2a: Regieleki\n|-supereffective|p2a: Regieleki\n|-damage|p2a: Regieleki|0 fnt\n|faint|p2a: Regieleki\n|\n|win|p0x2838e40a", "uploadtime": 1783572721, "views": 0, "rating": 0, "private": 0, "password": null, "_winner": "p0x2838e40a", "_our_name": "p0y2838a26e"}