{"id": "battle-gen9randombattle-1162", "formatid": "gen9randombattle", "format": "[Gen 9] Random Battle", "players": ["p0x1162ac8b", "p0y11626bdc"], "log": "|init|battle\n|title|p0x1162ac8b vs. p0y11626bdc\n|j|\u2606p0x1162ac8b\n|j|\u2606p0y11626bdc\n|t:|1783553468\n|gametype|singles\n|player|p1|p0x1162ac8b|266|\n|player|p2|p0y11626bdc|266|\n|gen|9\n|tier|[Gen 9] Random Battle\n|rule|Species Clause: Limit one of each Pok\u00e9mon\n|rule|HP Percentage Mod: HP is shown in percentages\n|rule|Sleep Clause Mod: Limit one foe put to sleep\n|rule|Illusion Level Mod: Illusion disguises the Pok\u00e9mon's true level\n|\n|t:|1783553468\n|teamsize|p1|6\n|teamsize|p2|6\n|start\n|switch|p1a: Ting-Lu|Ting-Lu, L78|100/100\n|switch|p2a: Girafarig|Girafarig, L89, F|269/269\n|-ability|p1a: Ting-Lu|Vessel of Ruin\n|turn|1\n|inactive|Battle timer is ON: inactive players will automatically lose when time's up. (requested by p0x1162ac8b)\n|inactive|Time left: 300 sec this turn | 300 sec total | 60 sec grace\n|inactive|p0y11626bdc also wants the timer to be on.\n|\n|t:|1783553470\n|move|p2a: Girafarig|Nasty Plot|p2a: Girafarig\n|-boost|p2a: Girafarig|spa|2\n|move|p1a: Ting-Lu|Payback|p2a: Girafarig\n|-supereffective|p2a: Girafarig\n|-damage|p2a: Girafarig|101/269\n|\n|upkeep\n|turn|2\n|inactive|Time left: 300 sec this turn | 300 sec total\n|\n|t:|1783553471\n|-terastallize|p2a: Girafarig|Normal\n|move|p2a: Girafarig|Hyper Voice|p1a: Ting-Lu\n|-damage|p1a: Ting-Lu|34/100\n|move|p1a: Ting-Lu|Payback|p2a: Girafarig\n|-damage|p2a: Girafarig|26/269\n|\n|-heal|p1a: Ting-Lu|40/100|[from] item: Leftovers\n|upkeep\n|turn|3\n|inactive|Time left: 300 sec this turn | 300 sec total\n|\n|t:|1783553472\n|-terastallize|p1a: Ting-Lu|Ghost\n|move|p2a: Girafarig|Hyper Voice|p1a: Ting-Lu\n|-immune|p1a: Ting-Lu\n|move|p1a: Ting-Lu|Heavy Slam|p2a: Girafarig\n|-damage|p2a: Girafarig|0 fnt\n|faint|p2a: Girafarig\n|\n|-heal|p1a: Ting-Lu|46/100|[from] item: Leftovers\n|upkeep\n|inactive|Time left: 300 sec this turn | 300 sec total | 5 sec grace\n|\n|t:|1783553473\n|switch|p2a: Chi-Yu|Chi-Yu, L77|211/211\n|-ability|p2a: Chi-Yu|Beads of Ruin\n|turn|4\n|inactive|Time left: 300 sec this turn | 300 sec total\n|\n|t:|1783553475\n|switch|p1a: Keldeo|Keldeo-Resolute, L79|100/100\n|move|p2a: Chi-Yu|Dark Pulse|p1a: Keldeo\n|-resisted|p1a: Keldeo\n|-damage|p1a: Keldeo|66/100\n|-ability|p1a: Keldeo|Justified|boost\n|-boost|p1a: Keldeo|atk|1\n|\n|-heal|p1a: Keldeo|73/100|[from] item: Leftovers\n|upkeep\n|turn|5\n|inactive|Time left: 300 sec this turn | 300 sec total\n|\n|t:|1783553476\n|switch|p2a: Banette|Banette, L93, F|270/270\n|move|p1a: Keldeo|Secret Sword|p2a: Banette\n|-immune|p2a: Banette\n|\n|-heal|p1a: Keldeo|79/100|[from] item: Leftovers\n|upkeep\n|turn|6\n|inactive|Time left: 300 sec this turn | 300 sec total\n|\n|t:|1783553477\n|move|p1a: Keldeo|Substitute|p1a: Keldeo\n|-start|p1a: Keldeo|Substitute\n|-damage|p1a: Keldeo|54/100\n|move|p2a: Banette|Poltergeist|p1a: Keldeo\n|-activate|p1a: Keldeo|move: Poltergeist|Leftovers\n|-crit|p1a: Keldeo\n|-end|p1a: Keldeo|Substitute\n|-damage|p2a: Banette|243/270|[from] item: Life Orb\n|\n|-heal|p1a: Keldeo|60/100|[from] item: Leftovers\n|upkeep\n|turn|7\n|inactive|Time left: 300 sec this turn | 300 sec total\n|\n|t:|1783553478\n|move|p1a: Keldeo|Hydro Pump|p2a: Banette\n|-damage|p2a: Banette|90/270\n|move|p2a: Banette|Poltergeist|p1a: Keldeo\n|-activate|p1a: Keldeo|move: Poltergeist|Leftovers\n|-damage|p1a: Keldeo|0 fnt\n|faint|p1a: Keldeo\n|-damage|p2a: Banette|63/270|[from] item: Life Orb\n|\n|upkeep\n|\n|t:|1783553479\n|switch|p1a: Stonjourner|Stonjourner, L91, F|100/100\n|turn|8\n|inactive|Time left: 300 sec this turn | 300 sec total\n|\n|t:|1783553480\n|move|p1a: Stonjourner|Stone Edge|p2a: Banette\n|-crit|p2a: Banette\n|-damage|p2a: Banette|0 fnt\n|faint|p2a: Banette\n|-damage|p1a: Stonjourner|90/100|[from] item: Life Orb\n|\n|upkeep\n|inactive|Time left: 300 sec this turn | 300 sec total | 5 sec grace\n|\n|t:|1783553481\n|switch|p2a: Chi-Yu|Chi-Yu, L77|211/211\n|-ability|p2a: Chi-Yu|Beads of Ruin\n|turn|9\n|inactive|Time left: 300 sec this turn | 300 sec total\n|\n|t:|1783553482\n|switch|p1a: Mandibuzz|Mandibuzz, L85, F|100/100\n|move|p2a: Chi-Yu|Dark Pulse|p1a: Mandibuzz\n|-resisted|p1a: Mandibuzz\n|-damage|p1a: Mandibuzz|76/100\n|\n|upkeep\n|turn|10\n|inactive|Time left: 300 sec this turn | 300 sec total\n|\n|t:|1783553483\n|move|p2a: Chi-Yu|Dark Pulse|p1a: Mandibuzz\n|-resisted|p1a: Mandibuzz\n|-damage|p1a: Mandibuzz|51/100\n|cant|p1a: Mandibuzz|flinch\n|\n|upkeep\n|turn|11\n|inactive|Time left: 300 sec this turn | 300 sec total\n|\n|t:|1783553484\n|move|p2a: Chi-Yu|Dark Pulse|p1a: Mandibuzz\n|-resisted|p1a: Mandibuzz\n|-damage|p1a: Mandibuzz|25/100\n|cant|p1a: Mandibuzz|flinch\n|\n|upkeep\n|turn|12\n|inactive|Time left: 300 sec this turn | 300 sec total\n|\n|t:|1783553486\n|move|p2a: Chi-Yu|Dark Pulse|p1a: Mandibuzz\n|-resisted|p1a: Mandibuzz\n|-damage|p1a: Mandibuzz|0 fnt\n|faint|p1a: Mandibuzz\n|\n|upkeep\n|\n|t:|1783553487\n|switch|p1a: Stonjourner|Stonjourner, L91, F|90/100\n|turn|13\n|inactive|Time left: 300 sec this turn | 300 sec total\n|\n|t:|1783553487\n|move|p2a: Chi-Yu|Dark Pulse|p1a: Stonjourner\n|-damage|p1a: Stonjourner|0 fnt\n|faint|p1a: Stonjourner\n|\n|upkeep\n|\n|t:|1783553488\n|switch|p1a: Volcarona|Volcarona, L77, M|100/100\n|turn|14\n|inactive|Time left: 300 sec this turn | 300 sec total\n|\n|t:|1783553489\n|move|p2a: Chi-Yu|Dark Pulse|p1a: Volcarona\n|-damage|p1a: Volcarona|36/100\n|move|p1a: Volcarona|Quiver Dance|p1a: Volcarona\n|-boost|p1a: Volcarona|spa|1\n|-boost|p1a: Volcarona|spd|1\n|-boost|p1a: Volcarona|spe|1\n|\n|upkeep\n|turn|15\n|inactive|Time left: 300 sec this turn | 300 sec total\n|\n|t:|1783553490\n|move|p1a: Volcarona|Quiver Dance|p1a: Volcarona\n|-boost|p1a: Volcarona|spa|1\n|-boost|p1a: Volcarona|spd|1\n|-boost|p1a: Volcarona|spe|1\n|move|p2a: Chi-Yu|Dark Pulse|p1a: Volcarona\n|-damage|p1a: Volcarona|0 fnt\n|faint|p1a: Volcarona\n|\n|upkeep\n|\n|t:|1783553491\n|switch|p1a: Hypno|Hypno, L95, F|100/100\n|turn|16\n|inactive|Time left: 300 sec this turn | 300 sec total\n|\n|t:|1783553492\n|move|p2a: Chi-Yu|Dark Pulse|p1a: Hypno\n|-supereffective|p1a: Hypno\n|-damage|p1a: Hypno|10/100\n|cant|p1a: Hypno|flinch\n|\n|-heal|p1a: Hypno|16/100|[from] item: Leftovers\n|upkeep\n|turn|17\n|inactive|Time left: 300 sec this turn | 300 sec total\n|\n|t:|1783553493\n|move|p2a: Chi-Yu|Dark Pulse|p1a: Hypno\n|-supereffective|p1a: Hypno\n|-damage|p1a: Hypno|0 fnt\n|faint|p1a: Hypno\n|\n|upkeep\n|\n|t:|1783553494\n|switch|p1a: Ting-Lu|Ting-Lu, L78, tera:Ghost|46/100\n|-ability|p1a: Ting-Lu|Vessel of Ruin\n|turn|18\n|inactive|Time left: 300 sec this turn | 300 sec total\n|\n|t:|1783553495\n|move|p2a: Chi-Yu|Dark Pulse|p1a: Ting-Lu\n|-supereffective|p1a: Ting-Lu\n|-damage|p1a: Ting-Lu|0 fnt\n|faint|p1a: Ting-Lu\n|\n|win|p0y11626bdc", "uploadtime": 1783553495, "views": 0, "rating": 0, "private": 0, "password": null, "_winner": "p0y11626bdc", "_our_name": "p0y11626bdc"}