{"id": "battle-gen9randombattle-1722", "formatid": "gen9randombattle", "format": "[Gen 9] Random Battle", "players": ["p0x1722dc84", "p0y1722e617"], "log": "|init|battle\n|title|p0x1722dc84 vs. p0y1722e617\n|j|\u2606p0x1722dc84\n|j|\u2606p0y1722e617\n|t:|1783559128\n|gametype|singles\n|player|p1|p0x1722dc84|102|\n|player|p2|p0y1722e617|265|\n|gen|9\n|tier|[Gen 9] Random Battle\n|rule|Species Clause: Limit one of each Pok\u00e9mon\n|rule|HP Percentage Mod: HP is shown in percentages\n|rule|Sleep Clause Mod: Limit one foe put to sleep\n|rule|Illusion Level Mod: Illusion disguises the Pok\u00e9mon's true level\n|\n|t:|1783559128\n|teamsize|p1|6\n|teamsize|p2|6\n|start\n|switch|p1a: Pawmot|Pawmot, L80, F|100/100\n|switch|p2a: Rotom|Rotom-Heat, L83|219/219\n|turn|1\n|inactive|Battle timer is ON: inactive players will automatically lose when time's up. (requested by p0x1722dc84)\n|inactive|Time left: 300 sec this turn | 300 sec total | 60 sec grace\n|inactive|p0y1722e617 also wants the timer to be on.\n|\n|t:|1783559130\n|move|p1a: Pawmot|Close Combat|p2a: Rotom\n|-damage|p2a: Rotom|73/219\n|-unboost|p1a: Pawmot|def|1\n|-unboost|p1a: Pawmot|spd|1\n|-damage|p1a: Pawmot|91/100|[from] item: Life Orb\n|move|p2a: Rotom|Will-O-Wisp|p1a: Pawmot\n|-status|p1a: Pawmot|brn\n|\n|-damage|p1a: Pawmot|84/100 brn|[from] brn\n|upkeep\n|turn|2\n|inactive|Time left: 300 sec this turn | 300 sec total\n|\n|t:|1783559131\n|switch|p2a: Sinistcha|Sinistcha-Masterpiece, L83|254/254\n|move|p1a: Pawmot|Knock Off|p2a: Sinistcha\n|-supereffective|p2a: Sinistcha\n|-damage|p2a: Sinistcha|172/254\n|-enditem|p2a: Sinistcha|Leftovers|[from] move: Knock Off|[of] p1a: Pawmot\n|-damage|p1a: Pawmot|75/100 brn|[from] item: Life Orb\n|\n|-damage|p1a: Pawmot|68/100 brn|[from] brn\n|upkeep\n|turn|3\n|inactive|Time left: 300 sec this turn | 300 sec total\n|\n|t:|1783559133\n|switch|p1a: Houndoom|Houndoom, L87, F|100/100\n|move|p2a: Sinistcha|Strength Sap|p1a: Houndoom\n|-unboost|p1a: Houndoom|atk|1\n|-heal|p2a: Sinistcha|254/254\n|\n|upkeep\n|turn|4\n|inactive|Time left: 300 sec this turn | 300 sec total\n|\n|t:|1783559134\n|move|p1a: Houndoom|Nasty Plot|p1a: Houndoom\n|-boost|p1a: Houndoom|spa|2\n|move|p2a: Sinistcha|Calm Mind|p2a: Sinistcha\n|-boost|p2a: Sinistcha|spa|1\n|-boost|p2a: Sinistcha|spd|1\n|\n|upkeep\n|turn|5\n|inactive|Time left: 300 sec this turn | 300 sec total\n|\n|t:|1783559135\n|switch|p2a: Scrafty|Scrafty, L83, F|244/244\n|move|p1a: Houndoom|Dark Pulse|p2a: Scrafty\n|-resisted|p2a: Scrafty\n|-damage|p2a: Scrafty|204/244\n|\n|-heal|p2a: Scrafty|219/244|[from] item: Leftovers\n|upkeep\n|turn|6\n|inactive|Time left: 300 sec this turn | 300 sec total\n|\n|t:|1783559136\n|move|p1a: Houndoom|Fire Blast|p2a: Scrafty\n|-damage|p2a: Scrafty|0 fnt\n|faint|p2a: Scrafty\n|\n|upkeep\n|inactive|Time left: 300 sec this turn | 300 sec total | 5 sec grace\n|\n|t:|1783559137\n|switch|p2a: Avalugg|Avalugg-Hisui, L90, M|317/317\n|turn|7\n|inactive|Time left: 300 sec this turn | 300 sec total\n|\n|t:|1783559138\n|move|p1a: Houndoom|Dark Pulse|p2a: Avalugg\n|-crit|p2a: Avalugg\n|-ability|p2a: Avalugg|Sturdy\n|-damage|p2a: Avalugg|1/317\n|move|p2a: Avalugg|Stone Edge|p1a: Houndoom\n|-supereffective|p1a: Houndoom\n|-damage|p1a: Houndoom|0 fnt\n|faint|p1a: Houndoom\n|\n|upkeep\n|\n|t:|1783559139\n|switch|p1a: Bruxish|Bruxish, L85, M|100/100\n|turn|8\n|inactive|Time left: 300 sec this turn | 300 sec total\n|\n|t:|1783559141\n|switch|p2a: Mandibuzz|Mandibuzz, L85, F|326/326\n|move|p1a: Bruxish|Crunch|p2a: Mandibuzz\n|-resisted|p2a: Mandibuzz\n|-damage|p2a: Mandibuzz|283/326\n|-unboost|p2a: Mandibuzz|def|1\n|\n|upkeep\n|turn|9\n|inactive|Time left: 300 sec this turn | 300 sec total\n|\n|t:|1783559141\n|switch|p1a: Pawmot|Pawmot, L80, F|68/100 brn\n|move|p2a: Mandibuzz|Foul Play|p1a: Pawmot\n|-resisted|p1a: Pawmot\n|-damage|p1a: Pawmot|41/100 brn\n|\n|-damage|p1a: Pawmot|35/100 brn|[from] brn\n|upkeep\n|turn|10\n|inactive|Time left: 300 sec this turn | 300 sec total\n|\n|t:|1783559142\n|switch|p2a: Sinistcha|Sinistcha-Masterpiece, L83|254/254\n|move|p1a: Pawmot|Double Shock|p2a: Sinistcha\n|-resisted|p2a: Sinistcha\n|-damage|p2a: Sinistcha|214/254\n|-start|p1a: Pawmot|typechange|???/Fighting|[from] move: Double Shock\n|-damage|p1a: Pawmot|25/100 brn|[from] item: Life Orb\n|\n|-damage|p1a: Pawmot|19/100 brn|[from] brn\n|upkeep\n|turn|11\n|inactive|Time left: 300 sec this turn | 300 sec total\n|\n|t:|1783559143\n|move|p1a: Pawmot|Knock Off|p2a: Sinistcha\n|-supereffective|p2a: Sinistcha\n|-damage|p2a: Sinistcha|157/254\n|-damage|p1a: Pawmot|9/100 brn|[from] item: Life Orb\n|move|p2a: Sinistcha|Calm Mind|p2a: Sinistcha\n|-boost|p2a: Sinistcha|spa|1\n|-boost|p2a: Sinistcha|spd|1\n|\n|-damage|p1a: Pawmot|3/100 brn|[from] brn\n|upkeep\n|turn|12\n|inactive|Time left: 300 sec this turn | 300 sec total\n|\n|t:|1783559144\n|move|p1a: Pawmot|Knock Off|p2a: Sinistcha\n|-supereffective|p2a: Sinistcha\n|-damage|p2a: Sinistcha|101/254\n|-damage|p1a: Pawmot|0 fnt|[from] item: Life Orb\n|faint|p1a: Pawmot\n|move|p2a: Sinistcha|Strength Sap|p1: Pawmot|[notarget]\n|-fail|p2a: Sinistcha\n|\n|upkeep\n|\n|t:|1783559145\n|switch|p1a: Bruxish|Bruxish, L85, M|100/100\n|turn|13\n|inactive|Time left: 300 sec this turn | 300 sec total\n|\n|t:|1783559146\n|switch|p2a: Mandibuzz|Mandibuzz, L85, F|283/326\n|-terastallize|p1a: Bruxish|Dark\n|move|p1a: Bruxish|Crunch|p2a: Mandibuzz\n|-resisted|p2a: Mandibuzz\n|-damage|p2a: Mandibuzz|226/326\n|\n|upkeep\n|turn|14\n|inactive|Time left: 300 sec this turn | 300 sec total\n|\n|t:|1783559147\n|move|p1a: Bruxish|Crunch|p2a: Mandibuzz\n|-resisted|p2a: Mandibuzz\n|-damage|p2a: Mandibuzz|165/326\n|move|p2a: Mandibuzz|Roost|p2a: Mandibuzz\n|-heal|p2a: Mandibuzz|326/326\n|-singleturn|p2a: Mandibuzz|move: Roost\n|\n|upkeep\n|turn|15\n|inactive|Time left: 300 sec this turn | 300 sec total\n|\n|t:|1783559148\n|move|p1a: Bruxish|Crunch|p2a: Mandibuzz\n|-resisted|p2a: Mandibuzz\n|-damage|p2a: Mandibuzz|266/326\n|-unboost|p2a: Mandibuzz|def|1\n|move|p2a: Mandibuzz|Foul Play|p1a: Bruxish\n|-resisted|p1a: Bruxish\n|-damage|p1a: Bruxish|74/100\n|\n|upkeep\n|turn|16\n|inactive|Time left: 300 sec this turn | 300 sec total\n|\n|t:|1783559149\n|move|p1a: Bruxish|Crunch|p2a: Mandibuzz\n|-resisted|p2a: Mandibuzz\n|-damage|p2a: Mandibuzz|183/326\n|move|p2a: Mandibuzz|Roost|p2a: Mandibuzz\n|-heal|p2a: Mandibuzz|326/326\n|-singleturn|p2a: Mandibuzz|move: Roost\n|\n|upkeep\n|turn|17\n|inactive|Time left: 300 sec this turn | 300 sec total\n|\n|t:|1783559150\n|move|p1a: Bruxish|Crunch|p2a: Mandibuzz\n|-resisted|p2a: Mandibuzz\n|-damage|p2a: Mandibuzz|233/326\n|-unboost|p2a: Mandibuzz|def|1\n|move|p2a: Mandibuzz|Brave Bird|p1a: Bruxish\n|-damage|p1a: Bruxish|32/100\n|-damage|p2a: Mandibuzz|198/326|[from] Recoil\n|\n|upkeep\n|turn|18\n|inactive|Time left: 300 sec this turn | 300 sec total\n|\n|t:|1783559151\n|move|p1a: Bruxish|Crunch|p2a: Mandibuzz\n|-resisted|p2a: Mandibuzz\n|-damage|p2a: Mandibuzz|72/326\n|move|p2a: Mandibuzz|Brave Bird|p1a: Bruxish\n|-damage|p1a: Bruxish|0 fnt\n|faint|p1a: Bruxish\n|-damage|p2a: Mandibuzz|45/326|[from] Recoil\n|\n|upkeep\n|\n|t:|1783559152\n|switch|p1a: Drifblim|Drifblim, L86, F|100/100\n|turn|19\n|inactive|Time left: 300 sec this turn | 300 sec total\n|\n|t:|1783559153\n|move|p1a: Drifblim|Air Slash|p2a: Mandibuzz\n|-damage|p2a: Mandibuzz|0 fnt\n|faint|p2a: Mandibuzz\n|\n|upkeep\n|inactive|Time left: 300 sec this turn | 300 sec total | 5 sec grace\n|\n|t:|1783559154\n|switch|p2a: Tinkaton|Tinkaton, L82, F|274/274\n|-ability|p2a: Tinkaton|Mold Breaker\n|turn|20\n|inactive|Time left: 300 sec this turn | 300 sec total\n|\n|t:|1783559155\n|move|p2a: Tinkaton|Gigaton Hammer|p1a: Drifblim\n|-damage|p1a: Drifblim|52/100\n|move|p1a: Drifblim|Strength Sap|p2a: Tinkaton\n|-unboost|p2a: Tinkaton|atk|1\n|-heal|p1a: Drifblim|95/100\n|\n|upkeep\n|turn|21\n|inactive|Time left: 300 sec this turn | 300 sec total\n|\n|t:|1783559156\n|move|p2a: Tinkaton|Thunder Wave|p1a: Drifblim\n|-status|p1a: Drifblim|par\n|move|p1a: Drifblim|Strength Sap|p2a: Tinkaton\n|-unboost|p2a: Tinkaton|atk|1\n|-heal|p1a: Drifblim|100/100 par\n|\n|upkeep\n|turn|22\n|inactive|Time left: 300 sec this turn | 300 sec total\n|\n|t:|1783559157\n|switch|p2a: Sinistcha|Sinistcha-Masterpiece, L83|101/254\n|move|p1a: Drifblim|Calm Mind|p1a: Drifblim\n|-boost|p1a: Drifblim|spa|1\n|-boost|p1a: Drifblim|spd|1\n|\n|upkeep\n|turn|23\n|inactive|Time left: 300 sec this turn | 300 sec total\n|\n|t:|1783559158\n|move|p2a: Sinistcha|Strength Sap|p1a: Drifblim\n|-unboost|p1a: Drifblim|atk|1\n|-heal|p2a: Sinistcha|243/254\n|move|p1a: Drifblim|Shadow Ball|p2a: Sinistcha\n|-supereffective|p2a: Sinistcha\n|-damage|p2a: Sinistcha|0 fnt\n|faint|p2a: Sinistcha\n|\n|upkeep\n|inactive|Time left: 300 sec this turn | 300 sec total | 5 sec grace\n|\n|t:|1783559159\n|switch|p2a: Avalugg|Avalugg-Hisui, L90, M|1/317\n|turn|24\n|inactive|Time left: 300 sec this turn | 300 sec total\n|\n|t:|1783559160\n|switch|p1a: Lunala|Lunala, L70|100/100\n|move|p2a: Avalugg|Stone Edge|p1a: Lunala\n|-damage|p1a: Lunala|70/100\n|\n|-heal|p1a: Lunala|76/100|[from] item: Leftovers\n|upkeep\n|turn|25\n|inactive|Time left: 300 sec this turn | 300 sec total\n|\n|t:|1783559161\n|switch|p2a: Tinkaton|Tinkaton, L82, F|274/274\n|-ability|p2a: Tinkaton|Mold Breaker\n|move|p1a: Lunala|Moongeist Beam|p2a: Tinkaton\n|-damage|p2a: Tinkaton|189/274\n|\n|-heal|p2a: Tinkaton|206/274|[from] item: Leftovers\n|-heal|p1a: Lunala|82/100|[from] item: Leftovers\n|upkeep\n|turn|26\n|inactive|Time left: 300 sec this turn | 300 sec total\n|\n|t:|1783559162\n|switch|p1a: Quagsire|Quagsire, L84, M|100/100\n|move|p2a: Tinkaton|Gigaton Hammer|p1a: Quagsire\n|-resisted|p1a: Quagsire\n|-damage|p1a: Quagsire|78/100\n|\n|-heal|p2a: Tinkaton|223/274|[from] item: Leftovers\n|-heal|p1a: Quagsire|84/100|[from] item: Leftovers\n|upkeep\n|turn|27\n|inactive|Time left: 300 sec this turn | 300 sec total\n|\n|t:|1783559163\n|switch|p2a: Rotom|Rotom-Heat, L83|73/219\n|move|p1a: Quagsire|Earthquake|p2a: Rotom\n|-immune|p2a: Rotom|[from] ability: Levitate\n|\n|-heal|p1a: Quagsire|90/100|[from] item: Leftovers\n|upkeep\n|turn|28\n|inactive|Time left: 300 sec this turn | 300 sec total\n|\n|t:|1783559164\n|move|p2a: Rotom|Nasty Plot|p2a: Rotom\n|-boost|p2a: Rotom|spa|2\n|move|p1a: Quagsire|Toxic|p2a: Rotom\n|-status|p2a: Rotom|tox\n|\n|-heal|p1a: Quagsire|96/100|[from] item: Leftovers\n|-damage|p2a: Rotom|60/219 tox|[from] psn\n|upkeep\n|turn|29\n|inactive|Time left: 300 sec this turn | 300 sec total\n|\n|t:|1783559165\n|move|p2a: Rotom|Will-O-Wisp|p1a: Quagsire\n|-status|p1a: Quagsire|brn\n|move|p1a: Quagsire|Earthquake|p2a: Rotom\n|-immune|p2a: Rotom|[from] ability: Levitate\n|\n|-heal|p1a: Quagsire|100/100 brn|[from] item: Leftovers\n|-damage|p2a: Rotom|34/219 tox|[from] psn\n|-damage|p1a: Quagsire|94/100 brn|[from] brn\n|upkeep\n|turn|30\n|inactive|Time left: 300 sec this turn | 300 sec total\n|\n|t:|1783559166\n|move|p2a: Rotom|Overheat|p1a: Quagsire\n|-resisted|p1a: Quagsire\n|-damage|p1a: Quagsire|66/100 brn\n|-unboost|p2a: Rotom|spa|2\n|move|p1a: Quagsire|Spikes|p2a: Rotom\n|-sidestart|p2: p0y1722e617|Spikes\n|\n|-heal|p1a: Quagsire|72/100 brn|[from] item: Leftovers\n|-damage|p2a: Rotom|0 fnt|[from] psn\n|faint|p2a: Rotom\n|-damage|p1a: Quagsire|66/100 brn|[from] brn\n|upkeep\n|inactive|Time left: 300 sec this turn | 300 sec total | 5 sec grace\n|\n|t:|1783559167\n|switch|p2a: Avalugg|Avalugg-Hisui, L90, M|1/317\n|turn|31\n|inactive|Time left: 300 sec this turn | 300 sec total\n|\n|t:|1783559168\n|switch|p1a: Lunala|Lunala, L70|82/100\n|move|p2a: Avalugg|Recover|p2a: Avalugg\n|-heal|p2a: Avalugg|160/317\n|\n|-heal|p1a: Lunala|88/100|[from] item: Leftovers\n|upkeep\n|turn|32\n|inactive|Time left: 300 sec this turn | 300 sec total\n|\n|t:|1783559169\n|switch|p2a: Tinkaton|Tinkaton, L82, F|223/274\n|-damage|p2a: Tinkaton|189/274|[from] Spikes\n|-ability|p2a: Tinkaton|Mold Breaker\n|move|p1a: Lunala|Moongeist Beam|p2a: Tinkaton\n|-damage|p2a: Tinkaton|104/274\n|\n|-heal|p2a: Tinkaton|121/274|[from] item: Leftovers\n|-heal|p1a: Lunala|95/100|[from] item: Leftovers\n|upkeep\n|turn|33\n|inactive|Time left: 300 sec this turn | 300 sec total\n|\n|t:|1783559171\n|move|p2a: Tinkaton|Gigaton Hammer|p1a: Lunala\n|-damage|p1a: Lunala|46/100\n|move|p1a: Lunala|Moongeist Beam|p2a: Tinkaton\n|-damage|p2a: Tinkaton|37/274\n|\n|-heal|p2a: Tinkaton|54/274|[from] item: Leftovers\n|-heal|p1a: Lunala|52/100|[from] item: Leftovers\n|upkeep\n|turn|34\n|inactive|Time left: 300 sec this turn | 300 sec total\n|\n|t:|1783559172\n|switch|p1a: Quagsire|Quagsire, L84, M|66/100 brn\n|move|p2a: Tinkaton|Thunder Wave|p1a: Quagsire\n|-immune|p1a: Quagsire\n|\n|-heal|p2a: Tinkaton|71/274|[from] item: Leftovers\n|-heal|p1a: Quagsire|72/100 brn|[from] item: Leftovers\n|-damage|p1a: Quagsire|66/100 brn|[from] brn\n|upkeep\n|turn|35\n|inactive|Time left: 300 sec this turn | 300 sec total\n|\n|t:|1783559173\n|move|p2a: Tinkaton|Gigaton Hammer|p1a: Quagsire\n|-resisted|p1a: Quagsire\n|-damage|p1a: Quagsire|42/100 brn\n|move|p1a: Quagsire|Earthquake|p2a: Tinkaton\n|-supereffective|p2a: Tinkaton\n|-damage|p2a: Tinkaton|0 fnt\n|faint|p2a: Tinkaton\n|\n|-heal|p1a: Quagsire|48/100 brn|[from] item: Leftovers\n|-damage|p1a: Quagsire|42/100 brn|[from] brn\n|upkeep\n|inactive|Time left: 300 sec this turn | 300 sec total | 5 sec grace\n|\n|t:|1783559174\n|switch|p2a: Avalugg|Avalugg-Hisui, L90, M|160/317\n|turn|36\n|inactive|Time left: 300 sec this turn | 300 sec total\n|\n|t:|1783559175\n|move|p2a: Avalugg|Recover|p2a: Avalugg\n|-heal|p2a: Avalugg|317/317\n|move|p1a: Quagsire|Toxic|p2a: Avalugg\n|-status|p2a: Avalugg|tox\n|\n|-heal|p1a: Quagsire|48/100 brn|[from] item: Leftovers\n|-damage|p2a: Avalugg|298/317 tox|[from] psn\n|-damage|p1a: Quagsire|42/100 brn|[from] brn\n|upkeep\n|turn|37\n|inactive|Time left: 300 sec this turn | 300 sec total\n|\n|t:|1783559176\n|move|p2a: Avalugg|Stone Edge|p1a: Quagsire|[miss]\n|-miss|p2a: Avalugg|p1a: Quagsire\n|move|p1a: Quagsire|Recover|p1a: Quagsire\n|-heal|p1a: Quagsire|92/100 brn\n|\n|-heal|p1a: Quagsire|98/100 brn|[from] item: Leftovers\n|-damage|p2a: Avalugg|260/317 tox|[from] psn\n|-damage|p1a: Quagsire|92/100 brn|[from] brn\n|upkeep\n|turn|38\n|inactive|Time left: 300 sec this turn | 300 sec total\n|\n|t:|1783559177\n|move|p2a: Avalugg|Stone Edge|p1a: Quagsire\n|-resisted|p1a: Quagsire\n|-damage|p1a: Quagsire|66/100 brn\n|move|p1a: Quagsire|Recover|p1a: Quagsire\n|-heal|p1a: Quagsire|100/100 brn\n|\n|-damage|p2a: Avalugg|203/317 tox|[from] psn\n|-damage|p1a: Quagsire|94/100 brn|[from] brn\n|upkeep\n|turn|39\n|inactive|Time left: 300 sec this turn | 300 sec total\n|\n|t:|1783559178\n|switch|p1a: Lunala|Lunala, L70|52/100\n|move|p2a: Avalugg|Stone Edge|p1a: Lunala\n|-damage|p1a: Lunala|0 fnt\n|faint|p1a: Lunala\n|\n|-damage|p2a: Avalugg|127/317 tox|[from] psn\n|upkeep\n|\n|t:|1783559179\n|switch|p1a: Drifblim|Drifblim, L86, F|100/100 par\n|turn|40\n|inactive|Time left: 300 sec this turn | 300 sec total\n|\n|t:|1783559180\n|move|p2a: Avalugg|Recover|p2a: Avalugg\n|-heal|p2a: Avalugg|286/317 tox\n|move|p1a: Drifblim|Shadow Ball|p2a: Avalugg\n|-damage|p2a: Avalugg|148/317 tox\n|\n|-damage|p2a: Avalugg|53/317 tox|[from] psn\n|upkeep\n|turn|41\n|inactive|Time left: 300 sec this turn | 300 sec total\n|\n|t:|1783559181\n|move|p2a: Avalugg|Recover|p2a: Avalugg\n|-heal|p2a: Avalugg|212/317 tox\n|move|p1a: Drifblim|Shadow Ball|p2a: Avalugg\n|-damage|p2a: Avalugg|67/317 tox\n|\n|-damage|p2a: Avalugg|0 fnt|[from] psn\n|faint|p2a: Avalugg\n|\n|win|p0x1722dc84", "uploadtime": 1783559181, "views": 0, "rating": 0, "private": 0, "password": null, "_winner": "p0x1722dc84", "_our_name": "p0y1722e617"}