{"id": "battle-gen9randombattle-2789", "formatid": "gen9randombattle", "format": "[Gen 9] Random Battle", "players": ["p0x27896e8b", "p0y27892492"], "log": "|init|battle\n|title|p0x27896e8b vs. p0y27892492\n|j|\u2606p0x27896e8b\n|j|\u2606p0y27892492\n|t:|1783572129\n|gametype|singles\n|player|p1|p0x27896e8b|265|\n|player|p2|p0y27892492|265|\n|gen|9\n|tier|[Gen 9] Random Battle\n|rule|Species Clause: Limit one of each Pok\u00e9mon\n|rule|HP Percentage Mod: HP is shown in percentages\n|rule|Sleep Clause Mod: Limit one foe put to sleep\n|rule|Illusion Level Mod: Illusion disguises the Pok\u00e9mon's true level\n|\n|t:|1783572129\n|teamsize|p1|6\n|teamsize|p2|6\n|start\n|switch|p1a: Lanturn|Lanturn, L89, M|367/367\n|switch|p2a: Kilowattrel|Kilowattrel, L83, F|100/100\n|turn|1\n|inactive|Battle timer is ON: inactive players will automatically lose when time's up. (requested by p0x27896e8b)\n|inactive|p0y27892492 also wants the timer to be on.\n|\n|t:|1783572131\n|move|p2a: Kilowattrel|Hurricane|p1a: Lanturn\n|-resisted|p1a: Lanturn\n|-damage|p1a: Lanturn|307/367\n|-start|p1a: Lanturn|confusion\n|-activate|p1a: Lanturn|confusion\n|-damage|p1a: Lanturn|286/367|[from] confusion\n|\n|upkeep\n|turn|2\n|inactive|Time left: 300 sec this turn | 300 sec total\n|\n|t:|1783572132\n|move|p2a: Kilowattrel|Hurricane|p1a: Lanturn\n|-resisted|p1a: Lanturn\n|-damage|p1a: Lanturn|223/367\n|-activate|p1a: Lanturn|confusion\n|-damage|p1a: Lanturn|203/367|[from] confusion\n|\n|upkeep\n|turn|3\n|inactive|Time left: 300 sec this turn | 300 sec total\n|\n|t:|1783572133\n|switch|p1a: Archaludon|Archaludon, L78, F|268/268\n|move|p2a: Kilowattrel|Hurricane|p1a: Archaludon\n|-resisted|p1a: Archaludon\n|-damage|p1a: Archaludon|193/268\n|-ability|p1a: Archaludon|Stamina|boost\n|-boost|p1a: Archaludon|def|1\n|\n|upkeep\n|turn|4\n|inactive|Time left: 300 sec this turn | 300 sec total\n|\n|t:|1783572134\n|move|p2a: Kilowattrel|Hurricane|p1a: Archaludon\n|-resisted|p1a: Archaludon\n|-damage|p1a: Archaludon|115/268\n|-ability|p1a: Archaludon|Stamina|boost\n|-boost|p1a: Archaludon|def|1\n|move|p1a: Archaludon|Outrage|p2a: Kilowattrel\n|-damage|p2a: Kilowattrel|37/100\n|\n|upkeep\n|turn|5\n|inactive|Time left: 300 sec this turn | 300 sec total\n|\n|t:|1783572135\n|switch|p2a: Chandelure|Chandelure, L83, F|100/100\n|move|p1a: Archaludon|Outrage|p2a: Chandelure|[from] lockedmove\n|-damage|p2a: Chandelure|46/100\n|-start|p1a: Archaludon|confusion|[fatigue]\n|-enditem|p1a: Archaludon|Lum Berry|[eat]\n|-end|p1a: Archaludon|confusion\n|\n|upkeep\n|turn|6\n|inactive|Time left: 300 sec this turn | 300 sec total\n|\n|t:|1783572136\n|switch|p1a: Primarina|Primarina, L83, M|268/268\n|move|p2a: Chandelure|Shadow Ball|p1a: Primarina\n|-damage|p1a: Primarina|169/268\n|\n|-heal|p1a: Primarina|185/268|[from] item: Leftovers\n|upkeep\n|turn|7\n|inactive|Time left: 300 sec this turn | 300 sec total\n|\n|t:|1783572137\n|move|p2a: Chandelure|Shadow Ball|p1a: Primarina\n|-damage|p1a: Primarina|89/268\n|move|p1a: Primarina|Sparkling Aria|p2a: Chandelure\n|-supereffective|p2a: Chandelure\n|-damage|p2a: Chandelure|0 fnt\n|faint|p2a: Chandelure\n|\n|-heal|p1a: Primarina|105/268|[from] item: Leftovers\n|upkeep\n|\n|t:|1783572138\n|switch|p2a: Minun|Minun, L95, M|100/100\n|turn|8\n|inactive|Time left: 300 sec this turn | 300 sec total\n|\n|t:|1783572140\n|move|p2a: Minun|Thunderbolt|p1a: Primarina\n|-supereffective|p1a: Primarina\n|-damage|p1a: Primarina|0 fnt\n|faint|p1a: Primarina\n|-damage|p2a: Minun|91/100|[from] item: Life Orb\n|\n|upkeep\n|inactive|Time left: 300 sec this turn | 300 sec total | 5 sec grace\n|\n|t:|1783572141\n|switch|p1a: Scovillain|Scovillain, L91, F|266/266\n|turn|9\n|inactive|Time left: 300 sec this turn | 300 sec total\n|\n|t:|1783572142\n|switch|p2a: Poliwrath|Poliwrath, L88, F|100/100\n|move|p1a: Scovillain|Flamethrower|p2a: Poliwrath\n|-resisted|p2a: Poliwrath\n|-damage|p2a: Poliwrath|87/100\n|\n|upkeep\n|turn|10\n|inactive|Time left: 300 sec this turn | 300 sec total\n|\n|t:|1783572143\n|move|p1a: Scovillain|Flamethrower|p2a: Poliwrath\n|-resisted|p2a: Poliwrath\n|-damage|p2a: Poliwrath|75/100\n|move|p2a: Poliwrath|Liquidation|p1a: Scovillain\n|-damage|p1a: Scovillain|163/266\n|\n|upkeep\n|turn|11\n|inactive|Time left: 300 sec this turn | 300 sec total\n|\n|t:|1783572144\n|move|p1a: Scovillain|Flamethrower|p2a: Poliwrath\n|-resisted|p2a: Poliwrath\n|-damage|p2a: Poliwrath|62/100\n|move|p2a: Poliwrath|Close Combat|p1a: Scovillain\n|-damage|p1a: Scovillain|0 fnt\n|-unboost|p2a: Poliwrath|def|1\n|-unboost|p2a: Poliwrath|spd|1\n|faint|p1a: Scovillain\n|\n|upkeep\n|inactive|Time left: 300 sec this turn | 300 sec total | 5 sec grace\n|\n|t:|1783572145\n|switch|p1a: Giratina|Giratina-Origin, L72|335/335\n|turn|12\n|inactive|Time left: 300 sec this turn | 300 sec total\n|\n|t:|1783572146\n|move|p2a: Poliwrath|Knock Off|p1a: Giratina\n|-supereffective|p1a: Giratina\n|-damage|p1a: Giratina|223/335\n|move|p1a: Giratina|Poltergeist|p2a: Poliwrath\n|-activate|p2a: Poliwrath|move: Poltergeist|Assault Vest\n|-damage|p2a: Poliwrath|11/100\n|\n|upkeep\n|turn|13\n|inactive|Time left: 300 sec this turn | 300 sec total\n|\n|t:|1783572147\n|move|p2a: Poliwrath|Knock Off|p1a: Giratina\n|-supereffective|p1a: Giratina\n|-damage|p1a: Giratina|113/335\n|move|p1a: Giratina|Poltergeist|p2a: Poliwrath\n|-activate|p2a: Poliwrath|move: Poltergeist|Assault Vest\n|-damage|p2a: Poliwrath|0 fnt\n|faint|p2a: Poliwrath\n|\n|upkeep\n|\n|t:|1783572148\n|switch|p2a: Dragapult|Dragapult, L77, F|100/100\n|turn|14\n|inactive|Time left: 300 sec this turn | 300 sec total\n|\n|t:|1783572149\n|switch|p1a: Dedenne|Dedenne, L88, F|261/261\n|move|p2a: Dragapult|Dragon Darts|p1a: Dedenne\n|-immune|p1a: Dedenne\n|\n|upkeep\n|turn|15\n|inactive|Time left: 300 sec this turn | 300 sec total\n|\n|t:|1783572150\n|move|p2a: Dragapult|Dragon Dance|p2a: Dragapult\n|-boost|p2a: Dragapult|atk|1\n|-boost|p2a: Dragapult|spe|1\n|move|p1a: Dedenne|Dazzling Gleam|p2a: Dragapult\n|-supereffective|p2a: Dragapult\n|-damage|p2a: Dragapult|24/100\n|\n|upkeep\n|turn|16\n|inactive|Time left: 300 sec this turn | 300 sec total\n|\n|t:|1783572151\n|-terastallize|p2a: Dragapult|Ghost\n|move|p2a: Dragapult|Tera Blast|p1a: Dedenne|[anim] Tera Blast Ghost\n|-damage|p1a: Dedenne|0 fnt\n|faint|p1a: Dedenne\n|-damage|p2a: Dragapult|14/100|[from] item: Life Orb\n|\n|upkeep\n|inactive|Time left: 300 sec this turn | 300 sec total | 5 sec grace\n|\n|t:|1783572152\n|switch|p1a: Giratina|Giratina-Origin, L72|113/335\n|turn|17\n|inactive|Time left: 300 sec this turn | 300 sec total\n|\n|t:|1783572153\n|switch|p1a: Archaludon|Archaludon, L78, F|115/268\n|move|p2a: Dragapult|Tera Blast|p1a: Archaludon|[anim] Tera Blast Ghost\n|-damage|p1a: Archaludon|0 fnt\n|faint|p1a: Archaludon\n|-damage|p2a: Dragapult|4/100|[from] item: Life Orb\n|\n|upkeep\n|inactive|Time left: 300 sec this turn | 300 sec total | 5 sec grace\n|\n|t:|1783572154\n|switch|p1a: Giratina|Giratina-Origin, L72|113/335\n|turn|18\n|inactive|Time left: 300 sec this turn | 300 sec total\n|\n|t:|1783572155\n|move|p2a: Dragapult|Tera Blast|p1a: Giratina|[anim] Tera Blast Ghost\n|-supereffective|p1a: Giratina\n|-damage|p1a: Giratina|0 fnt\n|faint|p1a: Giratina\n|-damage|p2a: Dragapult|0 fnt|[from] item: Life Orb\n|faint|p2a: Dragapult\n|\n|upkeep\n|inactive|Time left: 300 sec this turn | 300 sec total | 5 sec grace\n|\n|t:|1783572156\n|switch|p2a: Sunflora|Sunflora, F|100/100\n|switch|p1a: Lanturn|Lanturn, L89, M|203/367\n|turn|19\n|inactive|Time left: 300 sec this turn | 300 sec total\n|\n|t:|1783572157\n|move|p1a: Lanturn|Thunder Wave|p2a: Sunflora\n|-status|p2a: Sunflora|par\n|cant|p2a: Sunflora|par\n|\n|upkeep\n|turn|20\n|inactive|Time left: 300 sec this turn | 300 sec total\n|\n|t:|1783572158\n|-terastallize|p1a: Lanturn|Flying\n|move|p1a: Lanturn|Scald|p2a: Sunflora\n|-resisted|p2a: Sunflora\n|-damage|p2a: Sunflora|89/100 par\n|move|p2a: Sunflora|Sunny Day|p2a: Sunflora\n|-weather|SunnyDay\n|\n|-weather|SunnyDay|[upkeep]\n|upkeep\n|turn|21\n|inactive|Time left: 300 sec this turn | 300 sec total\n|\n|t:|1783572159\n|move|p1a: Lanturn|Scald|p2a: Sunflora\n|-resisted|p2a: Sunflora\n|-damage|p2a: Sunflora|84/100 par\n|move|p2a: Sunflora|Weather Ball|p1a: Lanturn\n|-crit|p1a: Lanturn\n|-damage|p1a: Lanturn|0 fnt\n|faint|p1a: Lanturn\n|-damage|p2a: Sunflora|74/100 par|[from] item: Life Orb\n|\n|win|p0y27892492", "uploadtime": 1783572159, "views": 0, "rating": 0, "private": 0, "password": null, "_winner": "p0y27892492", "_our_name": "p0x27896e8b"}