{"id": "battle-gen9randombattle-1384", "formatid": "gen9randombattle", "format": "[Gen 9] Random Battle", "players": ["p0x13847a7e", "p0y13841e31"], "log": "|init|battle\n|title|p0x13847a7e vs. p0y13841e31\n|j|\u2606p0x13847a7e\n|j|\u2606p0y13841e31\n|t:|1783556076\n|gametype|singles\n|player|p1|p0x13847a7e|169|\n|player|p2|p0y13841e31|265|\n|gen|9\n|tier|[Gen 9] Random Battle\n|rule|Species Clause: Limit one of each Pok\u00e9mon\n|rule|HP Percentage Mod: HP is shown in percentages\n|rule|Sleep Clause Mod: Limit one foe put to sleep\n|rule|Illusion Level Mod: Illusion disguises the Pok\u00e9mon's true level\n|\n|t:|1783556076\n|teamsize|p1|6\n|teamsize|p2|6\n|start\n|switch|p1a: Snorlax|Snorlax, L82, M|397/397\n|switch|p2a: Lycanroc|Lycanroc, L86, M|100/100\n|turn|1\n|inactive|Battle timer is ON: inactive players will automatically lose when time's up. (requested by p0x13847a7e)\n|inactive|p0y13841e31 also wants the timer to be on.\n|\n|t:|1783556078\n|move|p2a: Lycanroc|Stealth Rock|p1a: Snorlax\n|-sidestart|p1: p0x13847a7e|move: Stealth Rock\n|move|p1a: Snorlax|Body Slam|p2a: Lycanroc\n|-resisted|p2a: Lycanroc\n|-damage|p2a: Lycanroc|79/100\n|\n|upkeep\n|turn|2\n|inactive|Time left: 300 sec this turn | 300 sec total\n|\n|t:|1783556080\n|move|p2a: Lycanroc|Stone Edge|p1a: Snorlax\n|-damage|p1a: Snorlax|177/397\n|-damage|p2a: Lycanroc|69/100|[from] item: Life Orb\n|move|p1a: Snorlax|Body Slam|p2a: Lycanroc\n|-resisted|p2a: Lycanroc\n|-damage|p2a: Lycanroc|48/100\n|\n|-heal|p1a: Snorlax|201/397|[from] item: Leftovers\n|upkeep\n|turn|3\n|inactive|Time left: 300 sec this turn | 300 sec total\n|\n|t:|1783556081\n|switch|p1a: Gurdurr|Gurdurr, L85, M|283/283\n|-damage|p1a: Gurdurr|266/283|[from] Stealth Rock\n|move|p2a: Lycanroc|Close Combat|p1a: Gurdurr\n|-damage|p1a: Gurdurr|171/283\n|-unboost|p2a: Lycanroc|def|1\n|-unboost|p2a: Lycanroc|spd|1\n|-damage|p2a: Lycanroc|38/100|[from] item: Life Orb\n|\n|upkeep\n|turn|4\n|inactive|Time left: 300 sec this turn | 300 sec total\n|\n|t:|1783556082\n|switch|p2a: Slowking|Slowking-Galar, L85, M|100/100\n|move|p1a: Gurdurr|Defog|p2a: Slowking\n|-unboost|p2a: Slowking|evasion|1\n|-sideend|p1: p0x13847a7e|Stealth Rock|[from] move: Defog|[of] p1a: Gurdurr\n|\n|upkeep\n|turn|5\n|inactive|Time left: 300 sec this turn | 300 sec total\n|\n|t:|1783556084\n|move|p1a: Gurdurr|Knock Off|p2a: Slowking\n|-supereffective|p2a: Slowking\n|-damage|p2a: Slowking|52/100\n|-enditem|p2a: Slowking|Assault Vest|[from] move: Knock Off|[of] p1a: Gurdurr\n|move|p2a: Slowking|Psychic Noise|p1a: Gurdurr\n|-supereffective|p1a: Gurdurr\n|-damage|p1a: Gurdurr|0 fnt\n|faint|p1a: Gurdurr\n|\n|upkeep\n|inactive|Time left: 300 sec this turn | 300 sec total | 5 sec grace\n|\n|t:|1783556085\n|switch|p1a: Bruxish|Bruxish, L85, F|254/254\n|turn|6\n|inactive|Time left: 300 sec this turn | 300 sec total\n|\n|t:|1783556086\n|switch|p2a: Trevenant|Trevenant, L89, M|100/100\n|move|p1a: Bruxish|Psychic Fangs|p2a: Trevenant\n|-damage|p2a: Trevenant|32/100\n|-damage|p1a: Bruxish|229/254|[from] item: Life Orb\n|\n|upkeep\n|turn|7\n|inactive|Time left: 300 sec this turn | 300 sec total\n|\n|t:|1783556087\n|move|p1a: Bruxish|Psychic Fangs|p2a: Trevenant\n|-damage|p2a: Trevenant|0 fnt\n|faint|p2a: Trevenant\n|-damage|p1a: Bruxish|204/254|[from] item: Life Orb\n|\n|upkeep\n|\n|t:|1783556088\n|switch|p2a: Slither Wing|Slither Wing, L81|100/100\n|turn|8\n|inactive|Time left: 300 sec this turn | 300 sec total\n|\n|t:|1783556089\n|move|p2a: Slither Wing|First Impression|p1a: Bruxish\n|-supereffective|p1a: Bruxish\n|-damage|p1a: Bruxish|0 fnt\n|faint|p1a: Bruxish\n|-damage|p2a: Slither Wing|90/100|[from] item: Life Orb\n|\n|upkeep\n|inactive|Time left: 300 sec this turn | 300 sec total | 5 sec grace\n|\n|t:|1783556090\n|switch|p1a: Oranguru|Oranguru, L92, M|315/315\n|turn|9\n|inactive|Time left: 300 sec this turn | 300 sec total\n|\n|t:|1783556091\n|move|p2a: Slither Wing|Close Combat|p1a: Oranguru\n|-crit|p1a: Oranguru\n|-damage|p1a: Oranguru|41/315\n|-unboost|p2a: Slither Wing|def|1\n|-unboost|p2a: Slither Wing|spd|1\n|-damage|p2a: Slither Wing|80/100|[from] item: Life Orb\n|move|p1a: Oranguru|Psychic|p2a: Slither Wing\n|-supereffective|p2a: Slither Wing\n|-damage|p2a: Slither Wing|0 fnt\n|faint|p2a: Slither Wing\n|-end|p2a: Slither Wing|Protosynthesis|[silent]\n|\n|-heal|p1a: Oranguru|60/315|[from] item: Leftovers\n|upkeep\n|\n|t:|1783556092\n|switch|p2a: Flygon|Flygon, L82, M|100/100\n|turn|10\n|inactive|Time left: 300 sec this turn | 300 sec total\n|\n|t:|1783556094\n|move|p2a: Flygon|Earthquake|p1a: Oranguru\n|-damage|p1a: Oranguru|0 fnt\n|faint|p1a: Oranguru\n|\n|upkeep\n|inactive|Time left: 300 sec this turn | 300 sec total | 5 sec grace\n|\n|t:|1783556095\n|switch|p1a: Clawitzer|Clawitzer, L87, F|265/265\n|turn|11\n|inactive|Time left: 300 sec this turn | 300 sec total\n|\n|t:|1783556096\n|move|p2a: Flygon|Outrage|p1a: Clawitzer\n|-damage|p1a: Clawitzer|142/265\n|move|p1a: Clawitzer|Dragon Pulse|p2a: Flygon\n|-supereffective|p2a: Flygon\n|-damage|p2a: Flygon|1/100\n|\n|upkeep\n|turn|12\n|inactive|Time left: 300 sec this turn | 300 sec total\n|\n|t:|1783556097\n|move|p2a: Flygon|Outrage|p1a: Clawitzer|[from] lockedmove\n|-damage|p1a: Clawitzer|33/265\n|-start|p2a: Flygon|confusion|[fatigue]\n|-enditem|p2a: Flygon|Lum Berry|[eat]\n|-end|p2a: Flygon|confusion\n|move|p1a: Clawitzer|U-turn|p2a: Flygon\n|-damage|p2a: Flygon|0 fnt\n|faint|p2a: Flygon\n|inactive|Time left: 300 sec this turn | 300 sec total | 5 sec grace\n|\n|t:|1783556098\n|switch|p1a: Mienshao|Mienshao, L83, F|244/244|[from] U-turn\n|\n|upkeep\n|\n|t:|1783556099\n|switch|p2a: Slowking|Slowking-Galar, L85, M|85/100\n|turn|13\n|inactive|Time left: 300 sec this turn | 300 sec total\n|\n|t:|1783556100\n|move|p1a: Mienshao|U-turn|p2a: Slowking\n|-damage|p2a: Slowking|64/100\n|inactive|Time left: 300 sec this turn | 300 sec total | 5 sec grace\n|\n|t:|1783556101\n|switch|p1a: Snorlax|Snorlax, L82, M|201/397|[from] U-turn\n|move|p2a: Slowking|Psychic Noise|p1a: Snorlax\n|-damage|p1a: Snorlax|122/397\n|-start|p1a: Snorlax|move: Heal Block\n|\n|upkeep\n|turn|14\n|inactive|Time left: 300 sec this turn | 300 sec total\n|\n|t:|1783556102\n|move|p2a: Slowking|Sludge Bomb|p1a: Snorlax\n|-damage|p1a: Snorlax|29/397\n|move|p1a: Snorlax|Body Slam|p2a: Slowking\n|-damage|p2a: Slowking|29/100\n|\n|-end|p1a: Snorlax|move: Heal Block\n|upkeep\n|turn|15\n|inactive|Time left: 300 sec this turn | 300 sec total\n|\n|t:|1783556103\n|move|p2a: Slowking|Sludge Bomb|p1a: Snorlax\n|-damage|p1a: Snorlax|0 fnt\n|faint|p1a: Snorlax\n|\n|upkeep\n|inactive|Time left: 300 sec this turn | 300 sec total | 5 sec grace\n|\n|t:|1783556104\n|switch|p1a: Clawitzer|Clawitzer, L87, F|33/265\n|turn|16\n|inactive|Time left: 300 sec this turn | 300 sec total\n|\n|t:|1783556105\n|switch|p2a: Entei|Entei, L78|100/100\n|move|p1a: Clawitzer|Water Pulse|p2a: Entei\n|-supereffective|p2a: Entei\n|-damage|p2a: Entei|2/100\n|\n|upkeep\n|turn|17\n|inactive|Time left: 300 sec this turn | 300 sec total\n|\n|t:|1783556106\n|move|p2a: Entei|Extreme Speed|p1a: Clawitzer\n|-damage|p1a: Clawitzer|0 fnt\n|faint|p1a: Clawitzer\n|\n|upkeep\n|inactive|Time left: 300 sec this turn | 300 sec total | 5 sec grace\n|\n|t:|1783556107\n|switch|p1a: Mienshao|Mienshao, L83, F|244/244\n|turn|18\n|inactive|Time left: 300 sec this turn | 300 sec total\n|\n|t:|1783556107\n|-terastallize|p1a: Mienshao|Dark\n|move|p2a: Entei|Extreme Speed|p1a: Mienshao\n|-damage|p1a: Mienshao|131/244\n|move|p1a: Mienshao|U-turn|p2a: Entei\n|-resisted|p2a: Entei\n|-damage|p2a: Entei|0 fnt\n|faint|p2a: Entei\n|\n|upkeep\n|\n|t:|1783556108\n|switch|p2a: Lycanroc|Lycanroc, L86, M|38/100\n|turn|19\n|inactive|Time left: 300 sec this turn | 300 sec total\n|\n|t:|1783556109\n|move|p1a: Mienshao|Fake Out||[still]\n|-hint|Fake Out only works on your first turn out.\n|-fail|p1a: Mienshao\n|move|p2a: Lycanroc|Close Combat|p1a: Mienshao\n|-supereffective|p1a: Mienshao\n|-damage|p1a: Mienshao|0 fnt\n|-unboost|p2a: Lycanroc|def|1\n|-unboost|p2a: Lycanroc|spd|1\n|faint|p1a: Mienshao\n|-damage|p2a: Lycanroc|28/100|[from] item: Life Orb\n|\n|win|p0y13841e31", "uploadtime": 1783556109, "views": 0, "rating": 0, "private": 0, "password": null, "_winner": "p0y13841e31", "_our_name": "p0x13847a7e"}