{"id": "battle-gen9randombattle-1181", "formatid": "gen9randombattle", "format": "[Gen 9] Random Battle", "players": ["p0x11801530", "p0y11809e1e"], "log": "|init|battle\n|title|p0x11801530 vs. p0y11809e1e\n|j|\u2606p0x11801530\n|j|\u2606p0y11809e1e\n|t:|1783553665\n|gametype|singles\n|player|p1|p0x11801530|101|\n|player|p2|p0y11809e1e|2|\n|gen|9\n|tier|[Gen 9] Random Battle\n|rule|Species Clause: Limit one of each Pok\u00e9mon\n|rule|HP Percentage Mod: HP is shown in percentages\n|rule|Sleep Clause Mod: Limit one foe put to sleep\n|rule|Illusion Level Mod: Illusion disguises the Pok\u00e9mon's true level\n|\n|t:|1783553665\n|teamsize|p1|6\n|teamsize|p2|6\n|start\n|switch|p1a: Hitmonlee|Hitmonlee, L85, M|224/224\n|switch|p2a: Mienshao|Mienshao, L83, M|100/100\n|turn|1\n|inactive|Battle timer is ON: inactive players will automatically lose when time's up. (requested by p0x11801530)\n|inactive|p0y11809e1e also wants the timer to be on.\n|\n|t:|1783553666\n|switch|p1a: Ribombee|Ribombee, L83, F|235/235\n|move|p2a: Mienshao|Close Combat|p1a: Ribombee\n|-resisted|p1a: Ribombee\n|-damage|p1a: Ribombee|166/235\n|-unboost|p2a: Mienshao|def|1\n|-unboost|p2a: Mienshao|spd|1\n|-damage|p2a: Mienshao|91/100|[from] item: Life Orb\n|\n|upkeep\n|turn|2\n|inactive|Time left: 300 sec this turn | 300 sec total\n|\n|t:|1783553668\n|switch|p2a: Incineroar|Incineroar, L82, F|100/100\n|-ability|p2a: Incineroar|Intimidate|boost\n|-unboost|p1a: Ribombee|atk|1\n|move|p1a: Ribombee|Sticky Web|p2a: Incineroar\n|-sidestart|p2: p0y11809e1e|move: Sticky Web\n|\n|upkeep\n|turn|3\n|inactive|Time left: 300 sec this turn | 300 sec total\n|\n|t:|1783553669\n|switch|p1a: Qwilfish|Qwilfish-Hisui, L83, M|244/244\n|-ability|p1a: Qwilfish|Intimidate|boost\n|-unboost|p2a: Incineroar|atk|1\n|move|p2a: Incineroar|Knock Off|p1a: Qwilfish\n|-resisted|p1a: Qwilfish\n|-crit|p1a: Qwilfish\n|-damage|p1a: Qwilfish|185/244\n|-enditem|p1a: Qwilfish|Eviolite|[from] move: Knock Off|[of] p2a: Incineroar\n|\n|upkeep\n|turn|4\n|inactive|Time left: 300 sec this turn | 300 sec total\n|\n|t:|1783553670\n|move|p1a: Qwilfish|Gunk Shot|p2a: Incineroar\n|-damage|p2a: Incineroar|56/100\n|-status|p2a: Incineroar|psn\n|move|p2a: Incineroar|Flare Blitz|p1a: Qwilfish\n|-damage|p1a: Qwilfish|94/244\n|-damage|p2a: Incineroar|46/100 psn|[from] Recoil\n|\n|-damage|p2a: Incineroar|33/100 psn|[from] psn\n|upkeep\n|turn|5\n|inactive|Time left: 300 sec this turn | 300 sec total\n|\n|t:|1783553671\n|switch|p2a: Porygon-Z|Porygon-Z, L83|100/100\n|-activate|p2a: Porygon-Z|move: Sticky Web\n|-unboost|p2a: Porygon-Z|spe|1\n|-ability|p2a: Porygon-Z|Download|boost\n|-boost|p2a: Porygon-Z|spa|1\n|move|p1a: Qwilfish|Gunk Shot|p2a: Porygon-Z\n|-damage|p2a: Porygon-Z|43/100\n|\n|upkeep\n|turn|6\n|inactive|Time left: 300 sec this turn | 300 sec total\n|\n|t:|1783553672\n|move|p1a: Qwilfish|Gunk Shot|p2a: Porygon-Z\n|-damage|p2a: Porygon-Z|0 fnt\n|faint|p2a: Porygon-Z\n|\n|upkeep\n|\n|t:|1783553673\n|switch|p2a: Terrakion|Terrakion, L79|100/100\n|-activate|p2a: Terrakion|move: Sticky Web\n|-unboost|p2a: Terrakion|spe|1\n|turn|7\n|inactive|Time left: 300 sec this turn | 300 sec total\n|\n|t:|1783553674\n|move|p1a: Qwilfish|Toxic Spikes|p2a: Terrakion\n|-sidestart|p2: p0y11809e1e|move: Toxic Spikes\n|move|p2a: Terrakion|Close Combat|p1a: Qwilfish\n|-damage|p1a: Qwilfish|0 fnt\n|-unboost|p2a: Terrakion|def|1\n|-unboost|p2a: Terrakion|spd|1\n|faint|p1a: Qwilfish\n|\n|upkeep\n|inactive|Time left: 300 sec this turn | 300 sec total | 5 sec grace\n|\n|t:|1783553675\n|switch|p1a: Sylveon|Sylveon, L85, M|300/300\n|turn|8\n|inactive|Time left: 300 sec this turn | 300 sec total\n|\n|t:|1783553676\n|switch|p2a: Incineroar|Incineroar, L82, F|33/100 psn\n|-ability|p2a: Incineroar|Intimidate|boost\n|-unboost|p1a: Sylveon|atk|1\n|move|p1a: Sylveon|Hyper Voice|p2a: Incineroar\n|-damage|p2a: Incineroar|0 fnt\n|faint|p2a: Incineroar\n|\n|upkeep\n|\n|t:|1783553677\n|switch|p2a: Mienshao|Mienshao, L83, M|100/100\n|-activate|p2a: Mienshao|move: Sticky Web\n|-unboost|p2a: Mienshao|spe|1\n|-status|p2a: Mienshao|psn\n|turn|9\n|inactive|Time left: 300 sec this turn | 300 sec total\n|\n|t:|1783553678\n|-terastallize|p2a: Mienshao|Poison\n|move|p1a: Sylveon|Hyper Voice|p2a: Mienshao\n|-resisted|p2a: Mienshao\n|-crit|p2a: Mienshao\n|-damage|p2a: Mienshao|49/100 psn\n|move|p2a: Mienshao|Poison Jab|p1a: Sylveon\n|-supereffective|p1a: Sylveon\n|-damage|p1a: Sylveon|0 fnt\n|faint|p1a: Sylveon\n|-damage|p2a: Mienshao|39/100 psn|[from] item: Life Orb\n|\n|-damage|p2a: Mienshao|27/100 psn|[from] psn\n|upkeep\n|inactive|Time left: 300 sec this turn | 300 sec total | 5 sec grace\n|\n|t:|1783553679\n|switch|p1a: Cloyster|Cloyster, L80, F|211/211\n|turn|10\n|inactive|Time left: 300 sec this turn | 300 sec total\n|\n|t:|1783553680\n|-terastallize|p1a: Cloyster|Ground\n|move|p1a: Cloyster|Shell Smash|p1a: Cloyster\n|-unboost|p1a: Cloyster|def|1\n|-unboost|p1a: Cloyster|spd|1\n|-boost|p1a: Cloyster|atk|2\n|-boost|p1a: Cloyster|spa|2\n|-boost|p1a: Cloyster|spe|2\n|-enditem|p1a: Cloyster|White Herb\n|-clearnegativeboost|p1a: Cloyster|[silent]\n|move|p2a: Mienshao|Close Combat|p1a: Cloyster\n|-damage|p1a: Cloyster|82/211\n|-unboost|p2a: Mienshao|def|1\n|-unboost|p2a: Mienshao|spd|1\n|-damage|p2a: Mienshao|17/100 psn|[from] item: Life Orb\n|\n|-damage|p2a: Mienshao|5/100 psn|[from] psn\n|upkeep\n|turn|11\n|inactive|Time left: 300 sec this turn | 300 sec total\n|\n|t:|1783553681\n|move|p1a: Cloyster|Drill Run|p2a: Mienshao\n|-supereffective|p2a: Mienshao\n|-damage|p2a: Mienshao|0 fnt\n|faint|p2a: Mienshao\n|\n|upkeep\n|\n|t:|1783553682\n|switch|p2a: Wigglytuff|Wigglytuff, L96, M|100/100\n|-activate|p2a: Wigglytuff|move: Sticky Web\n|-unboost|p2a: Wigglytuff|spe|1\n|-ability|p2a: Wigglytuff|Competitive|boost\n|-boost|p2a: Wigglytuff|spa|2\n|-status|p2a: Wigglytuff|psn\n|turn|12\n|inactive|Time left: 300 sec this turn | 300 sec total\n|\n|t:|1783553683\n|move|p1a: Cloyster|Icicle Spear|p2a: Wigglytuff\n|-damage|p2a: Wigglytuff|86/100 psn\n|-damage|p2a: Wigglytuff|70/100 psn\n|-damage|p2a: Wigglytuff|53/100 psn\n|-damage|p2a: Wigglytuff|37/100 psn\n|-damage|p2a: Wigglytuff|21/100 psn\n|-hitcount|p2a: Wigglytuff|5\n|move|p2a: Wigglytuff|Dazzling Gleam|p1a: Cloyster\n|-damage|p1a: Cloyster|0 fnt\n|faint|p1a: Cloyster\n|\n|-heal|p2a: Wigglytuff|27/100 psn|[from] item: Leftovers\n|-damage|p2a: Wigglytuff|14/100 psn|[from] psn\n|upkeep\n|inactive|Time left: 300 sec this turn | 300 sec total | 5 sec grace\n|\n|t:|1783553684\n|switch|p1a: Swalot|Swalot, L90, F|326/326\n|turn|13\n|inactive|Time left: 300 sec this turn | 300 sec total\n|\n|t:|1783553686\n|move|p1a: Swalot|Earthquake|p2a: Wigglytuff\n|-damage|p2a: Wigglytuff|0 fnt\n|faint|p2a: Wigglytuff\n|\n|upkeep\n|\n|t:|1783553687\n|switch|p2a: Lanturn|Lanturn, L89, M|100/100\n|-activate|p2a: Lanturn|move: Sticky Web\n|-unboost|p2a: Lanturn|spe|1\n|-status|p2a: Lanturn|psn\n|turn|14\n|inactive|Time left: 300 sec this turn | 300 sec total\n|\n|t:|1783553688\n|move|p1a: Swalot|Earthquake|p2a: Lanturn\n|-supereffective|p2a: Lanturn\n|-damage|p2a: Lanturn|53/100 psn\n|move|p2a: Lanturn|Scald|p1a: Swalot\n|-damage|p1a: Swalot|242/326\n|-status|p1a: Swalot|brn\n|\n|-heal|p1a: Swalot|262/326 brn|[from] item: Leftovers\n|-heal|p2a: Lanturn|59/100 psn|[from] item: Leftovers\n|-damage|p2a: Lanturn|47/100 psn|[from] psn\n|-damage|p1a: Swalot|242/326 brn|[from] brn\n|upkeep\n|turn|15\n|inactive|Time left: 300 sec this turn | 300 sec total\n|\n|t:|1783553689\n|move|p1a: Swalot|Earthquake|p2a: Lanturn\n|-supereffective|p2a: Lanturn\n|-damage|p2a: Lanturn|22/100 psn\n|move|p2a: Lanturn|Ice Beam|p1a: Swalot\n|-damage|p1a: Swalot|184/326 brn\n|\n|-heal|p1a: Swalot|204/326 brn|[from] item: Leftovers\n|-heal|p2a: Lanturn|28/100 psn|[from] item: Leftovers\n|-damage|p2a: Lanturn|16/100 psn|[from] psn\n|-damage|p1a: Swalot|184/326 brn|[from] brn\n|upkeep\n|turn|16\n|inactive|Time left: 300 sec this turn | 300 sec total\n|\n|t:|1783553690\n|move|p1a: Swalot|Earthquake|p2a: Lanturn\n|-supereffective|p2a: Lanturn\n|-damage|p2a: Lanturn|0 fnt\n|faint|p2a: Lanturn\n|\n|-heal|p1a: Swalot|204/326 brn|[from] item: Leftovers\n|-damage|p1a: Swalot|184/326 brn|[from] brn\n|upkeep\n|\n|t:|1783553691\n|switch|p2a: Terrakion|Terrakion, L79|100/100\n|-activate|p2a: Terrakion|move: Sticky Web\n|-unboost|p2a: Terrakion|spe|1\n|-status|p2a: Terrakion|psn\n|turn|17\n|inactive|Time left: 300 sec this turn | 300 sec total\n|\n|t:|1783553692\n|switch|p1a: Ribombee|Ribombee, L83, F|166/235\n|move|p2a: Terrakion|Stone Edge|p1a: Ribombee|[miss]\n|-miss|p2a: Terrakion|p1a: Ribombee\n|\n|-damage|p2a: Terrakion|88/100 psn|[from] psn\n|upkeep\n|turn|18\n|inactive|Time left: 300 sec this turn | 300 sec total\n|\n|t:|1783553693\n|move|p1a: Ribombee|Moonblast|p2a: Terrakion\n|-supereffective|p2a: Terrakion\n|-damage|p2a: Terrakion|13/100 psn\n|move|p2a: Terrakion|Stone Edge|p1a: Ribombee\n|-supereffective|p1a: Ribombee\n|-damage|p1a: Ribombee|0 fnt\n|faint|p1a: Ribombee\n|\n|-damage|p2a: Terrakion|1/100 psn|[from] psn\n|upkeep\n|inactive|Time left: 300 sec this turn | 300 sec total | 5 sec grace\n|\n|t:|1783553693\n|switch|p1a: Swalot|Swalot, L90, F|184/326 brn\n|turn|19\n|inactive|Time left: 300 sec this turn | 300 sec total\n|\n|t:|1783553694\n|switch|p1a: Hitmonlee|Hitmonlee, L85, M|224/224\n|move|p2a: Terrakion|Stone Edge|p1a: Hitmonlee\n|-resisted|p1a: Hitmonlee\n|-damage|p1a: Hitmonlee|93/224\n|\n|-damage|p2a: Terrakion|0 fnt|[from] psn\n|faint|p2a: Terrakion\n|\n|win|p0x11801530", "uploadtime": 1783553694, "views": 0, "rating": 0, "private": 0, "password": null, "_winner": "p0x11801530", "_our_name": "p0x11801530"}