{"id": "battle-gen9randombattle-1226", "formatid": "gen9randombattle", "format": "[Gen 9] Random Battle", "players": ["p0x12262b35", "p0y12263588"], "log": "|init|battle\n|title|p0x12262b35 vs. p0y12263588\n|j|\u2606p0x12262b35\n|j|\u2606p0y12263588\n|t:|1783553314\n|gametype|singles\n|player|p1|p0x12262b35|169|\n|player|p2|p0y12263588|102|\n|gen|9\n|tier|[Gen 9] Random Battle\n|rule|Species Clause: Limit one of each Pok\u00e9mon\n|rule|HP Percentage Mod: HP is shown in percentages\n|rule|Sleep Clause Mod: Limit one foe put to sleep\n|rule|Illusion Level Mod: Illusion disguises the Pok\u00e9mon's true level\n|\n|t:|1783553314\n|teamsize|p1|6\n|teamsize|p2|6\n|start\n|switch|p1a: Slowking|Slowking, L88, F|310/310\n|switch|p2a: Terrakion|Terrakion, L79|100/100\n|turn|1\n|inactive|Battle timer is ON: inactive players will automatically lose when time's up. (requested by p0x12262b35)\n|inactive|p0y12263588 also wants the timer to be on.\n|\n|t:|1783553316\n|move|p2a: Terrakion|Stone Edge|p1a: Slowking\n|-damage|p1a: Slowking|132/310\n|move|p1a: Slowking|Scald|p2a: Terrakion\n|-supereffective|p2a: Terrakion\n|-damage|p2a: Terrakion|21/100\n|\n|upkeep\n|turn|2\n|inactive|Time left: 300 sec this turn | 300 sec total\n|\n|t:|1783553317\n|switch|p1a: Pawmot|Pawmot, L80, M|243/243\n|move|p2a: Terrakion|Stone Edge|p1a: Pawmot\n|-resisted|p1a: Pawmot\n|-damage|p1a: Pawmot|132/243\n|\n|upkeep\n|turn|3\n|inactive|Time left: 300 sec this turn | 300 sec total\n|\n|t:|1783553318\n|move|p2a: Terrakion|Stone Edge|p1a: Pawmot\n|-resisted|p1a: Pawmot\n|-damage|p1a: Pawmot|27/243\n|move|p1a: Pawmot|Double Shock|p2a: Terrakion\n|-damage|p2a: Terrakion|0 fnt\n|-start|p1a: Pawmot|typechange|???/Fighting|[from] move: Double Shock\n|faint|p2a: Terrakion\n|\n|upkeep\n|\n|t:|1783553319\n|switch|p2a: Toedscruel|Toedscruel, L87, F|100/100\n|turn|4\n|inactive|Time left: 300 sec this turn | 300 sec total\n|\n|t:|1783553320\n|switch|p1a: Weezing|Weezing-Galar, L86, M|252/252\n|move|p2a: Toedscruel|Earth Power|p1a: Weezing\n|-immune|p1a: Weezing|[from] ability: Levitate\n|\n|upkeep\n|turn|5\n|inactive|Time left: 300 sec this turn | 300 sec total\n|\n|t:|1783553322\n|move|p2a: Toedscruel|Knock Off|p1a: Weezing\n|-resisted|p1a: Weezing\n|-crit|p1a: Weezing\n|-damage|p1a: Weezing|222/252\n|-enditem|p1a: Weezing|Leftovers|[from] move: Knock Off|[of] p2a: Toedscruel\n|move|p1a: Weezing|Gunk Shot|p2a: Toedscruel\n|-damage|p2a: Toedscruel|46/100\n|\n|upkeep\n|turn|6\n|inactive|Time left: 300 sec this turn | 300 sec total\n|\n|t:|1783553323\n|move|p2a: Toedscruel|Giga Drain|p1a: Weezing\n|-resisted|p1a: Weezing\n|-damage|p1a: Weezing|180/252\n|-heal|p2a: Toedscruel|54/100|[from] drain|[of] p1a: Weezing\n|move|p1a: Weezing|Gunk Shot|p2a: Toedscruel\n|-damage|p2a: Toedscruel|0 fnt\n|faint|p2a: Toedscruel\n|\n|upkeep\n|\n|t:|1783553324\n|switch|p2a: Gallade|Gallade, L80, M|100/100\n|turn|7\n|inactive|Time left: 300 sec this turn | 300 sec total\n|\n|t:|1783553325\n|switch|p1a: Slowking|Slowking, L88, F|235/310\n|move|p2a: Gallade|Psycho Cut|p1a: Slowking\n|-resisted|p1a: Slowking\n|-damage|p1a: Slowking|136/310\n|\n|upkeep\n|turn|8\n|inactive|Time left: 300 sec this turn | 300 sec total\n|\n|t:|1783553326\n|move|p2a: Gallade|Psycho Cut|p1a: Slowking\n|-resisted|p1a: Slowking\n|-damage|p1a: Slowking|39/310\n|move|p1a: Slowking|Slack Off|p1a: Slowking\n|-heal|p1a: Slowking|194/310\n|\n|upkeep\n|turn|9\n|inactive|Time left: 300 sec this turn | 300 sec total\n|\n|t:|1783553327\n|move|p2a: Gallade|Psycho Cut|p1a: Slowking\n|-resisted|p1a: Slowking\n|-damage|p1a: Slowking|105/310\n|move|p1a: Slowking|Scald|p2a: Gallade\n|-damage|p2a: Gallade|65/100\n|\n|upkeep\n|turn|10\n|inactive|Time left: 300 sec this turn | 300 sec total\n|\n|t:|1783553328\n|move|p2a: Gallade|Psycho Cut|p1a: Slowking\n|-resisted|p1a: Slowking\n|-damage|p1a: Slowking|9/310\n|move|p1a: Slowking|Slack Off|p1a: Slowking\n|-heal|p1a: Slowking|164/310\n|\n|upkeep\n|turn|11\n|inactive|Time left: 300 sec this turn | 300 sec total\n|\n|t:|1783553329\n|move|p2a: Gallade|Psycho Cut|p1a: Slowking\n|-resisted|p1a: Slowking\n|-damage|p1a: Slowking|62/310\n|move|p1a: Slowking|Scald|p2a: Gallade\n|-damage|p2a: Gallade|29/100\n|-status|p2a: Gallade|brn\n|\n|-damage|p2a: Gallade|23/100 brn|[from] brn\n|upkeep\n|turn|12\n|inactive|Time left: 300 sec this turn | 300 sec total\n|\n|t:|1783553330\n|move|p2a: Gallade|Psycho Cut|p1a: Slowking\n|-resisted|p1a: Slowking\n|-damage|p1a: Slowking|11/310\n|move|p1a: Slowking|Slack Off|p1a: Slowking\n|-heal|p1a: Slowking|166/310\n|\n|-damage|p2a: Gallade|16/100 brn|[from] brn\n|upkeep\n|turn|13\n|inactive|Time left: 300 sec this turn | 300 sec total\n|\n|t:|1783553331\n|move|p2a: Gallade|Psycho Cut|p1a: Slowking\n|-resisted|p1a: Slowking\n|-damage|p1a: Slowking|119/310\n|move|p1a: Slowking|Slack Off|p1a: Slowking\n|-heal|p1a: Slowking|274/310\n|\n|-damage|p2a: Gallade|10/100 brn|[from] brn\n|upkeep\n|turn|14\n|inactive|Time left: 300 sec this turn | 300 sec total\n|\n|t:|1783553332\n|move|p2a: Gallade|Psycho Cut|p1a: Slowking\n|-resisted|p1a: Slowking\n|-damage|p1a: Slowking|229/310\n|move|p1a: Slowking|Scald|p2a: Gallade\n|-damage|p2a: Gallade|0 fnt\n|faint|p2a: Gallade\n|\n|upkeep\n|\n|t:|1783553333\n|switch|p2a: Necrozma|Necrozma, L80|100/100\n|turn|15\n|inactive|Time left: 300 sec this turn | 300 sec total\n|\n|t:|1783553334\n|switch|p1a: Primarina|Primarina, L83, F|268/268\n|move|p2a: Necrozma|Dragon Dance|p2a: Necrozma\n|-boost|p2a: Necrozma|atk|1\n|-boost|p2a: Necrozma|spe|1\n|\n|upkeep\n|turn|16\n|inactive|Time left: 300 sec this turn | 300 sec total\n|\n|t:|1783553335\n|move|p2a: Necrozma|Dragon Dance|p2a: Necrozma\n|-boost|p2a: Necrozma|atk|1\n|-boost|p2a: Necrozma|spe|1\n|move|p1a: Primarina|Sparkling Aria|p2a: Necrozma\n|-damage|p2a: Necrozma|59/100\n|\n|upkeep\n|turn|17\n|inactive|Time left: 300 sec this turn | 300 sec total\n|\n|t:|1783553337\n|move|p2a: Necrozma|Photon Geyser|p1a: Primarina\n|-damage|p1a: Primarina|0 fnt\n|faint|p1a: Primarina\n|-damage|p2a: Necrozma|49/100|[from] item: Life Orb\n|\n|upkeep\n|inactive|Time left: 300 sec this turn | 300 sec total | 5 sec grace\n|\n|t:|1783553338\n|switch|p1a: Weezing|Weezing-Galar, L86, M|180/252\n|turn|18\n|inactive|Time left: 300 sec this turn | 300 sec total\n|\n|t:|1783553339\n|-terastallize|p1a: Weezing|Steel\n|move|p2a: Necrozma|Photon Geyser|p1a: Weezing\n|-resisted|p1a: Weezing\n|-damage|p1a: Weezing|75/252\n|-damage|p2a: Necrozma|39/100|[from] item: Life Orb\n|move|p1a: Weezing|Gunk Shot|p2a: Necrozma|[miss]\n|-miss|p1a: Weezing|p2a: Necrozma\n|\n|upkeep\n|turn|19\n|inactive|Time left: 300 sec this turn | 300 sec total\n|\n|t:|1783553340\n|switch|p1a: Pawmot|Pawmot, L80, M|27/243\n|move|p2a: Necrozma|Photon Geyser|p1a: Pawmot\n|-supereffective|p1a: Pawmot\n|-damage|p1a: Pawmot|0 fnt\n|faint|p1a: Pawmot\n|-damage|p2a: Necrozma|29/100|[from] item: Life Orb\n|\n|upkeep\n|inactive|Time left: 300 sec this turn | 300 sec total | 5 sec grace\n|\n|t:|1783553341\n|switch|p1a: Weezing|Weezing-Galar, L86, M, tera:Steel|75/252\n|turn|20\n|inactive|Time left: 300 sec this turn | 300 sec total\n|\n|t:|1783553342\n|move|p2a: Necrozma|Photon Geyser|p1a: Weezing\n|-resisted|p1a: Weezing\n|-damage|p1a: Weezing|0 fnt\n|faint|p1a: Weezing\n|-damage|p2a: Necrozma|19/100|[from] item: Life Orb\n|\n|upkeep\n|inactive|Time left: 300 sec this turn | 300 sec total | 5 sec grace\n|\n|t:|1783553343\n|switch|p1a: Victreebel|Victreebel, L90, F|290/290\n|turn|21\n|inactive|Time left: 300 sec this turn | 300 sec total\n|\n|t:|1783553344\n|switch|p1a: Slowking|Slowking, L88, F|310/310\n|-terastallize|p2a: Necrozma|Dark\n|move|p2a: Necrozma|Knock Off|p1a: Slowking\n|-supereffective|p1a: Slowking\n|-damage|p1a: Slowking|0 fnt\n|-enditem|p1a: Slowking|Heavy-Duty Boots|[from] move: Knock Off|[of] p2a: Necrozma\n|faint|p1a: Slowking\n|-damage|p2a: Necrozma|10/100|[from] item: Life Orb\n|\n|upkeep\n|inactive|Time left: 300 sec this turn | 300 sec total | 5 sec grace\n|\n|t:|1783553345\n|switch|p1a: Victreebel|Victreebel, L90, F|290/290\n|turn|22\n|inactive|Time left: 300 sec this turn | 300 sec total\n|\n|t:|1783553345\n|move|p2a: Necrozma|Knock Off|p1a: Victreebel\n|-damage|p1a: Victreebel|0 fnt\n|-enditem|p1a: Victreebel|Life Orb|[from] move: Knock Off|[of] p2a: Necrozma\n|faint|p1a: Victreebel\n|-damage|p2a: Necrozma|0 fnt|[from] item: Life Orb\n|faint|p2a: Necrozma\n|\n|upkeep\n|inactive|Time left: 300 sec this turn | 300 sec total | 5 sec grace\n|\n|t:|1783553346\n|switch|p1a: Electrode|Electrode-Hisui, L87|246/246\n|switch|p2a: Ogerpon|Ogerpon-Hearthflame, L74, F|100/100\n|-ability|p2a: Ogerpon|Mold Breaker\n|turn|23\n|inactive|Time left: 300 sec this turn | 300 sec total\n|\n|t:|1783553347\n|move|p1a: Electrode|Thunder Wave|p2a: Ogerpon|[miss]\n|-miss|p1a: Electrode|p2a: Ogerpon\n|move|p2a: Ogerpon|Ivy Cudgel|p1a: Electrode|[anim] Ivy Cudgel Fire\n|-supereffective|p1a: Electrode\n|-damage|p1a: Electrode|0 fnt\n|faint|p1a: Electrode\n|\n|win|p0y12263588", "uploadtime": 1783553347, "views": 0, "rating": 0, "private": 0, "password": null, "_winner": "p0y12263588", "_our_name": "p0x12262b35"}