{"id": "battle-gen9randombattle-1151", "formatid": "gen9randombattle", "format": "[Gen 9] Random Battle", "players": ["p0x11519cfb", "p0y11513413"], "log": "|init|battle\n|title|p0x11519cfb vs. p0y11513413\n|j|\u2606p0x11519cfb\n|j|\u2606p0y11513413\n|t:|1783553373\n|gametype|singles\n|player|p1|p0x11519cfb|1|\n|player|p2|p0y11513413|102|\n|gen|9\n|tier|[Gen 9] Random Battle\n|rule|Species Clause: Limit one of each Pok\u00e9mon\n|rule|HP Percentage Mod: HP is shown in percentages\n|rule|Sleep Clause Mod: Limit one foe put to sleep\n|rule|Illusion Level Mod: Illusion disguises the Pok\u00e9mon's true level\n|\n|t:|1783553373\n|teamsize|p1|6\n|teamsize|p2|6\n|start\n|switch|p1a: Hoopa|Hoopa, L85|275/275\n|switch|p2a: Araquanid|Araquanid, L82, F|100/100\n|turn|1\n|inactive|Battle timer is ON: inactive players will automatically lose when time's up. (requested by p0x11519cfb)\n|inactive|p0y11513413 also wants the timer to be on.\n|\n|t:|1783553375\n|move|p1a: Hoopa|Nasty Plot|p1a: Hoopa\n|-boost|p1a: Hoopa|spa|2\n|move|p2a: Araquanid|Sticky Web|p1a: Hoopa\n|-sidestart|p1: p0x11519cfb|move: Sticky Web\n|\n|upkeep\n|turn|2\n|inactive|Time left: 300 sec this turn | 300 sec total\n|\n|t:|1783553375\n|switch|p2a: Skuntank|Skuntank, L84, M|100/100\n|move|p1a: Hoopa|Psyshock|p2a: Skuntank\n|-immune|p2a: Skuntank\n|\n|upkeep\n|turn|3\n|inactive|Time left: 300 sec this turn | 300 sec total\n|\n|t:|1783553376\n|-terastallize|p1a: Hoopa|Fighting\n|move|p2a: Skuntank|Knock Off|p1a: Hoopa\n|-resisted|p1a: Hoopa\n|-damage|p1a: Hoopa|189/275\n|-enditem|p1a: Hoopa|Life Orb|[from] move: Knock Off|[of] p2a: Skuntank\n|-damage|p2a: Skuntank|90/100|[from] item: Life Orb\n|move|p1a: Hoopa|Focus Blast|p2a: Skuntank\n|-damage|p2a: Skuntank|0 fnt\n|faint|p2a: Skuntank\n|-item|p1a: Hoopa|Life Orb|[from] ability: Magician|[of] p2: Skuntank\n|\n|upkeep\n|\n|t:|1783553377\n|switch|p2a: Gardevoir|Gardevoir, L83, F|100/100\n|-ability|p2a: Gardevoir|Magician|Trace|[from] ability: Trace|[of] p1a: Hoopa\n|turn|4\n|inactive|Time left: 300 sec this turn | 300 sec total\n|\n|t:|1783553378\n|move|p2a: Gardevoir|Psyshock|p1a: Hoopa\n|-supereffective|p1a: Hoopa\n|-damage|p1a: Hoopa|0 fnt\n|faint|p1a: Hoopa\n|\n|upkeep\n|inactive|Time left: 300 sec this turn | 300 sec total | 5 sec grace\n|\n|t:|1783553379\n|switch|p1a: Gastrodon|Gastrodon-East, L86, M|331/331\n|-activate|p1a: Gastrodon|move: Sticky Web\n|-unboost|p1a: Gastrodon|spe|1\n|turn|5\n|inactive|Time left: 300 sec this turn | 300 sec total\n|\n|t:|1783553381\n|move|p2a: Gardevoir|Psyshock|p1a: Gastrodon\n|-damage|p1a: Gastrodon|220/331\n|move|p1a: Gastrodon|Earthquake|p2a: Gardevoir\n|-damage|p2a: Gardevoir|51/100\n|\n|-heal|p1a: Gastrodon|240/331|[from] item: Leftovers\n|upkeep\n|turn|6\n|inactive|Time left: 300 sec this turn | 300 sec total\n|\n|t:|1783553382\n|switch|p2a: Porygon-Z|Porygon-Z, L83|100/100\n|-ability|p2a: Porygon-Z|Download|boost\n|-boost|p2a: Porygon-Z|atk|1\n|move|p1a: Gastrodon|Earthquake|p2a: Porygon-Z\n|-damage|p2a: Porygon-Z|57/100\n|\n|-heal|p1a: Gastrodon|260/331|[from] item: Leftovers\n|upkeep\n|turn|7\n|inactive|Time left: 300 sec this turn | 300 sec total\n|\n|t:|1783553383\n|move|p2a: Porygon-Z|Nasty Plot|p2a: Porygon-Z\n|-boost|p2a: Porygon-Z|spa|2\n|move|p1a: Gastrodon|Earthquake|p2a: Porygon-Z\n|-damage|p2a: Porygon-Z|15/100\n|\n|-heal|p1a: Gastrodon|280/331|[from] item: Leftovers\n|upkeep\n|turn|8\n|inactive|Time left: 300 sec this turn | 300 sec total\n|\n|t:|1783553384\n|switch|p1a: Probopass|Probopass, L91, F|257/257\n|-activate|p1a: Probopass|move: Sticky Web\n|-unboost|p1a: Probopass|spe|1\n|move|p2a: Porygon-Z|Tri Attack|p1a: Probopass\n|-resisted|p1a: Probopass\n|-damage|p1a: Probopass|218/257\n|-damage|p2a: Porygon-Z|5/100|[from] item: Life Orb\n|\n|upkeep\n|turn|9\n|inactive|Time left: 300 sec this turn | 300 sec total\n|\n|t:|1783553385\n|move|p2a: Porygon-Z|Tri Attack|p1a: Probopass\n|-resisted|p1a: Probopass\n|-damage|p1a: Probopass|173/257\n|-damage|p2a: Porygon-Z|0 fnt|[from] item: Life Orb\n|faint|p2a: Porygon-Z\n|move|p1a: Probopass|Body Press|p2: Porygon-Z|[notarget]\n|-fail|p1a: Probopass\n|\n|upkeep\n|\n|t:|1783553386\n|switch|p2a: Gardevoir|Gardevoir, L83, F|51/100\n|-ability|p2a: Gardevoir|Magnet Pull|Trace|[from] ability: Trace|[of] p1a: Probopass\n|turn|10\n|inactive|Time left: 300 sec this turn | 300 sec total\n|\n|t:|1783553387\n|move|p2a: Gardevoir|Focus Blast|p1a: Probopass|[miss]\n|-miss|p2a: Gardevoir|p1a: Probopass\n|move|p1a: Probopass|Iron Defense|p1a: Probopass\n|-boost|p1a: Probopass|def|2\n|\n|upkeep\n|turn|11\n|inactive|Time left: 300 sec this turn | 300 sec total\n|\n|t:|1783553388\n|move|p2a: Gardevoir|Focus Blast|p1a: Probopass\n|-supereffective|p1a: Probopass\n|-damage|p1a: Probopass|0 fnt\n|faint|p1a: Probopass\n|\n|upkeep\n|inactive|Time left: 300 sec this turn | 300 sec total | 5 sec grace\n|\n|t:|1783553389\n|switch|p1a: Gastrodon|Gastrodon-East, L86, M|280/331\n|-activate|p1a: Gastrodon|move: Sticky Web\n|-unboost|p1a: Gastrodon|spe|1\n|turn|12\n|inactive|Time left: 300 sec this turn | 300 sec total\n|\n|t:|1783553390\n|switch|p2a: Snorlax|Snorlax, L82, F|100/100\n|move|p1a: Gastrodon|Earthquake|p2a: Snorlax\n|-damage|p2a: Snorlax|67/100\n|\n|-heal|p1a: Gastrodon|300/331|[from] item: Leftovers\n|upkeep\n|turn|13\n|inactive|Time left: 300 sec this turn | 300 sec total\n|\n|t:|1783553391\n|move|p2a: Snorlax|Curse|p2a: Snorlax\n|-unboost|p2a: Snorlax|spe|1\n|-boost|p2a: Snorlax|atk|1\n|-boost|p2a: Snorlax|def|1\n|move|p1a: Gastrodon|Earthquake|p2a: Snorlax\n|-damage|p2a: Snorlax|45/100\n|\n|-heal|p1a: Gastrodon|320/331|[from] item: Leftovers\n|upkeep\n|turn|14\n|inactive|Time left: 300 sec this turn | 300 sec total\n|\n|t:|1783553392\n|move|p1a: Gastrodon|Earthquake|p2a: Snorlax\n|-damage|p2a: Snorlax|25/100\n|move|p2a: Snorlax|Body Slam|p1a: Gastrodon\n|-damage|p1a: Gastrodon|164/331\n|\n|-heal|p1a: Gastrodon|184/331|[from] item: Leftovers\n|upkeep\n|turn|15\n|inactive|Time left: 300 sec this turn | 300 sec total\n|\n|t:|1783553393\n|move|p1a: Gastrodon|Earthquake|p2a: Snorlax\n|-damage|p2a: Snorlax|5/100\n|move|p2a: Snorlax|Rest|p2a: Snorlax\n|-status|p2a: Snorlax|slp|[from] move: Rest\n|-heal|p2a: Snorlax|100/100 slp|[silent]\n|-enditem|p2a: Snorlax|Chesto Berry|[eat]\n|-curestatus|p2a: Snorlax|slp|[msg]\n|\n|-heal|p1a: Gastrodon|204/331|[from] item: Leftovers\n|upkeep\n|turn|16\n|inactive|Time left: 300 sec this turn | 300 sec total\n|\n|t:|1783553394\n|move|p1a: Gastrodon|Recover|p1a: Gastrodon\n|-heal|p1a: Gastrodon|331/331\n|move|p2a: Snorlax|Body Slam|p1a: Gastrodon\n|-damage|p1a: Gastrodon|166/331\n|\n|-heal|p1a: Gastrodon|186/331|[from] item: Leftovers\n|upkeep\n|turn|17\n|inactive|Time left: 300 sec this turn | 300 sec total\n|\n|t:|1783553395\n|move|p1a: Gastrodon|Recover|p1a: Gastrodon\n|-heal|p1a: Gastrodon|331/331\n|move|p2a: Snorlax|Body Slam|p1a: Gastrodon\n|-crit|p1a: Gastrodon\n|-damage|p1a: Gastrodon|82/331\n|\n|-heal|p1a: Gastrodon|102/331|[from] item: Leftovers\n|upkeep\n|turn|18\n|inactive|Time left: 300 sec this turn | 300 sec total\n|\n|t:|1783553396\n|move|p1a: Gastrodon|Recover|p1a: Gastrodon\n|-heal|p1a: Gastrodon|268/331\n|move|p2a: Snorlax|Body Slam|p1a: Gastrodon\n|-damage|p1a: Gastrodon|99/331\n|-status|p1a: Gastrodon|par\n|\n|-heal|p1a: Gastrodon|119/331 par|[from] item: Leftovers\n|upkeep\n|turn|19\n|inactive|Time left: 300 sec this turn | 300 sec total\n|\n|t:|1783553397\n|move|p2a: Snorlax|Body Slam|p1a: Gastrodon\n|-damage|p1a: Gastrodon|0 fnt\n|faint|p1a: Gastrodon\n|\n|upkeep\n|inactive|Time left: 300 sec this turn | 300 sec total | 5 sec grace\n|\n|t:|1783553398\n|switch|p1a: Bellibolt|Bellibolt, L84, F|320/320\n|-activate|p1a: Bellibolt|move: Sticky Web\n|-unboost|p1a: Bellibolt|spe|1\n|turn|20\n|inactive|Time left: 300 sec this turn | 300 sec total\n|\n|t:|1783553400\n|move|p1a: Bellibolt|Thunderbolt|p2a: Snorlax\n|-damage|p2a: Snorlax|78/100\n|move|p2a: Snorlax|Crunch|p1a: Bellibolt\n|-damage|p1a: Bellibolt|237/320\n|-start|p1a: Bellibolt|Charge|Crunch|[from] ability: Electromorphosis\n|\n|-heal|p1a: Bellibolt|257/320|[from] item: Leftovers\n|upkeep\n|turn|21\n|inactive|Time left: 300 sec this turn | 300 sec total\n|\n|t:|1783553401\n|move|p1a: Bellibolt|Thunderbolt|p2a: Snorlax\n|-damage|p2a: Snorlax|34/100\n|-end|p1a: Bellibolt|Charge|[silent]\n|move|p2a: Snorlax|Body Slam|p1a: Bellibolt\n|-damage|p1a: Bellibolt|112/320\n|-start|p1a: Bellibolt|Charge|Body Slam|[from] ability: Electromorphosis\n|\n|-heal|p1a: Bellibolt|132/320|[from] item: Leftovers\n|upkeep\n|turn|22\n|inactive|Time left: 300 sec this turn | 300 sec total\n|\n|t:|1783553402\n|move|p1a: Bellibolt|Thunderbolt|p2a: Snorlax\n|-damage|p2a: Snorlax|0 fnt\n|faint|p2a: Snorlax\n|-end|p1a: Bellibolt|Charge|[silent]\n|\n|-heal|p1a: Bellibolt|152/320|[from] item: Leftovers\n|upkeep\n|\n|t:|1783553403\n|switch|p2a: Gardevoir|Gardevoir, L83, F|51/100\n|-ability|p2a: Gardevoir|Electromorphosis|Trace|[from] ability: Trace|[of] p1a: Bellibolt\n|turn|23\n|inactive|Time left: 300 sec this turn | 300 sec total\n|\n|t:|1783553404\n|move|p2a: Gardevoir|Moonblast|p1a: Bellibolt\n|-damage|p1a: Bellibolt|34/320\n|-start|p1a: Bellibolt|Charge|Moonblast|[from] ability: Electromorphosis\n|move|p1a: Bellibolt|Slack Off|p1a: Bellibolt\n|-heal|p1a: Bellibolt|194/320\n|\n|-heal|p1a: Bellibolt|214/320|[from] item: Leftovers\n|upkeep\n|turn|24\n|inactive|Time left: 300 sec this turn | 300 sec total\n|\n|t:|1783553405\n|move|p2a: Gardevoir|Moonblast|p1a: Bellibolt\n|-damage|p1a: Bellibolt|90/320\n|-start|p1a: Bellibolt|Charge|Moonblast|[from] ability: Electromorphosis\n|move|p1a: Bellibolt|Thunderbolt|p2a: Gardevoir\n|-damage|p2a: Gardevoir|0 fnt\n|faint|p2a: Gardevoir\n|-end|p1a: Bellibolt|Charge|[silent]\n|\n|-heal|p1a: Bellibolt|110/320|[from] item: Leftovers\n|upkeep\n|\n|t:|1783553406\n|switch|p2a: Araquanid|Araquanid, L82, F|100/100\n|turn|25\n|inactive|Time left: 300 sec this turn | 300 sec total\n|\n|t:|1783553407\n|move|p2a: Araquanid|Liquidation|p1a: Bellibolt\n|-damage|p1a: Bellibolt|0 fnt\n|faint|p1a: Bellibolt\n|\n|upkeep\n|inactive|Time left: 300 sec this turn | 300 sec total | 5 sec grace\n|\n|t:|1783553408\n|switch|p1a: Zebstrika|Zebstrika, L87, F|272/272\n|-activate|p1a: Zebstrika|move: Sticky Web\n|-unboost|p1a: Zebstrika|spe|1\n|turn|26\n|inactive|Time left: 300 sec this turn | 300 sec total\n|\n|t:|1783553409\n|-terastallize|p2a: Araquanid|Ground\n|move|p1a: Zebstrika|Supercell Slam|p2a: Araquanid\n|-immune|p2a: Araquanid\n|-damage|p1a: Zebstrika|136/272|[from] supercellslam\n|move|p2a: Araquanid|Liquidation|p1a: Zebstrika\n|-damage|p1a: Zebstrika|0 fnt\n|faint|p1a: Zebstrika\n|\n|upkeep\n|inactive|Time left: 300 sec this turn | 300 sec total | 5 sec grace\n|\n|t:|1783553410\n|switch|p1a: Illumise|Illumise, L91, F|266/266\n|turn|27\n|inactive|Time left: 300 sec this turn | 300 sec total\n|\n|t:|1783553411\n|move|p1a: Illumise|Bug Buzz|p2a: Araquanid\n|-crit|p2a: Araquanid\n|-damage|p2a: Araquanid|56/100\n|move|p2a: Araquanid|Liquidation|p1a: Illumise\n|-damage|p1a: Illumise|125/266\n|-unboost|p1a: Illumise|def|1\n|\n|upkeep\n|turn|28\n|inactive|Time left: 300 sec this turn | 300 sec total\n|\n|t:|1783553412\n|move|p1a: Illumise|Roost|p1a: Illumise\n|-heal|p1a: Illumise|258/266\n|-singleturn|p1a: Illumise|move: Roost\n|move|p2a: Araquanid|Liquidation|p1a: Illumise\n|-damage|p1a: Illumise|32/266\n|\n|upkeep\n|turn|29\n|inactive|Time left: 300 sec this turn | 300 sec total\n|\n|t:|1783553412\n|move|p1a: Illumise|Roost|p1a: Illumise\n|-heal|p1a: Illumise|165/266\n|-singleturn|p1a: Illumise|move: Roost\n|move|p2a: Araquanid|Liquidation|p1a: Illumise\n|-damage|p1a: Illumise|0 fnt\n|faint|p1a: Illumise\n|\n|win|p0y11513413", "uploadtime": 1783553412, "views": 0, "rating": 0, "private": 0, "password": null, "_winner": "p0y11513413", "_our_name": "p0x11519cfb"}