{"id": "battle-gen9randombattle-1726", "formatid": "gen9randombattle", "format": "[Gen 9] Random Battle", "players": ["p0x1726aa50", "p0y17260b44"], "log": "|init|battle\n|title|p0x1726aa50 vs. p0y17260b44\n|j|\u2606p0x1726aa50\n|j|\u2606p0y17260b44\n|t:|1783559972\n|gametype|singles\n|player|p1|p0x1726aa50|1|\n|player|p2|p0y17260b44|265|\n|gen|9\n|tier|[Gen 9] Random Battle\n|rule|Species Clause: Limit one of each Pok\u00e9mon\n|rule|HP Percentage Mod: HP is shown in percentages\n|rule|Sleep Clause Mod: Limit one foe put to sleep\n|rule|Illusion Level Mod: Illusion disguises the Pok\u00e9mon's true level\n|\n|t:|1783559972\n|teamsize|p1|6\n|teamsize|p2|6\n|start\n|switch|p1a: Toxicroak|Toxicroak, L84, F|277/277\n|switch|p2a: Hydreigon|Hydreigon, L79, M|100/100\n|turn|1\n|inactive|Battle timer is ON: inactive players will automatically lose when time's up. (requested by p0x1726aa50)\n|inactive|p0y17260b44 also wants the timer to be on.\n|\n|t:|1783559974\n|move|p1a: Toxicroak|Close Combat|p2a: Hydreigon\n|-supereffective|p2a: Hydreigon\n|-crit|p2a: Hydreigon\n|-damage|p2a: Hydreigon|0 fnt\n|-unboost|p1a: Toxicroak|def|1\n|-unboost|p1a: Toxicroak|spd|1\n|faint|p2a: Hydreigon\n|\n|upkeep\n|\n|t:|1783559975\n|switch|p2a: Whiscash|Whiscash, L88, F|100/100\n|turn|2\n|inactive|Time left: 300 sec this turn | 300 sec total\n|\n|t:|1783559976\n|switch|p1a: Azelf|Azelf, L82|257/257\n|move|p2a: Whiscash|Dragon Dance|p2a: Whiscash\n|-boost|p2a: Whiscash|atk|1\n|-boost|p2a: Whiscash|spe|1\n|\n|upkeep\n|turn|3\n|inactive|Time left: 300 sec this turn | 300 sec total\n|\n|t:|1783559977\n|move|p1a: Azelf|Psychic|p2a: Whiscash\n|-damage|p2a: Whiscash|48/100\n|move|p2a: Whiscash|Dragon Dance|p2a: Whiscash\n|-boost|p2a: Whiscash|atk|1\n|-boost|p2a: Whiscash|spe|1\n|\n|upkeep\n|turn|4\n|inactive|Time left: 300 sec this turn | 300 sec total\n|\n|t:|1783559978\n|move|p2a: Whiscash|Liquidation|p1a: Azelf\n|-damage|p1a: Azelf|0 fnt\n|faint|p1a: Azelf\n|-damage|p2a: Whiscash|38/100|[from] item: Life Orb\n|\n|upkeep\n|inactive|Time left: 300 sec this turn | 300 sec total | 5 sec grace\n|\n|t:|1783559979\n|switch|p1a: Samurott|Samurott, L88, M|310/310\n|turn|5\n|inactive|Time left: 300 sec this turn | 300 sec total\n|\n|t:|1783559980\n|-terastallize|p2a: Whiscash|Ground\n|move|p2a: Whiscash|Earthquake|p1a: Samurott\n|-damage|p1a: Samurott|1/310\n|-damage|p2a: Whiscash|28/100|[from] item: Life Orb\n|move|p1a: Samurott|Liquidation|p2a: Whiscash\n|-supereffective|p2a: Whiscash\n|-damage|p2a: Whiscash|0 fnt\n|faint|p2a: Whiscash\n|-damage|p1a: Samurott|0 fnt|[from] item: Life Orb\n|faint|p1a: Samurott\n|\n|upkeep\n|inactive|Time left: 300 sec this turn | 300 sec total | 5 sec grace\n|\n|t:|1783559981\n|switch|p1a: Clefable|Clefable, L83, M|293/293\n|switch|p2a: Drifblim|Drifblim, L86, M|100/100\n|turn|6\n|inactive|Time left: 300 sec this turn | 300 sec total\n|\n|t:|1783559982\n|move|p2a: Drifblim|Calm Mind|p2a: Drifblim\n|-boost|p2a: Drifblim|spa|1\n|-boost|p2a: Drifblim|spd|1\n|move|p1a: Clefable|Calm Mind|p1a: Clefable\n|-boost|p1a: Clefable|spa|1\n|-boost|p1a: Clefable|spd|1\n|\n|upkeep\n|turn|7\n|inactive|Time left: 300 sec this turn | 300 sec total\n|\n|t:|1783559983\n|move|p2a: Drifblim|Calm Mind|p2a: Drifblim\n|-boost|p2a: Drifblim|spa|1\n|-boost|p2a: Drifblim|spd|1\n|move|p1a: Clefable|Calm Mind|p1a: Clefable\n|-boost|p1a: Clefable|spa|1\n|-boost|p1a: Clefable|spd|1\n|\n|upkeep\n|turn|8\n|inactive|Time left: 300 sec this turn | 300 sec total\n|\n|t:|1783559984\n|move|p2a: Drifblim|Calm Mind|p2a: Drifblim\n|-boost|p2a: Drifblim|spa|1\n|-boost|p2a: Drifblim|spd|1\n|move|p1a: Clefable|Moonblast|p2a: Drifblim\n|-damage|p2a: Drifblim|64/100\n|\n|upkeep\n|turn|9\n|inactive|Time left: 300 sec this turn | 300 sec total\n|\n|t:|1783559986\n|move|p2a: Drifblim|Strength Sap|p1a: Clefable\n|-unboost|p1a: Clefable|atk|1\n|-heal|p2a: Drifblim|94/100\n|move|p1a: Clefable|Calm Mind|p1a: Clefable\n|-boost|p1a: Clefable|spa|1\n|-boost|p1a: Clefable|spd|1\n|\n|upkeep\n|turn|10\n|inactive|Time left: 300 sec this turn | 300 sec total\n|\n|t:|1783559987\n|move|p2a: Drifblim|Calm Mind|p2a: Drifblim\n|-boost|p2a: Drifblim|spa|1\n|-boost|p2a: Drifblim|spd|1\n|move|p1a: Clefable|Moonblast|p2a: Drifblim\n|-damage|p2a: Drifblim|56/100\n|\n|upkeep\n|turn|11\n|inactive|Time left: 300 sec this turn | 300 sec total\n|\n|t:|1783559988\n|move|p2a: Drifblim|Strength Sap|p1a: Clefable\n|-unboost|p1a: Clefable|atk|1\n|-heal|p2a: Drifblim|76/100\n|move|p1a: Clefable|Moonblast|p2a: Drifblim\n|-damage|p2a: Drifblim|39/100\n|-enditem|p2a: Drifblim|Sitrus Berry|[eat]\n|-heal|p2a: Drifblim|64/100|[from] item: Sitrus Berry\n|\n|upkeep\n|turn|12\n|inactive|Time left: 300 sec this turn | 300 sec total\n|\n|t:|1783559989\n|move|p2a: Drifblim|Strength Sap|p1a: Clefable\n|-unboost|p1a: Clefable|atk|1\n|-heal|p2a: Drifblim|79/100\n|move|p1a: Clefable|Moonblast|p2a: Drifblim\n|-damage|p2a: Drifblim|43/100\n|\n|upkeep\n|turn|13\n|inactive|Time left: 300 sec this turn | 300 sec total\n|\n|t:|1783559990\n|move|p2a: Drifblim|Air Slash|p1a: Clefable\n|-damage|p1a: Clefable|193/293\n|move|p1a: Clefable|Moonblast|p2a: Drifblim\n|-damage|p2a: Drifblim|8/100\n|-unboost|p2a: Drifblim|spa|1\n|\n|upkeep\n|turn|14\n|inactive|Time left: 300 sec this turn | 300 sec total\n|\n|t:|1783559991\n|move|p2a: Drifblim|Air Slash|p1a: Clefable\n|-damage|p1a: Clefable|112/293\n|move|p1a: Clefable|Moonblast|p2a: Drifblim\n|-damage|p2a: Drifblim|0 fnt\n|faint|p2a: Drifblim\n|\n|upkeep\n|\n|t:|1783559993\n|switch|p2a: Donphan|Donphan, L84, F|100/100\n|turn|15\n|inactive|Time left: 300 sec this turn | 300 sec total\n|\n|t:|1783559993\n|move|p1a: Clefable|Moonblast|p2a: Donphan\n|-damage|p2a: Donphan|3/100\n|-unboost|p2a: Donphan|spa|1\n|move|p2a: Donphan|Earthquake|p1a: Clefable\n|-damage|p1a: Clefable|0 fnt\n|faint|p1a: Clefable\n|\n|upkeep\n|inactive|Time left: 300 sec this turn | 300 sec total | 5 sec grace\n|\n|t:|1783559994\n|switch|p1a: Toxicroak|Toxicroak, L84, F|277/277\n|turn|16\n|inactive|Time left: 300 sec this turn | 300 sec total\n|\n|t:|1783559995\n|move|p2a: Donphan|Ice Shard|p1a: Toxicroak\n|-damage|p1a: Toxicroak|238/277\n|move|p1a: Toxicroak|Gunk Shot|p2a: Donphan\n|-resisted|p2a: Donphan\n|-damage|p2a: Donphan|0 fnt\n|faint|p2a: Donphan\n|\n|upkeep\n|\n|t:|1783559996\n|switch|p2a: Articuno|Articuno, L86|100/100\n|-ability|p2a: Articuno|Pressure\n|turn|17\n|inactive|Time left: 300 sec this turn | 300 sec total\n|\n|t:|1783559997\n|switch|p1a: Revavroom|Revavroom, L79, F|256/256\n|move|p2a: Articuno|Brave Bird|p1a: Revavroom\n|-resisted|p1a: Revavroom\n|-damage|p1a: Revavroom|195/256\n|-damage|p2a: Articuno|94/100|[from] Recoil\n|\n|upkeep\n|turn|18\n|inactive|Time left: 300 sec this turn | 300 sec total\n|\n|t:|1783559998\n|move|p2a: Articuno|Freeze-Dry|p1a: Revavroom\n|-resisted|p1a: Revavroom\n|-damage|p1a: Revavroom|146/256\n|move|p1a: Revavroom|Shift Gear|p1a: Revavroom\n|-boost|p1a: Revavroom|spe|2\n|-boost|p1a: Revavroom|atk|1\n|\n|upkeep\n|turn|19\n|inactive|Time left: 300 sec this turn | 300 sec total\n|\n|t:|1783559999\n|move|p1a: Revavroom|Iron Head|p2a: Articuno\n|-supereffective|p2a: Articuno\n|-damage|p2a: Articuno|0 fnt\n|faint|p2a: Articuno\n|-damage|p1a: Revavroom|121/256|[from] item: Life Orb\n|\n|upkeep\n|\n|t:|1783559999\n|switch|p2a: Iron Valiant|Iron Valiant, L78|100/100\n|turn|20\n|inactive|Time left: 300 sec this turn | 300 sec total\n|\n|t:|1783560000\n|-terastallize|p1a: Revavroom|Ground\n|move|p1a: Revavroom|Iron Head|p2a: Iron Valiant\n|-supereffective|p2a: Iron Valiant\n|-damage|p2a: Iron Valiant|0 fnt\n|faint|p2a: Iron Valiant\n|-end|p2a: Iron Valiant|Quark Drive|[silent]\n|-damage|p1a: Revavroom|96/256|[from] item: Life Orb\n|\n|win|p0x1726aa50", "uploadtime": 1783560000, "views": 0, "rating": 0, "private": 0, "password": null, "_winner": "p0x1726aa50", "_our_name": "p0x1726aa50"}