{"id": "battle-gen9randombattle-15", "formatid": "gen9randombattle", "format": "[Gen 9] Random Battle", "players": ["p0x015f56d", "p0y0155139"], "log": "|init|battle\n|title|p0x015f56d vs. p0y0155139\n|j|\u2606p0x015f56d\n|j|\u2606p0y0155139\n|t:|1783533984\n|gametype|singles\n|player|p1|p0x015f56d|266|\n|player|p2|p0y0155139|170|\n|gen|9\n|tier|[Gen 9] Random Battle\n|rule|Species Clause: Limit one of each Pok\u00e9mon\n|rule|HP Percentage Mod: HP is shown in percentages\n|rule|Sleep Clause Mod: Limit one foe put to sleep\n|rule|Illusion Level Mod: Illusion disguises the Pok\u00e9mon's true level\n|\n|t:|1783533984\n|teamsize|p1|6\n|teamsize|p2|6\n|start\n|switch|p1a: Malamar|Malamar, L82, M|100/100\n|switch|p2a: Hawlucha|Hawlucha, L80, M|256/256\n|turn|1\n|inactive|Battle timer is ON: inactive players will automatically lose when time's up. (requested by p0y0155139)\n|inactive|p0x015f56d also wants the timer to be on.\n|\n|t:|1783533986\n|move|p2a: Hawlucha|Swords Dance|p2a: Hawlucha\n|-boost|p2a: Hawlucha|atk|2\n|move|p1a: Malamar|Superpower|p2a: Hawlucha\n|-resisted|p2a: Hawlucha\n|-damage|p2a: Hawlucha|211/256\n|-boost|p1a: Malamar|atk|1\n|-boost|p1a: Malamar|def|1\n|\n|upkeep\n|turn|2\n|inactive|Time left: 300 sec this turn | 300 sec total\n|\n|t:|1783533987\n|move|p2a: Hawlucha|Close Combat|p1a: Malamar\n|-damage|p1a: Malamar|40/100\n|-unboost|p2a: Hawlucha|def|1\n|-unboost|p2a: Hawlucha|spd|1\n|-enditem|p2a: Hawlucha|White Herb\n|-clearnegativeboost|p2a: Hawlucha|[silent]\n|move|p1a: Malamar|Psycho Cut|p2a: Hawlucha\n|-supereffective|p2a: Hawlucha\n|-damage|p2a: Hawlucha|0 fnt\n|faint|p2a: Hawlucha\n|\n|upkeep\n|inactive|Time left: 300 sec this turn | 300 sec total | 5 sec grace\n|\n|t:|1783533988\n|switch|p2a: Darkrai|Darkrai, L77|234/234\n|turn|3\n|inactive|Time left: 300 sec this turn | 300 sec total\n|\n|t:|1783533989\n|move|p2a: Darkrai|Dark Pulse|p1a: Malamar\n|-damage|p1a: Malamar|0 fnt\n|faint|p1a: Malamar\n|-damage|p2a: Darkrai|211/234|[from] item: Life Orb\n|\n|upkeep\n|\n|t:|1783533990\n|switch|p1a: Kyurem|Kyurem, L77|100/100\n|-ability|p1a: Kyurem|Pressure\n|turn|4\n|inactive|Time left: 300 sec this turn | 300 sec total\n|\n|t:|1783533991\n|move|p2a: Darkrai|Hypnosis|p1a: Kyurem\n|-status|p1a: Kyurem|slp|[from] move: Hypnosis\n|cant|p1a: Kyurem|slp\n|\n|-damage|p1a: Kyurem|88/100 slp|[from] ability: Bad Dreams|[of] p2a: Darkrai\n|upkeep\n|turn|5\n|inactive|Time left: 300 sec this turn | 300 sec total\n|\n|t:|1783533992\n|move|p2a: Darkrai|Nasty Plot|p2a: Darkrai\n|-boost|p2a: Darkrai|spa|2\n|-curestatus|p1a: Kyurem|slp|[msg]\n|move|p1a: Kyurem|Outrage|p2a: Darkrai\n|-damage|p2a: Darkrai|60/234\n|\n|upkeep\n|turn|6\n|inactive|Time left: 300 sec this turn | 300 sec total\n|\n|t:|1783533993\n|move|p2a: Darkrai|Dark Pulse|p1a: Kyurem\n|-damage|p1a: Kyurem|4/100\n|-damage|p2a: Darkrai|37/234|[from] item: Life Orb\n|move|p1a: Kyurem|Outrage|p2a: Darkrai|[from] lockedmove\n|-damage|p2a: Darkrai|0 fnt\n|faint|p2a: Darkrai\n|\n|upkeep\n|inactive|Time left: 300 sec this turn | 300 sec total | 5 sec grace\n|\n|t:|1783533994\n|switch|p2a: Rhydon|Rhydon, L85, M|317/317\n|turn|7\n|inactive|Time left: 300 sec this turn | 300 sec total\n|\n|t:|1783533995\n|move|p1a: Kyurem|Outrage|p2a: Rhydon|[from] lockedmove\n|-damage|p2a: Rhydon|253/317\n|-start|p1a: Kyurem|confusion|[fatigue]\n|move|p2a: Rhydon|Stealth Rock|p1a: Kyurem\n|-sidestart|p1: p0x015f56d|move: Stealth Rock\n|\n|upkeep\n|turn|8\n|inactive|Time left: 300 sec this turn | 300 sec total\n|\n|t:|1783533996\n|-activate|p1a: Kyurem|confusion\n|-damage|p1a: Kyurem|0 fnt|[from] confusion\n|faint|p1a: Kyurem\n|move|p2a: Rhydon|Earthquake|p1: Kyurem|[notarget]\n|-fail|p2a: Rhydon\n|\n|upkeep\n|\n|t:|1783533997\n|switch|p1a: Manaphy|Manaphy, L78|100/100\n|-damage|p1a: Manaphy|88/100|[from] Stealth Rock\n|turn|9\n|inactive|Time left: 300 sec this turn | 300 sec total\n|\n|t:|1783533998\n|switch|p2a: Venusaur|Venusaur, L84, F|272/272\n|move|p1a: Manaphy|Tail Glow|p1a: Manaphy\n|-boost|p1a: Manaphy|spa|3\n|\n|-heal|p1a: Manaphy|94/100|[from] item: Leftovers\n|upkeep\n|turn|10\n|inactive|Time left: 300 sec this turn | 300 sec total\n|\n|t:|1783534000\n|move|p1a: Manaphy|Ice Beam|p2a: Venusaur\n|-supereffective|p2a: Venusaur\n|-damage|p2a: Venusaur|2/272\n|move|p2a: Venusaur|Giga Drain|p1a: Manaphy\n|-supereffective|p1a: Manaphy\n|-damage|p1a: Manaphy|5/100\n|-heal|p2a: Venusaur|129/272|[from] drain|[of] p1a: Manaphy\n|\n|-heal|p1a: Manaphy|11/100|[from] item: Leftovers\n|-heal|p2a: Venusaur|146/272|[from] item: Leftovers\n|upkeep\n|turn|11\n|inactive|Time left: 300 sec this turn | 300 sec total\n|\n|t:|1783534001\n|move|p1a: Manaphy|Ice Beam|p2a: Venusaur\n|-supereffective|p2a: Venusaur\n|-damage|p2a: Venusaur|0 fnt\n|faint|p2a: Venusaur\n|\n|-heal|p1a: Manaphy|17/100|[from] item: Leftovers\n|upkeep\n|inactive|Time left: 300 sec this turn | 300 sec total | 5 sec grace\n|\n|t:|1783534002\n|switch|p2a: Lumineon|Lumineon, L93, M|279/279\n|turn|12\n|inactive|Time left: 300 sec this turn | 300 sec total\n|\n|t:|1783534003\n|move|p2a: Lumineon|Alluring Voice|p1a: Manaphy\n|-damage|p1a: Manaphy|0 fnt\n|faint|p1a: Manaphy\n|-damage|p2a: Lumineon|252/279|[from] item: Life Orb\n|\n|upkeep\n|\n|t:|1783534004\n|switch|p1a: Sceptile|Sceptile, L87, M|100/100\n|-damage|p1a: Sceptile|88/100|[from] Stealth Rock\n|turn|13\n|inactive|Time left: 300 sec this turn | 300 sec total\n|\n|t:|1783534005\n|switch|p2a: Arbok|Arbok, L87, F|246/246\n|-ability|p2a: Arbok|Intimidate|boost\n|-unboost|p1a: Sceptile|atk|1\n|move|p1a: Sceptile|Giga Drain|p2a: Arbok\n|-resisted|p2a: Arbok\n|-damage|p2a: Arbok|188/246\n|-heal|p1a: Sceptile|99/100|[from] drain|[of] p2a: Arbok\n|-damage|p1a: Sceptile|89/100|[from] item: Life Orb\n|\n|-heal|p2a: Arbok|203/246|[from] item: Leftovers\n|upkeep\n|turn|14\n|inactive|Time left: 300 sec this turn | 300 sec total\n|\n|t:|1783534006\n|move|p1a: Sceptile|Earthquake|p2a: Arbok\n|-supereffective|p2a: Arbok\n|-damage|p2a: Arbok|65/246\n|-damage|p1a: Sceptile|79/100|[from] item: Life Orb\n|move|p2a: Arbok|Gunk Shot|p1a: Sceptile|[miss]\n|-miss|p2a: Arbok|p1a: Sceptile\n|\n|-heal|p2a: Arbok|80/246|[from] item: Leftovers\n|upkeep\n|turn|15\n|inactive|Time left: 300 sec this turn | 300 sec total\n|\n|t:|1783534007\n|move|p1a: Sceptile|Earthquake|p2a: Arbok\n|-supereffective|p2a: Arbok\n|-damage|p2a: Arbok|0 fnt\n|faint|p2a: Arbok\n|-damage|p1a: Sceptile|69/100|[from] item: Life Orb\n|\n|upkeep\n|inactive|Time left: 300 sec this turn | 300 sec total | 5 sec grace\n|\n|t:|1783534008\n|switch|p2a: Rhydon|Rhydon, L85, M|253/317\n|turn|16\n|inactive|Time left: 300 sec this turn | 300 sec total\n|\n|t:|1783534009\n|-terastallize|p2a: Rhydon|Grass\n|move|p1a: Sceptile|Giga Drain|p2a: Rhydon\n|-resisted|p2a: Rhydon\n|-damage|p2a: Rhydon|192/317\n|-heal|p1a: Sceptile|81/100|[from] drain|[of] p2a: Rhydon\n|-damage|p1a: Sceptile|71/100|[from] item: Life Orb\n|move|p2a: Rhydon|Megahorn|p1a: Sceptile\n|-supereffective|p1a: Sceptile\n|-damage|p1a: Sceptile|0 fnt\n|faint|p1a: Sceptile\n|\n|upkeep\n|\n|t:|1783534010\n|switch|p1a: Sandslash|Sandslash-Alola, L88, M|100/100\n|-damage|p1a: Sandslash|88/100|[from] Stealth Rock\n|turn|17\n|inactive|Time left: 300 sec this turn | 300 sec total\n|\n|t:|1783534011\n|move|p1a: Sandslash|Triple Axel|p2a: Rhydon\n|-supereffective|p2a: Rhydon\n|-damage|p2a: Rhydon|158/317\n|-supereffective|p2a: Rhydon\n|-damage|p2a: Rhydon|96/317\n|-supereffective|p2a: Rhydon\n|-damage|p2a: Rhydon|2/317\n|-hitcount|p2a: Rhydon|3\n|-damage|p1a: Sandslash|78/100|[from] item: Life Orb\n|move|p2a: Rhydon|Earthquake|p1a: Sandslash\n|-supereffective|p1a: Sandslash\n|-damage|p1a: Sandslash|0 fnt\n|faint|p1a: Sandslash\n|\n|upkeep\n|\n|t:|1783534012\n|switch|p1a: Minior|Minior-Green, L79|100/100\n|-damage|p1a: Minior|75/100|[from] Stealth Rock\n|-formechange|p1a: Minior|Minior-Meteor||[from] ability: Shields Down\n|turn|18\n|inactive|Time left: 300 sec this turn | 300 sec total\n|\n|t:|1783534013\n|-terastallize|p1a: Minior|Steel\n|move|p1a: Minior|Shell Smash|p1a: Minior\n|-unboost|p1a: Minior|def|1\n|-unboost|p1a: Minior|spd|1\n|-boost|p1a: Minior|atk|2\n|-boost|p1a: Minior|spa|2\n|-boost|p1a: Minior|spe|2\n|-enditem|p1a: Minior|White Herb\n|-clearnegativeboost|p1a: Minior|[silent]\n|move|p2a: Rhydon|Stone Edge|p1a: Minior|[miss]\n|-miss|p2a: Rhydon|p1a: Minior\n|\n|upkeep\n|turn|19\n|inactive|Time left: 300 sec this turn | 300 sec total\n|\n|t:|1783534014\n|move|p1a: Minior|Acrobatics|p2a: Rhydon\n|-supereffective|p2a: Rhydon\n|-damage|p2a: Rhydon|0 fnt\n|faint|p2a: Rhydon\n|\n|upkeep\n|inactive|Time left: 300 sec this turn | 300 sec total | 5 sec grace\n|\n|t:|1783534015\n|switch|p2a: Lumineon|Lumineon, L93, M|252/279\n|turn|20\n|inactive|Time left: 300 sec this turn | 300 sec total\n|\n|t:|1783534015\n|move|p1a: Minior|Acrobatics|p2a: Lumineon\n|-damage|p2a: Lumineon|101/279\n|move|p2a: Lumineon|Hydro Pump|p1a: Minior\n|-crit|p1a: Minior\n|-damage|p1a: Minior|0 fnt\n|faint|p1a: Minior\n|-damage|p2a: Lumineon|74/279|[from] item: Life Orb\n|\n|win|p0y0155139", "uploadtime": 1783534015, "views": 0, "rating": 0, "private": 0, "password": null, "_winner": "p0y0155139", "_our_name": "p0y0155139"}