{"id": "battle-gen9randombattle-2238", "formatid": "gen9randombattle", "format": "[Gen 9] Random Battle", "players": ["p0x22384b00", "p0y2238a0be"], "log": "|init|battle\n|title|p0x22384b00 vs. p0y2238a0be\n|j|\u2606p0x22384b00\n|j|\u2606p0y2238a0be\n|t:|1783565032\n|gametype|singles\n|player|p1|p0x22384b00|266|\n|player|p2|p0y2238a0be|266|\n|gen|9\n|tier|[Gen 9] Random Battle\n|rule|Species Clause: Limit one of each Pok\u00e9mon\n|rule|HP Percentage Mod: HP is shown in percentages\n|rule|Sleep Clause Mod: Limit one foe put to sleep\n|rule|Illusion Level Mod: Illusion disguises the Pok\u00e9mon's true level\n|\n|t:|1783565032\n|teamsize|p1|6\n|teamsize|p2|6\n|start\n|switch|p1a: Oricorio|Oricorio-Pom-Pom, L82, F|100/100\n|switch|p2a: Passimian|Passimian, L83, M|302/302\n|turn|1\n|inactive|Battle timer is ON: inactive players will automatically lose when time's up. (requested by p0y2238a0be)\n|inactive|p0x22384b00 also wants the timer to be on.\n|\n|t:|1783565033\n|move|p1a: Oricorio|Hurricane|p2a: Passimian\n|-supereffective|p2a: Passimian\n|-damage|p2a: Passimian|14/302\n|-start|p2a: Passimian|confusion\n|-activate|p2a: Passimian|confusion\n|-damage|p2a: Passimian|0 fnt|[from] confusion\n|faint|p2a: Passimian\n|\n|upkeep\n|inactive|Time left: 300 sec this turn | 300 sec total | 65 sec grace\n|\n|t:|1783565034\n|switch|p2a: Wyrdeer|Wyrdeer, L87, F|321/321\n|-ability|p2a: Wyrdeer|Intimidate|boost\n|-unboost|p1a: Oricorio|atk|1\n|turn|2\n|inactive|Time left: 300 sec this turn | 300 sec total\n|\n|t:|1783565035\n|move|p1a: Oricorio|Quiver Dance|p1a: Oricorio\n|-boost|p1a: Oricorio|spa|1\n|-boost|p1a: Oricorio|spd|1\n|-boost|p1a: Oricorio|spe|1\n|move|p2a: Wyrdeer|Body Slam|p1a: Oricorio\n|-damage|p1a: Oricorio|55/100\n|\n|upkeep\n|turn|3\n|inactive|Time left: 300 sec this turn | 300 sec total\n|\n|t:|1783565036\n|move|p1a: Oricorio|Hurricane|p2a: Wyrdeer\n|-damage|p2a: Wyrdeer|191/321\n|move|p2a: Wyrdeer|Body Slam|p1a: Oricorio\n|-damage|p1a: Oricorio|9/100\n|\n|upkeep\n|turn|4\n|inactive|Time left: 300 sec this turn | 300 sec total\n|\n|t:|1783565037\n|move|p1a: Oricorio|Roost|p1a: Oricorio\n|-heal|p1a: Oricorio|59/100\n|-singleturn|p1a: Oricorio|move: Roost\n|move|p2a: Wyrdeer|Psychic Noise|p1a: Oricorio\n|-damage|p1a: Oricorio|28/100\n|-start|p1a: Oricorio|move: Heal Block\n|\n|upkeep\n|turn|5\n|inactive|Time left: 300 sec this turn | 300 sec total\n|\n|t:|1783565038\n|move|p1a: Oricorio|Hurricane|p2a: Wyrdeer|[miss]\n|-miss|p1a: Oricorio|p2a: Wyrdeer\n|move|p2a: Wyrdeer|Body Slam|p1a: Oricorio\n|-damage|p1a: Oricorio|0 fnt\n|faint|p1a: Oricorio\n|\n|upkeep\n|\n|t:|1783565039\n|switch|p1a: Drednaw|Drednaw, L81, F|100/100\n|turn|6\n|inactive|Time left: 300 sec this turn | 300 sec total\n|\n|t:|1783565040\n|move|p1a: Drednaw|Shell Smash|p1a: Drednaw\n|-unboost|p1a: Drednaw|def|1\n|-unboost|p1a: Drednaw|spd|1\n|-boost|p1a: Drednaw|atk|2\n|-boost|p1a: Drednaw|spa|2\n|-boost|p1a: Drednaw|spe|2\n|-enditem|p1a: Drednaw|White Herb\n|-clearnegativeboost|p1a: Drednaw|[silent]\n|move|p2a: Wyrdeer|Earthquake|p1a: Drednaw\n|-supereffective|p1a: Drednaw\n|-damage|p1a: Drednaw|46/100\n|\n|upkeep\n|turn|7\n|inactive|Time left: 300 sec this turn | 300 sec total\n|\n|t:|1783565041\n|move|p1a: Drednaw|Liquidation|p2a: Wyrdeer\n|-damage|p2a: Wyrdeer|0 fnt\n|faint|p2a: Wyrdeer\n|\n|upkeep\n|inactive|Time left: 300 sec this turn | 300 sec total | 5 sec grace\n|\n|t:|1783565042\n|switch|p2a: Latias|Latias, L79, F|256/256\n|turn|8\n|inactive|Time left: 300 sec this turn | 300 sec total\n|\n|t:|1783565043\n|move|p1a: Drednaw|Stone Edge|p2a: Latias\n|-damage|p2a: Latias|15/256\n|move|p2a: Latias|Draco Meteor|p1a: Drednaw\n|-damage|p1a: Drednaw|0 fnt\n|-unboost|p2a: Latias|spa|2\n|faint|p1a: Drednaw\n|\n|upkeep\n|\n|t:|1783565044\n|switch|p1a: Archaludon|Archaludon, L78, M|100/100\n|turn|9\n|inactive|Time left: 300 sec this turn | 300 sec total\n|\n|t:|1783565045\n|switch|p2a: Masquerain|Masquerain, L87, F|264/264\n|-ability|p2a: Masquerain|Intimidate|boost\n|-unboost|p1a: Archaludon|atk|1\n|move|p1a: Archaludon|Swords Dance|p1a: Archaludon\n|-boost|p1a: Archaludon|atk|2\n|\n|upkeep\n|turn|10\n|inactive|Time left: 300 sec this turn | 300 sec total\n|\n|t:|1783565046\n|move|p2a: Masquerain|Sticky Web|p1a: Archaludon\n|-sidestart|p1: p0x22384b00|move: Sticky Web\n|move|p1a: Archaludon|Outrage|p2a: Masquerain\n|-damage|p2a: Masquerain|27/264\n|\n|upkeep\n|turn|11\n|inactive|Time left: 300 sec this turn | 300 sec total\n|\n|t:|1783565047\n|move|p2a: Masquerain|Hydro Pump|p1a: Archaludon|[miss]\n|-miss|p2a: Masquerain|p1a: Archaludon\n|move|p1a: Archaludon|Outrage|p2a: Masquerain|[from] lockedmove\n|-damage|p2a: Masquerain|0 fnt\n|faint|p2a: Masquerain\n|-start|p1a: Archaludon|confusion|[fatigue]\n|-enditem|p1a: Archaludon|Lum Berry|[eat]\n|-end|p1a: Archaludon|confusion\n|\n|upkeep\n|inactive|Time left: 300 sec this turn | 300 sec total | 5 sec grace\n|\n|t:|1783565048\n|switch|p2a: Latias|Latias, L79, F|15/256\n|turn|12\n|inactive|Time left: 300 sec this turn | 300 sec total\n|\n|t:|1783565049\n|move|p2a: Latias|Draco Meteor|p1a: Archaludon|[miss]\n|-miss|p2a: Latias|p1a: Archaludon\n|move|p1a: Archaludon|Outrage|p2a: Latias\n|-supereffective|p2a: Latias\n|-damage|p2a: Latias|0 fnt\n|faint|p2a: Latias\n|\n|upkeep\n|inactive|Time left: 300 sec this turn | 300 sec total | 5 sec grace\n|\n|t:|1783565050\n|switch|p2a: Oinkologne|Oinkologne, L92, M|352/352\n|turn|13\n|inactive|Time left: 300 sec this turn | 300 sec total\n|\n|t:|1783565051\n|move|p1a: Archaludon|Outrage|p2a: Oinkologne|[from] lockedmove\n|-damage|p2a: Oinkologne|175/352\n|move|p2a: Oinkologne|Curse|p2a: Oinkologne\n|-unboost|p2a: Oinkologne|spe|1\n|-boost|p2a: Oinkologne|atk|1\n|-boost|p2a: Oinkologne|def|1\n|\n|-heal|p2a: Oinkologne|197/352|[from] item: Leftovers\n|upkeep\n|turn|14\n|inactive|Time left: 300 sec this turn | 300 sec total\n|\n|t:|1783565052\n|-terastallize|p2a: Oinkologne|Ground\n|move|p1a: Archaludon|Outrage|p2a: Oinkologne|[from] lockedmove\n|-damage|p2a: Oinkologne|80/352\n|-start|p1a: Archaludon|confusion|[fatigue]\n|move|p2a: Oinkologne|High Horsepower|p1a: Archaludon\n|-supereffective|p1a: Archaludon\n|-damage|p1a: Archaludon|0 fnt\n|faint|p1a: Archaludon\n|\n|-heal|p2a: Oinkologne|102/352|[from] item: Leftovers\n|upkeep\n|\n|t:|1783565053\n|switch|p1a: Porygon2|Porygon2, L81|100/100\n|-activate|p1a: Porygon2|move: Sticky Web\n|-unboost|p1a: Porygon2|spe|1\n|-ability|p1a: Porygon2|Download|boost\n|-boost|p1a: Porygon2|spa|1\n|turn|15\n|inactive|Time left: 300 sec this turn | 300 sec total\n|\n|t:|1783565054\n|move|p2a: Oinkologne|Body Slam|p1a: Porygon2\n|-crit|p1a: Porygon2\n|-damage|p1a: Porygon2|33/100\n|move|p1a: Porygon2|Tera Blast|p2a: Oinkologne\n|-damage|p2a: Oinkologne|0 fnt\n|faint|p2a: Oinkologne\n|\n|upkeep\n|inactive|Time left: 300 sec this turn | 300 sec total | 5 sec grace\n|\n|t:|1783565055\n|switch|p2a: Noivern|Noivern, L82, F|274/274\n|turn|16\n|inactive|Time left: 300 sec this turn | 300 sec total\n|\n|t:|1783565056\n|move|p2a: Noivern|Hurricane|p1a: Porygon2\n|-damage|p1a: Porygon2|6/100\n|move|p1a: Porygon2|Recover|p1a: Porygon2\n|-heal|p1a: Porygon2|56/100\n|\n|upkeep\n|turn|17\n|inactive|Time left: 300 sec this turn | 300 sec total\n|\n|t:|1783565057\n|move|p2a: Noivern|Hurricane|p1a: Porygon2\n|-damage|p1a: Porygon2|29/100\n|move|p1a: Porygon2|Tera Blast|p2a: Noivern\n|-damage|p2a: Noivern|129/274\n|\n|upkeep\n|turn|18\n|inactive|Time left: 300 sec this turn | 300 sec total\n|\n|t:|1783565058\n|move|p2a: Noivern|Roost|p2a: Noivern\n|-heal|p2a: Noivern|266/274\n|-singleturn|p2a: Noivern|move: Roost\n|move|p1a: Porygon2|Tera Blast|p2a: Noivern\n|-damage|p2a: Noivern|118/274\n|\n|upkeep\n|turn|19\n|inactive|Time left: 300 sec this turn | 300 sec total\n|\n|t:|1783565059\n|move|p2a: Noivern|Hurricane|p1a: Porygon2\n|-damage|p1a: Porygon2|1/100\n|move|p1a: Porygon2|Tera Blast|p2a: Noivern\n|-damage|p2a: Noivern|0 fnt\n|faint|p2a: Noivern\n|\n|win|p0x22384b00", "uploadtime": 1783565059, "views": 0, "rating": 0, "private": 0, "password": null, "_winner": "p0x22384b00", "_our_name": "p0y2238a0be"}