{"id": "battle-gen9randombattle-2074", "formatid": "gen9randombattle", "format": "[Gen 9] Random Battle", "players": ["p0x2074a168", "p0y2074bcd6"], "log": "|init|battle\n|title|p0x2074a168 vs. p0y2074bcd6\n|j|\u2606p0x2074a168\n|j|\u2606p0y2074bcd6\n|t:|1783564036\n|gametype|singles\n|player|p1|p0x2074a168|266|\n|player|p2|p0y2074bcd6|102|\n|gen|9\n|tier|[Gen 9] Random Battle\n|rule|Species Clause: Limit one of each Pok\u00e9mon\n|rule|HP Percentage Mod: HP is shown in percentages\n|rule|Sleep Clause Mod: Limit one foe put to sleep\n|rule|Illusion Level Mod: Illusion disguises the Pok\u00e9mon's true level\n|\n|t:|1783564036\n|teamsize|p1|6\n|teamsize|p2|6\n|start\n|switch|p1a: Kleavor|Kleavor, L78, F|237/237\n|switch|p2a: Spectrier|Spectrier, L75|100/100\n|turn|1\n|inactive|Battle timer is ON: inactive players will automatically lose when time's up. (requested by p0y2074bcd6)\n|inactive|Time left: 300 sec this turn | 300 sec total | 60 sec grace\n|\n|t:|1783564037\n|move|p2a: Spectrier|Will-O-Wisp|p1a: Kleavor\n|-status|p1a: Kleavor|brn\n|move|p1a: Kleavor|Stone Axe|p2a: Spectrier\n|-crit|p2a: Spectrier\n|-damage|p2a: Spectrier|35/100\n|-sidestart|p2: p0y2074bcd6|move: Stealth Rock\n|\n|-damage|p1a: Kleavor|223/237 brn|[from] brn\n|upkeep\n|turn|2\n|inactive|Time left: 300 sec this turn | 300 sec total\n|inactive|p0x2074a168 also wants the timer to be on.\n|\n|t:|1783564038\n|move|p2a: Spectrier|Nasty Plot|p2a: Spectrier\n|-boost|p2a: Spectrier|spa|2\n|move|p1a: Kleavor|Stone Axe|p2a: Spectrier\n|-damage|p2a: Spectrier|0 fnt\n|faint|p2a: Spectrier\n|\n|-damage|p1a: Kleavor|209/237 brn|[from] brn\n|upkeep\n|\n|t:|1783564039\n|switch|p2a: Spidops|Spidops, L96, M|100/100\n|turn|3\n|inactive|Time left: 300 sec this turn | 300 sec total\n|\n|t:|1783564040\n|move|p1a: Kleavor|Stone Axe|p2a: Spidops\n|-supereffective|p2a: Spidops\n|-damage|p2a: Spidops|47/100\n|move|p2a: Spidops|Sticky Web|p1a: Kleavor\n|-sidestart|p1: p0x2074a168|move: Sticky Web\n|\n|-damage|p1a: Kleavor|195/237 brn|[from] brn\n|upkeep\n|turn|4\n|inactive|Time left: 300 sec this turn | 300 sec total\n|\n|t:|1783564041\n|move|p1a: Kleavor|Stone Axe|p2a: Spidops\n|-supereffective|p2a: Spidops\n|-damage|p2a: Spidops|0 fnt\n|faint|p2a: Spidops\n|\n|-damage|p1a: Kleavor|181/237 brn|[from] brn\n|upkeep\n|\n|t:|1783564042\n|switch|p2a: Regidrago|Regidrago, L77|100/100\n|-damage|p2a: Regidrago|88/100|[from] Stealth Rock\n|turn|5\n|inactive|Time left: 300 sec this turn | 300 sec total\n|\n|t:|1783564043\n|-terastallize|p2a: Regidrago|Dragon\n|move|p2a: Regidrago|Outrage|p1a: Kleavor\n|-damage|p1a: Kleavor|0 fnt\n|faint|p1a: Kleavor\n|\n|upkeep\n|inactive|Time left: 300 sec this turn | 300 sec total | 5 sec grace\n|\n|t:|1783564044\n|switch|p1a: Incineroar|Incineroar, L82, M|290/290\n|-ability|p1a: Incineroar|Intimidate|boost\n|-unboost|p2a: Regidrago|atk|1\n|turn|6\n|inactive|Time left: 300 sec this turn | 300 sec total\n|\n|t:|1783564045\n|switch|p1a: Dusknoir|Dusknoir, L89, M|225/225\n|-activate|p1a: Dusknoir|move: Sticky Web\n|-unboost|p1a: Dusknoir|spe|1\n|-item|p2a: Regidrago|Choice Scarf|[from] ability: Frisk|[of] p1a: Dusknoir\n|move|p2a: Regidrago|Outrage|p1a: Dusknoir|[from] lockedmove\n|-damage|p1a: Dusknoir|123/225\n|-start|p2a: Regidrago|confusion|[fatigue]\n|\n|-heal|p1a: Dusknoir|137/225|[from] item: Leftovers\n|upkeep\n|turn|7\n|inactive|Time left: 300 sec this turn | 300 sec total\n|\n|t:|1783564047\n|switch|p2a: Tropius|Tropius, L91, F|100/100\n|-damage|p2a: Tropius|75/100|[from] Stealth Rock\n|move|p1a: Dusknoir|Pain Split|p2a: Tropius\n|-sethp|p2a: Tropius|59/100|[from] move: Pain Split|[silent]\n|-sethp|p1a: Dusknoir|191/225|[from] move: Pain Split\n|\n|-heal|p1a: Dusknoir|205/225|[from] item: Leftovers\n|upkeep\n|turn|8\n|inactive|Time left: 300 sec this turn | 300 sec total\n|\n|t:|1783564048\n|move|p2a: Tropius|Leech Seed|p1a: Dusknoir\n|-start|p1a: Dusknoir|move: Leech Seed\n|move|p1a: Dusknoir|Poltergeist|p2a: Tropius\n|-activate|p2a: Tropius|move: Poltergeist|Sitrus Berry\n|-damage|p2a: Tropius|23/100\n|-enditem|p2a: Tropius|Sitrus Berry|[eat]\n|-heal|p2a: Tropius|48/100|[from] item: Sitrus Berry\n|\n|-heal|p1a: Dusknoir|219/225|[from] item: Leftovers\n|-damage|p1a: Dusknoir|191/225|[from] Leech Seed|[of] p2a: Tropius\n|-heal|p2a: Tropius|56/100|[silent]\n|-item|p2a: Tropius|Sitrus Berry|[from] ability: Harvest\n|upkeep\n|turn|9\n|inactive|Time left: 300 sec this turn | 300 sec total\n|\n|t:|1783564049\n|switch|p1a: Incineroar|Incineroar, L82, M|290/290\n|-ability|p1a: Incineroar|Intimidate|boost\n|-unboost|p2a: Tropius|atk|1\n|move|p2a: Tropius|Leech Seed|p1a: Incineroar\n|-start|p1a: Incineroar|move: Leech Seed\n|\n|-damage|p1a: Incineroar|254/290|[from] Leech Seed|[of] p2a: Tropius\n|-heal|p2a: Tropius|67/100|[silent]\n|upkeep\n|turn|10\n|inactive|Time left: 300 sec this turn | 300 sec total\n|\n|t:|1783564050\n|switch|p1a: Sneasler|Sneasler, L74, M|240/240\n|-activate|p1a: Sneasler|move: Sticky Web\n|-unboost|p1a: Sneasler|spe|1\n|-enditem|p1a: Sneasler|White Herb\n|-clearnegativeboost|p1a: Sneasler|[silent]\n|switch|p2a: Tentacruel|Tentacruel, L84, M|100/100\n|-damage|p2a: Tentacruel|88/100|[from] Stealth Rock\n|\n|-heal|p2a: Tentacruel|94/100|[from] item: Leftovers\n|upkeep\n|turn|11\n|inactive|Time left: 300 sec this turn | 300 sec total\n|\n|t:|1783564051\n|move|p1a: Sneasler|Swords Dance|p1a: Sneasler\n|-boost|p1a: Sneasler|atk|2\n|move|p2a: Tentacruel|Rapid Spin|p1a: Sneasler\n|-damage|p1a: Sneasler|194/240\n|-boost|p2a: Tentacruel|spe|1\n|-sideend|p2: p0y2074bcd6|Stealth Rock|[from] move: Rapid Spin|[of] p2a: Tentacruel\n|\n|-heal|p2a: Tentacruel|100/100|[from] item: Leftovers\n|upkeep\n|turn|12\n|inactive|Time left: 300 sec this turn | 300 sec total\n|\n|t:|1783564052\n|-terastallize|p1a: Sneasler|Flying\n|move|p1a: Sneasler|Acrobatics|p2a: Tentacruel\n|-damage|p2a: Tentacruel|1/100\n|move|p2a: Tentacruel|Surf|p1a: Sneasler\n|-damage|p1a: Sneasler|101/240\n|\n|-heal|p2a: Tentacruel|7/100|[from] item: Leftovers\n|upkeep\n|turn|13\n|inactive|Time left: 300 sec this turn | 300 sec total\n|\n|t:|1783564053\n|move|p1a: Sneasler|Acrobatics|p2a: Tentacruel\n|-damage|p2a: Tentacruel|0 fnt\n|faint|p2a: Tentacruel\n|\n|upkeep\n|\n|t:|1783564054\n|switch|p2a: Volbeat|Volbeat, L90, M|100/100\n|turn|14\n|inactive|Time left: 300 sec this turn | 300 sec total\n|\n|t:|1783564055\n|move|p2a: Volbeat|Thunder Wave|p1a: Sneasler\n|-status|p1a: Sneasler|par\n|cant|p1a: Sneasler|par\n|\n|upkeep\n|turn|15\n|inactive|Time left: 300 sec this turn | 300 sec total\n|\n|t:|1783564056\n|move|p1a: Sneasler|Acrobatics|p2a: Volbeat\n|-supereffective|p2a: Volbeat\n|-damage|p2a: Volbeat|0 fnt\n|faint|p2a: Volbeat\n|\n|upkeep\n|\n|t:|1783564057\n|switch|p2a: Regidrago|Regidrago, L77, tera:Dragon|88/100\n|turn|16\n|inactive|Time left: 300 sec this turn | 300 sec total\n|\n|t:|1783564058\n|move|p2a: Regidrago|Outrage|p1a: Sneasler\n|-damage|p1a: Sneasler|0 fnt\n|faint|p1a: Sneasler\n|\n|upkeep\n|inactive|Time left: 300 sec this turn | 300 sec total | 5 sec grace\n|\n|t:|1783564059\n|switch|p1a: Dusknoir|Dusknoir, L89, M|191/225\n|-activate|p1a: Dusknoir|move: Sticky Web\n|-unboost|p1a: Dusknoir|spe|1\n|-item|p2a: Regidrago|Choice Scarf|[from] ability: Frisk|[of] p1a: Dusknoir\n|turn|17\n|inactive|Time left: 300 sec this turn | 300 sec total\n|\n|t:|1783564060\n|move|p2a: Regidrago|Outrage|p1a: Dusknoir|[from] lockedmove\n|-damage|p1a: Dusknoir|37/225\n|move|p1a: Dusknoir|Pain Split|p2a: Regidrago\n|-sethp|p2a: Regidrago|49/100|[from] move: Pain Split|[silent]\n|-sethp|p1a: Dusknoir|209/225|[from] move: Pain Split\n|\n|-heal|p1a: Dusknoir|223/225|[from] item: Leftovers\n|upkeep\n|turn|18\n|inactive|Time left: 300 sec this turn | 300 sec total\n|\n|t:|1783564061\n|move|p2a: Regidrago|Outrage|p1a: Dusknoir|[from] lockedmove\n|-damage|p1a: Dusknoir|71/225\n|-start|p2a: Regidrago|confusion|[fatigue]\n|move|p1a: Dusknoir|Poltergeist|p2a: Regidrago|[miss]\n|-miss|p1a: Dusknoir|p2a: Regidrago\n|\n|-heal|p1a: Dusknoir|85/225|[from] item: Leftovers\n|upkeep\n|turn|19\n|inactive|Time left: 300 sec this turn | 300 sec total\n|\n|t:|1783564062\n|-activate|p2a: Regidrago|confusion\n|-damage|p2a: Regidrago|39/100|[from] confusion\n|move|p1a: Dusknoir|Poltergeist|p2a: Regidrago\n|-activate|p2a: Regidrago|move: Poltergeist|Choice Scarf\n|-damage|p2a: Regidrago|0 fnt\n|faint|p2a: Regidrago\n|\n|-heal|p1a: Dusknoir|99/225|[from] item: Leftovers\n|upkeep\n|\n|t:|1783564063\n|switch|p2a: Tropius|Tropius, L91, F|67/100\n|turn|20\n|inactive|Time left: 300 sec this turn | 300 sec total\n|\n|t:|1783564064\n|move|p2a: Tropius|Substitute|p2a: Tropius\n|-start|p2a: Tropius|Substitute\n|-damage|p2a: Tropius|42/100\n|-enditem|p2a: Tropius|Sitrus Berry|[eat]\n|-heal|p2a: Tropius|67/100|[from] item: Sitrus Berry\n|move|p1a: Dusknoir|Poltergeist||[still]\n|-fail|p1a: Dusknoir\n|\n|-heal|p1a: Dusknoir|113/225|[from] item: Leftovers\n|upkeep\n|turn|21\n|inactive|Time left: 300 sec this turn | 300 sec total\n|\n|t:|1783564065\n|-singleturn|p1a: Dusknoir|move: Focus Punch\n|move|p2a: Tropius|Leech Seed|p1a: Dusknoir\n|-start|p1a: Dusknoir|move: Leech Seed\n|move|p1a: Dusknoir|Focus Punch|p2a: Tropius\n|-resisted|p2a: Tropius\n|-activate|p2a: Tropius|move: Substitute|[damage]\n|\n|-heal|p1a: Dusknoir|127/225|[from] item: Leftovers\n|-damage|p1a: Dusknoir|99/225|[from] Leech Seed|[of] p2a: Tropius\n|-heal|p2a: Tropius|76/100|[silent]\n|-item|p2a: Tropius|Sitrus Berry|[from] ability: Harvest\n|upkeep\n|turn|22\n|inactive|Time left: 300 sec this turn | 300 sec total\n|\n|t:|1783564066\n|move|p2a: Tropius|Air Slash|p1a: Dusknoir\n|-damage|p1a: Dusknoir|45/225\n|move|p1a: Dusknoir|Poltergeist|p2a: Tropius\n|-activate|p2a: Tropius|move: Poltergeist|Sitrus Berry\n|-end|p2a: Tropius|Substitute\n|\n|-heal|p1a: Dusknoir|59/225|[from] item: Leftovers\n|-damage|p1a: Dusknoir|31/225|[from] Leech Seed|[of] p2a: Tropius\n|-heal|p2a: Tropius|84/100|[silent]\n|upkeep\n|turn|23\n|inactive|Time left: 300 sec this turn | 300 sec total\n|\n|t:|1783564067\n|switch|p1a: Incineroar|Incineroar, L82, M|254/290\n|-ability|p1a: Incineroar|Intimidate|boost\n|-unboost|p2a: Tropius|atk|1\n|move|p2a: Tropius|Substitute|p2a: Tropius\n|-start|p2a: Tropius|Substitute\n|-damage|p2a: Tropius|59/100\n|\n|upkeep\n|turn|24\n|inactive|Time left: 300 sec this turn | 300 sec total\n|\n|t:|1783564068\n|move|p1a: Incineroar|Knock Off|p2a: Tropius\n|-end|p2a: Tropius|Substitute\n|move|p2a: Tropius|Substitute|p2a: Tropius\n|-start|p2a: Tropius|Substitute\n|-damage|p2a: Tropius|34/100\n|-enditem|p2a: Tropius|Sitrus Berry|[eat]\n|-heal|p2a: Tropius|59/100|[from] item: Sitrus Berry\n|\n|upkeep\n|turn|25\n|inactive|Time left: 300 sec this turn | 300 sec total\n|\n|t:|1783564068\n|move|p2a: Tropius|Protect|p2a: Tropius\n|-singleturn|p2a: Tropius|Protect\n|move|p1a: Incineroar|Flare Blitz|p2a: Tropius\n|-activate|p2a: Tropius|move: Protect\n|\n|upkeep\n|turn|26\n|inactive|Time left: 300 sec this turn | 300 sec total\n|\n|t:|1783564069\n|move|p1a: Incineroar|Flare Blitz|p2a: Tropius\n|-supereffective|p2a: Tropius\n|-end|p2a: Tropius|Substitute\n|-damage|p1a: Incineroar|227/290|[from] Recoil|[of] p2a: Tropius\n|move|p2a: Tropius|Substitute|p2a: Tropius\n|-start|p2a: Tropius|Substitute\n|-damage|p2a: Tropius|34/100\n|\n|-item|p2a: Tropius|Sitrus Berry|[from] ability: Harvest\n|upkeep\n|-enditem|p2a: Tropius|Sitrus Berry|[eat]\n|-heal|p2a: Tropius|59/100|[from] item: Sitrus Berry\n|turn|27\n|inactive|Time left: 300 sec this turn | 300 sec total\n|\n|t:|1783564071\n|move|p2a: Tropius|Protect|p2a: Tropius\n|-singleturn|p2a: Tropius|Protect\n|move|p1a: Incineroar|Flare Blitz|p2a: Tropius\n|-activate|p2a: Tropius|move: Protect\n|\n|upkeep\n|turn|28\n|inactive|Time left: 300 sec this turn | 300 sec total\n|\n|t:|1783564071\n|move|p1a: Incineroar|Flare Blitz|p2a: Tropius\n|-supereffective|p2a: Tropius\n|-end|p2a: Tropius|Substitute\n|-damage|p1a: Incineroar|200/290|[from] Recoil|[of] p2a: Tropius\n|move|p2a: Tropius|Substitute|p2a: Tropius\n|-start|p2a: Tropius|Substitute\n|-damage|p2a: Tropius|34/100\n|\n|-item|p2a: Tropius|Sitrus Berry|[from] ability: Harvest\n|upkeep\n|-enditem|p2a: Tropius|Sitrus Berry|[eat]\n|-heal|p2a: Tropius|59/100|[from] item: Sitrus Berry\n|turn|29\n|inactive|Time left: 300 sec this turn | 300 sec total\n|\n|t:|1783564072\n|move|p2a: Tropius|Protect|p2a: Tropius\n|-singleturn|p2a: Tropius|Protect\n|move|p1a: Incineroar|Flare Blitz|p2a: Tropius\n|-activate|p2a: Tropius|move: Protect\n|\n|upkeep\n|turn|30\n|inactive|Time left: 300 sec this turn | 300 sec total\n|\n|t:|1783564073\n|move|p1a: Incineroar|Flare Blitz|p2a: Tropius\n|-supereffective|p2a: Tropius\n|-end|p2a: Tropius|Substitute\n|-damage|p1a: Incineroar|173/290|[from] Recoil|[of] p2a: Tropius\n|move|p2a: Tropius|Substitute|p2a: Tropius\n|-start|p2a: Tropius|Substitute\n|-damage|p2a: Tropius|34/100\n|\n|-item|p2a: Tropius|Sitrus Berry|[from] ability: Harvest\n|upkeep\n|-enditem|p2a: Tropius|Sitrus Berry|[eat]\n|-heal|p2a: Tropius|59/100|[from] item: Sitrus Berry\n|turn|31\n|inactive|Time left: 300 sec this turn | 300 sec total\n|\n|t:|1783564074\n|move|p2a: Tropius|Protect|p2a: Tropius\n|-singleturn|p2a: Tropius|Protect\n|move|p1a: Incineroar|Flare Blitz|p2a: Tropius\n|-activate|p2a: Tropius|move: Protect\n|\n|upkeep\n|turn|32\n|inactive|Time left: 300 sec this turn | 300 sec total\n|\n|t:|1783564075\n|move|p1a: Incineroar|Flare Blitz|p2a: Tropius\n|-supereffective|p2a: Tropius\n|-end|p2a: Tropius|Substitute\n|-damage|p1a: Incineroar|146/290|[from] Recoil|[of] p2a: Tropius\n|move|p2a: Tropius|Substitute|p2a: Tropius\n|-start|p2a: Tropius|Substitute\n|-damage|p2a: Tropius|34/100\n|\n|upkeep\n|turn|33\n|inactive|Time left: 300 sec this turn | 300 sec total\n|\n|t:|1783564076\n|move|p2a: Tropius|Protect|p2a: Tropius\n|-singleturn|p2a: Tropius|Protect\n|move|p1a: Incineroar|Flare Blitz|p2a: Tropius\n|-activate|p2a: Tropius|move: Protect\n|\n|upkeep\n|turn|34\n|inactive|Time left: 300 sec this turn | 300 sec total\n|\n|t:|1783564077\n|move|p1a: Incineroar|Flare Blitz|p2a: Tropius\n|-supereffective|p2a: Tropius\n|-end|p2a: Tropius|Substitute\n|-damage|p1a: Incineroar|119/290|[from] Recoil|[of] p2a: Tropius\n|move|p2a: Tropius|Substitute|p2a: Tropius\n|-start|p2a: Tropius|Substitute\n|-damage|p2a: Tropius|9/100\n|\n|-item|p2a: Tropius|Sitrus Berry|[from] ability: Harvest\n|upkeep\n|-enditem|p2a: Tropius|Sitrus Berry|[eat]\n|-heal|p2a: Tropius|34/100|[from] item: Sitrus Berry\n|turn|35\n|inactive|Time left: 300 sec this turn | 300 sec total\n|\n|t:|1783564078\n|move|p2a: Tropius|Protect|p2a: Tropius\n|-singleturn|p2a: Tropius|Protect\n|move|p1a: Incineroar|Flare Blitz|p2a: Tropius\n|-activate|p2a: Tropius|move: Protect\n|\n|upkeep\n|turn|36\n|inactive|Time left: 300 sec this turn | 300 sec total\n|\n|t:|1783564079\n|move|p1a: Incineroar|Flare Blitz|p2a: Tropius\n|-supereffective|p2a: Tropius\n|-end|p2a: Tropius|Substitute\n|-damage|p1a: Incineroar|92/290|[from] Recoil|[of] p2a: Tropius\n|move|p2a: Tropius|Substitute|p2a: Tropius\n|-start|p2a: Tropius|Substitute\n|-damage|p2a: Tropius|9/100\n|\n|upkeep\n|turn|37\n|inactive|Time left: 300 sec this turn | 300 sec total\n|\n|t:|1783564080\n|move|p2a: Tropius|Protect|p2a: Tropius\n|-singleturn|p2a: Tropius|Protect\n|move|p1a: Incineroar|Flare Blitz|p2a: Tropius\n|-activate|p2a: Tropius|move: Protect\n|\n|-item|p2a: Tropius|Sitrus Berry|[from] ability: Harvest\n|upkeep\n|-enditem|p2a: Tropius|Sitrus Berry|[eat]\n|-heal|p2a: Tropius|34/100|[from] item: Sitrus Berry\n|turn|38\n|inactive|Time left: 300 sec this turn | 300 sec total\n|\n|t:|1783564081\n|move|p1a: Incineroar|Flare Blitz|p2a: Tropius\n|-supereffective|p2a: Tropius\n|-end|p2a: Tropius|Substitute\n|-damage|p1a: Incineroar|65/290|[from] Recoil|[of] p2a: Tropius\n|move|p2a: Tropius|Substitute|p2a: Tropius\n|-start|p2a: Tropius|Substitute\n|-damage|p2a: Tropius|9/100\n|\n|-item|p2a: Tropius|Sitrus Berry|[from] ability: Harvest\n|upkeep\n|-enditem|p2a: Tropius|Sitrus Berry|[eat]\n|-heal|p2a: Tropius|34/100|[from] item: Sitrus Berry\n|turn|39\n|inactive|Time left: 300 sec this turn | 300 sec total\n|\n|t:|1783564082\n|move|p2a: Tropius|Protect|p2a: Tropius\n|-singleturn|p2a: Tropius|Protect\n|move|p1a: Incineroar|Flare Blitz|p2a: Tropius\n|-activate|p2a: Tropius|move: Protect\n|\n|upkeep\n|turn|40\n|inactive|Time left: 300 sec this turn | 300 sec total\n|\n|t:|1783564083\n|move|p1a: Incineroar|Flare Blitz|p2a: Tropius\n|-supereffective|p2a: Tropius\n|-end|p2a: Tropius|Substitute\n|-damage|p1a: Incineroar|38/290|[from] Recoil|[of] p2a: Tropius\n|move|p2a: Tropius|Air Slash|p1a: Incineroar\n|-damage|p1a: Incineroar|0 fnt\n|faint|p1a: Incineroar\n|\n|upkeep\n|inactive|Time left: 300 sec this turn | 300 sec total | 5 sec grace\n|\n|t:|1783564083\n|switch|p1a: Milotic|Milotic, L83, M|293/293\n|-activate|p1a: Milotic|move: Sticky Web\n|-unboost|p1a: Milotic|spe|1\n|-ability|p1a: Milotic|Competitive|boost\n|-boost|p1a: Milotic|spa|2\n|turn|41\n|inactive|Time left: 300 sec this turn | 300 sec total\n|\n|t:|1783564084\n|move|p2a: Tropius|Protect|p2a: Tropius\n|-singleturn|p2a: Tropius|Protect\n|move|p1a: Milotic|Ice Beam|p2a: Tropius\n|-activate|p2a: Tropius|move: Protect\n|\n|-item|p2a: Tropius|Sitrus Berry|[from] ability: Harvest\n|upkeep\n|-enditem|p2a: Tropius|Sitrus Berry|[eat]\n|-heal|p2a: Tropius|59/100|[from] item: Sitrus Berry\n|turn|42\n|inactive|Time left: 300 sec this turn | 300 sec total\n|\n|t:|1783564085\n|move|p2a: Tropius|Substitute|p2a: Tropius\n|-start|p2a: Tropius|Substitute\n|-damage|p2a: Tropius|34/100\n|move|p1a: Milotic|Ice Beam|p2a: Tropius\n|-supereffective|p2a: Tropius\n|-end|p2a: Tropius|Substitute\n|\n|upkeep\n|turn|43\n|inactive|Time left: 300 sec this turn | 300 sec total\n|\n|t:|1783564086\n|move|p2a: Tropius|Protect|p2a: Tropius\n|-singleturn|p2a: Tropius|Protect\n|move|p1a: Milotic|Ice Beam|p2a: Tropius\n|-activate|p2a: Tropius|move: Protect\n|\n|-item|p2a: Tropius|Sitrus Berry|[from] ability: Harvest\n|upkeep\n|-enditem|p2a: Tropius|Sitrus Berry|[eat]\n|-heal|p2a: Tropius|59/100|[from] item: Sitrus Berry\n|turn|44\n|inactive|Time left: 300 sec this turn | 300 sec total\n|\n|t:|1783564087\n|move|p2a: Tropius|Substitute|p2a: Tropius\n|-start|p2a: Tropius|Substitute\n|-damage|p2a: Tropius|34/100\n|move|p1a: Milotic|Ice Beam|p2a: Tropius\n|-supereffective|p2a: Tropius\n|-end|p2a: Tropius|Substitute\n|\n|upkeep\n|turn|45\n|inactive|Time left: 300 sec this turn | 300 sec total\n|\n|t:|1783564087\n|move|p2a: Tropius|Protect|p2a: Tropius\n|-singleturn|p2a: Tropius|Protect\n|move|p1a: Milotic|Ice Beam|p2a: Tropius\n|-activate|p2a: Tropius|move: Protect\n|\n|-item|p2a: Tropius|Sitrus Berry|[from] ability: Harvest\n|upkeep\n|-enditem|p2a: Tropius|Sitrus Berry|[eat]\n|-heal|p2a: Tropius|59/100|[from] item: Sitrus Berry\n|turn|46\n|inactive|Time left: 300 sec this turn | 300 sec total\n|\n|t:|1783564088\n|move|p2a: Tropius|Substitute|p2a: Tropius\n|-start|p2a: Tropius|Substitute\n|-damage|p2a: Tropius|34/100\n|move|p1a: Milotic|Ice Beam|p2a: Tropius\n|-supereffective|p2a: Tropius\n|-end|p2a: Tropius|Substitute\n|\n|upkeep\n|turn|47\n|inactive|Time left: 300 sec this turn | 300 sec total\n|\n|t:|1783564089\n|move|p2a: Tropius|Protect|p2a: Tropius\n|-singleturn|p2a: Tropius|Protect\n|move|p1a: Milotic|Ice Beam|p2a: Tropius\n|-activate|p2a: Tropius|move: Protect\n|\n|-item|p2a: Tropius|Sitrus Berry|[from] ability: Harvest\n|upkeep\n|-enditem|p2a: Tropius|Sitrus Berry|[eat]\n|-heal|p2a: Tropius|59/100|[from] item: Sitrus Berry\n|turn|48\n|inactive|Time left: 300 sec this turn | 300 sec total\n|\n|t:|1783564090\n|move|p2a: Tropius|Substitute|p2a: Tropius\n|-start|p2a: Tropius|Substitute\n|-damage|p2a: Tropius|34/100\n|move|p1a: Milotic|Ice Beam|p2a: Tropius\n|-supereffective|p2a: Tropius\n|-end|p2a: Tropius|Substitute\n|\n|-item|p2a: Tropius|Sitrus Berry|[from] ability: Harvest\n|upkeep\n|-enditem|p2a: Tropius|Sitrus Berry|[eat]\n|-heal|p2a: Tropius|59/100|[from] item: Sitrus Berry\n|turn|49\n|inactive|Time left: 300 sec this turn | 300 sec total\n|\n|t:|1783564091\n|move|p2a: Tropius|Protect|p2a: Tropius\n|-singleturn|p2a: Tropius|Protect\n|move|p1a: Milotic|Ice Beam|p2a: Tropius\n|-activate|p2a: Tropius|move: Protect\n|\n|upkeep\n|turn|50\n|inactive|Time left: 300 sec this turn | 300 sec total\n|\n|t:|1783564092\n|move|p2a: Tropius|Substitute|p2a: Tropius\n|-start|p2a: Tropius|Substitute\n|-damage|p2a: Tropius|34/100\n|move|p1a: Milotic|Ice Beam|p2a: Tropius\n|-supereffective|p2a: Tropius\n|-end|p2a: Tropius|Substitute\n|\n|-item|p2a: Tropius|Sitrus Berry|[from] ability: Harvest\n|upkeep\n|-enditem|p2a: Tropius|Sitrus Berry|[eat]\n|-heal|p2a: Tropius|59/100|[from] item: Sitrus Berry\n|turn|51\n|inactive|Time left: 300 sec this turn | 300 sec total\n|\n|t:|1783564092\n|move|p2a: Tropius|Protect|p2a: Tropius\n|-singleturn|p2a: Tropius|Protect\n|move|p1a: Milotic|Ice Beam|p2a: Tropius\n|-activate|p2a: Tropius|move: Protect\n|\n|-item|p2a: Tropius|Sitrus Berry|[from] ability: Harvest\n|upkeep\n|turn|52\n|inactive|Time left: 300 sec this turn | 300 sec total\n|\n|t:|1783564093\n|move|p2a: Tropius|Substitute|p2a: Tropius\n|-start|p2a: Tropius|Substitute\n|-damage|p2a: Tropius|34/100\n|-enditem|p2a: Tropius|Sitrus Berry|[eat]\n|-heal|p2a: Tropius|59/100|[from] item: Sitrus Berry\n|move|p1a: Milotic|Ice Beam|p2a: Tropius\n|-supereffective|p2a: Tropius\n|-end|p2a: Tropius|Substitute\n|\n|-item|p2a: Tropius|Sitrus Berry|[from] ability: Harvest\n|upkeep\n|turn|53\n|inactive|Time left: 300 sec this turn | 300 sec total\n|\n|t:|1783564094\n|move|p2a: Tropius|Protect|p2a: Tropius\n|-singleturn|p2a: Tropius|Protect\n|move|p1a: Milotic|Ice Beam|p2a: Tropius\n|-activate|p2a: Tropius|move: Protect\n|\n|upkeep\n|turn|54\n|inactive|Time left: 300 sec this turn | 300 sec total\n|\n|t:|1783564095\n|move|p2a: Tropius|Air Slash|p1a: Milotic\n|-damage|p1a: Milotic|239/293\n|move|p1a: Milotic|Ice Beam|p2a: Tropius\n|-supereffective|p2a: Tropius\n|-damage|p2a: Tropius|0 fnt\n|faint|p2a: Tropius\n|\n|win|p0x2074a168", "uploadtime": 1783564095, "views": 0, "rating": 0, "private": 0, "password": null, "_winner": "p0x2074a168", "_our_name": "p0x2074a168"}