{"id": "battle-gen9randombattle-65", "formatid": "gen9randombattle", "format": "[Gen 9] Random Battle", "players": ["p0x065ebca", "p0y0651aba"], "log": "|init|battle\n|title|p0x065ebca vs. p0y0651aba\n|j|\u2606p0x065ebca\n|j|\u2606p0y0651aba\n|t:|1783533982\n|gametype|singles\n|player|p1|p0x065ebca|2|\n|player|p2|p0y0651aba|169|\n|gen|9\n|tier|[Gen 9] Random Battle\n|rule|Species Clause: Limit one of each Pok\u00e9mon\n|rule|HP Percentage Mod: HP is shown in percentages\n|rule|Sleep Clause Mod: Limit one foe put to sleep\n|rule|Illusion Level Mod: Illusion disguises the Pok\u00e9mon's true level\n|\n|t:|1783533982\n|teamsize|p1|6\n|teamsize|p2|6\n|start\n|switch|p1a: Clodsire|Clodsire, L81, M|343/343\n|switch|p2a: Wo-Chien|Wo-Chien, L83|100/100\n|-ability|p2a: Wo-Chien|Tablets of Ruin\n|turn|1\n|inactive|Battle timer is ON: inactive players will automatically lose when time's up. (requested by p0y0651aba)\n|inactive|Time left: 300 sec this turn | 300 sec total | 60 sec grace\n|inactive|p0x065ebca also wants the timer to be on.\n|\n|t:|1783533983\n|move|p2a: Wo-Chien|Knock Off|p1a: Clodsire\n|-damage|p1a: Clodsire|223/343\n|-enditem|p1a: Clodsire|Leftovers|[from] move: Knock Off|[of] p2a: Wo-Chien\n|move|p1a: Clodsire|Toxic Spikes|p2a: Wo-Chien\n|-sidestart|p2: p0y0651aba|move: Toxic Spikes\n|\n|upkeep\n|turn|2\n|inactive|Time left: 300 sec this turn | 300 sec total\n|\n|t:|1783533984\n|move|p2a: Wo-Chien|Leech Seed|p1a: Clodsire\n|-start|p1a: Clodsire|move: Leech Seed\n|move|p1a: Clodsire|Recover|p1a: Clodsire\n|-heal|p1a: Clodsire|343/343\n|\n|-damage|p1a: Clodsire|301/343|[from] Leech Seed|[of] p2a: Wo-Chien\n|upkeep\n|turn|3\n|inactive|Time left: 300 sec this turn | 300 sec total\n|\n|t:|1783533985\n|switch|p2a: Fezandipiti|Fezandipiti, L82, M|100/100\n|-sideend|p2: p0y0651aba|move: Toxic Spikes|[of] p2a: Fezandipiti\n|switch|p1a: Incineroar|Incineroar, L82, M|290/290\n|-ability|p1a: Incineroar|Intimidate|boost\n|-unboost|p2a: Fezandipiti|atk|1\n|\n|upkeep\n|turn|4\n|inactive|Time left: 300 sec this turn | 300 sec total\n|\n|t:|1783533987\n|move|p2a: Fezandipiti|Swords Dance|p2a: Fezandipiti\n|-boost|p2a: Fezandipiti|atk|2\n|move|p1a: Incineroar|Knock Off|p2a: Fezandipiti\n|-resisted|p2a: Fezandipiti\n|-damage|p2a: Fezandipiti|80/100\n|-enditem|p2a: Fezandipiti|Leftovers|[from] move: Knock Off|[of] p1a: Incineroar\n|\n|upkeep\n|turn|5\n|inactive|Time left: 300 sec this turn | 300 sec total\n|\n|t:|1783533988\n|move|p2a: Fezandipiti|Gunk Shot|p1a: Incineroar\n|-damage|p1a: Incineroar|103/290\n|move|p1a: Incineroar|Flare Blitz|p2a: Fezandipiti\n|-damage|p2a: Fezandipiti|25/100\n|-damage|p1a: Incineroar|52/290|[from] Recoil\n|\n|upkeep\n|turn|6\n|inactive|Time left: 300 sec this turn | 300 sec total\n|\n|t:|1783533989\n|move|p2a: Fezandipiti|Play Rough|p1a: Incineroar\n|-crit|p1a: Incineroar\n|-damage|p1a: Incineroar|0 fnt\n|faint|p1a: Incineroar\n|\n|upkeep\n|inactive|Time left: 300 sec this turn | 300 sec total | 5 sec grace\n|\n|t:|1783533990\n|switch|p1a: Polteageist|Polteageist, L78|222/222\n|turn|7\n|inactive|Time left: 300 sec this turn | 300 sec total\n|\n|t:|1783533991\n|move|p2a: Fezandipiti|Play Rough|p1a: Polteageist\n|-damage|p1a: Polteageist|38/222\n|move|p1a: Polteageist|Shell Smash|p1a: Polteageist\n|-unboost|p1a: Polteageist|def|1\n|-unboost|p1a: Polteageist|spd|1\n|-boost|p1a: Polteageist|atk|2\n|-boost|p1a: Polteageist|spa|2\n|-boost|p1a: Polteageist|spe|2\n|-enditem|p1a: Polteageist|White Herb\n|-clearnegativeboost|p1a: Polteageist|[silent]\n|\n|upkeep\n|turn|8\n|inactive|Time left: 300 sec this turn | 300 sec total\n|\n|t:|1783533992\n|switch|p2a: Diancie|Diancie, L82|100/100\n|move|p1a: Polteageist|Tera Blast|p2a: Diancie\n|-resisted|p2a: Diancie\n|-damage|p2a: Diancie|87/100\n|\n|upkeep\n|turn|9\n|inactive|Time left: 300 sec this turn | 300 sec total\n|\n|t:|1783533993\n|move|p1a: Polteageist|Stored Power|p2a: Diancie\n|-damage|p2a: Diancie|39/100\n|move|p2a: Diancie|Diamond Storm|p1a: Polteageist|[miss]\n|-miss|p2a: Diancie|p1a: Polteageist\n|\n|upkeep\n|turn|10\n|inactive|Time left: 300 sec this turn | 300 sec total\n|\n|t:|1783533995\n|switch|p2a: Wo-Chien|Wo-Chien, L83|100/100\n|-ability|p2a: Wo-Chien|Tablets of Ruin\n|move|p1a: Polteageist|Stored Power|p2a: Wo-Chien\n|-immune|p2a: Wo-Chien\n|\n|upkeep\n|turn|11\n|inactive|Time left: 300 sec this turn | 300 sec total\n|\n|t:|1783533996\n|-terastallize|p1a: Polteageist|Fighting\n|move|p1a: Polteageist|Tera Blast|p2a: Wo-Chien|[anim] Tera Blast Fighting\n|-supereffective|p2a: Wo-Chien\n|-damage|p2a: Wo-Chien|0 fnt\n|faint|p2a: Wo-Chien\n|\n|upkeep\n|\n|t:|1783533997\n|switch|p2a: Chansey|Chansey, L85, F|100/100\n|turn|12\n|inactive|Time left: 300 sec this turn | 300 sec total\n|\n|t:|1783533998\n|move|p1a: Polteageist|Tera Blast|p2a: Chansey|[anim] Tera Blast Fighting\n|-supereffective|p2a: Chansey\n|-damage|p2a: Chansey|60/100\n|move|p2a: Chansey|Seismic Toss|p1a: Polteageist\n|-damage|p1a: Polteageist|0 fnt\n|-start|p2a: Chansey|Disable|Seismic Toss|[from] ability: Cursed Body|[of] p1a: Polteageist\n|faint|p1a: Polteageist\n|\n|upkeep\n|inactive|Time left: 300 sec this turn | 300 sec total | 5 sec grace\n|\n|t:|1783533999\n|switch|p1a: Gumshoos|Gumshoos, L95, F|321/321\n|turn|13\n|inactive|Time left: 300 sec this turn | 300 sec total\n|\n|t:|1783534000\n|switch|p2a: Fezandipiti|Fezandipiti, L82, M|25/100\n|move|p1a: Gumshoos|Knock Off|p2a: Fezandipiti\n|-resisted|p2a: Fezandipiti\n|-damage|p2a: Fezandipiti|0 fnt\n|faint|p2a: Fezandipiti\n|\n|upkeep\n|\n|t:|1783534001\n|switch|p2a: Diancie|Diancie, L82|39/100\n|turn|14\n|inactive|Time left: 300 sec this turn | 300 sec total\n|\n|t:|1783534002\n|move|p1a: Gumshoos|Knock Off|p2a: Diancie\n|-resisted|p2a: Diancie\n|-damage|p2a: Diancie|18/100\n|-enditem|p2a: Diancie|Assault Vest|[from] move: Knock Off|[of] p1a: Gumshoos\n|move|p2a: Diancie|Diamond Storm|p1a: Gumshoos\n|-damage|p1a: Gumshoos|212/321\n|\n|upkeep\n|turn|15\n|inactive|Time left: 300 sec this turn | 300 sec total\n|\n|t:|1783534003\n|move|p1a: Gumshoos|Knock Off|p2a: Diancie\n|-resisted|p2a: Diancie\n|-damage|p2a: Diancie|3/100\n|move|p2a: Diancie|Moonblast|p1a: Gumshoos\n|-damage|p1a: Gumshoos|94/321\n|\n|upkeep\n|turn|16\n|inactive|Time left: 300 sec this turn | 300 sec total\n|\n|t:|1783534004\n|move|p1a: Gumshoos|Knock Off|p2a: Diancie\n|-resisted|p2a: Diancie\n|-damage|p2a: Diancie|0 fnt\n|faint|p2a: Diancie\n|\n|upkeep\n|\n|t:|1783534005\n|switch|p2a: Glimmora|Glimmora, L75, F|100/100\n|-item|p2a: Glimmora|Air Balloon\n|turn|17\n|inactive|Time left: 300 sec this turn | 300 sec total\n|\n|t:|1783534006\n|switch|p1a: Komala|Komala, L87, F|255/255\n|-ability|p1a: Komala|Comatose\n|move|p2a: Glimmora|Sludge Wave|p1a: Komala\n|-damage|p1a: Komala|188/255\n|\n|upkeep\n|turn|18\n|inactive|Time left: 300 sec this turn | 300 sec total\n|\n|t:|1783534008\n|move|p2a: Glimmora|Power Gem|p1a: Komala\n|-damage|p1a: Komala|133/255\n|move|p1a: Komala|Rapid Spin|p2a: Glimmora\n|-resisted|p2a: Glimmora\n|-damage|p2a: Glimmora|86/100\n|-boost|p1a: Komala|spe|1\n|-activate|p2a: Glimmora|ability: Toxic Debris\n|-sidestart|p1: p0x065ebca|move: Toxic Spikes\n|-enditem|p2a: Glimmora|Air Balloon\n|-sideend|p1: p0x065ebca|Toxic Spikes|[from] move: Rapid Spin|[of] p1a: Komala\n|\n|upkeep\n|turn|19\n|inactive|Time left: 300 sec this turn | 300 sec total\n|\n|t:|1783534009\n|switch|p2a: Passimian|Passimian, L83, F|100/100\n|move|p1a: Komala|Earthquake|p2a: Passimian\n|-damage|p2a: Passimian|72/100\n|\n|upkeep\n|turn|20\n|inactive|Time left: 300 sec this turn | 300 sec total\n|\n|t:|1783534010\n|move|p2a: Passimian|Close Combat|p1a: Komala\n|-supereffective|p1a: Komala\n|-damage|p1a: Komala|0 fnt\n|-unboost|p2a: Passimian|def|1\n|-unboost|p2a: Passimian|spd|1\n|faint|p1a: Komala\n|\n|upkeep\n|inactive|Time left: 300 sec this turn | 300 sec total | 5 sec grace\n|\n|t:|1783534011\n|switch|p1a: Clodsire|Clodsire, L81, M|301/343\n|turn|21\n|inactive|Time left: 300 sec this turn | 300 sec total\n|\n|t:|1783534012\n|move|p2a: Passimian|Close Combat|p1a: Clodsire\n|-resisted|p1a: Clodsire\n|-damage|p1a: Clodsire|198/343\n|-unboost|p2a: Passimian|def|1\n|-unboost|p2a: Passimian|spd|1\n|move|p1a: Clodsire|Earthquake|p2a: Passimian\n|-damage|p2a: Passimian|15/100\n|\n|upkeep\n|turn|22\n|inactive|Time left: 300 sec this turn | 300 sec total\n|\n|t:|1783534013\n|move|p2a: Passimian|Close Combat|p1a: Clodsire\n|-resisted|p1a: Clodsire\n|-damage|p1a: Clodsire|93/343\n|-unboost|p2a: Passimian|def|1\n|-unboost|p2a: Passimian|spd|1\n|move|p1a: Clodsire|Recover|p1a: Clodsire\n|-heal|p1a: Clodsire|265/343\n|\n|upkeep\n|turn|23\n|inactive|Time left: 300 sec this turn | 300 sec total\n|\n|t:|1783534014\n|move|p2a: Passimian|Close Combat|p1a: Clodsire\n|-resisted|p1a: Clodsire\n|-damage|p1a: Clodsire|172/343\n|-unboost|p2a: Passimian|def|1\n|-unboost|p2a: Passimian|spd|1\n|move|p1a: Clodsire|Recover|p1a: Clodsire\n|-heal|p1a: Clodsire|343/343\n|\n|upkeep\n|turn|24\n|inactive|Time left: 300 sec this turn | 300 sec total\n|\n|t:|1783534015\n|move|p2a: Passimian|Close Combat|p1a: Clodsire\n|-resisted|p1a: Clodsire\n|-damage|p1a: Clodsire|238/343\n|-unboost|p2a: Passimian|def|1\n|-unboost|p2a: Passimian|spd|1\n|move|p1a: Clodsire|Earthquake|p2a: Passimian\n|-damage|p2a: Passimian|0 fnt\n|faint|p2a: Passimian\n|\n|upkeep\n|\n|t:|1783534016\n|switch|p2a: Glimmora|Glimmora, L75, F|86/100\n|turn|25\n|inactive|Time left: 300 sec this turn | 300 sec total\n|\n|t:|1783534017\n|-terastallize|p2a: Glimmora|Ground\n|move|p2a: Glimmora|Earth Power|p1a: Clodsire\n|-supereffective|p1a: Clodsire\n|-damage|p1a: Clodsire|64/343\n|move|p1a: Clodsire|Earthquake|p2a: Glimmora\n|-damage|p2a: Glimmora|48/100\n|-activate|p2a: Glimmora|ability: Toxic Debris\n|-sidestart|p1: p0x065ebca|move: Toxic Spikes\n|\n|upkeep\n|turn|26\n|inactive|Time left: 300 sec this turn | 300 sec total\n|\n|t:|1783534018\n|move|p2a: Glimmora|Earth Power|p1a: Clodsire\n|-supereffective|p1a: Clodsire\n|-damage|p1a: Clodsire|0 fnt\n|faint|p1a: Clodsire\n|\n|upkeep\n|inactive|Time left: 300 sec this turn | 300 sec total | 5 sec grace\n|\n|t:|1783534019\n|switch|p1a: Arcanine|Arcanine, L84, F|288/288\n|-ability|p1a: Arcanine|Intimidate|boost\n|-unboost|p2a: Glimmora|atk|1\n|turn|27\n|inactive|Time left: 300 sec this turn | 300 sec total\n|\n|t:|1783534020\n|switch|p2a: Chansey|Chansey, L85, F|60/100\n|move|p1a: Arcanine|Flare Blitz|p2a: Chansey\n|-damage|p2a: Chansey|7/100\n|-damage|p1a: Arcanine|190/288|[from] Recoil\n|\n|upkeep\n|turn|28\n|inactive|Time left: 300 sec this turn | 300 sec total\n|\n|t:|1783534021\n|move|p1a: Arcanine|Flare Blitz|p2a: Chansey\n|-damage|p2a: Chansey|0 fnt\n|faint|p2a: Chansey\n|-damage|p1a: Arcanine|178/288|[from] Recoil\n|\n|upkeep\n|\n|t:|1783534022\n|switch|p2a: Glimmora|Glimmora, L75, F, tera:Ground|48/100\n|turn|29\n|inactive|Time left: 300 sec this turn | 300 sec total\n|\n|t:|1783534023\n|move|p1a: Arcanine|Flare Blitz|p2a: Glimmora\n|-damage|p2a: Glimmora|0 fnt\n|-activate|p2a: Glimmora|ability: Toxic Debris\n|-sidestart|p1: p0x065ebca|move: Toxic Spikes\n|faint|p2a: Glimmora\n|-damage|p1a: Arcanine|139/288|[from] Recoil\n|\n|win|p0x065ebca", "uploadtime": 1783534023, "views": 0, "rating": 0, "private": 0, "password": null, "_winner": "p0x065ebca", "_our_name": "p0x065ebca"}