{"id": "battle-gen9randombattle-567", "formatid": "gen9randombattle", "format": "[Gen 9] Random Battle", "players": ["p0x567ecbc", "p0y567fc16"], "log": "|init|battle\n|title|p0x567ecbc vs. p0y567fc16\n|j|\u2606p0x567ecbc\n|j|\u2606p0y567fc16\n|t:|1783546362\n|gametype|singles\n|player|p1|p0x567ecbc|101|\n|player|p2|p0y567fc16|102|\n|gen|9\n|tier|[Gen 9] Random Battle\n|rule|Species Clause: Limit one of each Pok\u00e9mon\n|rule|HP Percentage Mod: HP is shown in percentages\n|rule|Sleep Clause Mod: Limit one foe put to sleep\n|rule|Illusion Level Mod: Illusion disguises the Pok\u00e9mon's true level\n|\n|t:|1783546362\n|teamsize|p1|6\n|teamsize|p2|6\n|start\n|switch|p1a: Grimmsnarl|Grimmsnarl, L83, M|100/100\n|switch|p2a: Iron Hands|Iron Hands, L79|373/373\n|turn|1\n|inactive|Battle timer is ON: inactive players will automatically lose when time's up. (requested by p0y567fc16)\n|inactive|p0x567ecbc also wants the timer to be on.\n|\n|t:|1783546363\n|move|p1a: Grimmsnarl|Reflect|p1a: Grimmsnarl\n|-sidestart|p1: p0x567ecbc|Reflect\n|move|p2a: Iron Hands|Heavy Slam|p1a: Grimmsnarl\n|-supereffective|p1a: Grimmsnarl\n|-damage|p1a: Grimmsnarl|60/100\n|\n|upkeep\n|turn|2\n|inactive|Time left: 300 sec this turn | 300 sec total\n|\n|t:|1783546364\n|-end|p2a: Iron Hands|Quark Drive|[silent]\n|switch|p2a: Polteageist|Polteageist, L78|222/222\n|move|p1a: Grimmsnarl|Spirit Break|p2a: Polteageist\n|-damage|p2a: Polteageist|108/222\n|-unboost|p2a: Polteageist|spa|1\n|-start|p1a: Grimmsnarl|Disable|Spirit Break|[from] ability: Cursed Body|[of] p2a: Polteageist\n|-enditem|p2a: Polteageist|White Herb\n|-clearnegativeboost|p2a: Polteageist|[silent]\n|\n|upkeep\n|turn|3\n|inactive|Time left: 300 sec this turn | 300 sec total\n|\n|t:|1783546365\n|move|p1a: Grimmsnarl|Parting Shot|p2a: Polteageist\n|-unboost|p2a: Polteageist|atk|1\n|-unboost|p2a: Polteageist|spa|1\n|\n|t:|1783546366\n|switch|p1a: Empoleon|Empoleon, L84, M|100/100|[from] Parting Shot\n|move|p2a: Polteageist|Strength Sap|p1a: Empoleon\n|-unboost|p1a: Empoleon|atk|1\n|-ability|p1a: Empoleon|Competitive|boost\n|-boost|p1a: Empoleon|spa|2\n|-heal|p2a: Polteageist|222/222\n|\n|upkeep\n|turn|4\n|inactive|Time left: 300 sec this turn | 300 sec total\n|\n|t:|1783546367\n|switch|p2a: Grumpig|Grumpig, L92, F|297/297\n|move|p1a: Empoleon|Surf|p2a: Grumpig\n|-damage|p2a: Grumpig|143/297\n|\n|-heal|p2a: Grumpig|161/297|[from] item: Leftovers\n|upkeep\n|turn|5\n|inactive|Time left: 300 sec this turn | 300 sec total\n|\n|t:|1783546368\n|move|p2a: Grumpig|Focus Blast|p1a: Empoleon|[miss]\n|-miss|p2a: Grumpig|p1a: Empoleon\n|move|p1a: Empoleon|Surf|p2a: Grumpig\n|-damage|p2a: Grumpig|0 fnt\n|faint|p2a: Grumpig\n|\n|upkeep\n|inactive|Time left: 300 sec this turn | 300 sec total | 5 sec grace\n|\n|t:|1783546369\n|switch|p2a: Rotom|Rotom-Mow, L87|229/229\n|turn|6\n|inactive|Time left: 300 sec this turn | 300 sec total\n|\n|t:|1783546370\n|move|p2a: Rotom|Thunderbolt|p1a: Empoleon\n|-supereffective|p1a: Empoleon\n|-damage|p1a: Empoleon|26/100\n|-status|p1a: Empoleon|par\n|cant|p1a: Empoleon|par\n|\n|-heal|p1a: Empoleon|33/100 par|[from] item: Leftovers\n|upkeep\n|turn|7\n|inactive|Time left: 300 sec this turn | 300 sec total\n|\n|t:|1783546371\n|move|p2a: Rotom|Volt Switch|p1a: Empoleon\n|-supereffective|p1a: Empoleon\n|-damage|p1a: Empoleon|0 fnt\n|faint|p1a: Empoleon\n|inactive|Time left: 300 sec this turn | 300 sec total | 5 sec grace\n|\n|t:|1783546372\n|switch|p2a: Polteageist|Polteageist, L78|222/222|[from] Volt Switch\n|\n|upkeep\n|\n|t:|1783546373\n|switch|p1a: Breloom|Breloom, L83, M|100/100\n|turn|8\n|inactive|Time left: 300 sec this turn | 300 sec total\n|\n|t:|1783546374\n|switch|p2a: Ho-Oh|Ho-Oh, L71|268/268\n|move|p1a: Breloom|Bullet Seed|p2a: Ho-Oh\n|-resisted|p2a: Ho-Oh\n|-damage|p2a: Ho-Oh|249/268\n|-resisted|p2a: Ho-Oh\n|-damage|p2a: Ho-Oh|230/268\n|-resisted|p2a: Ho-Oh\n|-damage|p2a: Ho-Oh|213/268\n|-hitcount|p2a: Ho-Oh|3\n|-damage|p1a: Breloom|91/100|[from] item: Life Orb\n|\n|-sideend|p1: p0x567ecbc|Reflect\n|upkeep\n|turn|9\n|inactive|Time left: 300 sec this turn | 300 sec total\n|\n|t:|1783546375\n|switch|p1a: Grimmsnarl|Grimmsnarl, L83, M|60/100\n|move|p2a: Ho-Oh|Sacred Fire|p1a: Grimmsnarl\n|-crit|p1a: Grimmsnarl\n|-damage|p1a: Grimmsnarl|2/100\n|\n|upkeep\n|turn|10\n|inactive|Time left: 300 sec this turn | 300 sec total\n|\n|t:|1783546376\n|move|p1a: Grimmsnarl|Reflect|p1a: Grimmsnarl\n|-sidestart|p1: p0x567ecbc|Reflect\n|move|p2a: Ho-Oh|Sacred Fire|p1a: Grimmsnarl\n|-damage|p1a: Grimmsnarl|0 fnt\n|faint|p1a: Grimmsnarl\n|\n|upkeep\n|\n|t:|1783546377\n|switch|p1a: Masquerain|Masquerain, L87, M|100/100\n|-ability|p1a: Masquerain|Intimidate|boost\n|-unboost|p2a: Ho-Oh|atk|1\n|turn|11\n|inactive|Time left: 300 sec this turn | 300 sec total\n|\n|t:|1783546378\n|switch|p2a: Iron Hands|Iron Hands, L79|373/373\n|move|p1a: Masquerain|Quiver Dance|p1a: Masquerain\n|-boost|p1a: Masquerain|spa|1\n|-boost|p1a: Masquerain|spd|1\n|-boost|p1a: Masquerain|spe|1\n|\n|upkeep\n|turn|12\n|inactive|Time left: 300 sec this turn | 300 sec total\n|\n|t:|1783546379\n|move|p1a: Masquerain|Quiver Dance|p1a: Masquerain\n|-boost|p1a: Masquerain|spa|1\n|-boost|p1a: Masquerain|spd|1\n|-boost|p1a: Masquerain|spe|1\n|move|p2a: Iron Hands|Wild Charge|p1a: Masquerain\n|-supereffective|p1a: Masquerain\n|-damage|p1a: Masquerain|45/100\n|-damage|p2a: Iron Hands|336/373|[from] Recoil\n|\n|upkeep\n|turn|13\n|inactive|Time left: 300 sec this turn | 300 sec total\n|\n|t:|1783546380\n|move|p1a: Masquerain|Hurricane|p2a: Iron Hands|[miss]\n|-miss|p1a: Masquerain|p2a: Iron Hands\n|move|p2a: Iron Hands|Wild Charge|p1a: Masquerain\n|-supereffective|p1a: Masquerain\n|-damage|p1a: Masquerain|0 fnt\n|faint|p1a: Masquerain\n|-damage|p2a: Iron Hands|307/373|[from] Recoil\n|\n|upkeep\n|\n|t:|1783546381\n|switch|p1a: Dugtrio|Dugtrio, L84, M|100/100\n|turn|14\n|inactive|Time left: 300 sec this turn | 300 sec total\n|\n|t:|1783546382\n|-terastallize|p2a: Iron Hands|Fighting\n|move|p1a: Dugtrio|Earthquake|p2a: Iron Hands\n|-damage|p2a: Iron Hands|156/373\n|move|p2a: Iron Hands|Heavy Slam|p1a: Dugtrio\n|-damage|p1a: Dugtrio|62/100\n|\n|upkeep\n|turn|15\n|inactive|Time left: 300 sec this turn | 300 sec total\n|\n|t:|1783546384\n|move|p1a: Dugtrio|Earthquake|p2a: Iron Hands\n|-damage|p2a: Iron Hands|0 fnt\n|faint|p2a: Iron Hands\n|-end|p2a: Iron Hands|Quark Drive|[silent]\n|\n|upkeep\n|inactive|Time left: 300 sec this turn | 300 sec total | 5 sec grace\n|\n|t:|1783546385\n|switch|p2a: Mismagius|Mismagius, L86, M|243/243\n|turn|16\n|inactive|Time left: 300 sec this turn | 300 sec total\n|\n|t:|1783546386\n|switch|p1a: Magmortar|Magmortar, L88, F|100/100\n|move|p2a: Mismagius|Nasty Plot|p2a: Mismagius\n|-boost|p2a: Mismagius|spa|2\n|\n|upkeep\n|turn|17\n|inactive|Time left: 300 sec this turn | 300 sec total\n|\n|t:|1783546387\n|move|p2a: Mismagius|Shadow Ball|p1a: Magmortar\n|-damage|p1a: Magmortar|40/100\n|move|p1a: Magmortar|Fire Blast|p2a: Mismagius\n|-damage|p2a: Mismagius|99/243\n|\n|-heal|p2a: Mismagius|114/243|[from] item: Leftovers\n|-sideend|p1: p0x567ecbc|Reflect\n|upkeep\n|turn|18\n|inactive|Time left: 300 sec this turn | 300 sec total\n|\n|t:|1783546388\n|move|p2a: Mismagius|Shadow Ball|p1a: Magmortar\n|-damage|p1a: Magmortar|0 fnt\n|faint|p1a: Magmortar\n|\n|-heal|p2a: Mismagius|129/243|[from] item: Leftovers\n|upkeep\n|\n|t:|1783546389\n|switch|p1a: Dugtrio|Dugtrio, L84, M|62/100\n|turn|19\n|inactive|Time left: 300 sec this turn | 300 sec total\n|\n|t:|1783546390\n|move|p1a: Dugtrio|Stone Edge|p2a: Mismagius\n|-crit|p2a: Mismagius\n|-damage|p2a: Mismagius|0 fnt\n|faint|p2a: Mismagius\n|\n|upkeep\n|inactive|Time left: 300 sec this turn | 300 sec total | 5 sec grace\n|\n|t:|1783546391\n|switch|p2a: Polteageist|Polteageist, L78|222/222\n|turn|20\n|inactive|Time left: 300 sec this turn | 300 sec total\n|\n|t:|1783546392\n|move|p1a: Dugtrio|Stone Edge|p2a: Polteageist\n|-crit|p2a: Polteageist\n|-damage|p2a: Polteageist|23/222\n|move|p2a: Polteageist|Shell Smash|p2a: Polteageist\n|-unboost|p2a: Polteageist|def|1\n|-unboost|p2a: Polteageist|spd|1\n|-boost|p2a: Polteageist|atk|2\n|-boost|p2a: Polteageist|spa|2\n|-boost|p2a: Polteageist|spe|2\n|\n|upkeep\n|turn|21\n|inactive|Time left: 300 sec this turn | 300 sec total\n|\n|t:|1783546393\n|-terastallize|p1a: Dugtrio|Dark\n|move|p2a: Polteageist|Stored Power|p1a: Dugtrio\n|-immune|p1a: Dugtrio\n|move|p1a: Dugtrio|Stone Edge|p2a: Polteageist\n|-damage|p2a: Polteageist|0 fnt\n|faint|p2a: Polteageist\n|\n|upkeep\n|inactive|Time left: 300 sec this turn | 300 sec total | 5 sec grace\n|\n|t:|1783546395\n|switch|p2a: Rotom|Rotom-Mow, L87|229/229\n|turn|22\n|inactive|Time left: 300 sec this turn | 300 sec total\n|\n|t:|1783546396\n|switch|p1a: Breloom|Breloom, L83, M|91/100\n|move|p2a: Rotom|Will-O-Wisp|p1a: Breloom\n|-status|p1a: Breloom|brn\n|\n|-damage|p1a: Breloom|85/100 brn|[from] brn\n|upkeep\n|turn|23\n|inactive|Time left: 300 sec this turn | 300 sec total\n|\n|t:|1783546397\n|switch|p1a: Dugtrio|Dugtrio, L84, M, tera:Dark|62/100\n|move|p2a: Rotom|Thunderbolt|p1a: Dugtrio\n|-damage|p1a: Dugtrio|1/100\n|\n|upkeep\n|turn|24\n|inactive|Time left: 300 sec this turn | 300 sec total\n|\n|t:|1783546398\n|switch|p1a: Breloom|Breloom, L83, M|85/100 brn\n|move|p2a: Rotom|Volt Switch|p1a: Breloom\n|-resisted|p1a: Breloom\n|-crit|p1a: Breloom\n|-damage|p1a: Breloom|49/100 brn\n|inactive|Time left: 300 sec this turn | 300 sec total | 5 sec grace\n|\n|t:|1783546399\n|switch|p2a: Ho-Oh|Ho-Oh, L71|268/268|[from] Volt Switch\n|\n|-damage|p1a: Breloom|43/100 brn|[from] brn\n|upkeep\n|turn|25\n|inactive|Time left: 300 sec this turn | 300 sec total\n|\n|t:|1783546400\n|move|p1a: Breloom|Mach Punch|p2a: Ho-Oh\n|-resisted|p2a: Ho-Oh\n|-damage|p2a: Ho-Oh|237/268\n|-damage|p1a: Breloom|33/100 brn|[from] item: Life Orb\n|move|p2a: Ho-Oh|Brave Bird|p1a: Breloom\n|-supereffective|p1a: Breloom\n|-damage|p1a: Breloom|0 fnt\n|faint|p1a: Breloom\n|-damage|p2a: Ho-Oh|212/268|[from] Recoil\n|\n|upkeep\n|\n|t:|1783546400\n|switch|p1a: Dugtrio|Dugtrio, L84, M, tera:Dark|1/100\n|turn|26\n|inactive|Time left: 300 sec this turn | 300 sec total\n|\n|t:|1783546401\n|move|p1a: Dugtrio|Throat Chop|p2a: Ho-Oh\n|-damage|p2a: Ho-Oh|67/268\n|-start|p2a: Ho-Oh|Throat Chop|[silent]\n|move|p2a: Ho-Oh|Sacred Fire|p1a: Dugtrio\n|-damage|p1a: Dugtrio|0 fnt\n|faint|p1a: Dugtrio\n|\n|win|p0y567fc16", "uploadtime": 1783546401, "views": 0, "rating": 0, "private": 0, "password": null, "_winner": "p0y567fc16", "_our_name": "p0y567fc16"}