{"id": "battle-gen9randombattle-1829", "formatid": "gen9randombattle", "format": "[Gen 9] Random Battle", "players": ["p0x1829bb2d", "p0y18290ed4"], "log": "|init|battle\n|title|p0x1829bb2d vs. p0y18290ed4\n|j|\u2606p0x1829bb2d\n|j|\u2606p0y18290ed4\n|t:|1783561183\n|gametype|singles\n|player|p1|p0x1829bb2d|170|\n|player|p2|p0y18290ed4|102|\n|gen|9\n|tier|[Gen 9] Random Battle\n|rule|Species Clause: Limit one of each Pok\u00e9mon\n|rule|HP Percentage Mod: HP is shown in percentages\n|rule|Sleep Clause Mod: Limit one foe put to sleep\n|rule|Illusion Level Mod: Illusion disguises the Pok\u00e9mon's true level\n|\n|t:|1783561183\n|teamsize|p1|6\n|teamsize|p2|6\n|start\n|switch|p1a: Iron Leaves|Iron Leaves, L80|275/275\n|switch|p2a: Mew|Mew, L82|100/100\n|turn|1\n|inactive|Battle timer is ON: inactive players will automatically lose when time's up. (requested by p0x1829bb2d)\n|inactive|p0y18290ed4 also wants the timer to be on.\n|\n|t:|1783561184\n|move|p1a: Iron Leaves|Megahorn|p2a: Mew\n|-supereffective|p2a: Mew\n|-damage|p2a: Mew|4/100\n|move|p2a: Mew|Knock Off|p1a: Iron Leaves\n|-supereffective|p1a: Iron Leaves\n|-damage|p1a: Iron Leaves|123/275\n|-enditem|p1a: Iron Leaves|Choice Band|[from] move: Knock Off|[of] p2a: Mew\n|\n|-heal|p2a: Mew|10/100|[from] item: Leftovers\n|upkeep\n|turn|2\n|inactive|Time left: 300 sec this turn | 300 sec total\n|\n|t:|1783561185\n|switch|p2a: Ninetales|Ninetales-Alola, L78, F|100/100\n|-weather|Snowscape|[from] ability: Snow Warning|[of] p2a: Ninetales\n|move|p1a: Iron Leaves|Leaf Blade|p2a: Ninetales\n|-damage|p2a: Ninetales|62/100\n|\n|-weather|Snowscape|[upkeep]\n|upkeep\n|turn|3\n|inactive|Time left: 300 sec this turn | 300 sec total\n|\n|t:|1783561186\n|-end|p1a: Iron Leaves|Quark Drive|[silent]\n|switch|p1a: Hippowdon|Hippowdon, L82, F|311/311\n|-weather|Sandstorm|[from] ability: Sand Stream|[of] p1a: Hippowdon\n|move|p2a: Ninetales|Aurora Veil||[still]\n|-fail|p2a: Ninetales\n|\n|-weather|Sandstorm|[upkeep]\n|-damage|p2a: Ninetales|55/100|[from] Sandstorm\n|upkeep\n|turn|4\n|inactive|Time left: 300 sec this turn | 300 sec total\n|\n|t:|1783561187\n|switch|p2a: Vileplume|Vileplume, L85, F|100/100\n|move|p1a: Hippowdon|Earthquake|p2a: Vileplume\n|-damage|p2a: Vileplume|60/100\n|\n|-weather|Sandstorm|[upkeep]\n|-damage|p2a: Vileplume|54/100|[from] Sandstorm\n|-heal|p2a: Vileplume|60/100|[from] item: Leftovers\n|upkeep\n|turn|5\n|inactive|Time left: 300 sec this turn | 300 sec total\n|\n|t:|1783561188\n|switch|p1a: Polteageist|Polteageist, L78|222/222\n|move|p2a: Vileplume|Strength Sap|p1a: Polteageist\n|-unboost|p1a: Polteageist|atk|1\n|-heal|p2a: Vileplume|99/100\n|-enditem|p1a: Polteageist|White Herb\n|-clearnegativeboost|p1a: Polteageist|[silent]\n|\n|-weather|Sandstorm|[upkeep]\n|-damage|p1a: Polteageist|209/222|[from] Sandstorm\n|-damage|p2a: Vileplume|93/100|[from] Sandstorm\n|-heal|p2a: Vileplume|99/100|[from] item: Leftovers\n|upkeep\n|turn|6\n|inactive|Time left: 300 sec this turn | 300 sec total\n|\n|t:|1783561189\n|move|p1a: Polteageist|Shell Smash|p1a: Polteageist\n|-unboost|p1a: Polteageist|def|1\n|-unboost|p1a: Polteageist|spd|1\n|-boost|p1a: Polteageist|atk|2\n|-boost|p1a: Polteageist|spa|2\n|-boost|p1a: Polteageist|spe|2\n|move|p2a: Vileplume|Giga Drain|p1a: Polteageist\n|-damage|p1a: Polteageist|97/222\n|-heal|p2a: Vileplume|100/100|[from] drain|[of] p1a: Polteageist\n|\n|-weather|Sandstorm|[upkeep]\n|-damage|p1a: Polteageist|84/222|[from] Sandstorm\n|-damage|p2a: Vileplume|94/100|[from] Sandstorm\n|-heal|p2a: Vileplume|100/100|[from] item: Leftovers\n|upkeep\n|turn|7\n|inactive|Time left: 300 sec this turn | 300 sec total\n|\n|t:|1783561190\n|move|p1a: Polteageist|Strength Sap|p2a: Vileplume\n|-unboost|p2a: Vileplume|atk|1\n|-heal|p1a: Polteageist|222/222\n|move|p2a: Vileplume|Giga Drain|p1a: Polteageist\n|-damage|p1a: Polteageist|102/222\n|\n|-weather|none\n|upkeep\n|turn|8\n|inactive|Time left: 300 sec this turn | 300 sec total\n|\n|t:|1783561191\n|-terastallize|p2a: Vileplume|Steel\n|move|p1a: Polteageist|Strength Sap|p2a: Vileplume\n|-unboost|p2a: Vileplume|atk|1\n|-heal|p1a: Polteageist|196/222\n|move|p2a: Vileplume|Giga Drain|p1a: Polteageist\n|-damage|p1a: Polteageist|78/222\n|-start|p2a: Vileplume|Disable|Giga Drain|[from] ability: Cursed Body|[of] p1a: Polteageist\n|\n|upkeep\n|turn|9\n|inactive|Time left: 300 sec this turn | 300 sec total\n|\n|t:|1783561192\n|move|p1a: Polteageist|Strength Sap|p2a: Vileplume\n|-unboost|p2a: Vileplume|atk|1\n|-heal|p1a: Polteageist|148/222\n|move|p2a: Vileplume|Sludge Bomb|p1a: Polteageist\n|-resisted|p1a: Polteageist\n|-damage|p1a: Polteageist|76/222\n|\n|upkeep\n|turn|10\n|inactive|Time left: 300 sec this turn | 300 sec total\n|\n|t:|1783561193\n|move|p1a: Polteageist|Strength Sap|p2a: Vileplume\n|-unboost|p2a: Vileplume|atk|1\n|-heal|p1a: Polteageist|132/222\n|move|p2a: Vileplume|Sludge Bomb|p1a: Polteageist\n|-resisted|p1a: Polteageist\n|-damage|p1a: Polteageist|56/222\n|-status|p1a: Polteageist|psn\n|\n|-damage|p1a: Polteageist|29/222 psn|[from] psn\n|upkeep\n|turn|11\n|inactive|Time left: 300 sec this turn | 300 sec total\n|\n|t:|1783561194\n|move|p1a: Polteageist|Strength Sap|p2a: Vileplume\n|-unboost|p2a: Vileplume|atk|1\n|-heal|p1a: Polteageist|76/222 psn\n|move|p2a: Vileplume|Sludge Bomb|p1a: Polteageist\n|-resisted|p1a: Polteageist\n|-damage|p1a: Polteageist|1/222 psn\n|\n|-damage|p1a: Polteageist|0 fnt|[from] psn\n|faint|p1a: Polteageist\n|-end|p2a: Vileplume|Disable\n|upkeep\n|inactive|Time left: 300 sec this turn | 300 sec total | 5 sec grace\n|\n|t:|1783561195\n|switch|p1a: Blastoise|Blastoise, L80, F|258/258\n|turn|12\n|inactive|Time left: 300 sec this turn | 300 sec total\n|\n|t:|1783561196\n|move|p1a: Blastoise|Shell Smash|p1a: Blastoise\n|-unboost|p1a: Blastoise|def|1\n|-unboost|p1a: Blastoise|spd|1\n|-boost|p1a: Blastoise|atk|2\n|-boost|p1a: Blastoise|spa|2\n|-boost|p1a: Blastoise|spe|2\n|-enditem|p1a: Blastoise|White Herb\n|-clearnegativeboost|p1a: Blastoise|[silent]\n|move|p2a: Vileplume|Giga Drain|p1a: Blastoise\n|-supereffective|p1a: Blastoise\n|-damage|p1a: Blastoise|88/258\n|\n|upkeep\n|turn|13\n|inactive|Time left: 300 sec this turn | 300 sec total\n|\n|t:|1783561197\n|move|p1a: Blastoise|Ice Beam|p2a: Vileplume\n|-resisted|p2a: Vileplume\n|-damage|p2a: Vileplume|82/100\n|-status|p2a: Vileplume|frz\n|cant|p2a: Vileplume|frz\n|\n|-heal|p2a: Vileplume|88/100 frz|[from] item: Leftovers\n|upkeep\n|turn|14\n|inactive|Time left: 300 sec this turn | 300 sec total\n|\n|t:|1783561198\n|switch|p2a: Stantler|Stantler, L92, F|100/100\n|-ability|p2a: Stantler|Intimidate|boost\n|-unboost|p1a: Blastoise|atk|1\n|move|p1a: Blastoise|Shell Smash|p1a: Blastoise\n|-unboost|p1a: Blastoise|def|1\n|-unboost|p1a: Blastoise|spd|1\n|-boost|p1a: Blastoise|atk|2\n|-boost|p1a: Blastoise|spa|2\n|-boost|p1a: Blastoise|spe|2\n|\n|upkeep\n|turn|15\n|inactive|Time left: 300 sec this turn | 300 sec total\n|\n|t:|1783561199\n|move|p1a: Blastoise|Ice Beam|p2a: Stantler\n|-damage|p2a: Stantler|59/100\n|move|p2a: Stantler|Tera Blast|p1a: Blastoise\n|-damage|p1a: Blastoise|0 fnt\n|faint|p1a: Blastoise\n|\n|upkeep\n|inactive|Time left: 300 sec this turn | 300 sec total | 5 sec grace\n|\n|t:|1783561200\n|switch|p1a: Pincurchin|Pincurchin, M|258/258\n|-fieldstart|move: Electric Terrain|[from] ability: Electric Surge|[of] p1a: Pincurchin\n|turn|16\n|inactive|Time left: 300 sec this turn | 300 sec total\n|\n|t:|1783561201\n|move|p2a: Stantler|Calm Mind|p2a: Stantler\n|-boost|p2a: Stantler|spa|1\n|-boost|p2a: Stantler|spd|1\n|move|p1a: Pincurchin|Zing Zap|p2a: Stantler\n|-damage|p2a: Stantler|14/100\n|\n|upkeep\n|turn|17\n|inactive|Time left: 300 sec this turn | 300 sec total\n|\n|t:|1783561202\n|move|p2a: Stantler|Earth Power|p1a: Pincurchin\n|-supereffective|p1a: Pincurchin\n|-damage|p1a: Pincurchin|90/258\n|move|p1a: Pincurchin|Zing Zap|p2a: Stantler\n|-damage|p2a: Stantler|0 fnt\n|faint|p2a: Stantler\n|\n|-heal|p1a: Pincurchin|106/258|[from] item: Leftovers\n|upkeep\n|\n|t:|1783561203\n|switch|p2a: Ninetales|Ninetales-Alola, L78, F|55/100\n|-weather|Snowscape|[from] ability: Snow Warning|[of] p2a: Ninetales\n|turn|18\n|inactive|Time left: 300 sec this turn | 300 sec total\n|\n|t:|1783561204\n|switch|p1a: Hippowdon|Hippowdon, L82, F|311/311\n|-weather|Sandstorm|[from] ability: Sand Stream|[of] p1a: Hippowdon\n|move|p2a: Ninetales|Aurora Veil||[still]\n|-fail|p2a: Ninetales\n|\n|-weather|Sandstorm|[upkeep]\n|-damage|p2a: Ninetales|49/100|[from] Sandstorm\n|upkeep\n|turn|19\n|inactive|Time left: 300 sec this turn | 300 sec total\n|\n|t:|1783561205\n|switch|p2a: Mew|Mew, L82|10/100\n|move|p1a: Hippowdon|Earthquake|p2a: Mew\n|-damage|p2a: Mew|0 fnt\n|faint|p2a: Mew\n|\n|-weather|Sandstorm|[upkeep]\n|upkeep\n|\n|t:|1783561206\n|switch|p2a: Ninetales|Ninetales-Alola, L78, F|49/100\n|-weather|Snowscape|[from] ability: Snow Warning|[of] p2a: Ninetales\n|turn|20\n|inactive|Time left: 300 sec this turn | 300 sec total\n|\n|t:|1783561207\n|move|p2a: Ninetales|Aurora Veil|p2a: Ninetales\n|-sidestart|p2: p0y18290ed4|move: Aurora Veil\n|move|p1a: Hippowdon|Stone Edge|p2a: Ninetales|[miss]\n|-miss|p1a: Hippowdon|p2a: Ninetales\n|\n|-weather|Snowscape|[upkeep]\n|-fieldend|move: Electric Terrain\n|upkeep\n|turn|21\n|inactive|Time left: 300 sec this turn | 300 sec total\n|\n|t:|1783561208\n|move|p2a: Ninetales|Nasty Plot|p2a: Ninetales\n|-boost|p2a: Ninetales|spa|2\n|move|p1a: Hippowdon|Curse|p1a: Hippowdon\n|-unboost|p1a: Hippowdon|spe|1\n|-boost|p1a: Hippowdon|atk|1\n|-boost|p1a: Hippowdon|def|1\n|\n|-weather|Snowscape|[upkeep]\n|upkeep\n|turn|22\n|inactive|Time left: 300 sec this turn | 300 sec total\n|\n|t:|1783561209\n|-terastallize|p1a: Hippowdon|Steel\n|move|p2a: Ninetales|Blizzard|p1a: Hippowdon\n|-resisted|p1a: Hippowdon\n|-damage|p1a: Hippowdon|210/311\n|move|p1a: Hippowdon|Earthquake|p2a: Ninetales\n|-crit|p2a: Ninetales\n|-damage|p2a: Ninetales|0 fnt\n|faint|p2a: Ninetales\n|\n|-weather|Snowscape|[upkeep]\n|-heal|p1a: Hippowdon|229/311|[from] item: Leftovers\n|upkeep\n|\n|t:|1783561210\n|switch|p2a: Torkoal|Torkoal, L88, F|100/100\n|-weather|SunnyDay|[from] ability: Drought|[of] p2a: Torkoal\n|turn|23\n|inactive|Time left: 300 sec this turn | 300 sec total\n|\n|t:|1783561211\n|switch|p1a: Toucannon|Toucannon, L88, F|284/284\n|move|p2a: Torkoal|Lava Plume|p1a: Toucannon\n|-damage|p1a: Toucannon|142/284\n|\n|-weather|SunnyDay|[upkeep]\n|upkeep\n|turn|24\n|inactive|Time left: 300 sec this turn | 300 sec total\n|\n|t:|1783561212\n|move|p1a: Toucannon|Roost|p1a: Toucannon\n|-heal|p1a: Toucannon|284/284\n|-singleturn|p1a: Toucannon|move: Roost\n|move|p2a: Torkoal|Lava Plume|p1a: Toucannon\n|-damage|p1a: Toucannon|151/284\n|\n|-weather|SunnyDay|[upkeep]\n|upkeep\n|turn|25\n|inactive|Time left: 300 sec this turn | 300 sec total\n|\n|t:|1783561213\n|move|p1a: Toucannon|Roost|p1a: Toucannon\n|-heal|p1a: Toucannon|284/284\n|-singleturn|p1a: Toucannon|move: Roost\n|move|p2a: Torkoal|Lava Plume|p1a: Toucannon\n|-damage|p1a: Toucannon|155/284\n|\n|-weather|SunnyDay|[upkeep]\n|upkeep\n|turn|26\n|inactive|Time left: 300 sec this turn | 300 sec total\n|\n|t:|1783561214\n|move|p1a: Toucannon|Roost|p1a: Toucannon\n|-heal|p1a: Toucannon|284/284\n|-singleturn|p1a: Toucannon|move: Roost\n|move|p2a: Torkoal|Lava Plume|p1a: Toucannon\n|-damage|p1a: Toucannon|137/284\n|\n|-weather|SunnyDay|[upkeep]\n|upkeep\n|turn|27\n|inactive|Time left: 300 sec this turn | 300 sec total\n|\n|t:|1783561215\n|move|p1a: Toucannon|Roost|p1a: Toucannon\n|-heal|p1a: Toucannon|279/284\n|-singleturn|p1a: Toucannon|move: Roost\n|move|p2a: Torkoal|Lava Plume|p1a: Toucannon\n|-damage|p1a: Toucannon|143/284\n|\n|-weather|none\n|-sideend|p2: p0y18290ed4|move: Aurora Veil\n|upkeep\n|turn|28\n|inactive|Time left: 300 sec this turn | 300 sec total\n|\n|t:|1783561216\n|move|p1a: Toucannon|Boomburst|p2a: Torkoal\n|-damage|p2a: Torkoal|45/100\n|move|p2a: Torkoal|Lava Plume|p1a: Toucannon\n|-damage|p1a: Toucannon|59/284\n|-status|p1a: Toucannon|brn\n|\n|-damage|p1a: Toucannon|42/284 brn|[from] brn\n|upkeep\n|turn|29\n|inactive|Time left: 300 sec this turn | 300 sec total\n|\n|t:|1783561217\n|switch|p2a: Vileplume|Vileplume, L85, F, tera:Steel|88/100 frz\n|move|p1a: Toucannon|Boomburst|p2a: Vileplume\n|-resisted|p2a: Vileplume\n|-damage|p2a: Vileplume|61/100 frz\n|\n|-heal|p2a: Vileplume|67/100 frz|[from] item: Leftovers\n|-damage|p1a: Toucannon|25/284 brn|[from] brn\n|upkeep\n|turn|30\n|inactive|Time left: 300 sec this turn | 300 sec total\n|\n|t:|1783561218\n|move|p1a: Toucannon|U-turn|p2a: Vileplume\n|-resisted|p2a: Vileplume\n|-damage|p2a: Vileplume|62/100 frz\n|inactive|Time left: 300 sec this turn | 300 sec total | 5 sec grace\n|\n|t:|1783561219\n|switch|p1a: Pincurchin|Pincurchin, M|106/258|[from] U-turn\n|-fieldstart|move: Electric Terrain|[from] ability: Electric Surge|[of] p1a: Pincurchin\n|cant|p2a: Vileplume|frz\n|\n|-heal|p2a: Vileplume|68/100 frz|[from] item: Leftovers\n|-heal|p1a: Pincurchin|122/258|[from] item: Leftovers\n|upkeep\n|turn|31\n|inactive|Time left: 300 sec this turn | 300 sec total\n|\n|t:|1783561220\n|cant|p2a: Vileplume|frz\n|move|p1a: Pincurchin|Recover|p1a: Pincurchin\n|-heal|p1a: Pincurchin|251/258\n|\n|-heal|p2a: Vileplume|74/100 frz|[from] item: Leftovers\n|-heal|p1a: Pincurchin|258/258|[from] item: Leftovers\n|upkeep\n|turn|32\n|inactive|Time left: 300 sec this turn | 300 sec total\n|\n|t:|1783561221\n|cant|p2a: Vileplume|frz\n|move|p1a: Pincurchin|Zing Zap|p2a: Vileplume\n|-damage|p2a: Vileplume|15/100 frz\n|\n|-heal|p2a: Vileplume|21/100 frz|[from] item: Leftovers\n|upkeep\n|turn|33\n|inactive|Time left: 300 sec this turn | 300 sec total\n|\n|t:|1783561222\n|cant|p2a: Vileplume|frz\n|move|p1a: Pincurchin|Zing Zap|p2a: Vileplume\n|-damage|p2a: Vileplume|0 fnt\n|faint|p2a: Vileplume\n|\n|upkeep\n|\n|t:|1783561222\n|switch|p2a: Galvantula|Galvantula, L82, F|100/100\n|turn|34\n|inactive|Time left: 300 sec this turn | 300 sec total\n|\n|t:|1783561223\n|move|p2a: Galvantula|Sticky Web|p1a: Pincurchin\n|-sidestart|p1: p0x1829bb2d|move: Sticky Web\n|move|p1a: Pincurchin|Liquidation|p2a: Galvantula\n|-damage|p2a: Galvantula|50/100\n|\n|-fieldend|move: Electric Terrain\n|upkeep\n|turn|35\n|inactive|Time left: 300 sec this turn | 300 sec total\n|\n|t:|1783561224\n|move|p2a: Galvantula|Bug Buzz|p1a: Pincurchin\n|-damage|p1a: Pincurchin|174/258\n|move|p1a: Pincurchin|Liquidation|p2a: Galvantula\n|-damage|p2a: Galvantula|5/100\n|\n|-heal|p1a: Pincurchin|190/258|[from] item: Leftovers\n|upkeep\n|turn|36\n|inactive|Time left: 300 sec this turn | 300 sec total\n|\n|t:|1783561225\n|move|p2a: Galvantula|Energy Ball|p1a: Pincurchin\n|-damage|p1a: Pincurchin|142/258\n|move|p1a: Pincurchin|Zing Zap|p2a: Galvantula\n|-resisted|p2a: Galvantula\n|-damage|p2a: Galvantula|0 fnt\n|faint|p2a: Galvantula\n|\n|-heal|p1a: Pincurchin|158/258|[from] item: Leftovers\n|upkeep\n|\n|t:|1783561226\n|switch|p2a: Torkoal|Torkoal, L88, F|45/100\n|-weather|SunnyDay|[from] ability: Drought|[of] p2a: Torkoal\n|turn|37\n|inactive|Time left: 300 sec this turn | 300 sec total\n|\n|t:|1783561227\n|move|p1a: Pincurchin|Zing Zap|p2a: Torkoal\n|-damage|p2a: Torkoal|12/100\n|move|p2a: Torkoal|Lava Plume|p1a: Pincurchin\n|-damage|p1a: Pincurchin|46/258\n|-status|p1a: Pincurchin|brn\n|\n|-weather|SunnyDay|[upkeep]\n|-heal|p1a: Pincurchin|62/258 brn|[from] item: Leftovers\n|-damage|p1a: Pincurchin|46/258 brn|[from] brn\n|upkeep\n|turn|38\n|inactive|Time left: 300 sec this turn | 300 sec total\n|\n|t:|1783561227\n|switch|p1a: Hippowdon|Hippowdon, L82, F, tera:Steel|229/311\n|-activate|p1a: Hippowdon|move: Sticky Web\n|-unboost|p1a: Hippowdon|spe|1\n|-weather|Sandstorm|[from] ability: Sand Stream|[of] p1a: Hippowdon\n|move|p2a: Torkoal|Yawn|p1a: Hippowdon\n|-start|p1a: Hippowdon|move: Yawn|[of] p2a: Torkoal\n|\n|-weather|Sandstorm|[upkeep]\n|-damage|p2a: Torkoal|6/100|[from] Sandstorm\n|-heal|p1a: Hippowdon|248/311|[from] item: Leftovers\n|upkeep\n|turn|39\n|inactive|Time left: 300 sec this turn | 300 sec total\n|\n|t:|1783561228\n|switch|p1a: Pincurchin|Pincurchin, M|46/258 brn\n|-activate|p1a: Pincurchin|move: Sticky Web\n|-unboost|p1a: Pincurchin|spe|1\n|-fieldstart|move: Electric Terrain|[from] ability: Electric Surge|[of] p1a: Pincurchin\n|move|p2a: Torkoal|Stealth Rock|p1a: Pincurchin\n|-sidestart|p1: p0x1829bb2d|move: Stealth Rock\n|\n|-weather|Sandstorm|[upkeep]\n|-damage|p2a: Torkoal|0 fnt|[from] Sandstorm\n|-damage|p1a: Pincurchin|30/258 brn|[from] Sandstorm\n|faint|p2a: Torkoal\n|\n|win|p0x1829bb2d", "uploadtime": 1783561228, "views": 0, "rating": 0, "private": 0, "password": null, "_winner": "p0x1829bb2d", "_our_name": "p0x1829bb2d"}