{"id": "battle-gen9randombattle-1952", "formatid": "gen9randombattle", "format": "[Gen 9] Random Battle", "players": ["p0x195231b2", "p0y195285ea"], "log": "|init|battle\n|title|p0x195231b2 vs. p0y195285ea\n|j|\u2606p0x195231b2\n|j|\u2606p0y195285ea\n|t:|1783562575\n|gametype|singles\n|player|p1|p0x195231b2|2|\n|player|p2|p0y195285ea|169|\n|gen|9\n|tier|[Gen 9] Random Battle\n|rule|Species Clause: Limit one of each Pok\u00e9mon\n|rule|HP Percentage Mod: HP is shown in percentages\n|rule|Sleep Clause Mod: Limit one foe put to sleep\n|rule|Illusion Level Mod: Illusion disguises the Pok\u00e9mon's true level\n|\n|t:|1783562575\n|teamsize|p1|6\n|teamsize|p2|6\n|start\n|switch|p1a: Gholdengo|Gholdengo, L77|261/261\n|switch|p2a: Lanturn|Lanturn, L89, F|100/100\n|turn|1\n|inactive|Battle timer is ON: inactive players will automatically lose when time's up. (requested by p0x195231b2)\n|\n|t:|1783562576\n|move|p1a: Gholdengo|Nasty Plot|p1a: Gholdengo\n|-boost|p1a: Gholdengo|spa|2\n|move|p2a: Lanturn|Scald|p1a: Gholdengo\n|-damage|p1a: Gholdengo|179/261\n|-status|p1a: Gholdengo|brn\n|\n|-heal|p1a: Gholdengo|195/261 brn|[from] item: Leftovers\n|-damage|p1a: Gholdengo|179/261 brn|[from] brn\n|upkeep\n|turn|2\n|inactive|Time left: 300 sec this turn | 300 sec total\n|inactive|p0y195285ea also wants the timer to be on.\n|\n|t:|1783562578\n|move|p1a: Gholdengo|Shadow Ball|p2a: Lanturn\n|-damage|p2a: Lanturn|45/100\n|move|p2a: Lanturn|Scald|p1a: Gholdengo\n|-damage|p1a: Gholdengo|94/261 brn\n|\n|-heal|p1a: Gholdengo|110/261 brn|[from] item: Leftovers\n|-heal|p2a: Lanturn|51/100|[from] item: Leftovers\n|-damage|p1a: Gholdengo|94/261 brn|[from] brn\n|upkeep\n|turn|3\n|inactive|Time left: 300 sec this turn | 300 sec total\n|\n|t:|1783562579\n|move|p1a: Gholdengo|Shadow Ball|p2a: Lanturn\n|-damage|p2a: Lanturn|0 fnt\n|faint|p2a: Lanturn\n|\n|-heal|p1a: Gholdengo|110/261 brn|[from] item: Leftovers\n|-damage|p1a: Gholdengo|94/261 brn|[from] brn\n|upkeep\n|\n|t:|1783562580\n|switch|p2a: Samurott|Samurott-Hisui, L77, F|100/100\n|turn|4\n|inactive|Time left: 300 sec this turn | 300 sec total\n|\n|t:|1783562581\n|move|p2a: Samurott|Ceaseless Edge|p1a: Gholdengo|[miss]\n|-miss|p2a: Samurott|p1a: Gholdengo\n|move|p1a: Gholdengo|Focus Blast|p2a: Samurott\n|-supereffective|p2a: Samurott\n|-damage|p2a: Samurott|0 fnt\n|faint|p2a: Samurott\n|\n|-heal|p1a: Gholdengo|110/261 brn|[from] item: Leftovers\n|-damage|p1a: Gholdengo|94/261 brn|[from] brn\n|upkeep\n|\n|t:|1783562582\n|switch|p2a: Pawmot|Pawmot, L80, F|100/100\n|turn|5\n|inactive|Time left: 300 sec this turn | 300 sec total\n|\n|t:|1783562583\n|switch|p1a: Camerupt|Camerupt, L91, F|275/275\n|move|p2a: Pawmot|Double Shock|p1a: Camerupt\n|-immune|p1a: Camerupt\n|\n|upkeep\n|turn|6\n|inactive|Time left: 300 sec this turn | 300 sec total\n|\n|t:|1783562584\n|switch|p2a: Toedscruel|Toedscruel, L87, F|100/100\n|move|p1a: Camerupt|Earthquake|p2a: Toedscruel\n|-resisted|p2a: Toedscruel\n|-damage|p2a: Toedscruel|73/100\n|\n|-heal|p2a: Toedscruel|79/100|[from] item: Leftovers\n|upkeep\n|turn|7\n|inactive|Time left: 300 sec this turn | 300 sec total\n|\n|t:|1783562586\n|move|p2a: Toedscruel|Earth Power|p1a: Camerupt\n|-supereffective|p1a: Camerupt\n|-damage|p1a: Camerupt|145/275\n|move|p1a: Camerupt|Overheat|p2a: Toedscruel\n|-supereffective|p2a: Toedscruel\n|-damage|p2a: Toedscruel|0 fnt\n|-unboost|p1a: Camerupt|spa|2\n|faint|p2a: Toedscruel\n|\n|-heal|p1a: Camerupt|162/275|[from] item: Leftovers\n|upkeep\n|\n|t:|1783562587\n|switch|p2a: Houndstone|Houndstone, L86, M|100/100\n|turn|8\n|inactive|Time left: 300 sec this turn | 300 sec total\n|\n|t:|1783562588\n|switch|p1a: Meganium|Meganium, L90, M|290/290\n|move|p2a: Houndstone|Poltergeist|p1a: Meganium\n|-activate|p1a: Meganium|move: Poltergeist|Leftovers\n|-damage|p1a: Meganium|190/290\n|\n|-heal|p1a: Meganium|208/290|[from] item: Leftovers\n|upkeep\n|turn|9\n|inactive|Time left: 300 sec this turn | 300 sec total\n|\n|t:|1783562589\n|move|p1a: Meganium|Knock Off|p2a: Houndstone\n|-supereffective|p2a: Houndstone\n|-damage|p2a: Houndstone|78/100\n|-enditem|p2a: Houndstone|Assault Vest|[from] move: Knock Off|[of] p1a: Meganium\n|move|p2a: Houndstone|Poltergeist|p1a: Meganium\n|-activate|p1a: Meganium|move: Poltergeist|Leftovers\n|-crit|p1a: Meganium\n|-damage|p1a: Meganium|58/290\n|\n|-heal|p1a: Meganium|76/290|[from] item: Leftovers\n|upkeep\n|turn|10\n|inactive|Time left: 300 sec this turn | 300 sec total\n|\n|t:|1783562590\n|move|p1a: Meganium|Synthesis|p1a: Meganium\n|-heal|p1a: Meganium|221/290\n|move|p2a: Houndstone|Poltergeist|p1a: Meganium\n|-activate|p1a: Meganium|move: Poltergeist|Leftovers\n|-damage|p1a: Meganium|122/290\n|\n|-heal|p1a: Meganium|140/290|[from] item: Leftovers\n|upkeep\n|turn|11\n|inactive|Time left: 300 sec this turn | 300 sec total\n|\n|t:|1783562591\n|move|p1a: Meganium|Synthesis|p1a: Meganium\n|-heal|p1a: Meganium|285/290\n|move|p2a: Houndstone|Poltergeist|p1a: Meganium\n|-activate|p1a: Meganium|move: Poltergeist|Leftovers\n|-damage|p1a: Meganium|186/290\n|\n|-heal|p1a: Meganium|204/290|[from] item: Leftovers\n|upkeep\n|turn|12\n|inactive|Time left: 300 sec this turn | 300 sec total\n|\n|t:|1783562591\n|move|p1a: Meganium|Energy Ball|p2a: Houndstone\n|-damage|p2a: Houndstone|46/100\n|move|p2a: Houndstone|Poltergeist|p1a: Meganium\n|-activate|p1a: Meganium|move: Poltergeist|Leftovers\n|-damage|p1a: Meganium|90/290\n|\n|-heal|p1a: Meganium|108/290|[from] item: Leftovers\n|upkeep\n|turn|13\n|inactive|Time left: 300 sec this turn | 300 sec total\n|\n|t:|1783562592\n|move|p1a: Meganium|Synthesis|p1a: Meganium\n|-heal|p1a: Meganium|253/290\n|move|p2a: Houndstone|Poltergeist|p1a: Meganium\n|-activate|p1a: Meganium|move: Poltergeist|Leftovers\n|-crit|p1a: Meganium\n|-damage|p1a: Meganium|91/290\n|\n|-heal|p1a: Meganium|109/290|[from] item: Leftovers\n|upkeep\n|turn|14\n|inactive|Time left: 300 sec this turn | 300 sec total\n|\n|t:|1783562593\n|move|p1a: Meganium|Synthesis|p1a: Meganium\n|-heal|p1a: Meganium|254/290\n|move|p2a: Houndstone|Poltergeist|p1a: Meganium\n|-activate|p1a: Meganium|move: Poltergeist|Leftovers\n|-damage|p1a: Meganium|146/290\n|\n|-heal|p1a: Meganium|164/290|[from] item: Leftovers\n|upkeep\n|turn|15\n|inactive|Time left: 300 sec this turn | 300 sec total\n|\n|t:|1783562594\n|move|p1a: Meganium|Energy Ball|p2a: Houndstone\n|-damage|p2a: Houndstone|14/100\n|move|p2a: Houndstone|Poltergeist|p1a: Meganium\n|-activate|p1a: Meganium|move: Poltergeist|Leftovers\n|-damage|p1a: Meganium|58/290\n|\n|-heal|p1a: Meganium|76/290|[from] item: Leftovers\n|upkeep\n|turn|16\n|inactive|Time left: 300 sec this turn | 300 sec total\n|\n|t:|1783562595\n|move|p1a: Meganium|Synthesis|p1a: Meganium\n|-heal|p1a: Meganium|221/290\n|move|p2a: Houndstone|Body Press|p1a: Meganium\n|-damage|p1a: Meganium|165/290\n|\n|-heal|p1a: Meganium|183/290|[from] item: Leftovers\n|upkeep\n|turn|17\n|inactive|Time left: 300 sec this turn | 300 sec total\n|\n|t:|1783562595\n|switch|p2a: Registeel|Registeel, L81|100/100\n|move|p1a: Meganium|Energy Ball|p2a: Registeel\n|-resisted|p2a: Registeel\n|-damage|p2a: Registeel|87/100\n|\n|-heal|p1a: Meganium|201/290|[from] item: Leftovers\n|upkeep\n|turn|18\n|inactive|Time left: 300 sec this turn | 300 sec total\n|\n|t:|1783562596\n|move|p1a: Meganium|Knock Off|p2a: Registeel\n|-damage|p2a: Registeel|69/100\n|-enditem|p2a: Registeel|Chesto Berry|[from] move: Knock Off|[of] p1a: Meganium\n|move|p2a: Registeel|Iron Defense|p2a: Registeel\n|-boost|p2a: Registeel|def|2\n|\n|-heal|p1a: Meganium|219/290|[from] item: Leftovers\n|upkeep\n|turn|19\n|inactive|Time left: 300 sec this turn | 300 sec total\n|\n|t:|1783562597\n|move|p1a: Meganium|Encore|p2a: Registeel\n|-start|p2a: Registeel|Encore\n|move|p2a: Registeel|Iron Defense|p2a: Registeel\n|-boost|p2a: Registeel|def|2\n|\n|-heal|p1a: Meganium|237/290|[from] item: Leftovers\n|upkeep\n|turn|20\n|inactive|Time left: 300 sec this turn | 300 sec total\n|\n|t:|1783562598\n|switch|p1a: Camerupt|Camerupt, L91, F|162/275\n|move|p2a: Registeel|Iron Defense|p2a: Registeel\n|-boost|p2a: Registeel|def|2\n|\n|-heal|p1a: Camerupt|179/275|[from] item: Leftovers\n|upkeep\n|turn|21\n|inactive|Time left: 300 sec this turn | 300 sec total\n|\n|t:|1783562599\n|switch|p2a: Houndstone|Houndstone, L86, M|14/100\n|move|p1a: Camerupt|Overheat|p2a: Houndstone\n|-damage|p2a: Houndstone|0 fnt\n|-unboost|p1a: Camerupt|spa|2\n|faint|p2a: Houndstone\n|\n|-heal|p1a: Camerupt|196/275|[from] item: Leftovers\n|upkeep\n|\n|t:|1783562599\n|switch|p2a: Registeel|Registeel, L81|69/100\n|turn|22\n|inactive|Time left: 300 sec this turn | 300 sec total\n|\n|t:|1783562600\n|move|p2a: Registeel|Iron Defense|p2a: Registeel\n|-boost|p2a: Registeel|def|2\n|move|p1a: Camerupt|Earthquake|p2a: Registeel\n|-supereffective|p2a: Registeel\n|-damage|p2a: Registeel|36/100\n|\n|-heal|p1a: Camerupt|213/275|[from] item: Leftovers\n|upkeep\n|turn|23\n|inactive|Time left: 300 sec this turn | 300 sec total\n|\n|t:|1783562601\n|switch|p1a: Gholdengo|Gholdengo, L77|94/261 brn\n|move|p2a: Registeel|Body Press|p1a: Gholdengo\n|-immune|p1a: Gholdengo\n|\n|-heal|p1a: Gholdengo|110/261 brn|[from] item: Leftovers\n|-damage|p1a: Gholdengo|94/261 brn|[from] brn\n|upkeep\n|turn|24\n|inactive|Time left: 300 sec this turn | 300 sec total\n|\n|t:|1783562602\n|move|p1a: Gholdengo|Nasty Plot|p1a: Gholdengo\n|-boost|p1a: Gholdengo|spa|2\n|move|p2a: Registeel|Iron Head|p1a: Gholdengo\n|-resisted|p1a: Gholdengo\n|-damage|p1a: Gholdengo|62/261 brn\n|\n|-heal|p1a: Gholdengo|78/261 brn|[from] item: Leftovers\n|-damage|p1a: Gholdengo|62/261 brn|[from] brn\n|upkeep\n|turn|25\n|inactive|Time left: 300 sec this turn | 300 sec total\n|\n|t:|1783562603\n|move|p1a: Gholdengo|Shadow Ball|p2a: Registeel\n|-damage|p2a: Registeel|0 fnt\n|faint|p2a: Registeel\n|\n|-heal|p1a: Gholdengo|78/261 brn|[from] item: Leftovers\n|-damage|p1a: Gholdengo|62/261 brn|[from] brn\n|upkeep\n|\n|t:|1783562604\n|switch|p2a: Pawmot|Pawmot, L80, F|100/100\n|turn|26\n|inactive|Time left: 300 sec this turn | 300 sec total\n|\n|t:|1783562605\n|move|p2a: Pawmot|Double Shock|p1a: Gholdengo\n|-damage|p1a: Gholdengo|0 fnt\n|-start|p2a: Pawmot|typechange|???/Fighting|[from] move: Double Shock\n|faint|p1a: Gholdengo\n|\n|upkeep\n|inactive|Time left: 300 sec this turn | 300 sec total | 5 sec grace\n|\n|t:|1783562606\n|switch|p1a: Camerupt|Camerupt, L91, F|213/275\n|turn|27\n|inactive|Time left: 300 sec this turn | 300 sec total\n|\n|t:|1783562607\n|move|p2a: Pawmot|Close Combat|p1a: Camerupt\n|-damage|p1a: Camerupt|75/275\n|-unboost|p2a: Pawmot|def|1\n|-unboost|p2a: Pawmot|spd|1\n|move|p1a: Camerupt|Overheat|p2a: Pawmot\n|-damage|p2a: Pawmot|0 fnt\n|-unboost|p1a: Camerupt|spa|2\n|faint|p2a: Pawmot\n|\n|win|p0x195231b2", "uploadtime": 1783562607, "views": 0, "rating": 0, "private": 0, "password": null, "_winner": "p0x195231b2", "_our_name": "p0x195231b2"}