{"id": "battle-gen9randombattle-227", "formatid": "gen9randombattle", "format": "[Gen 9] Random Battle", "players": ["p0x227886b", "p0y2278fb1"], "log": "|init|battle\n|title|p0x227886b vs. p0y2278fb1\n|j|\u2606p0x227886b\n|j|\u2606p0y2278fb1\n|t:|1783542183\n|gametype|singles\n|player|p1|p0x227886b|169|\n|player|p2|p0y2278fb1|265|\n|gen|9\n|tier|[Gen 9] Random Battle\n|rule|Species Clause: Limit one of each Pok\u00e9mon\n|rule|HP Percentage Mod: HP is shown in percentages\n|rule|Sleep Clause Mod: Limit one foe put to sleep\n|rule|Illusion Level Mod: Illusion disguises the Pok\u00e9mon's true level\n|\n|t:|1783542184\n|teamsize|p1|6\n|teamsize|p2|6\n|start\n|switch|p1a: Bellossom|Bellossom, L84, F|263/263\n|switch|p2a: Haxorus|Haxorus, L77, M|100/100\n|-ability|p2a: Haxorus|Mold Breaker\n|turn|1\n|inactive|Battle timer is ON: inactive players will automatically lose when time's up. (requested by p0x227886b)\n|inactive|p0y2278fb1 also wants the timer to be on.\n|\n|t:|1783542185\n|move|p2a: Haxorus|Dragon Dance|p2a: Haxorus\n|-boost|p2a: Haxorus|atk|1\n|-boost|p2a: Haxorus|spe|1\n|move|p1a: Bellossom|Quiver Dance|p1a: Bellossom\n|-boost|p1a: Bellossom|spa|1\n|-boost|p1a: Bellossom|spd|1\n|-boost|p1a: Bellossom|spe|1\n|\n|upkeep\n|turn|2\n|inactive|Time left: 300 sec this turn | 300 sec total\n|\n|t:|1783542186\n|move|p2a: Haxorus|Outrage|p1a: Bellossom\n|-damage|p1a: Bellossom|53/263\n|move|p1a: Bellossom|Moonblast|p2a: Haxorus\n|-supereffective|p2a: Haxorus\n|-damage|p2a: Haxorus|0 fnt\n|faint|p2a: Haxorus\n|\n|-heal|p1a: Bellossom|69/263|[from] item: Leftovers\n|upkeep\n|\n|t:|1783542187\n|switch|p2a: Eternatus|Eternatus, L69|100/100\n|-ability|p2a: Eternatus|Pressure\n|turn|3\n|inactive|Time left: 300 sec this turn | 300 sec total\n|\n|t:|1783542189\n|move|p2a: Eternatus|Flamethrower|p1a: Bellossom\n|-supereffective|p1a: Bellossom\n|-damage|p1a: Bellossom|0 fnt\n|faint|p1a: Bellossom\n|\n|upkeep\n|inactive|Time left: 300 sec this turn | 300 sec total | 5 sec grace\n|\n|t:|1783542190\n|switch|p1a: Jolteon|Jolteon, L84, F|246/246\n|turn|4\n|inactive|Time left: 300 sec this turn | 300 sec total\n|\n|t:|1783542191\n|move|p1a: Jolteon|Calm Mind|p1a: Jolteon\n|-boost|p1a: Jolteon|spa|1\n|-boost|p1a: Jolteon|spd|1\n|move|p2a: Eternatus|Dynamax Cannon|p1a: Jolteon\n|-damage|p1a: Jolteon|177/246\n|\n|-heal|p1a: Jolteon|192/246|[from] item: Leftovers\n|upkeep\n|turn|5\n|inactive|Time left: 300 sec this turn | 300 sec total\n|\n|t:|1783542192\n|switch|p2a: Mimikyu|Mimikyu, L79, M|100/100\n|move|p1a: Jolteon|Thunderbolt|p2a: Mimikyu\n|-activate|p2a: Mimikyu|ability: Disguise\n|-damage|p2a: Mimikyu|100/100\n|detailschange|p2a: Mimikyu|Mimikyu-Busted, L79, M\n|-damage|p2a: Mimikyu|88/100|[from] pokemon: Mimikyu-Busted\n|\n|-heal|p1a: Jolteon|207/246|[from] item: Leftovers\n|upkeep\n|turn|6\n|inactive|Time left: 300 sec this turn | 300 sec total\n|\n|t:|1783542193\n|move|p1a: Jolteon|Thunderbolt|p2a: Mimikyu\n|-damage|p2a: Mimikyu|19/100\n|move|p2a: Mimikyu|Play Rough|p1a: Jolteon\n|-crit|p1a: Jolteon\n|-damage|p1a: Jolteon|20/246\n|-damage|p2a: Mimikyu|10/100|[from] item: Life Orb\n|\n|-heal|p1a: Jolteon|35/246|[from] item: Leftovers\n|upkeep\n|turn|7\n|inactive|Time left: 300 sec this turn | 300 sec total\n|\n|t:|1783542194\n|move|p2a: Mimikyu|Shadow Sneak|p1a: Jolteon\n|-damage|p1a: Jolteon|0 fnt\n|faint|p1a: Jolteon\n|-damage|p2a: Mimikyu|0 fnt|[from] item: Life Orb\n|faint|p2a: Mimikyu\n|\n|upkeep\n|inactive|Time left: 300 sec this turn | 300 sec total | 5 sec grace\n|\n|t:|1783542195\n|switch|p1a: Infernape|Infernape, L82, M|259/259\n|switch|p2a: Gliscor|Gliscor, L76, F|100/100\n|turn|8\n|inactive|Time left: 300 sec this turn | 300 sec total\n|\n|t:|1783542196\n|move|p1a: Infernape|Knock Off|p2a: Gliscor\n|-damage|p2a: Gliscor|66/100\n|-enditem|p2a: Gliscor|Toxic Orb|[from] move: Knock Off|[of] p1a: Infernape\n|move|p2a: Gliscor|Earthquake|p1a: Infernape\n|-supereffective|p1a: Infernape\n|-damage|p1a: Infernape|53/259\n|\n|upkeep\n|turn|9\n|inactive|Time left: 300 sec this turn | 300 sec total\n|\n|t:|1783542198\n|move|p1a: Infernape|Knock Off|p2a: Gliscor\n|-damage|p2a: Gliscor|42/100\n|move|p2a: Gliscor|Earthquake|p1a: Infernape\n|-supereffective|p1a: Infernape\n|-damage|p1a: Infernape|0 fnt\n|faint|p1a: Infernape\n|\n|upkeep\n|inactive|Time left: 300 sec this turn | 300 sec total | 5 sec grace\n|\n|t:|1783542199\n|switch|p1a: Sceptile|Sceptile, L87, F|264/264\n|turn|10\n|inactive|Time left: 300 sec this turn | 300 sec total\n|\n|t:|1783542200\n|switch|p2a: Qwilfish|Qwilfish-Hisui, L83, M|100/100\n|-ability|p2a: Qwilfish|Intimidate|boost\n|-unboost|p1a: Sceptile|atk|1\n|move|p1a: Sceptile|Giga Drain|p2a: Qwilfish\n|-resisted|p2a: Qwilfish\n|-damage|p2a: Qwilfish|83/100\n|\n|upkeep\n|turn|11\n|inactive|Time left: 300 sec this turn | 300 sec total\n|\n|t:|1783542202\n|switch|p1a: Uxie|Uxie, L83|260/260\n|move|p2a: Qwilfish|Gunk Shot|p1a: Uxie\n|-damage|p1a: Uxie|163/260\n|-status|p1a: Uxie|psn\n|\n|-heal|p1a: Uxie|179/260 psn|[from] item: Leftovers\n|-damage|p1a: Uxie|147/260 psn|[from] psn\n|upkeep\n|turn|12\n|inactive|Time left: 300 sec this turn | 300 sec total\n|\n|t:|1783542203\n|move|p1a: Uxie|Thunder Wave|p2a: Qwilfish\n|-status|p2a: Qwilfish|par\n|move|p2a: Qwilfish|Crunch|p1a: Uxie\n|-supereffective|p1a: Uxie\n|-damage|p1a: Uxie|31/260 psn\n|-unboost|p1a: Uxie|def|1\n|\n|-heal|p1a: Uxie|47/260 psn|[from] item: Leftovers\n|-damage|p1a: Uxie|15/260 psn|[from] psn\n|upkeep\n|turn|13\n|inactive|Time left: 300 sec this turn | 300 sec total\n|\n|t:|1783542204\n|switch|p1a: Sceptile|Sceptile, L87, F|264/264\n|move|p2a: Qwilfish|Crunch|p1a: Sceptile\n|-damage|p1a: Sceptile|168/264\n|\n|-heal|p1a: Sceptile|184/264|[from] item: Leftovers\n|upkeep\n|turn|14\n|inactive|Time left: 300 sec this turn | 300 sec total\n|\n|t:|1783542206\n|move|p1a: Sceptile|Leech Seed|p2a: Qwilfish\n|-start|p2a: Qwilfish|move: Leech Seed\n|move|p2a: Qwilfish|Gunk Shot|p1a: Sceptile\n|-supereffective|p1a: Sceptile\n|-damage|p1a: Sceptile|0 fnt\n|faint|p1a: Sceptile\n|\n|upkeep\n|inactive|Time left: 300 sec this turn | 300 sec total | 5 sec grace\n|\n|t:|1783542207\n|switch|p1a: Pawmot|Pawmot, L80, F|243/243\n|turn|15\n|inactive|Time left: 300 sec this turn | 300 sec total\n|\n|t:|1783542208\n|switch|p2a: Eternatus|Eternatus, L69|100/100\n|-ability|p2a: Eternatus|Pressure\n|move|p1a: Pawmot|Ice Punch|p2a: Eternatus\n|-supereffective|p2a: Eternatus\n|-damage|p2a: Eternatus|30/100\n|-damage|p1a: Pawmot|203/243|[from] item: Rocky Helmet|[of] p2a: Eternatus\n|-damage|p1a: Pawmot|179/243|[from] item: Life Orb\n|\n|upkeep\n|turn|16\n|inactive|Time left: 300 sec this turn | 300 sec total\n|\n|t:|1783542209\n|switch|p1a: Uxie|Uxie, L83|15/260 psn\n|-terastallize|p2a: Eternatus|Dragon\n|move|p2a: Eternatus|Dynamax Cannon|p1a: Uxie\n|-damage|p1a: Uxie|0 fnt\n|faint|p1a: Uxie\n|\n|upkeep\n|inactive|Time left: 300 sec this turn | 300 sec total | 5 sec grace\n|\n|t:|1783542210\n|switch|p1a: Pawmot|Pawmot, L80, F|179/243\n|turn|17\n|inactive|Time left: 300 sec this turn | 300 sec total\n|\n|t:|1783542211\n|-terastallize|p1a: Pawmot|Electric\n|move|p2a: Eternatus|Dynamax Cannon|p1a: Pawmot\n|-damage|p1a: Pawmot|0 fnt\n|faint|p1a: Pawmot\n|\n|win|p0y2278fb1", "uploadtime": 1783542211, "views": 0, "rating": 0, "private": 0, "password": null, "_winner": "p0y2278fb1", "_our_name": "p0x227886b"}