{"id": "battle-gen9randombattle-2796", "formatid": "gen9randombattle", "format": "[Gen 9] Random Battle", "players": ["p0x27960405", "p0y27968129"], "log": "|init|battle\n|title|p0x27960405 vs. p0y27968129\n|j|\u2606p0x27960405\n|j|\u2606p0y27968129\n|t:|1783571223\n|gametype|singles\n|player|p1|p0x27960405|2|\n|player|p2|p0y27968129|2|\n|gen|9\n|tier|[Gen 9] Random Battle\n|rule|Species Clause: Limit one of each Pok\u00e9mon\n|rule|HP Percentage Mod: HP is shown in percentages\n|rule|Sleep Clause Mod: Limit one foe put to sleep\n|rule|Illusion Level Mod: Illusion disguises the Pok\u00e9mon's true level\n|\n|t:|1783571223\n|teamsize|p1|6\n|teamsize|p2|6\n|start\n|switch|p1a: Probopass|Probopass, L91, M|100/100\n|switch|p2a: Espeon|Espeon, L84, M|246/246\n|turn|1\n|inactive|Battle timer is ON: inactive players will automatically lose when time's up. (requested by p0x27960405)\n|inactive|Time left: 300 sec this turn | 300 sec total | 60 sec grace\n|inactive|p0y27968129 also wants the timer to be on.\n|\n|t:|1783571225\n|switch|p2a: Zamazenta|Zamazenta-Crowned, L68|238/238\n|-ability|p2a: Zamazenta|Dauntless Shield|boost\n|-boost|p2a: Zamazenta|def|1\n|move|p1a: Probopass|Iron Defense|p1a: Probopass\n|-boost|p1a: Probopass|def|2\n|\n|upkeep\n|turn|2\n|inactive|Time left: 300 sec this turn | 300 sec total\n|\n|t:|1783571226\n|-terastallize|p1a: Probopass|Fighting\n|move|p2a: Zamazenta|Body Press|p1a: Probopass\n|-damage|p1a: Probopass|86/100\n|move|p1a: Probopass|Body Press|p2a: Zamazenta\n|-supereffective|p2a: Zamazenta\n|-damage|p2a: Zamazenta|0 fnt\n|faint|p2a: Zamazenta\n|\n|-heal|p1a: Probopass|93/100|[from] item: Leftovers\n|upkeep\n|inactive|Time left: 300 sec this turn | 300 sec total | 5 sec grace\n|\n|t:|1783571227\n|switch|p2a: Espeon|Espeon, L84, M|246/246\n|turn|3\n|inactive|Time left: 300 sec this turn | 300 sec total\n|\n|t:|1783571228\n|-terastallize|p2a: Espeon|Psychic\n|move|p2a: Espeon|Psychic|p1a: Probopass\n|-supereffective|p1a: Probopass\n|-damage|p1a: Probopass|0 fnt\n|faint|p1a: Probopass\n|-damage|p2a: Espeon|222/246|[from] item: Life Orb\n|\n|upkeep\n|\n|t:|1783571229\n|switch|p1a: Gogoat|Gogoat, L88, M|100/100\n|turn|4\n|inactive|Time left: 300 sec this turn | 300 sec total\n|\n|t:|1783571230\n|move|p2a: Espeon|Psychic|p1a: Gogoat\n|-damage|p1a: Gogoat|38/100\n|-unboost|p1a: Gogoat|spd|1\n|-damage|p2a: Espeon|198/246|[from] item: Life Orb\n|move|p1a: Gogoat|Horn Leech|p2a: Espeon\n|-damage|p2a: Espeon|84/246\n|-heal|p1a: Gogoat|54/100|[from] drain|[of] p2a: Espeon\n|\n|-heal|p1a: Gogoat|60/100|[from] item: Leftovers\n|upkeep\n|turn|5\n|inactive|Time left: 300 sec this turn | 300 sec total\n|\n|t:|1783571231\n|move|p2a: Espeon|Psychic|p1a: Gogoat\n|-damage|p1a: Gogoat|0 fnt\n|faint|p1a: Gogoat\n|-damage|p2a: Espeon|60/246|[from] item: Life Orb\n|\n|upkeep\n|\n|t:|1783571232\n|switch|p1a: Blastoise|Blastoise, L80, M|100/100\n|turn|6\n|inactive|Time left: 300 sec this turn | 300 sec total\n|\n|t:|1783571233\n|move|p2a: Espeon|Psychic|p1a: Blastoise\n|-damage|p1a: Blastoise|32/100\n|-damage|p2a: Espeon|36/246|[from] item: Life Orb\n|move|p1a: Blastoise|Shell Smash|p1a: Blastoise\n|-unboost|p1a: Blastoise|def|1\n|-unboost|p1a: Blastoise|spd|1\n|-boost|p1a: Blastoise|atk|2\n|-boost|p1a: Blastoise|spa|2\n|-boost|p1a: Blastoise|spe|2\n|-enditem|p1a: Blastoise|White Herb\n|-clearnegativeboost|p1a: Blastoise|[silent]\n|\n|upkeep\n|turn|7\n|inactive|Time left: 300 sec this turn | 300 sec total\n|\n|t:|1783571234\n|move|p1a: Blastoise|Earthquake|p2a: Espeon\n|-damage|p2a: Espeon|0 fnt\n|faint|p2a: Espeon\n|\n|upkeep\n|inactive|Time left: 300 sec this turn | 300 sec total | 5 sec grace\n|\n|t:|1783571234\n|switch|p2a: Girafarig|Girafarig, L89, F|269/269\n|turn|8\n|inactive|Time left: 300 sec this turn | 300 sec total\n|\n|t:|1783571235\n|move|p1a: Blastoise|Hydro Pump|p2a: Girafarig|[miss]\n|-miss|p1a: Blastoise|p2a: Girafarig\n|move|p2a: Girafarig|Hyper Voice|p1a: Blastoise\n|-damage|p1a: Blastoise|0 fnt\n|faint|p1a: Blastoise\n|\n|upkeep\n|\n|t:|1783571236\n|switch|p1a: Archaludon|Archaludon, L78, M|100/100\n|turn|9\n|inactive|Time left: 300 sec this turn | 300 sec total\n|\n|t:|1783571237\n|move|p2a: Girafarig|Nasty Plot|p2a: Girafarig\n|-boost|p2a: Girafarig|spa|2\n|move|p1a: Archaludon|Flash Cannon|p2a: Girafarig\n|-damage|p2a: Girafarig|194/269\n|\n|upkeep\n|turn|10\n|inactive|Time left: 300 sec this turn | 300 sec total\n|\n|t:|1783571238\n|move|p2a: Girafarig|Nasty Plot|p2a: Girafarig\n|-boost|p2a: Girafarig|spa|2\n|move|p1a: Archaludon|Flash Cannon|p2a: Girafarig\n|-damage|p2a: Girafarig|125/269\n|\n|upkeep\n|turn|11\n|inactive|Time left: 300 sec this turn | 300 sec total\n|\n|t:|1783571239\n|move|p2a: Girafarig|Hyper Voice|p1a: Archaludon\n|-resisted|p1a: Archaludon\n|-damage|p1a: Archaludon|55/100\n|-ability|p1a: Archaludon|Stamina|boost\n|-boost|p1a: Archaludon|def|1\n|move|p1a: Archaludon|Flash Cannon|p2a: Girafarig\n|-damage|p2a: Girafarig|53/269\n|\n|upkeep\n|turn|12\n|inactive|Time left: 300 sec this turn | 300 sec total\n|\n|t:|1783571240\n|move|p2a: Girafarig|Hyper Voice|p1a: Archaludon\n|-resisted|p1a: Archaludon\n|-damage|p1a: Archaludon|6/100\n|-ability|p1a: Archaludon|Stamina|boost\n|-boost|p1a: Archaludon|def|1\n|move|p1a: Archaludon|Body Press|p2a: Girafarig\n|-damage|p2a: Girafarig|0 fnt\n|faint|p2a: Girafarig\n|\n|upkeep\n|inactive|Time left: 300 sec this turn | 300 sec total | 5 sec grace\n|\n|t:|1783571241\n|switch|p2a: Enamorus|Enamorus, L79, F|247/247\n|turn|13\n|inactive|Time left: 300 sec this turn | 300 sec total\n|\n|t:|1783571242\n|switch|p1a: Swalot|Swalot, L90, M|100/100\n|move|p2a: Enamorus|Moonblast|p1a: Swalot\n|-resisted|p1a: Swalot\n|-damage|p1a: Swalot|90/100\n|-unboost|p1a: Swalot|spa|1\n|\n|upkeep\n|turn|14\n|inactive|Time left: 300 sec this turn | 300 sec total\n|\n|t:|1783571243\n|move|p2a: Enamorus|Calm Mind|p2a: Enamorus\n|-boost|p2a: Enamorus|spa|1\n|-boost|p2a: Enamorus|spd|1\n|move|p1a: Swalot|Sludge Bomb|p2a: Enamorus\n|-supereffective|p2a: Enamorus\n|-damage|p2a: Enamorus|155/247\n|-status|p2a: Enamorus|psn\n|\n|-heal|p2a: Enamorus|170/247 psn|[from] item: Leftovers\n|-damage|p2a: Enamorus|140/247 psn|[from] psn\n|upkeep\n|turn|15\n|inactive|Time left: 300 sec this turn | 300 sec total\n|\n|t:|1783571244\n|move|p2a: Enamorus|Earth Power|p1a: Swalot\n|-supereffective|p1a: Swalot\n|-damage|p1a: Swalot|47/100\n|move|p1a: Swalot|Sludge Bomb|p2a: Enamorus\n|-supereffective|p2a: Enamorus\n|-damage|p2a: Enamorus|50/247 psn\n|\n|-heal|p2a: Enamorus|65/247 psn|[from] item: Leftovers\n|-damage|p2a: Enamorus|35/247 psn|[from] psn\n|upkeep\n|turn|16\n|inactive|Time left: 300 sec this turn | 300 sec total\n|\n|t:|1783571245\n|move|p2a: Enamorus|Earth Power|p1a: Swalot\n|-supereffective|p1a: Swalot\n|-damage|p1a: Swalot|3/100\n|move|p1a: Swalot|Earthquake|p2a: Enamorus\n|-immune|p2a: Enamorus\n|\n|-heal|p2a: Enamorus|50/247 psn|[from] item: Leftovers\n|-damage|p2a: Enamorus|20/247 psn|[from] psn\n|upkeep\n|turn|17\n|inactive|Time left: 300 sec this turn | 300 sec total\n|\n|t:|1783571246\n|move|p2a: Enamorus|Moonblast|p1a: Swalot\n|-resisted|p1a: Swalot\n|-damage|p1a: Swalot|0 fnt\n|faint|p1a: Swalot\n|\n|-heal|p2a: Enamorus|35/247 psn|[from] item: Leftovers\n|-damage|p2a: Enamorus|5/247 psn|[from] psn\n|upkeep\n|\n|t:|1783571247\n|switch|p1a: Archaludon|Archaludon, L78, M|6/100\n|turn|18\n|inactive|Time left: 300 sec this turn | 300 sec total\n|\n|t:|1783571248\n|move|p2a: Enamorus|Moonblast|p1a: Archaludon\n|-damage|p1a: Archaludon|0 fnt\n|faint|p1a: Archaludon\n|\n|-heal|p2a: Enamorus|20/247 psn|[from] item: Leftovers\n|-damage|p2a: Enamorus|0 fnt|[from] psn\n|faint|p2a: Enamorus\n|upkeep\n|inactive|Time left: 300 sec this turn | 300 sec total | 5 sec grace\n|\n|t:|1783571249\n|switch|p2a: Tauros|Tauros-Paldea-Blaze, L81, M|252/252\n|switch|p1a: Tatsugiri|Tatsugiri, L87, F|100/100\n|turn|19\n|inactive|Time left: 300 sec this turn | 300 sec total\n|\n|t:|1783571250\n|move|p2a: Tauros|Close Combat|p1a: Tatsugiri\n|-damage|p1a: Tatsugiri|31/100\n|-unboost|p2a: Tauros|def|1\n|-unboost|p2a: Tauros|spd|1\n|move|p1a: Tatsugiri|Rapid Spin|p2a: Tauros\n|-damage|p2a: Tauros|217/252\n|-boost|p1a: Tatsugiri|spe|1\n|\n|upkeep\n|turn|20\n|inactive|Time left: 300 sec this turn | 300 sec total\n|\n|t:|1783571251\n|move|p1a: Tatsugiri|Surf|p2a: Tauros\n|-supereffective|p2a: Tauros\n|-damage|p2a: Tauros|0 fnt\n|faint|p2a: Tauros\n|\n|upkeep\n|inactive|Time left: 300 sec this turn | 300 sec total | 5 sec grace\n|\n|t:|1783571252\n|switch|p2a: Plusle|Plusle, L95, M|268/268\n|turn|21\n|inactive|Time left: 300 sec this turn | 300 sec total\n|\n|t:|1783571252\n|move|p1a: Tatsugiri|Surf|p2a: Plusle\n|-damage|p2a: Plusle|145/268\n|move|p2a: Plusle|Thunderbolt|p1a: Tatsugiri\n|-damage|p1a: Tatsugiri|0 fnt\n|faint|p1a: Tatsugiri\n|-damage|p2a: Plusle|119/268|[from] item: Life Orb\n|\n|win|p0y27968129", "uploadtime": 1783571252, "views": 0, "rating": 0, "private": 0, "password": null, "_winner": "p0y27968129", "_our_name": "p0y27968129"}