{"id": "battle-gen9randombattle-1176", "formatid": "gen9randombattle", "format": "[Gen 9] Random Battle", "players": ["p0x117607c5", "p0y11766f8d"], "log": "|init|battle\n|title|p0x117607c5 vs. p0y11766f8d\n|j|\u2606p0x117607c5\n|j|\u2606p0y11766f8d\n|t:|1783552750\n|gametype|singles\n|player|p1|p0x117607c5|102|\n|player|p2|p0y11766f8d|101|\n|gen|9\n|tier|[Gen 9] Random Battle\n|rule|Species Clause: Limit one of each Pok\u00e9mon\n|rule|HP Percentage Mod: HP is shown in percentages\n|rule|Sleep Clause Mod: Limit one foe put to sleep\n|rule|Illusion Level Mod: Illusion disguises the Pok\u00e9mon's true level\n|\n|t:|1783552750\n|teamsize|p1|6\n|teamsize|p2|6\n|start\n|switch|p1a: Empoleon|Empoleon, L84, F|278/278\n|switch|p2a: Regirock|Regirock, L83|100/100\n|turn|1\n|inactive|Battle timer is ON: inactive players will automatically lose when time's up. (requested by p0x117607c5)\n|inactive|p0y11766f8d also wants the timer to be on.\n|\n|t:|1783552752\n|move|p1a: Empoleon|Surf|p2a: Regirock\n|-supereffective|p2a: Regirock\n|-damage|p2a: Regirock|29/100\n|move|p2a: Regirock|Stealth Rock|p1a: Empoleon\n|-sidestart|p1: p0x117607c5|move: Stealth Rock\n|\n|-heal|p2a: Regirock|35/100|[from] item: Leftovers\n|upkeep\n|turn|2\n|inactive|Time left: 300 sec this turn | 300 sec total\n|\n|t:|1783552753\n|switch|p2a: Clodsire|Clodsire, L81, F|100/100\n|move|p1a: Empoleon|Surf|p2a: Clodsire\n|-immune|p2a: Clodsire|[from] ability: Water Absorb\n|\n|upkeep\n|turn|3\n|inactive|Time left: 300 sec this turn | 300 sec total\n|\n|t:|1783552754\n|move|p1a: Empoleon|Ice Beam|p2a: Clodsire\n|-supereffective|p2a: Clodsire\n|-damage|p2a: Clodsire|62/100\n|move|p2a: Clodsire|Earthquake|p1a: Empoleon\n|-supereffective|p1a: Empoleon\n|-damage|p1a: Empoleon|110/278\n|\n|-heal|p1a: Empoleon|127/278|[from] item: Leftovers\n|-heal|p2a: Clodsire|68/100|[from] item: Leftovers\n|upkeep\n|turn|4\n|inactive|Time left: 300 sec this turn | 300 sec total\n|\n|t:|1783552755\n|move|p1a: Empoleon|Roost|p1a: Empoleon\n|-heal|p1a: Empoleon|266/278\n|-singleturn|p1a: Empoleon|move: Roost\n|move|p2a: Clodsire|Earthquake|p1a: Empoleon\n|-supereffective|p1a: Empoleon\n|-damage|p1a: Empoleon|86/278\n|\n|-heal|p1a: Empoleon|103/278|[from] item: Leftovers\n|-heal|p2a: Clodsire|74/100|[from] item: Leftovers\n|upkeep\n|turn|5\n|inactive|Time left: 300 sec this turn | 300 sec total\n|\n|t:|1783552756\n|move|p1a: Empoleon|Roost|p1a: Empoleon\n|-heal|p1a: Empoleon|242/278\n|-singleturn|p1a: Empoleon|move: Roost\n|move|p2a: Clodsire|Earthquake|p1a: Empoleon\n|-supereffective|p1a: Empoleon\n|-damage|p1a: Empoleon|78/278\n|\n|-heal|p1a: Empoleon|95/278|[from] item: Leftovers\n|-heal|p2a: Clodsire|80/100|[from] item: Leftovers\n|upkeep\n|turn|6\n|inactive|Time left: 300 sec this turn | 300 sec total\n|\n|t:|1783552758\n|move|p1a: Empoleon|Roost|p1a: Empoleon\n|-heal|p1a: Empoleon|234/278\n|-singleturn|p1a: Empoleon|move: Roost\n|move|p2a: Clodsire|Earthquake|p1a: Empoleon\n|-supereffective|p1a: Empoleon\n|-damage|p1a: Empoleon|72/278\n|\n|-heal|p1a: Empoleon|89/278|[from] item: Leftovers\n|-heal|p2a: Clodsire|87/100|[from] item: Leftovers\n|upkeep\n|turn|7\n|inactive|Time left: 300 sec this turn | 300 sec total\n|\n|t:|1783552759\n|move|p1a: Empoleon|Roost|p1a: Empoleon\n|-heal|p1a: Empoleon|228/278\n|-singleturn|p1a: Empoleon|move: Roost\n|move|p2a: Clodsire|Earthquake|p1a: Empoleon\n|-supereffective|p1a: Empoleon\n|-damage|p1a: Empoleon|54/278\n|\n|-heal|p1a: Empoleon|71/278|[from] item: Leftovers\n|-heal|p2a: Clodsire|93/100|[from] item: Leftovers\n|upkeep\n|turn|8\n|inactive|Time left: 300 sec this turn | 300 sec total\n|\n|t:|1783552760\n|move|p1a: Empoleon|Roost|p1a: Empoleon\n|-heal|p1a: Empoleon|210/278\n|-singleturn|p1a: Empoleon|move: Roost\n|move|p2a: Clodsire|Earthquake|p1a: Empoleon\n|-supereffective|p1a: Empoleon\n|-damage|p1a: Empoleon|58/278\n|\n|-heal|p1a: Empoleon|75/278|[from] item: Leftovers\n|-heal|p2a: Clodsire|99/100|[from] item: Leftovers\n|upkeep\n|turn|9\n|inactive|Time left: 300 sec this turn | 300 sec total\n|\n|t:|1783552761\n|move|p1a: Empoleon|Roost|p1a: Empoleon\n|-heal|p1a: Empoleon|214/278\n|-singleturn|p1a: Empoleon|move: Roost\n|move|p2a: Clodsire|Earthquake|p1a: Empoleon\n|-supereffective|p1a: Empoleon\n|-damage|p1a: Empoleon|50/278\n|\n|-heal|p1a: Empoleon|67/278|[from] item: Leftovers\n|-heal|p2a: Clodsire|100/100|[from] item: Leftovers\n|upkeep\n|turn|10\n|inactive|Time left: 300 sec this turn | 300 sec total\n|\n|t:|1783552762\n|move|p1a: Empoleon|Roost|p1a: Empoleon\n|-heal|p1a: Empoleon|206/278\n|-singleturn|p1a: Empoleon|move: Roost\n|move|p2a: Clodsire|Earthquake|p1a: Empoleon\n|-supereffective|p1a: Empoleon\n|-damage|p1a: Empoleon|32/278\n|\n|-heal|p1a: Empoleon|49/278|[from] item: Leftovers\n|upkeep\n|turn|11\n|inactive|Time left: 300 sec this turn | 300 sec total\n|\n|t:|1783552763\n|move|p1a: Empoleon|Roost|p1a: Empoleon\n|-heal|p1a: Empoleon|188/278\n|-singleturn|p1a: Empoleon|move: Roost\n|move|p2a: Clodsire|Earthquake|p1a: Empoleon\n|-supereffective|p1a: Empoleon\n|-damage|p1a: Empoleon|24/278\n|\n|-heal|p1a: Empoleon|41/278|[from] item: Leftovers\n|upkeep\n|turn|12\n|inactive|Time left: 300 sec this turn | 300 sec total\n|\n|t:|1783552764\n|move|p1a: Empoleon|Ice Beam|p2a: Clodsire\n|-supereffective|p2a: Clodsire\n|-damage|p2a: Clodsire|60/100\n|move|p2a: Clodsire|Earthquake|p1a: Empoleon\n|-supereffective|p1a: Empoleon\n|-damage|p1a: Empoleon|0 fnt\n|faint|p1a: Empoleon\n|\n|-heal|p2a: Clodsire|66/100|[from] item: Leftovers\n|upkeep\n|inactive|Time left: 300 sec this turn | 300 sec total | 5 sec grace\n|\n|t:|1783552765\n|switch|p1a: Toucannon|Toucannon, L88, M|284/284\n|turn|13\n|inactive|Time left: 300 sec this turn | 300 sec total\n|\n|t:|1783552766\n|switch|p2a: Zacian|Zacian-Crowned, L64|100/100\n|-ability|p2a: Zacian|Intrepid Sword|boost\n|-boost|p2a: Zacian|atk|1\n|-singleturn|p1a: Toucannon|move: Beak Blast\n|move|p1a: Toucannon|Beak Blast|p2a: Zacian\n|-resisted|p2a: Zacian\n|-damage|p2a: Zacian|68/100\n|\n|upkeep\n|turn|14\n|inactive|Time left: 300 sec this turn | 300 sec total\n|\n|t:|1783552767\n|-singleturn|p1a: Toucannon|move: Beak Blast\n|move|p2a: Zacian|Behemoth Blade|p1a: Toucannon\n|-damage|p1a: Toucannon|133/284\n|-status|p2a: Zacian|brn\n|move|p1a: Toucannon|Beak Blast|p2a: Zacian\n|-resisted|p2a: Zacian\n|-damage|p2a: Zacian|38/100 brn\n|\n|-damage|p2a: Zacian|32/100 brn|[from] brn\n|upkeep\n|turn|15\n|inactive|Time left: 300 sec this turn | 300 sec total\n|\n|t:|1783552768\n|move|p2a: Zacian|Close Combat|p1a: Toucannon\n|-damage|p1a: Toucannon|73/284\n|-unboost|p2a: Zacian|def|1\n|-unboost|p2a: Zacian|spd|1\n|move|p1a: Toucannon|Roost|p1a: Toucannon\n|-heal|p1a: Toucannon|215/284\n|-singleturn|p1a: Toucannon|move: Roost\n|\n|-damage|p2a: Zacian|26/100 brn|[from] brn\n|upkeep\n|turn|16\n|inactive|Time left: 300 sec this turn | 300 sec total\n|\n|t:|1783552769\n|move|p2a: Zacian|Play Rough|p1a: Toucannon\n|-damage|p1a: Toucannon|155/284\n|move|p1a: Toucannon|Roost|p1a: Toucannon\n|-heal|p1a: Toucannon|284/284\n|-singleturn|p1a: Toucannon|move: Roost\n|\n|-damage|p2a: Zacian|20/100 brn|[from] brn\n|upkeep\n|turn|17\n|inactive|Time left: 300 sec this turn | 300 sec total\n|\n|t:|1783552770\n|-singleturn|p1a: Toucannon|move: Beak Blast\n|move|p2a: Zacian|Play Rough|p1a: Toucannon\n|-damage|p1a: Toucannon|220/284\n|move|p1a: Toucannon|Beak Blast|p2a: Zacian\n|-resisted|p2a: Zacian\n|-damage|p2a: Zacian|0 fnt\n|faint|p2a: Zacian\n|\n|upkeep\n|\n|t:|1783552771\n|switch|p2a: Oranguru|Oranguru, L92, F|100/100\n|turn|18\n|inactive|Time left: 300 sec this turn | 300 sec total\n|\n|t:|1783552772\n|-singleturn|p1a: Toucannon|move: Beak Blast\n|move|p2a: Oranguru|Nasty Plot|p2a: Oranguru\n|-boost|p2a: Oranguru|spa|2\n|move|p1a: Toucannon|Beak Blast|p2a: Oranguru\n|-crit|p2a: Oranguru\n|-damage|p2a: Oranguru|40/100\n|\n|-heal|p2a: Oranguru|47/100|[from] item: Leftovers\n|upkeep\n|turn|19\n|inactive|Time left: 300 sec this turn | 300 sec total\n|\n|t:|1783552773\n|switch|p1a: Arceus|Arceus-Dark, L71|288/288\n|-damage|p1a: Arceus|252/288|[from] Stealth Rock\n|move|p2a: Oranguru|Thunderbolt|p1a: Arceus\n|-damage|p1a: Arceus|110/288\n|\n|-heal|p2a: Oranguru|53/100|[from] item: Leftovers\n|upkeep\n|turn|20\n|inactive|Time left: 300 sec this turn | 300 sec total\n|\n|t:|1783552774\n|move|p1a: Arceus|Judgment|p2a: Oranguru\n|-supereffective|p2a: Oranguru\n|-damage|p2a: Oranguru|2/100\n|move|p2a: Oranguru|Thunderbolt|p1a: Arceus\n|-damage|p1a: Arceus|0 fnt\n|faint|p1a: Arceus\n|\n|-heal|p2a: Oranguru|8/100|[from] item: Leftovers\n|upkeep\n|inactive|Time left: 300 sec this turn | 300 sec total | 5 sec grace\n|\n|t:|1783552775\n|switch|p1a: Lucario|Lucario, L84, M|255/255\n|-damage|p1a: Lucario|248/255|[from] Stealth Rock\n|turn|21\n|inactive|Time left: 300 sec this turn | 300 sec total\n|\n|t:|1783552776\n|move|p1a: Lucario|Flash Cannon|p2a: Oranguru\n|-damage|p2a: Oranguru|0 fnt\n|faint|p2a: Oranguru\n|-damage|p1a: Lucario|223/255|[from] item: Life Orb\n|\n|upkeep\n|\n|t:|1783552777\n|switch|p2a: Scovillain|Scovillain, L91, M|100/100\n|turn|22\n|inactive|Time left: 300 sec this turn | 300 sec total\n|\n|t:|1783552778\n|-terastallize|p1a: Lucario|Fighting\n|move|p1a: Lucario|Focus Blast|p2a: Scovillain\n|-damage|p2a: Scovillain|0 fnt\n|faint|p2a: Scovillain\n|-damage|p1a: Lucario|198/255|[from] item: Life Orb\n|\n|upkeep\n|\n|t:|1783552779\n|switch|p2a: Clodsire|Clodsire, L81, F|66/100\n|turn|23\n|inactive|Time left: 300 sec this turn | 300 sec total\n|\n|t:|1783552780\n|move|p1a: Lucario|Nasty Plot|p1a: Lucario\n|-boost|p1a: Lucario|spa|2\n|move|p2a: Clodsire|Toxic|p1a: Lucario\n|-status|p1a: Lucario|tox\n|\n|-heal|p2a: Clodsire|73/100|[from] item: Leftovers\n|-damage|p1a: Lucario|183/255 tox|[from] psn\n|upkeep\n|turn|24\n|inactive|Time left: 300 sec this turn | 300 sec total\n|\n|t:|1783552781\n|move|p1a: Lucario|Flash Cannon|p2a: Clodsire\n|-damage|p2a: Clodsire|0 fnt\n|faint|p2a: Clodsire\n|-damage|p1a: Lucario|158/255 tox|[from] item: Life Orb\n|\n|-damage|p1a: Lucario|128/255 tox|[from] psn\n|upkeep\n|\n|t:|1783552782\n|switch|p2a: Regirock|Regirock, L83|35/100\n|turn|25\n|inactive|Time left: 300 sec this turn | 300 sec total\n|\n|t:|1783552784\n|switch|p2a: Bombirdier|Bombirdier, L85, F|100/100\n|move|p1a: Lucario|Flash Cannon|p2a: Bombirdier\n|-damage|p2a: Bombirdier|0 fnt\n|faint|p2a: Bombirdier\n|-damage|p1a: Lucario|103/255 tox|[from] item: Life Orb\n|\n|-damage|p1a: Lucario|58/255 tox|[from] psn\n|upkeep\n|\n|t:|1783552784\n|switch|p2a: Regirock|Regirock, L83|35/100\n|turn|26\n|inactive|Time left: 300 sec this turn | 300 sec total\n|\n|t:|1783552785\n|move|p1a: Lucario|Flash Cannon|p2a: Regirock\n|-supereffective|p2a: Regirock\n|-damage|p2a: Regirock|0 fnt\n|faint|p2a: Regirock\n|-damage|p1a: Lucario|33/255 tox|[from] item: Life Orb\n|\n|win|p0x117607c5", "uploadtime": 1783552785, "views": 0, "rating": 0, "private": 0, "password": null, "_winner": "p0x117607c5", "_our_name": "p0x117607c5"}