{"id": "battle-gen9randombattle-2433", "formatid": "gen9randombattle", "format": "[Gen 9] Random Battle", "players": ["p0x2433843f", "p0y2433153d"], "log": "|init|battle\n|title|p0x2433843f vs. p0y2433153d\n|j|\u2606p0x2433843f\n|j|\u2606p0y2433153d\n|t:|1783567224\n|gametype|singles\n|player|p1|p0x2433843f|102|\n|player|p2|p0y2433153d|265|\n|gen|9\n|tier|[Gen 9] Random Battle\n|rule|Species Clause: Limit one of each Pok\u00e9mon\n|rule|HP Percentage Mod: HP is shown in percentages\n|rule|Sleep Clause Mod: Limit one foe put to sleep\n|rule|Illusion Level Mod: Illusion disguises the Pok\u00e9mon's true level\n|\n|t:|1783567224\n|teamsize|p1|6\n|teamsize|p2|6\n|start\n|switch|p1a: Bronzong|Bronzong, L88|100/100\n|switch|p2a: Orthworm|Orthworm, L88, F|266/266\n|turn|1\n|inactive|Battle timer is ON: inactive players will automatically lose when time's up. (requested by p0x2433843f)\n|inactive|Time left: 300 sec this turn | 300 sec total | 60 sec grace\n|inactive|p0y2433153d also wants the timer to be on.\n|\n|t:|1783567225\n|move|p2a: Orthworm|Spikes|p1a: Bronzong\n|-sidestart|p1: p0x2433843f|Spikes\n|move|p1a: Bronzong|Iron Defense|p1a: Bronzong\n|-boost|p1a: Bronzong|def|2\n|\n|upkeep\n|turn|2\n|inactive|Time left: 300 sec this turn | 300 sec total\n|\n|t:|1783567226\n|switch|p2a: Hatterene|Hatterene, L85, F|236/236\n|move|p1a: Bronzong|Body Press|p2a: Hatterene\n|-resisted|p2a: Hatterene\n|-damage|p2a: Hatterene|205/236\n|\n|upkeep\n|turn|3\n|inactive|Time left: 300 sec this turn | 300 sec total\n|\n|t:|1783567228\n|move|p1a: Bronzong|Iron Head|p2a: Hatterene\n|-supereffective|p2a: Hatterene\n|-damage|p2a: Hatterene|41/236\n|move|p2a: Hatterene|Mystical Fire|p1a: Bronzong\n|-supereffective|p1a: Bronzong\n|-damage|p1a: Bronzong|55/100\n|-unboost|p1a: Bronzong|spa|1\n|\n|-heal|p1a: Bronzong|61/100|[from] item: Leftovers\n|upkeep\n|turn|4\n|inactive|Time left: 300 sec this turn | 300 sec total\n|\n|t:|1783567229\n|move|p1a: Bronzong|Iron Head|p2a: Hatterene\n|-supereffective|p2a: Hatterene\n|-damage|p2a: Hatterene|0 fnt\n|faint|p2a: Hatterene\n|\n|-heal|p1a: Bronzong|67/100|[from] item: Leftovers\n|upkeep\n|inactive|Time left: 300 sec this turn | 300 sec total | 5 sec grace\n|\n|t:|1783567230\n|switch|p2a: Raging Bolt|Raging Bolt, L78|323/323\n|turn|5\n|inactive|Time left: 300 sec this turn | 300 sec total\n|\n|t:|1783567231\n|move|p2a: Raging Bolt|Thunderbolt|p1a: Bronzong\n|-damage|p1a: Bronzong|35/100\n|move|p1a: Bronzong|Body Press|p2a: Raging Bolt\n|-damage|p2a: Raging Bolt|163/323\n|\n|-heal|p1a: Bronzong|41/100|[from] item: Leftovers\n|upkeep\n|turn|6\n|inactive|Time left: 300 sec this turn | 300 sec total\n|\n|t:|1783567232\n|move|p2a: Raging Bolt|Thunderbolt|p1a: Bronzong\n|-damage|p1a: Bronzong|7/100\n|move|p1a: Bronzong|Body Press|p2a: Raging Bolt\n|-crit|p2a: Raging Bolt\n|-damage|p2a: Raging Bolt|0 fnt\n|faint|p2a: Raging Bolt\n|-end|p2a: Raging Bolt|Protosynthesis|[silent]\n|\n|-heal|p1a: Bronzong|13/100|[from] item: Leftovers\n|upkeep\n|inactive|Time left: 300 sec this turn | 300 sec total | 5 sec grace\n|\n|t:|1783567233\n|switch|p2a: Crabominable|Crabominable, L90, M|321/321\n|turn|7\n|inactive|Time left: 300 sec this turn | 300 sec total\n|\n|t:|1783567234\n|move|p2a: Crabominable|Drain Punch|p1a: Bronzong\n|-damage|p1a: Bronzong|0 fnt\n|faint|p1a: Bronzong\n|\n|upkeep\n|\n|t:|1783567235\n|switch|p1a: Maushold|Maushold, L76|100/100\n|-damage|p1a: Maushold|88/100|[from] Spikes\n|turn|8\n|inactive|Time left: 300 sec this turn | 300 sec total\n|\n|t:|1783567236\n|-terastallize|p1a: Maushold|Ghost\n|move|p1a: Maushold|Encore|p2a: Crabominable\n|-start|p2a: Crabominable|Encore\n|move|p2a: Crabominable|Drain Punch|p1a: Maushold\n|-immune|p1a: Maushold\n|\n|upkeep\n|turn|9\n|inactive|Time left: 300 sec this turn | 300 sec total\n|\n|t:|1783567237\n|switch|p2a: Iron Thorns|Iron Thorns, L83|302/302\n|-enditem|p2a: Iron Thorns|Booster Energy\n|-activate|p2a: Iron Thorns|ability: Quark Drive|[fromitem]\n|-start|p2a: Iron Thorns|quarkdriveatk\n|move|p1a: Maushold|Tidy Up|p1a: Maushold\n|-sideend|p1: p0x2433843f|Spikes\n|-activate|p1a: Maushold|move: Tidy Up\n|-boost|p1a: Maushold|atk|1\n|-boost|p1a: Maushold|spe|1\n|\n|upkeep\n|turn|10\n|inactive|Time left: 300 sec this turn | 300 sec total\n|\n|t:|1783567238\n|move|p1a: Maushold|Population Bomb|p2a: Iron Thorns\n|-resisted|p2a: Iron Thorns\n|-damage|p2a: Iron Thorns|289/302\n|-resisted|p2a: Iron Thorns\n|-damage|p2a: Iron Thorns|277/302\n|-resisted|p2a: Iron Thorns\n|-damage|p2a: Iron Thorns|263/302\n|-resisted|p2a: Iron Thorns\n|-damage|p2a: Iron Thorns|248/302\n|-resisted|p2a: Iron Thorns\n|-damage|p2a: Iron Thorns|234/302\n|-resisted|p2a: Iron Thorns\n|-damage|p2a: Iron Thorns|221/302\n|-resisted|p2a: Iron Thorns\n|-damage|p2a: Iron Thorns|206/302\n|-resisted|p2a: Iron Thorns\n|-damage|p2a: Iron Thorns|191/302\n|-resisted|p2a: Iron Thorns\n|-damage|p2a: Iron Thorns|178/302\n|-resisted|p2a: Iron Thorns\n|-damage|p2a: Iron Thorns|165/302\n|-hitcount|p2a: Iron Thorns|10\n|move|p2a: Iron Thorns|Stone Edge|p1a: Maushold|[miss]\n|-miss|p2a: Iron Thorns|p1a: Maushold\n|\n|upkeep\n|turn|11\n|inactive|Time left: 300 sec this turn | 300 sec total\n|\n|t:|1783567239\n|move|p1a: Maushold|Population Bomb|p2a: Iron Thorns\n|-resisted|p2a: Iron Thorns\n|-damage|p2a: Iron Thorns|150/302\n|-resisted|p2a: Iron Thorns\n|-damage|p2a: Iron Thorns|136/302\n|-resisted|p2a: Iron Thorns\n|-damage|p2a: Iron Thorns|122/302\n|-resisted|p2a: Iron Thorns\n|-damage|p2a: Iron Thorns|110/302\n|-resisted|p2a: Iron Thorns\n|-damage|p2a: Iron Thorns|95/302\n|-resisted|p2a: Iron Thorns\n|-damage|p2a: Iron Thorns|83/302\n|-resisted|p2a: Iron Thorns\n|-damage|p2a: Iron Thorns|68/302\n|-resisted|p2a: Iron Thorns\n|-damage|p2a: Iron Thorns|55/302\n|-resisted|p2a: Iron Thorns\n|-damage|p2a: Iron Thorns|41/302\n|-resisted|p2a: Iron Thorns\n|-damage|p2a: Iron Thorns|28/302\n|-hitcount|p2a: Iron Thorns|10\n|move|p2a: Iron Thorns|Stone Edge|p1a: Maushold\n|-damage|p1a: Maushold|0 fnt\n|faint|p1a: Maushold\n|\n|upkeep\n|\n|t:|1783567240\n|switch|p1a: Lucario|Lucario, L84, M|100/100\n|turn|12\n|inactive|Time left: 300 sec this turn | 300 sec total\n|\n|t:|1783567241\n|move|p1a: Lucario|Close Combat|p2a: Iron Thorns\n|-supereffective|p2a: Iron Thorns\n|-damage|p2a: Iron Thorns|0 fnt\n|-unboost|p1a: Lucario|def|1\n|-unboost|p1a: Lucario|spd|1\n|faint|p2a: Iron Thorns\n|-end|p2a: Iron Thorns|Quark Drive|[silent]\n|\n|upkeep\n|inactive|Time left: 300 sec this turn | 300 sec total | 5 sec grace\n|\n|t:|1783567242\n|switch|p2a: Crabominable|Crabominable, L90, M|321/321\n|turn|13\n|inactive|Time left: 300 sec this turn | 300 sec total\n|\n|t:|1783567243\n|-terastallize|p2a: Crabominable|Fighting\n|move|p1a: Lucario|Close Combat|p2a: Crabominable\n|-damage|p2a: Crabominable|120/321\n|-unboost|p1a: Lucario|def|1\n|-unboost|p1a: Lucario|spd|1\n|move|p2a: Crabominable|Drain Punch|p1a: Lucario\n|-supereffective|p1a: Lucario\n|-damage|p1a: Lucario|0 fnt\n|-heal|p2a: Crabominable|248/321|[from] drain|[of] p1a: Lucario\n|faint|p1a: Lucario\n|\n|upkeep\n|\n|t:|1783567244\n|switch|p1a: Suicune|Suicune, L82|100/100\n|-ability|p1a: Suicune|Pressure\n|turn|14\n|inactive|Time left: 300 sec this turn | 300 sec total\n|\n|t:|1783567245\n|move|p1a: Suicune|Scald|p2a: Crabominable\n|-damage|p2a: Crabominable|160/321\n|move|p2a: Crabominable|Drain Punch|p1a: Suicune\n|-damage|p1a: Suicune|21/100\n|-heal|p2a: Crabominable|278/321|[from] drain|[of] p1a: Suicune\n|\n|-heal|p1a: Suicune|27/100|[from] item: Leftovers\n|upkeep\n|turn|15\n|inactive|Time left: 300 sec this turn | 300 sec total\n|\n|t:|1783567247\n|move|p1a: Suicune|Scald|p2a: Crabominable\n|-damage|p2a: Crabominable|187/321\n|-status|p2a: Crabominable|brn\n|move|p2a: Crabominable|Drain Punch|p1a: Suicune\n|-damage|p1a: Suicune|0 fnt\n|-heal|p2a: Crabominable|227/321 brn|[from] drain|[of] p1a: Suicune\n|faint|p1a: Suicune\n|\n|-damage|p2a: Crabominable|207/321 brn|[from] brn\n|upkeep\n|\n|t:|1783567248\n|switch|p1a: Hitmonlee|Hitmonlee, L85, M|100/100\n|turn|16\n|inactive|Time left: 300 sec this turn | 300 sec total\n|\n|t:|1783567249\n|move|p1a: Hitmonlee|Swords Dance|p1a: Hitmonlee\n|-boost|p1a: Hitmonlee|atk|2\n|move|p2a: Crabominable|Drain Punch|p1a: Hitmonlee\n|-damage|p1a: Hitmonlee|6/100\n|-heal|p2a: Crabominable|313/321 brn|[from] drain|[of] p1a: Hitmonlee\n|\n|-damage|p2a: Crabominable|293/321 brn|[from] brn\n|upkeep\n|turn|17\n|inactive|Time left: 300 sec this turn | 300 sec total\n|\n|t:|1783567250\n|move|p1a: Hitmonlee|Close Combat|p2a: Crabominable\n|-damage|p2a: Crabominable|0 fnt\n|-unboost|p1a: Hitmonlee|def|1\n|-unboost|p1a: Hitmonlee|spd|1\n|faint|p2a: Crabominable\n|-enditem|p1a: Hitmonlee|White Herb\n|-clearnegativeboost|p1a: Hitmonlee|[silent]\n|\n|upkeep\n|inactive|Time left: 300 sec this turn | 300 sec total | 5 sec grace\n|\n|t:|1783567251\n|switch|p2a: Venusaur|Venusaur, L84, F|272/272\n|turn|18\n|inactive|Time left: 300 sec this turn | 300 sec total\n|\n|t:|1783567252\n|move|p1a: Hitmonlee|Knock Off|p2a: Venusaur\n|-damage|p2a: Venusaur|110/272\n|-enditem|p2a: Venusaur|Leftovers|[from] move: Knock Off|[of] p1a: Hitmonlee\n|move|p2a: Venusaur|Knock Off|p1a: Hitmonlee\n|-resisted|p1a: Hitmonlee\n|-damage|p1a: Hitmonlee|0 fnt\n|faint|p1a: Hitmonlee\n|\n|upkeep\n|\n|t:|1783567253\n|switch|p1a: Magcargo|Magcargo, L95, F|100/100\n|turn|19\n|inactive|Time left: 300 sec this turn | 300 sec total\n|\n|t:|1783567254\n|move|p2a: Venusaur|Synthesis|p2a: Venusaur\n|-heal|p2a: Venusaur|246/272\n|move|p1a: Magcargo|Shell Smash|p1a: Magcargo\n|-unboost|p1a: Magcargo|def|1\n|-unboost|p1a: Magcargo|spd|1\n|-boost|p1a: Magcargo|atk|2\n|-boost|p1a: Magcargo|spa|2\n|-boost|p1a: Magcargo|spe|2\n|\n|upkeep\n|turn|20\n|inactive|Time left: 300 sec this turn | 300 sec total\n|\n|t:|1783567255\n|move|p1a: Magcargo|Fire Blast|p2a: Venusaur|[miss]\n|-miss|p1a: Magcargo|p2a: Venusaur\n|move|p2a: Venusaur|Energy Ball|p1a: Magcargo\n|-damage|p1a: Magcargo|52/100\n|\n|upkeep\n|turn|21\n|inactive|Time left: 300 sec this turn | 300 sec total\n|\n|t:|1783567256\n|move|p1a: Magcargo|Fire Blast|p2a: Venusaur|[miss]\n|-miss|p1a: Magcargo|p2a: Venusaur\n|move|p2a: Venusaur|Energy Ball|p1a: Magcargo\n|-damage|p1a: Magcargo|5/100\n|\n|upkeep\n|turn|22\n|inactive|Time left: 300 sec this turn | 300 sec total\n|\n|t:|1783567257\n|move|p1a: Magcargo|Fire Blast|p2a: Venusaur\n|-supereffective|p2a: Venusaur\n|-damage|p2a: Venusaur|0 fnt\n|faint|p2a: Venusaur\n|\n|upkeep\n|inactive|Time left: 300 sec this turn | 300 sec total | 5 sec grace\n|\n|t:|1783567258\n|switch|p2a: Orthworm|Orthworm, L88, F|266/266\n|turn|23\n|inactive|Time left: 300 sec this turn | 300 sec total\n|\n|t:|1783567259\n|move|p1a: Magcargo|Fire Blast|p2a: Orthworm\n|-supereffective|p2a: Orthworm\n|-damage|p2a: Orthworm|0 fnt\n|faint|p2a: Orthworm\n|\n|win|p0x2433843f", "uploadtime": 1783567259, "views": 0, "rating": 0, "private": 0, "password": null, "_winner": "p0x2433843f", "_our_name": "p0y2433153d"}