{"id": "battle-gen9randombattle-2908", "formatid": "gen9randombattle", "format": "[Gen 9] Random Battle", "players": ["p0x2908a909", "p0y2908f741"], "log": "|init|battle\n|title|p0x2908a909 vs. p0y2908f741\n|j|\u2606p0x2908a909\n|j|\u2606p0y2908f741\n|t:|1783572512\n|gametype|singles\n|player|p1|p0x2908a909|169|\n|player|p2|p0y2908f741|265|\n|gen|9\n|tier|[Gen 9] Random Battle\n|rule|Species Clause: Limit one of each Pok\u00e9mon\n|rule|HP Percentage Mod: HP is shown in percentages\n|rule|Sleep Clause Mod: Limit one foe put to sleep\n|rule|Illusion Level Mod: Illusion disguises the Pok\u00e9mon's true level\n|\n|t:|1783572512\n|teamsize|p1|6\n|teamsize|p2|6\n|start\n|switch|p1a: Jumpluff|Jumpluff, L87, M|100/100\n|switch|p2a: Milotic|Milotic, L83, F|293/293\n|turn|1\n|inactive|Battle timer is ON: inactive players will automatically lose when time's up. (requested by p0x2908a909)\n|inactive|Time left: 300 sec this turn | 300 sec total | 60 sec grace\n|inactive|p0y2908f741 also wants the timer to be on.\n|\n|t:|1783572514\n|switch|p1a: Solgaleo|Solgaleo, L74|100/100\n|move|p2a: Milotic|Ice Beam|p1a: Solgaleo\n|-resisted|p1a: Solgaleo\n|-damage|p1a: Solgaleo|90/100\n|\n|upkeep\n|turn|2\n|inactive|Time left: 300 sec this turn | 300 sec total\n|\n|t:|1783572515\n|move|p1a: Solgaleo|Knock Off|p2a: Milotic\n|-damage|p2a: Milotic|217/293\n|-enditem|p2a: Milotic|Leftovers|[from] move: Knock Off|[of] p1a: Solgaleo\n|move|p2a: Milotic|Scald|p1a: Solgaleo\n|-damage|p1a: Solgaleo|60/100\n|\n|upkeep\n|turn|3\n|inactive|Time left: 300 sec this turn | 300 sec total\n|\n|t:|1783572516\n|move|p1a: Solgaleo|Earthquake|p2a: Milotic\n|-damage|p2a: Milotic|137/293\n|move|p2a: Milotic|Scald|p1a: Solgaleo\n|-damage|p1a: Solgaleo|29/100\n|\n|upkeep\n|turn|4\n|inactive|Time left: 300 sec this turn | 300 sec total\n|\n|t:|1783572518\n|move|p1a: Solgaleo|Earthquake|p2a: Milotic\n|-damage|p2a: Milotic|61/293\n|move|p2a: Milotic|Scald|p1a: Solgaleo\n|-damage|p1a: Solgaleo|0 fnt\n|faint|p1a: Solgaleo\n|\n|upkeep\n|\n|t:|1783572518\n|switch|p1a: Hitmonchan|Hitmonchan, L87, M|100/100\n|turn|5\n|inactive|Time left: 300 sec this turn | 300 sec total\n|\n|t:|1783572520\n|move|p1a: Hitmonchan|Drain Punch|p2a: Milotic\n|-damage|p2a: Milotic|0 fnt\n|faint|p2a: Milotic\n|\n|upkeep\n|inactive|Time left: 300 sec this turn | 300 sec total | 5 sec grace\n|\n|t:|1783572521\n|switch|p2a: Skeledirge|Skeledirge, L79, F|294/294\n|turn|6\n|inactive|Time left: 300 sec this turn | 300 sec total\n|\n|t:|1783572522\n|move|p1a: Hitmonchan|Swords Dance|p1a: Hitmonchan\n|-boost|p1a: Hitmonchan|atk|2\n|move|p2a: Skeledirge|Torch Song|p1a: Hitmonchan\n|-damage|p1a: Hitmonchan|73/100\n|-boost|p2a: Skeledirge|spa|1\n|\n|-heal|p1a: Hitmonchan|79/100|[from] item: Leftovers\n|upkeep\n|turn|7\n|inactive|Time left: 300 sec this turn | 300 sec total\n|\n|t:|1783572523\n|move|p1a: Hitmonchan|Knock Off|p2a: Skeledirge\n|-supereffective|p2a: Skeledirge\n|-damage|p2a: Skeledirge|152/294\n|-enditem|p2a: Skeledirge|Heavy-Duty Boots|[from] move: Knock Off|[of] p1a: Hitmonchan\n|move|p2a: Skeledirge|Torch Song|p1a: Hitmonchan\n|-damage|p1a: Hitmonchan|38/100\n|-boost|p2a: Skeledirge|spa|1\n|\n|-heal|p1a: Hitmonchan|44/100|[from] item: Leftovers\n|upkeep\n|turn|8\n|inactive|Time left: 300 sec this turn | 300 sec total\n|\n|t:|1783572524\n|switch|p1a: Glimmora|Glimmora, L75, M|100/100\n|move|p2a: Skeledirge|Torch Song|p1a: Glimmora\n|-resisted|p1a: Glimmora\n|-damage|p1a: Glimmora|58/100\n|-boost|p2a: Skeledirge|spa|1\n|\n|upkeep\n|turn|9\n|inactive|Time left: 300 sec this turn | 300 sec total\n|\n|t:|1783572525\n|move|p1a: Glimmora|Meteor Beam||[still]\n|-prepare|p1a: Glimmora|Meteor Beam\n|-boost|p1a: Glimmora|spa|1\n|-enditem|p1a: Glimmora|Power Herb\n|-anim|p1a: Glimmora|Meteor Beam|p2a: Skeledirge|[miss]\n|-miss|p1a: Glimmora|p2a: Skeledirge\n|move|p2a: Skeledirge|Hex|p1a: Glimmora\n|-damage|p1a: Glimmora|0 fnt\n|faint|p1a: Glimmora\n|\n|upkeep\n|\n|t:|1783572526\n|switch|p1a: Flamigo|Flamigo, L82, F|100/100\n|turn|10\n|inactive|Time left: 300 sec this turn | 300 sec total\n|\n|t:|1783572527\n|-terastallize|p2a: Skeledirge|Fairy\n|move|p1a: Flamigo|Brave Bird|p2a: Skeledirge\n|-damage|p2a: Skeledirge|0 fnt\n|faint|p2a: Skeledirge\n|-damage|p1a: Flamigo|82/100|[from] Recoil\n|-damage|p1a: Flamigo|72/100|[from] item: Life Orb\n|\n|upkeep\n|inactive|Time left: 300 sec this turn | 300 sec total | 5 sec grace\n|\n|t:|1783572528\n|switch|p2a: Ho-Oh|Ho-Oh, L71|268/268\n|turn|11\n|inactive|Time left: 300 sec this turn | 300 sec total\n|\n|t:|1783572529\n|move|p1a: Flamigo|Brave Bird|p2a: Ho-Oh\n|-damage|p2a: Ho-Oh|72/268\n|-damage|p1a: Flamigo|48/100|[from] Recoil\n|-damage|p1a: Flamigo|38/100|[from] item: Life Orb\n|move|p2a: Ho-Oh|Brave Bird|p1a: Flamigo\n|-supereffective|p1a: Flamigo\n|-damage|p1a: Flamigo|0 fnt\n|faint|p1a: Flamigo\n|-damage|p2a: Ho-Oh|38/268|[from] Recoil\n|\n|upkeep\n|\n|t:|1783572530\n|switch|p1a: Hitmonchan|Hitmonchan, L87, M|44/100\n|turn|12\n|inactive|Time left: 300 sec this turn | 300 sec total\n|\n|t:|1783572531\n|switch|p2a: Donphan|Donphan, L84, F|288/288\n|move|p1a: Hitmonchan|Drain Punch|p2a: Donphan\n|-crit|p2a: Donphan\n|-damage|p2a: Donphan|162/288\n|-heal|p1a: Hitmonchan|71/100|[from] drain|[of] p2a: Donphan\n|\n|-heal|p1a: Hitmonchan|77/100|[from] item: Leftovers\n|upkeep\n|turn|13\n|inactive|Time left: 300 sec this turn | 300 sec total\n|\n|t:|1783572532\n|move|p1a: Hitmonchan|Swords Dance|p1a: Hitmonchan\n|-boost|p1a: Hitmonchan|atk|2\n|move|p2a: Donphan|Rapid Spin|p1a: Hitmonchan\n|-damage|p1a: Hitmonchan|57/100\n|-boost|p2a: Donphan|spe|1\n|\n|-heal|p1a: Hitmonchan|63/100|[from] item: Leftovers\n|upkeep\n|turn|14\n|inactive|Time left: 300 sec this turn | 300 sec total\n|\n|t:|1783572533\n|move|p2a: Donphan|Earthquake|p1a: Hitmonchan\n|-damage|p1a: Hitmonchan|8/100\n|move|p1a: Hitmonchan|Drain Punch|p2a: Donphan\n|-damage|p2a: Donphan|0 fnt\n|-heal|p1a: Hitmonchan|43/100|[from] drain|[of] p2a: Donphan\n|faint|p2a: Donphan\n|\n|-heal|p1a: Hitmonchan|49/100|[from] item: Leftovers\n|upkeep\n|inactive|Time left: 300 sec this turn | 300 sec total | 5 sec grace\n|\n|t:|1783572534\n|switch|p2a: Palafin|Palafin, L77, M|281/281\n|turn|15\n|inactive|Time left: 300 sec this turn | 300 sec total\n|\n|t:|1783572535\n|switch|p1a: Jumpluff|Jumpluff, L87, M|100/100\n|move|p2a: Palafin|Wave Crash|p1a: Jumpluff\n|-resisted|p1a: Jumpluff\n|-damage|p1a: Jumpluff|73/100\n|-damage|p2a: Palafin|256/281|[from] Recoil\n|\n|upkeep\n|turn|16\n|inactive|Time left: 300 sec this turn | 300 sec total\n|\n|t:|1783572536\n|detailschange|p2a: Palafin|Palafin-Hero, L77, M\n|switch|p2a: Ho-Oh|Ho-Oh, L71|127/268\n|move|p1a: Jumpluff|Acrobatics|p2a: Ho-Oh\n|-damage|p2a: Ho-Oh|39/268\n|\n|upkeep\n|turn|17\n|inactive|Time left: 300 sec this turn | 300 sec total\n|\n|t:|1783572537\n|switch|p2a: Palafin|Palafin-Hero, L77, M|256/281\n|-activate|p2a: Palafin|ability: Zero to Hero\n|move|p1a: Jumpluff|Acrobatics|p2a: Palafin\n|-damage|p2a: Palafin|175/281\n|\n|upkeep\n|turn|18\n|inactive|Time left: 300 sec this turn | 300 sec total\n|\n|t:|1783572537\n|move|p1a: Jumpluff|Acrobatics|p2a: Palafin\n|-damage|p2a: Palafin|91/281\n|move|p2a: Palafin|Flip Turn|p1a: Jumpluff\n|-resisted|p1a: Jumpluff\n|-damage|p1a: Jumpluff|46/100\n|inactive|Time left: 300 sec this turn | 300 sec total | 5 sec grace\n|\n|t:|1783572538\n|switch|p2a: Ho-Oh|Ho-Oh, L71|128/268|[from] Flip Turn\n|\n|upkeep\n|turn|19\n|inactive|Time left: 300 sec this turn | 300 sec total\n|\n|t:|1783572539\n|move|p1a: Jumpluff|Strength Sap|p2a: Ho-Oh\n|-unboost|p2a: Ho-Oh|atk|1\n|-heal|p1a: Jumpluff|100/100\n|move|p2a: Ho-Oh|Sacred Fire|p1a: Jumpluff\n|-supereffective|p1a: Jumpluff\n|-damage|p1a: Jumpluff|43/100\n|-status|p1a: Jumpluff|brn\n|\n|-damage|p1a: Jumpluff|37/100 brn|[from] brn\n|upkeep\n|turn|20\n|inactive|Time left: 300 sec this turn | 300 sec total\n|\n|t:|1783572540\n|switch|p2a: Palafin|Palafin-Hero, L77, M|91/281\n|move|p1a: Jumpluff|Strength Sap|p2a: Palafin\n|-unboost|p2a: Palafin|atk|1\n|-heal|p1a: Jumpluff|100/100 brn\n|\n|-damage|p1a: Jumpluff|95/100 brn|[from] brn\n|upkeep\n|turn|21\n|inactive|Time left: 300 sec this turn | 300 sec total\n|\n|t:|1783572541\n|move|p1a: Jumpluff|Strength Sap|p2a: Palafin\n|-unboost|p2a: Palafin|atk|1\n|-heal|p1a: Jumpluff|100/100 brn\n|move|p2a: Palafin|Flip Turn|p1a: Jumpluff\n|-resisted|p1a: Jumpluff\n|-damage|p1a: Jumpluff|88/100 brn\n|inactive|Time left: 300 sec this turn | 300 sec total | 5 sec grace\n|\n|t:|1783572542\n|switch|p2a: Ho-Oh|Ho-Oh, L71|217/268|[from] Flip Turn\n|\n|-damage|p1a: Jumpluff|82/100 brn|[from] brn\n|upkeep\n|turn|22\n|inactive|Time left: 300 sec this turn | 300 sec total\n|\n|t:|1783572543\n|move|p1a: Jumpluff|Strength Sap|p2a: Ho-Oh\n|-unboost|p2a: Ho-Oh|atk|1\n|-heal|p1a: Jumpluff|100/100 brn\n|move|p2a: Ho-Oh|Sacred Fire|p1a: Jumpluff\n|-supereffective|p1a: Jumpluff\n|-damage|p1a: Jumpluff|47/100 brn\n|\n|-damage|p1a: Jumpluff|41/100 brn|[from] brn\n|upkeep\n|turn|23\n|inactive|Time left: 300 sec this turn | 300 sec total\n|\n|t:|1783572543\n|switch|p2a: Palafin|Palafin-Hero, L77, M|91/281\n|move|p1a: Jumpluff|Strength Sap|p2a: Palafin\n|-unboost|p2a: Palafin|atk|1\n|-heal|p1a: Jumpluff|100/100 brn\n|\n|-damage|p1a: Jumpluff|95/100 brn|[from] brn\n|upkeep\n|turn|24\n|inactive|Time left: 300 sec this turn | 300 sec total\n|\n|t:|1783572544\n|move|p1a: Jumpluff|Leech Seed|p2a: Palafin\n|-start|p2a: Palafin|move: Leech Seed\n|move|p2a: Palafin|Flip Turn|p1a: Jumpluff\n|-resisted|p1a: Jumpluff\n|-damage|p1a: Jumpluff|77/100 brn\n|inactive|Time left: 300 sec this turn | 300 sec total | 5 sec grace\n|\n|t:|1783572545\n|switch|p2a: Ho-Oh|Ho-Oh, L71|268/268|[from] Flip Turn\n|\n|-damage|p1a: Jumpluff|71/100 brn|[from] brn\n|upkeep\n|turn|25\n|inactive|Time left: 300 sec this turn | 300 sec total\n|\n|t:|1783572546\n|move|p1a: Jumpluff|Strength Sap|p2a: Ho-Oh\n|-unboost|p2a: Ho-Oh|atk|1\n|-heal|p1a: Jumpluff|100/100 brn\n|move|p2a: Ho-Oh|Sacred Fire|p1a: Jumpluff\n|-supereffective|p1a: Jumpluff\n|-damage|p1a: Jumpluff|49/100 brn\n|\n|-damage|p1a: Jumpluff|43/100 brn|[from] brn\n|upkeep\n|turn|26\n|inactive|Time left: 300 sec this turn | 300 sec total\n|\n|t:|1783572547\n|switch|p2a: Palafin|Palafin-Hero, L77, M|91/281\n|move|p1a: Jumpluff|Strength Sap|p2a: Palafin\n|-unboost|p2a: Palafin|atk|1\n|-heal|p1a: Jumpluff|100/100 brn\n|\n|-damage|p1a: Jumpluff|95/100 brn|[from] brn\n|upkeep\n|turn|27\n|inactive|Time left: 300 sec this turn | 300 sec total\n|\n|t:|1783572548\n|move|p1a: Jumpluff|Substitute|p1a: Jumpluff\n|-start|p1a: Jumpluff|Substitute\n|-damage|p1a: Jumpluff|70/100 brn\n|move|p2a: Palafin|Flip Turn|p1a: Jumpluff\n|-resisted|p1a: Jumpluff\n|-activate|p1a: Jumpluff|move: Substitute|[damage]\n|inactive|Time left: 300 sec this turn | 300 sec total | 5 sec grace\n|\n|t:|1783572549\n|switch|p2a: Cacturne|Cacturne, L92, M|278/278|[from] Flip Turn\n|\n|-damage|p1a: Jumpluff|64/100 brn|[from] brn\n|upkeep\n|turn|28\n|inactive|Time left: 300 sec this turn | 300 sec total\n|\n|t:|1783572550\n|move|p1a: Jumpluff|Strength Sap|p2a: Cacturne\n|-unboost|p2a: Cacturne|atk|1\n|-heal|p1a: Jumpluff|100/100 brn\n|move|p2a: Cacturne|Swords Dance|p2a: Cacturne\n|-boost|p2a: Cacturne|atk|2\n|\n|-damage|p1a: Jumpluff|95/100 brn|[from] brn\n|upkeep\n|turn|29\n|inactive|Time left: 300 sec this turn | 300 sec total\n|\n|t:|1783572551\n|move|p1a: Jumpluff|Acrobatics|p2a: Cacturne\n|-supereffective|p2a: Cacturne\n|-damage|p2a: Cacturne|176/278\n|move|p2a: Cacturne|Swords Dance|p2a: Cacturne\n|-boost|p2a: Cacturne|atk|2\n|\n|-damage|p1a: Jumpluff|89/100 brn|[from] brn\n|upkeep\n|turn|30\n|inactive|Time left: 300 sec this turn | 300 sec total\n|\n|t:|1783572551\n|move|p1a: Jumpluff|Acrobatics|p2a: Cacturne\n|-supereffective|p2a: Cacturne\n|-damage|p2a: Cacturne|73/278\n|move|p2a: Cacturne|Seed Bomb|p1a: Jumpluff\n|-resisted|p1a: Jumpluff\n|-end|p1a: Jumpluff|Substitute\n|-damage|p2a: Cacturne|46/278|[from] item: Life Orb\n|\n|-damage|p1a: Jumpluff|83/100 brn|[from] brn\n|upkeep\n|turn|31\n|inactive|Time left: 300 sec this turn | 300 sec total\n|\n|t:|1783572552\n|move|p2a: Cacturne|Sucker Punch||[still]\n|-fail|p2a: Cacturne\n|move|p1a: Jumpluff|Substitute|p1a: Jumpluff\n|-start|p1a: Jumpluff|Substitute\n|-damage|p1a: Jumpluff|58/100 brn\n|\n|-damage|p1a: Jumpluff|52/100 brn|[from] brn\n|upkeep\n|turn|32\n|inactive|Time left: 300 sec this turn | 300 sec total\n|\n|t:|1783572553\n|move|p2a: Cacturne|Sucker Punch|p1a: Jumpluff\n|-end|p1a: Jumpluff|Substitute\n|-damage|p2a: Cacturne|19/278|[from] item: Life Orb\n|move|p1a: Jumpluff|Acrobatics|p2a: Cacturne\n|-supereffective|p2a: Cacturne\n|-damage|p2a: Cacturne|0 fnt\n|faint|p2a: Cacturne\n|\n|-damage|p1a: Jumpluff|46/100 brn|[from] brn\n|upkeep\n|inactive|Time left: 300 sec this turn | 300 sec total | 5 sec grace\n|\n|t:|1783572554\n|switch|p2a: Palafin|Palafin-Hero, L77, M|91/281\n|turn|33\n|inactive|Time left: 300 sec this turn | 300 sec total\n|\n|t:|1783572555\n|move|p1a: Jumpluff|Strength Sap|p2a: Palafin\n|-unboost|p2a: Palafin|atk|1\n|-heal|p1a: Jumpluff|100/100 brn\n|move|p2a: Palafin|Flip Turn|p1a: Jumpluff\n|-resisted|p1a: Jumpluff\n|-damage|p1a: Jumpluff|85/100 brn\n|inactive|Time left: 300 sec this turn | 300 sec total | 5 sec grace\n|\n|t:|1783572556\n|switch|p2a: Ho-Oh|Ho-Oh, L71|268/268|[from] Flip Turn\n|\n|-damage|p1a: Jumpluff|79/100 brn|[from] brn\n|upkeep\n|turn|34\n|inactive|Time left: 300 sec this turn | 300 sec total\n|\n|t:|1783572557\n|move|p1a: Jumpluff|Strength Sap|p2a: Ho-Oh\n|-unboost|p2a: Ho-Oh|atk|1\n|-heal|p1a: Jumpluff|100/100 brn\n|move|p2a: Ho-Oh|Sacred Fire|p1a: Jumpluff\n|-supereffective|p1a: Jumpluff\n|-crit|p1a: Jumpluff\n|-damage|p1a: Jumpluff|0 fnt\n|faint|p1a: Jumpluff\n|\n|upkeep\n|\n|t:|1783572558\n|switch|p1a: Ditto|Ditto, L87|100/100\n|-transform|p1a: Ditto|p2a: Ho-Oh|[from] ability: Imposter\n|turn|35\n|inactive|Time left: 300 sec this turn | 300 sec total\n|\n|t:|1783572559\n|switch|p2a: Palafin|Palafin-Hero, L77, M|91/281\n|move|p1a: Ditto|Sacred Fire|p2a: Palafin\n|-resisted|p2a: Palafin\n|-damage|p2a: Palafin|53/281\n|-status|p2a: Palafin|brn\n|\n|-damage|p2a: Palafin|36/281 brn|[from] brn\n|upkeep\n|turn|36\n|inactive|Time left: 300 sec this turn | 300 sec total\n|\n|t:|1783572560\n|-terastallize|p1a: Ditto|Ghost\n|move|p1a: Ditto|Sacred Fire|p2a: Palafin|[miss]\n|-miss|p1a: Ditto|p2a: Palafin\n|move|p2a: Palafin|Wave Crash|p1a: Ditto\n|-damage|p1a: Ditto|38/100\n|-damage|p2a: Palafin|0 fnt|[from] Recoil\n|faint|p2a: Palafin\n|\n|upkeep\n|inactive|Time left: 300 sec this turn | 300 sec total | 5 sec grace\n|\n|t:|1783572561\n|switch|p2a: Ho-Oh|Ho-Oh, L71|268/268\n|turn|37\n|inactive|Time left: 300 sec this turn | 300 sec total\n|\n|t:|1783572562\n|switch|p1a: Hitmonchan|Hitmonchan, L87, M|49/100\n|move|p2a: Ho-Oh|Brave Bird|p1a: Hitmonchan\n|-supereffective|p1a: Hitmonchan\n|-crit|p1a: Hitmonchan\n|-damage|p1a: Hitmonchan|0 fnt\n|faint|p1a: Hitmonchan\n|-damage|p2a: Ho-Oh|231/268|[from] Recoil\n|\n|upkeep\n|\n|t:|1783572563\n|switch|p1a: Ditto|Ditto, L87, tera:Ghost|71/100\n|-transform|p1a: Ditto|p2a: Ho-Oh|[from] ability: Imposter\n|turn|38\n|inactive|Time left: 300 sec this turn | 300 sec total\n|\n|t:|1783572564\n|move|p1a: Ditto|Recover|p1a: Ditto\n|-heal|p1a: Ditto|100/100\n|move|p2a: Ho-Oh|Sacred Fire|p1a: Ditto\n|-damage|p1a: Ditto|49/100\n|\n|upkeep\n|turn|39\n|inactive|Time left: 300 sec this turn | 300 sec total\n|\n|t:|1783572565\n|move|p1a: Ditto|Recover|p1a: Ditto\n|-heal|p1a: Ditto|99/100\n|move|p2a: Ho-Oh|Recover|p2a: Ho-Oh\n|-heal|p2a: Ho-Oh|268/268\n|\n|upkeep\n|turn|40\n|inactive|Time left: 300 sec this turn | 300 sec total\n|\n|t:|1783572566\n|move|p1a: Ditto|Recover|p1a: Ditto\n|-heal|p1a: Ditto|100/100\n|move|p2a: Ho-Oh|Brave Bird|p1a: Ditto\n|-damage|p1a: Ditto|39/100\n|-damage|p2a: Ho-Oh|222/268|[from] Recoil\n|\n|upkeep\n|turn|41\n|inactive|Time left: 300 sec this turn | 300 sec total\n|\n|t:|1783572567\n|move|p1a: Ditto|Recover|p1a: Ditto\n|-heal|p1a: Ditto|89/100\n|move|p2a: Ho-Oh|Brave Bird|p1a: Ditto\n|-damage|p1a: Ditto|31/100\n|-damage|p2a: Ho-Oh|178/268|[from] Recoil\n|\n|upkeep\n|turn|42\n|inactive|Time left: 300 sec this turn | 300 sec total\n|\n|t:|1783572568\n|move|p1a: Ditto|Recover|p1a: Ditto\n|-heal|p1a: Ditto|81/100\n|move|p2a: Ho-Oh|Earthquake|p1a: Ditto\n|-damage|p1a: Ditto|46/100\n|\n|upkeep\n|turn|43\n|inactive|Time left: 300 sec this turn | 300 sec total\n|\n|t:|1783572569\n|-activate|p1a: Ditto|move: Struggle\n|move|p1a: Ditto|Struggle|p2a: Ho-Oh\n|-damage|p2a: Ho-Oh|132/268\n|-damage|p1a: Ditto|21/100|[from] recoil\n|move|p2a: Ho-Oh|Earthquake|p1a: Ditto\n|-damage|p1a: Ditto|0 fnt\n|faint|p1a: Ditto\n|\n|win|p0y2908f741", "uploadtime": 1783572569, "views": 0, "rating": 0, "private": 0, "password": null, "_winner": "p0y2908f741", "_our_name": "p0y2908f741"}