{"id": "battle-gen9randombattle-2", "formatid": "gen9randombattle", "format": "[Gen 9] Random Battle", "players": ["p0x0011d75", "p0y001a2c9"], "log": "|init|battle\n|title|p0x0011d75 vs. p0y001a2c9\n|j|\u2606p0x0011d75\n|j|\u2606p0y001a2c9\n|t:|1783533862\n|gametype|singles\n|player|p1|p0x0011d75|265|\n|player|p2|p0y001a2c9|1|\n|gen|9\n|tier|[Gen 9] Random Battle\n|rule|Species Clause: Limit one of each Pok\u00e9mon\n|rule|HP Percentage Mod: HP is shown in percentages\n|rule|Sleep Clause Mod: Limit one foe put to sleep\n|rule|Illusion Level Mod: Illusion disguises the Pok\u00e9mon's true level\n|\n|t:|1783533862\n|teamsize|p1|6\n|teamsize|p2|6\n|start\n|switch|p1a: Flareon|Flareon, L90, F|263/263\n|switch|p2a: Cloyster|Cloyster, L80, F|100/100\n|turn|1\n|inactive|Battle timer is ON: inactive players will automatically lose when time's up. (requested by p0y001a2c9)\n|inactive|Time left: 300 sec this turn | 300 sec total | 60 sec grace\n|inactive|p0x0011d75 also wants the timer to be on.\n|\n|t:|1783533864\n|move|p1a: Flareon|Will-O-Wisp|p2a: Cloyster|[miss]\n|-miss|p1a: Flareon|p2a: Cloyster\n|move|p2a: Cloyster|Shell Smash|p2a: Cloyster\n|-unboost|p2a: Cloyster|def|1\n|-unboost|p2a: Cloyster|spd|1\n|-boost|p2a: Cloyster|atk|2\n|-boost|p2a: Cloyster|spa|2\n|-boost|p2a: Cloyster|spe|2\n|-enditem|p2a: Cloyster|White Herb\n|-clearnegativeboost|p2a: Cloyster|[silent]\n|\n|-status|p1a: Flareon|tox|[from] item: Toxic Orb\n|upkeep\n|turn|2\n|inactive|Time left: 300 sec this turn | 300 sec total\n|\n|t:|1783533866\n|move|p2a: Cloyster|Rock Blast|p1a: Flareon\n|-supereffective|p1a: Flareon\n|-damage|p1a: Flareon|185/263 tox\n|-supereffective|p1a: Flareon\n|-damage|p1a: Flareon|111/263 tox\n|-supereffective|p1a: Flareon\n|-damage|p1a: Flareon|27/263 tox\n|-supereffective|p1a: Flareon\n|-damage|p1a: Flareon|0 fnt\n|faint|p1a: Flareon\n|-hitcount|p1: Flareon|4\n|\n|upkeep\n|inactive|Time left: 300 sec this turn | 300 sec total | 5 sec grace\n|\n|t:|1783533867\n|switch|p1a: Walking Wake|Walking Wake, L79|286/286\n|turn|3\n|inactive|Time left: 300 sec this turn | 300 sec total\n|\n|t:|1783533868\n|move|p2a: Cloyster|Icicle Spear|p1a: Walking Wake\n|-damage|p1a: Walking Wake|238/286\n|-damage|p1a: Walking Wake|186/286\n|-damage|p1a: Walking Wake|132/286\n|-damage|p1a: Walking Wake|78/286\n|-damage|p1a: Walking Wake|27/286\n|-hitcount|p1a: Walking Wake|5\n|move|p1a: Walking Wake|Draco Meteor|p2a: Cloyster\n|-crit|p2a: Cloyster\n|-damage|p2a: Cloyster|0 fnt\n|-unboost|p1a: Walking Wake|spa|2\n|faint|p2a: Cloyster\n|-damage|p1a: Walking Wake|0 fnt|[from] item: Life Orb\n|faint|p1a: Walking Wake\n|-end|p1a: Walking Wake|Protosynthesis|[silent]\n|\n|upkeep\n|inactive|Time left: 300 sec this turn | 300 sec total | 5 sec grace\n|\n|t:|1783533869\n|switch|p1a: Veluza|Veluza, L85, F|292/292\n|switch|p2a: Ariados|Ariados, L95, M|100/100\n|turn|4\n|inactive|Time left: 300 sec this turn | 300 sec total\n|\n|t:|1783533870\n|move|p1a: Veluza|Psycho Cut|p2a: Ariados\n|-supereffective|p2a: Ariados\n|-damage|p2a: Ariados|11/100\n|move|p2a: Ariados|Megahorn|p1a: Veluza\n|-supereffective|p1a: Veluza\n|-damage|p1a: Veluza|0 fnt\n|faint|p1a: Veluza\n|\n|upkeep\n|inactive|Time left: 300 sec this turn | 300 sec total | 5 sec grace\n|\n|t:|1783533871\n|switch|p1a: Minior|Minior-Yellow, L79|224/224\n|-formechange|p1a: Minior|Minior-Meteor||[from] ability: Shields Down\n|turn|5\n|inactive|Time left: 300 sec this turn | 300 sec total\n|\n|t:|1783533872\n|switch|p2a: Iron Hands|Iron Hands, L79|100/100\n|move|p1a: Minior|Shell Smash|p1a: Minior\n|-unboost|p1a: Minior|def|1\n|-unboost|p1a: Minior|spd|1\n|-boost|p1a: Minior|atk|2\n|-boost|p1a: Minior|spa|2\n|-boost|p1a: Minior|spe|2\n|-enditem|p1a: Minior|White Herb\n|-clearnegativeboost|p1a: Minior|[silent]\n|\n|upkeep\n|turn|6\n|inactive|Time left: 300 sec this turn | 300 sec total\n|\n|t:|1783533873\n|move|p1a: Minior|Acrobatics|p2a: Iron Hands\n|-damage|p2a: Iron Hands|67/100\n|move|p2a: Iron Hands|Drain Punch|p1a: Minior\n|-damage|p1a: Minior|133/224\n|-heal|p2a: Iron Hands|79/100|[from] drain|[of] p1a: Minior\n|\n|-heal|p2a: Iron Hands|85/100|[from] item: Leftovers\n|upkeep\n|turn|7\n|inactive|Time left: 300 sec this turn | 300 sec total\n|\n|t:|1783533874\n|move|p1a: Minior|Power Gem|p2a: Iron Hands\n|-resisted|p2a: Iron Hands\n|-damage|p2a: Iron Hands|68/100\n|move|p2a: Iron Hands|Wild Charge|p1a: Minior\n|-supereffective|p1a: Minior\n|-damage|p1a: Minior|0 fnt\n|faint|p1a: Minior\n|-damage|p2a: Iron Hands|59/100|[from] Recoil\n|\n|-heal|p2a: Iron Hands|65/100|[from] item: Leftovers\n|upkeep\n|inactive|Time left: 300 sec this turn | 300 sec total | 5 sec grace\n|\n|t:|1783533875\n|switch|p1a: Oinkologne|Oinkologne-F, L92, F|361/361\n|turn|8\n|inactive|Time left: 300 sec this turn | 300 sec total\n|\n|t:|1783533876\n|move|p1a: Oinkologne|Curse|p1a: Oinkologne\n|-unboost|p1a: Oinkologne|spe|1\n|-boost|p1a: Oinkologne|atk|1\n|-boost|p1a: Oinkologne|def|1\n|move|p2a: Iron Hands|Swords Dance|p2a: Iron Hands\n|-boost|p2a: Iron Hands|atk|2\n|\n|-heal|p2a: Iron Hands|72/100|[from] item: Leftovers\n|upkeep\n|turn|9\n|inactive|Time left: 300 sec this turn | 300 sec total\n|\n|t:|1783533877\n|-terastallize|p1a: Oinkologne|Ground\n|move|p2a: Iron Hands|Drain Punch|p1a: Oinkologne\n|-damage|p1a: Oinkologne|228/361\n|-heal|p2a: Iron Hands|90/100|[from] drain|[of] p1a: Oinkologne\n|move|p1a: Oinkologne|High Horsepower|p2a: Iron Hands\n|-supereffective|p2a: Iron Hands\n|-damage|p2a: Iron Hands|12/100\n|\n|-heal|p2a: Iron Hands|18/100|[from] item: Leftovers\n|-heal|p1a: Oinkologne|250/361|[from] item: Leftovers\n|upkeep\n|turn|10\n|inactive|Time left: 300 sec this turn | 300 sec total\n|\n|t:|1783533878\n|move|p2a: Iron Hands|Drain Punch|p1a: Oinkologne\n|-damage|p1a: Oinkologne|115/361\n|-heal|p2a: Iron Hands|37/100|[from] drain|[of] p1a: Oinkologne\n|move|p1a: Oinkologne|High Horsepower|p2a: Iron Hands\n|-supereffective|p2a: Iron Hands\n|-damage|p2a: Iron Hands|0 fnt\n|faint|p2a: Iron Hands\n|-end|p2a: Iron Hands|Quark Drive|[silent]\n|\n|-heal|p1a: Oinkologne|137/361|[from] item: Leftovers\n|upkeep\n|\n|t:|1783533879\n|switch|p2a: Iron Leaves|Iron Leaves, L80|100/100\n|turn|11\n|inactive|Time left: 300 sec this turn | 300 sec total\n|\n|t:|1783533880\n|switch|p1a: Bastiodon|Bastiodon, L89, M|252/252\n|move|p2a: Iron Leaves|Leaf Blade|p1a: Bastiodon\n|-damage|p1a: Bastiodon|169/252\n|-damage|p2a: Iron Leaves|91/100|[from] item: Life Orb\n|\n|upkeep\n|turn|12\n|inactive|Time left: 300 sec this turn | 300 sec total\n|\n|t:|1783533881\n|switch|p1a: Oinkologne|Oinkologne-F, L92, F, tera:Ground|137/361\n|-terastallize|p2a: Iron Leaves|Fighting\n|move|p2a: Iron Leaves|Close Combat|p1a: Oinkologne\n|-damage|p1a: Oinkologne|0 fnt\n|-unboost|p2a: Iron Leaves|def|1\n|-unboost|p2a: Iron Leaves|spd|1\n|faint|p1a: Oinkologne\n|-damage|p2a: Iron Leaves|81/100|[from] item: Life Orb\n|\n|upkeep\n|inactive|Time left: 300 sec this turn | 300 sec total | 5 sec grace\n|\n|t:|1783533882\n|switch|p1a: Bastiodon|Bastiodon, L89, M|169/252\n|turn|13\n|inactive|Time left: 300 sec this turn | 300 sec total\n|\n|t:|1783533883\n|move|p2a: Iron Leaves|Close Combat|p1a: Bastiodon\n|-supereffective|p1a: Bastiodon\n|-damage|p1a: Bastiodon|0 fnt\n|-unboost|p2a: Iron Leaves|def|1\n|-unboost|p2a: Iron Leaves|spd|1\n|faint|p1a: Bastiodon\n|-damage|p2a: Iron Leaves|71/100|[from] item: Life Orb\n|\n|win|p0y001a2c9", "uploadtime": 1783533883, "views": 0, "rating": 0, "private": 0, "password": null, "_winner": "p0y001a2c9", "_our_name": "p0x0011d75"}