{"id": "battle-gen9randombattle-1648", "formatid": "gen9randombattle", "format": "[Gen 9] Random Battle", "players": ["p0x1648cc77", "p0y1648e6f8"], "log": "|init|battle\n|title|p0x1648cc77 vs. p0y1648e6f8\n|j|\u2606p0x1648cc77\n|j|\u2606p0y1648e6f8\n|t:|1783559078\n|gametype|singles\n|player|p1|p0x1648cc77|2|\n|player|p2|p0y1648e6f8|2|\n|gen|9\n|tier|[Gen 9] Random Battle\n|rule|Species Clause: Limit one of each Pok\u00e9mon\n|rule|HP Percentage Mod: HP is shown in percentages\n|rule|Sleep Clause Mod: Limit one foe put to sleep\n|rule|Illusion Level Mod: Illusion disguises the Pok\u00e9mon's true level\n|\n|t:|1783559078\n|teamsize|p1|6\n|teamsize|p2|6\n|start\n|switch|p1a: Heatran|Heatran, L79, F|100/100\n|switch|p2a: Haxorus|Haxorus, L77, M|244/244\n|-ability|p2a: Haxorus|Mold Breaker\n|-item|p1a: Heatran|Air Balloon\n|turn|1\n|inactive|Battle timer is ON: inactive players will automatically lose when time's up. (requested by p0y1648e6f8)\n|inactive|p0x1648cc77 also wants the timer to be on.\n|\n|t:|1783559079\n|move|p2a: Haxorus|Outrage|p1a: Heatran\n|-resisted|p1a: Heatran\n|-damage|p1a: Heatran|74/100\n|-enditem|p1a: Heatran|Air Balloon\n|move|p1a: Heatran|Magma Storm|p2a: Haxorus\n|-resisted|p2a: Haxorus\n|-damage|p2a: Haxorus|166/244\n|-activate|p2a: Haxorus|move: Magma Storm|[of] p1a: Heatran\n|\n|-damage|p2a: Haxorus|136/244|[from] move: Magma Storm|[partiallytrapped]\n|upkeep\n|turn|2\n|inactive|Time left: 300 sec this turn | 300 sec total\n|\n|t:|1783559080\n|move|p2a: Haxorus|Outrage|p1a: Heatran|[from] lockedmove\n|-resisted|p1a: Heatran\n|-damage|p1a: Heatran|49/100\n|move|p1a: Heatran|Stealth Rock|p2a: Haxorus\n|-sidestart|p2: p0y1648e6f8|move: Stealth Rock\n|\n|-damage|p2a: Haxorus|106/244|[from] move: Magma Storm|[partiallytrapped]\n|upkeep\n|turn|3\n|inactive|Time left: 300 sec this turn | 300 sec total\n|\n|t:|1783559080\n|move|p2a: Haxorus|Outrage|p1a: Heatran|[from] lockedmove\n|-resisted|p1a: Heatran\n|-damage|p1a: Heatran|24/100\n|-start|p2a: Haxorus|confusion|[fatigue]\n|-enditem|p2a: Haxorus|Lum Berry|[eat]\n|-end|p2a: Haxorus|confusion\n|move|p1a: Heatran|Heavy Slam|p2a: Haxorus\n|-damage|p2a: Haxorus|7/244\n|\n|-damage|p2a: Haxorus|0 fnt|[from] move: Magma Storm|[partiallytrapped]\n|faint|p2a: Haxorus\n|upkeep\n|inactive|Time left: 300 sec this turn | 300 sec total | 5 sec grace\n|\n|t:|1783559081\n|switch|p2a: Thundurus|Thundurus, L80, M|258/258\n|-damage|p2a: Thundurus|194/258|[from] Stealth Rock\n|turn|4\n|inactive|Time left: 300 sec this turn | 300 sec total\n|\n|t:|1783559082\n|move|p2a: Thundurus|Thunderbolt|p1a: Heatran\n|-crit|p1a: Heatran\n|-damage|p1a: Heatran|0 fnt\n|faint|p1a: Heatran\n|\n|upkeep\n|\n|t:|1783559083\n|switch|p1a: Jolteon|Jolteon, L84, M|100/100\n|turn|5\n|inactive|Time left: 300 sec this turn | 300 sec total\n|\n|t:|1783559084\n|move|p1a: Jolteon|Thunderbolt|p2a: Thundurus\n|-damage|p2a: Thundurus|85/258\n|move|p2a: Thundurus|Acrobatics|p1a: Jolteon\n|-resisted|p1a: Jolteon\n|-damage|p1a: Jolteon|68/100\n|\n|upkeep\n|turn|6\n|inactive|Time left: 300 sec this turn | 300 sec total\n|\n|t:|1783559086\n|switch|p2a: Giratina|Giratina-Origin, L72|335/335\n|-damage|p2a: Giratina|294/335|[from] Stealth Rock\n|move|p1a: Jolteon|Thunderbolt|p2a: Giratina\n|-resisted|p2a: Giratina\n|-damage|p2a: Giratina|237/335\n|\n|upkeep\n|turn|7\n|inactive|Time left: 300 sec this turn | 300 sec total\n|\n|t:|1783559087\n|switch|p1a: Snorlax|Snorlax, L82, M|100/100\n|move|p2a: Giratina|Poltergeist|p1a: Snorlax\n|-immune|p1a: Snorlax\n|\n|upkeep\n|turn|8\n|inactive|Time left: 300 sec this turn | 300 sec total\n|\n|t:|1783559088\n|move|p2a: Giratina|Will-O-Wisp|p1a: Snorlax|[miss]\n|-miss|p2a: Giratina|p1a: Snorlax\n|move|p1a: Snorlax|Crunch|p2a: Giratina\n|-supereffective|p2a: Giratina\n|-damage|p2a: Giratina|107/335\n|\n|upkeep\n|turn|9\n|inactive|Time left: 300 sec this turn | 300 sec total\n|\n|t:|1783559089\n|move|p2a: Giratina|Will-O-Wisp|p1a: Snorlax\n|-status|p1a: Snorlax|brn\n|move|p1a: Snorlax|Crunch|p2a: Giratina\n|-supereffective|p2a: Giratina\n|-damage|p2a: Giratina|42/335\n|-unboost|p2a: Giratina|def|1\n|\n|-damage|p1a: Snorlax|94/100 brn|[from] brn\n|upkeep\n|turn|10\n|inactive|Time left: 300 sec this turn | 300 sec total\n|\n|t:|1783559090\n|switch|p2a: Corviknight|Corviknight, L80, F|288/288\n|-damage|p2a: Corviknight|252/288|[from] Stealth Rock\n|-ability|p2a: Corviknight|Pressure\n|move|p1a: Snorlax|Crunch|p2a: Corviknight\n|-damage|p2a: Corviknight|226/288\n|\n|-heal|p2a: Corviknight|244/288|[from] item: Leftovers\n|-heal|p1a: Snorlax|100/100 brn|[from] item: Leftovers\n|-damage|p1a: Snorlax|94/100 brn|[from] brn\n|upkeep\n|turn|11\n|inactive|Time left: 300 sec this turn | 300 sec total\n|\n|t:|1783559092\n|switch|p1a: Sinistcha|Sinistcha-Masterpiece, L83|100/100\n|move|p2a: Corviknight|Defog|p1a: Sinistcha\n|-unboost|p1a: Sinistcha|evasion|1\n|-sideend|p2: p0y1648e6f8|Stealth Rock|[from] move: Defog|[of] p2a: Corviknight\n|\n|-heal|p2a: Corviknight|262/288|[from] item: Leftovers\n|upkeep\n|turn|12\n|inactive|Time left: 300 sec this turn | 300 sec total\n|\n|t:|1783559093\n|move|p1a: Sinistcha|Shadow Ball|p2a: Corviknight\n|-damage|p2a: Corviknight|160/288\n|-unboost|p2a: Corviknight|spd|1\n|move|p2a: Corviknight|Brave Bird|p1a: Sinistcha\n|-supereffective|p1a: Sinistcha\n|-damage|p1a: Sinistcha|23/100\n|-damage|p2a: Corviknight|95/288|[from] Recoil\n|\n|-heal|p1a: Sinistcha|28/100|[from] item: Leftovers\n|-heal|p2a: Corviknight|113/288|[from] item: Leftovers\n|upkeep\n|turn|13\n|inactive|Time left: 300 sec this turn | 300 sec total\n|\n|t:|1783559094\n|move|p1a: Sinistcha|Strength Sap|p2a: Corviknight\n|-unboost|p2a: Corviknight|atk|1\n|-heal|p1a: Sinistcha|100/100\n|move|p2a: Corviknight|Roost|p2a: Corviknight\n|-heal|p2a: Corviknight|257/288\n|-singleturn|p2a: Corviknight|move: Roost\n|\n|-heal|p2a: Corviknight|275/288|[from] item: Leftovers\n|upkeep\n|turn|14\n|inactive|Time left: 300 sec this turn | 300 sec total\n|\n|t:|1783559095\n|switch|p2a: Lokix|Lokix, L82, M|251/251\n|move|p1a: Sinistcha|Shadow Ball|p2a: Lokix\n|-resisted|p2a: Lokix\n|-damage|p2a: Lokix|180/251\n|\n|upkeep\n|turn|15\n|inactive|Time left: 300 sec this turn | 300 sec total\n|\n|t:|1783559096\n|move|p2a: Lokix|Knock Off|p1a: Sinistcha\n|-supereffective|p1a: Sinistcha\n|-damage|p1a: Sinistcha|34/100\n|-enditem|p1a: Sinistcha|Leftovers|[from] move: Knock Off|[of] p2a: Lokix\n|move|p1a: Sinistcha|Strength Sap|p2a: Lokix\n|-unboost|p2a: Lokix|atk|1\n|-heal|p1a: Sinistcha|100/100\n|\n|upkeep\n|turn|16\n|inactive|Time left: 300 sec this turn | 300 sec total\n|\n|t:|1783559097\n|move|p2a: Lokix|U-turn|p1a: Sinistcha\n|-damage|p1a: Sinistcha|81/100\n|inactive|Time left: 300 sec this turn | 300 sec total | 5 sec grace\n|\n|t:|1783559098\n|switch|p2a: Forretress|Forretress, L84, F|263/263|[from] U-turn\n|move|p1a: Sinistcha|Calm Mind|p1a: Sinistcha\n|-boost|p1a: Sinistcha|spa|1\n|-boost|p1a: Sinistcha|spd|1\n|\n|upkeep\n|turn|17\n|inactive|Time left: 300 sec this turn | 300 sec total\n|\n|t:|1783559099\n|move|p1a: Sinistcha|Shadow Ball|p2a: Forretress\n|-damage|p2a: Forretress|55/263\n|move|p2a: Forretress|Stealth Rock|p1a: Sinistcha\n|-sidestart|p1: p0x1648cc77|move: Stealth Rock\n|\n|-heal|p2a: Forretress|71/263|[from] item: Leftovers\n|upkeep\n|turn|18\n|inactive|Time left: 300 sec this turn | 300 sec total\n|\n|t:|1783559100\n|move|p1a: Sinistcha|Shadow Ball|p2a: Forretress\n|-damage|p2a: Forretress|0 fnt\n|faint|p2a: Forretress\n|\n|upkeep\n|inactive|Time left: 300 sec this turn | 300 sec total | 5 sec grace\n|\n|t:|1783559101\n|switch|p2a: Thundurus|Thundurus, L80, M|85/258\n|turn|19\n|inactive|Time left: 300 sec this turn | 300 sec total\n|\n|t:|1783559102\n|-terastallize|p1a: Sinistcha|Steel\n|move|p2a: Thundurus|Acrobatics|p1a: Sinistcha\n|-resisted|p1a: Sinistcha\n|-damage|p1a: Sinistcha|61/100\n|move|p1a: Sinistcha|Shadow Ball|p2a: Thundurus\n|-crit|p2a: Thundurus\n|-damage|p2a: Thundurus|0 fnt\n|faint|p2a: Thundurus\n|\n|upkeep\n|inactive|Time left: 300 sec this turn | 300 sec total | 5 sec grace\n|\n|t:|1783559103\n|switch|p2a: Corviknight|Corviknight, L80, F|275/288\n|-ability|p2a: Corviknight|Pressure\n|turn|20\n|inactive|Time left: 300 sec this turn | 300 sec total\n|\n|t:|1783559104\n|move|p1a: Sinistcha|Strength Sap|p2a: Corviknight\n|-unboost|p2a: Corviknight|atk|1\n|-heal|p1a: Sinistcha|100/100\n|move|p2a: Corviknight|Body Press|p1a: Sinistcha\n|-supereffective|p1a: Sinistcha\n|-damage|p1a: Sinistcha|64/100\n|\n|-heal|p2a: Corviknight|288/288|[from] item: Leftovers\n|upkeep\n|turn|21\n|inactive|Time left: 300 sec this turn | 300 sec total\n|\n|t:|1783559105\n|move|p1a: Sinistcha|Strength Sap|p2a: Corviknight\n|-unboost|p2a: Corviknight|atk|1\n|-heal|p1a: Sinistcha|100/100\n|move|p2a: Corviknight|Body Press|p1a: Sinistcha\n|-supereffective|p1a: Sinistcha\n|-damage|p1a: Sinistcha|62/100\n|\n|upkeep\n|turn|22\n|inactive|Time left: 300 sec this turn | 300 sec total\n|\n|t:|1783559106\n|move|p1a: Sinistcha|Strength Sap|p2a: Corviknight\n|-unboost|p2a: Corviknight|atk|1\n|-heal|p1a: Sinistcha|98/100\n|move|p2a: Corviknight|Body Press|p1a: Sinistcha\n|-supereffective|p1a: Sinistcha\n|-damage|p1a: Sinistcha|58/100\n|\n|upkeep\n|turn|23\n|inactive|Time left: 300 sec this turn | 300 sec total\n|\n|t:|1783559107\n|move|p1a: Sinistcha|Strength Sap|p2a: Corviknight\n|-unboost|p2a: Corviknight|atk|1\n|-heal|p1a: Sinistcha|87/100\n|move|p2a: Corviknight|Body Press|p1a: Sinistcha\n|-supereffective|p1a: Sinistcha\n|-damage|p1a: Sinistcha|51/100\n|\n|upkeep\n|turn|24\n|inactive|Time left: 300 sec this turn | 300 sec total\n|\n|t:|1783559108\n|move|p1a: Sinistcha|Shadow Ball|p2a: Corviknight\n|-damage|p2a: Corviknight|134/288\n|-unboost|p2a: Corviknight|spd|1\n|move|p2a: Corviknight|Body Press|p1a: Sinistcha\n|-supereffective|p1a: Sinistcha\n|-damage|p1a: Sinistcha|15/100\n|\n|-heal|p2a: Corviknight|152/288|[from] item: Leftovers\n|upkeep\n|turn|25\n|inactive|Time left: 300 sec this turn | 300 sec total\n|\n|t:|1783559109\n|move|p1a: Sinistcha|Strength Sap|p2a: Corviknight\n|-unboost|p2a: Corviknight|atk|1\n|-heal|p1a: Sinistcha|39/100\n|move|p2a: Corviknight|Body Press|p1a: Sinistcha\n|-supereffective|p1a: Sinistcha\n|-damage|p1a: Sinistcha|4/100\n|\n|-heal|p2a: Corviknight|170/288|[from] item: Leftovers\n|upkeep\n|turn|26\n|inactive|Time left: 300 sec this turn | 300 sec total\n|\n|t:|1783559110\n|move|p1a: Sinistcha|Strength Sap|p2a: Corviknight\n|-unboost|p2a: Corviknight|atk|1\n|-heal|p1a: Sinistcha|25/100\n|move|p2a: Corviknight|Body Press|p1a: Sinistcha\n|-supereffective|p1a: Sinistcha\n|-damage|p1a: Sinistcha|0 fnt\n|faint|p1a: Sinistcha\n|\n|-heal|p2a: Corviknight|188/288|[from] item: Leftovers\n|upkeep\n|\n|t:|1783559111\n|switch|p1a: Jolteon|Jolteon, L84, M|68/100\n|turn|27\n|inactive|Time left: 300 sec this turn | 300 sec total\n|\n|t:|1783559112\n|switch|p2a: Lokix|Lokix, L82, M|180/251\n|move|p1a: Jolteon|Thunderbolt|p2a: Lokix\n|-damage|p2a: Lokix|20/251\n|\n|upkeep\n|turn|28\n|inactive|Time left: 300 sec this turn | 300 sec total\n|\n|t:|1783559113\n|switch|p1a: Magearna|Magearna, L77|100/100\n|-damage|p1a: Magearna|94/100|[from] Stealth Rock\n|-terastallize|p2a: Lokix|Bug\n|move|p2a: Lokix|First Impression|p1a: Magearna\n|-resisted|p1a: Magearna\n|-damage|p1a: Magearna|69/100\n|\n|-heal|p1a: Magearna|75/100|[from] item: Leftovers\n|upkeep\n|turn|29\n|inactive|Time left: 300 sec this turn | 300 sec total\n|\n|t:|1783559114\n|move|p2a: Lokix|Knock Off|p1a: Magearna\n|-resisted|p1a: Magearna\n|-damage|p1a: Magearna|39/100\n|-enditem|p1a: Magearna|Leftovers|[from] move: Knock Off|[of] p2a: Lokix\n|move|p1a: Magearna|Flash Cannon|p2a: Lokix\n|-crit|p2a: Lokix\n|-damage|p2a: Lokix|0 fnt\n|faint|p2a: Lokix\n|-ability|p1a: Magearna|Soul-Heart|boost\n|-boost|p1a: Magearna|spa|1\n|\n|upkeep\n|inactive|Time left: 300 sec this turn | 300 sec total | 5 sec grace\n|\n|t:|1783559115\n|switch|p2a: Corviknight|Corviknight, L80, F|188/288\n|-ability|p2a: Corviknight|Pressure\n|turn|30\n|inactive|Time left: 300 sec this turn | 300 sec total\n|\n|t:|1783559116\n|switch|p1a: Jolteon|Jolteon, L84, M|68/100\n|move|p2a: Corviknight|Roost|p2a: Corviknight\n|-heal|p2a: Corviknight|288/288\n|-singleturn|p2a: Corviknight|move: Roost\n|\n|upkeep\n|turn|31\n|inactive|Time left: 300 sec this turn | 300 sec total\n|\n|t:|1783559116\n|move|p1a: Jolteon|Thunderbolt|p2a: Corviknight\n|-supereffective|p2a: Corviknight\n|-damage|p2a: Corviknight|58/288\n|move|p2a: Corviknight|Body Press|p1a: Jolteon\n|-damage|p1a: Jolteon|40/100\n|\n|-heal|p2a: Corviknight|76/288|[from] item: Leftovers\n|upkeep\n|turn|32\n|inactive|Time left: 300 sec this turn | 300 sec total\n|\n|t:|1783559117\n|move|p1a: Jolteon|Thunderbolt|p2a: Corviknight\n|-supereffective|p2a: Corviknight\n|-damage|p2a: Corviknight|0 fnt\n|faint|p2a: Corviknight\n|\n|upkeep\n|inactive|Time left: 300 sec this turn | 300 sec total | 5 sec grace\n|\n|t:|1783559118\n|switch|p2a: Giratina|Giratina-Origin, L72|42/335\n|turn|33\n|inactive|Time left: 300 sec this turn | 300 sec total\n|\n|t:|1783559119\n|move|p2a: Giratina|Shadow Sneak|p1a: Jolteon\n|-damage|p1a: Jolteon|17/100\n|move|p1a: Jolteon|Alluring Voice|p2a: Giratina\n|-supereffective|p2a: Giratina\n|-damage|p2a: Giratina|0 fnt\n|faint|p2a: Giratina\n|\n|win|p0x1648cc77", "uploadtime": 1783559119, "views": 0, "rating": 0, "private": 0, "password": null, "_winner": "p0x1648cc77", "_our_name": "p0y1648e6f8"}