{"id": "battle-gen9randombattle-1711", "formatid": "gen9randombattle", "format": "[Gen 9] Random Battle", "players": ["p0x17114062", "p0y1711dc38"], "log": "|init|battle\n|title|p0x17114062 vs. p0y1711dc38\n|j|\u2606p0x17114062\n|j|\u2606p0y1711dc38\n|t:|1783559026\n|gametype|singles\n|player|p1|p0x17114062|102|\n|player|p2|p0y1711dc38|102|\n|gen|9\n|tier|[Gen 9] Random Battle\n|rule|Species Clause: Limit one of each Pok\u00e9mon\n|rule|HP Percentage Mod: HP is shown in percentages\n|rule|Sleep Clause Mod: Limit one foe put to sleep\n|rule|Illusion Level Mod: Illusion disguises the Pok\u00e9mon's true level\n|\n|t:|1783559026\n|teamsize|p1|6\n|teamsize|p2|6\n|start\n|switch|p1a: Weezing|Weezing, L88, F|100/100\n|switch|p2a: Oricorio|Oricorio-Pa'u, L87, M|272/272\n|turn|1\n|inactive|Battle timer is ON: inactive players will automatically lose when time's up. (requested by p0y1711dc38)\n|inactive|p0x17114062 also wants the timer to be on.\n|\n|t:|1783559027\n|move|p2a: Oricorio|Quiver Dance|p2a: Oricorio\n|-boost|p2a: Oricorio|spa|1\n|-boost|p2a: Oricorio|spd|1\n|-boost|p2a: Oricorio|spe|1\n|move|p1a: Weezing|Gunk Shot|p2a: Oricorio|[miss]\n|-miss|p1a: Weezing|p2a: Oricorio\n|\n|upkeep\n|turn|2\n|inactive|Time left: 300 sec this turn | 300 sec total\n|\n|t:|1783559028\n|switch|p1a: Mightyena|Mightyena, L96, M|100/100\n|-ability|p1a: Mightyena|Intimidate|boost\n|-unboost|p2a: Oricorio|atk|1\n|move|p2a: Oricorio|Quiver Dance|p2a: Oricorio\n|-boost|p2a: Oricorio|spa|1\n|-boost|p2a: Oricorio|spd|1\n|-boost|p2a: Oricorio|spe|1\n|\n|upkeep\n|turn|3\n|inactive|Time left: 300 sec this turn | 300 sec total\n|\n|t:|1783559029\n|move|p2a: Oricorio|Hurricane|p1a: Mightyena\n|-damage|p1a: Mightyena|32/100\n|-start|p1a: Mightyena|confusion\n|-activate|p1a: Mightyena|confusion\n|-damage|p1a: Mightyena|18/100|[from] confusion\n|\n|upkeep\n|turn|4\n|inactive|Time left: 300 sec this turn | 300 sec total\n|\n|t:|1783559030\n|move|p2a: Oricorio|Hurricane|p1a: Mightyena\n|-damage|p1a: Mightyena|0 fnt\n|faint|p1a: Mightyena\n|\n|upkeep\n|\n|t:|1783559031\n|switch|p1a: Brute Bonnet|Brute Bonnet, L80|100/100\n|turn|5\n|inactive|Time left: 300 sec this turn | 300 sec total\n|\n|t:|1783559032\n|move|p1a: Brute Bonnet|Sucker Punch|p2a: Oricorio\n|-supereffective|p2a: Oricorio\n|-damage|p2a: Oricorio|72/272\n|move|p2a: Oricorio|Hurricane|p1a: Brute Bonnet\n|-supereffective|p1a: Brute Bonnet\n|-damage|p1a: Brute Bonnet|0 fnt\n|faint|p1a: Brute Bonnet\n|-end|p1a: Brute Bonnet|Protosynthesis|[silent]\n|\n|upkeep\n|\n|t:|1783559034\n|switch|p1a: Donphan|Donphan, L84, M|100/100\n|turn|6\n|inactive|Time left: 300 sec this turn | 300 sec total\n|\n|t:|1783559035\n|-terastallize|p2a: Oricorio|Fighting\n|move|p1a: Donphan|Ice Shard|p2a: Oricorio\n|-damage|p2a: Oricorio|36/272\n|move|p2a: Oricorio|Roost|p2a: Oricorio\n|-heal|p2a: Oricorio|172/272\n|\n|upkeep\n|turn|7\n|inactive|Time left: 300 sec this turn | 300 sec total\n|\n|t:|1783559036\n|move|p2a: Oricorio|Revelation Dance|p1a: Donphan\n|-damage|p1a: Donphan|44/100\n|move|p1a: Donphan|Earthquake|p2a: Oricorio\n|-damage|p2a: Oricorio|25/272\n|\n|upkeep\n|turn|8\n|inactive|Time left: 300 sec this turn | 300 sec total\n|\n|t:|1783559037\n|move|p1a: Donphan|Ice Shard|p2a: Oricorio\n|-damage|p2a: Oricorio|0 fnt\n|faint|p2a: Oricorio\n|\n|upkeep\n|inactive|Time left: 300 sec this turn | 300 sec total | 5 sec grace\n|\n|t:|1783559038\n|switch|p2a: Kyogre|Kyogre, L71|259/259\n|-weather|RainDance|[from] ability: Drizzle|[of] p2a: Kyogre\n|turn|9\n|inactive|Time left: 300 sec this turn | 300 sec total\n|\n|t:|1783559039\n|switch|p1a: Lumineon|Lumineon, L93, M|100/100\n|move|p2a: Kyogre|Origin Pulse|p1a: Lumineon\n|-ability|p1a: Lumineon|Storm Drain|boost\n|-boost|p1a: Lumineon|spa|1\n|\n|-weather|RainDance|[upkeep]\n|upkeep\n|turn|10\n|inactive|Time left: 300 sec this turn | 300 sec total\n|\n|t:|1783559040\n|move|p1a: Lumineon|Hydro Pump|p2a: Kyogre\n|-resisted|p2a: Kyogre\n|-damage|p2a: Kyogre|163/259\n|move|p2a: Kyogre|Thunder|p1a: Lumineon\n|-supereffective|p1a: Lumineon\n|-damage|p1a: Lumineon|51/100\n|\n|-weather|RainDance|[upkeep]\n|-heal|p2a: Kyogre|179/259|[from] item: Leftovers\n|upkeep\n|turn|11\n|inactive|Time left: 300 sec this turn | 300 sec total\n|\n|t:|1783559041\n|move|p1a: Lumineon|Hydro Pump|p2a: Kyogre\n|-resisted|p2a: Kyogre\n|-damage|p2a: Kyogre|73/259\n|move|p2a: Kyogre|Thunder|p1a: Lumineon\n|-supereffective|p1a: Lumineon\n|-crit|p1a: Lumineon\n|-damage|p1a: Lumineon|0 fnt\n|faint|p1a: Lumineon\n|\n|-weather|RainDance|[upkeep]\n|-heal|p2a: Kyogre|89/259|[from] item: Leftovers\n|upkeep\n|\n|t:|1783559042\n|switch|p1a: Klawf|Klawf, L90, F|100/100\n|turn|12\n|inactive|Time left: 300 sec this turn | 300 sec total\n|\n|t:|1783559043\n|switch|p2a: Avalugg|Avalugg, L88, M|310/310\n|move|p1a: Klawf|Crabhammer|p2a: Avalugg\n|-damage|p2a: Avalugg|224/310\n|-damage|p1a: Klawf|91/100|[from] item: Life Orb\n|\n|-weather|RainDance|[upkeep]\n|upkeep\n|turn|13\n|inactive|Time left: 300 sec this turn | 300 sec total\n|\n|t:|1783559044\n|-terastallize|p1a: Klawf|Rock\n|move|p1a: Klawf|Stone Edge|p2a: Avalugg\n|-supereffective|p2a: Avalugg\n|-damage|p2a: Avalugg|11/310\n|-damage|p1a: Klawf|81/100|[from] item: Life Orb\n|move|p2a: Avalugg|Recover|p2a: Avalugg\n|-heal|p2a: Avalugg|166/310\n|\n|-weather|none\n|upkeep\n|turn|14\n|inactive|Time left: 300 sec this turn | 300 sec total\n|\n|t:|1783559045\n|move|p1a: Klawf|Stone Edge|p2a: Avalugg\n|-supereffective|p2a: Avalugg\n|-damage|p2a: Avalugg|0 fnt\n|faint|p2a: Avalugg\n|-damage|p1a: Klawf|71/100|[from] item: Life Orb\n|\n|upkeep\n|inactive|Time left: 300 sec this turn | 300 sec total | 5 sec grace\n|\n|t:|1783559046\n|switch|p2a: Haxorus|Haxorus, L77, M|244/244\n|-ability|p2a: Haxorus|Mold Breaker\n|turn|15\n|inactive|Time left: 300 sec this turn | 300 sec total\n|\n|t:|1783559047\n|move|p2a: Haxorus|Iron Head|p1a: Klawf\n|-supereffective|p1a: Klawf\n|-damage|p1a: Klawf|33/100\n|move|p1a: Klawf|Stone Edge|p2a: Haxorus\n|-crit|p2a: Haxorus\n|-damage|p2a: Haxorus|0 fnt\n|faint|p2a: Haxorus\n|-damage|p1a: Klawf|23/100|[from] item: Life Orb\n|\n|upkeep\n|inactive|Time left: 300 sec this turn | 300 sec total | 5 sec grace\n|\n|t:|1783559049\n|switch|p2a: Pyroar|Pyroar, L88, M|295/295\n|-ability|p2a: Pyroar|Unnerve\n|turn|16\n|inactive|Time left: 300 sec this turn | 300 sec total\n|\n|t:|1783559050\n|switch|p1a: Donphan|Donphan, L84, M|44/100\n|move|p2a: Pyroar|Hyper Voice|p1a: Donphan\n|-damage|p1a: Donphan|9/100\n|\n|upkeep\n|turn|17\n|inactive|Time left: 300 sec this turn | 300 sec total\n|\n|t:|1783559051\n|move|p2a: Pyroar|Dark Pulse|p1a: Donphan\n|-damage|p1a: Donphan|0 fnt\n|faint|p1a: Donphan\n|\n|upkeep\n|\n|t:|1783559052\n|switch|p1a: Klawf|Klawf, L90, F, tera:Rock|56/100\n|turn|18\n|inactive|Time left: 300 sec this turn | 300 sec total\n|\n|t:|1783559053\n|move|p2a: Pyroar|Dark Pulse|p1a: Klawf\n|-damage|p1a: Klawf|22/100\n|cant|p1a: Klawf|flinch\n|\n|upkeep\n|turn|19\n|inactive|Time left: 300 sec this turn | 300 sec total\n|\n|t:|1783559054\n|switch|p1a: Weezing|Weezing, L88, F|100/100\n|move|p2a: Pyroar|Hyper Voice|p1a: Weezing\n|-crit|p1a: Weezing\n|-damage|p1a: Weezing|30/100\n|\n|-heal|p1a: Weezing|36/100|[from] item: Leftovers\n|upkeep\n|turn|20\n|inactive|Time left: 300 sec this turn | 300 sec total\n|\n|t:|1783559055\n|switch|p1a: Klawf|Klawf, L90, F, tera:Rock|55/100\n|move|p2a: Pyroar|Work Up|p2a: Pyroar\n|-boost|p2a: Pyroar|atk|1\n|-boost|p2a: Pyroar|spa|1\n|\n|upkeep\n|turn|21\n|inactive|Time left: 300 sec this turn | 300 sec total\n|\n|t:|1783559056\n|move|p2a: Pyroar|Work Up|p2a: Pyroar\n|-boost|p2a: Pyroar|atk|1\n|-boost|p2a: Pyroar|spa|1\n|move|p1a: Klawf|Stone Edge|p2a: Pyroar\n|-supereffective|p2a: Pyroar\n|-crit|p2a: Pyroar\n|-damage|p2a: Pyroar|0 fnt\n|faint|p2a: Pyroar\n|-damage|p1a: Klawf|45/100|[from] item: Life Orb\n|\n|upkeep\n|inactive|Time left: 300 sec this turn | 300 sec total | 5 sec grace\n|\n|t:|1783559057\n|switch|p2a: Kyogre|Kyogre, L71|89/259\n|-weather|RainDance|[from] ability: Drizzle|[of] p2a: Kyogre\n|turn|22\n|inactive|Time left: 300 sec this turn | 300 sec total\n|\n|t:|1783559057\n|switch|p2a: Ditto|Ditto, L87|225/225\n|-transform|p2a: Ditto|p1a: Klawf|[from] ability: Imposter\n|move|p1a: Klawf|Stone Edge|p2a: Ditto\n|-crit|p2a: Ditto\n|-damage|p2a: Ditto|0 fnt\n|faint|p2a: Ditto\n|-damage|p1a: Klawf|35/100|[from] item: Life Orb\n|\n|-weather|RainDance|[upkeep]\n|upkeep\n|inactive|Time left: 300 sec this turn | 300 sec total | 5 sec grace\n|\n|t:|1783559058\n|switch|p2a: Kyogre|Kyogre, L71|89/259\n|turn|23\n|inactive|Time left: 300 sec this turn | 300 sec total\n|\n|t:|1783559059\n|move|p1a: Klawf|High Horsepower|p2a: Kyogre\n|-crit|p2a: Kyogre\n|-damage|p2a: Kyogre|0 fnt\n|faint|p2a: Kyogre\n|-damage|p1a: Klawf|25/100|[from] item: Life Orb\n|\n|win|p0x17114062", "uploadtime": 1783559059, "views": 0, "rating": 0, "private": 0, "password": null, "_winner": "p0x17114062", "_our_name": "p0y1711dc38"}