{"id": "battle-gen9randombattle-113", "formatid": "gen9randombattle", "format": "[Gen 9] Random Battle", "players": ["p0x113920c", "p0y1138b33"], "log": "|init|battle\n|title|p0x113920c vs. p0y1138b33\n|j|\u2606p0x113920c\n|j|\u2606p0y1138b33\n|t:|1783534575\n|gametype|singles\n|player|p1|p0x113920c|265|\n|player|p2|p0y1138b33|102|\n|gen|9\n|tier|[Gen 9] Random Battle\n|rule|Species Clause: Limit one of each Pok\u00e9mon\n|rule|HP Percentage Mod: HP is shown in percentages\n|rule|Sleep Clause Mod: Limit one foe put to sleep\n|rule|Illusion Level Mod: Illusion disguises the Pok\u00e9mon's true level\n|\n|t:|1783534575\n|teamsize|p1|6\n|teamsize|p2|6\n|start\n|switch|p1a: Klawf|Klawf, L90, M|272/272\n|switch|p2a: Malamar|Malamar, L82, F|100/100\n|turn|1\n|inactive|Battle timer is ON: inactive players will automatically lose when time's up. (requested by p0y1138b33)\n|inactive|Time left: 300 sec this turn | 300 sec total | 60 sec grace\n|inactive|p0x113920c also wants the timer to be on.\n|\n|t:|1783534577\n|move|p1a: Klawf|Swords Dance|p1a: Klawf\n|-boost|p1a: Klawf|atk|2\n|move|p2a: Malamar|Superpower|p1a: Klawf\n|-supereffective|p1a: Klawf\n|-damage|p1a: Klawf|154/272\n|-boost|p2a: Malamar|atk|1\n|-boost|p2a: Malamar|def|1\n|\n|upkeep\n|turn|2\n|inactive|Time left: 300 sec this turn | 300 sec total\n|\n|t:|1783534578\n|move|p1a: Klawf|Stone Edge|p2a: Malamar\n|-damage|p2a: Malamar|40/100\n|move|p2a: Malamar|Superpower|p1a: Klawf\n|-supereffective|p1a: Klawf\n|-damage|p1a: Klawf|0 fnt\n|-boost|p2a: Malamar|atk|1\n|-boost|p2a: Malamar|def|1\n|faint|p1a: Klawf\n|\n|upkeep\n|inactive|Time left: 300 sec this turn | 300 sec total | 5 sec grace\n|\n|t:|1783534579\n|switch|p1a: Slaking|Slaking, L84, M|389/389\n|turn|3\n|inactive|Time left: 300 sec this turn | 300 sec total\n|\n|t:|1783534580\n|-terastallize|p2a: Malamar|Steel\n|move|p1a: Slaking|Giga Impact|p2a: Malamar\n|-resisted|p2a: Malamar\n|-damage|p2a: Malamar|6/100\n|-mustrecharge|p1a: Slaking\n|move|p2a: Malamar|Superpower|p1a: Slaking\n|-supereffective|p1a: Slaking\n|-damage|p1a: Slaking|109/389\n|-boost|p2a: Malamar|atk|1\n|-boost|p2a: Malamar|def|1\n|\n|upkeep\n|turn|4\n|inactive|Time left: 300 sec this turn | 300 sec total\n|\n|t:|1783534581\n|cant|p1a: Slaking|recharge\n|move|p2a: Malamar|Rest|p2a: Malamar\n|-status|p2a: Malamar|slp|[from] move: Rest\n|-heal|p2a: Malamar|100/100 slp|[silent]\n|-enditem|p2a: Malamar|Chesto Berry|[eat]\n|-curestatus|p2a: Malamar|slp|[msg]\n|\n|upkeep\n|turn|5\n|inactive|Time left: 300 sec this turn | 300 sec total\n|\n|t:|1783534582\n|move|p1a: Slaking|Giga Impact|p2a: Malamar\n|-resisted|p2a: Malamar\n|-damage|p2a: Malamar|76/100\n|-mustrecharge|p1a: Slaking\n|move|p2a: Malamar|Knock Off|p1a: Slaking\n|-damage|p1a: Slaking|0 fnt\n|-enditem|p1a: Slaking|Choice Band|[from] move: Knock Off|[of] p2a: Malamar\n|faint|p1a: Slaking\n|\n|upkeep\n|inactive|Time left: 300 sec this turn | 300 sec total | 5 sec grace\n|\n|t:|1783534583\n|switch|p1a: Poliwrath|Poliwrath, L88, F|302/302\n|turn|6\n|inactive|Time left: 300 sec this turn | 300 sec total\n|\n|t:|1783534584\n|move|p2a: Malamar|Psycho Cut|p1a: Poliwrath\n|-supereffective|p1a: Poliwrath\n|-damage|p1a: Poliwrath|0 fnt\n|faint|p1a: Poliwrath\n|\n|upkeep\n|inactive|Time left: 300 sec this turn | 300 sec total | 5 sec grace\n|\n|t:|1783534585\n|switch|p1a: Raikou|Raikou, L81|278/278\n|-ability|p1a: Raikou|Pressure\n|turn|7\n|inactive|Time left: 300 sec this turn | 300 sec total\n|\n|t:|1783534586\n|move|p1a: Raikou|Thunderbolt|p2a: Malamar\n|-damage|p2a: Malamar|34/100\n|move|p2a: Malamar|Knock Off|p1a: Raikou\n|-damage|p1a: Raikou|0 fnt\n|-enditem|p1a: Raikou|Leftovers|[from] move: Knock Off|[of] p2a: Malamar\n|faint|p1a: Raikou\n|\n|upkeep\n|inactive|Time left: 300 sec this turn | 300 sec total | 5 sec grace\n|\n|t:|1783534587\n|switch|p1a: Iron Boulder|Iron Boulder, L77|265/265\n|turn|8\n|inactive|Time left: 300 sec this turn | 300 sec total\n|\n|t:|1783534588\n|-terastallize|p1a: Iron Boulder|Fighting\n|move|p1a: Iron Boulder|Close Combat|p2a: Malamar\n|-supereffective|p2a: Malamar\n|-damage|p2a: Malamar|0 fnt\n|-unboost|p1a: Iron Boulder|def|1\n|-unboost|p1a: Iron Boulder|spd|1\n|faint|p2a: Malamar\n|-damage|p1a: Iron Boulder|239/265|[from] item: Life Orb\n|\n|upkeep\n|\n|t:|1783534589\n|switch|p2a: Crabominable|Crabominable, L90, F|100/100\n|turn|9\n|inactive|Time left: 300 sec this turn | 300 sec total\n|\n|t:|1783534590\n|move|p1a: Iron Boulder|Close Combat|p2a: Crabominable\n|-supereffective|p2a: Crabominable\n|-damage|p2a: Crabominable|0 fnt\n|-unboost|p1a: Iron Boulder|def|1\n|-unboost|p1a: Iron Boulder|spd|1\n|faint|p2a: Crabominable\n|-damage|p1a: Iron Boulder|213/265|[from] item: Life Orb\n|\n|upkeep\n|\n|t:|1783534592\n|switch|p2a: Lumineon|Lumineon, L93, M|100/100\n|turn|10\n|inactive|Time left: 300 sec this turn | 300 sec total\n|\n|t:|1783534593\n|-end|p1a: Iron Boulder|Quark Drive|[silent]\n|switch|p1a: Rabsca|Rabsca, L91, M|284/284\n|move|p2a: Lumineon|Hydro Pump|p1a: Rabsca\n|-damage|p1a: Rabsca|190/284\n|\n|upkeep\n|turn|11\n|inactive|Time left: 300 sec this turn | 300 sec total\n|\n|t:|1783534594\n|move|p2a: Lumineon|U-turn|p1a: Rabsca\n|-supereffective|p1a: Rabsca\n|-damage|p1a: Rabsca|96/284\n|\n|t:|1783534595\n|switch|p2a: Chandelure|Chandelure, L83, M|100/100|[from] U-turn\n|move|p1a: Rabsca|Bug Buzz|p2a: Chandelure\n|-resisted|p2a: Chandelure\n|-damage|p2a: Chandelure|87/100\n|\n|-heal|p2a: Chandelure|93/100|[from] item: Leftovers\n|upkeep\n|turn|12\n|inactive|Time left: 300 sec this turn | 300 sec total\n|\n|t:|1783534596\n|switch|p1a: Iron Boulder|Iron Boulder, L77, tera:Fighting|213/265\n|move|p2a: Chandelure|Substitute|p2a: Chandelure\n|-start|p2a: Chandelure|Substitute\n|-damage|p2a: Chandelure|69/100\n|\n|-heal|p2a: Chandelure|75/100|[from] item: Leftovers\n|upkeep\n|turn|13\n|inactive|Time left: 300 sec this turn | 300 sec total\n|\n|t:|1783534597\n|move|p1a: Iron Boulder|Mighty Cleave|p2a: Chandelure\n|-supereffective|p2a: Chandelure\n|-end|p2a: Chandelure|Substitute\n|-damage|p1a: Iron Boulder|187/265|[from] item: Life Orb\n|move|p2a: Chandelure|Fire Blast|p1a: Iron Boulder\n|-damage|p1a: Iron Boulder|45/265\n|\n|-heal|p2a: Chandelure|80/100|[from] item: Leftovers\n|upkeep\n|turn|14\n|inactive|Time left: 300 sec this turn | 300 sec total\n|\n|t:|1783534598\n|move|p1a: Iron Boulder|Mighty Cleave|p2a: Chandelure\n|-supereffective|p2a: Chandelure\n|-damage|p2a: Chandelure|0 fnt\n|faint|p2a: Chandelure\n|-damage|p1a: Iron Boulder|19/265|[from] item: Life Orb\n|\n|upkeep\n|\n|t:|1783534599\n|switch|p2a: Cinderace|Cinderace, L77, M|100/100\n|turn|15\n|inactive|Time left: 300 sec this turn | 300 sec total\n|\n|t:|1783534600\n|move|p1a: Iron Boulder|Zen Headbutt|p2a: Cinderace\n|-damage|p2a: Cinderace|47/100\n|-damage|p1a: Iron Boulder|0 fnt|[from] item: Life Orb\n|faint|p1a: Iron Boulder\n|-end|p1a: Iron Boulder|Quark Drive|[silent]\n|move|p2a: Cinderace|Pyro Ball|p1: Iron Boulder|[notarget]\n|-fail|p2a: Cinderace\n|\n|upkeep\n|inactive|Time left: 300 sec this turn | 300 sec total | 5 sec grace\n|\n|t:|1783534601\n|switch|p1a: Rabsca|Rabsca, L91, M|96/284\n|turn|16\n|inactive|Time left: 300 sec this turn | 300 sec total\n|\n|t:|1783534602\n|move|p2a: Cinderace|Pyro Ball|p1a: Rabsca\n|-supereffective|p1a: Rabsca\n|-damage|p1a: Rabsca|0 fnt\n|faint|p1a: Rabsca\n|\n|win|p0y1138b33", "uploadtime": 1783534602, "views": 0, "rating": 0, "private": 0, "password": null, "_winner": "p0y1138b33", "_our_name": "p0x113920c"}