{"id": "battle-gen9randombattle-457", "formatid": "gen9randombattle", "format": "[Gen 9] Random Battle", "players": ["p0x4571517", "p0y4576e66"], "log": "|init|battle\n|title|p0x4571517 vs. p0y4576e66\n|j|\u2606p0x4571517\n|j|\u2606p0y4576e66\n|t:|1783545078\n|gametype|singles\n|player|p1|p0x4571517|169|\n|player|p2|p0y4576e66|170|\n|gen|9\n|tier|[Gen 9] Random Battle\n|rule|Species Clause: Limit one of each Pok\u00e9mon\n|rule|HP Percentage Mod: HP is shown in percentages\n|rule|Sleep Clause Mod: Limit one foe put to sleep\n|rule|Illusion Level Mod: Illusion disguises the Pok\u00e9mon's true level\n|\n|t:|1783545078\n|teamsize|p1|6\n|teamsize|p2|6\n|start\n|switch|p1a: Flygon|Flygon, L82, M|100/100\n|switch|p2a: Klawf|Klawf, L90, F|272/272\n|turn|1\n|inactive|Battle timer is ON: inactive players will automatically lose when time's up. (requested by p0y4576e66)\n|\n|t:|1783545080\n|move|p1a: Flygon|Outrage|p2a: Klawf\n|-damage|p2a: Klawf|181/272\n|move|p2a: Klawf|Stealth Rock|p1a: Flygon\n|-sidestart|p1: p0x4571517|move: Stealth Rock\n|\n|upkeep\n|turn|2\n|inactive|Time left: 300 sec this turn | 300 sec total\n|inactive|p0x4571517 also wants the timer to be on.\n|\n|t:|1783545081\n|switch|p2a: Heatran|Heatran, L79, F|273/273\n|move|p1a: Flygon|Outrage|p2a: Heatran|[from] lockedmove\n|-resisted|p2a: Heatran\n|-damage|p2a: Heatran|219/273\n|-start|p1a: Flygon|confusion|[fatigue]\n|\n|upkeep\n|turn|3\n|inactive|Time left: 300 sec this turn | 300 sec total\n|\n|t:|1783545083\n|-activate|p1a: Flygon|confusion\n|move|p1a: Flygon|Outrage|p2a: Heatran\n|-resisted|p2a: Heatran\n|-damage|p2a: Heatran|165/273\n|move|p2a: Heatran|Lava Plume|p1a: Flygon\n|-resisted|p1a: Flygon\n|-damage|p1a: Flygon|82/100\n|-status|p1a: Flygon|brn\n|\n|-damage|p1a: Flygon|76/100 brn|[from] brn\n|upkeep\n|turn|4\n|inactive|Time left: 300 sec this turn | 300 sec total\n|\n|t:|1783545084\n|switch|p2a: Malamar|Malamar, L82, F|275/275\n|-activate|p1a: Flygon|confusion\n|-damage|p1a: Flygon|64/100 brn|[from] confusion\n|\n|-damage|p1a: Flygon|57/100 brn|[from] brn\n|upkeep\n|turn|5\n|inactive|Time left: 300 sec this turn | 300 sec total\n|\n|t:|1783545085\n|-activate|p1a: Flygon|confusion\n|-damage|p1a: Flygon|46/100 brn|[from] confusion\n|move|p2a: Malamar|Superpower|p1a: Flygon\n|-damage|p1a: Flygon|11/100 brn\n|-boost|p2a: Malamar|atk|1\n|-boost|p2a: Malamar|def|1\n|\n|-damage|p1a: Flygon|5/100 brn|[from] brn\n|upkeep\n|turn|6\n|inactive|Time left: 300 sec this turn | 300 sec total\n|\n|t:|1783545086\n|-activate|p1a: Flygon|confusion\n|move|p1a: Flygon|Outrage|p2a: Malamar\n|-damage|p2a: Malamar|232/275\n|move|p2a: Malamar|Superpower|p1a: Flygon\n|-damage|p1a: Flygon|0 fnt\n|-boost|p2a: Malamar|atk|1\n|-boost|p2a: Malamar|def|1\n|faint|p1a: Flygon\n|\n|-heal|p2a: Malamar|249/275|[from] item: Leftovers\n|upkeep\n|\n|t:|1783545087\n|switch|p1a: Illumise|Illumise, L91, F|100/100\n|turn|7\n|inactive|Time left: 300 sec this turn | 300 sec total\n|\n|t:|1783545088\n|-terastallize|p2a: Malamar|Fighting\n|move|p1a: Illumise|Bug Buzz|p2a: Malamar\n|-resisted|p2a: Malamar\n|-damage|p2a: Malamar|201/275\n|move|p2a: Malamar|Superpower|p1a: Illumise\n|-resisted|p1a: Illumise\n|-damage|p1a: Illumise|54/100\n|-boost|p2a: Malamar|atk|1\n|-boost|p2a: Malamar|def|1\n|\n|-heal|p2a: Malamar|218/275|[from] item: Leftovers\n|upkeep\n|turn|8\n|inactive|Time left: 300 sec this turn | 300 sec total\n|\n|t:|1783545090\n|move|p1a: Illumise|Encore|p2a: Malamar\n|-start|p2a: Malamar|Encore\n|move|p2a: Malamar|Superpower|p1a: Illumise\n|-resisted|p1a: Illumise\n|-crit|p1a: Illumise\n|-damage|p1a: Illumise|0 fnt\n|-boost|p2a: Malamar|atk|1\n|-boost|p2a: Malamar|def|1\n|faint|p1a: Illumise\n|\n|-heal|p2a: Malamar|235/275|[from] item: Leftovers\n|upkeep\n|\n|t:|1783545091\n|switch|p1a: Grumpig|Grumpig, L92, F|100/100\n|-damage|p1a: Grumpig|88/100|[from] Stealth Rock\n|turn|9\n|inactive|Time left: 300 sec this turn | 300 sec total\n|\n|t:|1783545092\n|move|p1a: Grumpig|Nasty Plot|p1a: Grumpig\n|-boost|p1a: Grumpig|spa|2\n|move|p2a: Malamar|Superpower|p1a: Grumpig\n|-resisted|p1a: Grumpig\n|-damage|p1a: Grumpig|22/100\n|-boost|p2a: Malamar|atk|1\n|-boost|p2a: Malamar|def|1\n|\n|-heal|p1a: Grumpig|28/100|[from] item: Leftovers\n|-heal|p2a: Malamar|252/275|[from] item: Leftovers\n|upkeep\n|turn|10\n|inactive|Time left: 300 sec this turn | 300 sec total\n|\n|t:|1783545093\n|-terastallize|p1a: Grumpig|Fighting\n|move|p1a: Grumpig|Focus Blast|p2a: Malamar|[miss]\n|-miss|p1a: Grumpig|p2a: Malamar\n|move|p2a: Malamar|Superpower|p1a: Grumpig\n|-damage|p1a: Grumpig|0 fnt\n|-boost|p2a: Malamar|atk|1\n|-boost|p2a: Malamar|def|1\n|faint|p1a: Grumpig\n|\n|-heal|p2a: Malamar|269/275|[from] item: Leftovers\n|-end|p2a: Malamar|Encore\n|upkeep\n|\n|t:|1783545094\n|switch|p1a: Great Tusk|Great Tusk, L77|100/100\n|-damage|p1a: Great Tusk|98/100|[from] Stealth Rock\n|-enditem|p1a: Great Tusk|Booster Energy\n|-activate|p1a: Great Tusk|ability: Protosynthesis|[fromitem]\n|-start|p1a: Great Tusk|protosynthesisatk\n|turn|11\n|inactive|Time left: 300 sec this turn | 300 sec total\n|\n|t:|1783545095\n|move|p1a: Great Tusk|Bulk Up|p1a: Great Tusk\n|-boost|p1a: Great Tusk|atk|1\n|-boost|p1a: Great Tusk|def|1\n|move|p2a: Malamar|Superpower|p1a: Great Tusk\n|-crit|p1a: Great Tusk\n|-damage|p1a: Great Tusk|0 fnt\n|faint|p1a: Great Tusk\n|-end|p1a: Great Tusk|Protosynthesis|[silent]\n|\n|-heal|p2a: Malamar|275/275|[from] item: Leftovers\n|upkeep\n|\n|t:|1783545096\n|switch|p1a: Iron Boulder|Iron Boulder, L77|100/100\n|-damage|p1a: Iron Boulder|88/100|[from] Stealth Rock\n|-enditem|p1a: Iron Boulder|Booster Energy\n|-activate|p1a: Iron Boulder|ability: Quark Drive|[fromitem]\n|-start|p1a: Iron Boulder|quarkdrivespe\n|turn|12\n|inactive|Time left: 300 sec this turn | 300 sec total\n|\n|t:|1783545096\n|move|p1a: Iron Boulder|Zen Headbutt|p2a: Malamar\n|-supereffective|p2a: Malamar\n|-damage|p2a: Malamar|231/275\n|move|p2a: Malamar|Knock Off|p1a: Iron Boulder\n|-supereffective|p1a: Iron Boulder\n|-damage|p1a: Iron Boulder|0 fnt\n|faint|p1a: Iron Boulder\n|-end|p1a: Iron Boulder|Quark Drive|[silent]\n|\n|-heal|p2a: Malamar|248/275|[from] item: Leftovers\n|upkeep\n|\n|t:|1783545097\n|switch|p1a: Terapagos|Terapagos, L77, F|100/100\n|-activate|p1a: Terapagos|ability: Tera Shift\n|detailschange|p1a: Terapagos|Terapagos-Terastal, L77, F\n|-heal|p1a: Terapagos|100/100|[silent]\n|turn|13\n|inactive|Time left: 300 sec this turn | 300 sec total\n|\n|t:|1783545098\n|move|p1a: Terapagos|Dark Pulse|p2a: Malamar\n|-resisted|p2a: Malamar\n|-damage|p2a: Malamar|219/275\n|move|p2a: Malamar|Knock Off|p1a: Terapagos\n|-activate|p1a: Terapagos|ability: Tera Shell\n|-resisted|p1a: Terapagos\n|-damage|p1a: Terapagos|37/100\n|-enditem|p1a: Terapagos|Heavy-Duty Boots|[from] move: Knock Off|[of] p2a: Malamar\n|\n|-heal|p2a: Malamar|236/275|[from] item: Leftovers\n|upkeep\n|turn|14\n|inactive|Time left: 300 sec this turn | 300 sec total\n|\n|t:|1783545099\n|move|p1a: Terapagos|Dark Pulse|p2a: Malamar\n|-resisted|p2a: Malamar\n|-damage|p2a: Malamar|205/275\n|cant|p2a: Malamar|flinch\n|\n|-heal|p2a: Malamar|222/275|[from] item: Leftovers\n|upkeep\n|turn|15\n|inactive|Time left: 300 sec this turn | 300 sec total\n|\n|t:|1783545100\n|move|p1a: Terapagos|Dark Pulse|p2a: Malamar\n|-resisted|p2a: Malamar\n|-damage|p2a: Malamar|190/275\n|move|p2a: Malamar|Superpower|p1a: Terapagos\n|-supereffective|p1a: Terapagos\n|-damage|p1a: Terapagos|0 fnt\n|faint|p1a: Terapagos\n|\n|win|p0y4576e66", "uploadtime": 1783545100, "views": 0, "rating": 0, "private": 0, "password": null, "_winner": "p0y4576e66", "_our_name": "p0y4576e66"}