{"id": "battle-gen9randombattle-555", "formatid": "gen9randombattle", "format": "[Gen 9] Random Battle", "players": ["p0x55586a4", "p0y555dbe5"], "log": "|init|battle\n|title|p0x55586a4 vs. p0y555dbe5\n|j|\u2606p0x55586a4\n|j|\u2606p0y555dbe5\n|t:|1783545522\n|gametype|singles\n|player|p1|p0x55586a4|2|\n|player|p2|p0y555dbe5|101|\n|gen|9\n|tier|[Gen 9] Random Battle\n|rule|Species Clause: Limit one of each Pok\u00e9mon\n|rule|HP Percentage Mod: HP is shown in percentages\n|rule|Sleep Clause Mod: Limit one foe put to sleep\n|rule|Illusion Level Mod: Illusion disguises the Pok\u00e9mon's true level\n|\n|t:|1783545522\n|teamsize|p1|6\n|teamsize|p2|6\n|start\n|switch|p1a: Smeargle|Smeargle, L95, M|258/258\n|switch|p2a: Zebstrika|Zebstrika, L87, F|100/100\n|turn|1\n|inactive|Battle timer is ON: inactive players will automatically lose when time's up. (requested by p0y555dbe5)\n|inactive|Time left: 300 sec this turn | 300 sec total | 60 sec grace\n|inactive|p0x55586a4 also wants the timer to be on.\n|\n|t:|1783545523\n|move|p2a: Zebstrika|Supercell Slam|p1a: Smeargle\n|-damage|p1a: Smeargle|0 fnt\n|faint|p1a: Smeargle\n|-damage|p2a: Zebstrika|91/100|[from] item: Life Orb\n|\n|upkeep\n|inactive|Time left: 300 sec this turn | 300 sec total | 65 sec grace\n|\n|t:|1783545525\n|switch|p1a: Iron Treads|Iron Treads, L77|265/265\n|turn|2\n|inactive|Time left: 300 sec this turn | 300 sec total\n|\n|t:|1783545526\n|switch|p2a: Crabominable|Crabominable, L90, M|100/100\n|move|p1a: Iron Treads|Earthquake|p2a: Crabominable\n|-damage|p2a: Crabominable|67/100\n|\n|upkeep\n|turn|3\n|inactive|Time left: 300 sec this turn | 300 sec total\n|\n|t:|1783545527\n|move|p1a: Iron Treads|Iron Head|p2a: Crabominable\n|-supereffective|p2a: Crabominable\n|-damage|p2a: Crabominable|15/100\n|cant|p2a: Crabominable|flinch\n|\n|upkeep\n|turn|4\n|inactive|Time left: 300 sec this turn | 300 sec total\n|\n|t:|1783545528\n|switch|p2a: Staraptor|Staraptor, L79, F|100/100\n|move|p1a: Iron Treads|Earthquake|p2a: Staraptor\n|-immune|p2a: Staraptor\n|\n|upkeep\n|turn|5\n|inactive|Time left: 300 sec this turn | 300 sec total\n|\n|t:|1783545529\n|move|p1a: Iron Treads|Stealth Rock|p2a: Staraptor\n|-sidestart|p2: p0y555dbe5|move: Stealth Rock\n|move|p2a: Staraptor|Close Combat|p1a: Iron Treads\n|-supereffective|p1a: Iron Treads\n|-damage|p1a: Iron Treads|23/265\n|-unboost|p2a: Staraptor|def|1\n|-unboost|p2a: Staraptor|spd|1\n|\n|-heal|p1a: Iron Treads|39/265|[from] item: Leftovers\n|upkeep\n|turn|6\n|inactive|Time left: 300 sec this turn | 300 sec total\n|\n|t:|1783545531\n|move|p1a: Iron Treads|Iron Head|p2a: Staraptor\n|-damage|p2a: Staraptor|42/100\n|move|p2a: Staraptor|Close Combat|p1a: Iron Treads\n|-supereffective|p1a: Iron Treads\n|-damage|p1a: Iron Treads|0 fnt\n|-unboost|p2a: Staraptor|def|1\n|-unboost|p2a: Staraptor|spd|1\n|faint|p1a: Iron Treads\n|-end|p1a: Iron Treads|Quark Drive|[silent]\n|\n|upkeep\n|inactive|Time left: 300 sec this turn | 300 sec total | 5 sec grace\n|\n|t:|1783545532\n|switch|p1a: Meowscarada|Meowscarada, L78, F|247/247\n|turn|7\n|inactive|Time left: 300 sec this turn | 300 sec total\n|\n|t:|1783545533\n|switch|p2a: Iron Hands|Iron Hands, L79|100/100\n|-damage|p2a: Iron Hands|94/100|[from] Stealth Rock\n|move|p1a: Meowscarada|Knock Off|p2a: Iron Hands\n|-start|p1a: Meowscarada|typechange|Dark|[from] ability: Protean\n|-resisted|p2a: Iron Hands\n|-damage|p2a: Iron Hands|76/100\n|-enditem|p2a: Iron Hands|Leftovers|[from] move: Knock Off|[of] p1a: Meowscarada\n|\n|upkeep\n|turn|8\n|inactive|Time left: 300 sec this turn | 300 sec total\n|\n|t:|1783545534\n|switch|p1a: Torkoal|Torkoal, L88, M|266/266\n|-weather|SunnyDay|[from] ability: Drought|[of] p1a: Torkoal\n|move|p2a: Iron Hands|Drain Punch|p1a: Torkoal\n|-crit|p1a: Torkoal\n|-damage|p1a: Torkoal|170/266\n|-heal|p2a: Iron Hands|88/100|[from] drain|[of] p1a: Torkoal\n|\n|-weather|SunnyDay|[upkeep]\n|upkeep\n|turn|9\n|inactive|Time left: 300 sec this turn | 300 sec total\n|\n|t:|1783545535\n|move|p2a: Iron Hands|Swords Dance|p2a: Iron Hands\n|-boost|p2a: Iron Hands|atk|2\n|move|p1a: Torkoal|Fire Blast|p2a: Iron Hands|[miss]\n|-miss|p1a: Torkoal|p2a: Iron Hands\n|\n|-weather|SunnyDay|[upkeep]\n|upkeep\n|turn|10\n|inactive|Time left: 300 sec this turn | 300 sec total\n|\n|t:|1783545536\n|move|p2a: Iron Hands|Drain Punch|p1a: Torkoal\n|-damage|p1a: Torkoal|40/266\n|-heal|p2a: Iron Hands|100/100|[from] drain|[of] p1a: Torkoal\n|move|p1a: Torkoal|Fire Blast|p2a: Iron Hands\n|-damage|p2a: Iron Hands|42/100\n|\n|-weather|SunnyDay|[upkeep]\n|upkeep\n|turn|11\n|inactive|Time left: 300 sec this turn | 300 sec total\n|\n|t:|1783545537\n|move|p2a: Iron Hands|Drain Punch|p1a: Torkoal\n|-damage|p1a: Torkoal|0 fnt\n|-heal|p2a: Iron Hands|47/100|[from] drain|[of] p1a: Torkoal\n|faint|p1a: Torkoal\n|\n|-weather|SunnyDay|[upkeep]\n|upkeep\n|inactive|Time left: 300 sec this turn | 300 sec total | 5 sec grace\n|\n|t:|1783545538\n|switch|p1a: Tsareena|Tsareena, L87, F|267/267\n|turn|12\n|inactive|Time left: 300 sec this turn | 300 sec total\n|\n|t:|1783545539\n|move|p1a: Tsareena|Power Whip|p2a: Iron Hands\n|-damage|p2a: Iron Hands|0 fnt\n|faint|p2a: Iron Hands\n|-end|p2a: Iron Hands|Quark Drive|[silent]\n|-damage|p1a: Tsareena|241/267|[from] item: Life Orb\n|\n|-weather|none\n|upkeep\n|\n|t:|1783545540\n|switch|p2a: Chandelure|Chandelure, L83, M|100/100\n|turn|13\n|inactive|Time left: 300 sec this turn | 300 sec total\n|\n|t:|1783545541\n|move|p2a: Chandelure|Fire Blast|p1a: Tsareena\n|-supereffective|p1a: Tsareena\n|-damage|p1a: Tsareena|0 fnt\n|faint|p1a: Tsareena\n|\n|upkeep\n|inactive|Time left: 300 sec this turn | 300 sec total | 5 sec grace\n|\n|t:|1783545542\n|switch|p1a: Meowscarada|Meowscarada, L78, F|247/247\n|turn|14\n|inactive|Time left: 300 sec this turn | 300 sec total\n|\n|t:|1783545543\n|switch|p2a: Mabosstiff|Mabosstiff, L86, F|100/100\n|-damage|p2a: Mabosstiff|88/100|[from] Stealth Rock\n|move|p1a: Meowscarada|Knock Off|p2a: Mabosstiff\n|-start|p1a: Meowscarada|typechange|Dark|[from] ability: Protean\n|-resisted|p2a: Mabosstiff\n|-damage|p2a: Mabosstiff|61/100\n|-enditem|p2a: Mabosstiff|Choice Band|[from] move: Knock Off|[of] p1a: Meowscarada\n|\n|upkeep\n|turn|15\n|inactive|Time left: 300 sec this turn | 300 sec total\n|\n|t:|1783545544\n|move|p1a: Meowscarada|Knock Off|p2a: Mabosstiff\n|-resisted|p2a: Mabosstiff\n|-damage|p2a: Mabosstiff|44/100\n|move|p2a: Mabosstiff|Play Rough|p1a: Meowscarada\n|-supereffective|p1a: Meowscarada\n|-damage|p1a: Meowscarada|29/247\n|\n|upkeep\n|turn|16\n|inactive|Time left: 300 sec this turn | 300 sec total\n|\n|t:|1783545545\n|move|p1a: Meowscarada|Knock Off|p2a: Mabosstiff\n|-resisted|p2a: Mabosstiff\n|-damage|p2a: Mabosstiff|27/100\n|move|p2a: Mabosstiff|Wild Charge|p1a: Meowscarada\n|-damage|p1a: Meowscarada|0 fnt\n|faint|p1a: Meowscarada\n|-damage|p2a: Mabosstiff|25/100|[from] Recoil\n|\n|upkeep\n|inactive|Time left: 300 sec this turn | 300 sec total | 5 sec grace\n|\n|t:|1783545546\n|switch|p1a: Slowbro|Slowbro, L85, M|300/300\n|turn|17\n|inactive|Time left: 300 sec this turn | 300 sec total\n|\n|t:|1783545547\n|move|p2a: Mabosstiff|Crunch|p1a: Slowbro\n|-supereffective|p1a: Slowbro\n|-damage|p1a: Slowbro|124/300\n|-unboost|p1a: Slowbro|def|1\n|move|p1a: Slowbro|Scald|p2a: Mabosstiff\n|-damage|p2a: Mabosstiff|0 fnt\n|faint|p2a: Mabosstiff\n|\n|upkeep\n|\n|t:|1783545548\n|switch|p2a: Staraptor|Staraptor, L79, F|42/100\n|-damage|p2a: Staraptor|18/100|[from] Stealth Rock\n|turn|18\n|inactive|Time left: 300 sec this turn | 300 sec total\n|\n|t:|1783545549\n|-terastallize|p1a: Slowbro|Fighting\n|move|p2a: Staraptor|Brave Bird|p1a: Slowbro\n|-supereffective|p1a: Slowbro\n|-damage|p1a: Slowbro|0 fnt\n|faint|p1a: Slowbro\n|-damage|p2a: Staraptor|2/100|[from] Recoil\n|\n|win|p0y555dbe5", "uploadtime": 1783545549, "views": 0, "rating": 0, "private": 0, "password": null, "_winner": "p0y555dbe5", "_our_name": "p0x55586a4"}