{"id": "battle-gen9randombattle-424", "formatid": "gen9randombattle", "format": "[Gen 9] Random Battle", "players": ["p0x424ecb0", "p0y424ad31"], "log": "|init|battle\n|title|p0x424ecb0 vs. p0y424ad31\n|j|\u2606p0x424ecb0\n|j|\u2606p0y424ad31\n|t:|1783544647\n|gametype|singles\n|player|p1|p0x424ecb0|1|\n|player|p2|p0y424ad31|265|\n|gen|9\n|tier|[Gen 9] Random Battle\n|rule|Species Clause: Limit one of each Pok\u00e9mon\n|rule|HP Percentage Mod: HP is shown in percentages\n|rule|Sleep Clause Mod: Limit one foe put to sleep\n|rule|Illusion Level Mod: Illusion disguises the Pok\u00e9mon's true level\n|\n|t:|1783544647\n|teamsize|p1|6\n|teamsize|p2|6\n|start\n|switch|p1a: Toucannon|Toucannon, L88, F|284/284\n|switch|p2a: Zebstrika|Zebstrika, L87, M|100/100\n|turn|1\n|inactive|Battle timer is ON: inactive players will automatically lose when time's up. (requested by p0x424ecb0)\n|inactive|p0y424ad31 also wants the timer to be on.\n|\n|t:|1783544648\n|switch|p1a: Flapple|Flapple, L88, F|266/266\n|move|p2a: Zebstrika|Supercell Slam|p1a: Flapple\n|-resisted|p1a: Flapple\n|-damage|p1a: Flapple|230/266\n|-damage|p2a: Zebstrika|91/100|[from] item: Life Orb\n|\n|upkeep\n|turn|2\n|inactive|Time left: 300 sec this turn | 300 sec total\n|\n|t:|1783544649\n|move|p2a: Zebstrika|Overheat|p1a: Flapple\n|-damage|p1a: Flapple|81/266\n|-unboost|p2a: Zebstrika|spa|2\n|-damage|p2a: Zebstrika|81/100|[from] item: Life Orb\n|move|p1a: Flapple|Outrage|p2a: Zebstrika|[miss]\n|-miss|p1a: Flapple|p2a: Zebstrika\n|\n|upkeep\n|turn|3\n|inactive|Time left: 300 sec this turn | 300 sec total\n|\n|t:|1783544650\n|switch|p2a: Deoxys|Deoxys-Defense, L84|100/100\n|-ability|p2a: Deoxys|Pressure\n|move|p1a: Flapple|Outrage|p2a: Deoxys\n|-damage|p2a: Deoxys|1/100\n|\n|-heal|p2a: Deoxys|7/100|[from] item: Leftovers\n|upkeep\n|turn|4\n|inactive|Time left: 300 sec this turn | 300 sec total\n|\n|t:|1783544652\n|move|p2a: Deoxys|Night Shade|p1a: Flapple\n|-damage|p1a: Flapple|0 fnt\n|faint|p1a: Flapple\n|\n|-heal|p2a: Deoxys|13/100|[from] item: Leftovers\n|upkeep\n|inactive|Time left: 300 sec this turn | 300 sec total | 5 sec grace\n|\n|t:|1783544653\n|switch|p1a: Glalie|Glalie, L96, M|309/309\n|turn|5\n|inactive|Time left: 300 sec this turn | 300 sec total\n|\n|t:|1783544654\n|switch|p2a: Lurantis|Lurantis, L87, F|100/100\n|move|p1a: Glalie|Freeze-Dry|p2a: Lurantis\n|-supereffective|p2a: Lurantis\n|-damage|p2a: Lurantis|37/100\n|\n|-heal|p2a: Lurantis|43/100|[from] item: Leftovers\n|upkeep\n|turn|6\n|inactive|Time left: 300 sec this turn | 300 sec total\n|\n|t:|1783544655\n|-terastallize|p2a: Lurantis|Fighting\n|move|p1a: Glalie|Freeze-Dry|p2a: Lurantis\n|-damage|p2a: Lurantis|11/100\n|move|p2a: Lurantis|Superpower|p1a: Glalie\n|-supereffective|p1a: Glalie\n|-damage|p1a: Glalie|21/309\n|-boost|p2a: Lurantis|atk|1\n|-boost|p2a: Lurantis|def|1\n|\n|-heal|p2a: Lurantis|17/100|[from] item: Leftovers\n|upkeep\n|turn|7\n|inactive|Time left: 300 sec this turn | 300 sec total\n|\n|t:|1783544656\n|switch|p2a: Terapagos|Terapagos, L77, M|100/100\n|-activate|p2a: Terapagos|ability: Tera Shift\n|detailschange|p2a: Terapagos|Terapagos-Terastal, L77, M\n|-heal|p2a: Terapagos|100/100|[silent]\n|move|p1a: Glalie|Freeze-Dry|p2a: Terapagos\n|-activate|p2a: Terapagos|ability: Tera Shell\n|-resisted|p2a: Terapagos\n|-damage|p2a: Terapagos|87/100\n|-status|p2a: Terapagos|frz\n|\n|upkeep\n|turn|8\n|inactive|Time left: 300 sec this turn | 300 sec total\n|\n|t:|1783544657\n|move|p1a: Glalie|Earthquake|p2a: Terapagos\n|-damage|p2a: Terapagos|61/100 frz\n|-curestatus|p2a: Terapagos|frz|[msg]\n|move|p2a: Terapagos|Earth Power|p1a: Glalie\n|-damage|p1a: Glalie|0 fnt\n|faint|p1a: Glalie\n|\n|upkeep\n|inactive|Time left: 300 sec this turn | 300 sec total | 5 sec grace\n|\n|t:|1783544658\n|switch|p1a: Magearna|Magearna-Original, L77|250/250\n|turn|9\n|inactive|Time left: 300 sec this turn | 300 sec total\n|\n|t:|1783544659\n|move|p2a: Terapagos|Calm Mind|p2a: Terapagos\n|-boost|p2a: Terapagos|spa|1\n|-boost|p2a: Terapagos|spd|1\n|move|p1a: Magearna|Shift Gear|p1a: Magearna\n|-boost|p1a: Magearna|spe|2\n|-boost|p1a: Magearna|atk|1\n|\n|upkeep\n|turn|10\n|inactive|Time left: 300 sec this turn | 300 sec total\n|\n|t:|1783544660\n|move|p1a: Magearna|Calm Mind|p1a: Magearna\n|-boost|p1a: Magearna|spa|1\n|-boost|p1a: Magearna|spd|1\n|move|p2a: Terapagos|Earth Power|p1a: Magearna\n|-supereffective|p1a: Magearna\n|-damage|p1a: Magearna|152/250\n|\n|-heal|p1a: Magearna|167/250|[from] item: Leftovers\n|upkeep\n|turn|11\n|inactive|Time left: 300 sec this turn | 300 sec total\n|\n|t:|1783544661\n|move|p1a: Magearna|Calm Mind|p1a: Magearna\n|-boost|p1a: Magearna|spa|1\n|-boost|p1a: Magearna|spd|1\n|move|p2a: Terapagos|Earth Power|p1a: Magearna\n|-supereffective|p1a: Magearna\n|-damage|p1a: Magearna|95/250\n|\n|-heal|p1a: Magearna|110/250|[from] item: Leftovers\n|upkeep\n|turn|12\n|inactive|Time left: 300 sec this turn | 300 sec total\n|\n|t:|1783544662\n|move|p1a: Magearna|Flash Cannon|p2a: Terapagos\n|-damage|p2a: Terapagos|21/100\n|move|p2a: Terapagos|Earth Power|p1a: Magearna\n|-supereffective|p1a: Magearna\n|-damage|p1a: Magearna|38/250\n|\n|-heal|p1a: Magearna|53/250|[from] item: Leftovers\n|upkeep\n|turn|13\n|inactive|Time left: 300 sec this turn | 300 sec total\n|\n|t:|1783544663\n|move|p1a: Magearna|Flash Cannon|p2a: Terapagos\n|-damage|p2a: Terapagos|0 fnt\n|faint|p2a: Terapagos\n|-ability|p1a: Magearna|Soul-Heart|boost\n|-boost|p1a: Magearna|spa|1\n|\n|-heal|p1a: Magearna|68/250|[from] item: Leftovers\n|upkeep\n|\n|t:|1783544664\n|switch|p2a: Pyroar|Pyroar, L88, F|100/100\n|-ability|p2a: Pyroar|Unnerve\n|turn|14\n|inactive|Time left: 300 sec this turn | 300 sec total\n|\n|t:|1783544665\n|-terastallize|p1a: Magearna|Flying\n|move|p1a: Magearna|Flash Cannon|p2a: Pyroar\n|-resisted|p2a: Pyroar\n|-damage|p2a: Pyroar|54/100\n|move|p2a: Pyroar|Fire Blast|p1a: Magearna\n|-damage|p1a: Magearna|4/250\n|\n|-heal|p1a: Magearna|19/250|[from] item: Leftovers\n|upkeep\n|turn|15\n|inactive|Time left: 300 sec this turn | 300 sec total\n|\n|t:|1783544667\n|move|p1a: Magearna|Fleur Cannon|p2a: Pyroar\n|-resisted|p2a: Pyroar\n|-damage|p2a: Pyroar|0 fnt\n|-unboost|p1a: Magearna|spa|2\n|faint|p2a: Pyroar\n|-ability|p1a: Magearna|Soul-Heart|boost\n|-boost|p1a: Magearna|spa|1\n|\n|-heal|p1a: Magearna|34/250|[from] item: Leftovers\n|upkeep\n|\n|t:|1783544668\n|switch|p2a: Zebstrika|Zebstrika, L87, M|81/100\n|turn|16\n|inactive|Time left: 300 sec this turn | 300 sec total\n|\n|t:|1783544669\n|switch|p2a: Lurantis|Lurantis, L87, F, tera:Fighting|17/100\n|move|p1a: Magearna|Fleur Cannon|p2a: Lurantis\n|-supereffective|p2a: Lurantis\n|-damage|p2a: Lurantis|0 fnt\n|-unboost|p1a: Magearna|spa|2\n|faint|p2a: Lurantis\n|-ability|p1a: Magearna|Soul-Heart|boost\n|-boost|p1a: Magearna|spa|1\n|\n|-heal|p1a: Magearna|49/250|[from] item: Leftovers\n|upkeep\n|\n|t:|1783544670\n|switch|p2a: Zebstrika|Zebstrika, L87, M|81/100\n|turn|17\n|inactive|Time left: 300 sec this turn | 300 sec total\n|\n|t:|1783544671\n|move|p1a: Magearna|Fleur Cannon|p2a: Zebstrika\n|-damage|p2a: Zebstrika|0 fnt\n|-unboost|p1a: Magearna|spa|2\n|faint|p2a: Zebstrika\n|-ability|p1a: Magearna|Soul-Heart|boost\n|-boost|p1a: Magearna|spa|1\n|\n|-heal|p1a: Magearna|64/250|[from] item: Leftovers\n|upkeep\n|\n|t:|1783544672\n|switch|p2a: Garchomp|Garchomp, L74, F|100/100\n|turn|18\n|inactive|Time left: 300 sec this turn | 300 sec total\n|\n|t:|1783544673\n|switch|p2a: Deoxys|Deoxys-Defense, L84|13/100\n|-ability|p2a: Deoxys|Pressure\n|move|p1a: Magearna|Fleur Cannon|p2a: Deoxys\n|-damage|p2a: Deoxys|0 fnt\n|-unboost|p1a: Magearna|spa|2\n|faint|p2a: Deoxys\n|-ability|p1a: Magearna|Soul-Heart|boost\n|-boost|p1a: Magearna|spa|1\n|\n|-heal|p1a: Magearna|79/250|[from] item: Leftovers\n|upkeep\n|\n|t:|1783544674\n|switch|p2a: Garchomp|Garchomp, L74, F|100/100\n|turn|19\n|inactive|Time left: 300 sec this turn | 300 sec total\n|\n|t:|1783544675\n|move|p1a: Magearna|Fleur Cannon|p2a: Garchomp\n|-supereffective|p2a: Garchomp\n|-damage|p2a: Garchomp|26/100\n|-unboost|p1a: Magearna|spa|2\n|move|p2a: Garchomp|Swords Dance|p2a: Garchomp\n|-boost|p2a: Garchomp|atk|2\n|\n|-heal|p1a: Magearna|94/250|[from] item: Leftovers\n|upkeep\n|turn|20\n|inactive|Time left: 300 sec this turn | 300 sec total\n|\n|t:|1783544676\n|move|p1a: Magearna|Fleur Cannon|p2a: Garchomp\n|-supereffective|p2a: Garchomp\n|-damage|p2a: Garchomp|0 fnt\n|-unboost|p1a: Magearna|spa|2\n|faint|p2a: Garchomp\n|\n|win|p0x424ecb0", "uploadtime": 1783544676, "views": 0, "rating": 0, "private": 0, "password": null, "_winner": "p0x424ecb0", "_our_name": "p0x424ecb0"}