{"id": "battle-gen9randombattle-2517", "formatid": "gen9randombattle", "format": "[Gen 9] Random Battle", "players": ["p0x25171b51", "p0y25171ad5"], "log": "|init|battle\n|title|p0x25171b51 vs. p0y25171ad5\n|j|\u2606p0x25171b51\n|j|\u2606p0y25171ad5\n|t:|1783568185\n|gametype|singles\n|player|p1|p0x25171b51|102|\n|player|p2|p0y25171ad5|170|\n|gen|9\n|tier|[Gen 9] Random Battle\n|rule|Species Clause: Limit one of each Pok\u00e9mon\n|rule|HP Percentage Mod: HP is shown in percentages\n|rule|Sleep Clause Mod: Limit one foe put to sleep\n|rule|Illusion Level Mod: Illusion disguises the Pok\u00e9mon's true level\n|\n|t:|1783568185\n|teamsize|p1|6\n|teamsize|p2|6\n|start\n|switch|p1a: Ho-Oh|Ho-Oh, L71|100/100\n|switch|p2a: Porygon2|Porygon2, L81|270/270\n|-ability|p2a: Porygon2|Download|boost\n|-boost|p2a: Porygon2|atk|1\n|turn|1\n|inactive|Battle timer is ON: inactive players will automatically lose when time's up. (requested by p0x25171b51)\n|inactive|Time left: 300 sec this turn | 300 sec total | 60 sec grace\n|inactive|p0y25171ad5 also wants the timer to be on.\n|\n|t:|1783568186\n|move|p1a: Ho-Oh|Sacred Fire|p2a: Porygon2\n|-damage|p2a: Porygon2|209/270\n|move|p2a: Porygon2|Thunder Wave|p1a: Ho-Oh\n|-status|p1a: Ho-Oh|par\n|\n|upkeep\n|turn|2\n|inactive|Time left: 300 sec this turn | 300 sec total\n|\n|t:|1783568187\n|switch|p2a: Floatzel|Floatzel, L86, M|286/286\n|move|p1a: Ho-Oh|Brave Bird|p2a: Floatzel\n|-damage|p2a: Floatzel|129/286\n|-damage|p1a: Ho-Oh|81/100 par|[from] Recoil\n|\n|upkeep\n|turn|3\n|inactive|Time left: 300 sec this turn | 300 sec total\n|\n|t:|1783568188\n|switch|p1a: Kommo-o|Kommo-o, L77, F|100/100\n|move|p2a: Floatzel|Wave Crash|p1a: Kommo-o\n|-resisted|p1a: Kommo-o\n|-damage|p1a: Kommo-o|67/100\n|-damage|p2a: Floatzel|102/286|[from] Recoil\n|\n|upkeep\n|turn|4\n|inactive|Time left: 300 sec this turn | 300 sec total\n|\n|t:|1783568189\n|move|p2a: Floatzel|Wave Crash|p1a: Kommo-o\n|-resisted|p1a: Kommo-o\n|-damage|p1a: Kommo-o|33/100\n|-damage|p2a: Floatzel|75/286|[from] Recoil\n|move|p1a: Kommo-o|Drain Punch|p2a: Floatzel\n|-damage|p2a: Floatzel|0 fnt\n|-heal|p1a: Kommo-o|49/100|[from] drain|[of] p2a: Floatzel\n|faint|p2a: Floatzel\n|\n|upkeep\n|inactive|Time left: 300 sec this turn | 300 sec total | 5 sec grace\n|\n|t:|1783568190\n|switch|p2a: Munkidori|Munkidori, L79, M, shiny|269/269\n|turn|5\n|inactive|Time left: 300 sec this turn | 300 sec total\n|\n|t:|1783568191\n|switch|p1a: Ho-Oh|Ho-Oh, L71|100/100 par\n|move|p2a: Munkidori|Psyshock|p1a: Ho-Oh\n|-damage|p1a: Ho-Oh|35/100 par\n|\n|upkeep\n|turn|6\n|inactive|Time left: 300 sec this turn | 300 sec total\n|\n|t:|1783568192\n|switch|p1a: Mesprit|Mesprit, L85|100/100\n|move|p2a: Munkidori|Psyshock|p1a: Mesprit\n|-resisted|p1a: Mesprit\n|-damage|p1a: Mesprit|79/100\n|\n|-heal|p1a: Mesprit|85/100|[from] item: Leftovers\n|upkeep\n|turn|7\n|inactive|Time left: 300 sec this turn | 300 sec total\n|\n|t:|1783568194\n|move|p2a: Munkidori|Psyshock|p1a: Mesprit\n|-resisted|p1a: Mesprit\n|-damage|p1a: Mesprit|64/100\n|move|p1a: Mesprit|Stealth Rock|p2a: Munkidori\n|-sidestart|p2: p0y25171ad5|move: Stealth Rock\n|\n|-heal|p1a: Mesprit|71/100|[from] item: Leftovers\n|upkeep\n|turn|8\n|inactive|Time left: 300 sec this turn | 300 sec total\n|\n|t:|1783568195\n|move|p2a: Munkidori|Psyshock|p1a: Mesprit\n|-resisted|p1a: Mesprit\n|-damage|p1a: Mesprit|49/100\n|move|p1a: Mesprit|Psychic Noise|p2a: Munkidori\n|-damage|p2a: Munkidori|179/269\n|-start|p2a: Munkidori|move: Heal Block\n|\n|-heal|p1a: Mesprit|55/100|[from] item: Leftovers\n|upkeep\n|turn|9\n|inactive|Time left: 300 sec this turn | 300 sec total\n|\n|t:|1783568197\n|move|p2a: Munkidori|Psyshock|p1a: Mesprit\n|-resisted|p1a: Mesprit\n|-damage|p1a: Mesprit|35/100\n|move|p1a: Mesprit|Psychic Noise|p2a: Munkidori\n|-damage|p2a: Munkidori|95/269\n|\n|-heal|p1a: Mesprit|41/100|[from] item: Leftovers\n|-end|p2a: Munkidori|move: Heal Block\n|upkeep\n|turn|10\n|inactive|Time left: 300 sec this turn | 300 sec total\n|\n|t:|1783568198\n|move|p2a: Munkidori|Psyshock|p1a: Mesprit\n|-resisted|p1a: Mesprit\n|-damage|p1a: Mesprit|19/100\n|-status|p1a: Mesprit|tox|[from] ability: Toxic Chain|[of] p2a: Munkidori\n|move|p1a: Mesprit|Psychic Noise|p2a: Munkidori\n|-damage|p2a: Munkidori|0 fnt\n|faint|p2a: Munkidori\n|\n|-heal|p1a: Mesprit|26/100 tox|[from] item: Leftovers\n|-damage|p1a: Mesprit|19/100 tox|[from] psn\n|upkeep\n|inactive|Time left: 300 sec this turn | 300 sec total | 5 sec grace\n|\n|t:|1783568200\n|switch|p2a: Porygon2|Porygon2, L81|209/270\n|-damage|p2a: Porygon2|176/270|[from] Stealth Rock\n|-ability|p2a: Porygon2|Download|boost\n|-boost|p2a: Porygon2|spa|1\n|turn|11\n|inactive|Time left: 300 sec this turn | 300 sec total\n|\n|t:|1783568201\n|move|p1a: Mesprit|Psychic Noise|p2a: Porygon2\n|-damage|p2a: Porygon2|124/270\n|-start|p2a: Porygon2|move: Heal Block\n|move|p2a: Porygon2|Tera Blast|p1a: Mesprit\n|-damage|p1a: Mesprit|0 fnt\n|faint|p1a: Mesprit\n|\n|upkeep\n|\n|t:|1783568202\n|switch|p1a: Maushold|Maushold-Four, L76|100/100\n|turn|12\n|inactive|Time left: 300 sec this turn | 300 sec total\n|\n|t:|1783568203\n|move|p1a: Maushold|Population Bomb|p2a: Porygon2\n|-damage|p2a: Porygon2|109/270\n|-damage|p2a: Porygon2|93/270\n|-damage|p2a: Porygon2|77/270\n|-damage|p2a: Porygon2|61/270\n|-damage|p2a: Porygon2|46/270\n|-damage|p2a: Porygon2|31/270\n|-damage|p2a: Porygon2|16/270\n|-damage|p2a: Porygon2|0 fnt\n|faint|p2a: Porygon2\n|-hitcount|p2: Porygon2|8\n|\n|upkeep\n|inactive|Time left: 300 sec this turn | 300 sec total | 5 sec grace\n|\n|t:|1783568204\n|switch|p2a: Toucannon|Toucannon, L88, M|284/284\n|turn|13\n|inactive|Time left: 300 sec this turn | 300 sec total\n|\n|t:|1783568205\n|-terastallize|p1a: Maushold|Normal\n|-singleturn|p2a: Toucannon|move: Beak Blast\n|move|p1a: Maushold|Population Bomb|p2a: Toucannon\n|-damage|p2a: Toucannon|254/284\n|-status|p1a: Maushold|brn\n|-damage|p2a: Toucannon|237/284\n|-damage|p2a: Toucannon|221/284\n|-damage|p2a: Toucannon|206/284\n|-damage|p2a: Toucannon|189/284\n|-crit|p2a: Toucannon\n|-damage|p2a: Toucannon|164/284\n|-damage|p2a: Toucannon|148/284\n|-damage|p2a: Toucannon|131/284\n|-damage|p2a: Toucannon|115/284\n|-damage|p2a: Toucannon|98/284\n|-hitcount|p2a: Toucannon|10\n|move|p2a: Toucannon|Beak Blast|p1a: Maushold\n|-damage|p1a: Maushold|19/100 brn\n|\n|-damage|p1a: Maushold|13/100 brn|[from] brn\n|upkeep\n|turn|14\n|inactive|Time left: 300 sec this turn | 300 sec total\n|\n|t:|1783568206\n|switch|p2a: Houndstone|Houndstone, L86, M|264/264\n|-damage|p2a: Houndstone|231/264|[from] Stealth Rock\n|move|p1a: Maushold|Population Bomb|p2a: Houndstone\n|-immune|p2a: Houndstone\n|\n|-damage|p1a: Maushold|7/100 brn|[from] brn\n|upkeep\n|turn|15\n|inactive|Time left: 300 sec this turn | 300 sec total\n|\n|t:|1783568207\n|switch|p1a: Ho-Oh|Ho-Oh, L71|68/100 par\n|move|p2a: Houndstone|Play Rough|p1a: Ho-Oh\n|-resisted|p1a: Ho-Oh\n|-damage|p1a: Ho-Oh|53/100 par\n|\n|upkeep\n|turn|16\n|inactive|Time left: 300 sec this turn | 300 sec total\n|\n|t:|1783568208\n|move|p2a: Houndstone|Poltergeist|p1a: Ho-Oh\n|-activate|p1a: Ho-Oh|move: Poltergeist|Heavy-Duty Boots\n|-damage|p1a: Ho-Oh|0 fnt\n|faint|p1a: Ho-Oh\n|\n|upkeep\n|\n|t:|1783568209\n|switch|p1a: Glimmora|Glimmora, L75, M|100/100\n|-item|p1a: Glimmora|Air Balloon\n|turn|17\n|inactive|Time left: 300 sec this turn | 300 sec total\n|\n|t:|1783568210\n|move|p1a: Glimmora|Power Gem|p2a: Houndstone\n|-damage|p2a: Houndstone|176/264\n|move|p2a: Houndstone|Poltergeist|p1a: Glimmora\n|-activate|p1a: Glimmora|move: Poltergeist|Air Balloon\n|-damage|p1a: Glimmora|41/100\n|-activate|p1a: Glimmora|ability: Toxic Debris\n|-sidestart|p2: p0y25171ad5|move: Toxic Spikes\n|-enditem|p1a: Glimmora|Air Balloon\n|\n|upkeep\n|turn|18\n|inactive|Time left: 300 sec this turn | 300 sec total\n|\n|t:|1783568211\n|move|p1a: Glimmora|Sludge Wave|p2a: Houndstone\n|-resisted|p2a: Houndstone\n|-damage|p2a: Houndstone|143/264\n|move|p2a: Houndstone|Body Press|p1a: Glimmora\n|-damage|p1a: Glimmora|15/100\n|-activate|p1a: Glimmora|ability: Toxic Debris\n|-sidestart|p2: p0y25171ad5|move: Toxic Spikes\n|\n|upkeep\n|turn|19\n|inactive|Time left: 300 sec this turn | 300 sec total\n|\n|t:|1783568212\n|switch|p1a: Maushold|Maushold-Four, L76, tera:Normal|7/100 brn\n|move|p2a: Houndstone|Shadow Sneak|p1a: Maushold\n|-immune|p1a: Maushold\n|\n|-damage|p1a: Maushold|1/100 brn|[from] brn\n|upkeep\n|turn|20\n|inactive|Time left: 300 sec this turn | 300 sec total\n|\n|t:|1783568213\n|move|p1a: Maushold|Encore|p2a: Houndstone\n|-start|p2a: Houndstone|Encore\n|move|p2a: Houndstone|Shadow Sneak|p1a: Maushold\n|-immune|p1a: Maushold\n|\n|-damage|p1a: Maushold|0 fnt|[from] brn\n|faint|p1a: Maushold\n|upkeep\n|\n|t:|1783568213\n|switch|p1a: Zangoose|Zangoose, L85, F|100/100\n|turn|21\n|inactive|Time left: 300 sec this turn | 300 sec total\n|\n|t:|1783568214\n|move|p2a: Houndstone|Shadow Sneak|p1a: Zangoose\n|-immune|p1a: Zangoose\n|move|p1a: Zangoose|Swords Dance|p1a: Zangoose\n|-boost|p1a: Zangoose|atk|2\n|\n|-status|p1a: Zangoose|tox|[from] item: Toxic Orb\n|upkeep\n|turn|22\n|inactive|Time left: 300 sec this turn | 300 sec total\n|\n|t:|1783568215\n|move|p2a: Houndstone|Shadow Sneak|p1a: Zangoose\n|-immune|p1a: Zangoose\n|move|p1a: Zangoose|Knock Off|p2a: Houndstone\n|-supereffective|p2a: Houndstone\n|-damage|p2a: Houndstone|0 fnt\n|-enditem|p2a: Houndstone|Assault Vest|[from] move: Knock Off|[of] p1a: Zangoose\n|faint|p2a: Houndstone\n|\n|-damage|p1a: Zangoose|94/100 tox|[from] psn\n|upkeep\n|inactive|Time left: 300 sec this turn | 300 sec total | 5 sec grace\n|\n|t:|1783568216\n|switch|p2a: Vespiquen|Vespiquen, L99, F|299/299\n|-ability|p2a: Vespiquen|Pressure\n|turn|23\n|inactive|Time left: 300 sec this turn | 300 sec total\n|\n|t:|1783568217\n|-terastallize|p2a: Vespiquen|Steel\n|move|p1a: Zangoose|Facade|p2a: Vespiquen\n|-resisted|p2a: Vespiquen\n|-damage|p2a: Vespiquen|110/299\n|move|p2a: Vespiquen|Roost|p2a: Vespiquen\n|-heal|p2a: Vespiquen|260/299\n|\n|-damage|p1a: Zangoose|82/100 tox|[from] psn\n|upkeep\n|turn|24\n|inactive|Time left: 300 sec this turn | 300 sec total\n|\n|t:|1783568218\n|move|p1a: Zangoose|Close Combat|p2a: Vespiquen\n|-supereffective|p2a: Vespiquen\n|-damage|p2a: Vespiquen|0 fnt\n|-unboost|p1a: Zangoose|def|1\n|-unboost|p1a: Zangoose|spd|1\n|faint|p2a: Vespiquen\n|\n|-damage|p1a: Zangoose|64/100 tox|[from] psn\n|upkeep\n|inactive|Time left: 300 sec this turn | 300 sec total | 5 sec grace\n|\n|t:|1783568219\n|switch|p2a: Toucannon|Toucannon, L88, M|98/284\n|turn|25\n|inactive|Time left: 300 sec this turn | 300 sec total\n|\n|t:|1783568220\n|move|p1a: Zangoose|Close Combat|p2a: Toucannon\n|-damage|p2a: Toucannon|0 fnt\n|-unboost|p1a: Zangoose|def|1\n|-unboost|p1a: Zangoose|spd|1\n|faint|p2a: Toucannon\n|\n|win|p0x25171b51", "uploadtime": 1783568220, "views": 0, "rating": 0, "private": 0, "password": null, "_winner": "p0x25171b51", "_our_name": "p0y25171ad5"}