{"id": "battle-gen9randombattle-2103", "formatid": "gen9randombattle", "format": "[Gen 9] Random Battle", "players": ["p0x2103e89f", "p0y21034529"], "log": "|init|battle\n|title|p0x2103e89f vs. p0y21034529\n|j|\u2606p0x2103e89f\n|j|\u2606p0y21034529\n|t:|1783563548\n|gametype|singles\n|player|p1|p0x2103e89f|102|\n|player|p2|p0y21034529|101|\n|gen|9\n|tier|[Gen 9] Random Battle\n|rule|Species Clause: Limit one of each Pok\u00e9mon\n|rule|HP Percentage Mod: HP is shown in percentages\n|rule|Sleep Clause Mod: Limit one foe put to sleep\n|rule|Illusion Level Mod: Illusion disguises the Pok\u00e9mon's true level\n|\n|t:|1783563548\n|teamsize|p1|6\n|teamsize|p2|6\n|start\n|switch|p1a: Crawdaunt|Crawdaunt, L84, M|243/243\n|switch|p2a: Falinks|Falinks, L84|100/100\n|turn|1\n|inactive|Battle timer is ON: inactive players will automatically lose when time's up. (requested by p0x2103e89f)\n|inactive|p0y21034529 also wants the timer to be on.\n|\n|t:|1783563550\n|move|p2a: Falinks|No Retreat|p2a: Falinks\n|-boost|p2a: Falinks|atk|1\n|-boost|p2a: Falinks|def|1\n|-boost|p2a: Falinks|spa|1\n|-boost|p2a: Falinks|spd|1\n|-boost|p2a: Falinks|spe|1\n|-start|p2a: Falinks|move: No Retreat\n|move|p1a: Crawdaunt|Crabhammer|p2a: Falinks\n|-crit|p2a: Falinks\n|-damage|p2a: Falinks|0 fnt\n|faint|p2a: Falinks\n|-damage|p1a: Crawdaunt|219/243|[from] item: Life Orb\n|\n|upkeep\n|\n|t:|1783563551\n|switch|p2a: Gengar|Gengar, L81, M|100/100\n|turn|2\n|inactive|Time left: 300 sec this turn | 300 sec total\n|\n|t:|1783563552\n|move|p2a: Gengar|Sludge Wave|p1a: Crawdaunt\n|-damage|p1a: Crawdaunt|0 fnt\n|faint|p1a: Crawdaunt\n|\n|upkeep\n|inactive|Time left: 300 sec this turn | 300 sec total | 5 sec grace\n|\n|t:|1783563553\n|switch|p1a: Banette|Banette, L93, F|270/270\n|turn|3\n|inactive|Time left: 300 sec this turn | 300 sec total\n|\n|t:|1783563555\n|switch|p2a: Avalugg|Avalugg, L88, F|100/100\n|move|p1a: Banette|Swords Dance|p1a: Banette\n|-boost|p1a: Banette|atk|2\n|\n|upkeep\n|turn|4\n|inactive|Time left: 300 sec this turn | 300 sec total\n|\n|t:|1783563556\n|move|p1a: Banette|Poltergeist|p2a: Avalugg|[miss]\n|-miss|p1a: Banette|p2a: Avalugg\n|move|p2a: Avalugg|Avalanche|p1a: Banette\n|-damage|p1a: Banette|179/270\n|\n|upkeep\n|turn|5\n|inactive|Time left: 300 sec this turn | 300 sec total\n|\n|t:|1783563557\n|move|p1a: Banette|Swords Dance|p1a: Banette\n|-boost|p1a: Banette|atk|2\n|move|p2a: Avalugg|Avalanche|p1a: Banette\n|-damage|p1a: Banette|85/270\n|\n|upkeep\n|turn|6\n|inactive|Time left: 300 sec this turn | 300 sec total\n|\n|t:|1783563558\n|move|p1a: Banette|Poltergeist|p2a: Avalugg\n|-activate|p2a: Avalugg|move: Poltergeist|Heavy-Duty Boots\n|-ability|p2a: Avalugg|Sturdy\n|-damage|p2a: Avalugg|1/100\n|-damage|p1a: Banette|58/270|[from] item: Life Orb\n|move|p2a: Avalugg|Avalanche|p1a: Banette\n|-damage|p1a: Banette|0 fnt\n|faint|p1a: Banette\n|\n|upkeep\n|inactive|Time left: 300 sec this turn | 300 sec total | 5 sec grace\n|\n|t:|1783563559\n|switch|p1a: Okidogi|Okidogi, L77, M|262/262\n|turn|7\n|inactive|Time left: 300 sec this turn | 300 sec total\n|\n|t:|1783563560\n|move|p1a: Okidogi|Knock Off|p2a: Avalugg\n|-damage|p2a: Avalugg|0 fnt\n|-enditem|p2a: Avalugg|Heavy-Duty Boots|[from] move: Knock Off|[of] p1a: Okidogi\n|faint|p2a: Avalugg\n|\n|upkeep\n|\n|t:|1783563561\n|switch|p2a: Ariados|Ariados, L95, M|100/100\n|turn|8\n|inactive|Time left: 300 sec this turn | 300 sec total\n|\n|t:|1783563562\n|move|p1a: Okidogi|Bulk Up|p1a: Okidogi\n|-boost|p1a: Okidogi|atk|1\n|-boost|p1a: Okidogi|def|1\n|move|p2a: Ariados|Sticky Web|p1a: Okidogi\n|-sidestart|p1: p0x2103e89f|move: Sticky Web\n|\n|upkeep\n|turn|9\n|inactive|Time left: 300 sec this turn | 300 sec total\n|\n|t:|1783563563\n|move|p2a: Ariados|Sucker Punch|p1a: Okidogi\n|-resisted|p1a: Okidogi\n|-damage|p1a: Okidogi|245/262\n|move|p1a: Okidogi|Knock Off|p2a: Ariados\n|-damage|p2a: Ariados|64/100\n|-enditem|p2a: Ariados|Heavy-Duty Boots|[from] move: Knock Off|[of] p1a: Okidogi\n|\n|-heal|p1a: Okidogi|261/262|[from] item: Leftovers\n|upkeep\n|turn|10\n|inactive|Time left: 300 sec this turn | 300 sec total\n|\n|t:|1783563564\n|move|p1a: Okidogi|Knock Off|p2a: Ariados\n|-damage|p2a: Ariados|37/100\n|move|p2a: Ariados|Megahorn|p1a: Okidogi\n|-resisted|p1a: Okidogi\n|-damage|p1a: Okidogi|240/262\n|\n|-heal|p1a: Okidogi|256/262|[from] item: Leftovers\n|upkeep\n|turn|11\n|inactive|Time left: 300 sec this turn | 300 sec total\n|\n|t:|1783563565\n|move|p1a: Okidogi|Knock Off|p2a: Ariados\n|-damage|p2a: Ariados|11/100\n|move|p2a: Ariados|Poison Jab|p1a: Okidogi\n|-resisted|p1a: Okidogi\n|-damage|p1a: Okidogi|224/262\n|\n|-heal|p1a: Okidogi|240/262|[from] item: Leftovers\n|upkeep\n|turn|12\n|inactive|Time left: 300 sec this turn | 300 sec total\n|\n|t:|1783563566\n|move|p1a: Okidogi|Knock Off|p2a: Ariados\n|-damage|p2a: Ariados|0 fnt\n|faint|p2a: Ariados\n|\n|-heal|p1a: Okidogi|256/262|[from] item: Leftovers\n|upkeep\n|\n|t:|1783563567\n|switch|p2a: Bellibolt|Bellibolt, L84, F|100/100\n|turn|13\n|inactive|Time left: 300 sec this turn | 300 sec total\n|\n|t:|1783563568\n|move|p1a: Okidogi|Knock Off|p2a: Bellibolt\n|-damage|p2a: Bellibolt|69/100\n|-start|p2a: Bellibolt|Charge|Knock Off|[from] ability: Electromorphosis\n|-status|p2a: Bellibolt|tox|[from] ability: Toxic Chain|[of] p1a: Okidogi\n|-enditem|p2a: Bellibolt|Leftovers|[from] move: Knock Off|[of] p1a: Okidogi\n|move|p2a: Bellibolt|Thunderbolt|p1a: Okidogi\n|-damage|p1a: Okidogi|24/262\n|-end|p2a: Bellibolt|Charge|[silent]\n|\n|-heal|p1a: Okidogi|40/262|[from] item: Leftovers\n|-damage|p2a: Bellibolt|63/100 tox|[from] psn\n|upkeep\n|turn|14\n|inactive|Time left: 300 sec this turn | 300 sec total\n|\n|t:|1783563569\n|move|p1a: Okidogi|Drain Punch|p2a: Bellibolt\n|-damage|p2a: Bellibolt|24/100 tox\n|-heal|p1a: Okidogi|102/262|[from] drain|[of] p2a: Bellibolt\n|-start|p2a: Bellibolt|Charge|Drain Punch|[from] ability: Electromorphosis\n|move|p2a: Bellibolt|Volt Switch|p1a: Okidogi\n|-damage|p1a: Okidogi|0 fnt\n|faint|p1a: Okidogi\n|-end|p2a: Bellibolt|Charge|[silent]\n|\n|t:|1783563569\n|switch|p2a: Gengar|Gengar, L81, M|100/100|[from] Volt Switch\n|\n|upkeep\n|inactive|Time left: 300 sec this turn | 300 sec total | 10 sec grace\n|\n|t:|1783563570\n|switch|p1a: Hitmonlee|Hitmonlee, L85, M|224/224\n|-activate|p1a: Hitmonlee|move: Sticky Web\n|-unboost|p1a: Hitmonlee|spe|1\n|-enditem|p1a: Hitmonlee|White Herb\n|-clearnegativeboost|p1a: Hitmonlee|[silent]\n|turn|15\n|inactive|Time left: 300 sec this turn | 300 sec total\n|\n|t:|1783563571\n|switch|p2a: Bellibolt|Bellibolt, L84, F|24/100 tox\n|move|p1a: Hitmonlee|Knock Off|p2a: Bellibolt\n|-damage|p2a: Bellibolt|7/100 tox\n|-start|p2a: Bellibolt|Charge|Knock Off|[from] ability: Electromorphosis\n|\n|-damage|p2a: Bellibolt|1/100 tox|[from] psn\n|upkeep\n|turn|16\n|inactive|Time left: 300 sec this turn | 300 sec total\n|\n|t:|1783563572\n|move|p1a: Hitmonlee|Knock Off|p2a: Bellibolt\n|-damage|p2a: Bellibolt|0 fnt\n|faint|p2a: Bellibolt\n|\n|upkeep\n|\n|t:|1783563573\n|switch|p2a: Cetitan|Cetitan, L82, F|100/100\n|turn|17\n|inactive|Time left: 300 sec this turn | 300 sec total\n|\n|t:|1783563573\n|move|p1a: Hitmonlee|Close Combat|p2a: Cetitan\n|-supereffective|p2a: Cetitan\n|-damage|p2a: Cetitan|0 fnt\n|-unboost|p1a: Hitmonlee|def|1\n|-unboost|p1a: Hitmonlee|spd|1\n|faint|p2a: Cetitan\n|\n|upkeep\n|\n|t:|1783563574\n|switch|p2a: Gengar|Gengar, L81, M|100/100\n|turn|18\n|inactive|Time left: 300 sec this turn | 300 sec total\n|\n|t:|1783563575\n|-terastallize|p1a: Hitmonlee|Poison\n|-terastallize|p2a: Gengar|Dark\n|move|p1a: Hitmonlee|Knock Off|p2a: Gengar\n|-resisted|p2a: Gengar\n|-damage|p2a: Gengar|77/100\n|-enditem|p2a: Gengar|Choice Specs|[from] move: Knock Off|[of] p1a: Hitmonlee\n|move|p2a: Gengar|Shadow Ball|p1a: Hitmonlee\n|-damage|p1a: Hitmonlee|92/224\n|\n|upkeep\n|turn|19\n|inactive|Time left: 300 sec this turn | 300 sec total\n|\n|t:|1783563576\n|move|p1a: Hitmonlee|Close Combat|p2a: Gengar\n|-supereffective|p2a: Gengar\n|-damage|p2a: Gengar|0 fnt\n|-unboost|p1a: Hitmonlee|def|1\n|-unboost|p1a: Hitmonlee|spd|1\n|faint|p2a: Gengar\n|\n|win|p0x2103e89f", "uploadtime": 1783563576, "views": 0, "rating": 0, "private": 0, "password": null, "_winner": "p0x2103e89f", "_our_name": "p0x2103e89f"}