{"id": "battle-gen9randombattle-2930", "formatid": "gen9randombattle", "format": "[Gen 9] Random Battle", "players": ["p0x29309f6b", "p0y2930e2ea"], "log": "|init|battle\n|title|p0x29309f6b vs. p0y2930e2ea\n|j|\u2606p0x29309f6b\n|j|\u2606p0y2930e2ea\n|t:|1783572754\n|gametype|singles\n|player|p1|p0x29309f6b|1|\n|player|p2|p0y2930e2ea|169|\n|gen|9\n|tier|[Gen 9] Random Battle\n|rule|Species Clause: Limit one of each Pok\u00e9mon\n|rule|HP Percentage Mod: HP is shown in percentages\n|rule|Sleep Clause Mod: Limit one foe put to sleep\n|rule|Illusion Level Mod: Illusion disguises the Pok\u00e9mon's true level\n|\n|t:|1783572754\n|teamsize|p1|6\n|teamsize|p2|6\n|start\n|switch|p1a: Tyranitar|Tyranitar, L78, F|100/100\n|switch|p2a: Gyarados|Gyarados, L79, M|280/280\n|-weather|Sandstorm|[from] ability: Sand Stream|[of] p1a: Tyranitar\n|turn|1\n|inactive|Battle timer is ON: inactive players will automatically lose when time's up. (requested by p0y2930e2ea)\n|\n|t:|1783572756\n|move|p2a: Gyarados|Waterfall|p1a: Tyranitar\n|-supereffective|p1a: Tyranitar\n|-damage|p1a: Tyranitar|43/100\n|move|p1a: Tyranitar|Knock Off|p2a: Gyarados\n|-crit|p2a: Gyarados\n|-damage|p2a: Gyarados|94/280\n|-enditem|p2a: Gyarados|Heavy-Duty Boots|[from] move: Knock Off|[of] p1a: Tyranitar\n|\n|-weather|Sandstorm|[upkeep]\n|-damage|p2a: Gyarados|77/280|[from] Sandstorm\n|-heal|p1a: Tyranitar|49/100|[from] item: Leftovers\n|upkeep\n|turn|2\n|inactive|Time left: 300 sec this turn | 300 sec total\n|inactive|p0x29309f6b also wants the timer to be on.\n|\n|t:|1783572757\n|switch|p1a: Reuniclus|Reuniclus, L88, F|100/100\n|move|p2a: Gyarados|Waterfall|p1a: Reuniclus\n|-damage|p1a: Reuniclus|70/100\n|\n|-weather|Sandstorm|[upkeep]\n|-damage|p2a: Gyarados|60/280|[from] Sandstorm\n|upkeep\n|turn|3\n|inactive|Time left: 300 sec this turn | 300 sec total\n|\n|t:|1783572758\n|move|p2a: Gyarados|Earthquake|p1a: Reuniclus\n|-damage|p1a: Reuniclus|47/100\n|move|p1a: Reuniclus|Psyshock|p2a: Gyarados\n|-crit|p2a: Gyarados\n|-damage|p2a: Gyarados|0 fnt\n|faint|p2a: Gyarados\n|\n|-weather|Sandstorm|[upkeep]\n|upkeep\n|inactive|Time left: 300 sec this turn | 300 sec total | 5 sec grace\n|\n|t:|1783572759\n|switch|p2a: Crabominable|Crabominable, L90, F|321/321\n|turn|4\n|inactive|Time left: 300 sec this turn | 300 sec total\n|\n|t:|1783572761\n|move|p2a: Crabominable|Knock Off|p1a: Reuniclus\n|-supereffective|p1a: Reuniclus\n|-damage|p1a: Reuniclus|0 fnt\n|-enditem|p1a: Reuniclus|Life Orb|[from] move: Knock Off|[of] p2a: Crabominable\n|faint|p1a: Reuniclus\n|\n|-weather|Sandstorm|[upkeep]\n|-damage|p2a: Crabominable|301/321|[from] Sandstorm\n|upkeep\n|\n|t:|1783572762\n|switch|p1a: Falinks|Falinks, L84|100/100\n|turn|5\n|inactive|Time left: 300 sec this turn | 300 sec total\n|\n|t:|1783572763\n|-terastallize|p2a: Crabominable|Fighting\n|move|p1a: Falinks|No Retreat|p1a: Falinks\n|-boost|p1a: Falinks|atk|1\n|-boost|p1a: Falinks|def|1\n|-boost|p1a: Falinks|spa|1\n|-boost|p1a: Falinks|spd|1\n|-boost|p1a: Falinks|spe|1\n|-start|p1a: Falinks|move: No Retreat\n|move|p2a: Crabominable|Drain Punch|p1a: Falinks\n|-damage|p1a: Falinks|53/100\n|-heal|p2a: Crabominable|321/321|[from] drain|[of] p1a: Falinks\n|\n|-weather|none\n|upkeep\n|turn|6\n|inactive|Time left: 300 sec this turn | 300 sec total\n|\n|t:|1783572764\n|move|p1a: Falinks|Iron Head|p2a: Crabominable\n|-damage|p2a: Crabominable|199/321\n|-damage|p1a: Falinks|44/100|[from] item: Life Orb\n|move|p2a: Crabominable|Drain Punch|p1a: Falinks\n|-damage|p1a: Falinks|0 fnt\n|-heal|p2a: Crabominable|252/321|[from] drain|[of] p1a: Falinks\n|faint|p1a: Falinks\n|\n|upkeep\n|\n|t:|1783572765\n|switch|p1a: Ribombee|Ribombee, L83, F|100/100\n|turn|7\n|inactive|Time left: 300 sec this turn | 300 sec total\n|\n|t:|1783572766\n|move|p1a: Ribombee|Bitter Malice|p2a: Crabominable\n|-damage|p2a: Crabominable|159/321\n|-unboost|p2a: Crabominable|atk|1\n|move|p2a: Crabominable|Ice Hammer|p1a: Ribombee\n|-damage|p1a: Ribombee|21/100\n|-unboost|p2a: Crabominable|spe|1\n|replace|p1a: Zoroark|Zoroark-Hisui, L80, F\n|-end|p1a: Zoroark|Illusion\n|-hint|Illusion Level Mod is active, so this Pok\u00e9mon's true level was hidden.\n|\n|upkeep\n|turn|8\n|inactive|Time left: 300 sec this turn | 300 sec total\n|\n|t:|1783572767\n|switch|p2a: Zangoose|Zangoose, L85, F|263/263\n|move|p1a: Zoroark|Bitter Malice|p2a: Zangoose\n|-immune|p2a: Zangoose\n|\n|-status|p2a: Zangoose|tox|[from] item: Toxic Orb\n|upkeep\n|turn|9\n|inactive|Time left: 300 sec this turn | 300 sec total\n|\n|t:|1783572768\n|move|p1a: Zoroark|Bitter Malice|p2a: Zangoose\n|-immune|p2a: Zangoose\n|move|p2a: Zangoose|Facade|p1a: Zoroark\n|-immune|p1a: Zoroark\n|\n|-damage|p2a: Zangoose|247/263 tox|[from] psn\n|upkeep\n|turn|10\n|inactive|Time left: 300 sec this turn | 300 sec total\n|\n|t:|1783572769\n|move|p1a: Zoroark|Bitter Malice|p2a: Zangoose\n|-immune|p2a: Zangoose\n|move|p2a: Zangoose|Knock Off|p1a: Zoroark\n|-supereffective|p1a: Zoroark\n|-damage|p1a: Zoroark|0 fnt\n|-enditem|p1a: Zoroark|Choice Specs|[from] move: Knock Off|[of] p2a: Zangoose\n|faint|p1a: Zoroark\n|\n|-damage|p2a: Zangoose|215/263 tox|[from] psn\n|upkeep\n|\n|t:|1783572770\n|switch|p1a: Furret|Furret, L94, M|100/100\n|-item|p2a: Zangoose|Toxic Orb|[from] ability: Frisk|[of] p1a: Furret\n|turn|11\n|inactive|Time left: 300 sec this turn | 300 sec total\n|\n|t:|1783572771\n|switch|p2a: Pecharunt|Pecharunt, L77|262/262\n|move|p1a: Furret|Double-Edge|p2a: Pecharunt\n|-immune|p2a: Pecharunt\n|\n|upkeep\n|turn|12\n|inactive|Time left: 300 sec this turn | 300 sec total\n|\n|t:|1783572772\n|switch|p1a: Tyranitar|Tyranitar, L78, F|49/100\n|-weather|Sandstorm|[from] ability: Sand Stream|[of] p1a: Tyranitar\n|move|p2a: Pecharunt|Malignant Chain|p1a: Tyranitar\n|-resisted|p1a: Tyranitar\n|-damage|p1a: Tyranitar|40/100\n|-status|p1a: Tyranitar|tox\n|-start|p1a: Tyranitar|confusion|[from] ability: Poison Puppeteer|[of] p2a: Pecharunt\n|\n|-weather|Sandstorm|[upkeep]\n|-damage|p2a: Pecharunt|246/262|[from] Sandstorm\n|-heal|p2a: Pecharunt|262/262|[from] item: Leftovers\n|-heal|p1a: Tyranitar|46/100 tox|[from] item: Leftovers\n|-damage|p1a: Tyranitar|40/100 tox|[from] psn\n|upkeep\n|turn|13\n|inactive|Time left: 300 sec this turn | 300 sec total\n|\n|t:|1783572773\n|move|p2a: Pecharunt|Parting Shot|p1a: Tyranitar\n|-unboost|p1a: Tyranitar|atk|1\n|-unboost|p1a: Tyranitar|spa|1\n|inactive|Time left: 300 sec this turn | 300 sec total | 5 sec grace\n|\n|t:|1783572774\n|switch|p2a: Crabominable|Crabominable, L90, F, tera:Fighting|159/321|[from] Parting Shot\n|-activate|p1a: Tyranitar|confusion\n|move|p1a: Tyranitar|Knock Off|p2a: Crabominable\n|-resisted|p2a: Crabominable\n|-damage|p2a: Crabominable|121/321\n|-enditem|p2a: Crabominable|Assault Vest|[from] move: Knock Off|[of] p1a: Tyranitar\n|\n|-weather|Sandstorm|[upkeep]\n|-damage|p2a: Crabominable|101/321|[from] Sandstorm\n|-heal|p1a: Tyranitar|46/100 tox|[from] item: Leftovers\n|-damage|p1a: Tyranitar|34/100 tox|[from] psn\n|upkeep\n|turn|14\n|inactive|Time left: 300 sec this turn | 300 sec total\n|\n|t:|1783572775\n|-end|p1a: Tyranitar|confusion\n|move|p1a: Tyranitar|Stealth Rock|p2a: Crabominable\n|-sidestart|p2: p0y2930e2ea|move: Stealth Rock\n|move|p2a: Crabominable|Drain Punch|p1a: Tyranitar\n|-supereffective|p1a: Tyranitar\n|-damage|p1a: Tyranitar|0 fnt\n|-heal|p2a: Crabominable|149/321|[from] drain|[of] p1a: Tyranitar\n|faint|p1a: Tyranitar\n|\n|-weather|Sandstorm|[upkeep]\n|-damage|p2a: Crabominable|129/321|[from] Sandstorm\n|upkeep\n|\n|t:|1783572776\n|switch|p1a: Ribombee|Ribombee, L83, F|100/100\n|turn|15\n|inactive|Time left: 300 sec this turn | 300 sec total\n|\n|t:|1783572777\n|move|p1a: Ribombee|Moonblast|p2a: Crabominable\n|-supereffective|p2a: Crabominable\n|-damage|p2a: Crabominable|0 fnt\n|faint|p2a: Crabominable\n|\n|-weather|Sandstorm|[upkeep]\n|-damage|p1a: Ribombee|95/100|[from] Sandstorm\n|upkeep\n|inactive|Time left: 300 sec this turn | 300 sec total | 5 sec grace\n|\n|t:|1783572778\n|switch|p2a: Pecharunt|Pecharunt, L77|262/262\n|-damage|p2a: Pecharunt|230/262|[from] Stealth Rock\n|turn|16\n|inactive|Time left: 300 sec this turn | 300 sec total\n|\n|t:|1783572778\n|move|p1a: Ribombee|Quiver Dance|p1a: Ribombee\n|-boost|p1a: Ribombee|spa|1\n|-boost|p1a: Ribombee|spd|1\n|-boost|p1a: Ribombee|spe|1\n|move|p2a: Pecharunt|Malignant Chain|p1a: Ribombee\n|-supereffective|p1a: Ribombee\n|-damage|p1a: Ribombee|36/100\n|\n|-weather|none\n|-heal|p2a: Pecharunt|246/262|[from] item: Leftovers\n|upkeep\n|turn|17\n|inactive|Time left: 300 sec this turn | 300 sec total\n|\n|t:|1783572779\n|-terastallize|p1a: Ribombee|Ground\n|move|p1a: Ribombee|Tera Blast|p2a: Pecharunt|[anim] Tera Blast Ground\n|-supereffective|p2a: Pecharunt\n|-damage|p2a: Pecharunt|0 fnt\n|faint|p2a: Pecharunt\n|\n|upkeep\n|inactive|Time left: 300 sec this turn | 300 sec total | 5 sec grace\n|\n|t:|1783572780\n|switch|p2a: Mightyena|Mightyena, L96, F|290/290\n|-damage|p2a: Mightyena|254/290|[from] Stealth Rock\n|-ability|p2a: Mightyena|Intimidate|boost\n|-unboost|p1a: Ribombee|atk|1\n|turn|18\n|inactive|Time left: 300 sec this turn | 300 sec total\n|\n|t:|1783572781\n|move|p1a: Ribombee|Quiver Dance|p1a: Ribombee\n|-boost|p1a: Ribombee|spa|1\n|-boost|p1a: Ribombee|spd|1\n|-boost|p1a: Ribombee|spe|1\n|move|p2a: Mightyena|Throat Chop|p1a: Ribombee\n|-damage|p1a: Ribombee|0 fnt\n|faint|p1a: Ribombee\n|\n|upkeep\n|\n|t:|1783572782\n|switch|p1a: Furret|Furret, L94, M|100/100\n|-item|p2a: Mightyena|Assault Vest|[from] ability: Frisk|[of] p1a: Furret\n|turn|19\n|inactive|Time left: 300 sec this turn | 300 sec total\n|\n|t:|1783572783\n|move|p1a: Furret|Double-Edge|p2a: Mightyena\n|-damage|p2a: Mightyena|52/290\n|-damage|p1a: Furret|79/100|[from] Recoil\n|move|p2a: Mightyena|Super Fang|p1a: Furret|[miss]\n|-miss|p2a: Mightyena|p1a: Furret\n|\n|upkeep\n|turn|20\n|inactive|Time left: 300 sec this turn | 300 sec total\n|\n|t:|1783572784\n|move|p2a: Mightyena|Sucker Punch|p1a: Furret\n|-damage|p1a: Furret|46/100\n|move|p1a: Furret|Double-Edge|p2a: Mightyena\n|-damage|p2a: Mightyena|0 fnt\n|faint|p2a: Mightyena\n|-damage|p1a: Furret|41/100|[from] Recoil\n|\n|upkeep\n|inactive|Time left: 300 sec this turn | 300 sec total | 5 sec grace\n|\n|t:|1783572784\n|switch|p2a: Zangoose|Zangoose, L85, F|215/263 tox\n|-damage|p2a: Zangoose|183/263 tox|[from] Stealth Rock\n|turn|21\n|inactive|Time left: 300 sec this turn | 300 sec total\n|\n|t:|1783572785\n|move|p1a: Furret|Double-Edge|p2a: Zangoose\n|-damage|p2a: Zangoose|0 fnt\n|faint|p2a: Zangoose\n|-damage|p1a: Furret|21/100|[from] Recoil\n|\n|upkeep\n|inactive|Time left: 300 sec this turn | 300 sec total | 5 sec grace\n|\n|t:|1783572786\n|switch|p2a: Veluza|Veluza, L85, F|292/292\n|-damage|p2a: Veluza|256/292|[from] Stealth Rock\n|turn|22\n|inactive|Time left: 300 sec this turn | 300 sec total\n|\n|t:|1783572787\n|move|p1a: Furret|Double-Edge|p2a: Veluza\n|-damage|p2a: Veluza|49/292\n|-enditem|p2a: Veluza|Sitrus Berry|[eat]\n|-heal|p2a: Veluza|122/292|[from] item: Sitrus Berry\n|-damage|p1a: Furret|0 fnt|[from] Recoil\n|faint|p1a: Furret\n|\n|win|p0y2930e2ea", "uploadtime": 1783572787, "views": 0, "rating": 0, "private": 0, "password": null, "_winner": "p0y2930e2ea", "_our_name": "p0y2930e2ea"}