{"id": "battle-gen9randombattle-442", "formatid": "gen9randombattle", "format": "[Gen 9] Random Battle", "players": ["p0x4420cea", "p0y4423cad"], "log": "|init|battle\n|title|p0x4420cea vs. p0y4423cad\n|j|\u2606p0x4420cea\n|j|\u2606p0y4423cad\n|t:|1783544878\n|gametype|singles\n|player|p1|p0x4420cea|266|\n|player|p2|p0y4423cad|2|\n|gen|9\n|tier|[Gen 9] Random Battle\n|rule|Species Clause: Limit one of each Pok\u00e9mon\n|rule|HP Percentage Mod: HP is shown in percentages\n|rule|Sleep Clause Mod: Limit one foe put to sleep\n|rule|Illusion Level Mod: Illusion disguises the Pok\u00e9mon's true level\n|\n|t:|1783544878\n|teamsize|p1|6\n|teamsize|p2|6\n|start\n|switch|p1a: Zarude|Zarude-Dada, L77|100/100\n|switch|p2a: Regidrago|Regidrago, L77|435/435\n|turn|1\n|inactive|Battle timer is ON: inactive players will automatically lose when time's up. (requested by p0x4420cea)\n|inactive|Time left: 300 sec this turn | 300 sec total | 60 sec grace\n|inactive|p0y4423cad also wants the timer to be on.\n|\n|t:|1783544880\n|move|p2a: Regidrago|Outrage|p1a: Zarude\n|-damage|p1a: Zarude|47/100\n|move|p1a: Zarude|Knock Off|p2a: Regidrago\n|-damage|p2a: Regidrago|177/435\n|-enditem|p2a: Regidrago|Choice Scarf|[from] move: Knock Off|[of] p1a: Zarude\n|\n|upkeep\n|turn|2\n|inactive|Time left: 300 sec this turn | 300 sec total\n|\n|t:|1783544881\n|switch|p1a: Clefable|Clefable, L83, F|100/100\n|move|p2a: Regidrago|Outrage|p1a: Clefable|[from] lockedmove\n|-immune|p1a: Clefable\n|-start|p2a: Regidrago|confusion|[fatigue]\n|\n|upkeep\n|turn|3\n|inactive|Time left: 300 sec this turn | 300 sec total\n|\n|t:|1783544882\n|switch|p2a: Excadrill|Excadrill, L79, F|303/303\n|-ability|p2a: Excadrill|Mold Breaker\n|move|p1a: Clefable|Moonblast|p2a: Excadrill\n|-resisted|p2a: Excadrill\n|-damage|p2a: Excadrill|217/303\n|-unboost|p2a: Excadrill|spa|1\n|\n|-heal|p2a: Excadrill|235/303|[from] item: Leftovers\n|upkeep\n|turn|4\n|inactive|Time left: 300 sec this turn | 300 sec total\n|\n|t:|1783544884\n|move|p2a: Excadrill|Iron Head|p1a: Clefable\n|-supereffective|p1a: Clefable\n|-damage|p1a: Clefable|21/100\n|move|p1a: Clefable|Fire Blast|p2a: Excadrill\n|-supereffective|p2a: Excadrill\n|-damage|p2a: Excadrill|0 fnt\n|faint|p2a: Excadrill\n|\n|upkeep\n|inactive|Time left: 300 sec this turn | 300 sec total | 5 sec grace\n|\n|t:|1783544885\n|switch|p2a: Polteageist|Polteageist, L78|222/222\n|turn|5\n|inactive|Time left: 300 sec this turn | 300 sec total\n|\n|t:|1783544886\n|switch|p1a: Zarude|Zarude-Dada, L77|47/100\n|move|p2a: Polteageist|Shell Smash|p2a: Polteageist\n|-unboost|p2a: Polteageist|def|1\n|-unboost|p2a: Polteageist|spd|1\n|-boost|p2a: Polteageist|atk|2\n|-boost|p2a: Polteageist|spa|2\n|-boost|p2a: Polteageist|spe|2\n|-enditem|p2a: Polteageist|White Herb\n|-clearnegativeboost|p2a: Polteageist|[silent]\n|\n|upkeep\n|turn|6\n|inactive|Time left: 300 sec this turn | 300 sec total\n|\n|t:|1783544887\n|move|p2a: Polteageist|Strength Sap|p1a: Zarude\n|-unboost|p1a: Zarude|atk|1\n|move|p1a: Zarude|Knock Off|p2a: Polteageist\n|-supereffective|p2a: Polteageist\n|-damage|p2a: Polteageist|48/222\n|\n|upkeep\n|turn|7\n|inactive|Time left: 300 sec this turn | 300 sec total\n|\n|t:|1783544888\n|move|p2a: Polteageist|Strength Sap|p1a: Zarude\n|-unboost|p1a: Zarude|atk|1\n|-heal|p2a: Polteageist|200/222\n|move|p1a: Zarude|Knock Off|p2a: Polteageist\n|-supereffective|p2a: Polteageist\n|-damage|p2a: Polteageist|72/222\n|\n|upkeep\n|turn|8\n|inactive|Time left: 300 sec this turn | 300 sec total\n|\n|t:|1783544889\n|move|p2a: Polteageist|Strength Sap|p1a: Zarude\n|-unboost|p1a: Zarude|atk|1\n|-heal|p2a: Polteageist|186/222\n|move|p1a: Zarude|Knock Off|p2a: Polteageist\n|-supereffective|p2a: Polteageist\n|-damage|p2a: Polteageist|76/222\n|\n|upkeep\n|turn|9\n|inactive|Time left: 300 sec this turn | 300 sec total\n|\n|t:|1783544890\n|move|p2a: Polteageist|Strength Sap|p1a: Zarude\n|-unboost|p1a: Zarude|atk|1\n|-heal|p2a: Polteageist|167/222\n|move|p1a: Zarude|Knock Off|p2a: Polteageist\n|-supereffective|p2a: Polteageist\n|-damage|p2a: Polteageist|71/222\n|\n|upkeep\n|turn|10\n|inactive|Time left: 300 sec this turn | 300 sec total\n|\n|t:|1783544891\n|move|p2a: Polteageist|Strength Sap|p1a: Zarude\n|-unboost|p1a: Zarude|atk|1\n|-heal|p2a: Polteageist|147/222\n|move|p1a: Zarude|Knock Off|p2a: Polteageist\n|-supereffective|p2a: Polteageist\n|-damage|p2a: Polteageist|61/222\n|-start|p1a: Zarude|Disable|Knock Off|[from] ability: Cursed Body|[of] p2a: Polteageist\n|\n|upkeep\n|turn|11\n|inactive|Time left: 300 sec this turn | 300 sec total\n|\n|t:|1783544892\n|switch|p1a: Decidueye|Decidueye-Hisui, L87, M|100/100\n|move|p2a: Polteageist|Strength Sap|p1a: Decidueye\n|-unboost|p1a: Decidueye|atk|1\n|-heal|p2a: Polteageist|222/222\n|\n|upkeep\n|turn|12\n|inactive|Time left: 300 sec this turn | 300 sec total\n|\n|t:|1783544894\n|-terastallize|p1a: Decidueye|Steel\n|move|p2a: Polteageist|Shadow Ball|p1a: Decidueye\n|-crit|p1a: Decidueye\n|-damage|p1a: Decidueye|7/100\n|-unboost|p1a: Decidueye|spd|1\n|move|p1a: Decidueye|Triple Arrows|p2a: Polteageist\n|-damage|p2a: Polteageist|114/222\n|-unboost|p2a: Polteageist|def|1\n|-start|p1a: Decidueye|Disable|Triple Arrows|[from] ability: Cursed Body|[of] p2a: Polteageist\n|\n|-heal|p1a: Decidueye|13/100|[from] item: Leftovers\n|upkeep\n|turn|13\n|inactive|Time left: 300 sec this turn | 300 sec total\n|\n|t:|1783544895\n|move|p2a: Polteageist|Shadow Ball|p1a: Decidueye\n|-damage|p1a: Decidueye|0 fnt\n|faint|p1a: Decidueye\n|\n|upkeep\n|\n|t:|1783544896\n|switch|p1a: Zarude|Zarude-Dada, L77|47/100\n|turn|14\n|inactive|Time left: 300 sec this turn | 300 sec total\n|\n|t:|1783544897\n|move|p2a: Polteageist|Shadow Ball|p1a: Zarude\n|-resisted|p1a: Zarude\n|-damage|p1a: Zarude|13/100\n|move|p1a: Zarude|Knock Off|p2a: Polteageist\n|-supereffective|p2a: Polteageist\n|-damage|p2a: Polteageist|0 fnt\n|-start|p1a: Zarude|Disable|Knock Off|[from] ability: Cursed Body|[of] p2a: Polteageist\n|faint|p2a: Polteageist\n|\n|upkeep\n|inactive|Time left: 300 sec this turn | 300 sec total | 5 sec grace\n|\n|t:|1783544898\n|switch|p2a: Seviper|Seviper, L93, F|287/287\n|turn|15\n|inactive|Time left: 300 sec this turn | 300 sec total\n|\n|t:|1783544899\n|switch|p1a: Excadrill|Excadrill, L79, M|100/100\n|-ability|p1a: Excadrill|Mold Breaker\n|move|p2a: Seviper|Knock Off|p1a: Excadrill\n|-damage|p1a: Excadrill|57/100\n|-enditem|p1a: Excadrill|Leftovers|[from] move: Knock Off|[of] p2a: Seviper\n|\n|upkeep\n|turn|16\n|inactive|Time left: 300 sec this turn | 300 sec total\n|\n|t:|1783544900\n|switch|p2a: Dondozo|Dondozo, L78, F|362/362\n|move|p1a: Excadrill|Earthquake|p2a: Dondozo\n|-damage|p2a: Dondozo|257/362\n|\n|-heal|p2a: Dondozo|279/362|[from] item: Leftovers\n|upkeep\n|turn|17\n|inactive|Time left: 300 sec this turn | 300 sec total\n|\n|t:|1783544901\n|move|p1a: Excadrill|Earthquake|p2a: Dondozo\n|-damage|p2a: Dondozo|173/362\n|move|p2a: Dondozo|Wave Crash|p1a: Excadrill\n|-supereffective|p1a: Excadrill\n|-damage|p1a: Excadrill|0 fnt\n|faint|p1a: Excadrill\n|-damage|p2a: Dondozo|116/362|[from] Recoil\n|\n|-heal|p2a: Dondozo|138/362|[from] item: Leftovers\n|upkeep\n|\n|t:|1783544902\n|switch|p1a: Clefable|Clefable, L83, F|21/100\n|turn|18\n|inactive|Time left: 300 sec this turn | 300 sec total\n|\n|t:|1783544903\n|switch|p2a: Seviper|Seviper, L93, F|287/287\n|move|p1a: Clefable|Moonblast|p2a: Seviper\n|-resisted|p2a: Seviper\n|-damage|p2a: Seviper|208/287\n|-unboost|p2a: Seviper|spa|1\n|\n|upkeep\n|turn|19\n|inactive|Time left: 300 sec this turn | 300 sec total\n|\n|t:|1783544904\n|move|p2a: Seviper|Gunk Shot|p1a: Clefable\n|-supereffective|p1a: Clefable\n|-crit|p1a: Clefable\n|-damage|p1a: Clefable|0 fnt\n|faint|p1a: Clefable\n|\n|upkeep\n|\n|t:|1783544905\n|switch|p1a: Haxorus|Haxorus, L77, F|100/100\n|-ability|p1a: Haxorus|Mold Breaker\n|turn|20\n|inactive|Time left: 300 sec this turn | 300 sec total\n|\n|t:|1783544906\n|move|p2a: Seviper|Gunk Shot|p1a: Haxorus\n|-damage|p1a: Haxorus|33/100\n|-status|p1a: Haxorus|psn\n|move|p1a: Haxorus|Scale Shot|p2a: Seviper\n|-damage|p2a: Seviper|171/287\n|-damage|p2a: Seviper|131/287\n|-damage|p2a: Seviper|94/287\n|-damage|p2a: Seviper|57/287\n|-damage|p2a: Seviper|23/287\n|-hitcount|p2a: Seviper|5\n|-unboost|p1a: Haxorus|def|1\n|-boost|p1a: Haxorus|spe|1\n|\n|-damage|p1a: Haxorus|21/100 psn|[from] psn\n|upkeep\n|turn|21\n|inactive|Time left: 300 sec this turn | 300 sec total\n|\n|t:|1783544908\n|switch|p2a: Dondozo|Dondozo, L78, F|138/362\n|move|p1a: Haxorus|Earthquake|p2a: Dondozo\n|-damage|p2a: Dondozo|67/362\n|\n|-heal|p2a: Dondozo|89/362|[from] item: Leftovers\n|-damage|p1a: Haxorus|8/100 psn|[from] psn\n|upkeep\n|turn|22\n|inactive|Time left: 300 sec this turn | 300 sec total\n|\n|t:|1783544909\n|move|p1a: Haxorus|Scale Shot|p2a: Dondozo\n|-damage|p2a: Dondozo|61/362\n|-damage|p2a: Dondozo|30/362\n|-damage|p2a: Dondozo|2/362\n|-damage|p2a: Dondozo|0 fnt\n|faint|p2a: Dondozo\n|-hitcount|p2: Dondozo|4\n|-unboost|p1a: Haxorus|def|1\n|-boost|p1a: Haxorus|spe|1\n|\n|-damage|p1a: Haxorus|0 fnt|[from] psn\n|faint|p1a: Haxorus\n|upkeep\n|inactive|Time left: 300 sec this turn | 300 sec total | 5 sec grace\n|\n|t:|1783544909\n|switch|p1a: Zarude|Zarude-Dada, L77|13/100\n|switch|p2a: Seviper|Seviper, L93, F|23/287\n|turn|23\n|inactive|Time left: 300 sec this turn | 300 sec total\n|\n|t:|1783544910\n|move|p2a: Seviper|Earthquake|p1a: Zarude\n|-resisted|p1a: Zarude\n|-damage|p1a: Zarude|0 fnt\n|faint|p1a: Zarude\n|\n|upkeep\n|\n|t:|1783544911\n|switch|p1a: Volcarona|Volcarona, L77, F|100/100\n|turn|24\n|inactive|Time left: 300 sec this turn | 300 sec total\n|\n|t:|1783544912\n|move|p2a: Seviper|Earthquake|p1a: Volcarona\n|-damage|p1a: Volcarona|53/100\n|move|p1a: Volcarona|Quiver Dance|p1a: Volcarona\n|-boost|p1a: Volcarona|spa|1\n|-boost|p1a: Volcarona|spd|1\n|-boost|p1a: Volcarona|spe|1\n|\n|upkeep\n|turn|25\n|inactive|Time left: 300 sec this turn | 300 sec total\n|\n|t:|1783544913\n|move|p1a: Volcarona|Quiver Dance|p1a: Volcarona\n|-boost|p1a: Volcarona|spa|1\n|-boost|p1a: Volcarona|spd|1\n|-boost|p1a: Volcarona|spe|1\n|move|p2a: Seviper|Earthquake|p1a: Volcarona\n|-damage|p1a: Volcarona|10/100\n|\n|upkeep\n|turn|26\n|inactive|Time left: 300 sec this turn | 300 sec total\n|\n|t:|1783544913\n|-terastallize|p2a: Seviper|Dark\n|move|p1a: Volcarona|Giga Drain|p2a: Seviper\n|-damage|p2a: Seviper|0 fnt\n|-heal|p1a: Volcarona|15/100|[from] drain|[of] p2a: Seviper\n|faint|p2a: Seviper\n|\n|upkeep\n|inactive|Time left: 300 sec this turn | 300 sec total | 5 sec grace\n|\n|t:|1783544914\n|switch|p2a: Skeledirge|Skeledirge, L79, M|294/294\n|turn|27\n|inactive|Time left: 300 sec this turn | 300 sec total\n|\n|t:|1783544915\n|move|p1a: Volcarona|Giga Drain|p2a: Skeledirge\n|-resisted|p2a: Skeledirge\n|-damage|p2a: Skeledirge|259/294\n|-heal|p1a: Volcarona|22/100|[from] drain|[of] p2a: Skeledirge\n|move|p2a: Skeledirge|Torch Song|p1a: Volcarona\n|-damage|p1a: Volcarona|0 fnt\n|-boost|p2a: Skeledirge|spa|1\n|faint|p1a: Volcarona\n|\n|win|p0y4423cad", "uploadtime": 1783544915, "views": 0, "rating": 0, "private": 0, "password": null, "_winner": "p0y4423cad", "_our_name": "p0y4423cad"}