{"id": "battle-gen9randombattle-41", "formatid": "gen9randombattle", "format": "[Gen 9] Random Battle", "players": ["p0x041d367", "p0y0410d9a"], "log": "|init|battle\n|title|p0x041d367 vs. p0y0410d9a\n|j|\u2606p0x041d367\n|j|\u2606p0y0410d9a\n|t:|1783539652\n|gametype|singles\n|player|p1|p0x041d367|170|\n|player|p2|p0y0410d9a|101|\n|gen|9\n|tier|[Gen 9] Random Battle\n|rule|Species Clause: Limit one of each Pok\u00e9mon\n|rule|HP Percentage Mod: HP is shown in percentages\n|rule|Sleep Clause Mod: Limit one foe put to sleep\n|rule|Illusion Level Mod: Illusion disguises the Pok\u00e9mon's true level\n|\n|t:|1783539652\n|teamsize|p1|6\n|teamsize|p2|6\n|start\n|switch|p1a: Arbok|Arbok, L87, M|100/100\n|switch|p2a: Munkidori|Munkidori, L79, M|269/269\n|-ability|p1a: Arbok|Intimidate|boost\n|-unboost|p2a: Munkidori|atk|1\n|turn|1\n|inactive|Battle timer is ON: inactive players will automatically lose when time's up. (requested by p0x041d367)\n|inactive|Time left: 300 sec this turn | 300 sec total | 60 sec grace\n|inactive|p0y0410d9a also wants the timer to be on.\n|\n|t:|1783539653\n|-terastallize|p1a: Arbok|Ground\n|move|p2a: Munkidori|Psyshock|p1a: Arbok\n|-damage|p1a: Arbok|43/100\n|-damage|p2a: Munkidori|243/269|[from] item: Life Orb\n|move|p1a: Arbok|Earthquake|p2a: Munkidori\n|-supereffective|p2a: Munkidori\n|-crit|p2a: Munkidori\n|-damage|p2a: Munkidori|0 fnt\n|faint|p2a: Munkidori\n|\n|-heal|p1a: Arbok|49/100|[from] item: Leftovers\n|upkeep\n|inactive|Time left: 300 sec this turn | 300 sec total | 65 sec grace\n|\n|t:|1783539655\n|switch|p2a: Terrakion|Terrakion, L79|273/273\n|turn|2\n|inactive|Time left: 300 sec this turn | 300 sec total\n|\n|t:|1783539656\n|move|p2a: Terrakion|Close Combat|p1a: Arbok\n|-damage|p1a: Arbok|0 fnt\n|-unboost|p2a: Terrakion|def|1\n|-unboost|p2a: Terrakion|spd|1\n|faint|p1a: Arbok\n|-damage|p2a: Terrakion|246/273|[from] item: Life Orb\n|\n|upkeep\n|\n|t:|1783539657\n|switch|p1a: Zacian|Zacian, L69|100/100\n|-ability|p1a: Zacian|Intrepid Sword|boost\n|-boost|p1a: Zacian|atk|1\n|turn|3\n|inactive|Time left: 300 sec this turn | 300 sec total\n|\n|t:|1783539658\n|switch|p2a: Venusaur|Venusaur, L84, M|272/272\n|move|p1a: Zacian|Play Rough|p2a: Venusaur\n|-resisted|p2a: Venusaur\n|-damage|p2a: Venusaur|198/272\n|-damage|p1a: Zacian|91/100|[from] item: Life Orb\n|\n|-heal|p2a: Venusaur|215/272|[from] item: Leftovers\n|upkeep\n|turn|4\n|inactive|Time left: 300 sec this turn | 300 sec total\n|\n|t:|1783539659\n|switch|p1a: Greedent|Greedent, L86, F|100/100\n|move|p2a: Venusaur|Sludge Bomb|p1a: Greedent\n|-damage|p1a: Greedent|67/100\n|-status|p1a: Greedent|psn\n|\n|-heal|p2a: Venusaur|232/272|[from] item: Leftovers\n|-damage|p1a: Greedent|54/100 psn|[from] psn\n|upkeep\n|turn|5\n|inactive|Time left: 300 sec this turn | 300 sec total\n|\n|t:|1783539660\n|move|p2a: Venusaur|Leech Seed|p1a: Greedent\n|-start|p1a: Greedent|move: Leech Seed\n|move|p1a: Greedent|Knock Off|p2a: Venusaur\n|-damage|p2a: Venusaur|162/272\n|-enditem|p2a: Venusaur|Leftovers|[from] move: Knock Off|[of] p1a: Greedent\n|\n|-damage|p1a: Greedent|42/100 psn|[from] Leech Seed|[of] p2a: Venusaur\n|-heal|p2a: Venusaur|205/272|[silent]\n|-damage|p1a: Greedent|30/100 psn|[from] psn\n|upkeep\n|-enditem|p1a: Greedent|Sitrus Berry|[eat]\n|-heal|p1a: Greedent|54/100 psn|[from] item: Sitrus Berry\n|-heal|p1a: Greedent|88/100 psn|[from] ability: Cheek Pouch\n|turn|6\n|inactive|Time left: 300 sec this turn | 300 sec total\n|\n|t:|1783539661\n|switch|p1a: Rotom|Rotom-Fan, L86|100/100\n|move|p2a: Venusaur|Sludge Bomb|p1a: Rotom\n|-damage|p1a: Rotom|66/100\n|\n|upkeep\n|turn|7\n|inactive|Time left: 300 sec this turn | 300 sec total\n|\n|t:|1783539661\n|move|p1a: Rotom|Air Slash|p2a: Venusaur\n|-supereffective|p2a: Venusaur\n|-damage|p2a: Venusaur|55/272\n|move|p2a: Venusaur|Sludge Bomb|p1a: Rotom\n|-damage|p1a: Rotom|31/100\n|\n|upkeep\n|turn|8\n|inactive|Time left: 300 sec this turn | 300 sec total\n|\n|t:|1783539663\n|move|p1a: Rotom|Air Slash|p2a: Venusaur\n|-supereffective|p2a: Venusaur\n|-damage|p2a: Venusaur|0 fnt\n|faint|p2a: Venusaur\n|\n|upkeep\n|inactive|Time left: 300 sec this turn | 300 sec total | 5 sec grace\n|\n|t:|1783539664\n|switch|p2a: Terrakion|Terrakion, L79|246/273\n|turn|9\n|inactive|Time left: 300 sec this turn | 300 sec total\n|\n|t:|1783539665\n|switch|p1a: Tauros|Tauros-Paldea-Combat, L82, M|100/100\n|-ability|p1a: Tauros|Intimidate|boost\n|-unboost|p2a: Terrakion|atk|1\n|move|p2a: Terrakion|Stone Edge|p1a: Tauros\n|-resisted|p1a: Tauros\n|-damage|p1a: Tauros|83/100\n|-damage|p2a: Terrakion|219/273|[from] item: Life Orb\n|\n|upkeep\n|turn|10\n|inactive|Time left: 300 sec this turn | 300 sec total\n|\n|t:|1783539665\n|switch|p2a: Hippowdon|Hippowdon, L82, M|311/311\n|-weather|Sandstorm|[from] ability: Sand Stream|[of] p2a: Hippowdon\n|move|p1a: Tauros|Close Combat|p2a: Hippowdon\n|-damage|p2a: Hippowdon|163/311\n|-unboost|p1a: Tauros|def|1\n|-unboost|p1a: Tauros|spd|1\n|\n|-weather|Sandstorm|[upkeep]\n|-damage|p1a: Tauros|77/100|[from] Sandstorm\n|-heal|p2a: Hippowdon|182/311|[from] item: Leftovers\n|upkeep\n|turn|11\n|inactive|Time left: 300 sec this turn | 300 sec total\n|\n|t:|1783539666\n|move|p1a: Tauros|Close Combat|p2a: Hippowdon\n|-damage|p2a: Hippowdon|31/311\n|-unboost|p1a: Tauros|def|1\n|-unboost|p1a: Tauros|spd|1\n|move|p2a: Hippowdon|Earthquake|p1a: Tauros\n|-damage|p1a: Tauros|0 fnt\n|faint|p1a: Tauros\n|\n|-weather|Sandstorm|[upkeep]\n|-heal|p2a: Hippowdon|50/311|[from] item: Leftovers\n|upkeep\n|\n|t:|1783539667\n|switch|p1a: Zacian|Zacian, L69|91/100\n|turn|12\n|inactive|Time left: 300 sec this turn | 300 sec total\n|\n|t:|1783539668\n|move|p1a: Zacian|Close Combat|p2a: Hippowdon\n|-damage|p2a: Hippowdon|0 fnt\n|-unboost|p1a: Zacian|def|1\n|-unboost|p1a: Zacian|spd|1\n|faint|p2a: Hippowdon\n|-damage|p1a: Zacian|81/100|[from] item: Life Orb\n|\n|-weather|Sandstorm|[upkeep]\n|-damage|p1a: Zacian|74/100|[from] Sandstorm\n|upkeep\n|inactive|Time left: 300 sec this turn | 300 sec total | 5 sec grace\n|\n|t:|1783539669\n|switch|p2a: Cetitan|Cetitan, L82, F|413/413\n|turn|13\n|inactive|Time left: 300 sec this turn | 300 sec total\n|\n|t:|1783539670\n|move|p1a: Zacian|Close Combat|p2a: Cetitan\n|-supereffective|p2a: Cetitan\n|-damage|p2a: Cetitan|197/413\n|-unboost|p1a: Zacian|def|1\n|-unboost|p1a: Zacian|spd|1\n|-damage|p1a: Zacian|64/100|[from] item: Life Orb\n|move|p2a: Cetitan|Liquidation|p1a: Zacian\n|-damage|p1a: Zacian|0 fnt\n|faint|p1a: Zacian\n|\n|-weather|Sandstorm|[upkeep]\n|-damage|p2a: Cetitan|172/413|[from] Sandstorm\n|upkeep\n|\n|t:|1783539670\n|switch|p1a: Greedent|Greedent, L86, F|88/100 psn\n|turn|14\n|inactive|Time left: 300 sec this turn | 300 sec total\n|\n|t:|1783539671\n|move|p2a: Cetitan|Icicle Crash|p1a: Greedent\n|-damage|p1a: Greedent|45/100 psn\n|move|p1a: Greedent|Double-Edge|p2a: Cetitan\n|-damage|p2a: Cetitan|19/413\n|-damage|p1a: Greedent|30/100 psn|[from] Recoil\n|\n|-weather|none\n|-damage|p1a: Greedent|18/100 psn|[from] psn\n|upkeep\n|turn|15\n|inactive|Time left: 300 sec this turn | 300 sec total\n|\n|t:|1783539672\n|move|p2a: Cetitan|Icicle Crash|p1a: Greedent\n|-damage|p1a: Greedent|0 fnt\n|faint|p1a: Greedent\n|\n|upkeep\n|\n|t:|1783539673\n|switch|p1a: Rotom|Rotom-Fan, L86|31/100\n|turn|16\n|inactive|Time left: 300 sec this turn | 300 sec total\n|\n|t:|1783539674\n|move|p2a: Cetitan|Ice Shard|p1a: Rotom\n|-supereffective|p1a: Rotom\n|-damage|p1a: Rotom|0 fnt\n|faint|p1a: Rotom\n|-damage|p2a: Cetitan|0 fnt|[from] item: Life Orb\n|faint|p2a: Cetitan\n|\n|upkeep\n|inactive|Time left: 300 sec this turn | 300 sec total | 5 sec grace\n|\n|t:|1783539675\n|switch|p1a: Dipplin|Dipplin, L88, M|100/100\n|switch|p2a: Terrakion|Terrakion, L79|219/273\n|turn|17\n|inactive|Time left: 300 sec this turn | 300 sec total\n|\n|t:|1783539676\n|switch|p2a: Scream Tail|Scream Tail, L84|330/330\n|move|p1a: Dipplin|Giga Drain|p2a: Scream Tail\n|-damage|p2a: Scream Tail|264/330\n|\n|-heal|p2a: Scream Tail|284/330|[from] item: Leftovers\n|upkeep\n|turn|18\n|inactive|Time left: 300 sec this turn | 300 sec total\n|\n|t:|1783539677\n|move|p2a: Scream Tail|Wish|p2a: Scream Tail\n|move|p1a: Dipplin|Giga Drain|p2a: Scream Tail\n|-damage|p2a: Scream Tail|211/330\n|\n|-heal|p2a: Scream Tail|231/330|[from] item: Leftovers\n|upkeep\n|turn|19\n|inactive|Time left: 300 sec this turn | 300 sec total\n|\n|t:|1783539678\n|move|p2a: Scream Tail|Play Rough|p1a: Dipplin\n|-supereffective|p1a: Dipplin\n|-damage|p1a: Dipplin|73/100\n|move|p1a: Dipplin|Giga Drain|p2a: Scream Tail\n|-crit|p2a: Scream Tail\n|-damage|p2a: Scream Tail|126/330\n|-heal|p1a: Dipplin|92/100|[from] drain|[of] p2a: Scream Tail\n|\n|-heal|p2a: Scream Tail|291/330|[from] move: Wish|[wisher] Scream Tail\n|-heal|p2a: Scream Tail|311/330|[from] item: Leftovers\n|upkeep\n|turn|20\n|inactive|Time left: 300 sec this turn | 300 sec total\n|\n|t:|1783539679\n|move|p2a: Scream Tail|Play Rough|p1a: Dipplin\n|-supereffective|p1a: Dipplin\n|-damage|p1a: Dipplin|66/100\n|move|p1a: Dipplin|Recover|p1a: Dipplin\n|-heal|p1a: Dipplin|100/100\n|\n|-heal|p2a: Scream Tail|330/330|[from] item: Leftovers\n|upkeep\n|turn|21\n|inactive|Time left: 300 sec this turn | 300 sec total\n|\n|t:|1783539680\n|move|p2a: Scream Tail|Play Rough|p1a: Dipplin\n|-supereffective|p1a: Dipplin\n|-damage|p1a: Dipplin|74/100\n|move|p1a: Dipplin|Giga Drain|p2a: Scream Tail\n|-damage|p2a: Scream Tail|264/330\n|-heal|p1a: Dipplin|86/100|[from] drain|[of] p2a: Scream Tail\n|\n|-heal|p2a: Scream Tail|284/330|[from] item: Leftovers\n|upkeep\n|turn|22\n|inactive|Time left: 300 sec this turn | 300 sec total\n|\n|t:|1783539681\n|move|p2a: Scream Tail|Wish|p2a: Scream Tail\n|move|p1a: Dipplin|Giga Drain|p2a: Scream Tail\n|-damage|p2a: Scream Tail|220/330\n|-heal|p1a: Dipplin|97/100|[from] drain|[of] p2a: Scream Tail\n|\n|-heal|p2a: Scream Tail|240/330|[from] item: Leftovers\n|upkeep\n|turn|23\n|inactive|Time left: 300 sec this turn | 300 sec total\n|\n|t:|1783539682\n|move|p2a: Scream Tail|Play Rough|p1a: Dipplin|[miss]\n|-miss|p2a: Scream Tail|p1a: Dipplin\n|move|p1a: Dipplin|Giga Drain|p2a: Scream Tail\n|-damage|p2a: Scream Tail|168/330\n|-heal|p1a: Dipplin|100/100|[from] drain|[of] p2a: Scream Tail\n|\n|-heal|p2a: Scream Tail|330/330|[from] move: Wish|[wisher] Scream Tail\n|upkeep\n|turn|24\n|inactive|Time left: 300 sec this turn | 300 sec total\n|\n|t:|1783539684\n|move|p2a: Scream Tail|Play Rough|p1a: Dipplin\n|-supereffective|p1a: Dipplin\n|-damage|p1a: Dipplin|74/100\n|move|p1a: Dipplin|Giga Drain|p2a: Scream Tail\n|-damage|p2a: Scream Tail|260/330\n|-heal|p1a: Dipplin|87/100|[from] drain|[of] p2a: Scream Tail\n|\n|-heal|p2a: Scream Tail|280/330|[from] item: Leftovers\n|upkeep\n|turn|25\n|inactive|Time left: 300 sec this turn | 300 sec total\n|\n|t:|1783539685\n|move|p2a: Scream Tail|Play Rough|p1a: Dipplin\n|-supereffective|p1a: Dipplin\n|-crit|p1a: Dipplin\n|-damage|p1a: Dipplin|46/100\n|-unboost|p1a: Dipplin|atk|1\n|move|p1a: Dipplin|Recover|p1a: Dipplin\n|-heal|p1a: Dipplin|96/100\n|\n|-heal|p2a: Scream Tail|300/330|[from] item: Leftovers\n|upkeep\n|turn|26\n|inactive|Time left: 300 sec this turn | 300 sec total\n|\n|t:|1783539686\n|move|p2a: Scream Tail|Play Rough|p1a: Dipplin\n|-supereffective|p1a: Dipplin\n|-damage|p1a: Dipplin|71/100\n|-unboost|p1a: Dipplin|atk|1\n|move|p1a: Dipplin|Giga Drain|p2a: Scream Tail\n|-damage|p2a: Scream Tail|236/330\n|-heal|p1a: Dipplin|82/100|[from] drain|[of] p2a: Scream Tail\n|\n|-heal|p2a: Scream Tail|256/330|[from] item: Leftovers\n|upkeep\n|turn|27\n|inactive|Time left: 300 sec this turn | 300 sec total\n|\n|t:|1783539687\n|move|p2a: Scream Tail|Wish|p2a: Scream Tail\n|move|p1a: Dipplin|Giga Drain|p2a: Scream Tail\n|-damage|p2a: Scream Tail|189/330\n|-heal|p1a: Dipplin|94/100|[from] drain|[of] p2a: Scream Tail\n|\n|-heal|p2a: Scream Tail|209/330|[from] item: Leftovers\n|upkeep\n|turn|28\n|inactive|Time left: 300 sec this turn | 300 sec total\n|\n|t:|1783539688\n|move|p2a: Scream Tail|Play Rough|p1a: Dipplin\n|-supereffective|p1a: Dipplin\n|-damage|p1a: Dipplin|64/100\n|move|p1a: Dipplin|Recover|p1a: Dipplin\n|-heal|p1a: Dipplin|100/100\n|\n|-heal|p2a: Scream Tail|330/330|[from] move: Wish|[wisher] Scream Tail\n|upkeep\n|turn|29\n|inactive|Time left: 300 sec this turn | 300 sec total\n|\n|t:|1783539689\n|move|p2a: Scream Tail|Play Rough|p1a: Dipplin\n|-supereffective|p1a: Dipplin\n|-damage|p1a: Dipplin|74/100\n|move|p1a: Dipplin|Giga Drain|p2a: Scream Tail\n|-damage|p2a: Scream Tail|258/330\n|-heal|p1a: Dipplin|87/100|[from] drain|[of] p2a: Scream Tail\n|\n|-heal|p2a: Scream Tail|278/330|[from] item: Leftovers\n|upkeep\n|turn|30\n|inactive|Time left: 300 sec this turn | 300 sec total\n|\n|t:|1783539690\n|move|p2a: Scream Tail|Play Rough|p1a: Dipplin\n|-supereffective|p1a: Dipplin\n|-damage|p1a: Dipplin|61/100\n|move|p1a: Dipplin|Recover|p1a: Dipplin\n|-heal|p1a: Dipplin|100/100\n|\n|-heal|p2a: Scream Tail|298/330|[from] item: Leftovers\n|upkeep\n|turn|31\n|inactive|Time left: 300 sec this turn | 300 sec total\n|\n|t:|1783539691\n|move|p2a: Scream Tail|Play Rough|p1a: Dipplin|[miss]\n|-miss|p2a: Scream Tail|p1a: Dipplin\n|move|p1a: Dipplin|Giga Drain|p2a: Scream Tail\n|-damage|p2a: Scream Tail|228/330\n|\n|-heal|p2a: Scream Tail|248/330|[from] item: Leftovers\n|upkeep\n|turn|32\n|inactive|Time left: 300 sec this turn | 300 sec total\n|\n|t:|1783539692\n|move|p2a: Scream Tail|Play Rough|p1a: Dipplin\n|-supereffective|p1a: Dipplin\n|-damage|p1a: Dipplin|71/100\n|move|p1a: Dipplin|Giga Drain|p2a: Scream Tail\n|-damage|p2a: Scream Tail|182/330\n|-heal|p1a: Dipplin|83/100|[from] drain|[of] p2a: Scream Tail\n|\n|-heal|p2a: Scream Tail|202/330|[from] item: Leftovers\n|upkeep\n|turn|33\n|inactive|Time left: 300 sec this turn | 300 sec total\n|\n|t:|1783539693\n|move|p2a: Scream Tail|Wish|p2a: Scream Tail\n|move|p1a: Dipplin|Recover|p1a: Dipplin\n|-heal|p1a: Dipplin|100/100\n|\n|-heal|p2a: Scream Tail|222/330|[from] item: Leftovers\n|upkeep\n|turn|34\n|inactive|Time left: 300 sec this turn | 300 sec total\n|\n|t:|1783539695\n|move|p2a: Scream Tail|Play Rough|p1a: Dipplin\n|-supereffective|p1a: Dipplin\n|-damage|p1a: Dipplin|73/100\n|move|p1a: Dipplin|Recover|p1a: Dipplin\n|-heal|p1a: Dipplin|100/100\n|\n|-heal|p2a: Scream Tail|330/330|[from] move: Wish|[wisher] Scream Tail\n|upkeep\n|turn|35\n|inactive|Time left: 300 sec this turn | 300 sec total\n|\n|t:|1783539696\n|move|p2a: Scream Tail|Play Rough|p1a: Dipplin\n|-supereffective|p1a: Dipplin\n|-crit|p1a: Dipplin\n|-damage|p1a: Dipplin|60/100\n|move|p1a: Dipplin|Giga Drain|p2a: Scream Tail\n|-damage|p2a: Scream Tail|261/330\n|-heal|p1a: Dipplin|73/100|[from] drain|[of] p2a: Scream Tail\n|\n|-heal|p2a: Scream Tail|281/330|[from] item: Leftovers\n|upkeep\n|turn|36\n|inactive|Time left: 300 sec this turn | 300 sec total\n|\n|t:|1783539697\n|move|p2a: Scream Tail|Play Rough|p1a: Dipplin\n|-supereffective|p1a: Dipplin\n|-damage|p1a: Dipplin|45/100\n|move|p1a: Dipplin|Recover|p1a: Dipplin\n|-heal|p1a: Dipplin|95/100\n|\n|-heal|p2a: Scream Tail|301/330|[from] item: Leftovers\n|upkeep\n|turn|37\n|inactive|Time left: 300 sec this turn | 300 sec total\n|\n|t:|1783539698\n|move|p2a: Scream Tail|Encore|p1a: Dipplin\n|-start|p1a: Dipplin|Encore\n|move|p1a: Dipplin|Recover|p1a: Dipplin\n|-heal|p1a: Dipplin|100/100\n|\n|-heal|p2a: Scream Tail|321/330|[from] item: Leftovers\n|-end|p1a: Dipplin|Encore\n|upkeep\n|turn|38\n|inactive|Time left: 300 sec this turn | 300 sec total\n|\n|t:|1783539699\n|-terastallize|p2a: Scream Tail|Poison\n|move|p2a: Scream Tail|Encore||[still]\n|-fail|p2a: Scream Tail\n|move|p1a: Dipplin|Giga Drain|p2a: Scream Tail\n|-resisted|p2a: Scream Tail\n|-damage|p2a: Scream Tail|286/330\n|\n|-heal|p2a: Scream Tail|306/330|[from] item: Leftovers\n|upkeep\n|turn|39\n|inactive|Time left: 300 sec this turn | 300 sec total\n|\n|t:|1783539700\n|move|p2a: Scream Tail|Encore|p1a: Dipplin\n|-start|p1a: Dipplin|Encore\n|move|p1a: Dipplin|Giga Drain|p2a: Scream Tail\n|-resisted|p2a: Scream Tail\n|-damage|p2a: Scream Tail|274/330\n|\n|-heal|p2a: Scream Tail|294/330|[from] item: Leftovers\n|upkeep\n|turn|40\n|inactive|Time left: 300 sec this turn | 300 sec total\n|\n|t:|1783539701\n|move|p2a: Scream Tail|Play Rough|p1a: Dipplin\n|-supereffective|p1a: Dipplin\n|-crit|p1a: Dipplin\n|-damage|p1a: Dipplin|62/100\n|move|p1a: Dipplin|Giga Drain|p2a: Scream Tail\n|-resisted|p2a: Scream Tail\n|-damage|p2a: Scream Tail|257/330\n|-heal|p1a: Dipplin|69/100|[from] drain|[of] p2a: Scream Tail\n|\n|-heal|p2a: Scream Tail|277/330|[from] item: Leftovers\n|-end|p1a: Dipplin|Encore\n|upkeep\n|turn|41\n|inactive|Time left: 300 sec this turn | 300 sec total\n|\n|t:|1783539702\n|move|p2a: Scream Tail|Encore||[still]\n|-fail|p2a: Scream Tail\n|move|p1a: Dipplin|Dragon Pulse|p2a: Scream Tail\n|-damage|p2a: Scream Tail|202/330\n|\n|-heal|p2a: Scream Tail|222/330|[from] item: Leftovers\n|upkeep\n|turn|42\n|inactive|Time left: 300 sec this turn | 300 sec total\n|\n|t:|1783539702\n|-end|p2a: Scream Tail|Protosynthesis|[silent]\n|switch|p2a: Terrakion|Terrakion, L79|219/273\n|move|p1a: Dipplin|Dragon Pulse|p2a: Terrakion\n|-damage|p2a: Terrakion|119/273\n|\n|upkeep\n|turn|43\n|inactive|Time left: 300 sec this turn | 300 sec total\n|\n|t:|1783539703\n|move|p2a: Terrakion|Swords Dance|p2a: Terrakion\n|-boost|p2a: Terrakion|atk|2\n|move|p1a: Dipplin|Dragon Pulse|p2a: Terrakion\n|-damage|p2a: Terrakion|17/273\n|\n|upkeep\n|turn|44\n|inactive|Time left: 300 sec this turn | 300 sec total\n|\n|t:|1783539704\n|move|p2a: Terrakion|Close Combat|p1a: Dipplin\n|-damage|p1a: Dipplin|0 fnt\n|-unboost|p2a: Terrakion|def|1\n|-unboost|p2a: Terrakion|spd|1\n|faint|p1a: Dipplin\n|-damage|p2a: Terrakion|0 fnt|[from] item: Life Orb\n|faint|p2a: Terrakion\n|\n|win|p0y0410d9a", "uploadtime": 1783539704, "views": 0, "rating": 0, "private": 0, "password": null, "_winner": "p0y0410d9a", "_our_name": "p0y0410d9a"}