{"id": "battle-gen9randombattle-2808", "formatid": "gen9randombattle", "format": "[Gen 9] Random Battle", "players": ["p0x28083699", "p0y28088323"], "log": "|init|battle\n|title|p0x28083699 vs. p0y28088323\n|j|\u2606p0x28083699\n|j|\u2606p0y28088323\n|t:|1783571361\n|gametype|singles\n|player|p1|p0x28083699|266|\n|player|p2|p0y28088323|265|\n|gen|9\n|tier|[Gen 9] Random Battle\n|rule|Species Clause: Limit one of each Pok\u00e9mon\n|rule|HP Percentage Mod: HP is shown in percentages\n|rule|Sleep Clause Mod: Limit one foe put to sleep\n|rule|Illusion Level Mod: Illusion disguises the Pok\u00e9mon's true level\n|\n|t:|1783571361\n|teamsize|p1|6\n|teamsize|p2|6\n|start\n|switch|p1a: Deoxys|Deoxys-Defense, L84|100/100\n|switch|p2a: Toxicroak|Toxicroak, L84, F|277/277\n|-ability|p1a: Deoxys|Pressure\n|turn|1\n|inactive|Battle timer is ON: inactive players will automatically lose when time's up. (requested by p0y28088323)\n|inactive|p0x28083699 also wants the timer to be on.\n|\n|t:|1783571362\n|move|p1a: Deoxys|Cosmic Power|p1a: Deoxys\n|-boost|p1a: Deoxys|def|1\n|-boost|p1a: Deoxys|spd|1\n|move|p2a: Toxicroak|Gunk Shot|p1a: Deoxys\n|-damage|p1a: Deoxys|62/100\n|\n|-heal|p1a: Deoxys|68/100|[from] item: Leftovers\n|upkeep\n|turn|2\n|inactive|Time left: 300 sec this turn | 300 sec total\n|\n|t:|1783571363\n|switch|p2a: Drednaw|Drednaw, L81, F|278/278\n|move|p1a: Deoxys|Cosmic Power|p1a: Deoxys\n|-boost|p1a: Deoxys|def|1\n|-boost|p1a: Deoxys|spd|1\n|\n|-heal|p1a: Deoxys|74/100|[from] item: Leftovers\n|upkeep\n|turn|3\n|inactive|Time left: 300 sec this turn | 300 sec total\n|\n|t:|1783571365\n|move|p1a: Deoxys|Stored Power|p2a: Drednaw\n|-damage|p2a: Drednaw|179/278\n|move|p2a: Drednaw|Shell Smash|p2a: Drednaw\n|-unboost|p2a: Drednaw|def|1\n|-unboost|p2a: Drednaw|spd|1\n|-boost|p2a: Drednaw|atk|2\n|-boost|p2a: Drednaw|spa|2\n|-boost|p2a: Drednaw|spe|2\n|-enditem|p2a: Drednaw|White Herb\n|-clearnegativeboost|p2a: Drednaw|[silent]\n|\n|-heal|p1a: Deoxys|80/100|[from] item: Leftovers\n|upkeep\n|turn|4\n|inactive|Time left: 300 sec this turn | 300 sec total\n|\n|t:|1783571366\n|move|p2a: Drednaw|Crunch|p1a: Deoxys\n|-supereffective|p1a: Deoxys\n|-damage|p1a: Deoxys|27/100\n|move|p1a: Deoxys|Stored Power|p2a: Drednaw\n|-damage|p2a: Drednaw|73/278\n|\n|-heal|p1a: Deoxys|33/100|[from] item: Leftovers\n|upkeep\n|turn|5\n|inactive|Time left: 300 sec this turn | 300 sec total\n|\n|t:|1783571367\n|-terastallize|p2a: Drednaw|Dark\n|-terastallize|p1a: Deoxys|Steel\n|move|p2a: Drednaw|Crunch|p1a: Deoxys\n|-damage|p1a: Deoxys|0 fnt\n|faint|p1a: Deoxys\n|\n|upkeep\n|\n|t:|1783571368\n|switch|p1a: Conkeldurr|Conkeldurr, L80, F|100/100\n|turn|6\n|inactive|Time left: 300 sec this turn | 300 sec total\n|\n|t:|1783571369\n|move|p1a: Conkeldurr|Mach Punch|p2a: Drednaw\n|-supereffective|p2a: Drednaw\n|-damage|p2a: Drednaw|0 fnt\n|faint|p2a: Drednaw\n|\n|-status|p1a: Conkeldurr|brn|[from] item: Flame Orb\n|upkeep\n|inactive|Time left: 300 sec this turn | 300 sec total | 5 sec grace\n|\n|t:|1783571370\n|switch|p2a: Avalugg|Avalugg-Hisui, L90, F|317/317\n|turn|7\n|inactive|Time left: 300 sec this turn | 300 sec total\n|\n|t:|1783571371\n|move|p1a: Conkeldurr|Close Combat|p2a: Avalugg\n|-supereffective|p2a: Avalugg\n|-ability|p2a: Avalugg|Sturdy\n|-damage|p2a: Avalugg|1/317\n|-unboost|p1a: Conkeldurr|def|1\n|-unboost|p1a: Conkeldurr|spd|1\n|move|p2a: Avalugg|Avalanche|p1a: Conkeldurr\n|-damage|p1a: Conkeldurr|3/100 brn\n|\n|-damage|p1a: Conkeldurr|0 fnt|[from] brn\n|faint|p1a: Conkeldurr\n|upkeep\n|\n|t:|1783571372\n|switch|p1a: Espathra|Espathra, L80, M|100/100\n|turn|8\n|inactive|Time left: 300 sec this turn | 300 sec total\n|\n|t:|1783571374\n|move|p1a: Espathra|Lumina Crash|p2a: Avalugg\n|-damage|p2a: Avalugg|0 fnt\n|faint|p2a: Avalugg\n|\n|-ability|p1a: Espathra|Speed Boost|boost\n|-boost|p1a: Espathra|spe|1\n|upkeep\n|inactive|Time left: 300 sec this turn | 300 sec total | 5 sec grace\n|\n|t:|1783571375\n|switch|p2a: Cresselia|Cresselia, L80, F|323/323\n|turn|9\n|inactive|Time left: 300 sec this turn | 300 sec total\n|\n|t:|1783571376\n|move|p1a: Espathra|Lumina Crash|p2a: Cresselia\n|-resisted|p2a: Cresselia\n|-damage|p2a: Cresselia|273/323\n|-unboost|p2a: Cresselia|spd|2\n|move|p2a: Cresselia|Calm Mind|p2a: Cresselia\n|-boost|p2a: Cresselia|spa|1\n|-boost|p2a: Cresselia|spd|1\n|\n|-heal|p2a: Cresselia|293/323|[from] item: Leftovers\n|-ability|p1a: Espathra|Speed Boost|boost\n|-boost|p1a: Espathra|spe|1\n|upkeep\n|turn|10\n|inactive|Time left: 300 sec this turn | 300 sec total\n|\n|t:|1783571377\n|move|p1a: Espathra|Lumina Crash|p2a: Cresselia\n|-resisted|p2a: Cresselia\n|-damage|p2a: Cresselia|219/323\n|-unboost|p2a: Cresselia|spd|2\n|move|p2a: Cresselia|Calm Mind|p2a: Cresselia\n|-boost|p2a: Cresselia|spa|1\n|-boost|p2a: Cresselia|spd|1\n|\n|-heal|p2a: Cresselia|239/323|[from] item: Leftovers\n|-ability|p1a: Espathra|Speed Boost|boost\n|-boost|p1a: Espathra|spe|1\n|upkeep\n|turn|11\n|inactive|Time left: 300 sec this turn | 300 sec total\n|\n|t:|1783571378\n|move|p1a: Espathra|Lumina Crash|p2a: Cresselia\n|-resisted|p2a: Cresselia\n|-damage|p2a: Cresselia|131/323\n|-unboost|p2a: Cresselia|spd|2\n|move|p2a: Cresselia|Moonblast|p1a: Espathra\n|-damage|p1a: Espathra|51/100\n|\n|-heal|p2a: Cresselia|151/323|[from] item: Leftovers\n|-ability|p1a: Espathra|Speed Boost|boost\n|-boost|p1a: Espathra|spe|1\n|upkeep\n|turn|12\n|inactive|Time left: 300 sec this turn | 300 sec total\n|\n|t:|1783571379\n|move|p1a: Espathra|Lumina Crash|p2a: Cresselia\n|-resisted|p2a: Cresselia\n|-damage|p2a: Cresselia|0 fnt\n|faint|p2a: Cresselia\n|\n|-ability|p1a: Espathra|Speed Boost|boost\n|-boost|p1a: Espathra|spe|1\n|upkeep\n|inactive|Time left: 300 sec this turn | 300 sec total | 5 sec grace\n|\n|t:|1783571380\n|switch|p2a: Dudunsparce|Dudunsparce, L83, M|343/343\n|turn|13\n|inactive|Time left: 300 sec this turn | 300 sec total\n|\n|t:|1783571381\n|move|p1a: Espathra|Lumina Crash|p2a: Dudunsparce\n|-damage|p2a: Dudunsparce|208/343\n|-unboost|p2a: Dudunsparce|spd|2\n|move|p2a: Dudunsparce|Boomburst|p1a: Espathra\n|-damage|p1a: Espathra|0 fnt\n|faint|p1a: Espathra\n|\n|-heal|p2a: Dudunsparce|229/343|[from] item: Leftovers\n|upkeep\n|\n|t:|1783571382\n|switch|p1a: Keldeo|Keldeo-Resolute, L79|100/100\n|turn|14\n|inactive|Time left: 300 sec this turn | 300 sec total\n|\n|t:|1783571383\n|switch|p2a: Toxicroak|Toxicroak, L84, F|277/277\n|move|p1a: Keldeo|Secret Sword|p2a: Toxicroak\n|-resisted|p2a: Toxicroak\n|-damage|p2a: Toxicroak|190/277\n|\n|upkeep\n|turn|15\n|inactive|Time left: 300 sec this turn | 300 sec total\n|\n|t:|1783571384\n|move|p1a: Keldeo|Secret Sword|p2a: Toxicroak\n|-resisted|p2a: Toxicroak\n|-damage|p2a: Toxicroak|91/277\n|move|p2a: Toxicroak|Gunk Shot|p1a: Keldeo\n|-damage|p1a: Keldeo|17/100\n|\n|upkeep\n|turn|16\n|inactive|Time left: 300 sec this turn | 300 sec total\n|\n|t:|1783571385\n|move|p1a: Keldeo|Secret Sword|p2a: Toxicroak\n|-resisted|p2a: Toxicroak\n|-damage|p2a: Toxicroak|4/277\n|move|p2a: Toxicroak|Gunk Shot|p1a: Keldeo\n|-damage|p1a: Keldeo|0 fnt\n|faint|p1a: Keldeo\n|\n|upkeep\n|\n|t:|1783571386\n|switch|p1a: Froslass|Froslass, L87, F|100/100\n|turn|17\n|inactive|Time left: 300 sec this turn | 300 sec total\n|\n|t:|1783571387\n|move|p1a: Froslass|Triple Axel|p2a: Toxicroak\n|-damage|p2a: Toxicroak|0 fnt\n|faint|p2a: Toxicroak\n|-hitcount|p2: Toxicroak|1\n|\n|upkeep\n|inactive|Time left: 300 sec this turn | 300 sec total | 5 sec grace\n|\n|t:|1783571388\n|switch|p2a: Dudunsparce|Dudunsparce, L83, M|229/343\n|turn|18\n|inactive|Time left: 300 sec this turn | 300 sec total\n|\n|t:|1783571389\n|move|p1a: Froslass|Triple Axel|p2a: Dudunsparce\n|-damage|p2a: Dudunsparce|205/343\n|-damage|p2a: Dudunsparce|163/343\n|-damage|p2a: Dudunsparce|100/343\n|-hitcount|p2a: Dudunsparce|3\n|move|p2a: Dudunsparce|Toxic|p1a: Froslass\n|-status|p1a: Froslass|tox\n|\n|-heal|p2a: Dudunsparce|121/343|[from] item: Leftovers\n|-damage|p1a: Froslass|94/100 tox|[from] psn\n|upkeep\n|turn|19\n|inactive|Time left: 300 sec this turn | 300 sec total\n|\n|t:|1783571390\n|switch|p2a: Hitmontop|Hitmontop, L88, M|231/231\n|-ability|p2a: Hitmontop|Intimidate|boost\n|-unboost|p1a: Froslass|atk|1\n|move|p1a: Froslass|Triple Axel|p2a: Hitmontop\n|-crit|p2a: Hitmontop\n|-damage|p2a: Hitmontop|203/231\n|-damage|p2a: Hitmontop|178/231\n|-damage|p2a: Hitmontop|142/231\n|-hitcount|p2a: Hitmontop|3\n|\n|-damage|p1a: Froslass|82/100 tox|[from] psn\n|upkeep\n|turn|20\n|inactive|Time left: 300 sec this turn | 300 sec total\n|\n|t:|1783571391\n|switch|p1a: Basculin|Basculin, L86, F|100/100\n|switch|p2a: Dudunsparce|Dudunsparce, L83, M|121/343\n|\n|-heal|p2a: Dudunsparce|142/343|[from] item: Leftovers\n|upkeep\n|turn|21\n|inactive|Time left: 300 sec this turn | 300 sec total\n|\n|t:|1783571392\n|move|p1a: Basculin|Wave Crash|p2a: Dudunsparce\n|-damage|p2a: Dudunsparce|0 fnt\n|faint|p2a: Dudunsparce\n|-damage|p1a: Basculin|82/100|[from] Recoil\n|\n|upkeep\n|inactive|Time left: 300 sec this turn | 300 sec total | 5 sec grace\n|\n|t:|1783571393\n|switch|p2a: Hitmontop|Hitmontop, L88, M|142/231\n|-ability|p2a: Hitmontop|Intimidate|boost\n|-unboost|p1a: Basculin|atk|1\n|turn|22\n|inactive|Time left: 300 sec this turn | 300 sec total\n|\n|t:|1783571393\n|move|p2a: Hitmontop|Sucker Punch|p1a: Basculin\n|-damage|p1a: Basculin|58/100\n|move|p1a: Basculin|Wave Crash|p2a: Hitmontop\n|-damage|p2a: Hitmontop|0 fnt\n|faint|p2a: Hitmontop\n|-damage|p1a: Basculin|40/100|[from] Recoil\n|\n|win|p0x28083699", "uploadtime": 1783571394, "views": 0, "rating": 0, "private": 0, "password": null, "_winner": "p0x28083699", "_our_name": "p0y28088323"}