{"id": "battle-gen9randombattle-2709", "formatid": "gen9randombattle", "format": "[Gen 9] Random Battle", "players": ["p0x27097a7e", "p0y2709679b"], "log": "|init|battle\n|title|p0x27097a7e vs. p0y2709679b\n|j|\u2606p0x27097a7e\n|j|\u2606p0y2709679b\n|t:|1783571227\n|gametype|singles\n|player|p1|p0x27097a7e|265|\n|player|p2|p0y2709679b|101|\n|gen|9\n|tier|[Gen 9] Random Battle\n|rule|Species Clause: Limit one of each Pok\u00e9mon\n|rule|HP Percentage Mod: HP is shown in percentages\n|rule|Sleep Clause Mod: Limit one foe put to sleep\n|rule|Illusion Level Mod: Illusion disguises the Pok\u00e9mon's true level\n|\n|t:|1783571227\n|teamsize|p1|6\n|teamsize|p2|6\n|start\n|switch|p1a: Basculegion|Basculegion-F, L83, F|335/335\n|switch|p2a: Gothitelle|Gothitelle, L90, F|100/100\n|turn|1\n|inactive|Battle timer is ON: inactive players will automatically lose when time's up. (requested by p0y2709679b)\n|inactive|Time left: 300 sec this turn | 300 sec total | 60 sec grace\n|inactive|p0x27097a7e also wants the timer to be on.\n|\n|t:|1783571229\n|move|p2a: Gothitelle|Dark Pulse|p1a: Basculegion\n|-supereffective|p1a: Basculegion\n|-damage|p1a: Basculegion|239/335\n|cant|p1a: Basculegion|flinch\n|\n|upkeep\n|turn|2\n|inactive|Time left: 300 sec this turn | 300 sec total\n|\n|t:|1783571230\n|move|p2a: Gothitelle|Dark Pulse|p1a: Basculegion\n|-supereffective|p1a: Basculegion\n|-damage|p1a: Basculegion|135/335\n|cant|p1a: Basculegion|flinch\n|\n|upkeep\n|turn|3\n|inactive|Time left: 300 sec this turn | 300 sec total\n|\n|t:|1783571231\n|move|p2a: Gothitelle|Dark Pulse|p1a: Basculegion\n|-supereffective|p1a: Basculegion\n|-damage|p1a: Basculegion|43/335\n|move|p1a: Basculegion|Shadow Ball|p2a: Gothitelle\n|-supereffective|p2a: Gothitelle\n|-damage|p2a: Gothitelle|31/100\n|-unboost|p2a: Gothitelle|spd|1\n|\n|upkeep\n|turn|4\n|inactive|Time left: 300 sec this turn | 300 sec total\n|\n|t:|1783571232\n|move|p2a: Gothitelle|Dark Pulse|p1a: Basculegion\n|-supereffective|p1a: Basculegion\n|-damage|p1a: Basculegion|0 fnt\n|faint|p1a: Basculegion\n|\n|upkeep\n|inactive|Time left: 300 sec this turn | 300 sec total | 5 sec grace\n|\n|t:|1783571233\n|switch|p1a: Hitmonlee|Hitmonlee, L85, M|223/223\n|turn|5\n|inactive|Time left: 300 sec this turn | 300 sec total\n|\n|t:|1783571234\n|switch|p2a: Toxapex|Toxapex, L82, M|100/100\n|move|p1a: Hitmonlee|High Jump Kick|p2a: Toxapex|[miss]\n|-miss|p1a: Hitmonlee|p2a: Toxapex\n|-damage|p1a: Hitmonlee|112/223|[from] highjumpkick\n|\n|upkeep\n|turn|6\n|inactive|Time left: 300 sec this turn | 300 sec total\n|\n|t:|1783571235\n|move|p1a: Hitmonlee|High Jump Kick|p2a: Toxapex\n|-resisted|p2a: Toxapex\n|-damage|p2a: Toxapex|50/100\n|move|p2a: Toxapex|Liquidation|p1a: Hitmonlee\n|-damage|p1a: Hitmonlee|22/223\n|\n|-heal|p2a: Toxapex|57/100|[from] item: Leftovers\n|upkeep\n|turn|7\n|inactive|Time left: 300 sec this turn | 300 sec total\n|\n|t:|1783571236\n|switch|p2a: Slowbro|Slowbro, L85, M|100/100\n|move|p1a: Hitmonlee|High Jump Kick|p2a: Slowbro\n|-resisted|p2a: Slowbro\n|-damage|p2a: Slowbro|60/100\n|\n|-heal|p2a: Slowbro|66/100|[from] item: Leftovers\n|upkeep\n|turn|8\n|inactive|Time left: 300 sec this turn | 300 sec total\n|\n|t:|1783571237\n|move|p1a: Hitmonlee|High Jump Kick|p2a: Slowbro\n|-resisted|p2a: Slowbro\n|-damage|p2a: Slowbro|23/100\n|move|p2a: Slowbro|Slack Off|p2a: Slowbro\n|-heal|p2a: Slowbro|73/100\n|\n|-heal|p2a: Slowbro|79/100|[from] item: Leftovers\n|upkeep\n|turn|9\n|inactive|Time left: 300 sec this turn | 300 sec total\n|\n|t:|1783571238\n|move|p1a: Hitmonlee|High Jump Kick|p2a: Slowbro\n|-resisted|p2a: Slowbro\n|-damage|p2a: Slowbro|34/100\n|move|p2a: Slowbro|Scald|p1a: Hitmonlee\n|-damage|p1a: Hitmonlee|0 fnt\n|faint|p1a: Hitmonlee\n|\n|-heal|p2a: Slowbro|40/100|[from] item: Leftovers\n|upkeep\n|inactive|Time left: 300 sec this turn | 300 sec total | 5 sec grace\n|\n|t:|1783571239\n|switch|p1a: Seviper|Seviper, L93, F|287/287\n|turn|10\n|inactive|Time left: 300 sec this turn | 300 sec total\n|\n|t:|1783571240\n|switch|p2a: Toxapex|Toxapex, L82, M|90/100\n|move|p1a: Seviper|Gunk Shot|p2a: Toxapex\n|-resisted|p2a: Toxapex\n|-damage|p2a: Toxapex|57/100\n|-damage|p1a: Seviper|259/287|[from] item: Life Orb\n|\n|-heal|p2a: Toxapex|63/100|[from] item: Leftovers\n|upkeep\n|turn|11\n|inactive|Time left: 300 sec this turn | 300 sec total\n|\n|t:|1783571241\n|switch|p2a: Noctowl|Noctowl, L95, M|100/100\n|move|p1a: Seviper|Gunk Shot|p2a: Noctowl|[miss]\n|-miss|p1a: Seviper|p2a: Noctowl\n|\n|upkeep\n|turn|12\n|inactive|Time left: 300 sec this turn | 300 sec total\n|\n|t:|1783571242\n|move|p2a: Noctowl|Nasty Plot|p2a: Noctowl\n|-boost|p2a: Noctowl|spa|2\n|move|p1a: Seviper|Gunk Shot|p2a: Noctowl\n|-damage|p2a: Noctowl|23/100\n|-status|p2a: Noctowl|psn\n|-damage|p1a: Seviper|231/287|[from] item: Life Orb\n|\n|-damage|p2a: Noctowl|11/100 psn|[from] psn\n|upkeep\n|turn|13\n|inactive|Time left: 300 sec this turn | 300 sec total\n|\n|t:|1783571243\n|switch|p1a: Munkidori|Munkidori, L79, M|269/269\n|move|p2a: Noctowl|Hyper Voice|p1a: Munkidori\n|-damage|p1a: Munkidori|125/269\n|\n|-damage|p2a: Noctowl|0 fnt|[from] psn\n|faint|p2a: Noctowl\n|upkeep\n|\n|t:|1783571244\n|switch|p2a: Gothitelle|Gothitelle, L90, F|31/100\n|turn|14\n|inactive|Time left: 300 sec this turn | 300 sec total\n|\n|t:|1783571245\n|move|p2a: Gothitelle|Dark Pulse|p1a: Munkidori\n|-supereffective|p1a: Munkidori\n|-damage|p1a: Munkidori|33/269\n|move|p1a: Munkidori|Sludge Wave|p2a: Gothitelle\n|-damage|p2a: Gothitelle|0 fnt\n|faint|p2a: Gothitelle\n|\n|upkeep\n|\n|t:|1783571246\n|switch|p2a: Zangoose|Zangoose, L85, M|100/100\n|turn|15\n|inactive|Time left: 300 sec this turn | 300 sec total\n|\n|t:|1783571247\n|move|p2a: Zangoose|Quick Attack|p1a: Munkidori\n|-damage|p1a: Munkidori|0 fnt\n|faint|p1a: Munkidori\n|\n|-status|p2a: Zangoose|tox|[from] item: Toxic Orb\n|upkeep\n|inactive|Time left: 300 sec this turn | 300 sec total | 5 sec grace\n|\n|t:|1783571248\n|switch|p1a: Rayquaza|Rayquaza, L72|270/270\n|-ability|p1a: Rayquaza|Air Lock\n|turn|16\n|inactive|Time left: 300 sec this turn | 300 sec total\n|\n|t:|1783571249\n|-terastallize|p1a: Rayquaza|Steel\n|move|p2a: Zangoose|Facade|p1a: Rayquaza\n|-resisted|p1a: Rayquaza\n|-damage|p1a: Rayquaza|117/270\n|move|p1a: Rayquaza|Dragon Dance|p1a: Rayquaza\n|-boost|p1a: Rayquaza|atk|1\n|-boost|p1a: Rayquaza|spe|1\n|\n|-damage|p2a: Zangoose|94/100 tox|[from] psn\n|upkeep\n|turn|17\n|inactive|Time left: 300 sec this turn | 300 sec total\n|\n|t:|1783571250\n|move|p1a: Rayquaza|Outrage|p2a: Zangoose\n|-damage|p2a: Zangoose|0 fnt\n|faint|p2a: Zangoose\n|\n|upkeep\n|\n|t:|1783571251\n|switch|p2a: Slowbro|Slowbro, L85, M|73/100\n|turn|18\n|inactive|Time left: 300 sec this turn | 300 sec total\n|\n|t:|1783571252\n|move|p1a: Rayquaza|Outrage|p2a: Slowbro|[from] lockedmove\n|-damage|p2a: Slowbro|15/100\n|move|p2a: Slowbro|Body Press|p1a: Rayquaza\n|-supereffective|p1a: Rayquaza\n|-damage|p1a: Rayquaza|0 fnt\n|faint|p1a: Rayquaza\n|\n|-heal|p2a: Slowbro|21/100|[from] item: Leftovers\n|upkeep\n|inactive|Time left: 300 sec this turn | 300 sec total | 5 sec grace\n|\n|t:|1783571253\n|switch|p1a: Seviper|Seviper, L93, F|231/287\n|turn|19\n|inactive|Time left: 300 sec this turn | 300 sec total\n|\n|t:|1783571254\n|switch|p2a: Toxapex|Toxapex, L82, M|97/100\n|move|p1a: Seviper|Earthquake|p2a: Toxapex\n|-supereffective|p2a: Toxapex\n|-damage|p2a: Toxapex|27/100\n|-damage|p1a: Seviper|203/287|[from] item: Life Orb\n|\n|-heal|p2a: Toxapex|33/100|[from] item: Leftovers\n|upkeep\n|turn|20\n|inactive|Time left: 300 sec this turn | 300 sec total\n|\n|t:|1783571255\n|switch|p2a: Slowbro|Slowbro, L85, M|55/100\n|move|p1a: Seviper|Knock Off|p2a: Slowbro\n|-supereffective|p2a: Slowbro\n|-damage|p2a: Slowbro|0 fnt\n|-enditem|p2a: Slowbro|Leftovers|[from] move: Knock Off|[of] p1a: Seviper\n|faint|p2a: Slowbro\n|-damage|p1a: Seviper|175/287|[from] item: Life Orb\n|\n|upkeep\n|\n|t:|1783571256\n|switch|p2a: Magmortar|Magmortar, L88, M|100/100\n|turn|21\n|inactive|Time left: 300 sec this turn | 300 sec total\n|\n|t:|1783571257\n|move|p2a: Magmortar|Fire Blast|p1a: Seviper\n|-damage|p1a: Seviper|0 fnt\n|faint|p1a: Seviper\n|\n|upkeep\n|inactive|Time left: 300 sec this turn | 300 sec total | 5 sec grace\n|\n|t:|1783571257\n|switch|p1a: Tatsugiri|Tatsugiri, L87, F|260/260\n|turn|22\n|inactive|Time left: 300 sec this turn | 300 sec total\n|\n|t:|1783571258\n|-terastallize|p2a: Magmortar|Electric\n|move|p2a: Magmortar|Thunderbolt|p1a: Tatsugiri\n|-damage|p1a: Tatsugiri|133/260\n|move|p1a: Tatsugiri|Nasty Plot|p1a: Tatsugiri\n|-boost|p1a: Tatsugiri|spa|2\n|\n|upkeep\n|turn|23\n|inactive|Time left: 300 sec this turn | 300 sec total\n|\n|t:|1783571259\n|switch|p2a: Toxapex|Toxapex, L82, M|66/100\n|move|p1a: Tatsugiri|Draco Meteor|p2a: Toxapex\n|-damage|p2a: Toxapex|0 fnt\n|-unboost|p1a: Tatsugiri|spa|2\n|faint|p2a: Toxapex\n|\n|upkeep\n|\n|t:|1783571260\n|switch|p2a: Magmortar|Magmortar, L88, M, tera:Electric|100/100\n|turn|24\n|inactive|Time left: 300 sec this turn | 300 sec total\n|\n|t:|1783571261\n|move|p2a: Magmortar|Thunderbolt|p1a: Tatsugiri\n|-damage|p1a: Tatsugiri|7/260\n|move|p1a: Tatsugiri|Surf|p2a: Magmortar\n|-damage|p2a: Magmortar|63/100\n|\n|upkeep\n|turn|25\n|inactive|Time left: 300 sec this turn | 300 sec total\n|\n|t:|1783571262\n|move|p2a: Magmortar|Knock Off|p1a: Tatsugiri\n|-damage|p1a: Tatsugiri|0 fnt\n|-enditem|p1a: Tatsugiri|Heavy-Duty Boots|[from] move: Knock Off|[of] p2a: Magmortar\n|faint|p1a: Tatsugiri\n|\n|win|p0y2709679b", "uploadtime": 1783571262, "views": 0, "rating": 0, "private": 0, "password": null, "_winner": "p0y2709679b", "_our_name": "p0x27097a7e"}