{"id": "battle-gen9randombattle-2857", "formatid": "gen9randombattle", "format": "[Gen 9] Random Battle", "players": ["p0x2857c69b", "p0y285798ff"], "log": "|init|battle\n|title|p0x2857c69b vs. p0y285798ff\n|j|\u2606p0x2857c69b\n|j|\u2606p0y285798ff\n|t:|1783572903\n|gametype|singles\n|player|p1|p0x2857c69b|266|\n|player|p2|p0y285798ff|101|\n|gen|9\n|tier|[Gen 9] Random Battle\n|rule|Species Clause: Limit one of each Pok\u00e9mon\n|rule|HP Percentage Mod: HP is shown in percentages\n|rule|Sleep Clause Mod: Limit one foe put to sleep\n|rule|Illusion Level Mod: Illusion disguises the Pok\u00e9mon's true level\n|\n|t:|1783572903\n|teamsize|p1|6\n|teamsize|p2|6\n|start\n|switch|p1a: Tinkaton|Tinkaton, L82, F|100/100\n|switch|p2a: Qwilfish|Qwilfish, L86, M|252/252\n|-ability|p1a: Tinkaton|Mold Breaker\n|-ability|p2a: Qwilfish|Intimidate|boost\n|-unboost|p1a: Tinkaton|atk|1\n|turn|1\n|inactive|Battle timer is ON: inactive players will automatically lose when time's up. (requested by p0y285798ff)\n|inactive|p0x2857c69b also wants the timer to be on.\n|\n|t:|1783572904\n|move|p1a: Tinkaton|Stealth Rock|p2a: Qwilfish\n|-sidestart|p2: p0y285798ff|move: Stealth Rock\n|move|p2a: Qwilfish|Waterfall|p1a: Tinkaton\n|-damage|p1a: Tinkaton|63/100\n|\n|-heal|p1a: Tinkaton|69/100|[from] item: Leftovers\n|upkeep\n|turn|2\n|inactive|Time left: 300 sec this turn | 300 sec total\n|\n|t:|1783572905\n|move|p1a: Tinkaton|Gigaton Hammer|p2a: Qwilfish\n|-resisted|p2a: Qwilfish\n|-damage|p2a: Qwilfish|209/252\n|move|p2a: Qwilfish|Waterfall|p1a: Tinkaton\n|-damage|p1a: Tinkaton|33/100\n|\n|-heal|p1a: Tinkaton|39/100|[from] item: Leftovers\n|-heal|p2a: Qwilfish|224/252|[from] item: Leftovers\n|upkeep\n|turn|3\n|inactive|Time left: 300 sec this turn | 300 sec total\n|\n|t:|1783572907\n|switch|p1a: Inteleon|Inteleon, L81, F|100/100\n|move|p2a: Qwilfish|Waterfall|p1a: Inteleon\n|-resisted|p1a: Inteleon\n|-damage|p1a: Inteleon|79/100\n|\n|-heal|p2a: Qwilfish|239/252|[from] item: Leftovers\n|upkeep\n|turn|4\n|inactive|Time left: 300 sec this turn | 300 sec total\n|\n|t:|1783572908\n|move|p1a: Inteleon|Scald|p2a: Qwilfish\n|-resisted|p2a: Qwilfish\n|-damage|p2a: Qwilfish|135/252\n|move|p2a: Qwilfish|Gunk Shot|p1a: Inteleon\n|-crit|p1a: Inteleon\n|-damage|p1a: Inteleon|0 fnt\n|faint|p1a: Inteleon\n|\n|-heal|p2a: Qwilfish|150/252|[from] item: Leftovers\n|upkeep\n|\n|t:|1783572908\n|switch|p1a: Regieleki|Regieleki, L79|100/100\n|turn|5\n|inactive|Time left: 300 sec this turn | 300 sec total\n|\n|t:|1783572909\n|switch|p2a: Bellossom|Bellossom, L84, F|263/263\n|-damage|p2a: Bellossom|231/263|[from] Stealth Rock\n|move|p1a: Regieleki|Volt Switch|p2a: Bellossom\n|-resisted|p2a: Bellossom\n|-damage|p2a: Bellossom|181/263\n|\n|t:|1783572910\n|switch|p1a: Arcanine|Arcanine, L84, F|100/100|[from] Volt Switch\n|-ability|p1a: Arcanine|Intimidate|boost\n|-unboost|p2a: Bellossom|atk|1\n|\n|-heal|p2a: Bellossom|197/263|[from] item: Leftovers\n|upkeep\n|turn|6\n|inactive|Time left: 300 sec this turn | 300 sec total\n|\n|t:|1783572911\n|move|p1a: Arcanine|Flare Blitz|p2a: Bellossom\n|-supereffective|p2a: Bellossom\n|-damage|p2a: Bellossom|0 fnt\n|faint|p2a: Bellossom\n|-damage|p1a: Arcanine|78/100|[from] Recoil\n|\n|upkeep\n|inactive|Time left: 300 sec this turn | 300 sec total | 5 sec grace\n|\n|t:|1783572912\n|switch|p2a: Tauros|Tauros-Paldea-Combat, L82, M|257/257\n|-damage|p2a: Tauros|241/257|[from] Stealth Rock\n|-ability|p2a: Tauros|Intimidate|boost\n|-unboost|p1a: Arcanine|atk|1\n|turn|7\n|inactive|Time left: 300 sec this turn | 300 sec total\n|\n|t:|1783572913\n|switch|p1a: Houndstone|Houndstone, L86, F|100/100\n|move|p2a: Tauros|Close Combat|p1a: Houndstone\n|-immune|p1a: Houndstone\n|\n|upkeep\n|turn|8\n|inactive|Time left: 300 sec this turn | 300 sec total\n|\n|t:|1783572914\n|switch|p2a: Qwilfish|Qwilfish, L86, M|150/252\n|-damage|p2a: Qwilfish|119/252|[from] Stealth Rock\n|-ability|p2a: Qwilfish|Intimidate|boost\n|-unboost|p1a: Houndstone|atk|1\n|move|p1a: Houndstone|Poltergeist|p2a: Qwilfish\n|-activate|p2a: Qwilfish|move: Poltergeist|Leftovers\n|-damage|p2a: Qwilfish|35/252\n|\n|-heal|p2a: Qwilfish|50/252|[from] item: Leftovers\n|upkeep\n|turn|9\n|inactive|Time left: 300 sec this turn | 300 sec total\n|\n|t:|1783572915\n|move|p2a: Qwilfish|Spikes|p1a: Houndstone\n|-sidestart|p1: p0x2857c69b|Spikes\n|move|p1a: Houndstone|Poltergeist|p2a: Qwilfish\n|-activate|p2a: Qwilfish|move: Poltergeist|Leftovers\n|-damage|p2a: Qwilfish|0 fnt\n|faint|p2a: Qwilfish\n|\n|upkeep\n|inactive|Time left: 300 sec this turn | 300 sec total | 5 sec grace\n|\n|t:|1783572916\n|switch|p2a: Toxtricity|Toxtricity, L82, M|257/257\n|-damage|p2a: Toxtricity|225/257|[from] Stealth Rock\n|turn|10\n|inactive|Time left: 300 sec this turn | 300 sec total\n|\n|t:|1783572917\n|move|p2a: Toxtricity|Overdrive|p1a: Houndstone\n|-damage|p1a: Houndstone|60/100\n|-enditem|p2a: Toxtricity|Throat Spray\n|-boost|p2a: Toxtricity|spa|1|[from] item: Throat Spray\n|move|p1a: Houndstone|Poltergeist||[still]\n|-fail|p1a: Houndstone\n|\n|-heal|p1a: Houndstone|66/100|[from] item: Leftovers\n|upkeep\n|turn|11\n|inactive|Time left: 300 sec this turn | 300 sec total\n|\n|t:|1783572918\n|move|p2a: Toxtricity|Shift Gear|p2a: Toxtricity\n|-boost|p2a: Toxtricity|spe|2\n|-boost|p2a: Toxtricity|atk|1\n|move|p1a: Houndstone|Body Press|p2a: Toxtricity\n|-resisted|p2a: Toxtricity\n|-damage|p2a: Toxtricity|190/257\n|\n|-heal|p1a: Houndstone|72/100|[from] item: Leftovers\n|upkeep\n|turn|12\n|inactive|Time left: 300 sec this turn | 300 sec total\n|\n|t:|1783572919\n|move|p2a: Toxtricity|Shift Gear|p2a: Toxtricity\n|-boost|p2a: Toxtricity|spe|2\n|-boost|p2a: Toxtricity|atk|1\n|move|p1a: Houndstone|Body Press|p2a: Toxtricity\n|-resisted|p2a: Toxtricity\n|-damage|p2a: Toxtricity|152/257\n|\n|-heal|p1a: Houndstone|79/100|[from] item: Leftovers\n|upkeep\n|turn|13\n|inactive|Time left: 300 sec this turn | 300 sec total\n|\n|t:|1783572920\n|move|p2a: Toxtricity|Overdrive|p1a: Houndstone\n|-damage|p1a: Houndstone|18/100\n|move|p1a: Houndstone|Body Press|p2a: Toxtricity\n|-resisted|p2a: Toxtricity\n|-damage|p2a: Toxtricity|115/257\n|\n|-heal|p1a: Houndstone|24/100|[from] item: Leftovers\n|upkeep\n|turn|14\n|inactive|Time left: 300 sec this turn | 300 sec total\n|\n|t:|1783572921\n|move|p2a: Toxtricity|Overdrive|p1a: Houndstone\n|-damage|p1a: Houndstone|0 fnt\n|faint|p1a: Houndstone\n|\n|upkeep\n|\n|t:|1783572922\n|switch|p1a: Azumarill|Azumarill, L82, F|100/100\n|-damage|p1a: Azumarill|88/100|[from] Spikes\n|turn|15\n|inactive|Time left: 300 sec this turn | 300 sec total\n|\n|t:|1783572923\n|-terastallize|p1a: Azumarill|Water\n|move|p1a: Azumarill|Aqua Jet|p2a: Toxtricity\n|-damage|p2a: Toxtricity|0 fnt\n|faint|p2a: Toxtricity\n|\n|upkeep\n|inactive|Time left: 300 sec this turn | 300 sec total | 5 sec grace\n|\n|t:|1783572924\n|switch|p2a: Raikou|Raikou, L81|278/278\n|-ability|p2a: Raikou|Pressure\n|turn|16\n|inactive|Time left: 300 sec this turn | 300 sec total\n|\n|t:|1783572925\n|move|p1a: Azumarill|Aqua Jet|p2a: Raikou\n|-damage|p2a: Raikou|158/278\n|move|p2a: Raikou|Thunderbolt|p1a: Azumarill\n|-supereffective|p1a: Azumarill\n|-damage|p1a: Azumarill|18/100\n|\n|upkeep\n|turn|17\n|inactive|Time left: 300 sec this turn | 300 sec total\n|\n|t:|1783572926\n|switch|p2a: Veluza|Veluza, L85, F|292/292\n|-damage|p2a: Veluza|256/292|[from] Stealth Rock\n|move|p1a: Azumarill|Aqua Jet|p2a: Veluza\n|-resisted|p2a: Veluza\n|-damage|p2a: Veluza|203/292\n|\n|upkeep\n|turn|18\n|inactive|Time left: 300 sec this turn | 300 sec total\n|\n|t:|1783572927\n|move|p1a: Azumarill|Aqua Jet|p2a: Veluza\n|-resisted|p2a: Veluza\n|-damage|p2a: Veluza|146/292\n|move|p2a: Veluza|Aqua Cutter|p1a: Azumarill\n|-resisted|p1a: Azumarill\n|-damage|p1a: Azumarill|0 fnt\n|faint|p1a: Azumarill\n|\n|upkeep\n|\n|t:|1783572928\n|switch|p1a: Regieleki|Regieleki, L79|100/100\n|-damage|p1a: Regieleki|88/100|[from] Spikes\n|turn|19\n|inactive|Time left: 300 sec this turn | 300 sec total\n|\n|t:|1783572929\n|switch|p2a: Raikou|Raikou, L81|158/278\n|-ability|p2a: Raikou|Pressure\n|move|p1a: Regieleki|Thunderbolt|p2a: Raikou\n|-resisted|p2a: Raikou\n|-damage|p2a: Raikou|89/278\n|\n|upkeep\n|turn|20\n|inactive|Time left: 300 sec this turn | 300 sec total\n|\n|t:|1783572930\n|move|p1a: Regieleki|Thunderbolt|p2a: Raikou\n|-resisted|p2a: Raikou\n|-damage|p2a: Raikou|24/278\n|move|p2a: Raikou|Scald|p1a: Regieleki\n|-damage|p1a: Regieleki|52/100\n|\n|upkeep\n|turn|21\n|inactive|Time left: 300 sec this turn | 300 sec total\n|\n|t:|1783572931\n|move|p1a: Regieleki|Rapid Spin|p2a: Raikou\n|-damage|p2a: Raikou|0 fnt\n|-boost|p1a: Regieleki|spe|1\n|-sideend|p1: p0x2857c69b|Spikes|[from] move: Rapid Spin|[of] p1a: Regieleki\n|faint|p2a: Raikou\n|\n|upkeep\n|inactive|Time left: 300 sec this turn | 300 sec total | 5 sec grace\n|\n|t:|1783572931\n|switch|p2a: Tauros|Tauros-Paldea-Combat, L82, M|241/257\n|-damage|p2a: Tauros|225/257|[from] Stealth Rock\n|-ability|p2a: Tauros|Intimidate|boost\n|-unboost|p1a: Regieleki|atk|1\n|turn|22\n|inactive|Time left: 300 sec this turn | 300 sec total\n|\n|t:|1783572932\n|move|p1a: Regieleki|Volt Switch|p2a: Tauros\n|-damage|p2a: Tauros|105/257\n|\n|t:|1783572933\n|switch|p1a: Tinkaton|Tinkaton, L82, F|39/100|[from] Volt Switch\n|-ability|p1a: Tinkaton|Mold Breaker\n|move|p2a: Tauros|Stone Edge|p1a: Tinkaton\n|-resisted|p1a: Tinkaton\n|-damage|p1a: Tinkaton|16/100\n|\n|-heal|p1a: Tinkaton|22/100|[from] item: Leftovers\n|upkeep\n|turn|23\n|inactive|Time left: 300 sec this turn | 300 sec total\n|\n|t:|1783572935\n|move|p2a: Tauros|Stone Edge|p1a: Tinkaton\n|-resisted|p1a: Tinkaton\n|-damage|p1a: Tinkaton|1/100\n|move|p1a: Tinkaton|Knock Off|p2a: Tauros\n|-resisted|p2a: Tauros\n|-damage|p2a: Tauros|81/257\n|-enditem|p2a: Tauros|Choice Band|[from] move: Knock Off|[of] p1a: Tinkaton\n|\n|-heal|p1a: Tinkaton|7/100|[from] item: Leftovers\n|upkeep\n|turn|24\n|inactive|Time left: 300 sec this turn | 300 sec total\n|\n|t:|1783572936\n|move|p2a: Tauros|Throat Chop|p1a: Tinkaton\n|-resisted|p1a: Tinkaton\n|-damage|p1a: Tinkaton|0 fnt\n|faint|p1a: Tinkaton\n|\n|upkeep\n|\n|t:|1783572937\n|switch|p1a: Regieleki|Regieleki, L79|52/100\n|turn|25\n|inactive|Time left: 300 sec this turn | 300 sec total\n|\n|t:|1783572938\n|move|p1a: Regieleki|Thunderbolt|p2a: Tauros\n|-damage|p2a: Tauros|0 fnt\n|faint|p2a: Tauros\n|\n|upkeep\n|inactive|Time left: 300 sec this turn | 300 sec total | 5 sec grace\n|\n|t:|1783572938\n|switch|p2a: Veluza|Veluza, L85, F|146/292\n|-damage|p2a: Veluza|110/292|[from] Stealth Rock\n|turn|26\n|inactive|Time left: 300 sec this turn | 300 sec total\n|\n|t:|1783572939\n|move|p1a: Regieleki|Thunderbolt|p2a: Veluza\n|-supereffective|p2a: Veluza\n|-damage|p2a: Veluza|0 fnt\n|faint|p2a: Veluza\n|\n|win|p0x2857c69b", "uploadtime": 1783572939, "views": 0, "rating": 0, "private": 0, "password": null, "_winner": "p0x2857c69b", "_our_name": "p0y285798ff"}