{"id": "battle-gen9randombattle-634", "formatid": "gen9randombattle", "format": "[Gen 9] Random Battle", "players": ["p0x63450b6", "p0y6348cc0"], "log": "|init|battle\n|title|p0x63450b6 vs. p0y6348cc0\n|j|\u2606p0x63450b6\n|j|\u2606p0y6348cc0\n|t:|1783547173\n|gametype|singles\n|player|p1|p0x63450b6|101|\n|player|p2|p0y6348cc0|169|\n|gen|9\n|tier|[Gen 9] Random Battle\n|rule|Species Clause: Limit one of each Pok\u00e9mon\n|rule|HP Percentage Mod: HP is shown in percentages\n|rule|Sleep Clause Mod: Limit one foe put to sleep\n|rule|Illusion Level Mod: Illusion disguises the Pok\u00e9mon's true level\n|\n|t:|1783547173\n|teamsize|p1|6\n|teamsize|p2|6\n|start\n|switch|p1a: Sudowoodo|Sudowoodo, L94, F|284/284\n|switch|p2a: Cloyster|Cloyster, L80, M|100/100\n|turn|1\n|inactive|Battle timer is ON: inactive players will automatically lose when time's up. (requested by p0y6348cc0)\n|inactive|Time left: 300 sec this turn | 300 sec total | 60 sec grace\n|inactive|p0x63450b6 also wants the timer to be on.\n|\n|t:|1783547174\n|move|p2a: Cloyster|Hydro Pump|p1a: Sudowoodo\n|-supereffective|p1a: Sudowoodo\n|-damage|p1a: Sudowoodo|72/284\n|move|p1a: Sudowoodo|Head Smash|p2a: Cloyster\n|-supereffective|p2a: Cloyster\n|-damage|p2a: Cloyster|0 fnt\n|faint|p2a: Cloyster\n|\n|-heal|p1a: Sudowoodo|89/284|[from] item: Leftovers\n|upkeep\n|\n|t:|1783547175\n|switch|p2a: Frosmoth|Frosmoth, L82, M|100/100\n|turn|2\n|inactive|Time left: 300 sec this turn | 300 sec total\n|\n|t:|1783547176\n|switch|p1a: Excadrill|Excadrill, L79, M|303/303\n|-ability|p1a: Excadrill|Mold Breaker\n|move|p2a: Frosmoth|Ice Beam|p1a: Excadrill\n|-damage|p1a: Excadrill|209/303\n|\n|upkeep\n|turn|3\n|inactive|Time left: 300 sec this turn | 300 sec total\n|\n|t:|1783547178\n|switch|p2a: Quagsire|Quagsire, L84, F|100/100\n|move|p1a: Excadrill|Iron Head|p2a: Quagsire\n|-resisted|p2a: Quagsire\n|-damage|p2a: Quagsire|83/100\n|\n|-heal|p2a: Quagsire|89/100|[from] item: Leftovers\n|upkeep\n|turn|4\n|inactive|Time left: 300 sec this turn | 300 sec total\n|\n|t:|1783547179\n|switch|p1a: Chesnaught|Chesnaught, L84, F|285/285\n|move|p2a: Quagsire|Earthquake|p1a: Chesnaught\n|-resisted|p1a: Chesnaught\n|-damage|p1a: Chesnaught|245/285\n|\n|-heal|p1a: Chesnaught|262/285|[from] item: Leftovers\n|-heal|p2a: Quagsire|95/100|[from] item: Leftovers\n|upkeep\n|turn|5\n|inactive|Time left: 300 sec this turn | 300 sec total\n|\n|t:|1783547180\n|move|p1a: Chesnaught|Trailblaze|p2a: Quagsire\n|-supereffective|p2a: Quagsire\n|-damage|p2a: Quagsire|13/100\n|-boost|p1a: Chesnaught|spe|1\n|move|p2a: Quagsire|Ice Beam|p1a: Chesnaught\n|-supereffective|p1a: Chesnaught\n|-damage|p1a: Chesnaught|158/285\n|\n|-heal|p1a: Chesnaught|175/285|[from] item: Leftovers\n|-heal|p2a: Quagsire|19/100|[from] item: Leftovers\n|upkeep\n|turn|6\n|inactive|Time left: 300 sec this turn | 300 sec total\n|\n|t:|1783547181\n|-terastallize|p2a: Quagsire|Poison\n|move|p1a: Chesnaught|Body Press|p2a: Quagsire\n|-resisted|p2a: Quagsire\n|-damage|p2a: Quagsire|3/100\n|move|p2a: Quagsire|Recover|p2a: Quagsire\n|-heal|p2a: Quagsire|53/100\n|\n|-heal|p1a: Chesnaught|192/285|[from] item: Leftovers\n|-heal|p2a: Quagsire|59/100|[from] item: Leftovers\n|upkeep\n|turn|7\n|inactive|Time left: 300 sec this turn | 300 sec total\n|\n|t:|1783547182\n|move|p1a: Chesnaught|Synthesis|p1a: Chesnaught\n|-heal|p1a: Chesnaught|285/285\n|move|p2a: Quagsire|Toxic|p1a: Chesnaught\n|-status|p1a: Chesnaught|tox\n|\n|-heal|p2a: Quagsire|65/100|[from] item: Leftovers\n|-damage|p1a: Chesnaught|268/285 tox|[from] psn\n|upkeep\n|turn|8\n|inactive|Time left: 300 sec this turn | 300 sec total\n|\n|t:|1783547183\n|move|p1a: Chesnaught|Iron Defense|p1a: Chesnaught\n|-boost|p1a: Chesnaught|def|2\n|move|p2a: Quagsire|Earthquake|p1a: Chesnaught\n|-resisted|p1a: Chesnaught\n|-damage|p1a: Chesnaught|232/285 tox\n|\n|-heal|p1a: Chesnaught|249/285 tox|[from] item: Leftovers\n|-heal|p2a: Quagsire|71/100|[from] item: Leftovers\n|-damage|p1a: Chesnaught|215/285 tox|[from] psn\n|upkeep\n|turn|9\n|inactive|Time left: 300 sec this turn | 300 sec total\n|\n|t:|1783547184\n|move|p1a: Chesnaught|Body Press|p2a: Quagsire\n|-resisted|p2a: Quagsire\n|-damage|p2a: Quagsire|53/100\n|move|p2a: Quagsire|Earthquake|p1a: Chesnaught\n|-resisted|p1a: Chesnaught\n|-damage|p1a: Chesnaught|176/285 tox\n|\n|-heal|p1a: Chesnaught|193/285 tox|[from] item: Leftovers\n|-heal|p2a: Quagsire|59/100|[from] item: Leftovers\n|-damage|p1a: Chesnaught|142/285 tox|[from] psn\n|upkeep\n|turn|10\n|inactive|Time left: 300 sec this turn | 300 sec total\n|\n|t:|1783547185\n|move|p1a: Chesnaught|Synthesis|p1a: Chesnaught\n|-heal|p1a: Chesnaught|284/285 tox\n|move|p2a: Quagsire|Earthquake|p1a: Chesnaught\n|-resisted|p1a: Chesnaught\n|-damage|p1a: Chesnaught|245/285 tox\n|\n|-heal|p1a: Chesnaught|262/285 tox|[from] item: Leftovers\n|-heal|p2a: Quagsire|65/100|[from] item: Leftovers\n|-damage|p1a: Chesnaught|194/285 tox|[from] psn\n|upkeep\n|turn|11\n|inactive|Time left: 300 sec this turn | 300 sec total\n|\n|t:|1783547186\n|switch|p1a: Thundurus|Thundurus-Therian, L80, M|258/258\n|move|p2a: Quagsire|Earthquake|p1a: Thundurus\n|-immune|p1a: Thundurus\n|\n|-heal|p2a: Quagsire|72/100|[from] item: Leftovers\n|upkeep\n|turn|12\n|inactive|Time left: 300 sec this turn | 300 sec total\n|\n|t:|1783547187\n|move|p1a: Thundurus|Thunderbolt|p2a: Quagsire\n|-damage|p2a: Quagsire|18/100\n|move|p2a: Quagsire|Ice Beam|p1a: Thundurus\n|-supereffective|p1a: Thundurus\n|-damage|p1a: Thundurus|152/258\n|\n|-heal|p2a: Quagsire|24/100|[from] item: Leftovers\n|upkeep\n|turn|13\n|inactive|Time left: 300 sec this turn | 300 sec total\n|\n|t:|1783547188\n|switch|p2a: Frosmoth|Frosmoth, L82, M|100/100\n|move|p1a: Thundurus|Thunderbolt|p2a: Frosmoth\n|-damage|p2a: Frosmoth|76/100\n|-status|p2a: Frosmoth|par\n|\n|upkeep\n|turn|14\n|inactive|Time left: 300 sec this turn | 300 sec total\n|\n|t:|1783547189\n|switch|p1a: Excadrill|Excadrill, L79, M|209/303\n|-ability|p1a: Excadrill|Mold Breaker\n|move|p2a: Frosmoth|Ice Beam|p1a: Excadrill\n|-damage|p1a: Excadrill|112/303\n|-status|p1a: Excadrill|frz\n|\n|upkeep\n|turn|15\n|inactive|Time left: 300 sec this turn | 300 sec total\n|\n|t:|1783547190\n|cant|p1a: Excadrill|frz\n|move|p2a: Frosmoth|Quiver Dance|p2a: Frosmoth\n|-boost|p2a: Frosmoth|spa|1\n|-boost|p2a: Frosmoth|spd|1\n|-boost|p2a: Frosmoth|spe|1\n|\n|upkeep\n|turn|16\n|inactive|Time left: 300 sec this turn | 300 sec total\n|\n|t:|1783547191\n|-curestatus|p1a: Excadrill|frz|[msg]\n|move|p1a: Excadrill|Iron Head|p2a: Frosmoth\n|-supereffective|p2a: Frosmoth\n|-damage|p2a: Frosmoth|0 fnt\n|faint|p2a: Frosmoth\n|\n|upkeep\n|\n|t:|1783547192\n|switch|p2a: Honchkrow|Honchkrow, L86, M|100/100\n|turn|17\n|inactive|Time left: 300 sec this turn | 300 sec total\n|\n|t:|1783547193\n|move|p1a: Excadrill|Iron Head|p2a: Honchkrow\n|-damage|p2a: Honchkrow|57/100\n|move|p2a: Honchkrow|Lash Out|p1a: Excadrill\n|-damage|p1a: Excadrill|0 fnt\n|faint|p1a: Excadrill\n|-ability|p2a: Honchkrow|Moxie|boost\n|-boost|p2a: Honchkrow|atk|1\n|\n|upkeep\n|inactive|Time left: 300 sec this turn | 300 sec total | 5 sec grace\n|\n|t:|1783547194\n|switch|p1a: Samurott|Samurott, L88, F|310/310\n|turn|18\n|inactive|Time left: 300 sec this turn | 300 sec total\n|\n|t:|1783547195\n|move|p2a: Honchkrow|Sucker Punch|p1a: Samurott\n|-damage|p1a: Samurott|172/310\n|move|p1a: Samurott|Hydro Pump|p2a: Honchkrow|[miss]\n|-miss|p1a: Samurott|p2a: Honchkrow\n|\n|upkeep\n|turn|19\n|inactive|Time left: 300 sec this turn | 300 sec total\n|\n|t:|1783547196\n|switch|p2a: Tinkaton|Tinkaton, L82, F|100/100\n|-ability|p2a: Tinkaton|Mold Breaker\n|move|p1a: Samurott|Hydro Pump|p2a: Tinkaton\n|-damage|p2a: Tinkaton|52/100\n|\n|-heal|p2a: Tinkaton|58/100|[from] item: Leftovers\n|upkeep\n|turn|20\n|inactive|Time left: 300 sec this turn | 300 sec total\n|\n|t:|1783547198\n|move|p2a: Tinkaton|Stealth Rock|p1a: Samurott\n|-sidestart|p1: p0x63450b6|move: Stealth Rock\n|move|p1a: Samurott|Hydro Pump|p2a: Tinkaton\n|-damage|p2a: Tinkaton|16/100\n|\n|-heal|p2a: Tinkaton|22/100|[from] item: Leftovers\n|upkeep\n|turn|21\n|inactive|Time left: 300 sec this turn | 300 sec total\n|\n|t:|1783547199\n|move|p2a: Tinkaton|Gigaton Hammer|p1a: Samurott\n|-resisted|p1a: Samurott\n|-damage|p1a: Samurott|103/310\n|move|p1a: Samurott|Hydro Pump|p2a: Tinkaton\n|-damage|p2a: Tinkaton|0 fnt\n|faint|p2a: Tinkaton\n|\n|upkeep\n|\n|t:|1783547200\n|switch|p2a: Garganacl|Garganacl, L80, F|100/100\n|turn|22\n|inactive|Time left: 300 sec this turn | 300 sec total\n|\n|t:|1783547201\n|move|p1a: Samurott|Hydro Pump|p2a: Garganacl\n|-supereffective|p2a: Garganacl\n|-damage|p2a: Garganacl|0 fnt\n|faint|p2a: Garganacl\n|\n|upkeep\n|\n|t:|1783547203\n|switch|p2a: Quagsire|Quagsire, L84, F, tera:Poison|24/100\n|turn|23\n|inactive|Time left: 300 sec this turn | 300 sec total\n|\n|t:|1783547204\n|move|p1a: Samurott|Knock Off|p2a: Quagsire\n|-damage|p2a: Quagsire|0 fnt\n|-enditem|p2a: Quagsire|Leftovers|[from] move: Knock Off|[of] p1a: Samurott\n|faint|p2a: Quagsire\n|\n|upkeep\n|\n|t:|1783547205\n|switch|p2a: Honchkrow|Honchkrow, L86, M|57/100\n|turn|24\n|inactive|Time left: 300 sec this turn | 300 sec total\n|\n|t:|1783547206\n|-terastallize|p1a: Samurott|Dark\n|move|p1a: Samurott|Hydro Pump|p2a: Honchkrow|[miss]\n|-miss|p1a: Samurott|p2a: Honchkrow\n|move|p2a: Honchkrow|Brave Bird|p1a: Samurott\n|-damage|p1a: Samurott|0 fnt\n|faint|p1a: Samurott\n|-ability|p2a: Honchkrow|Moxie|boost\n|-boost|p2a: Honchkrow|atk|1\n|-damage|p2a: Honchkrow|46/100|[from] Recoil\n|\n|upkeep\n|inactive|Time left: 300 sec this turn | 300 sec total | 5 sec grace\n|\n|t:|1783547207\n|switch|p1a: Froslass|Froslass, L87, F|263/263\n|-damage|p1a: Froslass|198/263|[from] Stealth Rock\n|turn|25\n|inactive|Time left: 300 sec this turn | 300 sec total\n|\n|t:|1783547208\n|move|p2a: Honchkrow|Sucker Punch||[still]\n|-fail|p2a: Honchkrow\n|move|p1a: Froslass|Destiny Bond|p1a: Froslass\n|-singlemove|p1a: Froslass|Destiny Bond\n|\n|upkeep\n|turn|26\n|inactive|Time left: 300 sec this turn | 300 sec total\n|\n|t:|1783547209\n|move|p1a: Froslass|Triple Axel|p2a: Honchkrow\n|-supereffective|p2a: Honchkrow\n|-damage|p2a: Honchkrow|29/100\n|-supereffective|p2a: Honchkrow\n|-damage|p2a: Honchkrow|0 fnt\n|faint|p2a: Honchkrow\n|-hitcount|p2: Honchkrow|2\n|\n|win|p0x63450b6", "uploadtime": 1783547209, "views": 0, "rating": 0, "private": 0, "password": null, "_winner": "p0x63450b6", "_our_name": "p0x63450b6"}