{"id": "battle-gen9randombattle-2262", "formatid": "gen9randombattle", "format": "[Gen 9] Random Battle", "players": ["p0x2262b3cf", "p0y226218ce"], "log": "|init|battle\n|title|p0x2262b3cf vs. p0y226218ce\n|j|\u2606p0x2262b3cf\n|j|\u2606p0y226218ce\n|t:|1783566219\n|gametype|singles\n|player|p1|p0x2262b3cf|1|\n|player|p2|p0y226218ce|102|\n|gen|9\n|tier|[Gen 9] Random Battle\n|rule|Species Clause: Limit one of each Pok\u00e9mon\n|rule|HP Percentage Mod: HP is shown in percentages\n|rule|Sleep Clause Mod: Limit one foe put to sleep\n|rule|Illusion Level Mod: Illusion disguises the Pok\u00e9mon's true level\n|\n|t:|1783566219\n|teamsize|p1|6\n|teamsize|p2|6\n|start\n|switch|p1a: Articuno|Articuno-Galar, L84|288/288\n|switch|p2a: Hariyama|Hariyama, L87, M|100/100\n|turn|1\n|inactive|Battle timer is ON: inactive players will automatically lose when time's up. (requested by p0y226218ce)\n|inactive|Time left: 300 sec this turn | 300 sec total | 60 sec grace\n|\n|t:|1783566221\n|move|p1a: Articuno|Freezing Glare|p2a: Hariyama\n|-supereffective|p2a: Hariyama\n|-damage|p2a: Hariyama|50/100\n|move|p2a: Hariyama|Knock Off|p1a: Articuno\n|-supereffective|p1a: Articuno\n|-damage|p1a: Articuno|124/288\n|-enditem|p1a: Articuno|Heavy-Duty Boots|[from] move: Knock Off|[of] p2a: Hariyama\n|\n|upkeep\n|turn|2\n|inactive|Time left: 300 sec this turn | 300 sec total\n|inactive|p0x2262b3cf also wants the timer to be on.\n|\n|t:|1783566222\n|move|p1a: Articuno|Recover|p1a: Articuno\n|-heal|p1a: Articuno|268/288\n|move|p2a: Hariyama|Stone Edge|p1a: Articuno\n|-supereffective|p1a: Articuno\n|-damage|p1a: Articuno|74/288\n|\n|upkeep\n|turn|3\n|inactive|Time left: 300 sec this turn | 300 sec total\n|\n|t:|1783566223\n|switch|p2a: Lapras|Lapras, L87, M|100/100\n|move|p1a: Articuno|Freezing Glare|p2a: Lapras\n|-damage|p2a: Lapras|74/100\n|\n|upkeep\n|turn|4\n|inactive|Time left: 300 sec this turn | 300 sec total\n|\n|t:|1783566224\n|move|p1a: Articuno|Hurricane|p2a: Lapras\n|-damage|p2a: Lapras|41/100\n|-start|p2a: Lapras|confusion\n|-activate|p2a: Lapras|confusion\n|move|p2a: Lapras|Dragon Dance|p2a: Lapras\n|-boost|p2a: Lapras|atk|1\n|-boost|p2a: Lapras|spe|1\n|\n|upkeep\n|turn|5\n|inactive|Time left: 300 sec this turn | 300 sec total\n|\n|t:|1783566225\n|-activate|p2a: Lapras|confusion\n|move|p2a: Lapras|Icicle Spear|p1a: Articuno\n|-supereffective|p1a: Articuno\n|-damage|p1a: Articuno|0 fnt\n|faint|p1a: Articuno\n|-hitcount|p1: Articuno|1\n|\n|upkeep\n|inactive|Time left: 300 sec this turn | 300 sec total | 5 sec grace\n|\n|t:|1783566226\n|switch|p1a: Copperajah|Copperajah, L86, M|350/350\n|turn|6\n|inactive|Time left: 300 sec this turn | 300 sec total\n|\n|t:|1783566227\n|-end|p2a: Lapras|confusion\n|move|p2a: Lapras|Earthquake|p1a: Copperajah\n|-supereffective|p1a: Copperajah\n|-damage|p1a: Copperajah|96/350\n|move|p1a: Copperajah|Iron Head|p2a: Lapras\n|-damage|p2a: Lapras|0 fnt\n|faint|p2a: Lapras\n|\n|upkeep\n|\n|t:|1783566228\n|switch|p2a: Magmortar|Magmortar, L88, F|100/100\n|turn|7\n|inactive|Time left: 300 sec this turn | 300 sec total\n|\n|t:|1783566228\n|switch|p1a: Magmortar|Magmortar, L88, F|275/275\n|move|p2a: Magmortar|Fire Blast|p1a: Magmortar|[miss]\n|-miss|p2a: Magmortar|p1a: Magmortar\n|\n|upkeep\n|turn|8\n|inactive|Time left: 300 sec this turn | 300 sec total\n|\n|t:|1783566229\n|move|p2a: Magmortar|Earthquake|p1a: Magmortar\n|-supereffective|p1a: Magmortar\n|-damage|p1a: Magmortar|89/275\n|move|p1a: Magmortar|Earthquake|p2a: Magmortar\n|-supereffective|p2a: Magmortar\n|-damage|p2a: Magmortar|36/100\n|\n|upkeep\n|turn|9\n|inactive|Time left: 300 sec this turn | 300 sec total\n|\n|t:|1783566230\n|move|p2a: Magmortar|Earthquake|p1a: Magmortar\n|-supereffective|p1a: Magmortar\n|-damage|p1a: Magmortar|0 fnt\n|faint|p1a: Magmortar\n|\n|upkeep\n|inactive|Time left: 300 sec this turn | 300 sec total | 5 sec grace\n|\n|t:|1783566231\n|switch|p1a: Spectrier|Spectrier, L75|274/274\n|turn|10\n|inactive|Time left: 300 sec this turn | 300 sec total\n|\n|t:|1783566232\n|move|p1a: Spectrier|Nasty Plot|p1a: Spectrier\n|-boost|p1a: Spectrier|spa|2\n|move|p2a: Magmortar|Knock Off|p1a: Spectrier\n|-supereffective|p1a: Spectrier\n|-damage|p1a: Spectrier|72/274\n|-enditem|p1a: Spectrier|Leftovers|[from] move: Knock Off|[of] p2a: Magmortar\n|\n|upkeep\n|turn|11\n|inactive|Time left: 300 sec this turn | 300 sec total\n|\n|t:|1783566233\n|switch|p2a: Umbreon|Umbreon, L84, M|100/100\n|move|p1a: Spectrier|Shadow Ball|p2a: Umbreon\n|-resisted|p2a: Umbreon\n|-damage|p2a: Umbreon|76/100\n|\n|-heal|p2a: Umbreon|82/100|[from] item: Leftovers\n|upkeep\n|turn|12\n|inactive|Time left: 300 sec this turn | 300 sec total\n|\n|t:|1783566234\n|-terastallize|p1a: Spectrier|Fighting\n|move|p1a: Spectrier|Tera Blast|p2a: Umbreon|[anim] Tera Blast Fighting\n|-supereffective|p2a: Umbreon\n|-damage|p2a: Umbreon|0 fnt\n|faint|p2a: Umbreon\n|-ability|p1a: Spectrier|Grim Neigh|boost\n|-boost|p1a: Spectrier|spa|1\n|\n|upkeep\n|\n|t:|1783566234\n|switch|p2a: Cryogonal|Cryogonal, L89|100/100\n|turn|13\n|inactive|Time left: 300 sec this turn | 300 sec total\n|\n|t:|1783566235\n|-terastallize|p2a: Cryogonal|Poison\n|move|p1a: Spectrier|Tera Blast|p2a: Cryogonal|[anim] Tera Blast Fighting\n|-resisted|p2a: Cryogonal\n|-damage|p2a: Cryogonal|73/100\n|move|p2a: Cryogonal|Rapid Spin|p1a: Spectrier\n|-damage|p1a: Spectrier|37/274\n|-boost|p2a: Cryogonal|spe|1\n|\n|upkeep\n|turn|14\n|inactive|Time left: 300 sec this turn | 300 sec total\n|\n|t:|1783566236\n|move|p2a: Cryogonal|Freeze-Dry|p1a: Spectrier\n|-damage|p1a: Spectrier|0 fnt\n|faint|p1a: Spectrier\n|\n|upkeep\n|inactive|Time left: 300 sec this turn | 300 sec total | 5 sec grace\n|\n|t:|1783566237\n|switch|p1a: Copperajah|Copperajah, L86, M|96/350\n|turn|15\n|inactive|Time left: 300 sec this turn | 300 sec total\n|\n|t:|1783566238\n|move|p2a: Cryogonal|Freeze-Dry|p1a: Copperajah\n|-resisted|p1a: Copperajah\n|-damage|p1a: Copperajah|46/350\n|move|p1a: Copperajah|Iron Head|p2a: Cryogonal\n|-damage|p2a: Cryogonal|0 fnt\n|faint|p2a: Cryogonal\n|\n|upkeep\n|\n|t:|1783566240\n|switch|p2a: Magmortar|Magmortar, L88, F|36/100\n|turn|16\n|inactive|Time left: 300 sec this turn | 300 sec total\n|\n|t:|1783566241\n|move|p2a: Magmortar|Fire Blast|p1a: Copperajah\n|-supereffective|p1a: Copperajah\n|-damage|p1a: Copperajah|0 fnt\n|faint|p1a: Copperajah\n|\n|upkeep\n|inactive|Time left: 300 sec this turn | 300 sec total | 5 sec grace\n|\n|t:|1783566242\n|switch|p1a: Vespiquen|Vespiquen, L99, F|299/299\n|-ability|p1a: Vespiquen|Pressure\n|turn|17\n|inactive|Time left: 300 sec this turn | 300 sec total\n|\n|t:|1783566243\n|move|p2a: Magmortar|Fire Blast|p1a: Vespiquen\n|-supereffective|p1a: Vespiquen\n|-damage|p1a: Vespiquen|63/299\n|move|p1a: Vespiquen|Hurricane|p2a: Magmortar\n|-damage|p2a: Magmortar|0 fnt\n|faint|p2a: Magmortar\n|\n|upkeep\n|\n|t:|1783566244\n|switch|p2a: Latios|Latios, L78, M|100/100\n|turn|18\n|inactive|Time left: 300 sec this turn | 300 sec total\n|\n|t:|1783566245\n|switch|p1a: Registeel|Registeel, L81|262/262\n|move|p2a: Latios|Psyshock|p1a: Registeel\n|-resisted|p1a: Registeel\n|-damage|p1a: Registeel|226/262\n|\n|upkeep\n|turn|19\n|inactive|Time left: 300 sec this turn | 300 sec total\n|\n|t:|1783566246\n|move|p2a: Latios|Calm Mind|p2a: Latios\n|-boost|p2a: Latios|spa|1\n|-boost|p2a: Latios|spd|1\n|move|p1a: Registeel|Iron Defense|p1a: Registeel\n|-boost|p1a: Registeel|def|2\n|\n|upkeep\n|turn|20\n|inactive|Time left: 300 sec this turn | 300 sec total\n|\n|t:|1783566247\n|move|p2a: Latios|Calm Mind|p2a: Latios\n|-boost|p2a: Latios|spa|1\n|-boost|p2a: Latios|spd|1\n|move|p1a: Registeel|Iron Defense|p1a: Registeel\n|-boost|p1a: Registeel|def|2\n|\n|upkeep\n|turn|21\n|inactive|Time left: 300 sec this turn | 300 sec total\n|\n|t:|1783566248\n|move|p2a: Latios|Calm Mind|p2a: Latios\n|-boost|p2a: Latios|spa|1\n|-boost|p2a: Latios|spd|1\n|move|p1a: Registeel|Body Press|p2a: Latios\n|-resisted|p2a: Latios\n|-damage|p2a: Latios|49/100\n|\n|upkeep\n|turn|22\n|inactive|Time left: 300 sec this turn | 300 sec total\n|\n|t:|1783566249\n|move|p2a: Latios|Recover|p2a: Latios\n|-heal|p2a: Latios|99/100\n|move|p1a: Registeel|Body Press|p2a: Latios\n|-resisted|p2a: Latios\n|-damage|p2a: Latios|47/100\n|\n|upkeep\n|turn|23\n|inactive|Time left: 300 sec this turn | 300 sec total\n|\n|t:|1783566250\n|move|p2a: Latios|Recover|p2a: Latios\n|-heal|p2a: Latios|97/100\n|move|p1a: Registeel|Rest|p1a: Registeel\n|-status|p1a: Registeel|slp|[from] move: Rest\n|-heal|p1a: Registeel|262/262 slp|[silent]\n|-enditem|p1a: Registeel|Chesto Berry|[eat]\n|-curestatus|p1a: Registeel|slp|[msg]\n|\n|upkeep\n|turn|24\n|inactive|Time left: 300 sec this turn | 300 sec total\n|\n|t:|1783566251\n|move|p2a: Latios|Draco Meteor|p1a: Registeel\n|-resisted|p1a: Registeel\n|-damage|p1a: Registeel|120/262\n|-unboost|p2a: Latios|spa|2\n|move|p1a: Registeel|Body Press|p2a: Latios\n|-resisted|p2a: Latios\n|-damage|p2a: Latios|50/100\n|\n|upkeep\n|turn|25\n|inactive|Time left: 300 sec this turn | 300 sec total\n|\n|t:|1783566253\n|move|p2a: Latios|Recover|p2a: Latios\n|-heal|p2a: Latios|99/100\n|move|p1a: Registeel|Body Press|p2a: Latios\n|-resisted|p2a: Latios\n|-damage|p2a: Latios|53/100\n|\n|upkeep\n|turn|26\n|inactive|Time left: 300 sec this turn | 300 sec total\n|\n|t:|1783566254\n|move|p2a: Latios|Calm Mind|p2a: Latios\n|-boost|p2a: Latios|spa|1\n|-boost|p2a: Latios|spd|1\n|move|p1a: Registeel|Body Press|p2a: Latios\n|-resisted|p2a: Latios\n|-damage|p2a: Latios|3/100\n|\n|upkeep\n|turn|27\n|inactive|Time left: 300 sec this turn | 300 sec total\n|\n|t:|1783566255\n|switch|p1a: Vespiquen|Vespiquen, L99, F|63/299\n|-ability|p1a: Vespiquen|Pressure\n|move|p2a: Latios|Draco Meteor|p1a: Vespiquen\n|-damage|p1a: Vespiquen|0 fnt\n|-unboost|p2a: Latios|spa|2\n|faint|p1a: Vespiquen\n|\n|upkeep\n|inactive|Time left: 300 sec this turn | 300 sec total | 5 sec grace\n|\n|t:|1783566256\n|switch|p1a: Registeel|Registeel, L81|120/262\n|turn|28\n|inactive|Time left: 300 sec this turn | 300 sec total\n|\n|t:|1783566257\n|move|p2a: Latios|Calm Mind|p2a: Latios\n|-boost|p2a: Latios|spa|1\n|-boost|p2a: Latios|spd|1\n|move|p1a: Registeel|Iron Defense|p1a: Registeel\n|-boost|p1a: Registeel|def|2\n|\n|upkeep\n|turn|29\n|inactive|Time left: 300 sec this turn | 300 sec total\n|\n|t:|1783566258\n|move|p2a: Latios|Recover|p2a: Latios\n|-heal|p2a: Latios|53/100\n|move|p1a: Registeel|Rest|p1a: Registeel\n|-status|p1a: Registeel|slp|[from] move: Rest\n|-heal|p1a: Registeel|262/262 slp|[silent]\n|\n|upkeep\n|turn|30\n|inactive|Time left: 300 sec this turn | 300 sec total\n|\n|t:|1783566259\n|move|p2a: Latios|Recover|p2a: Latios\n|-heal|p2a: Latios|100/100\n|cant|p1a: Registeel|slp\n|\n|upkeep\n|turn|31\n|inactive|Time left: 300 sec this turn | 300 sec total\n|\n|t:|1783566260\n|move|p2a: Latios|Calm Mind|p2a: Latios\n|-boost|p2a: Latios|spa|1\n|-boost|p2a: Latios|spd|1\n|cant|p1a: Registeel|slp\n|\n|upkeep\n|turn|32\n|inactive|Time left: 300 sec this turn | 300 sec total\n|\n|t:|1783566261\n|move|p2a: Latios|Psyshock|p1a: Registeel\n|-resisted|p1a: Registeel\n|-damage|p1a: Registeel|226/262 slp\n|-curestatus|p1a: Registeel|slp|[msg]\n|move|p1a: Registeel|Iron Defense|p1a: Registeel\n|-boost|p1a: Registeel|def|2\n|\n|upkeep\n|turn|33\n|inactive|Time left: 300 sec this turn | 300 sec total\n|\n|t:|1783566261\n|move|p2a: Latios|Calm Mind|p2a: Latios\n|-boost|p2a: Latios|spa|1\n|-boost|p2a: Latios|spd|0\n|move|p1a: Registeel|Body Press|p2a: Latios\n|-resisted|p2a: Latios\n|-damage|p2a: Latios|46/100\n|\n|upkeep\n|turn|34\n|inactive|Time left: 300 sec this turn | 300 sec total\n|\n|t:|1783566262\n|move|p2a: Latios|Recover|p2a: Latios\n|-heal|p2a: Latios|97/100\n|move|p1a: Registeel|Rest|p1a: Registeel\n|-status|p1a: Registeel|slp|[from] move: Rest\n|-heal|p1a: Registeel|262/262 slp|[silent]\n|\n|upkeep\n|turn|35\n|inactive|Time left: 300 sec this turn | 300 sec total\n|\n|t:|1783566263\n|move|p2a: Latios|Draco Meteor|p1a: Registeel\n|-resisted|p1a: Registeel\n|-damage|p1a: Registeel|106/262 slp\n|-unboost|p2a: Latios|spa|2\n|cant|p1a: Registeel|slp\n|\n|upkeep\n|turn|36\n|inactive|Time left: 300 sec this turn | 300 sec total\n|\n|t:|1783566264\n|move|p2a: Latios|Calm Mind|p2a: Latios\n|-boost|p2a: Latios|spa|1\n|-boost|p2a: Latios|spd|0\n|cant|p1a: Registeel|slp\n|\n|upkeep\n|turn|37\n|inactive|Time left: 300 sec this turn | 300 sec total\n|\n|t:|1783566265\n|move|p2a: Latios|Draco Meteor|p1a: Registeel\n|-resisted|p1a: Registeel\n|-damage|p1a: Registeel|0 fnt\n|-unboost|p2a: Latios|spa|2\n|faint|p1a: Registeel\n|\n|win|p0y226218ce", "uploadtime": 1783566265, "views": 0, "rating": 0, "private": 0, "password": null, "_winner": "p0y226218ce", "_our_name": "p0x2262b3cf"}