{"id": "battle-gen9randombattle-348", "formatid": "gen9randombattle", "format": "[Gen 9] Random Battle", "players": ["p0x3487c8b", "p0y3489799"], "log": "|init|battle\n|title|p0x3487c8b vs. p0y3489799\n|j|\u2606p0x3487c8b\n|j|\u2606p0y3489799\n|t:|1783543166\n|gametype|singles\n|player|p1|p0x3487c8b|265|\n|player|p2|p0y3489799|265|\n|gen|9\n|tier|[Gen 9] Random Battle\n|rule|Species Clause: Limit one of each Pok\u00e9mon\n|rule|HP Percentage Mod: HP is shown in percentages\n|rule|Sleep Clause Mod: Limit one foe put to sleep\n|rule|Illusion Level Mod: Illusion disguises the Pok\u00e9mon's true level\n|\n|t:|1783543166\n|teamsize|p1|6\n|teamsize|p2|6\n|start\n|switch|p1a: Drifblim|Drifblim, L86, M|100/100\n|switch|p2a: Avalugg|Avalugg, L88, M|310/310\n|turn|1\n|inactive|Battle timer is ON: inactive players will automatically lose when time's up. (requested by p0x3487c8b)\n|inactive|Time left: 300 sec this turn | 300 sec total | 60 sec grace\n|inactive|p0y3489799 also wants the timer to be on.\n|\n|t:|1783543168\n|move|p1a: Drifblim|Strength Sap|p2a: Avalugg\n|-unboost|p2a: Avalugg|atk|1\n|move|p2a: Avalugg|Avalanche|p1a: Drifblim\n|-supereffective|p1a: Drifblim\n|-damage|p1a: Drifblim|54/100\n|\n|upkeep\n|turn|2\n|inactive|Time left: 300 sec this turn | 300 sec total\n|\n|t:|1783543169\n|move|p1a: Drifblim|Strength Sap|p2a: Avalugg\n|-unboost|p2a: Avalugg|atk|1\n|-heal|p1a: Drifblim|96/100\n|move|p2a: Avalugg|Avalanche|p1a: Drifblim\n|-supereffective|p1a: Drifblim\n|-damage|p1a: Drifblim|64/100\n|\n|upkeep\n|turn|3\n|inactive|Time left: 300 sec this turn | 300 sec total\n|\n|t:|1783543170\n|switch|p2a: Sudowoodo|Sudowoodo, L94, F|284/284\n|move|p1a: Drifblim|Strength Sap|p2a: Sudowoodo\n|-unboost|p2a: Sudowoodo|atk|1\n|-heal|p1a: Drifblim|100/100\n|\n|upkeep\n|turn|4\n|inactive|Time left: 300 sec this turn | 300 sec total\n|\n|t:|1783543171\n|move|p1a: Drifblim|Air Slash|p2a: Sudowoodo\n|-resisted|p2a: Sudowoodo\n|-damage|p2a: Sudowoodo|243/284\n|cant|p2a: Sudowoodo|flinch\n|\n|upkeep\n|turn|5\n|inactive|Time left: 300 sec this turn | 300 sec total\n|\n|t:|1783543172\n|move|p1a: Drifblim|Shadow Ball|p2a: Sudowoodo\n|-damage|p2a: Sudowoodo|147/284\n|-unboost|p2a: Sudowoodo|spd|1\n|move|p2a: Sudowoodo|Head Smash|p1a: Drifblim\n|-supereffective|p1a: Drifblim\n|-damage|p1a: Drifblim|0 fnt\n|-damage|p2a: Sudowoodo|76/284|[from] ability: Aftermath|[of] p1a: Drifblim\n|faint|p1a: Drifblim\n|\n|upkeep\n|\n|t:|1783543173\n|switch|p1a: Sinistcha|Sinistcha-Masterpiece, L83|100/100\n|turn|6\n|inactive|Time left: 300 sec this turn | 300 sec total\n|\n|t:|1783543174\n|move|p1a: Sinistcha|Calm Mind|p1a: Sinistcha\n|-boost|p1a: Sinistcha|spa|1\n|-boost|p1a: Sinistcha|spd|1\n|move|p2a: Sudowoodo|Head Smash|p1a: Sinistcha\n|-damage|p1a: Sinistcha|29/100\n|\n|-heal|p1a: Sinistcha|35/100|[from] item: Leftovers\n|upkeep\n|turn|7\n|inactive|Time left: 300 sec this turn | 300 sec total\n|\n|t:|1783543175\n|move|p1a: Sinistcha|Matcha Gotcha|p2a: Sudowoodo\n|-supereffective|p2a: Sudowoodo\n|-damage|p2a: Sudowoodo|0 fnt\n|-heal|p1a: Sinistcha|50/100|[from] drain|[of] p2a: Sudowoodo\n|faint|p2a: Sudowoodo\n|\n|-heal|p1a: Sinistcha|56/100|[from] item: Leftovers\n|upkeep\n|inactive|Time left: 300 sec this turn | 300 sec total | 5 sec grace\n|\n|t:|1783543176\n|switch|p2a: Delphox|Delphox, L84, F|263/263\n|turn|8\n|inactive|Time left: 300 sec this turn | 300 sec total\n|\n|t:|1783543177\n|move|p2a: Delphox|Fire Blast|p1a: Sinistcha\n|-supereffective|p1a: Sinistcha\n|-damage|p1a: Sinistcha|0 fnt\n|faint|p1a: Sinistcha\n|\n|upkeep\n|\n|t:|1783543178\n|switch|p1a: Klawf|Klawf, L90, F|100/100\n|turn|9\n|inactive|Time left: 300 sec this turn | 300 sec total\n|\n|t:|1783543179\n|move|p2a: Delphox|Fire Blast|p1a: Klawf\n|-resisted|p1a: Klawf\n|-damage|p1a: Klawf|53/100\n|move|p1a: Klawf|Stone Edge|p2a: Delphox\n|-supereffective|p2a: Delphox\n|-damage|p2a: Delphox|0 fnt\n|faint|p2a: Delphox\n|-damage|p1a: Klawf|43/100|[from] item: Life Orb\n|\n|upkeep\n|inactive|Time left: 300 sec this turn | 300 sec total | 5 sec grace\n|\n|t:|1783543180\n|switch|p2a: Meowstic|Meowstic-F, L89, F|277/277\n|turn|10\n|inactive|Time left: 300 sec this turn | 300 sec total\n|\n|t:|1783543181\n|switch|p1a: Lugia|Lugia, L73|100/100\n|move|p2a: Meowstic|Psychic|p1a: Lugia\n|-resisted|p1a: Lugia\n|-damage|p1a: Lugia|92/100\n|-damage|p2a: Meowstic|250/277|[from] item: Life Orb\n|\n|upkeep\n|turn|11\n|inactive|Time left: 300 sec this turn | 300 sec total\n|\n|t:|1783543183\n|move|p2a: Meowstic|Nasty Plot|p2a: Meowstic\n|-boost|p2a: Meowstic|spa|2\n|move|p1a: Lugia|Calm Mind|p1a: Lugia\n|-boost|p1a: Lugia|spa|1\n|-boost|p1a: Lugia|spd|1\n|\n|upkeep\n|turn|12\n|inactive|Time left: 300 sec this turn | 300 sec total\n|\n|t:|1783543184\n|-terastallize|p2a: Meowstic|Electric\n|-terastallize|p1a: Lugia|Steel\n|move|p2a: Meowstic|Thunderbolt|p1a: Lugia\n|-damage|p1a: Lugia|47/100\n|-damage|p2a: Meowstic|223/277|[from] item: Life Orb\n|move|p1a: Lugia|Calm Mind|p1a: Lugia\n|-boost|p1a: Lugia|spa|1\n|-boost|p1a: Lugia|spd|1\n|\n|upkeep\n|turn|13\n|inactive|Time left: 300 sec this turn | 300 sec total\n|\n|t:|1783543185\n|move|p2a: Meowstic|Nasty Plot|p2a: Meowstic\n|-boost|p2a: Meowstic|spa|2\n|move|p1a: Lugia|Recover|p1a: Lugia\n|-heal|p1a: Lugia|97/100\n|\n|upkeep\n|turn|14\n|inactive|Time left: 300 sec this turn | 300 sec total\n|\n|t:|1783543186\n|move|p2a: Meowstic|Thunderbolt|p1a: Lugia\n|-damage|p1a: Lugia|44/100\n|-damage|p2a: Meowstic|196/277|[from] item: Life Orb\n|move|p1a: Lugia|Recover|p1a: Lugia\n|-heal|p1a: Lugia|94/100\n|\n|upkeep\n|turn|15\n|inactive|Time left: 300 sec this turn | 300 sec total\n|\n|t:|1783543187\n|move|p2a: Meowstic|Thunderbolt|p1a: Lugia\n|-damage|p1a: Lugia|42/100\n|-damage|p2a: Meowstic|169/277|[from] item: Life Orb\n|move|p1a: Lugia|Recover|p1a: Lugia\n|-heal|p1a: Lugia|92/100\n|\n|upkeep\n|turn|16\n|inactive|Time left: 300 sec this turn | 300 sec total\n|\n|t:|1783543188\n|move|p2a: Meowstic|Thunderbolt|p1a: Lugia\n|-damage|p1a: Lugia|40/100\n|-damage|p2a: Meowstic|142/277|[from] item: Life Orb\n|move|p1a: Lugia|Recover|p1a: Lugia\n|-heal|p1a: Lugia|90/100\n|\n|upkeep\n|turn|17\n|inactive|Time left: 300 sec this turn | 300 sec total\n|\n|t:|1783543190\n|move|p2a: Meowstic|Thunderbolt|p1a: Lugia\n|-damage|p1a: Lugia|37/100\n|-damage|p2a: Meowstic|115/277|[from] item: Life Orb\n|move|p1a: Lugia|Recover|p1a: Lugia\n|-heal|p1a: Lugia|87/100\n|\n|upkeep\n|turn|18\n|inactive|Time left: 300 sec this turn | 300 sec total\n|\n|t:|1783543191\n|move|p2a: Meowstic|Thunderbolt|p1a: Lugia\n|-damage|p1a: Lugia|34/100\n|-status|p1a: Lugia|par\n|-damage|p2a: Meowstic|88/277|[from] item: Life Orb\n|move|p1a: Lugia|Recover|p1a: Lugia\n|-heal|p1a: Lugia|84/100 par\n|\n|upkeep\n|turn|19\n|inactive|Time left: 300 sec this turn | 300 sec total\n|\n|t:|1783543192\n|move|p2a: Meowstic|Thunderbolt|p1a: Lugia\n|-damage|p1a: Lugia|35/100 par\n|-damage|p2a: Meowstic|61/277|[from] item: Life Orb\n|move|p1a: Lugia|Recover|p1a: Lugia\n|-heal|p1a: Lugia|85/100 par\n|\n|upkeep\n|turn|20\n|inactive|Time left: 300 sec this turn | 300 sec total\n|\n|t:|1783543193\n|move|p2a: Meowstic|Thunderbolt|p1a: Lugia\n|-damage|p1a: Lugia|36/100 par\n|-damage|p2a: Meowstic|34/277|[from] item: Life Orb\n|move|p1a: Lugia|Recover|p1a: Lugia\n|-heal|p1a: Lugia|86/100 par\n|\n|upkeep\n|turn|21\n|inactive|Time left: 300 sec this turn | 300 sec total\n|\n|t:|1783543194\n|move|p2a: Meowstic|Thunderbolt|p1a: Lugia\n|-damage|p1a: Lugia|39/100 par\n|-damage|p2a: Meowstic|7/277|[from] item: Life Orb\n|move|p1a: Lugia|Psychic Noise|p2a: Meowstic\n|-damage|p2a: Meowstic|0 fnt\n|faint|p2a: Meowstic\n|\n|upkeep\n|inactive|Time left: 300 sec this turn | 300 sec total | 5 sec grace\n|\n|t:|1783543195\n|switch|p2a: Pawmot|Pawmot, L80, M|243/243\n|turn|22\n|inactive|Time left: 300 sec this turn | 300 sec total\n|\n|t:|1783543196\n|move|p2a: Pawmot|Double Shock|p1a: Lugia\n|-damage|p1a: Lugia|0 fnt\n|-start|p2a: Pawmot|typechange|???/Fighting|[from] move: Double Shock\n|faint|p1a: Lugia\n|\n|upkeep\n|\n|t:|1783543197\n|switch|p1a: Glaceon|Glaceon, L94, M|100/100\n|turn|23\n|inactive|Time left: 300 sec this turn | 300 sec total\n|\n|t:|1783543198\n|move|p2a: Pawmot|Close Combat|p1a: Glaceon\n|-supereffective|p1a: Glaceon\n|-crit|p1a: Glaceon\n|-damage|p1a: Glaceon|0 fnt\n|-unboost|p2a: Pawmot|def|1\n|-unboost|p2a: Pawmot|spd|1\n|faint|p1a: Glaceon\n|\n|upkeep\n|\n|t:|1783543199\n|switch|p1a: Garganacl|Garganacl, L80, M|100/100\n|turn|24\n|inactive|Time left: 300 sec this turn | 300 sec total\n|\n|t:|1783543200\n|move|p2a: Pawmot|Close Combat|p1a: Garganacl\n|-supereffective|p1a: Garganacl\n|-damage|p1a: Garganacl|30/100\n|-unboost|p2a: Pawmot|def|1\n|-unboost|p2a: Pawmot|spd|1\n|move|p1a: Garganacl|Salt Cure|p2a: Pawmot\n|-resisted|p2a: Pawmot\n|-damage|p2a: Pawmot|189/243\n|-start|p2a: Pawmot|Salt Cure\n|\n|-heal|p1a: Garganacl|36/100|[from] item: Leftovers\n|-damage|p2a: Pawmot|159/243|[from] Salt Cure\n|upkeep\n|turn|25\n|inactive|Time left: 300 sec this turn | 300 sec total\n|\n|t:|1783543201\n|move|p1a: Garganacl|Protect|p1a: Garganacl\n|-singleturn|p1a: Garganacl|Protect\n|move|p2a: Pawmot|Close Combat|p1a: Garganacl\n|-activate|p1a: Garganacl|move: Protect\n|\n|-heal|p1a: Garganacl|42/100|[from] item: Leftovers\n|-damage|p2a: Pawmot|129/243|[from] Salt Cure\n|upkeep\n|turn|26\n|inactive|Time left: 300 sec this turn | 300 sec total\n|\n|t:|1783543202\n|move|p1a: Garganacl|Protect||[still]\n|-fail|p1a: Garganacl\n|move|p2a: Pawmot|Close Combat|p1a: Garganacl\n|-supereffective|p1a: Garganacl\n|-damage|p1a: Garganacl|0 fnt\n|-unboost|p2a: Pawmot|def|1\n|-unboost|p2a: Pawmot|spd|1\n|faint|p1a: Garganacl\n|\n|-damage|p2a: Pawmot|99/243|[from] Salt Cure\n|upkeep\n|\n|t:|1783543203\n|switch|p1a: Klawf|Klawf, L90, F|76/100\n|turn|27\n|inactive|Time left: 300 sec this turn | 300 sec total\n|\n|t:|1783543204\n|move|p2a: Pawmot|Close Combat|p1a: Klawf\n|-supereffective|p1a: Klawf\n|-damage|p1a: Klawf|1/100\n|-unboost|p2a: Pawmot|def|1\n|-unboost|p2a: Pawmot|spd|1\n|move|p1a: Klawf|Stealth Rock|p2a: Pawmot\n|-sidestart|p2: p0y3489799|move: Stealth Rock\n|\n|-damage|p2a: Pawmot|69/243|[from] Salt Cure\n|upkeep\n|turn|28\n|inactive|Time left: 300 sec this turn | 300 sec total\n|\n|t:|1783543204\n|move|p2a: Pawmot|Nuzzle|p1a: Klawf\n|-damage|p1a: Klawf|0 fnt\n|faint|p1a: Klawf\n|\n|win|p0y3489799", "uploadtime": 1783543204, "views": 0, "rating": 0, "private": 0, "password": null, "_winner": "p0y3489799", "_our_name": "p0y3489799"}