{"id": "battle-gen9randombattle-1946", "formatid": "gen9randombattle", "format": "[Gen 9] Random Battle", "players": ["p0x19461825", "p0y1946bf21"], "log": "|init|battle\n|title|p0x19461825 vs. p0y1946bf21\n|j|\u2606p0x19461825\n|j|\u2606p0y1946bf21\n|t:|1783561774\n|gametype|singles\n|player|p1|p0x19461825|2|\n|player|p2|p0y1946bf21|170|\n|gen|9\n|tier|[Gen 9] Random Battle\n|rule|Species Clause: Limit one of each Pok\u00e9mon\n|rule|HP Percentage Mod: HP is shown in percentages\n|rule|Sleep Clause Mod: Limit one foe put to sleep\n|rule|Illusion Level Mod: Illusion disguises the Pok\u00e9mon's true level\n|\n|t:|1783561774\n|teamsize|p1|6\n|teamsize|p2|6\n|start\n|switch|p1a: Kilowattrel|Kilowattrel, L83, M|100/100\n|switch|p2a: Rayquaza|Rayquaza, L72|270/270\n|-ability|p2a: Rayquaza|Air Lock\n|turn|1\n|inactive|Battle timer is ON: inactive players will automatically lose when time's up. (requested by p0y1946bf21)\n|inactive|p0x19461825 also wants the timer to be on.\n|\n|t:|1783561775\n|move|p1a: Kilowattrel|Hurricane|p2a: Rayquaza\n|-damage|p2a: Rayquaza|123/270\n|-start|p2a: Rayquaza|confusion\n|-activate|p2a: Rayquaza|confusion\n|move|p2a: Rayquaza|Scale Shot|p1a: Kilowattrel|[miss]\n|-miss|p2a: Rayquaza|p1a: Kilowattrel\n|\n|upkeep\n|turn|2\n|inactive|Time left: 300 sec this turn | 300 sec total\n|\n|t:|1783561776\n|switch|p2a: Tyranitar|Tyranitar, L78, M|284/284\n|-weather|Sandstorm|[from] ability: Sand Stream|[of] p2a: Tyranitar\n|move|p1a: Kilowattrel|Hurricane|p2a: Tyranitar|[miss]\n|-miss|p1a: Kilowattrel|p2a: Tyranitar\n|\n|-weather|Sandstorm|[upkeep]\n|-damage|p1a: Kilowattrel|95/100|[from] Sandstorm\n|upkeep\n|turn|3\n|inactive|Time left: 300 sec this turn | 300 sec total\n|\n|t:|1783561778\n|switch|p1a: Abomasnow|Abomasnow, L84, F|100/100\n|-weather|Snowscape|[from] ability: Snow Warning|[of] p1a: Abomasnow\n|move|p2a: Tyranitar|Knock Off|p1a: Abomasnow\n|-damage|p1a: Abomasnow|68/100\n|-enditem|p1a: Abomasnow|Light Clay|[from] move: Knock Off|[of] p2a: Tyranitar\n|\n|-weather|Snowscape|[upkeep]\n|upkeep\n|turn|4\n|inactive|Time left: 300 sec this turn | 300 sec total\n|\n|t:|1783561779\n|switch|p2a: Rayquaza|Rayquaza, L72|123/270\n|-ability|p2a: Rayquaza|Air Lock\n|move|p1a: Abomasnow|Aurora Veil||[still]\n|-fail|p1a: Abomasnow\n|\n|-weather|Snowscape|[upkeep]\n|upkeep\n|turn|5\n|inactive|Time left: 300 sec this turn | 300 sec total\n|\n|t:|1783561780\n|switch|p1a: Drednaw|Drednaw, L81, M|100/100\n|move|p2a: Rayquaza|Dragon Ascent|p1a: Drednaw\n|-resisted|p1a: Drednaw\n|-damage|p1a: Drednaw|78/100\n|-unboost|p2a: Rayquaza|def|1\n|-unboost|p2a: Rayquaza|spd|1\n|\n|-weather|Snowscape|[upkeep]\n|upkeep\n|turn|6\n|inactive|Time left: 300 sec this turn | 300 sec total\n|\n|t:|1783561781\n|move|p2a: Rayquaza|Earthquake|p1a: Drednaw\n|-supereffective|p1a: Drednaw\n|-damage|p1a: Drednaw|25/100\n|move|p1a: Drednaw|Shell Smash|p1a: Drednaw\n|-unboost|p1a: Drednaw|def|1\n|-unboost|p1a: Drednaw|spd|1\n|-boost|p1a: Drednaw|atk|2\n|-boost|p1a: Drednaw|spa|2\n|-boost|p1a: Drednaw|spe|2\n|-enditem|p1a: Drednaw|White Herb\n|-clearnegativeboost|p1a: Drednaw|[silent]\n|\n|-weather|Snowscape|[upkeep]\n|upkeep\n|turn|7\n|inactive|Time left: 300 sec this turn | 300 sec total\n|\n|t:|1783561783\n|move|p1a: Drednaw|Liquidation|p2a: Rayquaza\n|-resisted|p2a: Rayquaza\n|-damage|p2a: Rayquaza|0 fnt\n|faint|p2a: Rayquaza\n|\n|-weather|none\n|upkeep\n|inactive|Time left: 300 sec this turn | 300 sec total | 5 sec grace\n|\n|t:|1783561784\n|switch|p2a: Giratina|Giratina, L75|349/349\n|-ability|p2a: Giratina|Pressure\n|turn|8\n|inactive|Time left: 300 sec this turn | 300 sec total\n|\n|t:|1783561785\n|move|p1a: Drednaw|Stone Edge|p2a: Giratina\n|-damage|p2a: Giratina|162/349\n|move|p2a: Giratina|Dragon Pulse|p1a: Drednaw\n|-damage|p1a: Drednaw|0 fnt\n|faint|p1a: Drednaw\n|\n|-heal|p2a: Giratina|183/349|[from] item: Leftovers\n|upkeep\n|\n|t:|1783561785\n|switch|p1a: Meowscarada|Meowscarada, L78, F|100/100\n|turn|9\n|inactive|Time left: 300 sec this turn | 300 sec total\n|\n|t:|1783561787\n|move|p1a: Meowscarada|Triple Axel|p2a: Giratina\n|-start|p1a: Meowscarada|typechange|Ice|[from] ability: Protean\n|-supereffective|p2a: Giratina\n|-damage|p2a: Giratina|129/349\n|-supereffective|p2a: Giratina\n|-damage|p2a: Giratina|21/349\n|-supereffective|p2a: Giratina\n|-damage|p2a: Giratina|0 fnt\n|faint|p2a: Giratina\n|-hitcount|p2: Giratina|3\n|\n|upkeep\n|inactive|Time left: 300 sec this turn | 300 sec total | 5 sec grace\n|\n|t:|1783561788\n|switch|p2a: Tauros|Tauros-Paldea-Blaze, L81, M|252/252\n|turn|10\n|inactive|Time left: 300 sec this turn | 300 sec total\n|\n|t:|1783561789\n|switch|p1a: Primarina|Primarina, L83, F|100/100\n|move|p2a: Tauros|Bulk Up|p2a: Tauros\n|-boost|p2a: Tauros|atk|1\n|-boost|p2a: Tauros|def|1\n|\n|upkeep\n|turn|11\n|inactive|Time left: 300 sec this turn | 300 sec total\n|\n|t:|1783561790\n|move|p2a: Tauros|Substitute|p2a: Tauros\n|-start|p2a: Tauros|Substitute\n|-damage|p2a: Tauros|189/252\n|move|p1a: Primarina|Moonblast|p2a: Tauros\n|-end|p2a: Tauros|Substitute\n|\n|upkeep\n|turn|12\n|inactive|Time left: 300 sec this turn | 300 sec total\n|\n|t:|1783561791\n|-terastallize|p2a: Tauros|Water\n|move|p2a: Tauros|Substitute|p2a: Tauros\n|-start|p2a: Tauros|Substitute\n|-damage|p2a: Tauros|126/252\n|-enditem|p2a: Tauros|Sitrus Berry|[eat]\n|-heal|p2a: Tauros|189/252|[from] item: Sitrus Berry\n|move|p1a: Primarina|Psychic Noise|p2a: Tauros\n|-resisted|p2a: Tauros\n|-damage|p2a: Tauros|126/252\n|-start|p2a: Tauros|move: Heal Block\n|\n|upkeep\n|turn|13\n|inactive|Time left: 300 sec this turn | 300 sec total\n|\n|t:|1783561791\n|move|p2a: Tauros|Raging Bull|p1a: Primarina\n|-resisted|p1a: Primarina\n|-damage|p1a: Primarina|71/100\n|move|p1a: Primarina|Draining Kiss|p2a: Tauros\n|-end|p2a: Tauros|Substitute\n|-heal|p1a: Primarina|89/100|[from] drain|[of] p2a: Tauros\n|\n|-heal|p1a: Primarina|95/100|[from] item: Leftovers\n|-end|p2a: Tauros|move: Heal Block\n|-activate|p2a: Tauros|ability: Cud Chew\n|-enditem|p2a: Tauros|Sitrus Berry|[eat]\n|-heal|p2a: Tauros|189/252|[from] item: Sitrus Berry\n|upkeep\n|turn|14\n|inactive|Time left: 300 sec this turn | 300 sec total\n|\n|t:|1783561792\n|move|p2a: Tauros|Substitute|p2a: Tauros\n|-start|p2a: Tauros|Substitute\n|-damage|p2a: Tauros|126/252\n|move|p1a: Primarina|Moonblast|p2a: Tauros\n|-end|p2a: Tauros|Substitute\n|\n|-heal|p1a: Primarina|100/100|[from] item: Leftovers\n|upkeep\n|turn|15\n|inactive|Time left: 300 sec this turn | 300 sec total\n|\n|t:|1783561793\n|move|p2a: Tauros|Raging Bull|p1a: Primarina\n|-resisted|p1a: Primarina\n|-damage|p1a: Primarina|70/100\n|move|p1a: Primarina|Calm Mind|p1a: Primarina\n|-boost|p1a: Primarina|spa|1\n|-boost|p1a: Primarina|spd|1\n|\n|-heal|p1a: Primarina|76/100|[from] item: Leftovers\n|upkeep\n|turn|16\n|inactive|Time left: 300 sec this turn | 300 sec total\n|\n|t:|1783561794\n|move|p2a: Tauros|Raging Bull|p1a: Primarina\n|-resisted|p1a: Primarina\n|-damage|p1a: Primarina|44/100\n|move|p1a: Primarina|Draining Kiss|p2a: Tauros\n|-damage|p2a: Tauros|9/252\n|-heal|p1a: Primarina|77/100|[from] drain|[of] p2a: Tauros\n|\n|-heal|p1a: Primarina|83/100|[from] item: Leftovers\n|upkeep\n|turn|17\n|inactive|Time left: 300 sec this turn | 300 sec total\n|\n|t:|1783561795\n|move|p2a: Tauros|Close Combat|p1a: Primarina\n|-resisted|p1a: Primarina\n|-damage|p1a: Primarina|39/100\n|-unboost|p2a: Tauros|def|1\n|-unboost|p2a: Tauros|spd|1\n|move|p1a: Primarina|Calm Mind|p1a: Primarina\n|-boost|p1a: Primarina|spa|1\n|-boost|p1a: Primarina|spd|1\n|\n|-heal|p1a: Primarina|45/100|[from] item: Leftovers\n|upkeep\n|turn|18\n|inactive|Time left: 300 sec this turn | 300 sec total\n|\n|t:|1783561796\n|move|p2a: Tauros|Close Combat|p1a: Primarina\n|-resisted|p1a: Primarina\n|-damage|p1a: Primarina|3/100\n|-unboost|p2a: Tauros|def|1\n|-unboost|p2a: Tauros|spd|1\n|move|p1a: Primarina|Psychic Noise|p2a: Tauros\n|-resisted|p2a: Tauros\n|-damage|p2a: Tauros|0 fnt\n|faint|p2a: Tauros\n|\n|-heal|p1a: Primarina|9/100|[from] item: Leftovers\n|upkeep\n|inactive|Time left: 300 sec this turn | 300 sec total | 5 sec grace\n|\n|t:|1783561797\n|switch|p2a: Articuno|Articuno, L86|295/295\n|-ability|p2a: Articuno|Pressure\n|turn|19\n|inactive|Time left: 300 sec this turn | 300 sec total\n|\n|t:|1783561798\n|switch|p1a: Abomasnow|Abomasnow, L84, F|68/100\n|-weather|Snowscape|[from] ability: Snow Warning|[of] p1a: Abomasnow\n|move|p2a: Articuno|Freeze-Dry|p1a: Abomasnow\n|-damage|p1a: Abomasnow|39/100\n|\n|-weather|Snowscape|[upkeep]\n|upkeep\n|turn|20\n|inactive|Time left: 300 sec this turn | 300 sec total\n|\n|t:|1783561799\n|switch|p1a: Kilowattrel|Kilowattrel, L83, M|95/100\n|move|p2a: Articuno|Brave Bird|p1a: Kilowattrel\n|-resisted|p1a: Kilowattrel\n|-damage|p1a: Kilowattrel|63/100\n|-damage|p2a: Articuno|269/295|[from] Recoil\n|\n|-weather|Snowscape|[upkeep]\n|upkeep\n|turn|21\n|inactive|Time left: 300 sec this turn | 300 sec total\n|\n|t:|1783561800\n|move|p1a: Kilowattrel|Roost|p1a: Kilowattrel\n|-heal|p1a: Kilowattrel|100/100\n|-singleturn|p1a: Kilowattrel|move: Roost\n|move|p2a: Articuno|Freeze-Dry|p1a: Kilowattrel\n|-damage|p1a: Kilowattrel|62/100\n|\n|-weather|Snowscape|[upkeep]\n|upkeep\n|turn|22\n|inactive|Time left: 300 sec this turn | 300 sec total\n|\n|t:|1783561801\n|move|p1a: Kilowattrel|Roost|p1a: Kilowattrel\n|-heal|p1a: Kilowattrel|100/100\n|-singleturn|p1a: Kilowattrel|move: Roost\n|move|p2a: Articuno|Freeze-Dry|p1a: Kilowattrel\n|-damage|p1a: Kilowattrel|58/100\n|\n|-weather|Snowscape|[upkeep]\n|upkeep\n|turn|23\n|inactive|Time left: 300 sec this turn | 300 sec total\n|\n|t:|1783561802\n|move|p1a: Kilowattrel|Roost|p1a: Kilowattrel\n|-heal|p1a: Kilowattrel|100/100\n|-singleturn|p1a: Kilowattrel|move: Roost\n|move|p2a: Articuno|Freeze-Dry|p1a: Kilowattrel\n|-damage|p1a: Kilowattrel|63/100\n|\n|-weather|none\n|upkeep\n|turn|24\n|inactive|Time left: 300 sec this turn | 300 sec total\n|\n|t:|1783561804\n|move|p1a: Kilowattrel|Discharge|p2a: Articuno\n|-supereffective|p2a: Articuno\n|-damage|p2a: Articuno|125/295\n|move|p2a: Articuno|Freeze-Dry|p1a: Kilowattrel\n|-supereffective|p1a: Kilowattrel\n|-damage|p1a: Kilowattrel|0 fnt\n|faint|p1a: Kilowattrel\n|\n|upkeep\n|\n|t:|1783561804\n|switch|p1a: Meowscarada|Meowscarada, L78, F|100/100\n|turn|25\n|inactive|Time left: 300 sec this turn | 300 sec total\n|\n|t:|1783561805\n|move|p1a: Meowscarada|Triple Axel|p2a: Articuno\n|-start|p1a: Meowscarada|typechange|Ice|[from] ability: Protean\n|-damage|p2a: Articuno|97/295\n|-damage|p2a: Articuno|39/295\n|-damage|p2a: Articuno|0 fnt\n|faint|p2a: Articuno\n|-hitcount|p2: Articuno|3\n|\n|upkeep\n|inactive|Time left: 300 sec this turn | 300 sec total | 5 sec grace\n|\n|t:|1783561806\n|switch|p2a: Floatzel|Floatzel, L86, M|286/286\n|turn|26\n|inactive|Time left: 300 sec this turn | 300 sec total\n|\n|t:|1783561807\n|switch|p1a: Abomasnow|Abomasnow, L84, F|39/100\n|-weather|Snowscape|[from] ability: Snow Warning|[of] p1a: Abomasnow\n|move|p2a: Floatzel|Bulk Up|p2a: Floatzel\n|-boost|p2a: Floatzel|atk|1\n|-boost|p2a: Floatzel|def|1\n|\n|-weather|Snowscape|[upkeep]\n|upkeep\n|turn|27\n|inactive|Time left: 300 sec this turn | 300 sec total\n|\n|t:|1783561808\n|move|p2a: Floatzel|Bulk Up|p2a: Floatzel\n|-boost|p2a: Floatzel|atk|1\n|-boost|p2a: Floatzel|def|1\n|move|p1a: Abomasnow|Aurora Veil|p1a: Abomasnow\n|-sidestart|p1: p0x19461825|move: Aurora Veil\n|\n|-weather|Snowscape|[upkeep]\n|upkeep\n|turn|28\n|inactive|Time left: 300 sec this turn | 300 sec total\n|\n|t:|1783561809\n|move|p2a: Floatzel|Ice Spinner|p1a: Abomasnow\n|-damage|p1a: Abomasnow|22/100\n|move|p1a: Abomasnow|Wood Hammer|p2a: Floatzel\n|-supereffective|p2a: Floatzel\n|-damage|p2a: Floatzel|104/286\n|-damage|p1a: Abomasnow|2/100|[from] Recoil\n|\n|-weather|Snowscape|[upkeep]\n|-heal|p2a: Floatzel|121/286|[from] item: Leftovers\n|upkeep\n|turn|29\n|inactive|Time left: 300 sec this turn | 300 sec total\n|\n|t:|1783561810\n|move|p2a: Floatzel|Ice Spinner|p1a: Abomasnow\n|-damage|p1a: Abomasnow|0 fnt\n|faint|p1a: Abomasnow\n|\n|-weather|Snowscape|[upkeep]\n|-heal|p2a: Floatzel|138/286|[from] item: Leftovers\n|upkeep\n|\n|t:|1783561811\n|switch|p1a: Meowscarada|Meowscarada, L78, F|100/100\n|turn|30\n|inactive|Time left: 300 sec this turn | 300 sec total\n|\n|t:|1783561811\n|move|p2a: Floatzel|Ice Spinner|p1a: Meowscarada\n|-supereffective|p1a: Meowscarada\n|-damage|p1a: Meowscarada|32/100\n|move|p1a: Meowscarada|Flower Trick|p2a: Floatzel\n|-start|p1a: Meowscarada|typechange|Grass|[from] ability: Protean\n|-supereffective|p2a: Floatzel\n|-crit|p2a: Floatzel\n|-damage|p2a: Floatzel|0 fnt\n|faint|p2a: Floatzel\n|\n|-weather|none\n|upkeep\n|inactive|Time left: 300 sec this turn | 300 sec total | 5 sec grace\n|\n|t:|1783561812\n|switch|p2a: Tyranitar|Tyranitar, L78, M|284/284\n|-weather|Sandstorm|[from] ability: Sand Stream|[of] p2a: Tyranitar\n|turn|31\n|inactive|Time left: 300 sec this turn | 300 sec total\n|\n|t:|1783561813\n|-terastallize|p1a: Meowscarada|Dark\n|move|p1a: Meowscarada|Flower Trick|p2a: Tyranitar\n|-supereffective|p2a: Tyranitar\n|-crit|p2a: Tyranitar\n|-damage|p2a: Tyranitar|0 fnt\n|faint|p2a: Tyranitar\n|\n|win|p0x19461825", "uploadtime": 1783561813, "views": 0, "rating": 0, "private": 0, "password": null, "_winner": "p0x19461825", "_our_name": "p0y1946bf21"}