{"id": "battle-gen9randombattle-77", "formatid": "gen9randombattle", "format": "[Gen 9] Random Battle", "players": ["p0x077279c", "p0y07755e3"], "log": "|init|battle\n|title|p0x077279c vs. p0y07755e3\n|j|\u2606p0x077279c\n|j|\u2606p0y07755e3\n|t:|1783534661\n|gametype|singles\n|player|p1|p0x077279c|170|\n|player|p2|p0y07755e3|2|\n|gen|9\n|tier|[Gen 9] Random Battle\n|rule|Species Clause: Limit one of each Pok\u00e9mon\n|rule|HP Percentage Mod: HP is shown in percentages\n|rule|Sleep Clause Mod: Limit one foe put to sleep\n|rule|Illusion Level Mod: Illusion disguises the Pok\u00e9mon's true level\n|\n|t:|1783534661\n|teamsize|p1|6\n|teamsize|p2|6\n|start\n|switch|p1a: Zarude|Zarude, L77|100/100\n|switch|p2a: Mandibuzz|Mandibuzz, L85, F|326/326\n|turn|1\n|inactive|Battle timer is ON: inactive players will automatically lose when time's up. (requested by p0y07755e3)\n|inactive|p0x077279c also wants the timer to be on.\n|\n|t:|1783534663\n|move|p1a: Zarude|Swords Dance|p1a: Zarude\n|-boost|p1a: Zarude|atk|2\n|move|p2a: Mandibuzz|Foul Play|p1a: Zarude\n|-resisted|p1a: Zarude\n|-damage|p1a: Zarude|62/100\n|\n|upkeep\n|turn|2\n|inactive|Time left: 300 sec this turn | 300 sec total\n|\n|t:|1783534664\n|move|p1a: Zarude|Power Whip|p2a: Mandibuzz\n|-resisted|p2a: Mandibuzz\n|-damage|p2a: Mandibuzz|190/326\n|-damage|p1a: Zarude|52/100|[from] item: Life Orb\n|move|p2a: Mandibuzz|Foul Play|p1a: Zarude\n|-resisted|p1a: Zarude\n|-damage|p1a: Zarude|16/100\n|\n|upkeep\n|turn|3\n|inactive|Time left: 300 sec this turn | 300 sec total\n|\n|t:|1783534665\n|move|p1a: Zarude|Close Combat|p2a: Mandibuzz\n|-damage|p2a: Mandibuzz|16/326\n|-unboost|p1a: Zarude|def|1\n|-unboost|p1a: Zarude|spd|1\n|-damage|p1a: Zarude|7/100|[from] item: Life Orb\n|move|p2a: Mandibuzz|Foul Play|p1a: Zarude\n|-resisted|p1a: Zarude\n|-damage|p1a: Zarude|0 fnt\n|faint|p1a: Zarude\n|\n|upkeep\n|\n|t:|1783534666\n|switch|p1a: Blastoise|Blastoise, L80, F|100/100\n|turn|4\n|inactive|Time left: 300 sec this turn | 300 sec total\n|\n|t:|1783534667\n|move|p2a: Mandibuzz|Foul Play|p1a: Blastoise\n|-damage|p1a: Blastoise|77/100\n|move|p1a: Blastoise|Shell Smash|p1a: Blastoise\n|-unboost|p1a: Blastoise|def|1\n|-unboost|p1a: Blastoise|spd|1\n|-boost|p1a: Blastoise|atk|2\n|-boost|p1a: Blastoise|spa|2\n|-boost|p1a: Blastoise|spe|2\n|-enditem|p1a: Blastoise|White Herb\n|-clearnegativeboost|p1a: Blastoise|[silent]\n|\n|upkeep\n|turn|5\n|inactive|Time left: 300 sec this turn | 300 sec total\n|\n|t:|1783534668\n|switch|p2a: Muk|Muk, L86, M|321/321\n|move|p1a: Blastoise|Ice Beam|p2a: Muk\n|-damage|p2a: Muk|227/321\n|\n|-heal|p2a: Muk|247/321|[from] item: Leftovers\n|upkeep\n|turn|6\n|inactive|Time left: 300 sec this turn | 300 sec total\n|\n|t:|1783534669\n|move|p1a: Blastoise|Hydro Pump|p2a: Muk\n|-damage|p2a: Muk|85/321\n|move|p2a: Muk|Haze|p2a: Muk\n|-clearallboost\n|\n|-heal|p2a: Muk|105/321|[from] item: Leftovers\n|upkeep\n|turn|7\n|inactive|Time left: 300 sec this turn | 300 sec total\n|\n|t:|1783534670\n|switch|p1a: Forretress|Forretress, L84, M|100/100\n|move|p2a: Muk|Gunk Shot|p1a: Forretress\n|-immune|p1a: Forretress\n|\n|-heal|p2a: Muk|125/321|[from] item: Leftovers\n|upkeep\n|turn|8\n|inactive|Time left: 300 sec this turn | 300 sec total\n|\n|t:|1783534671\n|move|p2a: Muk|Knock Off|p1a: Forretress\n|-damage|p1a: Forretress|81/100\n|-enditem|p1a: Forretress|Leftovers|[from] move: Knock Off|[of] p2a: Muk\n|move|p1a: Forretress|Rapid Spin|p2a: Muk\n|-damage|p2a: Muk|89/321\n|-boost|p1a: Forretress|spe|1\n|\n|-heal|p2a: Muk|109/321|[from] item: Leftovers\n|upkeep\n|turn|9\n|inactive|Time left: 300 sec this turn | 300 sec total\n|\n|t:|1783534672\n|switch|p2a: Talonflame|Talonflame, L83, F|265/265\n|move|p1a: Forretress|Iron Head|p2a: Talonflame\n|-resisted|p2a: Talonflame\n|-damage|p2a: Talonflame|220/265\n|\n|upkeep\n|turn|10\n|inactive|Time left: 300 sec this turn | 300 sec total\n|\n|t:|1783534673\n|move|p2a: Talonflame|Swords Dance|p2a: Talonflame\n|-boost|p2a: Talonflame|atk|2\n|move|p1a: Forretress|Rapid Spin|p2a: Talonflame\n|-damage|p2a: Talonflame|181/265\n|-boost|p1a: Forretress|spe|1\n|\n|upkeep\n|turn|11\n|inactive|Time left: 300 sec this turn | 300 sec total\n|\n|t:|1783534674\n|move|p2a: Talonflame|Flare Blitz|p1a: Forretress\n|-supereffective|p1a: Forretress\n|-damage|p1a: Forretress|0 fnt\n|faint|p1a: Forretress\n|-damage|p2a: Talonflame|111/265|[from] Recoil\n|\n|upkeep\n|\n|t:|1783534675\n|switch|p1a: Lapras|Lapras, L87, F|100/100\n|turn|12\n|inactive|Time left: 300 sec this turn | 300 sec total\n|\n|t:|1783534676\n|move|p2a: Talonflame|Brave Bird|p1a: Lapras\n|-damage|p1a: Lapras|40/100\n|-damage|p2a: Talonflame|37/265|[from] Recoil\n|move|p1a: Lapras|Icicle Spear|p2a: Talonflame\n|-damage|p2a: Talonflame|6/265\n|-damage|p2a: Talonflame|0 fnt\n|faint|p2a: Talonflame\n|-hitcount|p2: Talonflame|2\n|\n|upkeep\n|inactive|Time left: 300 sec this turn | 300 sec total | 5 sec grace\n|\n|t:|1783534677\n|switch|p2a: Glalie|Glalie, L96, M|309/309\n|turn|13\n|inactive|Time left: 300 sec this turn | 300 sec total\n|\n|t:|1783534678\n|move|p2a: Glalie|Freeze-Dry|p1a: Lapras\n|-damage|p1a: Lapras|17/100\n|move|p1a: Lapras|Waterfall|p2a: Glalie\n|-damage|p2a: Glalie|225/309\n|\n|upkeep\n|turn|14\n|inactive|Time left: 300 sec this turn | 300 sec total\n|\n|t:|1783534680\n|move|p2a: Glalie|Freeze-Dry|p1a: Lapras\n|-damage|p1a: Lapras|0 fnt\n|faint|p1a: Lapras\n|\n|upkeep\n|\n|t:|1783534681\n|switch|p1a: Blaziken|Blaziken, L76, M|100/100\n|turn|15\n|inactive|Time left: 300 sec this turn | 300 sec total\n|\n|t:|1783534682\n|-terastallize|p1a: Blaziken|Dark\n|move|p2a: Glalie|Earthquake|p1a: Blaziken\n|-damage|p1a: Blaziken|60/100\n|move|p1a: Blaziken|Swords Dance|p1a: Blaziken\n|-boost|p1a: Blaziken|atk|2\n|\n|-ability|p1a: Blaziken|Speed Boost|boost\n|-boost|p1a: Blaziken|spe|1\n|upkeep\n|turn|16\n|inactive|Time left: 300 sec this turn | 300 sec total\n|\n|t:|1783534683\n|switch|p2a: Muk|Muk, L86, M|109/321\n|move|p1a: Blaziken|Knock Off|p2a: Muk\n|-damage|p2a: Muk|0 fnt\n|-enditem|p2a: Muk|Leftovers|[from] move: Knock Off|[of] p1a: Blaziken\n|faint|p2a: Muk\n|-damage|p1a: Blaziken|51/100|[from] item: Life Orb\n|\n|-ability|p1a: Blaziken|Speed Boost|boost\n|-boost|p1a: Blaziken|spe|1\n|upkeep\n|inactive|Time left: 300 sec this turn | 300 sec total | 5 sec grace\n|\n|t:|1783534684\n|switch|p2a: Mandibuzz|Mandibuzz, L85, F|16/326\n|turn|17\n|inactive|Time left: 300 sec this turn | 300 sec total\n|\n|t:|1783534685\n|move|p1a: Blaziken|Knock Off|p2a: Mandibuzz\n|-resisted|p2a: Mandibuzz\n|-damage|p2a: Mandibuzz|0 fnt\n|-enditem|p2a: Mandibuzz|Heavy-Duty Boots|[from] move: Knock Off|[of] p1a: Blaziken\n|faint|p2a: Mandibuzz\n|-damage|p1a: Blaziken|41/100|[from] item: Life Orb\n|\n|-ability|p1a: Blaziken|Speed Boost|boost\n|-boost|p1a: Blaziken|spe|1\n|upkeep\n|inactive|Time left: 300 sec this turn | 300 sec total | 5 sec grace\n|\n|t:|1783534686\n|switch|p2a: Minun|Minun, L95, M|268/268\n|turn|18\n|inactive|Time left: 300 sec this turn | 300 sec total\n|\n|t:|1783534687\n|move|p1a: Blaziken|Knock Off|p2a: Minun\n|-damage|p2a: Minun|0 fnt\n|-enditem|p2a: Minun|Life Orb|[from] move: Knock Off|[of] p1a: Blaziken\n|faint|p2a: Minun\n|-damage|p1a: Blaziken|31/100|[from] item: Life Orb\n|\n|-ability|p1a: Blaziken|Speed Boost|boost\n|-boost|p1a: Blaziken|spe|1\n|upkeep\n|inactive|Time left: 300 sec this turn | 300 sec total | 5 sec grace\n|\n|t:|1783534688\n|switch|p2a: Glalie|Glalie, L96, M|225/309\n|turn|19\n|inactive|Time left: 300 sec this turn | 300 sec total\n|\n|t:|1783534689\n|-terastallize|p2a: Glalie|Ghost\n|move|p1a: Blaziken|Knock Off|p2a: Glalie\n|-supereffective|p2a: Glalie\n|-damage|p2a: Glalie|0 fnt\n|-enditem|p2a: Glalie|Heavy-Duty Boots|[from] move: Knock Off|[of] p1a: Blaziken\n|faint|p2a: Glalie\n|-damage|p1a: Blaziken|22/100|[from] item: Life Orb\n|\n|-ability|p1a: Blaziken|Speed Boost|boost\n|-boost|p1a: Blaziken|spe|1\n|upkeep\n|inactive|Time left: 300 sec this turn | 300 sec total | 5 sec grace\n|\n|t:|1783534690\n|switch|p2a: Latios|Latios, L78, M|253/253\n|turn|20\n|inactive|Time left: 300 sec this turn | 300 sec total\n|\n|t:|1783534691\n|move|p1a: Blaziken|Knock Off|p2a: Latios\n|-supereffective|p2a: Latios\n|-damage|p2a: Latios|0 fnt\n|-enditem|p2a: Latios|Soul Dew|[from] move: Knock Off|[of] p1a: Blaziken\n|faint|p2a: Latios\n|-damage|p1a: Blaziken|12/100|[from] item: Life Orb\n|\n|win|p0x077279c", "uploadtime": 1783534691, "views": 0, "rating": 0, "private": 0, "password": null, "_winner": "p0x077279c", "_our_name": "p0y07755e3"}