{"id": "battle-gen9randombattle-822", "formatid": "gen9randombattle", "format": "[Gen 9] Random Battle", "players": ["p0x8220c6e", "p0y8224c2b"], "log": "|init|battle\n|title|p0x8220c6e vs. p0y8224c2b\n|j|\u2606p0x8220c6e\n|j|\u2606p0y8224c2b\n|t:|1783549421\n|gametype|singles\n|player|p1|p0x8220c6e|170|\n|player|p2|p0y8224c2b|169|\n|gen|9\n|tier|[Gen 9] Random Battle\n|rule|Species Clause: Limit one of each Pok\u00e9mon\n|rule|HP Percentage Mod: HP is shown in percentages\n|rule|Sleep Clause Mod: Limit one foe put to sleep\n|rule|Illusion Level Mod: Illusion disguises the Pok\u00e9mon's true level\n|\n|t:|1783549421\n|teamsize|p1|6\n|teamsize|p2|6\n|start\n|switch|p1a: Spectrier|Spectrier, L75|100/100\n|switch|p2a: Stantler|Stantler, L92, F|284/284\n|-ability|p2a: Stantler|Intimidate|boost\n|-unboost|p1a: Spectrier|atk|1\n|turn|1\n|inactive|Battle timer is ON: inactive players will automatically lose when time's up. (requested by p0y8224c2b)\n|inactive|p0x8220c6e also wants the timer to be on.\n|\n|t:|1783549422\n|move|p1a: Spectrier|Nasty Plot|p1a: Spectrier\n|-boost|p1a: Spectrier|spa|2\n|move|p2a: Stantler|Earthquake|p1a: Spectrier\n|-damage|p1a: Spectrier|60/100\n|\n|upkeep\n|turn|2\n|inactive|Time left: 300 sec this turn | 300 sec total\n|\n|t:|1783549424\n|move|p1a: Spectrier|Draining Kiss|p2a: Stantler\n|-damage|p2a: Stantler|205/284\n|-heal|p1a: Spectrier|82/100|[from] drain|[of] p2a: Stantler\n|-damage|p1a: Spectrier|72/100|[from] item: Life Orb\n|move|p2a: Stantler|Throat Chop|p1a: Spectrier\n|-supereffective|p1a: Spectrier\n|-damage|p1a: Spectrier|3/100\n|-start|p1a: Spectrier|Throat Chop|[silent]\n|\n|upkeep\n|turn|3\n|inactive|Time left: 300 sec this turn | 300 sec total\n|\n|t:|1783549425\n|-terastallize|p1a: Spectrier|Fairy\n|move|p1a: Spectrier|Draining Kiss|p2a: Stantler\n|-damage|p2a: Stantler|57/284\n|-heal|p1a: Spectrier|44/100|[from] drain|[of] p2a: Stantler\n|-damage|p1a: Spectrier|34/100|[from] item: Life Orb\n|move|p2a: Stantler|Earthquake|p1a: Spectrier\n|-damage|p1a: Spectrier|0 fnt\n|faint|p1a: Spectrier\n|\n|upkeep\n|\n|t:|1783549426\n|switch|p1a: Golduck|Golduck, L90, F|100/100\n|-ability|p1a: Golduck|Cloud Nine\n|turn|4\n|inactive|Time left: 300 sec this turn | 300 sec total\n|\n|t:|1783549427\n|move|p2a: Stantler|Body Slam|p1a: Golduck\n|-damage|p1a: Golduck|61/100\n|move|p1a: Golduck|Ice Beam|p2a: Stantler\n|-damage|p2a: Stantler|0 fnt\n|faint|p2a: Stantler\n|\n|upkeep\n|inactive|Time left: 300 sec this turn | 300 sec total | 5 sec grace\n|\n|t:|1783549428\n|switch|p2a: Galvantula|Galvantula, L82, F|249/249\n|turn|5\n|inactive|Time left: 300 sec this turn | 300 sec total\n|\n|t:|1783549430\n|switch|p1a: Weezing|Weezing-Galar, L86, F|100/100\n|move|p2a: Galvantula|Sticky Web|p1a: Weezing\n|-sidestart|p1: p0x8220c6e|move: Sticky Web\n|\n|upkeep\n|turn|6\n|inactive|Time left: 300 sec this turn | 300 sec total\n|\n|t:|1783549431\n|move|p2a: Galvantula|Thunder|p1a: Weezing\n|-damage|p1a: Weezing|47/100\n|move|p1a: Weezing|Defog|p2a: Galvantula\n|-unboost|p2a: Galvantula|evasion|1\n|-sideend|p1: p0x8220c6e|Sticky Web|[from] move: Defog|[of] p1a: Weezing\n|\n|-heal|p1a: Weezing|52/100|[from] item: Leftovers\n|upkeep\n|turn|7\n|inactive|Time left: 300 sec this turn | 300 sec total\n|\n|t:|1783549432\n|move|p2a: Galvantula|Thunder|p1a: Weezing\n|-damage|p1a: Weezing|1/100\n|move|p1a: Weezing|Pain Split|p2a: Galvantula\n|-sethp|p2a: Galvantula|125/249|[from] move: Pain Split|[silent]\n|-sethp|p1a: Weezing|50/100|[from] move: Pain Split\n|\n|-heal|p1a: Weezing|56/100|[from] item: Leftovers\n|upkeep\n|turn|8\n|inactive|Time left: 300 sec this turn | 300 sec total\n|\n|t:|1783549433\n|-terastallize|p2a: Galvantula|Electric\n|move|p2a: Galvantula|Thunder|p1a: Weezing\n|-damage|p1a: Weezing|0 fnt\n|faint|p1a: Weezing\n|\n|upkeep\n|\n|t:|1783549434\n|switch|p1a: Vaporeon|Vaporeon, L86, M|100/100\n|turn|9\n|inactive|Time left: 300 sec this turn | 300 sec total\n|\n|t:|1783549435\n|move|p2a: Galvantula|Sticky Web|p1a: Vaporeon\n|-sidestart|p1: p0x8220c6e|move: Sticky Web\n|move|p1a: Vaporeon|Scald|p2a: Galvantula\n|-damage|p2a: Galvantula|0 fnt\n|faint|p2a: Galvantula\n|\n|upkeep\n|inactive|Time left: 300 sec this turn | 300 sec total | 5 sec grace\n|\n|t:|1783549436\n|switch|p2a: Jolteon|Jolteon, L84, F|246/246\n|turn|10\n|inactive|Time left: 300 sec this turn | 300 sec total\n|\n|t:|1783549438\n|move|p2a: Jolteon|Calm Mind|p2a: Jolteon\n|-boost|p2a: Jolteon|spa|1\n|-boost|p2a: Jolteon|spd|1\n|move|p1a: Vaporeon|Scald|p2a: Jolteon\n|-damage|p2a: Jolteon|183/246\n|-status|p2a: Jolteon|brn\n|\n|-heal|p2a: Jolteon|198/246 brn|[from] item: Leftovers\n|-damage|p2a: Jolteon|183/246 brn|[from] brn\n|upkeep\n|turn|11\n|inactive|Time left: 300 sec this turn | 300 sec total\n|\n|t:|1783549439\n|move|p1a: Vaporeon|Protect|p1a: Vaporeon\n|-singleturn|p1a: Vaporeon|Protect\n|move|p2a: Jolteon|Thunderbolt|p1a: Vaporeon\n|-activate|p1a: Vaporeon|move: Protect\n|\n|-heal|p2a: Jolteon|198/246 brn|[from] item: Leftovers\n|-damage|p2a: Jolteon|183/246 brn|[from] brn\n|upkeep\n|turn|12\n|inactive|Time left: 300 sec this turn | 300 sec total\n|\n|t:|1783549440\n|move|p2a: Jolteon|Thunderbolt|p1a: Vaporeon\n|-supereffective|p1a: Vaporeon\n|-damage|p1a: Vaporeon|16/100\n|move|p1a: Vaporeon|Wish|p1a: Vaporeon\n|\n|-heal|p2a: Jolteon|198/246 brn|[from] item: Leftovers\n|-heal|p1a: Vaporeon|22/100|[from] item: Leftovers\n|-damage|p2a: Jolteon|183/246 brn|[from] brn\n|upkeep\n|turn|13\n|inactive|Time left: 300 sec this turn | 300 sec total\n|\n|t:|1783549441\n|move|p1a: Vaporeon|Protect|p1a: Vaporeon\n|-singleturn|p1a: Vaporeon|Protect\n|move|p2a: Jolteon|Thunderbolt|p1a: Vaporeon\n|-activate|p1a: Vaporeon|move: Protect\n|\n|-heal|p1a: Vaporeon|72/100|[from] move: Wish|[wisher] Vaporeon\n|-heal|p2a: Jolteon|198/246 brn|[from] item: Leftovers\n|-heal|p1a: Vaporeon|79/100|[from] item: Leftovers\n|-damage|p2a: Jolteon|183/246 brn|[from] brn\n|upkeep\n|turn|14\n|inactive|Time left: 300 sec this turn | 300 sec total\n|\n|t:|1783549442\n|switch|p1a: Chimecho|Chimecho, L93, F|100/100\n|move|p2a: Jolteon|Thunderbolt|p1a: Chimecho\n|-damage|p1a: Chimecho|57/100\n|\n|-heal|p2a: Jolteon|198/246 brn|[from] item: Leftovers\n|-heal|p1a: Chimecho|63/100|[from] item: Leftovers\n|-damage|p2a: Jolteon|183/246 brn|[from] brn\n|upkeep\n|turn|15\n|inactive|Time left: 300 sec this turn | 300 sec total\n|\n|t:|1783549443\n|move|p2a: Jolteon|Thunderbolt|p1a: Chimecho\n|-damage|p1a: Chimecho|16/100\n|move|p1a: Chimecho|Recover|p1a: Chimecho\n|-heal|p1a: Chimecho|66/100\n|\n|-heal|p2a: Jolteon|198/246 brn|[from] item: Leftovers\n|-heal|p1a: Chimecho|73/100|[from] item: Leftovers\n|-damage|p2a: Jolteon|183/246 brn|[from] brn\n|upkeep\n|turn|16\n|inactive|Time left: 300 sec this turn | 300 sec total\n|\n|t:|1783549444\n|move|p2a: Jolteon|Thunderbolt|p1a: Chimecho\n|-damage|p1a: Chimecho|23/100\n|move|p1a: Chimecho|Recover|p1a: Chimecho\n|-heal|p1a: Chimecho|73/100\n|\n|-heal|p2a: Jolteon|198/246 brn|[from] item: Leftovers\n|-heal|p1a: Chimecho|79/100|[from] item: Leftovers\n|-damage|p2a: Jolteon|183/246 brn|[from] brn\n|upkeep\n|turn|17\n|inactive|Time left: 300 sec this turn | 300 sec total\n|\n|t:|1783549445\n|move|p2a: Jolteon|Thunderbolt|p1a: Chimecho\n|-damage|p1a: Chimecho|30/100\n|move|p1a: Chimecho|Recover|p1a: Chimecho\n|-heal|p1a: Chimecho|80/100\n|\n|-heal|p2a: Jolteon|198/246 brn|[from] item: Leftovers\n|-heal|p1a: Chimecho|86/100|[from] item: Leftovers\n|-damage|p2a: Jolteon|183/246 brn|[from] brn\n|upkeep\n|turn|18\n|inactive|Time left: 300 sec this turn | 300 sec total\n|\n|t:|1783549446\n|move|p2a: Jolteon|Thunderbolt|p1a: Chimecho\n|-damage|p1a: Chimecho|36/100\n|move|p1a: Chimecho|Recover|p1a: Chimecho\n|-heal|p1a: Chimecho|86/100\n|\n|-heal|p2a: Jolteon|198/246 brn|[from] item: Leftovers\n|-heal|p1a: Chimecho|92/100|[from] item: Leftovers\n|-damage|p2a: Jolteon|183/246 brn|[from] brn\n|upkeep\n|turn|19\n|inactive|Time left: 300 sec this turn | 300 sec total\n|\n|t:|1783549447\n|move|p2a: Jolteon|Thunderbolt|p1a: Chimecho\n|-damage|p1a: Chimecho|47/100\n|move|p1a: Chimecho|Recover|p1a: Chimecho\n|-heal|p1a: Chimecho|97/100\n|\n|-heal|p2a: Jolteon|198/246 brn|[from] item: Leftovers\n|-heal|p1a: Chimecho|100/100|[from] item: Leftovers\n|-damage|p2a: Jolteon|183/246 brn|[from] brn\n|upkeep\n|turn|20\n|inactive|Time left: 300 sec this turn | 300 sec total\n|\n|t:|1783549448\n|move|p2a: Jolteon|Calm Mind|p2a: Jolteon\n|-boost|p2a: Jolteon|spa|1\n|-boost|p2a: Jolteon|spd|1\n|move|p1a: Chimecho|Encore|p2a: Jolteon\n|-start|p2a: Jolteon|Encore\n|\n|-heal|p2a: Jolteon|198/246 brn|[from] item: Leftovers\n|-damage|p2a: Jolteon|183/246 brn|[from] brn\n|upkeep\n|turn|21\n|inactive|Time left: 300 sec this turn | 300 sec total\n|\n|t:|1783549448\n|switch|p2a: Lugia|Lugia, L73|275/275\n|switch|p1a: Eiscue|Eiscue, L88, F|100/100\n|-activate|p1a: Eiscue|move: Sticky Web\n|-unboost|p1a: Eiscue|spe|1\n|\n|upkeep\n|turn|22\n|inactive|Time left: 300 sec this turn | 300 sec total\n|\n|t:|1783549449\n|move|p2a: Lugia|Calm Mind|p2a: Lugia\n|-boost|p2a: Lugia|spa|1\n|-boost|p2a: Lugia|spd|1\n|move|p1a: Eiscue|Belly Drum|p1a: Eiscue\n|-damage|p1a: Eiscue|50/100\n|-setboost|p1a: Eiscue|atk|6|[from] move: Belly Drum\n|-enditem|p1a: Eiscue|Sitrus Berry|[eat]\n|-heal|p1a: Eiscue|75/100|[from] item: Sitrus Berry\n|\n|upkeep\n|turn|23\n|inactive|Time left: 300 sec this turn | 300 sec total\n|\n|t:|1783549450\n|move|p2a: Lugia|Aeroblast|p1a: Eiscue\n|-damage|p1a: Eiscue|33/100\n|move|p1a: Eiscue|Ice Spinner|p2a: Lugia\n|-supereffective|p2a: Lugia\n|-damage|p2a: Lugia|0 fnt\n|faint|p2a: Lugia\n|\n|upkeep\n|inactive|Time left: 300 sec this turn | 300 sec total | 5 sec grace\n|\n|t:|1783549451\n|switch|p2a: Jolteon|Jolteon, L84, F|183/246 brn\n|turn|24\n|inactive|Time left: 300 sec this turn | 300 sec total\n|\n|t:|1783549452\n|move|p2a: Jolteon|Thunderbolt|p1a: Eiscue\n|-damage|p1a: Eiscue|0 fnt\n|faint|p1a: Eiscue\n|\n|-heal|p2a: Jolteon|198/246 brn|[from] item: Leftovers\n|-damage|p2a: Jolteon|183/246 brn|[from] brn\n|upkeep\n|\n|t:|1783549453\n|switch|p1a: Chimecho|Chimecho, L93, F|100/100\n|turn|25\n|inactive|Time left: 300 sec this turn | 300 sec total\n|\n|t:|1783549454\n|move|p2a: Jolteon|Calm Mind|p2a: Jolteon\n|-boost|p2a: Jolteon|spa|1\n|-boost|p2a: Jolteon|spd|1\n|move|p1a: Chimecho|Psychic Noise|p2a: Jolteon\n|-damage|p2a: Jolteon|122/246 brn\n|-start|p2a: Jolteon|move: Heal Block\n|\n|-damage|p2a: Jolteon|107/246 brn|[from] brn\n|upkeep\n|turn|26\n|inactive|Time left: 300 sec this turn | 300 sec total\n|\n|t:|1783549455\n|move|p2a: Jolteon|Thunderbolt|p1a: Chimecho\n|-damage|p1a: Chimecho|54/100\n|move|p1a: Chimecho|Psychic Noise|p2a: Jolteon\n|-damage|p2a: Jolteon|46/246 brn\n|\n|-heal|p1a: Chimecho|60/100|[from] item: Leftovers\n|-damage|p2a: Jolteon|31/246 brn|[from] brn\n|-end|p2a: Jolteon|move: Heal Block\n|upkeep\n|turn|27\n|inactive|Time left: 300 sec this turn | 300 sec total\n|\n|t:|1783549456\n|move|p2a: Jolteon|Thunderbolt|p1a: Chimecho\n|-damage|p1a: Chimecho|9/100\n|move|p1a: Chimecho|Recover|p1a: Chimecho\n|-heal|p1a: Chimecho|59/100\n|\n|-heal|p2a: Jolteon|46/246 brn|[from] item: Leftovers\n|-heal|p1a: Chimecho|65/100|[from] item: Leftovers\n|-damage|p2a: Jolteon|31/246 brn|[from] brn\n|upkeep\n|turn|28\n|inactive|Time left: 300 sec this turn | 300 sec total\n|\n|t:|1783549457\n|move|p2a: Jolteon|Thunderbolt|p1a: Chimecho\n|-damage|p1a: Chimecho|18/100\n|move|p1a: Chimecho|Recover|p1a: Chimecho\n|-heal|p1a: Chimecho|68/100\n|\n|-heal|p2a: Jolteon|46/246 brn|[from] item: Leftovers\n|-heal|p1a: Chimecho|74/100|[from] item: Leftovers\n|-damage|p2a: Jolteon|31/246 brn|[from] brn\n|upkeep\n|turn|29\n|inactive|Time left: 300 sec this turn | 300 sec total\n|\n|t:|1783549459\n|move|p2a: Jolteon|Thunderbolt|p1a: Chimecho\n|-damage|p1a: Chimecho|26/100\n|-status|p1a: Chimecho|par\n|move|p1a: Chimecho|Psychic Noise|p2a: Jolteon\n|-damage|p2a: Jolteon|0 fnt\n|faint|p2a: Jolteon\n|\n|-heal|p1a: Chimecho|32/100 par|[from] item: Leftovers\n|upkeep\n|inactive|Time left: 300 sec this turn | 300 sec total | 5 sec grace\n|\n|t:|1783549460\n|switch|p2a: Hydreigon|Hydreigon, L79, F|275/275\n|turn|30\n|inactive|Time left: 300 sec this turn | 300 sec total\n|\n|t:|1783549461\n|switch|p1a: Vaporeon|Vaporeon, L86, M|79/100\n|-activate|p1a: Vaporeon|move: Sticky Web\n|-unboost|p1a: Vaporeon|spe|1\n|move|p2a: Hydreigon|Dark Pulse|p1a: Vaporeon\n|-damage|p1a: Vaporeon|55/100\n|\n|-heal|p1a: Vaporeon|61/100|[from] item: Leftovers\n|upkeep\n|turn|31\n|inactive|Time left: 300 sec this turn | 300 sec total\n|\n|t:|1783549463\n|move|p1a: Vaporeon|Protect|p1a: Vaporeon\n|-singleturn|p1a: Vaporeon|Protect\n|move|p2a: Hydreigon|Dark Pulse|p1a: Vaporeon\n|-activate|p1a: Vaporeon|move: Protect\n|\n|-heal|p1a: Vaporeon|67/100|[from] item: Leftovers\n|upkeep\n|turn|32\n|inactive|Time left: 300 sec this turn | 300 sec total\n|\n|t:|1783549464\n|move|p2a: Hydreigon|Dark Pulse|p1a: Vaporeon\n|-damage|p1a: Vaporeon|43/100\n|move|p1a: Vaporeon|Ice Beam|p2a: Hydreigon\n|-supereffective|p2a: Hydreigon\n|-damage|p2a: Hydreigon|119/275\n|-status|p2a: Hydreigon|frz\n|\n|-heal|p1a: Vaporeon|49/100|[from] item: Leftovers\n|upkeep\n|turn|33\n|inactive|Time left: 300 sec this turn | 300 sec total\n|\n|t:|1783549465\n|cant|p2a: Hydreigon|frz\n|move|p1a: Vaporeon|Ice Beam|p2a: Hydreigon\n|-supereffective|p2a: Hydreigon\n|-damage|p2a: Hydreigon|0 fnt\n|faint|p2a: Hydreigon\n|\n|-heal|p1a: Vaporeon|55/100|[from] item: Leftovers\n|upkeep\n|inactive|Time left: 300 sec this turn | 300 sec total | 5 sec grace\n|\n|t:|1783549466\n|switch|p2a: Beartic|Beartic, L91, M|321/321\n|turn|34\n|inactive|Time left: 300 sec this turn | 300 sec total\n|\n|t:|1783549467\n|move|p2a: Beartic|Icicle Crash|p1a: Vaporeon\n|-resisted|p1a: Vaporeon\n|-damage|p1a: Vaporeon|32/100\n|move|p1a: Vaporeon|Scald|p2a: Beartic\n|-damage|p2a: Beartic|216/321\n|\n|-heal|p1a: Vaporeon|38/100|[from] item: Leftovers\n|upkeep\n|turn|35\n|inactive|Time left: 300 sec this turn | 300 sec total\n|\n|t:|1783549468\n|move|p2a: Beartic|Earthquake|p1a: Vaporeon\n|-damage|p1a: Vaporeon|3/100\n|move|p1a: Vaporeon|Scald|p2a: Beartic\n|-damage|p2a: Beartic|113/321\n|\n|-heal|p1a: Vaporeon|9/100|[from] item: Leftovers\n|upkeep\n|turn|36\n|inactive|Time left: 300 sec this turn | 300 sec total\n|\n|t:|1783549469\n|move|p2a: Beartic|Icicle Crash|p1a: Vaporeon\n|-resisted|p1a: Vaporeon\n|-damage|p1a: Vaporeon|0 fnt\n|faint|p1a: Vaporeon\n|\n|upkeep\n|\n|t:|1783549471\n|switch|p1a: Golduck|Golduck, L90, F|61/100\n|-activate|p1a: Golduck|move: Sticky Web\n|-unboost|p1a: Golduck|spe|1\n|-ability|p1a: Golduck|Cloud Nine\n|turn|37\n|inactive|Time left: 300 sec this turn | 300 sec total\n|\n|t:|1783549472\n|move|p2a: Beartic|Icicle Crash|p1a: Golduck\n|-resisted|p1a: Golduck\n|-damage|p1a: Golduck|38/100\n|move|p1a: Golduck|Grass Knot|p2a: Beartic\n|-damage|p2a: Beartic|0 fnt\n|faint|p2a: Beartic\n|\n|win|p0x8220c6e", "uploadtime": 1783549472, "views": 0, "rating": 0, "private": 0, "password": null, "_winner": "p0x8220c6e", "_our_name": "p0y8224c2b"}