{"id": "battle-gen9randombattle-79", "formatid": "gen9randombattle", "format": "[Gen 9] Random Battle", "players": ["p0x0791248", "p0y0793d5e"], "log": "|init|battle\n|title|p0x0791248 vs. p0y0793d5e\n|j|\u2606p0x0791248\n|j|\u2606p0y0793d5e\n|t:|1783534151\n|gametype|singles\n|player|p1|p0x0791248|2|\n|player|p2|p0y0793d5e|102|\n|gen|9\n|tier|[Gen 9] Random Battle\n|rule|Species Clause: Limit one of each Pok\u00e9mon\n|rule|HP Percentage Mod: HP is shown in percentages\n|rule|Sleep Clause Mod: Limit one foe put to sleep\n|rule|Illusion Level Mod: Illusion disguises the Pok\u00e9mon's true level\n|\n|t:|1783534151\n|teamsize|p1|6\n|teamsize|p2|6\n|start\n|switch|p1a: Pyroar|Pyroar, L88, M|100/100\n|switch|p2a: Shiftry|Shiftry, L89, F|305/305\n|-ability|p1a: Pyroar|Unnerve\n|turn|1\n|inactive|Battle timer is ON: inactive players will automatically lose when time's up. (requested by p0x0791248)\n|inactive|Time left: 300 sec this turn | 300 sec total | 60 sec grace\n|inactive|p0y0793d5e also wants the timer to be on.\n|\n|t:|1783534153\n|switch|p2a: Mudsdale|Mudsdale, L83, M|302/302\n|move|p1a: Pyroar|Fire Blast|p2a: Mudsdale\n|-damage|p2a: Mudsdale|166/302\n|-ability|p2a: Mudsdale|Stamina|boost\n|-boost|p2a: Mudsdale|def|1\n|\n|-heal|p2a: Mudsdale|184/302|[from] item: Leftovers\n|upkeep\n|turn|2\n|inactive|Time left: 300 sec this turn | 300 sec total\n|\n|t:|1783534154\n|-terastallize|p1a: Pyroar|Fire\n|move|p1a: Pyroar|Fire Blast|p2a: Mudsdale\n|-damage|p2a: Mudsdale|0 fnt\n|faint|p2a: Mudsdale\n|\n|upkeep\n|inactive|Time left: 300 sec this turn | 300 sec total | 5 sec grace\n|\n|t:|1783534155\n|switch|p2a: Swanna|Swanna, L89, F|278/278\n|turn|3\n|inactive|Time left: 300 sec this turn | 300 sec total\n|\n|t:|1783534157\n|move|p1a: Pyroar|Hyper Voice|p2a: Swanna\n|-damage|p2a: Swanna|149/278\n|move|p2a: Swanna|Hydro Pump|p1a: Pyroar\n|-supereffective|p1a: Pyroar\n|-crit|p1a: Pyroar\n|-damage|p1a: Pyroar|0 fnt\n|faint|p1a: Pyroar\n|\n|upkeep\n|\n|t:|1783534158\n|switch|p1a: Dragalge|Dragalge, L88, F|100/100\n|turn|4\n|inactive|Time left: 300 sec this turn | 300 sec total\n|\n|t:|1783534159\n|move|p2a: Swanna|Brave Bird|p1a: Dragalge\n|-damage|p1a: Dragalge|54/100\n|-damage|p2a: Swanna|109/278|[from] Recoil\n|move|p1a: Dragalge|Sludge Wave|p2a: Swanna\n|-damage|p2a: Swanna|0 fnt\n|faint|p2a: Swanna\n|\n|-heal|p1a: Dragalge|60/100|[from] item: Leftovers\n|upkeep\n|inactive|Time left: 300 sec this turn | 300 sec total | 5 sec grace\n|\n|t:|1783534160\n|switch|p2a: Ninetales|Ninetales-Alola, L78, M|242/242\n|-weather|Snowscape|[from] ability: Snow Warning|[of] p2a: Ninetales\n|turn|5\n|inactive|Time left: 300 sec this turn | 300 sec total\n|\n|t:|1783534161\n|move|p2a: Ninetales|Aurora Veil|p2a: Ninetales\n|-sidestart|p2: p0y0793d5e|move: Aurora Veil\n|move|p1a: Dragalge|Sludge Wave|p2a: Ninetales\n|-supereffective|p2a: Ninetales\n|-damage|p2a: Ninetales|92/242\n|\n|-weather|Snowscape|[upkeep]\n|-heal|p1a: Dragalge|66/100|[from] item: Leftovers\n|upkeep\n|turn|6\n|inactive|Time left: 300 sec this turn | 300 sec total\n|\n|t:|1783534162\n|move|p2a: Ninetales|Blizzard|p1a: Dragalge\n|-supereffective|p1a: Dragalge\n|-damage|p1a: Dragalge|15/100\n|move|p1a: Dragalge|Sludge Wave|p2a: Ninetales\n|-supereffective|p2a: Ninetales\n|-damage|p2a: Ninetales|0 fnt\n|faint|p2a: Ninetales\n|\n|-weather|Snowscape|[upkeep]\n|-heal|p1a: Dragalge|21/100|[from] item: Leftovers\n|upkeep\n|inactive|Time left: 300 sec this turn | 300 sec total | 5 sec grace\n|\n|t:|1783534164\n|switch|p2a: Okidogi|Okidogi, L77, M|262/262\n|turn|7\n|inactive|Time left: 300 sec this turn | 300 sec total\n|\n|t:|1783534165\n|switch|p1a: Moltres|Moltres, L81|100/100\n|move|p2a: Okidogi|Knock Off|p1a: Moltres\n|-damage|p1a: Moltres|75/100\n|-enditem|p1a: Moltres|Heavy-Duty Boots|[from] move: Knock Off|[of] p2a: Okidogi\n|\n|-weather|Snowscape|[upkeep]\n|upkeep\n|turn|8\n|inactive|Time left: 300 sec this turn | 300 sec total\n|\n|t:|1783534166\n|move|p1a: Moltres|Roost|p1a: Moltres\n|-heal|p1a: Moltres|100/100\n|-singleturn|p1a: Moltres|move: Roost\n|move|p2a: Okidogi|Bulk Up|p2a: Okidogi\n|-boost|p2a: Okidogi|atk|1\n|-boost|p2a: Okidogi|def|1\n|\n|-weather|Snowscape|[upkeep]\n|upkeep\n|turn|9\n|inactive|Time left: 300 sec this turn | 300 sec total\n|\n|t:|1783534167\n|move|p1a: Moltres|Fire Blast|p2a: Okidogi|[miss]\n|-miss|p1a: Moltres|p2a: Okidogi\n|move|p2a: Okidogi|Gunk Shot|p1a: Moltres\n|-damage|p1a: Moltres|24/100\n|\n|-weather|none\n|upkeep\n|turn|10\n|inactive|Time left: 300 sec this turn | 300 sec total\n|\n|t:|1783534169\n|move|p1a: Moltres|Roost|p1a: Moltres\n|-heal|p1a: Moltres|74/100\n|-singleturn|p1a: Moltres|move: Roost\n|move|p2a: Okidogi|Gunk Shot|p1a: Moltres\n|-damage|p1a: Moltres|4/100\n|\n|upkeep\n|turn|11\n|inactive|Time left: 300 sec this turn | 300 sec total\n|\n|t:|1783534170\n|move|p1a: Moltres|Roost|p1a: Moltres\n|-heal|p1a: Moltres|54/100\n|-singleturn|p1a: Moltres|move: Roost\n|move|p2a: Okidogi|Gunk Shot|p1a: Moltres\n|-damage|p1a: Moltres|0 fnt\n|faint|p1a: Moltres\n|\n|upkeep\n|\n|t:|1783534170\n|switch|p1a: Dondozo|Dondozo, L78, M|100/100\n|turn|12\n|inactive|Time left: 300 sec this turn | 300 sec total\n|\n|t:|1783534171\n|move|p2a: Okidogi|Bulk Up|p2a: Okidogi\n|-boost|p2a: Okidogi|atk|1\n|-boost|p2a: Okidogi|def|1\n|move|p1a: Dondozo|Curse|p1a: Dondozo\n|-unboost|p1a: Dondozo|spe|1\n|-boost|p1a: Dondozo|atk|1\n|-boost|p1a: Dondozo|def|1\n|\n|-sideend|p2: p0y0793d5e|move: Aurora Veil\n|upkeep\n|turn|13\n|inactive|Time left: 300 sec this turn | 300 sec total\n|\n|t:|1783534172\n|move|p2a: Okidogi|Knock Off|p1a: Dondozo\n|-damage|p1a: Dondozo|89/100\n|-enditem|p1a: Dondozo|Leftovers|[from] move: Knock Off|[of] p2a: Okidogi\n|move|p1a: Dondozo|Wave Crash|p2a: Okidogi\n|-damage|p2a: Okidogi|115/262\n|-damage|p1a: Dondozo|75/100|[from] Recoil\n|\n|-heal|p2a: Okidogi|131/262|[from] item: Leftovers\n|upkeep\n|turn|14\n|inactive|Time left: 300 sec this turn | 300 sec total\n|\n|t:|1783534173\n|move|p2a: Okidogi|Drain Punch|p1a: Dondozo\n|-damage|p1a: Dondozo|61/100\n|-heal|p2a: Okidogi|157/262|[from] drain|[of] p1a: Dondozo\n|-status|p1a: Dondozo|tox|[from] ability: Toxic Chain|[of] p2a: Okidogi\n|move|p1a: Dondozo|Wave Crash|p2a: Okidogi\n|-damage|p2a: Okidogi|10/262\n|-damage|p1a: Dondozo|47/100 tox|[from] Recoil\n|\n|-heal|p2a: Okidogi|26/262|[from] item: Leftovers\n|-damage|p1a: Dondozo|41/100 tox|[from] psn\n|upkeep\n|turn|15\n|inactive|Time left: 300 sec this turn | 300 sec total\n|\n|t:|1783534174\n|move|p2a: Okidogi|Drain Punch|p1a: Dondozo\n|-damage|p1a: Dondozo|28/100 tox\n|-heal|p2a: Okidogi|50/262|[from] drain|[of] p1a: Dondozo\n|move|p1a: Dondozo|Wave Crash|p2a: Okidogi\n|-damage|p2a: Okidogi|0 fnt\n|faint|p2a: Okidogi\n|-damage|p1a: Dondozo|23/100 tox|[from] Recoil\n|\n|-damage|p1a: Dondozo|11/100 tox|[from] psn\n|upkeep\n|inactive|Time left: 300 sec this turn | 300 sec total | 5 sec grace\n|\n|t:|1783534175\n|switch|p2a: Shiftry|Shiftry, L89, F|305/305\n|turn|16\n|inactive|Time left: 300 sec this turn | 300 sec total\n|\n|t:|1783534175\n|move|p2a: Shiftry|Knock Off|p1a: Dondozo\n|-damage|p1a: Dondozo|0 fnt\n|faint|p1a: Dondozo\n|-damage|p2a: Shiftry|275/305|[from] item: Life Orb\n|\n|upkeep\n|\n|t:|1783534176\n|switch|p1a: Lokix|Lokix, L82, F|100/100\n|turn|17\n|inactive|Time left: 300 sec this turn | 300 sec total\n|\n|t:|1783534177\n|switch|p2a: Qwilfish|Qwilfish-Hisui, L83, F|244/244\n|-ability|p2a: Qwilfish|Intimidate|boost\n|-unboost|p1a: Lokix|atk|1\n|move|p1a: Lokix|U-turn|p2a: Qwilfish\n|-damage|p2a: Qwilfish|207/244\n|\n|t:|1783534178\n|switch|p1a: Ursaring|Ursaring, L84, M|100/100|[from] U-turn\n|\n|-status|p1a: Ursaring|tox|[from] item: Toxic Orb\n|upkeep\n|turn|18\n|inactive|Time left: 300 sec this turn | 300 sec total\n|\n|t:|1783534178\n|move|p1a: Ursaring|Swords Dance|p1a: Ursaring\n|-boost|p1a: Ursaring|atk|2\n|move|p2a: Qwilfish|Gunk Shot|p1a: Ursaring|[miss]\n|-miss|p2a: Qwilfish|p1a: Ursaring\n|\n|-damage|p1a: Ursaring|94/100 tox|[from] psn\n|upkeep\n|turn|19\n|inactive|Time left: 300 sec this turn | 300 sec total\n|\n|t:|1783534179\n|switch|p2a: Shiftry|Shiftry, L89, F|275/305\n|move|p1a: Ursaring|Facade|p2a: Shiftry\n|-damage|p2a: Shiftry|0 fnt\n|faint|p2a: Shiftry\n|\n|-damage|p1a: Ursaring|82/100 tox|[from] psn\n|upkeep\n|inactive|Time left: 300 sec this turn | 300 sec total | 5 sec grace\n|\n|t:|1783534180\n|switch|p2a: Qwilfish|Qwilfish-Hisui, L83, F|207/244\n|-ability|p2a: Qwilfish|Intimidate|boost\n|-unboost|p1a: Ursaring|atk|1\n|turn|20\n|inactive|Time left: 300 sec this turn | 300 sec total\n|\n|t:|1783534181\n|move|p1a: Ursaring|Facade|p2a: Qwilfish\n|-damage|p2a: Qwilfish|11/244\n|move|p2a: Qwilfish|Gunk Shot|p1a: Ursaring\n|-damage|p1a: Ursaring|32/100 tox\n|\n|-damage|p1a: Ursaring|13/100 tox|[from] psn\n|upkeep\n|turn|21\n|inactive|Time left: 300 sec this turn | 300 sec total\n|\n|t:|1783534182\n|move|p1a: Ursaring|Crunch|p2a: Qwilfish\n|-resisted|p2a: Qwilfish\n|-damage|p2a: Qwilfish|0 fnt\n|faint|p2a: Qwilfish\n|\n|win|p0x0791248", "uploadtime": 1783534182, "views": 0, "rating": 0, "private": 0, "password": null, "_winner": "p0x0791248", "_our_name": "p0y0793d5e"}