{"id": "battle-gen9randombattle-2138", "formatid": "gen9randombattle", "format": "[Gen 9] Random Battle", "players": ["p0x2138d99c", "p0y2138089a"], "log": "|init|battle\n|title|p0x2138d99c vs. p0y2138089a\n|j|\u2606p0x2138d99c\n|j|\u2606p0y2138089a\n|t:|1783564755\n|gametype|singles\n|player|p1|p0x2138d99c|2|\n|player|p2|p0y2138089a|2|\n|gen|9\n|tier|[Gen 9] Random Battle\n|rule|Species Clause: Limit one of each Pok\u00e9mon\n|rule|HP Percentage Mod: HP is shown in percentages\n|rule|Sleep Clause Mod: Limit one foe put to sleep\n|rule|Illusion Level Mod: Illusion disguises the Pok\u00e9mon's true level\n|\n|t:|1783564755\n|teamsize|p1|6\n|teamsize|p2|6\n|start\n|switch|p1a: Solgaleo|Solgaleo, L74|325/325\n|switch|p2a: Empoleon|Empoleon, L84, F|100/100\n|turn|1\n|inactive|Battle timer is ON: inactive players will automatically lose when time's up. (requested by p0x2138d99c)\n|inactive|p0y2138089a also wants the timer to be on.\n|\n|t:|1783564756\n|move|p1a: Solgaleo|Sunsteel Strike|p2a: Empoleon\n|-resisted|p2a: Empoleon\n|-damage|p2a: Empoleon|91/100\n|move|p2a: Empoleon|Knock Off|p1a: Solgaleo\n|-supereffective|p1a: Solgaleo\n|-damage|p1a: Solgaleo|191/325\n|-enditem|p1a: Solgaleo|Weakness Policy\n|-boost|p1a: Solgaleo|atk|2|[from] item: Weakness Policy\n|-boost|p1a: Solgaleo|spa|2|[from] item: Weakness Policy\n|\n|-heal|p2a: Empoleon|97/100|[from] item: Leftovers\n|upkeep\n|turn|2\n|inactive|Time left: 300 sec this turn | 300 sec total\n|\n|t:|1783564758\n|switch|p2a: Pelipper|Pelipper, L86, M|100/100\n|-weather|RainDance|[from] ability: Drizzle|[of] p2a: Pelipper\n|move|p1a: Solgaleo|Earthquake|p2a: Pelipper\n|-immune|p2a: Pelipper\n|\n|-weather|RainDance|[upkeep]\n|upkeep\n|turn|3\n|inactive|Time left: 300 sec this turn | 300 sec total\n|\n|t:|1783564759\n|move|p1a: Solgaleo|Psychic|p2a: Pelipper\n|-damage|p2a: Pelipper|19/100\n|move|p2a: Pelipper|Weather Ball|p1a: Solgaleo\n|-damage|p1a: Solgaleo|0 fnt\n|faint|p1a: Solgaleo\n|\n|-weather|RainDance|[upkeep]\n|upkeep\n|inactive|Time left: 300 sec this turn | 300 sec total | 5 sec grace\n|\n|t:|1783564759\n|switch|p1a: Kommo-o|Kommo-o, L77, F|242/242\n|turn|4\n|inactive|Time left: 300 sec this turn | 300 sec total\n|\n|t:|1783564760\n|switch|p2a: Dachsbun|Dachsbun, L92, M|100/100\n|move|p1a: Kommo-o|Clangorous Soul|p1a: Kommo-o\n|-boost|p1a: Kommo-o|atk|1\n|-boost|p1a: Kommo-o|def|1\n|-boost|p1a: Kommo-o|spa|1\n|-boost|p1a: Kommo-o|spd|1\n|-boost|p1a: Kommo-o|spe|1\n|-damage|p1a: Kommo-o|163/242\n|-enditem|p1a: Kommo-o|Throat Spray\n|-boost|p1a: Kommo-o|spa|1|[from] item: Throat Spray\n|\n|-weather|RainDance|[upkeep]\n|upkeep\n|turn|5\n|inactive|Time left: 300 sec this turn | 300 sec total\n|\n|t:|1783564761\n|-terastallize|p1a: Kommo-o|Normal\n|move|p1a: Kommo-o|Boomburst|p2a: Dachsbun\n|-damage|p2a: Dachsbun|7/100\n|move|p2a: Dachsbun|Play Rough|p1a: Kommo-o\n|-damage|p1a: Kommo-o|105/242\n|\n|-weather|RainDance|[upkeep]\n|-heal|p2a: Dachsbun|13/100|[from] item: Leftovers\n|upkeep\n|turn|6\n|inactive|Time left: 300 sec this turn | 300 sec total\n|\n|t:|1783564762\n|move|p2a: Dachsbun|Protect|p2a: Dachsbun\n|-singleturn|p2a: Dachsbun|Protect\n|move|p1a: Kommo-o|Drain Punch|p2a: Dachsbun\n|-activate|p2a: Dachsbun|move: Protect\n|\n|-weather|none\n|-heal|p2a: Dachsbun|19/100|[from] item: Leftovers\n|upkeep\n|turn|7\n|inactive|Time left: 300 sec this turn | 300 sec total\n|\n|t:|1783564763\n|move|p2a: Dachsbun|Protect||[still]\n|-fail|p2a: Dachsbun\n|move|p1a: Kommo-o|Boomburst|p2a: Dachsbun\n|-damage|p2a: Dachsbun|0 fnt\n|faint|p2a: Dachsbun\n|\n|upkeep\n|\n|t:|1783564764\n|switch|p2a: Raging Bolt|Raging Bolt, L78|100/100\n|turn|8\n|inactive|Time left: 300 sec this turn | 300 sec total\n|\n|t:|1783564765\n|-terastallize|p2a: Raging Bolt|Fairy\n|move|p1a: Kommo-o|Drain Punch|p2a: Raging Bolt\n|-resisted|p2a: Raging Bolt\n|-damage|p2a: Raging Bolt|81/100\n|-heal|p1a: Kommo-o|137/242|[from] drain|[of] p2a: Raging Bolt\n|move|p2a: Raging Bolt|Thunderbolt|p1a: Kommo-o\n|-damage|p1a: Kommo-o|62/242\n|\n|-heal|p2a: Raging Bolt|87/100|[from] item: Leftovers\n|upkeep\n|turn|9\n|inactive|Time left: 300 sec this turn | 300 sec total\n|\n|t:|1783564766\n|move|p1a: Kommo-o|Boomburst|p2a: Raging Bolt\n|-damage|p2a: Raging Bolt|0 fnt\n|faint|p2a: Raging Bolt\n|-end|p2a: Raging Bolt|Protosynthesis|[silent]\n|\n|upkeep\n|\n|t:|1783564767\n|switch|p2a: Magcargo|Magcargo, L95, M|100/100\n|turn|10\n|inactive|Time left: 300 sec this turn | 300 sec total\n|\n|t:|1783564768\n|move|p1a: Kommo-o|Drain Punch|p2a: Magcargo\n|-supereffective|p2a: Magcargo\n|-damage|p2a: Magcargo|47/100\n|-heal|p1a: Kommo-o|134/242|[from] drain|[of] p2a: Magcargo\n|-status|p1a: Kommo-o|brn|[from] ability: Flame Body|[of] p2a: Magcargo\n|move|p2a: Magcargo|Lava Plume|p1a: Kommo-o\n|-damage|p1a: Kommo-o|65/242 brn\n|\n|-damage|p1a: Kommo-o|50/242 brn|[from] brn\n|upkeep\n|turn|11\n|inactive|Time left: 300 sec this turn | 300 sec total\n|\n|t:|1783564769\n|move|p1a: Kommo-o|Clanging Scales|p2a: Magcargo\n|-damage|p2a: Magcargo|0 fnt\n|faint|p2a: Magcargo\n|-unboost|p1a: Kommo-o|def|1\n|\n|-damage|p1a: Kommo-o|35/242 brn|[from] brn\n|upkeep\n|\n|t:|1783564770\n|switch|p2a: Shiftry|Shiftry, L89, M|100/100\n|turn|12\n|inactive|Time left: 300 sec this turn | 300 sec total\n|\n|t:|1783564771\n|move|p2a: Shiftry|Sucker Punch|p1a: Kommo-o\n|-damage|p1a: Kommo-o|0 fnt\n|faint|p1a: Kommo-o\n|-damage|p2a: Shiftry|91/100|[from] item: Life Orb\n|\n|upkeep\n|inactive|Time left: 300 sec this turn | 300 sec total | 5 sec grace\n|\n|t:|1783564772\n|switch|p1a: Rillaboom|Rillaboom, L79, F|288/288\n|-fieldstart|move: Grassy Terrain|[from] ability: Grassy Surge|[of] p1a: Rillaboom\n|turn|13\n|inactive|Time left: 300 sec this turn | 300 sec total\n|\n|t:|1783564774\n|move|p2a: Shiftry|Knock Off|p1a: Rillaboom\n|-damage|p1a: Rillaboom|142/288\n|-enditem|p1a: Rillaboom|Choice Band|[from] move: Knock Off|[of] p2a: Shiftry\n|-damage|p2a: Shiftry|81/100|[from] item: Life Orb\n|move|p1a: Rillaboom|U-turn|p2a: Shiftry\n|-supereffective|p2a: Shiftry\n|-damage|p2a: Shiftry|0 fnt\n|faint|p2a: Shiftry\n|inactive|Time left: 300 sec this turn | 300 sec total | 5 sec grace\n|\n|t:|1783564775\n|switch|p1a: Cacturne|Cacturne, L92, F|278/278|[from] U-turn\n|\n|upkeep\n|\n|t:|1783564776\n|switch|p2a: Empoleon|Empoleon, L84, F|97/100\n|turn|14\n|inactive|Time left: 300 sec this turn | 300 sec total\n|\n|t:|1783564777\n|move|p1a: Cacturne|Leaf Storm|p2a: Empoleon\n|-damage|p2a: Empoleon|2/100\n|-unboost|p1a: Cacturne|spa|2\n|-damage|p1a: Cacturne|251/278|[from] item: Life Orb\n|move|p2a: Empoleon|Stealth Rock|p1a: Cacturne\n|-sidestart|p1: p0x2138d99c|move: Stealth Rock\n|\n|-heal|p1a: Cacturne|268/278|[from] Grassy Terrain\n|-heal|p2a: Empoleon|8/100|[from] Grassy Terrain\n|-heal|p2a: Empoleon|14/100|[from] item: Leftovers\n|upkeep\n|turn|15\n|inactive|Time left: 300 sec this turn | 300 sec total\n|\n|t:|1783564778\n|move|p1a: Cacturne|Knock Off|p2a: Empoleon\n|-damage|p2a: Empoleon|0 fnt\n|-enditem|p2a: Empoleon|Leftovers|[from] move: Knock Off|[of] p1a: Cacturne\n|faint|p2a: Empoleon\n|-damage|p1a: Cacturne|241/278|[from] item: Life Orb\n|\n|-heal|p1a: Cacturne|258/278|[from] Grassy Terrain\n|upkeep\n|\n|t:|1783564779\n|switch|p2a: Pelipper|Pelipper, L86, M|19/100\n|-weather|RainDance|[from] ability: Drizzle|[of] p2a: Pelipper\n|turn|16\n|inactive|Time left: 300 sec this turn | 300 sec total\n|\n|t:|1783564780\n|move|p1a: Cacturne|Sucker Punch|p2a: Pelipper\n|-damage|p2a: Pelipper|0 fnt\n|faint|p2a: Pelipper\n|-damage|p1a: Cacturne|231/278|[from] item: Life Orb\n|\n|win|p0x2138d99c", "uploadtime": 1783564780, "views": 0, "rating": 0, "private": 0, "password": null, "_winner": "p0x2138d99c", "_our_name": "p0x2138d99c"}