{"id": "battle-gen9randombattle-2570", "formatid": "gen9randombattle", "format": "[Gen 9] Random Battle", "players": ["p0x25708bf8", "p0y2570518d"], "log": "|init|battle\n|title|p0x25708bf8 vs. p0y2570518d\n|j|\u2606p0x25708bf8\n|j|\u2606p0y2570518d\n|t:|1783568757\n|gametype|singles\n|player|p1|p0x25708bf8|169|\n|player|p2|p0y2570518d|1|\n|gen|9\n|tier|[Gen 9] Random Battle\n|rule|Species Clause: Limit one of each Pok\u00e9mon\n|rule|HP Percentage Mod: HP is shown in percentages\n|rule|Sleep Clause Mod: Limit one foe put to sleep\n|rule|Illusion Level Mod: Illusion disguises the Pok\u00e9mon's true level\n|\n|t:|1783568757\n|teamsize|p1|6\n|teamsize|p2|6\n|start\n|switch|p1a: Chandelure|Chandelure, L83, M|235/235\n|switch|p2a: Ogerpon|Ogerpon-Wellspring, L76, F|100/100\n|turn|1\n|inactive|Battle timer is ON: inactive players will automatically lose when time's up. (requested by p0x25708bf8)\n|inactive|p0y2570518d also wants the timer to be on.\n|\n|t:|1783568759\n|switch|p1a: Vileplume|Vileplume, L85, M|266/266\n|move|p2a: Ogerpon|Ivy Cudgel|p1a: Vileplume|[anim] Ivy Cudgel Water\n|-resisted|p1a: Vileplume\n|-damage|p1a: Vileplume|203/266\n|\n|-heal|p1a: Vileplume|219/266|[from] item: Leftovers\n|upkeep\n|turn|2\n|inactive|Time left: 300 sec this turn | 300 sec total\n|\n|t:|1783568761\n|switch|p2a: Annihilape|Annihilape, L76, M|100/100\n|move|p1a: Vileplume|Sludge Bomb|p2a: Annihilape\n|-resisted|p2a: Annihilape\n|-crit|p2a: Annihilape\n|-damage|p2a: Annihilape|68/100\n|\n|-heal|p1a: Vileplume|235/266|[from] item: Leftovers\n|upkeep\n|turn|3\n|inactive|Time left: 300 sec this turn | 300 sec total\n|\n|t:|1783568762\n|move|p2a: Annihilape|Bulk Up|p2a: Annihilape\n|-boost|p2a: Annihilape|atk|1\n|-boost|p2a: Annihilape|def|1\n|move|p1a: Vileplume|Sludge Bomb|p2a: Annihilape\n|-resisted|p2a: Annihilape\n|-damage|p2a: Annihilape|47/100\n|-status|p2a: Annihilape|psn\n|\n|-heal|p1a: Vileplume|251/266|[from] item: Leftovers\n|-damage|p2a: Annihilape|35/100 psn|[from] psn\n|upkeep\n|turn|4\n|inactive|Time left: 300 sec this turn | 300 sec total\n|\n|t:|1783568763\n|move|p2a: Annihilape|Rest|p2a: Annihilape\n|-status|p2a: Annihilape|slp|[from] move: Rest\n|-heal|p2a: Annihilape|100/100 slp|[silent]\n|-enditem|p2a: Annihilape|Chesto Berry|[eat]\n|-curestatus|p2a: Annihilape|slp|[msg]\n|move|p1a: Vileplume|Giga Drain|p2a: Annihilape\n|-damage|p2a: Annihilape|66/100\n|-heal|p1a: Vileplume|266/266|[from] drain|[of] p2a: Annihilape\n|\n|upkeep\n|turn|5\n|inactive|Time left: 300 sec this turn | 300 sec total\n|\n|t:|1783568764\n|move|p2a: Annihilape|Bulk Up|p2a: Annihilape\n|-boost|p2a: Annihilape|atk|1\n|-boost|p2a: Annihilape|def|1\n|move|p1a: Vileplume|Giga Drain|p2a: Annihilape\n|-damage|p2a: Annihilape|32/100\n|\n|upkeep\n|turn|6\n|inactive|Time left: 300 sec this turn | 300 sec total\n|\n|t:|1783568765\n|move|p2a: Annihilape|Rest|p2a: Annihilape\n|-status|p2a: Annihilape|slp|[from] move: Rest\n|-heal|p2a: Annihilape|100/100 slp|[silent]\n|move|p1a: Vileplume|Giga Drain|p2a: Annihilape\n|-damage|p2a: Annihilape|68/100 slp\n|\n|upkeep\n|turn|7\n|inactive|Time left: 300 sec this turn | 300 sec total\n|\n|t:|1783568766\n|switch|p1a: Chandelure|Chandelure, L83, M|235/235\n|cant|p2a: Annihilape|slp\n|\n|upkeep\n|turn|8\n|inactive|Time left: 300 sec this turn | 300 sec total\n|\n|t:|1783568767\n|cant|p2a: Annihilape|slp\n|move|p1a: Chandelure|Shadow Ball|p2a: Annihilape\n|-supereffective|p2a: Annihilape\n|-damage|p2a: Annihilape|0 fnt\n|faint|p2a: Annihilape\n|\n|upkeep\n|\n|t:|1783568768\n|switch|p2a: Rampardos|Rampardos, L90, F|100/100\n|turn|9\n|inactive|Time left: 300 sec this turn | 300 sec total\n|\n|t:|1783568769\n|switch|p1a: Slaking|Slaking, L84, F|389/389\n|move|p2a: Rampardos|Head Smash|p1a: Slaking\n|-damage|p1a: Slaking|146/389\n|-damage|p2a: Rampardos|62/100|[from] Recoil\n|\n|upkeep\n|turn|10\n|inactive|Time left: 300 sec this turn | 300 sec total\n|\n|t:|1783568770\n|move|p1a: Slaking|Giga Impact|p2a: Rampardos\n|-resisted|p2a: Rampardos\n|-damage|p2a: Rampardos|21/100\n|-mustrecharge|p1a: Slaking\n|move|p2a: Rampardos|Head Smash|p1a: Slaking\n|-damage|p1a: Slaking|0 fnt\n|faint|p1a: Slaking\n|-damage|p2a: Rampardos|0 fnt|[from] Recoil\n|faint|p2a: Rampardos\n|\n|upkeep\n|inactive|Time left: 300 sec this turn | 300 sec total | 5 sec grace\n|\n|t:|1783568771\n|switch|p1a: Altaria|Altaria, L89, F|278/278\n|switch|p2a: Toedscruel|Toedscruel, L87, M|100/100\n|turn|11\n|inactive|Time left: 300 sec this turn | 300 sec total\n|\n|t:|1783568772\n|move|p1a: Altaria|Brave Bird|p2a: Toedscruel\n|-supereffective|p2a: Toedscruel\n|-damage|p2a: Toedscruel|4/100\n|-damage|p1a: Altaria|188/278|[from] Recoil\n|move|p2a: Toedscruel|Spore|p1a: Altaria\n|-status|p1a: Altaria|slp|[from] move: Spore\n|\n|-heal|p2a: Toedscruel|10/100|[from] item: Leftovers\n|upkeep\n|turn|12\n|inactive|Time left: 300 sec this turn | 300 sec total\n|\n|t:|1783568773\n|-curestatus|p1a: Altaria|slp|[from] ability: Natural Cure|[silent]\n|switch|p1a: Vileplume|Vileplume, L85, M|266/266\n|move|p2a: Toedscruel|Rapid Spin|p1a: Vileplume\n|-damage|p1a: Vileplume|237/266\n|-boost|p2a: Toedscruel|spe|1\n|\n|-heal|p2a: Toedscruel|16/100|[from] item: Leftovers\n|-heal|p1a: Vileplume|253/266|[from] item: Leftovers\n|upkeep\n|turn|13\n|inactive|Time left: 300 sec this turn | 300 sec total\n|\n|t:|1783568774\n|switch|p2a: Iron Crown|Iron Crown, L78|100/100\n|move|p1a: Vileplume|Sludge Bomb|p2a: Iron Crown\n|-immune|p2a: Iron Crown\n|\n|-heal|p1a: Vileplume|266/266|[from] item: Leftovers\n|upkeep\n|turn|14\n|inactive|Time left: 300 sec this turn | 300 sec total\n|\n|t:|1783568775\n|move|p2a: Iron Crown|Calm Mind|p2a: Iron Crown\n|-boost|p2a: Iron Crown|spa|1\n|-boost|p2a: Iron Crown|spd|1\n|move|p1a: Vileplume|Sleep Powder|p2a: Iron Crown|[miss]\n|-miss|p1a: Vileplume|p2a: Iron Crown\n|\n|upkeep\n|turn|15\n|inactive|Time left: 300 sec this turn | 300 sec total\n|\n|t:|1783568776\n|switch|p1a: Chandelure|Chandelure, L83, M|235/235\n|move|p2a: Iron Crown|Psyshock|p1a: Chandelure\n|-damage|p1a: Chandelure|99/235\n|\n|upkeep\n|turn|16\n|inactive|Time left: 300 sec this turn | 300 sec total\n|\n|t:|1783568777\n|move|p2a: Iron Crown|Psyshock|p1a: Chandelure\n|-damage|p1a: Chandelure|0 fnt\n|faint|p1a: Chandelure\n|\n|upkeep\n|inactive|Time left: 300 sec this turn | 300 sec total | 5 sec grace\n|\n|t:|1783568778\n|switch|p1a: Brambleghast|Brambleghast, L88, M|240/240\n|turn|17\n|inactive|Time left: 300 sec this turn | 300 sec total\n|\n|t:|1783568779\n|-terastallize|p2a: Iron Crown|Steel\n|move|p1a: Brambleghast|Poltergeist|p2a: Iron Crown\n|-activate|p2a: Iron Crown|move: Poltergeist|Leftovers\n|-damage|p2a: Iron Crown|50/100\n|move|p2a: Iron Crown|Tachyon Cutter|p1a: Brambleghast\n|-damage|p1a: Brambleghast|110/240\n|-damage|p1a: Brambleghast|0 fnt\n|faint|p1a: Brambleghast\n|-hitcount|p1: Brambleghast|2\n|\n|-heal|p2a: Iron Crown|56/100|[from] item: Leftovers\n|upkeep\n|inactive|Time left: 300 sec this turn | 300 sec total | 5 sec grace\n|\n|t:|1783568780\n|switch|p1a: Altaria|Altaria, L89, F|188/278\n|turn|18\n|inactive|Time left: 300 sec this turn | 300 sec total\n|\n|t:|1783568781\n|move|p2a: Iron Crown|Tachyon Cutter|p1a: Altaria\n|-damage|p1a: Altaria|104/278\n|-damage|p1a: Altaria|16/278\n|-hitcount|p1a: Altaria|2\n|move|p1a: Altaria|Dragon Dance|p1a: Altaria\n|-boost|p1a: Altaria|atk|1\n|-boost|p1a: Altaria|spe|1\n|\n|-heal|p2a: Iron Crown|62/100|[from] item: Leftovers\n|upkeep\n|turn|19\n|inactive|Time left: 300 sec this turn | 300 sec total\n|\n|t:|1783568782\n|-end|p2a: Iron Crown|Quark Drive|[silent]\n|switch|p2a: Ogerpon|Ogerpon-Wellspring, L76, F|100/100\n|move|p1a: Altaria|Earthquake|p2a: Ogerpon\n|-resisted|p2a: Ogerpon\n|-damage|p2a: Ogerpon|79/100\n|\n|upkeep\n|turn|20\n|inactive|Time left: 300 sec this turn | 300 sec total\n|\n|t:|1783568783\n|move|p1a: Altaria|Roost|p1a: Altaria\n|-heal|p1a: Altaria|155/278\n|-singleturn|p1a: Altaria|move: Roost\n|move|p2a: Ogerpon|Encore|p1a: Altaria\n|-start|p1a: Altaria|Encore\n|\n|upkeep\n|turn|21\n|inactive|Time left: 300 sec this turn | 300 sec total\n|\n|t:|1783568784\n|switch|p2a: Iron Crown|Iron Crown, L78, tera:Steel|62/100\n|move|p1a: Altaria|Roost|p1a: Altaria\n|-heal|p1a: Altaria|278/278\n|-singleturn|p1a: Altaria|move: Roost\n|\n|-heal|p2a: Iron Crown|68/100|[from] item: Leftovers\n|upkeep\n|turn|22\n|inactive|Time left: 300 sec this turn | 300 sec total\n|\n|t:|1783568785\n|move|p1a: Altaria|Roost||[still]\n|-fail|p1a: Altaria|heal\n|move|p2a: Iron Crown|Calm Mind|p2a: Iron Crown\n|-boost|p2a: Iron Crown|spa|1\n|-boost|p2a: Iron Crown|spd|1\n|\n|-heal|p2a: Iron Crown|74/100|[from] item: Leftovers\n|upkeep\n|turn|23\n|inactive|Time left: 300 sec this turn | 300 sec total\n|\n|t:|1783568786\n|move|p1a: Altaria|Roost||[still]\n|-fail|p1a: Altaria|heal\n|move|p2a: Iron Crown|Tachyon Cutter|p1a: Altaria\n|-damage|p1a: Altaria|178/278\n|-damage|p1a: Altaria|88/278\n|-hitcount|p1a: Altaria|2\n|\n|-heal|p2a: Iron Crown|80/100|[from] item: Leftovers\n|-end|p1a: Altaria|Encore\n|upkeep\n|turn|24\n|inactive|Time left: 300 sec this turn | 300 sec total\n|\n|t:|1783568787\n|-terastallize|p1a: Altaria|Ground\n|move|p1a: Altaria|Earthquake|p2a: Iron Crown\n|-supereffective|p2a: Iron Crown\n|-damage|p2a: Iron Crown|0 fnt\n|faint|p2a: Iron Crown\n|-end|p2a: Iron Crown|Quark Drive|[silent]\n|\n|upkeep\n|\n|t:|1783568788\n|switch|p2a: Arceus|Arceus-Psychic, L70|100/100\n|turn|25\n|inactive|Time left: 300 sec this turn | 300 sec total\n|\n|t:|1783568789\n|move|p1a: Altaria|Roost|p1a: Altaria\n|-heal|p1a: Altaria|227/278\n|move|p2a: Arceus|Cosmic Power|p2a: Arceus\n|-boost|p2a: Arceus|def|1\n|-boost|p2a: Arceus|spd|1\n|\n|upkeep\n|turn|26\n|inactive|Time left: 300 sec this turn | 300 sec total\n|\n|t:|1783568790\n|move|p1a: Altaria|Dragon Dance|p1a: Altaria\n|-boost|p1a: Altaria|atk|1\n|-boost|p1a: Altaria|spe|1\n|move|p2a: Arceus|Cosmic Power|p2a: Arceus\n|-boost|p2a: Arceus|def|1\n|-boost|p2a: Arceus|spd|1\n|\n|upkeep\n|turn|27\n|inactive|Time left: 300 sec this turn | 300 sec total\n|\n|t:|1783568791\n|move|p1a: Altaria|Roost|p1a: Altaria\n|-heal|p1a: Altaria|278/278\n|move|p2a: Arceus|Cosmic Power|p2a: Arceus\n|-boost|p2a: Arceus|def|1\n|-boost|p2a: Arceus|spd|1\n|\n|upkeep\n|turn|28\n|inactive|Time left: 300 sec this turn | 300 sec total\n|\n|t:|1783568792\n|move|p1a: Altaria|Dragon Dance|p1a: Altaria\n|-boost|p1a: Altaria|atk|1\n|-boost|p1a: Altaria|spe|1\n|move|p2a: Arceus|Cosmic Power|p2a: Arceus\n|-boost|p2a: Arceus|def|1\n|-boost|p2a: Arceus|spd|1\n|\n|upkeep\n|turn|29\n|inactive|Time left: 300 sec this turn | 300 sec total\n|\n|t:|1783568792\n|move|p1a: Altaria|Brave Bird|p2a: Arceus\n|-damage|p2a: Arceus|68/100\n|-damage|p1a: Altaria|248/278|[from] Recoil\n|move|p2a: Arceus|Stored Power|p1a: Altaria\n|-damage|p1a: Altaria|89/278\n|\n|upkeep\n|turn|30\n|inactive|Time left: 300 sec this turn | 300 sec total\n|\n|t:|1783568793\n|move|p1a: Altaria|Roost|p1a: Altaria\n|-heal|p1a: Altaria|228/278\n|move|p2a: Arceus|Stored Power|p1a: Altaria\n|-damage|p1a: Altaria|60/278\n|\n|upkeep\n|turn|31\n|inactive|Time left: 300 sec this turn | 300 sec total\n|\n|t:|1783568794\n|move|p1a: Altaria|Roost|p1a: Altaria\n|-heal|p1a: Altaria|199/278\n|move|p2a: Arceus|Stored Power|p1a: Altaria\n|-damage|p1a: Altaria|45/278\n|\n|upkeep\n|turn|32\n|inactive|Time left: 300 sec this turn | 300 sec total\n|\n|t:|1783568795\n|move|p1a: Altaria|Earthquake|p2a: Arceus\n|-damage|p2a: Arceus|45/100\n|move|p2a: Arceus|Stored Power|p1a: Altaria\n|-crit|p1a: Altaria\n|-damage|p1a: Altaria|0 fnt\n|faint|p1a: Altaria\n|\n|upkeep\n|inactive|Time left: 300 sec this turn | 300 sec total | 5 sec grace\n|\n|t:|1783568796\n|switch|p1a: Coalossal|Coalossal, L89, M|341/341\n|turn|33\n|inactive|Time left: 300 sec this turn | 300 sec total\n|\n|t:|1783568797\n|move|p2a: Arceus|Stored Power|p1a: Coalossal\n|-damage|p1a: Coalossal|158/341\n|move|p1a: Coalossal|Stone Edge|p2a: Arceus\n|-damage|p2a: Arceus|33/100\n|\n|upkeep\n|turn|34\n|inactive|Time left: 300 sec this turn | 300 sec total\n|\n|t:|1783568797\n|move|p2a: Arceus|Stored Power|p1a: Coalossal\n|-damage|p1a: Coalossal|0 fnt\n|faint|p1a: Coalossal\n|\n|upkeep\n|inactive|Time left: 300 sec this turn | 300 sec total | 5 sec grace\n|\n|t:|1783568798\n|switch|p1a: Vileplume|Vileplume, L85, M|266/266\n|turn|35\n|inactive|Time left: 300 sec this turn | 300 sec total\n|\n|t:|1783568799\n|move|p2a: Arceus|Stored Power|p1a: Vileplume\n|-supereffective|p1a: Vileplume\n|-damage|p1a: Vileplume|0 fnt\n|faint|p1a: Vileplume\n|\n|win|p0y2570518d", "uploadtime": 1783568799, "views": 0, "rating": 0, "private": 0, "password": null, "_winner": "p0y2570518d", "_our_name": "p0x25708bf8"}