{"id": "battle-gen9randombattle-1108", "formatid": "gen9randombattle", "format": "[Gen 9] Random Battle", "players": ["p0x1108d547", "p0y1108a669"], "log": "|init|battle\n|title|p0x1108d547 vs. p0y1108a669\n|j|\u2606p0x1108d547\n|j|\u2606p0y1108a669\n|t:|1783552819\n|gametype|singles\n|player|p1|p0x1108d547|170|\n|player|p2|p0y1108a669|170|\n|gen|9\n|tier|[Gen 9] Random Battle\n|rule|Species Clause: Limit one of each Pok\u00e9mon\n|rule|HP Percentage Mod: HP is shown in percentages\n|rule|Sleep Clause Mod: Limit one foe put to sleep\n|rule|Illusion Level Mod: Illusion disguises the Pok\u00e9mon's true level\n|\n|t:|1783552819\n|teamsize|p1|6\n|teamsize|p2|6\n|start\n|switch|p1a: Giratina|Giratina-Origin, L72|335/335\n|switch|p2a: Lunala|Lunala, L70|100/100\n|turn|1\n|inactive|Battle timer is ON: inactive players will automatically lose when time's up. (requested by p0x1108d547)\n|\n|t:|1783552821\n|move|p2a: Lunala|Moongeist Beam|p1a: Giratina\n|-supereffective|p1a: Giratina\n|-damage|p1a: Giratina|129/335\n|move|p1a: Giratina|Poltergeist|p2a: Lunala\n|-activate|p2a: Lunala|move: Poltergeist|Leftovers\n|-supereffective|p2a: Lunala\n|-damage|p2a: Lunala|6/100\n|\n|-heal|p2a: Lunala|13/100|[from] item: Leftovers\n|upkeep\n|turn|2\n|inactive|Time left: 300 sec this turn | 300 sec total\n|inactive|p0y1108a669 also wants the timer to be on.\n|\n|t:|1783552822\n|move|p1a: Giratina|Shadow Sneak|p2a: Lunala\n|-supereffective|p2a: Lunala\n|-damage|p2a: Lunala|0 fnt\n|faint|p2a: Lunala\n|\n|upkeep\n|\n|t:|1783552823\n|switch|p2a: Electivire|Electivire, L84, F|100/100\n|turn|3\n|inactive|Time left: 300 sec this turn | 300 sec total\n|\n|t:|1783552824\n|move|p2a: Electivire|Ice Punch|p1a: Giratina\n|-supereffective|p1a: Giratina\n|-damage|p1a: Giratina|0 fnt\n|faint|p1a: Giratina\n|-damage|p2a: Electivire|91/100|[from] item: Life Orb\n|\n|upkeep\n|inactive|Time left: 300 sec this turn | 300 sec total | 5 sec grace\n|\n|t:|1783552825\n|switch|p1a: Ludicolo|Ludicolo, L90, F|290/290\n|turn|4\n|inactive|Time left: 300 sec this turn | 300 sec total\n|\n|t:|1783552826\n|move|p2a: Electivire|Supercell Slam|p1a: Ludicolo\n|-damage|p1a: Ludicolo|121/290\n|-damage|p2a: Electivire|81/100|[from] item: Life Orb\n|move|p1a: Ludicolo|Hydro Pump|p2a: Electivire\n|-damage|p2a: Electivire|2/100\n|\n|upkeep\n|turn|5\n|inactive|Time left: 300 sec this turn | 300 sec total\n|\n|t:|1783552828\n|move|p2a: Electivire|Supercell Slam|p1a: Ludicolo\n|-damage|p1a: Ludicolo|0 fnt\n|faint|p1a: Ludicolo\n|-damage|p2a: Electivire|0 fnt|[from] item: Life Orb\n|faint|p2a: Electivire\n|\n|upkeep\n|inactive|Time left: 300 sec this turn | 300 sec total | 5 sec grace\n|\n|t:|1783552829\n|switch|p2a: Cryogonal|Cryogonal, L89|100/100\n|switch|p1a: Komala|Komala, L87, F|255/255\n|-ability|p1a: Komala|Comatose\n|turn|6\n|inactive|Time left: 300 sec this turn | 300 sec total\n|\n|t:|1783552830\n|switch|p2a: Spiritomb|Spiritomb, L89, F|100/100\n|move|p1a: Komala|Body Slam|p2a: Spiritomb\n|-immune|p2a: Spiritomb\n|\n|upkeep\n|turn|7\n|inactive|Time left: 300 sec this turn | 300 sec total\n|\n|t:|1783552831\n|switch|p1a: Oricorio|Oricorio, L84, F|263/263\n|move|p2a: Spiritomb|Foul Play|p1a: Oricorio\n|-damage|p1a: Oricorio|188/263\n|\n|upkeep\n|turn|8\n|inactive|Time left: 300 sec this turn | 300 sec total\n|\n|t:|1783552832\n|move|p1a: Oricorio|Quiver Dance|p1a: Oricorio\n|-boost|p1a: Oricorio|spa|1\n|-boost|p1a: Oricorio|spd|1\n|-boost|p1a: Oricorio|spe|1\n|move|p2a: Spiritomb|Poltergeist|p1a: Oricorio\n|-activate|p1a: Oricorio|move: Poltergeist|Heavy-Duty Boots\n|-damage|p1a: Oricorio|50/263\n|\n|upkeep\n|turn|9\n|inactive|Time left: 300 sec this turn | 300 sec total\n|\n|t:|1783552832\n|move|p2a: Spiritomb|Shadow Sneak|p1a: Oricorio\n|-damage|p1a: Oricorio|0 fnt\n|faint|p1a: Oricorio\n|\n|upkeep\n|inactive|Time left: 300 sec this turn | 300 sec total | 5 sec grace\n|\n|t:|1783552833\n|switch|p1a: Komala|Komala, L87, F|255/255\n|-ability|p1a: Komala|Comatose\n|turn|10\n|inactive|Time left: 300 sec this turn | 300 sec total\n|\n|t:|1783552834\n|move|p1a: Komala|Knock Off|p2a: Spiritomb\n|-damage|p2a: Spiritomb|56/100\n|-enditem|p2a: Spiritomb|Leftovers|[from] move: Knock Off|[of] p1a: Komala\n|move|p2a: Spiritomb|Foul Play|p1a: Komala\n|-damage|p1a: Komala|116/255\n|\n|upkeep\n|turn|11\n|inactive|Time left: 300 sec this turn | 300 sec total\n|\n|t:|1783552835\n|move|p1a: Komala|Knock Off|p2a: Spiritomb\n|-damage|p2a: Spiritomb|29/100\n|move|p2a: Spiritomb|Foul Play|p1a: Komala\n|-damage|p1a: Komala|0 fnt\n|faint|p1a: Komala\n|\n|upkeep\n|inactive|Time left: 300 sec this turn | 300 sec total | 5 sec grace\n|\n|t:|1783552836\n|switch|p1a: Sandy Shocks|Sandy Shocks, L80|267/267\n|turn|12\n|inactive|Time left: 300 sec this turn | 300 sec total\n|\n|t:|1783552837\n|switch|p2a: Cryogonal|Cryogonal, L89|100/100\n|move|p1a: Sandy Shocks|Thunderbolt|p2a: Cryogonal\n|-damage|p2a: Cryogonal|78/100\n|-status|p2a: Cryogonal|par\n|\n|upkeep\n|turn|13\n|inactive|Time left: 300 sec this turn | 300 sec total\n|\n|t:|1783552838\n|move|p1a: Sandy Shocks|Thunderbolt|p2a: Cryogonal\n|-damage|p2a: Cryogonal|53/100 par\n|move|p2a: Cryogonal|Ice Beam|p1a: Sandy Shocks\n|-supereffective|p1a: Sandy Shocks\n|-crit|p1a: Sandy Shocks\n|-damage|p1a: Sandy Shocks|0 fnt\n|faint|p1a: Sandy Shocks\n|-end|p1a: Sandy Shocks|Protosynthesis|[silent]\n|\n|upkeep\n|inactive|Time left: 300 sec this turn | 300 sec total | 5 sec grace\n|\n|t:|1783552838\n|switch|p1a: Shiftry|Shiftry, L89, M|305/305\n|turn|14\n|inactive|Time left: 300 sec this turn | 300 sec total\n|\n|t:|1783552839\n|switch|p2a: Tauros|Tauros-Paldea-Aqua, L81, M|100/100\n|-ability|p2a: Tauros|Intimidate|boost\n|-unboost|p1a: Shiftry|atk|1\n|move|p1a: Shiftry|Knock Off|p2a: Tauros\n|-resisted|p2a: Tauros\n|-damage|p2a: Tauros|86/100\n|-enditem|p2a: Tauros|Life Orb|[from] move: Knock Off|[of] p1a: Shiftry\n|\n|upkeep\n|turn|15\n|inactive|Time left: 300 sec this turn | 300 sec total\n|\n|t:|1783552840\n|move|p2a: Tauros|Close Combat|p1a: Shiftry\n|-supereffective|p1a: Shiftry\n|-damage|p1a: Shiftry|0 fnt\n|-unboost|p2a: Tauros|def|1\n|-unboost|p2a: Tauros|spd|1\n|faint|p1a: Shiftry\n|\n|win|p0y1108a669", "uploadtime": 1783552840, "views": 0, "rating": 0, "private": 0, "password": null, "_winner": "p0y1108a669", "_our_name": "p0x1108d547"}