{"id": "battle-gen9randombattle-924", "formatid": "gen9randombattle", "format": "[Gen 9] Random Battle", "players": ["p0x924e3c9", "p0y924eb6f"], "log": "|init|battle\n|title|p0x924e3c9 vs. p0y924eb6f\n|j|\u2606p0x924e3c9\n|j|\u2606p0y924eb6f\n|t:|1783550607\n|gametype|singles\n|player|p1|p0x924e3c9|170|\n|player|p2|p0y924eb6f|265|\n|gen|9\n|tier|[Gen 9] Random Battle\n|rule|Species Clause: Limit one of each Pok\u00e9mon\n|rule|HP Percentage Mod: HP is shown in percentages\n|rule|Sleep Clause Mod: Limit one foe put to sleep\n|rule|Illusion Level Mod: Illusion disguises the Pok\u00e9mon's true level\n|\n|t:|1783550607\n|teamsize|p1|6\n|teamsize|p2|6\n|start\n|switch|p1a: Umbreon|Umbreon, L84, F|297/297\n|switch|p2a: Galvantula|Galvantula, L82, M|100/100\n|turn|1\n|inactive|Battle timer is ON: inactive players will automatically lose when time's up. (requested by p0y924eb6f)\n|inactive|Time left: 300 sec this turn | 300 sec total | 60 sec grace\n|inactive|p0x924e3c9 also wants the timer to be on.\n|\n|t:|1783550609\n|move|p2a: Galvantula|Sticky Web|p1a: Umbreon\n|-sidestart|p1: p0x924e3c9|move: Sticky Web\n|move|p1a: Umbreon|Foul Play|p2a: Galvantula\n|-damage|p2a: Galvantula|69/100\n|\n|upkeep\n|turn|2\n|inactive|Time left: 300 sec this turn | 300 sec total\n|\n|t:|1783550610\n|move|p2a: Galvantula|Thunder|p1a: Umbreon\n|-damage|p1a: Umbreon|221/297\n|-status|p1a: Umbreon|par\n|-activate|p1a: Umbreon|ability: Synchronize\n|-immune|p2a: Galvantula\n|move|p1a: Umbreon|Foul Play|p2a: Galvantula\n|-damage|p2a: Galvantula|32/100\n|\n|-heal|p1a: Umbreon|239/297 par|[from] item: Leftovers\n|upkeep\n|turn|3\n|inactive|Time left: 300 sec this turn | 300 sec total\n|\n|t:|1783550611\n|switch|p2a: Alcremie|Alcremie-Salted-Cream, L90, F|100/100\n|move|p1a: Umbreon|Foul Play|p2a: Alcremie\n|-resisted|p2a: Alcremie\n|-damage|p2a: Alcremie|91/100\n|\n|-heal|p2a: Alcremie|97/100|[from] item: Leftovers\n|-heal|p1a: Umbreon|257/297 par|[from] item: Leftovers\n|upkeep\n|turn|4\n|inactive|Time left: 300 sec this turn | 300 sec total\n|\n|t:|1783550612\n|move|p2a: Alcremie|Calm Mind|p2a: Alcremie\n|-boost|p2a: Alcremie|spa|1\n|-boost|p2a: Alcremie|spd|1\n|move|p1a: Umbreon|Toxic|p2a: Alcremie\n|-status|p2a: Alcremie|tox\n|\n|-heal|p2a: Alcremie|100/100 tox|[from] item: Leftovers\n|-heal|p1a: Umbreon|275/297 par|[from] item: Leftovers\n|-damage|p2a: Alcremie|94/100 tox|[from] psn\n|upkeep\n|turn|5\n|inactive|Time left: 300 sec this turn | 300 sec total\n|\n|t:|1783550613\n|switch|p1a: Charizard|Charizard, L85, F|271/271\n|move|p2a: Alcremie|Alluring Voice|p1a: Charizard\n|-resisted|p1a: Charizard\n|-crit|p1a: Charizard\n|-damage|p1a: Charizard|149/271\n|\n|-heal|p2a: Alcremie|100/100 tox|[from] item: Leftovers\n|-damage|p2a: Alcremie|88/100 tox|[from] psn\n|upkeep\n|turn|6\n|inactive|Time left: 300 sec this turn | 300 sec total\n|\n|t:|1783550614\n|move|p1a: Charizard|Swords Dance|p1a: Charizard\n|-boost|p1a: Charizard|atk|2\n|move|p2a: Alcremie|Tera Blast|p1a: Charizard\n|-damage|p1a: Charizard|42/271\n|\n|-heal|p2a: Alcremie|94/100 tox|[from] item: Leftovers\n|-damage|p2a: Alcremie|76/100 tox|[from] psn\n|upkeep\n|turn|7\n|inactive|Time left: 300 sec this turn | 300 sec total\n|\n|t:|1783550616\n|move|p1a: Charizard|Earthquake|p2a: Alcremie\n|-damage|p2a: Alcremie|27/100 tox\n|move|p2a: Alcremie|Tera Blast|p1a: Charizard\n|-damage|p1a: Charizard|0 fnt\n|faint|p1a: Charizard\n|\n|-heal|p2a: Alcremie|33/100 tox|[from] item: Leftovers\n|-damage|p2a: Alcremie|8/100 tox|[from] psn\n|upkeep\n|inactive|Time left: 300 sec this turn | 300 sec total | 5 sec grace\n|\n|t:|1783550617\n|switch|p1a: Metagross|Metagross, L79|256/256\n|-activate|p1a: Metagross|move: Sticky Web\n|-fail|p1a: Metagross|unboost|[from] ability: Clear Body|[of] p1a: Metagross\n|turn|8\n|inactive|Time left: 300 sec this turn | 300 sec total\n|\n|t:|1783550618\n|move|p2a: Alcremie|Alluring Voice|p1a: Metagross\n|-resisted|p1a: Metagross\n|-damage|p1a: Metagross|178/256\n|move|p1a: Metagross|Agility|p1a: Metagross\n|-boost|p1a: Metagross|spe|2\n|\n|-heal|p2a: Alcremie|15/100 tox|[from] item: Leftovers\n|-damage|p2a: Alcremie|0 fnt|[from] psn\n|faint|p2a: Alcremie\n|upkeep\n|\n|t:|1783550619\n|switch|p2a: Swampert|Swampert, L83, F|100/100\n|turn|9\n|inactive|Time left: 300 sec this turn | 300 sec total\n|\n|t:|1783550620\n|move|p1a: Metagross|Psychic Fangs|p2a: Swampert\n|-damage|p2a: Swampert|65/100\n|move|p2a: Swampert|Earthquake|p1a: Metagross\n|-supereffective|p1a: Metagross\n|-crit|p1a: Metagross\n|-damage|p1a: Metagross|0 fnt\n|faint|p1a: Metagross\n|\n|-heal|p2a: Swampert|71/100|[from] item: Leftovers\n|upkeep\n|inactive|Time left: 300 sec this turn | 300 sec total | 5 sec grace\n|\n|t:|1783550621\n|switch|p1a: Pelipper|Pelipper, L86, F|243/243\n|-weather|RainDance|[from] ability: Drizzle|[of] p1a: Pelipper\n|turn|10\n|inactive|Time left: 300 sec this turn | 300 sec total\n|\n|t:|1783550622\n|move|p1a: Pelipper|Hurricane|p2a: Swampert\n|-damage|p2a: Swampert|29/100\n|-start|p2a: Swampert|confusion\n|-activate|p2a: Swampert|confusion\n|move|p2a: Swampert|Flip Turn|p1a: Pelipper\n|-resisted|p1a: Pelipper\n|-damage|p1a: Pelipper|174/243\n|\n|t:|1783550623\n|switch|p2a: Rotom|Rotom, L88|100/100|[from] Flip Turn\n|\n|-weather|RainDance|[upkeep]\n|upkeep\n|turn|11\n|inactive|Time left: 300 sec this turn | 300 sec total\n|\n|t:|1783550624\n|switch|p1a: Trevenant|Trevenant, L89, F|296/296\n|-activate|p1a: Trevenant|move: Sticky Web\n|-unboost|p1a: Trevenant|spe|1\n|move|p2a: Rotom|Thunderbolt|p1a: Trevenant\n|-resisted|p1a: Trevenant\n|-damage|p1a: Trevenant|227/296\n|-damage|p2a: Rotom|91/100|[from] item: Life Orb\n|\n|-weather|RainDance|[upkeep]\n|upkeep\n|turn|12\n|inactive|Time left: 300 sec this turn | 300 sec total\n|\n|t:|1783550625\n|move|p2a: Rotom|Shadow Ball|p1a: Trevenant\n|-supereffective|p1a: Trevenant\n|-damage|p1a: Trevenant|1/296\n|-enditem|p1a: Trevenant|Sitrus Berry|[eat]\n|-heal|p1a: Trevenant|75/296|[from] item: Sitrus Berry\n|-damage|p2a: Rotom|81/100|[from] item: Life Orb\n|move|p1a: Trevenant|Poltergeist|p2a: Rotom\n|-activate|p2a: Rotom|move: Poltergeist|Life Orb\n|-supereffective|p2a: Rotom\n|-crit|p2a: Rotom\n|-damage|p2a: Rotom|0 fnt\n|faint|p2a: Rotom\n|\n|-weather|RainDance|[upkeep]\n|-item|p1a: Trevenant|Sitrus Berry|[from] ability: Harvest\n|upkeep\n|-enditem|p1a: Trevenant|Sitrus Berry|[eat]\n|-heal|p1a: Trevenant|149/296|[from] item: Sitrus Berry\n|\n|t:|1783550626\n|switch|p2a: Swampert|Swampert, L83, F|29/100\n|turn|13\n|inactive|Time left: 300 sec this turn | 300 sec total\n|\n|t:|1783550627\n|move|p2a: Swampert|Flip Turn|p1a: Trevenant\n|-resisted|p1a: Trevenant\n|-damage|p1a: Trevenant|65/296\n|\n|t:|1783550628\n|switch|p2a: Galvantula|Galvantula, L82, M|32/100|[from] Flip Turn\n|move|p1a: Trevenant|Poltergeist|p2a: Galvantula|[miss]\n|-miss|p1a: Trevenant|p2a: Galvantula\n|\n|-weather|RainDance|[upkeep]\n|upkeep\n|turn|14\n|inactive|Time left: 300 sec this turn | 300 sec total\n|\n|t:|1783550629\n|move|p2a: Galvantula|Bug Buzz|p1a: Trevenant\n|-damage|p1a: Trevenant|0 fnt\n|faint|p1a: Trevenant\n|\n|-weather|none\n|upkeep\n|inactive|Time left: 300 sec this turn | 300 sec total | 5 sec grace\n|\n|t:|1783550630\n|switch|p1a: Rabsca|Rabsca, L91, F|284/284\n|turn|15\n|inactive|Time left: 300 sec this turn | 300 sec total\n|\n|t:|1783550631\n|move|p2a: Galvantula|Thunder|p1a: Rabsca\n|-damage|p1a: Rabsca|196/284\n|move|p1a: Rabsca|Bug Buzz|p2a: Galvantula\n|-damage|p2a: Galvantula|0 fnt\n|faint|p2a: Galvantula\n|\n|upkeep\n|\n|t:|1783550632\n|switch|p2a: Cramorant|Cramorant, L86, F|100/100\n|turn|16\n|inactive|Time left: 300 sec this turn | 300 sec total\n|\n|t:|1783550633\n|-terastallize|p1a: Rabsca|Steel\n|move|p2a: Cramorant|Surf|p1a: Rabsca\n|-formechange|p2a: Cramorant|Cramorant-Gulping|\n|-damage|p1a: Rabsca|112/284\n|move|p1a: Rabsca|Recover|p1a: Rabsca\n|-heal|p1a: Rabsca|254/284\n|\n|upkeep\n|turn|17\n|inactive|Time left: 300 sec this turn | 300 sec total\n|\n|t:|1783550634\n|move|p2a: Cramorant|Surf|p1a: Rabsca\n|-damage|p1a: Rabsca|182/284\n|move|p1a: Rabsca|Recover|p1a: Rabsca\n|-heal|p1a: Rabsca|284/284\n|\n|upkeep\n|turn|18\n|inactive|Time left: 300 sec this turn | 300 sec total\n|\n|t:|1783550635\n|move|p2a: Cramorant|Surf|p1a: Rabsca\n|-damage|p1a: Rabsca|214/284\n|move|p1a: Rabsca|Psychic|p2a: Cramorant\n|-damage|p2a: Cramorant|58/100\n|-damage|p1a: Rabsca|143/284|[from] ability: Gulp Missile|[of] p2a: Cramorant\n|-unboost|p1a: Rabsca|def|1\n|-formechange|p2a: Cramorant|Cramorant|\n|\n|upkeep\n|turn|19\n|inactive|Time left: 300 sec this turn | 300 sec total\n|\n|t:|1783550636\n|move|p2a: Cramorant|Surf|p1a: Rabsca\n|-formechange|p2a: Cramorant|Cramorant-Gulping|\n|-damage|p1a: Rabsca|68/284\n|move|p1a: Rabsca|Recover|p1a: Rabsca\n|-heal|p1a: Rabsca|210/284\n|\n|upkeep\n|turn|20\n|inactive|Time left: 300 sec this turn | 300 sec total\n|\n|t:|1783550637\n|move|p2a: Cramorant|Roost|p2a: Cramorant\n|-heal|p2a: Cramorant|100/100\n|-singleturn|p2a: Cramorant|move: Roost\n|move|p1a: Rabsca|Recover|p1a: Rabsca\n|-heal|p1a: Rabsca|284/284\n|\n|upkeep\n|turn|21\n|inactive|Time left: 300 sec this turn | 300 sec total\n|\n|t:|1783550638\n|move|p2a: Cramorant|Brave Bird|p1a: Rabsca\n|-resisted|p1a: Rabsca\n|-damage|p1a: Rabsca|202/284\n|-damage|p2a: Cramorant|90/100|[from] Recoil\n|move|p1a: Rabsca|Psychic|p2a: Cramorant\n|-damage|p2a: Cramorant|49/100\n|-damage|p1a: Rabsca|131/284|[from] ability: Gulp Missile|[of] p2a: Cramorant\n|-unboost|p1a: Rabsca|def|1\n|-formechange|p2a: Cramorant|Cramorant|\n|\n|upkeep\n|turn|22\n|inactive|Time left: 300 sec this turn | 300 sec total\n|\n|t:|1783550640\n|move|p2a: Cramorant|Surf|p1a: Rabsca\n|-formechange|p2a: Cramorant|Cramorant-Gorging|\n|-damage|p1a: Rabsca|50/284\n|move|p1a: Rabsca|Recover|p1a: Rabsca\n|-heal|p1a: Rabsca|192/284\n|\n|upkeep\n|turn|23\n|inactive|Time left: 300 sec this turn | 300 sec total\n|\n|t:|1783550641\n|move|p2a: Cramorant|Roost|p2a: Cramorant\n|-heal|p2a: Cramorant|99/100\n|-singleturn|p2a: Cramorant|move: Roost\n|move|p1a: Rabsca|Recover|p1a: Rabsca\n|-heal|p1a: Rabsca|284/284\n|\n|upkeep\n|turn|24\n|inactive|Time left: 300 sec this turn | 300 sec total\n|\n|t:|1783550642\n|switch|p1a: Umbreon|Umbreon, L84, F|275/297 par\n|-activate|p1a: Umbreon|move: Sticky Web\n|-unboost|p1a: Umbreon|spe|1\n|move|p2a: Cramorant|Surf|p1a: Umbreon\n|-damage|p1a: Umbreon|209/297 par\n|\n|-heal|p1a: Umbreon|227/297 par|[from] item: Leftovers\n|upkeep\n|turn|25\n|inactive|Time left: 300 sec this turn | 300 sec total\n|\n|t:|1783550643\n|move|p2a: Cramorant|Brave Bird|p1a: Umbreon\n|-damage|p1a: Umbreon|121/297 par\n|-damage|p2a: Cramorant|86/100|[from] Recoil\n|cant|p1a: Umbreon|par\n|\n|-heal|p1a: Umbreon|139/297 par|[from] item: Leftovers\n|upkeep\n|turn|26\n|inactive|Time left: 300 sec this turn | 300 sec total\n|\n|t:|1783550644\n|move|p2a: Cramorant|Roost|p2a: Cramorant\n|-heal|p2a: Cramorant|100/100\n|-singleturn|p2a: Cramorant|move: Roost\n|move|p1a: Umbreon|Foul Play|p2a: Cramorant\n|-damage|p2a: Cramorant|53/100\n|-damage|p1a: Umbreon|65/297 par|[from] ability: Gulp Missile|[of] p2a: Cramorant\n|-formechange|p2a: Cramorant|Cramorant|\n|\n|-heal|p1a: Umbreon|83/297 par|[from] item: Leftovers\n|upkeep\n|turn|27\n|inactive|Time left: 300 sec this turn | 300 sec total\n|\n|t:|1783550645\n|move|p2a: Cramorant|Roost|p2a: Cramorant\n|-heal|p2a: Cramorant|100/100\n|-singleturn|p2a: Cramorant|move: Roost\n|move|p1a: Umbreon|Foul Play|p2a: Cramorant\n|-damage|p2a: Cramorant|55/100\n|\n|-heal|p1a: Umbreon|101/297 par|[from] item: Leftovers\n|upkeep\n|turn|28\n|inactive|Time left: 300 sec this turn | 300 sec total\n|\n|t:|1783550646\n|move|p2a: Cramorant|Roost|p2a: Cramorant\n|-heal|p2a: Cramorant|100/100\n|-singleturn|p2a: Cramorant|move: Roost\n|cant|p1a: Umbreon|par\n|\n|-heal|p1a: Umbreon|119/297 par|[from] item: Leftovers\n|upkeep\n|turn|29\n|inactive|Time left: 300 sec this turn | 300 sec total\n|\n|t:|1783550647\n|move|p2a: Cramorant|Brave Bird|p1a: Umbreon\n|-damage|p1a: Umbreon|22/297 par\n|-damage|p2a: Cramorant|88/100|[from] Recoil\n|cant|p1a: Umbreon|par\n|\n|-heal|p1a: Umbreon|40/297 par|[from] item: Leftovers\n|upkeep\n|turn|30\n|inactive|Time left: 300 sec this turn | 300 sec total\n|\n|t:|1783550648\n|move|p2a: Cramorant|Surf|p1a: Umbreon\n|-formechange|p2a: Cramorant|Cramorant-Gulping|\n|-damage|p1a: Umbreon|0 fnt\n|faint|p1a: Umbreon\n|\n|upkeep\n|inactive|Time left: 300 sec this turn | 300 sec total | 5 sec grace\n|\n|t:|1783550649\n|switch|p1a: Pelipper|Pelipper, L86, F|174/243\n|-weather|RainDance|[from] ability: Drizzle|[of] p1a: Pelipper\n|turn|31\n|inactive|Time left: 300 sec this turn | 300 sec total\n|\n|t:|1783550650\n|move|p2a: Cramorant|Surf|p1a: Pelipper\n|-resisted|p1a: Pelipper\n|-damage|p1a: Pelipper|99/243\n|move|p1a: Pelipper|Roost|p1a: Pelipper\n|-heal|p1a: Pelipper|221/243\n|-singleturn|p1a: Pelipper|move: Roost\n|\n|-weather|RainDance|[upkeep]\n|upkeep\n|turn|32\n|inactive|Time left: 300 sec this turn | 300 sec total\n|\n|t:|1783550651\n|move|p2a: Cramorant|Surf|p1a: Pelipper\n|-resisted|p1a: Pelipper\n|-damage|p1a: Pelipper|143/243\n|move|p1a: Pelipper|Roost|p1a: Pelipper\n|-heal|p1a: Pelipper|243/243\n|-singleturn|p1a: Pelipper|move: Roost\n|\n|-weather|RainDance|[upkeep]\n|upkeep\n|turn|33\n|inactive|Time left: 300 sec this turn | 300 sec total\n|\n|t:|1783550652\n|move|p2a: Cramorant|Surf|p1a: Pelipper\n|-resisted|p1a: Pelipper\n|-damage|p1a: Pelipper|164/243\n|move|p1a: Pelipper|Roost|p1a: Pelipper\n|-heal|p1a: Pelipper|243/243\n|-singleturn|p1a: Pelipper|move: Roost\n|\n|-weather|RainDance|[upkeep]\n|upkeep\n|turn|34\n|inactive|Time left: 300 sec this turn | 300 sec total\n|\n|t:|1783550653\n|move|p2a: Cramorant|Surf|p1a: Pelipper\n|-resisted|p1a: Pelipper\n|-damage|p1a: Pelipper|171/243\n|move|p1a: Pelipper|Roost|p1a: Pelipper\n|-heal|p1a: Pelipper|243/243\n|-singleturn|p1a: Pelipper|move: Roost\n|\n|-weather|RainDance|[upkeep]\n|upkeep\n|turn|35\n|inactive|Time left: 300 sec this turn | 300 sec total\n|\n|t:|1783550654\n|move|p2a: Cramorant|Surf|p1a: Pelipper\n|-resisted|p1a: Pelipper\n|-damage|p1a: Pelipper|161/243\n|move|p1a: Pelipper|Hurricane|p2a: Cramorant\n|-damage|p2a: Cramorant|48/100\n|-damage|p1a: Pelipper|101/243|[from] ability: Gulp Missile|[of] p2a: Cramorant\n|-unboost|p1a: Pelipper|def|1\n|-formechange|p2a: Cramorant|Cramorant|\n|\n|-weather|none\n|upkeep\n|turn|36\n|inactive|Time left: 300 sec this turn | 300 sec total\n|\n|t:|1783550655\n|switch|p1a: Rabsca|Rabsca, L91, F, tera:Steel|284/284\n|move|p2a: Cramorant|Brave Bird|p1a: Rabsca\n|-resisted|p1a: Rabsca\n|-damage|p1a: Rabsca|230/284\n|-damage|p2a: Cramorant|41/100|[from] Recoil\n|\n|upkeep\n|turn|37\n|inactive|Time left: 300 sec this turn | 300 sec total\n|\n|t:|1783550656\n|move|p2a: Cramorant|Surf|p1a: Rabsca\n|-formechange|p2a: Cramorant|Cramorant-Gorging|\n|-damage|p1a: Rabsca|154/284\n|move|p1a: Rabsca|Psychic|p2a: Cramorant\n|-damage|p2a: Cramorant|0 fnt\n|-damage|p1a: Rabsca|83/284|[from] ability: Gulp Missile|[of] p2a: Cramorant\n|-status|p1a: Rabsca|par\n|-activate|p1a: Rabsca|ability: Synchronize\n|-formechange|p2a: Cramorant|Cramorant|\n|faint|p2a: Cramorant\n|\n|upkeep\n|\n|t:|1783550657\n|switch|p2a: Maushold|Maushold-Four, L76|100/100\n|turn|38\n|inactive|Time left: 300 sec this turn | 300 sec total\n|\n|t:|1783550658\n|-terastallize|p2a: Maushold|Normal\n|move|p2a: Maushold|Population Bomb|p1a: Rabsca\n|-resisted|p1a: Rabsca\n|-damage|p1a: Rabsca|68/284 par\n|-resisted|p1a: Rabsca\n|-damage|p1a: Rabsca|53/284 par\n|-resisted|p1a: Rabsca\n|-damage|p1a: Rabsca|38/284 par\n|-resisted|p1a: Rabsca\n|-damage|p1a: Rabsca|23/284 par\n|-resisted|p1a: Rabsca\n|-damage|p1a: Rabsca|9/284 par\n|-resisted|p1a: Rabsca\n|-damage|p1a: Rabsca|0 fnt\n|faint|p1a: Rabsca\n|-hitcount|p1: Rabsca|6\n|\n|upkeep\n|inactive|Time left: 300 sec this turn | 300 sec total | 5 sec grace\n|\n|t:|1783550659\n|switch|p1a: Pelipper|Pelipper, L86, F|101/243\n|-weather|RainDance|[from] ability: Drizzle|[of] p1a: Pelipper\n|turn|39\n|inactive|Time left: 300 sec this turn | 300 sec total\n|\n|t:|1783550660\n|move|p2a: Maushold|Population Bomb|p1a: Pelipper\n|-damage|p1a: Pelipper|77/243\n|-damage|p1a: Pelipper|53/243\n|-damage|p1a: Pelipper|27/243\n|-damage|p1a: Pelipper|0 fnt\n|faint|p1a: Pelipper\n|-hitcount|p1: Pelipper|4\n|\n|win|p0y924eb6f", "uploadtime": 1783550660, "views": 0, "rating": 0, "private": 0, "password": null, "_winner": "p0y924eb6f", "_our_name": "p0x924e3c9"}