{"id": "battle-gen9randombattle-213", "formatid": "gen9randombattle", "format": "[Gen 9] Random Battle", "players": ["p0x2137048", "p0y213512a"], "log": "|init|battle\n|title|p0x2137048 vs. p0y213512a\n|j|\u2606p0x2137048\n|j|\u2606p0y213512a\n|t:|1783541572\n|gametype|singles\n|player|p1|p0x2137048|170|\n|player|p2|p0y213512a|266|\n|gen|9\n|tier|[Gen 9] Random Battle\n|rule|Species Clause: Limit one of each Pok\u00e9mon\n|rule|HP Percentage Mod: HP is shown in percentages\n|rule|Sleep Clause Mod: Limit one foe put to sleep\n|rule|Illusion Level Mod: Illusion disguises the Pok\u00e9mon's true level\n|\n|t:|1783541572\n|teamsize|p1|6\n|teamsize|p2|6\n|start\n|switch|p1a: Tornadus|Tornadus, L82, M|100/100\n|switch|p2a: Empoleon|Empoleon, L84, M|278/278\n|turn|1\n|inactive|Battle timer is ON: inactive players will automatically lose when time's up. (requested by p0y213512a)\n|inactive|p0x2137048 also wants the timer to be on.\n|\n|t:|1783541573\n|move|p1a: Tornadus|Focus Blast|p2a: Empoleon\n|-supereffective|p2a: Empoleon\n|-damage|p2a: Empoleon|0 fnt\n|faint|p2a: Empoleon\n|\n|upkeep\n|inactive|Time left: 300 sec this turn | 300 sec total | 65 sec grace\n|\n|t:|1783541574\n|switch|p2a: Electivire|Electivire, L84, M|263/263\n|turn|2\n|inactive|Time left: 300 sec this turn | 300 sec total\n|\n|t:|1783541576\n|switch|p1a: Lunala|Lunala, L70|100/100\n|move|p2a: Electivire|Supercell Slam|p1a: Lunala\n|-damage|p1a: Lunala|67/100\n|-damage|p2a: Electivire|237/263|[from] item: Life Orb\n|\n|-heal|p1a: Lunala|74/100|[from] item: Leftovers\n|upkeep\n|turn|3\n|inactive|Time left: 300 sec this turn | 300 sec total\n|\n|t:|1783541577\n|move|p2a: Electivire|Supercell Slam|p1a: Lunala\n|-damage|p1a: Lunala|13/100\n|-damage|p2a: Electivire|211/263|[from] item: Life Orb\n|move|p1a: Lunala|Moonlight|p1a: Lunala\n|-heal|p1a: Lunala|63/100\n|\n|-heal|p1a: Lunala|69/100|[from] item: Leftovers\n|upkeep\n|turn|4\n|inactive|Time left: 300 sec this turn | 300 sec total\n|\n|t:|1783541578\n|move|p2a: Electivire|Supercell Slam|p1a: Lunala\n|-damage|p1a: Lunala|1/100\n|-damage|p2a: Electivire|185/263|[from] item: Life Orb\n|move|p1a: Lunala|Moonlight|p1a: Lunala\n|-heal|p1a: Lunala|51/100\n|\n|-heal|p1a: Lunala|58/100|[from] item: Leftovers\n|upkeep\n|turn|5\n|inactive|Time left: 300 sec this turn | 300 sec total\n|\n|t:|1783541579\n|move|p2a: Electivire|Supercell Slam|p1a: Lunala\n|-damage|p1a: Lunala|0 fnt\n|faint|p1a: Lunala\n|-damage|p2a: Electivire|159/263|[from] item: Life Orb\n|\n|upkeep\n|\n|t:|1783541581\n|switch|p1a: Araquanid|Araquanid, L82, M|100/100\n|turn|6\n|inactive|Time left: 300 sec this turn | 300 sec total\n|\n|t:|1783541582\n|-terastallize|p1a: Araquanid|Ground\n|move|p2a: Electivire|Supercell Slam|p1a: Araquanid\n|-immune|p1a: Araquanid\n|-damage|p2a: Electivire|28/263|[from] supercellslam\n|move|p1a: Araquanid|Sticky Web|p2a: Electivire\n|-sidestart|p2: p0y213512a|move: Sticky Web\n|\n|upkeep\n|turn|7\n|inactive|Time left: 300 sec this turn | 300 sec total\n|\n|t:|1783541583\n|move|p2a: Electivire|Ice Punch|p1a: Araquanid\n|-supereffective|p1a: Araquanid\n|-damage|p1a: Araquanid|35/100\n|-damage|p2a: Electivire|2/263|[from] item: Life Orb\n|move|p1a: Araquanid|Leech Life|p2a: Electivire\n|-damage|p2a: Electivire|0 fnt\n|-heal|p1a: Araquanid|35/100|[from] drain|[of] p2a: Electivire\n|faint|p2a: Electivire\n|\n|upkeep\n|inactive|Time left: 300 sec this turn | 300 sec total | 5 sec grace\n|\n|t:|1783541584\n|switch|p2a: Mandibuzz|Mandibuzz, L85, F|326/326\n|turn|8\n|inactive|Time left: 300 sec this turn | 300 sec total\n|\n|t:|1783541585\n|switch|p1a: Houndoom|Houndoom, L87, M|100/100\n|move|p2a: Mandibuzz|Brave Bird|p1a: Houndoom\n|-damage|p1a: Houndoom|44/100\n|-damage|p2a: Mandibuzz|276/326|[from] Recoil\n|\n|upkeep\n|turn|9\n|inactive|Time left: 300 sec this turn | 300 sec total\n|\n|t:|1783541586\n|move|p1a: Houndoom|Fire Blast|p2a: Mandibuzz\n|-damage|p2a: Mandibuzz|152/326\n|move|p2a: Mandibuzz|Brave Bird|p1a: Houndoom\n|-damage|p1a: Houndoom|0 fnt\n|faint|p1a: Houndoom\n|-damage|p2a: Mandibuzz|113/326|[from] Recoil\n|\n|upkeep\n|\n|t:|1783541587\n|switch|p1a: Tornadus|Tornadus, L82, M|100/100\n|turn|10\n|inactive|Time left: 300 sec this turn | 300 sec total\n|\n|t:|1783541588\n|move|p1a: Tornadus|Bleakwind Storm|p2a: Mandibuzz\n|-damage|p2a: Mandibuzz|0 fnt\n|faint|p2a: Mandibuzz\n|\n|upkeep\n|inactive|Time left: 300 sec this turn | 300 sec total | 5 sec grace\n|\n|t:|1783541589\n|switch|p2a: Plusle|Plusle, L95, F|268/268\n|-activate|p2a: Plusle|move: Sticky Web\n|-unboost|p2a: Plusle|spe|1\n|turn|11\n|inactive|Time left: 300 sec this turn | 300 sec total\n|\n|t:|1783541590\n|switch|p1a: Victreebel|Victreebel, L90, M|100/100\n|move|p2a: Plusle|Nasty Plot|p2a: Plusle\n|-boost|p2a: Plusle|spa|2\n|\n|upkeep\n|turn|12\n|inactive|Time left: 300 sec this turn | 300 sec total\n|\n|t:|1783541591\n|move|p1a: Victreebel|Power Whip|p2a: Plusle\n|-damage|p2a: Plusle|0 fnt\n|faint|p2a: Plusle\n|-damage|p1a: Victreebel|90/100|[from] item: Life Orb\n|\n|upkeep\n|inactive|Time left: 300 sec this turn | 300 sec total | 5 sec grace\n|\n|t:|1783541592\n|switch|p2a: Dudunsparce|Dudunsparce-Three-Segment, L83, F|343/343\n|-activate|p2a: Dudunsparce|move: Sticky Web\n|-unboost|p2a: Dudunsparce|spe|1\n|turn|13\n|inactive|Time left: 300 sec this turn | 300 sec total\n|\n|t:|1783541593\n|move|p1a: Victreebel|Power Whip|p2a: Dudunsparce\n|-damage|p2a: Dudunsparce|135/343\n|-damage|p1a: Victreebel|80/100|[from] item: Life Orb\n|move|p2a: Dudunsparce|Boomburst|p1a: Victreebel\n|-damage|p1a: Victreebel|28/100\n|\n|-heal|p2a: Dudunsparce|156/343|[from] item: Leftovers\n|upkeep\n|turn|14\n|inactive|Time left: 300 sec this turn | 300 sec total\n|\n|t:|1783541594\n|-terastallize|p2a: Dudunsparce|Poison\n|move|p1a: Victreebel|Power Whip|p2a: Dudunsparce\n|-resisted|p2a: Dudunsparce\n|-damage|p2a: Dudunsparce|46/343\n|-damage|p1a: Victreebel|18/100|[from] item: Life Orb\n|move|p2a: Dudunsparce|Roost|p2a: Dudunsparce\n|-heal|p2a: Dudunsparce|218/343\n|\n|-heal|p2a: Dudunsparce|239/343|[from] item: Leftovers\n|upkeep\n|turn|15\n|inactive|Time left: 300 sec this turn | 300 sec total\n|\n|t:|1783541596\n|move|p1a: Victreebel|Power Whip|p2a: Dudunsparce\n|-resisted|p2a: Dudunsparce\n|-damage|p2a: Dudunsparce|122/343\n|-damage|p1a: Victreebel|8/100|[from] item: Life Orb\n|move|p2a: Dudunsparce|Calm Mind|p2a: Dudunsparce\n|-boost|p2a: Dudunsparce|spa|1\n|-boost|p2a: Dudunsparce|spd|1\n|\n|-heal|p2a: Dudunsparce|143/343|[from] item: Leftovers\n|upkeep\n|turn|16\n|inactive|Time left: 300 sec this turn | 300 sec total\n|\n|t:|1783541597\n|move|p1a: Victreebel|Power Whip|p2a: Dudunsparce\n|-resisted|p2a: Dudunsparce\n|-damage|p2a: Dudunsparce|27/343\n|-damage|p1a: Victreebel|0 fnt|[from] item: Life Orb\n|faint|p1a: Victreebel\n|move|p2a: Dudunsparce|Roost|p2a: Dudunsparce\n|-heal|p2a: Dudunsparce|199/343\n|\n|-heal|p2a: Dudunsparce|220/343|[from] item: Leftovers\n|upkeep\n|\n|t:|1783541598\n|switch|p1a: Tornadus|Tornadus, L82, M|100/100\n|turn|17\n|inactive|Time left: 300 sec this turn | 300 sec total\n|\n|t:|1783541599\n|move|p1a: Tornadus|Bleakwind Storm|p2a: Dudunsparce\n|-damage|p2a: Dudunsparce|88/343\n|-unboost|p2a: Dudunsparce|spe|1\n|move|p2a: Dudunsparce|Boomburst|p1a: Tornadus\n|-damage|p1a: Tornadus|17/100\n|\n|-heal|p2a: Dudunsparce|109/343|[from] item: Leftovers\n|upkeep\n|turn|18\n|inactive|Time left: 300 sec this turn | 300 sec total\n|\n|t:|1783541600\n|move|p1a: Tornadus|Bleakwind Storm|p2a: Dudunsparce|[miss]\n|-miss|p1a: Tornadus|p2a: Dudunsparce\n|move|p2a: Dudunsparce|Roost|p2a: Dudunsparce\n|-heal|p2a: Dudunsparce|281/343\n|\n|-heal|p2a: Dudunsparce|302/343|[from] item: Leftovers\n|upkeep\n|turn|19\n|inactive|Time left: 300 sec this turn | 300 sec total\n|\n|t:|1783541601\n|move|p1a: Tornadus|Bleakwind Storm|p2a: Dudunsparce\n|-damage|p2a: Dudunsparce|173/343\n|-unboost|p2a: Dudunsparce|spe|1\n|move|p2a: Dudunsparce|Boomburst|p1a: Tornadus\n|-damage|p1a: Tornadus|0 fnt\n|faint|p1a: Tornadus\n|\n|-heal|p2a: Dudunsparce|194/343|[from] item: Leftovers\n|upkeep\n|\n|t:|1783541602\n|switch|p1a: Venusaur|Venusaur, L84, F|100/100\n|turn|20\n|inactive|Time left: 300 sec this turn | 300 sec total\n|\n|t:|1783541603\n|move|p1a: Venusaur|Sludge Bomb|p2a: Dudunsparce\n|-resisted|p2a: Dudunsparce\n|-damage|p2a: Dudunsparce|160/343\n|move|p2a: Dudunsparce|Boomburst|p1a: Venusaur\n|-damage|p1a: Venusaur|33/100\n|\n|-heal|p1a: Venusaur|39/100|[from] item: Leftovers\n|-heal|p2a: Dudunsparce|181/343|[from] item: Leftovers\n|upkeep\n|turn|21\n|inactive|Time left: 300 sec this turn | 300 sec total\n|\n|t:|1783541604\n|move|p1a: Venusaur|Synthesis|p1a: Venusaur\n|-heal|p1a: Venusaur|89/100\n|move|p2a: Dudunsparce|Boomburst|p1a: Venusaur\n|-damage|p1a: Venusaur|25/100\n|\n|-heal|p1a: Venusaur|31/100|[from] item: Leftovers\n|-heal|p2a: Dudunsparce|202/343|[from] item: Leftovers\n|upkeep\n|turn|22\n|inactive|Time left: 300 sec this turn | 300 sec total\n|\n|t:|1783541605\n|move|p1a: Venusaur|Synthesis|p1a: Venusaur\n|-heal|p1a: Venusaur|81/100\n|move|p2a: Dudunsparce|Boomburst|p1a: Venusaur\n|-damage|p1a: Venusaur|10/100\n|\n|-heal|p1a: Venusaur|16/100|[from] item: Leftovers\n|-heal|p2a: Dudunsparce|223/343|[from] item: Leftovers\n|upkeep\n|turn|23\n|inactive|Time left: 300 sec this turn | 300 sec total\n|\n|t:|1783541606\n|move|p1a: Venusaur|Synthesis|p1a: Venusaur\n|-heal|p1a: Venusaur|66/100\n|move|p2a: Dudunsparce|Boomburst|p1a: Venusaur\n|-damage|p1a: Venusaur|0 fnt\n|faint|p1a: Venusaur\n|\n|-heal|p2a: Dudunsparce|244/343|[from] item: Leftovers\n|upkeep\n|\n|t:|1783541607\n|switch|p1a: Araquanid|Araquanid, L82, M, tera:Ground|35/100\n|turn|24\n|inactive|Time left: 300 sec this turn | 300 sec total\n|\n|t:|1783541608\n|move|p1a: Araquanid|Leech Life|p2a: Dudunsparce\n|-resisted|p2a: Dudunsparce\n|-damage|p2a: Dudunsparce|207/343\n|-heal|p1a: Araquanid|43/100|[from] drain|[of] p2a: Dudunsparce\n|-ability|p2a: Dudunsparce|Rattled|boost\n|-boost|p2a: Dudunsparce|spe|1\n|move|p2a: Dudunsparce|Boomburst|p1a: Araquanid\n|-damage|p1a: Araquanid|0 fnt\n|faint|p1a: Araquanid\n|\n|win|p0y213512a", "uploadtime": 1783541608, "views": 0, "rating": 0, "private": 0, "password": null, "_winner": "p0y213512a", "_our_name": "p0y213512a"}