{"id": "battle-gen9randombattle-1080", "formatid": "gen9randombattle", "format": "[Gen 9] Random Battle", "players": ["p0x10800c98", "p0y1080db68"], "log": "|init|battle\n|title|p0x10800c98 vs. p0y1080db68\n|j|\u2606p0x10800c98\n|j|\u2606p0y1080db68\n|t:|1783552459\n|gametype|singles\n|player|p1|p0x10800c98|101|\n|player|p2|p0y1080db68|266|\n|gen|9\n|tier|[Gen 9] Random Battle\n|rule|Species Clause: Limit one of each Pok\u00e9mon\n|rule|HP Percentage Mod: HP is shown in percentages\n|rule|Sleep Clause Mod: Limit one foe put to sleep\n|rule|Illusion Level Mod: Illusion disguises the Pok\u00e9mon's true level\n|\n|t:|1783552459\n|teamsize|p1|6\n|teamsize|p2|6\n|start\n|switch|p1a: Okidogi|Okidogi, L77, M|100/100\n|switch|p2a: Raichu|Raichu-Alola, L87, M|246/246\n|turn|1\n|inactive|Battle timer is ON: inactive players will automatically lose when time's up. (requested by p0y1080db68)\n|inactive|p0x10800c98 also wants the timer to be on.\n|\n|t:|1783552461\n|-terastallize|p1a: Okidogi|Dark\n|move|p2a: Raichu|Psychic|p1a: Okidogi\n|-immune|p1a: Okidogi\n|move|p1a: Okidogi|Knock Off|p2a: Raichu\n|-supereffective|p2a: Raichu\n|-damage|p2a: Raichu|0 fnt\n|-enditem|p2a: Raichu|Choice Specs|[from] move: Knock Off|[of] p1a: Okidogi\n|faint|p2a: Raichu\n|\n|upkeep\n|inactive|Time left: 300 sec this turn | 300 sec total | 65 sec grace\n|\n|t:|1783552462\n|switch|p2a: Tinkaton|Tinkaton, L82, F|274/274\n|-ability|p2a: Tinkaton|Mold Breaker\n|turn|2\n|inactive|Time left: 300 sec this turn | 300 sec total\n|\n|t:|1783552463\n|move|p2a: Tinkaton|Play Rough|p1a: Okidogi\n|-supereffective|p1a: Okidogi\n|-damage|p1a: Okidogi|55/100\n|move|p1a: Okidogi|Knock Off|p2a: Tinkaton\n|-resisted|p2a: Tinkaton\n|-damage|p2a: Tinkaton|208/274\n|-enditem|p2a: Tinkaton|Leftovers|[from] move: Knock Off|[of] p1a: Okidogi\n|\n|upkeep\n|turn|3\n|inactive|Time left: 300 sec this turn | 300 sec total\n|\n|t:|1783552464\n|move|p2a: Tinkaton|Stealth Rock|p1a: Okidogi\n|-sidestart|p1: p0x10800c98|move: Stealth Rock\n|move|p1a: Okidogi|Drain Punch|p2a: Tinkaton\n|-damage|p2a: Tinkaton|121/274\n|-heal|p1a: Okidogi|71/100|[from] drain|[of] p2a: Tinkaton\n|\n|upkeep\n|turn|4\n|inactive|Time left: 300 sec this turn | 300 sec total\n|\n|t:|1783552465\n|move|p2a: Tinkaton|Play Rough|p1a: Okidogi\n|-supereffective|p1a: Okidogi\n|-damage|p1a: Okidogi|25/100\n|move|p1a: Okidogi|High Horsepower|p2a: Tinkaton\n|-supereffective|p2a: Tinkaton\n|-damage|p2a: Tinkaton|0 fnt\n|faint|p2a: Tinkaton\n|\n|upkeep\n|inactive|Time left: 300 sec this turn | 300 sec total | 5 sec grace\n|\n|t:|1783552466\n|switch|p2a: Whiscash|Whiscash, L88, M|337/337\n|turn|5\n|inactive|Time left: 300 sec this turn | 300 sec total\n|\n|t:|1783552467\n|move|p1a: Okidogi|Drain Punch|p2a: Whiscash\n|-damage|p2a: Whiscash|246/337\n|-heal|p1a: Okidogi|42/100|[from] drain|[of] p2a: Whiscash\n|move|p2a: Whiscash|Dragon Dance|p2a: Whiscash\n|-boost|p2a: Whiscash|atk|1\n|-boost|p2a: Whiscash|spe|1\n|\n|upkeep\n|turn|6\n|inactive|Time left: 300 sec this turn | 300 sec total\n|\n|t:|1783552468\n|switch|p1a: Dipplin|Dipplin, L88, F|100/100\n|-damage|p1a: Dipplin|88/100|[from] Stealth Rock\n|move|p2a: Whiscash|Earthquake|p1a: Dipplin\n|-resisted|p1a: Dipplin\n|-damage|p1a: Dipplin|69/100\n|-damage|p2a: Whiscash|213/337|[from] item: Life Orb\n|\n|upkeep\n|turn|7\n|inactive|Time left: 300 sec this turn | 300 sec total\n|\n|t:|1783552470\n|switch|p2a: Frosmoth|Frosmoth, L82, M|249/249\n|move|p1a: Dipplin|Giga Drain|p2a: Frosmoth\n|-resisted|p2a: Frosmoth\n|-damage|p2a: Frosmoth|228/249\n|-heal|p1a: Dipplin|73/100|[from] drain|[of] p2a: Frosmoth\n|\n|upkeep\n|turn|8\n|inactive|Time left: 300 sec this turn | 300 sec total\n|\n|t:|1783552471\n|switch|p1a: Iron Thorns|Iron Thorns, L83|100/100\n|-damage|p1a: Iron Thorns|88/100|[from] Stealth Rock\n|-enditem|p1a: Iron Thorns|Booster Energy\n|-activate|p1a: Iron Thorns|ability: Quark Drive|[fromitem]\n|-start|p1a: Iron Thorns|quarkdriveatk\n|move|p2a: Frosmoth|Quiver Dance|p2a: Frosmoth\n|-boost|p2a: Frosmoth|spa|1\n|-boost|p2a: Frosmoth|spd|1\n|-boost|p2a: Frosmoth|spe|1\n|\n|upkeep\n|turn|9\n|inactive|Time left: 300 sec this turn | 300 sec total\n|\n|t:|1783552472\n|-terastallize|p2a: Frosmoth|Ground\n|move|p2a: Frosmoth|Tera Blast|p1a: Iron Thorns|[anim] Tera Blast Ground\n|-supereffective|p1a: Iron Thorns\n|-damage|p1a: Iron Thorns|0 fnt\n|faint|p1a: Iron Thorns\n|-end|p1a: Iron Thorns|Quark Drive|[silent]\n|\n|upkeep\n|\n|t:|1783552473\n|switch|p1a: Okidogi|Okidogi, L77, M, tera:Dark|42/100\n|-damage|p1a: Okidogi|30/100|[from] Stealth Rock\n|turn|10\n|inactive|Time left: 300 sec this turn | 300 sec total\n|\n|t:|1783552474\n|move|p2a: Frosmoth|Ice Beam|p1a: Okidogi\n|-damage|p1a: Okidogi|0 fnt\n|faint|p1a: Okidogi\n|\n|upkeep\n|\n|t:|1783552475\n|switch|p1a: Great Tusk|Great Tusk, L77|100/100\n|-damage|p1a: Great Tusk|98/100|[from] Stealth Rock\n|turn|11\n|inactive|Time left: 300 sec this turn | 300 sec total\n|\n|t:|1783552476\n|move|p2a: Frosmoth|Ice Beam|p1a: Great Tusk\n|-supereffective|p1a: Great Tusk\n|-damage|p1a: Great Tusk|0 fnt\n|faint|p1a: Great Tusk\n|-end|p1a: Great Tusk|Protosynthesis|[silent]\n|\n|upkeep\n|\n|t:|1783552477\n|switch|p1a: Pikachu|Pikachu, L93, F|100/100\n|-damage|p1a: Pikachu|88/100|[from] Stealth Rock\n|turn|12\n|inactive|Time left: 300 sec this turn | 300 sec total\n|\n|t:|1783552478\n|move|p2a: Frosmoth|Ice Beam|p1a: Pikachu\n|-damage|p1a: Pikachu|0 fnt\n|faint|p1a: Pikachu\n|\n|upkeep\n|\n|t:|1783552479\n|switch|p1a: Dipplin|Dipplin, L88, F|73/100\n|-damage|p1a: Dipplin|60/100|[from] Stealth Rock\n|turn|13\n|inactive|Time left: 300 sec this turn | 300 sec total\n|\n|t:|1783552480\n|move|p2a: Frosmoth|Ice Beam|p1a: Dipplin\n|-supereffective|p1a: Dipplin\n|-damage|p1a: Dipplin|0 fnt\n|faint|p1a: Dipplin\n|\n|upkeep\n|\n|t:|1783552480\n|switch|p1a: Hydreigon|Hydreigon, L79, M|100/100\n|-damage|p1a: Hydreigon|88/100|[from] Stealth Rock\n|turn|14\n|inactive|Time left: 300 sec this turn | 300 sec total\n|\n|t:|1783552481\n|move|p2a: Frosmoth|Bug Buzz|p1a: Hydreigon\n|-supereffective|p1a: Hydreigon\n|-crit|p1a: Hydreigon\n|-damage|p1a: Hydreigon|0 fnt\n|faint|p1a: Hydreigon\n|\n|win|p0y1080db68", "uploadtime": 1783552481, "views": 0, "rating": 0, "private": 0, "password": null, "_winner": "p0y1080db68", "_our_name": "p0y1080db68"}