{"id": "battle-gen9randombattle-1839", "formatid": "gen9randombattle", "format": "[Gen 9] Random Battle", "players": ["p0x183919c4", "p0y18396f13"], "log": "|init|battle\n|title|p0x183919c4 vs. p0y18396f13\n|j|\u2606p0x183919c4\n|j|\u2606p0y18396f13\n|t:|1783560551\n|gametype|singles\n|player|p1|p0x183919c4|2|\n|player|p2|p0y18396f13|265|\n|gen|9\n|tier|[Gen 9] Random Battle\n|rule|Species Clause: Limit one of each Pok\u00e9mon\n|rule|HP Percentage Mod: HP is shown in percentages\n|rule|Sleep Clause Mod: Limit one foe put to sleep\n|rule|Illusion Level Mod: Illusion disguises the Pok\u00e9mon's true level\n|\n|t:|1783560551\n|teamsize|p1|6\n|teamsize|p2|6\n|start\n|switch|p1a: Arcanine|Arcanine, L84, F|100/100\n|switch|p2a: Araquanid|Araquanid, L82, F|246/246\n|-ability|p1a: Arcanine|Intimidate|boost\n|-unboost|p2a: Araquanid|atk|1\n|turn|1\n|inactive|Battle timer is ON: inactive players will automatically lose when time's up. (requested by p0y18396f13)\n|\n|t:|1783560553\n|switch|p1a: Mabosstiff|Mabosstiff, L86, F|100/100\n|move|p2a: Araquanid|Sticky Web|p1a: Mabosstiff\n|-sidestart|p1: p0x183919c4|move: Sticky Web\n|\n|upkeep\n|turn|2\n|inactive|Time left: 300 sec this turn | 300 sec total\n|inactive|p0x183919c4 also wants the timer to be on.\n|\n|t:|1783560554\n|move|p1a: Mabosstiff|Crunch|p2a: Araquanid\n|-damage|p2a: Araquanid|96/246\n|move|p2a: Araquanid|Leech Life|p1a: Mabosstiff\n|-supereffective|p1a: Mabosstiff\n|-damage|p1a: Mabosstiff|72/100\n|-heal|p2a: Araquanid|136/246|[from] drain|[of] p1a: Mabosstiff\n|\n|upkeep\n|turn|3\n|inactive|Time left: 300 sec this turn | 300 sec total\n|\n|t:|1783560555\n|switch|p2a: Mightyena|Mightyena, L96, F|290/290\n|-ability|p2a: Mightyena|Intimidate|boost\n|-unboost|p1a: Mabosstiff|atk|1\n|move|p1a: Mabosstiff|Crunch|p2a: Mightyena\n|-resisted|p2a: Mightyena\n|-damage|p2a: Mightyena|186/290\n|\n|upkeep\n|turn|4\n|inactive|Time left: 300 sec this turn | 300 sec total\n|\n|t:|1783560556\n|move|p1a: Mabosstiff|Crunch|p2a: Mightyena\n|-resisted|p2a: Mightyena\n|-damage|p2a: Mightyena|132/290\n|move|p2a: Mightyena|Play Rough|p1a: Mabosstiff\n|-supereffective|p1a: Mabosstiff\n|-damage|p1a: Mabosstiff|0 fnt\n|faint|p1a: Mabosstiff\n|\n|upkeep\n|\n|t:|1783560557\n|switch|p1a: Arcanine|Arcanine, L84, F|100/100\n|-ability|p1a: Arcanine|Intimidate|boost\n|-unboost|p2a: Mightyena|atk|1\n|turn|5\n|inactive|Time left: 300 sec this turn | 300 sec total\n|\n|t:|1783560558\n|switch|p2a: Rhyperior|Rhyperior, L82, F|323/323\n|move|p1a: Arcanine|Flare Blitz|p2a: Rhyperior\n|-resisted|p2a: Rhyperior\n|-damage|p2a: Rhyperior|269/323\n|-damage|p1a: Arcanine|94/100|[from] Recoil\n|\n|upkeep\n|turn|6\n|inactive|Time left: 300 sec this turn | 300 sec total\n|\n|t:|1783560559\n|move|p1a: Arcanine|Will-O-Wisp|p2a: Rhyperior\n|-status|p2a: Rhyperior|brn\n|move|p2a: Rhyperior|Stone Edge|p1a: Arcanine\n|-supereffective|p1a: Arcanine\n|-damage|p1a: Arcanine|48/100\n|\n|-damage|p2a: Rhyperior|249/323 brn|[from] brn\n|upkeep\n|turn|7\n|inactive|Time left: 300 sec this turn | 300 sec total\n|\n|t:|1783560560\n|move|p1a: Arcanine|Morning Sun|p1a: Arcanine\n|-heal|p1a: Arcanine|98/100\n|move|p2a: Rhyperior|Earthquake|p1a: Arcanine\n|-supereffective|p1a: Arcanine\n|-damage|p1a: Arcanine|46/100\n|\n|-damage|p2a: Rhyperior|229/323 brn|[from] brn\n|upkeep\n|turn|8\n|inactive|Time left: 300 sec this turn | 300 sec total\n|\n|t:|1783560561\n|move|p1a: Arcanine|Morning Sun|p1a: Arcanine\n|-heal|p1a: Arcanine|96/100\n|move|p2a: Rhyperior|Earthquake|p1a: Arcanine\n|-supereffective|p1a: Arcanine\n|-damage|p1a: Arcanine|45/100\n|\n|-damage|p2a: Rhyperior|209/323 brn|[from] brn\n|upkeep\n|turn|9\n|inactive|Time left: 300 sec this turn | 300 sec total\n|\n|t:|1783560562\n|move|p1a: Arcanine|Morning Sun|p1a: Arcanine\n|-heal|p1a: Arcanine|95/100\n|move|p2a: Rhyperior|Rock Polish|p2a: Rhyperior\n|-boost|p2a: Rhyperior|spe|2\n|\n|-damage|p2a: Rhyperior|189/323 brn|[from] brn\n|upkeep\n|turn|10\n|inactive|Time left: 300 sec this turn | 300 sec total\n|\n|t:|1783560563\n|switch|p1a: Tornadus|Tornadus, L82, M|100/100\n|move|p2a: Rhyperior|Stone Edge|p1a: Tornadus\n|-supereffective|p1a: Tornadus\n|-damage|p1a: Tornadus|33/100\n|\n|-damage|p2a: Rhyperior|169/323 brn|[from] brn\n|upkeep\n|turn|11\n|inactive|Time left: 300 sec this turn | 300 sec total\n|\n|t:|1783560564\n|move|p1a: Tornadus|Grass Knot|p2a: Rhyperior\n|-supereffective|p2a: Rhyperior\n|-damage|p2a: Rhyperior|0 fnt\n|faint|p2a: Rhyperior\n|\n|upkeep\n|inactive|Time left: 300 sec this turn | 300 sec total | 5 sec grace\n|\n|t:|1783560565\n|switch|p2a: Mightyena|Mightyena, L96, F|132/290\n|-ability|p2a: Mightyena|Intimidate|boost\n|-unboost|p1a: Tornadus|atk|1\n|turn|12\n|inactive|Time left: 300 sec this turn | 300 sec total\n|\n|t:|1783560566\n|switch|p1a: Arcanine|Arcanine, L84, F|95/100\n|-ability|p1a: Arcanine|Intimidate|boost\n|-unboost|p2a: Mightyena|atk|1\n|move|p2a: Mightyena|Throat Chop|p1a: Arcanine\n|-damage|p1a: Arcanine|56/100\n|-start|p1a: Arcanine|Throat Chop|[silent]\n|\n|upkeep\n|turn|13\n|inactive|Time left: 300 sec this turn | 300 sec total\n|\n|t:|1783560567\n|switch|p2a: Araquanid|Araquanid, L82, F|136/246\n|move|p1a: Arcanine|Flare Blitz|p2a: Araquanid\n|-damage|p2a: Araquanid|72/246\n|-damage|p1a: Arcanine|49/100|[from] Recoil\n|\n|-end|p1a: Arcanine|Throat Chop|[silent]\n|upkeep\n|turn|14\n|inactive|Time left: 300 sec this turn | 300 sec total\n|\n|t:|1783560568\n|switch|p1a: Meganium|Meganium, L90, F|100/100\n|-activate|p1a: Meganium|move: Sticky Web\n|-unboost|p1a: Meganium|spe|1\n|move|p2a: Araquanid|Liquidation|p1a: Meganium\n|-resisted|p1a: Meganium\n|-damage|p1a: Meganium|81/100\n|\n|-heal|p1a: Meganium|87/100|[from] item: Leftovers\n|upkeep\n|turn|15\n|inactive|Time left: 300 sec this turn | 300 sec total\n|\n|t:|1783560569\n|switch|p2a: Mightyena|Mightyena, L96, F|132/290\n|-ability|p2a: Mightyena|Intimidate|boost\n|-unboost|p1a: Meganium|atk|1\n|move|p1a: Meganium|Swords Dance|p1a: Meganium\n|-boost|p1a: Meganium|atk|2\n|\n|-heal|p1a: Meganium|94/100|[from] item: Leftovers\n|upkeep\n|turn|16\n|inactive|Time left: 300 sec this turn | 300 sec total\n|\n|t:|1783560570\n|move|p2a: Mightyena|Poison Fang|p1a: Meganium\n|-supereffective|p1a: Meganium\n|-damage|p1a: Meganium|56/100\n|-status|p1a: Meganium|tox\n|move|p1a: Meganium|Petal Blizzard|p2a: Mightyena\n|-damage|p2a: Mightyena|0 fnt\n|faint|p2a: Mightyena\n|\n|-heal|p1a: Meganium|62/100 tox|[from] item: Leftovers\n|-damage|p1a: Meganium|56/100 tox|[from] psn\n|upkeep\n|inactive|Time left: 300 sec this turn | 300 sec total | 5 sec grace\n|\n|t:|1783560571\n|switch|p2a: Gliscor|Gliscor, L76, M|239/239\n|turn|17\n|inactive|Time left: 300 sec this turn | 300 sec total\n|\n|t:|1783560572\n|move|p2a: Gliscor|Protect|p2a: Gliscor\n|-singleturn|p2a: Gliscor|Protect\n|move|p1a: Meganium|Knock Off|p2a: Gliscor\n|-activate|p2a: Gliscor|move: Protect\n|\n|-heal|p1a: Meganium|62/100 tox|[from] item: Leftovers\n|-damage|p1a: Meganium|49/100 tox|[from] psn\n|-status|p2a: Gliscor|tox|[from] item: Toxic Orb\n|upkeep\n|turn|18\n|inactive|Time left: 300 sec this turn | 300 sec total\n|\n|t:|1783560573\n|move|p2a: Gliscor|Toxic Spikes|p1a: Meganium\n|-sidestart|p1: p0x183919c4|move: Toxic Spikes\n|move|p1a: Meganium|Petal Blizzard|p2a: Gliscor\n|-damage|p2a: Gliscor|125/239 tox\n|\n|-heal|p1a: Meganium|56/100 tox|[from] item: Leftovers\n|-heal|p2a: Gliscor|154/239 tox|[from] ability: Poison Heal\n|-damage|p1a: Meganium|37/100 tox|[from] psn\n|upkeep\n|turn|19\n|inactive|Time left: 300 sec this turn | 300 sec total\n|\n|t:|1783560574\n|move|p2a: Gliscor|Protect|p2a: Gliscor\n|-singleturn|p2a: Gliscor|Protect\n|move|p1a: Meganium|Petal Blizzard|p2a: Gliscor\n|-activate|p2a: Gliscor|move: Protect\n|\n|-heal|p1a: Meganium|43/100 tox|[from] item: Leftovers\n|-heal|p2a: Gliscor|183/239 tox|[from] ability: Poison Heal\n|-damage|p1a: Meganium|18/100 tox|[from] psn\n|upkeep\n|turn|20\n|inactive|Time left: 300 sec this turn | 300 sec total\n|\n|t:|1783560575\n|move|p2a: Gliscor|Protect|p2a: Gliscor\n|-singleturn|p2a: Gliscor|Protect\n|move|p1a: Meganium|Petal Blizzard|p2a: Gliscor\n|-activate|p2a: Gliscor|move: Protect\n|\n|-heal|p1a: Meganium|25/100 tox|[from] item: Leftovers\n|-heal|p2a: Gliscor|212/239 tox|[from] ability: Poison Heal\n|-damage|p1a: Meganium|0 fnt|[from] psn\n|faint|p1a: Meganium\n|upkeep\n|\n|t:|1783560576\n|switch|p1a: Tornadus|Tornadus, L82, M|33/100\n|turn|21\n|inactive|Time left: 300 sec this turn | 300 sec total\n|\n|t:|1783560577\n|switch|p2a: Minun|Minun, L95, M|268/268\n|move|p1a: Tornadus|Nasty Plot|p1a: Tornadus\n|-boost|p1a: Tornadus|spa|2\n|\n|upkeep\n|turn|22\n|inactive|Time left: 300 sec this turn | 300 sec total\n|\n|t:|1783560578\n|move|p2a: Minun|Thunderbolt|p1a: Tornadus\n|-supereffective|p1a: Tornadus\n|-damage|p1a: Tornadus|0 fnt\n|faint|p1a: Tornadus\n|-damage|p2a: Minun|242/268|[from] item: Life Orb\n|\n|upkeep\n|\n|t:|1783560579\n|switch|p1a: Scizor|Scizor, L79, F|100/100\n|-activate|p1a: Scizor|move: Sticky Web\n|-unboost|p1a: Scizor|spe|1\n|turn|23\n|inactive|Time left: 300 sec this turn | 300 sec total\n|\n|t:|1783560580\n|move|p2a: Minun|Thunderbolt|p1a: Scizor\n|-damage|p1a: Scizor|41/100\n|-damage|p2a: Minun|216/268|[from] item: Life Orb\n|move|p1a: Scizor|Bug Bite|p2a: Minun\n|-damage|p2a: Minun|33/268\n|-damage|p1a: Scizor|31/100|[from] item: Life Orb\n|\n|upkeep\n|turn|24\n|inactive|Time left: 300 sec this turn | 300 sec total\n|\n|t:|1783560581\n|move|p1a: Scizor|Bullet Punch|p2a: Minun\n|-resisted|p2a: Minun\n|-damage|p2a: Minun|0 fnt\n|faint|p2a: Minun\n|-damage|p1a: Scizor|21/100|[from] item: Life Orb\n|\n|upkeep\n|inactive|Time left: 300 sec this turn | 300 sec total | 5 sec grace\n|\n|t:|1783560582\n|switch|p2a: Gliscor|Gliscor, L76, M|212/239 tox\n|turn|25\n|inactive|Time left: 300 sec this turn | 300 sec total\n|\n|t:|1783560583\n|move|p1a: Scizor|Bullet Punch|p2a: Gliscor\n|-damage|p2a: Gliscor|133/239 tox\n|-damage|p1a: Scizor|11/100|[from] item: Life Orb\n|move|p2a: Gliscor|Knock Off|p1a: Scizor\n|-damage|p1a: Scizor|0 fnt\n|-enditem|p1a: Scizor|Life Orb|[from] move: Knock Off|[of] p2a: Gliscor\n|faint|p1a: Scizor\n|\n|-heal|p2a: Gliscor|162/239 tox|[from] ability: Poison Heal\n|upkeep\n|\n|t:|1783560584\n|switch|p1a: Ludicolo|Ludicolo, L90, M|100/100\n|-activate|p1a: Ludicolo|move: Sticky Web\n|-unboost|p1a: Ludicolo|spe|1\n|-status|p1a: Ludicolo|psn\n|turn|26\n|inactive|Time left: 300 sec this turn | 300 sec total\n|\n|t:|1783560584\n|move|p2a: Gliscor|Knock Off|p1a: Ludicolo\n|-damage|p1a: Ludicolo|79/100 psn\n|-enditem|p1a: Ludicolo|Life Orb|[from] move: Knock Off|[of] p2a: Gliscor\n|move|p1a: Ludicolo|Giga Drain|p2a: Gliscor\n|-damage|p2a: Gliscor|62/239 tox\n|-heal|p1a: Ludicolo|96/100 psn|[from] drain|[of] p2a: Gliscor\n|\n|-heal|p2a: Gliscor|91/239 tox|[from] ability: Poison Heal\n|-damage|p1a: Ludicolo|84/100 psn|[from] psn\n|upkeep\n|turn|27\n|inactive|Time left: 300 sec this turn | 300 sec total\n|\n|t:|1783560585\n|move|p2a: Gliscor|Protect|p2a: Gliscor\n|-singleturn|p2a: Gliscor|Protect\n|move|p1a: Ludicolo|Giga Drain|p2a: Gliscor\n|-activate|p2a: Gliscor|move: Protect\n|\n|-heal|p2a: Gliscor|120/239 tox|[from] ability: Poison Heal\n|-damage|p1a: Ludicolo|71/100 psn|[from] psn\n|upkeep\n|turn|28\n|inactive|Time left: 300 sec this turn | 300 sec total\n|\n|t:|1783560586\n|switch|p2a: Poliwrath|Poliwrath, L88, F|302/302\n|move|p1a: Ludicolo|Giga Drain|p2a: Poliwrath\n|-supereffective|p2a: Poliwrath\n|-damage|p2a: Poliwrath|194/302\n|-heal|p1a: Ludicolo|90/100 psn|[from] drain|[of] p2a: Poliwrath\n|\n|-damage|p1a: Ludicolo|77/100 psn|[from] psn\n|upkeep\n|turn|29\n|inactive|Time left: 300 sec this turn | 300 sec total\n|\n|t:|1783560587\n|move|p2a: Poliwrath|Knock Off|p1a: Ludicolo\n|-damage|p1a: Ludicolo|59/100 psn\n|move|p1a: Ludicolo|Giga Drain|p2a: Poliwrath\n|-supereffective|p2a: Poliwrath\n|-damage|p2a: Poliwrath|78/302\n|-heal|p1a: Ludicolo|79/100 psn|[from] drain|[of] p2a: Poliwrath\n|\n|-damage|p1a: Ludicolo|67/100 psn|[from] psn\n|upkeep\n|turn|30\n|inactive|Time left: 300 sec this turn | 300 sec total\n|\n|t:|1783560588\n|switch|p2a: Araquanid|Araquanid, L82, F|72/246\n|move|p1a: Ludicolo|Giga Drain|p2a: Araquanid\n|-damage|p2a: Araquanid|11/246\n|-heal|p1a: Ludicolo|78/100 psn|[from] drain|[of] p2a: Araquanid\n|\n|-damage|p1a: Ludicolo|65/100 psn|[from] psn\n|upkeep\n|turn|31\n|inactive|Time left: 300 sec this turn | 300 sec total\n|\n|t:|1783560589\n|move|p1a: Ludicolo|Giga Drain|p2a: Araquanid\n|-damage|p2a: Araquanid|0 fnt\n|-heal|p1a: Ludicolo|67/100 psn|[from] drain|[of] p2a: Araquanid\n|faint|p2a: Araquanid\n|\n|-damage|p1a: Ludicolo|55/100 psn|[from] psn\n|upkeep\n|inactive|Time left: 300 sec this turn | 300 sec total | 5 sec grace\n|\n|t:|1783560590\n|switch|p2a: Gliscor|Gliscor, L76, M|120/239 tox\n|turn|32\n|inactive|Time left: 300 sec this turn | 300 sec total\n|\n|t:|1783560591\n|move|p2a: Gliscor|Protect|p2a: Gliscor\n|-singleturn|p2a: Gliscor|Protect\n|move|p1a: Ludicolo|Giga Drain|p2a: Gliscor\n|-activate|p2a: Gliscor|move: Protect\n|\n|-heal|p2a: Gliscor|149/239 tox|[from] ability: Poison Heal\n|-damage|p1a: Ludicolo|43/100 psn|[from] psn\n|upkeep\n|turn|33\n|inactive|Time left: 300 sec this turn | 300 sec total\n|\n|t:|1783560591\n|move|p2a: Gliscor|Protect||[still]\n|-fail|p2a: Gliscor\n|move|p1a: Ludicolo|Giga Drain|p2a: Gliscor\n|-damage|p2a: Gliscor|37/239 tox\n|-heal|p1a: Ludicolo|62/100 psn|[from] drain|[of] p2a: Gliscor\n|\n|-heal|p2a: Gliscor|66/239 tox|[from] ability: Poison Heal\n|-damage|p1a: Ludicolo|49/100 psn|[from] psn\n|upkeep\n|turn|34\n|inactive|Time left: 300 sec this turn | 300 sec total\n|\n|t:|1783560592\n|move|p2a: Gliscor|Protect|p2a: Gliscor\n|-singleturn|p2a: Gliscor|Protect\n|move|p1a: Ludicolo|Giga Drain|p2a: Gliscor\n|-activate|p2a: Gliscor|move: Protect\n|\n|-heal|p2a: Gliscor|95/239 tox|[from] ability: Poison Heal\n|-damage|p1a: Ludicolo|37/100 psn|[from] psn\n|upkeep\n|turn|35\n|inactive|Time left: 300 sec this turn | 300 sec total\n|\n|t:|1783560593\n|move|p2a: Gliscor|Protect||[still]\n|-fail|p2a: Gliscor\n|move|p1a: Ludicolo|Giga Drain|p2a: Gliscor\n|-damage|p2a: Gliscor|0 fnt\n|-heal|p1a: Ludicolo|54/100 psn|[from] drain|[of] p2a: Gliscor\n|faint|p2a: Gliscor\n|\n|-damage|p1a: Ludicolo|41/100 psn|[from] psn\n|upkeep\n|inactive|Time left: 300 sec this turn | 300 sec total | 5 sec grace\n|\n|t:|1783560594\n|switch|p2a: Poliwrath|Poliwrath, L88, F|78/302\n|turn|36\n|inactive|Time left: 300 sec this turn | 300 sec total\n|\n|t:|1783560595\n|-terastallize|p2a: Poliwrath|Dark\n|-terastallize|p1a: Ludicolo|Water\n|move|p2a: Poliwrath|Liquidation|p1a: Ludicolo\n|-resisted|p1a: Ludicolo\n|-damage|p1a: Ludicolo|23/100 psn\n|move|p1a: Ludicolo|Giga Drain|p2a: Poliwrath\n|-damage|p2a: Poliwrath|21/302\n|-heal|p1a: Ludicolo|33/100 psn|[from] drain|[of] p2a: Poliwrath\n|\n|-damage|p1a: Ludicolo|20/100 psn|[from] psn\n|upkeep\n|turn|37\n|inactive|Time left: 300 sec this turn | 300 sec total\n|\n|t:|1783560596\n|move|p2a: Poliwrath|Knock Off|p1a: Ludicolo\n|-damage|p1a: Ludicolo|0 fnt\n|faint|p1a: Ludicolo\n|\n|upkeep\n|\n|t:|1783560596\n|switch|p1a: Arcanine|Arcanine, L84, F|49/100\n|-ability|p1a: Arcanine|Intimidate|boost\n|-unboost|p2a: Poliwrath|atk|1\n|turn|38\n|inactive|Time left: 300 sec this turn | 300 sec total\n|\n|t:|1783560597\n|move|p1a: Arcanine|Flare Blitz|p2a: Poliwrath\n|-damage|p2a: Poliwrath|0 fnt\n|faint|p2a: Poliwrath\n|-damage|p1a: Arcanine|47/100|[from] Recoil\n|\n|win|p0x183919c4", "uploadtime": 1783560597, "views": 0, "rating": 0, "private": 0, "password": null, "_winner": "p0x183919c4", "_our_name": "p0y18396f13"}