{"id": "battle-gen9randombattle-2290", "formatid": "gen9randombattle", "format": "[Gen 9] Random Battle", "players": ["p0x229041b1", "p0y229018a4"], "log": "|init|battle\n|title|p0x229041b1 vs. p0y229018a4\n|j|\u2606p0x229041b1\n|j|\u2606p0y229018a4\n|t:|1783566567\n|gametype|singles\n|player|p1|p0x229041b1|1|\n|player|p2|p0y229018a4|169|\n|gen|9\n|tier|[Gen 9] Random Battle\n|rule|Species Clause: Limit one of each Pok\u00e9mon\n|rule|HP Percentage Mod: HP is shown in percentages\n|rule|Sleep Clause Mod: Limit one foe put to sleep\n|rule|Illusion Level Mod: Illusion disguises the Pok\u00e9mon's true level\n|\n|t:|1783566567\n|teamsize|p1|6\n|teamsize|p2|6\n|start\n|switch|p1a: Gumshoos|Gumshoos, L95, F|321/321\n|switch|p2a: Charizard|Charizard, L85, M|100/100\n|turn|1\n|inactive|Battle timer is ON: inactive players will automatically lose when time's up. (requested by p0y229018a4)\n|inactive|Time left: 300 sec this turn | 300 sec total | 60 sec grace\n|inactive|p0x229041b1 also wants the timer to be on.\n|\n|t:|1783566568\n|move|p2a: Charizard|Flare Blitz|p1a: Gumshoos\n|-damage|p1a: Gumshoos|194/321\n|-damage|p2a: Charizard|85/100|[from] Recoil\n|move|p1a: Gumshoos|Double-Edge|p2a: Charizard\n|-damage|p2a: Charizard|0 fnt\n|faint|p2a: Charizard\n|-damage|p1a: Gumshoos|118/321|[from] Recoil\n|\n|upkeep\n|\n|t:|1783566569\n|switch|p2a: Azelf|Azelf, L82|100/100\n|turn|2\n|inactive|Time left: 300 sec this turn | 300 sec total\n|\n|t:|1783566570\n|move|p2a: Azelf|Fire Blast|p1a: Gumshoos\n|-damage|p1a: Gumshoos|0 fnt\n|faint|p1a: Gumshoos\n|\n|upkeep\n|inactive|Time left: 300 sec this turn | 300 sec total | 5 sec grace\n|\n|t:|1783566571\n|switch|p1a: Overqwil|Overqwil, L82, F|274/274\n|-ability|p1a: Overqwil|Intimidate|boost\n|-unboost|p2a: Azelf|atk|1\n|turn|3\n|inactive|Time left: 300 sec this turn | 300 sec total\n|\n|t:|1783566572\n|move|p2a: Azelf|Fire Blast|p1a: Overqwil\n|-damage|p1a: Overqwil|114/274\n|move|p1a: Overqwil|Gunk Shot|p2a: Azelf\n|-damage|p2a: Azelf|0 fnt\n|faint|p2a: Azelf\n|\n|upkeep\n|\n|t:|1783566573\n|switch|p2a: Calyrex|Calyrex-Shadow, L64|100/100\n|-ability|p2a: Calyrex|As One\n|-ability|p2a: Calyrex|Unnerve\n|turn|4\n|inactive|Time left: 300 sec this turn | 300 sec total\n|\n|t:|1783566574\n|-terastallize|p2a: Calyrex|Ghost\n|move|p2a: Calyrex|Astral Barrage|p1a: Overqwil\n|-resisted|p1a: Overqwil\n|-damage|p1a: Overqwil|0 fnt\n|faint|p1a: Overqwil\n|-ability|p2a: Calyrex|Grim Neigh|boost\n|-boost|p2a: Calyrex|spa|1\n|-damage|p2a: Calyrex|91/100|[from] item: Life Orb\n|\n|upkeep\n|inactive|Time left: 300 sec this turn | 300 sec total | 5 sec grace\n|\n|t:|1783566575\n|switch|p1a: Roaring Moon|Roaring Moon, L72|270/270\n|turn|5\n|inactive|Time left: 300 sec this turn | 300 sec total\n|\n|t:|1783566576\n|switch|p2a: Granbull|Granbull, L88, F|100/100\n|-ability|p2a: Granbull|Intimidate|boost\n|-unboost|p1a: Roaring Moon|atk|1\n|move|p1a: Roaring Moon|Knock Off|p2a: Granbull\n|-resisted|p2a: Granbull\n|-damage|p2a: Granbull|88/100\n|-enditem|p2a: Granbull|Leftovers|[from] move: Knock Off|[of] p1a: Roaring Moon\n|\n|upkeep\n|turn|6\n|inactive|Time left: 300 sec this turn | 300 sec total\n|\n|t:|1783566577\n|-end|p1a: Roaring Moon|Protosynthesis|[silent]\n|switch|p1a: Leafeon|Leafeon, L88, M|258/258\n|move|p2a: Granbull|Play Rough|p1a: Leafeon\n|-damage|p1a: Leafeon|164/258\n|\n|upkeep\n|turn|7\n|inactive|Time left: 300 sec this turn | 300 sec total\n|\n|t:|1783566577\n|move|p1a: Leafeon|Leaf Blade|p2a: Granbull\n|-damage|p2a: Granbull|35/100\n|-damage|p1a: Leafeon|139/258|[from] item: Life Orb\n|move|p2a: Granbull|Play Rough|p1a: Leafeon\n|-damage|p1a: Leafeon|54/258\n|\n|upkeep\n|turn|8\n|inactive|Time left: 300 sec this turn | 300 sec total\n|\n|t:|1783566578\n|move|p1a: Leafeon|Synthesis|p1a: Leafeon\n|-heal|p1a: Leafeon|183/258\n|move|p2a: Granbull|Play Rough|p1a: Leafeon\n|-damage|p1a: Leafeon|101/258\n|\n|upkeep\n|turn|9\n|inactive|Time left: 300 sec this turn | 300 sec total\n|\n|t:|1783566579\n|move|p1a: Leafeon|Leaf Blade|p2a: Granbull\n|-damage|p2a: Granbull|0 fnt\n|faint|p2a: Granbull\n|-damage|p1a: Leafeon|76/258|[from] item: Life Orb\n|\n|upkeep\n|\n|t:|1783566580\n|switch|p2a: Calyrex|Calyrex-Shadow, L64, tera:Ghost|91/100\n|-ability|p2a: Calyrex|As One\n|-ability|p2a: Calyrex|Unnerve\n|turn|10\n|inactive|Time left: 300 sec this turn | 300 sec total\n|\n|t:|1783566581\n|move|p2a: Calyrex|Pollen Puff|p1a: Leafeon\n|-supereffective|p1a: Leafeon\n|-damage|p1a: Leafeon|0 fnt\n|faint|p1a: Leafeon\n|-ability|p2a: Calyrex|Grim Neigh|boost\n|-boost|p2a: Calyrex|spa|1\n|-damage|p2a: Calyrex|81/100|[from] item: Life Orb\n|\n|upkeep\n|inactive|Time left: 300 sec this turn | 300 sec total | 5 sec grace\n|\n|t:|1783566582\n|switch|p1a: Roaring Moon|Roaring Moon, L72|270/270\n|turn|11\n|inactive|Time left: 300 sec this turn | 300 sec total\n|\n|t:|1783566583\n|move|p2a: Calyrex|Pollen Puff|p1a: Roaring Moon\n|-supereffective|p1a: Roaring Moon\n|-damage|p1a: Roaring Moon|46/270\n|-damage|p2a: Calyrex|71/100|[from] item: Life Orb\n|move|p1a: Roaring Moon|Dragon Dance|p1a: Roaring Moon\n|-boost|p1a: Roaring Moon|atk|1\n|-boost|p1a: Roaring Moon|spe|1\n|\n|upkeep\n|turn|12\n|inactive|Time left: 300 sec this turn | 300 sec total\n|\n|t:|1783566584\n|move|p1a: Roaring Moon|Knock Off|p2a: Calyrex\n|-supereffective|p2a: Calyrex\n|-damage|p2a: Calyrex|0 fnt\n|-enditem|p2a: Calyrex|Life Orb|[from] move: Knock Off|[of] p1a: Roaring Moon\n|faint|p2a: Calyrex\n|\n|upkeep\n|\n|t:|1783566585\n|switch|p2a: Shiftry|Shiftry, L89, F|100/100\n|turn|13\n|inactive|Time left: 300 sec this turn | 300 sec total\n|\n|t:|1783566586\n|move|p1a: Roaring Moon|Outrage|p2a: Shiftry\n|-damage|p2a: Shiftry|29/100\n|move|p2a: Shiftry|Knock Off|p1a: Roaring Moon\n|-resisted|p1a: Roaring Moon\n|-damage|p1a: Roaring Moon|0 fnt\n|-enditem|p1a: Roaring Moon|Lum Berry|[from] move: Knock Off|[of] p2a: Shiftry\n|faint|p1a: Roaring Moon\n|-end|p1a: Roaring Moon|Protosynthesis|[silent]\n|\n|upkeep\n|inactive|Time left: 300 sec this turn | 300 sec total | 5 sec grace\n|\n|t:|1783566587\n|switch|p1a: Probopass|Probopass, L91, F|257/257\n|turn|14\n|inactive|Time left: 300 sec this turn | 300 sec total\n|\n|t:|1783566588\n|-terastallize|p1a: Probopass|Fighting\n|move|p2a: Shiftry|Knock Off|p1a: Probopass\n|-resisted|p1a: Probopass\n|-damage|p1a: Probopass|222/257\n|-enditem|p1a: Probopass|Chesto Berry|[from] move: Knock Off|[of] p2a: Shiftry\n|move|p1a: Probopass|Body Press|p2a: Shiftry\n|-supereffective|p2a: Shiftry\n|-damage|p2a: Shiftry|0 fnt\n|faint|p2a: Shiftry\n|\n|upkeep\n|\n|t:|1783566589\n|switch|p2a: Venusaur|Venusaur, L84, F|100/100\n|turn|15\n|inactive|Time left: 300 sec this turn | 300 sec total\n|\n|t:|1783566590\n|move|p2a: Venusaur|Leech Seed|p1a: Probopass|[miss]\n|-miss|p2a: Venusaur|p1a: Probopass\n|move|p1a: Probopass|Iron Defense|p1a: Probopass\n|-boost|p1a: Probopass|def|2\n|\n|upkeep\n|turn|16\n|inactive|Time left: 300 sec this turn | 300 sec total\n|\n|t:|1783566591\n|move|p2a: Venusaur|Leech Seed|p1a: Probopass|[miss]\n|-miss|p2a: Venusaur|p1a: Probopass\n|move|p1a: Probopass|Body Press|p2a: Venusaur\n|-resisted|p2a: Venusaur\n|-damage|p2a: Venusaur|51/100\n|\n|-heal|p2a: Venusaur|57/100|[from] item: Leftovers\n|upkeep\n|turn|17\n|inactive|Time left: 300 sec this turn | 300 sec total\n|\n|t:|1783566592\n|move|p2a: Venusaur|Sleep Powder|p1a: Probopass|[miss]\n|-miss|p2a: Venusaur|p1a: Probopass\n|move|p1a: Probopass|Body Press|p2a: Venusaur\n|-resisted|p2a: Venusaur\n|-damage|p2a: Venusaur|3/100\n|\n|-heal|p2a: Venusaur|9/100|[from] item: Leftovers\n|upkeep\n|turn|18\n|inactive|Time left: 300 sec this turn | 300 sec total\n|\n|t:|1783566593\n|move|p2a: Venusaur|Sleep Powder|p1a: Probopass\n|-status|p1a: Probopass|slp|[from] move: Sleep Powder\n|cant|p1a: Probopass|slp\n|\n|-heal|p2a: Venusaur|16/100|[from] item: Leftovers\n|upkeep\n|turn|19\n|inactive|Time left: 300 sec this turn | 300 sec total\n|\n|t:|1783566594\n|move|p2a: Venusaur|Leech Seed|p1a: Probopass\n|-start|p1a: Probopass|move: Leech Seed\n|cant|p1a: Probopass|slp\n|\n|-heal|p2a: Venusaur|22/100|[from] item: Leftovers\n|-damage|p1a: Probopass|190/257 slp|[from] Leech Seed|[of] p2a: Venusaur\n|-heal|p2a: Venusaur|34/100|[silent]\n|upkeep\n|turn|20\n|inactive|Time left: 300 sec this turn | 300 sec total\n|\n|t:|1783566595\n|move|p2a: Venusaur|Substitute|p2a: Venusaur\n|-start|p2a: Venusaur|Substitute\n|-damage|p2a: Venusaur|9/100\n|-curestatus|p1a: Probopass|slp|[msg]\n|move|p1a: Probopass|Flash Cannon|p2a: Venusaur\n|-end|p2a: Venusaur|Substitute\n|\n|-heal|p2a: Venusaur|15/100|[from] item: Leftovers\n|-damage|p1a: Probopass|158/257|[from] Leech Seed|[of] p2a: Venusaur\n|-heal|p2a: Venusaur|27/100|[silent]\n|upkeep\n|turn|21\n|inactive|Time left: 300 sec this turn | 300 sec total\n|\n|t:|1783566596\n|move|p2a: Venusaur|Sleep Powder|p1a: Probopass\n|-status|p1a: Probopass|slp|[from] move: Sleep Powder\n|cant|p1a: Probopass|slp\n|\n|-heal|p2a: Venusaur|33/100|[from] item: Leftovers\n|-damage|p1a: Probopass|126/257 slp|[from] Leech Seed|[of] p2a: Venusaur\n|-heal|p2a: Venusaur|45/100|[silent]\n|upkeep\n|turn|22\n|inactive|Time left: 300 sec this turn | 300 sec total\n|\n|t:|1783566597\n|move|p2a: Venusaur|Substitute|p2a: Venusaur\n|-start|p2a: Venusaur|Substitute\n|-damage|p2a: Venusaur|20/100\n|cant|p1a: Probopass|slp\n|\n|-heal|p2a: Venusaur|26/100|[from] item: Leftovers\n|-damage|p1a: Probopass|94/257 slp|[from] Leech Seed|[of] p2a: Venusaur\n|-heal|p2a: Venusaur|38/100|[silent]\n|upkeep\n|turn|23\n|inactive|Time left: 300 sec this turn | 300 sec total\n|\n|t:|1783566598\n|move|p2a: Venusaur|Sludge Bomb|p1a: Probopass\n|-damage|p1a: Probopass|36/257 slp\n|-curestatus|p1a: Probopass|slp|[msg]\n|move|p1a: Probopass|Rest|p1a: Probopass\n|-status|p1a: Probopass|slp|[from] move: Rest\n|-heal|p1a: Probopass|257/257 slp|[silent]\n|\n|-heal|p2a: Venusaur|44/100|[from] item: Leftovers\n|-damage|p1a: Probopass|225/257 slp|[from] Leech Seed|[of] p2a: Venusaur\n|-heal|p2a: Venusaur|56/100|[silent]\n|upkeep\n|turn|24\n|inactive|Time left: 300 sec this turn | 300 sec total\n|\n|t:|1783566599\n|move|p2a: Venusaur|Sludge Bomb|p1a: Probopass\n|-damage|p1a: Probopass|171/257 slp\n|cant|p1a: Probopass|slp\n|\n|-heal|p2a: Venusaur|62/100|[from] item: Leftovers\n|-damage|p1a: Probopass|139/257 slp|[from] Leech Seed|[of] p2a: Venusaur\n|-heal|p2a: Venusaur|74/100|[silent]\n|upkeep\n|turn|25\n|inactive|Time left: 300 sec this turn | 300 sec total\n|\n|t:|1783566601\n|switch|p1a: Dondozo|Dondozo, L78, F|362/362\n|move|p2a: Venusaur|Sludge Bomb|p1a: Dondozo\n|-damage|p1a: Dondozo|226/362\n|\n|-heal|p2a: Venusaur|80/100|[from] item: Leftovers\n|-heal|p1a: Dondozo|248/362|[from] item: Leftovers\n|upkeep\n|turn|26\n|inactive|Time left: 300 sec this turn | 300 sec total\n|\n|t:|1783566602\n|switch|p1a: Probopass|Probopass, L91, F, tera:Fighting|139/257 slp\n|move|p2a: Venusaur|Leech Seed|p1a: Probopass\n|-start|p1a: Probopass|move: Leech Seed\n|\n|-heal|p2a: Venusaur|86/100|[from] item: Leftovers\n|-damage|p1a: Probopass|107/257 slp|[from] Leech Seed|[of] p2a: Venusaur\n|-heal|p2a: Venusaur|98/100|[silent]\n|upkeep\n|turn|27\n|inactive|Time left: 300 sec this turn | 300 sec total\n|\n|t:|1783566603\n|switch|p1a: Dondozo|Dondozo, L78, F|248/362\n|move|p2a: Venusaur|Sludge Bomb|p1a: Dondozo\n|-damage|p1a: Dondozo|121/362\n|\n|-heal|p2a: Venusaur|100/100|[from] item: Leftovers\n|-heal|p1a: Dondozo|143/362|[from] item: Leftovers\n|upkeep\n|turn|28\n|inactive|Time left: 300 sec this turn | 300 sec total\n|\n|t:|1783566604\n|move|p2a: Venusaur|Leech Seed|p1a: Dondozo\n|-start|p1a: Dondozo|move: Leech Seed\n|move|p1a: Dondozo|Rest|p1a: Dondozo\n|-status|p1a: Dondozo|slp|[from] move: Rest\n|-heal|p1a: Dondozo|362/362 slp|[silent]\n|\n|-damage|p1a: Dondozo|317/362 slp|[from] Leech Seed|[of] p2a: Venusaur\n|upkeep\n|turn|29\n|inactive|Time left: 300 sec this turn | 300 sec total\n|\n|t:|1783566605\n|switch|p1a: Probopass|Probopass, L91, F, tera:Fighting|107/257 slp\n|move|p2a: Venusaur|Sludge Bomb|p1a: Probopass\n|-damage|p1a: Probopass|49/257 slp\n|\n|upkeep\n|turn|30\n|inactive|Time left: 300 sec this turn | 300 sec total\n|\n|t:|1783566606\n|move|p2a: Venusaur|Sludge Bomb|p1a: Probopass\n|-damage|p1a: Probopass|0 fnt\n|faint|p1a: Probopass\n|\n|upkeep\n|inactive|Time left: 300 sec this turn | 300 sec total | 5 sec grace\n|\n|t:|1783566607\n|switch|p1a: Dondozo|Dondozo, L78, F|317/362 slp\n|turn|31\n|inactive|Time left: 300 sec this turn | 300 sec total\n|\n|t:|1783566608\n|move|p2a: Venusaur|Sludge Bomb|p1a: Dondozo\n|-damage|p1a: Dondozo|182/362 slp\n|cant|p1a: Dondozo|slp\n|move|p1a: Dondozo|Sleep Talk|p1a: Dondozo\n|move|p1a: Dondozo|Rest||[from] move: Sleep Talk|[still]\n|-fail|p1a: Dondozo\n|\n|-heal|p1a: Dondozo|204/362 slp|[from] item: Leftovers\n|upkeep\n|turn|32\n|inactive|Time left: 300 sec this turn | 300 sec total\n|\n|t:|1783566609\n|move|p2a: Venusaur|Sludge Bomb|p1a: Dondozo\n|-damage|p1a: Dondozo|78/362 slp\n|cant|p1a: Dondozo|slp\n|move|p1a: Dondozo|Sleep Talk|p1a: Dondozo\n|move|p1a: Dondozo|Wave Crash|p2a: Venusaur|[from] move: Sleep Talk\n|-resisted|p2a: Venusaur\n|-activate|p2a: Venusaur|move: Substitute|[damage]\n|-damage|p1a: Dondozo|58/362 slp|[from] Recoil|[of] p2a: Venusaur\n|\n|-heal|p1a: Dondozo|80/362 slp|[from] item: Leftovers\n|upkeep\n|turn|33\n|inactive|Time left: 300 sec this turn | 300 sec total\n|\n|t:|1783566610\n|move|p2a: Venusaur|Sludge Bomb|p1a: Dondozo\n|-damage|p1a: Dondozo|0 fnt\n|faint|p1a: Dondozo\n|\n|win|p0y229018a4", "uploadtime": 1783566610, "views": 0, "rating": 0, "private": 0, "password": null, "_winner": "p0y229018a4", "_our_name": "p0x229041b1"}