{"id": "battle-gen9randombattle-103", "formatid": "gen9randombattle", "format": "[Gen 9] Random Battle", "players": ["p0x103134e", "p0y1031d0a"], "log": "|init|battle\n|title|p0x103134e vs. p0y1031d0a\n|j|\u2606p0x103134e\n|j|\u2606p0y1031d0a\n|t:|1783534958\n|gametype|singles\n|player|p1|p0x103134e|170|\n|player|p2|p0y1031d0a|102|\n|gen|9\n|tier|[Gen 9] Random Battle\n|rule|Species Clause: Limit one of each Pok\u00e9mon\n|rule|HP Percentage Mod: HP is shown in percentages\n|rule|Sleep Clause Mod: Limit one foe put to sleep\n|rule|Illusion Level Mod: Illusion disguises the Pok\u00e9mon's true level\n|\n|t:|1783534958\n|teamsize|p1|6\n|teamsize|p2|6\n|start\n|switch|p1a: Inteleon|Inteleon, L81, F|100/100\n|switch|p2a: Hatterene|Hatterene, L85, F|236/236\n|turn|1\n|inactive|Battle timer is ON: inactive players will automatically lose when time's up. (requested by p0y1031d0a)\n|inactive|p0x103134e also wants the timer to be on.\n|\n|t:|1783534960\n|move|p1a: Inteleon|Hydro Pump|p2a: Hatterene|[miss]\n|-miss|p1a: Inteleon|p2a: Hatterene\n|move|p2a: Hatterene|Psyshock|p1a: Inteleon\n|-damage|p1a: Inteleon|42/100\n|\n|upkeep\n|turn|2\n|inactive|Time left: 300 sec this turn | 300 sec total\n|\n|t:|1783534961\n|move|p1a: Inteleon|Hydro Pump|p2a: Hatterene|[miss]\n|-miss|p1a: Inteleon|p2a: Hatterene\n|move|p2a: Hatterene|Psyshock|p1a: Inteleon\n|-damage|p1a: Inteleon|0 fnt\n|faint|p1a: Inteleon\n|\n|upkeep\n|\n|t:|1783534962\n|switch|p1a: Heatran|Heatran, L79, M|100/100\n|-item|p1a: Heatran|Air Balloon\n|turn|3\n|inactive|Time left: 300 sec this turn | 300 sec total\n|\n|t:|1783534963\n|switch|p2a: Veluza|Veluza, L85, F|292/292\n|move|p1a: Heatran|Heavy Slam|p2a: Veluza\n|-resisted|p2a: Veluza\n|-damage|p2a: Veluza|245/292\n|\n|upkeep\n|turn|4\n|inactive|Time left: 300 sec this turn | 300 sec total\n|\n|t:|1783534964\n|switch|p1a: Wo-Chien|Wo-Chien, L83|100/100\n|-ability|p1a: Wo-Chien|Tablets of Ruin\n|move|p2a: Veluza|Aqua Cutter|p1a: Wo-Chien\n|-resisted|p1a: Wo-Chien\n|-damage|p1a: Wo-Chien|77/100\n|\n|-heal|p1a: Wo-Chien|84/100|[from] item: Leftovers\n|upkeep\n|turn|5\n|inactive|Time left: 300 sec this turn | 300 sec total\n|\n|t:|1783534965\n|switch|p2a: Hatterene|Hatterene, L85, F|236/236\n|move|p1a: Wo-Chien|Knock Off|p2a: Hatterene\n|-damage|p2a: Hatterene|145/236\n|-enditem|p2a: Hatterene|Leftovers|[from] move: Knock Off|[of] p1a: Wo-Chien\n|\n|-heal|p1a: Wo-Chien|90/100|[from] item: Leftovers\n|upkeep\n|turn|6\n|inactive|Time left: 300 sec this turn | 300 sec total\n|\n|t:|1783534966\n|switch|p1a: Heatran|Heatran, L79, M|100/100\n|-item|p1a: Heatran|Air Balloon\n|move|p2a: Hatterene|Draining Kiss|p1a: Heatran\n|-resisted|p1a: Heatran\n|-damage|p1a: Heatran|95/100\n|-heal|p2a: Hatterene|157/236|[from] drain|[of] p1a: Heatran\n|-enditem|p1a: Heatran|Air Balloon\n|\n|upkeep\n|turn|7\n|inactive|Time left: 300 sec this turn | 300 sec total\n|\n|t:|1783534968\n|switch|p2a: Veluza|Veluza, L85, F|245/292\n|move|p1a: Heatran|Heavy Slam|p2a: Veluza\n|-resisted|p2a: Veluza\n|-damage|p2a: Veluza|191/292\n|\n|upkeep\n|turn|8\n|inactive|Time left: 300 sec this turn | 300 sec total\n|\n|t:|1783534969\n|switch|p1a: Wo-Chien|Wo-Chien, L83|90/100\n|-ability|p1a: Wo-Chien|Tablets of Ruin\n|move|p2a: Veluza|Aqua Cutter|p1a: Wo-Chien\n|-resisted|p1a: Wo-Chien\n|-damage|p1a: Wo-Chien|69/100\n|\n|-heal|p1a: Wo-Chien|75/100|[from] item: Leftovers\n|upkeep\n|turn|9\n|inactive|Time left: 300 sec this turn | 300 sec total\n|\n|t:|1783534970\n|switch|p2a: Hatterene|Hatterene, L85, F|157/236\n|move|p1a: Wo-Chien|Knock Off|p2a: Hatterene\n|-damage|p2a: Hatterene|105/236\n|\n|-heal|p1a: Wo-Chien|81/100|[from] item: Leftovers\n|upkeep\n|turn|10\n|inactive|Time left: 300 sec this turn | 300 sec total\n|\n|t:|1783534971\n|switch|p1a: Heatran|Heatran, L79, M|95/100\n|move|p2a: Hatterene|Draining Kiss|p1a: Heatran\n|-resisted|p1a: Heatran\n|-damage|p1a: Heatran|89/100\n|-heal|p2a: Hatterene|117/236|[from] drain|[of] p1a: Heatran\n|\n|upkeep\n|turn|11\n|inactive|Time left: 300 sec this turn | 300 sec total\n|\n|t:|1783534972\n|switch|p2a: Veluza|Veluza, L85, F|191/292\n|move|p1a: Heatran|Lava Plume|p2a: Veluza\n|-resisted|p2a: Veluza\n|-damage|p2a: Veluza|136/292\n|-status|p2a: Veluza|brn\n|\n|-damage|p2a: Veluza|118/292 brn|[from] brn\n|upkeep\n|turn|12\n|inactive|Time left: 300 sec this turn | 300 sec total\n|\n|t:|1783534973\n|move|p2a: Veluza|Aqua Cutter|p1a: Heatran\n|-supereffective|p1a: Heatran\n|-damage|p1a: Heatran|29/100\n|move|p1a: Heatran|Stealth Rock|p2a: Veluza\n|-sidestart|p2: p0y1031d0a|move: Stealth Rock\n|\n|-damage|p2a: Veluza|100/292 brn|[from] brn\n|upkeep\n|turn|13\n|inactive|Time left: 300 sec this turn | 300 sec total\n|\n|t:|1783534974\n|switch|p1a: Wo-Chien|Wo-Chien, L83|81/100\n|-ability|p1a: Wo-Chien|Tablets of Ruin\n|move|p2a: Veluza|Aqua Cutter|p1a: Wo-Chien\n|-resisted|p1a: Wo-Chien\n|-damage|p1a: Wo-Chien|69/100\n|\n|-heal|p1a: Wo-Chien|75/100|[from] item: Leftovers\n|-damage|p2a: Veluza|82/292 brn|[from] brn\n|upkeep\n|turn|14\n|inactive|Time left: 300 sec this turn | 300 sec total\n|\n|t:|1783534975\n|move|p2a: Veluza|Aqua Cutter|p1a: Wo-Chien\n|-resisted|p1a: Wo-Chien\n|-damage|p1a: Wo-Chien|65/100\n|move|p1a: Wo-Chien|Knock Off|p2a: Veluza\n|-supereffective|p2a: Veluza\n|-damage|p2a: Veluza|0 fnt\n|-enditem|p2a: Veluza|Choice Band|[from] move: Knock Off|[of] p1a: Wo-Chien\n|faint|p2a: Veluza\n|\n|-heal|p1a: Wo-Chien|71/100|[from] item: Leftovers\n|upkeep\n|inactive|Time left: 300 sec this turn | 300 sec total | 5 sec grace\n|\n|t:|1783534976\n|switch|p2a: Venomoth|Venomoth, L84, F|255/255\n|turn|15\n|inactive|Time left: 300 sec this turn | 300 sec total\n|\n|t:|1783534977\n|move|p1a: Wo-Chien|Protect|p1a: Wo-Chien\n|-singleturn|p1a: Wo-Chien|Protect\n|move|p2a: Venomoth|Quiver Dance|p2a: Venomoth\n|-boost|p2a: Venomoth|spa|1\n|-boost|p2a: Venomoth|spd|1\n|-boost|p2a: Venomoth|spe|1\n|\n|-heal|p1a: Wo-Chien|77/100|[from] item: Leftovers\n|upkeep\n|turn|16\n|inactive|Time left: 300 sec this turn | 300 sec total\n|\n|t:|1783534978\n|-terastallize|p1a: Wo-Chien|Poison\n|move|p2a: Venomoth|Bug Buzz|p1a: Wo-Chien\n|-resisted|p1a: Wo-Chien\n|-damage|p1a: Wo-Chien|42/100\n|move|p1a: Wo-Chien|Knock Off|p2a: Venomoth\n|-damage|p2a: Venomoth|123/255\n|-enditem|p2a: Venomoth|Heavy-Duty Boots|[from] move: Knock Off|[of] p1a: Wo-Chien\n|\n|-heal|p1a: Wo-Chien|49/100|[from] item: Leftovers\n|upkeep\n|turn|17\n|inactive|Time left: 300 sec this turn | 300 sec total\n|\n|t:|1783534979\n|move|p2a: Venomoth|Bug Buzz|p1a: Wo-Chien\n|-resisted|p1a: Wo-Chien\n|-damage|p1a: Wo-Chien|11/100\n|move|p1a: Wo-Chien|Leech Seed|p2a: Venomoth\n|-start|p2a: Venomoth|move: Leech Seed\n|\n|-heal|p1a: Wo-Chien|17/100|[from] item: Leftovers\n|-damage|p2a: Venomoth|92/255|[from] Leech Seed|[of] p1a: Wo-Chien\n|-heal|p1a: Wo-Chien|28/100|[silent]\n|upkeep\n|turn|18\n|inactive|Time left: 300 sec this turn | 300 sec total\n|\n|t:|1783534980\n|move|p1a: Wo-Chien|Protect|p1a: Wo-Chien\n|-singleturn|p1a: Wo-Chien|Protect\n|move|p2a: Venomoth|Bug Buzz|p1a: Wo-Chien\n|-activate|p1a: Wo-Chien|move: Protect\n|\n|-heal|p1a: Wo-Chien|34/100|[from] item: Leftovers\n|-damage|p2a: Venomoth|61/255|[from] Leech Seed|[of] p1a: Wo-Chien\n|-heal|p1a: Wo-Chien|46/100|[silent]\n|upkeep\n|turn|19\n|inactive|Time left: 300 sec this turn | 300 sec total\n|\n|t:|1783534981\n|switch|p1a: Heatran|Heatran, L79, M|29/100\n|move|p2a: Venomoth|Sludge Wave|p1a: Heatran\n|-immune|p1a: Heatran\n|\n|-damage|p2a: Venomoth|30/255|[from] Leech Seed|[of] p1a: Heatran\n|-heal|p1a: Heatran|41/100|[silent]\n|upkeep\n|turn|20\n|inactive|Time left: 300 sec this turn | 300 sec total\n|\n|t:|1783534982\n|move|p2a: Venomoth|Bug Buzz|p1a: Heatran\n|-resisted|p1a: Heatran\n|-damage|p1a: Heatran|18/100\n|move|p1a: Heatran|Lava Plume|p2a: Venomoth\n|-supereffective|p2a: Venomoth\n|-damage|p2a: Venomoth|0 fnt\n|faint|p2a: Venomoth\n|\n|upkeep\n|inactive|Time left: 300 sec this turn | 300 sec total | 5 sec grace\n|\n|t:|1783534982\n|switch|p2a: Squawkabilly|Squawkabilly-White, L89, M|291/291\n|turn|21\n|inactive|Time left: 300 sec this turn | 300 sec total\n|\n|t:|1783534983\n|switch|p1a: Sandslash|Sandslash-Alola, L88, F|100/100\n|move|p2a: Squawkabilly|Brave Bird|p1a: Sandslash\n|-resisted|p1a: Sandslash\n|-damage|p1a: Sandslash|72/100\n|-damage|p2a: Squawkabilly|265/291|[from] Recoil\n|\n|upkeep\n|turn|22\n|inactive|Time left: 300 sec this turn | 300 sec total\n|\n|t:|1783534984\n|move|p2a: Squawkabilly|Parting Shot|p1a: Sandslash\n|-unboost|p1a: Sandslash|atk|1\n|-unboost|p1a: Sandslash|spa|1\n|inactive|Time left: 300 sec this turn | 300 sec total | 5 sec grace\n|\n|t:|1783534984\n|switch|p2a: Tyranitar|Tyranitar, L78, F|284/284|[from] Parting Shot\n|-damage|p2a: Tyranitar|249/284|[from] Stealth Rock\n|-weather|Sandstorm|[from] ability: Sand Stream|[of] p2a: Tyranitar\n|move|p1a: Sandslash|Triple Axel|p2a: Tyranitar\n|-damage|p2a: Tyranitar|230/284\n|-damage|p2a: Tyranitar|190/284\n|-crit|p2a: Tyranitar\n|-damage|p2a: Tyranitar|61/284\n|-hitcount|p2a: Tyranitar|3\n|-damage|p1a: Sandslash|62/100|[from] item: Life Orb\n|\n|-weather|Sandstorm|[upkeep]\n|-heal|p2a: Tyranitar|78/284|[from] item: Leftovers\n|upkeep\n|turn|23\n|inactive|Time left: 300 sec this turn | 300 sec total\n|\n|t:|1783534985\n|move|p1a: Sandslash|Triple Axel|p2a: Tyranitar\n|-damage|p2a: Tyranitar|57/284\n|-damage|p2a: Tyranitar|21/284\n|-damage|p2a: Tyranitar|0 fnt\n|faint|p2a: Tyranitar\n|-hitcount|p2: Tyranitar|3\n|-damage|p1a: Sandslash|52/100|[from] item: Life Orb\n|\n|-weather|Sandstorm|[upkeep]\n|upkeep\n|inactive|Time left: 300 sec this turn | 300 sec total | 5 sec grace\n|\n|t:|1783534986\n|switch|p2a: Squawkabilly|Squawkabilly-White, L89, M|265/291\n|turn|24\n|inactive|Time left: 300 sec this turn | 300 sec total\n|\n|t:|1783534986\n|move|p2a: Squawkabilly|Parting Shot|p1a: Sandslash\n|-unboost|p1a: Sandslash|atk|1\n|-unboost|p1a: Sandslash|spa|1\n|inactive|Time left: 300 sec this turn | 300 sec total | 5 sec grace\n|\n|t:|1783534987\n|switch|p2a: Hatterene|Hatterene, L85, F|117/236|[from] Parting Shot\n|-damage|p2a: Hatterene|88/236|[from] Stealth Rock\n|move|p1a: Sandslash|Triple Axel|p2a: Hatterene\n|-damage|p2a: Hatterene|72/236\n|-damage|p2a: Hatterene|45/236\n|-damage|p2a: Hatterene|5/236\n|-hitcount|p2a: Hatterene|3\n|-damage|p1a: Sandslash|42/100|[from] item: Life Orb\n|\n|-weather|Sandstorm|[upkeep]\n|-damage|p2a: Hatterene|0 fnt|[from] Sandstorm\n|faint|p2a: Hatterene\n|upkeep\n|inactive|Time left: 300 sec this turn | 300 sec total | 10 sec grace\n|\n|t:|1783534988\n|switch|p2a: Ditto|Ditto, L87|225/225\n|-damage|p2a: Ditto|197/225|[from] Stealth Rock\n|-transform|p2a: Ditto|p1a: Sandslash|[from] ability: Imposter\n|turn|25\n|inactive|Time left: 300 sec this turn | 300 sec total\n|\n|t:|1783534988\n|switch|p2a: Squawkabilly|Squawkabilly-White, L89, M|265/291\n|move|p1a: Sandslash|Triple Axel|p2a: Squawkabilly\n|-supereffective|p2a: Squawkabilly\n|-damage|p2a: Squawkabilly|223/291\n|-supereffective|p2a: Squawkabilly\n|-damage|p2a: Squawkabilly|135/291\n|-supereffective|p2a: Squawkabilly\n|-damage|p2a: Squawkabilly|0 fnt\n|faint|p2a: Squawkabilly\n|-hitcount|p2: Squawkabilly|3\n|-damage|p1a: Sandslash|32/100|[from] item: Life Orb\n|\n|-weather|Sandstorm|[upkeep]\n|upkeep\n|inactive|Time left: 300 sec this turn | 300 sec total | 5 sec grace\n|\n|t:|1783534989\n|switch|p2a: Ditto|Ditto, L87|197/225\n|-damage|p2a: Ditto|169/225|[from] Stealth Rock\n|-transform|p2a: Ditto|p1a: Sandslash|[from] ability: Imposter\n|turn|26\n|inactive|Time left: 300 sec this turn | 300 sec total\n|\n|t:|1783534991\n|switch|p1a: Heatran|Heatran, L79, M|18/100\n|move|p2a: Ditto|Swords Dance|p2a: Ditto\n|-boost|p2a: Ditto|atk|2\n|\n|-weather|none\n|upkeep\n|turn|27\n|inactive|Time left: 300 sec this turn | 300 sec total\n|\n|t:|1783534991\n|move|p2a: Ditto|Swords Dance|p2a: Ditto\n|-boost|p2a: Ditto|atk|2\n|move|p1a: Heatran|Lava Plume|p2a: Ditto\n|-supereffective|p2a: Ditto\n|-damage|p2a: Ditto|0 fnt\n|faint|p2a: Ditto\n|\n|win|p0x103134e", "uploadtime": 1783534991, "views": 0, "rating": 0, "private": 0, "password": null, "_winner": "p0x103134e", "_our_name": "p0y1031d0a"}