{"id": "battle-gen9randombattle-2689", "formatid": "gen9randombattle", "format": "[Gen 9] Random Battle", "players": ["p0x2689f427", "p0y26893824"], "log": "|init|battle\n|title|p0x2689f427 vs. p0y26893824\n|j|\u2606p0x2689f427\n|j|\u2606p0y26893824\n|t:|1783570020\n|gametype|singles\n|player|p1|p0x2689f427|266|\n|player|p2|p0y26893824|101|\n|gen|9\n|tier|[Gen 9] Random Battle\n|rule|Species Clause: Limit one of each Pok\u00e9mon\n|rule|HP Percentage Mod: HP is shown in percentages\n|rule|Sleep Clause Mod: Limit one foe put to sleep\n|rule|Illusion Level Mod: Illusion disguises the Pok\u00e9mon's true level\n|\n|t:|1783570020\n|teamsize|p1|6\n|teamsize|p2|6\n|start\n|switch|p1a: Klawf|Klawf, L90, M|272/272\n|switch|p2a: Avalugg|Avalugg-Hisui, L90, M|100/100\n|turn|1\n|inactive|Battle timer is ON: inactive players will automatically lose when time's up. (requested by p0x2689f427)\n|inactive|p0y26893824 also wants the timer to be on.\n|\n|t:|1783570022\n|move|p1a: Klawf|Swords Dance|p1a: Klawf\n|-boost|p1a: Klawf|atk|2\n|move|p2a: Avalugg|Body Press|p1a: Klawf\n|-supereffective|p1a: Klawf\n|-damage|p1a: Klawf|114/272\n|-ability|p1a: Klawf|Anger Shell|boost\n|-boost|p1a: Klawf|atk|1\n|-boost|p1a: Klawf|spa|1\n|-boost|p1a: Klawf|spe|1\n|-unboost|p1a: Klawf|def|1\n|-unboost|p1a: Klawf|spd|1\n|-enditem|p1a: Klawf|Sitrus Berry|[eat]\n|-heal|p1a: Klawf|182/272|[from] item: Sitrus Berry\n|\n|upkeep\n|turn|2\n|inactive|Time left: 300 sec this turn | 300 sec total\n|\n|t:|1783570023\n|move|p1a: Klawf|Stone Edge|p2a: Avalugg\n|-supereffective|p2a: Avalugg\n|-damage|p2a: Avalugg|7/100\n|move|p2a: Avalugg|Body Press|p1a: Klawf\n|-supereffective|p1a: Klawf\n|-crit|p1a: Klawf\n|-damage|p1a: Klawf|0 fnt\n|faint|p1a: Klawf\n|\n|upkeep\n|inactive|Time left: 300 sec this turn | 300 sec total | 5 sec grace\n|\n|t:|1783570024\n|switch|p1a: Pecharunt|Pecharunt, L77|262/262\n|turn|3\n|inactive|Time left: 300 sec this turn | 300 sec total\n|\n|t:|1783570026\n|move|p1a: Pecharunt|Malignant Chain|p2a: Avalugg\n|-resisted|p2a: Avalugg\n|-damage|p2a: Avalugg|0 fnt\n|faint|p2a: Avalugg\n|\n|upkeep\n|\n|t:|1783570026\n|switch|p2a: Rotom|Rotom-Fan, L86|100/100\n|turn|4\n|inactive|Time left: 300 sec this turn | 300 sec total\n|\n|t:|1783570027\n|move|p2a: Rotom|Thunderbolt|p1a: Pecharunt\n|-damage|p1a: Pecharunt|147/262\n|move|p1a: Pecharunt|Parting Shot|p2a: Rotom\n|-unboost|p2a: Rotom|atk|1\n|-unboost|p2a: Rotom|spa|1\n|inactive|Time left: 300 sec this turn | 300 sec total | 5 sec grace\n|\n|t:|1783570028\n|switch|p1a: Copperajah|Copperajah, L86, M|350/350|[from] Parting Shot\n|\n|upkeep\n|turn|5\n|inactive|Time left: 300 sec this turn | 300 sec total\n|\n|t:|1783570030\n|move|p2a: Rotom|Will-O-Wisp|p1a: Copperajah\n|-status|p1a: Copperajah|brn\n|move|p1a: Copperajah|Iron Head|p2a: Rotom\n|-resisted|p2a: Rotom\n|-damage|p2a: Rotom|83/100\n|\n|-damage|p1a: Copperajah|329/350 brn|[from] brn\n|upkeep\n|turn|6\n|inactive|Time left: 300 sec this turn | 300 sec total\n|\n|t:|1783570031\n|switch|p2a: Chimecho|Chimecho, L93, M|100/100\n|move|p1a: Copperajah|Stealth Rock|p2a: Chimecho\n|-sidestart|p2: p0y26893824|move: Stealth Rock\n|\n|-damage|p1a: Copperajah|308/350 brn|[from] brn\n|upkeep\n|turn|7\n|inactive|Time left: 300 sec this turn | 300 sec total\n|\n|t:|1783570032\n|move|p2a: Chimecho|Calm Mind|p2a: Chimecho\n|-boost|p2a: Chimecho|spa|1\n|-boost|p2a: Chimecho|spd|1\n|move|p1a: Copperajah|Play Rough|p2a: Chimecho\n|-damage|p2a: Chimecho|77/100\n|\n|-heal|p2a: Chimecho|83/100|[from] item: Leftovers\n|-damage|p1a: Copperajah|287/350 brn|[from] brn\n|upkeep\n|turn|8\n|inactive|Time left: 300 sec this turn | 300 sec total\n|\n|t:|1783570033\n|move|p2a: Chimecho|Calm Mind|p2a: Chimecho\n|-boost|p2a: Chimecho|spa|1\n|-boost|p2a: Chimecho|spd|1\n|move|p1a: Copperajah|Iron Head|p2a: Chimecho\n|-damage|p2a: Chimecho|50/100\n|\n|-heal|p2a: Chimecho|57/100|[from] item: Leftovers\n|-damage|p1a: Copperajah|266/350 brn|[from] brn\n|upkeep\n|turn|9\n|inactive|Time left: 300 sec this turn | 300 sec total\n|\n|t:|1783570034\n|move|p2a: Chimecho|Recover|p2a: Chimecho\n|-heal|p2a: Chimecho|100/100\n|move|p1a: Copperajah|Iron Head|p2a: Chimecho\n|-damage|p2a: Chimecho|68/100\n|\n|-heal|p2a: Chimecho|74/100|[from] item: Leftovers\n|-damage|p1a: Copperajah|245/350 brn|[from] brn\n|upkeep\n|turn|10\n|inactive|Time left: 300 sec this turn | 300 sec total\n|\n|t:|1783570035\n|move|p2a: Chimecho|Psyshock|p1a: Copperajah\n|-resisted|p1a: Copperajah\n|-damage|p1a: Copperajah|121/350 brn\n|move|p1a: Copperajah|Iron Head|p2a: Chimecho\n|-damage|p2a: Chimecho|43/100\n|\n|-heal|p2a: Chimecho|49/100|[from] item: Leftovers\n|-damage|p1a: Copperajah|100/350 brn|[from] brn\n|upkeep\n|turn|11\n|inactive|Time left: 300 sec this turn | 300 sec total\n|\n|t:|1783570036\n|move|p2a: Chimecho|Recover|p2a: Chimecho\n|-heal|p2a: Chimecho|99/100\n|move|p1a: Copperajah|Rock Slide|p2a: Chimecho\n|-damage|p2a: Chimecho|79/100\n|\n|-heal|p2a: Chimecho|85/100|[from] item: Leftovers\n|-damage|p1a: Copperajah|79/350 brn|[from] brn\n|upkeep\n|turn|12\n|inactive|Time left: 300 sec this turn | 300 sec total\n|\n|t:|1783570037\n|move|p2a: Chimecho|Psyshock|p1a: Copperajah\n|-resisted|p1a: Copperajah\n|-damage|p1a: Copperajah|0 fnt\n|faint|p1a: Copperajah\n|\n|-heal|p2a: Chimecho|92/100|[from] item: Leftovers\n|upkeep\n|inactive|Time left: 300 sec this turn | 300 sec total | 5 sec grace\n|\n|t:|1783570038\n|switch|p1a: Pecharunt|Pecharunt, L77|147/262\n|turn|13\n|inactive|Time left: 300 sec this turn | 300 sec total\n|\n|t:|1783570039\n|move|p1a: Pecharunt|Parting Shot|p2a: Chimecho\n|-unboost|p2a: Chimecho|atk|1\n|-unboost|p2a: Chimecho|spa|1\n|inactive|Time left: 300 sec this turn | 300 sec total | 5 sec grace\n|\n|t:|1783570040\n|switch|p1a: Vespiquen|Vespiquen, L99, F|299/299|[from] Parting Shot\n|-ability|p1a: Vespiquen|Pressure\n|move|p2a: Chimecho|Psyshock|p1a: Vespiquen\n|-damage|p1a: Vespiquen|178/299\n|\n|-heal|p2a: Chimecho|98/100|[from] item: Leftovers\n|upkeep\n|turn|14\n|inactive|Time left: 300 sec this turn | 300 sec total\n|\n|t:|1783570041\n|move|p2a: Chimecho|Calm Mind|p2a: Chimecho\n|-boost|p2a: Chimecho|spa|1\n|-boost|p2a: Chimecho|spd|1\n|move|p1a: Vespiquen|Roost|p1a: Vespiquen\n|-heal|p1a: Vespiquen|299/299\n|-singleturn|p1a: Vespiquen|move: Roost\n|\n|-heal|p2a: Chimecho|100/100|[from] item: Leftovers\n|upkeep\n|turn|15\n|inactive|Time left: 300 sec this turn | 300 sec total\n|\n|t:|1783570042\n|move|p2a: Chimecho|Psyshock|p1a: Vespiquen\n|-damage|p1a: Vespiquen|136/299\n|move|p1a: Vespiquen|Roost|p1a: Vespiquen\n|-heal|p1a: Vespiquen|286/299\n|-singleturn|p1a: Vespiquen|move: Roost\n|\n|upkeep\n|turn|16\n|inactive|Time left: 300 sec this turn | 300 sec total\n|\n|t:|1783570043\n|move|p2a: Chimecho|Psyshock|p1a: Vespiquen\n|-damage|p1a: Vespiquen|124/299\n|move|p1a: Vespiquen|Toxic|p2a: Chimecho\n|-status|p2a: Chimecho|tox\n|\n|-damage|p2a: Chimecho|94/100 tox|[from] psn\n|upkeep\n|turn|17\n|inactive|Time left: 300 sec this turn | 300 sec total\n|\n|t:|1783570044\n|-terastallize|p1a: Vespiquen|Steel\n|move|p2a: Chimecho|Psyshock|p1a: Vespiquen\n|-resisted|p1a: Vespiquen\n|-damage|p1a: Vespiquen|40/299\n|move|p1a: Vespiquen|Roost|p1a: Vespiquen\n|-heal|p1a: Vespiquen|190/299\n|\n|-heal|p2a: Chimecho|100/100 tox|[from] item: Leftovers\n|-damage|p2a: Chimecho|88/100 tox|[from] psn\n|upkeep\n|turn|18\n|inactive|Time left: 300 sec this turn | 300 sec total\n|\n|t:|1783570045\n|move|p2a: Chimecho|Psyshock|p1a: Vespiquen\n|-resisted|p1a: Vespiquen\n|-damage|p1a: Vespiquen|117/299\n|move|p1a: Vespiquen|Roost|p1a: Vespiquen\n|-heal|p1a: Vespiquen|267/299\n|\n|-heal|p2a: Chimecho|94/100 tox|[from] item: Leftovers\n|-damage|p2a: Chimecho|76/100 tox|[from] psn\n|upkeep\n|turn|19\n|inactive|Time left: 300 sec this turn | 300 sec total\n|\n|t:|1783570046\n|move|p2a: Chimecho|Recover|p2a: Chimecho\n|-heal|p2a: Chimecho|100/100 tox\n|move|p1a: Vespiquen|Spikes|p2a: Chimecho\n|-sidestart|p2: p0y26893824|Spikes\n|\n|-damage|p2a: Chimecho|76/100 tox|[from] psn\n|upkeep\n|turn|20\n|inactive|Time left: 300 sec this turn | 300 sec total\n|\n|t:|1783570047\n|move|p2a: Chimecho|Recover|p2a: Chimecho\n|-heal|p2a: Chimecho|100/100 tox\n|move|p1a: Vespiquen|Spikes|p2a: Chimecho\n|-sidestart|p2: p0y26893824|Spikes\n|\n|-damage|p2a: Chimecho|69/100 tox|[from] psn\n|upkeep\n|turn|21\n|inactive|Time left: 300 sec this turn | 300 sec total\n|\n|t:|1783570048\n|move|p2a: Chimecho|Recover|p2a: Chimecho\n|-heal|p2a: Chimecho|100/100 tox\n|move|p1a: Vespiquen|Spikes|p2a: Chimecho\n|-sidestart|p2: p0y26893824|Spikes\n|\n|-damage|p2a: Chimecho|63/100 tox|[from] psn\n|upkeep\n|turn|22\n|inactive|Time left: 300 sec this turn | 300 sec total\n|\n|t:|1783570049\n|move|p2a: Chimecho|Psyshock|p1a: Vespiquen\n|-resisted|p1a: Vespiquen\n|-damage|p1a: Vespiquen|192/299\n|move|p1a: Vespiquen|Hurricane|p2a: Chimecho|[miss]\n|-miss|p1a: Vespiquen|p2a: Chimecho\n|\n|-heal|p2a: Chimecho|69/100 tox|[from] item: Leftovers\n|-damage|p2a: Chimecho|26/100 tox|[from] psn\n|upkeep\n|turn|23\n|inactive|Time left: 300 sec this turn | 300 sec total\n|\n|t:|1783570050\n|move|p2a: Chimecho|Recover|p2a: Chimecho\n|-heal|p2a: Chimecho|76/100 tox\n|move|p1a: Vespiquen|Roost|p1a: Vespiquen\n|-heal|p1a: Vespiquen|299/299\n|\n|-heal|p2a: Chimecho|82/100 tox|[from] item: Leftovers\n|-damage|p2a: Chimecho|33/100 tox|[from] psn\n|upkeep\n|turn|24\n|inactive|Time left: 300 sec this turn | 300 sec total\n|\n|t:|1783570051\n|switch|p2a: Glalie|Glalie, L96, F|100/100\n|move|p1a: Vespiquen|Hurricane|p2a: Glalie\n|-damage|p2a: Glalie|61/100\n|\n|upkeep\n|turn|25\n|inactive|Time left: 300 sec this turn | 300 sec total\n|\n|t:|1783570052\n|move|p2a: Glalie|Earthquake|p1a: Vespiquen\n|-supereffective|p1a: Vespiquen\n|-damage|p1a: Vespiquen|183/299\n|move|p1a: Vespiquen|Hurricane|p2a: Glalie\n|-damage|p2a: Glalie|20/100\n|\n|upkeep\n|turn|26\n|inactive|Time left: 300 sec this turn | 300 sec total\n|\n|t:|1783570053\n|move|p2a: Glalie|Earthquake|p1a: Vespiquen\n|-supereffective|p1a: Vespiquen\n|-damage|p1a: Vespiquen|61/299\n|move|p1a: Vespiquen|Hurricane|p2a: Glalie\n|-damage|p2a: Glalie|0 fnt\n|faint|p2a: Glalie\n|\n|upkeep\n|\n|t:|1783570054\n|switch|p2a: Rotom|Rotom-Fan, L86|83/100\n|turn|27\n|inactive|Time left: 300 sec this turn | 300 sec total\n|\n|t:|1783570055\n|switch|p1a: Latios|Latios, L78, M|253/253\n|move|p2a: Rotom|Thunderbolt|p1a: Latios\n|-resisted|p1a: Latios\n|-crit|p1a: Latios\n|-damage|p1a: Latios|185/253\n|\n|upkeep\n|turn|28\n|inactive|Time left: 300 sec this turn | 300 sec total\n|\n|t:|1783570056\n|move|p1a: Latios|Luster Purge|p2a: Rotom\n|-damage|p2a: Rotom|35/100\n|-unboost|p2a: Rotom|spd|1\n|move|p2a: Rotom|Air Slash|p1a: Latios\n|-damage|p1a: Latios|103/253\n|\n|upkeep\n|turn|29\n|inactive|Time left: 300 sec this turn | 300 sec total\n|\n|t:|1783570057\n|switch|p2a: Chimecho|Chimecho, L93, M|33/100 tox\n|-damage|p2a: Chimecho|20/100 tox|[from] Stealth Rock\n|move|p1a: Latios|Luster Purge|p2a: Chimecho\n|-resisted|p2a: Chimecho\n|-damage|p2a: Chimecho|0 fnt\n|faint|p2a: Chimecho\n|\n|upkeep\n|\n|t:|1783570057\n|switch|p2a: Iron Boulder|Iron Boulder, L77|100/100\n|-damage|p2a: Iron Boulder|88/100|[from] Stealth Rock\n|-damage|p2a: Iron Boulder|63/100|[from] Spikes\n|turn|30\n|inactive|Time left: 300 sec this turn | 300 sec total\n|\n|t:|1783570058\n|move|p2a: Iron Boulder|Swords Dance|p2a: Iron Boulder\n|-boost|p2a: Iron Boulder|atk|2\n|move|p1a: Latios|Draco Meteor|p2a: Iron Boulder\n|-damage|p2a: Iron Boulder|0 fnt\n|-unboost|p1a: Latios|spa|2\n|faint|p2a: Iron Boulder\n|-end|p2a: Iron Boulder|Quark Drive|[silent]\n|\n|upkeep\n|\n|t:|1783570059\n|switch|p2a: Rotom|Rotom-Fan, L86|35/100\n|turn|31\n|inactive|Time left: 300 sec this turn | 300 sec total\n|\n|t:|1783570060\n|move|p1a: Latios|Draco Meteor|p2a: Rotom\n|-damage|p2a: Rotom|4/100\n|-unboost|p1a: Latios|spa|2\n|move|p2a: Rotom|Thunderbolt|p1a: Latios\n|-resisted|p1a: Latios\n|-damage|p1a: Latios|51/253\n|\n|upkeep\n|turn|32\n|inactive|Time left: 300 sec this turn | 300 sec total\n|\n|t:|1783570061\n|move|p1a: Latios|Luster Purge|p2a: Rotom\n|-damage|p2a: Rotom|0 fnt\n|faint|p2a: Rotom\n|\n|upkeep\n|\n|t:|1783570063\n|switch|p2a: Banette|Banette, L93, F|100/100\n|-damage|p2a: Banette|88/100|[from] Stealth Rock\n|-damage|p2a: Banette|63/100|[from] Spikes\n|turn|33\n|inactive|Time left: 300 sec this turn | 300 sec total\n|\n|t:|1783570063\n|move|p1a: Latios|Luster Purge|p2a: Banette\n|-damage|p2a: Banette|42/100\n|-unboost|p2a: Banette|spd|1\n|move|p2a: Banette|Poltergeist|p1a: Latios\n|-activate|p1a: Latios|move: Poltergeist|Soul Dew\n|-supereffective|p1a: Latios\n|-damage|p1a: Latios|0 fnt\n|faint|p1a: Latios\n|-damage|p2a: Banette|32/100|[from] item: Life Orb\n|\n|upkeep\n|inactive|Time left: 300 sec this turn | 300 sec total | 5 sec grace\n|\n|t:|1783570064\n|switch|p1a: Arceus|Arceus-Grass, L73|296/296\n|turn|34\n|inactive|Time left: 300 sec this turn | 300 sec total\n|\n|t:|1783570065\n|move|p2a: Banette|Shadow Sneak|p1a: Arceus\n|-damage|p1a: Arceus|222/296\n|-damage|p2a: Banette|22/100|[from] item: Life Orb\n|move|p1a: Arceus|Judgment|p2a: Banette\n|-damage|p2a: Banette|0 fnt\n|faint|p2a: Banette\n|\n|win|p0x2689f427", "uploadtime": 1783570065, "views": 0, "rating": 0, "private": 0, "password": null, "_winner": "p0x2689f427", "_our_name": "p0x2689f427"}