{"id": "battle-gen9randombattle-78", "formatid": "gen9randombattle", "format": "[Gen 9] Random Battle", "players": ["p0x07863fe", "p0y0784348"], "log": "|init|battle\n|title|p0x07863fe vs. p0y0784348\n|j|\u2606p0x07863fe\n|j|\u2606p0y0784348\n|t:|1783540091\n|gametype|singles\n|player|p1|p0x07863fe|1|\n|player|p2|p0y0784348|102|\n|gen|9\n|tier|[Gen 9] Random Battle\n|rule|Species Clause: Limit one of each Pok\u00e9mon\n|rule|HP Percentage Mod: HP is shown in percentages\n|rule|Sleep Clause Mod: Limit one foe put to sleep\n|rule|Illusion Level Mod: Illusion disguises the Pok\u00e9mon's true level\n|\n|t:|1783540091\n|teamsize|p1|6\n|teamsize|p2|6\n|start\n|switch|p1a: Virizion|Virizion, L82|283/283\n|switch|p2a: Tentacruel|Tentacruel, L84, F|100/100\n|turn|1\n|inactive|Battle timer is ON: inactive players will automatically lose when time's up. (requested by p0x07863fe)\n|inactive|p0y0784348 also wants the timer to be on.\n|\n|t:|1783540092\n|move|p1a: Virizion|Swords Dance|p1a: Virizion\n|-boost|p1a: Virizion|atk|2\n|move|p2a: Tentacruel|Sludge Bomb|p1a: Virizion\n|-supereffective|p1a: Virizion\n|-damage|p1a: Virizion|151/283\n|\n|upkeep\n|turn|2\n|inactive|Time left: 300 sec this turn | 300 sec total\n|\n|t:|1783540094\n|move|p1a: Virizion|Leaf Blade|p2a: Tentacruel\n|-damage|p2a: Tentacruel|4/100\n|-damage|p1a: Virizion|123/283|[from] item: Life Orb\n|move|p2a: Tentacruel|Sludge Bomb|p1a: Virizion\n|-supereffective|p1a: Virizion\n|-damage|p1a: Virizion|0 fnt\n|faint|p1a: Virizion\n|\n|upkeep\n|inactive|Time left: 300 sec this turn | 300 sec total | 5 sec grace\n|\n|t:|1783540095\n|switch|p1a: Mismagius|Mismagius, L86, F|243/243\n|turn|3\n|inactive|Time left: 300 sec this turn | 300 sec total\n|\n|t:|1783540096\n|switch|p2a: Eelektross|Eelektross, L87, M|100/100\n|move|p1a: Mismagius|Shadow Ball|p2a: Eelektross\n|-damage|p2a: Eelektross|79/100\n|\n|upkeep\n|turn|4\n|inactive|Time left: 300 sec this turn | 300 sec total\n|\n|t:|1783540097\n|move|p1a: Mismagius|Nasty Plot|p1a: Mismagius\n|-boost|p1a: Mismagius|spa|2\n|move|p2a: Eelektross|Discharge|p1a: Mismagius\n|-damage|p1a: Mismagius|164/243\n|-status|p1a: Mismagius|par\n|\n|-heal|p1a: Mismagius|179/243 par|[from] item: Leftovers\n|upkeep\n|turn|5\n|inactive|Time left: 300 sec this turn | 300 sec total\n|\n|t:|1783540098\n|move|p2a: Eelektross|Discharge|p1a: Mismagius\n|-damage|p1a: Mismagius|100/243 par\n|move|p1a: Mismagius|Shadow Ball|p2a: Eelektross\n|-damage|p2a: Eelektross|31/100\n|\n|-heal|p1a: Mismagius|115/243 par|[from] item: Leftovers\n|upkeep\n|turn|6\n|inactive|Time left: 300 sec this turn | 300 sec total\n|\n|t:|1783540099\n|move|p2a: Eelektross|Discharge|p1a: Mismagius\n|-damage|p1a: Mismagius|39/243 par\n|move|p1a: Mismagius|Shadow Ball|p2a: Eelektross\n|-damage|p2a: Eelektross|0 fnt\n|faint|p2a: Eelektross\n|\n|-heal|p1a: Mismagius|54/243 par|[from] item: Leftovers\n|upkeep\n|\n|t:|1783540100\n|switch|p2a: Banette|Banette, L93, M|100/100\n|turn|7\n|inactive|Time left: 300 sec this turn | 300 sec total\n|\n|t:|1783540100\n|move|p2a: Banette|Poltergeist|p1a: Mismagius\n|-activate|p1a: Mismagius|move: Poltergeist|Leftovers\n|-supereffective|p1a: Mismagius\n|-damage|p1a: Mismagius|0 fnt\n|faint|p1a: Mismagius\n|-damage|p2a: Banette|90/100|[from] item: Life Orb\n|\n|upkeep\n|inactive|Time left: 300 sec this turn | 300 sec total | 5 sec grace\n|\n|t:|1783540101\n|switch|p1a: Shiftry|Shiftry, L89, M|305/305\n|turn|8\n|inactive|Time left: 300 sec this turn | 300 sec total\n|\n|t:|1783540102\n|switch|p2a: Magearna|Magearna, L77|100/100\n|move|p1a: Shiftry|Knock Off|p2a: Magearna\n|-resisted|p2a: Magearna\n|-damage|p2a: Magearna|72/100\n|-enditem|p2a: Magearna|Leftovers|[from] move: Knock Off|[of] p1a: Shiftry\n|-damage|p1a: Shiftry|275/305|[from] item: Life Orb\n|\n|upkeep\n|turn|9\n|inactive|Time left: 300 sec this turn | 300 sec total\n|\n|t:|1783540103\n|switch|p1a: Copperajah|Copperajah, L86, M|349/349\n|move|p2a: Magearna|Fleur Cannon|p1a: Copperajah\n|-resisted|p1a: Copperajah\n|-damage|p1a: Copperajah|260/349\n|-unboost|p2a: Magearna|spa|2\n|\n|upkeep\n|turn|10\n|inactive|Time left: 300 sec this turn | 300 sec total\n|\n|t:|1783540104\n|switch|p2a: Tentacruel|Tentacruel, L84, F|4/100\n|move|p1a: Copperajah|Heavy Slam|p2a: Tentacruel\n|-resisted|p2a: Tentacruel\n|-damage|p2a: Tentacruel|0 fnt\n|faint|p2a: Tentacruel\n|\n|upkeep\n|\n|t:|1783540105\n|switch|p2a: Banette|Banette, L93, M|90/100\n|turn|11\n|inactive|Time left: 300 sec this turn | 300 sec total\n|\n|t:|1783540106\n|-terastallize|p2a: Banette|Ghost\n|move|p2a: Banette|Poltergeist|p1a: Copperajah\n|-activate|p1a: Copperajah|move: Poltergeist|Choice Band\n|-damage|p1a: Copperajah|0 fnt\n|faint|p1a: Copperajah\n|-damage|p2a: Banette|80/100|[from] item: Life Orb\n|\n|upkeep\n|inactive|Time left: 300 sec this turn | 300 sec total | 5 sec grace\n|\n|t:|1783540107\n|switch|p1a: Shiftry|Shiftry, L89, M|275/305\n|turn|12\n|inactive|Time left: 300 sec this turn | 300 sec total\n|\n|t:|1783540108\n|switch|p2a: Magearna|Magearna, L77|72/100\n|move|p1a: Shiftry|Knock Off|p2a: Magearna\n|-resisted|p2a: Magearna\n|-damage|p2a: Magearna|53/100\n|-damage|p1a: Shiftry|245/305|[from] item: Life Orb\n|\n|upkeep\n|turn|13\n|inactive|Time left: 300 sec this turn | 300 sec total\n|\n|t:|1783540109\n|switch|p1a: Ting-Lu|Ting-Lu, L78|370/370\n|-ability|p1a: Ting-Lu|Vessel of Ruin\n|move|p2a: Magearna|Fleur Cannon|p1a: Ting-Lu\n|-supereffective|p1a: Ting-Lu\n|-damage|p1a: Ting-Lu|200/370\n|-unboost|p2a: Magearna|spa|2\n|\n|upkeep\n|turn|14\n|inactive|Time left: 300 sec this turn | 300 sec total\n|\n|t:|1783540110\n|switch|p2a: Arboliva|Arboliva, L91, F|100/100\n|move|p1a: Ting-Lu|Ruination|p2a: Arboliva\n|-damage|p2a: Arboliva|50/100\n|-enditem|p2a: Arboliva|Sitrus Berry|[eat]\n|-heal|p2a: Arboliva|75/100|[from] item: Sitrus Berry\n|\n|upkeep\n|turn|15\n|inactive|Time left: 300 sec this turn | 300 sec total\n|\n|t:|1783540111\n|move|p2a: Arboliva|Leech Seed|p1a: Ting-Lu\n|-start|p1a: Ting-Lu|move: Leech Seed\n|move|p1a: Ting-Lu|Ruination|p2a: Arboliva\n|-damage|p2a: Arboliva|38/100\n|\n|-damage|p1a: Ting-Lu|154/370|[from] Leech Seed|[of] p2a: Arboliva\n|-heal|p2a: Arboliva|54/100|[silent]\n|upkeep\n|turn|16\n|inactive|Time left: 300 sec this turn | 300 sec total\n|\n|t:|1783540112\n|switch|p1a: Kleavor|Kleavor, L78, F|237/237\n|move|p2a: Arboliva|Hyper Voice|p1a: Kleavor\n|-resisted|p1a: Kleavor\n|-damage|p1a: Kleavor|145/237\n|\n|-item|p2a: Arboliva|Sitrus Berry|[from] ability: Harvest\n|upkeep\n|turn|17\n|inactive|Time left: 300 sec this turn | 300 sec total\n|\n|t:|1783540114\n|switch|p2a: Magearna|Magearna, L77|53/100\n|move|p1a: Kleavor|Swords Dance|p1a: Kleavor\n|-boost|p1a: Kleavor|atk|2\n|\n|upkeep\n|turn|18\n|inactive|Time left: 300 sec this turn | 300 sec total\n|\n|t:|1783540115\n|-terastallize|p1a: Kleavor|Rock\n|move|p1a: Kleavor|Stone Axe|p2a: Magearna\n|-resisted|p2a: Magearna\n|-damage|p2a: Magearna|0 fnt\n|-sidestart|p2: p0y0784348|move: Stealth Rock\n|faint|p2a: Magearna\n|\n|upkeep\n|\n|t:|1783540116\n|switch|p2a: Arboliva|Arboliva, L91, F|54/100\n|-damage|p2a: Arboliva|41/100|[from] Stealth Rock\n|-enditem|p2a: Arboliva|Sitrus Berry|[eat]\n|-heal|p2a: Arboliva|66/100|[from] item: Sitrus Berry\n|turn|19\n|inactive|Time left: 300 sec this turn | 300 sec total\n|\n|t:|1783540117\n|move|p2a: Arboliva|Protect|p2a: Arboliva\n|-singleturn|p2a: Arboliva|Protect\n|move|p1a: Kleavor|Stone Axe|p2a: Arboliva\n|-activate|p2a: Arboliva|move: Protect\n|\n|upkeep\n|turn|20\n|inactive|Time left: 300 sec this turn | 300 sec total\n|\n|t:|1783540118\n|move|p2a: Arboliva|Protect||[still]\n|-fail|p2a: Arboliva\n|move|p1a: Kleavor|Stone Axe|p2a: Arboliva\n|-damage|p2a: Arboliva|0 fnt\n|faint|p2a: Arboliva\n|\n|upkeep\n|\n|t:|1783540119\n|switch|p2a: Rabsca|Rabsca, L91, F|100/100\n|turn|21\n|inactive|Time left: 300 sec this turn | 300 sec total\n|\n|t:|1783540120\n|move|p1a: Kleavor|Stone Axe|p2a: Rabsca\n|-supereffective|p2a: Rabsca\n|-damage|p2a: Rabsca|0 fnt\n|faint|p2a: Rabsca\n|\n|upkeep\n|\n|t:|1783540121\n|switch|p2a: Banette|Banette, L93, M, tera:Ghost|80/100\n|-damage|p2a: Banette|68/100|[from] Stealth Rock\n|turn|22\n|inactive|Time left: 300 sec this turn | 300 sec total\n|\n|t:|1783540122\n|move|p1a: Kleavor|X-Scissor|p2a: Banette\n|-resisted|p2a: Banette\n|-damage|p2a: Banette|12/100\n|move|p2a: Banette|Gunk Shot|p1a: Kleavor\n|-resisted|p1a: Kleavor\n|-damage|p1a: Kleavor|70/237\n|-damage|p2a: Banette|2/100|[from] item: Life Orb\n|\n|upkeep\n|turn|23\n|inactive|Time left: 300 sec this turn | 300 sec total\n|\n|t:|1783540123\n|move|p1a: Kleavor|Stone Axe|p2a: Banette\n|-damage|p2a: Banette|0 fnt\n|faint|p2a: Banette\n|\n|win|p0x07863fe", "uploadtime": 1783540123, "views": 0, "rating": 0, "private": 0, "password": null, "_winner": "p0x07863fe", "_our_name": "p0x07863fe"}