{"id": "battle-gen9randombattle-1723", "formatid": "gen9randombattle", "format": "[Gen 9] Random Battle", "players": ["p0x1723f23f", "p0y172375c4"], "log": "|init|battle\n|title|p0x1723f23f vs. p0y172375c4\n|j|\u2606p0x1723f23f\n|j|\u2606p0y172375c4\n|t:|1783559938\n|gametype|singles\n|player|p1|p0x1723f23f|169|\n|player|p2|p0y172375c4|169|\n|gen|9\n|tier|[Gen 9] Random Battle\n|rule|Species Clause: Limit one of each Pok\u00e9mon\n|rule|HP Percentage Mod: HP is shown in percentages\n|rule|Sleep Clause Mod: Limit one foe put to sleep\n|rule|Illusion Level Mod: Illusion disguises the Pok\u00e9mon's true level\n|\n|t:|1783559938\n|teamsize|p1|6\n|teamsize|p2|6\n|start\n|switch|p1a: Cacturne|Cacturne, L92, F|100/100\n|switch|p2a: Tropius|Tropius, L91, F|328/328\n|turn|1\n|inactive|Battle timer is ON: inactive players will automatically lose when time's up. (requested by p0x1723f23f)\n|inactive|Time left: 300 sec this turn | 300 sec total | 60 sec grace\n|inactive|p0y172375c4 also wants the timer to be on.\n|\n|t:|1783559940\n|move|p1a: Cacturne|Swords Dance|p1a: Cacturne\n|-boost|p1a: Cacturne|atk|2\n|move|p2a: Tropius|Air Slash|p1a: Cacturne\n|-supereffective|p1a: Cacturne\n|-damage|p1a: Cacturne|40/100\n|\n|upkeep\n|turn|2\n|inactive|Time left: 300 sec this turn | 300 sec total\n|\n|t:|1783559941\n|move|p2a: Tropius|Protect|p2a: Tropius\n|-singleturn|p2a: Tropius|Protect\n|move|p1a: Cacturne|Knock Off|p2a: Tropius\n|-activate|p2a: Tropius|move: Protect\n|\n|upkeep\n|turn|3\n|inactive|Time left: 300 sec this turn | 300 sec total\n|\n|t:|1783559942\n|move|p2a: Tropius|Protect||[still]\n|-fail|p2a: Tropius\n|move|p1a: Cacturne|Knock Off|p2a: Tropius\n|-damage|p2a: Tropius|8/328\n|-enditem|p2a: Tropius|Sitrus Berry|[from] move: Knock Off|[of] p1a: Cacturne\n|-damage|p1a: Cacturne|30/100|[from] item: Life Orb\n|\n|upkeep\n|turn|4\n|inactive|Time left: 300 sec this turn | 300 sec total\n|\n|t:|1783559943\n|move|p1a: Cacturne|Knock Off|p2a: Tropius\n|-damage|p2a: Tropius|0 fnt\n|faint|p2a: Tropius\n|-damage|p1a: Cacturne|21/100|[from] item: Life Orb\n|\n|upkeep\n|inactive|Time left: 300 sec this turn | 300 sec total | 5 sec grace\n|\n|t:|1783559944\n|switch|p2a: Weezing|Weezing, L88, F|258/258\n|turn|5\n|inactive|Time left: 300 sec this turn | 300 sec total\n|\n|t:|1783559945\n|move|p2a: Weezing|Sludge Bomb|p1a: Cacturne\n|-supereffective|p1a: Cacturne\n|-damage|p1a: Cacturne|0 fnt\n|faint|p1a: Cacturne\n|\n|upkeep\n|\n|t:|1783559946\n|switch|p1a: Chandelure|Chandelure, L83, F|100/100\n|turn|6\n|inactive|Time left: 300 sec this turn | 300 sec total\n|\n|t:|1783559947\n|move|p1a: Chandelure|Fire Blast|p2a: Weezing\n|-damage|p2a: Weezing|66/258\n|move|p2a: Weezing|Sludge Bomb|p1a: Chandelure\n|-resisted|p1a: Chandelure\n|-damage|p1a: Chandelure|80/100\n|\n|-heal|p2a: Weezing|82/258|[from] item: Leftovers\n|upkeep\n|turn|7\n|inactive|Time left: 300 sec this turn | 300 sec total\n|\n|t:|1783559948\n|switch|p2a: Manaphy|Manaphy, L78|284/284\n|move|p1a: Chandelure|Shadow Ball|p2a: Manaphy\n|-damage|p2a: Manaphy|172/284\n|-unboost|p2a: Manaphy|spd|1\n|\n|-heal|p2a: Manaphy|189/284|[from] item: Leftovers\n|upkeep\n|turn|8\n|inactive|Time left: 300 sec this turn | 300 sec total\n|\n|t:|1783559949\n|-terastallize|p2a: Manaphy|Water\n|move|p2a: Manaphy|Surf|p1a: Chandelure\n|-supereffective|p1a: Chandelure\n|-damage|p1a: Chandelure|0 fnt\n|faint|p1a: Chandelure\n|\n|-heal|p2a: Manaphy|206/284|[from] item: Leftovers\n|upkeep\n|\n|t:|1783559949\n|switch|p1a: Gallade|Gallade, L80, M|100/100\n|turn|9\n|inactive|Time left: 300 sec this turn | 300 sec total\n|\n|t:|1783559950\n|move|p2a: Manaphy|Surf|p1a: Gallade\n|-damage|p1a: Gallade|58/100\n|move|p1a: Gallade|Sacred Sword|p2a: Manaphy\n|-crit|p2a: Manaphy\n|-damage|p2a: Manaphy|0 fnt\n|faint|p2a: Manaphy\n|-damage|p1a: Gallade|48/100|[from] item: Life Orb\n|\n|upkeep\n|inactive|Time left: 300 sec this turn | 300 sec total | 5 sec grace\n|\n|t:|1783559951\n|switch|p2a: Chandelure|Chandelure, L83, M|235/235\n|turn|10\n|inactive|Time left: 300 sec this turn | 300 sec total\n|\n|t:|1783559952\n|switch|p1a: Tyranitar|Tyranitar, L78, M|100/100\n|-weather|Sandstorm|[from] ability: Sand Stream|[of] p1a: Tyranitar\n|move|p2a: Chandelure|Fire Blast|p1a: Tyranitar\n|-resisted|p1a: Tyranitar\n|-damage|p1a: Tyranitar|81/100\n|\n|-weather|Sandstorm|[upkeep]\n|-damage|p2a: Chandelure|221/235|[from] Sandstorm\n|-heal|p1a: Tyranitar|87/100|[from] item: Leftovers\n|upkeep\n|turn|11\n|inactive|Time left: 300 sec this turn | 300 sec total\n|\n|t:|1783559953\n|switch|p2a: Clefable|Clefable, L83, F|293/293\n|move|p1a: Tyranitar|Knock Off|p2a: Clefable\n|-resisted|p2a: Clefable\n|-damage|p2a: Clefable|226/293\n|-enditem|p2a: Clefable|Life Orb|[from] move: Knock Off|[of] p1a: Tyranitar\n|\n|-weather|Sandstorm|[upkeep]\n|-heal|p1a: Tyranitar|93/100|[from] item: Leftovers\n|upkeep\n|turn|12\n|inactive|Time left: 300 sec this turn | 300 sec total\n|\n|t:|1783559954\n|move|p2a: Clefable|Moonblast|p1a: Tyranitar\n|-supereffective|p1a: Tyranitar\n|-damage|p1a: Tyranitar|50/100\n|-unboost|p1a: Tyranitar|spa|1\n|move|p1a: Tyranitar|Stone Edge|p2a: Clefable\n|-damage|p2a: Clefable|90/293\n|\n|-weather|Sandstorm|[upkeep]\n|-heal|p1a: Tyranitar|56/100|[from] item: Leftovers\n|upkeep\n|turn|13\n|inactive|Time left: 300 sec this turn | 300 sec total\n|\n|t:|1783559955\n|move|p2a: Clefable|Moonblast|p1a: Tyranitar\n|-supereffective|p1a: Tyranitar\n|-damage|p1a: Tyranitar|7/100\n|move|p1a: Tyranitar|Stone Edge|p2a: Clefable\n|-damage|p2a: Clefable|0 fnt\n|faint|p2a: Clefable\n|\n|-weather|Sandstorm|[upkeep]\n|-heal|p1a: Tyranitar|13/100|[from] item: Leftovers\n|upkeep\n|inactive|Time left: 300 sec this turn | 300 sec total | 5 sec grace\n|\n|t:|1783559956\n|switch|p2a: Chandelure|Chandelure, L83, M|221/235\n|turn|14\n|inactive|Time left: 300 sec this turn | 300 sec total\n|\n|t:|1783559957\n|move|p2a: Chandelure|Fire Blast|p1a: Tyranitar\n|-resisted|p1a: Tyranitar\n|-damage|p1a: Tyranitar|0 fnt\n|faint|p1a: Tyranitar\n|\n|-weather|none\n|upkeep\n|\n|t:|1783559958\n|switch|p1a: Rabsca|Rabsca, L91, F|100/100\n|turn|15\n|inactive|Time left: 300 sec this turn | 300 sec total\n|\n|t:|1783559959\n|move|p2a: Chandelure|Fire Blast|p1a: Rabsca\n|-supereffective|p1a: Rabsca\n|-damage|p1a: Rabsca|0 fnt\n|faint|p1a: Rabsca\n|\n|upkeep\n|\n|t:|1783559960\n|switch|p1a: Gallade|Gallade, L80, M|48/100\n|turn|16\n|inactive|Time left: 300 sec this turn | 300 sec total\n|\n|t:|1783559961\n|move|p2a: Chandelure|Fire Blast|p1a: Gallade\n|-damage|p1a: Gallade|0 fnt\n|faint|p1a: Gallade\n|\n|upkeep\n|\n|t:|1783559962\n|switch|p1a: Cloyster|Cloyster, L80, F|100/100\n|turn|17\n|inactive|Time left: 300 sec this turn | 300 sec total\n|\n|t:|1783559963\n|move|p2a: Chandelure|Fire Blast|p1a: Cloyster\n|-damage|p1a: Cloyster|0 fnt\n|faint|p1a: Cloyster\n|\n|win|p0y172375c4", "uploadtime": 1783559963, "views": 0, "rating": 0, "private": 0, "password": null, "_winner": "p0y172375c4", "_our_name": "p0y172375c4"}