{"id": "battle-gen9randombattle-522", "formatid": "gen9randombattle", "format": "[Gen 9] Random Battle", "players": ["p0x522bf46", "p0y522db18"], "log": "|init|battle\n|title|p0x522bf46 vs. p0y522db18\n|j|\u2606p0x522bf46\n|j|\u2606p0y522db18\n|t:|1783545852\n|gametype|singles\n|player|p1|p0x522bf46|2|\n|player|p2|p0y522db18|102|\n|gen|9\n|tier|[Gen 9] Random Battle\n|rule|Species Clause: Limit one of each Pok\u00e9mon\n|rule|HP Percentage Mod: HP is shown in percentages\n|rule|Sleep Clause Mod: Limit one foe put to sleep\n|rule|Illusion Level Mod: Illusion disguises the Pok\u00e9mon's true level\n|\n|t:|1783545852\n|teamsize|p1|6\n|teamsize|p2|6\n|start\n|switch|p1a: Sneasler|Sneasler, L74, F|240/240\n|switch|p2a: Comfey|Comfey, L85, M|100/100\n|turn|1\n|inactive|Battle timer is ON: inactive players will automatically lose when time's up. (requested by p0x522bf46)\n|inactive|p0y522db18 also wants the timer to be on.\n|\n|t:|1783545853\n|switch|p2a: Hippowdon|Hippowdon, L82, F|100/100\n|-weather|Sandstorm|[from] ability: Sand Stream|[of] p2a: Hippowdon\n|move|p1a: Sneasler|Dire Claw|p2a: Hippowdon\n|-resisted|p2a: Hippowdon\n|-damage|p2a: Hippowdon|85/100\n|\n|-weather|Sandstorm|[upkeep]\n|-damage|p1a: Sneasler|225/240|[from] Sandstorm\n|-heal|p2a: Hippowdon|91/100|[from] item: Leftovers\n|upkeep\n|turn|2\n|inactive|Time left: 300 sec this turn | 300 sec total\n|\n|t:|1783545854\n|move|p1a: Sneasler|Dire Claw|p2a: Hippowdon\n|-resisted|p2a: Hippowdon\n|-damage|p2a: Hippowdon|76/100\n|-status|p2a: Hippowdon|slp\n|cant|p2a: Hippowdon|slp\n|\n|-weather|Sandstorm|[upkeep]\n|-damage|p1a: Sneasler|210/240|[from] Sandstorm\n|-heal|p2a: Hippowdon|82/100 slp|[from] item: Leftovers\n|upkeep\n|turn|3\n|inactive|Time left: 300 sec this turn | 300 sec total\n|\n|t:|1783545855\n|move|p1a: Sneasler|Dire Claw|p2a: Hippowdon\n|-resisted|p2a: Hippowdon\n|-damage|p2a: Hippowdon|66/100 slp\n|cant|p2a: Hippowdon|slp\n|\n|-weather|Sandstorm|[upkeep]\n|-damage|p1a: Sneasler|195/240|[from] Sandstorm\n|-heal|p2a: Hippowdon|72/100 slp|[from] item: Leftovers\n|upkeep\n|turn|4\n|inactive|Time left: 300 sec this turn | 300 sec total\n|\n|t:|1783545857\n|move|p1a: Sneasler|Dire Claw|p2a: Hippowdon\n|-resisted|p2a: Hippowdon\n|-damage|p2a: Hippowdon|55/100 slp\n|cant|p2a: Hippowdon|slp\n|\n|-weather|Sandstorm|[upkeep]\n|-damage|p1a: Sneasler|180/240|[from] Sandstorm\n|-heal|p2a: Hippowdon|61/100 slp|[from] item: Leftovers\n|upkeep\n|turn|5\n|inactive|Time left: 300 sec this turn | 300 sec total\n|\n|t:|1783545858\n|switch|p1a: Palafin|Palafin, L77, F|281/281\n|-curestatus|p2a: Hippowdon|slp|[msg]\n|move|p2a: Hippowdon|Earthquake|p1a: Palafin\n|-damage|p1a: Palafin|136/281\n|\n|-weather|none\n|-heal|p1a: Palafin|153/281|[from] item: Leftovers\n|-heal|p2a: Hippowdon|67/100|[from] item: Leftovers\n|upkeep\n|turn|6\n|inactive|Time left: 300 sec this turn | 300 sec total\n|\n|t:|1783545859\n|move|p1a: Palafin|Bulk Up|p1a: Palafin\n|-boost|p1a: Palafin|atk|1\n|-boost|p1a: Palafin|def|1\n|move|p2a: Hippowdon|Earthquake|p1a: Palafin\n|-damage|p1a: Palafin|65/281\n|\n|-heal|p1a: Palafin|82/281|[from] item: Leftovers\n|-heal|p2a: Hippowdon|73/100|[from] item: Leftovers\n|upkeep\n|turn|7\n|inactive|Time left: 300 sec this turn | 300 sec total\n|\n|t:|1783545860\n|move|p1a: Palafin|Wave Crash|p2a: Hippowdon\n|-supereffective|p2a: Hippowdon\n|-damage|p2a: Hippowdon|11/100\n|-damage|p1a: Palafin|18/281|[from] Recoil\n|move|p2a: Hippowdon|Earthquake|p1a: Palafin\n|-crit|p1a: Palafin\n|-damage|p1a: Palafin|0 fnt\n|faint|p1a: Palafin\n|\n|-heal|p2a: Hippowdon|17/100|[from] item: Leftovers\n|upkeep\n|inactive|Time left: 300 sec this turn | 300 sec total | 5 sec grace\n|\n|t:|1783545860\n|switch|p1a: Venomoth|Venomoth, L84, M|255/255\n|turn|8\n|inactive|Time left: 300 sec this turn | 300 sec total\n|\n|t:|1783545861\n|switch|p2a: Wyrdeer|Wyrdeer, L87, F|100/100\n|-ability|p2a: Wyrdeer|Intimidate|boost\n|-unboost|p1a: Venomoth|atk|1\n|move|p1a: Venomoth|Sludge Wave|p2a: Wyrdeer\n|-damage|p2a: Wyrdeer|81/100\n|-status|p2a: Wyrdeer|psn\n|\n|-damage|p2a: Wyrdeer|68/100 psn|[from] psn\n|upkeep\n|turn|9\n|inactive|Time left: 300 sec this turn | 300 sec total\n|\n|t:|1783545862\n|move|p1a: Venomoth|Quiver Dance|p1a: Venomoth\n|-boost|p1a: Venomoth|spa|1\n|-boost|p1a: Venomoth|spd|1\n|-boost|p1a: Venomoth|spe|1\n|move|p2a: Wyrdeer|Body Slam|p1a: Venomoth\n|-damage|p1a: Venomoth|125/255\n|-status|p1a: Venomoth|par\n|\n|-damage|p2a: Wyrdeer|56/100 psn|[from] psn\n|upkeep\n|turn|10\n|inactive|Time left: 300 sec this turn | 300 sec total\n|\n|t:|1783545863\n|move|p2a: Wyrdeer|Psychic Noise|p1a: Venomoth\n|-supereffective|p1a: Venomoth\n|-damage|p1a: Venomoth|0 fnt\n|faint|p1a: Venomoth\n|\n|-damage|p2a: Wyrdeer|43/100 psn|[from] psn\n|upkeep\n|inactive|Time left: 300 sec this turn | 300 sec total | 5 sec grace\n|\n|t:|1783545864\n|switch|p1a: Chien-Pao|Chien-Pao, L72|234/234\n|-ability|p1a: Chien-Pao|Sword of Ruin\n|turn|11\n|inactive|Time left: 300 sec this turn | 300 sec total\n|\n|t:|1783545865\n|switch|p2a: Scrafty|Scrafty, L83, F|100/100\n|-ability|p2a: Scrafty|Intimidate|boost\n|-unboost|p1a: Chien-Pao|atk|1\n|move|p1a: Chien-Pao|Icicle Crash|p2a: Scrafty\n|-damage|p2a: Scrafty|68/100\n|\n|-heal|p2a: Scrafty|74/100|[from] item: Leftovers\n|upkeep\n|turn|12\n|inactive|Time left: 300 sec this turn | 300 sec total\n|\n|t:|1783545866\n|switch|p1a: Sneasler|Sneasler, L74, F|180/240\n|move|p2a: Scrafty|Drain Punch|p1a: Sneasler\n|-resisted|p1a: Sneasler\n|-damage|p1a: Sneasler|128/240\n|-heal|p2a: Scrafty|85/100|[from] drain|[of] p1a: Sneasler\n|\n|-heal|p2a: Scrafty|91/100|[from] item: Leftovers\n|upkeep\n|turn|13\n|inactive|Time left: 300 sec this turn | 300 sec total\n|\n|t:|1783545867\n|-terastallize|p2a: Scrafty|Poison\n|move|p1a: Sneasler|Dire Claw|p2a: Scrafty\n|-resisted|p2a: Scrafty\n|-damage|p2a: Scrafty|69/100\n|move|p2a: Scrafty|Knock Off|p1a: Sneasler\n|-resisted|p1a: Sneasler\n|-damage|p1a: Sneasler|58/240\n|-enditem|p1a: Sneasler|Choice Band|[from] move: Knock Off|[of] p2a: Scrafty\n|\n|-heal|p2a: Scrafty|75/100|[from] item: Leftovers\n|upkeep\n|turn|14\n|inactive|Time left: 300 sec this turn | 300 sec total\n|\n|t:|1783545868\n|move|p1a: Sneasler|Dire Claw|p2a: Scrafty\n|-resisted|p2a: Scrafty\n|-damage|p2a: Scrafty|62/100\n|-status|p2a: Scrafty|par\n|move|p2a: Scrafty|Dragon Dance|p2a: Scrafty\n|-boost|p2a: Scrafty|atk|1\n|-boost|p2a: Scrafty|spe|1\n|\n|-heal|p2a: Scrafty|68/100 par|[from] item: Leftovers\n|upkeep\n|turn|15\n|inactive|Time left: 300 sec this turn | 300 sec total\n|\n|t:|1783545869\n|move|p1a: Sneasler|Close Combat|p2a: Scrafty\n|-resisted|p2a: Scrafty\n|-damage|p2a: Scrafty|47/100 par\n|-unboost|p1a: Sneasler|def|1\n|-unboost|p1a: Sneasler|spd|1\n|cant|p2a: Scrafty|par\n|\n|-heal|p2a: Scrafty|53/100 par|[from] item: Leftovers\n|upkeep\n|turn|16\n|inactive|Time left: 300 sec this turn | 300 sec total\n|\n|t:|1783545870\n|move|p1a: Sneasler|Close Combat|p2a: Scrafty\n|-resisted|p2a: Scrafty\n|-damage|p2a: Scrafty|32/100 par\n|-unboost|p1a: Sneasler|def|1\n|-unboost|p1a: Sneasler|spd|1\n|move|p2a: Scrafty|Drain Punch|p1a: Sneasler\n|-resisted|p1a: Sneasler\n|-damage|p1a: Sneasler|0 fnt\n|-heal|p2a: Scrafty|44/100 par|[from] drain|[of] p1a: Sneasler\n|faint|p1a: Sneasler\n|\n|-heal|p2a: Scrafty|50/100 par|[from] item: Leftovers\n|upkeep\n|inactive|Time left: 300 sec this turn | 300 sec total | 5 sec grace\n|\n|t:|1783545871\n|switch|p1a: Chien-Pao|Chien-Pao, L72|234/234\n|-ability|p1a: Chien-Pao|Sword of Ruin\n|turn|17\n|inactive|Time left: 300 sec this turn | 300 sec total\n|\n|t:|1783545872\n|move|p1a: Chien-Pao|Icicle Crash|p2a: Scrafty\n|-damage|p2a: Scrafty|0 fnt\n|faint|p2a: Scrafty\n|\n|upkeep\n|\n|t:|1783545873\n|switch|p2a: Salazzle|Salazzle, L83, F|100/100\n|turn|18\n|inactive|Time left: 300 sec this turn | 300 sec total\n|\n|t:|1783545874\n|switch|p1a: Ogerpon|Ogerpon-Hearthflame, L74, F|239/239\n|-ability|p1a: Ogerpon|Mold Breaker\n|move|p2a: Salazzle|Flamethrower|p1a: Ogerpon\n|-damage|p1a: Ogerpon|134/239\n|\n|upkeep\n|turn|19\n|inactive|Time left: 300 sec this turn | 300 sec total\n|\n|t:|1783545875\n|move|p2a: Salazzle|Flamethrower|p1a: Ogerpon\n|-damage|p1a: Ogerpon|17/239\n|move|p1a: Ogerpon|Stomping Tantrum|p2a: Salazzle\n|-supereffective|p2a: Salazzle\n|-damage|p2a: Salazzle|0 fnt\n|faint|p2a: Salazzle\n|\n|upkeep\n|\n|t:|1783545876\n|switch|p2a: Comfey|Comfey, L85, M|100/100\n|turn|20\n|inactive|Time left: 300 sec this turn | 300 sec total\n|\n|t:|1783545877\n|move|p2a: Comfey|Draining Kiss|p1a: Ogerpon\n|-resisted|p1a: Ogerpon\n|-damage|p1a: Ogerpon|0 fnt\n|faint|p1a: Ogerpon\n|\n|upkeep\n|inactive|Time left: 300 sec this turn | 300 sec total | 5 sec grace\n|\n|t:|1783545878\n|switch|p1a: Chien-Pao|Chien-Pao, L72|234/234\n|-ability|p1a: Chien-Pao|Sword of Ruin\n|turn|21\n|inactive|Time left: 300 sec this turn | 300 sec total\n|\n|t:|1783545879\n|-terastallize|p1a: Chien-Pao|Ice\n|move|p2a: Comfey|Draining Kiss|p1a: Chien-Pao\n|-damage|p1a: Chien-Pao|162/234\n|move|p1a: Chien-Pao|Icicle Crash|p2a: Comfey\n|-damage|p2a: Comfey|10/100\n|\n|-heal|p2a: Comfey|16/100|[from] item: Leftovers\n|upkeep\n|turn|22\n|inactive|Time left: 300 sec this turn | 300 sec total\n|\n|t:|1783545880\n|move|p2a: Comfey|Draining Kiss|p1a: Chien-Pao\n|-damage|p1a: Chien-Pao|96/234\n|-heal|p2a: Comfey|38/100|[from] drain|[of] p1a: Chien-Pao\n|move|p1a: Chien-Pao|Icicle Crash|p2a: Comfey\n|-damage|p2a: Comfey|0 fnt\n|faint|p2a: Comfey\n|\n|upkeep\n|\n|t:|1783545881\n|switch|p2a: Phione|Phione, L91|100/100\n|turn|23\n|inactive|Time left: 300 sec this turn | 300 sec total\n|\n|t:|1783545882\n|move|p1a: Chien-Pao|Icicle Crash|p2a: Phione\n|-resisted|p2a: Phione\n|-crit|p2a: Phione\n|-damage|p2a: Phione|45/100\n|move|p2a: Phione|Scald|p1a: Chien-Pao\n|-damage|p1a: Chien-Pao|0 fnt\n|faint|p1a: Chien-Pao\n|\n|-heal|p2a: Phione|51/100|[from] item: Leftovers\n|upkeep\n|inactive|Time left: 300 sec this turn | 300 sec total | 5 sec grace\n|\n|t:|1783545883\n|switch|p1a: Tauros|Tauros, L82, M|257/257\n|turn|24\n|inactive|Time left: 300 sec this turn | 300 sec total\n|\n|t:|1783545884\n|switch|p2a: Wyrdeer|Wyrdeer, L87, F|43/100 psn\n|-ability|p2a: Wyrdeer|Intimidate|boost\n|-unboost|p1a: Tauros|atk|1\n|move|p1a: Tauros|Body Slam|p2a: Wyrdeer\n|-damage|p2a: Wyrdeer|11/100 psn\n|\n|-damage|p2a: Wyrdeer|0 fnt|[from] psn\n|faint|p2a: Wyrdeer\n|upkeep\n|\n|t:|1783545885\n|switch|p2a: Phione|Phione, L91|51/100\n|turn|25\n|inactive|Time left: 300 sec this turn | 300 sec total\n|\n|t:|1783545886\n|move|p1a: Tauros|Body Slam|p2a: Phione\n|-damage|p2a: Phione|15/100\n|move|p2a: Phione|Rest|p2a: Phione\n|-status|p2a: Phione|slp|[from] move: Rest\n|-heal|p2a: Phione|100/100 slp|[silent]\n|\n|upkeep\n|turn|26\n|inactive|Time left: 300 sec this turn | 300 sec total\n|\n|t:|1783545887\n|move|p1a: Tauros|Body Slam|p2a: Phione\n|-damage|p2a: Phione|67/100 slp\n|cant|p2a: Phione|slp\n|move|p2a: Phione|Sleep Talk|p2a: Phione\n|move|p2a: Phione|Scald|p1a: Tauros|[from] move: Sleep Talk\n|-damage|p1a: Tauros|149/257\n|\n|-heal|p2a: Phione|74/100 slp|[from] item: Leftovers\n|upkeep\n|turn|27\n|inactive|Time left: 300 sec this turn | 300 sec total\n|\n|t:|1783545888\n|move|p1a: Tauros|Body Slam|p2a: Phione\n|-damage|p2a: Phione|41/100 slp\n|cant|p2a: Phione|slp\n|move|p2a: Phione|Sleep Talk|p2a: Phione\n|move|p2a: Phione|Scald|p1a: Tauros|[from] move: Sleep Talk\n|-damage|p1a: Tauros|47/257\n|-status|p1a: Tauros|brn\n|\n|-heal|p2a: Phione|47/100 slp|[from] item: Leftovers\n|-damage|p1a: Tauros|31/257 brn|[from] brn\n|upkeep\n|turn|28\n|inactive|Time left: 300 sec this turn | 300 sec total\n|\n|t:|1783545889\n|move|p1a: Tauros|Body Slam|p2a: Phione\n|-damage|p2a: Phione|31/100 slp\n|-curestatus|p2a: Phione|slp|[msg]\n|move|p2a: Phione|Scald|p1a: Tauros\n|-damage|p1a: Tauros|0 fnt\n|faint|p1a: Tauros\n|\n|win|p0y522db18", "uploadtime": 1783545889, "views": 0, "rating": 0, "private": 0, "password": null, "_winner": "p0y522db18", "_our_name": "p0x522bf46"}