{"id": "battle-gen9randombattle-1475", "formatid": "gen9randombattle", "format": "[Gen 9] Random Battle", "players": ["p0x1475ff41", "p0y1475ed1b"], "log": "|init|battle\n|title|p0x1475ff41 vs. p0y1475ed1b\n|j|\u2606p0x1475ff41\n|j|\u2606p0y1475ed1b\n|t:|1783556259\n|gametype|singles\n|player|p1|p0x1475ff41|170|\n|player|p2|p0y1475ed1b|169|\n|gen|9\n|tier|[Gen 9] Random Battle\n|rule|Species Clause: Limit one of each Pok\u00e9mon\n|rule|HP Percentage Mod: HP is shown in percentages\n|rule|Sleep Clause Mod: Limit one foe put to sleep\n|rule|Illusion Level Mod: Illusion disguises the Pok\u00e9mon's true level\n|\n|t:|1783556259\n|teamsize|p1|6\n|teamsize|p2|6\n|start\n|switch|p1a: Rayquaza|Rayquaza, L72|270/270\n|switch|p2a: Miraidon|Miraidon, L65|100/100\n|-fieldstart|move: Electric Terrain|[from] ability: Hadron Engine|[of] p2a: Miraidon\n|-ability|p1a: Rayquaza|Air Lock\n|turn|1\n|inactive|Battle timer is ON: inactive players will automatically lose when time's up. (requested by p0y1475ed1b)\n|inactive|Time left: 300 sec this turn | 300 sec total | 60 sec grace\n|inactive|p0x1475ff41 also wants the timer to be on.\n|\n|t:|1783556261\n|switch|p1a: Hariyama|Hariyama, L87, M|392/392\n|move|p2a: Miraidon|Electro Drift|p1a: Hariyama\n|-damage|p1a: Hariyama|112/392\n|\n|-status|p1a: Hariyama|brn|[from] item: Flame Orb\n|upkeep\n|turn|2\n|inactive|Time left: 300 sec this turn | 300 sec total\n|\n|t:|1783556262\n|switch|p1a: Lurantis|Lurantis, L87, M|264/264\n|move|p2a: Miraidon|Electro Drift|p1a: Lurantis\n|-resisted|p1a: Lurantis\n|-damage|p1a: Lurantis|150/264\n|\n|-heal|p1a: Lurantis|166/264|[from] item: Leftovers\n|upkeep\n|turn|3\n|inactive|Time left: 300 sec this turn | 300 sec total\n|\n|t:|1783556263\n|move|p2a: Miraidon|Electro Drift|p1a: Lurantis\n|-resisted|p1a: Lurantis\n|-damage|p1a: Lurantis|53/264\n|move|p1a: Lurantis|Synthesis|p1a: Lurantis\n|-heal|p1a: Lurantis|185/264\n|\n|-heal|p1a: Lurantis|201/264|[from] item: Leftovers\n|upkeep\n|turn|4\n|inactive|Time left: 300 sec this turn | 300 sec total\n|\n|t:|1783556264\n|move|p2a: Miraidon|Electro Drift|p1a: Lurantis\n|-resisted|p1a: Lurantis\n|-damage|p1a: Lurantis|92/264\n|move|p1a: Lurantis|Synthesis|p1a: Lurantis\n|-heal|p1a: Lurantis|224/264\n|\n|-heal|p1a: Lurantis|240/264|[from] item: Leftovers\n|upkeep\n|turn|5\n|inactive|Time left: 300 sec this turn | 300 sec total\n|\n|t:|1783556265\n|switch|p2a: Chandelure|Chandelure, L83, M|100/100\n|move|p1a: Lurantis|Superpower|p2a: Chandelure\n|-immune|p2a: Chandelure\n|\n|-heal|p1a: Lurantis|256/264|[from] item: Leftovers\n|-fieldend|move: Electric Terrain\n|upkeep\n|turn|6\n|inactive|Time left: 300 sec this turn | 300 sec total\n|\n|t:|1783556266\n|move|p2a: Chandelure|Fire Blast|p1a: Lurantis|[miss]\n|-miss|p2a: Chandelure|p1a: Lurantis\n|move|p1a: Lurantis|Leaf Storm|p2a: Chandelure|[miss]\n|-miss|p1a: Lurantis|p2a: Chandelure\n|\n|-heal|p1a: Lurantis|264/264|[from] item: Leftovers\n|upkeep\n|turn|7\n|inactive|Time left: 300 sec this turn | 300 sec total\n|\n|t:|1783556267\n|switch|p1a: Rayquaza|Rayquaza, L72|270/270\n|-ability|p1a: Rayquaza|Air Lock\n|move|p2a: Chandelure|Fire Blast|p1a: Rayquaza\n|-resisted|p1a: Rayquaza\n|-damage|p1a: Rayquaza|180/270\n|\n|upkeep\n|turn|8\n|inactive|Time left: 300 sec this turn | 300 sec total\n|\n|t:|1783556269\n|move|p2a: Chandelure|Shadow Ball|p1a: Rayquaza\n|-damage|p1a: Rayquaza|56/270\n|move|p1a: Rayquaza|Outrage|p2a: Chandelure\n|-damage|p2a: Chandelure|45/100\n|\n|upkeep\n|turn|9\n|inactive|Time left: 300 sec this turn | 300 sec total\n|\n|t:|1783556270\n|switch|p2a: Ribombee|Ribombee, L83, M|100/100\n|move|p1a: Rayquaza|Outrage|p2a: Ribombee|[from] lockedmove\n|-immune|p2a: Ribombee\n|\n|upkeep\n|turn|10\n|inactive|Time left: 300 sec this turn | 300 sec total\n|\n|t:|1783556271\n|move|p2a: Ribombee|Sticky Web|p1a: Rayquaza\n|-sidestart|p1: p0x1475ff41|move: Sticky Web\n|move|p1a: Rayquaza|Dragon Ascent|p2a: Ribombee\n|-supereffective|p2a: Ribombee\n|-crit|p2a: Ribombee\n|-damage|p2a: Ribombee|0 fnt\n|-unboost|p1a: Rayquaza|def|1\n|-unboost|p1a: Rayquaza|spd|1\n|faint|p2a: Ribombee\n|\n|upkeep\n|\n|t:|1783556272\n|switch|p2a: Quaquaval|Quaquaval, L79, F|100/100\n|turn|11\n|inactive|Time left: 300 sec this turn | 300 sec total\n|\n|t:|1783556273\n|-terastallize|p2a: Quaquaval|Steel\n|move|p2a: Quaquaval|Swords Dance|p2a: Quaquaval\n|-boost|p2a: Quaquaval|atk|2\n|move|p1a: Rayquaza|Dragon Dance|p1a: Rayquaza\n|-boost|p1a: Rayquaza|atk|1\n|-boost|p1a: Rayquaza|spe|1\n|\n|upkeep\n|turn|12\n|inactive|Time left: 300 sec this turn | 300 sec total\n|\n|t:|1783556274\n|move|p1a: Rayquaza|Earthquake|p2a: Quaquaval\n|-supereffective|p2a: Quaquaval\n|-damage|p2a: Quaquaval|7/100\n|move|p2a: Quaquaval|Aqua Step|p1a: Rayquaza\n|-resisted|p1a: Rayquaza\n|-damage|p1a: Rayquaza|0 fnt\n|-boost|p2a: Quaquaval|spe|1\n|faint|p1a: Rayquaza\n|-ability|p2a: Quaquaval|Moxie|boost\n|-boost|p2a: Quaquaval|atk|1\n|\n|-heal|p2a: Quaquaval|13/100|[from] item: Leftovers\n|upkeep\n|inactive|Time left: 300 sec this turn | 300 sec total | 5 sec grace\n|\n|t:|1783556275\n|switch|p1a: Hatterene|Hatterene, L85, F|236/236\n|-activate|p1a: Hatterene|move: Sticky Web\n|-unboost|p1a: Hatterene|spe|1\n|turn|13\n|inactive|Time left: 300 sec this turn | 300 sec total\n|\n|t:|1783556276\n|move|p2a: Quaquaval|Aqua Step|p1a: Hatterene\n|-damage|p1a: Hatterene|40/236\n|-boost|p2a: Quaquaval|spe|1\n|move|p1a: Hatterene|Mystical Fire|p2a: Quaquaval\n|-supereffective|p2a: Quaquaval\n|-damage|p2a: Quaquaval|0 fnt\n|faint|p2a: Quaquaval\n|\n|-heal|p1a: Hatterene|54/236|[from] item: Leftovers\n|upkeep\n|\n|t:|1783556277\n|switch|p2a: Chandelure|Chandelure, L83, M|45/100\n|turn|14\n|inactive|Time left: 300 sec this turn | 300 sec total\n|\n|t:|1783556278\n|move|p2a: Chandelure|Fire Blast|p1a: Hatterene|[miss]\n|-miss|p2a: Chandelure|p1a: Hatterene\n|move|p1a: Hatterene|Psyshock|p2a: Chandelure\n|-damage|p2a: Chandelure|0 fnt\n|faint|p2a: Chandelure\n|\n|-heal|p1a: Hatterene|68/236|[from] item: Leftovers\n|upkeep\n|\n|t:|1783556279\n|switch|p2a: Miraidon|Miraidon, L65|100/100\n|-fieldstart|move: Electric Terrain|[from] ability: Hadron Engine|[of] p2a: Miraidon\n|turn|15\n|inactive|Time left: 300 sec this turn | 300 sec total\n|\n|t:|1783556280\n|switch|p1a: Lurantis|Lurantis, L87, M|264/264\n|-activate|p1a: Lurantis|move: Sticky Web\n|-boost|p1a: Lurantis|spe|1\n|move|p2a: Miraidon|Electro Drift|p1a: Lurantis\n|-resisted|p1a: Lurantis\n|-damage|p1a: Lurantis|162/264\n|\n|-heal|p1a: Lurantis|178/264|[from] item: Leftovers\n|upkeep\n|turn|16\n|inactive|Time left: 300 sec this turn | 300 sec total\n|\n|t:|1783556281\n|move|p2a: Miraidon|Electro Drift|p1a: Lurantis\n|-resisted|p1a: Lurantis\n|-damage|p1a: Lurantis|70/264\n|move|p1a: Lurantis|Defog|p2a: Miraidon\n|-unboost|p2a: Miraidon|evasion|1\n|-sideend|p1: p0x1475ff41|Sticky Web|[from] move: Defog|[of] p1a: Lurantis\n|-fieldend|move: Electric Terrain\n|\n|-heal|p1a: Lurantis|86/264|[from] item: Leftovers\n|upkeep\n|turn|17\n|inactive|Time left: 300 sec this turn | 300 sec total\n|\n|t:|1783556282\n|move|p2a: Miraidon|Electro Drift|p1a: Lurantis\n|-resisted|p1a: Lurantis\n|-damage|p1a: Lurantis|25/264\n|move|p1a: Lurantis|Synthesis|p1a: Lurantis\n|-heal|p1a: Lurantis|157/264\n|\n|-heal|p1a: Lurantis|173/264|[from] item: Leftovers\n|upkeep\n|turn|18\n|inactive|Time left: 300 sec this turn | 300 sec total\n|\n|t:|1783556283\n|switch|p2a: Cobalion|Cobalion, L80|100/100\n|move|p1a: Lurantis|Superpower|p2a: Cobalion\n|-supereffective|p2a: Cobalion\n|-damage|p2a: Cobalion|49/100\n|-boost|p1a: Lurantis|atk|1\n|-boost|p1a: Lurantis|def|1\n|\n|-heal|p2a: Cobalion|55/100|[from] item: Leftovers\n|-heal|p1a: Lurantis|189/264|[from] item: Leftovers\n|upkeep\n|turn|19\n|inactive|Time left: 300 sec this turn | 300 sec total\n|\n|t:|1783556284\n|move|p2a: Cobalion|Calm Mind|p2a: Cobalion\n|-boost|p2a: Cobalion|spa|1\n|-boost|p2a: Cobalion|spd|1\n|move|p1a: Lurantis|Leaf Storm|p2a: Cobalion\n|-resisted|p2a: Cobalion\n|-damage|p2a: Cobalion|37/100\n|-boost|p1a: Lurantis|spa|2\n|\n|-heal|p2a: Cobalion|43/100|[from] item: Leftovers\n|-heal|p1a: Lurantis|205/264|[from] item: Leftovers\n|upkeep\n|turn|20\n|inactive|Time left: 300 sec this turn | 300 sec total\n|\n|t:|1783556285\n|move|p2a: Cobalion|Aura Sphere|p1a: Lurantis\n|-damage|p1a: Lurantis|96/264\n|move|p1a: Lurantis|Synthesis|p1a: Lurantis\n|-heal|p1a: Lurantis|228/264\n|\n|-heal|p2a: Cobalion|50/100|[from] item: Leftovers\n|-heal|p1a: Lurantis|244/264|[from] item: Leftovers\n|upkeep\n|turn|21\n|inactive|Time left: 300 sec this turn | 300 sec total\n|\n|t:|1783556286\n|move|p2a: Cobalion|Aura Sphere|p1a: Lurantis\n|-damage|p1a: Lurantis|139/264\n|move|p1a: Lurantis|Synthesis|p1a: Lurantis\n|-heal|p1a: Lurantis|264/264\n|\n|-heal|p2a: Cobalion|56/100|[from] item: Leftovers\n|upkeep\n|turn|22\n|inactive|Time left: 300 sec this turn | 300 sec total\n|\n|t:|1783556287\n|move|p2a: Cobalion|Aura Sphere|p1a: Lurantis\n|-damage|p1a: Lurantis|150/264\n|move|p1a: Lurantis|Leaf Storm|p2a: Cobalion\n|-resisted|p2a: Cobalion\n|-damage|p2a: Cobalion|19/100\n|-boost|p1a: Lurantis|spa|2\n|\n|-heal|p2a: Cobalion|25/100|[from] item: Leftovers\n|-heal|p1a: Lurantis|166/264|[from] item: Leftovers\n|upkeep\n|turn|23\n|inactive|Time left: 300 sec this turn | 300 sec total\n|\n|t:|1783556288\n|move|p2a: Cobalion|Aura Sphere|p1a: Lurantis\n|-damage|p1a: Lurantis|64/264\n|move|p1a: Lurantis|Synthesis|p1a: Lurantis\n|-heal|p1a: Lurantis|196/264\n|\n|-heal|p2a: Cobalion|31/100|[from] item: Leftovers\n|-heal|p1a: Lurantis|212/264|[from] item: Leftovers\n|upkeep\n|turn|24\n|inactive|Time left: 300 sec this turn | 300 sec total\n|\n|t:|1783556289\n|move|p2a: Cobalion|Aura Sphere|p1a: Lurantis\n|-damage|p1a: Lurantis|103/264\n|move|p1a: Lurantis|Synthesis|p1a: Lurantis\n|-heal|p1a: Lurantis|235/264\n|\n|-heal|p2a: Cobalion|37/100|[from] item: Leftovers\n|-heal|p1a: Lurantis|251/264|[from] item: Leftovers\n|upkeep\n|turn|25\n|inactive|Time left: 300 sec this turn | 300 sec total\n|\n|t:|1783556291\n|move|p2a: Cobalion|Aura Sphere|p1a: Lurantis\n|-damage|p1a: Lurantis|142/264\n|move|p1a: Lurantis|Synthesis|p1a: Lurantis\n|-heal|p1a: Lurantis|264/264\n|\n|-heal|p2a: Cobalion|43/100|[from] item: Leftovers\n|upkeep\n|turn|26\n|inactive|Time left: 300 sec this turn | 300 sec total\n|\n|t:|1783556292\n|move|p2a: Cobalion|Aura Sphere|p1a: Lurantis\n|-damage|p1a: Lurantis|155/264\n|move|p1a: Lurantis|Leaf Storm|p2a: Cobalion|[miss]\n|-miss|p1a: Lurantis|p2a: Cobalion\n|\n|-heal|p2a: Cobalion|50/100|[from] item: Leftovers\n|-heal|p1a: Lurantis|171/264|[from] item: Leftovers\n|upkeep\n|turn|27\n|inactive|Time left: 300 sec this turn | 300 sec total\n|\n|t:|1783556293\n|move|p2a: Cobalion|Aura Sphere|p1a: Lurantis\n|-damage|p1a: Lurantis|66/264\n|move|p1a: Lurantis|Superpower|p2a: Cobalion\n|-supereffective|p2a: Cobalion\n|-damage|p2a: Cobalion|0 fnt\n|-boost|p1a: Lurantis|atk|1\n|-boost|p1a: Lurantis|def|1\n|faint|p2a: Cobalion\n|\n|-heal|p1a: Lurantis|82/264|[from] item: Leftovers\n|upkeep\n|\n|t:|1783556294\n|switch|p2a: Miraidon|Miraidon, L65|100/100\n|-fieldstart|move: Electric Terrain|[from] ability: Hadron Engine|[of] p2a: Miraidon\n|turn|28\n|inactive|Time left: 300 sec this turn | 300 sec total\n|\n|t:|1783556295\n|move|p2a: Miraidon|Electro Drift|p1a: Lurantis\n|-resisted|p1a: Lurantis\n|-damage|p1a: Lurantis|0 fnt\n|faint|p1a: Lurantis\n|\n|upkeep\n|inactive|Time left: 300 sec this turn | 300 sec total | 5 sec grace\n|\n|t:|1783556296\n|switch|p1a: Hatterene|Hatterene, L85, F|68/236\n|turn|29\n|inactive|Time left: 300 sec this turn | 300 sec total\n|\n|t:|1783556297\n|switch|p2a: Swampert|Swampert, L83, M|100/100\n|-terastallize|p1a: Hatterene|Fairy\n|move|p1a: Hatterene|Draining Kiss|p2a: Swampert\n|-damage|p2a: Swampert|63/100\n|-heal|p1a: Hatterene|152/236|[from] drain|[of] p2a: Swampert\n|\n|-heal|p2a: Swampert|69/100|[from] item: Leftovers\n|-heal|p1a: Hatterene|166/236|[from] item: Leftovers\n|upkeep\n|turn|30\n|inactive|Time left: 300 sec this turn | 300 sec total\n|\n|t:|1783556298\n|move|p1a: Hatterene|Draining Kiss|p2a: Swampert\n|-damage|p2a: Swampert|34/100\n|-heal|p1a: Hatterene|236/236|[from] drain|[of] p2a: Swampert\n|move|p2a: Swampert|Roar|p1a: Hatterene\n|move|p1a: Hatterene|Roar|p2a: Swampert|[from] ability: Magic Bounce\n|drag|p2a: Miraidon|Miraidon, L65|100/100\n|-activate|p2a: Miraidon|ability: Hadron Engine\n|\n|upkeep\n|turn|31\n|inactive|Time left: 300 sec this turn | 300 sec total\n|\n|t:|1783556299\n|move|p2a: Miraidon|Volt Switch|p1a: Hatterene\n|-damage|p1a: Hatterene|107/236\n|\n|t:|1783556300\n|switch|p2a: Swampert|Swampert, L83, M|34/100|[from] Volt Switch\n|move|p1a: Hatterene|Draining Kiss|p2a: Swampert\n|-damage|p2a: Swampert|0 fnt\n|-heal|p1a: Hatterene|182/236|[from] drain|[of] p2a: Swampert\n|faint|p2a: Swampert\n|\n|-heal|p1a: Hatterene|196/236|[from] item: Leftovers\n|upkeep\n|\n|t:|1783556301\n|switch|p2a: Miraidon|Miraidon, L65|100/100\n|-activate|p2a: Miraidon|ability: Hadron Engine\n|turn|32\n|inactive|Time left: 300 sec this turn | 300 sec total\n|\n|t:|1783556302\n|move|p2a: Miraidon|Volt Switch|p1a: Hatterene\n|-damage|p1a: Hatterene|66/236\n|move|p1a: Hatterene|Draining Kiss|p2a: Miraidon\n|-supereffective|p2a: Miraidon\n|-damage|p2a: Miraidon|5/100\n|-heal|p1a: Hatterene|236/236|[from] drain|[of] p2a: Miraidon\n|\n|-fieldend|move: Electric Terrain\n|upkeep\n|turn|33\n|inactive|Time left: 300 sec this turn | 300 sec total\n|\n|t:|1783556302\n|move|p2a: Miraidon|Volt Switch|p1a: Hatterene\n|-damage|p1a: Hatterene|157/236\n|move|p1a: Hatterene|Draining Kiss|p2a: Miraidon\n|-supereffective|p2a: Miraidon\n|-damage|p2a: Miraidon|0 fnt\n|-heal|p1a: Hatterene|165/236|[from] drain|[of] p2a: Miraidon\n|faint|p2a: Miraidon\n|\n|win|p0x1475ff41", "uploadtime": 1783556302, "views": 0, "rating": 0, "private": 0, "password": null, "_winner": "p0x1475ff41", "_our_name": "p0x1475ff41"}