{"id": "battle-gen9randombattle-2495", "formatid": "gen9randombattle", "format": "[Gen 9] Random Battle", "players": ["p0x2495f95c", "p0y2495fbbf"], "log": "|init|battle\n|title|p0x2495f95c vs. p0y2495fbbf\n|j|\u2606p0x2495f95c\n|j|\u2606p0y2495fbbf\n|t:|1783567944\n|gametype|singles\n|player|p1|p0x2495f95c|266|\n|player|p2|p0y2495fbbf|102|\n|gen|9\n|tier|[Gen 9] Random Battle\n|rule|Species Clause: Limit one of each Pok\u00e9mon\n|rule|HP Percentage Mod: HP is shown in percentages\n|rule|Sleep Clause Mod: Limit one foe put to sleep\n|rule|Illusion Level Mod: Illusion disguises the Pok\u00e9mon's true level\n|\n|t:|1783567944\n|teamsize|p1|6\n|teamsize|p2|6\n|start\n|switch|p1a: Lunala|Lunala, L70|100/100\n|switch|p2a: Empoleon|Empoleon, L84, F|278/278\n|turn|1\n|inactive|Battle timer is ON: inactive players will automatically lose when time's up. (requested by p0x2495f95c)\n|inactive|Time left: 300 sec this turn | 300 sec total | 60 sec grace\n|inactive|p0y2495fbbf also wants the timer to be on.\n|\n|t:|1783567945\n|move|p1a: Lunala|Calm Mind|p1a: Lunala\n|-boost|p1a: Lunala|spa|1\n|-boost|p1a: Lunala|spd|1\n|move|p2a: Empoleon|Stealth Rock|p1a: Lunala\n|-sidestart|p1: p0x2495f95c|move: Stealth Rock\n|\n|upkeep\n|turn|2\n|inactive|Time left: 300 sec this turn | 300 sec total\n|\n|t:|1783567946\n|move|p1a: Lunala|Calm Mind|p1a: Lunala\n|-boost|p1a: Lunala|spa|1\n|-boost|p1a: Lunala|spd|1\n|move|p2a: Empoleon|Roar|p1a: Lunala\n|drag|p1a: Crawdaunt|Crawdaunt, L84, M|100/100\n|-damage|p1a: Crawdaunt|88/100|[from] Stealth Rock\n|\n|upkeep\n|turn|3\n|inactive|Time left: 300 sec this turn | 300 sec total\n|\n|t:|1783567947\n|move|p2a: Empoleon|Surf|p1a: Crawdaunt\n|-resisted|p1a: Crawdaunt\n|-crit|p1a: Crawdaunt\n|-damage|p1a: Crawdaunt|46/100\n|move|p1a: Crawdaunt|Knock Off|p2a: Empoleon\n|-damage|p2a: Empoleon|78/278\n|-enditem|p2a: Empoleon|Leftovers|[from] move: Knock Off|[of] p1a: Crawdaunt\n|-damage|p1a: Crawdaunt|36/100|[from] item: Life Orb\n|\n|upkeep\n|turn|4\n|inactive|Time left: 300 sec this turn | 300 sec total\n|\n|t:|1783567948\n|move|p2a: Empoleon|Surf|p1a: Crawdaunt\n|-resisted|p1a: Crawdaunt\n|-damage|p1a: Crawdaunt|4/100\n|move|p1a: Crawdaunt|Crabhammer|p2a: Empoleon|[miss]\n|-miss|p1a: Crawdaunt|p2a: Empoleon\n|\n|upkeep\n|turn|5\n|inactive|Time left: 300 sec this turn | 300 sec total\n|\n|t:|1783567949\n|move|p2a: Empoleon|Roost|p2a: Empoleon\n|-heal|p2a: Empoleon|217/278\n|-singleturn|p2a: Empoleon|move: Roost\n|move|p1a: Crawdaunt|Close Combat|p2a: Empoleon\n|-supereffective|p2a: Empoleon\n|-damage|p2a: Empoleon|0 fnt\n|-unboost|p1a: Crawdaunt|def|1\n|-unboost|p1a: Crawdaunt|spd|1\n|faint|p2a: Empoleon\n|-damage|p1a: Crawdaunt|0 fnt|[from] item: Life Orb\n|faint|p1a: Crawdaunt\n|\n|upkeep\n|inactive|Time left: 300 sec this turn | 300 sec total | 5 sec grace\n|\n|t:|1783567950\n|switch|p2a: Clawitzer|Clawitzer, L87, F|265/265\n|switch|p1a: Braviary|Braviary-Hisui, L85, M|100/100\n|turn|6\n|inactive|Time left: 300 sec this turn | 300 sec total\n|\n|t:|1783567951\n|move|p1a: Braviary|Calm Mind|p1a: Braviary\n|-boost|p1a: Braviary|spa|1\n|-boost|p1a: Braviary|spd|1\n|move|p2a: Clawitzer|Dark Pulse|p1a: Braviary\n|-supereffective|p1a: Braviary\n|-damage|p1a: Braviary|47/100\n|\n|upkeep\n|turn|7\n|inactive|Time left: 300 sec this turn | 300 sec total\n|\n|t:|1783567952\n|move|p1a: Braviary|Roost|p1a: Braviary\n|-heal|p1a: Braviary|97/100\n|-singleturn|p1a: Braviary|move: Roost\n|move|p2a: Clawitzer|Dark Pulse|p1a: Braviary\n|-supereffective|p1a: Braviary\n|-damage|p1a: Braviary|47/100\n|\n|upkeep\n|turn|8\n|inactive|Time left: 300 sec this turn | 300 sec total\n|\n|t:|1783567953\n|move|p1a: Braviary|Roost|p1a: Braviary\n|-heal|p1a: Braviary|97/100\n|-singleturn|p1a: Braviary|move: Roost\n|move|p2a: Clawitzer|Dark Pulse|p1a: Braviary\n|-supereffective|p1a: Braviary\n|-damage|p1a: Braviary|47/100\n|\n|upkeep\n|turn|9\n|inactive|Time left: 300 sec this turn | 300 sec total\n|\n|t:|1783567954\n|move|p1a: Braviary|Roost|p1a: Braviary\n|-heal|p1a: Braviary|97/100\n|-singleturn|p1a: Braviary|move: Roost\n|move|p2a: Clawitzer|Dark Pulse|p1a: Braviary\n|-supereffective|p1a: Braviary\n|-damage|p1a: Braviary|43/100\n|\n|upkeep\n|turn|10\n|inactive|Time left: 300 sec this turn | 300 sec total\n|\n|t:|1783567955\n|-terastallize|p1a: Braviary|Steel\n|move|p1a: Braviary|Esper Wing|p2a: Clawitzer\n|-damage|p2a: Clawitzer|175/265\n|-boost|p1a: Braviary|spe|1\n|move|p2a: Clawitzer|Dark Pulse|p1a: Braviary\n|-damage|p1a: Braviary|18/100\n|\n|upkeep\n|turn|11\n|inactive|Time left: 300 sec this turn | 300 sec total\n|\n|t:|1783567956\n|switch|p2a: Ting-Lu|Ting-Lu, L78|370/370\n|-ability|p2a: Ting-Lu|Vessel of Ruin\n|move|p1a: Braviary|Roost|p1a: Braviary\n|-heal|p1a: Braviary|68/100\n|\n|upkeep\n|turn|12\n|inactive|Time left: 300 sec this turn | 300 sec total\n|\n|t:|1783567958\n|move|p1a: Braviary|Roost|p1a: Braviary\n|-heal|p1a: Braviary|100/100\n|move|p2a: Ting-Lu|Earthquake|p1a: Braviary\n|-supereffective|p1a: Braviary\n|-damage|p1a: Braviary|27/100\n|\n|upkeep\n|turn|13\n|inactive|Time left: 300 sec this turn | 300 sec total\n|\n|t:|1783567959\n|move|p1a: Braviary|Roost|p1a: Braviary\n|-heal|p1a: Braviary|77/100\n|move|p2a: Ting-Lu|Earthquake|p1a: Braviary\n|-supereffective|p1a: Braviary\n|-damage|p1a: Braviary|0 fnt\n|faint|p1a: Braviary\n|\n|upkeep\n|\n|t:|1783567960\n|switch|p1a: Hitmontop|Hitmontop, L88, M|100/100\n|-damage|p1a: Hitmontop|94/100|[from] Stealth Rock\n|-ability|p1a: Hitmontop|Intimidate|boost\n|-unboost|p2a: Ting-Lu|atk|1\n|turn|14\n|inactive|Time left: 300 sec this turn | 300 sec total\n|\n|t:|1783567961\n|move|p1a: Hitmontop|Rapid Spin|p2a: Ting-Lu\n|-damage|p2a: Ting-Lu|338/370\n|-boost|p1a: Hitmontop|spe|1\n|-sideend|p1: p0x2495f95c|Stealth Rock|[from] move: Rapid Spin|[of] p1a: Hitmontop\n|move|p2a: Ting-Lu|Ruination|p1a: Hitmontop\n|-damage|p1a: Hitmontop|48/100\n|\n|-heal|p2a: Ting-Lu|361/370|[from] item: Leftovers\n|upkeep\n|turn|15\n|inactive|Time left: 300 sec this turn | 300 sec total\n|\n|t:|1783567962\n|move|p1a: Hitmontop|Close Combat|p2a: Ting-Lu\n|-supereffective|p2a: Ting-Lu\n|-damage|p2a: Ting-Lu|131/370\n|-unboost|p1a: Hitmontop|def|1\n|-unboost|p1a: Hitmontop|spd|1\n|move|p2a: Ting-Lu|Earthquake|p1a: Hitmontop\n|-damage|p1a: Hitmontop|5/100\n|\n|-heal|p2a: Ting-Lu|154/370|[from] item: Leftovers\n|upkeep\n|turn|16\n|inactive|Time left: 300 sec this turn | 300 sec total\n|\n|t:|1783567963\n|switch|p2a: Delphox|Delphox, L84, M|263/263\n|move|p1a: Hitmontop|Close Combat|p2a: Delphox\n|-resisted|p2a: Delphox\n|-damage|p2a: Delphox|179/263\n|-unboost|p1a: Hitmontop|def|1\n|-unboost|p1a: Hitmontop|spd|1\n|\n|upkeep\n|turn|17\n|inactive|Time left: 300 sec this turn | 300 sec total\n|\n|t:|1783567964\n|move|p1a: Hitmontop|Stone Edge|p2a: Delphox\n|-supereffective|p2a: Delphox\n|-damage|p2a: Delphox|15/263\n|move|p2a: Delphox|Psyshock|p1a: Hitmontop\n|-supereffective|p1a: Hitmontop\n|-damage|p1a: Hitmontop|0 fnt\n|faint|p1a: Hitmontop\n|\n|upkeep\n|\n|t:|1783567965\n|switch|p1a: Lunala|Lunala, L70|100/100\n|turn|18\n|inactive|Time left: 300 sec this turn | 300 sec total\n|\n|t:|1783567966\n|switch|p2a: Ting-Lu|Ting-Lu, L78|154/370\n|-ability|p2a: Ting-Lu|Vessel of Ruin\n|move|p1a: Lunala|Calm Mind|p1a: Lunala\n|-boost|p1a: Lunala|spa|1\n|-boost|p1a: Lunala|spd|1\n|\n|-heal|p2a: Ting-Lu|177/370|[from] item: Leftovers\n|upkeep\n|turn|19\n|inactive|Time left: 300 sec this turn | 300 sec total\n|\n|t:|1783567967\n|move|p1a: Lunala|Moongeist Beam|p2a: Ting-Lu\n|-resisted|p2a: Ting-Lu\n|-damage|p2a: Ting-Lu|109/370\n|move|p2a: Ting-Lu|Payback|p1a: Lunala\n|-supereffective|p1a: Lunala\n|-damage|p1a: Lunala|15/100\n|\n|-heal|p1a: Lunala|21/100|[from] item: Leftovers\n|-heal|p2a: Ting-Lu|132/370|[from] item: Leftovers\n|upkeep\n|turn|20\n|inactive|Time left: 300 sec this turn | 300 sec total\n|\n|t:|1783567968\n|move|p1a: Lunala|Moongeist Beam|p2a: Ting-Lu\n|-resisted|p2a: Ting-Lu\n|-damage|p2a: Ting-Lu|72/370\n|move|p2a: Ting-Lu|Payback|p1a: Lunala\n|-supereffective|p1a: Lunala\n|-damage|p1a: Lunala|0 fnt\n|faint|p1a: Lunala\n|\n|-heal|p2a: Ting-Lu|95/370|[from] item: Leftovers\n|upkeep\n|\n|t:|1783567969\n|switch|p1a: Sunflora|Sunflora, F|100/100\n|turn|21\n|inactive|Time left: 300 sec this turn | 300 sec total\n|\n|t:|1783567970\n|switch|p2a: Frosmoth|Frosmoth, L82, F|249/249\n|move|p1a: Sunflora|Earth Power|p2a: Frosmoth\n|-resisted|p2a: Frosmoth\n|-damage|p2a: Frosmoth|217/249\n|-damage|p1a: Sunflora|91/100|[from] item: Life Orb\n|\n|upkeep\n|turn|22\n|inactive|Time left: 300 sec this turn | 300 sec total\n|\n|t:|1783567971\n|switch|p1a: Blissey|Blissey, L85, F|100/100\n|move|p2a: Frosmoth|Quiver Dance|p2a: Frosmoth\n|-boost|p2a: Frosmoth|spa|1\n|-boost|p2a: Frosmoth|spd|1\n|-boost|p2a: Frosmoth|spe|1\n|\n|upkeep\n|turn|23\n|inactive|Time left: 300 sec this turn | 300 sec total\n|\n|t:|1783567972\n|move|p2a: Frosmoth|Quiver Dance|p2a: Frosmoth\n|-boost|p2a: Frosmoth|spa|1\n|-boost|p2a: Frosmoth|spd|1\n|-boost|p2a: Frosmoth|spe|1\n|move|p1a: Blissey|Seismic Toss|p2a: Frosmoth\n|-damage|p2a: Frosmoth|132/249\n|\n|upkeep\n|turn|24\n|inactive|Time left: 300 sec this turn | 300 sec total\n|\n|t:|1783567973\n|move|p2a: Frosmoth|Giga Drain|p1a: Blissey\n|-damage|p1a: Blissey|85/100\n|-heal|p2a: Frosmoth|177/249|[from] drain|[of] p1a: Blissey\n|move|p1a: Blissey|Seismic Toss|p2a: Frosmoth\n|-damage|p2a: Frosmoth|92/249\n|\n|-heal|p1a: Blissey|91/100|[from] item: Leftovers\n|upkeep\n|turn|25\n|inactive|Time left: 300 sec this turn | 300 sec total\n|\n|t:|1783567974\n|move|p2a: Frosmoth|Bug Buzz|p1a: Blissey\n|-damage|p1a: Blissey|63/100\n|move|p1a: Blissey|Seismic Toss|p2a: Frosmoth\n|-damage|p2a: Frosmoth|7/249\n|\n|-heal|p1a: Blissey|69/100|[from] item: Leftovers\n|upkeep\n|turn|26\n|inactive|Time left: 300 sec this turn | 300 sec total\n|\n|t:|1783567975\n|move|p2a: Frosmoth|Ice Beam|p1a: Blissey\n|-damage|p1a: Blissey|41/100\n|move|p1a: Blissey|Seismic Toss|p2a: Frosmoth\n|-damage|p2a: Frosmoth|0 fnt\n|faint|p2a: Frosmoth\n|\n|-heal|p1a: Blissey|47/100|[from] item: Leftovers\n|upkeep\n|inactive|Time left: 300 sec this turn | 300 sec total | 5 sec grace\n|\n|t:|1783567976\n|switch|p2a: Delphox|Delphox, L84, M|15/263\n|turn|27\n|inactive|Time left: 300 sec this turn | 300 sec total\n|\n|t:|1783567977\n|switch|p1a: Sunflora|Sunflora, F|91/100\n|move|p2a: Delphox|Psyshock|p1a: Sunflora\n|-damage|p1a: Sunflora|57/100\n|\n|upkeep\n|turn|28\n|inactive|Time left: 300 sec this turn | 300 sec total\n|\n|t:|1783567978\n|switch|p1a: Blissey|Blissey, L85, F|47/100\n|move|p2a: Delphox|Fire Blast|p1a: Blissey\n|-damage|p1a: Blissey|22/100\n|\n|-heal|p1a: Blissey|28/100|[from] item: Leftovers\n|upkeep\n|turn|29\n|inactive|Time left: 300 sec this turn | 300 sec total\n|\n|t:|1783567979\n|switch|p1a: Sunflora|Sunflora, F|57/100\n|move|p2a: Delphox|Psyshock|p1a: Sunflora\n|-damage|p1a: Sunflora|22/100\n|\n|upkeep\n|turn|30\n|inactive|Time left: 300 sec this turn | 300 sec total\n|\n|t:|1783567980\n|move|p2a: Delphox|Psyshock|p1a: Sunflora\n|-damage|p1a: Sunflora|0 fnt\n|faint|p1a: Sunflora\n|\n|upkeep\n|\n|t:|1783567981\n|switch|p1a: Blissey|Blissey, L85, F|28/100\n|turn|31\n|inactive|Time left: 300 sec this turn | 300 sec total\n|\n|t:|1783567982\n|-terastallize|p2a: Delphox|Grass\n|move|p2a: Delphox|Psyshock|p1a: Blissey\n|-damage|p1a: Blissey|0 fnt\n|faint|p1a: Blissey\n|\n|win|p0y2495fbbf", "uploadtime": 1783567982, "views": 0, "rating": 0, "private": 0, "password": null, "_winner": "p0y2495fbbf", "_our_name": "p0y2495fbbf"}