{"id": "battle-gen9randombattle-26", "formatid": "gen9randombattle", "format": "[Gen 9] Random Battle", "players": ["p0x0266e28", "p0y026cfaa"], "log": "|init|battle\n|title|p0x0266e28 vs. p0y026cfaa\n|j|\u2606p0x0266e28\n|j|\u2606p0y026cfaa\n|t:|1783539724\n|gametype|singles\n|player|p1|p0x0266e28|170|\n|player|p2|p0y026cfaa|101|\n|gen|9\n|tier|[Gen 9] Random Battle\n|rule|Species Clause: Limit one of each Pok\u00e9mon\n|rule|HP Percentage Mod: HP is shown in percentages\n|rule|Sleep Clause Mod: Limit one foe put to sleep\n|rule|Illusion Level Mod: Illusion disguises the Pok\u00e9mon's true level\n|\n|t:|1783539725\n|teamsize|p1|6\n|teamsize|p2|6\n|start\n|switch|p1a: Iron Boulder|Iron Boulder, L77|100/100\n|switch|p2a: Ursaluna|Ursaluna-Bloodmoon, L79, M|308/308\n|turn|1\n|inactive|Battle timer is ON: inactive players will automatically lose when time's up. (requested by p0x0266e28)\n|inactive|Time left: 300 sec this turn | 300 sec total | 60 sec grace\n|inactive|p0y026cfaa also wants the timer to be on.\n|\n|t:|1783539726\n|move|p1a: Iron Boulder|Swords Dance|p1a: Iron Boulder\n|-boost|p1a: Iron Boulder|atk|2\n|move|p2a: Ursaluna|Blood Moon|p1a: Iron Boulder\n|-resisted|p1a: Iron Boulder\n|-damage|p1a: Iron Boulder|71/100\n|\n|upkeep\n|turn|2\n|inactive|Time left: 300 sec this turn | 300 sec total\n|\n|t:|1783539728\n|switch|p2a: Mew|Mew, L82|298/298\n|move|p1a: Iron Boulder|Close Combat|p2a: Mew\n|-resisted|p2a: Mew\n|-damage|p2a: Mew|194/298\n|-unboost|p1a: Iron Boulder|def|1\n|-unboost|p1a: Iron Boulder|spd|1\n|-damage|p1a: Iron Boulder|62/100|[from] item: Life Orb\n|\n|upkeep\n|turn|3\n|inactive|Time left: 300 sec this turn | 300 sec total\n|\n|t:|1783539730\n|move|p1a: Iron Boulder|Mighty Cleave|p2a: Mew\n|-damage|p2a: Mew|0 fnt\n|faint|p2a: Mew\n|-damage|p1a: Iron Boulder|52/100|[from] item: Life Orb\n|\n|upkeep\n|inactive|Time left: 300 sec this turn | 300 sec total | 5 sec grace\n|\n|t:|1783539731\n|switch|p2a: Breloom|Breloom, L83, F|235/235\n|turn|4\n|inactive|Time left: 300 sec this turn | 300 sec total\n|\n|t:|1783539732\n|move|p2a: Breloom|Mach Punch|p1a: Iron Boulder\n|-damage|p1a: Iron Boulder|0 fnt\n|faint|p1a: Iron Boulder\n|-end|p1a: Iron Boulder|Quark Drive|[silent]\n|-damage|p2a: Breloom|212/235|[from] item: Life Orb\n|\n|upkeep\n|\n|t:|1783539733\n|switch|p1a: Toxtricity|Toxtricity, L82, F|100/100\n|turn|5\n|inactive|Time left: 300 sec this turn | 300 sec total\n|\n|t:|1783539734\n|switch|p2a: Clodsire|Clodsire, L81, F|343/343\n|move|p1a: Toxtricity|Boomburst|p2a: Clodsire\n|-damage|p2a: Clodsire|155/343\n|\n|-heal|p2a: Clodsire|176/343|[from] item: Leftovers\n|upkeep\n|turn|6\n|inactive|Time left: 300 sec this turn | 300 sec total\n|\n|t:|1783539735\n|switch|p2a: Basculegion|Basculegion, L80, M|323/323\n|move|p1a: Toxtricity|Boomburst|p2a: Basculegion\n|-immune|p2a: Basculegion\n|\n|upkeep\n|turn|7\n|inactive|Time left: 300 sec this turn | 300 sec total\n|\n|t:|1783539736\n|move|p2a: Basculegion|Wave Crash|p1a: Toxtricity\n|-damage|p1a: Toxtricity|25/100\n|-damage|p2a: Basculegion|259/323|[from] Recoil\n|move|p1a: Toxtricity|Boomburst|p2a: Basculegion\n|-immune|p2a: Basculegion\n|\n|upkeep\n|turn|8\n|inactive|Time left: 300 sec this turn | 300 sec total\n|\n|t:|1783539738\n|switch|p1a: Baxcalibur|Baxcalibur, L75, F|100/100\n|move|p2a: Basculegion|Flip Turn|p1a: Baxcalibur\n|-resisted|p1a: Baxcalibur\n|-damage|p1a: Baxcalibur|83/100\n|inactive|Time left: 300 sec this turn | 300 sec total | 5 sec grace\n|\n|t:|1783539739\n|switch|p2a: Ursaluna|Ursaluna-Bloodmoon, L79, M|308/308|[from] Flip Turn\n|\n|upkeep\n|turn|9\n|inactive|Time left: 300 sec this turn | 300 sec total\n|\n|t:|1783539740\n|move|p1a: Baxcalibur|Icicle Spear|p2a: Ursaluna\n|-supereffective|p2a: Ursaluna\n|-damage|p2a: Ursaluna|258/308\n|-supereffective|p2a: Ursaluna\n|-damage|p2a: Ursaluna|204/308\n|-supereffective|p2a: Ursaluna\n|-damage|p2a: Ursaluna|154/308\n|-supereffective|p2a: Ursaluna\n|-damage|p2a: Ursaluna|100/308\n|-supereffective|p2a: Ursaluna\n|-damage|p2a: Ursaluna|46/308\n|-hitcount|p2a: Ursaluna|5\n|move|p2a: Ursaluna|Blood Moon|p1a: Baxcalibur\n|-damage|p1a: Baxcalibur|22/100\n|\n|-heal|p2a: Ursaluna|65/308|[from] item: Leftovers\n|upkeep\n|turn|10\n|inactive|Time left: 300 sec this turn | 300 sec total\n|\n|t:|1783539741\n|move|p2a: Ursaluna|Vacuum Wave|p1a: Baxcalibur\n|-supereffective|p1a: Baxcalibur\n|-damage|p1a: Baxcalibur|0 fnt\n|faint|p1a: Baxcalibur\n|\n|-heal|p2a: Ursaluna|84/308|[from] item: Leftovers\n|upkeep\n|\n|t:|1783539742\n|switch|p1a: Meloetta|Meloetta, L82|100/100\n|turn|11\n|inactive|Time left: 300 sec this turn | 300 sec total\n|\n|t:|1783539743\n|switch|p2a: Skarmory|Skarmory, L80, M|235/235\n|move|p1a: Meloetta|Psyshock|p2a: Skarmory\n|-resisted|p2a: Skarmory\n|-damage|p2a: Skarmory|184/235\n|\n|-heal|p2a: Skarmory|198/235|[from] item: Leftovers\n|upkeep\n|turn|12\n|inactive|Time left: 300 sec this turn | 300 sec total\n|\n|t:|1783539744\n|move|p1a: Meloetta|Psyshock|p2a: Skarmory\n|-resisted|p2a: Skarmory\n|-damage|p2a: Skarmory|147/235\n|move|p2a: Skarmory|Brave Bird|p1a: Meloetta\n|-damage|p1a: Meloetta|64/100\n|-damage|p2a: Skarmory|111/235|[from] Recoil\n|\n|-heal|p2a: Skarmory|125/235|[from] item: Leftovers\n|upkeep\n|turn|13\n|inactive|Time left: 300 sec this turn | 300 sec total\n|\n|t:|1783539745\n|move|p1a: Meloetta|Psyshock|p2a: Skarmory\n|-resisted|p2a: Skarmory\n|-damage|p2a: Skarmory|69/235\n|move|p2a: Skarmory|Roost|p2a: Skarmory\n|-heal|p2a: Skarmory|187/235\n|-singleturn|p2a: Skarmory|move: Roost\n|\n|-heal|p2a: Skarmory|201/235|[from] item: Leftovers\n|upkeep\n|turn|14\n|inactive|Time left: 300 sec this turn | 300 sec total\n|\n|t:|1783539746\n|move|p1a: Meloetta|Psyshock|p2a: Skarmory\n|-resisted|p2a: Skarmory\n|-damage|p2a: Skarmory|148/235\n|move|p2a: Skarmory|Body Press|p1a: Meloetta\n|-damage|p1a: Meloetta|37/100\n|\n|-heal|p2a: Skarmory|162/235|[from] item: Leftovers\n|upkeep\n|turn|15\n|inactive|Time left: 300 sec this turn | 300 sec total\n|\n|t:|1783539747\n|move|p1a: Meloetta|Psyshock|p2a: Skarmory\n|-resisted|p2a: Skarmory\n|-damage|p2a: Skarmory|106/235\n|move|p2a: Skarmory|Brave Bird|p1a: Meloetta\n|-damage|p1a: Meloetta|0 fnt\n|faint|p1a: Meloetta\n|-damage|p2a: Skarmory|70/235|[from] Recoil\n|\n|-heal|p2a: Skarmory|84/235|[from] item: Leftovers\n|upkeep\n|\n|t:|1783539748\n|switch|p1a: Toxtricity|Toxtricity, L82, F|25/100\n|turn|16\n|inactive|Time left: 300 sec this turn | 300 sec total\n|\n|t:|1783539749\n|switch|p2a: Basculegion|Basculegion, L80, M|259/323\n|move|p1a: Toxtricity|Boomburst|p2a: Basculegion\n|-immune|p2a: Basculegion\n|\n|upkeep\n|turn|17\n|inactive|Time left: 300 sec this turn | 300 sec total\n|\n|t:|1783539750\n|switch|p1a: Greedent|Greedent, L86, F|100/100\n|move|p2a: Basculegion|Flip Turn|p1a: Greedent\n|-damage|p1a: Greedent|76/100\n|inactive|Time left: 300 sec this turn | 300 sec total | 5 sec grace\n|\n|t:|1783539751\n|switch|p2a: Breloom|Breloom, L83, F|212/235|[from] Flip Turn\n|\n|upkeep\n|turn|18\n|inactive|Time left: 300 sec this turn | 300 sec total\n|\n|t:|1783539752\n|move|p2a: Breloom|Swords Dance|p2a: Breloom\n|-boost|p2a: Breloom|atk|2\n|move|p1a: Greedent|Double-Edge|p2a: Breloom\n|-damage|p2a: Breloom|74/235\n|-damage|p1a: Greedent|62/100|[from] Recoil\n|\n|upkeep\n|turn|19\n|inactive|Time left: 300 sec this turn | 300 sec total\n|\n|t:|1783539753\n|move|p2a: Breloom|Bullet Seed|p1a: Greedent\n|-damage|p1a: Greedent|31/100\n|-enditem|p1a: Greedent|Sitrus Berry|[eat]\n|-heal|p1a: Greedent|56/100|[from] item: Sitrus Berry\n|-heal|p1a: Greedent|89/100|[from] ability: Cheek Pouch\n|-damage|p1a: Greedent|54/100\n|-damage|p1a: Greedent|19/100\n|-damage|p1a: Greedent|0 fnt\n|faint|p1a: Greedent\n|-hitcount|p1: Greedent|4\n|-damage|p2a: Breloom|51/235|[from] item: Life Orb\n|\n|upkeep\n|\n|t:|1783539754\n|switch|p1a: Pachirisu|Pachirisu, L96, F|100/100\n|turn|20\n|inactive|Time left: 300 sec this turn | 300 sec total\n|\n|t:|1783539755\n|move|p1a: Pachirisu|U-turn|p2a: Breloom\n|-damage|p2a: Breloom|11/235\n|\n|t:|1783539756\n|switch|p1a: Toxtricity|Toxtricity, L82, F|25/100|[from] U-turn\n|move|p2a: Breloom|Bullet Seed|p1a: Toxtricity\n|-resisted|p1a: Toxtricity\n|-damage|p1a: Toxtricity|0 fnt\n|faint|p1a: Toxtricity\n|-hitcount|p1: Toxtricity|1\n|-damage|p2a: Breloom|0 fnt|[from] item: Life Orb\n|faint|p2a: Breloom\n|\n|upkeep\n|inactive|Time left: 300 sec this turn | 300 sec total | 10 sec grace\n|\n|t:|1783539757\n|switch|p1a: Pachirisu|Pachirisu, L96, F|100/100\n|switch|p2a: Ursaluna|Ursaluna-Bloodmoon, L79, M|84/308\n|turn|21\n|inactive|Time left: 300 sec this turn | 300 sec total\n|\n|t:|1783539758\n|move|p1a: Pachirisu|Super Fang|p2a: Ursaluna\n|-damage|p2a: Ursaluna|42/308\n|move|p2a: Ursaluna|Blood Moon|p1a: Pachirisu\n|-damage|p1a: Pachirisu|41/100\n|\n|-heal|p2a: Ursaluna|61/308|[from] item: Leftovers\n|upkeep\n|turn|22\n|inactive|Time left: 300 sec this turn | 300 sec total\n|\n|t:|1783539759\n|move|p1a: Pachirisu|Discharge|p2a: Ursaluna\n|-immune|p2a: Ursaluna\n|move|p2a: Ursaluna|Calm Mind|p2a: Ursaluna\n|-boost|p2a: Ursaluna|spa|1\n|-boost|p2a: Ursaluna|spd|1\n|\n|-heal|p2a: Ursaluna|80/308|[from] item: Leftovers\n|upkeep\n|turn|23\n|inactive|Time left: 300 sec this turn | 300 sec total\n|\n|t:|1783539760\n|switch|p2a: Basculegion|Basculegion, L80, M|259/323\n|-terastallize|p1a: Pachirisu|Flying\n|move|p1a: Pachirisu|Encore||[still]\n|-fail|p1a: Pachirisu\n|\n|upkeep\n|turn|24\n|inactive|Time left: 300 sec this turn | 300 sec total\n|\n|t:|1783539760\n|-terastallize|p2a: Basculegion|Water\n|move|p1a: Pachirisu|Discharge|p2a: Basculegion\n|-supereffective|p2a: Basculegion\n|-damage|p2a: Basculegion|151/323\n|-status|p2a: Basculegion|par\n|move|p2a: Basculegion|Wave Crash|p1a: Pachirisu\n|-damage|p1a: Pachirisu|0 fnt\n|faint|p1a: Pachirisu\n|-damage|p2a: Basculegion|114/323 par|[from] Recoil\n|\n|win|p0y026cfaa", "uploadtime": 1783539761, "views": 0, "rating": 0, "private": 0, "password": null, "_winner": "p0y026cfaa", "_our_name": "p0y026cfaa"}