{"id": "battle-gen9randombattle-2712", "formatid": "gen9randombattle", "format": "[Gen 9] Random Battle", "players": ["p0x2712697b", "p0y2712923e"], "log": "|init|battle\n|title|p0x2712697b vs. p0y2712923e\n|j|\u2606p0x2712697b\n|j|\u2606p0y2712923e\n|t:|1783571259\n|gametype|singles\n|player|p1|p0x2712697b|102|\n|player|p2|p0y2712923e|102|\n|gen|9\n|tier|[Gen 9] Random Battle\n|rule|Species Clause: Limit one of each Pok\u00e9mon\n|rule|HP Percentage Mod: HP is shown in percentages\n|rule|Sleep Clause Mod: Limit one foe put to sleep\n|rule|Illusion Level Mod: Illusion disguises the Pok\u00e9mon's true level\n|\n|t:|1783571259\n|teamsize|p1|6\n|teamsize|p2|6\n|start\n|switch|p1a: Corviknight|Corviknight, L80, M|288/288\n|switch|p2a: Necrozma|Necrozma-Dawn-Wings, L76|100/100\n|-ability|p1a: Corviknight|Pressure\n|turn|1\n|inactive|Battle timer is ON: inactive players will automatically lose when time's up. (requested by p0y2712923e)\n|inactive|Time left: 300 sec this turn | 300 sec total | 60 sec grace\n|inactive|p0x2712697b also wants the timer to be on.\n|\n|t:|1783571260\n|switch|p1a: Glastrier|Glastrier, L86|311/311\n|move|p2a: Necrozma|Calm Mind|p2a: Necrozma\n|-boost|p2a: Necrozma|spa|1\n|-boost|p2a: Necrozma|spd|1\n|\n|upkeep\n|turn|2\n|inactive|Time left: 300 sec this turn | 300 sec total\n|\n|t:|1783571261\n|move|p2a: Necrozma|Photon Geyser|p1a: Glastrier\n|-damage|p1a: Glastrier|148/311\n|move|p1a: Glastrier|Icicle Crash|p2a: Necrozma\n|-damage|p2a: Necrozma|38/100\n|\n|-heal|p2a: Necrozma|44/100|[from] item: Leftovers\n|upkeep\n|turn|3\n|inactive|Time left: 300 sec this turn | 300 sec total\n|\n|t:|1783571263\n|move|p2a: Necrozma|Moongeist Beam|p1a: Glastrier\n|-damage|p1a: Glastrier|0 fnt\n|faint|p1a: Glastrier\n|\n|-heal|p2a: Necrozma|50/100|[from] item: Leftovers\n|upkeep\n|inactive|Time left: 300 sec this turn | 300 sec total | 5 sec grace\n|\n|t:|1783571263\n|switch|p1a: Terrakion|Terrakion, L79|273/273\n|turn|4\n|inactive|Time left: 300 sec this turn | 300 sec total\n|\n|t:|1783571264\n|move|p1a: Terrakion|Stone Edge|p2a: Necrozma\n|-crit|p2a: Necrozma\n|-damage|p2a: Necrozma|0 fnt\n|faint|p2a: Necrozma\n|-damage|p1a: Terrakion|246/273|[from] item: Life Orb\n|\n|upkeep\n|\n|t:|1783571265\n|switch|p2a: Whiscash|Whiscash, L88, F|100/100\n|turn|5\n|inactive|Time left: 300 sec this turn | 300 sec total\n|\n|t:|1783571266\n|switch|p1a: Tatsugiri|Tatsugiri, L87, M|260/260\n|move|p2a: Whiscash|Dragon Dance|p2a: Whiscash\n|-boost|p2a: Whiscash|atk|1\n|-boost|p2a: Whiscash|spe|1\n|\n|upkeep\n|turn|6\n|inactive|Time left: 300 sec this turn | 300 sec total\n|\n|t:|1783571266\n|move|p2a: Whiscash|Earthquake|p1a: Tatsugiri\n|-damage|p1a: Tatsugiri|0 fnt\n|faint|p1a: Tatsugiri\n|-damage|p2a: Whiscash|91/100|[from] item: Life Orb\n|\n|upkeep\n|inactive|Time left: 300 sec this turn | 300 sec total | 5 sec grace\n|\n|t:|1783571267\n|switch|p1a: Chandelure|Chandelure, L83, F|235/235\n|turn|7\n|inactive|Time left: 300 sec this turn | 300 sec total\n|\n|t:|1783571268\n|-terastallize|p1a: Chandelure|Grass\n|move|p1a: Chandelure|Energy Ball|p2a: Whiscash\n|-supereffective|p2a: Whiscash\n|-damage|p2a: Whiscash|0 fnt\n|faint|p2a: Whiscash\n|\n|upkeep\n|\n|t:|1783571269\n|switch|p2a: Araquanid|Araquanid, L82, M|100/100\n|turn|8\n|inactive|Time left: 300 sec this turn | 300 sec total\n|\n|t:|1783571269\n|move|p1a: Chandelure|Energy Ball|p2a: Araquanid\n|-damage|p2a: Araquanid|61/100\n|move|p2a: Araquanid|Leech Life|p1a: Chandelure\n|-supereffective|p1a: Chandelure\n|-damage|p1a: Chandelure|103/235\n|-heal|p2a: Araquanid|88/100|[from] drain|[of] p1a: Chandelure\n|\n|upkeep\n|turn|9\n|inactive|Time left: 300 sec this turn | 300 sec total\n|\n|t:|1783571270\n|move|p1a: Chandelure|Energy Ball|p2a: Araquanid\n|-damage|p2a: Araquanid|47/100\n|move|p2a: Araquanid|Leech Life|p1a: Chandelure\n|-supereffective|p1a: Chandelure\n|-damage|p1a: Chandelure|0 fnt\n|-heal|p2a: Araquanid|68/100|[from] drain|[of] p1a: Chandelure\n|faint|p1a: Chandelure\n|\n|upkeep\n|inactive|Time left: 300 sec this turn | 300 sec total | 5 sec grace\n|\n|t:|1783571271\n|switch|p1a: Corviknight|Corviknight, L80, M|288/288\n|-ability|p1a: Corviknight|Pressure\n|turn|10\n|inactive|Time left: 300 sec this turn | 300 sec total\n|\n|t:|1783571272\n|switch|p2a: Palossand|Palossand, L89, F|100/100\n|move|p1a: Corviknight|Brave Bird|p2a: Palossand\n|-damage|p2a: Palossand|73/100\n|-damage|p1a: Corviknight|261/288|[from] Recoil\n|\n|-heal|p2a: Palossand|79/100|[from] item: Leftovers\n|upkeep\n|turn|11\n|inactive|Time left: 300 sec this turn | 300 sec total\n|\n|t:|1783571273\n|move|p1a: Corviknight|Brave Bird|p2a: Palossand\n|-damage|p2a: Palossand|48/100\n|-damage|p1a: Corviknight|230/288|[from] Recoil\n|move|p2a: Palossand|Shadow Ball|p1a: Corviknight\n|-damage|p1a: Corviknight|121/288\n|\n|-heal|p2a: Palossand|54/100|[from] item: Leftovers\n|upkeep\n|turn|12\n|inactive|Time left: 300 sec this turn | 300 sec total\n|\n|t:|1783571274\n|move|p1a: Corviknight|Roost|p1a: Corviknight\n|-heal|p1a: Corviknight|265/288\n|-singleturn|p1a: Corviknight|move: Roost\n|move|p2a: Palossand|Earth Power|p1a: Corviknight\n|-supereffective|p1a: Corviknight\n|-damage|p1a: Corviknight|13/288\n|\n|-heal|p2a: Palossand|60/100|[from] item: Leftovers\n|upkeep\n|turn|13\n|inactive|Time left: 300 sec this turn | 300 sec total\n|\n|t:|1783571275\n|move|p1a: Corviknight|Roost|p1a: Corviknight\n|-heal|p1a: Corviknight|157/288\n|-singleturn|p1a: Corviknight|move: Roost\n|move|p2a: Palossand|Earth Power|p1a: Corviknight\n|-supereffective|p1a: Corviknight\n|-damage|p1a: Corviknight|0 fnt\n|faint|p1a: Corviknight\n|\n|-heal|p2a: Palossand|66/100|[from] item: Leftovers\n|upkeep\n|inactive|Time left: 300 sec this turn | 300 sec total | 5 sec grace\n|\n|t:|1783571276\n|switch|p1a: Tauros|Tauros-Paldea-Combat, L82, M|257/257\n|-ability|p1a: Tauros|Intimidate|boost\n|-unboost|p2a: Palossand|atk|1\n|turn|14\n|inactive|Time left: 300 sec this turn | 300 sec total\n|\n|t:|1783571277\n|move|p1a: Tauros|Bulk Up|p1a: Tauros\n|-boost|p1a: Tauros|atk|1\n|-boost|p1a: Tauros|def|1\n|move|p2a: Palossand|Earth Power|p1a: Tauros\n|-damage|p1a: Tauros|113/257\n|\n|-heal|p2a: Palossand|72/100|[from] item: Leftovers\n|upkeep\n|turn|15\n|inactive|Time left: 300 sec this turn | 300 sec total\n|\n|t:|1783571278\n|move|p1a: Tauros|Iron Head|p2a: Palossand\n|-damage|p2a: Palossand|39/100\n|-damage|p1a: Tauros|88/257|[from] item: Life Orb\n|move|p2a: Palossand|Earth Power|p1a: Tauros\n|-damage|p1a: Tauros|0 fnt\n|faint|p1a: Tauros\n|\n|-heal|p2a: Palossand|45/100|[from] item: Leftovers\n|upkeep\n|inactive|Time left: 300 sec this turn | 300 sec total | 5 sec grace\n|\n|t:|1783571279\n|switch|p1a: Terrakion|Terrakion, L79|246/273\n|turn|16\n|inactive|Time left: 300 sec this turn | 300 sec total\n|\n|t:|1783571280\n|move|p1a: Terrakion|Stone Edge|p2a: Palossand\n|-resisted|p2a: Palossand\n|-damage|p2a: Palossand|26/100\n|-damage|p1a: Terrakion|219/273|[from] item: Life Orb\n|move|p2a: Palossand|Earth Power|p1a: Terrakion\n|-supereffective|p1a: Terrakion\n|-damage|p1a: Terrakion|0 fnt\n|faint|p1a: Terrakion\n|\n|win|p0y2712923e", "uploadtime": 1783571280, "views": 0, "rating": 0, "private": 0, "password": null, "_winner": "p0y2712923e", "_our_name": "p0x2712697b"}