{"id": "battle-gen9randombattle-2352", "formatid": "gen9randombattle", "format": "[Gen 9] Random Battle", "players": ["p0x2352eb46", "p0y2352ca04"], "log": "|init|battle\n|title|p0x2352eb46 vs. p0y2352ca04\n|j|\u2606p0x2352eb46\n|j|\u2606p0y2352ca04\n|t:|1783566272\n|gametype|singles\n|player|p1|p0x2352eb46|170|\n|player|p2|p0y2352ca04|2|\n|gen|9\n|tier|[Gen 9] Random Battle\n|rule|Species Clause: Limit one of each Pok\u00e9mon\n|rule|HP Percentage Mod: HP is shown in percentages\n|rule|Sleep Clause Mod: Limit one foe put to sleep\n|rule|Illusion Level Mod: Illusion disguises the Pok\u00e9mon's true level\n|\n|t:|1783566272\n|teamsize|p1|6\n|teamsize|p2|6\n|start\n|switch|p1a: Skarmory|Skarmory, L80, F|100/100\n|switch|p2a: Swanna|Swanna, L89, M|278/278\n|turn|1\n|inactive|Battle timer is ON: inactive players will automatically lose when time's up. (requested by p0y2352ca04)\n|\n|t:|1783566274\n|move|p2a: Swanna|Hydro Pump|p1a: Skarmory\n|-damage|p1a: Skarmory|38/100\n|move|p1a: Skarmory|Iron Defense|p1a: Skarmory\n|-boost|p1a: Skarmory|def|2\n|\n|-heal|p1a: Skarmory|44/100|[from] item: Leftovers\n|upkeep\n|turn|2\n|inactive|Time left: 300 sec this turn | 300 sec total\n|inactive|p0x2352eb46 also wants the timer to be on.\n|\n|t:|1783566275\n|move|p2a: Swanna|Hydro Pump|p1a: Skarmory\n|-damage|p1a: Skarmory|0 fnt\n|faint|p1a: Skarmory\n|\n|upkeep\n|\n|t:|1783566276\n|switch|p1a: Braviary|Braviary-Hisui, L85, M|100/100\n|turn|3\n|inactive|Time left: 300 sec this turn | 300 sec total\n|\n|t:|1783566277\n|switch|p2a: Moltres|Moltres-Galar, L79|271/271\n|move|p1a: Braviary|Esper Wing|p2a: Moltres\n|-immune|p2a: Moltres\n|\n|upkeep\n|turn|4\n|inactive|Time left: 300 sec this turn | 300 sec total\n|\n|t:|1783566278\n|switch|p1a: Magearna|Magearna, L77|100/100\n|move|p2a: Moltres|Nasty Plot|p2a: Moltres\n|-boost|p2a: Moltres|spa|2\n|\n|upkeep\n|turn|5\n|inactive|Time left: 300 sec this turn | 300 sec total\n|\n|t:|1783566279\n|move|p2a: Moltres|Fiery Wrath|p1a: Magearna\n|-resisted|p1a: Magearna\n|-damage|p1a: Magearna|68/100\n|move|p1a: Magearna|Calm Mind|p1a: Magearna\n|-boost|p1a: Magearna|spa|1\n|-boost|p1a: Magearna|spd|1\n|\n|-heal|p1a: Magearna|74/100|[from] item: Leftovers\n|upkeep\n|turn|6\n|inactive|Time left: 300 sec this turn | 300 sec total\n|\n|t:|1783566280\n|-terastallize|p2a: Moltres|Steel\n|move|p2a: Moltres|Agility|p2a: Moltres\n|-boost|p2a: Moltres|spe|2\n|move|p1a: Magearna|Shift Gear|p1a: Magearna\n|-boost|p1a: Magearna|spe|2\n|-boost|p1a: Magearna|atk|1\n|\n|-heal|p1a: Magearna|80/100|[from] item: Leftovers\n|upkeep\n|turn|7\n|inactive|Time left: 300 sec this turn | 300 sec total\n|\n|t:|1783566281\n|move|p2a: Moltres|Nasty Plot|p2a: Moltres\n|-boost|p2a: Moltres|spa|2\n|move|p1a: Magearna|Calm Mind|p1a: Magearna\n|-boost|p1a: Magearna|spa|1\n|-boost|p1a: Magearna|spd|1\n|\n|-heal|p1a: Magearna|86/100|[from] item: Leftovers\n|upkeep\n|turn|8\n|inactive|Time left: 300 sec this turn | 300 sec total\n|\n|t:|1783566282\n|move|p2a: Moltres|Fiery Wrath|p1a: Magearna\n|-resisted|p1a: Magearna\n|-damage|p1a: Magearna|63/100\n|move|p1a: Magearna|Shift Gear|p1a: Magearna\n|-boost|p1a: Magearna|spe|2\n|-boost|p1a: Magearna|atk|1\n|\n|-heal|p1a: Magearna|69/100|[from] item: Leftovers\n|upkeep\n|turn|9\n|inactive|Time left: 300 sec this turn | 300 sec total\n|\n|t:|1783566284\n|move|p1a: Magearna|Calm Mind|p1a: Magearna\n|-boost|p1a: Magearna|spa|1\n|-boost|p1a: Magearna|spd|1\n|move|p2a: Moltres|Hurricane|p1a: Magearna|[miss]\n|-miss|p2a: Moltres|p1a: Magearna\n|\n|-heal|p1a: Magearna|75/100|[from] item: Leftovers\n|upkeep\n|turn|10\n|inactive|Time left: 300 sec this turn | 300 sec total\n|\n|t:|1783566285\n|move|p1a: Magearna|Flash Cannon|p2a: Moltres\n|-resisted|p2a: Moltres\n|-damage|p2a: Moltres|174/271\n|move|p2a: Moltres|Hurricane|p1a: Magearna|[miss]\n|-miss|p2a: Moltres|p1a: Magearna\n|\n|-heal|p1a: Magearna|81/100|[from] item: Leftovers\n|upkeep\n|turn|11\n|inactive|Time left: 300 sec this turn | 300 sec total\n|\n|t:|1783566286\n|move|p1a: Magearna|Flash Cannon|p2a: Moltres\n|-resisted|p2a: Moltres\n|-damage|p2a: Moltres|91/271\n|-ability|p2a: Moltres|Berserk|boost\n|-boost|p2a: Moltres|spa|1\n|move|p2a: Moltres|Hurricane|p1a: Magearna|[miss]\n|-miss|p2a: Moltres|p1a: Magearna\n|\n|-heal|p1a: Magearna|87/100|[from] item: Leftovers\n|upkeep\n|turn|12\n|inactive|Time left: 300 sec this turn | 300 sec total\n|\n|t:|1783566287\n|move|p1a: Magearna|Flash Cannon|p2a: Moltres\n|-resisted|p2a: Moltres\n|-damage|p2a: Moltres|9/271\n|move|p2a: Moltres|Hurricane|p1a: Magearna\n|-resisted|p1a: Magearna\n|-damage|p1a: Magearna|62/100\n|\n|-heal|p1a: Magearna|68/100|[from] item: Leftovers\n|upkeep\n|turn|13\n|inactive|Time left: 300 sec this turn | 300 sec total\n|\n|t:|1783566288\n|move|p1a: Magearna|Flash Cannon|p2a: Moltres\n|-resisted|p2a: Moltres\n|-damage|p2a: Moltres|0 fnt\n|faint|p2a: Moltres\n|-ability|p1a: Magearna|Soul-Heart|boost\n|-boost|p1a: Magearna|spa|1\n|\n|-heal|p1a: Magearna|74/100|[from] item: Leftovers\n|upkeep\n|inactive|Time left: 300 sec this turn | 300 sec total | 5 sec grace\n|\n|t:|1783566289\n|switch|p2a: Delphox|Delphox, L84, M|263/263\n|turn|14\n|inactive|Time left: 300 sec this turn | 300 sec total\n|\n|t:|1783566290\n|move|p1a: Magearna|Flash Cannon|p2a: Delphox\n|-resisted|p2a: Delphox\n|-damage|p2a: Delphox|143/263\n|move|p2a: Delphox|Fire Blast|p1a: Magearna\n|-supereffective|p1a: Magearna\n|-damage|p1a: Magearna|37/100\n|\n|-heal|p1a: Magearna|43/100|[from] item: Leftovers\n|upkeep\n|turn|15\n|inactive|Time left: 300 sec this turn | 300 sec total\n|\n|t:|1783566291\n|move|p1a: Magearna|Fleur Cannon|p2a: Delphox\n|-resisted|p2a: Delphox\n|-damage|p2a: Delphox|0 fnt\n|-unboost|p1a: Magearna|spa|2\n|faint|p2a: Delphox\n|-ability|p1a: Magearna|Soul-Heart|boost\n|-boost|p1a: Magearna|spa|1\n|\n|-heal|p1a: Magearna|49/100|[from] item: Leftovers\n|upkeep\n|inactive|Time left: 300 sec this turn | 300 sec total | 5 sec grace\n|\n|t:|1783566292\n|switch|p2a: Swanna|Swanna, L89, M|278/278\n|turn|16\n|inactive|Time left: 300 sec this turn | 300 sec total\n|\n|t:|1783566293\n|move|p1a: Magearna|Calm Mind|p1a: Magearna\n|-boost|p1a: Magearna|spa|1\n|-boost|p1a: Magearna|spd|1\n|move|p2a: Swanna|Brave Bird|p1a: Magearna\n|-resisted|p1a: Magearna\n|-damage|p1a: Magearna|25/100\n|-damage|p2a: Swanna|258/278|[from] Recoil\n|\n|-heal|p1a: Magearna|31/100|[from] item: Leftovers\n|upkeep\n|turn|17\n|inactive|Time left: 300 sec this turn | 300 sec total\n|\n|t:|1783566295\n|move|p1a: Magearna|Fleur Cannon|p2a: Swanna\n|-damage|p2a: Swanna|0 fnt\n|-unboost|p1a: Magearna|spa|2\n|faint|p2a: Swanna\n|-ability|p1a: Magearna|Soul-Heart|boost\n|-boost|p1a: Magearna|spa|1\n|\n|-heal|p1a: Magearna|37/100|[from] item: Leftovers\n|upkeep\n|inactive|Time left: 300 sec this turn | 300 sec total | 5 sec grace\n|\n|t:|1783566296\n|switch|p2a: Dudunsparce|Dudunsparce, L83, M|343/343\n|turn|18\n|inactive|Time left: 300 sec this turn | 300 sec total\n|\n|t:|1783566297\n|move|p1a: Magearna|Fleur Cannon|p2a: Dudunsparce\n|-damage|p2a: Dudunsparce|0 fnt\n|-unboost|p1a: Magearna|spa|2\n|faint|p2a: Dudunsparce\n|-ability|p1a: Magearna|Soul-Heart|boost\n|-boost|p1a: Magearna|spa|1\n|\n|-heal|p1a: Magearna|43/100|[from] item: Leftovers\n|upkeep\n|inactive|Time left: 300 sec this turn | 300 sec total | 5 sec grace\n|\n|t:|1783566298\n|switch|p2a: Dachsbun|Dachsbun, L92, F|254/254\n|turn|19\n|inactive|Time left: 300 sec this turn | 300 sec total\n|\n|t:|1783566299\n|move|p2a: Dachsbun|Protect|p2a: Dachsbun\n|-singleturn|p2a: Dachsbun|Protect\n|move|p1a: Magearna|Flash Cannon|p2a: Dachsbun\n|-activate|p2a: Dachsbun|move: Protect\n|\n|-heal|p1a: Magearna|49/100|[from] item: Leftovers\n|upkeep\n|turn|20\n|inactive|Time left: 300 sec this turn | 300 sec total\n|\n|t:|1783566300\n|move|p2a: Dachsbun|Protect||[still]\n|-fail|p2a: Dachsbun\n|move|p1a: Magearna|Flash Cannon|p2a: Dachsbun\n|-supereffective|p2a: Dachsbun\n|-damage|p2a: Dachsbun|0 fnt\n|faint|p2a: Dachsbun\n|-ability|p1a: Magearna|Soul-Heart|boost\n|-boost|p1a: Magearna|spa|1\n|\n|-heal|p1a: Magearna|55/100|[from] item: Leftovers\n|upkeep\n|inactive|Time left: 300 sec this turn | 300 sec total | 5 sec grace\n|\n|t:|1783566300\n|switch|p2a: Stonjourner|Stonjourner, L91, M|330/330\n|turn|21\n|inactive|Time left: 300 sec this turn | 300 sec total\n|\n|t:|1783566301\n|move|p1a: Magearna|Flash Cannon|p2a: Stonjourner\n|-supereffective|p2a: Stonjourner\n|-damage|p2a: Stonjourner|0 fnt\n|faint|p2a: Stonjourner\n|\n|win|p0x2352eb46", "uploadtime": 1783566301, "views": 0, "rating": 0, "private": 0, "password": null, "_winner": "p0x2352eb46", "_our_name": "p0y2352ca04"}