{"id": "battle-gen9randombattle-926", "formatid": "gen9randombattle", "format": "[Gen 9] Random Battle", "players": ["p0x9264b34", "p0y9262d7d"], "log": "|init|battle\n|title|p0x9264b34 vs. p0y9262d7d\n|j|\u2606p0x9264b34\n|j|\u2606p0y9262d7d\n|t:|1783550625\n|gametype|singles\n|player|p1|p0x9264b34|1|\n|player|p2|p0y9262d7d|265|\n|gen|9\n|tier|[Gen 9] Random Battle\n|rule|Species Clause: Limit one of each Pok\u00e9mon\n|rule|HP Percentage Mod: HP is shown in percentages\n|rule|Sleep Clause Mod: Limit one foe put to sleep\n|rule|Illusion Level Mod: Illusion disguises the Pok\u00e9mon's true level\n|\n|t:|1783550625\n|teamsize|p1|6\n|teamsize|p2|6\n|start\n|switch|p1a: Scyther|Scyther, L82, M|249/249\n|switch|p2a: Bronzong|Bronzong, L88|100/100\n|turn|1\n|inactive|Battle timer is ON: inactive players will automatically lose when time's up. (requested by p0x9264b34)\n|inactive|p0y9262d7d also wants the timer to be on.\n|\n|t:|1783550627\n|move|p1a: Scyther|Dual Wingbeat|p2a: Bronzong\n|-resisted|p2a: Bronzong\n|-damage|p2a: Bronzong|91/100\n|-resisted|p2a: Bronzong\n|-damage|p2a: Bronzong|81/100\n|-hitcount|p2a: Bronzong|2\n|move|p2a: Bronzong|Psychic Noise|p1a: Scyther\n|-damage|p1a: Scyther|171/249\n|-start|p1a: Scyther|move: Heal Block\n|\n|-heal|p2a: Bronzong|87/100|[from] item: Leftovers\n|upkeep\n|turn|2\n|inactive|Time left: 300 sec this turn | 300 sec total\n|\n|t:|1783550628\n|move|p1a: Scyther|U-turn|p2a: Bronzong\n|-damage|p2a: Bronzong|66/100\n|inactive|Time left: 300 sec this turn | 300 sec total | 5 sec grace\n|\n|t:|1783550629\n|switch|p1a: Salamence|Salamence, L77, F|273/273|[from] U-turn\n|-ability|p1a: Salamence|Intimidate|boost\n|-unboost|p2a: Bronzong|atk|1\n|move|p2a: Bronzong|Iron Head|p1a: Salamence\n|-damage|p1a: Salamence|207/273\n|\n|-heal|p2a: Bronzong|72/100|[from] item: Leftovers\n|upkeep\n|turn|3\n|inactive|Time left: 300 sec this turn | 300 sec total\n|\n|t:|1783550630\n|switch|p2a: Slaking|Slaking, L84, M|100/100\n|move|p1a: Salamence|Dragon Dance|p1a: Salamence\n|-boost|p1a: Salamence|atk|1\n|-boost|p1a: Salamence|spe|1\n|\n|upkeep\n|turn|4\n|inactive|Time left: 300 sec this turn | 300 sec total\n|\n|t:|1783550632\n|switch|p1a: Banette|Banette, L93, F|270/270\n|move|p2a: Slaking|Giga Impact|p1a: Banette\n|-immune|p1a: Banette\n|\n|upkeep\n|turn|5\n|inactive|Time left: 300 sec this turn | 300 sec total\n|\n|t:|1783550633\n|cant|p2a: Slaking|ability: Truant\n|move|p1a: Banette|Poltergeist|p2a: Slaking\n|-immune|p2a: Slaking\n|\n|upkeep\n|turn|6\n|inactive|Time left: 300 sec this turn | 300 sec total\n|\n|t:|1783550634\n|move|p2a: Slaking|Giga Impact|p1a: Banette\n|-immune|p1a: Banette\n|move|p1a: Banette|Poltergeist|p2a: Slaking\n|-immune|p2a: Slaking\n|\n|upkeep\n|turn|7\n|inactive|Time left: 300 sec this turn | 300 sec total\n|\n|t:|1783550635\n|cant|p2a: Slaking|ability: Truant\n|move|p1a: Banette|Poltergeist|p2a: Slaking\n|-immune|p2a: Slaking\n|\n|upkeep\n|turn|8\n|inactive|Time left: 300 sec this turn | 300 sec total\n|\n|t:|1783550636\n|move|p2a: Slaking|Giga Impact|p1a: Banette\n|-immune|p1a: Banette\n|move|p1a: Banette|Gunk Shot|p2a: Slaking\n|-damage|p2a: Slaking|66/100\n|-damage|p1a: Banette|243/270|[from] item: Life Orb\n|\n|upkeep\n|turn|9\n|inactive|Time left: 300 sec this turn | 300 sec total\n|\n|t:|1783550638\n|cant|p2a: Slaking|ability: Truant\n|move|p1a: Banette|Poltergeist|p2a: Slaking\n|-immune|p2a: Slaking\n|\n|upkeep\n|turn|10\n|inactive|Time left: 300 sec this turn | 300 sec total\n|\n|t:|1783550639\n|move|p2a: Slaking|Giga Impact|p1a: Banette\n|-immune|p1a: Banette\n|move|p1a: Banette|Poltergeist|p2a: Slaking\n|-immune|p2a: Slaking\n|\n|upkeep\n|turn|11\n|inactive|Time left: 300 sec this turn | 300 sec total\n|\n|t:|1783550640\n|cant|p2a: Slaking|ability: Truant\n|move|p1a: Banette|Poltergeist|p2a: Slaking\n|-immune|p2a: Slaking\n|\n|upkeep\n|turn|12\n|inactive|Time left: 300 sec this turn | 300 sec total\n|\n|t:|1783550641\n|move|p2a: Slaking|Giga Impact|p1a: Banette\n|-immune|p1a: Banette\n|move|p1a: Banette|Gunk Shot|p2a: Slaking\n|-damage|p2a: Slaking|27/100\n|-damage|p1a: Banette|216/270|[from] item: Life Orb\n|\n|upkeep\n|turn|13\n|inactive|Time left: 300 sec this turn | 300 sec total\n|\n|t:|1783550642\n|cant|p2a: Slaking|ability: Truant\n|move|p1a: Banette|Poltergeist|p2a: Slaking\n|-immune|p2a: Slaking\n|\n|upkeep\n|turn|14\n|inactive|Time left: 300 sec this turn | 300 sec total\n|\n|t:|1783550643\n|move|p2a: Slaking|Giga Impact|p1a: Banette\n|-immune|p1a: Banette\n|move|p1a: Banette|Gunk Shot|p2a: Slaking\n|-damage|p2a: Slaking|0 fnt\n|faint|p2a: Slaking\n|-damage|p1a: Banette|189/270|[from] item: Life Orb\n|\n|upkeep\n|\n|t:|1783550644\n|switch|p2a: Coalossal|Coalossal, L89, F|100/100\n|turn|15\n|inactive|Time left: 300 sec this turn | 300 sec total\n|\n|t:|1783550645\n|switch|p1a: Blaziken|Blaziken, L76, M|247/247\n|move|p2a: Coalossal|Stone Edge|p1a: Blaziken\n|-damage|p1a: Blaziken|112/247\n|\n|upkeep\n|turn|16\n|inactive|Time left: 300 sec this turn | 300 sec total\n|\n|t:|1783550646\n|move|p1a: Blaziken|Close Combat|p2a: Coalossal\n|-supereffective|p2a: Coalossal\n|-damage|p2a: Coalossal|27/100\n|-unboost|p1a: Blaziken|def|1\n|-unboost|p1a: Blaziken|spd|1\n|-damage|p1a: Blaziken|88/247|[from] item: Life Orb\n|move|p2a: Coalossal|Stone Edge|p1a: Blaziken|[miss]\n|-miss|p2a: Coalossal|p1a: Blaziken\n|\n|-ability|p1a: Blaziken|Speed Boost|boost\n|-boost|p1a: Blaziken|spe|1\n|upkeep\n|turn|17\n|inactive|Time left: 300 sec this turn | 300 sec total\n|\n|t:|1783550647\n|switch|p2a: Deoxys|Deoxys-Defense, L84|100/100\n|-ability|p2a: Deoxys|Pressure\n|move|p1a: Blaziken|Close Combat|p2a: Deoxys\n|-resisted|p2a: Deoxys\n|-damage|p2a: Deoxys|79/100\n|-unboost|p1a: Blaziken|def|1\n|-unboost|p1a: Blaziken|spd|1\n|-damage|p1a: Blaziken|47/247|[from] item: Rocky Helmet|[of] p2a: Deoxys\n|-damage|p1a: Blaziken|23/247|[from] item: Life Orb\n|\n|-ability|p1a: Blaziken|Speed Boost|boost\n|-boost|p1a: Blaziken|spe|1\n|upkeep\n|turn|18\n|inactive|Time left: 300 sec this turn | 300 sec total\n|\n|t:|1783550648\n|move|p1a: Blaziken|Swords Dance|p1a: Blaziken\n|-boost|p1a: Blaziken|atk|2\n|move|p2a: Deoxys|Knock Off|p1a: Blaziken\n|-resisted|p1a: Blaziken\n|-damage|p1a: Blaziken|0 fnt\n|-enditem|p1a: Blaziken|Life Orb|[from] move: Knock Off|[of] p2a: Deoxys\n|faint|p1a: Blaziken\n|\n|upkeep\n|inactive|Time left: 300 sec this turn | 300 sec total | 5 sec grace\n|\n|t:|1783550649\n|switch|p1a: Salamence|Salamence, L77, F|207/273\n|-ability|p1a: Salamence|Intimidate|boost\n|-unboost|p2a: Deoxys|atk|1\n|turn|19\n|inactive|Time left: 300 sec this turn | 300 sec total\n|\n|t:|1783550650\n|move|p2a: Deoxys|Knock Off|p1a: Salamence\n|-damage|p1a: Salamence|165/273\n|-enditem|p1a: Salamence|Heavy-Duty Boots|[from] move: Knock Off|[of] p2a: Deoxys\n|move|p1a: Salamence|Dragon Dance|p1a: Salamence\n|-boost|p1a: Salamence|atk|1\n|-boost|p1a: Salamence|spe|1\n|\n|upkeep\n|turn|20\n|inactive|Time left: 300 sec this turn | 300 sec total\n|\n|t:|1783550651\n|move|p1a: Salamence|Outrage|p2a: Deoxys\n|-damage|p2a: Deoxys|18/100\n|-damage|p1a: Salamence|120/273|[from] item: Rocky Helmet|[of] p2a: Deoxys\n|move|p2a: Deoxys|Psychic Noise|p1a: Salamence\n|-damage|p1a: Salamence|44/273\n|-start|p1a: Salamence|move: Heal Block\n|\n|upkeep\n|turn|21\n|inactive|Time left: 300 sec this turn | 300 sec total\n|\n|t:|1783550652\n|-terastallize|p2a: Deoxys|Fairy\n|move|p1a: Salamence|Outrage|p2a: Deoxys|[from] lockedmove\n|-immune|p2a: Deoxys\n|-start|p1a: Salamence|confusion|[fatigue]\n|move|p2a: Deoxys|Recover|p2a: Deoxys\n|-heal|p2a: Deoxys|68/100\n|\n|-end|p1a: Salamence|move: Heal Block\n|upkeep\n|turn|22\n|inactive|Time left: 300 sec this turn | 300 sec total\n|\n|t:|1783550653\n|-activate|p1a: Salamence|confusion\n|move|p1a: Salamence|Roost|p1a: Salamence\n|-heal|p1a: Salamence|181/273\n|-singleturn|p1a: Salamence|move: Roost\n|move|p2a: Deoxys|Recover|p2a: Deoxys\n|-heal|p2a: Deoxys|100/100\n|\n|upkeep\n|turn|23\n|inactive|Time left: 300 sec this turn | 300 sec total\n|\n|t:|1783550655\n|-end|p1a: Salamence|confusion\n|move|p1a: Salamence|Roost|p1a: Salamence\n|-heal|p1a: Salamence|273/273\n|-singleturn|p1a: Salamence|move: Roost\n|move|p2a: Deoxys|Psychic Noise|p1a: Salamence\n|-damage|p1a: Salamence|204/273\n|-start|p1a: Salamence|move: Heal Block\n|\n|upkeep\n|turn|24\n|inactive|Time left: 300 sec this turn | 300 sec total\n|\n|t:|1783550656\n|move|p1a: Salamence|Dragon Dance|p1a: Salamence\n|-boost|p1a: Salamence|atk|1\n|-boost|p1a: Salamence|spe|1\n|move|p2a: Deoxys|Psychic Noise|p1a: Salamence\n|-damage|p1a: Salamence|137/273\n|\n|-end|p1a: Salamence|move: Heal Block\n|upkeep\n|turn|25\n|inactive|Time left: 300 sec this turn | 300 sec total\n|\n|t:|1783550657\n|move|p1a: Salamence|Roost|p1a: Salamence\n|-heal|p1a: Salamence|273/273\n|-singleturn|p1a: Salamence|move: Roost\n|move|p2a: Deoxys|Psychic Noise|p1a: Salamence\n|-damage|p1a: Salamence|197/273\n|-start|p1a: Salamence|move: Heal Block\n|\n|upkeep\n|turn|26\n|inactive|Time left: 300 sec this turn | 300 sec total\n|\n|t:|1783550658\n|move|p1a: Salamence|Dragon Dance|p1a: Salamence\n|-boost|p1a: Salamence|atk|1\n|-boost|p1a: Salamence|spe|1\n|move|p2a: Deoxys|Psychic Noise|p1a: Salamence\n|-damage|p1a: Salamence|128/273\n|\n|-end|p1a: Salamence|move: Heal Block\n|upkeep\n|turn|27\n|inactive|Time left: 300 sec this turn | 300 sec total\n|\n|t:|1783550659\n|move|p1a: Salamence|Roost|p1a: Salamence\n|-heal|p1a: Salamence|265/273\n|-singleturn|p1a: Salamence|move: Roost\n|move|p2a: Deoxys|Psychic Noise|p1a: Salamence\n|-damage|p1a: Salamence|195/273\n|-start|p1a: Salamence|move: Heal Block\n|\n|upkeep\n|turn|28\n|inactive|Time left: 300 sec this turn | 300 sec total\n|\n|t:|1783550660\n|move|p1a: Salamence|Dual Wingbeat|p2a: Deoxys\n|-crit|p2a: Deoxys\n|-damage|p2a: Deoxys|54/100\n|-damage|p1a: Salamence|150/273|[from] item: Rocky Helmet|[of] p2a: Deoxys\n|-damage|p2a: Deoxys|20/100\n|-damage|p1a: Salamence|105/273|[from] item: Rocky Helmet|[of] p2a: Deoxys\n|-hitcount|p2a: Deoxys|2\n|move|p2a: Deoxys|Psychic Noise|p1a: Salamence\n|-damage|p1a: Salamence|35/273\n|\n|-end|p1a: Salamence|move: Heal Block\n|upkeep\n|turn|29\n|inactive|Time left: 300 sec this turn | 300 sec total\n|\n|t:|1783550661\n|move|p1a: Salamence|Roost|p1a: Salamence\n|-heal|p1a: Salamence|172/273\n|-singleturn|p1a: Salamence|move: Roost\n|move|p2a: Deoxys|Psychic Noise|p1a: Salamence\n|-damage|p1a: Salamence|96/273\n|-start|p1a: Salamence|move: Heal Block\n|\n|upkeep\n|turn|30\n|inactive|Time left: 300 sec this turn | 300 sec total\n|\n|t:|1783550662\n|move|p1a: Salamence|Dual Wingbeat|p2a: Deoxys\n|-damage|p2a: Deoxys|0 fnt\n|-damage|p1a: Salamence|51/273|[from] item: Rocky Helmet|[of] p2a: Deoxys\n|faint|p2a: Deoxys\n|-hitcount|p2: Deoxys|1\n|\n|-end|p1a: Salamence|move: Heal Block\n|upkeep\n|\n|t:|1783550663\n|switch|p2a: Bronzong|Bronzong, L88|72/100\n|turn|31\n|inactive|Time left: 300 sec this turn | 300 sec total\n|\n|t:|1783550664\n|move|p1a: Salamence|Roost|p1a: Salamence\n|-heal|p1a: Salamence|188/273\n|-singleturn|p1a: Salamence|move: Roost\n|move|p2a: Bronzong|Iron Head|p1a: Salamence\n|-damage|p1a: Salamence|91/273\n|\n|-heal|p2a: Bronzong|78/100|[from] item: Leftovers\n|upkeep\n|turn|32\n|inactive|Time left: 300 sec this turn | 300 sec total\n|\n|t:|1783550665\n|move|p1a: Salamence|Roost|p1a: Salamence\n|-heal|p1a: Salamence|228/273\n|-singleturn|p1a: Salamence|move: Roost\n|move|p2a: Bronzong|Iron Head|p1a: Salamence\n|-damage|p1a: Salamence|134/273\n|\n|-heal|p2a: Bronzong|84/100|[from] item: Leftovers\n|upkeep\n|turn|33\n|inactive|Time left: 300 sec this turn | 300 sec total\n|\n|t:|1783550666\n|move|p1a: Salamence|Outrage|p2a: Bronzong\n|-resisted|p2a: Bronzong\n|-damage|p2a: Bronzong|34/100\n|move|p2a: Bronzong|Iron Defense|p2a: Bronzong\n|-boost|p2a: Bronzong|def|2\n|\n|-heal|p2a: Bronzong|40/100|[from] item: Leftovers\n|upkeep\n|turn|34\n|inactive|Time left: 300 sec this turn | 300 sec total\n|\n|t:|1783550667\n|move|p1a: Salamence|Outrage|p2a: Bronzong|[from] lockedmove\n|-resisted|p2a: Bronzong\n|-damage|p2a: Bronzong|13/100\n|-start|p1a: Salamence|confusion|[fatigue]\n|move|p2a: Bronzong|Iron Defense|p2a: Bronzong\n|-boost|p2a: Bronzong|def|2\n|\n|-heal|p2a: Bronzong|19/100|[from] item: Leftovers\n|upkeep\n|turn|35\n|inactive|Time left: 300 sec this turn | 300 sec total\n|\n|t:|1783550668\n|-terastallize|p1a: Salamence|Dragon\n|-activate|p1a: Salamence|confusion\n|move|p1a: Salamence|Outrage|p2a: Bronzong\n|-resisted|p2a: Bronzong\n|-damage|p2a: Bronzong|0 fnt\n|faint|p2a: Bronzong\n|\n|upkeep\n|\n|t:|1783550669\n|switch|p2a: Coalossal|Coalossal, L89, F|27/100\n|turn|36\n|inactive|Time left: 300 sec this turn | 300 sec total\n|\n|t:|1783550670\n|-activate|p1a: Salamence|confusion\n|-damage|p1a: Salamence|50/273|[from] confusion\n|move|p2a: Coalossal|Rapid Spin|p1a: Salamence\n|-damage|p1a: Salamence|7/273\n|-boost|p2a: Coalossal|spe|1\n|\n|upkeep\n|turn|37\n|inactive|Time left: 300 sec this turn | 300 sec total\n|\n|t:|1783550671\n|-activate|p1a: Salamence|confusion\n|move|p1a: Salamence|Outrage|p2a: Coalossal\n|-damage|p2a: Coalossal|0 fnt\n|faint|p2a: Coalossal\n|\n|upkeep\n|\n|t:|1783550672\n|switch|p2a: Chansey|Chansey, L85, F|100/100\n|turn|38\n|inactive|Time left: 300 sec this turn | 300 sec total\n|\n|t:|1783550674\n|switch|p2a: Zebstrika|Zebstrika, L87, M|100/100\n|-end|p1a: Salamence|confusion\n|move|p1a: Salamence|Outrage|p2a: Zebstrika|[from] lockedmove\n|-damage|p2a: Zebstrika|0 fnt\n|faint|p2a: Zebstrika\n|-start|p1a: Salamence|confusion|[fatigue]\n|\n|upkeep\n|\n|t:|1783550675\n|switch|p2a: Chansey|Chansey, L85, F|100/100\n|turn|39\n|inactive|Time left: 300 sec this turn | 300 sec total\n|\n|t:|1783550676\n|-activate|p1a: Salamence|confusion\n|move|p1a: Salamence|Outrage|p2a: Chansey\n|-damage|p2a: Chansey|0 fnt\n|faint|p2a: Chansey\n|\n|win|p0x9264b34", "uploadtime": 1783550676, "views": 0, "rating": 0, "private": 0, "password": null, "_winner": "p0x9264b34", "_our_name": "p0x9264b34"}