{"id": "battle-gen9randombattle-2146", "formatid": "gen9randombattle", "format": "[Gen 9] Random Battle", "players": ["p0x21462064", "p0y2146d89c"], "log": "|init|battle\n|title|p0x21462064 vs. p0y2146d89c\n|j|\u2606p0x21462064\n|j|\u2606p0y2146d89c\n|t:|1783564837\n|gametype|singles\n|player|p1|p0x21462064|1|\n|player|p2|p0y2146d89c|102|\n|gen|9\n|tier|[Gen 9] Random Battle\n|rule|Species Clause: Limit one of each Pok\u00e9mon\n|rule|HP Percentage Mod: HP is shown in percentages\n|rule|Sleep Clause Mod: Limit one foe put to sleep\n|rule|Illusion Level Mod: Illusion disguises the Pok\u00e9mon's true level\n|\n|t:|1783564837\n|teamsize|p1|6\n|teamsize|p2|6\n|start\n|switch|p1a: Brambleghast|Brambleghast, L88, F|240/240\n|switch|p2a: Quagsire|Quagsire, L84, F|100/100\n|turn|1\n|inactive|Battle timer is ON: inactive players will automatically lose when time's up. (requested by p0y2146d89c)\n|inactive|Time left: 300 sec this turn | 300 sec total | 60 sec grace\n|inactive|p0x21462064 also wants the timer to be on.\n|\n|t:|1783564839\n|switch|p2a: Girafarig|Girafarig, L89, M|100/100\n|move|p1a: Brambleghast|Power Whip|p2a: Girafarig\n|-ability|p2a: Girafarig|Sap Sipper|boost\n|-boost|p2a: Girafarig|atk|1\n|\n|upkeep\n|turn|2\n|inactive|Time left: 300 sec this turn | 300 sec total\n|\n|t:|1783564840\n|switch|p1a: Muk|Muk-Alola, L82, M|306/306\n|move|p2a: Girafarig|Nasty Plot|p2a: Girafarig\n|-boost|p2a: Girafarig|spa|2\n|\n|upkeep\n|turn|3\n|inactive|Time left: 300 sec this turn | 300 sec total\n|\n|t:|1783564841\n|move|p2a: Girafarig|Thunderbolt|p1a: Muk\n|-damage|p1a: Muk|224/306\n|move|p1a: Muk|Knock Off|p2a: Girafarig\n|-supereffective|p2a: Girafarig\n|-damage|p2a: Girafarig|35/100\n|-enditem|p2a: Girafarig|Eviolite|[from] move: Knock Off|[of] p1a: Muk\n|\n|upkeep\n|turn|4\n|inactive|Time left: 300 sec this turn | 300 sec total\n|\n|t:|1783564842\n|move|p2a: Girafarig|Hyper Voice|p1a: Muk\n|-damage|p1a: Muk|89/306\n|move|p1a: Muk|Poison Jab|p2a: Girafarig\n|-damage|p2a: Girafarig|0 fnt\n|faint|p2a: Girafarig\n|\n|upkeep\n|\n|t:|1783564843\n|switch|p2a: Arceus|Arceus-Dragon, L71|100/100\n|turn|5\n|inactive|Time left: 300 sec this turn | 300 sec total\n|\n|t:|1783564844\n|move|p2a: Arceus|Outrage|p1a: Muk\n|-damage|p1a: Muk|0 fnt\n|faint|p1a: Muk\n|\n|upkeep\n|inactive|Time left: 300 sec this turn | 300 sec total | 5 sec grace\n|\n|t:|1783564845\n|switch|p1a: Miraidon|Miraidon, L65|238/238\n|-fieldstart|move: Electric Terrain|[from] ability: Hadron Engine|[of] p1a: Miraidon\n|turn|6\n|inactive|Time left: 300 sec this turn | 300 sec total\n|\n|t:|1783564846\n|move|p1a: Miraidon|Draco Meteor|p2a: Arceus\n|-supereffective|p2a: Arceus\n|-damage|p2a: Arceus|0 fnt\n|-unboost|p1a: Miraidon|spa|2\n|faint|p2a: Arceus\n|\n|upkeep\n|\n|t:|1783564847\n|switch|p2a: Grafaiai|Grafaiai, L86, F|100/100\n|turn|7\n|inactive|Time left: 300 sec this turn | 300 sec total\n|\n|t:|1783564848\n|move|p2a: Grafaiai|Swords Dance|p2a: Grafaiai\n|-boost|p2a: Grafaiai|atk|2\n|move|p1a: Miraidon|Draco Meteor|p2a: Grafaiai\n|-damage|p2a: Grafaiai|46/100\n|-unboost|p1a: Miraidon|spa|2\n|\n|upkeep\n|turn|8\n|inactive|Time left: 300 sec this turn | 300 sec total\n|\n|t:|1783564849\n|switch|p1a: Kricketune|Kricketune, L99, M|312/312\n|move|p2a: Grafaiai|Knock Off|p1a: Kricketune\n|-damage|p1a: Kricketune|92/312\n|-enditem|p1a: Kricketune|Heavy-Duty Boots|[from] move: Knock Off|[of] p2a: Grafaiai\n|-damage|p2a: Grafaiai|37/100|[from] item: Life Orb\n|\n|upkeep\n|turn|9\n|inactive|Time left: 300 sec this turn | 300 sec total\n|\n|t:|1783564850\n|move|p2a: Grafaiai|Knock Off|p1a: Kricketune\n|-damage|p1a: Kricketune|0 fnt\n|faint|p1a: Kricketune\n|-damage|p2a: Grafaiai|27/100|[from] item: Life Orb\n|\n|upkeep\n|inactive|Time left: 300 sec this turn | 300 sec total | 5 sec grace\n|\n|t:|1783564851\n|switch|p1a: Squawkabilly|Squawkabilly-White, L89, F|291/291\n|turn|10\n|inactive|Time left: 300 sec this turn | 300 sec total\n|\n|t:|1783564852\n|move|p1a: Squawkabilly|Quick Attack|p2a: Grafaiai\n|-damage|p2a: Grafaiai|0 fnt\n|faint|p2a: Grafaiai\n|\n|-fieldend|move: Electric Terrain\n|upkeep\n|\n|t:|1783564853\n|switch|p2a: Quagsire|Quagsire, L84, F|100/100\n|turn|11\n|inactive|Time left: 300 sec this turn | 300 sec total\n|\n|t:|1783564854\n|move|p1a: Squawkabilly|Parting Shot|p2a: Quagsire\n|-unboost|p2a: Quagsire|atk|1\n|-unboost|p2a: Quagsire|spa|1\n|inactive|Time left: 300 sec this turn | 300 sec total | 5 sec grace\n|\n|t:|1783564855\n|switch|p1a: Brambleghast|Brambleghast, L88, F|240/240|[from] Parting Shot\n|move|p2a: Quagsire|Toxic|p1a: Brambleghast\n|-status|p1a: Brambleghast|tox\n|\n|-damage|p1a: Brambleghast|225/240 tox|[from] psn\n|upkeep\n|turn|12\n|inactive|Time left: 300 sec this turn | 300 sec total\n|\n|t:|1783564856\n|switch|p2a: Mandibuzz|Mandibuzz, L85, F|100/100\n|move|p1a: Brambleghast|Power Whip|p2a: Mandibuzz\n|-resisted|p2a: Mandibuzz\n|-damage|p2a: Mandibuzz|79/100\n|\n|-heal|p1a: Brambleghast|240/240 tox|[from] item: Leftovers\n|-damage|p1a: Brambleghast|210/240 tox|[from] psn\n|upkeep\n|turn|13\n|inactive|Time left: 300 sec this turn | 300 sec total\n|\n|t:|1783564857\n|switch|p1a: Miraidon|Miraidon, L65|238/238\n|-fieldstart|move: Electric Terrain|[from] ability: Hadron Engine|[of] p1a: Miraidon\n|move|p2a: Mandibuzz|Foul Play|p1a: Miraidon\n|-damage|p1a: Miraidon|175/238\n|\n|upkeep\n|turn|14\n|inactive|Time left: 300 sec this turn | 300 sec total\n|\n|t:|1783564858\n|switch|p2a: Quagsire|Quagsire, L84, F|100/100\n|move|p1a: Miraidon|Electro Drift|p2a: Quagsire\n|-immune|p2a: Quagsire\n|\n|upkeep\n|turn|15\n|inactive|Time left: 300 sec this turn | 300 sec total\n|\n|t:|1783564859\n|switch|p1a: Squawkabilly|Squawkabilly-White, L89, F|291/291\n|move|p2a: Quagsire|Earthquake|p1a: Squawkabilly\n|-immune|p1a: Squawkabilly\n|\n|upkeep\n|turn|16\n|inactive|Time left: 300 sec this turn | 300 sec total\n|\n|t:|1783564860\n|move|p1a: Squawkabilly|Brave Bird|p2a: Quagsire\n|-damage|p2a: Quagsire|33/100\n|-damage|p1a: Squawkabilly|225/291|[from] Recoil\n|move|p2a: Quagsire|Ice Beam|p1a: Squawkabilly\n|-supereffective|p1a: Squawkabilly\n|-damage|p1a: Squawkabilly|101/291\n|\n|-heal|p2a: Quagsire|39/100|[from] item: Leftovers\n|upkeep\n|turn|17\n|inactive|Time left: 300 sec this turn | 300 sec total\n|\n|t:|1783564861\n|move|p1a: Squawkabilly|Double-Edge|p2a: Quagsire\n|-damage|p2a: Quagsire|0 fnt\n|faint|p2a: Quagsire\n|-damage|p1a: Squawkabilly|63/291|[from] Recoil\n|\n|-fieldend|move: Electric Terrain\n|upkeep\n|\n|t:|1783564862\n|switch|p2a: Basculegion|Basculegion, L80, M|100/100\n|turn|18\n|inactive|Time left: 300 sec this turn | 300 sec total\n|\n|t:|1783564863\n|switch|p1a: Miraidon|Miraidon, L65|175/238\n|-fieldstart|move: Electric Terrain|[from] ability: Hadron Engine|[of] p1a: Miraidon\n|move|p2a: Basculegion|Shadow Ball|p1a: Miraidon\n|-damage|p1a: Miraidon|81/238\n|\n|upkeep\n|turn|19\n|inactive|Time left: 300 sec this turn | 300 sec total\n|\n|t:|1783564863\n|move|p2a: Basculegion|Aqua Jet|p1a: Miraidon\n|-resisted|p1a: Miraidon\n|-damage|p1a: Miraidon|48/238\n|move|p1a: Miraidon|Electro Drift|p2a: Basculegion\n|-supereffective|p2a: Basculegion\n|-damage|p2a: Basculegion|0 fnt\n|faint|p2a: Basculegion\n|\n|upkeep\n|\n|t:|1783564864\n|switch|p2a: Mandibuzz|Mandibuzz, L85, F|79/100\n|turn|20\n|inactive|Time left: 300 sec this turn | 300 sec total\n|\n|t:|1783564865\n|-terastallize|p1a: Miraidon|Electric\n|-terastallize|p2a: Mandibuzz|Steel\n|move|p1a: Miraidon|Electro Drift|p2a: Mandibuzz\n|-damage|p2a: Mandibuzz|0 fnt\n|faint|p2a: Mandibuzz\n|\n|win|p0x21462064", "uploadtime": 1783564865, "views": 0, "rating": 0, "private": 0, "password": null, "_winner": "p0x21462064", "_our_name": "p0x21462064"}