{"id": "battle-gen9randombattle-2955", "formatid": "gen9randombattle", "format": "[Gen 9] Random Battle", "players": ["p0x295534f8", "p0y2955bae6"], "log": "|init|battle\n|title|p0x295534f8 vs. p0y2955bae6\n|j|\u2606p0x295534f8\n|j|\u2606p0y2955bae6\n|t:|1783574022\n|gametype|singles\n|player|p1|p0x295534f8|1|\n|player|p2|p0y2955bae6|101|\n|gen|9\n|tier|[Gen 9] Random Battle\n|rule|Species Clause: Limit one of each Pok\u00e9mon\n|rule|HP Percentage Mod: HP is shown in percentages\n|rule|Sleep Clause Mod: Limit one foe put to sleep\n|rule|Illusion Level Mod: Illusion disguises the Pok\u00e9mon's true level\n|\n|t:|1783574022\n|teamsize|p1|6\n|teamsize|p2|6\n|start\n|switch|p1a: Darkrai|Darkrai, L77|100/100\n|switch|p2a: Sawsbuck|Sawsbuck-Autumn, L88, M|284/284\n|turn|1\n|inactive|Battle timer is ON: inactive players will automatically lose when time's up. (requested by p0y2955bae6)\n|inactive|p0x295534f8 also wants the timer to be on.\n|\n|t:|1783574024\n|-terastallize|p2a: Sawsbuck|Normal\n|move|p1a: Darkrai|Sludge Bomb|p2a: Sawsbuck\n|-damage|p2a: Sawsbuck|209/284\n|move|p2a: Sawsbuck|Double-Edge|p1a: Darkrai\n|-damage|p1a: Darkrai|0 fnt\n|faint|p1a: Darkrai\n|-damage|p2a: Sawsbuck|132/284|[from] Recoil\n|-damage|p2a: Sawsbuck|104/284|[from] item: Life Orb\n|\n|upkeep\n|\n|t:|1783574025\n|switch|p1a: Meowscarada|Meowscarada, L78, F|100/100\n|turn|2\n|inactive|Time left: 300 sec this turn | 300 sec total\n|\n|t:|1783574026\n|move|p1a: Meowscarada|Triple Axel|p2a: Sawsbuck\n|-start|p1a: Meowscarada|typechange|Ice|[from] ability: Protean\n|-damage|p2a: Sawsbuck|70/284\n|-damage|p2a: Sawsbuck|1/284\n|-damage|p2a: Sawsbuck|0 fnt\n|faint|p2a: Sawsbuck\n|-hitcount|p2: Sawsbuck|3\n|\n|upkeep\n|inactive|Time left: 300 sec this turn | 300 sec total | 5 sec grace\n|\n|t:|1783574027\n|switch|p2a: Ambipom|Ambipom, L84, F|263/263\n|turn|3\n|inactive|Time left: 300 sec this turn | 300 sec total\n|\n|t:|1783574028\n|move|p2a: Ambipom|Low Kick|p1a: Meowscarada\n|-supereffective|p1a: Meowscarada\n|-damage|p1a: Meowscarada|0 fnt\n|faint|p1a: Meowscarada\n|\n|upkeep\n|\n|t:|1783574029\n|switch|p1a: Scizor|Scizor, L79, M|100/100\n|turn|4\n|inactive|Time left: 300 sec this turn | 300 sec total\n|\n|t:|1783574029\n|move|p1a: Scizor|Bullet Punch|p2a: Ambipom\n|-damage|p2a: Ambipom|140/263\n|move|p2a: Ambipom|Low Kick|p1a: Scizor\n|-damage|p1a: Scizor|57/100\n|\n|upkeep\n|turn|5\n|inactive|Time left: 300 sec this turn | 300 sec total\n|\n|t:|1783574030\n|switch|p2a: Kilowattrel|Kilowattrel, L83, F|252/252\n|move|p1a: Scizor|Bullet Punch|p2a: Kilowattrel\n|-resisted|p2a: Kilowattrel\n|-damage|p2a: Kilowattrel|180/252\n|\n|upkeep\n|turn|6\n|inactive|Time left: 300 sec this turn | 300 sec total\n|\n|t:|1783574031\n|move|p1a: Scizor|Bullet Punch|p2a: Kilowattrel\n|-resisted|p2a: Kilowattrel\n|-damage|p2a: Kilowattrel|111/252\n|move|p2a: Kilowattrel|Hurricane|p1a: Scizor\n|-damage|p1a: Scizor|0 fnt\n|faint|p1a: Scizor\n|\n|upkeep\n|\n|t:|1783574032\n|switch|p1a: Mesprit|Mesprit, L85|100/100\n|turn|7\n|inactive|Time left: 300 sec this turn | 300 sec total\n|\n|t:|1783574033\n|move|p2a: Kilowattrel|Roost|p2a: Kilowattrel\n|-heal|p2a: Kilowattrel|237/252\n|-singleturn|p2a: Kilowattrel|move: Roost\n|move|p1a: Mesprit|Psychic|p2a: Kilowattrel\n|-damage|p2a: Kilowattrel|35/252\n|\n|upkeep\n|turn|8\n|inactive|Time left: 300 sec this turn | 300 sec total\n|\n|t:|1783574034\n|move|p2a: Kilowattrel|Thunderbolt|p1a: Mesprit\n|-damage|p1a: Mesprit|70/100\n|move|p1a: Mesprit|Psychic|p2a: Kilowattrel\n|-damage|p2a: Kilowattrel|0 fnt\n|faint|p2a: Kilowattrel\n|\n|upkeep\n|inactive|Time left: 300 sec this turn | 300 sec total | 5 sec grace\n|\n|t:|1783574035\n|switch|p2a: Hoopa|Hoopa, L85|275/275\n|turn|9\n|inactive|Time left: 300 sec this turn | 300 sec total\n|\n|t:|1783574036\n|switch|p1a: Articuno|Articuno, L86|100/100\n|-ability|p1a: Articuno|Pressure\n|move|p2a: Hoopa|Shadow Ball|p1a: Articuno\n|-damage|p1a: Articuno|68/100\n|\n|upkeep\n|turn|10\n|inactive|Time left: 300 sec this turn | 300 sec total\n|\n|t:|1783574037\n|move|p2a: Hoopa|Shadow Ball|p1a: Articuno\n|-damage|p1a: Articuno|37/100\n|move|p1a: Articuno|Roost|p1a: Articuno\n|-heal|p1a: Articuno|87/100\n|-singleturn|p1a: Articuno|move: Roost\n|\n|upkeep\n|turn|11\n|inactive|Time left: 300 sec this turn | 300 sec total\n|\n|t:|1783574038\n|move|p2a: Hoopa|Shadow Ball|p1a: Articuno\n|-damage|p1a: Articuno|56/100\n|-unboost|p1a: Articuno|spd|1\n|move|p1a: Articuno|Roost|p1a: Articuno\n|-heal|p1a: Articuno|100/100\n|-singleturn|p1a: Articuno|move: Roost\n|\n|upkeep\n|turn|12\n|inactive|Time left: 300 sec this turn | 300 sec total\n|\n|t:|1783574038\n|move|p2a: Hoopa|Shadow Ball|p1a: Articuno\n|-damage|p1a: Articuno|53/100\n|move|p1a: Articuno|Roost|p1a: Articuno\n|-heal|p1a: Articuno|100/100\n|-singleturn|p1a: Articuno|move: Roost\n|\n|upkeep\n|turn|13\n|inactive|Time left: 300 sec this turn | 300 sec total\n|\n|t:|1783574039\n|move|p2a: Hoopa|Shadow Ball|p1a: Articuno\n|-damage|p1a: Articuno|54/100\n|move|p1a: Articuno|Roost|p1a: Articuno\n|-heal|p1a: Articuno|100/100\n|-singleturn|p1a: Articuno|move: Roost\n|\n|upkeep\n|turn|14\n|inactive|Time left: 300 sec this turn | 300 sec total\n|\n|t:|1783574040\n|move|p2a: Hoopa|Shadow Ball|p1a: Articuno\n|-damage|p1a: Articuno|53/100\n|move|p1a: Articuno|Roost|p1a: Articuno\n|-heal|p1a: Articuno|100/100\n|-singleturn|p1a: Articuno|move: Roost\n|\n|upkeep\n|turn|15\n|inactive|Time left: 300 sec this turn | 300 sec total\n|\n|t:|1783574041\n|move|p2a: Hoopa|Shadow Ball|p1a: Articuno\n|-damage|p1a: Articuno|54/100\n|move|p1a: Articuno|Roost|p1a: Articuno\n|-heal|p1a: Articuno|100/100\n|-singleturn|p1a: Articuno|move: Roost\n|\n|upkeep\n|turn|16\n|inactive|Time left: 300 sec this turn | 300 sec total\n|\n|t:|1783574043\n|move|p2a: Hoopa|Shadow Ball|p1a: Articuno\n|-damage|p1a: Articuno|52/100\n|move|p1a: Articuno|Freeze-Dry|p2a: Hoopa\n|-damage|p2a: Hoopa|217/275\n|\n|upkeep\n|turn|17\n|inactive|Time left: 300 sec this turn | 300 sec total\n|\n|t:|1783574044\n|move|p2a: Hoopa|Shadow Ball|p1a: Articuno\n|-damage|p1a: Articuno|5/100\n|move|p1a: Articuno|Roost|p1a: Articuno\n|-heal|p1a: Articuno|55/100\n|-singleturn|p1a: Articuno|move: Roost\n|\n|upkeep\n|turn|18\n|inactive|Time left: 300 sec this turn | 300 sec total\n|\n|t:|1783574045\n|move|p2a: Hoopa|Shadow Ball|p1a: Articuno\n|-damage|p1a: Articuno|12/100\n|move|p1a: Articuno|Roost|p1a: Articuno\n|-heal|p1a: Articuno|63/100\n|-singleturn|p1a: Articuno|move: Roost\n|\n|upkeep\n|turn|19\n|inactive|Time left: 300 sec this turn | 300 sec total\n|\n|t:|1783574046\n|move|p2a: Hoopa|Shadow Ball|p1a: Articuno\n|-damage|p1a: Articuno|14/100\n|move|p1a: Articuno|Freeze-Dry|p2a: Hoopa\n|-damage|p2a: Hoopa|165/275\n|\n|upkeep\n|turn|20\n|inactive|Time left: 300 sec this turn | 300 sec total\n|\n|t:|1783574046\n|move|p2a: Hoopa|Shadow Ball|p1a: Articuno\n|-damage|p1a: Articuno|0 fnt\n|faint|p1a: Articuno\n|\n|upkeep\n|\n|t:|1783574047\n|switch|p1a: Palkia|Palkia-Origin, L72|100/100\n|-ability|p1a: Palkia|Pressure\n|turn|21\n|inactive|Time left: 300 sec this turn | 300 sec total\n|\n|t:|1783574048\n|-activate|p2a: Hoopa|move: Struggle\n|move|p2a: Hoopa|Struggle|p1a: Palkia\n|-damage|p1a: Palkia|85/100\n|-damage|p2a: Hoopa|96/275|[from] recoil\n|move|p1a: Palkia|Spacial Rend|p2a: Hoopa|[miss]\n|-miss|p1a: Palkia|p2a: Hoopa\n|\n|upkeep\n|turn|22\n|inactive|Time left: 300 sec this turn | 300 sec total\n|\n|t:|1783574049\n|-activate|p2a: Hoopa|move: Struggle\n|move|p2a: Hoopa|Struggle|p1a: Palkia\n|-damage|p1a: Palkia|70/100\n|-damage|p2a: Hoopa|27/275|[from] recoil\n|move|p1a: Palkia|Spacial Rend|p2a: Hoopa\n|-damage|p2a: Hoopa|0 fnt\n|faint|p2a: Hoopa\n|\n|upkeep\n|inactive|Time left: 300 sec this turn | 300 sec total | 5 sec grace\n|\n|t:|1783574050\n|switch|p2a: Ambipom|Ambipom, L84, F|140/263\n|turn|23\n|inactive|Time left: 300 sec this turn | 300 sec total\n|\n|t:|1783574051\n|move|p2a: Ambipom|Double-Edge|p1a: Palkia\n|-damage|p1a: Palkia|0 fnt\n|faint|p1a: Palkia\n|-damage|p2a: Ambipom|83/263|[from] Recoil\n|\n|upkeep\n|\n|t:|1783574052\n|switch|p1a: Mesprit|Mesprit, L85|70/100\n|turn|24\n|inactive|Time left: 300 sec this turn | 300 sec total\n|\n|t:|1783574052\n|-terastallize|p1a: Mesprit|Electric\n|move|p2a: Ambipom|Double-Edge|p1a: Mesprit\n|-damage|p1a: Mesprit|6/100\n|-damage|p2a: Ambipom|26/263|[from] Recoil\n|move|p1a: Mesprit|Thunderbolt|p2a: Ambipom\n|-damage|p2a: Ambipom|0 fnt\n|faint|p2a: Ambipom\n|\n|upkeep\n|inactive|Time left: 300 sec this turn | 300 sec total | 5 sec grace\n|\n|t:|1783574054\n|switch|p2a: Clodsire|Clodsire, L81, M|343/343\n|turn|25\n|inactive|Time left: 300 sec this turn | 300 sec total\n|\n|t:|1783574055\n|move|p1a: Mesprit|Thunderbolt|p2a: Clodsire\n|-immune|p2a: Clodsire\n|move|p2a: Clodsire|Poison Jab|p1a: Mesprit\n|-damage|p1a: Mesprit|0 fnt\n|faint|p1a: Mesprit\n|\n|win|p0y2955bae6", "uploadtime": 1783574055, "views": 0, "rating": 0, "private": 0, "password": null, "_winner": "p0y2955bae6", "_our_name": "p0y2955bae6"}