{"id": "battle-gen9randombattle-611", "formatid": "gen9randombattle", "format": "[Gen 9] Random Battle", "players": ["p0x6111873", "p0y61196a3"], "log": "|init|battle\n|title|p0x6111873 vs. p0y61196a3\n|j|\u2606p0x6111873\n|j|\u2606p0y61196a3\n|t:|1783546199\n|gametype|singles\n|player|p1|p0x6111873|101|\n|player|p2|p0y61196a3|1|\n|gen|9\n|tier|[Gen 9] Random Battle\n|rule|Species Clause: Limit one of each Pok\u00e9mon\n|rule|HP Percentage Mod: HP is shown in percentages\n|rule|Sleep Clause Mod: Limit one foe put to sleep\n|rule|Illusion Level Mod: Illusion disguises the Pok\u00e9mon's true level\n|\n|t:|1783546199\n|teamsize|p1|6\n|teamsize|p2|6\n|start\n|switch|p1a: Tatsugiri|Tatsugiri, L87, M|260/260\n|switch|p2a: Hydrapple|Hydrapple, L83, M|100/100\n|turn|1\n|inactive|Battle timer is ON: inactive players will automatically lose when time's up. (requested by p0x6111873)\n|\n|t:|1783546200\n|move|p1a: Tatsugiri|Draco Meteor|p2a: Hydrapple\n|-supereffective|p2a: Hydrapple\n|-damage|p2a: Hydrapple|0 fnt\n|-unboost|p1a: Tatsugiri|spa|2\n|faint|p2a: Hydrapple\n|\n|upkeep\n|inactive|p0y61196a3 also wants the timer to be on.\n|\n|t:|1783546201\n|switch|p2a: Azumarill|Azumarill, L82, F|100/100\n|turn|2\n|inactive|Time left: 300 sec this turn | 300 sec total\n|\n|t:|1783546203\n|switch|p1a: Registeel|Registeel, L81|262/262\n|move|p2a: Azumarill|Play Rough|p1a: Registeel\n|-resisted|p1a: Registeel\n|-damage|p1a: Registeel|209/262\n|\n|upkeep\n|turn|3\n|inactive|Time left: 300 sec this turn | 300 sec total\n|\n|t:|1783546204\n|move|p2a: Azumarill|Play Rough|p1a: Registeel|[miss]\n|-miss|p2a: Azumarill|p1a: Registeel\n|move|p1a: Registeel|Iron Defense|p1a: Registeel\n|-boost|p1a: Registeel|def|2\n|\n|upkeep\n|turn|4\n|inactive|Time left: 300 sec this turn | 300 sec total\n|\n|t:|1783546205\n|move|p2a: Azumarill|Play Rough|p1a: Registeel|[miss]\n|-miss|p2a: Azumarill|p1a: Registeel\n|move|p1a: Registeel|Body Press|p2a: Azumarill\n|-resisted|p2a: Azumarill\n|-damage|p2a: Azumarill|75/100\n|\n|upkeep\n|turn|5\n|inactive|Time left: 300 sec this turn | 300 sec total\n|\n|t:|1783546206\n|move|p2a: Azumarill|Play Rough|p1a: Registeel\n|-resisted|p1a: Registeel\n|-damage|p1a: Registeel|178/262\n|move|p1a: Registeel|Body Press|p2a: Azumarill\n|-resisted|p2a: Azumarill\n|-crit|p2a: Azumarill\n|-damage|p2a: Azumarill|31/100\n|\n|upkeep\n|turn|6\n|inactive|Time left: 300 sec this turn | 300 sec total\n|\n|t:|1783546207\n|move|p2a: Azumarill|Play Rough|p1a: Registeel\n|-resisted|p1a: Registeel\n|-damage|p1a: Registeel|149/262\n|move|p1a: Registeel|Body Press|p2a: Azumarill\n|-resisted|p2a: Azumarill\n|-damage|p2a: Azumarill|6/100\n|\n|upkeep\n|turn|7\n|inactive|Time left: 300 sec this turn | 300 sec total\n|\n|t:|1783546208\n|switch|p2a: Chimecho|Chimecho, L93, F|100/100\n|move|p1a: Registeel|Body Press|p2a: Chimecho\n|-resisted|p2a: Chimecho\n|-damage|p2a: Chimecho|76/100\n|\n|-heal|p2a: Chimecho|82/100|[from] item: Leftovers\n|upkeep\n|turn|8\n|inactive|Time left: 300 sec this turn | 300 sec total\n|\n|t:|1783546209\n|move|p2a: Chimecho|Calm Mind|p2a: Chimecho\n|-boost|p2a: Chimecho|spa|1\n|-boost|p2a: Chimecho|spd|1\n|move|p1a: Registeel|Rest|p1a: Registeel\n|-status|p1a: Registeel|slp|[from] move: Rest\n|-heal|p1a: Registeel|262/262 slp|[silent]\n|-enditem|p1a: Registeel|Chesto Berry|[eat]\n|-curestatus|p1a: Registeel|slp|[msg]\n|\n|-heal|p2a: Chimecho|88/100|[from] item: Leftovers\n|upkeep\n|turn|9\n|inactive|Time left: 300 sec this turn | 300 sec total\n|\n|t:|1783546210\n|move|p2a: Chimecho|Calm Mind|p2a: Chimecho\n|-boost|p2a: Chimecho|spa|1\n|-boost|p2a: Chimecho|spd|1\n|move|p1a: Registeel|Body Press|p2a: Chimecho\n|-resisted|p2a: Chimecho\n|-damage|p2a: Chimecho|62/100\n|\n|-heal|p2a: Chimecho|68/100|[from] item: Leftovers\n|upkeep\n|turn|10\n|inactive|Time left: 300 sec this turn | 300 sec total\n|\n|t:|1783546211\n|move|p2a: Chimecho|Calm Mind|p2a: Chimecho\n|-boost|p2a: Chimecho|spa|1\n|-boost|p2a: Chimecho|spd|1\n|move|p1a: Registeel|Iron Defense|p1a: Registeel\n|-boost|p1a: Registeel|def|2\n|\n|-heal|p2a: Chimecho|74/100|[from] item: Leftovers\n|upkeep\n|turn|11\n|inactive|Time left: 300 sec this turn | 300 sec total\n|\n|t:|1783546212\n|move|p2a: Chimecho|Dazzling Gleam|p1a: Registeel\n|-resisted|p1a: Registeel\n|-damage|p1a: Registeel|201/262\n|move|p1a: Registeel|Body Press|p2a: Chimecho\n|-resisted|p2a: Chimecho\n|-damage|p2a: Chimecho|34/100\n|\n|-heal|p2a: Chimecho|40/100|[from] item: Leftovers\n|upkeep\n|turn|12\n|inactive|Time left: 300 sec this turn | 300 sec total\n|\n|t:|1783546213\n|move|p2a: Chimecho|Recover|p2a: Chimecho\n|-heal|p2a: Chimecho|90/100\n|move|p1a: Registeel|Body Press|p2a: Chimecho\n|-resisted|p2a: Chimecho\n|-damage|p2a: Chimecho|52/100\n|\n|-heal|p2a: Chimecho|58/100|[from] item: Leftovers\n|upkeep\n|turn|13\n|inactive|Time left: 300 sec this turn | 300 sec total\n|\n|t:|1783546214\n|move|p2a: Chimecho|Recover|p2a: Chimecho\n|-heal|p2a: Chimecho|100/100\n|move|p1a: Registeel|Body Press|p2a: Chimecho\n|-resisted|p2a: Chimecho\n|-damage|p2a: Chimecho|62/100\n|\n|-heal|p2a: Chimecho|68/100|[from] item: Leftovers\n|upkeep\n|turn|14\n|inactive|Time left: 300 sec this turn | 300 sec total\n|\n|t:|1783546215\n|move|p2a: Chimecho|Recover|p2a: Chimecho\n|-heal|p2a: Chimecho|100/100\n|move|p1a: Registeel|Body Press|p2a: Chimecho\n|-resisted|p2a: Chimecho\n|-damage|p2a: Chimecho|61/100\n|\n|-heal|p2a: Chimecho|67/100|[from] item: Leftovers\n|upkeep\n|turn|15\n|inactive|Time left: 300 sec this turn | 300 sec total\n|\n|t:|1783546216\n|move|p2a: Chimecho|Recover|p2a: Chimecho\n|-heal|p2a: Chimecho|100/100\n|move|p1a: Registeel|Body Press|p2a: Chimecho\n|-resisted|p2a: Chimecho\n|-damage|p2a: Chimecho|62/100\n|\n|-heal|p2a: Chimecho|68/100|[from] item: Leftovers\n|upkeep\n|turn|16\n|inactive|Time left: 300 sec this turn | 300 sec total\n|\n|t:|1783546218\n|move|p2a: Chimecho|Recover|p2a: Chimecho\n|-heal|p2a: Chimecho|100/100\n|move|p1a: Registeel|Body Press|p2a: Chimecho\n|-resisted|p2a: Chimecho\n|-damage|p2a: Chimecho|64/100\n|\n|-heal|p2a: Chimecho|70/100|[from] item: Leftovers\n|upkeep\n|turn|17\n|inactive|Time left: 300 sec this turn | 300 sec total\n|\n|t:|1783546219\n|move|p2a: Chimecho|Recover|p2a: Chimecho\n|-heal|p2a: Chimecho|100/100\n|move|p1a: Registeel|Body Press|p2a: Chimecho\n|-resisted|p2a: Chimecho\n|-damage|p2a: Chimecho|66/100\n|\n|-heal|p2a: Chimecho|72/100|[from] item: Leftovers\n|upkeep\n|turn|18\n|inactive|Time left: 300 sec this turn | 300 sec total\n|\n|t:|1783546220\n|move|p2a: Chimecho|Dazzling Gleam|p1a: Registeel\n|-resisted|p1a: Registeel\n|-damage|p1a: Registeel|148/262\n|move|p1a: Registeel|Body Press|p2a: Chimecho\n|-resisted|p2a: Chimecho\n|-damage|p2a: Chimecho|36/100\n|\n|-heal|p2a: Chimecho|42/100|[from] item: Leftovers\n|upkeep\n|turn|19\n|inactive|Time left: 300 sec this turn | 300 sec total\n|\n|t:|1783546222\n|move|p2a: Chimecho|Recover|p2a: Chimecho\n|-heal|p2a: Chimecho|92/100\n|move|p1a: Registeel|Body Press|p2a: Chimecho\n|-resisted|p2a: Chimecho\n|-damage|p2a: Chimecho|53/100\n|\n|-heal|p2a: Chimecho|59/100|[from] item: Leftovers\n|upkeep\n|turn|20\n|inactive|Time left: 300 sec this turn | 300 sec total\n|\n|t:|1783546223\n|move|p2a: Chimecho|Recover|p2a: Chimecho\n|-heal|p2a: Chimecho|100/100\n|move|p1a: Registeel|Body Press|p2a: Chimecho\n|-resisted|p2a: Chimecho\n|-crit|p2a: Chimecho\n|-damage|p2a: Chimecho|40/100\n|\n|-heal|p2a: Chimecho|46/100|[from] item: Leftovers\n|upkeep\n|turn|21\n|inactive|Time left: 300 sec this turn | 300 sec total\n|\n|t:|1783546224\n|move|p2a: Chimecho|Dazzling Gleam|p1a: Registeel\n|-resisted|p1a: Registeel\n|-damage|p1a: Registeel|91/262\n|move|p1a: Registeel|Body Press|p2a: Chimecho\n|-resisted|p2a: Chimecho\n|-damage|p2a: Chimecho|6/100\n|\n|-heal|p2a: Chimecho|12/100|[from] item: Leftovers\n|upkeep\n|turn|22\n|inactive|Time left: 300 sec this turn | 300 sec total\n|\n|t:|1783546226\n|-terastallize|p2a: Chimecho|Steel\n|move|p2a: Chimecho|Dazzling Gleam|p1a: Registeel\n|-resisted|p1a: Registeel\n|-crit|p1a: Registeel\n|-damage|p1a: Registeel|11/262\n|move|p1a: Registeel|Iron Head|p2a: Chimecho\n|-resisted|p2a: Chimecho\n|-damage|p2a: Chimecho|1/100\n|\n|-heal|p2a: Chimecho|7/100|[from] item: Leftovers\n|upkeep\n|turn|23\n|inactive|Time left: 300 sec this turn | 300 sec total\n|\n|t:|1783546227\n|move|p2a: Chimecho|Psyshock|p1a: Registeel\n|-resisted|p1a: Registeel\n|-damage|p1a: Registeel|0 fnt\n|faint|p1a: Registeel\n|\n|-heal|p2a: Chimecho|13/100|[from] item: Leftovers\n|upkeep\n|inactive|Time left: 300 sec this turn | 300 sec total | 5 sec grace\n|\n|t:|1783546228\n|switch|p1a: Tatsugiri|Tatsugiri, L87, M|260/260\n|turn|24\n|inactive|Time left: 300 sec this turn | 300 sec total\n|\n|t:|1783546230\n|move|p1a: Tatsugiri|Surf|p2a: Chimecho\n|-damage|p2a: Chimecho|0 fnt\n|faint|p2a: Chimecho\n|\n|upkeep\n|\n|t:|1783546231\n|switch|p2a: Victreebel|Victreebel, L90, F|100/100\n|turn|25\n|inactive|Time left: 300 sec this turn | 300 sec total\n|\n|t:|1783546232\n|switch|p1a: Dragalge|Dragalge, L88, F|258/258\n|move|p2a: Victreebel|Power Whip|p1a: Dragalge|[miss]\n|-miss|p2a: Victreebel|p1a: Dragalge\n|\n|upkeep\n|turn|26\n|inactive|Time left: 300 sec this turn | 300 sec total\n|\n|t:|1783546233\n|move|p2a: Victreebel|Sleep Powder|p1a: Dragalge\n|-status|p1a: Dragalge|slp|[from] move: Sleep Powder\n|cant|p1a: Dragalge|slp\n|\n|upkeep\n|turn|27\n|inactive|Time left: 300 sec this turn | 300 sec total\n|\n|t:|1783546234\n|move|p2a: Victreebel|Power Whip|p1a: Dragalge\n|-resisted|p1a: Dragalge\n|-damage|p1a: Dragalge|215/258 slp\n|-damage|p2a: Victreebel|90/100|[from] item: Life Orb\n|cant|p1a: Dragalge|slp\n|\n|-heal|p1a: Dragalge|231/258 slp|[from] item: Leftovers\n|upkeep\n|turn|28\n|inactive|Time left: 300 sec this turn | 300 sec total\n|\n|t:|1783546236\n|move|p2a: Victreebel|Power Whip|p1a: Dragalge\n|-resisted|p1a: Dragalge\n|-damage|p1a: Dragalge|180/258 slp\n|-damage|p2a: Victreebel|80/100|[from] item: Life Orb\n|cant|p1a: Dragalge|slp\n|\n|-heal|p1a: Dragalge|196/258 slp|[from] item: Leftovers\n|upkeep\n|turn|29\n|inactive|Time left: 300 sec this turn | 300 sec total\n|\n|t:|1783546237\n|move|p2a: Victreebel|Strength Sap|p1a: Dragalge\n|-unboost|p1a: Dragalge|atk|1\n|-heal|p2a: Victreebel|100/100\n|-curestatus|p1a: Dragalge|slp|[msg]\n|move|p1a: Dragalge|Sludge Wave|p2a: Victreebel\n|-crit|p2a: Victreebel\n|-damage|p2a: Victreebel|9/100\n|\n|-heal|p1a: Dragalge|212/258|[from] item: Leftovers\n|upkeep\n|turn|30\n|inactive|Time left: 300 sec this turn | 300 sec total\n|\n|t:|1783546238\n|move|p2a: Victreebel|Strength Sap|p1a: Dragalge\n|-unboost|p1a: Dragalge|atk|1\n|-heal|p2a: Victreebel|40/100\n|move|p1a: Dragalge|Sludge Wave|p2a: Victreebel\n|-damage|p2a: Victreebel|0 fnt\n|faint|p2a: Victreebel\n|\n|-heal|p1a: Dragalge|228/258|[from] item: Leftovers\n|upkeep\n|\n|t:|1783546239\n|switch|p2a: Azumarill|Azumarill, L82, F|6/100\n|turn|31\n|inactive|Time left: 300 sec this turn | 300 sec total\n|\n|t:|1783546240\n|switch|p1a: Iron Thorns|Iron Thorns, L83|302/302\n|-enditem|p1a: Iron Thorns|Booster Energy\n|-activate|p1a: Iron Thorns|ability: Quark Drive|[fromitem]\n|-start|p1a: Iron Thorns|quarkdriveatk\n|move|p2a: Azumarill|Play Rough|p1a: Iron Thorns\n|-damage|p1a: Iron Thorns|157/302\n|\n|upkeep\n|turn|32\n|inactive|Time left: 300 sec this turn | 300 sec total\n|\n|t:|1783546241\n|move|p1a: Iron Thorns|Wild Charge|p2a: Azumarill\n|-supereffective|p2a: Azumarill\n|-damage|p2a: Azumarill|0 fnt\n|faint|p2a: Azumarill\n|-damage|p1a: Iron Thorns|153/302|[from] Recoil\n|\n|upkeep\n|\n|t:|1783546243\n|switch|p2a: Porygon2|Porygon2, L81|100/100\n|-ability|p2a: Porygon2|Download|boost\n|-boost|p2a: Porygon2|spa|1\n|turn|33\n|inactive|Time left: 300 sec this turn | 300 sec total\n|\n|t:|1783546244\n|move|p1a: Iron Thorns|Stone Edge|p2a: Porygon2\n|-damage|p2a: Porygon2|56/100\n|move|p2a: Porygon2|Ice Beam|p1a: Iron Thorns\n|-damage|p1a: Iron Thorns|50/302\n|\n|upkeep\n|turn|34\n|inactive|Time left: 300 sec this turn | 300 sec total\n|\n|t:|1783546245\n|move|p1a: Iron Thorns|Stone Edge|p2a: Porygon2\n|-damage|p2a: Porygon2|9/100\n|move|p2a: Porygon2|Recover|p2a: Porygon2\n|-heal|p2a: Porygon2|59/100\n|\n|upkeep\n|turn|35\n|inactive|Time left: 300 sec this turn | 300 sec total\n|\n|t:|1783546246\n|move|p1a: Iron Thorns|Stone Edge|p2a: Porygon2\n|-damage|p2a: Porygon2|17/100\n|move|p2a: Porygon2|Recover|p2a: Porygon2\n|-heal|p2a: Porygon2|67/100\n|\n|upkeep\n|turn|36\n|inactive|Time left: 300 sec this turn | 300 sec total\n|\n|t:|1783546247\n|move|p1a: Iron Thorns|Stone Edge|p2a: Porygon2\n|-damage|p2a: Porygon2|23/100\n|move|p2a: Porygon2|Recover|p2a: Porygon2\n|-heal|p2a: Porygon2|73/100\n|\n|upkeep\n|turn|37\n|inactive|Time left: 300 sec this turn | 300 sec total\n|\n|t:|1783546248\n|move|p1a: Iron Thorns|Stone Edge|p2a: Porygon2\n|-damage|p2a: Porygon2|27/100\n|move|p2a: Porygon2|Recover|p2a: Porygon2\n|-heal|p2a: Porygon2|77/100\n|\n|upkeep\n|turn|38\n|inactive|Time left: 300 sec this turn | 300 sec total\n|\n|t:|1783546248\n|move|p1a: Iron Thorns|Stone Edge|p2a: Porygon2|[miss]\n|-miss|p1a: Iron Thorns|p2a: Porygon2\n|move|p2a: Porygon2|Recover|p2a: Porygon2\n|-heal|p2a: Porygon2|100/100\n|\n|upkeep\n|turn|39\n|inactive|Time left: 300 sec this turn | 300 sec total\n|\n|t:|1783546249\n|move|p1a: Iron Thorns|Wild Charge|p2a: Porygon2\n|-damage|p2a: Porygon2|63/100\n|-damage|p1a: Iron Thorns|25/302|[from] Recoil\n|move|p2a: Porygon2|Tri Attack|p1a: Iron Thorns\n|-resisted|p1a: Iron Thorns\n|-damage|p1a: Iron Thorns|0 fnt\n|faint|p1a: Iron Thorns\n|-end|p1a: Iron Thorns|Quark Drive|[silent]\n|\n|upkeep\n|inactive|Time left: 300 sec this turn | 300 sec total | 5 sec grace\n|\n|t:|1783546250\n|switch|p1a: Gurdurr|Gurdurr, L85, F|283/283\n|turn|40\n|inactive|Time left: 300 sec this turn | 300 sec total\n|\n|t:|1783546251\n|move|p2a: Porygon2|Recover|p2a: Porygon2\n|-heal|p2a: Porygon2|100/100\n|move|p1a: Gurdurr|Drain Punch|p2a: Porygon2\n|-supereffective|p2a: Porygon2\n|-damage|p2a: Porygon2|56/100\n|\n|upkeep\n|turn|41\n|inactive|Time left: 300 sec this turn | 300 sec total\n|\n|t:|1783546252\n|move|p2a: Porygon2|Recover|p2a: Porygon2\n|-heal|p2a: Porygon2|100/100\n|move|p1a: Gurdurr|Drain Punch|p2a: Porygon2\n|-supereffective|p2a: Porygon2\n|-damage|p2a: Porygon2|52/100\n|\n|upkeep\n|turn|42\n|inactive|Time left: 300 sec this turn | 300 sec total\n|\n|t:|1783546252\n|move|p2a: Porygon2|Recover|p2a: Porygon2\n|-heal|p2a: Porygon2|100/100\n|move|p1a: Gurdurr|Drain Punch|p2a: Porygon2\n|-supereffective|p2a: Porygon2\n|-damage|p2a: Porygon2|52/100\n|\n|upkeep\n|turn|43\n|inactive|Time left: 300 sec this turn | 300 sec total\n|\n|t:|1783546253\n|move|p2a: Porygon2|Ice Beam|p1a: Gurdurr\n|-damage|p1a: Gurdurr|196/283\n|move|p1a: Gurdurr|Drain Punch|p2a: Porygon2\n|-supereffective|p2a: Porygon2\n|-damage|p2a: Porygon2|5/100\n|-heal|p1a: Gurdurr|259/283|[from] drain|[of] p2a: Porygon2\n|\n|upkeep\n|turn|44\n|inactive|Time left: 300 sec this turn | 300 sec total\n|\n|t:|1783546254\n|move|p1a: Gurdurr|Mach Punch|p2a: Porygon2\n|-supereffective|p2a: Porygon2\n|-damage|p2a: Porygon2|0 fnt\n|faint|p2a: Porygon2\n|\n|upkeep\n|\n|t:|1783546255\n|switch|p2a: Feraligatr|Feraligatr, L79, F|100/100\n|turn|45\n|inactive|Time left: 300 sec this turn | 300 sec total\n|\n|t:|1783546256\n|move|p2a: Feraligatr|Dragon Dance|p2a: Feraligatr\n|-boost|p2a: Feraligatr|atk|1\n|-boost|p2a: Feraligatr|spe|1\n|move|p1a: Gurdurr|Drain Punch|p2a: Feraligatr\n|-damage|p2a: Feraligatr|66/100\n|-heal|p1a: Gurdurr|283/283|[from] drain|[of] p2a: Feraligatr\n|\n|upkeep\n|turn|46\n|inactive|Time left: 300 sec this turn | 300 sec total\n|\n|t:|1783546257\n|move|p2a: Feraligatr|Dragon Dance|p2a: Feraligatr\n|-boost|p2a: Feraligatr|atk|1\n|-boost|p2a: Feraligatr|spe|1\n|move|p1a: Gurdurr|Drain Punch|p2a: Feraligatr\n|-damage|p2a: Feraligatr|31/100\n|\n|upkeep\n|turn|47\n|inactive|Time left: 300 sec this turn | 300 sec total\n|\n|t:|1783546258\n|move|p2a: Feraligatr|Liquidation|p1a: Gurdurr\n|-damage|p1a: Gurdurr|84/283\n|move|p1a: Gurdurr|Drain Punch|p2a: Feraligatr\n|-damage|p2a: Feraligatr|0 fnt\n|-heal|p1a: Gurdurr|124/283|[from] drain|[of] p2a: Feraligatr\n|faint|p2a: Feraligatr\n|\n|win|p0x6111873", "uploadtime": 1783546258, "views": 0, "rating": 0, "private": 0, "password": null, "_winner": "p0x6111873", "_our_name": "p0x6111873"}