{"id": "battle-gen9randombattle-1402", "formatid": "gen9randombattle", "format": "[Gen 9] Random Battle", "players": ["p0x140269a1", "p0y140280b8"], "log": "|init|battle\n|title|p0x140269a1 vs. p0y140280b8\n|j|\u2606p0x140269a1\n|j|\u2606p0y140280b8\n|t:|1783556301\n|gametype|singles\n|player|p1|p0x140269a1|2|\n|player|p2|p0y140280b8|101|\n|gen|9\n|tier|[Gen 9] Random Battle\n|rule|Species Clause: Limit one of each Pok\u00e9mon\n|rule|HP Percentage Mod: HP is shown in percentages\n|rule|Sleep Clause Mod: Limit one foe put to sleep\n|rule|Illusion Level Mod: Illusion disguises the Pok\u00e9mon's true level\n|\n|t:|1783556301\n|teamsize|p1|6\n|teamsize|p2|6\n|start\n|switch|p1a: Lugia|Lugia, L73|100/100\n|switch|p2a: Talonflame|Talonflame, L83, F|265/265\n|turn|1\n|inactive|Battle timer is ON: inactive players will automatically lose when time's up. (requested by p0x140269a1)\n|inactive|Time left: 300 sec this turn | 300 sec total | 60 sec grace\n|inactive|p0y140280b8 also wants the timer to be on.\n|\n|t:|1783556303\n|switch|p1a: Hariyama|Hariyama, L87, M|100/100\n|move|p2a: Talonflame|Swords Dance|p2a: Talonflame\n|-boost|p2a: Talonflame|atk|2\n|\n|-status|p1a: Hariyama|brn|[from] item: Flame Orb\n|upkeep\n|turn|2\n|inactive|Time left: 300 sec this turn | 300 sec total\n|\n|t:|1783556305\n|-terastallize|p1a: Hariyama|Normal\n|move|p2a: Talonflame|Brave Bird|p1a: Hariyama\n|-damage|p1a: Hariyama|27/100 brn\n|-damage|p2a: Talonflame|170/265|[from] Recoil\n|move|p1a: Hariyama|Facade|p2a: Talonflame\n|-damage|p2a: Talonflame|0 fnt\n|faint|p2a: Talonflame\n|\n|-damage|p1a: Hariyama|21/100 brn|[from] brn\n|upkeep\n|inactive|Time left: 300 sec this turn | 300 sec total | 5 sec grace\n|\n|t:|1783556306\n|switch|p2a: Kleavor|Kleavor, L78, M|237/237\n|turn|3\n|inactive|Time left: 300 sec this turn | 300 sec total\n|\n|t:|1783556307\n|switch|p1a: Houndstone|Houndstone, L86, F|100/100\n|move|p2a: Kleavor|Stone Axe|p1a: Houndstone\n|-damage|p1a: Houndstone|82/100\n|-sidestart|p1: p0x140269a1|move: Stealth Rock\n|\n|-heal|p1a: Houndstone|88/100|[from] item: Leftovers\n|upkeep\n|turn|4\n|inactive|Time left: 300 sec this turn | 300 sec total\n|\n|t:|1783556308\n|move|p2a: Kleavor|U-turn|p1a: Houndstone\n|-resisted|p1a: Houndstone\n|-damage|p1a: Houndstone|81/100\n|inactive|Time left: 300 sec this turn | 300 sec total | 5 sec grace\n|\n|t:|1783556310\n|switch|p2a: Wyrdeer|Wyrdeer, L87, M|321/321|[from] U-turn\n|-ability|p2a: Wyrdeer|Intimidate|boost\n|-unboost|p1a: Houndstone|atk|1\n|move|p1a: Houndstone|Poltergeist|p2a: Wyrdeer\n|-immune|p2a: Wyrdeer\n|\n|-heal|p1a: Houndstone|87/100|[from] item: Leftovers\n|upkeep\n|turn|5\n|inactive|Time left: 300 sec this turn | 300 sec total\n|\n|t:|1783556311\n|switch|p1a: Lugia|Lugia, L73|100/100\n|move|p2a: Wyrdeer|Thunder Wave|p1a: Lugia\n|-status|p1a: Lugia|par\n|\n|upkeep\n|turn|6\n|inactive|Time left: 300 sec this turn | 300 sec total\n|\n|t:|1783556312\n|move|p2a: Wyrdeer|Psychic Noise|p1a: Lugia\n|-resisted|p1a: Lugia\n|-crit|p1a: Lugia\n|-damage|p1a: Lugia|91/100 par\n|-start|p1a: Lugia|move: Heal Block\n|move|p1a: Lugia|Calm Mind|p1a: Lugia\n|-boost|p1a: Lugia|spa|1\n|-boost|p1a: Lugia|spd|1\n|\n|upkeep\n|turn|7\n|inactive|Time left: 300 sec this turn | 300 sec total\n|\n|t:|1783556313\n|move|p2a: Wyrdeer|Megahorn|p1a: Lugia\n|-damage|p1a: Lugia|62/100 par\n|move|p1a: Lugia|Aeroblast|p2a: Wyrdeer\n|-damage|p2a: Wyrdeer|191/321\n|\n|-heal|p2a: Wyrdeer|211/321|[from] item: Leftovers\n|-end|p1a: Lugia|move: Heal Block\n|upkeep\n|turn|8\n|inactive|Time left: 300 sec this turn | 300 sec total\n|\n|t:|1783556314\n|switch|p2a: Rotom|Rotom-Frost, L87|229/229\n|move|p1a: Lugia|Recover|p1a: Lugia\n|-heal|p1a: Lugia|100/100 par\n|\n|upkeep\n|turn|9\n|inactive|Time left: 300 sec this turn | 300 sec total\n|\n|t:|1783556316\n|move|p2a: Rotom|Thunderbolt|p1a: Lugia\n|-supereffective|p1a: Lugia\n|-damage|p1a: Lugia|81/100 par\n|cant|p1a: Lugia|par\n|\n|upkeep\n|turn|10\n|inactive|Time left: 300 sec this turn | 300 sec total\n|\n|t:|1783556317\n|move|p2a: Rotom|Thunderbolt|p1a: Lugia\n|-supereffective|p1a: Lugia\n|-damage|p1a: Lugia|41/100 par\n|move|p1a: Lugia|Recover|p1a: Lugia\n|-heal|p1a: Lugia|91/100 par\n|\n|upkeep\n|turn|11\n|inactive|Time left: 300 sec this turn | 300 sec total\n|\n|t:|1783556318\n|move|p2a: Rotom|Blizzard|p1a: Lugia|[miss]\n|-miss|p2a: Rotom|p1a: Lugia\n|move|p1a: Lugia|Calm Mind|p1a: Lugia\n|-boost|p1a: Lugia|spa|1\n|-boost|p1a: Lugia|spd|1\n|\n|upkeep\n|turn|12\n|inactive|Time left: 300 sec this turn | 300 sec total\n|\n|t:|1783556319\n|move|p2a: Rotom|Thunderbolt|p1a: Lugia\n|-supereffective|p1a: Lugia\n|-crit|p1a: Lugia\n|-damage|p1a: Lugia|0 fnt\n|faint|p1a: Lugia\n|\n|upkeep\n|\n|t:|1783556320\n|switch|p1a: Terrakion|Terrakion, L79|100/100\n|-damage|p1a: Terrakion|94/100|[from] Stealth Rock\n|turn|13\n|inactive|Time left: 300 sec this turn | 300 sec total\n|\n|t:|1783556321\n|switch|p2a: Wyrdeer|Wyrdeer, L87, M|211/321\n|-ability|p2a: Wyrdeer|Intimidate|boost\n|-unboost|p1a: Terrakion|atk|1\n|move|p1a: Terrakion|Close Combat|p2a: Wyrdeer\n|-damage|p2a: Wyrdeer|64/321\n|-unboost|p1a: Terrakion|def|1\n|-unboost|p1a: Terrakion|spd|1\n|\n|-heal|p2a: Wyrdeer|84/321|[from] item: Leftovers\n|upkeep\n|turn|14\n|inactive|Time left: 300 sec this turn | 300 sec total\n|\n|t:|1783556322\n|switch|p2a: Skuntank|Skuntank, L84, F|310/310\n|move|p1a: Terrakion|Close Combat|p2a: Skuntank\n|-damage|p2a: Skuntank|151/310\n|-unboost|p1a: Terrakion|def|1\n|-unboost|p1a: Terrakion|spd|1\n|\n|upkeep\n|turn|15\n|inactive|Time left: 300 sec this turn | 300 sec total\n|\n|t:|1783556323\n|move|p1a: Terrakion|Close Combat|p2a: Skuntank\n|-damage|p2a: Skuntank|0 fnt\n|-unboost|p1a: Terrakion|def|1\n|-unboost|p1a: Terrakion|spd|1\n|-damage|p1a: Terrakion|69/100|[from] ability: Aftermath|[of] p2a: Skuntank\n|faint|p2a: Skuntank\n|\n|upkeep\n|inactive|Time left: 300 sec this turn | 300 sec total | 5 sec grace\n|\n|t:|1783556324\n|switch|p2a: Smeargle|Smeargle, L95, F|258/258\n|turn|16\n|inactive|Time left: 300 sec this turn | 300 sec total\n|\n|t:|1783556325\n|-terastallize|p2a: Smeargle|Ghost\n|move|p1a: Terrakion|Close Combat|p2a: Smeargle\n|-immune|p2a: Smeargle\n|move|p2a: Smeargle|Sticky Web|p1a: Terrakion\n|-sidestart|p1: p0x140269a1|move: Sticky Web\n|\n|upkeep\n|turn|17\n|inactive|Time left: 300 sec this turn | 300 sec total\n|\n|t:|1783556326\n|switch|p1a: Feraligatr|Feraligatr, L79, M|100/100\n|-damage|p1a: Feraligatr|88/100|[from] Stealth Rock\n|-activate|p1a: Feraligatr|move: Sticky Web\n|-unboost|p1a: Feraligatr|spe|1\n|move|p2a: Smeargle|Ceaseless Edge|p1a: Feraligatr\n|-damage|p1a: Feraligatr|80/100\n|-sidestart|p1: p0x140269a1|Spikes\n|\n|upkeep\n|turn|18\n|inactive|Time left: 300 sec this turn | 300 sec total\n|\n|t:|1783556327\n|move|p2a: Smeargle|Spore|p1a: Feraligatr\n|-status|p1a: Feraligatr|slp|[from] move: Spore\n|cant|p1a: Feraligatr|slp\n|\n|upkeep\n|turn|19\n|inactive|Time left: 300 sec this turn | 300 sec total\n|\n|t:|1783556328\n|switch|p2a: Rotom|Rotom-Frost, L87|229/229\n|cant|p1a: Feraligatr|slp\n|\n|upkeep\n|turn|20\n|inactive|Time left: 300 sec this turn | 300 sec total\n|\n|t:|1783556329\n|switch|p1a: Chansey|Chansey, L85, F|100/100\n|-damage|p1a: Chansey|88/100|[from] Stealth Rock\n|-activate|p1a: Chansey|move: Sticky Web\n|-unboost|p1a: Chansey|spe|1\n|-damage|p1a: Chansey|76/100|[from] Spikes\n|move|p2a: Rotom|Thunderbolt|p1a: Chansey\n|-damage|p1a: Chansey|65/100\n|\n|upkeep\n|turn|21\n|inactive|Time left: 300 sec this turn | 300 sec total\n|\n|t:|1783556330\n|move|p2a: Rotom|Volt Switch|p1a: Chansey\n|-damage|p1a: Chansey|57/100\n|inactive|Time left: 300 sec this turn | 300 sec total | 5 sec grace\n|\n|t:|1783556330\n|switch|p2a: Smeargle|Smeargle, L95, F, tera:Ghost|258/258|[from] Volt Switch\n|move|p1a: Chansey|Seismic Toss|p2a: Smeargle\n|-immune|p2a: Smeargle\n|\n|upkeep\n|turn|22\n|inactive|Time left: 300 sec this turn | 300 sec total\n|\n|t:|1783556331\n|move|p2a: Smeargle|Ceaseless Edge|p1a: Chansey\n|-damage|p1a: Chansey|47/100\n|-sidestart|p1: p0x140269a1|Spikes\n|move|p1a: Chansey|Soft-Boiled|p1a: Chansey\n|-heal|p1a: Chansey|97/100\n|\n|upkeep\n|turn|23\n|inactive|Time left: 300 sec this turn | 300 sec total\n|\n|t:|1783556332\n|move|p2a: Smeargle|Ceaseless Edge|p1a: Chansey|[miss]\n|-miss|p2a: Smeargle|p1a: Chansey\n|move|p1a: Chansey|Thunder Wave|p2a: Smeargle\n|-status|p2a: Smeargle|par\n|\n|upkeep\n|turn|24\n|inactive|Time left: 300 sec this turn | 300 sec total\n|\n|t:|1783556333\n|switch|p1a: Feraligatr|Feraligatr, L79, M|80/100 slp\n|-damage|p1a: Feraligatr|68/100 slp|[from] Stealth Rock\n|-activate|p1a: Feraligatr|move: Sticky Web\n|-unboost|p1a: Feraligatr|spe|1\n|-damage|p1a: Feraligatr|51/100 slp|[from] Spikes\n|move|p2a: Smeargle|Ceaseless Edge|p1a: Feraligatr\n|-damage|p1a: Feraligatr|43/100 slp\n|-sidestart|p1: p0x140269a1|Spikes\n|\n|upkeep\n|turn|25\n|inactive|Time left: 300 sec this turn | 300 sec total\n|\n|t:|1783556334\n|cant|p1a: Feraligatr|slp\n|move|p2a: Smeargle|Whirlwind|p1a: Feraligatr\n|drag|p1a: Houndstone|Houndstone, L86, F|87/100\n|-damage|p1a: Houndstone|74/100|[from] Stealth Rock\n|-activate|p1a: Houndstone|move: Sticky Web\n|-unboost|p1a: Houndstone|spe|1\n|-damage|p1a: Houndstone|49/100|[from] Spikes\n|\n|-heal|p1a: Houndstone|55/100|[from] item: Leftovers\n|upkeep\n|turn|26\n|inactive|Time left: 300 sec this turn | 300 sec total\n|\n|t:|1783556335\n|switch|p2a: Wyrdeer|Wyrdeer, L87, M|84/321\n|-ability|p2a: Wyrdeer|Intimidate|boost\n|-unboost|p1a: Houndstone|atk|1\n|move|p1a: Houndstone|Poltergeist|p2a: Wyrdeer\n|-immune|p2a: Wyrdeer\n|\n|-heal|p2a: Wyrdeer|104/321|[from] item: Leftovers\n|-heal|p1a: Houndstone|61/100|[from] item: Leftovers\n|upkeep\n|turn|27\n|inactive|Time left: 300 sec this turn | 300 sec total\n|\n|t:|1783556335\n|move|p2a: Wyrdeer|Psychic Noise|p1a: Houndstone\n|-damage|p1a: Houndstone|31/100\n|-start|p1a: Houndstone|move: Heal Block\n|move|p1a: Houndstone|Body Press|p2a: Wyrdeer\n|-damage|p2a: Wyrdeer|42/321\n|\n|-heal|p2a: Wyrdeer|62/321|[from] item: Leftovers\n|upkeep\n|turn|28\n|inactive|Time left: 300 sec this turn | 300 sec total\n|\n|t:|1783556336\n|move|p2a: Wyrdeer|Psychic Noise|p1a: Houndstone\n|-damage|p1a: Houndstone|1/100\n|move|p1a: Houndstone|Body Press|p2a: Wyrdeer\n|-damage|p2a: Wyrdeer|0 fnt\n|faint|p2a: Wyrdeer\n|\n|-end|p1a: Houndstone|move: Heal Block\n|upkeep\n|inactive|Time left: 300 sec this turn | 300 sec total | 5 sec grace\n|\n|t:|1783556337\n|switch|p2a: Kleavor|Kleavor, L78, M|237/237\n|turn|29\n|inactive|Time left: 300 sec this turn | 300 sec total\n|\n|t:|1783556338\n|move|p2a: Kleavor|X-Scissor|p1a: Houndstone\n|-resisted|p1a: Houndstone\n|-damage|p1a: Houndstone|0 fnt\n|faint|p1a: Houndstone\n|\n|upkeep\n|\n|t:|1783556339\n|switch|p1a: Feraligatr|Feraligatr, L79, M|43/100 slp\n|-damage|p1a: Feraligatr|30/100 slp|[from] Stealth Rock\n|-activate|p1a: Feraligatr|move: Sticky Web\n|-unboost|p1a: Feraligatr|spe|1\n|-damage|p1a: Feraligatr|5/100 slp|[from] Spikes\n|turn|30\n|inactive|Time left: 300 sec this turn | 300 sec total\n|\n|t:|1783556340\n|move|p2a: Kleavor|X-Scissor|p1a: Feraligatr\n|-damage|p1a: Feraligatr|0 fnt\n|faint|p1a: Feraligatr\n|\n|upkeep\n|\n|t:|1783556341\n|switch|p1a: Chansey|Chansey, L85, F|97/100\n|-damage|p1a: Chansey|85/100|[from] Stealth Rock\n|-activate|p1a: Chansey|move: Sticky Web\n|-unboost|p1a: Chansey|spe|1\n|-damage|p1a: Chansey|60/100|[from] Spikes\n|turn|31\n|inactive|Time left: 300 sec this turn | 300 sec total\n|\n|t:|1783556342\n|move|p2a: Kleavor|X-Scissor|p1a: Chansey\n|-damage|p1a: Chansey|0 fnt\n|faint|p1a: Chansey\n|\n|upkeep\n|\n|t:|1783556343\n|switch|p1a: Hariyama|Hariyama, L87, M, tera:Normal|21/100 brn\n|-damage|p1a: Hariyama|8/100 brn|[from] Stealth Rock\n|-activate|p1a: Hariyama|move: Sticky Web\n|-unboost|p1a: Hariyama|spe|1\n|-damage|p1a: Hariyama|0 fnt|[from] Spikes\n|faint|p1a: Hariyama\n|\n|t:|1783556344\n|switch|p1a: Terrakion|Terrakion, L79|69/100\n|-damage|p1a: Terrakion|63/100|[from] Stealth Rock\n|-activate|p1a: Terrakion|move: Sticky Web\n|-unboost|p1a: Terrakion|spe|1\n|-damage|p1a: Terrakion|38/100|[from] Spikes\n|turn|32\n|inactive|Time left: 300 sec this turn | 300 sec total\n|\n|t:|1783556345\n|move|p2a: Kleavor|X-Scissor|p1a: Terrakion\n|-resisted|p1a: Terrakion\n|-damage|p1a: Terrakion|11/100\n|move|p1a: Terrakion|Earthquake|p2a: Kleavor\n|-damage|p2a: Kleavor|108/237\n|\n|upkeep\n|turn|33\n|inactive|Time left: 300 sec this turn | 300 sec total\n|\n|t:|1783556346\n|move|p2a: Kleavor|X-Scissor|p1a: Terrakion\n|-resisted|p1a: Terrakion\n|-damage|p1a: Terrakion|0 fnt\n|faint|p1a: Terrakion\n|\n|win|p0y140280b8", "uploadtime": 1783556346, "views": 0, "rating": 0, "private": 0, "password": null, "_winner": "p0y140280b8", "_our_name": "p0y140280b8"}