{"id": "battle-gen9randombattle-1152", "formatid": "gen9randombattle", "format": "[Gen 9] Random Battle", "players": ["p0x11526be3", "p0y11520977"], "log": "|init|battle\n|title|p0x11526be3 vs. p0y11520977\n|j|\u2606p0x11526be3\n|j|\u2606p0y11520977\n|t:|1783552507\n|gametype|singles\n|player|p1|p0x11526be3|169|\n|player|p2|p0y11520977|265|\n|gen|9\n|tier|[Gen 9] Random Battle\n|rule|Species Clause: Limit one of each Pok\u00e9mon\n|rule|HP Percentage Mod: HP is shown in percentages\n|rule|Sleep Clause Mod: Limit one foe put to sleep\n|rule|Illusion Level Mod: Illusion disguises the Pok\u00e9mon's true level\n|\n|t:|1783552507\n|teamsize|p1|6\n|teamsize|p2|6\n|start\n|switch|p1a: Necrozma|Necrozma, L80|100/100\n|switch|p2a: Staraptor|Staraptor, L79, M|263/263\n|turn|1\n|inactive|Battle timer is ON: inactive players will automatically lose when time's up. (requested by p0y11520977)\n|\n|t:|1783552508\n|move|p2a: Staraptor|Brave Bird|p1a: Necrozma\n|-damage|p1a: Necrozma|25/100\n|-damage|p2a: Staraptor|192/263|[from] Recoil\n|move|p1a: Necrozma|Photon Geyser|p2a: Staraptor\n|-damage|p2a: Staraptor|0 fnt\n|faint|p2a: Staraptor\n|-damage|p1a: Necrozma|15/100|[from] item: Life Orb\n|\n|upkeep\n|inactive|Time left: 300 sec this turn | 300 sec total | 65 sec grace\n|inactive|p0x11526be3 also wants the timer to be on.\n|\n|t:|1783552509\n|switch|p2a: Ludicolo|Ludicolo, L90, M|290/290\n|turn|2\n|inactive|Time left: 300 sec this turn | 300 sec total\n|\n|t:|1783552510\n|switch|p1a: Flareon|Flareon, L90, M|100/100\n|move|p2a: Ludicolo|Ice Beam|p1a: Flareon\n|-resisted|p1a: Flareon\n|-damage|p1a: Flareon|86/100\n|\n|-status|p1a: Flareon|tox|[from] item: Toxic Orb\n|upkeep\n|turn|3\n|inactive|Time left: 300 sec this turn | 300 sec total\n|\n|t:|1783552511\n|switch|p2a: Glimmora|Glimmora, L75, M|248/248\n|move|p1a: Flareon|Trailblaze|p2a: Glimmora\n|-damage|p2a: Glimmora|169/248\n|-boost|p1a: Flareon|spe|1\n|-activate|p2a: Glimmora|ability: Toxic Debris\n|-sidestart|p1: p0x11526be3|move: Toxic Spikes\n|\n|-damage|p1a: Flareon|80/100 tox|[from] psn\n|upkeep\n|turn|4\n|inactive|Time left: 300 sec this turn | 300 sec total\n|\n|t:|1783552512\n|-terastallize|p1a: Flareon|Normal\n|move|p1a: Flareon|Facade|p2a: Glimmora\n|-resisted|p2a: Glimmora\n|-damage|p2a: Glimmora|0 fnt\n|-activate|p2a: Glimmora|ability: Toxic Debris\n|-sidestart|p1: p0x11526be3|move: Toxic Spikes\n|faint|p2a: Glimmora\n|\n|-damage|p1a: Flareon|67/100 tox|[from] psn\n|upkeep\n|inactive|Time left: 300 sec this turn | 300 sec total | 5 sec grace\n|\n|t:|1783552513\n|switch|p2a: Dusknoir|Dusknoir, L89, F|225/225\n|-item|p1a: Flareon|Toxic Orb|[from] ability: Frisk|[of] p2a: Dusknoir\n|turn|5\n|inactive|Time left: 300 sec this turn | 300 sec total\n|\n|t:|1783552514\n|switch|p1a: Seviper|Seviper, L93, F|100/100\n|-sideend|p1: p0x11526be3|move: Toxic Spikes|[of] p1a: Seviper\n|move|p2a: Dusknoir|Earthquake|p1a: Seviper\n|-supereffective|p1a: Seviper\n|-damage|p1a: Seviper|27/100\n|\n|-heal|p1a: Seviper|33/100|[from] item: Leftovers\n|upkeep\n|turn|6\n|inactive|Time left: 300 sec this turn | 300 sec total\n|\n|t:|1783552515\n|switch|p1a: Whimsicott|Whimsicott, L84, M|100/100\n|move|p2a: Dusknoir|Earthquake|p1a: Whimsicott\n|-resisted|p1a: Whimsicott\n|-damage|p1a: Whimsicott|84/100\n|\n|-heal|p1a: Whimsicott|90/100|[from] item: Leftovers\n|upkeep\n|turn|7\n|inactive|Time left: 300 sec this turn | 300 sec total\n|\n|t:|1783552516\n|move|p1a: Whimsicott|Moonblast|p2a: Dusknoir\n|-damage|p2a: Dusknoir|164/225\n|move|p2a: Dusknoir|Poltergeist|p1a: Whimsicott\n|-activate|p1a: Whimsicott|move: Poltergeist|Leftovers\n|-damage|p1a: Whimsicott|34/100\n|\n|-heal|p1a: Whimsicott|40/100|[from] item: Leftovers\n|-heal|p2a: Dusknoir|178/225|[from] item: Leftovers\n|upkeep\n|turn|8\n|inactive|Time left: 300 sec this turn | 300 sec total\n|\n|t:|1783552517\n|switch|p1a: Flareon|Flareon, L90, M, tera:Normal|67/100 tox\n|move|p2a: Dusknoir|Poltergeist|p1a: Flareon\n|-immune|p1a: Flareon\n|\n|-heal|p2a: Dusknoir|192/225|[from] item: Leftovers\n|-damage|p1a: Flareon|61/100 tox|[from] psn\n|upkeep\n|turn|9\n|inactive|Time left: 300 sec this turn | 300 sec total\n|\n|t:|1783552518\n|move|p1a: Flareon|Flare Blitz|p2a: Dusknoir\n|-damage|p2a: Dusknoir|21/225\n|-damage|p1a: Flareon|40/100 tox|[from] Recoil\n|move|p2a: Dusknoir|Earthquake|p1a: Flareon\n|-damage|p1a: Flareon|2/100 tox\n|\n|-heal|p2a: Dusknoir|35/225|[from] item: Leftovers\n|-damage|p1a: Flareon|0 fnt|[from] psn\n|faint|p1a: Flareon\n|upkeep\n|\n|t:|1783552519\n|switch|p1a: Victreebel|Victreebel, L90, F|100/100\n|turn|10\n|inactive|Time left: 300 sec this turn | 300 sec total\n|\n|t:|1783552520\n|move|p1a: Victreebel|Poison Jab|p2a: Dusknoir\n|-resisted|p2a: Dusknoir\n|-damage|p2a: Dusknoir|0 fnt\n|faint|p2a: Dusknoir\n|-damage|p1a: Victreebel|90/100|[from] item: Life Orb\n|\n|upkeep\n|inactive|Time left: 300 sec this turn | 300 sec total | 5 sec grace\n|\n|t:|1783552521\n|switch|p2a: Infernape|Infernape, L82, F|259/259\n|turn|11\n|inactive|Time left: 300 sec this turn | 300 sec total\n|\n|t:|1783552522\n|move|p2a: Infernape|Flare Blitz|p1a: Victreebel\n|-supereffective|p1a: Victreebel\n|-damage|p1a: Victreebel|0 fnt\n|faint|p1a: Victreebel\n|-damage|p2a: Infernape|173/259|[from] Recoil\n|-damage|p2a: Infernape|148/259|[from] item: Life Orb\n|\n|upkeep\n|\n|t:|1783552523\n|switch|p1a: Persian|Persian, L92, M|100/100\n|turn|12\n|inactive|Time left: 300 sec this turn | 300 sec total\n|\n|t:|1783552524\n|switch|p2a: Tauros|Tauros-Paldea-Aqua, L81, M|252/252\n|move|p1a: Persian|Double-Edge|p2a: Tauros\n|-damage|p2a: Tauros|132/252\n|-damage|p1a: Persian|86/100|[from] Recoil\n|\n|upkeep\n|turn|13\n|inactive|Time left: 300 sec this turn | 300 sec total\n|\n|t:|1783552525\n|switch|p1a: Whimsicott|Whimsicott, L84, M|40/100\n|-terastallize|p2a: Tauros|Steel\n|move|p2a: Tauros|Bulk Up|p2a: Tauros\n|-boost|p2a: Tauros|atk|1\n|-boost|p2a: Tauros|def|1\n|\n|-heal|p1a: Whimsicott|46/100|[from] item: Leftovers\n|upkeep\n|turn|14\n|inactive|Time left: 300 sec this turn | 300 sec total\n|\n|t:|1783552526\n|move|p1a: Whimsicott|Encore|p2a: Tauros\n|-start|p2a: Tauros|Encore\n|move|p2a: Tauros|Bulk Up|p2a: Tauros\n|-boost|p2a: Tauros|atk|1\n|-boost|p2a: Tauros|def|1\n|\n|-heal|p1a: Whimsicott|52/100|[from] item: Leftovers\n|upkeep\n|turn|15\n|inactive|Time left: 300 sec this turn | 300 sec total\n|\n|t:|1783552527\n|move|p1a: Whimsicott|Stun Spore|p2a: Tauros|[miss]\n|-miss|p1a: Whimsicott|p2a: Tauros\n|move|p2a: Tauros|Bulk Up|p2a: Tauros\n|-boost|p2a: Tauros|atk|1\n|-boost|p2a: Tauros|def|1\n|\n|-heal|p1a: Whimsicott|58/100|[from] item: Leftovers\n|upkeep\n|turn|16\n|inactive|Time left: 300 sec this turn | 300 sec total\n|\n|t:|1783552528\n|switch|p2a: Ludicolo|Ludicolo, L90, M|290/290\n|move|p1a: Whimsicott|Giga Drain|p2a: Ludicolo\n|-damage|p2a: Ludicolo|229/290\n|-heal|p1a: Whimsicott|71/100|[from] drain|[of] p2a: Ludicolo\n|\n|-heal|p1a: Whimsicott|77/100|[from] item: Leftovers\n|upkeep\n|turn|17\n|inactive|Time left: 300 sec this turn | 300 sec total\n|\n|t:|1783552529\n|move|p1a: Whimsicott|Moonblast|p2a: Ludicolo\n|-damage|p2a: Ludicolo|157/290\n|move|p2a: Ludicolo|Ice Beam|p1a: Whimsicott\n|-supereffective|p1a: Whimsicott\n|-crit|p1a: Whimsicott\n|-damage|p1a: Whimsicott|0 fnt\n|faint|p1a: Whimsicott\n|\n|upkeep\n|\n|t:|1783552530\n|switch|p1a: Persian|Persian, L92, M|86/100\n|turn|18\n|inactive|Time left: 300 sec this turn | 300 sec total\n|\n|t:|1783552531\n|switch|p2a: Tauros|Tauros-Paldea-Aqua, L81, M, tera:Steel|132/252\n|move|p1a: Persian|Knock Off|p2a: Tauros\n|-damage|p2a: Tauros|73/252\n|-enditem|p2a: Tauros|Sitrus Berry|[from] move: Knock Off|[of] p1a: Persian\n|\n|upkeep\n|turn|19\n|inactive|Time left: 300 sec this turn | 300 sec total\n|\n|t:|1783552532\n|move|p1a: Persian|U-turn|p2a: Tauros\n|-resisted|p2a: Tauros\n|-damage|p2a: Tauros|52/252\n|\n|t:|1783552533\n|switch|p1a: Necrozma|Necrozma, L80|15/100|[from] U-turn\n|move|p2a: Tauros|Close Combat|p1a: Necrozma\n|-resisted|p1a: Necrozma\n|-damage|p1a: Necrozma|0 fnt\n|-unboost|p2a: Tauros|def|1\n|-unboost|p2a: Tauros|spd|1\n|faint|p1a: Necrozma\n|\n|upkeep\n|\n|t:|1783552534\n|switch|p1a: Persian|Persian, L92, M|86/100\n|turn|20\n|inactive|Time left: 300 sec this turn | 300 sec total\n|\n|t:|1783552536\n|move|p1a: Persian|Knock Off|p2a: Tauros\n|-damage|p2a: Tauros|0 fnt\n|faint|p2a: Tauros\n|\n|upkeep\n|inactive|Time left: 300 sec this turn | 300 sec total | 5 sec grace\n|\n|t:|1783552537\n|switch|p2a: Ludicolo|Ludicolo, L90, M|157/290\n|turn|21\n|inactive|Time left: 300 sec this turn | 300 sec total\n|\n|t:|1783552538\n|move|p1a: Persian|Knock Off|p2a: Ludicolo\n|-damage|p2a: Ludicolo|83/290\n|-enditem|p2a: Ludicolo|Choice Specs|[from] move: Knock Off|[of] p1a: Persian\n|move|p2a: Ludicolo|Giga Drain|p1a: Persian\n|-damage|p1a: Persian|52/100\n|-heal|p2a: Ludicolo|129/290|[from] drain|[of] p1a: Persian\n|\n|upkeep\n|turn|22\n|inactive|Time left: 300 sec this turn | 300 sec total\n|\n|t:|1783552538\n|switch|p2a: Infernape|Infernape, L82, F|148/259\n|move|p1a: Persian|Double-Edge|p2a: Infernape\n|-damage|p2a: Infernape|0 fnt\n|faint|p2a: Infernape\n|-damage|p1a: Persian|34/100|[from] Recoil\n|\n|upkeep\n|inactive|Time left: 300 sec this turn | 300 sec total | 5 sec grace\n|\n|t:|1783552539\n|switch|p2a: Ludicolo|Ludicolo, L90, M|129/290\n|turn|23\n|inactive|Time left: 300 sec this turn | 300 sec total\n|\n|t:|1783552540\n|move|p1a: Persian|Double-Edge|p2a: Ludicolo\n|-damage|p2a: Ludicolo|0 fnt\n|faint|p2a: Ludicolo\n|-damage|p1a: Persian|18/100|[from] Recoil\n|\n|win|p0x11526be3", "uploadtime": 1783552540, "views": 0, "rating": 0, "private": 0, "password": null, "_winner": "p0x11526be3", "_our_name": "p0y11520977"}