{"id": "battle-gen9randombattle-2565", "formatid": "gen9randombattle", "format": "[Gen 9] Random Battle", "players": ["p0x256529d6", "p0y25659d5e"], "log": "|init|battle\n|title|p0x256529d6 vs. p0y25659d5e\n|j|\u2606p0x256529d6\n|j|\u2606p0y25659d5e\n|t:|1783569651\n|gametype|singles\n|player|p1|p0x256529d6|170|\n|player|p2|p0y25659d5e|265|\n|gen|9\n|tier|[Gen 9] Random Battle\n|rule|Species Clause: Limit one of each Pok\u00e9mon\n|rule|HP Percentage Mod: HP is shown in percentages\n|rule|Sleep Clause Mod: Limit one foe put to sleep\n|rule|Illusion Level Mod: Illusion disguises the Pok\u00e9mon's true level\n|\n|t:|1783569651\n|teamsize|p1|6\n|teamsize|p2|6\n|start\n|switch|p1a: Cacturne|Cacturne, L92, F|100/100\n|switch|p2a: Falinks|Falinks, L84|246/246\n|turn|1\n|inactive|Battle timer is ON: inactive players will automatically lose when time's up. (requested by p0y25659d5e)\n|inactive|p0x256529d6 also wants the timer to be on.\n|\n|t:|1783569652\n|-terastallize|p1a: Cacturne|Grass\n|move|p2a: Falinks|No Retreat|p2a: Falinks\n|-boost|p2a: Falinks|atk|1\n|-boost|p2a: Falinks|def|1\n|-boost|p2a: Falinks|spa|1\n|-boost|p2a: Falinks|spd|1\n|-boost|p2a: Falinks|spe|1\n|-start|p2a: Falinks|move: No Retreat\n|move|p1a: Cacturne|Leaf Storm|p2a: Falinks\n|-damage|p2a: Falinks|0 fnt\n|-unboost|p1a: Cacturne|spa|2\n|faint|p2a: Falinks\n|-damage|p1a: Cacturne|91/100|[from] item: Life Orb\n|\n|upkeep\n|inactive|Time left: 300 sec this turn | 300 sec total | 65 sec grace\n|\n|t:|1783569653\n|switch|p2a: Heatran|Heatran, L79, M|273/273\n|-item|p2a: Heatran|Air Balloon\n|turn|2\n|inactive|Time left: 300 sec this turn | 300 sec total\n|\n|t:|1783569655\n|switch|p1a: Greedent|Greedent, L86, M|100/100\n|move|p2a: Heatran|Lava Plume|p1a: Greedent\n|-damage|p1a: Greedent|71/100\n|\n|upkeep\n|turn|3\n|inactive|Time left: 300 sec this turn | 300 sec total\n|\n|t:|1783569656\n|move|p2a: Heatran|Lava Plume|p1a: Greedent\n|-damage|p1a: Greedent|43/100\n|-enditem|p1a: Greedent|Sitrus Berry|[eat]\n|-heal|p1a: Greedent|68/100|[from] item: Sitrus Berry\n|-heal|p1a: Greedent|100/100|[from] ability: Cheek Pouch\n|move|p1a: Greedent|Swords Dance|p1a: Greedent\n|-boost|p1a: Greedent|atk|2\n|\n|upkeep\n|turn|4\n|inactive|Time left: 300 sec this turn | 300 sec total\n|\n|t:|1783569657\n|move|p2a: Heatran|Lava Plume|p1a: Greedent\n|-damage|p1a: Greedent|70/100\n|-status|p1a: Greedent|brn\n|move|p1a: Greedent|Knock Off|p2a: Heatran\n|-damage|p2a: Heatran|207/273\n|-enditem|p2a: Heatran|Air Balloon\n|\n|-damage|p1a: Greedent|64/100 brn|[from] brn\n|upkeep\n|turn|5\n|inactive|Time left: 300 sec this turn | 300 sec total\n|\n|t:|1783569658\n|switch|p2a: Archaludon|Archaludon, L78, M|268/268\n|move|p1a: Greedent|Earthquake|p2a: Archaludon\n|-supereffective|p2a: Archaludon\n|-damage|p2a: Archaludon|157/268\n|-ability|p2a: Archaludon|Stamina|boost\n|-boost|p2a: Archaludon|def|1\n|\n|-damage|p1a: Greedent|58/100 brn|[from] brn\n|upkeep\n|turn|6\n|inactive|Time left: 300 sec this turn | 300 sec total\n|\n|t:|1783569659\n|move|p2a: Archaludon|Flash Cannon|p1a: Greedent\n|-damage|p1a: Greedent|31/100 brn\n|-unboost|p1a: Greedent|spd|1\n|move|p1a: Greedent|Knock Off|p2a: Archaludon\n|-damage|p2a: Archaludon|118/268\n|-ability|p2a: Archaludon|Stamina|boost\n|-boost|p2a: Archaludon|def|1\n|-enditem|p2a: Archaludon|Assault Vest|[from] move: Knock Off|[of] p1a: Greedent\n|\n|-damage|p1a: Greedent|25/100 brn|[from] brn\n|upkeep\n|turn|7\n|inactive|Time left: 300 sec this turn | 300 sec total\n|\n|t:|1783569660\n|switch|p1a: Salazzle|Salazzle, L83, F|100/100\n|move|p2a: Archaludon|Flash Cannon|p1a: Salazzle\n|-resisted|p1a: Salazzle\n|-damage|p1a: Salazzle|78/100\n|\n|-heal|p1a: Salazzle|84/100|[from] item: Leftovers\n|upkeep\n|turn|8\n|inactive|Time left: 300 sec this turn | 300 sec total\n|\n|t:|1783569661\n|switch|p2a: Heatran|Heatran, L79, M|207/273\n|move|p1a: Salazzle|Flamethrower|p2a: Heatran\n|-start|p2a: Heatran|ability: Flash Fire\n|\n|-heal|p1a: Salazzle|90/100|[from] item: Leftovers\n|upkeep\n|turn|9\n|inactive|Time left: 300 sec this turn | 300 sec total\n|\n|t:|1783569662\n|move|p1a: Salazzle|Toxic|p2a: Heatran\n|-status|p2a: Heatran|tox\n|move|p2a: Heatran|Stealth Rock|p1a: Salazzle\n|-sidestart|p1: p0x256529d6|move: Stealth Rock\n|\n|-heal|p1a: Salazzle|96/100|[from] item: Leftovers\n|-damage|p2a: Heatran|190/273 tox|[from] psn\n|upkeep\n|turn|10\n|inactive|Time left: 300 sec this turn | 300 sec total\n|\n|t:|1783569663\n|move|p1a: Salazzle|Protect|p1a: Salazzle\n|-singleturn|p1a: Salazzle|Protect\n|move|p2a: Heatran|Earth Power|p1a: Salazzle\n|-activate|p1a: Salazzle|move: Protect\n|\n|-heal|p1a: Salazzle|100/100|[from] item: Leftovers\n|-damage|p2a: Heatran|156/273 tox|[from] psn\n|upkeep\n|turn|11\n|inactive|Time left: 300 sec this turn | 300 sec total\n|\n|t:|1783569664\n|move|p1a: Salazzle|Substitute|p1a: Salazzle\n|-start|p1a: Salazzle|Substitute\n|-damage|p1a: Salazzle|76/100\n|move|p2a: Heatran|Earth Power|p1a: Salazzle\n|-supereffective|p1a: Salazzle\n|-end|p1a: Salazzle|Substitute\n|\n|-heal|p1a: Salazzle|82/100|[from] item: Leftovers\n|-damage|p2a: Heatran|105/273 tox|[from] psn\n|upkeep\n|turn|12\n|inactive|Time left: 300 sec this turn | 300 sec total\n|\n|t:|1783569665\n|move|p1a: Salazzle|Protect|p1a: Salazzle\n|-singleturn|p1a: Salazzle|Protect\n|move|p2a: Heatran|Earth Power|p1a: Salazzle\n|-activate|p1a: Salazzle|move: Protect\n|\n|-heal|p1a: Salazzle|88/100|[from] item: Leftovers\n|-damage|p2a: Heatran|37/273 tox|[from] psn\n|upkeep\n|turn|13\n|inactive|Time left: 300 sec this turn | 300 sec total\n|\n|t:|1783569666\n|move|p1a: Salazzle|Substitute|p1a: Salazzle\n|-start|p1a: Salazzle|Substitute\n|-damage|p1a: Salazzle|63/100\n|move|p2a: Heatran|Earth Power|p1a: Salazzle\n|-supereffective|p1a: Salazzle\n|-end|p1a: Salazzle|Substitute\n|\n|-heal|p1a: Salazzle|69/100|[from] item: Leftovers\n|-damage|p2a: Heatran|0 fnt|[from] psn\n|faint|p2a: Heatran\n|upkeep\n|inactive|Time left: 300 sec this turn | 300 sec total | 5 sec grace\n|\n|t:|1783569667\n|switch|p2a: Girafarig|Girafarig, L89, M|269/269\n|turn|14\n|inactive|Time left: 300 sec this turn | 300 sec total\n|\n|t:|1783569668\n|move|p1a: Salazzle|Toxic|p2a: Girafarig\n|-status|p2a: Girafarig|tox\n|move|p2a: Girafarig|Nasty Plot|p2a: Girafarig\n|-boost|p2a: Girafarig|spa|2\n|\n|-heal|p1a: Salazzle|75/100|[from] item: Leftovers\n|-damage|p2a: Girafarig|253/269 tox|[from] psn\n|upkeep\n|turn|15\n|inactive|Time left: 300 sec this turn | 300 sec total\n|\n|t:|1783569669\n|move|p1a: Salazzle|Protect|p1a: Salazzle\n|-singleturn|p1a: Salazzle|Protect\n|move|p2a: Girafarig|Psyshock|p1a: Salazzle\n|-activate|p1a: Salazzle|move: Protect\n|\n|-heal|p1a: Salazzle|81/100|[from] item: Leftovers\n|-damage|p2a: Girafarig|221/269 tox|[from] psn\n|upkeep\n|turn|16\n|inactive|Time left: 300 sec this turn | 300 sec total\n|\n|t:|1783569669\n|switch|p1a: Greedent|Greedent, L86, M|25/100 brn\n|-damage|p1a: Greedent|13/100 brn|[from] Stealth Rock\n|move|p2a: Girafarig|Psyshock|p1a: Greedent\n|-damage|p1a: Greedent|0 fnt\n|faint|p1a: Greedent\n|\n|-damage|p2a: Girafarig|173/269 tox|[from] psn\n|upkeep\n|\n|t:|1783569670\n|switch|p1a: Dunsparce|Dunsparce, L86, F|100/100\n|-damage|p1a: Dunsparce|88/100|[from] Stealth Rock\n|turn|17\n|inactive|Time left: 300 sec this turn | 300 sec total\n|\n|t:|1783569671\n|move|p2a: Girafarig|Psyshock|p1a: Dunsparce\n|-damage|p1a: Dunsparce|44/100\n|move|p1a: Dunsparce|Roost|p1a: Dunsparce\n|-heal|p1a: Dunsparce|94/100\n|-singleturn|p1a: Dunsparce|move: Roost\n|\n|-damage|p2a: Girafarig|109/269 tox|[from] psn\n|upkeep\n|turn|18\n|inactive|Time left: 300 sec this turn | 300 sec total\n|\n|t:|1783569672\n|move|p2a: Girafarig|Thunderbolt|p1a: Dunsparce\n|-damage|p1a: Dunsparce|61/100\n|move|p1a: Dunsparce|Roost|p1a: Dunsparce\n|-heal|p1a: Dunsparce|100/100\n|-singleturn|p1a: Dunsparce|move: Roost\n|\n|-damage|p2a: Girafarig|29/269 tox|[from] psn\n|upkeep\n|turn|19\n|inactive|Time left: 300 sec this turn | 300 sec total\n|\n|t:|1783569673\n|move|p2a: Girafarig|Thunderbolt|p1a: Dunsparce\n|-damage|p1a: Dunsparce|65/100\n|move|p1a: Dunsparce|Coil|p1a: Dunsparce\n|-boost|p1a: Dunsparce|atk|1\n|-boost|p1a: Dunsparce|def|1\n|-boost|p1a: Dunsparce|accuracy|1\n|\n|-damage|p2a: Girafarig|0 fnt|[from] psn\n|faint|p2a: Girafarig\n|upkeep\n|inactive|Time left: 300 sec this turn | 300 sec total | 5 sec grace\n|\n|t:|1783569674\n|switch|p2a: Mandibuzz|Mandibuzz, L85, F|326/326\n|turn|20\n|inactive|Time left: 300 sec this turn | 300 sec total\n|\n|t:|1783569675\n|move|p2a: Mandibuzz|Toxic|p1a: Dunsparce\n|-status|p1a: Dunsparce|tox\n|move|p1a: Dunsparce|Roost|p1a: Dunsparce\n|-heal|p1a: Dunsparce|100/100 tox\n|-singleturn|p1a: Dunsparce|move: Roost\n|\n|-damage|p1a: Dunsparce|94/100 tox|[from] psn\n|upkeep\n|turn|21\n|inactive|Time left: 300 sec this turn | 300 sec total\n|\n|t:|1783569676\n|move|p2a: Mandibuzz|Knock Off|p1a: Dunsparce\n|-damage|p1a: Dunsparce|81/100 tox\n|-enditem|p1a: Dunsparce|Eviolite|[from] move: Knock Off|[of] p2a: Mandibuzz\n|move|p1a: Dunsparce|Body Slam|p2a: Mandibuzz\n|-damage|p2a: Mandibuzz|232/326\n|-status|p2a: Mandibuzz|par\n|\n|-damage|p1a: Dunsparce|69/100 tox|[from] psn\n|upkeep\n|turn|22\n|inactive|Time left: 300 sec this turn | 300 sec total\n|\n|t:|1783569677\n|move|p1a: Dunsparce|Roost|p1a: Dunsparce\n|-heal|p1a: Dunsparce|100/100 tox\n|-singleturn|p1a: Dunsparce|move: Roost\n|cant|p2a: Mandibuzz|par\n|\n|-damage|p1a: Dunsparce|82/100 tox|[from] psn\n|upkeep\n|turn|23\n|inactive|Time left: 300 sec this turn | 300 sec total\n|\n|t:|1783569678\n|move|p1a: Dunsparce|Body Slam|p2a: Mandibuzz\n|-damage|p2a: Mandibuzz|141/326 par\n|move|p2a: Mandibuzz|Roost|p2a: Mandibuzz\n|-heal|p2a: Mandibuzz|304/326 par\n|-singleturn|p2a: Mandibuzz|move: Roost\n|\n|-damage|p1a: Dunsparce|58/100 tox|[from] psn\n|upkeep\n|turn|24\n|inactive|Time left: 300 sec this turn | 300 sec total\n|\n|t:|1783569678\n|move|p1a: Dunsparce|Roost|p1a: Dunsparce\n|-heal|p1a: Dunsparce|100/100 tox\n|-singleturn|p1a: Dunsparce|move: Roost\n|move|p2a: Mandibuzz|Brave Bird|p1a: Dunsparce\n|-damage|p1a: Dunsparce|76/100 tox\n|-damage|p2a: Mandibuzz|279/326 par|[from] Recoil\n|\n|-damage|p1a: Dunsparce|46/100 tox|[from] psn\n|upkeep\n|turn|25\n|inactive|Time left: 300 sec this turn | 300 sec total\n|\n|t:|1783569680\n|move|p1a: Dunsparce|Roost|p1a: Dunsparce\n|-heal|p1a: Dunsparce|96/100 tox\n|-singleturn|p1a: Dunsparce|move: Roost\n|cant|p2a: Mandibuzz|par\n|\n|-damage|p1a: Dunsparce|59/100 tox|[from] psn\n|upkeep\n|turn|26\n|inactive|Time left: 300 sec this turn | 300 sec total\n|\n|t:|1783569681\n|move|p1a: Dunsparce|Roost|p1a: Dunsparce\n|-heal|p1a: Dunsparce|100/100 tox\n|-singleturn|p1a: Dunsparce|move: Roost\n|move|p2a: Mandibuzz|Knock Off|p1a: Dunsparce\n|-damage|p1a: Dunsparce|87/100 tox\n|\n|-damage|p1a: Dunsparce|44/100 tox|[from] psn\n|upkeep\n|turn|27\n|inactive|Time left: 300 sec this turn | 300 sec total\n|\n|t:|1783569681\n|move|p1a: Dunsparce|Body Slam|p2a: Mandibuzz\n|-damage|p2a: Mandibuzz|183/326 par\n|move|p2a: Mandibuzz|Brave Bird|p1a: Dunsparce\n|-damage|p1a: Dunsparce|18/100 tox\n|-damage|p2a: Mandibuzz|156/326 par|[from] Recoil\n|\n|-damage|p1a: Dunsparce|0 fnt|[from] psn\n|faint|p1a: Dunsparce\n|upkeep\n|\n|t:|1783569682\n|switch|p1a: Medicham|Medicham, L86, M|100/100\n|-damage|p1a: Medicham|94/100|[from] Stealth Rock\n|turn|28\n|inactive|Time left: 300 sec this turn | 300 sec total\n|\n|t:|1783569684\n|move|p1a: Medicham|Close Combat|p2a: Mandibuzz\n|-damage|p2a: Mandibuzz|8/326 par\n|-unboost|p1a: Medicham|def|1\n|-unboost|p1a: Medicham|spd|1\n|move|p2a: Mandibuzz|Brave Bird|p1a: Medicham\n|-supereffective|p1a: Medicham\n|-damage|p1a: Medicham|0 fnt\n|faint|p1a: Medicham\n|-damage|p2a: Mandibuzz|0 fnt|[from] Recoil\n|faint|p2a: Mandibuzz\n|\n|upkeep\n|inactive|Time left: 300 sec this turn | 300 sec total | 5 sec grace\n|\n|t:|1783569685\n|switch|p1a: Virizion|Virizion, L82|100/100\n|switch|p2a: Sceptile|Sceptile, L87, M|264/264\n|-damage|p1a: Virizion|94/100|[from] Stealth Rock\n|turn|29\n|inactive|Time left: 300 sec this turn | 300 sec total\n|\n|t:|1783569686\n|move|p2a: Sceptile|Rock Slide|p1a: Virizion\n|-resisted|p1a: Virizion\n|-damage|p1a: Virizion|80/100\n|-damage|p2a: Sceptile|238/264|[from] item: Life Orb\n|move|p1a: Virizion|Swords Dance|p1a: Virizion\n|-boost|p1a: Virizion|atk|2\n|\n|upkeep\n|turn|30\n|inactive|Time left: 300 sec this turn | 300 sec total\n|\n|t:|1783569687\n|move|p2a: Sceptile|Rock Slide|p1a: Virizion\n|-resisted|p1a: Virizion\n|-damage|p1a: Virizion|65/100\n|-damage|p2a: Sceptile|212/264|[from] item: Life Orb\n|move|p1a: Virizion|Close Combat|p2a: Sceptile\n|-damage|p2a: Sceptile|0 fnt\n|-unboost|p1a: Virizion|def|1\n|-unboost|p1a: Virizion|spd|1\n|faint|p2a: Sceptile\n|-damage|p1a: Virizion|55/100|[from] item: Life Orb\n|\n|upkeep\n|inactive|Time left: 300 sec this turn | 300 sec total | 5 sec grace\n|\n|t:|1783569687\n|switch|p2a: Archaludon|Archaludon, L78, M|118/268\n|turn|31\n|inactive|Time left: 300 sec this turn | 300 sec total\n|\n|t:|1783569688\n|move|p1a: Virizion|Close Combat|p2a: Archaludon\n|-supereffective|p2a: Archaludon\n|-damage|p2a: Archaludon|0 fnt\n|-unboost|p1a: Virizion|def|1\n|-unboost|p1a: Virizion|spd|1\n|faint|p2a: Archaludon\n|-damage|p1a: Virizion|45/100|[from] item: Life Orb\n|\n|win|p0x256529d6", "uploadtime": 1783569688, "views": 0, "rating": 0, "private": 0, "password": null, "_winner": "p0x256529d6", "_our_name": "p0y25659d5e"}