{"id": "battle-gen9randombattle-656", "formatid": "gen9randombattle", "format": "[Gen 9] Random Battle", "players": ["p0x656beb7", "p0y6560549"], "log": "|init|battle\n|title|p0x656beb7 vs. p0y6560549\n|j|\u2606p0x656beb7\n|j|\u2606p0y6560549\n|t:|1783546737\n|gametype|singles\n|player|p1|p0x656beb7|170|\n|player|p2|p0y6560549|169|\n|gen|9\n|tier|[Gen 9] Random Battle\n|rule|Species Clause: Limit one of each Pok\u00e9mon\n|rule|HP Percentage Mod: HP is shown in percentages\n|rule|Sleep Clause Mod: Limit one foe put to sleep\n|rule|Illusion Level Mod: Illusion disguises the Pok\u00e9mon's true level\n|\n|t:|1783546737\n|teamsize|p1|6\n|teamsize|p2|6\n|start\n|switch|p1a: Weavile|Weavile, L79, F|240/240\n|switch|p2a: Flutter Mane|Flutter Mane, L74|100/100\n|turn|1\n|inactive|Battle timer is ON: inactive players will automatically lose when time's up. (requested by p0x656beb7)\n|inactive|p0y6560549 also wants the timer to be on.\n|\n|t:|1783546739\n|move|p2a: Flutter Mane|Moonblast|p1a: Weavile\n|-supereffective|p1a: Weavile\n|-damage|p1a: Weavile|0 fnt\n|faint|p1a: Weavile\n|\n|upkeep\n|inactive|Time left: 300 sec this turn | 300 sec total | 65 sec grace\n|\n|t:|1783546740\n|switch|p1a: Flareon|Flareon, L90, M|263/263\n|turn|2\n|inactive|Time left: 300 sec this turn | 300 sec total\n|\n|t:|1783546741\n|move|p2a: Flutter Mane|Moonblast|p1a: Flareon\n|-resisted|p1a: Flareon\n|-damage|p1a: Flareon|202/263\n|-unboost|p1a: Flareon|spa|1\n|move|p1a: Flareon|Flare Blitz|p2a: Flutter Mane\n|-damage|p2a: Flutter Mane|0 fnt\n|faint|p2a: Flutter Mane\n|-end|p2a: Flutter Mane|Protosynthesis|[silent]\n|-damage|p1a: Flareon|135/263|[from] Recoil\n|\n|-status|p1a: Flareon|tox|[from] item: Toxic Orb\n|upkeep\n|\n|t:|1783546742\n|switch|p2a: Ludicolo|Ludicolo, L90, M|100/100\n|turn|3\n|inactive|Time left: 300 sec this turn | 300 sec total\n|\n|t:|1783546743\n|move|p2a: Ludicolo|Hydro Pump|p1a: Flareon\n|-supereffective|p1a: Flareon\n|-damage|p1a: Flareon|0 fnt\n|faint|p1a: Flareon\n|\n|upkeep\n|inactive|Time left: 300 sec this turn | 300 sec total | 5 sec grace\n|\n|t:|1783546744\n|switch|p1a: Lumineon|Lumineon, L93, F|279/279\n|turn|4\n|inactive|Time left: 300 sec this turn | 300 sec total\n|\n|t:|1783546745\n|switch|p2a: Regigigas|Regigigas, L84|100/100\n|-start|p2a: Regigigas|ability: Slow Start\n|move|p1a: Lumineon|Ice Beam|p2a: Regigigas\n|-damage|p2a: Regigigas|80/100\n|-damage|p1a: Lumineon|252/279|[from] item: Life Orb\n|\n|-heal|p2a: Regigigas|87/100|[from] item: Leftovers\n|upkeep\n|turn|5\n|inactive|Time left: 300 sec this turn | 300 sec total\n|\n|t:|1783546747\n|switch|p1a: Qwilfish|Qwilfish-Hisui, L83, F|244/244\n|-ability|p1a: Qwilfish|Intimidate|boost\n|-unboost|p2a: Regigigas|atk|1\n|move|p2a: Regigigas|Body Slam|p1a: Qwilfish\n|-damage|p1a: Qwilfish|213/244\n|\n|-heal|p2a: Regigigas|93/100|[from] item: Leftovers\n|upkeep\n|turn|6\n|inactive|Time left: 300 sec this turn | 300 sec total\n|\n|t:|1783546748\n|move|p1a: Qwilfish|Toxic Spikes|p2a: Regigigas\n|-sidestart|p2: p0y6560549|move: Toxic Spikes\n|move|p2a: Regigigas|Body Slam|p1a: Qwilfish\n|-damage|p1a: Qwilfish|183/244\n|\n|-heal|p2a: Regigigas|99/100|[from] item: Leftovers\n|upkeep\n|turn|7\n|inactive|Time left: 300 sec this turn | 300 sec total\n|\n|t:|1783546748\n|move|p1a: Qwilfish|Gunk Shot|p2a: Regigigas\n|-damage|p2a: Regigigas|66/100\n|-status|p2a: Regigigas|psn\n|move|p2a: Regigigas|Body Slam|p1a: Qwilfish\n|-damage|p1a: Qwilfish|149/244\n|\n|-heal|p2a: Regigigas|73/100 psn|[from] item: Leftovers\n|-damage|p2a: Regigigas|60/100 psn|[from] psn\n|upkeep\n|turn|8\n|inactive|Time left: 300 sec this turn | 300 sec total\n|\n|t:|1783546749\n|move|p1a: Qwilfish|Spikes|p2a: Regigigas\n|-sidestart|p2: p0y6560549|Spikes\n|move|p2a: Regigigas|Knock Off|p1a: Qwilfish\n|-resisted|p1a: Qwilfish\n|-damage|p1a: Qwilfish|137/244\n|-enditem|p1a: Qwilfish|Eviolite|[from] move: Knock Off|[of] p2a: Regigigas\n|\n|-heal|p2a: Regigigas|66/100 psn|[from] item: Leftovers\n|-damage|p2a: Regigigas|54/100 psn|[from] psn\n|upkeep\n|turn|9\n|inactive|Time left: 300 sec this turn | 300 sec total\n|\n|t:|1783546750\n|move|p1a: Qwilfish|Spikes|p2a: Regigigas\n|-sidestart|p2: p0y6560549|Spikes\n|move|p2a: Regigigas|Body Slam|p1a: Qwilfish\n|-damage|p1a: Qwilfish|91/244\n|\n|-heal|p2a: Regigigas|60/100 psn|[from] item: Leftovers\n|-damage|p2a: Regigigas|48/100 psn|[from] psn\n|-end|p2a: Regigigas|Slow Start\n|upkeep\n|turn|10\n|inactive|Time left: 300 sec this turn | 300 sec total\n|\n|t:|1783546751\n|move|p2a: Regigigas|Body Slam|p1a: Qwilfish\n|-damage|p1a: Qwilfish|4/244\n|-status|p1a: Qwilfish|par\n|move|p1a: Qwilfish|Spikes|p2a: Regigigas\n|-sidestart|p2: p0y6560549|Spikes\n|\n|-heal|p2a: Regigigas|54/100 psn|[from] item: Leftovers\n|-damage|p2a: Regigigas|41/100 psn|[from] psn\n|upkeep\n|turn|11\n|inactive|Time left: 300 sec this turn | 300 sec total\n|\n|t:|1783546752\n|move|p2a: Regigigas|Body Slam|p1a: Qwilfish\n|-damage|p1a: Qwilfish|0 fnt\n|faint|p1a: Qwilfish\n|\n|-heal|p2a: Regigigas|48/100 psn|[from] item: Leftovers\n|-damage|p2a: Regigigas|35/100 psn|[from] psn\n|upkeep\n|inactive|Time left: 300 sec this turn | 300 sec total | 5 sec grace\n|\n|t:|1783546753\n|switch|p1a: Beartic|Beartic, L91, M|321/321\n|turn|12\n|inactive|Time left: 300 sec this turn | 300 sec total\n|\n|t:|1783546754\n|move|p2a: Regigigas|Body Slam|p1a: Beartic\n|-damage|p1a: Beartic|228/321\n|move|p1a: Beartic|Swords Dance|p1a: Beartic\n|-boost|p1a: Beartic|atk|2\n|\n|-heal|p2a: Regigigas|41/100 psn|[from] item: Leftovers\n|-damage|p2a: Regigigas|29/100 psn|[from] psn\n|upkeep\n|turn|13\n|inactive|Time left: 300 sec this turn | 300 sec total\n|\n|t:|1783546755\n|move|p2a: Regigigas|Body Slam|p1a: Beartic\n|-damage|p1a: Beartic|138/321\n|-status|p1a: Beartic|par\n|move|p1a: Beartic|Icicle Crash|p2a: Regigigas\n|-damage|p2a: Regigigas|0 fnt\n|faint|p2a: Regigigas\n|-end|p2a: Regigigas|Slow Start|[silent]\n|\n|upkeep\n|\n|t:|1783546756\n|switch|p2a: Ludicolo|Ludicolo, L90, M|100/100\n|-status|p2a: Ludicolo|psn\n|-damage|p2a: Ludicolo|76/100 psn|[from] Spikes\n|turn|14\n|inactive|Time left: 300 sec this turn | 300 sec total\n|\n|t:|1783546757\n|-terastallize|p2a: Ludicolo|Grass\n|move|p2a: Ludicolo|Giga Drain|p1a: Beartic\n|-damage|p1a: Beartic|0 fnt\n|-heal|p2a: Ludicolo|99/100 psn|[from] drain|[of] p1a: Beartic\n|faint|p1a: Beartic\n|\n|-damage|p2a: Ludicolo|87/100 psn|[from] psn\n|upkeep\n|inactive|Time left: 300 sec this turn | 300 sec total | 5 sec grace\n|\n|t:|1783546759\n|switch|p1a: Lumineon|Lumineon, L93, F|252/279\n|turn|15\n|inactive|Time left: 300 sec this turn | 300 sec total\n|\n|t:|1783546760\n|-terastallize|p1a: Lumineon|Fairy\n|move|p1a: Lumineon|Ice Beam|p2a: Ludicolo\n|-supereffective|p2a: Ludicolo\n|-crit|p2a: Ludicolo\n|-damage|p2a: Ludicolo|21/100 psn\n|-damage|p1a: Lumineon|225/279|[from] item: Life Orb\n|move|p2a: Ludicolo|Giga Drain|p1a: Lumineon\n|-damage|p1a: Lumineon|57/279\n|-heal|p2a: Ludicolo|50/100 psn|[from] drain|[of] p1a: Lumineon\n|\n|-damage|p2a: Ludicolo|37/100 psn|[from] psn\n|upkeep\n|turn|16\n|inactive|Time left: 300 sec this turn | 300 sec total\n|\n|t:|1783546761\n|move|p1a: Lumineon|Ice Beam|p2a: Ludicolo\n|-supereffective|p2a: Ludicolo\n|-damage|p2a: Ludicolo|0 fnt\n|faint|p2a: Ludicolo\n|-damage|p1a: Lumineon|30/279|[from] item: Life Orb\n|\n|upkeep\n|\n|t:|1783546762\n|switch|p2a: Zebstrika|Zebstrika, L87, M|100/100\n|-status|p2a: Zebstrika|psn\n|-damage|p2a: Zebstrika|75/100 psn|[from] Spikes\n|turn|17\n|inactive|Time left: 300 sec this turn | 300 sec total\n|\n|t:|1783546763\n|move|p2a: Zebstrika|High Horsepower|p1a: Lumineon\n|-damage|p1a: Lumineon|0 fnt\n|faint|p1a: Lumineon\n|-damage|p2a: Zebstrika|66/100 psn|[from] item: Life Orb\n|\n|-damage|p2a: Zebstrika|53/100 psn|[from] psn\n|upkeep\n|inactive|Time left: 300 sec this turn | 300 sec total | 5 sec grace\n|\n|t:|1783546764\n|switch|p1a: Luvdisc|Luvdisc, M|247/247\n|turn|18\n|inactive|Time left: 300 sec this turn | 300 sec total\n|\n|t:|1783546765\n|move|p2a: Zebstrika|Supercell Slam|p1a: Luvdisc\n|-supereffective|p1a: Luvdisc\n|-damage|p1a: Luvdisc|0 fnt\n|faint|p1a: Luvdisc\n|-damage|p2a: Zebstrika|43/100 psn|[from] item: Life Orb\n|\n|win|p0y6560549", "uploadtime": 1783546765, "views": 0, "rating": 0, "private": 0, "password": null, "_winner": "p0y6560549", "_our_name": "p0x656beb7"}