{"id": "battle-gen9randombattle-951", "formatid": "gen9randombattle", "format": "[Gen 9] Random Battle", "players": ["p0x951a2b0", "p0y9515567"], "log": "|init|battle\n|title|p0x951a2b0 vs. p0y9515567\n|j|\u2606p0x951a2b0\n|j|\u2606p0y9515567\n|t:|1783550889\n|gametype|singles\n|player|p1|p0x951a2b0|1|\n|player|p2|p0y9515567|101|\n|gen|9\n|tier|[Gen 9] Random Battle\n|rule|Species Clause: Limit one of each Pok\u00e9mon\n|rule|HP Percentage Mod: HP is shown in percentages\n|rule|Sleep Clause Mod: Limit one foe put to sleep\n|rule|Illusion Level Mod: Illusion disguises the Pok\u00e9mon's true level\n|\n|t:|1783550889\n|teamsize|p1|6\n|teamsize|p2|6\n|start\n|switch|p1a: Mabosstiff|Mabosstiff, L86, M|100/100\n|switch|p2a: Fezandipiti|Fezandipiti, L82, M|278/278\n|turn|1\n|inactive|Battle timer is ON: inactive players will automatically lose when time's up. (requested by p0y9515567)\n|inactive|p0x951a2b0 also wants the timer to be on.\n|\n|t:|1783550891\n|move|p2a: Fezandipiti|Moonblast|p1a: Mabosstiff\n|-supereffective|p1a: Mabosstiff\n|-damage|p1a: Mabosstiff|42/100\n|-status|p1a: Mabosstiff|tox|[from] ability: Toxic Chain|[of] p2a: Fezandipiti\n|move|p1a: Mabosstiff|Psychic Fangs|p2a: Fezandipiti\n|-supereffective|p2a: Fezandipiti\n|-damage|p2a: Fezandipiti|36/278\n|\n|-heal|p2a: Fezandipiti|53/278|[from] item: Leftovers\n|-damage|p1a: Mabosstiff|36/100 tox|[from] psn\n|upkeep\n|turn|2\n|inactive|Time left: 300 sec this turn | 300 sec total\n|\n|t:|1783550892\n|move|p2a: Fezandipiti|Moonblast|p1a: Mabosstiff\n|-supereffective|p1a: Mabosstiff\n|-damage|p1a: Mabosstiff|0 fnt\n|faint|p1a: Mabosstiff\n|\n|-heal|p2a: Fezandipiti|70/278|[from] item: Leftovers\n|upkeep\n|\n|t:|1783550893\n|switch|p1a: Emboar|Emboar, L84, F|100/100\n|turn|3\n|inactive|Time left: 300 sec this turn | 300 sec total\n|\n|t:|1783550894\n|move|p1a: Emboar|Flare Blitz|p2a: Fezandipiti\n|-damage|p2a: Fezandipiti|0 fnt\n|faint|p2a: Fezandipiti\n|-damage|p1a: Emboar|93/100|[from] Recoil\n|\n|upkeep\n|inactive|Time left: 300 sec this turn | 300 sec total | 5 sec grace\n|\n|t:|1783550895\n|switch|p2a: Dugtrio|Dugtrio, L84, M|196/196\n|turn|4\n|inactive|Time left: 300 sec this turn | 300 sec total\n|\n|t:|1783550897\n|move|p2a: Dugtrio|Earthquake|p1a: Emboar\n|-supereffective|p1a: Emboar\n|-damage|p1a: Emboar|0 fnt\n|faint|p1a: Emboar\n|-damage|p2a: Dugtrio|177/196|[from] item: Life Orb\n|\n|upkeep\n|\n|t:|1783550898\n|switch|p1a: Keldeo|Keldeo-Resolute, L79|100/100\n|turn|5\n|inactive|Time left: 300 sec this turn | 300 sec total\n|\n|t:|1783550899\n|switch|p2a: Comfey|Comfey, L85, F|225/225\n|move|p1a: Keldeo|Surf|p2a: Comfey\n|-damage|p2a: Comfey|132/225\n|\n|-heal|p2a: Comfey|146/225|[from] item: Leftovers\n|upkeep\n|turn|6\n|inactive|Time left: 300 sec this turn | 300 sec total\n|\n|t:|1783550900\n|move|p2a: Comfey|Calm Mind|p2a: Comfey\n|-boost|p2a: Comfey|spa|1\n|-boost|p2a: Comfey|spd|1\n|move|p1a: Keldeo|Calm Mind|p1a: Keldeo\n|-boost|p1a: Keldeo|spa|1\n|-boost|p1a: Keldeo|spd|1\n|\n|-heal|p2a: Comfey|160/225|[from] item: Leftovers\n|upkeep\n|turn|7\n|inactive|Time left: 300 sec this turn | 300 sec total\n|\n|t:|1783550901\n|move|p2a: Comfey|Calm Mind|p2a: Comfey\n|-boost|p2a: Comfey|spa|1\n|-boost|p2a: Comfey|spd|1\n|move|p1a: Keldeo|Calm Mind|p1a: Keldeo\n|-boost|p1a: Keldeo|spa|1\n|-boost|p1a: Keldeo|spd|1\n|\n|-heal|p2a: Comfey|174/225|[from] item: Leftovers\n|upkeep\n|turn|8\n|inactive|Time left: 300 sec this turn | 300 sec total\n|\n|t:|1783550902\n|-terastallize|p1a: Keldeo|Steel\n|move|p2a: Comfey|Giga Drain|p1a: Keldeo\n|-resisted|p1a: Keldeo\n|-damage|p1a: Keldeo|92/100\n|-heal|p2a: Comfey|186/225|[from] drain|[of] p1a: Keldeo\n|move|p1a: Keldeo|Secret Sword|p2a: Comfey\n|-resisted|p2a: Comfey\n|-damage|p2a: Comfey|92/225\n|\n|-heal|p2a: Comfey|106/225|[from] item: Leftovers\n|-heal|p1a: Keldeo|98/100|[from] item: Leftovers\n|upkeep\n|turn|9\n|inactive|Time left: 300 sec this turn | 300 sec total\n|\n|t:|1783550903\n|move|p2a: Comfey|Calm Mind|p2a: Comfey\n|-boost|p2a: Comfey|spa|1\n|-boost|p2a: Comfey|spd|1\n|move|p1a: Keldeo|Secret Sword|p2a: Comfey\n|-resisted|p2a: Comfey\n|-damage|p2a: Comfey|14/225\n|\n|-heal|p2a: Comfey|28/225|[from] item: Leftovers\n|-heal|p1a: Keldeo|100/100|[from] item: Leftovers\n|upkeep\n|turn|10\n|inactive|Time left: 300 sec this turn | 300 sec total\n|\n|t:|1783550903\n|move|p2a: Comfey|Draining Kiss|p1a: Keldeo\n|-resisted|p1a: Keldeo\n|-damage|p1a: Keldeo|90/100\n|-heal|p2a: Comfey|50/225|[from] drain|[of] p1a: Keldeo\n|move|p1a: Keldeo|Surf|p2a: Comfey\n|-damage|p2a: Comfey|0 fnt\n|faint|p2a: Comfey\n|\n|-heal|p1a: Keldeo|96/100|[from] item: Leftovers\n|upkeep\n|inactive|Time left: 300 sec this turn | 300 sec total | 5 sec grace\n|\n|t:|1783550904\n|switch|p2a: Dugtrio|Dugtrio, L84, M|177/196\n|turn|11\n|inactive|Time left: 300 sec this turn | 300 sec total\n|\n|t:|1783550905\n|move|p2a: Dugtrio|Earthquake|p1a: Keldeo\n|-supereffective|p1a: Keldeo\n|-damage|p1a: Keldeo|0 fnt\n|faint|p1a: Keldeo\n|-damage|p2a: Dugtrio|158/196|[from] item: Life Orb\n|\n|upkeep\n|\n|t:|1783550906\n|switch|p1a: Exeggutor|Exeggutor, L89, F|100/100\n|turn|12\n|inactive|Time left: 300 sec this turn | 300 sec total\n|\n|t:|1783550907\n|switch|p2a: Mandibuzz|Mandibuzz, L85, F|326/326\n|move|p1a: Exeggutor|Psychic|p2a: Mandibuzz\n|-immune|p2a: Mandibuzz\n|\n|upkeep\n|turn|13\n|inactive|Time left: 300 sec this turn | 300 sec total\n|\n|t:|1783550908\n|switch|p1a: Regigigas|Regigigas, L84|100/100\n|-start|p1a: Regigigas|ability: Slow Start\n|move|p2a: Mandibuzz|Foul Play|p1a: Regigigas\n|-damage|p1a: Regigigas|59/100\n|\n|-heal|p1a: Regigigas|65/100|[from] item: Leftovers\n|upkeep\n|turn|14\n|inactive|Time left: 300 sec this turn | 300 sec total\n|\n|t:|1783550909\n|move|p2a: Mandibuzz|Foul Play|p1a: Regigigas\n|-damage|p1a: Regigigas|27/100\n|move|p1a: Regigigas|Body Slam|p2a: Mandibuzz\n|-damage|p2a: Mandibuzz|271/326\n|\n|-heal|p1a: Regigigas|33/100|[from] item: Leftovers\n|upkeep\n|turn|15\n|inactive|Time left: 300 sec this turn | 300 sec total\n|\n|t:|1783550909\n|move|p2a: Mandibuzz|Foul Play|p1a: Regigigas\n|-crit|p1a: Regigigas\n|-damage|p1a: Regigigas|0 fnt\n|faint|p1a: Regigigas\n|-end|p1a: Regigigas|Slow Start|[silent]\n|\n|upkeep\n|\n|t:|1783550910\n|switch|p1a: Exeggutor|Exeggutor, L89, F|100/100\n|turn|16\n|inactive|Time left: 300 sec this turn | 300 sec total\n|\n|t:|1783550911\n|move|p2a: Mandibuzz|Foul Play|p1a: Exeggutor\n|-supereffective|p1a: Exeggutor\n|-damage|p1a: Exeggutor|44/100\n|-enditem|p1a: Exeggutor|Sitrus Berry|[eat]\n|-heal|p1a: Exeggutor|69/100|[from] item: Sitrus Berry\n|move|p1a: Exeggutor|Substitute|p1a: Exeggutor\n|-start|p1a: Exeggutor|Substitute\n|-damage|p1a: Exeggutor|44/100\n|\n|upkeep\n|turn|17\n|inactive|Time left: 300 sec this turn | 300 sec total\n|\n|t:|1783550912\n|move|p2a: Mandibuzz|Foul Play|p1a: Exeggutor\n|-supereffective|p1a: Exeggutor\n|-end|p1a: Exeggutor|Substitute\n|move|p1a: Exeggutor|Substitute|p1a: Exeggutor\n|-start|p1a: Exeggutor|Substitute\n|-damage|p1a: Exeggutor|19/100\n|\n|-item|p1a: Exeggutor|Sitrus Berry|[from] ability: Harvest\n|upkeep\n|-enditem|p1a: Exeggutor|Sitrus Berry|[eat]\n|-heal|p1a: Exeggutor|44/100|[from] item: Sitrus Berry\n|turn|18\n|inactive|Time left: 300 sec this turn | 300 sec total\n|\n|t:|1783550913\n|move|p2a: Mandibuzz|Foul Play|p1a: Exeggutor\n|-supereffective|p1a: Exeggutor\n|-end|p1a: Exeggutor|Substitute\n|move|p1a: Exeggutor|Substitute|p1a: Exeggutor\n|-start|p1a: Exeggutor|Substitute\n|-damage|p1a: Exeggutor|19/100\n|\n|upkeep\n|turn|19\n|inactive|Time left: 300 sec this turn | 300 sec total\n|\n|t:|1783550914\n|move|p2a: Mandibuzz|Foul Play|p1a: Exeggutor\n|-supereffective|p1a: Exeggutor\n|-end|p1a: Exeggutor|Substitute\n|move|p1a: Exeggutor|Psychic|p2a: Mandibuzz\n|-immune|p2a: Mandibuzz\n|\n|-item|p1a: Exeggutor|Sitrus Berry|[from] ability: Harvest\n|upkeep\n|-enditem|p1a: Exeggutor|Sitrus Berry|[eat]\n|-heal|p1a: Exeggutor|44/100|[from] item: Sitrus Berry\n|turn|20\n|inactive|Time left: 300 sec this turn | 300 sec total\n|\n|t:|1783550915\n|switch|p1a: Banette|Banette, L93, F|100/100\n|move|p2a: Mandibuzz|Foul Play|p1a: Banette\n|-supereffective|p1a: Banette\n|-damage|p1a: Banette|0 fnt\n|faint|p1a: Banette\n|\n|upkeep\n|\n|t:|1783550916\n|switch|p1a: Exeggutor|Exeggutor, L89, F|44/100\n|turn|21\n|inactive|Time left: 300 sec this turn | 300 sec total\n|\n|t:|1783550916\n|-terastallize|p2a: Mandibuzz|Steel\n|move|p2a: Mandibuzz|Foul Play|p1a: Exeggutor\n|-supereffective|p1a: Exeggutor\n|-damage|p1a: Exeggutor|0 fnt\n|faint|p1a: Exeggutor\n|\n|win|p0y9515567", "uploadtime": 1783550916, "views": 0, "rating": 0, "private": 0, "password": null, "_winner": "p0y9515567", "_our_name": "p0y9515567"}