{"id": "battle-gen9randombattle-1271", "formatid": "gen9randombattle", "format": "[Gen 9] Random Battle", "players": ["p0x1271c982", "p0y1271f6b9"], "log": "|init|battle\n|title|p0x1271c982 vs. p0y1271f6b9\n|j|\u2606p0x1271c982\n|j|\u2606p0y1271f6b9\n|t:|1783554760\n|gametype|singles\n|player|p1|p0x1271c982|1|\n|player|p2|p0y1271f6b9|169|\n|gen|9\n|tier|[Gen 9] Random Battle\n|rule|Species Clause: Limit one of each Pok\u00e9mon\n|rule|HP Percentage Mod: HP is shown in percentages\n|rule|Sleep Clause Mod: Limit one foe put to sleep\n|rule|Illusion Level Mod: Illusion disguises the Pok\u00e9mon's true level\n|\n|t:|1783554760\n|teamsize|p1|6\n|teamsize|p2|6\n|start\n|switch|p1a: Mesprit|Mesprit, L85|275/275\n|switch|p2a: Gallade|Gallade, L80, M|100/100\n|turn|1\n|inactive|Battle timer is ON: inactive players will automatically lose when time's up. (requested by p0x1271c982)\n|inactive|p0y1271f6b9 also wants the timer to be on.\n|\n|t:|1783554762\n|move|p1a: Mesprit|Knock Off|p2a: Gallade\n|-damage|p2a: Gallade|61/100\n|-enditem|p2a: Gallade|Life Orb|[from] move: Knock Off|[of] p1a: Mesprit\n|move|p2a: Gallade|Night Slash|p1a: Mesprit\n|-supereffective|p1a: Mesprit\n|-damage|p1a: Mesprit|141/275\n|\n|-heal|p1a: Mesprit|158/275|[from] item: Leftovers\n|upkeep\n|turn|2\n|inactive|Time left: 300 sec this turn | 300 sec total\n|\n|t:|1783554763\n|move|p1a: Mesprit|Ice Beam|p2a: Gallade\n|-damage|p2a: Gallade|37/100\n|-status|p2a: Gallade|frz\n|cant|p2a: Gallade|frz\n|\n|-heal|p1a: Mesprit|175/275|[from] item: Leftovers\n|upkeep\n|turn|3\n|inactive|Time left: 300 sec this turn | 300 sec total\n|\n|t:|1783554765\n|move|p1a: Mesprit|Knock Off|p2a: Gallade\n|-damage|p2a: Gallade|10/100 frz\n|cant|p2a: Gallade|frz\n|\n|-heal|p1a: Mesprit|192/275|[from] item: Leftovers\n|upkeep\n|turn|4\n|inactive|Time left: 300 sec this turn | 300 sec total\n|\n|t:|1783554766\n|switch|p2a: Houndoom|Houndoom, L87, F|100/100\n|move|p1a: Mesprit|Ice Beam|p2a: Houndoom\n|-resisted|p2a: Houndoom\n|-damage|p2a: Houndoom|88/100\n|\n|-heal|p1a: Mesprit|209/275|[from] item: Leftovers\n|upkeep\n|turn|5\n|inactive|Time left: 300 sec this turn | 300 sec total\n|\n|t:|1783554767\n|switch|p1a: Keldeo|Keldeo-Resolute, L79|273/273\n|move|p2a: Houndoom|Fire Blast|p1a: Keldeo\n|-resisted|p1a: Keldeo\n|-damage|p1a: Keldeo|207/273\n|\n|upkeep\n|turn|6\n|inactive|Time left: 300 sec this turn | 300 sec total\n|\n|t:|1783554768\n|switch|p2a: Reuniclus|Reuniclus, L88, M|100/100\n|move|p1a: Keldeo|Calm Mind|p1a: Keldeo\n|-boost|p1a: Keldeo|spa|1\n|-boost|p1a: Keldeo|spd|1\n|\n|upkeep\n|turn|7\n|inactive|Time left: 300 sec this turn | 300 sec total\n|\n|t:|1783554770\n|move|p1a: Keldeo|Hydro Pump|p2a: Reuniclus\n|-damage|p2a: Reuniclus|32/100\n|-damage|p1a: Keldeo|180/273|[from] item: Life Orb\n|move|p2a: Reuniclus|Psychic|p1a: Keldeo\n|-supereffective|p1a: Keldeo\n|-damage|p1a: Keldeo|0 fnt\n|faint|p1a: Keldeo\n|\n|upkeep\n|inactive|Time left: 300 sec this turn | 300 sec total | 5 sec grace\n|\n|t:|1783554771\n|switch|p1a: Hitmonlee|Hitmonlee, L85, M|223/223\n|turn|8\n|inactive|Time left: 300 sec this turn | 300 sec total\n|\n|t:|1783554772\n|move|p1a: Hitmonlee|High Jump Kick|p2a: Reuniclus\n|-resisted|p2a: Reuniclus\n|-damage|p2a: Reuniclus|0 fnt\n|faint|p2a: Reuniclus\n|\n|upkeep\n|\n|t:|1783554773\n|switch|p2a: Flamigo|Flamigo, L82, F|100/100\n|turn|9\n|inactive|Time left: 300 sec this turn | 300 sec total\n|\n|t:|1783554774\n|switch|p1a: Mesprit|Mesprit, L85|209/275\n|move|p2a: Flamigo|Close Combat|p1a: Mesprit\n|-resisted|p1a: Mesprit\n|-damage|p1a: Mesprit|128/275\n|-unboost|p2a: Flamigo|def|1\n|-unboost|p2a: Flamigo|spd|1\n|-damage|p2a: Flamigo|91/100|[from] item: Life Orb\n|\n|-heal|p1a: Mesprit|145/275|[from] item: Leftovers\n|upkeep\n|turn|10\n|inactive|Time left: 300 sec this turn | 300 sec total\n|\n|t:|1783554776\n|move|p2a: Flamigo|Brave Bird|p1a: Mesprit\n|-damage|p1a: Mesprit|0 fnt\n|faint|p1a: Mesprit\n|-damage|p2a: Flamigo|73/100|[from] Recoil\n|-damage|p2a: Flamigo|63/100|[from] item: Life Orb\n|\n|upkeep\n|inactive|Time left: 300 sec this turn | 300 sec total | 5 sec grace\n|\n|t:|1783554777\n|switch|p1a: Hitmonlee|Hitmonlee, L85, M|223/223\n|turn|11\n|inactive|Time left: 300 sec this turn | 300 sec total\n|\n|t:|1783554778\n|switch|p2a: Gallade|Gallade, L80, M|10/100 frz\n|move|p1a: Hitmonlee|High Jump Kick|p2a: Gallade\n|-resisted|p2a: Gallade\n|-damage|p2a: Gallade|0 fnt\n|faint|p2a: Gallade\n|\n|upkeep\n|\n|t:|1783554779\n|switch|p2a: Flamigo|Flamigo, L82, F|63/100\n|turn|12\n|inactive|Time left: 300 sec this turn | 300 sec total\n|\n|t:|1783554780\n|move|p1a: Hitmonlee|High Jump Kick|p2a: Flamigo\n|-resisted|p2a: Flamigo\n|-damage|p2a: Flamigo|3/100\n|move|p2a: Flamigo|Close Combat|p1a: Hitmonlee\n|-damage|p1a: Hitmonlee|0 fnt\n|-unboost|p2a: Flamigo|def|1\n|-unboost|p2a: Flamigo|spd|1\n|faint|p1a: Hitmonlee\n|-damage|p2a: Flamigo|0 fnt|[from] item: Life Orb\n|faint|p2a: Flamigo\n|\n|upkeep\n|inactive|Time left: 300 sec this turn | 300 sec total | 5 sec grace\n|\n|t:|1783554781\n|switch|p1a: Malamar|Malamar, L82, M|275/275\n|switch|p2a: Houndoom|Houndoom, L87, F|88/100\n|turn|13\n|inactive|Time left: 300 sec this turn | 300 sec total\n|\n|t:|1783554782\n|move|p2a: Houndoom|Nasty Plot|p2a: Houndoom\n|-boost|p2a: Houndoom|spa|2\n|move|p1a: Malamar|Superpower|p2a: Houndoom\n|-supereffective|p2a: Houndoom\n|-damage|p2a: Houndoom|1/100\n|-boost|p1a: Malamar|atk|1\n|-boost|p1a: Malamar|def|1\n|\n|upkeep\n|turn|14\n|inactive|Time left: 300 sec this turn | 300 sec total\n|\n|t:|1783554783\n|switch|p1a: Luvdisc|Luvdisc, M|247/247\n|move|p2a: Houndoom|Fire Blast|p1a: Luvdisc\n|-resisted|p1a: Luvdisc\n|-damage|p1a: Luvdisc|103/247\n|\n|upkeep\n|turn|15\n|inactive|Time left: 300 sec this turn | 300 sec total\n|\n|t:|1783554784\n|-terastallize|p2a: Houndoom|Dark\n|move|p2a: Houndoom|Sucker Punch|p1a: Luvdisc\n|-damage|p1a: Luvdisc|0 fnt\n|faint|p1a: Luvdisc\n|\n|upkeep\n|inactive|Time left: 300 sec this turn | 300 sec total | 5 sec grace\n|\n|t:|1783554785\n|switch|p1a: Cetitan|Cetitan, L82, M|413/413\n|turn|16\n|inactive|Time left: 300 sec this turn | 300 sec total\n|\n|t:|1783554786\n|move|p1a: Cetitan|Ice Shard|p2a: Houndoom\n|-damage|p2a: Houndoom|0 fnt\n|faint|p2a: Houndoom\n|-damage|p1a: Cetitan|372/413|[from] item: Life Orb\n|\n|upkeep\n|\n|t:|1783554787\n|switch|p2a: Palkia|Palkia-Origin, L72|100/100\n|-ability|p2a: Palkia|Pressure\n|turn|17\n|inactive|Time left: 300 sec this turn | 300 sec total\n|\n|t:|1783554788\n|move|p2a: Palkia|Fire Blast|p1a: Cetitan\n|-supereffective|p1a: Cetitan\n|-damage|p1a: Cetitan|132/413\n|move|p1a: Cetitan|Icicle Crash|p2a: Palkia\n|-damage|p2a: Palkia|34/100\n|\n|upkeep\n|turn|18\n|inactive|Time left: 300 sec this turn | 300 sec total\n|\n|t:|1783554789\n|move|p1a: Cetitan|Ice Shard|p2a: Palkia\n|-damage|p2a: Palkia|9/100\n|-damage|p1a: Cetitan|91/413|[from] item: Life Orb\n|move|p2a: Palkia|Fire Blast|p1a: Cetitan\n|-supereffective|p1a: Cetitan\n|-damage|p1a: Cetitan|0 fnt\n|faint|p1a: Cetitan\n|\n|upkeep\n|inactive|Time left: 300 sec this turn | 300 sec total | 5 sec grace\n|\n|t:|1783554790\n|switch|p1a: Malamar|Malamar, L82, M|275/275\n|turn|19\n|inactive|Time left: 300 sec this turn | 300 sec total\n|\n|t:|1783554791\n|-terastallize|p1a: Malamar|Poison\n|move|p2a: Palkia|Draco Meteor|p1a: Malamar\n|-damage|p1a: Malamar|68/275\n|-unboost|p2a: Palkia|spa|2\n|move|p1a: Malamar|Superpower|p2a: Palkia\n|-damage|p2a: Palkia|0 fnt\n|-boost|p1a: Malamar|atk|1\n|-boost|p1a: Malamar|def|1\n|faint|p2a: Palkia\n|\n|upkeep\n|\n|t:|1783554791\n|switch|p2a: Luvdisc|Luvdisc, F|100/100\n|turn|20\n|inactive|Time left: 300 sec this turn | 300 sec total\n|\n|t:|1783554792\n|move|p2a: Luvdisc|Surf|p1a: Malamar\n|-damage|p1a: Malamar|0 fnt\n|faint|p1a: Malamar\n|\n|win|p0y1271f6b9", "uploadtime": 1783554792, "views": 0, "rating": 0, "private": 0, "password": null, "_winner": "p0y1271f6b9", "_our_name": "p0x1271c982"}