{"id": "battle-gen9randombattle-2966", "formatid": "gen9randombattle", "format": "[Gen 9] Random Battle", "players": ["p0x29660190", "p0y296683b8"], "log": "|init|battle\n|title|p0x29660190 vs. p0y296683b8\n|j|\u2606p0x29660190\n|j|\u2606p0y296683b8\n|t:|1783574154\n|gametype|singles\n|player|p1|p0x29660190|1|\n|player|p2|p0y296683b8|2|\n|gen|9\n|tier|[Gen 9] Random Battle\n|rule|Species Clause: Limit one of each Pok\u00e9mon\n|rule|HP Percentage Mod: HP is shown in percentages\n|rule|Sleep Clause Mod: Limit one foe put to sleep\n|rule|Illusion Level Mod: Illusion disguises the Pok\u00e9mon's true level\n|\n|t:|1783574154\n|teamsize|p1|6\n|teamsize|p2|6\n|start\n|switch|p1a: Meganium|Meganium, L90, F|100/100\n|switch|p2a: Pawmot|Pawmot, L80, M|243/243\n|turn|1\n|inactive|Battle timer is ON: inactive players will automatically lose when time's up. (requested by p0x29660190)\n|inactive|Time left: 300 sec this turn | 300 sec total | 60 sec grace\n|inactive|p0y296683b8 also wants the timer to be on.\n|\n|t:|1783574155\n|switch|p2a: Glastrier|Glastrier, L86|311/311\n|move|p1a: Meganium|Energy Ball|p2a: Glastrier\n|-damage|p2a: Glastrier|226/311\n|\n|upkeep\n|turn|2\n|inactive|Time left: 300 sec this turn | 300 sec total\n|\n|t:|1783574156\n|move|p1a: Meganium|Leech Seed|p2a: Glastrier\n|-start|p2a: Glastrier|move: Leech Seed\n|move|p2a: Glastrier|Icicle Crash|p1a: Meganium\n|-supereffective|p1a: Meganium\n|-damage|p1a: Meganium|0 fnt\n|faint|p1a: Meganium\n|-ability|p2a: Glastrier|Chilling Neigh|boost\n|-boost|p2a: Glastrier|atk|1\n|\n|upkeep\n|\n|t:|1783574157\n|switch|p1a: Suicune|Suicune, L82|100/100\n|-ability|p1a: Suicune|Pressure\n|turn|3\n|inactive|Time left: 300 sec this turn | 300 sec total\n|\n|t:|1783574158\n|move|p1a: Suicune|Scald|p2a: Glastrier\n|-damage|p2a: Glastrier|165/311\n|move|p2a: Glastrier|Icicle Crash|p1a: Suicune\n|-resisted|p1a: Suicune\n|-crit|p1a: Suicune\n|-damage|p1a: Suicune|42/100\n|\n|-heal|p1a: Suicune|48/100|[from] item: Leftovers\n|-damage|p2a: Glastrier|127/311|[from] Leech Seed|[of] p1a: Suicune\n|-heal|p1a: Suicune|61/100|[silent]\n|upkeep\n|turn|4\n|inactive|Time left: 300 sec this turn | 300 sec total\n|\n|t:|1783574160\n|move|p1a: Suicune|Scald|p2a: Glastrier\n|-damage|p2a: Glastrier|64/311\n|-status|p2a: Glastrier|brn\n|move|p2a: Glastrier|Icicle Crash|p1a: Suicune\n|-resisted|p1a: Suicune\n|-damage|p1a: Suicune|40/100\n|\n|-heal|p1a: Suicune|46/100|[from] item: Leftovers\n|-damage|p2a: Glastrier|26/311 brn|[from] Leech Seed|[of] p1a: Suicune\n|-heal|p1a: Suicune|59/100|[silent]\n|-damage|p2a: Glastrier|7/311 brn|[from] brn\n|upkeep\n|turn|5\n|inactive|Time left: 300 sec this turn | 300 sec total\n|\n|t:|1783574161\n|switch|p2a: Gogoat|Gogoat, L88, F|360/360\n|move|p1a: Suicune|Scald|p2a: Gogoat\n|-resisted|p2a: Gogoat\n|-damage|p2a: Gogoat|323/360\n|\n|-heal|p1a: Suicune|65/100|[from] item: Leftovers\n|-heal|p2a: Gogoat|345/360|[from] item: Leftovers\n|upkeep\n|turn|6\n|inactive|Time left: 300 sec this turn | 300 sec total\n|\n|t:|1783574162\n|move|p1a: Suicune|Scald|p2a: Gogoat\n|-resisted|p2a: Gogoat\n|-damage|p2a: Gogoat|306/360\n|-status|p2a: Gogoat|brn\n|move|p2a: Gogoat|Bulk Up|p2a: Gogoat\n|-boost|p2a: Gogoat|atk|1\n|-boost|p2a: Gogoat|def|1\n|\n|-heal|p1a: Suicune|71/100|[from] item: Leftovers\n|-heal|p2a: Gogoat|328/360 brn|[from] item: Leftovers\n|-damage|p2a: Gogoat|306/360 brn|[from] brn\n|upkeep\n|turn|7\n|inactive|Time left: 300 sec this turn | 300 sec total\n|\n|t:|1783574163\n|move|p1a: Suicune|Calm Mind|p1a: Suicune\n|-boost|p1a: Suicune|spa|1\n|-boost|p1a: Suicune|spd|1\n|move|p2a: Gogoat|Bulk Up|p2a: Gogoat\n|-boost|p2a: Gogoat|atk|1\n|-boost|p2a: Gogoat|def|1\n|\n|-heal|p1a: Suicune|77/100|[from] item: Leftovers\n|-heal|p2a: Gogoat|328/360 brn|[from] item: Leftovers\n|-damage|p2a: Gogoat|306/360 brn|[from] brn\n|upkeep\n|turn|8\n|inactive|Time left: 300 sec this turn | 300 sec total\n|\n|t:|1783574164\n|move|p1a: Suicune|Calm Mind|p1a: Suicune\n|-boost|p1a: Suicune|spa|1\n|-boost|p1a: Suicune|spd|1\n|move|p2a: Gogoat|Horn Leech|p1a: Suicune\n|-supereffective|p1a: Suicune\n|-damage|p1a: Suicune|28/100\n|-heal|p2a: Gogoat|360/360 brn|[from] drain|[of] p1a: Suicune\n|\n|-heal|p1a: Suicune|34/100|[from] item: Leftovers\n|-damage|p2a: Gogoat|338/360 brn|[from] brn\n|upkeep\n|turn|9\n|inactive|Time left: 300 sec this turn | 300 sec total\n|\n|t:|1783574165\n|move|p1a: Suicune|Rest|p1a: Suicune\n|-status|p1a: Suicune|slp|[from] move: Rest\n|-heal|p1a: Suicune|100/100 slp|[silent]\n|move|p2a: Gogoat|Horn Leech|p1a: Suicune\n|-supereffective|p1a: Suicune\n|-damage|p1a: Suicune|51/100 slp\n|-heal|p2a: Gogoat|360/360 brn|[from] drain|[of] p1a: Suicune\n|\n|-heal|p1a: Suicune|57/100 slp|[from] item: Leftovers\n|-damage|p2a: Gogoat|338/360 brn|[from] brn\n|upkeep\n|turn|10\n|inactive|Time left: 300 sec this turn | 300 sec total\n|\n|t:|1783574166\n|cant|p1a: Suicune|slp\n|move|p1a: Suicune|Sleep Talk|p1a: Suicune\n|move|p1a: Suicune|Scald|p2a: Gogoat|[from] move: Sleep Talk\n|-resisted|p2a: Gogoat\n|-damage|p2a: Gogoat|257/360 brn\n|move|p2a: Gogoat|Horn Leech|p1a: Suicune\n|-supereffective|p1a: Suicune\n|-damage|p1a: Suicune|5/100 slp\n|-heal|p2a: Gogoat|334/360 brn|[from] drain|[of] p1a: Suicune\n|\n|-heal|p1a: Suicune|11/100 slp|[from] item: Leftovers\n|-heal|p2a: Gogoat|356/360 brn|[from] item: Leftovers\n|-damage|p2a: Gogoat|334/360 brn|[from] brn\n|upkeep\n|turn|11\n|inactive|Time left: 300 sec this turn | 300 sec total\n|\n|t:|1783574167\n|switch|p1a: Dodrio|Dodrio, L85, M|100/100\n|move|p2a: Gogoat|Horn Leech|p1a: Dodrio\n|-resisted|p1a: Dodrio\n|-damage|p1a: Dodrio|78/100\n|-heal|p2a: Gogoat|360/360 brn|[from] drain|[of] p1a: Dodrio\n|\n|-damage|p2a: Gogoat|338/360 brn|[from] brn\n|upkeep\n|turn|12\n|inactive|Time left: 300 sec this turn | 300 sec total\n|\n|t:|1783574168\n|move|p1a: Dodrio|Brave Bird|p2a: Gogoat\n|-supereffective|p2a: Gogoat\n|-damage|p2a: Gogoat|80/360 brn\n|-damage|p1a: Dodrio|42/100|[from] Recoil\n|move|p2a: Gogoat|Rock Slide|p1a: Dodrio\n|-supereffective|p1a: Dodrio\n|-damage|p1a: Dodrio|0 fnt\n|faint|p1a: Dodrio\n|\n|-heal|p2a: Gogoat|102/360 brn|[from] item: Leftovers\n|-damage|p2a: Gogoat|80/360 brn|[from] brn\n|upkeep\n|\n|t:|1783574169\n|switch|p1a: Persian|Persian, L92, F|100/100\n|turn|13\n|inactive|Time left: 300 sec this turn | 300 sec total\n|\n|t:|1783574170\n|move|p1a: Persian|Double-Edge|p2a: Gogoat\n|-damage|p2a: Gogoat|0 fnt\n|faint|p2a: Gogoat\n|-damage|p1a: Persian|91/100|[from] Recoil\n|\n|upkeep\n|inactive|Time left: 300 sec this turn | 300 sec total | 5 sec grace\n|\n|t:|1783574171\n|switch|p2a: Politoed|Politoed, L88, M|302/302\n|-weather|RainDance|[from] ability: Drizzle|[of] p2a: Politoed\n|turn|14\n|inactive|Time left: 300 sec this turn | 300 sec total\n|\n|t:|1783574172\n|move|p1a: Persian|Double-Edge|p2a: Politoed\n|-crit|p2a: Politoed\n|-damage|p2a: Politoed|41/302\n|-damage|p1a: Persian|59/100|[from] Recoil\n|move|p2a: Politoed|Weather Ball|p1a: Persian\n|-damage|p1a: Persian|0 fnt\n|faint|p1a: Persian\n|\n|-weather|RainDance|[upkeep]\n|upkeep\n|\n|t:|1783574173\n|switch|p1a: Mightyena|Mightyena, L96, F|100/100\n|-ability|p1a: Mightyena|Intimidate|boost\n|-unboost|p2a: Politoed|atk|1\n|turn|15\n|inactive|Time left: 300 sec this turn | 300 sec total\n|\n|t:|1783574174\n|switch|p2a: Ampharos|Ampharos, L88, M|302/302\n|move|p1a: Mightyena|Crunch|p2a: Ampharos\n|-damage|p2a: Ampharos|202/302\n|\n|-weather|RainDance|[upkeep]\n|upkeep\n|turn|16\n|inactive|Time left: 300 sec this turn | 300 sec total\n|\n|t:|1783574175\n|move|p1a: Mightyena|Crunch|p2a: Ampharos\n|-damage|p2a: Ampharos|106/302\n|move|p2a: Ampharos|Thunderbolt|p1a: Mightyena\n|-damage|p1a: Mightyena|65/100\n|\n|-weather|RainDance|[upkeep]\n|upkeep\n|turn|17\n|inactive|Time left: 300 sec this turn | 300 sec total\n|\n|t:|1783574176\n|move|p1a: Mightyena|Crunch|p2a: Ampharos\n|-damage|p2a: Ampharos|13/302\n|-status|p1a: Mightyena|par|[from] ability: Static|[of] p2a: Ampharos\n|move|p2a: Ampharos|Volt Switch|p1a: Mightyena\n|-damage|p1a: Mightyena|40/100 par\n|inactive|Time left: 300 sec this turn | 300 sec total | 5 sec grace\n|\n|t:|1783574177\n|switch|p2a: Politoed|Politoed, L88, M|41/302|[from] Volt Switch\n|\n|-weather|RainDance|[upkeep]\n|upkeep\n|turn|18\n|inactive|Time left: 300 sec this turn | 300 sec total\n|\n|t:|1783574178\n|cant|p1a: Mightyena|par\n|move|p2a: Politoed|Weather Ball|p1a: Mightyena\n|-damage|p1a: Mightyena|0 fnt\n|faint|p1a: Mightyena\n|\n|-weather|none\n|upkeep\n|\n|t:|1783574179\n|switch|p1a: Suicune|Suicune, L82|11/100 slp\n|-ability|p1a: Suicune|Pressure\n|turn|19\n|inactive|Time left: 300 sec this turn | 300 sec total\n|\n|t:|1783574180\n|cant|p1a: Suicune|slp\n|move|p1a: Suicune|Sleep Talk|p1a: Suicune\n|move|p1a: Suicune|Rest||[from] move: Sleep Talk|[still]\n|-fail|p1a: Suicune\n|move|p2a: Politoed|Weather Ball|p1a: Suicune\n|-damage|p1a: Suicune|0 fnt\n|faint|p1a: Suicune\n|\n|upkeep\n|\n|t:|1783574180\n|switch|p1a: Dondozo|Dondozo, L78, M|100/100\n|turn|20\n|inactive|Time left: 300 sec this turn | 300 sec total\n|\n|t:|1783574181\n|switch|p2a: Ampharos|Ampharos, L88, M|13/302\n|move|p1a: Dondozo|Curse|p1a: Dondozo\n|-unboost|p1a: Dondozo|spe|1\n|-boost|p1a: Dondozo|atk|1\n|-boost|p1a: Dondozo|def|1\n|\n|upkeep\n|turn|21\n|inactive|Time left: 300 sec this turn | 300 sec total\n|\n|t:|1783574182\n|-terastallize|p1a: Dondozo|Dragon\n|move|p2a: Ampharos|Thunderbolt|p1a: Dondozo\n|-resisted|p1a: Dondozo\n|-damage|p1a: Dondozo|77/100\n|-status|p1a: Dondozo|par\n|move|p1a: Dondozo|Wave Crash|p2a: Ampharos\n|-damage|p2a: Ampharos|0 fnt\n|faint|p2a: Ampharos\n|-damage|p1a: Dondozo|76/100 par|[from] Recoil\n|\n|-heal|p1a: Dondozo|82/100 par|[from] item: Leftovers\n|upkeep\n|inactive|Time left: 300 sec this turn | 300 sec total | 5 sec grace\n|\n|t:|1783574183\n|switch|p2a: Politoed|Politoed, L88, M|41/302\n|-weather|RainDance|[from] ability: Drizzle|[of] p2a: Politoed\n|turn|22\n|inactive|Time left: 300 sec this turn | 300 sec total\n|\n|t:|1783574183\n|move|p2a: Politoed|Ice Beam|p1a: Dondozo\n|-supereffective|p1a: Dondozo\n|-damage|p1a: Dondozo|9/100 par\n|move|p1a: Dondozo|Rest|p1a: Dondozo\n|-status|p1a: Dondozo|slp|[from] move: Rest\n|-heal|p1a: Dondozo|100/100 slp|[silent]\n|\n|-weather|RainDance|[upkeep]\n|upkeep\n|turn|23\n|inactive|Time left: 300 sec this turn | 300 sec total\n|\n|t:|1783574184\n|move|p2a: Politoed|Ice Beam|p1a: Dondozo\n|-supereffective|p1a: Dondozo\n|-damage|p1a: Dondozo|28/100 slp\n|cant|p1a: Dondozo|slp\n|move|p1a: Dondozo|Sleep Talk|p1a: Dondozo\n|move|p1a: Dondozo|Curse|p1a: Dondozo|[from] move: Sleep Talk\n|-unboost|p1a: Dondozo|spe|1\n|-boost|p1a: Dondozo|atk|1\n|-boost|p1a: Dondozo|def|1\n|\n|-weather|RainDance|[upkeep]\n|-heal|p1a: Dondozo|34/100 slp|[from] item: Leftovers\n|upkeep\n|turn|24\n|inactive|Time left: 300 sec this turn | 300 sec total\n|\n|t:|1783574185\n|-terastallize|p2a: Politoed|Water\n|move|p2a: Politoed|Ice Beam|p1a: Dondozo\n|-supereffective|p1a: Dondozo\n|-damage|p1a: Dondozo|0 fnt\n|faint|p1a: Dondozo\n|\n|win|p0y296683b8", "uploadtime": 1783574185, "views": 0, "rating": 0, "private": 0, "password": null, "_winner": "p0y296683b8", "_our_name": "p0y296683b8"}