{"id": "battle-gen9randombattle-1761", "formatid": "gen9randombattle", "format": "[Gen 9] Random Battle", "players": ["p0x17614ca4", "p0y176188c8"], "log": "|init|battle\n|title|p0x17614ca4 vs. p0y176188c8\n|j|\u2606p0x17614ca4\n|j|\u2606p0y176188c8\n|t:|1783559648\n|gametype|singles\n|player|p1|p0x17614ca4|265|\n|player|p2|p0y176188c8|101|\n|gen|9\n|tier|[Gen 9] Random Battle\n|rule|Species Clause: Limit one of each Pok\u00e9mon\n|rule|HP Percentage Mod: HP is shown in percentages\n|rule|Sleep Clause Mod: Limit one foe put to sleep\n|rule|Illusion Level Mod: Illusion disguises the Pok\u00e9mon's true level\n|\n|t:|1783559648\n|teamsize|p1|6\n|teamsize|p2|6\n|start\n|switch|p1a: Bruxish|Bruxish, L85, M|254/254\n|switch|p2a: Armarouge|Armarouge, L80, F|100/100\n|turn|1\n|inactive|Battle timer is ON: inactive players will automatically lose when time's up. (requested by p0y176188c8)\n|inactive|Time left: 300 sec this turn | 300 sec total | 60 sec grace\n|inactive|p0x17614ca4 also wants the timer to be on.\n|\n|t:|1783559650\n|switch|p2a: Grimmsnarl|Grimmsnarl, L83, M|100/100\n|move|p1a: Bruxish|Wave Crash|p2a: Grimmsnarl\n|-damage|p2a: Grimmsnarl|37/100\n|-damage|p1a: Bruxish|192/254|[from] Recoil\n|\n|upkeep\n|turn|2\n|inactive|Time left: 300 sec this turn | 300 sec total\n|\n|t:|1783559651\n|move|p2a: Grimmsnarl|Reflect|p2a: Grimmsnarl\n|-sidestart|p2: p0y176188c8|Reflect\n|move|p1a: Bruxish|Wave Crash|p2a: Grimmsnarl\n|-damage|p2a: Grimmsnarl|6/100\n|-damage|p1a: Bruxish|162/254|[from] Recoil\n|\n|upkeep\n|turn|3\n|inactive|Time left: 300 sec this turn | 300 sec total\n|\n|t:|1783559652\n|move|p2a: Grimmsnarl|Light Screen|p2a: Grimmsnarl\n|-sidestart|p2: p0y176188c8|move: Light Screen\n|move|p1a: Bruxish|Wave Crash|p2a: Grimmsnarl\n|-damage|p2a: Grimmsnarl|0 fnt\n|faint|p2a: Grimmsnarl\n|-damage|p1a: Bruxish|157/254|[from] Recoil\n|\n|upkeep\n|\n|t:|1783559653\n|switch|p2a: Polteageist|Polteageist, L78|100/100\n|turn|4\n|inactive|Time left: 300 sec this turn | 300 sec total\n|\n|t:|1783559654\n|switch|p1a: Smeargle|Smeargle, L95, M|258/258\n|move|p2a: Polteageist|Shell Smash|p2a: Polteageist\n|-unboost|p2a: Polteageist|def|1\n|-unboost|p2a: Polteageist|spd|1\n|-boost|p2a: Polteageist|atk|2\n|-boost|p2a: Polteageist|spa|2\n|-boost|p2a: Polteageist|spe|2\n|-enditem|p2a: Polteageist|White Herb\n|-clearnegativeboost|p2a: Polteageist|[silent]\n|\n|upkeep\n|turn|5\n|inactive|Time left: 300 sec this turn | 300 sec total\n|\n|t:|1783559655\n|move|p2a: Polteageist|Tera Blast|p1a: Smeargle\n|-damage|p1a: Smeargle|92/258\n|move|p1a: Smeargle|Spore|p2a: Polteageist\n|-status|p2a: Polteageist|slp|[from] move: Spore\n|\n|upkeep\n|turn|6\n|inactive|Time left: 300 sec this turn | 300 sec total\n|\n|t:|1783559656\n|cant|p2a: Polteageist|slp\n|move|p1a: Smeargle|Sticky Web|p2a: Polteageist\n|-sidestart|p2: p0y176188c8|move: Sticky Web\n|\n|upkeep\n|turn|7\n|inactive|Time left: 300 sec this turn | 300 sec total\n|\n|t:|1783559657\n|cant|p2a: Polteageist|slp\n|move|p1a: Smeargle|Stealth Rock|p2a: Polteageist\n|-sidestart|p2: p0y176188c8|move: Stealth Rock\n|\n|upkeep\n|turn|8\n|inactive|Time left: 300 sec this turn | 300 sec total\n|\n|t:|1783559658\n|switch|p1a: Clefable|Clefable, L83, F|293/293\n|cant|p2a: Polteageist|slp\n|\n|upkeep\n|turn|9\n|inactive|Time left: 300 sec this turn | 300 sec total\n|\n|t:|1783559659\n|-curestatus|p2a: Polteageist|slp|[msg]\n|move|p2a: Polteageist|Shadow Ball|p1a: Clefable\n|-damage|p1a: Clefable|191/293\n|move|p1a: Clefable|Calm Mind|p1a: Clefable\n|-boost|p1a: Clefable|spa|1\n|-boost|p1a: Clefable|spd|1\n|\n|-heal|p1a: Clefable|209/293|[from] item: Leftovers\n|-sideend|p2: p0y176188c8|Reflect\n|upkeep\n|turn|10\n|inactive|Time left: 300 sec this turn | 300 sec total\n|\n|t:|1783559660\n|move|p2a: Polteageist|Shadow Ball|p1a: Clefable\n|-damage|p1a: Clefable|142/293\n|move|p1a: Clefable|Calm Mind|p1a: Clefable\n|-boost|p1a: Clefable|spa|1\n|-boost|p1a: Clefable|spd|1\n|\n|-heal|p1a: Clefable|160/293|[from] item: Leftovers\n|-sideend|p2: p0y176188c8|move: Light Screen\n|upkeep\n|turn|11\n|inactive|Time left: 300 sec this turn | 300 sec total\n|\n|t:|1783559661\n|move|p2a: Polteageist|Shadow Ball|p1a: Clefable\n|-damage|p1a: Clefable|115/293\n|move|p1a: Clefable|Moonblast|p2a: Polteageist\n|-damage|p2a: Polteageist|19/100\n|\n|-heal|p1a: Clefable|133/293|[from] item: Leftovers\n|upkeep\n|turn|12\n|inactive|Time left: 300 sec this turn | 300 sec total\n|\n|t:|1783559663\n|move|p2a: Polteageist|Strength Sap|p1a: Clefable\n|-unboost|p1a: Clefable|atk|1\n|-heal|p2a: Polteageist|73/100\n|move|p1a: Clefable|Moonblast|p2a: Polteageist\n|-damage|p2a: Polteageist|0 fnt\n|faint|p2a: Polteageist\n|\n|-heal|p1a: Clefable|151/293|[from] item: Leftovers\n|upkeep\n|\n|t:|1783559664\n|switch|p2a: Clodsire|Clodsire, L81, F|100/100\n|-activate|p2a: Clodsire|move: Sticky Web\n|-unboost|p2a: Clodsire|spe|1\n|-damage|p2a: Clodsire|94/100|[from] Stealth Rock\n|turn|13\n|inactive|Time left: 300 sec this turn | 300 sec total\n|\n|t:|1783559665\n|move|p1a: Clefable|Moonlight|p1a: Clefable\n|-heal|p1a: Clefable|293/293\n|move|p2a: Clodsire|Gunk Shot|p1a: Clefable|[miss]\n|-miss|p2a: Clodsire|p1a: Clefable\n|\n|-heal|p2a: Clodsire|100/100|[from] item: Leftovers\n|upkeep\n|turn|14\n|inactive|Time left: 300 sec this turn | 300 sec total\n|\n|t:|1783559666\n|move|p1a: Clefable|Moonblast|p2a: Clodsire\n|-resisted|p2a: Clodsire\n|-damage|p2a: Clodsire|88/100\n|-unboost|p2a: Clodsire|spa|1\n|move|p2a: Clodsire|Stealth Rock|p1a: Clefable\n|-sidestart|p1: p0x17614ca4|move: Stealth Rock\n|\n|-heal|p2a: Clodsire|94/100|[from] item: Leftovers\n|upkeep\n|turn|15\n|inactive|Time left: 300 sec this turn | 300 sec total\n|\n|t:|1783559666\n|move|p1a: Clefable|Moonblast|p2a: Clodsire\n|-resisted|p2a: Clodsire\n|-damage|p2a: Clodsire|80/100\n|-unboost|p2a: Clodsire|spa|1\n|move|p2a: Clodsire|Gunk Shot|p1a: Clefable\n|-supereffective|p1a: Clefable\n|-damage|p1a: Clefable|53/293\n|-status|p1a: Clefable|psn\n|\n|-heal|p1a: Clefable|71/293 psn|[from] item: Leftovers\n|-heal|p2a: Clodsire|86/100|[from] item: Leftovers\n|-damage|p1a: Clefable|35/293 psn|[from] psn\n|upkeep\n|turn|16\n|inactive|Time left: 300 sec this turn | 300 sec total\n|\n|t:|1783559668\n|move|p1a: Clefable|Moonlight|p1a: Clefable\n|-heal|p1a: Clefable|181/293 psn\n|move|p2a: Clodsire|Gunk Shot|p1a: Clefable\n|-supereffective|p1a: Clefable\n|-damage|p1a: Clefable|0 fnt\n|faint|p1a: Clefable\n|\n|-heal|p2a: Clodsire|92/100|[from] item: Leftovers\n|upkeep\n|inactive|Time left: 300 sec this turn | 300 sec total | 5 sec grace\n|\n|t:|1783559669\n|switch|p1a: Excadrill|Excadrill, L79, F|303/303\n|-damage|p1a: Excadrill|294/303|[from] Stealth Rock\n|-ability|p1a: Excadrill|Mold Breaker\n|turn|17\n|inactive|Time left: 300 sec this turn | 300 sec total\n|\n|t:|1783559670\n|-terastallize|p2a: Clodsire|Flying\n|move|p1a: Excadrill|Rapid Spin|p2a: Clodsire\n|-damage|p2a: Clodsire|75/100\n|-boost|p1a: Excadrill|spe|1\n|-sideend|p1: p0x17614ca4|Stealth Rock|[from] move: Rapid Spin|[of] p1a: Excadrill\n|move|p2a: Clodsire|Earthquake|p1a: Excadrill\n|-supereffective|p1a: Excadrill\n|-damage|p1a: Excadrill|48/303\n|\n|-heal|p1a: Excadrill|66/303|[from] item: Leftovers\n|-heal|p2a: Clodsire|81/100|[from] item: Leftovers\n|upkeep\n|turn|18\n|inactive|Time left: 300 sec this turn | 300 sec total\n|\n|t:|1783559671\n|move|p1a: Excadrill|Iron Head|p2a: Clodsire\n|-damage|p2a: Clodsire|43/100\n|move|p2a: Clodsire|Earthquake|p1a: Excadrill\n|-supereffective|p1a: Excadrill\n|-damage|p1a: Excadrill|0 fnt\n|faint|p1a: Excadrill\n|\n|-heal|p2a: Clodsire|49/100|[from] item: Leftovers\n|upkeep\n|inactive|Time left: 300 sec this turn | 300 sec total | 5 sec grace\n|\n|t:|1783559672\n|switch|p1a: Bruxish|Bruxish, L85, M|157/254\n|turn|19\n|inactive|Time left: 300 sec this turn | 300 sec total\n|\n|t:|1783559673\n|switch|p2a: Tropius|Tropius, L91, M|100/100\n|-damage|p2a: Tropius|75/100|[from] Stealth Rock\n|move|p1a: Bruxish|Psychic Fangs|p2a: Tropius\n|-crit|p2a: Tropius\n|-damage|p2a: Tropius|14/100\n|-enditem|p2a: Tropius|Sitrus Berry|[eat]\n|-heal|p2a: Tropius|39/100|[from] item: Sitrus Berry\n|\n|upkeep\n|turn|20\n|inactive|Time left: 300 sec this turn | 300 sec total\n|\n|t:|1783559674\n|switch|p2a: Armarouge|Armarouge, L80, F|100/100\n|-activate|p2a: Armarouge|move: Sticky Web\n|-unboost|p2a: Armarouge|spe|1\n|-damage|p2a: Armarouge|76/100|[from] Stealth Rock\n|move|p1a: Bruxish|Psychic Fangs|p2a: Armarouge\n|-resisted|p2a: Armarouge\n|-damage|p2a: Armarouge|52/100\n|-ability|p2a: Armarouge|Weak Armor|boost\n|-unboost|p2a: Armarouge|def|1\n|-boost|p2a: Armarouge|spe|2\n|\n|upkeep\n|turn|21\n|inactive|Time left: 300 sec this turn | 300 sec total\n|\n|t:|1783559676\n|-terastallize|p1a: Bruxish|Psychic\n|move|p1a: Bruxish|Psychic Fangs|p2a: Armarouge\n|-resisted|p2a: Armarouge\n|-damage|p2a: Armarouge|3/100\n|-ability|p2a: Armarouge|Weak Armor|boost\n|-unboost|p2a: Armarouge|def|1\n|-boost|p2a: Armarouge|spe|2\n|move|p2a: Armarouge|Energy Ball|p1a: Bruxish\n|-damage|p1a: Bruxish|35/254\n|\n|upkeep\n|turn|22\n|inactive|Time left: 300 sec this turn | 300 sec total\n|\n|t:|1783559677\n|switch|p1a: Comfey|Comfey, L85, M|225/225\n|move|p2a: Armarouge|Energy Ball|p1a: Comfey\n|-damage|p1a: Comfey|133/225\n|\n|-heal|p1a: Comfey|147/225|[from] item: Leftovers\n|upkeep\n|turn|23\n|inactive|Time left: 300 sec this turn | 300 sec total\n|\n|t:|1783559678\n|move|p1a: Comfey|Draining Kiss|p2a: Armarouge\n|-resisted|p2a: Armarouge\n|-damage|p2a: Armarouge|0 fnt\n|-heal|p1a: Comfey|152/225|[from] drain|[of] p2a: Armarouge\n|faint|p2a: Armarouge\n|\n|-heal|p1a: Comfey|166/225|[from] item: Leftovers\n|upkeep\n|\n|t:|1783559679\n|switch|p2a: Clodsire|Clodsire, L81, F, tera:Flying|49/100\n|-damage|p2a: Clodsire|24/100|[from] Stealth Rock\n|turn|24\n|inactive|Time left: 300 sec this turn | 300 sec total\n|\n|t:|1783559680\n|switch|p1a: Bruxish|Bruxish, L85, M, tera:Psychic|35/254\n|move|p2a: Clodsire|Gunk Shot|p1a: Bruxish|[miss]\n|-miss|p2a: Clodsire|p1a: Bruxish\n|\n|-heal|p2a: Clodsire|30/100|[from] item: Leftovers\n|upkeep\n|turn|25\n|inactive|Time left: 300 sec this turn | 300 sec total\n|\n|t:|1783559681\n|move|p1a: Bruxish|Psychic Fangs|p2a: Clodsire\n|-damage|p2a: Clodsire|0 fnt\n|faint|p2a: Clodsire\n|\n|upkeep\n|\n|t:|1783559682\n|switch|p2a: Inteleon|Inteleon, L81, M|100/100\n|-activate|p2a: Inteleon|move: Sticky Web\n|-unboost|p2a: Inteleon|spe|1\n|-damage|p2a: Inteleon|88/100|[from] Stealth Rock\n|turn|26\n|inactive|Time left: 300 sec this turn | 300 sec total\n|\n|t:|1783559683\n|move|p1a: Bruxish|Psychic Fangs|p2a: Inteleon\n|-damage|p2a: Inteleon|0 fnt\n|faint|p2a: Inteleon\n|\n|upkeep\n|\n|t:|1783559684\n|switch|p2a: Tropius|Tropius, L91, M|39/100\n|-damage|p2a: Tropius|14/100|[from] Stealth Rock\n|turn|27\n|inactive|Time left: 300 sec this turn | 300 sec total\n|\n|t:|1783559685\n|move|p2a: Tropius|Protect|p2a: Tropius\n|-singleturn|p2a: Tropius|Protect\n|move|p1a: Bruxish|Psychic Fangs|p2a: Tropius\n|-activate|p2a: Tropius|move: Protect\n|\n|-item|p2a: Tropius|Sitrus Berry|[from] ability: Harvest\n|upkeep\n|-enditem|p2a: Tropius|Sitrus Berry|[eat]\n|-heal|p2a: Tropius|39/100|[from] item: Sitrus Berry\n|turn|28\n|inactive|Time left: 300 sec this turn | 300 sec total\n|\n|t:|1783559686\n|move|p1a: Bruxish|Psychic Fangs|p2a: Tropius\n|-damage|p2a: Tropius|0 fnt\n|faint|p2a: Tropius\n|\n|win|p0x17614ca4", "uploadtime": 1783559686, "views": 0, "rating": 0, "private": 0, "password": null, "_winner": "p0x17614ca4", "_our_name": "p0x17614ca4"}