{"id": "battle-gen9randombattle-2752", "formatid": "gen9randombattle", "format": "[Gen 9] Random Battle", "players": ["p0x27522941", "p0y275241fc"], "log": "|init|battle\n|title|p0x27522941 vs. p0y275241fc\n|j|\u2606p0x27522941\n|j|\u2606p0y275241fc\n|t:|1783571733\n|gametype|singles\n|player|p1|p0x27522941|266|\n|player|p2|p0y275241fc|1|\n|gen|9\n|tier|[Gen 9] Random Battle\n|rule|Species Clause: Limit one of each Pok\u00e9mon\n|rule|HP Percentage Mod: HP is shown in percentages\n|rule|Sleep Clause Mod: Limit one foe put to sleep\n|rule|Illusion Level Mod: Illusion disguises the Pok\u00e9mon's true level\n|\n|t:|1783571733\n|teamsize|p1|6\n|teamsize|p2|6\n|start\n|switch|p1a: Arcanine|Arcanine-Hisui, L79, F|279/279\n|switch|p2a: Honchkrow|Honchkrow, L86, M|100/100\n|turn|1\n|inactive|Battle timer is ON: inactive players will automatically lose when time's up. (requested by p0x27522941)\n|inactive|p0y275241fc also wants the timer to be on.\n|\n|t:|1783571734\n|switch|p2a: Rampardos|Rampardos, L90, M|100/100\n|move|p1a: Arcanine|Flare Blitz|p2a: Rampardos\n|-resisted|p2a: Rampardos\n|-damage|p2a: Rampardos|65/100\n|\n|upkeep\n|turn|2\n|inactive|Time left: 300 sec this turn | 300 sec total\n|\n|t:|1783571736\n|move|p2a: Rampardos|Earthquake|p1a: Arcanine\n|-supereffective|p1a: Arcanine\n|-damage|p1a: Arcanine|0 fnt\n|faint|p1a: Arcanine\n|\n|upkeep\n|inactive|Time left: 300 sec this turn | 300 sec total | 5 sec grace\n|\n|t:|1783571736\n|switch|p1a: Ogerpon|Ogerpon-Wellspring, L76, F|247/247\n|turn|3\n|inactive|Time left: 300 sec this turn | 300 sec total\n|\n|t:|1783571738\n|switch|p2a: Lurantis|Lurantis, L87, M|100/100\n|move|p1a: Ogerpon|Ivy Cudgel|p2a: Lurantis|[anim] Ivy Cudgel Water\n|-resisted|p2a: Lurantis\n|-damage|p2a: Lurantis|78/100\n|\n|-heal|p2a: Lurantis|84/100|[from] item: Leftovers\n|upkeep\n|turn|4\n|inactive|Time left: 300 sec this turn | 300 sec total\n|\n|t:|1783571739\n|switch|p1a: Rabsca|Rabsca, L91, M|284/284\n|move|p2a: Lurantis|Superpower|p1a: Rabsca\n|-resisted|p1a: Rabsca\n|-damage|p1a: Rabsca|262/284\n|-boost|p2a: Lurantis|atk|1\n|-boost|p2a: Lurantis|def|1\n|\n|-heal|p2a: Lurantis|90/100|[from] item: Leftovers\n|upkeep\n|turn|5\n|inactive|Time left: 300 sec this turn | 300 sec total\n|\n|t:|1783571740\n|-terastallize|p2a: Lurantis|Fighting\n|move|p1a: Rabsca|Bug Buzz|p2a: Lurantis\n|-resisted|p2a: Lurantis\n|-damage|p2a: Lurantis|66/100\n|move|p2a: Lurantis|Knock Off|p1a: Rabsca\n|-supereffective|p1a: Rabsca\n|-crit|p1a: Rabsca\n|-damage|p1a: Rabsca|0 fnt\n|-enditem|p1a: Rabsca|Heavy-Duty Boots|[from] move: Knock Off|[of] p2a: Lurantis\n|faint|p1a: Rabsca\n|\n|-heal|p2a: Lurantis|72/100|[from] item: Leftovers\n|upkeep\n|inactive|Time left: 300 sec this turn | 300 sec total | 5 sec grace\n|\n|t:|1783571741\n|switch|p1a: Smeargle|Smeargle, L95, M|258/258\n|turn|6\n|inactive|Time left: 300 sec this turn | 300 sec total\n|\n|t:|1783571741\n|move|p1a: Smeargle|Spore|p2a: Lurantis\n|-status|p2a: Lurantis|slp|[from] move: Spore\n|cant|p2a: Lurantis|slp\n|\n|-heal|p2a: Lurantis|78/100 slp|[from] item: Leftovers\n|upkeep\n|turn|7\n|inactive|Time left: 300 sec this turn | 300 sec total\n|\n|t:|1783571742\n|move|p1a: Smeargle|Shell Smash|p1a: Smeargle\n|-unboost|p1a: Smeargle|def|1\n|-unboost|p1a: Smeargle|spd|1\n|-boost|p1a: Smeargle|atk|2\n|-boost|p1a: Smeargle|spa|2\n|-boost|p1a: Smeargle|spe|2\n|cant|p2a: Lurantis|slp\n|\n|-heal|p2a: Lurantis|84/100 slp|[from] item: Leftovers\n|upkeep\n|turn|8\n|inactive|Time left: 300 sec this turn | 300 sec total\n|\n|t:|1783571743\n|-terastallize|p1a: Smeargle|Normal\n|move|p1a: Smeargle|Population Bomb|p2a: Lurantis\n|-damage|p2a: Lurantis|73/100 slp\n|-damage|p2a: Lurantis|62/100 slp\n|-damage|p2a: Lurantis|51/100 slp\n|-damage|p2a: Lurantis|40/100 slp\n|-damage|p2a: Lurantis|29/100 slp\n|-damage|p2a: Lurantis|18/100 slp\n|-damage|p2a: Lurantis|7/100 slp\n|-damage|p2a: Lurantis|0 fnt\n|faint|p2a: Lurantis\n|-hitcount|p2: Lurantis|8\n|\n|upkeep\n|\n|t:|1783571744\n|switch|p2a: Gyarados|Gyarados, L79, M|100/100\n|-ability|p2a: Gyarados|Intimidate|boost\n|-unboost|p1a: Smeargle|atk|1\n|turn|9\n|inactive|Time left: 300 sec this turn | 300 sec total\n|\n|t:|1783571745\n|switch|p2a: Rampardos|Rampardos, L90, M|65/100\n|move|p1a: Smeargle|Population Bomb|p2a: Rampardos\n|-resisted|p2a: Rampardos\n|-damage|p2a: Rampardos|58/100\n|-resisted|p2a: Rampardos\n|-damage|p2a: Rampardos|52/100\n|-resisted|p2a: Rampardos\n|-damage|p2a: Rampardos|47/100\n|-resisted|p2a: Rampardos\n|-damage|p2a: Rampardos|40/100\n|-resisted|p2a: Rampardos\n|-damage|p2a: Rampardos|34/100\n|-resisted|p2a: Rampardos\n|-damage|p2a: Rampardos|28/100\n|-resisted|p2a: Rampardos\n|-damage|p2a: Rampardos|22/100\n|-resisted|p2a: Rampardos\n|-damage|p2a: Rampardos|15/100\n|-resisted|p2a: Rampardos\n|-damage|p2a: Rampardos|10/100\n|-resisted|p2a: Rampardos\n|-damage|p2a: Rampardos|3/100\n|-hitcount|p2a: Rampardos|10\n|\n|upkeep\n|turn|10\n|inactive|Time left: 300 sec this turn | 300 sec total\n|\n|t:|1783571746\n|move|p1a: Smeargle|Power Trip|p2a: Rampardos\n|-damage|p2a: Rampardos|0 fnt\n|faint|p2a: Rampardos\n|\n|upkeep\n|\n|t:|1783571747\n|switch|p2a: Gyarados|Gyarados, L79, M|100/100\n|-ability|p2a: Gyarados|Intimidate|boost\n|-unboost|p1a: Smeargle|atk|1\n|turn|11\n|inactive|Time left: 300 sec this turn | 300 sec total\n|\n|t:|1783571748\n|move|p1a: Smeargle|Spore|p2a: Gyarados\n|-status|p2a: Gyarados|slp|[from] move: Spore\n|cant|p2a: Gyarados|slp\n|\n|upkeep\n|turn|12\n|inactive|Time left: 300 sec this turn | 300 sec total\n|\n|t:|1783571748\n|switch|p2a: Honchkrow|Honchkrow, L86, M|100/100\n|move|p1a: Smeargle|Population Bomb|p2a: Honchkrow\n|-damage|p2a: Honchkrow|92/100\n|-damage|p2a: Honchkrow|82/100\n|-damage|p2a: Honchkrow|73/100\n|-damage|p2a: Honchkrow|64/100\n|-hitcount|p2a: Honchkrow|4\n|\n|upkeep\n|turn|13\n|inactive|Time left: 300 sec this turn | 300 sec total\n|\n|t:|1783571749\n|move|p2a: Honchkrow|Sucker Punch|p1a: Smeargle\n|-damage|p1a: Smeargle|20/258\n|move|p1a: Smeargle|Population Bomb|p2a: Honchkrow\n|-damage|p2a: Honchkrow|54/100\n|-damage|p2a: Honchkrow|45/100\n|-damage|p2a: Honchkrow|36/100\n|-damage|p2a: Honchkrow|26/100\n|-damage|p2a: Honchkrow|16/100\n|-damage|p2a: Honchkrow|6/100\n|-damage|p2a: Honchkrow|0 fnt\n|faint|p2a: Honchkrow\n|-hitcount|p2: Honchkrow|7\n|\n|upkeep\n|\n|t:|1783571750\n|switch|p2a: Greedent|Greedent, L86, F|100/100\n|turn|14\n|inactive|Time left: 300 sec this turn | 300 sec total\n|\n|t:|1783571751\n|move|p1a: Smeargle|Population Bomb|p2a: Greedent\n|-damage|p2a: Greedent|94/100\n|-damage|p2a: Greedent|88/100\n|-damage|p2a: Greedent|83/100\n|-damage|p2a: Greedent|77/100\n|-damage|p2a: Greedent|71/100\n|-damage|p2a: Greedent|65/100\n|-damage|p2a: Greedent|58/100\n|-damage|p2a: Greedent|53/100\n|-damage|p2a: Greedent|47/100\n|-enditem|p2a: Greedent|Sitrus Berry|[eat]\n|-heal|p2a: Greedent|72/100|[from] item: Sitrus Berry\n|-heal|p2a: Greedent|100/100|[from] ability: Cheek Pouch\n|-damage|p2a: Greedent|94/100\n|-hitcount|p2a: Greedent|10\n|move|p2a: Greedent|Earthquake|p1a: Smeargle\n|-damage|p1a: Smeargle|0 fnt\n|faint|p1a: Smeargle\n|\n|upkeep\n|inactive|Time left: 300 sec this turn | 300 sec total | 5 sec grace\n|\n|t:|1783571752\n|switch|p1a: Cinderace|Cinderace, L77, M|249/249\n|turn|15\n|inactive|Time left: 300 sec this turn | 300 sec total\n|\n|t:|1783571753\n|move|p1a: Cinderace|High Jump Kick|p2a: Greedent\n|-start|p1a: Cinderace|typechange|Fighting|[from] ability: Libero\n|-supereffective|p2a: Greedent\n|-damage|p2a: Greedent|24/100\n|move|p2a: Greedent|Swords Dance|p2a: Greedent\n|-boost|p2a: Greedent|atk|2\n|\n|upkeep\n|turn|16\n|inactive|Time left: 300 sec this turn | 300 sec total\n|\n|t:|1783571754\n|move|p1a: Cinderace|High Jump Kick|p2a: Greedent\n|-supereffective|p2a: Greedent\n|-damage|p2a: Greedent|0 fnt\n|faint|p2a: Greedent\n|\n|upkeep\n|\n|t:|1783571754\n|switch|p2a: Walking Wake|Walking Wake, L79|100/100\n|turn|17\n|inactive|Time left: 300 sec this turn | 300 sec total\n|\n|t:|1783571755\n|move|p1a: Cinderace|High Jump Kick|p2a: Walking Wake\n|-damage|p2a: Walking Wake|56/100\n|move|p2a: Walking Wake|Draco Meteor|p1a: Cinderace\n|-damage|p1a: Cinderace|0 fnt\n|-unboost|p2a: Walking Wake|spa|2\n|faint|p1a: Cinderace\n|\n|upkeep\n|inactive|Time left: 300 sec this turn | 300 sec total | 5 sec grace\n|\n|t:|1783571756\n|switch|p1a: Feraligatr|Feraligatr, L79, F|264/264\n|turn|18\n|inactive|Time left: 300 sec this turn | 300 sec total\n|\n|t:|1783571757\n|move|p2a: Walking Wake|Draco Meteor|p1a: Feraligatr\n|-damage|p1a: Feraligatr|149/264\n|-unboost|p2a: Walking Wake|spa|2\n|move|p1a: Feraligatr|Dragon Dance|p1a: Feraligatr\n|-boost|p1a: Feraligatr|atk|1\n|-boost|p1a: Feraligatr|spe|1\n|\n|upkeep\n|turn|19\n|inactive|Time left: 300 sec this turn | 300 sec total\n|\n|t:|1783571758\n|move|p1a: Feraligatr|Dragon Dance|p1a: Feraligatr\n|-boost|p1a: Feraligatr|atk|1\n|-boost|p1a: Feraligatr|spe|1\n|move|p2a: Walking Wake|Draco Meteor|p1a: Feraligatr\n|-damage|p1a: Feraligatr|64/264\n|-unboost|p2a: Walking Wake|spa|2\n|\n|upkeep\n|turn|20\n|inactive|Time left: 300 sec this turn | 300 sec total\n|\n|t:|1783571759\n|-end|p2a: Walking Wake|Protosynthesis|[silent]\n|switch|p2a: Gyarados|Gyarados, L79, M|100/100 slp\n|-ability|p2a: Gyarados|Intimidate|boost\n|-unboost|p1a: Feraligatr|atk|1\n|move|p1a: Feraligatr|Ice Punch|p2a: Gyarados\n|-damage|p2a: Gyarados|47/100 slp\n|\n|upkeep\n|turn|21\n|inactive|Time left: 300 sec this turn | 300 sec total\n|\n|t:|1783571760\n|switch|p2a: Walking Wake|Walking Wake, L79|56/100\n|move|p1a: Feraligatr|Ice Punch|p2a: Walking Wake\n|-damage|p2a: Walking Wake|11/100\n|\n|upkeep\n|turn|22\n|inactive|Time left: 300 sec this turn | 300 sec total\n|\n|t:|1783571761\n|-end|p2a: Walking Wake|Protosynthesis|[silent]\n|switch|p2a: Gyarados|Gyarados, L79, M|47/100 slp\n|-ability|p2a: Gyarados|Intimidate|boost\n|-unboost|p1a: Feraligatr|atk|1\n|move|p1a: Feraligatr|Ice Punch|p2a: Gyarados\n|-damage|p2a: Gyarados|10/100 slp\n|\n|upkeep\n|turn|23\n|inactive|Time left: 300 sec this turn | 300 sec total\n|\n|t:|1783571762\n|move|p1a: Feraligatr|Ice Punch|p2a: Gyarados\n|-damage|p2a: Gyarados|0 fnt\n|faint|p2a: Gyarados\n|\n|upkeep\n|\n|t:|1783571763\n|switch|p2a: Walking Wake|Walking Wake, L79|11/100\n|turn|24\n|inactive|Time left: 300 sec this turn | 300 sec total\n|\n|t:|1783571764\n|move|p1a: Feraligatr|Ice Punch|p2a: Walking Wake\n|-damage|p2a: Walking Wake|0 fnt\n|faint|p2a: Walking Wake\n|-end|p2a: Walking Wake|Protosynthesis|[silent]\n|\n|win|p0x27522941", "uploadtime": 1783571764, "views": 0, "rating": 0, "private": 0, "password": null, "_winner": "p0x27522941", "_our_name": "p0x27522941"}