{"id": "battle-gen9randombattle-2026", "formatid": "gen9randombattle", "format": "[Gen 9] Random Battle", "players": ["p0x202683d2", "p0y2026eb3c"], "log": "|init|battle\n|title|p0x202683d2 vs. p0y2026eb3c\n|j|\u2606p0x202683d2\n|j|\u2606p0y2026eb3c\n|t:|1783563474\n|gametype|singles\n|player|p1|p0x202683d2|102|\n|player|p2|p0y2026eb3c|101|\n|gen|9\n|tier|[Gen 9] Random Battle\n|rule|Species Clause: Limit one of each Pok\u00e9mon\n|rule|HP Percentage Mod: HP is shown in percentages\n|rule|Sleep Clause Mod: Limit one foe put to sleep\n|rule|Illusion Level Mod: Illusion disguises the Pok\u00e9mon's true level\n|\n|t:|1783563474\n|teamsize|p1|6\n|teamsize|p2|6\n|start\n|switch|p1a: Cloyster|Cloyster, L80, F|211/211\n|switch|p2a: Gyarados|Gyarados, L79, F|100/100\n|-ability|p2a: Gyarados|Intimidate|boost\n|-unboost|p1a: Cloyster|atk|1\n|-enditem|p1a: Cloyster|White Herb\n|-clearnegativeboost|p1a: Cloyster|[silent]\n|turn|1\n|inactive|Battle timer is ON: inactive players will automatically lose when time's up. (requested by p0x202683d2)\n|inactive|p0y2026eb3c also wants the timer to be on.\n|\n|t:|1783563476\n|switch|p2a: Zangoose|Zangoose, L85, M|100/100\n|move|p1a: Cloyster|Shell Smash|p1a: Cloyster\n|-unboost|p1a: Cloyster|def|1\n|-unboost|p1a: Cloyster|spd|1\n|-boost|p1a: Cloyster|atk|2\n|-boost|p1a: Cloyster|spa|2\n|-boost|p1a: Cloyster|spe|2\n|\n|-status|p2a: Zangoose|tox|[from] item: Toxic Orb\n|upkeep\n|turn|2\n|inactive|Time left: 300 sec this turn | 300 sec total\n|\n|t:|1783563477\n|switch|p2a: Gyarados|Gyarados, L79, F|100/100\n|-ability|p2a: Gyarados|Intimidate|boost\n|-unboost|p1a: Cloyster|atk|1\n|move|p1a: Cloyster|Icicle Spear|p2a: Gyarados\n|-damage|p2a: Gyarados|85/100\n|-damage|p2a: Gyarados|69/100\n|-damage|p2a: Gyarados|54/100\n|-damage|p2a: Gyarados|40/100\n|-damage|p2a: Gyarados|26/100\n|-hitcount|p2a: Gyarados|5\n|\n|upkeep\n|turn|3\n|inactive|Time left: 300 sec this turn | 300 sec total\n|\n|t:|1783563479\n|move|p1a: Cloyster|Icicle Spear|p2a: Gyarados\n|-damage|p2a: Gyarados|10/100\n|-damage|p2a: Gyarados|0 fnt\n|faint|p2a: Gyarados\n|-hitcount|p2: Gyarados|2\n|\n|upkeep\n|\n|t:|1783563480\n|switch|p2a: Zangoose|Zangoose, L85, M|100/100 tox\n|turn|4\n|inactive|Time left: 300 sec this turn | 300 sec total\n|\n|t:|1783563481\n|move|p1a: Cloyster|Hydro Pump|p2a: Zangoose|[miss]\n|-miss|p1a: Cloyster|p2a: Zangoose\n|move|p2a: Zangoose|Facade|p1a: Cloyster\n|-damage|p1a: Cloyster|0 fnt\n|faint|p1a: Cloyster\n|\n|-damage|p2a: Zangoose|94/100 tox|[from] psn\n|upkeep\n|inactive|Time left: 300 sec this turn | 300 sec total | 5 sec grace\n|\n|t:|1783563482\n|switch|p1a: Furret|Furret, L94, M|312/312\n|-item|p2a: Zangoose|Toxic Orb|[from] ability: Frisk|[of] p1a: Furret\n|turn|5\n|inactive|Time left: 300 sec this turn | 300 sec total\n|\n|t:|1783563483\n|switch|p2a: Stonjourner|Stonjourner, L91, M|100/100\n|-terastallize|p1a: Furret|Normal\n|move|p1a: Furret|Double-Edge|p2a: Stonjourner\n|-resisted|p2a: Stonjourner\n|-damage|p2a: Stonjourner|77/100\n|-damage|p1a: Furret|287/312|[from] Recoil\n|-damage|p1a: Furret|256/312|[from] item: Life Orb\n|\n|upkeep\n|turn|6\n|inactive|Time left: 300 sec this turn | 300 sec total\n|\n|t:|1783563484\n|switch|p1a: Wyrdeer|Wyrdeer, L87, F|321/321\n|-ability|p1a: Wyrdeer|Intimidate|boost\n|-unboost|p2a: Stonjourner|atk|1\n|move|p2a: Stonjourner|Stone Edge|p1a: Wyrdeer\n|-damage|p1a: Wyrdeer|181/321\n|-damage|p2a: Stonjourner|67/100|[from] item: Life Orb\n|\n|upkeep\n|turn|7\n|inactive|Time left: 300 sec this turn | 300 sec total\n|\n|t:|1783563485\n|move|p2a: Stonjourner|Stone Edge|p1a: Wyrdeer\n|-crit|p1a: Wyrdeer\n|-damage|p1a: Wyrdeer|0 fnt\n|faint|p1a: Wyrdeer\n|-damage|p2a: Stonjourner|57/100|[from] item: Life Orb\n|\n|upkeep\n|inactive|Time left: 300 sec this turn | 300 sec total | 5 sec grace\n|\n|t:|1783563485\n|switch|p1a: Venomoth|Venomoth, L84, F|255/255\n|turn|8\n|inactive|Time left: 300 sec this turn | 300 sec total\n|\n|t:|1783563486\n|switch|p2a: Zangoose|Zangoose, L85, M|94/100 tox\n|move|p1a: Venomoth|Sludge Wave|p2a: Zangoose\n|-damage|p2a: Zangoose|48/100 tox\n|\n|-damage|p2a: Zangoose|42/100 tox|[from] psn\n|upkeep\n|turn|9\n|inactive|Time left: 300 sec this turn | 300 sec total\n|\n|t:|1783563487\n|switch|p1a: Amoonguss|Amoonguss, L82, F|321/321\n|move|p2a: Zangoose|Facade|p1a: Amoonguss\n|-damage|p1a: Amoonguss|6/321\n|\n|-heal|p1a: Amoonguss|26/321|[from] item: Leftovers\n|-damage|p2a: Zangoose|30/100 tox|[from] psn\n|upkeep\n|turn|10\n|inactive|Time left: 300 sec this turn | 300 sec total\n|\n|t:|1783563488\n|move|p2a: Zangoose|Facade|p1a: Amoonguss\n|-damage|p1a: Amoonguss|0 fnt\n|faint|p1a: Amoonguss\n|\n|-damage|p2a: Zangoose|12/100 tox|[from] psn\n|upkeep\n|inactive|Time left: 300 sec this turn | 300 sec total | 5 sec grace\n|\n|t:|1783563489\n|switch|p1a: Furret|Furret, L94, M, tera:Normal|256/312\n|-item|p2a: Zangoose|Toxic Orb|[from] ability: Frisk|[of] p1a: Furret\n|turn|11\n|inactive|Time left: 300 sec this turn | 300 sec total\n|\n|t:|1783563490\n|move|p2a: Zangoose|Quick Attack|p1a: Furret\n|-damage|p1a: Furret|177/312\n|move|p1a: Furret|Brick Break|p2a: Zangoose\n|-supereffective|p2a: Zangoose\n|-damage|p2a: Zangoose|0 fnt\n|faint|p2a: Zangoose\n|-damage|p1a: Furret|146/312|[from] item: Life Orb\n|\n|upkeep\n|\n|t:|1783563490\n|switch|p2a: Minior|Minior, L79|100/100\n|-formechange|p2a: Minior|Minior-Meteor||[from] ability: Shields Down\n|turn|12\n|inactive|Time left: 300 sec this turn | 300 sec total\n|\n|t:|1783563491\n|move|p1a: Furret|Knock Off|p2a: Minior\n|-damage|p2a: Minior|63/100\n|-enditem|p2a: Minior|White Herb|[from] move: Knock Off|[of] p1a: Furret\n|-damage|p1a: Furret|115/312|[from] item: Life Orb\n|move|p2a: Minior|Shell Smash|p2a: Minior\n|-unboost|p2a: Minior|def|1\n|-unboost|p2a: Minior|spd|1\n|-boost|p2a: Minior|atk|2\n|-boost|p2a: Minior|spa|2\n|-boost|p2a: Minior|spe|2\n|\n|upkeep\n|turn|13\n|inactive|Time left: 300 sec this turn | 300 sec total\n|\n|t:|1783563492\n|move|p2a: Minior|Acrobatics|p1a: Furret\n|-damage|p1a: Furret|0 fnt\n|faint|p1a: Furret\n|\n|upkeep\n|inactive|Time left: 300 sec this turn | 300 sec total | 5 sec grace\n|\n|t:|1783563493\n|switch|p1a: Veluza|Veluza, L85, F|292/292\n|turn|14\n|inactive|Time left: 300 sec this turn | 300 sec total\n|\n|t:|1783563494\n|-terastallize|p2a: Minior|Water\n|move|p2a: Minior|Acrobatics|p1a: Veluza\n|-damage|p1a: Veluza|139/292\n|move|p1a: Veluza|Night Slash|p2a: Minior\n|-damage|p2a: Minior|0 fnt\n|faint|p2a: Minior\n|\n|upkeep\n|\n|t:|1783563494\n|switch|p2a: Stonjourner|Stonjourner, L91, M|57/100\n|turn|15\n|inactive|Time left: 300 sec this turn | 300 sec total\n|\n|t:|1783563495\n|move|p2a: Stonjourner|Stone Edge|p1a: Veluza\n|-damage|p1a: Veluza|0 fnt\n|faint|p1a: Veluza\n|-damage|p2a: Stonjourner|47/100|[from] item: Life Orb\n|\n|upkeep\n|inactive|Time left: 300 sec this turn | 300 sec total | 5 sec grace\n|\n|t:|1783563496\n|switch|p1a: Venomoth|Venomoth, L84, F|255/255\n|turn|16\n|inactive|Time left: 300 sec this turn | 300 sec total\n|\n|t:|1783563497\n|switch|p2a: Annihilape|Annihilape, L76, M|100/100\n|move|p1a: Venomoth|Sleep Powder|p2a: Annihilape\n|-status|p2a: Annihilape|slp|[from] move: Sleep Powder\n|-enditem|p2a: Annihilape|Chesto Berry|[eat]\n|-curestatus|p2a: Annihilape|slp|[msg]\n|\n|upkeep\n|turn|17\n|inactive|Time left: 300 sec this turn | 300 sec total\n|\n|t:|1783563497\n|move|p1a: Venomoth|Quiver Dance|p1a: Venomoth\n|-boost|p1a: Venomoth|spa|1\n|-boost|p1a: Venomoth|spd|1\n|-boost|p1a: Venomoth|spe|1\n|move|p2a: Annihilape|Bulk Up|p2a: Annihilape\n|-boost|p2a: Annihilape|atk|1\n|-boost|p2a: Annihilape|def|1\n|\n|upkeep\n|turn|18\n|inactive|Time left: 300 sec this turn | 300 sec total\n|\n|t:|1783563498\n|move|p1a: Venomoth|Quiver Dance|p1a: Venomoth\n|-boost|p1a: Venomoth|spa|1\n|-boost|p1a: Venomoth|spd|1\n|-boost|p1a: Venomoth|spe|1\n|move|p2a: Annihilape|Rage Fist|p1a: Venomoth\n|-damage|p1a: Venomoth|158/255\n|\n|upkeep\n|turn|19\n|inactive|Time left: 300 sec this turn | 300 sec total\n|\n|t:|1783563499\n|move|p1a: Venomoth|Sludge Wave|p2a: Annihilape\n|-resisted|p2a: Annihilape\n|-crit|p2a: Annihilape\n|-damage|p2a: Annihilape|0 fnt\n|faint|p2a: Annihilape\n|\n|upkeep\n|\n|t:|1783563500\n|switch|p2a: Palafin|Palafin, L77, M|100/100\n|turn|20\n|inactive|Time left: 300 sec this turn | 300 sec total\n|\n|t:|1783563501\n|detailschange|p2a: Palafin|Palafin-Hero, L77, M\n|switch|p2a: Stonjourner|Stonjourner, L91, M|47/100\n|move|p1a: Venomoth|Sleep Powder|p2a: Stonjourner\n|-status|p2a: Stonjourner|slp|[from] move: Sleep Powder\n|\n|upkeep\n|turn|21\n|inactive|Time left: 300 sec this turn | 300 sec total\n|\n|t:|1783563502\n|move|p1a: Venomoth|Quiver Dance|p1a: Venomoth\n|-boost|p1a: Venomoth|spa|1\n|-boost|p1a: Venomoth|spd|1\n|-boost|p1a: Venomoth|spe|1\n|cant|p2a: Stonjourner|slp\n|\n|upkeep\n|turn|22\n|inactive|Time left: 300 sec this turn | 300 sec total\n|\n|t:|1783563503\n|move|p1a: Venomoth|Quiver Dance|p1a: Venomoth\n|-boost|p1a: Venomoth|spa|1\n|-boost|p1a: Venomoth|spd|1\n|-boost|p1a: Venomoth|spe|1\n|-curestatus|p2a: Stonjourner|slp|[msg]\n|move|p2a: Stonjourner|Earthquake|p1a: Venomoth\n|-damage|p1a: Venomoth|0 fnt\n|faint|p1a: Venomoth\n|-damage|p2a: Stonjourner|37/100|[from] item: Life Orb\n|\n|win|p0y2026eb3c", "uploadtime": 1783563503, "views": 0, "rating": 0, "private": 0, "password": null, "_winner": "p0y2026eb3c", "_our_name": "p0x202683d2"}