{"id": "battle-gen9randombattle-1018", "formatid": "gen9randombattle", "format": "[Gen 9] Random Battle", "players": ["p0x10186fb7", "p0y101835db"], "log": "|init|battle\n|title|p0x10186fb7 vs. p0y101835db\n|j|\u2606p0x10186fb7\n|j|\u2606p0y101835db\n|t:|1783551001\n|gametype|singles\n|player|p1|p0x10186fb7|1|\n|player|p2|p0y101835db|170|\n|gen|9\n|tier|[Gen 9] Random Battle\n|rule|Species Clause: Limit one of each Pok\u00e9mon\n|rule|HP Percentage Mod: HP is shown in percentages\n|rule|Sleep Clause Mod: Limit one foe put to sleep\n|rule|Illusion Level Mod: Illusion disguises the Pok\u00e9mon's true level\n|\n|t:|1783551001\n|teamsize|p1|6\n|teamsize|p2|6\n|start\n|switch|p1a: Houndoom|Houndoom, L87, F|272/272\n|switch|p2a: Volbeat|Volbeat, L90, M|100/100\n|turn|1\n|inactive|Battle timer is ON: inactive players will automatically lose when time's up. (requested by p0y101835db)\n|inactive|Time left: 300 sec this turn | 300 sec total | 60 sec grace\n|\n|t:|1783551003\n|switch|p2a: Baxcalibur|Baxcalibur, L75, F|100/100\n|move|p1a: Houndoom|Fire Blast|p2a: Baxcalibur\n|-damage|p2a: Baxcalibur|48/100\n|-ability|p2a: Baxcalibur|Thermal Exchange|boost\n|-boost|p2a: Baxcalibur|atk|1\n|\n|upkeep\n|turn|2\n|inactive|Time left: 300 sec this turn | 300 sec total\n|inactive|p0x10186fb7 also wants the timer to be on.\n|\n|t:|1783551005\n|move|p1a: Houndoom|Fire Blast|p2a: Baxcalibur\n|-damage|p2a: Baxcalibur|0 fnt\n|faint|p2a: Baxcalibur\n|\n|upkeep\n|\n|t:|1783551006\n|switch|p2a: Basculegion|Basculegion, L80, M|100/100\n|turn|3\n|inactive|Time left: 300 sec this turn | 300 sec total\n|\n|t:|1783551007\n|switch|p1a: Tatsugiri|Tatsugiri, L87, M|260/260\n|move|p2a: Basculegion|Wave Crash|p1a: Tatsugiri\n|-ability|p1a: Tatsugiri|Storm Drain|boost\n|-boost|p1a: Tatsugiri|spa|1\n|\n|upkeep\n|turn|4\n|inactive|Time left: 300 sec this turn | 300 sec total\n|\n|t:|1783551008\n|move|p1a: Tatsugiri|Nasty Plot|p1a: Tatsugiri\n|-boost|p1a: Tatsugiri|spa|2\n|move|p2a: Basculegion|Shadow Ball|p1a: Tatsugiri\n|-damage|p1a: Tatsugiri|178/260\n|\n|upkeep\n|turn|5\n|inactive|Time left: 300 sec this turn | 300 sec total\n|\n|t:|1783551009\n|move|p1a: Tatsugiri|Draco Meteor|p2a: Basculegion\n|-damage|p2a: Basculegion|4/100\n|-unboost|p1a: Tatsugiri|spa|2\n|move|p2a: Basculegion|Shadow Ball|p1a: Tatsugiri\n|-damage|p1a: Tatsugiri|88/260\n|\n|upkeep\n|turn|6\n|inactive|Time left: 300 sec this turn | 300 sec total\n|\n|t:|1783551010\n|move|p1a: Tatsugiri|Surf|p2a: Basculegion\n|-resisted|p2a: Basculegion\n|-damage|p2a: Basculegion|0 fnt\n|faint|p2a: Basculegion\n|\n|upkeep\n|\n|t:|1783551011\n|switch|p2a: Hatterene|Hatterene, L85, F|100/100\n|turn|7\n|inactive|Time left: 300 sec this turn | 300 sec total\n|\n|t:|1783551012\n|switch|p1a: Houndoom|Houndoom, L87, F|272/272\n|move|p2a: Hatterene|Psyshock|p1a: Houndoom\n|-immune|p1a: Houndoom\n|\n|upkeep\n|turn|8\n|inactive|Time left: 300 sec this turn | 300 sec total\n|\n|t:|1783551013\n|move|p1a: Houndoom|Sludge Bomb|p2a: Hatterene\n|-supereffective|p2a: Hatterene\n|-damage|p2a: Hatterene|46/100\n|move|p2a: Hatterene|Calm Mind|p2a: Hatterene\n|-boost|p2a: Hatterene|spa|1\n|-boost|p2a: Hatterene|spd|1\n|\n|-heal|p2a: Hatterene|52/100|[from] item: Leftovers\n|upkeep\n|turn|9\n|inactive|Time left: 300 sec this turn | 300 sec total\n|\n|t:|1783551014\n|-terastallize|p1a: Houndoom|Poison\n|move|p1a: Houndoom|Sludge Bomb|p2a: Hatterene\n|-supereffective|p2a: Hatterene\n|-damage|p2a: Hatterene|0 fnt\n|faint|p2a: Hatterene\n|\n|upkeep\n|\n|t:|1783551015\n|switch|p2a: Revavroom|Revavroom, L79, M|100/100\n|turn|10\n|inactive|Time left: 300 sec this turn | 300 sec total\n|\n|t:|1783551016\n|-terastallize|p2a: Revavroom|Ground\n|move|p1a: Houndoom|Fire Blast|p2a: Revavroom\n|-damage|p2a: Revavroom|33/100\n|move|p2a: Revavroom|Shift Gear|p2a: Revavroom\n|-boost|p2a: Revavroom|spe|2\n|-boost|p2a: Revavroom|atk|1\n|\n|upkeep\n|turn|11\n|inactive|Time left: 300 sec this turn | 300 sec total\n|\n|t:|1783551017\n|move|p1a: Houndoom|Sucker Punch|p2a: Revavroom\n|-damage|p2a: Revavroom|0 fnt\n|faint|p2a: Revavroom\n|\n|upkeep\n|\n|t:|1783551018\n|switch|p2a: Volbeat|Volbeat, L90, M|100/100\n|turn|12\n|inactive|Time left: 300 sec this turn | 300 sec total\n|\n|t:|1783551019\n|move|p2a: Volbeat|Encore|p1a: Houndoom\n|-start|p1a: Houndoom|Encore\n|move|p1a: Houndoom|Sucker Punch||[still]\n|-fail|p1a: Houndoom\n|\n|upkeep\n|turn|13\n|inactive|Time left: 300 sec this turn | 300 sec total\n|\n|t:|1783551020\n|switch|p1a: Glimmora|Glimmora, L75, M|248/248\n|move|p2a: Volbeat|U-turn|p1a: Glimmora\n|-resisted|p1a: Glimmora\n|-damage|p1a: Glimmora|212/248\n|-activate|p1a: Glimmora|ability: Toxic Debris\n|-sidestart|p2: p0y101835db|move: Toxic Spikes\n|\n|t:|1783551021\n|switch|p2a: Forretress|Forretress, L84, M|100/100|[from] U-turn\n|\n|upkeep\n|turn|14\n|inactive|Time left: 300 sec this turn | 300 sec total\n|\n|t:|1783551022\n|move|p1a: Glimmora|Meteor Beam||[still]\n|-prepare|p1a: Glimmora|Meteor Beam\n|-boost|p1a: Glimmora|spa|1\n|-enditem|p1a: Glimmora|Power Herb\n|-anim|p1a: Glimmora|Meteor Beam|p2a: Forretress\n|-damage|p2a: Forretress|9/100\n|move|p2a: Forretress|Iron Head|p1a: Glimmora\n|-supereffective|p1a: Glimmora\n|-damage|p1a: Glimmora|32/248\n|-activate|p1a: Glimmora|ability: Toxic Debris\n|-sidestart|p2: p0y101835db|move: Toxic Spikes\n|\n|-heal|p2a: Forretress|15/100|[from] item: Leftovers\n|upkeep\n|turn|15\n|inactive|Time left: 300 sec this turn | 300 sec total\n|\n|t:|1783551023\n|move|p1a: Glimmora|Earth Power|p2a: Forretress\n|-damage|p2a: Forretress|0 fnt\n|faint|p2a: Forretress\n|\n|upkeep\n|\n|t:|1783551024\n|switch|p2a: Volbeat|Volbeat, L90, M|100/100\n|turn|16\n|inactive|Time left: 300 sec this turn | 300 sec total\n|\n|t:|1783551025\n|switch|p1a: Houndoom|Houndoom, L87, F, tera:Poison|272/272\n|move|p2a: Volbeat|U-turn|p1a: Houndoom\n|-resisted|p1a: Houndoom\n|-damage|p1a: Houndoom|218/272\n|\n|upkeep\n|turn|17\n|inactive|Time left: 300 sec this turn | 300 sec total\n|\n|t:|1783551026\n|move|p2a: Volbeat|Thunder Wave|p1a: Houndoom\n|-status|p1a: Houndoom|par\n|cant|p1a: Houndoom|par\n|\n|upkeep\n|turn|18\n|inactive|Time left: 300 sec this turn | 300 sec total\n|\n|t:|1783551027\n|move|p2a: Volbeat|U-turn|p1a: Houndoom\n|-resisted|p1a: Houndoom\n|-damage|p1a: Houndoom|168/272 par\n|cant|p1a: Houndoom|par\n|\n|upkeep\n|turn|19\n|inactive|Time left: 300 sec this turn | 300 sec total\n|\n|t:|1783551028\n|move|p2a: Volbeat|U-turn|p1a: Houndoom\n|-resisted|p1a: Houndoom\n|-damage|p1a: Houndoom|120/272 par\n|move|p1a: Houndoom|Fire Blast|p2a: Volbeat\n|-supereffective|p2a: Volbeat\n|-damage|p2a: Volbeat|0 fnt\n|faint|p2a: Volbeat\n|\n|win|p0x10186fb7", "uploadtime": 1783551028, "views": 0, "rating": 0, "private": 0, "password": null, "_winner": "p0x10186fb7", "_our_name": "p0x10186fb7"}