{"id": "battle-gen9randombattle-1214", "formatid": "gen9randombattle", "format": "[Gen 9] Random Battle", "players": ["p0x1214dfbe", "p0y1214d533"], "log": "|init|battle\n|title|p0x1214dfbe vs. p0y1214d533\n|j|\u2606p0x1214dfbe\n|j|\u2606p0y1214d533\n|t:|1783553177\n|gametype|singles\n|player|p1|p0x1214dfbe|2|\n|player|p2|p0y1214d533|2|\n|gen|9\n|tier|[Gen 9] Random Battle\n|rule|Species Clause: Limit one of each Pok\u00e9mon\n|rule|HP Percentage Mod: HP is shown in percentages\n|rule|Sleep Clause Mod: Limit one foe put to sleep\n|rule|Illusion Level Mod: Illusion disguises the Pok\u00e9mon's true level\n|\n|t:|1783553177\n|teamsize|p1|6\n|teamsize|p2|6\n|start\n|switch|p1a: Emboar|Emboar, L84, F|100/100\n|switch|p2a: Dondozo|Dondozo, L78, M|362/362\n|turn|1\n|inactive|Battle timer is ON: inactive players will automatically lose when time's up. (requested by p0y1214d533)\n|inactive|p0x1214dfbe also wants the timer to be on.\n|\n|t:|1783553178\n|move|p1a: Emboar|Trailblaze|p2a: Dondozo\n|-supereffective|p2a: Dondozo\n|-damage|p2a: Dondozo|294/362\n|-boost|p1a: Emboar|spe|1\n|move|p2a: Dondozo|Wave Crash|p1a: Emboar\n|-supereffective|p1a: Emboar\n|-damage|p1a: Emboar|14/100\n|-damage|p2a: Dondozo|202/362|[from] Recoil\n|\n|-heal|p1a: Emboar|20/100|[from] item: Leftovers\n|-heal|p2a: Dondozo|224/362|[from] item: Leftovers\n|upkeep\n|turn|2\n|inactive|Time left: 300 sec this turn | 300 sec total\n|\n|t:|1783553180\n|move|p1a: Emboar|Drain Punch|p2a: Dondozo\n|-damage|p2a: Dondozo|133/362\n|-heal|p1a: Emboar|35/100|[from] drain|[of] p2a: Dondozo\n|move|p2a: Dondozo|Wave Crash|p1a: Emboar\n|-supereffective|p1a: Emboar\n|-damage|p1a: Emboar|0 fnt\n|faint|p1a: Emboar\n|-damage|p2a: Dondozo|97/362|[from] Recoil\n|\n|-heal|p2a: Dondozo|119/362|[from] item: Leftovers\n|upkeep\n|\n|t:|1783553181\n|switch|p1a: Exeggutor|Exeggutor-Alola, L89, F|100/100\n|-item|p2a: Dondozo|Leftovers|[from] ability: Frisk|[of] p1a: Exeggutor\n|turn|3\n|inactive|Time left: 300 sec this turn | 300 sec total\n|\n|t:|1783553182\n|move|p1a: Exeggutor|Giga Drain|p2a: Dondozo\n|-supereffective|p2a: Dondozo\n|-damage|p2a: Dondozo|0 fnt\n|faint|p2a: Dondozo\n|\n|upkeep\n|inactive|Time left: 300 sec this turn | 300 sec total | 5 sec grace\n|\n|t:|1783553183\n|switch|p2a: Smeargle|Smeargle, L95, F|258/258\n|turn|4\n|inactive|Time left: 300 sec this turn | 300 sec total\n|\n|t:|1783553184\n|move|p2a: Smeargle|Sticky Web|p1a: Exeggutor\n|-sidestart|p1: p0x1214dfbe|move: Sticky Web\n|move|p1a: Exeggutor|Giga Drain|p2a: Smeargle\n|-damage|p2a: Smeargle|18/258\n|\n|upkeep\n|turn|5\n|inactive|Time left: 300 sec this turn | 300 sec total\n|\n|t:|1783553185\n|move|p2a: Smeargle|Stealth Rock|p1a: Exeggutor\n|-sidestart|p1: p0x1214dfbe|move: Stealth Rock\n|move|p1a: Exeggutor|Giga Drain|p2a: Smeargle\n|-damage|p2a: Smeargle|0 fnt\n|faint|p2a: Smeargle\n|\n|upkeep\n|inactive|Time left: 300 sec this turn | 300 sec total | 5 sec grace\n|\n|t:|1783553186\n|switch|p2a: Dudunsparce|Dudunsparce, L83, M|343/343\n|turn|6\n|inactive|Time left: 300 sec this turn | 300 sec total\n|\n|t:|1783553187\n|move|p2a: Dudunsparce|Calm Mind|p2a: Dudunsparce\n|-boost|p2a: Dudunsparce|spa|1\n|-boost|p2a: Dudunsparce|spd|1\n|move|p1a: Exeggutor|Giga Drain|p2a: Dudunsparce\n|-damage|p2a: Dudunsparce|219/343\n|\n|-heal|p2a: Dudunsparce|240/343|[from] item: Leftovers\n|upkeep\n|turn|7\n|inactive|Time left: 300 sec this turn | 300 sec total\n|\n|t:|1783553188\n|move|p2a: Dudunsparce|Boomburst|p1a: Exeggutor\n|-damage|p1a: Exeggutor|34/100\n|move|p1a: Exeggutor|Giga Drain|p2a: Dudunsparce\n|-damage|p2a: Dudunsparce|114/343\n|-heal|p1a: Exeggutor|54/100|[from] drain|[of] p2a: Dudunsparce\n|\n|-heal|p2a: Dudunsparce|135/343|[from] item: Leftovers\n|upkeep\n|turn|8\n|inactive|Time left: 300 sec this turn | 300 sec total\n|\n|t:|1783553189\n|move|p2a: Dudunsparce|Boomburst|p1a: Exeggutor\n|-damage|p1a: Exeggutor|0 fnt\n|faint|p1a: Exeggutor\n|\n|-heal|p2a: Dudunsparce|156/343|[from] item: Leftovers\n|upkeep\n|\n|t:|1783553190\n|switch|p1a: Pawmot|Pawmot, L80, M|100/100\n|-activate|p1a: Pawmot|move: Sticky Web\n|-unboost|p1a: Pawmot|spe|1\n|-damage|p1a: Pawmot|94/100|[from] Stealth Rock\n|turn|9\n|inactive|Time left: 300 sec this turn | 300 sec total\n|\n|t:|1783553191\n|switch|p2a: Clodsire|Clodsire, L81, M|343/343\n|move|p1a: Pawmot|Double Shock|p2a: Clodsire\n|-immune|p2a: Clodsire\n|\n|upkeep\n|turn|10\n|inactive|Time left: 300 sec this turn | 300 sec total\n|\n|t:|1783553192\n|switch|p1a: Donphan|Donphan, L84, F|100/100\n|-activate|p1a: Donphan|move: Sticky Web\n|-unboost|p1a: Donphan|spe|1\n|-damage|p1a: Donphan|94/100|[from] Stealth Rock\n|move|p2a: Clodsire|Earthquake|p1a: Donphan\n|-damage|p1a: Donphan|71/100\n|\n|upkeep\n|turn|11\n|inactive|Time left: 300 sec this turn | 300 sec total\n|\n|t:|1783553193\n|switch|p2a: Quaquaval|Quaquaval, L79, M|264/264\n|move|p1a: Donphan|Rapid Spin|p2a: Quaquaval\n|-damage|p2a: Quaquaval|215/264\n|-boost|p1a: Donphan|spe|1\n|-sideend|p1: p0x1214dfbe|Stealth Rock|[from] move: Rapid Spin|[of] p1a: Donphan\n|-sideend|p1: p0x1214dfbe|Sticky Web|[from] move: Rapid Spin|[of] p1a: Donphan\n|\n|-heal|p2a: Quaquaval|231/264|[from] item: Leftovers\n|upkeep\n|turn|12\n|inactive|Time left: 300 sec this turn | 300 sec total\n|\n|t:|1783553194\n|switch|p1a: Granbull|Granbull, L88, M|100/100\n|-ability|p1a: Granbull|Intimidate|boost\n|-unboost|p2a: Quaquaval|atk|1\n|move|p2a: Quaquaval|Aqua Step|p1a: Granbull\n|-damage|p1a: Granbull|81/100\n|-boost|p2a: Quaquaval|spe|1\n|\n|-heal|p2a: Quaquaval|247/264|[from] item: Leftovers\n|-heal|p1a: Granbull|87/100|[from] item: Leftovers\n|upkeep\n|turn|13\n|inactive|Time left: 300 sec this turn | 300 sec total\n|\n|t:|1783553195\n|switch|p2a: Sceptile|Sceptile, L87, F|264/264\n|move|p1a: Granbull|Play Rough|p2a: Sceptile\n|-damage|p2a: Sceptile|128/264\n|\n|-heal|p2a: Sceptile|144/264|[from] item: Leftovers\n|-heal|p1a: Granbull|93/100|[from] item: Leftovers\n|upkeep\n|turn|14\n|inactive|Time left: 300 sec this turn | 300 sec total\n|\n|t:|1783553196\n|move|p2a: Sceptile|Giga Drain|p1a: Granbull\n|-damage|p1a: Granbull|54/100\n|-heal|p2a: Sceptile|203/264|[from] drain|[of] p1a: Granbull\n|move|p1a: Granbull|Play Rough|p2a: Sceptile|[miss]\n|-miss|p1a: Granbull|p2a: Sceptile\n|\n|-heal|p2a: Sceptile|219/264|[from] item: Leftovers\n|-heal|p1a: Granbull|60/100|[from] item: Leftovers\n|upkeep\n|turn|15\n|inactive|Time left: 300 sec this turn | 300 sec total\n|\n|t:|1783553197\n|move|p2a: Sceptile|Giga Drain|p1a: Granbull\n|-damage|p1a: Granbull|20/100\n|-heal|p2a: Sceptile|264/264|[from] drain|[of] p1a: Granbull\n|move|p1a: Granbull|Play Rough|p2a: Sceptile\n|-damage|p2a: Sceptile|108/264\n|\n|-heal|p2a: Sceptile|124/264|[from] item: Leftovers\n|-heal|p1a: Granbull|26/100|[from] item: Leftovers\n|upkeep\n|turn|16\n|inactive|Time left: 300 sec this turn | 300 sec total\n|\n|t:|1783553199\n|switch|p1a: Venomoth|Venomoth, L84, F|100/100\n|move|p2a: Sceptile|Giga Drain|p1a: Venomoth\n|-resisted|p1a: Venomoth\n|-damage|p1a: Venomoth|91/100\n|-heal|p2a: Sceptile|137/264|[from] drain|[of] p1a: Venomoth\n|\n|-heal|p2a: Sceptile|153/264|[from] item: Leftovers\n|upkeep\n|turn|17\n|inactive|Time left: 300 sec this turn | 300 sec total\n|\n|t:|1783553200\n|move|p2a: Sceptile|Leech Seed|p1a: Venomoth\n|-start|p1a: Venomoth|move: Leech Seed\n|move|p1a: Venomoth|Quiver Dance|p1a: Venomoth\n|-boost|p1a: Venomoth|spa|1\n|-boost|p1a: Venomoth|spd|1\n|-boost|p1a: Venomoth|spe|1\n|\n|-heal|p2a: Sceptile|169/264|[from] item: Leftovers\n|-damage|p1a: Venomoth|79/100|[from] Leech Seed|[of] p2a: Sceptile\n|-heal|p2a: Sceptile|200/264|[silent]\n|upkeep\n|turn|18\n|inactive|Time left: 300 sec this turn | 300 sec total\n|\n|t:|1783553200\n|switch|p2a: Clodsire|Clodsire, L81, M|343/343\n|move|p1a: Venomoth|Bug Buzz|p2a: Clodsire\n|-resisted|p2a: Clodsire\n|-damage|p2a: Clodsire|207/343\n|\n|-heal|p2a: Clodsire|228/343|[from] item: Leftovers\n|-damage|p1a: Venomoth|66/100|[from] Leech Seed|[of] p2a: Clodsire\n|-heal|p2a: Clodsire|259/343|[silent]\n|upkeep\n|turn|19\n|inactive|Time left: 300 sec this turn | 300 sec total\n|\n|t:|1783553201\n|move|p1a: Venomoth|Sleep Powder|p2a: Clodsire\n|-status|p2a: Clodsire|slp|[from] move: Sleep Powder\n|cant|p2a: Clodsire|slp\n|\n|-heal|p2a: Clodsire|280/343 slp|[from] item: Leftovers\n|-damage|p1a: Venomoth|54/100|[from] Leech Seed|[of] p2a: Clodsire\n|-heal|p2a: Clodsire|311/343 slp|[silent]\n|upkeep\n|turn|20\n|inactive|Time left: 300 sec this turn | 300 sec total\n|\n|t:|1783553202\n|move|p1a: Venomoth|Bug Buzz|p2a: Clodsire\n|-resisted|p2a: Clodsire\n|-crit|p2a: Clodsire\n|-damage|p2a: Clodsire|123/343 slp\n|cant|p2a: Clodsire|slp\n|\n|-heal|p2a: Clodsire|144/343 slp|[from] item: Leftovers\n|-damage|p1a: Venomoth|42/100|[from] Leech Seed|[of] p2a: Clodsire\n|-heal|p2a: Clodsire|175/343 slp|[silent]\n|upkeep\n|turn|21\n|inactive|Time left: 300 sec this turn | 300 sec total\n|\n|t:|1783553203\n|switch|p1a: Granbull|Granbull, L88, M|26/100\n|-ability|p1a: Granbull|Intimidate|boost\n|-unboost|p2a: Clodsire|atk|1\n|-curestatus|p2a: Clodsire|slp|[msg]\n|move|p2a: Clodsire|Earthquake|p1a: Granbull\n|-damage|p1a: Granbull|5/100\n|\n|-heal|p1a: Granbull|11/100|[from] item: Leftovers\n|-heal|p2a: Clodsire|196/343|[from] item: Leftovers\n|upkeep\n|turn|22\n|inactive|Time left: 300 sec this turn | 300 sec total\n|\n|t:|1783553204\n|switch|p2a: Dudunsparce|Dudunsparce, L83, M|156/343\n|move|p1a: Granbull|Earthquake|p2a: Dudunsparce\n|-damage|p2a: Dudunsparce|58/343\n|\n|-heal|p2a: Dudunsparce|79/343|[from] item: Leftovers\n|-heal|p1a: Granbull|17/100|[from] item: Leftovers\n|upkeep\n|turn|23\n|inactive|Time left: 300 sec this turn | 300 sec total\n|\n|t:|1783553205\n|move|p2a: Dudunsparce|Boomburst|p1a: Granbull\n|-damage|p1a: Granbull|0 fnt\n|faint|p1a: Granbull\n|\n|-heal|p2a: Dudunsparce|100/343|[from] item: Leftovers\n|upkeep\n|\n|t:|1783553206\n|switch|p1a: Pawmot|Pawmot, L80, M|94/100\n|turn|24\n|inactive|Time left: 300 sec this turn | 300 sec total\n|\n|t:|1783553207\n|switch|p2a: Clodsire|Clodsire, L81, M|196/343\n|move|p1a: Pawmot|Double Shock|p2a: Clodsire\n|-immune|p2a: Clodsire\n|\n|-heal|p2a: Clodsire|217/343|[from] item: Leftovers\n|upkeep\n|turn|25\n|inactive|Time left: 300 sec this turn | 300 sec total\n|\n|t:|1783553208\n|move|p1a: Pawmot|Ice Punch|p2a: Clodsire\n|-supereffective|p2a: Clodsire\n|-damage|p2a: Clodsire|0 fnt\n|faint|p2a: Clodsire\n|-damage|p1a: Pawmot|84/100|[from] item: Life Orb\n|\n|upkeep\n|inactive|Time left: 300 sec this turn | 300 sec total | 5 sec grace\n|\n|t:|1783553209\n|switch|p2a: Sceptile|Sceptile, L87, F|200/264\n|turn|26\n|inactive|Time left: 300 sec this turn | 300 sec total\n|\n|t:|1783553210\n|switch|p1a: Venomoth|Venomoth, L84, F|42/100\n|move|p2a: Sceptile|Giga Drain|p1a: Venomoth\n|-resisted|p1a: Venomoth\n|-damage|p1a: Venomoth|33/100\n|-heal|p2a: Sceptile|212/264|[from] drain|[of] p1a: Venomoth\n|\n|-heal|p2a: Sceptile|228/264|[from] item: Leftovers\n|upkeep\n|turn|27\n|inactive|Time left: 300 sec this turn | 300 sec total\n|\n|t:|1783553212\n|-terastallize|p2a: Sceptile|Steel\n|move|p2a: Sceptile|Leech Seed|p1a: Venomoth\n|-start|p1a: Venomoth|move: Leech Seed\n|move|p1a: Venomoth|Quiver Dance|p1a: Venomoth\n|-boost|p1a: Venomoth|spa|1\n|-boost|p1a: Venomoth|spd|1\n|-boost|p1a: Venomoth|spe|1\n|\n|-heal|p2a: Sceptile|244/264|[from] item: Leftovers\n|-damage|p1a: Venomoth|20/100|[from] Leech Seed|[of] p2a: Sceptile\n|-heal|p2a: Sceptile|264/264|[silent]\n|upkeep\n|turn|28\n|inactive|Time left: 300 sec this turn | 300 sec total\n|\n|t:|1783553213\n|move|p1a: Venomoth|Bug Buzz|p2a: Sceptile\n|-resisted|p2a: Sceptile\n|-damage|p2a: Sceptile|140/264\n|move|p2a: Sceptile|Giga Drain|p1a: Venomoth\n|-resisted|p1a: Venomoth\n|-damage|p1a: Venomoth|14/100\n|-heal|p2a: Sceptile|149/264|[from] drain|[of] p1a: Venomoth\n|\n|-heal|p2a: Sceptile|165/264|[from] item: Leftovers\n|-damage|p1a: Venomoth|2/100|[from] Leech Seed|[of] p2a: Sceptile\n|-heal|p2a: Sceptile|196/264|[silent]\n|upkeep\n|turn|29\n|inactive|Time left: 300 sec this turn | 300 sec total\n|\n|t:|1783553214\n|move|p1a: Venomoth|Sleep Powder|p2a: Sceptile\n|-status|p2a: Sceptile|slp|[from] move: Sleep Powder\n|cant|p2a: Sceptile|slp\n|\n|-heal|p2a: Sceptile|212/264 slp|[from] item: Leftovers\n|-damage|p1a: Venomoth|0 fnt|[from] Leech Seed|[of] p2a: Sceptile\n|-heal|p2a: Sceptile|215/264 slp|[silent]\n|faint|p1a: Venomoth\n|upkeep\n|\n|t:|1783553215\n|switch|p1a: Donphan|Donphan, L84, F|71/100\n|turn|30\n|inactive|Time left: 300 sec this turn | 300 sec total\n|\n|t:|1783553216\n|switch|p2a: Quaquaval|Quaquaval, L79, M|247/264\n|move|p1a: Donphan|Earthquake|p2a: Quaquaval\n|-damage|p2a: Quaquaval|109/264\n|\n|-heal|p2a: Quaquaval|125/264|[from] item: Leftovers\n|upkeep\n|turn|31\n|inactive|Time left: 300 sec this turn | 300 sec total\n|\n|t:|1783553217\n|move|p2a: Quaquaval|Roost|p2a: Quaquaval\n|-heal|p2a: Quaquaval|257/264\n|-singleturn|p2a: Quaquaval|move: Roost\n|move|p1a: Donphan|Earthquake|p2a: Quaquaval\n|-damage|p2a: Quaquaval|124/264\n|\n|-heal|p2a: Quaquaval|140/264|[from] item: Leftovers\n|upkeep\n|turn|32\n|inactive|Time left: 300 sec this turn | 300 sec total\n|\n|t:|1783553218\n|-terastallize|p1a: Donphan|Dragon\n|move|p2a: Quaquaval|Aqua Step|p1a: Donphan\n|-resisted|p1a: Donphan\n|-damage|p1a: Donphan|60/100\n|-boost|p2a: Quaquaval|spe|1\n|move|p1a: Donphan|Earthquake|p2a: Quaquaval\n|-damage|p2a: Quaquaval|0 fnt\n|faint|p2a: Quaquaval\n|\n|upkeep\n|inactive|Time left: 300 sec this turn | 300 sec total | 5 sec grace\n|\n|t:|1783553219\n|switch|p2a: Dudunsparce|Dudunsparce, L83, M|100/343\n|turn|33\n|inactive|Time left: 300 sec this turn | 300 sec total\n|\n|t:|1783553220\n|switch|p1a: Pawmot|Pawmot, L80, M|84/100\n|move|p2a: Dudunsparce|Roost|p2a: Dudunsparce\n|-heal|p2a: Dudunsparce|272/343\n|-singleturn|p2a: Dudunsparce|move: Roost\n|\n|-heal|p2a: Dudunsparce|293/343|[from] item: Leftovers\n|upkeep\n|turn|34\n|inactive|Time left: 300 sec this turn | 300 sec total\n|\n|t:|1783553221\n|move|p1a: Pawmot|Close Combat|p2a: Dudunsparce\n|-supereffective|p2a: Dudunsparce\n|-damage|p2a: Dudunsparce|0 fnt\n|-unboost|p1a: Pawmot|def|1\n|-unboost|p1a: Pawmot|spd|1\n|faint|p2a: Dudunsparce\n|-damage|p1a: Pawmot|75/100|[from] item: Life Orb\n|\n|upkeep\n|inactive|Time left: 300 sec this turn | 300 sec total | 5 sec grace\n|\n|t:|1783553222\n|switch|p2a: Sceptile|Sceptile, L87, F, tera:Steel|215/264 slp\n|turn|35\n|inactive|Time left: 300 sec this turn | 300 sec total\n|\n|t:|1783553223\n|cant|p2a: Sceptile|slp\n|move|p1a: Pawmot|Close Combat|p2a: Sceptile\n|-supereffective|p2a: Sceptile\n|-damage|p2a: Sceptile|0 fnt\n|-unboost|p1a: Pawmot|def|1\n|-unboost|p1a: Pawmot|spd|1\n|faint|p2a: Sceptile\n|-damage|p1a: Pawmot|65/100|[from] item: Life Orb\n|\n|win|p0x1214dfbe", "uploadtime": 1783553223, "views": 0, "rating": 0, "private": 0, "password": null, "_winner": "p0x1214dfbe", "_our_name": "p0y1214d533"}