{"id": "battle-gen9randombattle-75", "formatid": "gen9randombattle", "format": "[Gen 9] Random Battle", "players": ["p0x0763c34", "p0y076703e"], "log": "|init|battle\n|title|p0x0763c34 vs. p0y076703e\n|j|\u2606p0x0763c34\n|j|\u2606p0y076703e\n|t:|1783540061\n|gametype|singles\n|player|p1|p0x0763c34|101|\n|player|p2|p0y076703e|2|\n|gen|9\n|tier|[Gen 9] Random Battle\n|rule|Species Clause: Limit one of each Pok\u00e9mon\n|rule|HP Percentage Mod: HP is shown in percentages\n|rule|Sleep Clause Mod: Limit one foe put to sleep\n|rule|Illusion Level Mod: Illusion disguises the Pok\u00e9mon's true level\n|\n|t:|1783540061\n|teamsize|p1|6\n|teamsize|p2|6\n|start\n|switch|p1a: Serperior|Serperior, L79, M|100/100\n|switch|p2a: Archaludon|Archaludon, L78, F|268/268\n|turn|1\n|inactive|Battle timer is ON: inactive players will automatically lose when time's up. (requested by p0x0763c34)\n|inactive|Time left: 300 sec this turn | 300 sec total | 60 sec grace\n|inactive|p0y076703e also wants the timer to be on.\n|\n|t:|1783540062\n|move|p1a: Serperior|Leaf Storm|p2a: Archaludon\n|-resisted|p2a: Archaludon\n|-damage|p2a: Archaludon|225/268\n|-boost|p1a: Serperior|spa|2\n|-ability|p2a: Archaludon|Stamina|boost\n|-boost|p2a: Archaludon|def|1\n|-damage|p1a: Serperior|91/100|[from] item: Life Orb\n|move|p2a: Archaludon|Outrage|p1a: Serperior\n|-damage|p1a: Serperior|44/100\n|\n|upkeep\n|turn|2\n|inactive|Time left: 300 sec this turn | 300 sec total\n|\n|t:|1783540064\n|move|p1a: Serperior|Synthesis|p1a: Serperior\n|-heal|p1a: Serperior|94/100\n|move|p2a: Archaludon|Outrage|p1a: Serperior|[from] lockedmove\n|-damage|p1a: Serperior|49/100\n|\n|upkeep\n|turn|3\n|inactive|Time left: 300 sec this turn | 300 sec total\n|\n|t:|1783540065\n|move|p1a: Serperior|Synthesis|p1a: Serperior\n|-heal|p1a: Serperior|99/100\n|move|p2a: Archaludon|Outrage|p1a: Serperior|[from] lockedmove\n|-damage|p1a: Serperior|54/100\n|-start|p2a: Archaludon|confusion|[fatigue]\n|-enditem|p2a: Archaludon|Lum Berry|[eat]\n|-end|p2a: Archaludon|confusion\n|\n|upkeep\n|turn|4\n|inactive|Time left: 300 sec this turn | 300 sec total\n|\n|t:|1783540066\n|move|p1a: Serperior|Synthesis|p1a: Serperior\n|-heal|p1a: Serperior|100/100\n|move|p2a: Archaludon|Outrage|p1a: Serperior\n|-damage|p1a: Serperior|50/100\n|\n|upkeep\n|turn|5\n|inactive|Time left: 300 sec this turn | 300 sec total\n|\n|t:|1783540067\n|move|p1a: Serperior|Synthesis|p1a: Serperior\n|-heal|p1a: Serperior|100/100\n|move|p2a: Archaludon|Outrage|p1a: Serperior|[from] lockedmove\n|-damage|p1a: Serperior|57/100\n|\n|upkeep\n|turn|6\n|inactive|Time left: 300 sec this turn | 300 sec total\n|\n|t:|1783540068\n|move|p1a: Serperior|Synthesis|p1a: Serperior\n|-heal|p1a: Serperior|100/100\n|move|p2a: Archaludon|Outrage|p1a: Serperior|[from] lockedmove\n|-damage|p1a: Serperior|50/100\n|-start|p2a: Archaludon|confusion|[fatigue]\n|\n|upkeep\n|turn|7\n|inactive|Time left: 300 sec this turn | 300 sec total\n|\n|t:|1783540069\n|move|p1a: Serperior|Synthesis|p1a: Serperior\n|-heal|p1a: Serperior|99/100\n|-activate|p2a: Archaludon|confusion\n|move|p2a: Archaludon|Outrage|p1a: Serperior\n|-damage|p1a: Serperior|51/100\n|\n|upkeep\n|turn|8\n|inactive|Time left: 300 sec this turn | 300 sec total\n|\n|t:|1783540070\n|move|p1a: Serperior|Synthesis|p1a: Serperior\n|-heal|p1a: Serperior|100/100\n|-activate|p2a: Archaludon|confusion\n|move|p2a: Archaludon|Outrage|p1a: Serperior|[from] lockedmove\n|-damage|p1a: Serperior|53/100\n|\n|upkeep\n|turn|9\n|inactive|Time left: 300 sec this turn | 300 sec total\n|\n|t:|1783540071\n|move|p1a: Serperior|Synthesis|p1a: Serperior\n|-heal|p1a: Serperior|100/100\n|-activate|p2a: Archaludon|confusion\n|move|p2a: Archaludon|Outrage|p1a: Serperior|[from] lockedmove\n|-damage|p1a: Serperior|51/100\n|\n|upkeep\n|turn|10\n|inactive|Time left: 300 sec this turn | 300 sec total\n|\n|t:|1783540072\n|-terastallize|p1a: Serperior|Fire\n|move|p1a: Serperior|Tera Blast|p2a: Archaludon|[anim] Tera Blast Fire\n|-damage|p2a: Archaludon|3/268\n|-ability|p2a: Archaludon|Stamina|boost\n|-boost|p2a: Archaludon|def|1\n|-damage|p1a: Serperior|41/100|[from] item: Life Orb\n|-activate|p2a: Archaludon|confusion\n|move|p2a: Archaludon|Outrage|p1a: Serperior\n|-damage|p1a: Serperior|0 fnt\n|faint|p1a: Serperior\n|\n|upkeep\n|\n|t:|1783540073\n|switch|p1a: Zamazenta|Zamazenta-Crowned, L68|100/100\n|-ability|p1a: Zamazenta|Dauntless Shield|boost\n|-boost|p1a: Zamazenta|def|1\n|turn|11\n|inactive|Time left: 300 sec this turn | 300 sec total\n|\n|t:|1783540075\n|move|p1a: Zamazenta|Body Press|p2a: Archaludon\n|-supereffective|p2a: Archaludon\n|-damage|p2a: Archaludon|0 fnt\n|faint|p2a: Archaludon\n|\n|upkeep\n|inactive|Time left: 300 sec this turn | 300 sec total | 5 sec grace\n|\n|t:|1783540076\n|switch|p2a: Volcanion|Volcanion, L79|255/255\n|turn|12\n|inactive|Time left: 300 sec this turn | 300 sec total\n|\n|t:|1783540077\n|switch|p1a: Regidrago|Regidrago, L77|100/100\n|move|p2a: Volcanion|Flamethrower|p1a: Regidrago\n|-resisted|p1a: Regidrago\n|-damage|p1a: Regidrago|83/100\n|\n|upkeep\n|turn|13\n|inactive|Time left: 300 sec this turn | 300 sec total\n|\n|t:|1783540078\n|switch|p2a: Grimmsnarl|Grimmsnarl, L83, M|293/293\n|move|p1a: Regidrago|Outrage|p2a: Grimmsnarl\n|-immune|p2a: Grimmsnarl\n|\n|upkeep\n|turn|14\n|inactive|Time left: 300 sec this turn | 300 sec total\n|\n|t:|1783540079\n|move|p1a: Regidrago|Dragon Dance|p1a: Regidrago\n|-boost|p1a: Regidrago|atk|1\n|-boost|p1a: Regidrago|spe|1\n|move|p2a: Grimmsnarl|Spirit Break|p1a: Regidrago\n|-supereffective|p1a: Regidrago\n|-damage|p1a: Regidrago|15/100\n|-unboost|p1a: Regidrago|spa|1\n|\n|upkeep\n|turn|15\n|inactive|Time left: 300 sec this turn | 300 sec total\n|\n|t:|1783540080\n|move|p2a: Grimmsnarl|Light Screen|p2a: Grimmsnarl\n|-sidestart|p2: p0y076703e|move: Light Screen\n|move|p1a: Regidrago|Earthquake|p2a: Grimmsnarl\n|-damage|p2a: Grimmsnarl|184/293\n|\n|upkeep\n|turn|16\n|inactive|Time left: 300 sec this turn | 300 sec total\n|\n|t:|1783540081\n|move|p1a: Regidrago|Earthquake|p2a: Grimmsnarl\n|-damage|p2a: Grimmsnarl|65/293\n|move|p2a: Grimmsnarl|Spirit Break|p1a: Regidrago\n|-supereffective|p1a: Regidrago\n|-damage|p1a: Regidrago|0 fnt\n|faint|p1a: Regidrago\n|\n|upkeep\n|\n|t:|1783540082\n|switch|p1a: Glastrier|Glastrier, L86|100/100\n|turn|17\n|inactive|Time left: 300 sec this turn | 300 sec total\n|\n|t:|1783540083\n|move|p2a: Grimmsnarl|Reflect|p2a: Grimmsnarl\n|-sidestart|p2: p0y076703e|Reflect\n|move|p1a: Glastrier|Swords Dance|p1a: Glastrier\n|-boost|p1a: Glastrier|atk|2\n|\n|upkeep\n|turn|18\n|inactive|Time left: 300 sec this turn | 300 sec total\n|\n|t:|1783540084\n|switch|p2a: Volcanion|Volcanion, L79|255/255\n|move|p1a: Glastrier|Heavy Slam|p2a: Volcanion\n|-resisted|p2a: Volcanion\n|-damage|p2a: Volcanion|236/255\n|\n|upkeep\n|turn|19\n|inactive|Time left: 300 sec this turn | 300 sec total\n|\n|t:|1783540085\n|move|p2a: Volcanion|Flamethrower|p1a: Glastrier\n|-supereffective|p1a: Glastrier\n|-damage|p1a: Glastrier|42/100\n|move|p1a: Glastrier|Close Combat|p2a: Volcanion\n|-damage|p2a: Volcanion|135/255\n|-unboost|p1a: Glastrier|def|1\n|-unboost|p1a: Glastrier|spd|1\n|\n|upkeep\n|turn|20\n|inactive|Time left: 300 sec this turn | 300 sec total\n|\n|t:|1783540086\n|move|p2a: Volcanion|Steam Eruption|p1a: Glastrier\n|-damage|p1a: Glastrier|0 fnt\n|faint|p1a: Glastrier\n|\n|upkeep\n|\n|t:|1783540087\n|switch|p1a: Banette|Banette, L93, M|100/100\n|turn|21\n|inactive|Time left: 300 sec this turn | 300 sec total\n|\n|t:|1783540088\n|move|p1a: Banette|Swords Dance|p1a: Banette\n|-boost|p1a: Banette|atk|2\n|move|p2a: Volcanion|Steam Eruption|p1a: Banette\n|-damage|p1a: Banette|44/100\n|-status|p1a: Banette|brn\n|\n|-damage|p1a: Banette|38/100 brn|[from] brn\n|upkeep\n|turn|22\n|inactive|Time left: 300 sec this turn | 300 sec total\n|\n|t:|1783540089\n|move|p1a: Banette|Poltergeist|p2a: Volcanion\n|-activate|p2a: Volcanion|move: Poltergeist|Assault Vest\n|-damage|p2a: Volcanion|45/255\n|-damage|p1a: Banette|28/100 brn|[from] item: Life Orb\n|move|p2a: Volcanion|Flame Charge|p1a: Banette\n|-damage|p1a: Banette|6/100 brn\n|-boost|p2a: Volcanion|spe|1\n|\n|-damage|p1a: Banette|0 fnt|[from] brn\n|faint|p1a: Banette\n|-sideend|p2: p0y076703e|move: Light Screen\n|upkeep\n|\n|t:|1783540090\n|switch|p1a: Zamazenta|Zamazenta-Crowned, L68|100/100\n|turn|23\n|inactive|Time left: 300 sec this turn | 300 sec total\n|\n|t:|1783540091\n|move|p2a: Volcanion|Steam Eruption|p1a: Zamazenta\n|-damage|p1a: Zamazenta|57/100\n|-status|p1a: Zamazenta|brn\n|move|p1a: Zamazenta|Stone Edge|p2a: Volcanion\n|-supereffective|p2a: Volcanion\n|-damage|p2a: Volcanion|21/255\n|\n|-damage|p1a: Zamazenta|51/100 brn|[from] brn\n|upkeep\n|turn|24\n|inactive|Time left: 300 sec this turn | 300 sec total\n|\n|t:|1783540092\n|move|p2a: Volcanion|Flamethrower|p1a: Zamazenta\n|-supereffective|p1a: Zamazenta\n|-damage|p1a: Zamazenta|0 fnt\n|faint|p1a: Zamazenta\n|\n|-sideend|p2: p0y076703e|Reflect\n|upkeep\n|\n|t:|1783540092\n|switch|p1a: Charizard|Charizard, L85, M|100/100\n|turn|25\n|inactive|Time left: 300 sec this turn | 300 sec total\n|\n|t:|1783540093\n|move|p2a: Volcanion|Steam Eruption|p1a: Charizard\n|-supereffective|p1a: Charizard\n|-damage|p1a: Charizard|10/100\n|move|p1a: Charizard|Flamethrower|p2a: Volcanion\n|-resisted|p2a: Volcanion\n|-damage|p2a: Volcanion|0 fnt\n|faint|p2a: Volcanion\n|\n|upkeep\n|inactive|Time left: 300 sec this turn | 300 sec total | 5 sec grace\n|\n|t:|1783540095\n|switch|p2a: Stantler|Stantler, L92, F|284/284\n|-ability|p2a: Stantler|Intimidate|boost\n|-unboost|p1a: Charizard|atk|1\n|turn|26\n|inactive|Time left: 300 sec this turn | 300 sec total\n|\n|t:|1783540095\n|-terastallize|p2a: Stantler|Fairy\n|move|p1a: Charizard|Hurricane|p2a: Stantler\n|-damage|p2a: Stantler|182/284\n|move|p2a: Stantler|Body Slam|p1a: Charizard\n|-damage|p1a: Charizard|0 fnt\n|faint|p1a: Charizard\n|\n|win|p0y076703e", "uploadtime": 1783540095, "views": 0, "rating": 0, "private": 0, "password": null, "_winner": "p0y076703e", "_our_name": "p0y076703e"}