{"id": "battle-gen9randombattle-166", "formatid": "gen9randombattle", "format": "[Gen 9] Random Battle", "players": ["p0x1663192", "p0y1667d27"], "log": "|init|battle\n|title|p0x1663192 vs. p0y1667d27\n|j|\u2606p0x1663192\n|j|\u2606p0y1667d27\n|t:|1783541511\n|gametype|singles\n|player|p1|p0x1663192|101|\n|player|p2|p0y1667d27|101|\n|gen|9\n|tier|[Gen 9] Random Battle\n|rule|Species Clause: Limit one of each Pok\u00e9mon\n|rule|HP Percentage Mod: HP is shown in percentages\n|rule|Sleep Clause Mod: Limit one foe put to sleep\n|rule|Illusion Level Mod: Illusion disguises the Pok\u00e9mon's true level\n|\n|t:|1783541511\n|teamsize|p1|6\n|teamsize|p2|6\n|start\n|switch|p1a: Zekrom|Zekrom, L71|259/259\n|switch|p2a: Registeel|Registeel, L81|100/100\n|-ability|p1a: Zekrom|Teravolt\n|turn|1\n|inactive|Battle timer is ON: inactive players will automatically lose when time's up. (requested by p0y1667d27)\n|inactive|Time left: 300 sec this turn | 300 sec total | 60 sec grace\n|inactive|p0x1663192 also wants the timer to be on.\n|\n|t:|1783541513\n|move|p1a: Zekrom|Dragon Dance|p1a: Zekrom\n|-boost|p1a: Zekrom|atk|1\n|-boost|p1a: Zekrom|spe|1\n|move|p2a: Registeel|Iron Defense|p2a: Registeel\n|-boost|p2a: Registeel|def|2\n|\n|upkeep\n|turn|2\n|inactive|Time left: 300 sec this turn | 300 sec total\n|\n|t:|1783541513\n|move|p1a: Zekrom|Substitute|p1a: Zekrom\n|-start|p1a: Zekrom|Substitute\n|-damage|p1a: Zekrom|195/259\n|move|p2a: Registeel|Body Press|p1a: Zekrom\n|-end|p1a: Zekrom|Substitute\n|\n|-heal|p1a: Zekrom|211/259|[from] item: Leftovers\n|upkeep\n|turn|3\n|inactive|Time left: 300 sec this turn | 300 sec total\n|\n|t:|1783541514\n|move|p1a: Zekrom|Substitute|p1a: Zekrom\n|-start|p1a: Zekrom|Substitute\n|-damage|p1a: Zekrom|147/259\n|move|p2a: Registeel|Body Press|p1a: Zekrom\n|-end|p1a: Zekrom|Substitute\n|\n|-heal|p1a: Zekrom|163/259|[from] item: Leftovers\n|upkeep\n|turn|4\n|inactive|Time left: 300 sec this turn | 300 sec total\n|\n|t:|1783541515\n|move|p1a: Zekrom|Substitute|p1a: Zekrom\n|-start|p1a: Zekrom|Substitute\n|-damage|p1a: Zekrom|99/259\n|move|p2a: Registeel|Body Press|p1a: Zekrom\n|-end|p1a: Zekrom|Substitute\n|\n|-heal|p1a: Zekrom|115/259|[from] item: Leftovers\n|upkeep\n|turn|5\n|inactive|Time left: 300 sec this turn | 300 sec total\n|\n|t:|1783541516\n|move|p1a: Zekrom|Substitute|p1a: Zekrom\n|-start|p1a: Zekrom|Substitute\n|-damage|p1a: Zekrom|51/259\n|move|p2a: Registeel|Body Press|p1a: Zekrom\n|-end|p1a: Zekrom|Substitute\n|\n|-heal|p1a: Zekrom|67/259|[from] item: Leftovers\n|upkeep\n|turn|6\n|inactive|Time left: 300 sec this turn | 300 sec total\n|\n|t:|1783541517\n|switch|p1a: Misdreavus|Misdreavus, L90, F|254/254\n|move|p2a: Registeel|Body Press|p1a: Misdreavus\n|-immune|p1a: Misdreavus\n|\n|upkeep\n|turn|7\n|inactive|Time left: 300 sec this turn | 300 sec total\n|\n|t:|1783541518\n|move|p1a: Misdreavus|Will-O-Wisp|p2a: Registeel\n|-status|p2a: Registeel|brn\n|move|p2a: Registeel|Thunder Wave|p1a: Misdreavus\n|-status|p1a: Misdreavus|par\n|\n|-damage|p2a: Registeel|94/100 brn|[from] brn\n|upkeep\n|turn|8\n|inactive|Time left: 300 sec this turn | 300 sec total\n|\n|t:|1783541519\n|move|p2a: Registeel|Thunder Wave|p1a: Misdreavus\n|-fail|p1a: Misdreavus|par\n|move|p1a: Misdreavus|Calm Mind|p1a: Misdreavus\n|-boost|p1a: Misdreavus|spa|1\n|-boost|p1a: Misdreavus|spd|1\n|\n|-heal|p2a: Registeel|100/100 brn|[from] item: Leftovers\n|-damage|p2a: Registeel|94/100 brn|[from] brn\n|upkeep\n|turn|9\n|inactive|Time left: 300 sec this turn | 300 sec total\n|\n|t:|1783541520\n|move|p2a: Registeel|Iron Head|p1a: Misdreavus\n|-damage|p1a: Misdreavus|227/254 par\n|cant|p1a: Misdreavus|flinch\n|\n|-heal|p2a: Registeel|100/100 brn|[from] item: Leftovers\n|-damage|p2a: Registeel|94/100 brn|[from] brn\n|upkeep\n|turn|10\n|inactive|Time left: 300 sec this turn | 300 sec total\n|\n|t:|1783541521\n|move|p2a: Registeel|Iron Defense|p2a: Registeel\n|-boost|p2a: Registeel|def|2\n|move|p1a: Misdreavus|Calm Mind|p1a: Misdreavus\n|-boost|p1a: Misdreavus|spa|1\n|-boost|p1a: Misdreavus|spd|1\n|\n|-heal|p2a: Registeel|100/100 brn|[from] item: Leftovers\n|-damage|p2a: Registeel|94/100 brn|[from] brn\n|upkeep\n|turn|11\n|inactive|Time left: 300 sec this turn | 300 sec total\n|\n|t:|1783541522\n|move|p2a: Registeel|Iron Head|p1a: Misdreavus\n|-damage|p1a: Misdreavus|200/254 par\n|move|p1a: Misdreavus|Shadow Ball|p2a: Registeel\n|-damage|p2a: Registeel|45/100 brn\n|\n|-heal|p2a: Registeel|51/100 brn|[from] item: Leftovers\n|-damage|p2a: Registeel|45/100 brn|[from] brn\n|upkeep\n|turn|12\n|inactive|Time left: 300 sec this turn | 300 sec total\n|\n|t:|1783541523\n|move|p2a: Registeel|Iron Head|p1a: Misdreavus\n|-damage|p1a: Misdreavus|172/254 par\n|cant|p1a: Misdreavus|par\n|\n|-heal|p2a: Registeel|51/100 brn|[from] item: Leftovers\n|-damage|p2a: Registeel|45/100 brn|[from] brn\n|upkeep\n|turn|13\n|inactive|Time left: 300 sec this turn | 300 sec total\n|\n|t:|1783541524\n|move|p2a: Registeel|Iron Head|p1a: Misdreavus\n|-damage|p1a: Misdreavus|145/254 par\n|move|p1a: Misdreavus|Shadow Ball|p2a: Registeel\n|-damage|p2a: Registeel|0 fnt\n|faint|p2a: Registeel\n|\n|upkeep\n|\n|t:|1783541525\n|switch|p2a: Muk|Muk, L86, F|100/100\n|turn|14\n|inactive|Time left: 300 sec this turn | 300 sec total\n|\n|t:|1783541526\n|-terastallize|p2a: Muk|Dark\n|move|p2a: Muk|Knock Off|p1a: Misdreavus\n|-supereffective|p1a: Misdreavus\n|-damage|p1a: Misdreavus|0 fnt\n|-enditem|p1a: Misdreavus|Eviolite|[from] move: Knock Off|[of] p2a: Muk\n|faint|p1a: Misdreavus\n|\n|upkeep\n|inactive|Time left: 300 sec this turn | 300 sec total | 5 sec grace\n|\n|t:|1783541527\n|switch|p1a: Qwilfish|Qwilfish-Hisui, L83, F|244/244\n|-ability|p1a: Qwilfish|Intimidate|boost\n|-unboost|p2a: Muk|atk|1\n|turn|15\n|inactive|Time left: 300 sec this turn | 300 sec total\n|\n|t:|1783541528\n|move|p1a: Qwilfish|Gunk Shot|p2a: Muk\n|-damage|p2a: Muk|58/100\n|move|p2a: Muk|Knock Off|p1a: Qwilfish\n|-resisted|p1a: Qwilfish\n|-damage|p1a: Qwilfish|220/244\n|-enditem|p1a: Qwilfish|Eviolite|[from] move: Knock Off|[of] p2a: Muk\n|\n|-heal|p2a: Muk|64/100|[from] item: Leftovers\n|upkeep\n|turn|16\n|inactive|Time left: 300 sec this turn | 300 sec total\n|\n|t:|1783541529\n|move|p1a: Qwilfish|Gunk Shot|p2a: Muk\n|-damage|p2a: Muk|20/100\n|move|p2a: Muk|Knock Off|p1a: Qwilfish\n|-resisted|p1a: Qwilfish\n|-damage|p1a: Qwilfish|193/244\n|\n|-heal|p2a: Muk|26/100|[from] item: Leftovers\n|upkeep\n|turn|17\n|inactive|Time left: 300 sec this turn | 300 sec total\n|\n|t:|1783541530\n|switch|p2a: Excadrill|Excadrill, L79, F|100/100\n|-ability|p2a: Excadrill|Mold Breaker\n|move|p1a: Qwilfish|Gunk Shot|p2a: Excadrill\n|-immune|p2a: Excadrill\n|\n|upkeep\n|turn|18\n|inactive|Time left: 300 sec this turn | 300 sec total\n|\n|t:|1783541532\n|switch|p1a: Ursaluna|Ursaluna-Bloodmoon, L79, M|308/308\n|move|p2a: Excadrill|Earthquake|p1a: Ursaluna\n|-damage|p1a: Ursaluna|205/308\n|\n|-heal|p1a: Ursaluna|224/308|[from] item: Leftovers\n|upkeep\n|turn|19\n|inactive|Time left: 300 sec this turn | 300 sec total\n|\n|t:|1783541533\n|move|p2a: Excadrill|Iron Head|p1a: Ursaluna\n|-damage|p1a: Ursaluna|139/308\n|cant|p1a: Ursaluna|flinch\n|\n|-heal|p1a: Ursaluna|158/308|[from] item: Leftovers\n|upkeep\n|turn|20\n|inactive|Time left: 300 sec this turn | 300 sec total\n|\n|t:|1783541534\n|move|p2a: Excadrill|Earthquake|p1a: Ursaluna\n|-damage|p1a: Ursaluna|55/308\n|move|p1a: Ursaluna|Moonlight|p1a: Ursaluna\n|-heal|p1a: Ursaluna|209/308\n|\n|-heal|p1a: Ursaluna|228/308|[from] item: Leftovers\n|upkeep\n|turn|21\n|inactive|Time left: 300 sec this turn | 300 sec total\n|\n|t:|1783541535\n|move|p2a: Excadrill|Earthquake|p1a: Ursaluna\n|-damage|p1a: Ursaluna|117/308\n|move|p1a: Ursaluna|Calm Mind|p1a: Ursaluna\n|-boost|p1a: Ursaluna|spa|1\n|-boost|p1a: Ursaluna|spd|1\n|\n|-heal|p1a: Ursaluna|136/308|[from] item: Leftovers\n|upkeep\n|turn|22\n|inactive|Time left: 300 sec this turn | 300 sec total\n|\n|t:|1783541536\n|move|p2a: Excadrill|Iron Head|p1a: Ursaluna\n|-damage|p1a: Ursaluna|46/308\n|cant|p1a: Ursaluna|flinch\n|\n|-heal|p1a: Ursaluna|65/308|[from] item: Leftovers\n|upkeep\n|turn|23\n|inactive|Time left: 300 sec this turn | 300 sec total\n|\n|t:|1783541538\n|move|p1a: Ursaluna|Vacuum Wave|p2a: Excadrill\n|-supereffective|p2a: Excadrill\n|-damage|p2a: Excadrill|69/100\n|move|p2a: Excadrill|Earthquake|p1a: Ursaluna\n|-damage|p1a: Ursaluna|0 fnt\n|faint|p1a: Ursaluna\n|\n|upkeep\n|inactive|Time left: 300 sec this turn | 300 sec total | 5 sec grace\n|\n|t:|1783541539\n|switch|p1a: Mienshao|Mienshao, L83, F|244/244\n|turn|24\n|inactive|Time left: 300 sec this turn | 300 sec total\n|\n|t:|1783541540\n|switch|p2a: Annihilape|Annihilape, L76, F|100/100\n|move|p1a: Mienshao|Close Combat|p2a: Annihilape\n|-immune|p2a: Annihilape\n|\n|upkeep\n|turn|25\n|inactive|Time left: 300 sec this turn | 300 sec total\n|\n|t:|1783541541\n|move|p1a: Mienshao|Knock Off|p2a: Annihilape\n|-damage|p2a: Annihilape|69/100\n|-enditem|p2a: Annihilape|Chesto Berry|[from] move: Knock Off|[of] p1a: Mienshao\n|move|p2a: Annihilape|Drain Punch|p1a: Mienshao\n|-damage|p1a: Mienshao|151/244\n|-heal|p2a: Annihilape|85/100|[from] drain|[of] p1a: Mienshao\n|\n|upkeep\n|turn|26\n|inactive|Time left: 300 sec this turn | 300 sec total\n|\n|t:|1783541542\n|switch|p1a: Mew|Mew, L82|298/298\n|move|p2a: Annihilape|Drain Punch|p1a: Mew\n|-resisted|p1a: Mew\n|-damage|p1a: Mew|260/298\n|-heal|p2a: Annihilape|92/100|[from] drain|[of] p1a: Mew\n|\n|-heal|p1a: Mew|278/298|[from] item: Leftovers\n|upkeep\n|turn|27\n|inactive|Time left: 300 sec this turn | 300 sec total\n|\n|t:|1783541544\n|move|p1a: Mew|Psychic|p2a: Annihilape\n|-supereffective|p2a: Annihilape\n|-damage|p2a: Annihilape|22/100\n|move|p2a: Annihilape|Bulk Up|p2a: Annihilape\n|-boost|p2a: Annihilape|atk|1\n|-boost|p2a: Annihilape|def|1\n|\n|-heal|p1a: Mew|296/298|[from] item: Leftovers\n|upkeep\n|turn|28\n|inactive|Time left: 300 sec this turn | 300 sec total\n|\n|t:|1783541545\n|switch|p2a: Muk|Muk, L86, F, tera:Dark|26/100\n|move|p1a: Mew|Psychic|p2a: Muk\n|-immune|p2a: Muk\n|\n|-heal|p1a: Mew|298/298|[from] item: Leftovers\n|-heal|p2a: Muk|32/100|[from] item: Leftovers\n|upkeep\n|turn|29\n|inactive|Time left: 300 sec this turn | 300 sec total\n|\n|t:|1783541546\n|switch|p1a: Qwilfish|Qwilfish-Hisui, L83, F|193/244\n|-ability|p1a: Qwilfish|Intimidate|boost\n|-unboost|p2a: Muk|atk|1\n|move|p2a: Muk|Knock Off|p1a: Qwilfish\n|-resisted|p1a: Qwilfish\n|-crit|p1a: Qwilfish\n|-damage|p1a: Qwilfish|133/244\n|\n|-heal|p2a: Muk|38/100|[from] item: Leftovers\n|upkeep\n|turn|30\n|inactive|Time left: 300 sec this turn | 300 sec total\n|\n|t:|1783541547\n|switch|p2a: Greedent|Greedent, L86, M|100/100\n|move|p1a: Qwilfish|Crunch|p2a: Greedent\n|-crit|p2a: Greedent\n|-damage|p2a: Greedent|67/100\n|-unboost|p2a: Greedent|def|1\n|\n|upkeep\n|turn|31\n|inactive|Time left: 300 sec this turn | 300 sec total\n|\n|t:|1783541548\n|move|p1a: Qwilfish|Gunk Shot|p2a: Greedent|[miss]\n|-miss|p1a: Qwilfish|p2a: Greedent\n|move|p2a: Greedent|Earthquake|p1a: Qwilfish\n|-supereffective|p1a: Qwilfish\n|-damage|p1a: Qwilfish|0 fnt\n|faint|p1a: Qwilfish\n|\n|upkeep\n|inactive|Time left: 300 sec this turn | 300 sec total | 5 sec grace\n|\n|t:|1783541549\n|switch|p1a: Mienshao|Mienshao, L83, F|232/244\n|turn|32\n|inactive|Time left: 300 sec this turn | 300 sec total\n|\n|t:|1783541550\n|switch|p2a: Leafeon|Leafeon, L88, F|100/100\n|move|p1a: Mienshao|Close Combat|p2a: Leafeon\n|-damage|p2a: Leafeon|59/100\n|-unboost|p1a: Mienshao|def|1\n|-unboost|p1a: Mienshao|spd|1\n|\n|upkeep\n|turn|33\n|inactive|Time left: 300 sec this turn | 300 sec total\n|\n|t:|1783541551\n|move|p1a: Mienshao|U-turn|p2a: Leafeon\n|-supereffective|p2a: Leafeon\n|-damage|p2a: Leafeon|25/100\n|inactive|Time left: 300 sec this turn | 300 sec total | 5 sec grace\n|\n|t:|1783541552\n|switch|p1a: Zekrom|Zekrom, L71|67/259|[from] U-turn\n|-ability|p1a: Zekrom|Teravolt\n|move|p2a: Leafeon|Leaf Blade|p1a: Zekrom\n|-resisted|p1a: Zekrom\n|-damage|p1a: Zekrom|0 fnt\n|faint|p1a: Zekrom\n|-damage|p2a: Leafeon|15/100|[from] item: Life Orb\n|\n|upkeep\n|inactive|Time left: 300 sec this turn | 300 sec total | 10 sec grace\n|\n|t:|1783541553\n|switch|p1a: Mienshao|Mienshao, L83, F|244/244\n|turn|34\n|inactive|Time left: 300 sec this turn | 300 sec total\n|\n|t:|1783541554\n|switch|p2a: Annihilape|Annihilape, L76, F|22/100\n|move|p1a: Mienshao|Knock Off|p2a: Annihilape\n|-damage|p2a: Annihilape|0 fnt\n|faint|p2a: Annihilape\n|\n|upkeep\n|\n|t:|1783541555\n|switch|p2a: Leafeon|Leafeon, L88, F|15/100\n|turn|35\n|inactive|Time left: 300 sec this turn | 300 sec total\n|\n|t:|1783541556\n|switch|p2a: Greedent|Greedent, L86, M|67/100\n|move|p1a: Mienshao|Knock Off|p2a: Greedent\n|-damage|p2a: Greedent|43/100\n|-enditem|p2a: Greedent|Sitrus Berry|[from] move: Knock Off|[of] p1a: Mienshao\n|\n|upkeep\n|turn|36\n|inactive|Time left: 300 sec this turn | 300 sec total\n|\n|t:|1783541557\n|switch|p2a: Leafeon|Leafeon, L88, F|15/100\n|move|p1a: Mienshao|Close Combat|p2a: Leafeon\n|-crit|p2a: Leafeon\n|-damage|p2a: Leafeon|0 fnt\n|-unboost|p1a: Mienshao|def|1\n|-unboost|p1a: Mienshao|spd|1\n|faint|p2a: Leafeon\n|\n|upkeep\n|\n|t:|1783541558\n|switch|p2a: Muk|Muk, L86, F, tera:Dark|38/100\n|turn|37\n|inactive|Time left: 300 sec this turn | 300 sec total\n|\n|t:|1783541559\n|move|p1a: Mienshao|Close Combat|p2a: Muk\n|-supereffective|p2a: Muk\n|-damage|p2a: Muk|0 fnt\n|-unboost|p1a: Mienshao|def|1\n|-unboost|p1a: Mienshao|spd|1\n|faint|p2a: Muk\n|\n|upkeep\n|\n|t:|1783541560\n|switch|p2a: Greedent|Greedent, L86, M|43/100\n|turn|38\n|inactive|Time left: 300 sec this turn | 300 sec total\n|\n|t:|1783541561\n|switch|p2a: Excadrill|Excadrill, L79, F|69/100\n|-ability|p2a: Excadrill|Mold Breaker\n|-terastallize|p1a: Mienshao|Steel\n|move|p1a: Mienshao|Close Combat|p2a: Excadrill\n|-supereffective|p2a: Excadrill\n|-damage|p2a: Excadrill|0 fnt\n|-unboost|p1a: Mienshao|def|1\n|-unboost|p1a: Mienshao|spd|1\n|faint|p2a: Excadrill\n|\n|upkeep\n|\n|t:|1783541562\n|switch|p2a: Greedent|Greedent, L86, M|43/100\n|turn|39\n|inactive|Time left: 300 sec this turn | 300 sec total\n|\n|t:|1783541563\n|move|p1a: Mienshao|Close Combat|p2a: Greedent\n|-supereffective|p2a: Greedent\n|-damage|p2a: Greedent|0 fnt\n|-unboost|p1a: Mienshao|def|1\n|-unboost|p1a: Mienshao|spd|1\n|faint|p2a: Greedent\n|\n|win|p0x1663192", "uploadtime": 1783541563, "views": 0, "rating": 0, "private": 0, "password": null, "_winner": "p0x1663192", "_our_name": "p0x1663192"}