{"id": "battle-gen9randombattle-1391", "formatid": "gen9randombattle", "format": "[Gen 9] Random Battle", "players": ["p0x13911704", "p0y13915d56"], "log": "|init|battle\n|title|p0x13911704 vs. p0y13915d56\n|j|\u2606p0x13911704\n|j|\u2606p0y13915d56\n|t:|1783556164\n|gametype|singles\n|player|p1|p0x13911704|170|\n|player|p2|p0y13915d56|169|\n|gen|9\n|tier|[Gen 9] Random Battle\n|rule|Species Clause: Limit one of each Pok\u00e9mon\n|rule|HP Percentage Mod: HP is shown in percentages\n|rule|Sleep Clause Mod: Limit one foe put to sleep\n|rule|Illusion Level Mod: Illusion disguises the Pok\u00e9mon's true level\n|\n|t:|1783556164\n|teamsize|p1|6\n|teamsize|p2|6\n|start\n|switch|p1a: Chien-Pao|Chien-Pao, L72|100/100\n|switch|p2a: Slowking|Slowking-Galar, L85, F|300/300\n|-ability|p1a: Chien-Pao|Sword of Ruin\n|turn|1\n|inactive|Battle timer is ON: inactive players will automatically lose when time's up. (requested by p0x13911704)\n|inactive|Time left: 300 sec this turn | 300 sec total | 60 sec grace\n|inactive|p0y13915d56 also wants the timer to be on.\n|\n|t:|1783556166\n|move|p1a: Chien-Pao|Throat Chop|p2a: Slowking\n|-supereffective|p2a: Slowking\n|-damage|p2a: Slowking|0 fnt\n|faint|p2a: Slowking\n|\n|upkeep\n|inactive|Time left: 300 sec this turn | 300 sec total | 65 sec grace\n|\n|t:|1783556167\n|switch|p2a: Armarouge|Armarouge, L80, F|267/267\n|turn|2\n|inactive|Time left: 300 sec this turn | 300 sec total\n|\n|t:|1783556168\n|move|p1a: Chien-Pao|Throat Chop|p2a: Armarouge\n|-supereffective|p2a: Armarouge\n|-damage|p2a: Armarouge|0 fnt\n|faint|p2a: Armarouge\n|\n|upkeep\n|inactive|Time left: 300 sec this turn | 300 sec total | 5 sec grace\n|\n|t:|1783556170\n|switch|p2a: Manaphy|Manaphy, L78|284/284\n|turn|3\n|inactive|Time left: 300 sec this turn | 300 sec total\n|\n|t:|1783556171\n|move|p1a: Chien-Pao|Throat Chop|p2a: Manaphy\n|-damage|p2a: Manaphy|145/284\n|-start|p2a: Manaphy|Throat Chop|[silent]\n|move|p2a: Manaphy|Tail Glow|p2a: Manaphy\n|-boost|p2a: Manaphy|spa|3\n|\n|-heal|p2a: Manaphy|162/284|[from] item: Leftovers\n|upkeep\n|turn|4\n|inactive|Time left: 300 sec this turn | 300 sec total\n|\n|t:|1783556172\n|move|p1a: Chien-Pao|Throat Chop|p2a: Manaphy\n|-damage|p2a: Manaphy|24/284\n|move|p2a: Manaphy|Surf|p1a: Chien-Pao\n|-damage|p1a: Chien-Pao|0 fnt\n|faint|p1a: Chien-Pao\n|\n|-heal|p2a: Manaphy|41/284|[from] item: Leftovers\n|-end|p2a: Manaphy|Throat Chop|[silent]\n|upkeep\n|\n|t:|1783556173\n|switch|p1a: Iron Boulder|Iron Boulder, L77|100/100\n|turn|5\n|inactive|Time left: 300 sec this turn | 300 sec total\n|\n|t:|1783556174\n|move|p1a: Iron Boulder|Mighty Cleave|p2a: Manaphy\n|-damage|p2a: Manaphy|0 fnt\n|faint|p2a: Manaphy\n|-damage|p1a: Iron Boulder|91/100|[from] item: Life Orb\n|\n|upkeep\n|inactive|Time left: 300 sec this turn | 300 sec total | 5 sec grace\n|\n|t:|1783556175\n|switch|p2a: Raging Bolt|Raging Bolt, L78|323/323\n|turn|6\n|inactive|Time left: 300 sec this turn | 300 sec total\n|\n|t:|1783556176\n|move|p1a: Iron Boulder|Swords Dance|p1a: Iron Boulder\n|-boost|p1a: Iron Boulder|atk|2\n|move|p2a: Raging Bolt|Calm Mind|p2a: Raging Bolt\n|-boost|p2a: Raging Bolt|spa|1\n|-boost|p2a: Raging Bolt|spd|1\n|\n|upkeep\n|turn|7\n|inactive|Time left: 300 sec this turn | 300 sec total\n|\n|t:|1783556177\n|-terastallize|p1a: Iron Boulder|Fighting\n|move|p2a: Raging Bolt|Thunderclap|p1a: Iron Boulder\n|-damage|p1a: Iron Boulder|45/100\n|move|p1a: Iron Boulder|Close Combat|p2a: Raging Bolt\n|-damage|p2a: Raging Bolt|0 fnt\n|-unboost|p1a: Iron Boulder|def|1\n|-unboost|p1a: Iron Boulder|spd|1\n|faint|p2a: Raging Bolt\n|-end|p2a: Raging Bolt|Protosynthesis|[silent]\n|-damage|p1a: Iron Boulder|36/100|[from] item: Life Orb\n|\n|upkeep\n|inactive|Time left: 300 sec this turn | 300 sec total | 5 sec grace\n|\n|t:|1783556178\n|switch|p2a: Arceus|Arceus-Water, L71|288/288\n|turn|8\n|inactive|Time left: 300 sec this turn | 300 sec total\n|\n|t:|1783556179\n|switch|p2a: Scyther|Scyther, L82, F|249/249\n|move|p1a: Iron Boulder|Close Combat|p2a: Scyther\n|-resisted|p2a: Scyther\n|-damage|p2a: Scyther|159/249\n|-unboost|p1a: Iron Boulder|def|1\n|-unboost|p1a: Iron Boulder|spd|1\n|-damage|p1a: Iron Boulder|26/100|[from] item: Life Orb\n|\n|upkeep\n|turn|9\n|inactive|Time left: 300 sec this turn | 300 sec total\n|\n|t:|1783556181\n|move|p1a: Iron Boulder|Zen Headbutt|p2a: Scyther|[miss]\n|-miss|p1a: Iron Boulder|p2a: Scyther\n|move|p2a: Scyther|Bug Bite|p1a: Iron Boulder\n|-resisted|p1a: Iron Boulder\n|-damage|p1a: Iron Boulder|0 fnt\n|faint|p1a: Iron Boulder\n|-end|p1a: Iron Boulder|Quark Drive|[silent]\n|\n|upkeep\n|\n|t:|1783556182\n|switch|p1a: Politoed|Politoed, L88, M|100/100\n|-weather|RainDance|[from] ability: Drizzle|[of] p1a: Politoed\n|turn|10\n|inactive|Time left: 300 sec this turn | 300 sec total\n|\n|t:|1783556183\n|switch|p2a: Arceus|Arceus-Water, L71|288/288\n|move|p1a: Politoed|Surf|p2a: Arceus\n|-resisted|p2a: Arceus\n|-damage|p2a: Arceus|220/288\n|\n|-weather|RainDance|[upkeep]\n|upkeep\n|turn|11\n|inactive|Time left: 300 sec this turn | 300 sec total\n|\n|t:|1783556184\n|switch|p1a: Gastrodon|Gastrodon-East, L86, F|100/100\n|move|p2a: Arceus|Calm Mind|p2a: Arceus\n|-boost|p2a: Arceus|spa|1\n|-boost|p2a: Arceus|spd|1\n|\n|-weather|RainDance|[upkeep]\n|upkeep\n|turn|12\n|inactive|Time left: 300 sec this turn | 300 sec total\n|\n|t:|1783556185\n|move|p2a: Arceus|Calm Mind|p2a: Arceus\n|-boost|p2a: Arceus|spa|1\n|-boost|p2a: Arceus|spd|1\n|move|p1a: Gastrodon|Earthquake|p2a: Arceus\n|-damage|p2a: Arceus|124/288\n|\n|-weather|RainDance|[upkeep]\n|upkeep\n|turn|13\n|inactive|Time left: 300 sec this turn | 300 sec total\n|\n|t:|1783556186\n|move|p2a: Arceus|Recover|p2a: Arceus\n|-heal|p2a: Arceus|268/288\n|move|p1a: Gastrodon|Earthquake|p2a: Arceus\n|-damage|p2a: Arceus|175/288\n|\n|-weather|RainDance|[upkeep]\n|upkeep\n|turn|14\n|inactive|Time left: 300 sec this turn | 300 sec total\n|\n|t:|1783556187\n|move|p2a: Arceus|Recover|p2a: Arceus\n|-heal|p2a: Arceus|288/288\n|move|p1a: Gastrodon|Earthquake|p2a: Arceus\n|-damage|p2a: Arceus|201/288\n|\n|-weather|none\n|upkeep\n|turn|15\n|inactive|Time left: 300 sec this turn | 300 sec total\n|\n|t:|1783556188\n|move|p2a: Arceus|Calm Mind|p2a: Arceus\n|-boost|p2a: Arceus|spa|1\n|-boost|p2a: Arceus|spd|1\n|move|p1a: Gastrodon|Earthquake|p2a: Arceus\n|-damage|p2a: Arceus|111/288\n|\n|upkeep\n|turn|16\n|inactive|Time left: 300 sec this turn | 300 sec total\n|\n|t:|1783556189\n|move|p2a: Arceus|Recover|p2a: Arceus\n|-heal|p2a: Arceus|255/288\n|move|p1a: Gastrodon|Earthquake|p2a: Arceus\n|-damage|p2a: Arceus|168/288\n|\n|upkeep\n|turn|17\n|inactive|Time left: 300 sec this turn | 300 sec total\n|\n|t:|1783556190\n|move|p2a: Arceus|Recover|p2a: Arceus\n|-heal|p2a: Arceus|288/288\n|move|p1a: Gastrodon|Earthquake|p2a: Arceus\n|-damage|p2a: Arceus|195/288\n|\n|upkeep\n|turn|18\n|inactive|Time left: 300 sec this turn | 300 sec total\n|\n|t:|1783556191\n|move|p2a: Arceus|Recover|p2a: Arceus\n|-heal|p2a: Arceus|288/288\n|move|p1a: Gastrodon|Earthquake|p2a: Arceus\n|-damage|p2a: Arceus|192/288\n|\n|upkeep\n|turn|19\n|inactive|Time left: 300 sec this turn | 300 sec total\n|\n|t:|1783556192\n|move|p2a: Arceus|Ice Beam|p1a: Gastrodon\n|-damage|p1a: Gastrodon|61/100\n|move|p1a: Gastrodon|Earthquake|p2a: Arceus\n|-damage|p2a: Arceus|102/288\n|\n|-heal|p1a: Gastrodon|67/100|[from] item: Leftovers\n|upkeep\n|turn|20\n|inactive|Time left: 300 sec this turn | 300 sec total\n|\n|t:|1783556193\n|move|p2a: Arceus|Ice Beam|p1a: Gastrodon\n|-damage|p1a: Gastrodon|21/100\n|move|p1a: Gastrodon|Recover|p1a: Gastrodon\n|-heal|p1a: Gastrodon|71/100\n|\n|-heal|p1a: Gastrodon|78/100|[from] item: Leftovers\n|upkeep\n|turn|21\n|inactive|Time left: 300 sec this turn | 300 sec total\n|\n|t:|1783556194\n|move|p2a: Arceus|Ice Beam|p1a: Gastrodon\n|-damage|p1a: Gastrodon|36/100\n|move|p1a: Gastrodon|Earthquake|p2a: Arceus\n|-damage|p2a: Arceus|9/288\n|\n|-heal|p1a: Gastrodon|42/100|[from] item: Leftovers\n|upkeep\n|turn|22\n|inactive|Time left: 300 sec this turn | 300 sec total\n|\n|t:|1783556195\n|move|p2a: Arceus|Recover|p2a: Arceus\n|-heal|p2a: Arceus|153/288\n|move|p1a: Gastrodon|Earthquake|p2a: Arceus\n|-damage|p2a: Arceus|66/288\n|\n|-heal|p1a: Gastrodon|48/100|[from] item: Leftovers\n|upkeep\n|turn|23\n|inactive|Time left: 300 sec this turn | 300 sec total\n|\n|t:|1783556196\n|move|p2a: Arceus|Recover|p2a: Arceus\n|-heal|p2a: Arceus|210/288\n|move|p1a: Gastrodon|Earthquake|p2a: Arceus\n|-damage|p2a: Arceus|114/288\n|\n|-heal|p1a: Gastrodon|54/100|[from] item: Leftovers\n|upkeep\n|turn|24\n|inactive|Time left: 300 sec this turn | 300 sec total\n|\n|t:|1783556197\n|move|p2a: Arceus|Ice Beam|p1a: Gastrodon\n|-crit|p1a: Gastrodon\n|-damage|p1a: Gastrodon|0 fnt\n|faint|p1a: Gastrodon\n|\n|upkeep\n|\n|t:|1783556198\n|switch|p1a: Vespiquen|Vespiquen, L99, F|100/100\n|-ability|p1a: Vespiquen|Pressure\n|turn|25\n|inactive|Time left: 300 sec this turn | 300 sec total\n|\n|t:|1783556199\n|move|p2a: Arceus|Judgment|p1a: Vespiquen\n|-damage|p1a: Vespiquen|35/100\n|move|p1a: Vespiquen|U-turn|p2a: Arceus\n|-damage|p2a: Arceus|38/288\n|\n|t:|1783556200\n|switch|p1a: Politoed|Politoed, L88, M|100/100|[from] U-turn\n|-weather|RainDance|[from] ability: Drizzle|[of] p1a: Politoed\n|\n|-weather|RainDance|[upkeep]\n|upkeep\n|turn|26\n|inactive|Time left: 300 sec this turn | 300 sec total\n|\n|t:|1783556201\n|move|p2a: Arceus|Judgment|p1a: Politoed\n|-resisted|p1a: Politoed\n|-damage|p1a: Politoed|42/100\n|move|p1a: Politoed|Rest|p1a: Politoed\n|-status|p1a: Politoed|slp|[from] move: Rest\n|-heal|p1a: Politoed|100/100 slp|[silent]\n|-enditem|p1a: Politoed|Chesto Berry|[eat]\n|-curestatus|p1a: Politoed|slp|[msg]\n|\n|-weather|RainDance|[upkeep]\n|upkeep\n|turn|27\n|inactive|Time left: 300 sec this turn | 300 sec total\n|\n|t:|1783556202\n|move|p2a: Arceus|Recover|p2a: Arceus\n|-heal|p2a: Arceus|182/288\n|move|p1a: Politoed|Surf|p2a: Arceus\n|-resisted|p2a: Arceus\n|-damage|p2a: Arceus|152/288\n|\n|-weather|RainDance|[upkeep]\n|upkeep\n|turn|28\n|inactive|Time left: 300 sec this turn | 300 sec total\n|\n|t:|1783556203\n|move|p2a: Arceus|Judgment|p1a: Politoed\n|-resisted|p1a: Politoed\n|-damage|p1a: Politoed|39/100\n|move|p1a: Politoed|Rest|p1a: Politoed\n|-status|p1a: Politoed|slp|[from] move: Rest\n|-heal|p1a: Politoed|100/100 slp|[silent]\n|\n|-weather|RainDance|[upkeep]\n|upkeep\n|turn|29\n|inactive|Time left: 300 sec this turn | 300 sec total\n|\n|t:|1783556204\n|move|p2a: Arceus|Judgment|p1a: Politoed\n|-resisted|p1a: Politoed\n|-damage|p1a: Politoed|45/100 slp\n|cant|p1a: Politoed|slp\n|\n|-weather|none\n|upkeep\n|turn|30\n|inactive|Time left: 300 sec this turn | 300 sec total\n|\n|t:|1783556205\n|move|p2a: Arceus|Judgment|p1a: Politoed\n|-resisted|p1a: Politoed\n|-damage|p1a: Politoed|5/100 slp\n|cant|p1a: Politoed|slp\n|\n|upkeep\n|turn|31\n|inactive|Time left: 300 sec this turn | 300 sec total\n|\n|t:|1783556206\n|move|p2a: Arceus|Judgment|p1a: Politoed\n|-resisted|p1a: Politoed\n|-damage|p1a: Politoed|0 fnt\n|faint|p1a: Politoed\n|\n|upkeep\n|\n|t:|1783556206\n|switch|p1a: Illumise|Illumise, L91, F|100/100\n|turn|32\n|inactive|Time left: 300 sec this turn | 300 sec total\n|\n|t:|1783556207\n|move|p1a: Illumise|Thunder Wave|p2a: Arceus\n|-status|p2a: Arceus|par\n|move|p2a: Arceus|Judgment|p1a: Illumise\n|-damage|p1a: Illumise|7/100\n|\n|upkeep\n|turn|33\n|inactive|Time left: 300 sec this turn | 300 sec total\n|\n|t:|1783556208\n|move|p1a: Illumise|Roost|p1a: Illumise\n|-heal|p1a: Illumise|57/100\n|-singleturn|p1a: Illumise|move: Roost\n|move|p2a: Arceus|Judgment|p1a: Illumise\n|-damage|p1a: Illumise|0 fnt\n|faint|p1a: Illumise\n|\n|upkeep\n|\n|t:|1783556209\n|switch|p1a: Vespiquen|Vespiquen, L99, F|35/100\n|-ability|p1a: Vespiquen|Pressure\n|turn|34\n|inactive|Time left: 300 sec this turn | 300 sec total\n|\n|t:|1783556210\n|-terastallize|p2a: Arceus|Steel\n|move|p1a: Vespiquen|Roost|p1a: Vespiquen\n|-heal|p1a: Vespiquen|85/100\n|-singleturn|p1a: Vespiquen|move: Roost\n|move|p2a: Arceus|Judgment|p1a: Vespiquen\n|-damage|p1a: Vespiquen|22/100\n|\n|upkeep\n|turn|35\n|inactive|Time left: 300 sec this turn | 300 sec total\n|\n|t:|1783556211\n|move|p1a: Vespiquen|Roost|p1a: Vespiquen\n|-heal|p1a: Vespiquen|72/100\n|-singleturn|p1a: Vespiquen|move: Roost\n|move|p2a: Arceus|Judgment|p1a: Vespiquen\n|-damage|p1a: Vespiquen|7/100\n|\n|upkeep\n|turn|36\n|inactive|Time left: 300 sec this turn | 300 sec total\n|\n|t:|1783556212\n|move|p1a: Vespiquen|Roost|p1a: Vespiquen\n|-heal|p1a: Vespiquen|57/100\n|-singleturn|p1a: Vespiquen|move: Roost\n|move|p2a: Arceus|Judgment|p1a: Vespiquen\n|-damage|p1a: Vespiquen|0 fnt\n|faint|p1a: Vespiquen\n|\n|win|p0y13915d56", "uploadtime": 1783556212, "views": 0, "rating": 0, "private": 0, "password": null, "_winner": "p0y13915d56", "_our_name": "p0y13915d56"}