{"id": "battle-gen9randombattle-1651", "formatid": "gen9randombattle", "format": "[Gen 9] Random Battle", "players": ["p0x165109e3", "p0y1651958a"], "log": "|init|battle\n|title|p0x165109e3 vs. p0y1651958a\n|j|\u2606p0x165109e3\n|j|\u2606p0y1651958a\n|t:|1783559085\n|gametype|singles\n|player|p1|p0x165109e3|170|\n|player|p2|p0y1651958a|101|\n|gen|9\n|tier|[Gen 9] Random Battle\n|rule|Species Clause: Limit one of each Pok\u00e9mon\n|rule|HP Percentage Mod: HP is shown in percentages\n|rule|Sleep Clause Mod: Limit one foe put to sleep\n|rule|Illusion Level Mod: Illusion disguises the Pok\u00e9mon's true level\n|\n|t:|1783559085\n|teamsize|p1|6\n|teamsize|p2|6\n|start\n|switch|p1a: Espeon|Espeon, L84, M|100/100\n|switch|p2a: Tatsugiri|Tatsugiri, L87, M|260/260\n|turn|1\n|inactive|Battle timer is ON: inactive players will automatically lose when time's up. (requested by p0x165109e3)\n|inactive|Time left: 300 sec this turn | 300 sec total | 60 sec grace\n|inactive|p0y1651958a also wants the timer to be on.\n|\n|t:|1783559086\n|move|p1a: Espeon|Psychic|p2a: Tatsugiri\n|-damage|p2a: Tatsugiri|107/260\n|-damage|p1a: Espeon|91/100|[from] item: Life Orb\n|move|p2a: Tatsugiri|Hydro Pump|p1a: Espeon\n|-damage|p1a: Espeon|37/100\n|\n|upkeep\n|turn|2\n|inactive|Time left: 300 sec this turn | 300 sec total\n|\n|t:|1783559087\n|switch|p2a: Kingambit|Kingambit, L74, F|270/270\n|move|p1a: Espeon|Psychic|p2a: Kingambit\n|-immune|p2a: Kingambit\n|\n|upkeep\n|turn|3\n|inactive|Time left: 300 sec this turn | 300 sec total\n|\n|t:|1783559089\n|move|p1a: Espeon|Morning Sun|p1a: Espeon\n|-heal|p1a: Espeon|87/100\n|move|p2a: Kingambit|Swords Dance|p2a: Kingambit\n|-boost|p2a: Kingambit|atk|2\n|\n|upkeep\n|turn|4\n|inactive|Time left: 300 sec this turn | 300 sec total\n|\n|t:|1783559090\n|-terastallize|p1a: Espeon|Fairy\n|move|p1a: Espeon|Alluring Voice|p2a: Kingambit\n|-damage|p2a: Kingambit|118/270\n|-damage|p1a: Espeon|77/100|[from] item: Life Orb\n|move|p2a: Kingambit|Kowtow Cleave|p1a: Espeon\n|-resisted|p1a: Espeon\n|-damage|p1a: Espeon|27/100\n|\n|-heal|p2a: Kingambit|134/270|[from] item: Leftovers\n|upkeep\n|turn|5\n|inactive|Time left: 300 sec this turn | 300 sec total\n|\n|t:|1783559091\n|move|p2a: Kingambit|Sucker Punch|p1a: Espeon\n|-resisted|p1a: Espeon\n|-damage|p1a: Espeon|0 fnt\n|faint|p1a: Espeon\n|\n|-heal|p2a: Kingambit|150/270|[from] item: Leftovers\n|upkeep\n|\n|t:|1783559092\n|switch|p1a: Meganium|Meganium, L90, F|100/100\n|turn|6\n|inactive|Time left: 300 sec this turn | 300 sec total\n|\n|t:|1783559093\n|move|p1a: Meganium|Earthquake|p2a: Kingambit\n|-supereffective|p2a: Kingambit\n|-damage|p2a: Kingambit|12/270\n|move|p2a: Kingambit|Iron Head|p1a: Meganium\n|-damage|p1a: Meganium|52/100\n|\n|-heal|p1a: Meganium|58/100|[from] item: Leftovers\n|-heal|p2a: Kingambit|28/270|[from] item: Leftovers\n|upkeep\n|turn|7\n|inactive|Time left: 300 sec this turn | 300 sec total\n|\n|t:|1783559095\n|-terastallize|p2a: Kingambit|Dark\n|move|p2a: Kingambit|Sucker Punch|p1a: Meganium\n|-damage|p1a: Meganium|2/100\n|move|p1a: Meganium|Petal Blizzard|p2a: Kingambit\n|-damage|p2a: Kingambit|0 fnt\n|faint|p2a: Kingambit\n|-end|p2a: Kingambit|fallenundefined|[silent]\n|\n|-heal|p1a: Meganium|8/100|[from] item: Leftovers\n|upkeep\n|inactive|Time left: 300 sec this turn | 300 sec total | 5 sec grace\n|\n|t:|1783559096\n|switch|p2a: Calyrex|Calyrex-Shadow, L64|235/235\n|-ability|p2a: Calyrex|As One\n|-ability|p2a: Calyrex|Unnerve\n|turn|8\n|inactive|Time left: 300 sec this turn | 300 sec total\n|\n|t:|1783559097\n|switch|p1a: Altaria|Altaria, L89, F|100/100\n|move|p2a: Calyrex|Psyshock|p1a: Altaria\n|-damage|p1a: Altaria|63/100\n|\n|upkeep\n|turn|9\n|inactive|Time left: 300 sec this turn | 300 sec total\n|\n|t:|1783559098\n|move|p2a: Calyrex|Psyshock|p1a: Altaria\n|-damage|p1a: Altaria|26/100\n|move|p1a: Altaria|Roost|p1a: Altaria\n|-heal|p1a: Altaria|76/100\n|-singleturn|p1a: Altaria|move: Roost\n|\n|upkeep\n|turn|10\n|inactive|Time left: 300 sec this turn | 300 sec total\n|\n|t:|1783559099\n|move|p2a: Calyrex|Psyshock|p1a: Altaria\n|-damage|p1a: Altaria|36/100\n|move|p1a: Altaria|Roost|p1a: Altaria\n|-heal|p1a: Altaria|86/100\n|-singleturn|p1a: Altaria|move: Roost\n|\n|upkeep\n|turn|11\n|inactive|Time left: 300 sec this turn | 300 sec total\n|\n|t:|1783559100\n|move|p2a: Calyrex|Psyshock|p1a: Altaria\n|-damage|p1a: Altaria|50/100\n|move|p1a: Altaria|Dragon Dance|p1a: Altaria\n|-boost|p1a: Altaria|atk|1\n|-boost|p1a: Altaria|spe|1\n|\n|upkeep\n|turn|12\n|inactive|Time left: 300 sec this turn | 300 sec total\n|\n|t:|1783559101\n|switch|p2a: Golem|Golem, L87, M|281/281\n|move|p1a: Altaria|Roost|p1a: Altaria\n|-heal|p1a: Altaria|100/100\n|-singleturn|p1a: Altaria|move: Roost\n|\n|upkeep\n|turn|13\n|inactive|Time left: 300 sec this turn | 300 sec total\n|\n|t:|1783559102\n|move|p1a: Altaria|Dragon Dance|p1a: Altaria\n|-boost|p1a: Altaria|atk|1\n|-boost|p1a: Altaria|spe|1\n|move|p2a: Golem|Stone Edge|p1a: Altaria|[miss]\n|-miss|p2a: Golem|p1a: Altaria\n|\n|upkeep\n|turn|14\n|inactive|Time left: 300 sec this turn | 300 sec total\n|\n|t:|1783559103\n|move|p1a: Altaria|Earthquake|p2a: Golem\n|-supereffective|p2a: Golem\n|-damage|p2a: Golem|119/281\n|-enditem|p2a: Golem|Weakness Policy\n|-boost|p2a: Golem|atk|2|[from] item: Weakness Policy\n|-boost|p2a: Golem|spa|2|[from] item: Weakness Policy\n|move|p2a: Golem|Stone Edge|p1a: Altaria|[miss]\n|-miss|p2a: Golem|p1a: Altaria\n|\n|upkeep\n|turn|15\n|inactive|Time left: 300 sec this turn | 300 sec total\n|\n|t:|1783559104\n|move|p1a: Altaria|Earthquake|p2a: Golem\n|-supereffective|p2a: Golem\n|-damage|p2a: Golem|0 fnt\n|faint|p2a: Golem\n|\n|upkeep\n|inactive|Time left: 300 sec this turn | 300 sec total | 5 sec grace\n|\n|t:|1783559106\n|switch|p2a: Banette|Banette, L93, M|270/270\n|turn|16\n|inactive|Time left: 300 sec this turn | 300 sec total\n|\n|t:|1783559107\n|move|p1a: Altaria|Brave Bird|p2a: Banette\n|-damage|p2a: Banette|9/270\n|-damage|p1a: Altaria|70/100|[from] Recoil\n|move|p2a: Banette|Poltergeist|p1a: Altaria\n|-activate|p1a: Altaria|move: Poltergeist|Heavy-Duty Boots\n|-damage|p1a: Altaria|0 fnt\n|faint|p1a: Altaria\n|-damage|p2a: Banette|0 fnt|[from] item: Life Orb\n|faint|p2a: Banette\n|\n|upkeep\n|inactive|Time left: 300 sec this turn | 300 sec total | 5 sec grace\n|\n|t:|1783559108\n|switch|p1a: Seviper|Seviper, L93, F|100/100\n|switch|p2a: Calyrex|Calyrex-Shadow, L64|235/235\n|-ability|p2a: Calyrex|As One\n|-ability|p2a: Calyrex|Unnerve\n|turn|17\n|inactive|Time left: 300 sec this turn | 300 sec total\n|\n|t:|1783559109\n|move|p2a: Calyrex|Astral Barrage|p1a: Seviper\n|-damage|p1a: Seviper|34/100\n|move|p1a: Seviper|Trailblaze|p2a: Calyrex\n|-damage|p2a: Calyrex|172/235\n|-boost|p1a: Seviper|spe|1\n|\n|-heal|p1a: Seviper|40/100|[from] item: Leftovers\n|upkeep\n|turn|18\n|inactive|Time left: 300 sec this turn | 300 sec total\n|\n|t:|1783559110\n|move|p1a: Seviper|Gunk Shot|p2a: Calyrex\n|-resisted|p2a: Calyrex\n|-damage|p2a: Calyrex|57/235\n|move|p2a: Calyrex|Astral Barrage|p1a: Seviper\n|-damage|p1a: Seviper|0 fnt\n|faint|p1a: Seviper\n|-ability|p2a: Calyrex|Grim Neigh|boost\n|-boost|p2a: Calyrex|spa|1\n|\n|upkeep\n|\n|t:|1783559111\n|switch|p1a: Meganium|Meganium, L90, F|8/100\n|turn|19\n|inactive|Time left: 300 sec this turn | 300 sec total\n|\n|t:|1783559112\n|switch|p1a: Gallade|Gallade, L80, M|100/100\n|move|p2a: Calyrex|Astral Barrage|p1a: Gallade\n|-supereffective|p1a: Gallade\n|-crit|p1a: Gallade\n|-damage|p1a: Gallade|0 fnt\n|faint|p1a: Gallade\n|-ability|p2a: Calyrex|Grim Neigh|boost\n|-boost|p2a: Calyrex|spa|1\n|\n|upkeep\n|\n|t:|1783559112\n|switch|p1a: Gengar|Gengar, L81, M|100/100\n|turn|20\n|inactive|Time left: 300 sec this turn | 300 sec total\n|\n|t:|1783559113\n|move|p2a: Calyrex|Astral Barrage|p1a: Gengar\n|-supereffective|p1a: Gengar\n|-damage|p1a: Gengar|0 fnt\n|faint|p1a: Gengar\n|-ability|p2a: Calyrex|Grim Neigh|boost\n|-boost|p2a: Calyrex|spa|1\n|\n|upkeep\n|\n|t:|1783559114\n|switch|p1a: Meganium|Meganium, L90, F|8/100\n|turn|21\n|inactive|Time left: 300 sec this turn | 300 sec total\n|\n|t:|1783559115\n|move|p2a: Calyrex|Astral Barrage|p1a: Meganium\n|-damage|p1a: Meganium|0 fnt\n|faint|p1a: Meganium\n|\n|win|p0y1651958a", "uploadtime": 1783559115, "views": 0, "rating": 0, "private": 0, "password": null, "_winner": "p0y1651958a", "_our_name": "p0y1651958a"}