{"id": "battle-gen9randombattle-367", "formatid": "gen9randombattle", "format": "[Gen 9] Random Battle", "players": ["p0x367ce8d", "p0y367cc06"], "log": "|init|battle\n|title|p0x367ce8d vs. p0y367cc06\n|j|\u2606p0x367ce8d\n|j|\u2606p0y367cc06\n|t:|1783543376\n|gametype|singles\n|player|p1|p0x367ce8d|265|\n|player|p2|p0y367cc06|265|\n|gen|9\n|tier|[Gen 9] Random Battle\n|rule|Species Clause: Limit one of each Pok\u00e9mon\n|rule|HP Percentage Mod: HP is shown in percentages\n|rule|Sleep Clause Mod: Limit one foe put to sleep\n|rule|Illusion Level Mod: Illusion disguises the Pok\u00e9mon's true level\n|\n|t:|1783543376\n|teamsize|p1|6\n|teamsize|p2|6\n|start\n|switch|p1a: Swalot|Swalot, L90, F|100/100\n|switch|p2a: Tornadus|Tornadus, L82, M|263/263\n|turn|1\n|inactive|Battle timer is ON: inactive players will automatically lose when time's up. (requested by p0y367cc06)\n|\n|t:|1783543378\n|move|p2a: Tornadus|Bleakwind Storm|p1a: Swalot\n|-damage|p1a: Swalot|43/100\n|-unboost|p1a: Swalot|spe|1\n|move|p1a: Swalot|Sludge Bomb|p2a: Tornadus\n|-damage|p2a: Tornadus|155/263\n|\n|-heal|p1a: Swalot|49/100|[from] item: Leftovers\n|upkeep\n|turn|2\n|inactive|Time left: 300 sec this turn | 300 sec total\n|inactive|p0x367ce8d also wants the timer to be on.\n|\n|t:|1783543379\n|move|p2a: Tornadus|Bleakwind Storm|p1a: Swalot\n|-damage|p1a: Swalot|0 fnt\n|faint|p1a: Swalot\n|\n|upkeep\n|\n|t:|1783543380\n|switch|p1a: Zacian|Zacian, L69|100/100\n|-ability|p1a: Zacian|Intrepid Sword|boost\n|-boost|p1a: Zacian|atk|1\n|turn|3\n|inactive|Time left: 300 sec this turn | 300 sec total\n|\n|t:|1783543381\n|move|p1a: Zacian|Play Rough|p2a: Tornadus\n|-damage|p2a: Tornadus|0 fnt\n|faint|p2a: Tornadus\n|-damage|p1a: Zacian|91/100|[from] item: Life Orb\n|\n|upkeep\n|inactive|Time left: 300 sec this turn | 300 sec total | 5 sec grace\n|\n|t:|1783543382\n|switch|p2a: Pyroar|Pyroar, L88, F|295/295\n|-ability|p2a: Pyroar|Unnerve\n|turn|4\n|inactive|Time left: 300 sec this turn | 300 sec total\n|\n|t:|1783543383\n|move|p2a: Pyroar|Will-O-Wisp|p1a: Zacian\n|-status|p1a: Zacian|brn\n|move|p1a: Zacian|Close Combat|p2a: Pyroar\n|-supereffective|p2a: Pyroar\n|-damage|p2a: Pyroar|159/295\n|-unboost|p1a: Zacian|def|1\n|-unboost|p1a: Zacian|spd|1\n|-damage|p1a: Zacian|81/100 brn|[from] item: Life Orb\n|\n|-damage|p1a: Zacian|74/100 brn|[from] brn\n|upkeep\n|turn|5\n|inactive|Time left: 300 sec this turn | 300 sec total\n|\n|t:|1783543384\n|move|p2a: Pyroar|Fire Blast|p1a: Zacian\n|-damage|p1a: Zacian|0 fnt\n|faint|p1a: Zacian\n|\n|upkeep\n|\n|t:|1783543385\n|switch|p1a: Indeedee|Indeedee, L84, M|100/100\n|-fieldstart|move: Psychic Terrain|[from] ability: Psychic Surge|[of] p1a: Indeedee\n|turn|6\n|inactive|Time left: 300 sec this turn | 300 sec total\n|\n|t:|1783543386\n|switch|p2a: Zarude|Zarude-Dada, L77|288/288\n|move|p1a: Indeedee|Expanding Force|p2a: Zarude\n|-immune|p2a: Zarude\n|\n|upkeep\n|turn|7\n|inactive|Time left: 300 sec this turn | 300 sec total\n|\n|t:|1783543387\n|switch|p1a: Masquerain|Masquerain, L87, M|100/100\n|-ability|p1a: Masquerain|Intimidate|boost\n|-unboost|p2a: Zarude|atk|1\n|move|p2a: Zarude|Swords Dance|p2a: Zarude\n|-boost|p2a: Zarude|atk|2\n|\n|upkeep\n|turn|8\n|inactive|Time left: 300 sec this turn | 300 sec total\n|\n|t:|1783543388\n|-terastallize|p2a: Zarude|Dark\n|move|p2a: Zarude|Knock Off|p1a: Masquerain\n|-damage|p1a: Masquerain|5/100\n|-enditem|p1a: Masquerain|Heavy-Duty Boots|[from] move: Knock Off|[of] p2a: Zarude\n|move|p1a: Masquerain|Bug Buzz|p2a: Zarude\n|-supereffective|p2a: Zarude\n|-damage|p2a: Zarude|70/288\n|\n|-heal|p2a: Zarude|88/288|[from] item: Leftovers\n|upkeep\n|turn|9\n|inactive|Time left: 300 sec this turn | 300 sec total\n|\n|t:|1783543389\n|move|p2a: Zarude|Knock Off|p1a: Masquerain\n|-damage|p1a: Masquerain|0 fnt\n|faint|p1a: Masquerain\n|\n|-heal|p2a: Zarude|106/288|[from] item: Leftovers\n|upkeep\n|\n|t:|1783543390\n|switch|p1a: Indeedee|Indeedee, L84, M|100/100\n|turn|10\n|inactive|Time left: 300 sec this turn | 300 sec total\n|\n|t:|1783543391\n|move|p1a: Indeedee|Hyper Voice|p2a: Zarude\n|-damage|p2a: Zarude|0 fnt\n|faint|p2a: Zarude\n|-damage|p1a: Indeedee|91/100|[from] item: Life Orb\n|\n|-fieldend|move: Psychic Terrain\n|upkeep\n|inactive|Time left: 300 sec this turn | 300 sec total | 5 sec grace\n|\n|t:|1783543392\n|switch|p2a: Pyroar|Pyroar, L88, F|159/295\n|-ability|p2a: Pyroar|Unnerve\n|turn|11\n|inactive|Time left: 300 sec this turn | 300 sec total\n|\n|t:|1783543393\n|move|p2a: Pyroar|Dark Pulse|p1a: Indeedee\n|-supereffective|p1a: Indeedee\n|-damage|p1a: Indeedee|40/100\n|move|p1a: Indeedee|Calm Mind|p1a: Indeedee\n|-boost|p1a: Indeedee|spa|1\n|-boost|p1a: Indeedee|spd|1\n|\n|upkeep\n|turn|12\n|inactive|Time left: 300 sec this turn | 300 sec total\n|\n|t:|1783543394\n|move|p2a: Pyroar|Dark Pulse|p1a: Indeedee\n|-supereffective|p1a: Indeedee\n|-damage|p1a: Indeedee|5/100\n|move|p1a: Indeedee|Expanding Force|p2a: Pyroar\n|-damage|p2a: Pyroar|0 fnt\n|faint|p2a: Pyroar\n|-damage|p1a: Indeedee|0 fnt|[from] item: Life Orb\n|faint|p1a: Indeedee\n|\n|upkeep\n|inactive|Time left: 300 sec this turn | 300 sec total | 5 sec grace\n|\n|t:|1783543395\n|switch|p2a: Dipplin|Dipplin, L88, F|284/284\n|switch|p1a: Kingdra|Kingdra, L84, F|100/100\n|turn|13\n|inactive|Time left: 300 sec this turn | 300 sec total\n|\n|t:|1783543396\n|move|p1a: Kingdra|Draco Meteor|p2a: Dipplin\n|-supereffective|p2a: Dipplin\n|-damage|p2a: Dipplin|34/284\n|-unboost|p1a: Kingdra|spa|2\n|-damage|p1a: Kingdra|91/100|[from] item: Life Orb\n|move|p2a: Dipplin|Dragon Pulse|p1a: Kingdra\n|-supereffective|p1a: Kingdra\n|-damage|p1a: Kingdra|19/100\n|\n|upkeep\n|turn|14\n|inactive|Time left: 300 sec this turn | 300 sec total\n|\n|t:|1783543397\n|move|p1a: Kingdra|Hurricane|p2a: Dipplin|[miss]\n|-miss|p1a: Kingdra|p2a: Dipplin\n|move|p2a: Dipplin|Recover|p2a: Dipplin\n|-heal|p2a: Dipplin|176/284\n|\n|upkeep\n|turn|15\n|inactive|Time left: 300 sec this turn | 300 sec total\n|\n|t:|1783543398\n|move|p1a: Kingdra|Hurricane|p2a: Dipplin\n|-supereffective|p2a: Dipplin\n|-damage|p2a: Dipplin|106/284\n|-damage|p1a: Kingdra|9/100|[from] item: Life Orb\n|move|p2a: Dipplin|Recover|p2a: Dipplin\n|-heal|p2a: Dipplin|248/284\n|\n|upkeep\n|turn|16\n|inactive|Time left: 300 sec this turn | 300 sec total\n|\n|t:|1783543399\n|move|p1a: Kingdra|Hurricane|p2a: Dipplin\n|-supereffective|p2a: Dipplin\n|-damage|p2a: Dipplin|175/284\n|-damage|p1a: Kingdra|0 fnt|[from] item: Life Orb\n|faint|p1a: Kingdra\n|move|p2a: Dipplin|Recover|p2a: Dipplin\n|-heal|p2a: Dipplin|284/284\n|\n|upkeep\n|\n|t:|1783543400\n|switch|p1a: Ditto|Ditto, L87|100/100\n|-transform|p1a: Ditto|p2a: Dipplin|[from] ability: Imposter\n|turn|17\n|inactive|Time left: 300 sec this turn | 300 sec total\n|\n|t:|1783543401\n|-terastallize|p1a: Ditto|Ghost\n|move|p1a: Ditto|Recover||[still]\n|-fail|p1a: Ditto|heal\n|move|p2a: Dipplin|Dragon Pulse|p1a: Ditto\n|-damage|p1a: Ditto|58/100\n|\n|upkeep\n|turn|18\n|inactive|Time left: 300 sec this turn | 300 sec total\n|\n|t:|1783543403\n|move|p1a: Ditto|Recover|p1a: Ditto\n|-heal|p1a: Ditto|100/100\n|move|p2a: Dipplin|Dragon Pulse|p1a: Ditto\n|-damage|p1a: Ditto|58/100\n|\n|upkeep\n|turn|19\n|inactive|Time left: 300 sec this turn | 300 sec total\n|\n|t:|1783543404\n|move|p1a: Ditto|Recover|p1a: Ditto\n|-heal|p1a: Ditto|100/100\n|move|p2a: Dipplin|Dragon Pulse|p1a: Ditto\n|-damage|p1a: Ditto|52/100\n|\n|upkeep\n|turn|20\n|inactive|Time left: 300 sec this turn | 300 sec total\n|\n|t:|1783543405\n|move|p1a: Ditto|Recover|p1a: Ditto\n|-heal|p1a: Ditto|100/100\n|move|p2a: Dipplin|Dragon Pulse|p1a: Ditto\n|-damage|p1a: Ditto|58/100\n|\n|upkeep\n|turn|21\n|inactive|Time left: 300 sec this turn | 300 sec total\n|\n|t:|1783543406\n|move|p1a: Ditto|Recover|p1a: Ditto\n|-heal|p1a: Ditto|100/100\n|move|p2a: Dipplin|Dragon Pulse|p1a: Ditto\n|-damage|p1a: Ditto|59/100\n|\n|upkeep\n|turn|22\n|inactive|Time left: 300 sec this turn | 300 sec total\n|\n|t:|1783543407\n|-activate|p1a: Ditto|move: Struggle\n|move|p1a: Ditto|Struggle|p2a: Dipplin\n|-damage|p2a: Dipplin|265/284\n|-damage|p1a: Ditto|34/100|[from] recoil\n|move|p2a: Dipplin|Dragon Pulse|p1a: Ditto\n|-crit|p1a: Ditto\n|-damage|p1a: Ditto|0 fnt\n|faint|p1a: Ditto\n|\n|win|p0y367cc06", "uploadtime": 1783543407, "views": 0, "rating": 0, "private": 0, "password": null, "_winner": "p0y367cc06", "_our_name": "p0y367cc06"}