{"id": "battle-gen9randombattle-915", "formatid": "gen9randombattle", "format": "[Gen 9] Random Battle", "players": ["p0x9159d14", "p0y915437c"], "log": "|init|battle\n|title|p0x9159d14 vs. p0y915437c\n|j|\u2606p0x9159d14\n|j|\u2606p0y915437c\n|t:|1783550516\n|gametype|singles\n|player|p1|p0x9159d14|266|\n|player|p2|p0y915437c|101|\n|gen|9\n|tier|[Gen 9] Random Battle\n|rule|Species Clause: Limit one of each Pok\u00e9mon\n|rule|HP Percentage Mod: HP is shown in percentages\n|rule|Sleep Clause Mod: Limit one foe put to sleep\n|rule|Illusion Level Mod: Illusion disguises the Pok\u00e9mon's true level\n|\n|t:|1783550516\n|teamsize|p1|6\n|teamsize|p2|6\n|start\n|switch|p1a: Ditto|Ditto, L87|100/100\n|switch|p2a: Tsareena|Tsareena, L87, F|267/267\n|-transform|p1a: Ditto|p2a: Tsareena|[from] ability: Imposter\n|turn|1\n|inactive|Battle timer is ON: inactive players will automatically lose when time's up. (requested by p0y915437c)\n|\n|t:|1783550518\n|switch|p1a: Camerupt|Camerupt, L91, F|100/100\n|move|p2a: Tsareena|Knock Off|p1a: Camerupt\n|-crit|p1a: Camerupt\n|-damage|p1a: Camerupt|48/100\n|-enditem|p1a: Camerupt|Leftovers|[from] move: Knock Off|[of] p2a: Tsareena\n|\n|upkeep\n|turn|2\n|inactive|Time left: 300 sec this turn | 300 sec total\n|inactive|p0x9159d14 also wants the timer to be on.\n|\n|t:|1783550519\n|move|p2a: Tsareena|Power Whip|p1a: Camerupt\n|-damage|p1a: Camerupt|0 fnt\n|faint|p1a: Camerupt\n|\n|upkeep\n|\n|t:|1783550520\n|switch|p1a: Cinderace|Cinderace, L77, F|100/100\n|turn|3\n|inactive|Time left: 300 sec this turn | 300 sec total\n|\n|t:|1783550521\n|switch|p2a: Overqwil|Overqwil, L82, M|274/274\n|-ability|p2a: Overqwil|Intimidate|boost\n|-unboost|p1a: Cinderace|atk|1\n|move|p1a: Cinderace|Pyro Ball|p2a: Overqwil|[miss]\n|-miss|p1a: Cinderace|p2a: Overqwil\n|\n|upkeep\n|turn|4\n|inactive|Time left: 300 sec this turn | 300 sec total\n|\n|t:|1783550522\n|move|p1a: Cinderace|Will-O-Wisp|p2a: Overqwil\n|-status|p2a: Overqwil|brn\n|move|p2a: Overqwil|Gunk Shot|p1a: Cinderace\n|-damage|p1a: Cinderace|46/100\n|\n|-damage|p2a: Overqwil|257/274 brn|[from] brn\n|upkeep\n|turn|5\n|inactive|Time left: 300 sec this turn | 300 sec total\n|\n|t:|1783550522\n|move|p1a: Cinderace|U-turn|p2a: Overqwil\n|-start|p1a: Cinderace|typechange|Bug|[from] ability: Libero\n|-damage|p2a: Overqwil|212/274 brn\n|\n|t:|1783550523\n|switch|p1a: Roaring Moon|Roaring Moon, L72|100/100|[from] U-turn\n|-enditem|p1a: Roaring Moon|Booster Energy\n|-activate|p1a: Roaring Moon|ability: Protosynthesis|[fromitem]\n|-start|p1a: Roaring Moon|protosynthesisatk\n|move|p2a: Overqwil|Gunk Shot|p1a: Roaring Moon|[miss]\n|-miss|p2a: Overqwil|p1a: Roaring Moon\n|\n|-damage|p2a: Overqwil|195/274 brn|[from] brn\n|upkeep\n|turn|6\n|inactive|Time left: 300 sec this turn | 300 sec total\n|\n|t:|1783550524\n|move|p1a: Roaring Moon|Dragon Dance|p1a: Roaring Moon\n|-boost|p1a: Roaring Moon|atk|1\n|-boost|p1a: Roaring Moon|spe|1\n|move|p2a: Overqwil|Gunk Shot|p1a: Roaring Moon\n|-damage|p1a: Roaring Moon|48/100\n|-status|p1a: Roaring Moon|psn\n|\n|-damage|p1a: Roaring Moon|36/100 psn|[from] psn\n|-damage|p2a: Overqwil|178/274 brn|[from] brn\n|upkeep\n|turn|7\n|inactive|Time left: 300 sec this turn | 300 sec total\n|\n|t:|1783550524\n|move|p1a: Roaring Moon|Outrage|p2a: Overqwil\n|-damage|p2a: Overqwil|0 fnt\n|faint|p2a: Overqwil\n|\n|-damage|p1a: Roaring Moon|24/100 psn|[from] psn\n|upkeep\n|inactive|Time left: 300 sec this turn | 300 sec total | 5 sec grace\n|\n|t:|1783550525\n|switch|p2a: Tsareena|Tsareena, L87, F|267/267\n|turn|8\n|inactive|Time left: 300 sec this turn | 300 sec total\n|\n|t:|1783550526\n|move|p1a: Roaring Moon|Outrage|p2a: Tsareena|[from] lockedmove\n|-damage|p2a: Tsareena|45/267\n|move|p2a: Tsareena|Rapid Spin|p1a: Roaring Moon\n|-damage|p1a: Roaring Moon|1/100 psn\n|-boost|p2a: Tsareena|spe|1\n|\n|-damage|p1a: Roaring Moon|0 fnt|[from] psn\n|faint|p1a: Roaring Moon\n|-end|p1a: Roaring Moon|Protosynthesis|[silent]\n|upkeep\n|\n|t:|1783550527\n|switch|p1a: Bruxish|Bruxish, L85, F|100/100\n|turn|9\n|inactive|Time left: 300 sec this turn | 300 sec total\n|\n|t:|1783550528\n|move|p1a: Bruxish|Psychic Fangs|p2a: Tsareena\n|-damage|p2a: Tsareena|0 fnt\n|faint|p2a: Tsareena\n|\n|upkeep\n|inactive|Time left: 300 sec this turn | 300 sec total | 5 sec grace\n|\n|t:|1783550529\n|switch|p2a: Ampharos|Ampharos, L88, F|302/302\n|turn|10\n|inactive|Time left: 300 sec this turn | 300 sec total\n|\n|t:|1783550530\n|move|p1a: Bruxish|Psychic Fangs|p2a: Ampharos\n|-damage|p2a: Ampharos|148/302\n|-status|p1a: Bruxish|par|[from] ability: Static|[of] p2a: Ampharos\n|move|p2a: Ampharos|Thunderbolt|p1a: Bruxish\n|-supereffective|p1a: Bruxish\n|-damage|p1a: Bruxish|0 fnt\n|faint|p1a: Bruxish\n|-damage|p2a: Ampharos|118/302|[from] item: Life Orb\n|\n|upkeep\n|\n|t:|1783550531\n|switch|p1a: Rabsca|Rabsca, L91, F|100/100\n|turn|11\n|inactive|Time left: 300 sec this turn | 300 sec total\n|\n|t:|1783550532\n|move|p2a: Ampharos|Thunderbolt|p1a: Rabsca\n|-damage|p1a: Rabsca|53/100\n|-damage|p2a: Ampharos|88/302|[from] item: Life Orb\n|move|p1a: Rabsca|Psychic|p2a: Ampharos\n|-damage|p2a: Ampharos|0 fnt\n|faint|p2a: Ampharos\n|\n|upkeep\n|inactive|Time left: 300 sec this turn | 300 sec total | 5 sec grace\n|\n|t:|1783550533\n|switch|p2a: Politoed|Politoed, L88, M|302/302\n|-weather|RainDance|[from] ability: Drizzle|[of] p2a: Politoed\n|turn|12\n|inactive|Time left: 300 sec this turn | 300 sec total\n|\n|t:|1783550534\n|move|p2a: Politoed|Hydro Pump|p1a: Rabsca|[miss]\n|-miss|p2a: Politoed|p1a: Rabsca\n|move|p1a: Rabsca|Bug Buzz|p2a: Politoed\n|-damage|p2a: Politoed|185/302\n|\n|-weather|RainDance|[upkeep]\n|-heal|p2a: Politoed|203/302|[from] item: Leftovers\n|upkeep\n|turn|13\n|inactive|Time left: 300 sec this turn | 300 sec total\n|\n|t:|1783550535\n|move|p2a: Politoed|Hydro Pump|p1a: Rabsca\n|-damage|p1a: Rabsca|1/100\n|move|p1a: Rabsca|Psychic|p2a: Politoed\n|-damage|p2a: Politoed|91/302\n|\n|-weather|RainDance|[upkeep]\n|-heal|p2a: Politoed|109/302|[from] item: Leftovers\n|upkeep\n|turn|14\n|inactive|Time left: 300 sec this turn | 300 sec total\n|\n|t:|1783550537\n|move|p2a: Politoed|Ice Beam|p1a: Rabsca\n|-damage|p1a: Rabsca|0 fnt\n|faint|p1a: Rabsca\n|\n|-weather|RainDance|[upkeep]\n|-heal|p2a: Politoed|127/302|[from] item: Leftovers\n|upkeep\n|\n|t:|1783550538\n|switch|p1a: Cinderace|Cinderace, L77, F|46/100\n|turn|15\n|inactive|Time left: 300 sec this turn | 300 sec total\n|\n|t:|1783550539\n|move|p1a: Cinderace|Pyro Ball|p2a: Politoed\n|-resisted|p2a: Politoed\n|-damage|p2a: Politoed|96/302\n|move|p2a: Politoed|Hydro Pump|p1a: Cinderace\n|-supereffective|p1a: Cinderace\n|-damage|p1a: Cinderace|0 fnt\n|faint|p1a: Cinderace\n|\n|-weather|RainDance|[upkeep]\n|-heal|p2a: Politoed|114/302|[from] item: Leftovers\n|upkeep\n|\n|t:|1783550540\n|switch|p1a: Ditto|Ditto, L87|100/100\n|-transform|p1a: Ditto|p2a: Politoed|[from] ability: Imposter\n|turn|16\n|inactive|Time left: 300 sec this turn | 300 sec total\n|\n|t:|1783550541\n|move|p1a: Ditto|Hypnosis|p2a: Politoed\n|-status|p2a: Politoed|slp|[from] move: Hypnosis\n|cant|p2a: Politoed|slp\n|\n|-weather|none\n|-heal|p2a: Politoed|132/302 slp|[from] item: Leftovers\n|upkeep\n|turn|17\n|inactive|Time left: 300 sec this turn | 300 sec total\n|\n|t:|1783550543\n|move|p1a: Ditto|Hypnosis|p2a: Politoed\n|-fail|p2a: Politoed|slp\n|cant|p2a: Politoed|slp\n|\n|-heal|p2a: Politoed|150/302 slp|[from] item: Leftovers\n|upkeep\n|turn|18\n|inactive|Time left: 300 sec this turn | 300 sec total\n|\n|t:|1783550544\n|move|p1a: Ditto|Hypnosis|p2a: Politoed\n|-fail|p2a: Politoed|slp\n|-curestatus|p2a: Politoed|slp|[msg]\n|move|p2a: Politoed|Ice Beam|p1a: Ditto\n|-resisted|p1a: Ditto\n|-crit|p1a: Ditto\n|-damage|p1a: Ditto|83/100\n|\n|-heal|p2a: Politoed|168/302|[from] item: Leftovers\n|upkeep\n|turn|19\n|inactive|Time left: 300 sec this turn | 300 sec total\n|\n|t:|1783550545\n|move|p1a: Ditto|Hypnosis|p2a: Politoed|[miss]\n|-miss|p1a: Ditto|p2a: Politoed\n|move|p2a: Politoed|Hypnosis|p1a: Ditto\n|-status|p1a: Ditto|slp|[from] move: Hypnosis\n|\n|-heal|p2a: Politoed|186/302|[from] item: Leftovers\n|upkeep\n|turn|20\n|inactive|Time left: 300 sec this turn | 300 sec total\n|\n|t:|1783550546\n|switch|p2a: Kommo-o|Kommo-o, L77, M|242/242\n|cant|p1a: Ditto|slp\n|\n|upkeep\n|turn|21\n|inactive|Time left: 300 sec this turn | 300 sec total\n|\n|t:|1783550547\n|-terastallize|p1a: Ditto|Ghost\n|-curestatus|p1a: Ditto|slp|[msg]\n|move|p1a: Ditto|Hypnosis|p2a: Kommo-o\n|-status|p2a: Kommo-o|slp|[from] move: Hypnosis\n|cant|p2a: Kommo-o|slp\n|\n|upkeep\n|turn|22\n|inactive|Time left: 300 sec this turn | 300 sec total\n|\n|t:|1783550548\n|switch|p2a: Politoed|Politoed, L88, M|186/302\n|-weather|RainDance|[from] ability: Drizzle|[of] p2a: Politoed\n|-activate|p1a: Ditto|move: Struggle\n|move|p1a: Ditto|Struggle|p2a: Politoed\n|-damage|p2a: Politoed|161/302\n|-damage|p1a: Ditto|58/100|[from] recoil\n|\n|-weather|RainDance|[upkeep]\n|-heal|p2a: Politoed|179/302|[from] item: Leftovers\n|upkeep\n|turn|23\n|inactive|Time left: 300 sec this turn | 300 sec total\n|\n|t:|1783550549\n|-terastallize|p2a: Politoed|Water\n|-activate|p1a: Ditto|move: Struggle\n|move|p1a: Ditto|Struggle|p2a: Politoed\n|-damage|p2a: Politoed|153/302\n|-damage|p1a: Ditto|33/100|[from] recoil\n|move|p2a: Politoed|Hydro Pump|p1a: Ditto\n|-damage|p1a: Ditto|0 fnt\n|faint|p1a: Ditto\n|\n|win|p0y915437c", "uploadtime": 1783550549, "views": 0, "rating": 0, "private": 0, "password": null, "_winner": "p0y915437c", "_our_name": "p0y915437c"}