{"id": "battle-gen9randombattle-253", "formatid": "gen9randombattle", "format": "[Gen 9] Random Battle", "players": ["p0x2537459", "p0y2534869"], "log": "|init|battle\n|title|p0x2537459 vs. p0y2534869\n|j|\u2606p0x2537459\n|j|\u2606p0y2534869\n|t:|1783542503\n|gametype|singles\n|player|p1|p0x2537459|169|\n|player|p2|p0y2534869|169|\n|gen|9\n|tier|[Gen 9] Random Battle\n|rule|Species Clause: Limit one of each Pok\u00e9mon\n|rule|HP Percentage Mod: HP is shown in percentages\n|rule|Sleep Clause Mod: Limit one foe put to sleep\n|rule|Illusion Level Mod: Illusion disguises the Pok\u00e9mon's true level\n|\n|t:|1783542503\n|teamsize|p1|6\n|teamsize|p2|6\n|start\n|switch|p1a: Gothitelle|Gothitelle, L90, F|272/272\n|switch|p2a: Emboar|Emboar, L84, F|100/100\n|turn|1\n|inactive|Battle timer is ON: inactive players will automatically lose when time's up. (requested by p0y2534869)\n|inactive|Time left: 300 sec this turn | 300 sec total | 60 sec grace\n|inactive|p0x2537459 also wants the timer to be on.\n|\n|t:|1783542504\n|-terastallize|p2a: Emboar|Grass\n|move|p1a: Gothitelle|Psychic|p2a: Emboar\n|-damage|p2a: Emboar|59/100\n|move|p2a: Emboar|Trailblaze|p1a: Gothitelle\n|-damage|p1a: Gothitelle|209/272\n|-boost|p2a: Emboar|spe|1\n|\n|-heal|p2a: Emboar|65/100|[from] item: Leftovers\n|upkeep\n|turn|2\n|inactive|Time left: 300 sec this turn | 300 sec total\n|\n|t:|1783542506\n|move|p1a: Gothitelle|Psychic|p2a: Emboar\n|-damage|p2a: Emboar|25/100\n|move|p2a: Emboar|Trailblaze|p1a: Gothitelle\n|-damage|p1a: Gothitelle|136/272\n|-boost|p2a: Emboar|spe|1\n|\n|-heal|p2a: Emboar|32/100|[from] item: Leftovers\n|upkeep\n|turn|3\n|inactive|Time left: 300 sec this turn | 300 sec total\n|\n|t:|1783542507\n|switch|p1a: Wyrdeer|Wyrdeer, L87, M|321/321\n|-ability|p1a: Wyrdeer|Intimidate|boost\n|-unboost|p2a: Emboar|atk|1\n|move|p2a: Emboar|Flare Blitz|p1a: Wyrdeer\n|-damage|p1a: Wyrdeer|174/321\n|-status|p1a: Wyrdeer|brn\n|-damage|p2a: Emboar|16/100|[from] Recoil\n|\n|-heal|p2a: Emboar|23/100|[from] item: Leftovers\n|-damage|p1a: Wyrdeer|154/321 brn|[from] brn\n|upkeep\n|turn|4\n|inactive|Time left: 300 sec this turn | 300 sec total\n|\n|t:|1783542509\n|move|p2a: Emboar|Flare Blitz|p1a: Wyrdeer\n|-damage|p1a: Wyrdeer|6/321 brn\n|-damage|p2a: Emboar|7/100|[from] Recoil\n|move|p1a: Wyrdeer|Psychic Noise|p2a: Emboar\n|-damage|p2a: Emboar|0 fnt\n|faint|p2a: Emboar\n|\n|-damage|p1a: Wyrdeer|0 fnt|[from] brn\n|faint|p1a: Wyrdeer\n|upkeep\n|inactive|Time left: 300 sec this turn | 300 sec total | 5 sec grace\n|\n|t:|1783542510\n|switch|p1a: Cloyster|Cloyster, L80, F|211/211\n|switch|p2a: Klawf|Klawf, L90, M|100/100\n|turn|5\n|inactive|Time left: 300 sec this turn | 300 sec total\n|\n|t:|1783542511\n|move|p2a: Klawf|Stone Edge|p1a: Cloyster|[miss]\n|-miss|p2a: Klawf|p1a: Cloyster\n|move|p1a: Cloyster|Shell Smash|p1a: Cloyster\n|-unboost|p1a: Cloyster|def|1\n|-unboost|p1a: Cloyster|spd|1\n|-boost|p1a: Cloyster|atk|2\n|-boost|p1a: Cloyster|spa|2\n|-boost|p1a: Cloyster|spe|2\n|-enditem|p1a: Cloyster|White Herb\n|-clearnegativeboost|p1a: Cloyster|[silent]\n|\n|upkeep\n|turn|6\n|inactive|Time left: 300 sec this turn | 300 sec total\n|\n|t:|1783542512\n|move|p1a: Cloyster|Icicle Spear|p2a: Klawf\n|-damage|p2a: Klawf|88/100\n|-damage|p2a: Klawf|74/100\n|-damage|p2a: Klawf|60/100\n|-damage|p2a: Klawf|46/100\n|-damage|p2a: Klawf|32/100\n|-hitcount|p2a: Klawf|5\n|-ability|p2a: Klawf|Anger Shell|boost\n|-boost|p2a: Klawf|atk|1\n|-boost|p2a: Klawf|spa|1\n|-boost|p2a: Klawf|spe|1\n|-unboost|p2a: Klawf|def|1\n|-unboost|p2a: Klawf|spd|1\n|move|p2a: Klawf|Stone Edge|p1a: Cloyster\n|-supereffective|p1a: Cloyster\n|-damage|p1a: Cloyster|0 fnt\n|faint|p1a: Cloyster\n|\n|upkeep\n|inactive|Time left: 300 sec this turn | 300 sec total | 5 sec grace\n|\n|t:|1783542513\n|switch|p1a: Phione|Phione, L91|293/293\n|turn|7\n|inactive|Time left: 300 sec this turn | 300 sec total\n|\n|t:|1783542515\n|move|p2a: Klawf|Knock Off|p1a: Phione\n|-damage|p1a: Phione|172/293\n|-enditem|p1a: Phione|Leftovers|[from] move: Knock Off|[of] p2a: Klawf\n|move|p1a: Phione|Scald|p2a: Klawf\n|-supereffective|p2a: Klawf\n|-damage|p2a: Klawf|0 fnt\n|faint|p2a: Klawf\n|\n|upkeep\n|\n|t:|1783542516\n|switch|p2a: Pikachu|Pikachu-World, L93, F|100/100\n|turn|8\n|inactive|Time left: 300 sec this turn | 300 sec total\n|\n|t:|1783542517\n|move|p2a: Pikachu|Volt Tackle|p1a: Phione\n|-supereffective|p1a: Phione\n|-crit|p1a: Phione\n|-damage|p1a: Phione|0 fnt\n|faint|p1a: Phione\n|-damage|p2a: Pikachu|74/100|[from] Recoil\n|\n|upkeep\n|inactive|Time left: 300 sec this turn | 300 sec total | 5 sec grace\n|\n|t:|1783542518\n|switch|p1a: Grafaiai|Grafaiai, L86, F|249/249\n|turn|9\n|inactive|Time left: 300 sec this turn | 300 sec total\n|\n|t:|1783542519\n|switch|p2a: Vigoroth|Vigoroth, L85, F|100/100\n|move|p1a: Grafaiai|Gunk Shot|p2a: Vigoroth\n|-damage|p2a: Vigoroth|55/100\n|-damage|p1a: Grafaiai|225/249|[from] item: Life Orb\n|\n|upkeep\n|turn|10\n|inactive|Time left: 300 sec this turn | 300 sec total\n|\n|t:|1783542520\n|move|p1a: Grafaiai|Swords Dance|p1a: Grafaiai\n|-boost|p1a: Grafaiai|atk|2\n|move|p2a: Vigoroth|Slack Off|p2a: Vigoroth\n|-heal|p2a: Vigoroth|100/100\n|\n|upkeep\n|turn|11\n|inactive|Time left: 300 sec this turn | 300 sec total\n|\n|t:|1783542521\n|move|p1a: Grafaiai|Gunk Shot|p2a: Vigoroth\n|-damage|p2a: Vigoroth|12/100\n|-damage|p1a: Grafaiai|201/249|[from] item: Life Orb\n|move|p2a: Vigoroth|Body Slam|p1a: Grafaiai\n|-damage|p1a: Grafaiai|95/249\n|\n|upkeep\n|turn|12\n|inactive|Time left: 300 sec this turn | 300 sec total\n|\n|t:|1783542522\n|move|p1a: Grafaiai|Knock Off|p2a: Vigoroth\n|-damage|p2a: Vigoroth|0 fnt\n|-enditem|p2a: Vigoroth|Eviolite|[from] move: Knock Off|[of] p1a: Grafaiai\n|faint|p2a: Vigoroth\n|-damage|p1a: Grafaiai|71/249|[from] item: Life Orb\n|\n|upkeep\n|\n|t:|1783542523\n|switch|p2a: Mamoswine|Mamoswine, L81, F|100/100\n|turn|13\n|inactive|Time left: 300 sec this turn | 300 sec total\n|\n|t:|1783542524\n|move|p2a: Mamoswine|Ice Shard|p1a: Grafaiai\n|-damage|p1a: Grafaiai|0 fnt\n|faint|p1a: Grafaiai\n|-damage|p2a: Mamoswine|91/100|[from] item: Life Orb\n|\n|upkeep\n|inactive|Time left: 300 sec this turn | 300 sec total | 5 sec grace\n|\n|t:|1783542525\n|switch|p1a: Scyther|Scyther, L82, F|249/249\n|turn|14\n|inactive|Time left: 300 sec this turn | 300 sec total\n|\n|t:|1783542526\n|-terastallize|p1a: Scyther|Fighting\n|move|p1a: Scyther|Close Combat|p2a: Mamoswine\n|-supereffective|p2a: Mamoswine\n|-damage|p2a: Mamoswine|0 fnt\n|-unboost|p1a: Scyther|def|1\n|-unboost|p1a: Scyther|spd|1\n|faint|p2a: Mamoswine\n|\n|upkeep\n|\n|t:|1783542526\n|switch|p2a: Pikachu|Pikachu-World, L93, F|74/100\n|turn|15\n|inactive|Time left: 300 sec this turn | 300 sec total\n|\n|t:|1783542527\n|switch|p1a: Gothitelle|Gothitelle, L90, F|136/272\n|move|p2a: Pikachu|Volt Tackle|p1a: Gothitelle\n|-damage|p1a: Gothitelle|0 fnt\n|faint|p1a: Gothitelle\n|-damage|p2a: Pikachu|53/100|[from] Recoil\n|\n|upkeep\n|inactive|Time left: 300 sec this turn | 300 sec total | 5 sec grace\n|\n|t:|1783542528\n|switch|p1a: Scyther|Scyther, L82, F, tera:Fighting|249/249\n|turn|16\n|inactive|Time left: 300 sec this turn | 300 sec total\n|\n|t:|1783542529\n|move|p2a: Pikachu|Volt Switch|p1a: Scyther\n|-damage|p1a: Scyther|131/249\n|\n|t:|1783542530\n|switch|p2a: Victreebel|Victreebel, L90, F|100/100|[from] Volt Switch\n|move|p1a: Scyther|Bug Bite|p2a: Victreebel\n|-damage|p2a: Victreebel|58/100\n|\n|upkeep\n|turn|17\n|inactive|Time left: 300 sec this turn | 300 sec total\n|\n|t:|1783542531\n|move|p1a: Scyther|Dual Wingbeat|p2a: Victreebel\n|-supereffective|p2a: Victreebel\n|-crit|p2a: Victreebel\n|-damage|p2a: Victreebel|0 fnt\n|faint|p2a: Victreebel\n|-hitcount|p2: Victreebel|1\n|\n|upkeep\n|\n|t:|1783542531\n|switch|p2a: Pikachu|Pikachu-World, L93, F|53/100\n|turn|18\n|inactive|Time left: 300 sec this turn | 300 sec total\n|\n|t:|1783542532\n|move|p2a: Pikachu|Volt Tackle|p1a: Scyther\n|-damage|p1a: Scyther|0 fnt\n|faint|p1a: Scyther\n|-damage|p2a: Pikachu|33/100|[from] Recoil\n|\n|win|p0y2534869", "uploadtime": 1783542532, "views": 0, "rating": 0, "private": 0, "password": null, "_winner": "p0y2534869", "_our_name": "p0x2537459"}