{"id": "battle-gen9randombattle-2273", "formatid": "gen9randombattle", "format": "[Gen 9] Random Battle", "players": ["p0x227319a9", "p0y22732daa"], "log": "|init|battle\n|title|p0x227319a9 vs. p0y22732daa\n|j|\u2606p0x227319a9\n|j|\u2606p0y22732daa\n|t:|1783566345\n|gametype|singles\n|player|p1|p0x227319a9|2|\n|player|p2|p0y22732daa|169|\n|gen|9\n|tier|[Gen 9] Random Battle\n|rule|Species Clause: Limit one of each Pok\u00e9mon\n|rule|HP Percentage Mod: HP is shown in percentages\n|rule|Sleep Clause Mod: Limit one foe put to sleep\n|rule|Illusion Level Mod: Illusion disguises the Pok\u00e9mon's true level\n|\n|t:|1783566345\n|teamsize|p1|6\n|teamsize|p2|6\n|start\n|switch|p1a: Garchomp|Garchomp, L74, M|100/100\n|switch|p2a: Sudowoodo|Sudowoodo, L94, M|284/284\n|turn|1\n|inactive|Battle timer is ON: inactive players will automatically lose when time's up. (requested by p0y22732daa)\n|\n|t:|1783566346\n|move|p1a: Garchomp|Outrage|p2a: Sudowoodo\n|-damage|p2a: Sudowoodo|200/284\n|move|p2a: Sudowoodo|Earthquake|p1a: Garchomp\n|-damage|p1a: Garchomp|46/100\n|\n|upkeep\n|turn|2\n|inactive|Time left: 300 sec this turn | 300 sec total\n|inactive|p0x227319a9 also wants the timer to be on.\n|\n|t:|1783566347\n|move|p1a: Garchomp|Outrage|p2a: Sudowoodo|[from] lockedmove\n|-damage|p2a: Sudowoodo|113/284\n|move|p2a: Sudowoodo|Earthquake|p1a: Garchomp\n|-damage|p1a: Garchomp|0 fnt\n|faint|p1a: Garchomp\n|\n|upkeep\n|\n|t:|1783566348\n|switch|p1a: Floatzel|Floatzel, L86, M|100/100\n|turn|3\n|inactive|Time left: 300 sec this turn | 300 sec total\n|\n|t:|1783566350\n|switch|p2a: Poliwrath|Poliwrath, L88, F|302/302\n|move|p1a: Floatzel|Wave Crash|p2a: Poliwrath\n|-resisted|p2a: Poliwrath\n|-damage|p2a: Poliwrath|207/302\n|-damage|p1a: Floatzel|90/100|[from] Recoil\n|\n|upkeep\n|turn|4\n|inactive|Time left: 300 sec this turn | 300 sec total\n|\n|t:|1783566351\n|switch|p1a: Victreebel|Victreebel, L90, M|100/100\n|move|p2a: Poliwrath|Close Combat|p1a: Victreebel\n|-resisted|p1a: Victreebel\n|-damage|p1a: Victreebel|67/100\n|-unboost|p2a: Poliwrath|def|1\n|-unboost|p2a: Poliwrath|spd|1\n|-damage|p2a: Poliwrath|177/302|[from] item: Life Orb\n|\n|upkeep\n|turn|5\n|inactive|Time left: 300 sec this turn | 300 sec total\n|\n|t:|1783566352\n|switch|p2a: Articuno|Articuno-Galar, L84|288/288\n|move|p1a: Victreebel|Sludge Wave|p2a: Articuno\n|-damage|p2a: Articuno|144/288\n|-damage|p1a: Victreebel|57/100|[from] item: Life Orb\n|\n|upkeep\n|turn|6\n|inactive|Time left: 300 sec this turn | 300 sec total\n|\n|t:|1783566353\n|move|p1a: Victreebel|Sucker Punch|p2a: Articuno\n|-supereffective|p2a: Articuno\n|-damage|p2a: Articuno|0 fnt\n|faint|p2a: Articuno\n|-damage|p1a: Victreebel|47/100|[from] item: Life Orb\n|\n|upkeep\n|inactive|Time left: 300 sec this turn | 300 sec total | 5 sec grace\n|\n|t:|1783566355\n|switch|p2a: Latias|Latias, L79, F|256/256\n|turn|7\n|inactive|Time left: 300 sec this turn | 300 sec total\n|\n|t:|1783566356\n|switch|p1a: Tornadus|Tornadus-Therian, L79, M|100/100\n|move|p2a: Latias|Psyshock|p1a: Tornadus\n|-damage|p1a: Tornadus|57/100\n|\n|upkeep\n|turn|8\n|inactive|Time left: 300 sec this turn | 300 sec total\n|\n|t:|1783566357\n|move|p1a: Tornadus|U-turn|p2a: Latias\n|-supereffective|p2a: Latias\n|-damage|p2a: Latias|156/256\n|\n|t:|1783566358\n|switch|p1a: Floatzel|Floatzel, L86, M|90/100|[from] U-turn\n|move|p2a: Latias|Psyshock|p1a: Floatzel\n|-damage|p1a: Floatzel|44/100\n|\n|upkeep\n|turn|9\n|inactive|Time left: 300 sec this turn | 300 sec total\n|\n|t:|1783566359\n|switch|p2a: Bellossom|Bellossom, L84, M|263/263\n|move|p1a: Floatzel|Wave Crash|p2a: Bellossom\n|-resisted|p2a: Bellossom\n|-damage|p2a: Bellossom|158/263\n|-damage|p1a: Floatzel|31/100|[from] Recoil\n|\n|-heal|p2a: Bellossom|174/263|[from] item: Leftovers\n|upkeep\n|turn|10\n|inactive|Time left: 300 sec this turn | 300 sec total\n|\n|t:|1783566360\n|move|p1a: Floatzel|Wave Crash|p2a: Bellossom\n|-resisted|p2a: Bellossom\n|-crit|p2a: Bellossom\n|-damage|p2a: Bellossom|28/263\n|-damage|p1a: Floatzel|14/100|[from] Recoil\n|move|p2a: Bellossom|Strength Sap|p1a: Floatzel\n|-unboost|p1a: Floatzel|atk|1\n|-heal|p2a: Bellossom|258/263\n|\n|-heal|p2a: Bellossom|263/263|[from] item: Leftovers\n|upkeep\n|turn|11\n|inactive|Time left: 300 sec this turn | 300 sec total\n|\n|t:|1783566361\n|switch|p1a: Victreebel|Victreebel, L90, M|47/100\n|move|p2a: Bellossom|Quiver Dance|p2a: Bellossom\n|-boost|p2a: Bellossom|spa|1\n|-boost|p2a: Bellossom|spd|1\n|-boost|p2a: Bellossom|spe|1\n|\n|upkeep\n|turn|12\n|inactive|Time left: 300 sec this turn | 300 sec total\n|\n|t:|1783566362\n|move|p2a: Bellossom|Quiver Dance|p2a: Bellossom\n|-boost|p2a: Bellossom|spa|1\n|-boost|p2a: Bellossom|spd|1\n|-boost|p2a: Bellossom|spe|1\n|move|p1a: Victreebel|Strength Sap|p2a: Bellossom\n|-unboost|p2a: Bellossom|atk|1\n|-heal|p1a: Victreebel|95/100\n|\n|upkeep\n|turn|13\n|inactive|Time left: 300 sec this turn | 300 sec total\n|\n|t:|1783566363\n|-terastallize|p2a: Bellossom|Fire\n|move|p2a: Bellossom|Tera Blast|p1a: Victreebel|[anim] Tera Blast Fire\n|-supereffective|p1a: Victreebel\n|-damage|p1a: Victreebel|0 fnt\n|faint|p1a: Victreebel\n|\n|upkeep\n|\n|t:|1783566364\n|switch|p1a: Tornadus|Tornadus-Therian, L79, M|90/100\n|turn|14\n|inactive|Time left: 300 sec this turn | 300 sec total\n|\n|t:|1783566365\n|move|p2a: Bellossom|Tera Blast|p1a: Tornadus|[anim] Tera Blast Fire\n|-damage|p1a: Tornadus|46/100\n|move|p1a: Tornadus|Knock Off|p2a: Bellossom\n|-damage|p2a: Bellossom|201/263\n|-enditem|p2a: Bellossom|Leftovers|[from] move: Knock Off|[of] p1a: Tornadus\n|\n|upkeep\n|turn|15\n|inactive|Time left: 300 sec this turn | 300 sec total\n|\n|t:|1783566366\n|move|p2a: Bellossom|Tera Blast|p1a: Tornadus|[anim] Tera Blast Fire\n|-damage|p1a: Tornadus|4/100\n|move|p1a: Tornadus|U-turn|p2a: Bellossom\n|-resisted|p2a: Bellossom\n|-damage|p2a: Bellossom|179/263\n|\n|t:|1783566367\n|switch|p1a: Sableye|Sableye, L88, M|100/100|[from] U-turn\n|\n|upkeep\n|turn|16\n|inactive|Time left: 300 sec this turn | 300 sec total\n|\n|t:|1783566369\n|move|p1a: Sableye|Encore|p2a: Bellossom\n|-start|p2a: Bellossom|Encore\n|move|p2a: Bellossom|Tera Blast|p1a: Sableye|[anim] Tera Blast Fire\n|-damage|p1a: Sableye|21/100\n|\n|-heal|p1a: Sableye|27/100|[from] item: Leftovers\n|upkeep\n|turn|17\n|inactive|Time left: 300 sec this turn | 300 sec total\n|\n|t:|1783566370\n|move|p1a: Sableye|Thunder Wave|p2a: Bellossom\n|-status|p2a: Bellossom|par\n|cant|p2a: Bellossom|par\n|\n|-heal|p1a: Sableye|33/100|[from] item: Leftovers\n|upkeep\n|turn|18\n|inactive|Time left: 300 sec this turn | 300 sec total\n|\n|t:|1783566371\n|move|p1a: Sableye|Knock Off|p2a: Bellossom\n|-damage|p2a: Bellossom|121/263 par\n|cant|p2a: Bellossom|par\n|\n|-heal|p1a: Sableye|39/100|[from] item: Leftovers\n|-end|p2a: Bellossom|Encore\n|upkeep\n|turn|19\n|inactive|Time left: 300 sec this turn | 300 sec total\n|\n|t:|1783566372\n|move|p1a: Sableye|Encore|p2a: Bellossom\n|-start|p2a: Bellossom|Encore\n|move|p2a: Bellossom|Tera Blast|p1a: Sableye|[anim] Tera Blast Fire\n|-damage|p1a: Sableye|0 fnt\n|faint|p1a: Sableye\n|\n|upkeep\n|\n|t:|1783566373\n|switch|p1a: Floatzel|Floatzel, L86, M|14/100\n|turn|20\n|inactive|Time left: 300 sec this turn | 300 sec total\n|\n|t:|1783566374\n|switch|p2a: Poliwrath|Poliwrath, L88, F|177/302\n|move|p1a: Floatzel|Flip Turn|p2a: Poliwrath\n|-resisted|p2a: Poliwrath\n|-damage|p2a: Poliwrath|129/302\n|\n|t:|1783566375\n|switch|p1a: Mewtwo|Mewtwo, L72|100/100|[from] Flip Turn\n|-ability|p1a: Mewtwo|Unnerve\n|\n|upkeep\n|turn|21\n|inactive|Time left: 300 sec this turn | 300 sec total\n|\n|t:|1783566376\n|move|p1a: Mewtwo|Psystrike|p2a: Poliwrath\n|-supereffective|p2a: Poliwrath\n|-damage|p2a: Poliwrath|0 fnt\n|faint|p2a: Poliwrath\n|-damage|p1a: Mewtwo|91/100|[from] item: Life Orb\n|\n|upkeep\n|inactive|Time left: 300 sec this turn | 300 sec total | 5 sec grace\n|\n|t:|1783566377\n|switch|p2a: Sudowoodo|Sudowoodo, L94, M|113/284\n|turn|22\n|inactive|Time left: 300 sec this turn | 300 sec total\n|\n|t:|1783566378\n|move|p1a: Mewtwo|Nasty Plot|p1a: Mewtwo\n|-boost|p1a: Mewtwo|spa|2\n|move|p2a: Sudowoodo|Head Smash|p1a: Mewtwo\n|-damage|p1a: Mewtwo|0 fnt\n|faint|p1a: Mewtwo\n|\n|upkeep\n|\n|t:|1783566379\n|switch|p1a: Floatzel|Floatzel, L86, M|14/100\n|turn|23\n|inactive|Time left: 300 sec this turn | 300 sec total\n|\n|t:|1783566380\n|switch|p2a: Bellossom|Bellossom, L84, M, tera:Fire|121/263 par\n|move|p1a: Floatzel|Crunch|p2a: Bellossom\n|-damage|p2a: Bellossom|37/263 par\n|\n|upkeep\n|turn|24\n|inactive|Time left: 300 sec this turn | 300 sec total\n|\n|t:|1783566381\n|move|p1a: Floatzel|Crunch|p2a: Bellossom\n|-damage|p2a: Bellossom|0 fnt\n|faint|p2a: Bellossom\n|\n|upkeep\n|inactive|Time left: 300 sec this turn | 300 sec total | 5 sec grace\n|\n|t:|1783566381\n|switch|p2a: Sudowoodo|Sudowoodo, L94, M|113/284\n|turn|25\n|inactive|Time left: 300 sec this turn | 300 sec total\n|\n|t:|1783566382\n|move|p2a: Sudowoodo|Sucker Punch|p1a: Floatzel\n|-damage|p1a: Floatzel|0 fnt\n|faint|p1a: Floatzel\n|\n|upkeep\n|\n|t:|1783566383\n|switch|p1a: Tornadus|Tornadus-Therian, L79, M|37/100\n|turn|26\n|inactive|Time left: 300 sec this turn | 300 sec total\n|\n|t:|1783566384\n|-terastallize|p1a: Tornadus|Dark\n|move|p2a: Sudowoodo|Sucker Punch|p1a: Tornadus\n|-resisted|p1a: Tornadus\n|-damage|p1a: Tornadus|16/100\n|move|p1a: Tornadus|Knock Off|p2a: Sudowoodo\n|-damage|p2a: Sudowoodo|40/284\n|-enditem|p2a: Sudowoodo|Choice Band|[from] move: Knock Off|[of] p1a: Tornadus\n|\n|upkeep\n|turn|27\n|inactive|Time left: 300 sec this turn | 300 sec total\n|\n|t:|1783566385\n|move|p1a: Tornadus|Knock Off|p2a: Sudowoodo\n|-damage|p2a: Sudowoodo|0 fnt\n|faint|p2a: Sudowoodo\n|\n|upkeep\n|inactive|Time left: 300 sec this turn | 300 sec total | 5 sec grace\n|\n|t:|1783566386\n|switch|p2a: Comfey|Comfey, L85, F|225/225\n|turn|28\n|inactive|Time left: 300 sec this turn | 300 sec total\n|\n|t:|1783566387\n|move|p2a: Comfey|Draining Kiss|p1a: Tornadus\n|-supereffective|p1a: Tornadus\n|-damage|p1a: Tornadus|0 fnt\n|faint|p1a: Tornadus\n|\n|win|p0y22732daa", "uploadtime": 1783566387, "views": 0, "rating": 0, "private": 0, "password": null, "_winner": "p0y22732daa", "_our_name": "p0y22732daa"}