{"id": "battle-gen9randombattle-1043", "formatid": "gen9randombattle", "format": "[Gen 9] Random Battle", "players": ["p0x1043d7f4", "p0y1043674e"], "log": "|init|battle\n|title|p0x1043d7f4 vs. p0y1043674e\n|j|\u2606p0x1043d7f4\n|j|\u2606p0y1043674e\n|t:|1783551289\n|gametype|singles\n|player|p1|p0x1043d7f4|169|\n|player|p2|p0y1043674e|2|\n|gen|9\n|tier|[Gen 9] Random Battle\n|rule|Species Clause: Limit one of each Pok\u00e9mon\n|rule|HP Percentage Mod: HP is shown in percentages\n|rule|Sleep Clause Mod: Limit one foe put to sleep\n|rule|Illusion Level Mod: Illusion disguises the Pok\u00e9mon's true level\n|\n|t:|1783551289\n|teamsize|p1|6\n|teamsize|p2|6\n|start\n|switch|p1a: Uxie|Uxie, L83|260/260\n|switch|p2a: Gyarados|Gyarados, L79, M|100/100\n|-ability|p2a: Gyarados|Intimidate|boost\n|-unboost|p1a: Uxie|atk|1\n|turn|1\n|inactive|Battle timer is ON: inactive players will automatically lose when time's up. (requested by p0x1043d7f4)\n|inactive|p0y1043674e also wants the timer to be on.\n|\n|t:|1783551290\n|move|p1a: Uxie|Stealth Rock|p2a: Gyarados\n|-sidestart|p2: p0y1043674e|move: Stealth Rock\n|move|p2a: Gyarados|Dragon Dance|p2a: Gyarados\n|-boost|p2a: Gyarados|atk|1\n|-boost|p2a: Gyarados|spe|1\n|\n|upkeep\n|turn|2\n|inactive|Time left: 300 sec this turn | 300 sec total\n|\n|t:|1783551291\n|move|p2a: Gyarados|Dragon Dance|p2a: Gyarados\n|-boost|p2a: Gyarados|atk|1\n|-boost|p2a: Gyarados|spe|1\n|move|p1a: Uxie|Encore|p2a: Gyarados\n|-start|p2a: Gyarados|Encore\n|\n|upkeep\n|turn|3\n|inactive|Time left: 300 sec this turn | 300 sec total\n|\n|t:|1783551292\n|switch|p1a: Chimecho|Chimecho, L93, M|290/290\n|move|p2a: Gyarados|Dragon Dance|p2a: Gyarados\n|-boost|p2a: Gyarados|atk|1\n|-boost|p2a: Gyarados|spe|1\n|\n|upkeep\n|turn|4\n|inactive|Time left: 300 sec this turn | 300 sec total\n|\n|t:|1783551293\n|switch|p1a: Uxie|Uxie, L83|260/260\n|move|p2a: Gyarados|Dragon Dance|p2a: Gyarados\n|-boost|p2a: Gyarados|atk|1\n|-boost|p2a: Gyarados|spe|1\n|\n|upkeep\n|turn|5\n|inactive|Time left: 300 sec this turn | 300 sec total\n|\n|t:|1783551294\n|move|p2a: Gyarados|Dragon Dance|p2a: Gyarados\n|-boost|p2a: Gyarados|atk|1\n|-boost|p2a: Gyarados|spe|1\n|move|p1a: Uxie|Encore||[still]\n|-fail|p1a: Uxie\n|\n|-end|p2a: Gyarados|Encore\n|upkeep\n|turn|6\n|inactive|Time left: 300 sec this turn | 300 sec total\n|\n|t:|1783551295\n|move|p2a: Gyarados|Waterfall|p1a: Uxie\n|-damage|p1a: Uxie|8/260\n|move|p1a: Uxie|Encore|p2a: Gyarados\n|-start|p2a: Gyarados|Encore\n|\n|-heal|p1a: Uxie|24/260|[from] item: Leftovers\n|upkeep\n|turn|7\n|inactive|Time left: 300 sec this turn | 300 sec total\n|\n|t:|1783551296\n|move|p2a: Gyarados|Waterfall|p1a: Uxie\n|-damage|p1a: Uxie|0 fnt\n|faint|p1a: Uxie\n|\n|upkeep\n|inactive|Time left: 300 sec this turn | 300 sec total | 5 sec grace\n|\n|t:|1783551297\n|switch|p1a: Bellossom|Bellossom, L84, F|263/263\n|turn|8\n|inactive|Time left: 300 sec this turn | 300 sec total\n|\n|t:|1783551298\n|move|p2a: Gyarados|Waterfall|p1a: Bellossom\n|-resisted|p1a: Bellossom\n|-damage|p1a: Bellossom|122/263\n|move|p1a: Bellossom|Strength Sap|p2a: Gyarados\n|-unboost|p2a: Gyarados|atk|1\n|-heal|p1a: Bellossom|263/263\n|\n|upkeep\n|turn|9\n|inactive|Time left: 300 sec this turn | 300 sec total\n|\n|t:|1783551299\n|move|p2a: Gyarados|Waterfall|p1a: Bellossom\n|-resisted|p1a: Bellossom\n|-damage|p1a: Bellossom|123/263\n|move|p1a: Bellossom|Strength Sap|p2a: Gyarados\n|-unboost|p2a: Gyarados|atk|1\n|-heal|p1a: Bellossom|263/263\n|\n|-end|p2a: Gyarados|Encore\n|upkeep\n|turn|10\n|inactive|Time left: 300 sec this turn | 300 sec total\n|\n|t:|1783551300\n|move|p2a: Gyarados|Stone Edge|p1a: Bellossom\n|-damage|p1a: Bellossom|69/263\n|move|p1a: Bellossom|Strength Sap|p2a: Gyarados\n|-unboost|p2a: Gyarados|atk|1\n|-heal|p1a: Bellossom|263/263\n|\n|upkeep\n|turn|11\n|inactive|Time left: 300 sec this turn | 300 sec total\n|\n|t:|1783551301\n|move|p2a: Gyarados|Dragon Dance|p2a: Gyarados\n|-boost|p2a: Gyarados|atk|1\n|-boost|p2a: Gyarados|spe|1\n|move|p1a: Bellossom|Strength Sap|p2a: Gyarados\n|-unboost|p2a: Gyarados|atk|1\n|\n|upkeep\n|turn|12\n|inactive|Time left: 300 sec this turn | 300 sec total\n|\n|t:|1783551302\n|move|p2a: Gyarados|Dragon Dance|p2a: Gyarados\n|-boost|p2a: Gyarados|atk|1\n|-boost|p2a: Gyarados|spe|0\n|move|p1a: Bellossom|Strength Sap|p2a: Gyarados\n|-unboost|p2a: Gyarados|atk|1\n|\n|upkeep\n|turn|13\n|inactive|Time left: 300 sec this turn | 300 sec total\n|\n|t:|1783551303\n|move|p2a: Gyarados|Stone Edge|p1a: Bellossom\n|-crit|p1a: Bellossom\n|-damage|p1a: Bellossom|65/263\n|move|p1a: Bellossom|Strength Sap|p2a: Gyarados\n|-unboost|p2a: Gyarados|atk|1\n|-heal|p1a: Bellossom|263/263\n|\n|upkeep\n|turn|14\n|inactive|Time left: 300 sec this turn | 300 sec total\n|\n|t:|1783551304\n|move|p2a: Gyarados|Dragon Dance|p2a: Gyarados\n|-boost|p2a: Gyarados|atk|1\n|-boost|p2a: Gyarados|spe|0\n|move|p1a: Bellossom|Strength Sap|p2a: Gyarados\n|-unboost|p2a: Gyarados|atk|1\n|\n|upkeep\n|turn|15\n|inactive|Time left: 300 sec this turn | 300 sec total\n|\n|t:|1783551306\n|move|p2a: Gyarados|Dragon Dance|p2a: Gyarados\n|-boost|p2a: Gyarados|atk|1\n|-boost|p2a: Gyarados|spe|0\n|move|p1a: Bellossom|Quiver Dance|p1a: Bellossom\n|-boost|p1a: Bellossom|spa|1\n|-boost|p1a: Bellossom|spd|1\n|-boost|p1a: Bellossom|spe|1\n|\n|upkeep\n|turn|16\n|inactive|Time left: 300 sec this turn | 300 sec total\n|\n|t:|1783551307\n|move|p2a: Gyarados|Dragon Dance|p2a: Gyarados\n|-boost|p2a: Gyarados|atk|1\n|-boost|p2a: Gyarados|spe|0\n|move|p1a: Bellossom|Giga Drain|p2a: Gyarados\n|-damage|p2a: Gyarados|65/100\n|\n|upkeep\n|turn|17\n|inactive|Time left: 300 sec this turn | 300 sec total\n|\n|t:|1783551308\n|move|p2a: Gyarados|Stone Edge|p1a: Bellossom\n|-damage|p1a: Bellossom|95/263\n|move|p1a: Bellossom|Giga Drain|p2a: Gyarados\n|-damage|p2a: Gyarados|28/100\n|-heal|p1a: Bellossom|148/263|[from] drain|[of] p2a: Gyarados\n|\n|-heal|p1a: Bellossom|164/263|[from] item: Leftovers\n|upkeep\n|turn|18\n|inactive|Time left: 300 sec this turn | 300 sec total\n|\n|t:|1783551309\n|move|p2a: Gyarados|Stone Edge|p1a: Bellossom|[miss]\n|-miss|p2a: Gyarados|p1a: Bellossom\n|move|p1a: Bellossom|Giga Drain|p2a: Gyarados\n|-damage|p2a: Gyarados|0 fnt\n|-heal|p1a: Bellossom|202/263|[from] drain|[of] p2a: Gyarados\n|faint|p2a: Gyarados\n|\n|-heal|p1a: Bellossom|218/263|[from] item: Leftovers\n|upkeep\n|\n|t:|1783551310\n|switch|p2a: Tinkaton|Tinkaton, L82, F|100/100\n|-damage|p2a: Tinkaton|94/100|[from] Stealth Rock\n|-ability|p2a: Tinkaton|Mold Breaker\n|turn|19\n|inactive|Time left: 300 sec this turn | 300 sec total\n|\n|t:|1783551311\n|move|p2a: Tinkaton|Swords Dance|p2a: Tinkaton\n|-boost|p2a: Tinkaton|atk|2\n|move|p1a: Bellossom|Quiver Dance|p1a: Bellossom\n|-boost|p1a: Bellossom|spa|1\n|-boost|p1a: Bellossom|spd|1\n|-boost|p1a: Bellossom|spe|1\n|\n|-heal|p1a: Bellossom|234/263|[from] item: Leftovers\n|-heal|p2a: Tinkaton|100/100|[from] item: Leftovers\n|upkeep\n|turn|20\n|inactive|Time left: 300 sec this turn | 300 sec total\n|\n|t:|1783551312\n|-terastallize|p2a: Tinkaton|Steel\n|move|p1a: Bellossom|Strength Sap|p2a: Tinkaton\n|-unboost|p2a: Tinkaton|atk|1\n|-heal|p1a: Bellossom|263/263\n|move|p2a: Tinkaton|Gigaton Hammer|p1a: Bellossom\n|-damage|p1a: Bellossom|3/263\n|\n|-heal|p1a: Bellossom|19/263|[from] item: Leftovers\n|upkeep\n|turn|21\n|inactive|Time left: 300 sec this turn | 300 sec total\n|\n|t:|1783551313\n|move|p1a: Bellossom|Strength Sap|p2a: Tinkaton\n|-unboost|p2a: Tinkaton|atk|1\n|-heal|p1a: Bellossom|263/263\n|move|p2a: Tinkaton|Swords Dance|p2a: Tinkaton\n|-boost|p2a: Tinkaton|atk|2\n|\n|upkeep\n|turn|22\n|inactive|Time left: 300 sec this turn | 300 sec total\n|\n|t:|1783551314\n|move|p1a: Bellossom|Strength Sap|p2a: Tinkaton\n|-unboost|p2a: Tinkaton|atk|1\n|move|p2a: Tinkaton|Gigaton Hammer|p1a: Bellossom\n|-damage|p1a: Bellossom|0 fnt\n|faint|p1a: Bellossom\n|\n|upkeep\n|inactive|Time left: 300 sec this turn | 300 sec total | 5 sec grace\n|\n|t:|1783551315\n|switch|p1a: Donphan|Donphan, L84, M|288/288\n|turn|23\n|inactive|Time left: 300 sec this turn | 300 sec total\n|\n|t:|1783551316\n|move|p2a: Tinkaton|Protect|p2a: Tinkaton\n|-singleturn|p2a: Tinkaton|Protect\n|move|p1a: Donphan|Earthquake|p2a: Tinkaton\n|-activate|p2a: Tinkaton|move: Protect\n|\n|upkeep\n|turn|24\n|inactive|Time left: 300 sec this turn | 300 sec total\n|\n|t:|1783551317\n|move|p2a: Tinkaton|Gigaton Hammer|p1a: Donphan\n|-damage|p1a: Donphan|88/288\n|move|p1a: Donphan|Earthquake|p2a: Tinkaton\n|-supereffective|p2a: Tinkaton\n|-crit|p2a: Tinkaton\n|-damage|p2a: Tinkaton|0 fnt\n|faint|p2a: Tinkaton\n|\n|upkeep\n|\n|t:|1783551318\n|switch|p2a: Flygon|Flygon, L82, M|100/100\n|-damage|p2a: Flygon|94/100|[from] Stealth Rock\n|turn|25\n|inactive|Time left: 300 sec this turn | 300 sec total\n|\n|t:|1783551319\n|switch|p1a: Ribombee|Ribombee, L83, M|235/235\n|move|p2a: Flygon|Outrage|p1a: Ribombee\n|-immune|p1a: Ribombee\n|\n|upkeep\n|turn|26\n|inactive|Time left: 300 sec this turn | 300 sec total\n|\n|t:|1783551320\n|move|p2a: Flygon|Outrage|p1a: Ribombee\n|-immune|p1a: Ribombee\n|move|p1a: Ribombee|Quiver Dance|p1a: Ribombee\n|-boost|p1a: Ribombee|spa|1\n|-boost|p1a: Ribombee|spd|1\n|-boost|p1a: Ribombee|spe|1\n|\n|upkeep\n|turn|27\n|inactive|Time left: 300 sec this turn | 300 sec total\n|\n|t:|1783551321\n|move|p1a: Ribombee|Moonblast|p2a: Flygon\n|-supereffective|p2a: Flygon\n|-damage|p2a: Flygon|0 fnt\n|faint|p2a: Flygon\n|\n|upkeep\n|\n|t:|1783551322\n|switch|p2a: Oranguru|Oranguru, L92, M|100/100\n|-damage|p2a: Oranguru|88/100|[from] Stealth Rock\n|turn|28\n|inactive|Time left: 300 sec this turn | 300 sec total\n|\n|t:|1783551323\n|move|p1a: Ribombee|Bug Buzz|p2a: Oranguru\n|-supereffective|p2a: Oranguru\n|-damage|p2a: Oranguru|19/100\n|move|p2a: Oranguru|Psyshock|p1a: Ribombee\n|-damage|p1a: Ribombee|40/235\n|\n|upkeep\n|turn|29\n|inactive|Time left: 300 sec this turn | 300 sec total\n|\n|t:|1783551324\n|move|p1a: Ribombee|Moonblast|p2a: Oranguru\n|-damage|p2a: Oranguru|0 fnt\n|faint|p2a: Oranguru\n|\n|upkeep\n|\n|t:|1783551325\n|switch|p2a: Pyroar|Pyroar, L88, F|100/100\n|-ability|p2a: Pyroar|Unnerve\n|turn|30\n|inactive|Time left: 300 sec this turn | 300 sec total\n|\n|t:|1783551326\n|-terastallize|p1a: Ribombee|Ground\n|move|p1a: Ribombee|Tera Blast|p2a: Pyroar|[anim] Tera Blast Ground\n|-supereffective|p2a: Pyroar\n|-damage|p2a: Pyroar|0 fnt\n|faint|p2a: Pyroar\n|\n|upkeep\n|\n|t:|1783551327\n|switch|p2a: Electrode|Electrode, L92|100/100\n|-damage|p2a: Electrode|88/100|[from] Stealth Rock\n|turn|31\n|inactive|Time left: 300 sec this turn | 300 sec total\n|\n|t:|1783551328\n|move|p1a: Ribombee|Tera Blast|p2a: Electrode|[anim] Tera Blast Ground\n|-supereffective|p2a: Electrode\n|-damage|p2a: Electrode|0 fnt\n|faint|p2a: Electrode\n|\n|win|p0x1043d7f4", "uploadtime": 1783551328, "views": 0, "rating": 0, "private": 0, "password": null, "_winner": "p0x1043d7f4", "_our_name": "p0x1043d7f4"}