{"id": "battle-gen9randombattle-513", "formatid": "gen9randombattle", "format": "[Gen 9] Random Battle", "players": ["p0x513ad9b", "p0y5139c2c"], "log": "|init|battle\n|title|p0x513ad9b vs. p0y5139c2c\n|j|\u2606p0x513ad9b\n|j|\u2606p0y5139c2c\n|t:|1783545709\n|gametype|singles\n|player|p1|p0x513ad9b|101|\n|player|p2|p0y5139c2c|1|\n|gen|9\n|tier|[Gen 9] Random Battle\n|rule|Species Clause: Limit one of each Pok\u00e9mon\n|rule|HP Percentage Mod: HP is shown in percentages\n|rule|Sleep Clause Mod: Limit one foe put to sleep\n|rule|Illusion Level Mod: Illusion disguises the Pok\u00e9mon's true level\n|\n|t:|1783545709\n|teamsize|p1|6\n|teamsize|p2|6\n|start\n|switch|p1a: Comfey|Comfey, L85, M|225/225\n|switch|p2a: Delphox|Delphox, L84, F|100/100\n|turn|1\n|inactive|Battle timer is ON: inactive players will automatically lose when time's up. (requested by p0y5139c2c)\n|inactive|Time left: 300 sec this turn | 300 sec total | 60 sec grace\n|inactive|p0x513ad9b also wants the timer to be on.\n|\n|t:|1783545711\n|move|p2a: Delphox|Fire Blast|p1a: Comfey\n|-damage|p1a: Comfey|107/225\n|-status|p1a: Comfey|brn\n|move|p1a: Comfey|Calm Mind|p1a: Comfey\n|-boost|p1a: Comfey|spa|1\n|-boost|p1a: Comfey|spd|1\n|\n|-heal|p1a: Comfey|121/225 brn|[from] item: Leftovers\n|-damage|p1a: Comfey|107/225 brn|[from] brn\n|upkeep\n|turn|2\n|inactive|Time left: 300 sec this turn | 300 sec total\n|\n|t:|1783545712\n|move|p1a: Comfey|Draining Kiss|p2a: Delphox\n|-resisted|p2a: Delphox\n|-damage|p2a: Delphox|87/100\n|-heal|p1a: Comfey|134/225 brn|[from] drain|[of] p2a: Delphox\n|move|p2a: Delphox|Fire Blast|p1a: Comfey\n|-crit|p1a: Comfey\n|-damage|p1a: Comfey|0 fnt\n|faint|p1a: Comfey\n|\n|upkeep\n|inactive|Time left: 300 sec this turn | 300 sec total | 5 sec grace\n|\n|t:|1783545713\n|switch|p1a: Cramorant|Cramorant, L86, F|261/261\n|turn|3\n|inactive|Time left: 300 sec this turn | 300 sec total\n|\n|t:|1783545714\n|move|p2a: Delphox|Fire Blast|p1a: Cramorant\n|-resisted|p1a: Cramorant\n|-damage|p1a: Cramorant|198/261\n|move|p1a: Cramorant|Surf|p2a: Delphox\n|-formechange|p1a: Cramorant|Cramorant-Gulping|\n|-supereffective|p2a: Delphox\n|-damage|p2a: Delphox|22/100\n|\n|upkeep\n|turn|4\n|inactive|Time left: 300 sec this turn | 300 sec total\n|\n|t:|1783545715\n|move|p2a: Delphox|Fire Blast|p1a: Cramorant\n|-resisted|p1a: Cramorant\n|-damage|p1a: Cramorant|108/261\n|-damage|p2a: Delphox|0 fnt|[from] ability: Gulp Missile|[of] p1a: Cramorant\n|-formechange|p1a: Cramorant|Cramorant|\n|faint|p2a: Delphox\n|move|p1a: Cramorant|Brave Bird|p2: Delphox|[notarget]\n|-fail|p1a: Cramorant\n|\n|upkeep\n|\n|t:|1783545716\n|switch|p2a: Dachsbun|Dachsbun, L92, F|100/100\n|turn|5\n|inactive|Time left: 300 sec this turn | 300 sec total\n|\n|t:|1783545717\n|switch|p1a: Oricorio|Oricorio-Sensu, L85, M|266/266\n|move|p2a: Dachsbun|Play Rough|p1a: Oricorio\n|-damage|p1a: Oricorio|146/266\n|\n|upkeep\n|turn|6\n|inactive|Time left: 300 sec this turn | 300 sec total\n|\n|t:|1783545719\n|move|p2a: Dachsbun|Play Rough|p1a: Oricorio\n|-damage|p1a: Oricorio|26/266\n|move|p1a: Oricorio|Quiver Dance|p1a: Oricorio\n|-boost|p1a: Oricorio|spa|1\n|-boost|p1a: Oricorio|spd|1\n|-boost|p1a: Oricorio|spe|1\n|\n|upkeep\n|turn|7\n|inactive|Time left: 300 sec this turn | 300 sec total\n|\n|t:|1783545719\n|move|p1a: Oricorio|Roost|p1a: Oricorio\n|-heal|p1a: Oricorio|159/266\n|-singleturn|p1a: Oricorio|move: Roost\n|move|p2a: Dachsbun|Play Rough|p1a: Oricorio\n|-damage|p1a: Oricorio|51/266\n|\n|upkeep\n|turn|8\n|inactive|Time left: 300 sec this turn | 300 sec total\n|\n|t:|1783545720\n|move|p1a: Oricorio|Roost|p1a: Oricorio\n|-heal|p1a: Oricorio|184/266\n|-singleturn|p1a: Oricorio|move: Roost\n|move|p2a: Dachsbun|Play Rough|p1a: Oricorio\n|-damage|p1a: Oricorio|73/266\n|\n|upkeep\n|turn|9\n|inactive|Time left: 300 sec this turn | 300 sec total\n|\n|t:|1783545721\n|move|p1a: Oricorio|Roost|p1a: Oricorio\n|-heal|p1a: Oricorio|206/266\n|-singleturn|p1a: Oricorio|move: Roost\n|move|p2a: Dachsbun|Play Rough|p1a: Oricorio\n|-damage|p1a: Oricorio|97/266\n|\n|upkeep\n|turn|10\n|inactive|Time left: 300 sec this turn | 300 sec total\n|\n|t:|1783545722\n|move|p1a: Oricorio|Roost|p1a: Oricorio\n|-heal|p1a: Oricorio|230/266\n|-singleturn|p1a: Oricorio|move: Roost\n|move|p2a: Dachsbun|Play Rough|p1a: Oricorio\n|-damage|p1a: Oricorio|109/266\n|\n|upkeep\n|turn|11\n|inactive|Time left: 300 sec this turn | 300 sec total\n|\n|t:|1783545723\n|move|p1a: Oricorio|Roost|p1a: Oricorio\n|-heal|p1a: Oricorio|242/266\n|-singleturn|p1a: Oricorio|move: Roost\n|move|p2a: Dachsbun|Play Rough|p1a: Oricorio\n|-damage|p1a: Oricorio|130/266\n|\n|upkeep\n|turn|12\n|inactive|Time left: 300 sec this turn | 300 sec total\n|\n|t:|1783545724\n|move|p1a: Oricorio|Quiver Dance|p1a: Oricorio\n|-boost|p1a: Oricorio|spa|1\n|-boost|p1a: Oricorio|spd|1\n|-boost|p1a: Oricorio|spe|1\n|move|p2a: Dachsbun|Play Rough|p1a: Oricorio\n|-damage|p1a: Oricorio|24/266\n|-unboost|p1a: Oricorio|atk|1\n|\n|upkeep\n|turn|13\n|inactive|Time left: 300 sec this turn | 300 sec total\n|\n|t:|1783545725\n|move|p1a: Oricorio|Roost|p1a: Oricorio\n|-heal|p1a: Oricorio|157/266\n|-singleturn|p1a: Oricorio|move: Roost\n|move|p2a: Dachsbun|Play Rough|p1a: Oricorio\n|-damage|p1a: Oricorio|40/266\n|\n|upkeep\n|turn|14\n|inactive|Time left: 300 sec this turn | 300 sec total\n|\n|t:|1783545726\n|move|p1a: Oricorio|Roost|p1a: Oricorio\n|-heal|p1a: Oricorio|173/266\n|-singleturn|p1a: Oricorio|move: Roost\n|move|p2a: Dachsbun|Play Rough|p1a: Oricorio\n|-damage|p1a: Oricorio|50/266\n|\n|upkeep\n|turn|15\n|inactive|Time left: 300 sec this turn | 300 sec total\n|\n|t:|1783545727\n|move|p1a: Oricorio|Roost|p1a: Oricorio\n|-heal|p1a: Oricorio|183/266\n|-singleturn|p1a: Oricorio|move: Roost\n|move|p2a: Dachsbun|Play Rough|p1a: Oricorio\n|-damage|p1a: Oricorio|74/266\n|\n|upkeep\n|turn|16\n|inactive|Time left: 300 sec this turn | 300 sec total\n|\n|t:|1783545728\n|move|p1a: Oricorio|Hurricane|p2a: Dachsbun|[miss]\n|-miss|p1a: Oricorio|p2a: Dachsbun\n|move|p2a: Dachsbun|Play Rough|p1a: Oricorio\n|-damage|p1a: Oricorio|0 fnt\n|faint|p1a: Oricorio\n|\n|upkeep\n|inactive|Time left: 300 sec this turn | 300 sec total | 5 sec grace\n|\n|t:|1783545728\n|switch|p1a: Chesnaught|Chesnaught, L84, M|285/285\n|turn|17\n|inactive|Time left: 300 sec this turn | 300 sec total\n|\n|t:|1783545729\n|move|p2a: Dachsbun|Play Rough|p1a: Chesnaught\n|-supereffective|p1a: Chesnaught\n|-damage|p1a: Chesnaught|127/285\n|move|p1a: Chesnaught|Spikes|p2a: Dachsbun\n|-sidestart|p2: p0y5139c2c|Spikes\n|\n|-heal|p1a: Chesnaught|144/285|[from] item: Leftovers\n|upkeep\n|turn|18\n|inactive|Time left: 300 sec this turn | 300 sec total\n|\n|t:|1783545730\n|-terastallize|p1a: Chesnaught|Steel\n|move|p2a: Dachsbun|Play Rough|p1a: Chesnaught\n|-resisted|p1a: Chesnaught\n|-damage|p1a: Chesnaught|102/285\n|move|p1a: Chesnaught|Synthesis|p1a: Chesnaught\n|-heal|p1a: Chesnaught|244/285\n|\n|-heal|p1a: Chesnaught|261/285|[from] item: Leftovers\n|upkeep\n|turn|19\n|inactive|Time left: 300 sec this turn | 300 sec total\n|\n|t:|1783545732\n|move|p2a: Dachsbun|Body Press|p1a: Chesnaught\n|-supereffective|p1a: Chesnaught\n|-damage|p1a: Chesnaught|139/285\n|move|p1a: Chesnaught|Spikes|p2a: Dachsbun\n|-sidestart|p2: p0y5139c2c|Spikes\n|\n|-heal|p1a: Chesnaught|156/285|[from] item: Leftovers\n|upkeep\n|turn|20\n|inactive|Time left: 300 sec this turn | 300 sec total\n|\n|t:|1783545733\n|move|p2a: Dachsbun|Body Press|p1a: Chesnaught\n|-supereffective|p1a: Chesnaught\n|-damage|p1a: Chesnaught|32/285\n|move|p1a: Chesnaught|Synthesis|p1a: Chesnaught\n|-heal|p1a: Chesnaught|174/285\n|\n|-heal|p1a: Chesnaught|191/285|[from] item: Leftovers\n|upkeep\n|turn|21\n|inactive|Time left: 300 sec this turn | 300 sec total\n|\n|t:|1783545734\n|move|p2a: Dachsbun|Body Press|p1a: Chesnaught\n|-supereffective|p1a: Chesnaught\n|-damage|p1a: Chesnaught|65/285\n|move|p1a: Chesnaught|Synthesis|p1a: Chesnaught\n|-heal|p1a: Chesnaught|207/285\n|\n|-heal|p1a: Chesnaught|224/285|[from] item: Leftovers\n|upkeep\n|turn|22\n|inactive|Time left: 300 sec this turn | 300 sec total\n|\n|t:|1783545735\n|move|p2a: Dachsbun|Body Press|p1a: Chesnaught\n|-supereffective|p1a: Chesnaught\n|-damage|p1a: Chesnaught|96/285\n|move|p1a: Chesnaught|Synthesis|p1a: Chesnaught\n|-heal|p1a: Chesnaught|238/285\n|\n|-heal|p1a: Chesnaught|255/285|[from] item: Leftovers\n|upkeep\n|turn|23\n|inactive|Time left: 300 sec this turn | 300 sec total\n|\n|t:|1783545736\n|move|p2a: Dachsbun|Body Press|p1a: Chesnaught\n|-supereffective|p1a: Chesnaught\n|-damage|p1a: Chesnaught|145/285\n|move|p1a: Chesnaught|Spikes|p2a: Dachsbun\n|-sidestart|p2: p0y5139c2c|Spikes\n|\n|-heal|p1a: Chesnaught|162/285|[from] item: Leftovers\n|upkeep\n|turn|24\n|inactive|Time left: 300 sec this turn | 300 sec total\n|\n|t:|1783545737\n|move|p2a: Dachsbun|Body Press|p1a: Chesnaught\n|-supereffective|p1a: Chesnaught\n|-damage|p1a: Chesnaught|38/285\n|move|p1a: Chesnaught|Synthesis|p1a: Chesnaught\n|-heal|p1a: Chesnaught|180/285\n|\n|-heal|p1a: Chesnaught|197/285|[from] item: Leftovers\n|upkeep\n|turn|25\n|inactive|Time left: 300 sec this turn | 300 sec total\n|\n|t:|1783545738\n|move|p2a: Dachsbun|Body Press|p1a: Chesnaught\n|-supereffective|p1a: Chesnaught\n|-damage|p1a: Chesnaught|81/285\n|move|p1a: Chesnaught|Synthesis|p1a: Chesnaught\n|-heal|p1a: Chesnaught|223/285\n|\n|-heal|p1a: Chesnaught|240/285|[from] item: Leftovers\n|upkeep\n|turn|26\n|inactive|Time left: 300 sec this turn | 300 sec total\n|\n|t:|1783545739\n|move|p2a: Dachsbun|Body Press|p1a: Chesnaught\n|-supereffective|p1a: Chesnaught\n|-damage|p1a: Chesnaught|128/285\n|move|p1a: Chesnaught|Synthesis|p1a: Chesnaught\n|-heal|p1a: Chesnaught|270/285\n|\n|-heal|p1a: Chesnaught|285/285|[from] item: Leftovers\n|upkeep\n|turn|27\n|inactive|Time left: 300 sec this turn | 300 sec total\n|\n|t:|1783545740\n|move|p2a: Dachsbun|Body Press|p1a: Chesnaught\n|-supereffective|p1a: Chesnaught\n|-damage|p1a: Chesnaught|171/285\n|move|p1a: Chesnaught|Body Press|p2a: Dachsbun\n|-resisted|p2a: Dachsbun\n|-damage|p2a: Dachsbun|85/100\n|\n|-heal|p2a: Dachsbun|91/100|[from] item: Leftovers\n|-heal|p1a: Chesnaught|188/285|[from] item: Leftovers\n|upkeep\n|turn|28\n|inactive|Time left: 300 sec this turn | 300 sec total\n|\n|t:|1783545741\n|move|p2a: Dachsbun|Body Press|p1a: Chesnaught\n|-supereffective|p1a: Chesnaught\n|-damage|p1a: Chesnaught|62/285\n|move|p1a: Chesnaught|Synthesis|p1a: Chesnaught\n|-heal|p1a: Chesnaught|204/285\n|\n|-heal|p2a: Dachsbun|97/100|[from] item: Leftovers\n|-heal|p1a: Chesnaught|221/285|[from] item: Leftovers\n|upkeep\n|turn|29\n|inactive|Time left: 300 sec this turn | 300 sec total\n|\n|t:|1783545743\n|switch|p1a: Toedscruel|Toedscruel, L87, F|281/281\n|move|p2a: Dachsbun|Body Press|p1a: Toedscruel\n|-damage|p1a: Toedscruel|188/281\n|\n|-heal|p2a: Dachsbun|100/100|[from] item: Leftovers\n|-heal|p1a: Toedscruel|205/281|[from] item: Leftovers\n|upkeep\n|turn|30\n|inactive|Time left: 300 sec this turn | 300 sec total\n|\n|t:|1783545744\n|move|p2a: Dachsbun|Play Rough|p1a: Toedscruel\n|-damage|p1a: Toedscruel|87/281\n|move|p1a: Toedscruel|Earth Power|p2a: Dachsbun\n|-damage|p2a: Dachsbun|65/100\n|\n|-heal|p2a: Dachsbun|71/100|[from] item: Leftovers\n|-heal|p1a: Toedscruel|104/281|[from] item: Leftovers\n|upkeep\n|turn|31\n|inactive|Time left: 300 sec this turn | 300 sec total\n|\n|t:|1783545745\n|switch|p1a: Chesnaught|Chesnaught, L84, M, tera:Steel|221/285\n|move|p2a: Dachsbun|Play Rough|p1a: Chesnaught\n|-resisted|p1a: Chesnaught\n|-damage|p1a: Chesnaught|182/285\n|\n|-heal|p2a: Dachsbun|76/100|[from] item: Leftovers\n|-heal|p1a: Chesnaught|199/285|[from] item: Leftovers\n|upkeep\n|turn|32\n|inactive|Time left: 300 sec this turn | 300 sec total\n|\n|t:|1783545746\n|move|p2a: Dachsbun|Body Press|p1a: Chesnaught\n|-supereffective|p1a: Chesnaught\n|-damage|p1a: Chesnaught|79/285\n|move|p1a: Chesnaught|Body Press|p2a: Dachsbun\n|-resisted|p2a: Dachsbun\n|-damage|p2a: Dachsbun|62/100\n|\n|-heal|p2a: Dachsbun|68/100|[from] item: Leftovers\n|-heal|p1a: Chesnaught|96/285|[from] item: Leftovers\n|upkeep\n|turn|33\n|inactive|Time left: 300 sec this turn | 300 sec total\n|\n|t:|1783545747\n|switch|p1a: Cramorant|Cramorant, L86, F|108/261\n|move|p2a: Dachsbun|Body Press|p1a: Cramorant\n|-resisted|p1a: Cramorant\n|-damage|p1a: Cramorant|60/261\n|\n|-heal|p2a: Dachsbun|74/100|[from] item: Leftovers\n|upkeep\n|turn|34\n|inactive|Time left: 300 sec this turn | 300 sec total\n|\n|t:|1783545748\n|move|p2a: Dachsbun|Body Press|p1a: Cramorant\n|-resisted|p1a: Cramorant\n|-damage|p1a: Cramorant|8/261\n|move|p1a: Cramorant|Roost|p1a: Cramorant\n|-heal|p1a: Cramorant|139/261\n|-singleturn|p1a: Cramorant|move: Roost\n|\n|-heal|p2a: Dachsbun|80/100|[from] item: Leftovers\n|upkeep\n|turn|35\n|inactive|Time left: 300 sec this turn | 300 sec total\n|\n|t:|1783545749\n|move|p2a: Dachsbun|Wish|p2a: Dachsbun\n|move|p1a: Cramorant|Surf|p2a: Dachsbun\n|-formechange|p1a: Cramorant|Cramorant-Gulping|\n|-damage|p2a: Dachsbun|44/100\n|\n|-heal|p2a: Dachsbun|50/100|[from] item: Leftovers\n|upkeep\n|turn|36\n|inactive|Time left: 300 sec this turn | 300 sec total\n|\n|t:|1783545750\n|move|p2a: Dachsbun|Protect|p2a: Dachsbun\n|-singleturn|p2a: Dachsbun|Protect\n|move|p1a: Cramorant|Roost|p1a: Cramorant\n|-heal|p1a: Cramorant|261/261\n|-singleturn|p1a: Cramorant|move: Roost\n|\n|-heal|p2a: Dachsbun|99/100|[from] move: Wish|[wisher] Dachsbun\n|-heal|p2a: Dachsbun|100/100|[from] item: Leftovers\n|upkeep\n|turn|37\n|inactive|Time left: 300 sec this turn | 300 sec total\n|\n|t:|1783545751\n|move|p2a: Dachsbun|Wish|p2a: Dachsbun\n|move|p1a: Cramorant|Surf|p2a: Dachsbun\n|-damage|p2a: Dachsbun|63/100\n|\n|-heal|p2a: Dachsbun|69/100|[from] item: Leftovers\n|upkeep\n|turn|38\n|inactive|Time left: 300 sec this turn | 300 sec total\n|\n|t:|1783545752\n|move|p2a: Dachsbun|Protect|p2a: Dachsbun\n|-singleturn|p2a: Dachsbun|Protect\n|move|p1a: Cramorant|Surf|p2a: Dachsbun\n|-activate|p2a: Dachsbun|move: Protect\n|\n|-heal|p2a: Dachsbun|100/100|[from] move: Wish|[wisher] Dachsbun\n|upkeep\n|turn|39\n|inactive|Time left: 300 sec this turn | 300 sec total\n|\n|t:|1783545753\n|move|p2a: Dachsbun|Wish|p2a: Dachsbun\n|move|p1a: Cramorant|Surf|p2a: Dachsbun\n|-damage|p2a: Dachsbun|65/100\n|\n|-heal|p2a: Dachsbun|71/100|[from] item: Leftovers\n|upkeep\n|turn|40\n|inactive|Time left: 300 sec this turn | 300 sec total\n|\n|t:|1783545754\n|move|p2a: Dachsbun|Protect|p2a: Dachsbun\n|-singleturn|p2a: Dachsbun|Protect\n|move|p1a: Cramorant|Surf|p2a: Dachsbun\n|-activate|p2a: Dachsbun|move: Protect\n|\n|-heal|p2a: Dachsbun|100/100|[from] move: Wish|[wisher] Dachsbun\n|upkeep\n|turn|41\n|inactive|Time left: 300 sec this turn | 300 sec total\n|\n|t:|1783545755\n|move|p2a: Dachsbun|Wish|p2a: Dachsbun\n|move|p1a: Cramorant|Brave Bird|p2a: Dachsbun\n|-damage|p2a: Dachsbun|65/100\n|-damage|p1a: Cramorant|231/261|[from] Recoil\n|\n|-heal|p2a: Dachsbun|71/100|[from] item: Leftovers\n|upkeep\n|turn|42\n|inactive|Time left: 300 sec this turn | 300 sec total\n|\n|t:|1783545756\n|move|p2a: Dachsbun|Protect|p2a: Dachsbun\n|-singleturn|p2a: Dachsbun|Protect\n|move|p1a: Cramorant|Brave Bird|p2a: Dachsbun\n|-activate|p2a: Dachsbun|move: Protect\n|\n|-heal|p2a: Dachsbun|100/100|[from] move: Wish|[wisher] Dachsbun\n|upkeep\n|turn|43\n|inactive|Time left: 300 sec this turn | 300 sec total\n|\n|t:|1783545757\n|move|p2a: Dachsbun|Wish|p2a: Dachsbun\n|move|p1a: Cramorant|Surf|p2a: Dachsbun\n|-damage|p2a: Dachsbun|68/100\n|\n|-heal|p2a: Dachsbun|74/100|[from] item: Leftovers\n|upkeep\n|turn|44\n|inactive|Time left: 300 sec this turn | 300 sec total\n|\n|t:|1783545759\n|move|p2a: Dachsbun|Wish||[still]\n|-fail|p2a: Dachsbun\n|move|p1a: Cramorant|Surf|p2a: Dachsbun\n|-damage|p2a: Dachsbun|38/100\n|\n|-heal|p2a: Dachsbun|88/100|[from] move: Wish|[wisher] Dachsbun\n|-heal|p2a: Dachsbun|94/100|[from] item: Leftovers\n|upkeep\n|turn|45\n|inactive|Time left: 300 sec this turn | 300 sec total\n|\n|t:|1783545760\n|move|p2a: Dachsbun|Wish|p2a: Dachsbun\n|move|p1a: Cramorant|Roost|p1a: Cramorant\n|-heal|p1a: Cramorant|261/261\n|-singleturn|p1a: Cramorant|move: Roost\n|\n|-heal|p2a: Dachsbun|99/100|[from] item: Leftovers\n|upkeep\n|turn|46\n|inactive|Time left: 300 sec this turn | 300 sec total\n|\n|t:|1783545761\n|move|p2a: Dachsbun|Body Press|p1a: Cramorant\n|-resisted|p1a: Cramorant\n|-damage|p1a: Cramorant|212/261\n|-damage|p2a: Dachsbun|75/100|[from] ability: Gulp Missile|[of] p1a: Cramorant\n|-unboost|p2a: Dachsbun|def|1\n|-formechange|p1a: Cramorant|Cramorant|\n|move|p1a: Cramorant|Brave Bird|p2a: Dachsbun\n|-damage|p2a: Dachsbun|21/100\n|-damage|p1a: Cramorant|166/261|[from] Recoil\n|\n|-heal|p2a: Dachsbun|71/100|[from] move: Wish|[wisher] Dachsbun\n|-heal|p2a: Dachsbun|77/100|[from] item: Leftovers\n|upkeep\n|turn|47\n|inactive|Time left: 300 sec this turn | 300 sec total\n|\n|t:|1783545762\n|move|p2a: Dachsbun|Wish|p2a: Dachsbun\n|move|p1a: Cramorant|Surf|p2a: Dachsbun\n|-formechange|p1a: Cramorant|Cramorant-Gulping|\n|-damage|p2a: Dachsbun|42/100\n|\n|-heal|p2a: Dachsbun|48/100|[from] item: Leftovers\n|upkeep\n|turn|48\n|inactive|Time left: 300 sec this turn | 300 sec total\n|\n|t:|1783545763\n|move|p2a: Dachsbun|Protect|p2a: Dachsbun\n|-singleturn|p2a: Dachsbun|Protect\n|move|p1a: Cramorant|Brave Bird|p2a: Dachsbun\n|-activate|p2a: Dachsbun|move: Protect\n|\n|-heal|p2a: Dachsbun|98/100|[from] move: Wish|[wisher] Dachsbun\n|-heal|p2a: Dachsbun|100/100|[from] item: Leftovers\n|upkeep\n|turn|49\n|inactive|Time left: 300 sec this turn | 300 sec total\n|\n|t:|1783545764\n|move|p2a: Dachsbun|Wish|p2a: Dachsbun\n|move|p1a: Cramorant|Surf|p2a: Dachsbun\n|-damage|p2a: Dachsbun|67/100\n|\n|-heal|p2a: Dachsbun|73/100|[from] item: Leftovers\n|upkeep\n|turn|50\n|inactive|Time left: 300 sec this turn | 300 sec total\n|\n|t:|1783545765\n|move|p2a: Dachsbun|Wish||[still]\n|-fail|p2a: Dachsbun\n|move|p1a: Cramorant|Roost|p1a: Cramorant\n|-heal|p1a: Cramorant|261/261\n|-singleturn|p1a: Cramorant|move: Roost\n|\n|-heal|p2a: Dachsbun|100/100|[from] move: Wish|[wisher] Dachsbun\n|upkeep\n|turn|51\n|inactive|Time left: 300 sec this turn | 300 sec total\n|\n|t:|1783545766\n|move|p2a: Dachsbun|Wish|p2a: Dachsbun\n|move|p1a: Cramorant|Surf|p2a: Dachsbun\n|-damage|p2a: Dachsbun|64/100\n|\n|-heal|p2a: Dachsbun|70/100|[from] item: Leftovers\n|upkeep\n|turn|52\n|inactive|Time left: 300 sec this turn | 300 sec total\n|\n|t:|1783545767\n|move|p2a: Dachsbun|Protect|p2a: Dachsbun\n|-singleturn|p2a: Dachsbun|Protect\n|move|p1a: Cramorant|Brave Bird|p2a: Dachsbun\n|-activate|p2a: Dachsbun|move: Protect\n|\n|-heal|p2a: Dachsbun|100/100|[from] move: Wish|[wisher] Dachsbun\n|upkeep\n|turn|53\n|inactive|Time left: 300 sec this turn | 300 sec total\n|\n|t:|1783545768\n|move|p2a: Dachsbun|Wish|p2a: Dachsbun\n|move|p1a: Cramorant|Surf|p2a: Dachsbun\n|-damage|p2a: Dachsbun|67/100\n|\n|-heal|p2a: Dachsbun|73/100|[from] item: Leftovers\n|upkeep\n|turn|54\n|inactive|Time left: 300 sec this turn | 300 sec total\n|\n|t:|1783545769\n|move|p2a: Dachsbun|Protect|p2a: Dachsbun\n|-singleturn|p2a: Dachsbun|Protect\n|move|p1a: Cramorant|Brave Bird|p2a: Dachsbun\n|-activate|p2a: Dachsbun|move: Protect\n|\n|-heal|p2a: Dachsbun|100/100|[from] move: Wish|[wisher] Dachsbun\n|upkeep\n|turn|55\n|inactive|Time left: 300 sec this turn | 300 sec total\n|\n|t:|1783545770\n|move|p2a: Dachsbun|Wish|p2a: Dachsbun\n|move|p1a: Cramorant|Surf|p2a: Dachsbun\n|-damage|p2a: Dachsbun|66/100\n|\n|-heal|p2a: Dachsbun|72/100|[from] item: Leftovers\n|upkeep\n|turn|56\n|inactive|Time left: 300 sec this turn | 300 sec total\n|\n|t:|1783545771\n|move|p2a: Dachsbun|Protect|p2a: Dachsbun\n|-singleturn|p2a: Dachsbun|Protect\n|move|p1a: Cramorant|Brave Bird|p2a: Dachsbun\n|-activate|p2a: Dachsbun|move: Protect\n|\n|-heal|p2a: Dachsbun|100/100|[from] move: Wish|[wisher] Dachsbun\n|upkeep\n|turn|57\n|inactive|Time left: 300 sec this turn | 300 sec total\n|\n|t:|1783545772\n|move|p2a: Dachsbun|Wish|p2a: Dachsbun\n|move|p1a: Cramorant|Surf|p2a: Dachsbun\n|-damage|p2a: Dachsbun|67/100\n|\n|-heal|p2a: Dachsbun|73/100|[from] item: Leftovers\n|upkeep\n|turn|58\n|inactive|Time left: 300 sec this turn | 300 sec total\n|\n|t:|1783545773\n|move|p2a: Dachsbun|Protect|p2a: Dachsbun\n|-singleturn|p2a: Dachsbun|Protect\n|move|p1a: Cramorant|Surf|p2a: Dachsbun\n|-activate|p2a: Dachsbun|move: Protect\n|\n|-heal|p2a: Dachsbun|100/100|[from] move: Wish|[wisher] Dachsbun\n|upkeep\n|turn|59\n|inactive|Time left: 300 sec this turn | 300 sec total\n|\n|t:|1783545775\n|move|p2a: Dachsbun|Wish|p2a: Dachsbun\n|move|p1a: Cramorant|Surf|p2a: Dachsbun\n|-damage|p2a: Dachsbun|65/100\n|\n|-heal|p2a: Dachsbun|71/100|[from] item: Leftovers\n|upkeep\n|turn|60\n|inactive|Time left: 300 sec this turn | 300 sec total\n|\n|t:|1783545776\n|move|p2a: Dachsbun|Protect|p2a: Dachsbun\n|-singleturn|p2a: Dachsbun|Protect\n|move|p1a: Cramorant|Brave Bird|p2a: Dachsbun\n|-activate|p2a: Dachsbun|move: Protect\n|\n|-heal|p2a: Dachsbun|100/100|[from] move: Wish|[wisher] Dachsbun\n|upkeep\n|turn|61\n|inactive|Time left: 300 sec this turn | 300 sec total\n|\n|t:|1783545777\n|move|p2a: Dachsbun|Wish|p2a: Dachsbun\n|move|p1a: Cramorant|Brave Bird|p2a: Dachsbun\n|-damage|p2a: Dachsbun|44/100\n|-damage|p1a: Cramorant|213/261|[from] Recoil\n|\n|-heal|p2a: Dachsbun|50/100|[from] item: Leftovers\n|upkeep\n|turn|62\n|inactive|Time left: 300 sec this turn | 300 sec total\n|\n|t:|1783545778\n|move|p2a: Dachsbun|Protect|p2a: Dachsbun\n|-singleturn|p2a: Dachsbun|Protect\n|move|p1a: Cramorant|Brave Bird|p2a: Dachsbun\n|-activate|p2a: Dachsbun|move: Protect\n|\n|-heal|p2a: Dachsbun|99/100|[from] move: Wish|[wisher] Dachsbun\n|-heal|p2a: Dachsbun|100/100|[from] item: Leftovers\n|upkeep\n|turn|63\n|inactive|Time left: 300 sec this turn | 300 sec total\n|\n|t:|1783545779\n|move|p2a: Dachsbun|Protect|p2a: Dachsbun\n|-singleturn|p2a: Dachsbun|Protect\n|move|p1a: Cramorant|Surf|p2a: Dachsbun\n|-activate|p2a: Dachsbun|move: Protect\n|\n|upkeep\n|turn|64\n|inactive|Time left: 300 sec this turn | 300 sec total\n|\n|t:|1783545780\n|move|p2a: Dachsbun|Protect||[still]\n|-fail|p2a: Dachsbun\n|move|p1a: Cramorant|Brave Bird|p2a: Dachsbun\n|-damage|p2a: Dachsbun|51/100\n|-damage|p1a: Cramorant|171/261|[from] Recoil\n|\n|-heal|p2a: Dachsbun|57/100|[from] item: Leftovers\n|upkeep\n|turn|65\n|inactive|Time left: 300 sec this turn | 300 sec total\n|\n|t:|1783545781\n|move|p2a: Dachsbun|Protect|p2a: Dachsbun\n|-singleturn|p2a: Dachsbun|Protect\n|move|p1a: Cramorant|Brave Bird|p2a: Dachsbun\n|-activate|p2a: Dachsbun|move: Protect\n|\n|-heal|p2a: Dachsbun|63/100|[from] item: Leftovers\n|upkeep\n|turn|66\n|inactive|Time left: 300 sec this turn | 300 sec total\n|\n|t:|1783545782\n|move|p2a: Dachsbun|Protect||[still]\n|-fail|p2a: Dachsbun\n|move|p1a: Cramorant|Brave Bird|p2a: Dachsbun\n|-damage|p2a: Dachsbun|9/100\n|-damage|p1a: Cramorant|126/261|[from] Recoil\n|\n|-heal|p2a: Dachsbun|15/100|[from] item: Leftovers\n|upkeep\n|turn|67\n|inactive|Time left: 300 sec this turn | 300 sec total\n|\n|t:|1783545783\n|move|p2a: Dachsbun|Protect|p2a: Dachsbun\n|-singleturn|p2a: Dachsbun|Protect\n|move|p1a: Cramorant|Roost|p1a: Cramorant\n|-heal|p1a: Cramorant|257/261\n|-singleturn|p1a: Cramorant|move: Roost\n|\n|-heal|p2a: Dachsbun|21/100|[from] item: Leftovers\n|upkeep\n|turn|68\n|inactive|Time left: 300 sec this turn | 300 sec total\n|\n|t:|1783545784\n|move|p2a: Dachsbun|Body Press|p1a: Cramorant\n|-resisted|p1a: Cramorant\n|-damage|p1a: Cramorant|220/261\n|-damage|p2a: Dachsbun|0 fnt|[from] ability: Gulp Missile|[of] p1a: Cramorant\n|-formechange|p1a: Cramorant|Cramorant|\n|faint|p2a: Dachsbun\n|move|p1a: Cramorant|Surf|p2: Dachsbun|[notarget]\n|-fail|p1a: Cramorant\n|\n|upkeep\n|\n|t:|1783545785\n|switch|p2a: Iron Moth|Iron Moth, L78|100/100\n|turn|69\n|inactive|Time left: 300 sec this turn | 300 sec total\n|\n|t:|1783545786\n|move|p2a: Iron Moth|Fiery Dance|p1a: Cramorant\n|-resisted|p1a: Cramorant\n|-damage|p1a: Cramorant|172/261\n|move|p1a: Cramorant|Surf|p2a: Iron Moth\n|-formechange|p1a: Cramorant|Cramorant-Gulping|\n|-supereffective|p2a: Iron Moth\n|-damage|p2a: Iron Moth|32/100\n|\n|upkeep\n|turn|70\n|inactive|Time left: 300 sec this turn | 300 sec total\n|\n|t:|1783545787\n|move|p2a: Iron Moth|Sludge Wave|p1a: Cramorant\n|-damage|p1a: Cramorant|69/261\n|-damage|p2a: Iron Moth|7/100|[from] ability: Gulp Missile|[of] p1a: Cramorant\n|-unboost|p2a: Iron Moth|def|1\n|-formechange|p1a: Cramorant|Cramorant|\n|move|p1a: Cramorant|Surf|p2a: Iron Moth\n|-formechange|p1a: Cramorant|Cramorant-Gorging|\n|-supereffective|p2a: Iron Moth\n|-damage|p2a: Iron Moth|0 fnt\n|faint|p2a: Iron Moth\n|-end|p2a: Iron Moth|Quark Drive|[silent]\n|\n|upkeep\n|\n|t:|1783545788\n|switch|p2a: Volbeat|Volbeat, L90, M|100/100\n|turn|71\n|inactive|Time left: 300 sec this turn | 300 sec total\n|\n|t:|1783545789\n|move|p2a: Volbeat|Thunder Wave|p1a: Cramorant|[miss]\n|-miss|p2a: Volbeat|p1a: Cramorant\n|move|p1a: Cramorant|Roost|p1a: Cramorant\n|-heal|p1a: Cramorant|200/261\n|-singleturn|p1a: Cramorant|move: Roost\n|\n|upkeep\n|turn|72\n|inactive|Time left: 300 sec this turn | 300 sec total\n|\n|t:|1783545790\n|move|p2a: Volbeat|Thunder Wave|p1a: Cramorant\n|-status|p1a: Cramorant|par\n|move|p1a: Cramorant|Brave Bird|p2a: Volbeat\n|-supereffective|p2a: Volbeat\n|-damage|p2a: Volbeat|0 fnt\n|faint|p2a: Volbeat\n|-damage|p1a: Cramorant|113/261 par|[from] Recoil\n|\n|upkeep\n|\n|t:|1783545791\n|switch|p2a: Medicham|Medicham, L86, M|100/100\n|-damage|p2a: Medicham|76/100|[from] Spikes\n|turn|73\n|inactive|Time left: 300 sec this turn | 300 sec total\n|\n|t:|1783545792\n|move|p2a: Medicham|Zen Headbutt|p1a: Cramorant|[miss]\n|-miss|p2a: Medicham|p1a: Cramorant\n|move|p1a: Cramorant|Surf|p2a: Medicham\n|-damage|p2a: Medicham|33/100\n|\n|upkeep\n|turn|74\n|inactive|Time left: 300 sec this turn | 300 sec total\n|\n|t:|1783545793\n|switch|p1a: Lokix|Lokix, L82, M|251/251\n|move|p2a: Medicham|Zen Headbutt|p1a: Lokix\n|-immune|p1a: Lokix\n|\n|upkeep\n|turn|75\n|inactive|Time left: 300 sec this turn | 300 sec total\n|\n|t:|1783545794\n|move|p1a: Lokix|U-turn|p2a: Medicham\n|-damage|p2a: Medicham|0 fnt\n|faint|p2a: Medicham\n|inactive|Time left: 300 sec this turn | 300 sec total | 5 sec grace\n|\n|t:|1783545795\n|switch|p1a: Chesnaught|Chesnaught, L84, M, tera:Steel|96/285|[from] U-turn\n|\n|-heal|p1a: Chesnaught|113/285|[from] item: Leftovers\n|upkeep\n|\n|t:|1783545796\n|switch|p2a: Cacturne|Cacturne, L92, F|100/100\n|-damage|p2a: Cacturne|76/100|[from] Spikes\n|turn|76\n|inactive|Time left: 300 sec this turn | 300 sec total\n|\n|t:|1783545797\n|-terastallize|p2a: Cacturne|Poison\n|move|p2a: Cacturne|Sucker Punch|p1a: Chesnaught\n|-damage|p1a: Chesnaught|6/285\n|-damage|p2a: Cacturne|66/100|[from] item: Life Orb\n|move|p1a: Chesnaught|Body Press|p2a: Cacturne\n|-resisted|p2a: Cacturne\n|-damage|p2a: Cacturne|42/100\n|\n|-heal|p1a: Chesnaught|23/285|[from] item: Leftovers\n|upkeep\n|turn|77\n|inactive|Time left: 300 sec this turn | 300 sec total\n|\n|t:|1783545798\n|switch|p1a: Lokix|Lokix, L82, M|251/251\n|move|p2a: Cacturne|Focus Blast|p1a: Lokix\n|-damage|p1a: Lokix|21/251\n|-damage|p2a: Cacturne|33/100|[from] item: Life Orb\n|\n|upkeep\n|turn|78\n|inactive|Time left: 300 sec this turn | 300 sec total\n|\n|t:|1783545799\n|move|p1a: Lokix|Sucker Punch|p2a: Cacturne\n|-crit|p2a: Cacturne\n|-damage|p2a: Cacturne|0 fnt\n|faint|p2a: Cacturne\n|\n|win|p0x513ad9b", "uploadtime": 1783545799, "views": 0, "rating": 0, "private": 0, "password": null, "_winner": "p0x513ad9b", "_our_name": "p0x513ad9b"}