{"id": "battle-gen9randombattle-1932", "formatid": "gen9randombattle", "format": "[Gen 9] Random Battle", "players": ["p0x19322597", "p0y1932f14c"], "log": "|init|battle\n|title|p0x19322597 vs. p0y1932f14c\n|j|\u2606p0x19322597\n|j|\u2606p0y1932f14c\n|t:|1783562344\n|gametype|singles\n|player|p1|p0x19322597|2|\n|player|p2|p0y1932f14c|170|\n|gen|9\n|tier|[Gen 9] Random Battle\n|rule|Species Clause: Limit one of each Pok\u00e9mon\n|rule|HP Percentage Mod: HP is shown in percentages\n|rule|Sleep Clause Mod: Limit one foe put to sleep\n|rule|Illusion Level Mod: Illusion disguises the Pok\u00e9mon's true level\n|\n|t:|1783562344\n|teamsize|p1|6\n|teamsize|p2|6\n|start\n|switch|p1a: Feraligatr|Feraligatr, L79, F|264/264\n|switch|p2a: Girafarig|Girafarig, L89, F|100/100\n|turn|1\n|inactive|Battle timer is ON: inactive players will automatically lose when time's up. (requested by p0y1932f14c)\n|inactive|Time left: 300 sec this turn | 300 sec total | 60 sec grace\n|\n|t:|1783562345\n|move|p2a: Girafarig|Nasty Plot|p2a: Girafarig\n|-boost|p2a: Girafarig|spa|2\n|move|p1a: Feraligatr|Liquidation|p2a: Girafarig\n|-damage|p2a: Girafarig|60/100\n|\n|upkeep\n|turn|2\n|inactive|Time left: 300 sec this turn | 300 sec total\n|inactive|p0x19322597 also wants the timer to be on.\n|\n|t:|1783562346\n|switch|p1a: Whiscash|Whiscash, L88, F|337/337\n|move|p2a: Girafarig|Thunderbolt|p1a: Whiscash\n|-immune|p1a: Whiscash\n|\n|upkeep\n|turn|3\n|inactive|Time left: 300 sec this turn | 300 sec total\n|\n|t:|1783562348\n|move|p2a: Girafarig|Psyshock|p1a: Whiscash\n|-damage|p1a: Whiscash|141/337\n|move|p1a: Whiscash|Stealth Rock|p2a: Girafarig\n|-sidestart|p2: p0y1932f14c|move: Stealth Rock\n|\n|-heal|p1a: Whiscash|162/337|[from] item: Leftovers\n|upkeep\n|turn|4\n|inactive|Time left: 300 sec this turn | 300 sec total\n|\n|t:|1783562349\n|switch|p1a: Girafarig|Girafarig, L89, F|269/269\n|move|p2a: Girafarig|Psyshock|p1a: Girafarig\n|-resisted|p1a: Girafarig\n|-damage|p1a: Girafarig|197/269\n|\n|upkeep\n|turn|5\n|inactive|Time left: 300 sec this turn | 300 sec total\n|\n|t:|1783562350\n|move|p2a: Girafarig|Thunderbolt|p1a: Girafarig\n|-damage|p1a: Girafarig|99/269\n|move|p1a: Girafarig|Nasty Plot|p1a: Girafarig\n|-boost|p1a: Girafarig|spa|2\n|\n|upkeep\n|turn|6\n|inactive|Time left: 300 sec this turn | 300 sec total\n|\n|t:|1783562351\n|move|p1a: Girafarig|Hyper Voice|p2a: Girafarig\n|-damage|p2a: Girafarig|0 fnt\n|faint|p2a: Girafarig\n|\n|upkeep\n|\n|t:|1783562352\n|switch|p2a: Palkia|Palkia-Origin, L72|100/100\n|-damage|p2a: Palkia|88/100|[from] Stealth Rock\n|-ability|p2a: Palkia|Pressure\n|turn|7\n|inactive|Time left: 300 sec this turn | 300 sec total\n|\n|t:|1783562353\n|move|p2a: Palkia|Spacial Rend|p1a: Girafarig\n|-damage|p1a: Girafarig|0 fnt\n|faint|p1a: Girafarig\n|\n|upkeep\n|inactive|Time left: 300 sec this turn | 300 sec total | 5 sec grace\n|\n|t:|1783562354\n|switch|p1a: Florges|Florges-Yellow, L85, F|271/271\n|turn|8\n|inactive|Time left: 300 sec this turn | 300 sec total\n|\n|t:|1783562355\n|switch|p2a: Iron Leaves|Iron Leaves, L80|100/100\n|-damage|p2a: Iron Leaves|88/100|[from] Stealth Rock\n|move|p1a: Florges|Moonblast|p2a: Iron Leaves\n|-damage|p2a: Iron Leaves|51/100\n|\n|upkeep\n|turn|9\n|inactive|Time left: 300 sec this turn | 300 sec total\n|\n|t:|1783562356\n|move|p2a: Iron Leaves|Swords Dance|p2a: Iron Leaves\n|-boost|p2a: Iron Leaves|atk|2\n|move|p1a: Florges|Moonblast|p2a: Iron Leaves\n|-damage|p2a: Iron Leaves|10/100\n|-unboost|p2a: Iron Leaves|spa|1\n|\n|upkeep\n|turn|10\n|inactive|Time left: 300 sec this turn | 300 sec total\n|\n|t:|1783562357\n|move|p1a: Florges|Protect|p1a: Florges\n|-singleturn|p1a: Florges|Protect\n|move|p2a: Iron Leaves|Leaf Blade|p1a: Florges\n|-activate|p1a: Florges|move: Protect\n|\n|upkeep\n|turn|11\n|inactive|Time left: 300 sec this turn | 300 sec total\n|\n|t:|1783562358\n|-terastallize|p1a: Florges|Steel\n|move|p2a: Iron Leaves|Psyblade|p1a: Florges\n|-resisted|p1a: Florges\n|-damage|p1a: Florges|122/271\n|-damage|p2a: Iron Leaves|0 fnt|[from] item: Life Orb\n|faint|p2a: Iron Leaves\n|-end|p2a: Iron Leaves|Quark Drive|[silent]\n|move|p1a: Florges|Moonblast|p2: Iron Leaves|[notarget]\n|-fail|p1a: Florges\n|\n|-heal|p1a: Florges|138/271|[from] item: Leftovers\n|upkeep\n|\n|t:|1783562359\n|switch|p2a: Grafaiai|Grafaiai, L86, M|100/100\n|turn|12\n|inactive|Time left: 300 sec this turn | 300 sec total\n|\n|t:|1783562360\n|move|p2a: Grafaiai|Knock Off|p1a: Florges\n|-damage|p1a: Florges|46/271\n|-enditem|p1a: Florges|Leftovers|[from] move: Knock Off|[of] p2a: Grafaiai\n|move|p1a: Florges|Moonblast|p2a: Grafaiai\n|-resisted|p2a: Grafaiai\n|-crit|p2a: Grafaiai\n|-damage|p2a: Grafaiai|62/100\n|\n|upkeep\n|turn|13\n|inactive|Time left: 300 sec this turn | 300 sec total\n|\n|t:|1783562361\n|move|p2a: Grafaiai|Knock Off|p1a: Florges\n|-damage|p1a: Florges|0 fnt\n|faint|p1a: Florges\n|\n|upkeep\n|inactive|Time left: 300 sec this turn | 300 sec total | 5 sec grace\n|\n|t:|1783562361\n|switch|p1a: Lucario|Lucario, L84, M|255/255\n|turn|14\n|inactive|Time left: 300 sec this turn | 300 sec total\n|\n|t:|1783562362\n|move|p2a: Grafaiai|Parting Shot|p1a: Lucario\n|-unboost|p1a: Lucario|atk|1\n|-unboost|p1a: Lucario|spa|1\n|\n|t:|1783562363\n|switch|p2a: Palkia|Palkia-Origin, L72|88/100|[from] Parting Shot\n|-damage|p2a: Palkia|76/100|[from] Stealth Rock\n|-ability|p2a: Palkia|Pressure\n|move|p1a: Lucario|Close Combat|p2a: Palkia\n|-damage|p2a: Palkia|25/100\n|-unboost|p1a: Lucario|def|1\n|-unboost|p1a: Lucario|spd|1\n|-damage|p1a: Lucario|230/255|[from] item: Life Orb\n|\n|upkeep\n|turn|15\n|inactive|Time left: 300 sec this turn | 300 sec total\n|\n|t:|1783562364\n|switch|p1a: Feraligatr|Feraligatr, L79, F|264/264\n|move|p2a: Palkia|Spacial Rend|p1a: Feraligatr\n|-damage|p1a: Feraligatr|126/264\n|\n|upkeep\n|turn|16\n|inactive|Time left: 300 sec this turn | 300 sec total\n|\n|t:|1783562366\n|switch|p1a: Lucario|Lucario, L84, M|230/255\n|move|p2a: Palkia|Spacial Rend|p1a: Lucario\n|-resisted|p1a: Lucario\n|-damage|p1a: Lucario|157/255\n|\n|upkeep\n|turn|17\n|inactive|Time left: 300 sec this turn | 300 sec total\n|\n|t:|1783562367\n|move|p1a: Lucario|Extreme Speed|p2a: Palkia\n|-damage|p2a: Palkia|0 fnt\n|faint|p2a: Palkia\n|-damage|p1a: Lucario|132/255|[from] item: Life Orb\n|\n|upkeep\n|\n|t:|1783562368\n|switch|p2a: Spectrier|Spectrier, L75|100/100\n|-damage|p2a: Spectrier|88/100|[from] Stealth Rock\n|turn|18\n|inactive|Time left: 300 sec this turn | 300 sec total\n|\n|t:|1783562369\n|switch|p1a: Volbeat|Volbeat, L90, M|263/263\n|move|p2a: Spectrier|Nasty Plot|p2a: Spectrier\n|-boost|p2a: Spectrier|spa|2\n|\n|upkeep\n|turn|19\n|inactive|Time left: 300 sec this turn | 300 sec total\n|\n|t:|1783562370\n|move|p1a: Volbeat|Encore|p2a: Spectrier\n|-start|p2a: Spectrier|Encore\n|move|p2a: Spectrier|Nasty Plot|p2a: Spectrier\n|-boost|p2a: Spectrier|spa|2\n|\n|upkeep\n|turn|20\n|inactive|Time left: 300 sec this turn | 300 sec total\n|\n|t:|1783562371\n|switch|p2a: Amoonguss|Amoonguss, L82, M|100/100\n|-damage|p2a: Amoonguss|88/100|[from] Stealth Rock\n|switch|p1a: Feraligatr|Feraligatr, L79, F|126/264\n|\n|upkeep\n|turn|21\n|inactive|Time left: 300 sec this turn | 300 sec total\n|\n|t:|1783562372\n|move|p1a: Feraligatr|Ice Punch|p2a: Amoonguss\n|-supereffective|p2a: Amoonguss\n|-damage|p2a: Amoonguss|26/100\n|-damage|p1a: Feraligatr|82/264|[from] item: Rocky Helmet|[of] p2a: Amoonguss\n|move|p2a: Amoonguss|Giga Drain|p1a: Feraligatr\n|-supereffective|p1a: Feraligatr\n|-damage|p1a: Feraligatr|0 fnt\n|-heal|p2a: Amoonguss|39/100|[from] drain|[of] p1a: Feraligatr\n|faint|p1a: Feraligatr\n|\n|upkeep\n|inactive|Time left: 300 sec this turn | 300 sec total | 5 sec grace\n|\n|t:|1783562373\n|switch|p1a: Whiscash|Whiscash, L88, F|162/337\n|turn|22\n|inactive|Time left: 300 sec this turn | 300 sec total\n|\n|t:|1783562374\n|move|p1a: Whiscash|Ice Beam|p2a: Amoonguss\n|-supereffective|p2a: Amoonguss\n|-damage|p2a: Amoonguss|0 fnt\n|faint|p2a: Amoonguss\n|\n|-heal|p1a: Whiscash|183/337|[from] item: Leftovers\n|upkeep\n|\n|t:|1783562375\n|switch|p2a: Spectrier|Spectrier, L75|88/100\n|-damage|p2a: Spectrier|76/100|[from] Stealth Rock\n|turn|23\n|inactive|Time left: 300 sec this turn | 300 sec total\n|\n|t:|1783562376\n|move|p2a: Spectrier|Nasty Plot|p2a: Spectrier\n|-boost|p2a: Spectrier|spa|2\n|move|p1a: Whiscash|Earthquake|p2a: Spectrier\n|-damage|p2a: Spectrier|20/100\n|\n|-heal|p1a: Whiscash|204/337|[from] item: Leftovers\n|upkeep\n|turn|24\n|inactive|Time left: 300 sec this turn | 300 sec total\n|\n|t:|1783562377\n|switch|p1a: Volbeat|Volbeat, L90, M|263/263\n|move|p2a: Spectrier|Shadow Ball|p1a: Volbeat\n|-damage|p1a: Volbeat|16/263\n|-damage|p2a: Spectrier|10/100|[from] item: Life Orb\n|\n|upkeep\n|turn|25\n|inactive|Time left: 300 sec this turn | 300 sec total\n|\n|t:|1783562378\n|move|p2a: Spectrier|Draining Kiss|p1a: Volbeat\n|-damage|p1a: Volbeat|0 fnt\n|-heal|p2a: Spectrier|14/100|[from] drain|[of] p1a: Volbeat\n|faint|p1a: Volbeat\n|-ability|p2a: Spectrier|Grim Neigh|boost\n|-boost|p2a: Spectrier|spa|1\n|-damage|p2a: Spectrier|5/100|[from] item: Life Orb\n|\n|upkeep\n|inactive|Time left: 300 sec this turn | 300 sec total | 5 sec grace\n|\n|t:|1783562379\n|switch|p1a: Lucario|Lucario, L84, M|132/255\n|turn|26\n|inactive|Time left: 300 sec this turn | 300 sec total\n|\n|t:|1783562380\n|switch|p1a: Whiscash|Whiscash, L88, F|204/337\n|move|p2a: Spectrier|Draining Kiss|p1a: Whiscash\n|-damage|p1a: Whiscash|68/337\n|-heal|p2a: Spectrier|42/100|[from] drain|[of] p1a: Whiscash\n|-damage|p2a: Spectrier|32/100|[from] item: Life Orb\n|\n|-heal|p1a: Whiscash|89/337|[from] item: Leftovers\n|upkeep\n|turn|27\n|inactive|Time left: 300 sec this turn | 300 sec total\n|\n|t:|1783562381\n|switch|p1a: Lucario|Lucario, L84, M|132/255\n|-terastallize|p2a: Spectrier|Dark\n|move|p2a: Spectrier|Draining Kiss|p1a: Lucario\n|-damage|p1a: Lucario|0 fnt\n|-heal|p2a: Spectrier|68/100|[from] drain|[of] p1a: Lucario\n|faint|p1a: Lucario\n|-ability|p2a: Spectrier|Grim Neigh|boost\n|-boost|p2a: Spectrier|spa|1\n|-damage|p2a: Spectrier|58/100|[from] item: Life Orb\n|\n|upkeep\n|inactive|Time left: 300 sec this turn | 300 sec total | 5 sec grace\n|\n|t:|1783562382\n|switch|p1a: Whiscash|Whiscash, L88, F|89/337\n|turn|28\n|inactive|Time left: 300 sec this turn | 300 sec total\n|\n|t:|1783562382\n|move|p2a: Spectrier|Shadow Ball|p1a: Whiscash\n|-damage|p1a: Whiscash|0 fnt\n|faint|p1a: Whiscash\n|-damage|p2a: Spectrier|48/100|[from] item: Life Orb\n|\n|win|p0y1932f14c", "uploadtime": 1783562382, "views": 0, "rating": 0, "private": 0, "password": null, "_winner": "p0y1932f14c", "_our_name": "p0x19322597"}