{"id": "battle-gen9randombattle-1538", "formatid": "gen9randombattle", "format": "[Gen 9] Random Battle", "players": ["p0x1538ebde", "p0y153828a3"], "log": "|init|battle\n|title|p0x1538ebde vs. p0y153828a3\n|j|\u2606p0x1538ebde\n|j|\u2606p0y153828a3\n|t:|1783556981\n|gametype|singles\n|player|p1|p0x1538ebde|265|\n|player|p2|p0y153828a3|1|\n|gen|9\n|tier|[Gen 9] Random Battle\n|rule|Species Clause: Limit one of each Pok\u00e9mon\n|rule|HP Percentage Mod: HP is shown in percentages\n|rule|Sleep Clause Mod: Limit one foe put to sleep\n|rule|Illusion Level Mod: Illusion disguises the Pok\u00e9mon's true level\n|\n|t:|1783556981\n|teamsize|p1|6\n|teamsize|p2|6\n|start\n|switch|p1a: Luvdisc|Luvdisc, M|247/247\n|switch|p2a: Qwilfish|Qwilfish, L86, F|100/100\n|-ability|p2a: Qwilfish|Intimidate|boost\n|-unboost|p1a: Luvdisc|atk|1\n|turn|1\n|inactive|Battle timer is ON: inactive players will automatically lose when time's up. (requested by p0y153828a3)\n|inactive|Time left: 300 sec this turn | 300 sec total | 60 sec grace\n|\n|t:|1783556983\n|switch|p1a: Arceus|Arceus-Flying, L69|279/279\n|move|p2a: Qwilfish|Flip Turn|p1a: Arceus\n|-damage|p1a: Arceus|212/279\n|inactive|p0x1538ebde also wants the timer to be on.\n|\n|t:|1783556984\n|switch|p2a: Ariados|Ariados, L95, M|100/100|[from] Flip Turn\n|\n|upkeep\n|turn|2\n|inactive|Time left: 300 sec this turn | 300 sec total\n|\n|t:|1783556985\n|move|p1a: Arceus|Judgment|p2a: Ariados\n|-supereffective|p2a: Ariados\n|-damage|p2a: Ariados|29/100\n|move|p2a: Ariados|Sticky Web|p1a: Arceus\n|-sidestart|p1: p0x1538ebde|move: Sticky Web\n|\n|upkeep\n|turn|3\n|inactive|Time left: 300 sec this turn | 300 sec total\n|\n|t:|1783556986\n|switch|p2a: Arboliva|Arboliva, L91, F|100/100\n|move|p1a: Arceus|Judgment|p2a: Arboliva\n|-supereffective|p2a: Arboliva\n|-damage|p2a: Arboliva|43/100\n|-fieldstart|move: Grassy Terrain|[from] ability: Seed Sower|[of] p2a: Arboliva\n|\n|-heal|p2a: Arboliva|49/100|[from] Grassy Terrain\n|-heal|p2a: Arboliva|55/100|[from] item: Leftovers\n|upkeep\n|turn|4\n|inactive|Time left: 300 sec this turn | 300 sec total\n|\n|t:|1783556987\n|move|p1a: Arceus|Judgment|p2a: Arboliva\n|-supereffective|p2a: Arboliva\n|-damage|p2a: Arboliva|3/100\n|move|p2a: Arboliva|Strength Sap|p1a: Arceus\n|-unboost|p1a: Arceus|atk|1\n|-heal|p2a: Arboliva|61/100\n|\n|-heal|p2a: Arboliva|67/100|[from] Grassy Terrain\n|-heal|p2a: Arboliva|74/100|[from] item: Leftovers\n|upkeep\n|turn|5\n|inactive|Time left: 300 sec this turn | 300 sec total\n|\n|t:|1783556989\n|move|p1a: Arceus|Calm Mind|p1a: Arceus\n|-boost|p1a: Arceus|spa|1\n|-boost|p1a: Arceus|spd|1\n|move|p2a: Arboliva|Energy Ball|p1a: Arceus\n|-resisted|p1a: Arceus\n|-damage|p1a: Arceus|156/279\n|-unboost|p1a: Arceus|spd|1\n|\n|-heal|p2a: Arboliva|80/100|[from] Grassy Terrain\n|-heal|p2a: Arboliva|86/100|[from] item: Leftovers\n|upkeep\n|turn|6\n|inactive|Time left: 300 sec this turn | 300 sec total\n|\n|t:|1783556990\n|move|p1a: Arceus|Judgment|p2a: Arboliva\n|-supereffective|p2a: Arboliva\n|-damage|p2a: Arboliva|0 fnt\n|faint|p2a: Arboliva\n|\n|upkeep\n|\n|t:|1783556990\n|switch|p2a: Minun|Minun, L95, F|100/100\n|turn|7\n|inactive|Time left: 300 sec this turn | 300 sec total\n|\n|t:|1783556992\n|switch|p1a: Decidueye|Decidueye, L88, F|281/281\n|-activate|p1a: Decidueye|move: Sticky Web\n|-unboost|p1a: Decidueye|spe|1\n|move|p2a: Minun|Thunderbolt|p1a: Decidueye\n|-resisted|p1a: Decidueye\n|-damage|p1a: Decidueye|221/281\n|-damage|p2a: Minun|91/100|[from] item: Life Orb\n|\n|-heal|p2a: Minun|97/100|[from] Grassy Terrain\n|-heal|p1a: Decidueye|238/281|[from] Grassy Terrain\n|-fieldend|move: Grassy Terrain\n|upkeep\n|turn|8\n|inactive|Time left: 300 sec this turn | 300 sec total\n|\n|t:|1783556993\n|switch|p2a: Dipplin|Dipplin, L88, F|100/100\n|move|p1a: Decidueye|Leaf Blade|p2a: Dipplin\n|-resisted|p2a: Dipplin\n|-damage|p2a: Dipplin|94/100\n|-damage|p1a: Decidueye|210/281|[from] item: Life Orb\n|\n|upkeep\n|turn|9\n|inactive|Time left: 300 sec this turn | 300 sec total\n|\n|t:|1783556994\n|move|p2a: Dipplin|Dragon Pulse|p1a: Decidueye\n|-damage|p1a: Decidueye|126/281\n|move|p1a: Decidueye|Swords Dance|p1a: Decidueye\n|-boost|p1a: Decidueye|atk|2\n|\n|upkeep\n|turn|10\n|inactive|Time left: 300 sec this turn | 300 sec total\n|\n|t:|1783556995\n|move|p1a: Decidueye|Poltergeist|p2a: Dipplin\n|-activate|p2a: Dipplin|move: Poltergeist|Eviolite\n|-damage|p2a: Dipplin|31/100\n|-damage|p1a: Decidueye|98/281|[from] item: Life Orb\n|move|p2a: Dipplin|Dragon Tail|p1a: Decidueye\n|-damage|p1a: Decidueye|32/281\n|drag|p1a: Baxcalibur|Baxcalibur, L75, M|296/296\n|\n|upkeep\n|turn|11\n|inactive|Time left: 300 sec this turn | 300 sec total\n|\n|t:|1783556996\n|switch|p2a: Qwilfish|Qwilfish, L86, F|100/100\n|-ability|p2a: Qwilfish|Intimidate|boost\n|-unboost|p1a: Baxcalibur|atk|1\n|move|p1a: Baxcalibur|Icicle Crash|p2a: Qwilfish\n|-resisted|p2a: Qwilfish\n|-damage|p2a: Qwilfish|87/100\n|\n|upkeep\n|turn|12\n|inactive|Time left: 300 sec this turn | 300 sec total\n|\n|t:|1783556997\n|move|p2a: Qwilfish|Gunk Shot|p1a: Baxcalibur|[miss]\n|-miss|p2a: Qwilfish|p1a: Baxcalibur\n|move|p1a: Baxcalibur|Dragon Dance|p1a: Baxcalibur\n|-boost|p1a: Baxcalibur|atk|1\n|-boost|p1a: Baxcalibur|spe|1\n|\n|upkeep\n|turn|13\n|inactive|Time left: 300 sec this turn | 300 sec total\n|\n|t:|1783556998\n|move|p1a: Baxcalibur|Dragon Dance|p1a: Baxcalibur\n|-boost|p1a: Baxcalibur|atk|1\n|-boost|p1a: Baxcalibur|spe|1\n|move|p2a: Qwilfish|Pain Split|p1a: Baxcalibur\n|-sethp|p1a: Baxcalibur|257/296|[from] move: Pain Split|[silent]\n|-sethp|p2a: Qwilfish|100/100|[from] move: Pain Split\n|\n|upkeep\n|turn|14\n|inactive|Time left: 300 sec this turn | 300 sec total\n|\n|t:|1783556999\n|move|p1a: Baxcalibur|Glaive Rush|p2a: Qwilfish\n|-damage|p2a: Qwilfish|21/100\n|-singlemove|p1a: Baxcalibur|Glaive Rush|[silent]\n|move|p2a: Qwilfish|Gunk Shot|p1a: Baxcalibur\n|-damage|p1a: Baxcalibur|0 fnt\n|faint|p1a: Baxcalibur\n|\n|upkeep\n|inactive|Time left: 300 sec this turn | 300 sec total | 5 sec grace\n|\n|t:|1783557000\n|switch|p1a: Arceus|Arceus-Flying, L69|156/279\n|turn|15\n|inactive|Time left: 300 sec this turn | 300 sec total\n|\n|t:|1783557001\n|switch|p2a: Minun|Minun, L95, F|97/100\n|move|p1a: Arceus|Judgment|p2a: Minun\n|-resisted|p2a: Minun\n|-damage|p2a: Minun|80/100\n|\n|upkeep\n|turn|16\n|inactive|Time left: 300 sec this turn | 300 sec total\n|\n|t:|1783557002\n|switch|p1a: Decidueye|Decidueye, L88, F|32/281\n|-activate|p1a: Decidueye|move: Sticky Web\n|-unboost|p1a: Decidueye|spe|1\n|move|p2a: Minun|Thunderbolt|p1a: Decidueye\n|-resisted|p1a: Decidueye\n|-damage|p1a: Decidueye|0 fnt\n|faint|p1a: Decidueye\n|-damage|p2a: Minun|71/100|[from] item: Life Orb\n|\n|upkeep\n|inactive|Time left: 300 sec this turn | 300 sec total | 5 sec grace\n|\n|t:|1783557003\n|switch|p1a: Meloetta|Meloetta, L82|298/298\n|-activate|p1a: Meloetta|move: Sticky Web\n|-unboost|p1a: Meloetta|spe|1\n|turn|17\n|inactive|Time left: 300 sec this turn | 300 sec total\n|\n|t:|1783557004\n|switch|p2a: Qwilfish|Qwilfish, L86, F|21/100\n|-ability|p2a: Qwilfish|Intimidate|boost\n|-unboost|p1a: Meloetta|atk|1\n|move|p1a: Meloetta|Relic Song|p2a: Qwilfish\n|-damage|p2a: Qwilfish|0 fnt\n|faint|p2a: Qwilfish\n|-formechange|p1a: Meloetta|Meloetta-Pirouette|[msg]\n|-damage|p1a: Meloetta|269/298|[from] item: Life Orb\n|\n|upkeep\n|\n|t:|1783557004\n|switch|p2a: Electivire|Electivire, L84, F|100/100\n|turn|18\n|inactive|Time left: 300 sec this turn | 300 sec total\n|\n|t:|1783557005\n|move|p2a: Electivire|Supercell Slam|p1a: Meloetta\n|-damage|p1a: Meloetta|112/298\n|-damage|p2a: Electivire|91/100|[from] item: Life Orb\n|move|p1a: Meloetta|Relic Song|p2a: Electivire\n|-damage|p2a: Electivire|59/100\n|-formechange|p1a: Meloetta|Meloetta|[msg]\n|-damage|p1a: Meloetta|83/298|[from] item: Life Orb\n|\n|upkeep\n|turn|19\n|inactive|Time left: 300 sec this turn | 300 sec total\n|\n|t:|1783557006\n|move|p2a: Electivire|Supercell Slam|p1a: Meloetta\n|-damage|p1a: Meloetta|0 fnt\n|faint|p1a: Meloetta\n|-damage|p2a: Electivire|49/100|[from] item: Life Orb\n|\n|upkeep\n|inactive|Time left: 300 sec this turn | 300 sec total | 5 sec grace\n|\n|t:|1783557007\n|switch|p1a: Dachsbun|Dachsbun, L92, M|254/254\n|-activate|p1a: Dachsbun|move: Sticky Web\n|-unboost|p1a: Dachsbun|spe|1\n|turn|20\n|inactive|Time left: 300 sec this turn | 300 sec total\n|\n|t:|1783557008\n|switch|p2a: Ariados|Ariados, L95, M|29/100\n|move|p1a: Dachsbun|Play Rough|p2a: Ariados\n|-resisted|p2a: Ariados\n|-damage|p2a: Ariados|12/100\n|\n|upkeep\n|turn|21\n|inactive|Time left: 300 sec this turn | 300 sec total\n|\n|t:|1783557009\n|move|p1a: Dachsbun|Play Rough|p2a: Ariados\n|-resisted|p2a: Ariados\n|-damage|p2a: Ariados|0 fnt\n|faint|p2a: Ariados\n|\n|upkeep\n|\n|t:|1783557010\n|switch|p2a: Minun|Minun, L95, F|71/100\n|turn|22\n|inactive|Time left: 300 sec this turn | 300 sec total\n|\n|t:|1783557011\n|move|p2a: Minun|Nasty Plot|p2a: Minun\n|-boost|p2a: Minun|spa|2\n|move|p1a: Dachsbun|Play Rough|p2a: Minun\n|-damage|p2a: Minun|24/100\n|\n|upkeep\n|turn|23\n|inactive|Time left: 300 sec this turn | 300 sec total\n|\n|t:|1783557012\n|move|p1a: Dachsbun|Protect|p1a: Dachsbun\n|-singleturn|p1a: Dachsbun|Protect\n|move|p2a: Minun|Thunderbolt|p1a: Dachsbun\n|-activate|p1a: Dachsbun|move: Protect\n|\n|upkeep\n|turn|24\n|inactive|Time left: 300 sec this turn | 300 sec total\n|\n|t:|1783557013\n|move|p2a: Minun|Thunderbolt|p1a: Dachsbun\n|-damage|p1a: Dachsbun|0 fnt\n|faint|p1a: Dachsbun\n|-damage|p2a: Minun|15/100|[from] item: Life Orb\n|\n|upkeep\n|inactive|Time left: 300 sec this turn | 300 sec total | 5 sec grace\n|\n|t:|1783557014\n|switch|p1a: Luvdisc|Luvdisc, M|247/247\n|turn|25\n|inactive|Time left: 300 sec this turn | 300 sec total\n|\n|t:|1783557015\n|switch|p2a: Dipplin|Dipplin, L88, F|31/100\n|move|p1a: Luvdisc|Surf|p2a: Dipplin\n|-resisted|p2a: Dipplin\n|-damage|p2a: Dipplin|27/100\n|\n|upkeep\n|turn|26\n|inactive|Time left: 300 sec this turn | 300 sec total\n|\n|t:|1783557016\n|switch|p1a: Arceus|Arceus-Flying, L69|156/279\n|move|p2a: Dipplin|Recover|p2a: Dipplin\n|-heal|p2a: Dipplin|77/100\n|\n|upkeep\n|turn|27\n|inactive|Time left: 300 sec this turn | 300 sec total\n|\n|t:|1783557017\n|move|p1a: Arceus|Recover|p1a: Arceus\n|-heal|p1a: Arceus|279/279\n|move|p2a: Dipplin|Dragon Tail|p1a: Arceus\n|-damage|p1a: Arceus|221/279\n|drag|p1a: Luvdisc|Luvdisc, M|247/247\n|\n|upkeep\n|turn|28\n|inactive|Time left: 300 sec this turn | 300 sec total\n|\n|t:|1783557018\n|switch|p1a: Arceus|Arceus-Flying, L69|221/279\n|move|p2a: Dipplin|Giga Drain|p1a: Arceus\n|-resisted|p1a: Arceus\n|-damage|p1a: Arceus|177/279\n|-heal|p2a: Dipplin|85/100|[from] drain|[of] p1a: Arceus\n|\n|upkeep\n|turn|29\n|inactive|Time left: 300 sec this turn | 300 sec total\n|\n|t:|1783557019\n|move|p1a: Arceus|Recover|p1a: Arceus\n|-heal|p1a: Arceus|279/279\n|move|p2a: Dipplin|Dragon Tail|p1a: Arceus\n|-damage|p1a: Arceus|222/279\n|drag|p1a: Luvdisc|Luvdisc, M|247/247\n|\n|upkeep\n|turn|30\n|inactive|Time left: 300 sec this turn | 300 sec total\n|\n|t:|1783557020\n|switch|p1a: Arceus|Arceus-Flying, L69|222/279\n|move|p2a: Dipplin|Dragon Pulse|p1a: Arceus\n|-damage|p1a: Arceus|128/279\n|\n|upkeep\n|turn|31\n|inactive|Time left: 300 sec this turn | 300 sec total\n|\n|t:|1783557021\n|move|p1a: Arceus|Recover|p1a: Arceus\n|-heal|p1a: Arceus|268/279\n|move|p2a: Dipplin|Dragon Tail|p1a: Arceus\n|-damage|p1a: Arceus|210/279\n|drag|p1a: Luvdisc|Luvdisc, M|247/247\n|\n|upkeep\n|turn|32\n|inactive|Time left: 300 sec this turn | 300 sec total\n|\n|t:|1783557022\n|switch|p1a: Arceus|Arceus-Flying, L69|210/279\n|move|p2a: Dipplin|Dragon Pulse|p1a: Arceus\n|-damage|p1a: Arceus|111/279\n|\n|upkeep\n|turn|33\n|inactive|Time left: 300 sec this turn | 300 sec total\n|\n|t:|1783557023\n|move|p1a: Arceus|Recover|p1a: Arceus\n|-heal|p1a: Arceus|251/279\n|move|p2a: Dipplin|Dragon Tail|p1a: Arceus\n|-damage|p1a: Arceus|191/279\n|drag|p1a: Luvdisc|Luvdisc, M|247/247\n|\n|upkeep\n|turn|34\n|inactive|Time left: 300 sec this turn | 300 sec total\n|\n|t:|1783557024\n|switch|p1a: Arceus|Arceus-Flying, L69|191/279\n|move|p2a: Dipplin|Giga Drain|p1a: Arceus\n|-resisted|p1a: Arceus\n|-damage|p1a: Arceus|151/279\n|-heal|p2a: Dipplin|92/100|[from] drain|[of] p1a: Arceus\n|\n|upkeep\n|turn|35\n|inactive|Time left: 300 sec this turn | 300 sec total\n|\n|t:|1783557025\n|move|p1a: Arceus|Recover|p1a: Arceus\n|-heal|p1a: Arceus|279/279\n|move|p2a: Dipplin|Dragon Tail|p1a: Arceus\n|-damage|p1a: Arceus|218/279\n|drag|p1a: Luvdisc|Luvdisc, M|247/247\n|\n|upkeep\n|turn|36\n|inactive|Time left: 300 sec this turn | 300 sec total\n|\n|t:|1783557026\n|switch|p1a: Arceus|Arceus-Flying, L69|218/279\n|move|p2a: Dipplin|Dragon Pulse|p1a: Arceus\n|-damage|p1a: Arceus|122/279\n|\n|upkeep\n|turn|37\n|inactive|Time left: 300 sec this turn | 300 sec total\n|\n|t:|1783557027\n|move|p1a: Arceus|Recover|p1a: Arceus\n|-heal|p1a: Arceus|262/279\n|move|p2a: Dipplin|Dragon Tail|p1a: Arceus\n|-damage|p1a: Arceus|204/279\n|drag|p1a: Luvdisc|Luvdisc, M|247/247\n|\n|upkeep\n|turn|38\n|inactive|Time left: 300 sec this turn | 300 sec total\n|\n|t:|1783557028\n|switch|p1a: Arceus|Arceus-Flying, L69|204/279\n|move|p2a: Dipplin|Dragon Pulse|p1a: Arceus\n|-damage|p1a: Arceus|119/279\n|\n|upkeep\n|turn|39\n|inactive|Time left: 300 sec this turn | 300 sec total\n|\n|t:|1783557029\n|move|p1a: Arceus|Recover|p1a: Arceus\n|-heal|p1a: Arceus|259/279\n|move|p2a: Dipplin|Dragon Tail|p1a: Arceus\n|-damage|p1a: Arceus|196/279\n|drag|p1a: Luvdisc|Luvdisc, M|247/247\n|\n|upkeep\n|turn|40\n|inactive|Time left: 300 sec this turn | 300 sec total\n|\n|t:|1783557030\n|switch|p1a: Arceus|Arceus-Flying, L69|196/279\n|move|p2a: Dipplin|Giga Drain|p1a: Arceus\n|-resisted|p1a: Arceus\n|-damage|p1a: Arceus|155/279\n|-heal|p2a: Dipplin|99/100|[from] drain|[of] p1a: Arceus\n|\n|upkeep\n|turn|41\n|inactive|Time left: 300 sec this turn | 300 sec total\n|\n|t:|1783557031\n|move|p1a: Arceus|Recover|p1a: Arceus\n|-heal|p1a: Arceus|279/279\n|move|p2a: Dipplin|Dragon Tail|p1a: Arceus\n|-damage|p1a: Arceus|222/279\n|drag|p1a: Luvdisc|Luvdisc, M|247/247\n|\n|upkeep\n|turn|42\n|inactive|Time left: 300 sec this turn | 300 sec total\n|\n|t:|1783557032\n|switch|p1a: Arceus|Arceus-Flying, L69|222/279\n|move|p2a: Dipplin|Giga Drain|p1a: Arceus\n|-resisted|p1a: Arceus\n|-damage|p1a: Arceus|181/279\n|-heal|p2a: Dipplin|100/100|[from] drain|[of] p1a: Arceus\n|\n|upkeep\n|turn|43\n|inactive|Time left: 300 sec this turn | 300 sec total\n|\n|t:|1783557033\n|move|p1a: Arceus|Judgment|p2a: Dipplin\n|-supereffective|p2a: Dipplin\n|-damage|p2a: Dipplin|49/100\n|move|p2a: Dipplin|Dragon Tail|p1a: Arceus\n|-damage|p1a: Arceus|127/279\n|drag|p1a: Luvdisc|Luvdisc, M|247/247\n|\n|upkeep\n|turn|44\n|inactive|Time left: 300 sec this turn | 300 sec total\n|\n|t:|1783557035\n|switch|p1a: Arceus|Arceus-Flying, L69|127/279\n|move|p2a: Dipplin|Giga Drain|p1a: Arceus\n|-resisted|p1a: Arceus\n|-damage|p1a: Arceus|83/279\n|-heal|p2a: Dipplin|57/100|[from] drain|[of] p1a: Arceus\n|\n|upkeep\n|turn|45\n|inactive|Time left: 300 sec this turn | 300 sec total\n|\n|t:|1783557036\n|move|p1a: Arceus|Calm Mind|p1a: Arceus\n|-boost|p1a: Arceus|spa|1\n|-boost|p1a: Arceus|spd|1\n|move|p2a: Dipplin|Dragon Pulse|p1a: Arceus\n|-damage|p1a: Arceus|19/279\n|\n|upkeep\n|turn|46\n|inactive|Time left: 300 sec this turn | 300 sec total\n|\n|t:|1783557037\n|-terastallize|p2a: Dipplin|Steel\n|move|p1a: Arceus|Earth Power|p2a: Dipplin\n|-supereffective|p2a: Dipplin\n|-damage|p2a: Dipplin|19/100\n|-unboost|p2a: Dipplin|spd|1\n|move|p2a: Dipplin|Giga Drain|p1a: Arceus\n|-resisted|p1a: Arceus\n|-damage|p1a: Arceus|0 fnt\n|-heal|p2a: Dipplin|22/100|[from] drain|[of] p1a: Arceus\n|faint|p1a: Arceus\n|\n|upkeep\n|inactive|Time left: 300 sec this turn | 300 sec total | 5 sec grace\n|\n|t:|1783557038\n|switch|p1a: Luvdisc|Luvdisc, M|247/247\n|turn|47\n|inactive|Time left: 300 sec this turn | 300 sec total\n|\n|t:|1783557039\n|move|p1a: Luvdisc|Surf|p2a: Dipplin\n|-crit|p2a: Dipplin\n|-damage|p2a: Dipplin|0 fnt\n|faint|p2a: Dipplin\n|\n|upkeep\n|\n|t:|1783557040\n|switch|p2a: Electivire|Electivire, L84, F|49/100\n|turn|48\n|inactive|Time left: 300 sec this turn | 300 sec total\n|\n|t:|1783557041\n|-terastallize|p1a: Luvdisc|Ghost\n|move|p1a: Luvdisc|Surf|p2a: Electivire\n|-damage|p2a: Electivire|21/100\n|move|p2a: Electivire|Knock Off|p1a: Luvdisc\n|-supereffective|p1a: Luvdisc\n|-damage|p1a: Luvdisc|16/247\n|-enditem|p1a: Luvdisc|Heavy-Duty Boots|[from] move: Knock Off|[of] p2a: Electivire\n|-damage|p2a: Electivire|11/100|[from] item: Life Orb\n|\n|upkeep\n|turn|49\n|inactive|Time left: 300 sec this turn | 300 sec total\n|\n|t:|1783557042\n|move|p1a: Luvdisc|Surf|p2a: Electivire\n|-damage|p2a: Electivire|0 fnt\n|faint|p2a: Electivire\n|\n|upkeep\n|\n|t:|1783557043\n|switch|p2a: Minun|Minun, L95, F|15/100\n|turn|50\n|inactive|Time left: 300 sec this turn | 300 sec total\n|\n|t:|1783557044\n|move|p1a: Luvdisc|Surf|p2a: Minun\n|-damage|p2a: Minun|0 fnt\n|faint|p2a: Minun\n|\n|win|p0x1538ebde", "uploadtime": 1783557044, "views": 0, "rating": 0, "private": 0, "password": null, "_winner": "p0x1538ebde", "_our_name": "p0x1538ebde"}