{"id": "battle-gen9randombattle-1781", "formatid": "gen9randombattle", "format": "[Gen 9] Random Battle", "players": ["p0x1781f654", "p0y1781d3b0"], "log": "|init|battle\n|title|p0x1781f654 vs. p0y1781d3b0\n|j|\u2606p0x1781f654\n|j|\u2606p0y1781d3b0\n|t:|1783560630\n|gametype|singles\n|player|p1|p0x1781f654|101|\n|player|p2|p0y1781d3b0|169|\n|gen|9\n|tier|[Gen 9] Random Battle\n|rule|Species Clause: Limit one of each Pok\u00e9mon\n|rule|HP Percentage Mod: HP is shown in percentages\n|rule|Sleep Clause Mod: Limit one foe put to sleep\n|rule|Illusion Level Mod: Illusion disguises the Pok\u00e9mon's true level\n|\n|t:|1783560630\n|teamsize|p1|6\n|teamsize|p2|6\n|start\n|switch|p1a: Suicune|Suicune, L82|298/298\n|switch|p2a: Rabsca|Rabsca, L91, F|100/100\n|-ability|p1a: Suicune|Pressure\n|turn|1\n|inactive|Battle timer is ON: inactive players will automatically lose when time's up. (requested by p0x1781f654)\n|inactive|p0y1781d3b0 also wants the timer to be on.\n|\n|t:|1783560631\n|switch|p2a: Tyranitar|Tyranitar, L78, F|100/100\n|-weather|Sandstorm|[from] ability: Sand Stream|[of] p2a: Tyranitar\n|move|p1a: Suicune|Calm Mind|p1a: Suicune\n|-boost|p1a: Suicune|spa|1\n|-boost|p1a: Suicune|spd|1\n|\n|-weather|Sandstorm|[upkeep]\n|-damage|p1a: Suicune|280/298|[from] Sandstorm\n|-heal|p1a: Suicune|298/298|[from] item: Leftovers\n|upkeep\n|turn|2\n|inactive|Time left: 300 sec this turn | 300 sec total\n|\n|t:|1783560632\n|move|p1a: Suicune|Scald|p2a: Tyranitar\n|-supereffective|p2a: Tyranitar\n|-damage|p2a: Tyranitar|46/100\n|-status|p2a: Tyranitar|brn\n|-enditem|p2a: Tyranitar|Weakness Policy\n|-boost|p2a: Tyranitar|atk|2|[from] item: Weakness Policy\n|-boost|p2a: Tyranitar|spa|2|[from] item: Weakness Policy\n|move|p2a: Tyranitar|Knock Off|p1a: Suicune\n|-damage|p1a: Suicune|204/298\n|-enditem|p1a: Suicune|Leftovers|[from] move: Knock Off|[of] p2a: Tyranitar\n|\n|-weather|Sandstorm|[upkeep]\n|-damage|p1a: Suicune|186/298|[from] Sandstorm\n|-damage|p2a: Tyranitar|40/100 brn|[from] brn\n|upkeep\n|turn|3\n|inactive|Time left: 300 sec this turn | 300 sec total\n|\n|t:|1783560633\n|move|p1a: Suicune|Scald|p2a: Tyranitar\n|-supereffective|p2a: Tyranitar\n|-damage|p2a: Tyranitar|0 fnt\n|faint|p2a: Tyranitar\n|\n|-weather|Sandstorm|[upkeep]\n|-damage|p1a: Suicune|168/298|[from] Sandstorm\n|upkeep\n|\n|t:|1783560634\n|switch|p2a: Pincurchin|Pincurchin, F|100/100\n|-fieldstart|move: Electric Terrain|[from] ability: Electric Surge|[of] p2a: Pincurchin\n|turn|4\n|inactive|Time left: 300 sec this turn | 300 sec total\n|\n|t:|1783560635\n|move|p1a: Suicune|Substitute|p1a: Suicune\n|-start|p1a: Suicune|Substitute\n|-damage|p1a: Suicune|94/298\n|move|p2a: Pincurchin|Discharge|p1a: Suicune\n|-supereffective|p1a: Suicune\n|-end|p1a: Suicune|Substitute\n|\n|-weather|Sandstorm|[upkeep]\n|-damage|p1a: Suicune|76/298|[from] Sandstorm\n|-damage|p2a: Pincurchin|94/100|[from] Sandstorm\n|-heal|p2a: Pincurchin|100/100|[from] item: Leftovers\n|upkeep\n|turn|5\n|inactive|Time left: 300 sec this turn | 300 sec total\n|\n|t:|1783560636\n|move|p1a: Suicune|Protect|p1a: Suicune\n|-singleturn|p1a: Suicune|Protect\n|move|p2a: Pincurchin|Discharge|p1a: Suicune\n|-activate|p1a: Suicune|move: Protect\n|\n|-weather|none\n|upkeep\n|turn|6\n|inactive|Time left: 300 sec this turn | 300 sec total\n|\n|t:|1783560637\n|move|p1a: Suicune|Scald|p2a: Pincurchin\n|-damage|p2a: Pincurchin|61/100\n|-status|p2a: Pincurchin|brn\n|move|p2a: Pincurchin|Discharge|p1a: Suicune\n|-supereffective|p1a: Suicune\n|-damage|p1a: Suicune|0 fnt\n|faint|p1a: Suicune\n|\n|-heal|p2a: Pincurchin|67/100 brn|[from] item: Leftovers\n|-damage|p2a: Pincurchin|61/100 brn|[from] brn\n|upkeep\n|inactive|Time left: 300 sec this turn | 300 sec total | 5 sec grace\n|\n|t:|1783560638\n|switch|p1a: Masquerain|Masquerain, L87, F|264/264\n|-ability|p1a: Masquerain|Intimidate|boost\n|-unboost|p2a: Pincurchin|atk|1\n|turn|7\n|inactive|Time left: 300 sec this turn | 300 sec total\n|\n|t:|1783560639\n|move|p1a: Masquerain|Quiver Dance|p1a: Masquerain\n|-boost|p1a: Masquerain|spa|1\n|-boost|p1a: Masquerain|spd|1\n|-boost|p1a: Masquerain|spe|1\n|move|p2a: Pincurchin|Discharge|p1a: Masquerain\n|-supereffective|p1a: Masquerain\n|-damage|p1a: Masquerain|70/264\n|\n|-heal|p2a: Pincurchin|67/100 brn|[from] item: Leftovers\n|-damage|p2a: Pincurchin|61/100 brn|[from] brn\n|upkeep\n|turn|8\n|inactive|Time left: 300 sec this turn | 300 sec total\n|\n|t:|1783560640\n|move|p1a: Masquerain|Hurricane|p2a: Pincurchin|[miss]\n|-miss|p1a: Masquerain|p2a: Pincurchin\n|move|p2a: Pincurchin|Discharge|p1a: Masquerain\n|-supereffective|p1a: Masquerain\n|-damage|p1a: Masquerain|0 fnt\n|faint|p1a: Masquerain\n|\n|-heal|p2a: Pincurchin|67/100 brn|[from] item: Leftovers\n|-damage|p2a: Pincurchin|61/100 brn|[from] brn\n|-fieldend|move: Electric Terrain\n|upkeep\n|inactive|Time left: 300 sec this turn | 300 sec total | 5 sec grace\n|\n|t:|1783560640\n|switch|p1a: Mew|Mew, L82|298/298\n|turn|9\n|inactive|Time left: 300 sec this turn | 300 sec total\n|\n|t:|1783560642\n|move|p1a: Mew|Psychic|p2a: Pincurchin\n|-damage|p2a: Pincurchin|29/100 brn\n|move|p2a: Pincurchin|Scald|p1a: Mew\n|-damage|p1a: Mew|231/298\n|-status|p1a: Mew|brn\n|-activate|p1a: Mew|ability: Synchronize\n|-fail|p2a: Pincurchin|brn\n|\n|-heal|p1a: Mew|249/298 brn|[from] item: Leftovers\n|-heal|p2a: Pincurchin|35/100 brn|[from] item: Leftovers\n|-damage|p1a: Mew|231/298 brn|[from] brn\n|-damage|p2a: Pincurchin|29/100 brn|[from] brn\n|upkeep\n|turn|10\n|inactive|Time left: 300 sec this turn | 300 sec total\n|\n|t:|1783560643\n|switch|p2a: Alomomola|Alomomola, L87, M|100/100\n|move|p1a: Mew|Psychic|p2a: Alomomola\n|-damage|p2a: Alomomola|70/100\n|\n|-heal|p1a: Mew|249/298 brn|[from] item: Leftovers\n|-damage|p1a: Mew|231/298 brn|[from] brn\n|upkeep\n|turn|11\n|inactive|Time left: 300 sec this turn | 300 sec total\n|\n|t:|1783560645\n|move|p1a: Mew|Psychic|p2a: Alomomola\n|-damage|p2a: Alomomola|36/100\n|move|p2a: Alomomola|Flip Turn|p1a: Mew\n|-damage|p1a: Mew|182/298 brn\n|\n|t:|1783560646\n|switch|p2a: Basculegion|Basculegion, L80, M|100/100|[from] Flip Turn\n|\n|-heal|p1a: Mew|200/298 brn|[from] item: Leftovers\n|-damage|p1a: Mew|182/298 brn|[from] brn\n|upkeep\n|turn|12\n|inactive|Time left: 300 sec this turn | 300 sec total\n|\n|t:|1783560647\n|move|p1a: Mew|Will-O-Wisp|p2a: Basculegion\n|-status|p2a: Basculegion|brn\n|move|p2a: Basculegion|Shadow Ball|p1a: Mew\n|-supereffective|p1a: Mew\n|-damage|p1a: Mew|22/298 brn\n|-unboost|p1a: Mew|spd|1\n|\n|-heal|p1a: Mew|40/298 brn|[from] item: Leftovers\n|-damage|p1a: Mew|22/298 brn|[from] brn\n|-damage|p2a: Basculegion|94/100 brn|[from] brn\n|upkeep\n|turn|13\n|inactive|Time left: 300 sec this turn | 300 sec total\n|\n|t:|1783560649\n|switch|p1a: Alomomola|Alomomola, L87, M|429/429\n|move|p2a: Basculegion|Flip Turn|p1a: Alomomola\n|-resisted|p1a: Alomomola\n|-damage|p1a: Alomomola|407/429\n|-damage|p2a: Basculegion|78/100 brn|[from] item: Rocky Helmet|[of] p1a: Alomomola\n|\n|t:|1783560649\n|switch|p2a: Pincurchin|Pincurchin, F|29/100 brn|[from] Flip Turn\n|-fieldstart|move: Electric Terrain|[from] ability: Electric Surge|[of] p2a: Pincurchin\n|\n|-heal|p2a: Pincurchin|35/100 brn|[from] item: Leftovers\n|-damage|p2a: Pincurchin|29/100 brn|[from] brn\n|upkeep\n|turn|14\n|inactive|Time left: 300 sec this turn | 300 sec total\n|\n|t:|1783560650\n|move|p1a: Alomomola|Flip Turn|p2a: Pincurchin\n|-damage|p2a: Pincurchin|11/100 brn\n|inactive|Time left: 300 sec this turn | 300 sec total | 5 sec grace\n|\n|t:|1783560651\n|switch|p1a: Mew|Mew, L82|22/298 brn|[from] Flip Turn\n|move|p2a: Pincurchin|Recover|p2a: Pincurchin\n|-heal|p2a: Pincurchin|61/100 brn\n|\n|-heal|p1a: Mew|40/298 brn|[from] item: Leftovers\n|-heal|p2a: Pincurchin|67/100 brn|[from] item: Leftovers\n|-damage|p1a: Mew|22/298 brn|[from] brn\n|-damage|p2a: Pincurchin|61/100 brn|[from] brn\n|upkeep\n|turn|15\n|inactive|Time left: 300 sec this turn | 300 sec total\n|\n|t:|1783560652\n|move|p1a: Mew|Psychic|p2a: Pincurchin\n|-damage|p2a: Pincurchin|30/100 brn\n|move|p2a: Pincurchin|Recover|p2a: Pincurchin\n|-heal|p2a: Pincurchin|80/100 brn\n|\n|-heal|p1a: Mew|40/298 brn|[from] item: Leftovers\n|-heal|p2a: Pincurchin|86/100 brn|[from] item: Leftovers\n|-damage|p1a: Mew|22/298 brn|[from] brn\n|-damage|p2a: Pincurchin|80/100 brn|[from] brn\n|upkeep\n|turn|16\n|inactive|Time left: 300 sec this turn | 300 sec total\n|\n|t:|1783560653\n|move|p1a: Mew|Psychic|p2a: Pincurchin\n|-damage|p2a: Pincurchin|50/100 brn\n|move|p2a: Pincurchin|Scald|p1a: Mew\n|-crit|p1a: Mew\n|-damage|p1a: Mew|0 fnt\n|faint|p1a: Mew\n|\n|-heal|p2a: Pincurchin|56/100 brn|[from] item: Leftovers\n|-damage|p2a: Pincurchin|50/100 brn|[from] brn\n|upkeep\n|inactive|Time left: 300 sec this turn | 300 sec total | 5 sec grace\n|\n|t:|1783560654\n|switch|p1a: Deoxys|Deoxys-Speed, L82|216/216\n|-ability|p1a: Deoxys|Pressure\n|turn|17\n|inactive|Time left: 300 sec this turn | 300 sec total\n|\n|t:|1783560655\n|move|p1a: Deoxys|Psycho Boost|p2a: Pincurchin\n|-damage|p2a: Pincurchin|0 fnt\n|-unboost|p1a: Deoxys|spa|2\n|faint|p2a: Pincurchin\n|-damage|p1a: Deoxys|195/216|[from] item: Life Orb\n|\n|-fieldend|move: Electric Terrain\n|upkeep\n|\n|t:|1783560656\n|switch|p2a: Regieleki|Regieleki, L79|100/100\n|turn|18\n|inactive|Time left: 300 sec this turn | 300 sec total\n|\n|t:|1783560657\n|move|p2a: Regieleki|Thunderbolt|p1a: Deoxys\n|-damage|p1a: Deoxys|48/216\n|move|p1a: Deoxys|Knock Off|p2a: Regieleki\n|-damage|p2a: Regieleki|53/100\n|-enditem|p2a: Regieleki|Magnet|[from] move: Knock Off|[of] p1a: Deoxys\n|-damage|p1a: Deoxys|27/216|[from] item: Life Orb\n|\n|upkeep\n|turn|19\n|inactive|Time left: 300 sec this turn | 300 sec total\n|\n|t:|1783560658\n|move|p2a: Regieleki|Thunderbolt|p1a: Deoxys\n|-damage|p1a: Deoxys|0 fnt\n|faint|p1a: Deoxys\n|\n|upkeep\n|inactive|Time left: 300 sec this turn | 300 sec total | 5 sec grace\n|\n|t:|1783560658\n|switch|p1a: Alomomola|Alomomola, L87, M|429/429\n|turn|20\n|inactive|Time left: 300 sec this turn | 300 sec total\n|\n|t:|1783560659\n|move|p1a: Alomomola|Protect|p1a: Alomomola\n|-singleturn|p1a: Alomomola|Protect\n|move|p2a: Regieleki|Volt Switch|p1a: Alomomola\n|-activate|p1a: Alomomola|move: Protect\n|\n|upkeep\n|turn|21\n|inactive|Time left: 300 sec this turn | 300 sec total\n|\n|t:|1783560660\n|move|p2a: Regieleki|Volt Switch|p1a: Alomomola\n|-supereffective|p1a: Alomomola\n|-damage|p1a: Alomomola|157/429\n|\n|t:|1783560661\n|switch|p2a: Alomomola|Alomomola, L87, M|69/100|[from] Volt Switch\n|move|p1a: Alomomola|Flip Turn|p2a: Alomomola\n|-resisted|p2a: Alomomola\n|-damage|p2a: Alomomola|62/100\n|-damage|p1a: Alomomola|86/429|[from] item: Rocky Helmet|[of] p2a: Alomomola\n|inactive|Time left: 300 sec this turn | 300 sec total | 10 sec grace\n|\n|t:|1783560662\n|switch|p1a: Noivern|Noivern, L82, M|274/274|[from] Flip Turn\n|\n|upkeep\n|turn|22\n|inactive|Time left: 300 sec this turn | 300 sec total\n|\n|t:|1783560663\n|switch|p1a: Alomomola|Alomomola, L87, M|229/429\n|switch|p2a: Basculegion|Basculegion, L80, M|78/100 brn\n|\n|-damage|p2a: Basculegion|72/100 brn|[from] brn\n|upkeep\n|turn|23\n|inactive|Time left: 300 sec this turn | 300 sec total\n|\n|t:|1783560663\n|move|p2a: Basculegion|Shadow Ball|p1a: Alomomola\n|-damage|p1a: Alomomola|97/429\n|-unboost|p1a: Alomomola|spd|1\n|move|p1a: Alomomola|Wish|p1a: Alomomola\n|\n|-damage|p2a: Basculegion|66/100 brn|[from] brn\n|upkeep\n|turn|24\n|inactive|Time left: 300 sec this turn | 300 sec total\n|\n|t:|1783560664\n|move|p1a: Alomomola|Protect|p1a: Alomomola\n|-singleturn|p1a: Alomomola|Protect\n|move|p2a: Basculegion|Shadow Ball|p1a: Alomomola\n|-activate|p1a: Alomomola|move: Protect\n|\n|-heal|p1a: Alomomola|311/429|[from] move: Wish|[wisher] Alomomola\n|-damage|p2a: Basculegion|59/100 brn|[from] brn\n|upkeep\n|turn|25\n|inactive|Time left: 300 sec this turn | 300 sec total\n|\n|t:|1783560665\n|move|p2a: Basculegion|Shadow Ball|p1a: Alomomola\n|-damage|p1a: Alomomola|113/429\n|-unboost|p1a: Alomomola|spd|1\n|move|p1a: Alomomola|Flip Turn|p2a: Basculegion\n|-resisted|p2a: Basculegion\n|-damage|p2a: Basculegion|48/100 brn\n|inactive|Time left: 300 sec this turn | 300 sec total | 5 sec grace\n|\n|t:|1783560666\n|switch|p1a: Noivern|Noivern, L82, M|274/274|[from] Flip Turn\n|\n|-damage|p2a: Basculegion|42/100 brn|[from] brn\n|upkeep\n|turn|26\n|inactive|Time left: 300 sec this turn | 300 sec total\n|\n|t:|1783560667\n|switch|p1a: Alomomola|Alomomola, L87, M|256/429\n|move|p2a: Basculegion|Shadow Ball|p1a: Alomomola\n|-damage|p1a: Alomomola|112/429\n|\n|-damage|p2a: Basculegion|36/100 brn|[from] brn\n|upkeep\n|turn|27\n|inactive|Time left: 300 sec this turn | 300 sec total\n|\n|t:|1783560668\n|move|p1a: Alomomola|Protect|p1a: Alomomola\n|-singleturn|p1a: Alomomola|Protect\n|move|p2a: Basculegion|Shadow Ball|p1a: Alomomola\n|-activate|p1a: Alomomola|move: Protect\n|\n|-damage|p2a: Basculegion|30/100 brn|[from] brn\n|upkeep\n|turn|28\n|inactive|Time left: 300 sec this turn | 300 sec total\n|\n|t:|1783560669\n|switch|p1a: Noivern|Noivern, L82, M|274/274\n|move|p2a: Basculegion|Shadow Ball|p1a: Noivern\n|-damage|p1a: Noivern|168/274\n|-unboost|p1a: Noivern|spd|1\n|\n|-damage|p2a: Basculegion|24/100 brn|[from] brn\n|upkeep\n|turn|29\n|inactive|Time left: 300 sec this turn | 300 sec total\n|\n|t:|1783560670\n|switch|p1a: Alomomola|Alomomola, L87, M|255/429\n|move|p2a: Basculegion|Shadow Ball|p1a: Alomomola\n|-damage|p1a: Alomomola|123/429\n|\n|-damage|p2a: Basculegion|18/100 brn|[from] brn\n|upkeep\n|turn|30\n|inactive|Time left: 300 sec this turn | 300 sec total\n|\n|t:|1783560671\n|move|p1a: Alomomola|Protect|p1a: Alomomola\n|-singleturn|p1a: Alomomola|Protect\n|move|p2a: Basculegion|Shadow Ball|p1a: Alomomola\n|-activate|p1a: Alomomola|move: Protect\n|\n|-damage|p2a: Basculegion|11/100 brn|[from] brn\n|upkeep\n|turn|31\n|inactive|Time left: 300 sec this turn | 300 sec total\n|\n|t:|1783560671\n|switch|p1a: Noivern|Noivern, L82, M|168/274\n|move|p2a: Basculegion|Shadow Ball|p1a: Noivern\n|-damage|p1a: Noivern|64/274\n|\n|-damage|p2a: Basculegion|5/100 brn|[from] brn\n|upkeep\n|turn|32\n|inactive|Time left: 300 sec this turn | 300 sec total\n|\n|t:|1783560672\n|move|p1a: Noivern|Flamethrower|p2a: Basculegion\n|-resisted|p2a: Basculegion\n|-damage|p2a: Basculegion|0 fnt\n|faint|p2a: Basculegion\n|\n|upkeep\n|\n|t:|1783560673\n|switch|p2a: Regieleki|Regieleki, L79|53/100\n|turn|33\n|inactive|Time left: 300 sec this turn | 300 sec total\n|\n|t:|1783560674\n|move|p2a: Regieleki|Thunderbolt|p1a: Noivern\n|-damage|p1a: Noivern|0 fnt\n|faint|p1a: Noivern\n|\n|upkeep\n|inactive|Time left: 300 sec this turn | 300 sec total | 5 sec grace\n|\n|t:|1783560675\n|switch|p1a: Alomomola|Alomomola, L87, M|266/429\n|turn|34\n|inactive|Time left: 300 sec this turn | 300 sec total\n|\n|t:|1783560676\n|-terastallize|p1a: Alomomola|Poison\n|move|p2a: Regieleki|Thunderbolt|p1a: Alomomola\n|-damage|p1a: Alomomola|95/429\n|move|p1a: Alomomola|Wish|p1a: Alomomola\n|\n|upkeep\n|turn|35\n|inactive|Time left: 300 sec this turn | 300 sec total\n|\n|t:|1783560677\n|switch|p2a: Rabsca|Rabsca, L91, F|100/100\n|move|p1a: Alomomola|Protect||[still]\n|-fail|p1a: Alomomola\n|\n|-heal|p1a: Alomomola|309/429|[from] move: Wish|[wisher] Alomomola\n|upkeep\n|turn|36\n|inactive|Time left: 300 sec this turn | 300 sec total\n|\n|t:|1783560677\n|-terastallize|p2a: Rabsca|Steel\n|move|p1a: Alomomola|Protect|p1a: Alomomola\n|-singleturn|p1a: Alomomola|Protect\n|move|p2a: Rabsca|Psychic|p1a: Alomomola\n|-activate|p1a: Alomomola|move: Protect\n|\n|upkeep\n|turn|37\n|inactive|Time left: 300 sec this turn | 300 sec total\n|\n|t:|1783560678\n|move|p1a: Alomomola|Protect||[still]\n|-fail|p1a: Alomomola\n|move|p2a: Rabsca|Psychic|p1a: Alomomola\n|-supereffective|p1a: Alomomola\n|-damage|p1a: Alomomola|0 fnt\n|faint|p1a: Alomomola\n|\n|win|p0y1781d3b0", "uploadtime": 1783560678, "views": 0, "rating": 0, "private": 0, "password": null, "_winner": "p0y1781d3b0", "_our_name": "p0x1781f654"}