{"id": "battle-gen9randombattle-1013", "formatid": "gen9randombattle", "format": "[Gen 9] Random Battle", "players": ["p0x10136a77", "p0y10132328"], "log": "|init|battle\n|title|p0x10136a77 vs. p0y10132328\n|j|\u2606p0x10136a77\n|j|\u2606p0y10132328\n|t:|1783551651\n|gametype|singles\n|player|p1|p0x10136a77|170|\n|player|p2|p0y10132328|2|\n|gen|9\n|tier|[Gen 9] Random Battle\n|rule|Species Clause: Limit one of each Pok\u00e9mon\n|rule|HP Percentage Mod: HP is shown in percentages\n|rule|Sleep Clause Mod: Limit one foe put to sleep\n|rule|Illusion Level Mod: Illusion disguises the Pok\u00e9mon's true level\n|\n|t:|1783551651\n|teamsize|p1|6\n|teamsize|p2|6\n|start\n|switch|p1a: Mew|Mew, L82|298/298\n|switch|p2a: Grafaiai|Grafaiai, L86, M|100/100\n|turn|1\n|inactive|Battle timer is ON: inactive players will automatically lose when time's up. (requested by p0x10136a77)\n|inactive|p0y10132328 also wants the timer to be on.\n|\n|t:|1783551653\n|move|p2a: Grafaiai|Parting Shot|p1a: Mew\n|-unboost|p1a: Mew|atk|1\n|-unboost|p1a: Mew|spa|1\n|\n|t:|1783551654\n|switch|p2a: Mesprit|Mesprit, L85|100/100|[from] Parting Shot\n|move|p1a: Mew|Nasty Plot|p1a: Mew\n|-boost|p1a: Mew|spa|2\n|\n|upkeep\n|turn|2\n|inactive|Time left: 300 sec this turn | 300 sec total\n|\n|t:|1783551655\n|move|p1a: Mew|Psychic|p2a: Mesprit\n|-resisted|p2a: Mesprit\n|-damage|p2a: Mesprit|72/100\n|-damage|p1a: Mew|269/298|[from] item: Life Orb\n|move|p2a: Mesprit|Knock Off|p1a: Mew\n|-supereffective|p1a: Mew\n|-damage|p1a: Mew|121/298\n|-enditem|p1a: Mew|Life Orb|[from] move: Knock Off|[of] p2a: Mesprit\n|\n|-heal|p2a: Mesprit|78/100|[from] item: Leftovers\n|upkeep\n|turn|3\n|inactive|Time left: 300 sec this turn | 300 sec total\n|\n|t:|1783551657\n|move|p1a: Mew|Hydro Pump|p2a: Mesprit\n|-damage|p2a: Mesprit|42/100\n|move|p2a: Mesprit|Stealth Rock|p1a: Mew\n|-sidestart|p1: p0x10136a77|move: Stealth Rock\n|\n|-heal|p2a: Mesprit|48/100|[from] item: Leftovers\n|upkeep\n|turn|4\n|inactive|Time left: 300 sec this turn | 300 sec total\n|\n|t:|1783551659\n|move|p1a: Mew|Hydro Pump|p2a: Mesprit|[miss]\n|-miss|p1a: Mew|p2a: Mesprit\n|move|p2a: Mesprit|Knock Off|p1a: Mew\n|-supereffective|p1a: Mew\n|-damage|p1a: Mew|23/298\n|\n|-heal|p2a: Mesprit|55/100|[from] item: Leftovers\n|upkeep\n|turn|5\n|inactive|Time left: 300 sec this turn | 300 sec total\n|\n|t:|1783551660\n|move|p1a: Mew|Hydro Pump|p2a: Mesprit|[miss]\n|-miss|p1a: Mew|p2a: Mesprit\n|move|p2a: Mesprit|Drain Punch|p1a: Mew\n|-resisted|p1a: Mew\n|-damage|p1a: Mew|0 fnt\n|-heal|p2a: Mesprit|59/100|[from] drain|[of] p1a: Mew\n|faint|p1a: Mew\n|\n|-heal|p2a: Mesprit|65/100|[from] item: Leftovers\n|upkeep\n|inactive|Time left: 300 sec this turn | 300 sec total | 5 sec grace\n|\n|t:|1783551661\n|switch|p1a: Skuntank|Skuntank, L84, M|310/310\n|-damage|p1a: Skuntank|272/310|[from] Stealth Rock\n|turn|6\n|inactive|Time left: 300 sec this turn | 300 sec total\n|\n|t:|1783551663\n|switch|p2a: Swampert|Swampert, L83, M|100/100\n|move|p1a: Skuntank|Knock Off|p2a: Swampert\n|-damage|p2a: Swampert|61/100\n|-enditem|p2a: Swampert|Leftovers|[from] move: Knock Off|[of] p1a: Skuntank\n|-damage|p1a: Skuntank|241/310|[from] item: Life Orb\n|\n|upkeep\n|turn|7\n|inactive|Time left: 300 sec this turn | 300 sec total\n|\n|t:|1783551664\n|move|p1a: Skuntank|Knock Off|p2a: Swampert\n|-damage|p2a: Swampert|34/100\n|-damage|p1a: Skuntank|210/310|[from] item: Life Orb\n|move|p2a: Swampert|Earthquake|p1a: Skuntank\n|-supereffective|p1a: Skuntank\n|-damage|p1a: Skuntank|0 fnt\n|faint|p1a: Skuntank\n|\n|upkeep\n|inactive|Time left: 300 sec this turn | 300 sec total | 5 sec grace\n|\n|t:|1783551665\n|switch|p1a: Tornadus|Tornadus, L82, M|264/264\n|turn|8\n|inactive|Time left: 300 sec this turn | 300 sec total\n|\n|t:|1783551666\n|switch|p2a: Jolteon|Jolteon, L84, F|100/100\n|move|p1a: Tornadus|Nasty Plot|p1a: Tornadus\n|-boost|p1a: Tornadus|spa|2\n|\n|upkeep\n|turn|9\n|inactive|Time left: 300 sec this turn | 300 sec total\n|\n|t:|1783551667\n|-terastallize|p1a: Tornadus|Fighting\n|move|p2a: Jolteon|Thunderbolt|p1a: Tornadus\n|-damage|p1a: Tornadus|138/264\n|move|p1a: Tornadus|Focus Blast|p2a: Jolteon|[miss]\n|-miss|p1a: Tornadus|p2a: Jolteon\n|\n|upkeep\n|turn|10\n|inactive|Time left: 300 sec this turn | 300 sec total\n|\n|t:|1783551668\n|move|p2a: Jolteon|Alluring Voice|p1a: Tornadus\n|-supereffective|p1a: Tornadus\n|-damage|p1a: Tornadus|6/264\n|move|p1a: Tornadus|Focus Blast|p2a: Jolteon\n|-damage|p2a: Jolteon|0 fnt\n|faint|p2a: Jolteon\n|\n|upkeep\n|\n|t:|1783551669\n|switch|p2a: Grafaiai|Grafaiai, L86, M|100/100\n|turn|11\n|inactive|Time left: 300 sec this turn | 300 sec total\n|\n|t:|1783551670\n|move|p2a: Grafaiai|Knock Off|p1a: Tornadus\n|-resisted|p1a: Tornadus\n|-damage|p1a: Tornadus|0 fnt\n|-enditem|p1a: Tornadus|Heavy-Duty Boots|[from] move: Knock Off|[of] p2a: Grafaiai\n|faint|p1a: Tornadus\n|\n|upkeep\n|inactive|Time left: 300 sec this turn | 300 sec total | 5 sec grace\n|\n|t:|1783551671\n|switch|p1a: Komala|Komala, L87, F|255/255\n|-damage|p1a: Komala|224/255|[from] Stealth Rock\n|-ability|p1a: Komala|Comatose\n|turn|12\n|inactive|Time left: 300 sec this turn | 300 sec total\n|\n|t:|1783551672\n|move|p2a: Grafaiai|Parting Shot|p1a: Komala\n|-unboost|p1a: Komala|atk|1\n|-unboost|p1a: Komala|spa|1\n|\n|t:|1783551673\n|switch|p2a: Sableye|Sableye, L88, M|100/100|[from] Parting Shot\n|move|p1a: Komala|Rapid Spin|p2a: Sableye\n|-immune|p2a: Sableye\n|\n|upkeep\n|turn|13\n|inactive|Time left: 300 sec this turn | 300 sec total\n|\n|t:|1783551674\n|switch|p1a: Golduck|Golduck, L90, F|290/290\n|-damage|p1a: Golduck|254/290|[from] Stealth Rock\n|-ability|p1a: Golduck|Cloud Nine\n|move|p2a: Sableye|Knock Off|p1a: Golduck\n|-damage|p1a: Golduck|166/290\n|-enditem|p1a: Golduck|Leftovers|[from] move: Knock Off|[of] p2a: Sableye\n|\n|upkeep\n|turn|14\n|inactive|Time left: 300 sec this turn | 300 sec total\n|\n|t:|1783551675\n|move|p2a: Sableye|Thunder Wave|p1a: Golduck\n|-status|p1a: Golduck|par\n|move|p1a: Golduck|Nasty Plot|p1a: Golduck\n|-boost|p1a: Golduck|spa|2\n|\n|upkeep\n|turn|15\n|inactive|Time left: 300 sec this turn | 300 sec total\n|\n|t:|1783551676\n|move|p2a: Sableye|Encore|p1a: Golduck\n|-start|p1a: Golduck|Encore\n|cant|p1a: Golduck|par\n|\n|upkeep\n|turn|16\n|inactive|Time left: 300 sec this turn | 300 sec total\n|\n|t:|1783551677\n|move|p2a: Sableye|Knock Off|p1a: Golduck\n|-damage|p1a: Golduck|102/290 par\n|cant|p1a: Golduck|par\n|\n|upkeep\n|turn|17\n|inactive|Time left: 300 sec this turn | 300 sec total\n|\n|t:|1783551678\n|move|p2a: Sableye|Knock Off|p1a: Golduck\n|-damage|p1a: Golduck|38/290 par\n|move|p1a: Golduck|Nasty Plot|p1a: Golduck\n|-boost|p1a: Golduck|spa|2\n|\n|-end|p1a: Golduck|Encore\n|upkeep\n|turn|18\n|inactive|Time left: 300 sec this turn | 300 sec total\n|\n|t:|1783551679\n|move|p2a: Sableye|Encore|p1a: Golduck\n|-start|p1a: Golduck|Encore\n|move|p1a: Golduck|Nasty Plot|p1a: Golduck\n|-boost|p1a: Golduck|spa|2\n|\n|upkeep\n|turn|19\n|inactive|Time left: 300 sec this turn | 300 sec total\n|\n|t:|1783551680\n|switch|p2a: Mesprit|Mesprit, L85|65/100\n|cant|p1a: Golduck|par\n|\n|-heal|p2a: Mesprit|71/100|[from] item: Leftovers\n|upkeep\n|turn|20\n|inactive|Time left: 300 sec this turn | 300 sec total\n|\n|t:|1783551681\n|move|p2a: Mesprit|Drain Punch|p1a: Golduck\n|-damage|p1a: Golduck|0 fnt\n|-heal|p2a: Mesprit|78/100|[from] drain|[of] p1a: Golduck\n|faint|p1a: Golduck\n|\n|-heal|p2a: Mesprit|84/100|[from] item: Leftovers\n|upkeep\n|inactive|Time left: 300 sec this turn | 300 sec total | 5 sec grace\n|\n|t:|1783551682\n|switch|p1a: Komala|Komala, L87, F|224/255\n|-damage|p1a: Komala|193/255|[from] Stealth Rock\n|-ability|p1a: Komala|Comatose\n|turn|21\n|inactive|Time left: 300 sec this turn | 300 sec total\n|\n|t:|1783551683\n|move|p2a: Mesprit|Drain Punch|p1a: Komala\n|-supereffective|p1a: Komala\n|-damage|p1a: Komala|61/255\n|-heal|p2a: Mesprit|100/100|[from] drain|[of] p1a: Komala\n|move|p1a: Komala|Rapid Spin|p2a: Mesprit\n|-damage|p2a: Mesprit|79/100\n|-boost|p1a: Komala|spe|1\n|-sideend|p1: p0x10136a77|Stealth Rock|[from] move: Rapid Spin|[of] p1a: Komala\n|\n|-heal|p2a: Mesprit|85/100|[from] item: Leftovers\n|upkeep\n|turn|22\n|inactive|Time left: 300 sec this turn | 300 sec total\n|\n|t:|1783551685\n|move|p1a: Komala|Knock Off|p2a: Mesprit\n|-supereffective|p2a: Mesprit\n|-damage|p2a: Mesprit|31/100\n|-enditem|p2a: Mesprit|Leftovers|[from] move: Knock Off|[of] p1a: Komala\n|move|p2a: Mesprit|Drain Punch|p1a: Komala\n|-supereffective|p1a: Komala\n|-damage|p1a: Komala|0 fnt\n|-heal|p2a: Mesprit|42/100|[from] drain|[of] p1a: Komala\n|faint|p1a: Komala\n|\n|upkeep\n|inactive|Time left: 300 sec this turn | 300 sec total | 5 sec grace\n|\n|t:|1783551686\n|switch|p1a: Veluza|Veluza, L85, M|292/292\n|turn|23\n|inactive|Time left: 300 sec this turn | 300 sec total\n|\n|t:|1783551688\n|-terastallize|p2a: Mesprit|Dark\n|move|p1a: Veluza|Aqua Cutter|p2a: Mesprit\n|-damage|p2a: Mesprit|4/100\n|move|p2a: Mesprit|Knock Off|p1a: Veluza\n|-supereffective|p1a: Veluza\n|-damage|p1a: Veluza|46/292\n|-enditem|p1a: Veluza|Choice Scarf|[from] move: Knock Off|[of] p2a: Mesprit\n|\n|upkeep\n|turn|24\n|inactive|Time left: 300 sec this turn | 300 sec total\n|\n|t:|1783551689\n|move|p2a: Mesprit|Psychic Noise|p1a: Veluza\n|-resisted|p1a: Veluza\n|-damage|p1a: Veluza|0 fnt\n|faint|p1a: Veluza\n|\n|win|p0y10132328", "uploadtime": 1783551689, "views": 0, "rating": 0, "private": 0, "password": null, "_winner": "p0y10132328", "_our_name": "p0x10136a77"}