{"id": "battle-gen9randombattle-68", "formatid": "gen9randombattle", "format": "[Gen 9] Random Battle", "players": ["p0x068f6c6", "p0y068f874"], "log": "|init|battle\n|title|p0x068f6c6 vs. p0y068f874\n|j|\u2606p0x068f6c6\n|j|\u2606p0y068f874\n|t:|1783534547\n|gametype|singles\n|player|p1|p0x068f6c6|265|\n|player|p2|p0y068f874|169|\n|gen|9\n|tier|[Gen 9] Random Battle\n|rule|Species Clause: Limit one of each Pok\u00e9mon\n|rule|HP Percentage Mod: HP is shown in percentages\n|rule|Sleep Clause Mod: Limit one foe put to sleep\n|rule|Illusion Level Mod: Illusion disguises the Pok\u00e9mon's true level\n|\n|t:|1783534547\n|teamsize|p1|6\n|teamsize|p2|6\n|start\n|switch|p1a: Ampharos|Ampharos, L88, M|302/302\n|switch|p2a: Cloyster|Cloyster, L80, M|100/100\n|turn|1\n|inactive|Battle timer is ON: inactive players will automatically lose when time's up. (requested by p0y068f874)\n|inactive|Time left: 300 sec this turn | 300 sec total | 60 sec grace\n|inactive|p0x068f6c6 also wants the timer to be on.\n|\n|t:|1783534549\n|switch|p2a: Gogoat|Gogoat, L88, M|100/100\n|move|p1a: Ampharos|Thunderbolt|p2a: Gogoat\n|-resisted|p2a: Gogoat\n|-damage|p2a: Gogoat|84/100\n|\n|-heal|p2a: Gogoat|90/100|[from] item: Leftovers\n|upkeep\n|turn|2\n|inactive|Time left: 300 sec this turn | 300 sec total\n|\n|t:|1783534550\n|switch|p1a: Salamence|Salamence, L77, F|273/273\n|-ability|p1a: Salamence|Intimidate|boost\n|-unboost|p2a: Gogoat|atk|1\n|move|p2a: Gogoat|Bulk Up|p2a: Gogoat\n|-boost|p2a: Gogoat|atk|1\n|-boost|p2a: Gogoat|def|1\n|\n|-heal|p2a: Gogoat|96/100|[from] item: Leftovers\n|upkeep\n|turn|3\n|inactive|Time left: 300 sec this turn | 300 sec total\n|\n|t:|1783534551\n|move|p1a: Salamence|Dragon Dance|p1a: Salamence\n|-boost|p1a: Salamence|atk|1\n|-boost|p1a: Salamence|spe|1\n|move|p2a: Gogoat|Bulk Up|p2a: Gogoat\n|-boost|p2a: Gogoat|atk|1\n|-boost|p2a: Gogoat|def|1\n|\n|-heal|p2a: Gogoat|100/100|[from] item: Leftovers\n|upkeep\n|turn|4\n|inactive|Time left: 300 sec this turn | 300 sec total\n|\n|t:|1783534552\n|move|p1a: Salamence|Outrage|p2a: Gogoat\n|-damage|p2a: Gogoat|62/100\n|move|p2a: Gogoat|Bulk Up|p2a: Gogoat\n|-boost|p2a: Gogoat|atk|1\n|-boost|p2a: Gogoat|def|1\n|\n|-heal|p2a: Gogoat|68/100|[from] item: Leftovers\n|upkeep\n|turn|5\n|inactive|Time left: 300 sec this turn | 300 sec total\n|\n|t:|1783534553\n|move|p1a: Salamence|Outrage|p2a: Gogoat|[from] lockedmove\n|-damage|p2a: Gogoat|38/100\n|move|p2a: Gogoat|Milk Drink|p2a: Gogoat\n|-heal|p2a: Gogoat|88/100\n|\n|-heal|p2a: Gogoat|94/100|[from] item: Leftovers\n|upkeep\n|turn|6\n|inactive|Time left: 300 sec this turn | 300 sec total\n|\n|t:|1783534554\n|move|p1a: Salamence|Outrage|p2a: Gogoat|[from] lockedmove\n|-damage|p2a: Gogoat|67/100\n|-start|p1a: Salamence|confusion|[fatigue]\n|move|p2a: Gogoat|Bulk Up|p2a: Gogoat\n|-boost|p2a: Gogoat|atk|1\n|-boost|p2a: Gogoat|def|1\n|\n|-heal|p2a: Gogoat|74/100|[from] item: Leftovers\n|upkeep\n|turn|7\n|inactive|Time left: 300 sec this turn | 300 sec total\n|\n|t:|1783534555\n|-activate|p1a: Salamence|confusion\n|-damage|p1a: Salamence|214/273|[from] confusion\n|move|p2a: Gogoat|Horn Leech|p1a: Salamence\n|-resisted|p1a: Salamence\n|-damage|p1a: Salamence|149/273\n|-heal|p2a: Gogoat|83/100|[from] drain|[of] p1a: Salamence\n|\n|-heal|p2a: Gogoat|89/100|[from] item: Leftovers\n|upkeep\n|turn|8\n|inactive|Time left: 300 sec this turn | 300 sec total\n|\n|t:|1783534556\n|-activate|p1a: Salamence|confusion\n|move|p1a: Salamence|Dragon Dance|p1a: Salamence\n|-boost|p1a: Salamence|atk|1\n|-boost|p1a: Salamence|spe|1\n|move|p2a: Gogoat|Horn Leech|p1a: Salamence\n|-resisted|p1a: Salamence\n|-damage|p1a: Salamence|85/273\n|-heal|p2a: Gogoat|98/100|[from] drain|[of] p1a: Salamence\n|\n|-heal|p2a: Gogoat|100/100|[from] item: Leftovers\n|upkeep\n|turn|9\n|inactive|Time left: 300 sec this turn | 300 sec total\n|\n|t:|1783534557\n|-activate|p1a: Salamence|confusion\n|move|p1a: Salamence|Outrage|p2a: Gogoat\n|-damage|p2a: Gogoat|71/100\n|move|p2a: Gogoat|Horn Leech|p1a: Salamence\n|-resisted|p1a: Salamence\n|-damage|p1a: Salamence|16/273\n|-heal|p2a: Gogoat|81/100|[from] drain|[of] p1a: Salamence\n|\n|-heal|p2a: Gogoat|87/100|[from] item: Leftovers\n|upkeep\n|turn|10\n|inactive|Time left: 300 sec this turn | 300 sec total\n|\n|t:|1783534558\n|-activate|p1a: Salamence|confusion\n|move|p1a: Salamence|Outrage|p2a: Gogoat|[from] lockedmove\n|-damage|p2a: Gogoat|57/100\n|move|p2a: Gogoat|Horn Leech|p1a: Salamence\n|-resisted|p1a: Salamence\n|-damage|p1a: Salamence|0 fnt\n|-heal|p2a: Gogoat|59/100|[from] drain|[of] p1a: Salamence\n|faint|p1a: Salamence\n|\n|-heal|p2a: Gogoat|65/100|[from] item: Leftovers\n|upkeep\n|inactive|Time left: 300 sec this turn | 300 sec total | 5 sec grace\n|\n|t:|1783534559\n|switch|p1a: Chimecho|Chimecho, L93, F|290/290\n|turn|11\n|inactive|Time left: 300 sec this turn | 300 sec total\n|\n|t:|1783534560\n|move|p1a: Chimecho|Psychic Noise|p2a: Gogoat\n|-damage|p2a: Gogoat|36/100\n|-start|p2a: Gogoat|move: Heal Block\n|cant|p2a: Gogoat|move: Heal Block|Horn Leech\n|\n|upkeep\n|turn|12\n|inactive|Time left: 300 sec this turn | 300 sec total\n|\n|t:|1783534561\n|move|p1a: Chimecho|Encore|p2a: Gogoat\n|-start|p2a: Gogoat|Encore\n|cant|p2a: Gogoat|move: Heal Block|Horn Leech\n|\n|-end|p2a: Gogoat|move: Heal Block\n|upkeep\n|turn|13\n|inactive|Time left: 300 sec this turn | 300 sec total\n|\n|t:|1783534562\n|move|p1a: Chimecho|Psychic Noise|p2a: Gogoat\n|-damage|p2a: Gogoat|9/100\n|-start|p2a: Gogoat|move: Heal Block\n|cant|p2a: Gogoat|move: Heal Block|Horn Leech\n|\n|upkeep\n|turn|14\n|inactive|Time left: 300 sec this turn | 300 sec total\n|\n|t:|1783534563\n|move|p1a: Chimecho|Psychic Noise|p2a: Gogoat\n|-damage|p2a: Gogoat|0 fnt\n|faint|p2a: Gogoat\n|\n|upkeep\n|\n|t:|1783534564\n|switch|p2a: Metagross|Metagross, L79|100/100\n|turn|15\n|inactive|Time left: 300 sec this turn | 300 sec total\n|\n|t:|1783534565\n|move|p1a: Chimecho|Knock Off|p2a: Metagross\n|-supereffective|p2a: Metagross\n|-damage|p2a: Metagross|66/100\n|-enditem|p2a: Metagross|Leftovers|[from] move: Knock Off|[of] p1a: Chimecho\n|move|p2a: Metagross|Stealth Rock|p1a: Chimecho\n|-sidestart|p1: p0x068f6c6|move: Stealth Rock\n|\n|upkeep\n|turn|16\n|inactive|Time left: 300 sec this turn | 300 sec total\n|\n|t:|1783534566\n|move|p1a: Chimecho|Knock Off|p2a: Metagross\n|-supereffective|p2a: Metagross\n|-damage|p2a: Metagross|44/100\n|move|p2a: Metagross|Heavy Slam|p1a: Chimecho\n|-damage|p1a: Chimecho|158/290\n|\n|-heal|p1a: Chimecho|176/290|[from] item: Leftovers\n|upkeep\n|turn|17\n|inactive|Time left: 300 sec this turn | 300 sec total\n|\n|t:|1783534568\n|switch|p1a: Coalossal|Coalossal, L89, F|341/341\n|move|p2a: Metagross|Heavy Slam|p1a: Coalossal\n|-damage|p1a: Coalossal|302/341\n|\n|upkeep\n|turn|18\n|inactive|Time left: 300 sec this turn | 300 sec total\n|\n|t:|1783534569\n|move|p2a: Metagross|Earthquake|p1a: Coalossal\n|-supereffective|p1a: Coalossal\n|-damage|p1a: Coalossal|46/341\n|move|p1a: Coalossal|Rapid Spin|p2a: Metagross\n|-resisted|p2a: Metagross\n|-damage|p2a: Metagross|39/100\n|-boost|p1a: Coalossal|spe|1\n|-sideend|p1: p0x068f6c6|Stealth Rock|[from] move: Rapid Spin|[of] p1a: Coalossal\n|\n|upkeep\n|turn|19\n|inactive|Time left: 300 sec this turn | 300 sec total\n|\n|t:|1783534570\n|switch|p1a: Cloyster|Cloyster, L80, M|211/211\n|move|p2a: Metagross|Psychic Fangs|p1a: Cloyster\n|-damage|p1a: Cloyster|151/211\n|\n|upkeep\n|turn|20\n|inactive|Time left: 300 sec this turn | 300 sec total\n|\n|t:|1783534571\n|switch|p2a: Porygon2|Porygon2, L81|100/100\n|-ability|p2a: Porygon2|Download|boost\n|-boost|p2a: Porygon2|spa|1\n|move|p1a: Cloyster|Shell Smash|p1a: Cloyster\n|-unboost|p1a: Cloyster|def|1\n|-unboost|p1a: Cloyster|spd|1\n|-boost|p1a: Cloyster|atk|2\n|-boost|p1a: Cloyster|spa|2\n|-boost|p1a: Cloyster|spe|2\n|-enditem|p1a: Cloyster|White Herb\n|-clearnegativeboost|p1a: Cloyster|[silent]\n|\n|upkeep\n|turn|21\n|inactive|Time left: 300 sec this turn | 300 sec total\n|\n|t:|1783534572\n|-terastallize|p1a: Cloyster|Rock\n|move|p1a: Cloyster|Icicle Spear|p2a: Porygon2\n|-damage|p2a: Porygon2|89/100\n|-damage|p2a: Porygon2|76/100\n|-damage|p2a: Porygon2|64/100\n|-damage|p2a: Porygon2|51/100\n|-damage|p2a: Porygon2|38/100\n|-hitcount|p2a: Porygon2|5\n|move|p2a: Porygon2|Tera Blast|p1a: Cloyster\n|-resisted|p1a: Cloyster\n|-damage|p1a: Cloyster|51/211\n|\n|upkeep\n|turn|22\n|inactive|Time left: 300 sec this turn | 300 sec total\n|\n|t:|1783534573\n|move|p1a: Cloyster|Icicle Spear|p2a: Porygon2\n|-crit|p2a: Porygon2\n|-damage|p2a: Porygon2|18/100\n|-damage|p2a: Porygon2|5/100\n|-damage|p2a: Porygon2|0 fnt\n|faint|p2a: Porygon2\n|-hitcount|p2: Porygon2|3\n|\n|upkeep\n|\n|t:|1783534574\n|switch|p2a: Lugia|Lugia, L73|100/100\n|turn|23\n|inactive|Time left: 300 sec this turn | 300 sec total\n|\n|t:|1783534575\n|move|p1a: Cloyster|Icicle Spear|p2a: Lugia\n|-supereffective|p2a: Lugia\n|-damage|p2a: Lugia|84/100\n|-supereffective|p2a: Lugia\n|-damage|p2a: Lugia|56/100\n|-supereffective|p2a: Lugia\n|-damage|p2a: Lugia|24/100\n|-supereffective|p2a: Lugia\n|-damage|p2a: Lugia|0 fnt\n|faint|p2a: Lugia\n|-hitcount|p2: Lugia|4\n|\n|upkeep\n|\n|t:|1783534576\n|switch|p2a: Dachsbun|Dachsbun, L92, M|100/100\n|turn|24\n|inactive|Time left: 300 sec this turn | 300 sec total\n|\n|t:|1783534577\n|move|p1a: Cloyster|Icicle Spear|p2a: Dachsbun\n|-damage|p2a: Dachsbun|85/100\n|-damage|p2a: Dachsbun|71/100\n|-damage|p2a: Dachsbun|56/100\n|-damage|p2a: Dachsbun|42/100\n|-damage|p2a: Dachsbun|28/100\n|-hitcount|p2a: Dachsbun|5\n|move|p2a: Dachsbun|Body Press|p1a: Cloyster\n|-supereffective|p1a: Cloyster\n|-damage|p1a: Cloyster|0 fnt\n|faint|p1a: Cloyster\n|\n|-heal|p2a: Dachsbun|34/100|[from] item: Leftovers\n|upkeep\n|inactive|Time left: 300 sec this turn | 300 sec total | 5 sec grace\n|\n|t:|1783534578\n|switch|p1a: Ampharos|Ampharos, L88, M|302/302\n|turn|25\n|inactive|Time left: 300 sec this turn | 300 sec total\n|\n|t:|1783534579\n|move|p2a: Dachsbun|Wish|p2a: Dachsbun\n|move|p1a: Ampharos|Thunderbolt|p2a: Dachsbun\n|-damage|p2a: Dachsbun|0 fnt\n|faint|p2a: Dachsbun\n|\n|upkeep\n|\n|t:|1783534579\n|switch|p2a: Cloyster|Cloyster, L80, M|100/100\n|turn|26\n|inactive|Time left: 300 sec this turn | 300 sec total\n|\n|t:|1783534580\n|-terastallize|p2a: Cloyster|Ground\n|move|p2a: Cloyster|Shell Smash|p2a: Cloyster\n|-unboost|p2a: Cloyster|def|1\n|-unboost|p2a: Cloyster|spd|1\n|-boost|p2a: Cloyster|atk|2\n|-boost|p2a: Cloyster|spa|2\n|-boost|p2a: Cloyster|spe|2\n|-enditem|p2a: Cloyster|White Herb\n|-clearnegativeboost|p2a: Cloyster|[silent]\n|move|p1a: Ampharos|Thunderbolt|p2a: Cloyster\n|-immune|p2a: Cloyster\n|\n|upkeep\n|turn|27\n|inactive|Time left: 300 sec this turn | 300 sec total\n|\n|t:|1783534581\n|move|p2a: Cloyster|Drill Run|p1a: Ampharos\n|-supereffective|p1a: Ampharos\n|-damage|p1a: Ampharos|0 fnt\n|-status|p2a: Cloyster|par|[from] ability: Static|[of] p1a: Ampharos\n|faint|p1a: Ampharos\n|\n|upkeep\n|inactive|Time left: 300 sec this turn | 300 sec total | 5 sec grace\n|\n|t:|1783534582\n|switch|p1a: Miraidon|Miraidon, L65|238/238\n|-fieldstart|move: Electric Terrain|[from] ability: Hadron Engine|[of] p1a: Miraidon\n|turn|28\n|inactive|Time left: 300 sec this turn | 300 sec total\n|\n|t:|1783534583\n|switch|p2a: Metagross|Metagross, L79|39/100\n|move|p1a: Miraidon|Draco Meteor|p2a: Metagross\n|-resisted|p2a: Metagross\n|-damage|p2a: Metagross|3/100\n|-unboost|p1a: Miraidon|spa|2\n|-damage|p1a: Miraidon|215/238|[from] item: Life Orb\n|\n|upkeep\n|turn|29\n|inactive|Time left: 300 sec this turn | 300 sec total\n|\n|t:|1783534584\n|switch|p1a: Chimecho|Chimecho, L93, F|176/290\n|move|p2a: Metagross|Heavy Slam|p1a: Chimecho\n|-damage|p1a: Chimecho|46/290\n|\n|-heal|p1a: Chimecho|64/290|[from] item: Leftovers\n|upkeep\n|turn|30\n|inactive|Time left: 300 sec this turn | 300 sec total\n|\n|t:|1783534585\n|move|p1a: Chimecho|Psychic Noise|p2a: Metagross\n|-resisted|p2a: Metagross\n|-damage|p2a: Metagross|0 fnt\n|faint|p2a: Metagross\n|\n|-heal|p1a: Chimecho|82/290|[from] item: Leftovers\n|upkeep\n|\n|t:|1783534585\n|switch|p2a: Cloyster|Cloyster, L80, M, tera:Ground|100/100 par\n|turn|31\n|inactive|Time left: 300 sec this turn | 300 sec total\n|\n|t:|1783534586\n|move|p1a: Chimecho|Psychic Noise|p2a: Cloyster\n|-damage|p2a: Cloyster|18/100 par\n|-start|p2a: Cloyster|move: Heal Block\n|cant|p2a: Cloyster|par\n|\n|-heal|p1a: Chimecho|100/290|[from] item: Leftovers\n|upkeep\n|turn|32\n|inactive|Time left: 300 sec this turn | 300 sec total\n|\n|t:|1783534588\n|move|p1a: Chimecho|Psychic Noise|p2a: Cloyster\n|-damage|p2a: Cloyster|0 fnt\n|faint|p2a: Cloyster\n|\n|win|p0x068f6c6", "uploadtime": 1783534588, "views": 0, "rating": 0, "private": 0, "password": null, "_winner": "p0x068f6c6", "_our_name": "p0x068f6c6"}