{"id": "battle-gen9randombattle-440", "formatid": "gen9randombattle", "format": "[Gen 9] Random Battle", "players": ["p0x4402391", "p0y4407f3c"], "log": "|init|battle\n|title|p0x4402391 vs. p0y4407f3c\n|j|\u2606p0x4402391\n|j|\u2606p0y4407f3c\n|t:|1783544141\n|gametype|singles\n|player|p1|p0x4402391|266|\n|player|p2|p0y4407f3c|265|\n|gen|9\n|tier|[Gen 9] Random Battle\n|rule|Species Clause: Limit one of each Pok\u00e9mon\n|rule|HP Percentage Mod: HP is shown in percentages\n|rule|Sleep Clause Mod: Limit one foe put to sleep\n|rule|Illusion Level Mod: Illusion disguises the Pok\u00e9mon's true level\n|\n|t:|1783544141\n|teamsize|p1|6\n|teamsize|p2|6\n|start\n|switch|p1a: Terrakion|Terrakion, L79|100/100\n|switch|p2a: Archaludon|Archaludon, L78, M|268/268\n|turn|1\n|inactive|Battle timer is ON: inactive players will automatically lose when time's up. (requested by p0y4407f3c)\n|inactive|p0x4402391 also wants the timer to be on.\n|\n|t:|1783544143\n|-terastallize|p2a: Archaludon|Fighting\n|move|p1a: Terrakion|Swords Dance|p1a: Terrakion\n|-boost|p1a: Terrakion|atk|2\n|move|p2a: Archaludon|Body Press|p1a: Terrakion\n|-supereffective|p1a: Terrakion\n|-damage|p1a: Terrakion|24/100\n|\n|upkeep\n|turn|2\n|inactive|Time left: 300 sec this turn | 300 sec total\n|\n|t:|1783544144\n|switch|p2a: Munkidori|Munkidori, L79, M|269/269\n|move|p1a: Terrakion|Close Combat|p2a: Munkidori\n|-resisted|p2a: Munkidori\n|-damage|p2a: Munkidori|152/269\n|-unboost|p1a: Terrakion|def|1\n|-unboost|p1a: Terrakion|spd|1\n|-damage|p1a: Terrakion|14/100|[from] item: Life Orb\n|\n|upkeep\n|turn|3\n|inactive|Time left: 300 sec this turn | 300 sec total\n|\n|t:|1783544145\n|switch|p2a: Archaludon|Archaludon, L78, M, tera:Fighting|268/268\n|move|p1a: Terrakion|Stone Edge|p2a: Archaludon\n|-resisted|p2a: Archaludon\n|-damage|p2a: Archaludon|143/268\n|-ability|p2a: Archaludon|Stamina|boost\n|-boost|p2a: Archaludon|def|1\n|-damage|p1a: Terrakion|4/100|[from] item: Life Orb\n|\n|-heal|p2a: Archaludon|159/268|[from] item: Leftovers\n|upkeep\n|turn|4\n|inactive|Time left: 300 sec this turn | 300 sec total\n|\n|t:|1783544146\n|move|p1a: Terrakion|Close Combat|p2a: Archaludon\n|-damage|p2a: Archaludon|0 fnt\n|-unboost|p1a: Terrakion|def|1\n|-unboost|p1a: Terrakion|spd|1\n|faint|p2a: Archaludon\n|-damage|p1a: Terrakion|0 fnt|[from] item: Life Orb\n|faint|p1a: Terrakion\n|\n|upkeep\n|inactive|Time left: 300 sec this turn | 300 sec total | 5 sec grace\n|\n|t:|1783544148\n|switch|p1a: Banette|Banette, L93, M|100/100\n|switch|p2a: Munkidori|Munkidori, L79, M|152/269\n|turn|5\n|inactive|Time left: 300 sec this turn | 300 sec total\n|\n|t:|1783544149\n|move|p1a: Banette|Shadow Sneak|p2a: Munkidori\n|-supereffective|p2a: Munkidori\n|-damage|p2a: Munkidori|0 fnt\n|faint|p2a: Munkidori\n|-damage|p1a: Banette|90/100|[from] item: Life Orb\n|\n|upkeep\n|inactive|Time left: 300 sec this turn | 300 sec total | 5 sec grace\n|\n|t:|1783544150\n|switch|p2a: Greninja|Greninja, L80, M|246/246\n|turn|6\n|inactive|Time left: 300 sec this turn | 300 sec total\n|\n|t:|1783544152\n|move|p2a: Greninja|Dark Pulse|p1a: Banette\n|-start|p2a: Greninja|typechange|Dark|[from] ability: Protean\n|-supereffective|p1a: Banette\n|-damage|p1a: Banette|0 fnt\n|faint|p1a: Banette\n|-damage|p2a: Greninja|222/246|[from] item: Life Orb\n|\n|upkeep\n|\n|t:|1783544153\n|switch|p1a: Mimikyu|Mimikyu, L79, F|100/100\n|turn|7\n|inactive|Time left: 300 sec this turn | 300 sec total\n|\n|t:|1783544154\n|switch|p2a: Samurott|Samurott, L88, F|310/310\n|move|p1a: Mimikyu|Play Rough|p2a: Samurott\n|-damage|p2a: Samurott|203/310\n|-damage|p1a: Mimikyu|91/100|[from] item: Life Orb\n|\n|upkeep\n|turn|8\n|inactive|Time left: 300 sec this turn | 300 sec total\n|\n|t:|1783544155\n|move|p1a: Mimikyu|Swords Dance|p1a: Mimikyu\n|-boost|p1a: Mimikyu|atk|2\n|move|p2a: Samurott|Grass Knot|p1a: Mimikyu\n|-activate|p1a: Mimikyu|ability: Disguise\n|-damage|p1a: Mimikyu|91/100\n|detailschange|p1a: Mimikyu|Mimikyu-Busted, L79, F\n|-damage|p1a: Mimikyu|78/100|[from] pokemon: Mimikyu-Busted\n|\n|upkeep\n|turn|9\n|inactive|Time left: 300 sec this turn | 300 sec total\n|\n|t:|1783544156\n|move|p1a: Mimikyu|Play Rough|p2a: Samurott\n|-damage|p2a: Samurott|15/310\n|-unboost|p2a: Samurott|atk|1\n|-damage|p1a: Mimikyu|69/100|[from] item: Life Orb\n|move|p2a: Samurott|Hydro Pump|p1a: Mimikyu\n|-damage|p1a: Mimikyu|0 fnt\n|faint|p1a: Mimikyu\n|\n|upkeep\n|\n|t:|1783544158\n|switch|p1a: Kleavor|Kleavor, L78, M|100/100\n|turn|10\n|inactive|Time left: 300 sec this turn | 300 sec total\n|\n|t:|1783544159\n|move|p1a: Kleavor|Stone Axe|p2a: Samurott\n|-damage|p2a: Samurott|0 fnt\n|-sidestart|p2: p0y4407f3c|move: Stealth Rock\n|faint|p2a: Samurott\n|\n|upkeep\n|inactive|Time left: 300 sec this turn | 300 sec total | 5 sec grace\n|\n|t:|1783544160\n|switch|p2a: Greninja|Greninja, L80, M|222/246\n|-damage|p2a: Greninja|192/246|[from] Stealth Rock\n|turn|11\n|inactive|Time left: 300 sec this turn | 300 sec total\n|\n|t:|1783544161\n|switch|p1a: Victreebel|Victreebel, L90, M|100/100\n|move|p2a: Greninja|Hydro Pump|p1a: Victreebel\n|-start|p2a: Greninja|typechange|Water|[from] ability: Protean\n|-resisted|p1a: Victreebel\n|-damage|p1a: Victreebel|73/100\n|-damage|p2a: Greninja|168/246|[from] item: Life Orb\n|\n|upkeep\n|turn|12\n|inactive|Time left: 300 sec this turn | 300 sec total\n|\n|t:|1783544163\n|switch|p2a: Emboar|Emboar, L84, F|322/322\n|-damage|p2a: Emboar|282/322|[from] Stealth Rock\n|move|p1a: Victreebel|Strength Sap|p2a: Emboar\n|-unboost|p2a: Emboar|atk|1\n|-heal|p1a: Victreebel|100/100\n|\n|upkeep\n|turn|13\n|inactive|Time left: 300 sec this turn | 300 sec total\n|\n|t:|1783544164\n|switch|p1a: Farigiraf|Farigiraf, L90, F|100/100\n|move|p2a: Emboar|Flare Blitz|p1a: Farigiraf\n|-damage|p1a: Farigiraf|62/100\n|-damage|p2a: Emboar|236/322|[from] Recoil\n|\n|-heal|p1a: Farigiraf|68/100|[from] item: Leftovers\n|upkeep\n|turn|14\n|inactive|Time left: 300 sec this turn | 300 sec total\n|\n|t:|1783544165\n|switch|p2a: Scrafty|Scrafty, L83, M|244/244\n|-damage|p2a: Scrafty|229/244|[from] Stealth Rock\n|move|p1a: Farigiraf|Body Slam|p2a: Scrafty\n|-damage|p2a: Scrafty|142/244\n|-status|p2a: Scrafty|par\n|\n|-heal|p1a: Farigiraf|75/100|[from] item: Leftovers\n|-activate|p2a: Scrafty|ability: Shed Skin\n|-curestatus|p2a: Scrafty|par|[msg]\n|-heal|p2a: Scrafty|157/244|[from] item: Leftovers\n|upkeep\n|turn|15\n|inactive|Time left: 300 sec this turn | 300 sec total\n|\n|t:|1783544166\n|switch|p1a: Victreebel|Victreebel, L90, M|100/100\n|move|p2a: Scrafty|Bulk Up|p2a: Scrafty\n|-boost|p2a: Scrafty|atk|1\n|-boost|p2a: Scrafty|def|1\n|\n|-heal|p2a: Scrafty|172/244|[from] item: Leftovers\n|upkeep\n|turn|16\n|inactive|Time left: 300 sec this turn | 300 sec total\n|\n|t:|1783544167\n|move|p1a: Victreebel|Sludge Wave|p2a: Scrafty\n|-damage|p2a: Scrafty|46/244\n|-damage|p1a: Victreebel|90/100|[from] item: Life Orb\n|move|p2a: Scrafty|Rest|p2a: Scrafty\n|-status|p2a: Scrafty|slp|[from] move: Rest\n|-heal|p2a: Scrafty|244/244 slp|[silent]\n|\n|upkeep\n|turn|17\n|inactive|Time left: 300 sec this turn | 300 sec total\n|\n|t:|1783544168\n|move|p1a: Victreebel|Sludge Wave|p2a: Scrafty\n|-damage|p2a: Scrafty|106/244 slp\n|-damage|p1a: Victreebel|80/100|[from] item: Life Orb\n|cant|p2a: Scrafty|slp\n|\n|-activate|p2a: Scrafty|ability: Shed Skin\n|-curestatus|p2a: Scrafty|slp|[msg]\n|-heal|p2a: Scrafty|121/244|[from] item: Leftovers\n|upkeep\n|turn|18\n|inactive|Time left: 300 sec this turn | 300 sec total\n|\n|t:|1783544169\n|move|p1a: Victreebel|Sludge Wave|p2a: Scrafty\n|-damage|p2a: Scrafty|3/244\n|-damage|p1a: Victreebel|70/100|[from] item: Life Orb\n|move|p2a: Scrafty|Rest|p2a: Scrafty\n|-status|p2a: Scrafty|slp|[from] move: Rest\n|-heal|p2a: Scrafty|244/244 slp|[silent]\n|\n|upkeep\n|turn|19\n|inactive|Time left: 300 sec this turn | 300 sec total\n|\n|t:|1783544171\n|move|p1a: Victreebel|Strength Sap|p2a: Scrafty\n|-unboost|p2a: Scrafty|atk|1\n|-heal|p1a: Victreebel|100/100\n|cant|p2a: Scrafty|slp\n|\n|upkeep\n|turn|20\n|inactive|Time left: 300 sec this turn | 300 sec total\n|\n|t:|1783544172\n|move|p1a: Victreebel|Sludge Wave|p2a: Scrafty\n|-damage|p2a: Scrafty|111/244 slp\n|-damage|p1a: Victreebel|90/100|[from] item: Life Orb\n|cant|p2a: Scrafty|slp\n|\n|-heal|p2a: Scrafty|126/244 slp|[from] item: Leftovers\n|upkeep\n|turn|21\n|inactive|Time left: 300 sec this turn | 300 sec total\n|\n|t:|1783544173\n|move|p1a: Victreebel|Sludge Wave|p2a: Scrafty\n|-damage|p2a: Scrafty|0 fnt\n|faint|p2a: Scrafty\n|-damage|p1a: Victreebel|80/100|[from] item: Life Orb\n|\n|upkeep\n|inactive|Time left: 300 sec this turn | 300 sec total | 5 sec grace\n|\n|t:|1783544174\n|switch|p2a: Emboar|Emboar, L84, F|236/322\n|-damage|p2a: Emboar|196/322|[from] Stealth Rock\n|turn|22\n|inactive|Time left: 300 sec this turn | 300 sec total\n|\n|t:|1783544175\n|move|p1a: Victreebel|Sludge Wave|p2a: Emboar\n|-damage|p2a: Emboar|71/322\n|-damage|p1a: Victreebel|70/100|[from] item: Life Orb\n|move|p2a: Emboar|Knock Off|p1a: Victreebel\n|-damage|p1a: Victreebel|34/100\n|-enditem|p1a: Victreebel|Life Orb|[from] move: Knock Off|[of] p2a: Emboar\n|\n|upkeep\n|turn|23\n|inactive|Time left: 300 sec this turn | 300 sec total\n|\n|t:|1783544177\n|move|p1a: Victreebel|Strength Sap|p2a: Emboar\n|-unboost|p2a: Emboar|atk|1\n|-heal|p1a: Victreebel|100/100\n|move|p2a: Emboar|Flare Blitz|p1a: Victreebel\n|-supereffective|p1a: Victreebel\n|-damage|p1a: Victreebel|0 fnt\n|faint|p1a: Victreebel\n|-damage|p2a: Emboar|0 fnt|[from] Recoil\n|faint|p2a: Emboar\n|\n|upkeep\n|inactive|Time left: 300 sec this turn | 300 sec total | 5 sec grace\n|\n|t:|1783544178\n|switch|p1a: Farigiraf|Farigiraf, L90, F|75/100\n|switch|p2a: Greninja|Greninja, L80, M|168/246\n|-damage|p2a: Greninja|138/246|[from] Stealth Rock\n|turn|24\n|inactive|Time left: 300 sec this turn | 300 sec total\n|\n|t:|1783544179\n|-terastallize|p1a: Farigiraf|Water\n|move|p2a: Greninja|Dark Pulse|p1a: Farigiraf\n|-start|p2a: Greninja|typechange|Dark|[from] ability: Protean\n|-damage|p1a: Farigiraf|44/100\n|-damage|p2a: Greninja|114/246|[from] item: Life Orb\n|move|p1a: Farigiraf|Body Slam|p2a: Greninja\n|-damage|p2a: Greninja|0 fnt\n|faint|p2a: Greninja\n|\n|win|p0x4402391", "uploadtime": 1783544179, "views": 0, "rating": 0, "private": 0, "password": null, "_winner": "p0x4402391", "_our_name": "p0y4407f3c"}