{"id": "battle-gen9randombattle-795", "formatid": "gen9randombattle", "format": "[Gen 9] Random Battle", "players": ["p0x7953519", "p0y7953961"], "log": "|init|battle\n|title|p0x7953519 vs. p0y7953961\n|j|\u2606p0x7953519\n|j|\u2606p0y7953961\n|t:|1783549085\n|gametype|singles\n|player|p1|p0x7953519|265|\n|player|p2|p0y7953961|1|\n|gen|9\n|tier|[Gen 9] Random Battle\n|rule|Species Clause: Limit one of each Pok\u00e9mon\n|rule|HP Percentage Mod: HP is shown in percentages\n|rule|Sleep Clause Mod: Limit one foe put to sleep\n|rule|Illusion Level Mod: Illusion disguises the Pok\u00e9mon's true level\n|\n|t:|1783549085\n|teamsize|p1|6\n|teamsize|p2|6\n|start\n|switch|p1a: Archaludon|Archaludon, L78, M|100/100\n|switch|p2a: Copperajah|Copperajah, L86, F|350/350\n|turn|1\n|inactive|Battle timer is ON: inactive players will automatically lose when time's up. (requested by p0x7953519)\n|inactive|Time left: 300 sec this turn | 300 sec total | 60 sec grace\n|inactive|p0y7953961 also wants the timer to be on.\n|\n|t:|1783549087\n|move|p1a: Archaludon|Swords Dance|p1a: Archaludon\n|-boost|p1a: Archaludon|atk|2\n|move|p2a: Copperajah|Knock Off|p1a: Archaludon\n|-damage|p1a: Archaludon|58/100\n|-ability|p1a: Archaludon|Stamina|boost\n|-boost|p1a: Archaludon|def|1\n|-enditem|p1a: Archaludon|Lum Berry|[from] move: Knock Off|[of] p2a: Copperajah\n|\n|upkeep\n|turn|2\n|inactive|Time left: 300 sec this turn | 300 sec total\n|\n|t:|1783549088\n|switch|p2a: Necrozma|Necrozma-Dawn-Wings, L76|272/272\n|move|p1a: Archaludon|Outrage|p2a: Necrozma\n|-damage|p2a: Necrozma|44/272\n|\n|-heal|p2a: Necrozma|61/272|[from] item: Leftovers\n|upkeep\n|turn|3\n|inactive|Time left: 300 sec this turn | 300 sec total\n|\n|t:|1783549089\n|-terastallize|p2a: Necrozma|Fairy\n|move|p1a: Archaludon|Outrage|p2a: Necrozma|[from] lockedmove\n|-immune|p2a: Necrozma\n|move|p2a: Necrozma|Moonlight|p2a: Necrozma\n|-heal|p2a: Necrozma|197/272\n|\n|-heal|p2a: Necrozma|214/272|[from] item: Leftovers\n|upkeep\n|turn|4\n|inactive|Time left: 300 sec this turn | 300 sec total\n|\n|t:|1783549090\n|move|p1a: Archaludon|Iron Head|p2a: Necrozma\n|-supereffective|p2a: Necrozma\n|-damage|p2a: Necrozma|6/272\n|move|p2a: Necrozma|Moongeist Beam|p1a: Archaludon\n|-damage|p1a: Archaludon|0 fnt\n|faint|p1a: Archaludon\n|\n|-heal|p2a: Necrozma|23/272|[from] item: Leftovers\n|upkeep\n|\n|t:|1783549091\n|switch|p1a: Hariyama|Hariyama, L87, F|100/100\n|turn|5\n|inactive|Time left: 300 sec this turn | 300 sec total\n|\n|t:|1783549092\n|move|p1a: Hariyama|Bullet Punch|p2a: Necrozma\n|-supereffective|p2a: Necrozma\n|-damage|p2a: Necrozma|0 fnt\n|faint|p2a: Necrozma\n|\n|-status|p1a: Hariyama|brn|[from] item: Flame Orb\n|upkeep\n|inactive|Time left: 300 sec this turn | 300 sec total | 5 sec grace\n|\n|t:|1783549093\n|switch|p2a: Alomomola|Alomomola, L87, F|429/429\n|turn|6\n|inactive|Time left: 300 sec this turn | 300 sec total\n|\n|t:|1783549095\n|move|p2a: Alomomola|Scald|p1a: Hariyama\n|-damage|p1a: Hariyama|83/100 brn\n|move|p1a: Hariyama|Knock Off|p2a: Alomomola\n|-damage|p2a: Alomomola|296/429\n|-enditem|p2a: Alomomola|Heavy-Duty Boots|[from] move: Knock Off|[of] p1a: Hariyama\n|\n|-damage|p1a: Hariyama|77/100 brn|[from] brn\n|upkeep\n|turn|7\n|inactive|Time left: 300 sec this turn | 300 sec total\n|\n|t:|1783549096\n|move|p2a: Alomomola|Protect|p2a: Alomomola\n|-singleturn|p2a: Alomomola|Protect\n|move|p1a: Hariyama|Facade|p2a: Alomomola\n|-activate|p2a: Alomomola|move: Protect\n|\n|-damage|p1a: Hariyama|71/100 brn|[from] brn\n|upkeep\n|turn|8\n|inactive|Time left: 300 sec this turn | 300 sec total\n|\n|t:|1783549097\n|move|p2a: Alomomola|Flip Turn|p1a: Hariyama\n|-damage|p1a: Hariyama|54/100 brn\n|inactive|Time left: 300 sec this turn | 300 sec total | 5 sec grace\n|\n|t:|1783549098\n|switch|p2a: Rillaboom|Rillaboom, L79, M|288/288|[from] Flip Turn\n|-fieldstart|move: Grassy Terrain|[from] ability: Grassy Surge|[of] p2a: Rillaboom\n|move|p1a: Hariyama|Close Combat|p2a: Rillaboom\n|-damage|p2a: Rillaboom|21/288\n|-unboost|p1a: Hariyama|def|1\n|-unboost|p1a: Hariyama|spd|1\n|\n|-heal|p2a: Rillaboom|39/288|[from] Grassy Terrain\n|-heal|p1a: Hariyama|60/100 brn|[from] Grassy Terrain\n|-damage|p1a: Hariyama|54/100 brn|[from] brn\n|upkeep\n|turn|9\n|inactive|Time left: 300 sec this turn | 300 sec total\n|\n|t:|1783549098\n|switch|p1a: Drifblim|Drifblim, L86, F|100/100\n|move|p2a: Rillaboom|Grassy Glide|p1a: Drifblim\n|-resisted|p1a: Drifblim\n|-damage|p1a: Drifblim|78/100\n|\n|-heal|p2a: Rillaboom|57/288|[from] Grassy Terrain\n|upkeep\n|turn|10\n|inactive|Time left: 300 sec this turn | 300 sec total\n|\n|t:|1783549100\n|switch|p2a: Copperajah|Copperajah, L86, F|350/350\n|move|p1a: Drifblim|Strength Sap|p2a: Copperajah\n|-unboost|p2a: Copperajah|atk|1\n|-heal|p1a: Drifblim|100/100\n|\n|upkeep\n|turn|11\n|inactive|Time left: 300 sec this turn | 300 sec total\n|\n|t:|1783549101\n|move|p1a: Drifblim|Calm Mind|p1a: Drifblim\n|-boost|p1a: Drifblim|spa|1\n|-boost|p1a: Drifblim|spd|1\n|move|p2a: Copperajah|Knock Off|p1a: Drifblim\n|-supereffective|p1a: Drifblim\n|-damage|p1a: Drifblim|31/100\n|-enditem|p1a: Drifblim|Sitrus Berry|[from] move: Knock Off|[of] p2a: Copperajah\n|\n|upkeep\n|turn|12\n|inactive|Time left: 300 sec this turn | 300 sec total\n|\n|t:|1783549102\n|move|p1a: Drifblim|Strength Sap|p2a: Copperajah\n|-unboost|p2a: Copperajah|atk|1\n|-heal|p1a: Drifblim|77/100\n|move|p2a: Copperajah|Knock Off|p1a: Drifblim\n|-supereffective|p1a: Drifblim\n|-damage|p1a: Drifblim|42/100\n|\n|-fieldend|move: Grassy Terrain\n|upkeep\n|turn|13\n|inactive|Time left: 300 sec this turn | 300 sec total\n|\n|t:|1783549102\n|move|p1a: Drifblim|Strength Sap|p2a: Copperajah\n|-unboost|p2a: Copperajah|atk|1\n|-heal|p1a: Drifblim|76/100\n|move|p2a: Copperajah|Knock Off|p1a: Drifblim\n|-supereffective|p1a: Drifblim\n|-damage|p1a: Drifblim|46/100\n|\n|upkeep\n|turn|14\n|inactive|Time left: 300 sec this turn | 300 sec total\n|\n|t:|1783549103\n|move|p1a: Drifblim|Shadow Ball|p2a: Copperajah\n|-damage|p2a: Copperajah|211/350\n|move|p2a: Copperajah|Knock Off|p1a: Drifblim\n|-supereffective|p1a: Drifblim\n|-damage|p1a: Drifblim|15/100\n|\n|upkeep\n|turn|15\n|inactive|Time left: 300 sec this turn | 300 sec total\n|\n|t:|1783549104\n|move|p1a: Drifblim|Strength Sap|p2a: Copperajah\n|-unboost|p2a: Copperajah|atk|1\n|-heal|p1a: Drifblim|43/100\n|move|p2a: Copperajah|Knock Off|p1a: Drifblim\n|-supereffective|p1a: Drifblim\n|-damage|p1a: Drifblim|19/100\n|\n|upkeep\n|turn|16\n|inactive|Time left: 300 sec this turn | 300 sec total\n|\n|t:|1783549105\n|move|p1a: Drifblim|Strength Sap|p2a: Copperajah\n|-unboost|p2a: Copperajah|atk|1\n|-heal|p1a: Drifblim|42/100\n|move|p2a: Copperajah|Knock Off|p1a: Drifblim\n|-supereffective|p1a: Drifblim\n|-damage|p1a: Drifblim|23/100\n|\n|upkeep\n|turn|17\n|inactive|Time left: 300 sec this turn | 300 sec total\n|\n|t:|1783549106\n|move|p1a: Drifblim|Shadow Ball|p2a: Copperajah\n|-damage|p2a: Copperajah|67/350\n|move|p2a: Copperajah|Knock Off|p1a: Drifblim\n|-supereffective|p1a: Drifblim\n|-damage|p1a: Drifblim|0 fnt\n|faint|p1a: Drifblim\n|\n|upkeep\n|\n|t:|1783549107\n|switch|p1a: Arceus|Arceus-Ground, L70|100/100\n|turn|18\n|inactive|Time left: 300 sec this turn | 300 sec total\n|\n|t:|1783549108\n|switch|p2a: Rillaboom|Rillaboom, L79, M|57/288\n|-fieldstart|move: Grassy Terrain|[from] ability: Grassy Surge|[of] p2a: Rillaboom\n|move|p1a: Arceus|Swords Dance|p1a: Arceus\n|-boost|p1a: Arceus|atk|2\n|\n|-heal|p2a: Rillaboom|75/288|[from] Grassy Terrain\n|upkeep\n|turn|19\n|inactive|Time left: 300 sec this turn | 300 sec total\n|\n|t:|1783549109\n|switch|p2a: Alomomola|Alomomola, L87, F|429/429\n|move|p1a: Arceus|Extreme Speed|p2a: Alomomola\n|-damage|p2a: Alomomola|329/429\n|\n|-heal|p2a: Alomomola|355/429|[from] Grassy Terrain\n|upkeep\n|turn|20\n|inactive|Time left: 300 sec this turn | 300 sec total\n|\n|t:|1783549110\n|move|p1a: Arceus|Swords Dance|p1a: Arceus\n|-boost|p1a: Arceus|atk|2\n|move|p2a: Alomomola|Scald|p1a: Arceus\n|-supereffective|p1a: Arceus\n|-damage|p1a: Arceus|67/100\n|\n|-heal|p1a: Arceus|73/100|[from] Grassy Terrain\n|-heal|p2a: Alomomola|381/429|[from] Grassy Terrain\n|upkeep\n|turn|21\n|inactive|Time left: 300 sec this turn | 300 sec total\n|\n|t:|1783549111\n|move|p1a: Arceus|Earthquake|p2a: Alomomola\n|-damage|p2a: Alomomola|224/429\n|move|p2a: Alomomola|Scald|p1a: Arceus\n|-supereffective|p1a: Arceus\n|-damage|p1a: Arceus|42/100\n|\n|-heal|p1a: Arceus|48/100|[from] Grassy Terrain\n|-heal|p2a: Alomomola|250/429|[from] Grassy Terrain\n|upkeep\n|turn|22\n|inactive|Time left: 300 sec this turn | 300 sec total\n|\n|t:|1783549112\n|move|p1a: Arceus|Stone Edge|p2a: Alomomola\n|-damage|p2a: Alomomola|78/429\n|move|p2a: Alomomola|Flip Turn|p1a: Arceus\n|-supereffective|p1a: Arceus\n|-damage|p1a: Arceus|12/100\n|inactive|Time left: 300 sec this turn | 300 sec total | 5 sec grace\n|\n|t:|1783549113\n|switch|p2a: Greedent|Greedent, L86, F|347/347|[from] Flip Turn\n|\n|-heal|p1a: Arceus|18/100|[from] Grassy Terrain\n|-fieldend|move: Grassy Terrain\n|upkeep\n|turn|23\n|inactive|Time left: 300 sec this turn | 300 sec total\n|\n|t:|1783549114\n|move|p1a: Arceus|Earthquake|p2a: Greedent\n|-damage|p2a: Greedent|44/347\n|-enditem|p2a: Greedent|Sitrus Berry|[eat]\n|-heal|p2a: Greedent|130/347|[from] item: Sitrus Berry\n|-heal|p2a: Greedent|245/347|[from] ability: Cheek Pouch\n|move|p2a: Greedent|Earthquake|p1a: Arceus\n|-damage|p1a: Arceus|0 fnt\n|faint|p1a: Arceus\n|\n|upkeep\n|\n|t:|1783549114\n|switch|p1a: Hariyama|Hariyama, L87, F|54/100 brn\n|turn|24\n|inactive|Time left: 300 sec this turn | 300 sec total\n|\n|t:|1783549115\n|move|p1a: Hariyama|Close Combat|p2a: Greedent\n|-supereffective|p2a: Greedent\n|-damage|p2a: Greedent|0 fnt\n|-unboost|p1a: Hariyama|def|1\n|-unboost|p1a: Hariyama|spd|1\n|faint|p2a: Greedent\n|\n|-damage|p1a: Hariyama|47/100 brn|[from] brn\n|upkeep\n|inactive|Time left: 300 sec this turn | 300 sec total | 5 sec grace\n|\n|t:|1783549116\n|switch|p2a: Gothitelle|Gothitelle, L90, F|272/272\n|turn|25\n|inactive|Time left: 300 sec this turn | 300 sec total\n|\n|t:|1783549118\n|-terastallize|p1a: Hariyama|Normal\n|move|p2a: Gothitelle|Psychic Noise|p1a: Hariyama\n|-damage|p1a: Hariyama|0 fnt\n|faint|p1a: Hariyama\n|\n|upkeep\n|\n|t:|1783549119\n|switch|p1a: Excadrill|Excadrill, L79, M|100/100\n|-ability|p1a: Excadrill|Mold Breaker\n|turn|26\n|inactive|Time left: 300 sec this turn | 300 sec total\n|\n|t:|1783549120\n|move|p1a: Excadrill|Earthquake|p2a: Gothitelle\n|-damage|p2a: Gothitelle|172/272\n|move|p2a: Gothitelle|Focus Blast|p1a: Excadrill\n|-supereffective|p1a: Excadrill\n|-damage|p1a: Excadrill|42/100\n|\n|-heal|p2a: Gothitelle|189/272|[from] item: Leftovers\n|upkeep\n|turn|27\n|inactive|Time left: 300 sec this turn | 300 sec total\n|\n|t:|1783549121\n|switch|p2a: Alomomola|Alomomola, L87, F|221/429\n|move|p1a: Excadrill|Earthquake|p2a: Alomomola\n|-damage|p2a: Alomomola|94/429\n|\n|upkeep\n|turn|28\n|inactive|Time left: 300 sec this turn | 300 sec total\n|\n|t:|1783549122\n|move|p1a: Excadrill|Iron Head|p2a: Alomomola\n|-resisted|p2a: Alomomola\n|-crit|p2a: Alomomola\n|-damage|p2a: Alomomola|22/429\n|cant|p2a: Alomomola|flinch\n|\n|upkeep\n|turn|29\n|inactive|Time left: 300 sec this turn | 300 sec total\n|\n|t:|1783549123\n|switch|p2a: Rillaboom|Rillaboom, L79, M|75/288\n|-fieldstart|move: Grassy Terrain|[from] ability: Grassy Surge|[of] p2a: Rillaboom\n|move|p1a: Excadrill|Iron Head|p2a: Rillaboom\n|-damage|p2a: Rillaboom|0 fnt\n|faint|p2a: Rillaboom\n|\n|-heal|p1a: Excadrill|48/100|[from] Grassy Terrain\n|upkeep\n|inactive|Time left: 300 sec this turn | 300 sec total | 5 sec grace\n|\n|t:|1783549124\n|switch|p2a: Alomomola|Alomomola, L87, F|165/429\n|turn|30\n|inactive|Time left: 300 sec this turn | 300 sec total\n|\n|t:|1783549125\n|switch|p1a: Vaporeon|Vaporeon, L86, F|100/100\n|move|p2a: Alomomola|Flip Turn|p1a: Vaporeon\n|-immune|p1a: Vaporeon|[from] ability: Water Absorb\n|\n|-heal|p2a: Alomomola|191/429|[from] Grassy Terrain\n|upkeep\n|turn|31\n|inactive|Time left: 300 sec this turn | 300 sec total\n|\n|t:|1783549126\n|move|p2a: Alomomola|Wish|p2a: Alomomola\n|move|p1a: Vaporeon|Calm Mind|p1a: Vaporeon\n|-boost|p1a: Vaporeon|spa|1\n|-boost|p1a: Vaporeon|spd|1\n|\n|-heal|p2a: Alomomola|217/429|[from] Grassy Terrain\n|upkeep\n|turn|32\n|inactive|Time left: 300 sec this turn | 300 sec total\n|\n|t:|1783549127\n|switch|p2a: Copperajah|Copperajah, L86, F|67/350\n|move|p1a: Vaporeon|Calm Mind|p1a: Vaporeon\n|-boost|p1a: Vaporeon|spa|1\n|-boost|p1a: Vaporeon|spd|1\n|\n|-heal|p2a: Copperajah|281/350|[from] move: Wish|[wisher] Alomomola\n|-heal|p2a: Copperajah|302/350|[from] Grassy Terrain\n|upkeep\n|turn|33\n|inactive|Time left: 300 sec this turn | 300 sec total\n|\n|t:|1783549128\n|switch|p2a: Alomomola|Alomomola, L87, F|360/429\n|move|p1a: Vaporeon|Scald|p2a: Alomomola\n|-resisted|p2a: Alomomola\n|-damage|p2a: Alomomola|202/429\n|-status|p2a: Alomomola|brn\n|\n|-heal|p2a: Alomomola|228/429 brn|[from] Grassy Terrain\n|-damage|p2a: Alomomola|202/429 brn|[from] brn\n|-fieldend|move: Grassy Terrain\n|upkeep\n|turn|34\n|inactive|Time left: 300 sec this turn | 300 sec total\n|\n|t:|1783549130\n|move|p2a: Alomomola|Wish|p2a: Alomomola\n|move|p1a: Vaporeon|Calm Mind|p1a: Vaporeon\n|-boost|p1a: Vaporeon|spa|1\n|-boost|p1a: Vaporeon|spd|1\n|\n|-damage|p2a: Alomomola|176/429 brn|[from] brn\n|upkeep\n|turn|35\n|inactive|Time left: 300 sec this turn | 300 sec total\n|\n|t:|1783549131\n|move|p2a: Alomomola|Protect|p2a: Alomomola\n|-singleturn|p2a: Alomomola|Protect\n|move|p1a: Vaporeon|Scald|p2a: Alomomola\n|-activate|p2a: Alomomola|move: Protect\n|\n|-heal|p2a: Alomomola|390/429 brn|[from] move: Wish|[wisher] Alomomola\n|-damage|p2a: Alomomola|364/429 brn|[from] brn\n|upkeep\n|turn|36\n|inactive|Time left: 300 sec this turn | 300 sec total\n|\n|t:|1783549132\n|move|p2a: Alomomola|Wish|p2a: Alomomola\n|move|p1a: Vaporeon|Scald|p2a: Alomomola\n|-resisted|p2a: Alomomola\n|-damage|p2a: Alomomola|167/429 brn\n|\n|-damage|p2a: Alomomola|141/429 brn|[from] brn\n|upkeep\n|turn|37\n|inactive|Time left: 300 sec this turn | 300 sec total\n|\n|t:|1783549133\n|move|p2a: Alomomola|Protect|p2a: Alomomola\n|-singleturn|p2a: Alomomola|Protect\n|move|p1a: Vaporeon|Scald|p2a: Alomomola\n|-activate|p2a: Alomomola|move: Protect\n|\n|-heal|p2a: Alomomola|355/429 brn|[from] move: Wish|[wisher] Alomomola\n|-damage|p2a: Alomomola|329/429 brn|[from] brn\n|upkeep\n|turn|38\n|inactive|Time left: 300 sec this turn | 300 sec total\n|\n|t:|1783549134\n|move|p2a: Alomomola|Wish|p2a: Alomomola\n|move|p1a: Vaporeon|Scald|p2a: Alomomola\n|-resisted|p2a: Alomomola\n|-damage|p2a: Alomomola|134/429 brn\n|\n|-damage|p2a: Alomomola|108/429 brn|[from] brn\n|upkeep\n|turn|39\n|inactive|Time left: 300 sec this turn | 300 sec total\n|\n|t:|1783549135\n|move|p2a: Alomomola|Protect|p2a: Alomomola\n|-singleturn|p2a: Alomomola|Protect\n|move|p1a: Vaporeon|Scald|p2a: Alomomola\n|-activate|p2a: Alomomola|move: Protect\n|\n|-heal|p2a: Alomomola|322/429 brn|[from] move: Wish|[wisher] Alomomola\n|-damage|p2a: Alomomola|296/429 brn|[from] brn\n|upkeep\n|turn|40\n|inactive|Time left: 300 sec this turn | 300 sec total\n|\n|t:|1783549136\n|move|p2a: Alomomola|Wish|p2a: Alomomola\n|move|p1a: Vaporeon|Scald|p2a: Alomomola\n|-resisted|p2a: Alomomola\n|-damage|p2a: Alomomola|113/429 brn\n|\n|-damage|p2a: Alomomola|87/429 brn|[from] brn\n|upkeep\n|turn|41\n|inactive|Time left: 300 sec this turn | 300 sec total\n|\n|t:|1783549137\n|move|p2a: Alomomola|Protect|p2a: Alomomola\n|-singleturn|p2a: Alomomola|Protect\n|move|p1a: Vaporeon|Scald|p2a: Alomomola\n|-activate|p2a: Alomomola|move: Protect\n|\n|-heal|p2a: Alomomola|301/429 brn|[from] move: Wish|[wisher] Alomomola\n|-damage|p2a: Alomomola|275/429 brn|[from] brn\n|upkeep\n|turn|42\n|inactive|Time left: 300 sec this turn | 300 sec total\n|\n|t:|1783549139\n|move|p2a: Alomomola|Wish|p2a: Alomomola\n|move|p1a: Vaporeon|Scald|p2a: Alomomola\n|-resisted|p2a: Alomomola\n|-damage|p2a: Alomomola|100/429 brn\n|\n|-damage|p2a: Alomomola|74/429 brn|[from] brn\n|upkeep\n|turn|43\n|inactive|Time left: 300 sec this turn | 300 sec total\n|\n|t:|1783549140\n|move|p2a: Alomomola|Protect|p2a: Alomomola\n|-singleturn|p2a: Alomomola|Protect\n|move|p1a: Vaporeon|Scald|p2a: Alomomola\n|-activate|p2a: Alomomola|move: Protect\n|\n|-heal|p2a: Alomomola|288/429 brn|[from] move: Wish|[wisher] Alomomola\n|-damage|p2a: Alomomola|262/429 brn|[from] brn\n|upkeep\n|turn|44\n|inactive|Time left: 300 sec this turn | 300 sec total\n|\n|t:|1783549141\n|move|p2a: Alomomola|Wish|p2a: Alomomola\n|move|p1a: Vaporeon|Scald|p2a: Alomomola\n|-resisted|p2a: Alomomola\n|-damage|p2a: Alomomola|83/429 brn\n|\n|-damage|p2a: Alomomola|57/429 brn|[from] brn\n|upkeep\n|turn|45\n|inactive|Time left: 300 sec this turn | 300 sec total\n|\n|t:|1783549142\n|move|p2a: Alomomola|Protect|p2a: Alomomola\n|-singleturn|p2a: Alomomola|Protect\n|move|p1a: Vaporeon|Scald|p2a: Alomomola\n|-activate|p2a: Alomomola|move: Protect\n|\n|-heal|p2a: Alomomola|271/429 brn|[from] move: Wish|[wisher] Alomomola\n|-damage|p2a: Alomomola|245/429 brn|[from] brn\n|upkeep\n|turn|46\n|inactive|Time left: 300 sec this turn | 300 sec total\n|\n|t:|1783549143\n|move|p2a: Alomomola|Wish|p2a: Alomomola\n|move|p1a: Vaporeon|Scald|p2a: Alomomola\n|-resisted|p2a: Alomomola\n|-damage|p2a: Alomomola|68/429 brn\n|\n|-damage|p2a: Alomomola|42/429 brn|[from] brn\n|upkeep\n|turn|47\n|inactive|Time left: 300 sec this turn | 300 sec total\n|\n|t:|1783549144\n|move|p2a: Alomomola|Protect|p2a: Alomomola\n|-singleturn|p2a: Alomomola|Protect\n|move|p1a: Vaporeon|Scald|p2a: Alomomola\n|-activate|p2a: Alomomola|move: Protect\n|\n|-heal|p2a: Alomomola|256/429 brn|[from] move: Wish|[wisher] Alomomola\n|-damage|p2a: Alomomola|230/429 brn|[from] brn\n|upkeep\n|turn|48\n|inactive|Time left: 300 sec this turn | 300 sec total\n|\n|t:|1783549145\n|move|p2a: Alomomola|Wish|p2a: Alomomola\n|move|p1a: Vaporeon|Scald|p2a: Alomomola\n|-resisted|p2a: Alomomola\n|-damage|p2a: Alomomola|53/429 brn\n|\n|-damage|p2a: Alomomola|27/429 brn|[from] brn\n|upkeep\n|turn|49\n|inactive|Time left: 300 sec this turn | 300 sec total\n|\n|t:|1783549146\n|move|p2a: Alomomola|Protect|p2a: Alomomola\n|-singleturn|p2a: Alomomola|Protect\n|move|p1a: Vaporeon|Calm Mind|p1a: Vaporeon\n|-boost|p1a: Vaporeon|spa|1\n|-boost|p1a: Vaporeon|spd|1\n|\n|-heal|p2a: Alomomola|241/429 brn|[from] move: Wish|[wisher] Alomomola\n|-damage|p2a: Alomomola|215/429 brn|[from] brn\n|upkeep\n|turn|50\n|inactive|Time left: 300 sec this turn | 300 sec total\n|\n|t:|1783549147\n|move|p2a: Alomomola|Wish|p2a: Alomomola\n|move|p1a: Vaporeon|Scald|p2a: Alomomola\n|-resisted|p2a: Alomomola\n|-damage|p2a: Alomomola|0 fnt\n|faint|p2a: Alomomola\n|\n|upkeep\n|inactive|Time left: 300 sec this turn | 300 sec total | 5 sec grace\n|\n|t:|1783549148\n|switch|p2a: Gothitelle|Gothitelle, L90, F|189/272\n|turn|51\n|inactive|Time left: 300 sec this turn | 300 sec total\n|\n|t:|1783549149\n|move|p2a: Gothitelle|Calm Mind|p2a: Gothitelle\n|-boost|p2a: Gothitelle|spa|1\n|-boost|p2a: Gothitelle|spd|1\n|move|p1a: Vaporeon|Scald|p2a: Gothitelle\n|-damage|p2a: Gothitelle|24/272\n|\n|-heal|p2a: Gothitelle|238/272|[from] move: Wish|[wisher] Alomomola\n|-heal|p2a: Gothitelle|255/272|[from] item: Leftovers\n|upkeep\n|turn|52\n|inactive|Time left: 300 sec this turn | 300 sec total\n|\n|t:|1783549150\n|move|p2a: Gothitelle|Calm Mind|p2a: Gothitelle\n|-boost|p2a: Gothitelle|spa|1\n|-boost|p2a: Gothitelle|spd|1\n|move|p1a: Vaporeon|Scald|p2a: Gothitelle\n|-damage|p2a: Gothitelle|137/272\n|\n|-heal|p2a: Gothitelle|154/272|[from] item: Leftovers\n|upkeep\n|turn|53\n|inactive|Time left: 300 sec this turn | 300 sec total\n|\n|t:|1783549151\n|move|p2a: Gothitelle|Dark Pulse|p1a: Vaporeon\n|-damage|p1a: Vaporeon|90/100\n|move|p1a: Vaporeon|Scald|p2a: Gothitelle\n|-damage|p2a: Gothitelle|28/272\n|-status|p2a: Gothitelle|brn\n|\n|-heal|p2a: Gothitelle|45/272 brn|[from] item: Leftovers\n|-heal|p1a: Vaporeon|96/100|[from] item: Leftovers\n|-damage|p2a: Gothitelle|28/272 brn|[from] brn\n|upkeep\n|turn|54\n|inactive|Time left: 300 sec this turn | 300 sec total\n|\n|t:|1783549151\n|move|p2a: Gothitelle|Dark Pulse|p1a: Vaporeon\n|-damage|p1a: Vaporeon|85/100\n|move|p1a: Vaporeon|Scald|p2a: Gothitelle\n|-damage|p2a: Gothitelle|0 fnt\n|faint|p2a: Gothitelle\n|\n|-heal|p1a: Vaporeon|91/100|[from] item: Leftovers\n|upkeep\n|inactive|Time left: 300 sec this turn | 300 sec total | 5 sec grace\n|\n|t:|1783549152\n|switch|p2a: Copperajah|Copperajah, L86, F|302/350\n|turn|55\n|inactive|Time left: 300 sec this turn | 300 sec total\n|\n|t:|1783549153\n|move|p1a: Vaporeon|Scald|p2a: Copperajah\n|-damage|p2a: Copperajah|0 fnt\n|faint|p2a: Copperajah\n|\n|win|p0x7953519", "uploadtime": 1783549153, "views": 0, "rating": 0, "private": 0, "password": null, "_winner": "p0x7953519", "_our_name": "p0y7953961"}