{"id": "battle-gen9randombattle-1203", "formatid": "gen9randombattle", "format": "[Gen 9] Random Battle", "players": ["p0x120335f1", "p0y1203b873"], "log": "|init|battle\n|title|p0x120335f1 vs. p0y1203b873\n|j|\u2606p0x120335f1\n|j|\u2606p0y1203b873\n|t:|1783553932\n|gametype|singles\n|player|p1|p0x120335f1|101|\n|player|p2|p0y1203b873|266|\n|gen|9\n|tier|[Gen 9] Random Battle\n|rule|Species Clause: Limit one of each Pok\u00e9mon\n|rule|HP Percentage Mod: HP is shown in percentages\n|rule|Sleep Clause Mod: Limit one foe put to sleep\n|rule|Illusion Level Mod: Illusion disguises the Pok\u00e9mon's true level\n|\n|t:|1783553932\n|teamsize|p1|6\n|teamsize|p2|6\n|start\n|switch|p1a: Chimecho|Chimecho, L93, M|100/100\n|switch|p2a: Fezandipiti|Fezandipiti, L82, M|278/278\n|turn|1\n|inactive|Battle timer is ON: inactive players will automatically lose when time's up. (requested by p0x120335f1)\n|inactive|Time left: 300 sec this turn | 300 sec total | 60 sec grace\n|inactive|p0y1203b873 also wants the timer to be on.\n|\n|t:|1783553934\n|move|p2a: Fezandipiti|Gunk Shot|p1a: Chimecho\n|-damage|p1a: Chimecho|59/100\n|-status|p1a: Chimecho|tox|[from] ability: Toxic Chain|[of] p2a: Fezandipiti\n|move|p1a: Chimecho|Psyshock|p2a: Fezandipiti\n|-supereffective|p2a: Fezandipiti\n|-damage|p2a: Fezandipiti|60/278\n|\n|-heal|p2a: Fezandipiti|77/278|[from] item: Leftovers\n|-heal|p1a: Chimecho|65/100 tox|[from] item: Leftovers\n|-damage|p1a: Chimecho|59/100 tox|[from] psn\n|upkeep\n|turn|2\n|inactive|Time left: 300 sec this turn | 300 sec total\n|\n|t:|1783553935\n|move|p2a: Fezandipiti|Roost|p2a: Fezandipiti\n|-heal|p2a: Fezandipiti|216/278\n|-singleturn|p2a: Fezandipiti|move: Roost\n|move|p1a: Chimecho|Psyshock|p2a: Fezandipiti\n|-supereffective|p2a: Fezandipiti\n|-damage|p2a: Fezandipiti|0 fnt\n|faint|p2a: Fezandipiti\n|\n|-heal|p1a: Chimecho|65/100 tox|[from] item: Leftovers\n|-damage|p1a: Chimecho|53/100 tox|[from] psn\n|upkeep\n|inactive|Time left: 300 sec this turn | 300 sec total | 5 sec grace\n|\n|t:|1783553937\n|switch|p2a: Heracross|Heracross, L80, F|259/259\n|turn|3\n|inactive|Time left: 300 sec this turn | 300 sec total\n|\n|t:|1783553938\n|move|p2a: Heracross|Knock Off|p1a: Chimecho\n|-supereffective|p1a: Chimecho\n|-damage|p1a: Chimecho|0 fnt\n|-enditem|p1a: Chimecho|Leftovers|[from] move: Knock Off|[of] p2a: Heracross\n|faint|p1a: Chimecho\n|\n|-status|p2a: Heracross|brn|[from] item: Flame Orb\n|upkeep\n|\n|t:|1783553939\n|switch|p1a: Leavanny|Leavanny, L86, F|100/100\n|turn|4\n|inactive|Time left: 300 sec this turn | 300 sec total\n|\n|t:|1783553940\n|move|p1a: Leavanny|Sticky Web|p2a: Heracross\n|-sidestart|p2: p0y1203b873|move: Sticky Web\n|move|p2a: Heracross|Knock Off|p1a: Leavanny\n|-damage|p1a: Leavanny|59/100\n|-enditem|p1a: Leavanny|Heavy-Duty Boots|[from] move: Knock Off|[of] p2a: Heracross\n|\n|-damage|p2a: Heracross|243/259 brn|[from] brn\n|upkeep\n|turn|5\n|inactive|Time left: 300 sec this turn | 300 sec total\n|\n|t:|1783553941\n|move|p1a: Leavanny|Lunge|p2a: Heracross\n|-resisted|p2a: Heracross\n|-damage|p2a: Heracross|187/259 brn\n|-unboost|p2a: Heracross|atk|1\n|move|p2a: Heracross|Facade|p1a: Leavanny\n|-damage|p1a: Leavanny|13/100\n|\n|-damage|p2a: Heracross|171/259 brn|[from] brn\n|upkeep\n|turn|6\n|inactive|Time left: 300 sec this turn | 300 sec total\n|\n|t:|1783553943\n|switch|p2a: Enamorus|Enamorus-Therian, L83, F|259/259\n|move|p1a: Leavanny|Lunge|p2a: Enamorus\n|-resisted|p2a: Enamorus\n|-crit|p2a: Enamorus\n|-damage|p2a: Enamorus|213/259\n|-unboost|p2a: Enamorus|atk|1\n|\n|upkeep\n|turn|7\n|inactive|Time left: 300 sec this turn | 300 sec total\n|\n|t:|1783553944\n|move|p1a: Leavanny|Lunge|p2a: Enamorus\n|-resisted|p2a: Enamorus\n|-damage|p2a: Enamorus|186/259\n|-unboost|p2a: Enamorus|atk|1\n|move|p2a: Enamorus|Agility|p2a: Enamorus\n|-boost|p2a: Enamorus|spe|2\n|\n|upkeep\n|turn|8\n|inactive|Time left: 300 sec this turn | 300 sec total\n|\n|t:|1783553945\n|move|p2a: Enamorus|Mystical Fire|p1a: Leavanny\n|-supereffective|p1a: Leavanny\n|-damage|p1a: Leavanny|0 fnt\n|faint|p1a: Leavanny\n|\n|upkeep\n|\n|t:|1783553946\n|switch|p1a: Barraskewda|Barraskewda, L81, F|100/100\n|turn|9\n|inactive|Time left: 300 sec this turn | 300 sec total\n|\n|t:|1783553947\n|move|p1a: Barraskewda|Waterfall|p2a: Enamorus\n|-damage|p2a: Enamorus|53/259\n|move|p2a: Enamorus|Moonblast|p1a: Barraskewda\n|-damage|p1a: Barraskewda|16/100\n|-unboost|p1a: Barraskewda|spa|1\n|\n|upkeep\n|turn|10\n|inactive|Time left: 300 sec this turn | 300 sec total\n|\n|t:|1783553948\n|switch|p2a: Manaphy|Manaphy, L78|284/284\n|-activate|p2a: Manaphy|move: Sticky Web\n|-unboost|p2a: Manaphy|spe|1\n|move|p1a: Barraskewda|Waterfall|p2a: Manaphy\n|-resisted|p2a: Manaphy\n|-damage|p2a: Manaphy|219/284\n|\n|-heal|p2a: Manaphy|236/284|[from] item: Leftovers\n|upkeep\n|turn|11\n|inactive|Time left: 300 sec this turn | 300 sec total\n|\n|t:|1783553949\n|move|p1a: Barraskewda|Waterfall|p2a: Manaphy\n|-resisted|p2a: Manaphy\n|-damage|p2a: Manaphy|162/284\n|move|p2a: Manaphy|Tail Glow|p2a: Manaphy\n|-boost|p2a: Manaphy|spa|3\n|\n|-heal|p2a: Manaphy|179/284|[from] item: Leftovers\n|upkeep\n|turn|12\n|inactive|Time left: 300 sec this turn | 300 sec total\n|\n|t:|1783553950\n|move|p1a: Barraskewda|Waterfall|p2a: Manaphy\n|-resisted|p2a: Manaphy\n|-damage|p2a: Manaphy|114/284\n|move|p2a: Manaphy|Energy Ball|p1a: Barraskewda\n|-supereffective|p1a: Barraskewda\n|-damage|p1a: Barraskewda|0 fnt\n|faint|p1a: Barraskewda\n|\n|-heal|p2a: Manaphy|131/284|[from] item: Leftovers\n|upkeep\n|\n|t:|1783553951\n|switch|p1a: Skeledirge|Skeledirge, L79, M|100/100\n|turn|13\n|inactive|Time left: 300 sec this turn | 300 sec total\n|\n|t:|1783553952\n|move|p1a: Skeledirge|Torch Song|p2a: Manaphy\n|-resisted|p2a: Manaphy\n|-damage|p2a: Manaphy|93/284\n|-boost|p1a: Skeledirge|spa|1\n|move|p2a: Manaphy|Surf|p1a: Skeledirge\n|-supereffective|p1a: Skeledirge\n|-damage|p1a: Skeledirge|37/100\n|\n|-heal|p2a: Manaphy|110/284|[from] item: Leftovers\n|upkeep\n|turn|14\n|inactive|Time left: 300 sec this turn | 300 sec total\n|\n|t:|1783553953\n|move|p1a: Skeledirge|Shadow Ball|p2a: Manaphy\n|-damage|p2a: Manaphy|0 fnt\n|faint|p2a: Manaphy\n|\n|upkeep\n|inactive|Time left: 300 sec this turn | 300 sec total | 5 sec grace\n|\n|t:|1783553954\n|switch|p2a: Raikou|Raikou, L81|278/278\n|-activate|p2a: Raikou|move: Sticky Web\n|-unboost|p2a: Raikou|spe|1\n|-ability|p2a: Raikou|Pressure\n|turn|15\n|inactive|Time left: 300 sec this turn | 300 sec total\n|\n|t:|1783553955\n|switch|p1a: Pecharunt|Pecharunt, L77|100/100\n|move|p2a: Raikou|Thunderbolt|p1a: Pecharunt\n|-damage|p1a: Pecharunt|58/100\n|\n|-heal|p1a: Pecharunt|64/100|[from] item: Leftovers\n|upkeep\n|turn|16\n|inactive|Time left: 300 sec this turn | 300 sec total\n|\n|t:|1783553956\n|move|p1a: Pecharunt|Nasty Plot|p1a: Pecharunt\n|-boost|p1a: Pecharunt|spa|2\n|move|p2a: Raikou|Thunderbolt|p1a: Pecharunt\n|-damage|p1a: Pecharunt|21/100\n|\n|-heal|p1a: Pecharunt|27/100|[from] item: Leftovers\n|upkeep\n|turn|17\n|inactive|Time left: 300 sec this turn | 300 sec total\n|\n|t:|1783553957\n|move|p1a: Pecharunt|Recover|p1a: Pecharunt\n|-heal|p1a: Pecharunt|77/100\n|move|p2a: Raikou|Thunderbolt|p1a: Pecharunt\n|-crit|p1a: Pecharunt\n|-damage|p1a: Pecharunt|8/100\n|\n|-heal|p1a: Pecharunt|14/100|[from] item: Leftovers\n|upkeep\n|turn|18\n|inactive|Time left: 300 sec this turn | 300 sec total\n|\n|t:|1783553958\n|move|p1a: Pecharunt|Recover|p1a: Pecharunt\n|-heal|p1a: Pecharunt|64/100\n|move|p2a: Raikou|Thunderbolt|p1a: Pecharunt\n|-damage|p1a: Pecharunt|25/100\n|-status|p1a: Pecharunt|par\n|\n|-heal|p1a: Pecharunt|31/100 par|[from] item: Leftovers\n|upkeep\n|turn|19\n|inactive|Time left: 300 sec this turn | 300 sec total\n|\n|t:|1783553959\n|switch|p1a: Bastiodon|Bastiodon, L89, F|100/100\n|move|p2a: Raikou|Thunderbolt|p1a: Bastiodon\n|-damage|p1a: Bastiodon|72/100\n|\n|upkeep\n|turn|20\n|inactive|Time left: 300 sec this turn | 300 sec total\n|\n|t:|1783553960\n|move|p2a: Raikou|Scald|p1a: Bastiodon\n|-supereffective|p1a: Bastiodon\n|-damage|p1a: Bastiodon|39/100\n|-status|p1a: Bastiodon|brn\n|move|p1a: Bastiodon|Rest|p1a: Bastiodon\n|-status|p1a: Bastiodon|slp|[from] move: Rest\n|-heal|p1a: Bastiodon|100/100 slp|[silent]\n|-enditem|p1a: Bastiodon|Chesto Berry|[eat]\n|-curestatus|p1a: Bastiodon|slp|[msg]\n|\n|upkeep\n|turn|21\n|inactive|Time left: 300 sec this turn | 300 sec total\n|\n|t:|1783553961\n|move|p2a: Raikou|Calm Mind|p2a: Raikou\n|-boost|p2a: Raikou|spa|1\n|-boost|p2a: Raikou|spd|1\n|move|p1a: Bastiodon|Iron Defense|p1a: Bastiodon\n|-boost|p1a: Bastiodon|def|2\n|\n|upkeep\n|turn|22\n|inactive|Time left: 300 sec this turn | 300 sec total\n|\n|t:|1783553962\n|-terastallize|p1a: Bastiodon|Fighting\n|move|p2a: Raikou|Scald|p1a: Bastiodon\n|-damage|p1a: Bastiodon|76/100\n|move|p1a: Bastiodon|Body Press|p2a: Raikou\n|-damage|p2a: Raikou|0 fnt\n|faint|p2a: Raikou\n|\n|upkeep\n|inactive|Time left: 300 sec this turn | 300 sec total | 5 sec grace\n|\n|t:|1783553963\n|switch|p2a: Enamorus|Enamorus-Therian, L83, F|53/259\n|turn|23\n|inactive|Time left: 300 sec this turn | 300 sec total\n|\n|t:|1783553964\n|move|p2a: Enamorus|Moonblast|p1a: Bastiodon\n|-supereffective|p1a: Bastiodon\n|-damage|p1a: Bastiodon|2/100\n|move|p1a: Bastiodon|Body Press|p2a: Enamorus\n|-resisted|p2a: Enamorus\n|-damage|p2a: Enamorus|0 fnt\n|faint|p2a: Enamorus\n|\n|upkeep\n|inactive|Time left: 300 sec this turn | 300 sec total | 5 sec grace\n|\n|t:|1783553965\n|switch|p2a: Heracross|Heracross, L80, F|171/259 brn\n|-activate|p2a: Heracross|move: Sticky Web\n|-unboost|p2a: Heracross|spe|1\n|turn|24\n|inactive|Time left: 300 sec this turn | 300 sec total\n|\n|t:|1783553966\n|switch|p1a: Pecharunt|Pecharunt, L77|31/100 par\n|move|p2a: Heracross|Trailblaze|p1a: Pecharunt\n|-resisted|p1a: Pecharunt\n|-damage|p1a: Pecharunt|23/100 par\n|-boost|p2a: Heracross|spe|1\n|\n|-heal|p1a: Pecharunt|29/100 par|[from] item: Leftovers\n|-damage|p2a: Heracross|155/259 brn|[from] brn\n|upkeep\n|turn|25\n|inactive|Time left: 300 sec this turn | 300 sec total\n|\n|t:|1783553967\n|move|p2a: Heracross|Knock Off|p1a: Pecharunt\n|-supereffective|p1a: Pecharunt\n|-damage|p1a: Pecharunt|0 fnt\n|-enditem|p1a: Pecharunt|Leftovers|[from] move: Knock Off|[of] p2a: Heracross\n|faint|p1a: Pecharunt\n|\n|-damage|p2a: Heracross|139/259 brn|[from] brn\n|upkeep\n|\n|t:|1783553968\n|switch|p1a: Bastiodon|Bastiodon, L89, F, tera:Fighting|2/100\n|turn|26\n|inactive|Time left: 300 sec this turn | 300 sec total\n|\n|t:|1783553969\n|-terastallize|p2a: Heracross|Normal\n|move|p2a: Heracross|Knock Off|p1a: Bastiodon\n|-resisted|p1a: Bastiodon\n|-damage|p1a: Bastiodon|0 fnt\n|faint|p1a: Bastiodon\n|\n|-damage|p2a: Heracross|123/259 brn|[from] brn\n|upkeep\n|\n|t:|1783553970\n|switch|p1a: Skeledirge|Skeledirge, L79, M|37/100\n|turn|27\n|inactive|Time left: 300 sec this turn | 300 sec total\n|\n|t:|1783553970\n|move|p2a: Heracross|Knock Off|p1a: Skeledirge\n|-supereffective|p1a: Skeledirge\n|-damage|p1a: Skeledirge|0 fnt\n|-enditem|p1a: Skeledirge|Heavy-Duty Boots|[from] move: Knock Off|[of] p2a: Heracross\n|faint|p1a: Skeledirge\n|\n|win|p0y1203b873", "uploadtime": 1783553971, "views": 0, "rating": 0, "private": 0, "password": null, "_winner": "p0y1203b873", "_our_name": "p0y1203b873"}