{"id": "battle-gen9randombattle-2271", "formatid": "gen9randombattle", "format": "[Gen 9] Random Battle", "players": ["p0x2271b960", "p0y22714908"], "log": "|init|battle\n|title|p0x2271b960 vs. p0y22714908\n|j|\u2606p0x2271b960\n|j|\u2606p0y22714908\n|t:|1783565384\n|gametype|singles\n|player|p1|p0x2271b960|2|\n|player|p2|p0y22714908|1|\n|gen|9\n|tier|[Gen 9] Random Battle\n|rule|Species Clause: Limit one of each Pok\u00e9mon\n|rule|HP Percentage Mod: HP is shown in percentages\n|rule|Sleep Clause Mod: Limit one foe put to sleep\n|rule|Illusion Level Mod: Illusion disguises the Pok\u00e9mon's true level\n|\n|t:|1783565384\n|teamsize|p1|6\n|teamsize|p2|6\n|start\n|switch|p1a: Hydrapple|Hydrapple, L83, F|312/312\n|switch|p2a: Golem|Golem, L87, F|100/100\n|turn|1\n|inactive|Battle timer is ON: inactive players will automatically lose when time's up. (requested by p0y22714908)\n|inactive|Time left: 300 sec this turn | 300 sec total | 60 sec grace\n|\n|t:|1783565385\n|switch|p2a: Ribombee|Ribombee, L83, M|100/100\n|move|p1a: Hydrapple|Fickle Beam|p2a: Ribombee\n|-immune|p2a: Ribombee\n|\n|upkeep\n|turn|2\n|inactive|Time left: 300 sec this turn | 300 sec total\n|inactive|p0x2271b960 also wants the timer to be on.\n|\n|t:|1783565387\n|switch|p1a: Arbok|Arbok, L87, M|246/246\n|-ability|p1a: Arbok|Intimidate|boost\n|-unboost|p2a: Ribombee|atk|1\n|move|p2a: Ribombee|Quiver Dance|p2a: Ribombee\n|-boost|p2a: Ribombee|spa|1\n|-boost|p2a: Ribombee|spd|1\n|-boost|p2a: Ribombee|spe|1\n|\n|upkeep\n|turn|3\n|inactive|Time left: 300 sec this turn | 300 sec total\n|\n|t:|1783565388\n|-terastallize|p2a: Ribombee|Ground\n|move|p2a: Ribombee|Tera Blast|p1a: Arbok|[anim] Tera Blast Ground\n|-supereffective|p1a: Arbok\n|-damage|p1a: Arbok|6/246\n|move|p1a: Arbok|Gunk Shot|p2a: Ribombee\n|-resisted|p2a: Ribombee\n|-damage|p2a: Ribombee|64/100\n|\n|-heal|p1a: Arbok|21/246|[from] item: Leftovers\n|upkeep\n|turn|4\n|inactive|Time left: 300 sec this turn | 300 sec total\n|\n|t:|1783565389\n|switch|p1a: Chansey|Chansey, L85, F|564/564\n|move|p2a: Ribombee|Moonblast|p1a: Chansey\n|-damage|p1a: Chansey|485/564\n|-unboost|p1a: Chansey|spa|1\n|\n|upkeep\n|turn|5\n|inactive|Time left: 300 sec this turn | 300 sec total\n|\n|t:|1783565391\n|move|p2a: Ribombee|Quiver Dance|p2a: Ribombee\n|-boost|p2a: Ribombee|spa|1\n|-boost|p2a: Ribombee|spd|1\n|-boost|p2a: Ribombee|spe|1\n|move|p1a: Chansey|Seismic Toss|p2a: Ribombee\n|-damage|p2a: Ribombee|28/100\n|\n|upkeep\n|turn|6\n|inactive|Time left: 300 sec this turn | 300 sec total\n|\n|t:|1783565392\n|move|p2a: Ribombee|Moonblast|p1a: Chansey\n|-damage|p1a: Chansey|364/564\n|move|p1a: Chansey|Seismic Toss|p2a: Ribombee\n|-damage|p2a: Ribombee|0 fnt\n|faint|p2a: Ribombee\n|\n|upkeep\n|\n|t:|1783565393\n|switch|p2a: Oricorio|Oricorio-Sensu, L85, M|100/100\n|turn|7\n|inactive|Time left: 300 sec this turn | 300 sec total\n|\n|t:|1783565394\n|move|p2a: Oricorio|Quiver Dance|p2a: Oricorio\n|-boost|p2a: Oricorio|spa|1\n|-boost|p2a: Oricorio|spd|1\n|-boost|p2a: Oricorio|spe|1\n|move|p1a: Chansey|Thunder Wave|p2a: Oricorio\n|-status|p2a: Oricorio|par\n|\n|upkeep\n|turn|8\n|inactive|Time left: 300 sec this turn | 300 sec total\n|\n|t:|1783565395\n|switch|p1a: Terrakion|Terrakion, L79|273/273\n|move|p2a: Oricorio|Quiver Dance|p2a: Oricorio\n|-boost|p2a: Oricorio|spa|1\n|-boost|p2a: Oricorio|spd|1\n|-boost|p2a: Oricorio|spe|1\n|\n|upkeep\n|turn|9\n|inactive|Time left: 300 sec this turn | 300 sec total\n|\n|t:|1783565395\n|move|p1a: Terrakion|Stone Edge|p2a: Oricorio\n|-supereffective|p2a: Oricorio\n|-damage|p2a: Oricorio|0 fnt\n|faint|p2a: Oricorio\n|-damage|p1a: Terrakion|246/273|[from] item: Life Orb\n|\n|upkeep\n|\n|t:|1783565396\n|switch|p2a: Golem|Golem, L87, F|100/100\n|turn|10\n|inactive|Time left: 300 sec this turn | 300 sec total\n|\n|t:|1783565397\n|switch|p1a: Hydrapple|Hydrapple, L83, F|312/312\n|move|p2a: Golem|Earthquake|p1a: Hydrapple\n|-resisted|p1a: Hydrapple\n|-damage|p1a: Hydrapple|259/312\n|\n|upkeep\n|turn|11\n|inactive|Time left: 300 sec this turn | 300 sec total\n|\n|t:|1783565398\n|move|p2a: Golem|Earthquake|p1a: Hydrapple\n|-resisted|p1a: Hydrapple\n|-damage|p1a: Hydrapple|199/312\n|move|p1a: Hydrapple|Fickle Beam|p2a: Golem|[anim] Fickle Beam All Out\n|-activate|p1a: Hydrapple|move: Fickle Beam\n|-damage|p2a: Golem|15/100\n|\n|upkeep\n|turn|12\n|inactive|Time left: 300 sec this turn | 300 sec total\n|\n|t:|1783565399\n|move|p2a: Golem|Earthquake|p1a: Hydrapple\n|-resisted|p1a: Hydrapple\n|-damage|p1a: Hydrapple|143/312\n|move|p1a: Hydrapple|Fickle Beam|p2a: Golem\n|-damage|p2a: Golem|0 fnt\n|faint|p2a: Golem\n|\n|upkeep\n|\n|t:|1783565400\n|switch|p2a: Muk|Muk-Alola, L82, M|100/100\n|turn|13\n|inactive|Time left: 300 sec this turn | 300 sec total\n|\n|t:|1783565401\n|switch|p1a: Arbok|Arbok, L87, M|21/246\n|-ability|p1a: Arbok|Intimidate|boost\n|-unboost|p2a: Muk|atk|1\n|move|p2a: Muk|Poison Jab|p1a: Arbok\n|-resisted|p1a: Arbok\n|-damage|p1a: Arbok|0 fnt\n|faint|p1a: Arbok\n|\n|upkeep\n|inactive|Time left: 300 sec this turn | 300 sec total | 5 sec grace\n|\n|t:|1783565402\n|switch|p1a: Terrakion|Terrakion, L79|246/273\n|turn|14\n|inactive|Time left: 300 sec this turn | 300 sec total\n|\n|t:|1783565403\n|move|p1a: Terrakion|Swords Dance|p1a: Terrakion\n|-boost|p1a: Terrakion|atk|2\n|move|p2a: Muk|Drain Punch|p1a: Terrakion\n|-supereffective|p1a: Terrakion\n|-damage|p1a: Terrakion|166/273\n|\n|upkeep\n|turn|15\n|inactive|Time left: 300 sec this turn | 300 sec total\n|\n|t:|1783565404\n|move|p2a: Muk|Shadow Sneak|p1a: Terrakion\n|-damage|p1a: Terrakion|145/273\n|move|p1a: Terrakion|Stone Edge|p2a: Muk\n|-crit|p2a: Muk\n|-damage|p2a: Muk|0 fnt\n|faint|p2a: Muk\n|-damage|p1a: Terrakion|118/273|[from] item: Life Orb\n|\n|upkeep\n|\n|t:|1783565405\n|switch|p2a: Magnezone|Magnezone, L85|100/100\n|turn|16\n|inactive|Time left: 300 sec this turn | 300 sec total\n|\n|t:|1783565406\n|move|p2a: Magnezone|Flash Cannon|p1a: Terrakion\n|-supereffective|p1a: Terrakion\n|-damage|p1a: Terrakion|0 fnt\n|faint|p1a: Terrakion\n|\n|upkeep\n|inactive|Time left: 300 sec this turn | 300 sec total | 5 sec grace\n|\n|t:|1783565407\n|switch|p1a: Hydrapple|Hydrapple, L83, F|247/312\n|turn|17\n|inactive|Time left: 300 sec this turn | 300 sec total\n|\n|t:|1783565408\n|switch|p2a: Cacturne|Cacturne, L92, F|100/100\n|move|p1a: Hydrapple|Earth Power|p2a: Cacturne\n|-resisted|p2a: Cacturne\n|-damage|p2a: Cacturne|85/100\n|\n|upkeep\n|turn|18\n|inactive|Time left: 300 sec this turn | 300 sec total\n|\n|t:|1783565409\n|switch|p1a: Hariyama|Hariyama, L87, M|392/392\n|move|p2a: Cacturne|Knock Off|p1a: Hariyama\n|-resisted|p1a: Hariyama\n|-damage|p1a: Hariyama|275/392\n|-enditem|p1a: Hariyama|Assault Vest|[from] move: Knock Off|[of] p2a: Cacturne\n|-damage|p2a: Cacturne|75/100|[from] item: Life Orb\n|\n|upkeep\n|turn|19\n|inactive|Time left: 300 sec this turn | 300 sec total\n|\n|t:|1783565410\n|move|p2a: Cacturne|Leaf Storm|p1a: Hariyama\n|-damage|p1a: Hariyama|0 fnt\n|-unboost|p2a: Cacturne|spa|2\n|faint|p1a: Hariyama\n|-damage|p2a: Cacturne|65/100|[from] item: Life Orb\n|\n|upkeep\n|inactive|Time left: 300 sec this turn | 300 sec total | 5 sec grace\n|\n|t:|1783565411\n|switch|p1a: Hydrapple|Hydrapple, L83, F|312/312\n|turn|20\n|inactive|Time left: 300 sec this turn | 300 sec total\n|\n|t:|1783565412\n|move|p2a: Cacturne|Knock Off|p1a: Hydrapple\n|-damage|p1a: Hydrapple|148/312\n|-enditem|p1a: Hydrapple|Assault Vest|[from] move: Knock Off|[of] p2a: Cacturne\n|-damage|p2a: Cacturne|56/100|[from] item: Life Orb\n|move|p1a: Hydrapple|Fickle Beam|p2a: Cacturne|[anim] Fickle Beam All Out\n|-activate|p1a: Hydrapple|move: Fickle Beam\n|-damage|p2a: Cacturne|0 fnt\n|faint|p2a: Cacturne\n|\n|upkeep\n|\n|t:|1783565413\n|switch|p2a: Magnezone|Magnezone, L85|100/100\n|turn|21\n|inactive|Time left: 300 sec this turn | 300 sec total\n|\n|t:|1783565414\n|move|p2a: Magnezone|Thunderbolt|p1a: Hydrapple\n|-resisted|p1a: Hydrapple\n|-damage|p1a: Hydrapple|116/312\n|-status|p1a: Hydrapple|par\n|move|p1a: Hydrapple|Earth Power|p2a: Magnezone\n|-supereffective|p2a: Magnezone\n|-damage|p2a: Magnezone|0 fnt\n|faint|p2a: Magnezone\n|\n|win|p0x2271b960", "uploadtime": 1783565414, "views": 0, "rating": 0, "private": 0, "password": null, "_winner": "p0x2271b960", "_our_name": "p0x2271b960"}