{"id": "battle-gen9randombattle-1615", "formatid": "gen9randombattle", "format": "[Gen 9] Random Battle", "players": ["p0x161579f4", "p0y1615f3eb"], "log": "|init|battle\n|title|p0x161579f4 vs. p0y1615f3eb\n|j|\u2606p0x161579f4\n|j|\u2606p0y1615f3eb\n|t:|1783557926\n|gametype|singles\n|player|p1|p0x161579f4|265|\n|player|p2|p0y1615f3eb|265|\n|gen|9\n|tier|[Gen 9] Random Battle\n|rule|Species Clause: Limit one of each Pok\u00e9mon\n|rule|HP Percentage Mod: HP is shown in percentages\n|rule|Sleep Clause Mod: Limit one foe put to sleep\n|rule|Illusion Level Mod: Illusion disguises the Pok\u00e9mon's true level\n|\n|t:|1783557926\n|teamsize|p1|6\n|teamsize|p2|6\n|start\n|switch|p1a: Vigoroth|Vigoroth, L85, F|275/275\n|switch|p2a: Gastrodon|Gastrodon-East, L86, F|100/100\n|turn|1\n|inactive|Battle timer is ON: inactive players will automatically lose when time's up. (requested by p0x161579f4)\n|inactive|p0y1615f3eb also wants the timer to be on.\n|\n|t:|1783557927\n|move|p1a: Vigoroth|Bulk Up|p1a: Vigoroth\n|-boost|p1a: Vigoroth|atk|1\n|-boost|p1a: Vigoroth|def|1\n|move|p2a: Gastrodon|Stealth Rock|p1a: Vigoroth\n|-sidestart|p1: p0x161579f4|move: Stealth Rock\n|\n|upkeep\n|turn|2\n|inactive|Time left: 300 sec this turn | 300 sec total\n|\n|t:|1783557928\n|switch|p2a: Pecharunt|Pecharunt, L77|100/100\n|move|p1a: Vigoroth|Bulk Up|p1a: Vigoroth\n|-boost|p1a: Vigoroth|atk|1\n|-boost|p1a: Vigoroth|def|1\n|\n|upkeep\n|turn|3\n|inactive|Time left: 300 sec this turn | 300 sec total\n|\n|t:|1783557929\n|move|p1a: Vigoroth|Earthquake|p2a: Pecharunt\n|-supereffective|p2a: Pecharunt\n|-damage|p2a: Pecharunt|31/100\n|move|p2a: Pecharunt|Parting Shot|p1a: Vigoroth\n|-unboost|p1a: Vigoroth|atk|1\n|-unboost|p1a: Vigoroth|spa|1\n|\n|t:|1783557930\n|switch|p2a: Inteleon|Inteleon, L81, M|100/100|[from] Parting Shot\n|\n|upkeep\n|turn|4\n|inactive|Time left: 300 sec this turn | 300 sec total\n|\n|t:|1783557931\n|move|p2a: Inteleon|Scald|p1a: Vigoroth\n|-damage|p1a: Vigoroth|140/275\n|move|p1a: Vigoroth|Body Slam|p2a: Inteleon\n|-damage|p2a: Inteleon|32/100\n|\n|upkeep\n|turn|5\n|inactive|Time left: 300 sec this turn | 300 sec total\n|\n|t:|1783557932\n|switch|p1a: Bellossom|Bellossom, L84, M|263/263\n|-damage|p1a: Bellossom|231/263|[from] Stealth Rock\n|move|p2a: Inteleon|Scald|p1a: Bellossom\n|-resisted|p1a: Bellossom\n|-damage|p1a: Bellossom|135/263\n|\n|-heal|p1a: Bellossom|151/263|[from] item: Leftovers\n|upkeep\n|turn|6\n|inactive|Time left: 300 sec this turn | 300 sec total\n|\n|t:|1783557933\n|move|p2a: Inteleon|Scald|p1a: Bellossom\n|-resisted|p1a: Bellossom\n|-damage|p1a: Bellossom|58/263\n|move|p1a: Bellossom|Strength Sap|p2a: Inteleon\n|-unboost|p2a: Inteleon|atk|1\n|-heal|p1a: Bellossom|242/263\n|\n|-heal|p1a: Bellossom|258/263|[from] item: Leftovers\n|upkeep\n|turn|7\n|inactive|Time left: 300 sec this turn | 300 sec total\n|\n|t:|1783557934\n|switch|p2a: Polteageist|Polteageist-Antique, L78|100/100\n|move|p1a: Bellossom|Quiver Dance|p1a: Bellossom\n|-boost|p1a: Bellossom|spa|1\n|-boost|p1a: Bellossom|spd|1\n|-boost|p1a: Bellossom|spe|1\n|\n|-heal|p1a: Bellossom|263/263|[from] item: Leftovers\n|upkeep\n|turn|8\n|inactive|Time left: 300 sec this turn | 300 sec total\n|\n|t:|1783557935\n|move|p1a: Bellossom|Quiver Dance|p1a: Bellossom\n|-boost|p1a: Bellossom|spa|1\n|-boost|p1a: Bellossom|spd|1\n|-boost|p1a: Bellossom|spe|1\n|move|p2a: Polteageist|Shell Smash|p2a: Polteageist\n|-unboost|p2a: Polteageist|def|1\n|-unboost|p2a: Polteageist|spd|1\n|-boost|p2a: Polteageist|atk|2\n|-boost|p2a: Polteageist|spa|2\n|-boost|p2a: Polteageist|spe|2\n|-enditem|p2a: Polteageist|White Herb\n|-clearnegativeboost|p2a: Polteageist|[silent]\n|\n|upkeep\n|turn|9\n|inactive|Time left: 300 sec this turn | 300 sec total\n|\n|t:|1783557936\n|-terastallize|p1a: Bellossom|Fairy\n|move|p2a: Polteageist|Shell Smash|p2a: Polteageist\n|-unboost|p2a: Polteageist|def|1\n|-unboost|p2a: Polteageist|spd|1\n|-boost|p2a: Polteageist|atk|2\n|-boost|p2a: Polteageist|spa|2\n|-boost|p2a: Polteageist|spe|2\n|move|p1a: Bellossom|Moonblast|p2a: Polteageist\n|-damage|p2a: Polteageist|0 fnt\n|faint|p2a: Polteageist\n|\n|upkeep\n|\n|t:|1783557937\n|switch|p2a: Camerupt|Camerupt, L91, F|100/100\n|turn|10\n|inactive|Time left: 300 sec this turn | 300 sec total\n|\n|t:|1783557938\n|move|p1a: Bellossom|Moonblast|p2a: Camerupt\n|-resisted|p2a: Camerupt\n|-damage|p2a: Camerupt|64/100\n|move|p2a: Camerupt|Roar|p1a: Bellossom\n|drag|p1a: Dondozo|Dondozo, L78, F|362/362\n|-damage|p1a: Dondozo|317/362|[from] Stealth Rock\n|\n|-heal|p2a: Camerupt|71/100|[from] item: Leftovers\n|-heal|p1a: Dondozo|339/362|[from] item: Leftovers\n|upkeep\n|turn|11\n|inactive|Time left: 300 sec this turn | 300 sec total\n|\n|t:|1783557939\n|switch|p2a: Pecharunt|Pecharunt, L77|31/100\n|move|p1a: Dondozo|Wave Crash|p2a: Pecharunt\n|-damage|p2a: Pecharunt|1/100\n|-damage|p1a: Dondozo|279/362|[from] item: Rocky Helmet|[of] p2a: Pecharunt\n|-damage|p1a: Dondozo|253/362|[from] Recoil\n|\n|-heal|p1a: Dondozo|275/362|[from] item: Leftovers\n|upkeep\n|turn|12\n|inactive|Time left: 300 sec this turn | 300 sec total\n|\n|t:|1783557940\n|move|p2a: Pecharunt|Recover|p2a: Pecharunt\n|-heal|p2a: Pecharunt|51/100\n|move|p1a: Dondozo|Wave Crash|p2a: Pecharunt\n|-damage|p2a: Pecharunt|21/100\n|-damage|p1a: Dondozo|215/362|[from] item: Rocky Helmet|[of] p2a: Pecharunt\n|-damage|p1a: Dondozo|189/362|[from] Recoil\n|\n|-heal|p1a: Dondozo|211/362|[from] item: Leftovers\n|upkeep\n|turn|13\n|inactive|Time left: 300 sec this turn | 300 sec total\n|\n|t:|1783557941\n|move|p2a: Pecharunt|Recover|p2a: Pecharunt\n|-heal|p2a: Pecharunt|71/100\n|move|p1a: Dondozo|Wave Crash|p2a: Pecharunt\n|-damage|p2a: Pecharunt|42/100\n|-damage|p1a: Dondozo|151/362|[from] item: Rocky Helmet|[of] p2a: Pecharunt\n|-damage|p1a: Dondozo|125/362|[from] Recoil\n|\n|-heal|p1a: Dondozo|147/362|[from] item: Leftovers\n|upkeep\n|turn|14\n|inactive|Time left: 300 sec this turn | 300 sec total\n|\n|t:|1783557942\n|move|p2a: Pecharunt|Recover|p2a: Pecharunt\n|-heal|p2a: Pecharunt|92/100\n|move|p1a: Dondozo|Rest|p1a: Dondozo\n|-status|p1a: Dondozo|slp|[from] move: Rest\n|-heal|p1a: Dondozo|362/362 slp|[silent]\n|\n|upkeep\n|turn|15\n|inactive|Time left: 300 sec this turn | 300 sec total\n|\n|t:|1783557943\n|move|p2a: Pecharunt|Malignant Chain|p1a: Dondozo\n|-damage|p1a: Dondozo|248/362 slp\n|cant|p1a: Dondozo|slp\n|move|p1a: Dondozo|Sleep Talk|p1a: Dondozo\n|move|p1a: Dondozo|Rest||[from] move: Sleep Talk|[still]\n|-fail|p1a: Dondozo\n|\n|-heal|p1a: Dondozo|270/362 slp|[from] item: Leftovers\n|upkeep\n|turn|16\n|inactive|Time left: 300 sec this turn | 300 sec total\n|\n|t:|1783557944\n|move|p2a: Pecharunt|Malignant Chain|p1a: Dondozo\n|-damage|p1a: Dondozo|168/362 slp\n|cant|p1a: Dondozo|slp\n|\n|-heal|p1a: Dondozo|190/362 slp|[from] item: Leftovers\n|upkeep\n|turn|17\n|inactive|Time left: 300 sec this turn | 300 sec total\n|\n|t:|1783557945\n|move|p2a: Pecharunt|Malignant Chain|p1a: Dondozo\n|-damage|p1a: Dondozo|76/362 slp\n|-curestatus|p1a: Dondozo|slp|[msg]\n|move|p1a: Dondozo|Rest|p1a: Dondozo\n|-status|p1a: Dondozo|slp|[from] move: Rest\n|-heal|p1a: Dondozo|362/362 slp|[silent]\n|\n|upkeep\n|turn|18\n|inactive|Time left: 300 sec this turn | 300 sec total\n|\n|t:|1783557946\n|move|p2a: Pecharunt|Malignant Chain|p1a: Dondozo\n|-damage|p1a: Dondozo|250/362 slp\n|cant|p1a: Dondozo|slp\n|\n|-heal|p1a: Dondozo|272/362 slp|[from] item: Leftovers\n|upkeep\n|turn|19\n|inactive|Time left: 300 sec this turn | 300 sec total\n|\n|t:|1783557947\n|move|p2a: Pecharunt|Malignant Chain|p1a: Dondozo\n|-damage|p1a: Dondozo|158/362 slp\n|cant|p1a: Dondozo|slp\n|move|p1a: Dondozo|Sleep Talk|p1a: Dondozo\n|move|p1a: Dondozo|Rest||[from] move: Sleep Talk|[still]\n|-fail|p1a: Dondozo\n|\n|-heal|p1a: Dondozo|180/362 slp|[from] item: Leftovers\n|upkeep\n|turn|20\n|inactive|Time left: 300 sec this turn | 300 sec total\n|\n|t:|1783557948\n|move|p2a: Pecharunt|Malignant Chain|p1a: Dondozo\n|-damage|p1a: Dondozo|74/362 slp\n|-curestatus|p1a: Dondozo|slp|[msg]\n|move|p1a: Dondozo|Rest|p1a: Dondozo\n|-status|p1a: Dondozo|slp|[from] move: Rest\n|-heal|p1a: Dondozo|362/362 slp|[silent]\n|\n|upkeep\n|turn|21\n|inactive|Time left: 300 sec this turn | 300 sec total\n|\n|t:|1783557949\n|switch|p1a: Dugtrio|Dugtrio-Alola, L84, F|196/196\n|-damage|p1a: Dugtrio|190/196|[from] Stealth Rock\n|move|p2a: Pecharunt|Malignant Chain|p1a: Dugtrio\n|-immune|p1a: Dugtrio\n|\n|upkeep\n|turn|22\n|inactive|Time left: 300 sec this turn | 300 sec total\n|\n|t:|1783557950\n|move|p1a: Dugtrio|Earthquake|p2a: Pecharunt\n|-supereffective|p2a: Pecharunt\n|-damage|p2a: Pecharunt|22/100\n|-damage|p1a: Dugtrio|171/196|[from] item: Life Orb\n|move|p2a: Pecharunt|Shadow Ball|p1a: Dugtrio\n|-damage|p1a: Dugtrio|96/196\n|-unboost|p1a: Dugtrio|spd|1\n|\n|upkeep\n|turn|23\n|inactive|Time left: 300 sec this turn | 300 sec total\n|\n|t:|1783557952\n|move|p1a: Dugtrio|Earthquake|p2a: Pecharunt\n|-supereffective|p2a: Pecharunt\n|-damage|p2a: Pecharunt|0 fnt\n|faint|p2a: Pecharunt\n|-damage|p1a: Dugtrio|77/196|[from] item: Life Orb\n|\n|upkeep\n|\n|t:|1783557953\n|switch|p2a: Inteleon|Inteleon, L81, M|32/100\n|turn|24\n|inactive|Time left: 300 sec this turn | 300 sec total\n|\n|t:|1783557954\n|move|p1a: Dugtrio|Sucker Punch|p2a: Inteleon\n|-damage|p2a: Inteleon|0 fnt\n|faint|p2a: Inteleon\n|-damage|p1a: Dugtrio|58/196|[from] item: Life Orb\n|\n|upkeep\n|\n|t:|1783557955\n|switch|p2a: Gastrodon|Gastrodon-East, L86, F|100/100\n|turn|25\n|inactive|Time left: 300 sec this turn | 300 sec total\n|\n|t:|1783557956\n|move|p1a: Dugtrio|Earthquake|p2a: Gastrodon\n|-crit|p2a: Gastrodon\n|-damage|p2a: Gastrodon|24/100\n|-damage|p1a: Dugtrio|39/196|[from] item: Life Orb\n|move|p2a: Gastrodon|Earthquake|p1a: Dugtrio\n|-supereffective|p1a: Dugtrio\n|-damage|p1a: Dugtrio|0 fnt\n|faint|p1a: Dugtrio\n|\n|-heal|p2a: Gastrodon|30/100|[from] item: Leftovers\n|upkeep\n|inactive|Time left: 300 sec this turn | 300 sec total | 5 sec grace\n|\n|t:|1783557957\n|switch|p1a: Ninetales|Ninetales-Alola, L78, M|242/242\n|-damage|p1a: Ninetales|182/242|[from] Stealth Rock\n|-weather|Snowscape|[from] ability: Snow Warning|[of] p1a: Ninetales\n|turn|26\n|inactive|Time left: 300 sec this turn | 300 sec total\n|\n|t:|1783557958\n|move|p1a: Ninetales|Aurora Veil|p1a: Ninetales\n|-sidestart|p1: p0x161579f4|move: Aurora Veil\n|move|p2a: Gastrodon|Recover|p2a: Gastrodon\n|-heal|p2a: Gastrodon|80/100\n|\n|-weather|Snowscape|[upkeep]\n|-heal|p2a: Gastrodon|86/100|[from] item: Leftovers\n|upkeep\n|turn|27\n|inactive|Time left: 300 sec this turn | 300 sec total\n|\n|t:|1783557959\n|move|p1a: Ninetales|Freeze-Dry|p2a: Gastrodon\n|-supereffective|p2a: Gastrodon\n|-damage|p2a: Gastrodon|13/100\n|move|p2a: Gastrodon|Recover|p2a: Gastrodon\n|-heal|p2a: Gastrodon|63/100\n|\n|-weather|Snowscape|[upkeep]\n|-heal|p2a: Gastrodon|69/100|[from] item: Leftovers\n|upkeep\n|turn|28\n|inactive|Time left: 300 sec this turn | 300 sec total\n|\n|t:|1783557960\n|move|p1a: Ninetales|Freeze-Dry|p2a: Gastrodon\n|-supereffective|p2a: Gastrodon\n|-damage|p2a: Gastrodon|0 fnt\n|faint|p2a: Gastrodon\n|\n|-weather|Snowscape|[upkeep]\n|upkeep\n|\n|t:|1783557961\n|switch|p2a: Grimmsnarl|Grimmsnarl, L83, M|100/100\n|turn|29\n|inactive|Time left: 300 sec this turn | 300 sec total\n|\n|t:|1783557962\n|move|p2a: Grimmsnarl|Parting Shot|p1a: Ninetales\n|-unboost|p1a: Ninetales|atk|1\n|-unboost|p1a: Ninetales|spa|1\n|\n|t:|1783557963\n|switch|p2a: Camerupt|Camerupt, L91, F|71/100|[from] Parting Shot\n|move|p1a: Ninetales|Moonblast|p2a: Camerupt\n|-resisted|p2a: Camerupt\n|-damage|p2a: Camerupt|61/100\n|-unboost|p2a: Camerupt|spa|1\n|\n|-weather|Snowscape|[upkeep]\n|-heal|p2a: Camerupt|67/100|[from] item: Leftovers\n|upkeep\n|turn|30\n|inactive|Time left: 300 sec this turn | 300 sec total\n|\n|t:|1783557964\n|switch|p2a: Grimmsnarl|Grimmsnarl, L83, M|100/100\n|move|p1a: Ninetales|Moonblast|p2a: Grimmsnarl\n|-supereffective|p2a: Grimmsnarl\n|-damage|p2a: Grimmsnarl|60/100\n|\n|-weather|none\n|-heal|p2a: Grimmsnarl|66/100|[from] item: Leftovers\n|upkeep\n|turn|31\n|inactive|Time left: 300 sec this turn | 300 sec total\n|\n|t:|1783557966\n|switch|p1a: Bellossom|Bellossom, L84, M, tera:Fairy|263/263\n|-damage|p1a: Bellossom|231/263|[from] Stealth Rock\n|move|p2a: Grimmsnarl|Spirit Break|p1a: Bellossom\n|-crit|p1a: Bellossom\n|-damage|p1a: Bellossom|108/263\n|-unboost|p1a: Bellossom|spa|1\n|\n|-heal|p2a: Grimmsnarl|72/100|[from] item: Leftovers\n|-heal|p1a: Bellossom|124/263|[from] item: Leftovers\n|upkeep\n|turn|32\n|inactive|Time left: 300 sec this turn | 300 sec total\n|\n|t:|1783557967\n|move|p2a: Grimmsnarl|Spirit Break|p1a: Bellossom\n|-damage|p1a: Bellossom|83/263\n|-unboost|p1a: Bellossom|spa|1\n|move|p1a: Bellossom|Strength Sap|p2a: Grimmsnarl\n|-unboost|p2a: Grimmsnarl|atk|1\n|-heal|p1a: Bellossom|263/263\n|\n|-heal|p2a: Grimmsnarl|78/100|[from] item: Leftovers\n|upkeep\n|turn|33\n|inactive|Time left: 300 sec this turn | 300 sec total\n|\n|t:|1783557968\n|move|p2a: Grimmsnarl|Parting Shot|p1a: Bellossom\n|-unboost|p1a: Bellossom|atk|1\n|-unboost|p1a: Bellossom|spa|1\n|\n|t:|1783557968\n|switch|p2a: Camerupt|Camerupt, L91, F|67/100|[from] Parting Shot\n|move|p1a: Bellossom|Quiver Dance|p1a: Bellossom\n|-boost|p1a: Bellossom|spa|1\n|-boost|p1a: Bellossom|spd|1\n|-boost|p1a: Bellossom|spe|1\n|\n|-heal|p2a: Camerupt|73/100|[from] item: Leftovers\n|-sideend|p1: p0x161579f4|move: Aurora Veil\n|upkeep\n|turn|34\n|inactive|Time left: 300 sec this turn | 300 sec total\n|\n|t:|1783557969\n|move|p1a: Bellossom|Strength Sap|p2a: Camerupt\n|-unboost|p2a: Camerupt|atk|1\n|move|p2a: Camerupt|Earthquake|p1a: Bellossom\n|-damage|p1a: Bellossom|188/263\n|\n|-heal|p1a: Bellossom|204/263|[from] item: Leftovers\n|-heal|p2a: Camerupt|79/100|[from] item: Leftovers\n|upkeep\n|turn|35\n|inactive|Time left: 300 sec this turn | 300 sec total\n|\n|t:|1783557970\n|switch|p2a: Grimmsnarl|Grimmsnarl, L83, M|78/100\n|move|p1a: Bellossom|Strength Sap|p2a: Grimmsnarl\n|-unboost|p2a: Grimmsnarl|atk|1\n|-heal|p1a: Bellossom|263/263\n|\n|-heal|p2a: Grimmsnarl|84/100|[from] item: Leftovers\n|upkeep\n|turn|36\n|inactive|Time left: 300 sec this turn | 300 sec total\n|\n|t:|1783557971\n|move|p2a: Grimmsnarl|Parting Shot|p1a: Bellossom\n|-unboost|p1a: Bellossom|atk|1\n|-unboost|p1a: Bellossom|spa|1\n|\n|t:|1783557972\n|switch|p2a: Camerupt|Camerupt, L91, F|79/100|[from] Parting Shot\n|move|p1a: Bellossom|Quiver Dance|p1a: Bellossom\n|-boost|p1a: Bellossom|spa|1\n|-boost|p1a: Bellossom|spd|1\n|-boost|p1a: Bellossom|spe|1\n|\n|-heal|p2a: Camerupt|86/100|[from] item: Leftovers\n|upkeep\n|turn|37\n|inactive|Time left: 300 sec this turn | 300 sec total\n|\n|t:|1783557973\n|move|p1a: Bellossom|Strength Sap|p2a: Camerupt\n|-unboost|p2a: Camerupt|atk|1\n|move|p2a: Camerupt|Earthquake|p1a: Bellossom\n|-damage|p1a: Bellossom|184/263\n|\n|-heal|p1a: Bellossom|200/263|[from] item: Leftovers\n|-heal|p2a: Camerupt|92/100|[from] item: Leftovers\n|upkeep\n|turn|38\n|inactive|Time left: 300 sec this turn | 300 sec total\n|\n|t:|1783557974\n|switch|p2a: Grimmsnarl|Grimmsnarl, L83, M|84/100\n|move|p1a: Bellossom|Strength Sap|p2a: Grimmsnarl\n|-unboost|p2a: Grimmsnarl|atk|1\n|-heal|p1a: Bellossom|263/263\n|\n|-heal|p2a: Grimmsnarl|90/100|[from] item: Leftovers\n|upkeep\n|turn|39\n|inactive|Time left: 300 sec this turn | 300 sec total\n|\n|t:|1783557975\n|move|p1a: Bellossom|Moonblast|p2a: Grimmsnarl\n|-supereffective|p2a: Grimmsnarl\n|-damage|p2a: Grimmsnarl|53/100\n|-unboost|p2a: Grimmsnarl|spa|1\n|move|p2a: Grimmsnarl|Spirit Break|p1a: Bellossom\n|-damage|p1a: Bellossom|205/263\n|-unboost|p1a: Bellossom|spa|1\n|\n|-heal|p1a: Bellossom|221/263|[from] item: Leftovers\n|-heal|p2a: Grimmsnarl|59/100|[from] item: Leftovers\n|upkeep\n|turn|40\n|inactive|Time left: 300 sec this turn | 300 sec total\n|\n|t:|1783557976\n|move|p2a: Grimmsnarl|Parting Shot|p1a: Bellossom\n|-unboost|p1a: Bellossom|atk|1\n|-unboost|p1a: Bellossom|spa|1\n|\n|t:|1783557977\n|switch|p2a: Camerupt|Camerupt, L91, F|92/100|[from] Parting Shot\n|move|p1a: Bellossom|Strength Sap|p2a: Camerupt\n|-unboost|p2a: Camerupt|atk|1\n|-heal|p1a: Bellossom|263/263\n|\n|-heal|p2a: Camerupt|98/100|[from] item: Leftovers\n|upkeep\n|turn|41\n|inactive|Time left: 300 sec this turn | 300 sec total\n|\n|t:|1783557978\n|switch|p2a: Grimmsnarl|Grimmsnarl, L83, M|59/100\n|move|p1a: Bellossom|Strength Sap|p2a: Grimmsnarl\n|-unboost|p2a: Grimmsnarl|atk|1\n|\n|-heal|p2a: Grimmsnarl|65/100|[from] item: Leftovers\n|upkeep\n|turn|42\n|inactive|Time left: 300 sec this turn | 300 sec total\n|\n|t:|1783557979\n|switch|p1a: Vigoroth|Vigoroth, L85, F|140/275\n|-damage|p1a: Vigoroth|106/275|[from] Stealth Rock\n|move|p2a: Grimmsnarl|Spirit Break|p1a: Vigoroth\n|-damage|p1a: Vigoroth|64/275\n|-unboost|p1a: Vigoroth|spa|1\n|\n|-heal|p2a: Grimmsnarl|71/100|[from] item: Leftovers\n|upkeep\n|turn|43\n|inactive|Time left: 300 sec this turn | 300 sec total\n|\n|t:|1783557980\n|move|p2a: Grimmsnarl|Parting Shot|p1a: Vigoroth\n|-unboost|p1a: Vigoroth|atk|1\n|-unboost|p1a: Vigoroth|spa|1\n|\n|t:|1783557981\n|switch|p2a: Camerupt|Camerupt, L91, F|98/100|[from] Parting Shot\n|move|p1a: Vigoroth|Slack Off|p1a: Vigoroth\n|-heal|p1a: Vigoroth|202/275\n|\n|-heal|p2a: Camerupt|100/100|[from] item: Leftovers\n|upkeep\n|turn|44\n|inactive|Time left: 300 sec this turn | 300 sec total\n|\n|t:|1783557982\n|move|p1a: Vigoroth|Bulk Up|p1a: Vigoroth\n|-boost|p1a: Vigoroth|atk|1\n|-boost|p1a: Vigoroth|def|1\n|move|p2a: Camerupt|Earthquake|p1a: Vigoroth\n|-damage|p1a: Vigoroth|139/275\n|\n|upkeep\n|turn|45\n|inactive|Time left: 300 sec this turn | 300 sec total\n|\n|t:|1783557983\n|move|p1a: Vigoroth|Slack Off|p1a: Vigoroth\n|-heal|p1a: Vigoroth|275/275\n|move|p2a: Camerupt|Will-O-Wisp|p1a: Vigoroth|[miss]\n|-miss|p2a: Camerupt|p1a: Vigoroth\n|\n|upkeep\n|turn|46\n|inactive|Time left: 300 sec this turn | 300 sec total\n|\n|t:|1783557984\n|move|p1a: Vigoroth|Body Slam|p2a: Camerupt\n|-damage|p2a: Camerupt|66/100\n|move|p2a: Camerupt|Will-O-Wisp|p1a: Vigoroth\n|-status|p1a: Vigoroth|brn\n|\n|-heal|p2a: Camerupt|72/100|[from] item: Leftovers\n|-damage|p1a: Vigoroth|258/275 brn|[from] brn\n|upkeep\n|turn|47\n|inactive|Time left: 300 sec this turn | 300 sec total\n|\n|t:|1783557985\n|move|p1a: Vigoroth|Bulk Up|p1a: Vigoroth\n|-boost|p1a: Vigoroth|atk|1\n|-boost|p1a: Vigoroth|def|1\n|move|p2a: Camerupt|Earthquake|p1a: Vigoroth\n|-crit|p1a: Vigoroth\n|-damage|p1a: Vigoroth|131/275 brn\n|\n|-heal|p2a: Camerupt|79/100|[from] item: Leftovers\n|-damage|p1a: Vigoroth|114/275 brn|[from] brn\n|upkeep\n|turn|48\n|inactive|Time left: 300 sec this turn | 300 sec total\n|\n|t:|1783557986\n|move|p1a: Vigoroth|Slack Off|p1a: Vigoroth\n|-heal|p1a: Vigoroth|252/275 brn\n|move|p2a: Camerupt|Roar|p1a: Vigoroth\n|drag|p1a: Bellossom|Bellossom, L84, M, tera:Fairy|263/263\n|-damage|p1a: Bellossom|231/263|[from] Stealth Rock\n|\n|-heal|p1a: Bellossom|247/263|[from] item: Leftovers\n|-heal|p2a: Camerupt|85/100|[from] item: Leftovers\n|upkeep\n|turn|49\n|inactive|Time left: 300 sec this turn | 300 sec total\n|\n|t:|1783557987\n|move|p1a: Bellossom|Giga Drain|p2a: Camerupt\n|-damage|p2a: Camerupt|56/100\n|-heal|p1a: Bellossom|263/263|[from] drain|[of] p2a: Camerupt\n|move|p2a: Camerupt|Roar|p1a: Bellossom\n|drag|p1a: Vigoroth|Vigoroth, L85, F|252/275 brn\n|-damage|p1a: Vigoroth|218/275 brn|[from] Stealth Rock\n|\n|-heal|p2a: Camerupt|63/100|[from] item: Leftovers\n|-damage|p1a: Vigoroth|201/275 brn|[from] brn\n|upkeep\n|turn|50\n|inactive|Time left: 300 sec this turn | 300 sec total\n|\n|t:|1783557988\n|move|p1a: Vigoroth|Bulk Up|p1a: Vigoroth\n|-boost|p1a: Vigoroth|atk|1\n|-boost|p1a: Vigoroth|def|1\n|move|p2a: Camerupt|Earthquake|p1a: Vigoroth\n|-damage|p1a: Vigoroth|138/275 brn\n|\n|-heal|p2a: Camerupt|69/100|[from] item: Leftovers\n|-damage|p1a: Vigoroth|121/275 brn|[from] brn\n|upkeep\n|turn|51\n|inactive|Time left: 300 sec this turn | 300 sec total\n|\n|t:|1783557988\n|move|p1a: Vigoroth|Slack Off|p1a: Vigoroth\n|-heal|p1a: Vigoroth|259/275 brn\n|move|p2a: Camerupt|Earthquake|p1a: Vigoroth\n|-damage|p1a: Vigoroth|195/275 brn\n|\n|-heal|p2a: Camerupt|75/100|[from] item: Leftovers\n|-damage|p1a: Vigoroth|178/275 brn|[from] brn\n|upkeep\n|turn|52\n|inactive|Time left: 300 sec this turn | 300 sec total\n|\n|t:|1783557989\n|move|p1a: Vigoroth|Slack Off|p1a: Vigoroth\n|-heal|p1a: Vigoroth|275/275 brn\n|move|p2a: Camerupt|Roar|p1a: Vigoroth\n|drag|p1a: Dondozo|Dondozo, L78, F|362/362 slp\n|-damage|p1a: Dondozo|317/362 slp|[from] Stealth Rock\n|\n|-heal|p2a: Camerupt|81/100|[from] item: Leftovers\n|-heal|p1a: Dondozo|339/362 slp|[from] item: Leftovers\n|upkeep\n|turn|53\n|inactive|Time left: 300 sec this turn | 300 sec total\n|\n|t:|1783557990\n|move|p2a: Camerupt|Earthquake|p1a: Dondozo\n|-damage|p1a: Dondozo|222/362 slp\n|cant|p1a: Dondozo|slp\n|move|p1a: Dondozo|Sleep Talk|p1a: Dondozo\n|move|p1a: Dondozo|Wave Crash|p2a: Camerupt|[from] move: Sleep Talk\n|-supereffective|p2a: Camerupt\n|-damage|p2a: Camerupt|0 fnt\n|faint|p2a: Camerupt\n|-damage|p1a: Dondozo|149/362 slp|[from] Recoil\n|\n|-heal|p1a: Dondozo|171/362 slp|[from] item: Leftovers\n|upkeep\n|\n|t:|1783557991\n|switch|p2a: Grimmsnarl|Grimmsnarl, L83, M|71/100\n|turn|54\n|inactive|Time left: 300 sec this turn | 300 sec total\n|\n|t:|1783557992\n|move|p2a: Grimmsnarl|Parting Shot|p1a: Dondozo\n|-unboost|p1a: Dondozo|atk|1\n|-unboost|p1a: Dondozo|spa|1\n|cant|p1a: Dondozo|slp\n|move|p1a: Dondozo|Sleep Talk|p1a: Dondozo\n|move|p1a: Dondozo|Rest||[from] move: Sleep Talk|[still]\n|-fail|p1a: Dondozo\n|\n|-heal|p2a: Grimmsnarl|77/100|[from] item: Leftovers\n|-heal|p1a: Dondozo|193/362 slp|[from] item: Leftovers\n|upkeep\n|turn|55\n|inactive|Time left: 300 sec this turn | 300 sec total\n|\n|t:|1783557993\n|move|p2a: Grimmsnarl|Spirit Break|p1a: Dondozo\n|-damage|p1a: Dondozo|117/362 slp\n|-unboost|p1a: Dondozo|spa|1\n|-curestatus|p1a: Dondozo|slp|[msg]\n|move|p1a: Dondozo|Wave Crash|p2a: Grimmsnarl\n|-crit|p2a: Grimmsnarl\n|-damage|p2a: Grimmsnarl|9/100\n|-damage|p1a: Dondozo|51/362|[from] Recoil\n|\n|-heal|p2a: Grimmsnarl|15/100|[from] item: Leftovers\n|-heal|p1a: Dondozo|73/362|[from] item: Leftovers\n|upkeep\n|turn|56\n|inactive|Time left: 300 sec this turn | 300 sec total\n|\n|t:|1783557994\n|move|p2a: Grimmsnarl|Spirit Break|p1a: Dondozo\n|-damage|p1a: Dondozo|0 fnt\n|faint|p1a: Dondozo\n|\n|-heal|p2a: Grimmsnarl|21/100|[from] item: Leftovers\n|upkeep\n|inactive|Time left: 300 sec this turn | 300 sec total | 5 sec grace\n|\n|t:|1783557995\n|switch|p1a: Ninetales|Ninetales-Alola, L78, M|182/242\n|-damage|p1a: Ninetales|122/242|[from] Stealth Rock\n|-weather|Snowscape|[from] ability: Snow Warning|[of] p1a: Ninetales\n|turn|57\n|inactive|Time left: 300 sec this turn | 300 sec total\n|\n|t:|1783557996\n|-terastallize|p2a: Grimmsnarl|Steel\n|move|p2a: Grimmsnarl|Parting Shot|p1a: Ninetales\n|-unboost|p1a: Ninetales|atk|1\n|-unboost|p1a: Ninetales|spa|1\n|move|p1a: Ninetales|Freeze-Dry|p2a: Grimmsnarl\n|-resisted|p2a: Grimmsnarl\n|-damage|p2a: Grimmsnarl|13/100\n|\n|-weather|Snowscape|[upkeep]\n|-heal|p2a: Grimmsnarl|20/100|[from] item: Leftovers\n|upkeep\n|turn|58\n|inactive|Time left: 300 sec this turn | 300 sec total\n|\n|t:|1783557998\n|move|p1a: Ninetales|Aurora Veil|p1a: Ninetales\n|-sidestart|p1: p0x161579f4|move: Aurora Veil\n|move|p2a: Grimmsnarl|Spirit Break|p1a: Ninetales\n|-damage|p1a: Ninetales|83/242\n|-unboost|p1a: Ninetales|spa|1\n|\n|-weather|Snowscape|[upkeep]\n|-heal|p2a: Grimmsnarl|26/100|[from] item: Leftovers\n|upkeep\n|turn|59\n|inactive|Time left: 300 sec this turn | 300 sec total\n|\n|t:|1783557999\n|switch|p1a: Raichu|Raichu-Alola, L87, F|246/246\n|-damage|p1a: Raichu|216/246|[from] Stealth Rock\n|move|p2a: Grimmsnarl|Spirit Break|p1a: Raichu\n|-damage|p1a: Raichu|153/246\n|-unboost|p1a: Raichu|spa|1\n|\n|-weather|Snowscape|[upkeep]\n|-heal|p2a: Grimmsnarl|32/100|[from] item: Leftovers\n|upkeep\n|turn|60\n|inactive|Time left: 300 sec this turn | 300 sec total\n|\n|t:|1783558000\n|move|p2a: Grimmsnarl|Sucker Punch|p1a: Raichu\n|-supereffective|p1a: Raichu\n|-damage|p1a: Raichu|38/246\n|move|p1a: Raichu|Thunderbolt|p2a: Grimmsnarl\n|-damage|p2a: Grimmsnarl|0 fnt\n|faint|p2a: Grimmsnarl\n|-damage|p1a: Raichu|14/246|[from] item: Life Orb\n|\n|win|p0x161579f4", "uploadtime": 1783558000, "views": 0, "rating": 0, "private": 0, "password": null, "_winner": "p0x161579f4", "_our_name": "p0x161579f4"}