{"id": "battle-gen9randombattle-7", "formatid": "gen9randombattle", "format": "[Gen 9] Random Battle", "players": ["p0x0070f96", "p0y00760cf"], "log": "|init|battle\n|title|p0x0070f96 vs. p0y00760cf\n|j|\u2606p0x0070f96\n|j|\u2606p0y00760cf\n|t:|1783533898\n|gametype|singles\n|player|p1|p0x0070f96|2|\n|player|p2|p0y00760cf|169|\n|gen|9\n|tier|[Gen 9] Random Battle\n|rule|Species Clause: Limit one of each Pok\u00e9mon\n|rule|HP Percentage Mod: HP is shown in percentages\n|rule|Sleep Clause Mod: Limit one foe put to sleep\n|rule|Illusion Level Mod: Illusion disguises the Pok\u00e9mon's true level\n|\n|t:|1783533898\n|teamsize|p1|6\n|teamsize|p2|6\n|start\n|switch|p1a: Toedscruel|Toedscruel, L87, M|281/281\n|switch|p2a: Luvdisc|Luvdisc, F|100/100\n|turn|1\n|inactive|Battle timer is ON: inactive players will automatically lose when time's up. (requested by p0y00760cf)\n|inactive|Time left: 300 sec this turn | 300 sec total | 60 sec grace\n|\n|t:|1783533900\n|switch|p2a: Eelektross|Eelektross, L87, M|100/100\n|move|p1a: Toedscruel|Knock Off|p2a: Eelektross\n|-damage|p2a: Eelektross|79/100\n|-enditem|p2a: Eelektross|Assault Vest|[from] move: Knock Off|[of] p1a: Toedscruel\n|\n|upkeep\n|turn|2\n|inactive|Time left: 300 sec this turn | 300 sec total\n|inactive|p0x0070f96 also wants the timer to be on.\n|\n|t:|1783533901\n|switch|p1a: Ho-Oh|Ho-Oh, L71|268/268\n|move|p2a: Eelektross|Knock Off|p1a: Ho-Oh\n|-crit|p1a: Ho-Oh\n|-damage|p1a: Ho-Oh|111/268\n|-enditem|p1a: Ho-Oh|Heavy-Duty Boots|[from] move: Knock Off|[of] p2a: Eelektross\n|\n|upkeep\n|turn|3\n|inactive|Time left: 300 sec this turn | 300 sec total\n|\n|t:|1783533902\n|move|p1a: Ho-Oh|Recover|p1a: Ho-Oh\n|-heal|p1a: Ho-Oh|245/268\n|move|p2a: Eelektross|Discharge|p1a: Ho-Oh\n|-supereffective|p1a: Ho-Oh\n|-damage|p1a: Ho-Oh|93/268\n|\n|upkeep\n|turn|4\n|inactive|Time left: 300 sec this turn | 300 sec total\n|\n|t:|1783533903\n|move|p1a: Ho-Oh|Recover|p1a: Ho-Oh\n|-heal|p1a: Ho-Oh|227/268\n|move|p2a: Eelektross|Discharge|p1a: Ho-Oh\n|-supereffective|p1a: Ho-Oh\n|-damage|p1a: Ho-Oh|89/268\n|-status|p1a: Ho-Oh|par\n|\n|upkeep\n|turn|5\n|inactive|Time left: 300 sec this turn | 300 sec total\n|\n|t:|1783533904\n|move|p2a: Eelektross|Discharge|p1a: Ho-Oh\n|-supereffective|p1a: Ho-Oh\n|-damage|p1a: Ho-Oh|0 fnt\n|faint|p1a: Ho-Oh\n|\n|upkeep\n|inactive|Time left: 300 sec this turn | 300 sec total | 5 sec grace\n|\n|t:|1783533906\n|switch|p1a: Venusaur|Venusaur, L84, M|272/272\n|turn|6\n|inactive|Time left: 300 sec this turn | 300 sec total\n|\n|t:|1783533907\n|move|p1a: Venusaur|Sleep Powder|p2a: Eelektross\n|-status|p2a: Eelektross|slp|[from] move: Sleep Powder\n|cant|p2a: Eelektross|slp\n|\n|upkeep\n|turn|7\n|inactive|Time left: 300 sec this turn | 300 sec total\n|\n|t:|1783533908\n|move|p1a: Venusaur|Leech Seed|p2a: Eelektross\n|-start|p2a: Eelektross|move: Leech Seed\n|cant|p2a: Eelektross|slp\n|\n|-damage|p2a: Eelektross|67/100 slp|[from] Leech Seed|[of] p1a: Venusaur\n|upkeep\n|turn|8\n|inactive|Time left: 300 sec this turn | 300 sec total\n|\n|t:|1783533909\n|move|p1a: Venusaur|Sludge Bomb|p2a: Eelektross\n|-damage|p2a: Eelektross|30/100 slp\n|-curestatus|p2a: Eelektross|slp|[msg]\n|move|p2a: Eelektross|U-turn|p1a: Venusaur\n|-damage|p1a: Venusaur|210/272\n|\n|t:|1783533910\n|switch|p2a: Cramorant|Cramorant, L86, M|100/100|[from] U-turn\n|\n|-heal|p1a: Venusaur|227/272|[from] item: Leftovers\n|upkeep\n|turn|9\n|inactive|Time left: 300 sec this turn | 300 sec total\n|\n|t:|1783533911\n|move|p2a: Cramorant|Brave Bird|p1a: Venusaur\n|-supereffective|p1a: Venusaur\n|-damage|p1a: Venusaur|0 fnt\n|faint|p1a: Venusaur\n|-damage|p2a: Cramorant|72/100|[from] Recoil\n|\n|upkeep\n|inactive|Time left: 300 sec this turn | 300 sec total | 5 sec grace\n|\n|t:|1783533912\n|switch|p1a: Espeon|Espeon, L84, M|246/246\n|turn|10\n|inactive|Time left: 300 sec this turn | 300 sec total\n|\n|t:|1783533913\n|switch|p2a: Ting-Lu|Ting-Lu, L78|100/100\n|-ability|p2a: Ting-Lu|Vessel of Ruin\n|move|p1a: Espeon|Psyshock|p2a: Ting-Lu\n|-immune|p2a: Ting-Lu\n|\n|upkeep\n|turn|11\n|inactive|Time left: 300 sec this turn | 300 sec total\n|\n|t:|1783533914\n|-terastallize|p1a: Espeon|Fairy\n|move|p1a: Espeon|Alluring Voice|p2a: Ting-Lu\n|-supereffective|p2a: Ting-Lu\n|-damage|p2a: Ting-Lu|35/100\n|-damage|p1a: Espeon|222/246|[from] item: Life Orb\n|move|p2a: Ting-Lu|Ruination|p1a: Espeon\n|-damage|p1a: Espeon|111/246\n|\n|-heal|p2a: Ting-Lu|41/100|[from] item: Leftovers\n|upkeep\n|turn|12\n|inactive|Time left: 300 sec this turn | 300 sec total\n|\n|t:|1783533915\n|move|p1a: Espeon|Alluring Voice|p2a: Ting-Lu\n|-supereffective|p2a: Ting-Lu\n|-damage|p2a: Ting-Lu|0 fnt\n|faint|p2a: Ting-Lu\n|-damage|p1a: Espeon|87/246|[from] item: Life Orb\n|\n|upkeep\n|\n|t:|1783533916\n|switch|p2a: Torkoal|Torkoal, L88, F|100/100\n|-weather|SunnyDay|[from] ability: Drought|[of] p2a: Torkoal\n|turn|13\n|inactive|Time left: 300 sec this turn | 300 sec total\n|\n|t:|1783533917\n|move|p1a: Espeon|Morning Sun|p1a: Espeon\n|-heal|p1a: Espeon|246/246\n|move|p2a: Torkoal|Lava Plume|p1a: Espeon\n|-damage|p1a: Espeon|119/246\n|-status|p1a: Espeon|brn\n|\n|-weather|SunnyDay|[upkeep]\n|-damage|p1a: Espeon|104/246 brn|[from] brn\n|upkeep\n|turn|14\n|inactive|Time left: 300 sec this turn | 300 sec total\n|\n|t:|1783533918\n|move|p1a: Espeon|Morning Sun|p1a: Espeon\n|-heal|p1a: Espeon|246/246 brn\n|move|p2a: Torkoal|Lava Plume|p1a: Espeon\n|-damage|p1a: Espeon|116/246 brn\n|\n|-weather|SunnyDay|[upkeep]\n|-damage|p1a: Espeon|101/246 brn|[from] brn\n|upkeep\n|turn|15\n|inactive|Time left: 300 sec this turn | 300 sec total\n|\n|t:|1783533920\n|move|p1a: Espeon|Morning Sun|p1a: Espeon\n|-heal|p1a: Espeon|246/246 brn\n|move|p2a: Torkoal|Lava Plume|p1a: Espeon\n|-damage|p1a: Espeon|129/246 brn\n|\n|-weather|SunnyDay|[upkeep]\n|-damage|p1a: Espeon|114/246 brn|[from] brn\n|upkeep\n|turn|16\n|inactive|Time left: 300 sec this turn | 300 sec total\n|\n|t:|1783533921\n|move|p1a: Espeon|Morning Sun|p1a: Espeon\n|-heal|p1a: Espeon|246/246 brn\n|move|p2a: Torkoal|Lava Plume|p1a: Espeon\n|-damage|p1a: Espeon|116/246 brn\n|\n|-weather|SunnyDay|[upkeep]\n|-damage|p1a: Espeon|101/246 brn|[from] brn\n|upkeep\n|turn|17\n|inactive|Time left: 300 sec this turn | 300 sec total\n|\n|t:|1783533922\n|move|p1a: Espeon|Morning Sun|p1a: Espeon\n|-heal|p1a: Espeon|246/246 brn\n|move|p2a: Torkoal|Lava Plume|p1a: Espeon\n|-damage|p1a: Espeon|122/246 brn\n|\n|-weather|none\n|-damage|p1a: Espeon|107/246 brn|[from] brn\n|upkeep\n|turn|18\n|inactive|Time left: 300 sec this turn | 300 sec total\n|\n|t:|1783533923\n|move|p1a: Espeon|Morning Sun|p1a: Espeon\n|-heal|p1a: Espeon|230/246 brn\n|move|p2a: Torkoal|Rapid Spin|p1a: Espeon\n|-damage|p1a: Espeon|184/246 brn\n|-boost|p2a: Torkoal|spe|1\n|\n|-damage|p1a: Espeon|169/246 brn|[from] brn\n|upkeep\n|turn|19\n|inactive|Time left: 300 sec this turn | 300 sec total\n|\n|t:|1783533924\n|move|p1a: Espeon|Calm Mind|p1a: Espeon\n|-boost|p1a: Espeon|spa|1\n|-boost|p1a: Espeon|spd|1\n|move|p2a: Torkoal|Rapid Spin|p1a: Espeon\n|-damage|p1a: Espeon|120/246 brn\n|-boost|p2a: Torkoal|spe|1\n|\n|-damage|p1a: Espeon|105/246 brn|[from] brn\n|upkeep\n|turn|20\n|inactive|Time left: 300 sec this turn | 300 sec total\n|\n|t:|1783533925\n|move|p1a: Espeon|Morning Sun|p1a: Espeon\n|-heal|p1a: Espeon|228/246 brn\n|move|p2a: Torkoal|Rapid Spin|p1a: Espeon\n|-damage|p1a: Espeon|182/246 brn\n|-boost|p2a: Torkoal|spe|1\n|\n|-damage|p1a: Espeon|167/246 brn|[from] brn\n|upkeep\n|turn|21\n|inactive|Time left: 300 sec this turn | 300 sec total\n|\n|t:|1783533926\n|move|p1a: Espeon|Psyshock|p2a: Torkoal\n|-damage|p2a: Torkoal|44/100\n|-damage|p1a: Espeon|143/246 brn|[from] item: Life Orb\n|move|p2a: Torkoal|Rapid Spin|p1a: Espeon\n|-damage|p1a: Espeon|96/246 brn\n|-boost|p2a: Torkoal|spe|1\n|\n|-damage|p1a: Espeon|81/246 brn|[from] brn\n|upkeep\n|turn|22\n|inactive|Time left: 300 sec this turn | 300 sec total\n|\n|t:|1783533928\n|move|p2a: Torkoal|Lava Plume|p1a: Espeon\n|-damage|p1a: Espeon|30/246 brn\n|move|p1a: Espeon|Morning Sun|p1a: Espeon\n|-heal|p1a: Espeon|153/246 brn\n|\n|-damage|p1a: Espeon|138/246 brn|[from] brn\n|upkeep\n|turn|23\n|inactive|Time left: 300 sec this turn | 300 sec total\n|\n|t:|1783533928\n|move|p2a: Torkoal|Lava Plume|p1a: Espeon\n|-damage|p1a: Espeon|84/246 brn\n|move|p1a: Espeon|Psyshock|p2a: Torkoal\n|-damage|p2a: Torkoal|0 fnt\n|faint|p2a: Torkoal\n|-damage|p1a: Espeon|60/246 brn|[from] item: Life Orb\n|\n|-damage|p1a: Espeon|45/246 brn|[from] brn\n|upkeep\n|\n|t:|1783533929\n|switch|p2a: Raging Bolt|Raging Bolt, L78|100/100\n|turn|24\n|inactive|Time left: 300 sec this turn | 300 sec total\n|\n|t:|1783533930\n|move|p2a: Raging Bolt|Thunderclap|p1a: Espeon\n|-damage|p1a: Espeon|0 fnt\n|faint|p1a: Espeon\n|\n|upkeep\n|inactive|Time left: 300 sec this turn | 300 sec total | 5 sec grace\n|\n|t:|1783533931\n|switch|p1a: Cryogonal|Cryogonal, L89|287/287\n|turn|25\n|inactive|Time left: 300 sec this turn | 300 sec total\n|\n|t:|1783533932\n|move|p1a: Cryogonal|Ice Beam|p2a: Raging Bolt\n|-supereffective|p2a: Raging Bolt\n|-damage|p2a: Raging Bolt|57/100\n|move|p2a: Raging Bolt|Thunderbolt|p1a: Cryogonal\n|-damage|p1a: Cryogonal|214/287\n|\n|upkeep\n|turn|26\n|inactive|Time left: 300 sec this turn | 300 sec total\n|\n|t:|1783533933\n|move|p1a: Cryogonal|Ice Beam|p2a: Raging Bolt\n|-supereffective|p2a: Raging Bolt\n|-damage|p2a: Raging Bolt|14/100\n|move|p2a: Raging Bolt|Volt Switch|p1a: Cryogonal\n|-damage|p1a: Cryogonal|157/287\n|\n|t:|1783533934\n|-end|p2a: Raging Bolt|Protosynthesis|[silent]\n|switch|p2a: Cramorant|Cramorant, L86, M|72/100|[from] Volt Switch\n|\n|upkeep\n|turn|27\n|inactive|Time left: 300 sec this turn | 300 sec total\n|\n|t:|1783533935\n|move|p1a: Cryogonal|Ice Beam|p2a: Cramorant\n|-damage|p2a: Cramorant|38/100\n|move|p2a: Cramorant|Brave Bird|p1a: Cryogonal\n|-damage|p1a: Cryogonal|0 fnt\n|faint|p1a: Cryogonal\n|-damage|p2a: Cramorant|18/100|[from] Recoil\n|\n|upkeep\n|inactive|Time left: 300 sec this turn | 300 sec total | 5 sec grace\n|\n|t:|1783533936\n|switch|p1a: Azelf|Azelf, L82|257/257\n|turn|28\n|inactive|Time left: 300 sec this turn | 300 sec total\n|\n|t:|1783533936\n|move|p1a: Azelf|Psychic|p2a: Cramorant\n|-damage|p2a: Cramorant|0 fnt\n|faint|p2a: Cramorant\n|-damage|p1a: Azelf|232/257|[from] item: Life Orb\n|\n|upkeep\n|\n|t:|1783533937\n|switch|p2a: Luvdisc|Luvdisc, F|100/100\n|turn|29\n|inactive|Time left: 300 sec this turn | 300 sec total\n|\n|t:|1783533938\n|move|p2a: Luvdisc|Surf|p1a: Azelf\n|-damage|p1a: Azelf|136/257\n|move|p1a: Azelf|Nasty Plot|p1a: Azelf\n|-boost|p1a: Azelf|spa|2\n|\n|upkeep\n|turn|30\n|inactive|Time left: 300 sec this turn | 300 sec total\n|\n|t:|1783533939\n|move|p2a: Luvdisc|Substitute|p2a: Luvdisc\n|-start|p2a: Luvdisc|Substitute\n|-damage|p2a: Luvdisc|76/100\n|move|p1a: Azelf|Psychic|p2a: Luvdisc\n|-end|p2a: Luvdisc|Substitute\n|-damage|p1a: Azelf|111/257|[from] item: Life Orb\n|\n|upkeep\n|turn|31\n|inactive|Time left: 300 sec this turn | 300 sec total\n|\n|t:|1783533940\n|move|p2a: Luvdisc|Substitute|p2a: Luvdisc\n|-start|p2a: Luvdisc|Substitute\n|-damage|p2a: Luvdisc|51/100\n|move|p1a: Azelf|Psychic|p2a: Luvdisc\n|-end|p2a: Luvdisc|Substitute\n|-damage|p1a: Azelf|86/257|[from] item: Life Orb\n|\n|upkeep\n|turn|32\n|inactive|Time left: 300 sec this turn | 300 sec total\n|\n|t:|1783533941\n|move|p2a: Luvdisc|Surf|p1a: Azelf\n|-damage|p1a: Azelf|0 fnt\n|faint|p1a: Azelf\n|\n|upkeep\n|inactive|Time left: 300 sec this turn | 300 sec total | 5 sec grace\n|\n|t:|1783533941\n|switch|p1a: Toedscruel|Toedscruel, L87, M|281/281\n|turn|33\n|inactive|Time left: 300 sec this turn | 300 sec total\n|\n|t:|1783533942\n|move|p2a: Luvdisc|Endeavor|p1a: Toedscruel\n|-damage|p1a: Toedscruel|125/281\n|move|p1a: Toedscruel|Rapid Spin|p2a: Luvdisc\n|-damage|p2a: Luvdisc|37/100\n|-boost|p1a: Toedscruel|spe|1\n|\n|upkeep\n|turn|34\n|inactive|Time left: 300 sec this turn | 300 sec total\n|\n|t:|1783533943\n|move|p1a: Toedscruel|Rapid Spin|p2a: Luvdisc\n|-damage|p2a: Luvdisc|23/100\n|-boost|p1a: Toedscruel|spe|1\n|move|p2a: Luvdisc|Endeavor|p1a: Toedscruel\n|-damage|p1a: Toedscruel|55/281\n|\n|upkeep\n|turn|35\n|inactive|Time left: 300 sec this turn | 300 sec total\n|\n|t:|1783533944\n|move|p1a: Toedscruel|Rapid Spin|p2a: Luvdisc\n|-damage|p2a: Luvdisc|9/100\n|-boost|p1a: Toedscruel|spe|1\n|move|p2a: Luvdisc|Whirlpool|p1a: Toedscruel\n|-damage|p1a: Toedscruel|39/281\n|-activate|p1a: Toedscruel|move: Whirlpool|[of] p2a: Luvdisc\n|\n|-damage|p1a: Toedscruel|4/281|[from] move: Whirlpool|[partiallytrapped]\n|upkeep\n|turn|36\n|inactive|Time left: 300 sec this turn | 300 sec total\n|\n|t:|1783533945\n|-terastallize|p2a: Luvdisc|Ground\n|move|p1a: Toedscruel|Rapid Spin|p2a: Luvdisc\n|-damage|p2a: Luvdisc|0 fnt\n|-boost|p1a: Toedscruel|spe|1\n|-end|p1a: Toedscruel|Whirlpool|[partiallytrapped]\n|faint|p2a: Luvdisc\n|\n|upkeep\n|\n|t:|1783533946\n|switch|p2a: Raging Bolt|Raging Bolt, L78|14/100\n|turn|37\n|inactive|Time left: 300 sec this turn | 300 sec total\n|\n|t:|1783533947\n|-end|p2a: Raging Bolt|Protosynthesis|[silent]\n|switch|p2a: Eelektross|Eelektross, L87, M|30/100\n|move|p1a: Toedscruel|Knock Off|p2a: Eelektross\n|-damage|p2a: Eelektross|17/100\n|\n|upkeep\n|turn|38\n|inactive|Time left: 300 sec this turn | 300 sec total\n|\n|t:|1783533948\n|switch|p2a: Raging Bolt|Raging Bolt, L78|14/100\n|move|p1a: Toedscruel|Leaf Storm|p2a: Raging Bolt\n|-resisted|p2a: Raging Bolt\n|-damage|p2a: Raging Bolt|0 fnt\n|-unboost|p1a: Toedscruel|spa|2\n|faint|p2a: Raging Bolt\n|-end|p2a: Raging Bolt|Protosynthesis|[silent]\n|\n|upkeep\n|\n|t:|1783533949\n|switch|p2a: Eelektross|Eelektross, L87, M|17/100\n|turn|39\n|inactive|Time left: 300 sec this turn | 300 sec total\n|\n|t:|1783533949\n|move|p1a: Toedscruel|Leaf Storm|p2a: Eelektross\n|-damage|p2a: Eelektross|0 fnt\n|-unboost|p1a: Toedscruel|spa|2\n|faint|p2a: Eelektross\n|\n|win|p0x0070f96", "uploadtime": 1783533949, "views": 0, "rating": 0, "private": 0, "password": null, "_winner": "p0x0070f96", "_our_name": "p0x0070f96"}