{"id": "battle-gen9randombattle-1212", "formatid": "gen9randombattle", "format": "[Gen 9] Random Battle", "players": ["p0x12124abb", "p0y12128068"], "log": "|init|battle\n|title|p0x12124abb vs. p0y12128068\n|j|\u2606p0x12124abb\n|j|\u2606p0y12128068\n|t:|1783554042\n|gametype|singles\n|player|p1|p0x12124abb|170|\n|player|p2|p0y12128068|1|\n|gen|9\n|tier|[Gen 9] Random Battle\n|rule|Species Clause: Limit one of each Pok\u00e9mon\n|rule|HP Percentage Mod: HP is shown in percentages\n|rule|Sleep Clause Mod: Limit one foe put to sleep\n|rule|Illusion Level Mod: Illusion disguises the Pok\u00e9mon's true level\n|\n|t:|1783554042\n|teamsize|p1|6\n|teamsize|p2|6\n|start\n|switch|p1a: Flamigo|Flamigo, L82, F|269/269\n|switch|p2a: Flygon|Flygon, L82, M|100/100\n|turn|1\n|inactive|Battle timer is ON: inactive players will automatically lose when time's up. (requested by p0x12124abb)\n|\n|t:|1783554044\n|move|p2a: Flygon|Outrage|p1a: Flamigo\n|-damage|p1a: Flamigo|139/269\n|move|p1a: Flamigo|Close Combat|p2a: Flygon\n|-damage|p2a: Flygon|31/100\n|-unboost|p1a: Flamigo|def|1\n|-unboost|p1a: Flamigo|spd|1\n|-damage|p1a: Flamigo|113/269|[from] item: Life Orb\n|\n|upkeep\n|turn|2\n|inactive|Time left: 300 sec this turn | 300 sec total\n|inactive|p0y12128068 also wants the timer to be on.\n|\n|t:|1783554045\n|switch|p1a: Conkeldurr|Conkeldurr, L80, M|299/299\n|move|p2a: Flygon|Outrage|p1a: Conkeldurr|[from] lockedmove\n|-damage|p1a: Conkeldurr|188/299\n|\n|-status|p1a: Conkeldurr|brn|[from] item: Flame Orb\n|upkeep\n|turn|3\n|inactive|Time left: 300 sec this turn | 300 sec total\n|\n|t:|1783554046\n|move|p1a: Conkeldurr|Mach Punch|p2a: Flygon\n|-damage|p2a: Flygon|0 fnt\n|faint|p2a: Flygon\n|\n|-damage|p1a: Conkeldurr|170/299 brn|[from] brn\n|upkeep\n|\n|t:|1783554047\n|switch|p2a: Hippowdon|Hippowdon, L82, M|100/100\n|-weather|Sandstorm|[from] ability: Sand Stream|[of] p2a: Hippowdon\n|turn|4\n|inactive|Time left: 300 sec this turn | 300 sec total\n|\n|t:|1783554048\n|move|p2a: Hippowdon|Earthquake|p1a: Conkeldurr\n|-damage|p1a: Conkeldurr|65/299 brn\n|move|p1a: Conkeldurr|Close Combat|p2a: Hippowdon\n|-damage|p2a: Hippowdon|35/100\n|-unboost|p1a: Conkeldurr|def|1\n|-unboost|p1a: Conkeldurr|spd|1\n|\n|-weather|Sandstorm|[upkeep]\n|-damage|p1a: Conkeldurr|47/299 brn|[from] Sandstorm\n|-heal|p2a: Hippowdon|41/100|[from] item: Leftovers\n|-damage|p1a: Conkeldurr|29/299 brn|[from] brn\n|upkeep\n|turn|5\n|inactive|Time left: 300 sec this turn | 300 sec total\n|\n|t:|1783554049\n|switch|p1a: Flamigo|Flamigo, L82, F|113/269\n|move|p2a: Hippowdon|Slack Off|p2a: Hippowdon\n|-heal|p2a: Hippowdon|91/100\n|\n|-weather|Sandstorm|[upkeep]\n|-damage|p1a: Flamigo|97/269|[from] Sandstorm\n|-heal|p2a: Hippowdon|97/100|[from] item: Leftovers\n|upkeep\n|turn|6\n|inactive|Time left: 300 sec this turn | 300 sec total\n|\n|t:|1783554050\n|move|p1a: Flamigo|Roost|p1a: Flamigo\n|-heal|p1a: Flamigo|232/269\n|-singleturn|p1a: Flamigo|move: Roost\n|move|p2a: Hippowdon|Stone Edge|p1a: Flamigo\n|-resisted|p1a: Flamigo\n|-crit|p1a: Flamigo\n|-damage|p1a: Flamigo|173/269\n|\n|-weather|Sandstorm|[upkeep]\n|-damage|p1a: Flamigo|157/269|[from] Sandstorm\n|-heal|p2a: Hippowdon|100/100|[from] item: Leftovers\n|upkeep\n|turn|7\n|inactive|Time left: 300 sec this turn | 300 sec total\n|\n|t:|1783554051\n|move|p1a: Flamigo|Swords Dance|p1a: Flamigo\n|-boost|p1a: Flamigo|atk|2\n|move|p2a: Hippowdon|Earthquake|p1a: Flamigo\n|-immune|p1a: Flamigo\n|\n|-weather|Sandstorm|[upkeep]\n|-damage|p1a: Flamigo|141/269|[from] Sandstorm\n|upkeep\n|turn|8\n|inactive|Time left: 300 sec this turn | 300 sec total\n|\n|t:|1783554052\n|switch|p2a: Dedenne|Dedenne, L88, M|100/100\n|move|p1a: Flamigo|Close Combat|p2a: Dedenne\n|-resisted|p2a: Dedenne\n|-damage|p2a: Dedenne|11/100\n|-unboost|p1a: Flamigo|def|1\n|-unboost|p1a: Flamigo|spd|1\n|-enditem|p2a: Dedenne|Sitrus Berry|[eat]\n|-heal|p2a: Dedenne|36/100|[from] item: Sitrus Berry\n|-heal|p2a: Dedenne|69/100|[from] ability: Cheek Pouch\n|-damage|p1a: Flamigo|115/269|[from] item: Life Orb\n|\n|-weather|none\n|upkeep\n|turn|9\n|inactive|Time left: 300 sec this turn | 300 sec total\n|\n|t:|1783554054\n|switch|p1a: Magcargo|Magcargo, L95, F|268/268\n|move|p2a: Dedenne|Dazzling Gleam|p1a: Magcargo\n|-resisted|p1a: Magcargo\n|-damage|p1a: Magcargo|226/268\n|\n|upkeep\n|turn|10\n|inactive|Time left: 300 sec this turn | 300 sec total\n|\n|t:|1783554055\n|switch|p2a: Hippowdon|Hippowdon, L82, M|100/100\n|-weather|Sandstorm|[from] ability: Sand Stream|[of] p2a: Hippowdon\n|move|p1a: Magcargo|Shell Smash|p1a: Magcargo\n|-unboost|p1a: Magcargo|def|1\n|-unboost|p1a: Magcargo|spd|1\n|-boost|p1a: Magcargo|atk|2\n|-boost|p1a: Magcargo|spa|2\n|-boost|p1a: Magcargo|spe|2\n|\n|-weather|Sandstorm|[upkeep]\n|upkeep\n|turn|11\n|inactive|Time left: 300 sec this turn | 300 sec total\n|\n|t:|1783554056\n|-terastallize|p2a: Hippowdon|Rock\n|move|p1a: Magcargo|Fire Blast|p2a: Hippowdon\n|-resisted|p2a: Hippowdon\n|-damage|p2a: Hippowdon|67/100\n|move|p2a: Hippowdon|Earthquake|p1a: Magcargo\n|-supereffective|p1a: Magcargo\n|-damage|p1a: Magcargo|0 fnt\n|faint|p1a: Magcargo\n|\n|-weather|Sandstorm|[upkeep]\n|-heal|p2a: Hippowdon|73/100|[from] item: Leftovers\n|upkeep\n|inactive|Time left: 300 sec this turn | 300 sec total | 5 sec grace\n|\n|t:|1783554056\n|switch|p1a: Polteageist|Polteageist, L78|222/222\n|turn|12\n|inactive|Time left: 300 sec this turn | 300 sec total\n|\n|t:|1783554057\n|move|p1a: Polteageist|Shell Smash|p1a: Polteageist\n|-unboost|p1a: Polteageist|def|1\n|-unboost|p1a: Polteageist|spd|1\n|-boost|p1a: Polteageist|atk|2\n|-boost|p1a: Polteageist|spa|2\n|-boost|p1a: Polteageist|spe|2\n|-enditem|p1a: Polteageist|White Herb\n|-clearnegativeboost|p1a: Polteageist|[silent]\n|move|p2a: Hippowdon|Earthquake|p1a: Polteageist\n|-damage|p1a: Polteageist|83/222\n|\n|-weather|Sandstorm|[upkeep]\n|-damage|p1a: Polteageist|70/222|[from] Sandstorm\n|-heal|p2a: Hippowdon|79/100|[from] item: Leftovers\n|upkeep\n|turn|13\n|inactive|Time left: 300 sec this turn | 300 sec total\n|\n|t:|1783554058\n|move|p1a: Polteageist|Strength Sap|p2a: Hippowdon\n|-unboost|p2a: Hippowdon|atk|1\n|-heal|p1a: Polteageist|222/222\n|move|p2a: Hippowdon|Earthquake|p1a: Polteageist\n|-damage|p1a: Polteageist|123/222\n|\n|-weather|Sandstorm|[upkeep]\n|-damage|p1a: Polteageist|110/222|[from] Sandstorm\n|-heal|p2a: Hippowdon|85/100|[from] item: Leftovers\n|upkeep\n|turn|14\n|inactive|Time left: 300 sec this turn | 300 sec total\n|\n|t:|1783554059\n|move|p1a: Polteageist|Strength Sap|p2a: Hippowdon\n|-unboost|p2a: Hippowdon|atk|1\n|-heal|p1a: Polteageist|222/222\n|move|p2a: Hippowdon|Earthquake|p1a: Polteageist\n|-damage|p1a: Polteageist|152/222\n|\n|-weather|none\n|-heal|p2a: Hippowdon|91/100|[from] item: Leftovers\n|upkeep\n|turn|15\n|inactive|Time left: 300 sec this turn | 300 sec total\n|\n|t:|1783554060\n|switch|p2a: Chien-Pao|Chien-Pao, L72|100/100\n|-ability|p2a: Chien-Pao|Sword of Ruin\n|move|p1a: Polteageist|Shadow Ball|p2a: Chien-Pao\n|-resisted|p2a: Chien-Pao\n|-damage|p2a: Chien-Pao|46/100\n|\n|upkeep\n|turn|16\n|inactive|Time left: 300 sec this turn | 300 sec total\n|\n|t:|1783554061\n|move|p2a: Chien-Pao|Ice Shard|p1a: Polteageist\n|-damage|p1a: Polteageist|53/222\n|-start|p2a: Chien-Pao|Disable|Ice Shard|[from] ability: Cursed Body|[of] p1a: Polteageist\n|move|p1a: Polteageist|Shadow Ball|p2a: Chien-Pao\n|-resisted|p2a: Chien-Pao\n|-damage|p2a: Chien-Pao|0 fnt\n|faint|p2a: Chien-Pao\n|\n|upkeep\n|\n|t:|1783554062\n|switch|p2a: Gogoat|Gogoat, L88, F|100/100\n|turn|17\n|inactive|Time left: 300 sec this turn | 300 sec total\n|\n|t:|1783554064\n|move|p1a: Polteageist|Shadow Ball|p2a: Gogoat\n|-damage|p2a: Gogoat|48/100\n|move|p2a: Gogoat|Earthquake|p1a: Polteageist\n|-damage|p1a: Polteageist|0 fnt\n|faint|p1a: Polteageist\n|\n|-heal|p2a: Gogoat|54/100|[from] item: Leftovers\n|upkeep\n|inactive|Time left: 300 sec this turn | 300 sec total | 5 sec grace\n|\n|t:|1783554065\n|switch|p1a: Iron Bundle|Iron Bundle, L78|215/215\n|turn|18\n|inactive|Time left: 300 sec this turn | 300 sec total\n|\n|t:|1783554066\n|switch|p2a: Hippowdon|Hippowdon, L82, M, tera:Rock|91/100\n|-weather|Sandstorm|[from] ability: Sand Stream|[of] p2a: Hippowdon\n|move|p1a: Iron Bundle|Ice Beam|p2a: Hippowdon\n|-damage|p2a: Hippowdon|66/100\n|\n|-weather|Sandstorm|[upkeep]\n|-damage|p1a: Iron Bundle|202/215|[from] Sandstorm\n|-heal|p2a: Hippowdon|72/100|[from] item: Leftovers\n|upkeep\n|turn|19\n|inactive|Time left: 300 sec this turn | 300 sec total\n|\n|t:|1783554067\n|-terastallize|p1a: Iron Bundle|Water\n|move|p1a: Iron Bundle|Hydro Pump|p2a: Hippowdon|[miss]\n|-miss|p1a: Iron Bundle|p2a: Hippowdon\n|move|p2a: Hippowdon|Stone Edge|p1a: Iron Bundle|[miss]\n|-miss|p2a: Hippowdon|p1a: Iron Bundle\n|\n|-weather|Sandstorm|[upkeep]\n|-damage|p1a: Iron Bundle|189/215|[from] Sandstorm\n|-heal|p2a: Hippowdon|78/100|[from] item: Leftovers\n|upkeep\n|turn|20\n|inactive|Time left: 300 sec this turn | 300 sec total\n|\n|t:|1783554068\n|switch|p2a: Phione|Phione, L91|100/100\n|move|p1a: Iron Bundle|Hydro Pump|p2a: Phione|[miss]\n|-miss|p1a: Iron Bundle|p2a: Phione\n|\n|-weather|Sandstorm|[upkeep]\n|-damage|p1a: Iron Bundle|176/215|[from] Sandstorm\n|-damage|p2a: Phione|94/100|[from] Sandstorm\n|-heal|p2a: Phione|100/100|[from] item: Leftovers\n|upkeep\n|turn|21\n|inactive|Time left: 300 sec this turn | 300 sec total\n|\n|t:|1783554069\n|move|p1a: Iron Bundle|Freeze-Dry|p2a: Phione\n|-supereffective|p2a: Phione\n|-damage|p2a: Phione|51/100\n|move|p2a: Phione|Scald|p1a: Iron Bundle\n|-resisted|p1a: Iron Bundle\n|-damage|p1a: Iron Bundle|116/215\n|-status|p1a: Iron Bundle|brn\n|\n|-weather|Sandstorm|[upkeep]\n|-damage|p1a: Iron Bundle|103/215 brn|[from] Sandstorm\n|-damage|p2a: Phione|45/100|[from] Sandstorm\n|-heal|p2a: Phione|51/100|[from] item: Leftovers\n|-damage|p1a: Iron Bundle|90/215 brn|[from] brn\n|upkeep\n|turn|22\n|inactive|Time left: 300 sec this turn | 300 sec total\n|\n|t:|1783554070\n|move|p1a: Iron Bundle|Freeze-Dry|p2a: Phione\n|-supereffective|p2a: Phione\n|-damage|p2a: Phione|0 fnt\n|faint|p2a: Phione\n|\n|-weather|none\n|-damage|p1a: Iron Bundle|77/215 brn|[from] brn\n|upkeep\n|\n|t:|1783554072\n|switch|p2a: Dedenne|Dedenne, L88, M|69/100\n|turn|23\n|inactive|Time left: 300 sec this turn | 300 sec total\n|\n|t:|1783554073\n|move|p1a: Iron Bundle|Hydro Pump|p2a: Dedenne\n|-damage|p2a: Dedenne|0 fnt\n|faint|p2a: Dedenne\n|\n|-damage|p1a: Iron Bundle|64/215 brn|[from] brn\n|upkeep\n|\n|t:|1783554074\n|switch|p2a: Gogoat|Gogoat, L88, F|54/100\n|turn|24\n|inactive|Time left: 300 sec this turn | 300 sec total\n|\n|t:|1783554075\n|switch|p2a: Hippowdon|Hippowdon, L82, M, tera:Rock|78/100\n|-weather|Sandstorm|[from] ability: Sand Stream|[of] p2a: Hippowdon\n|move|p1a: Iron Bundle|Ice Beam|p2a: Hippowdon\n|-damage|p2a: Hippowdon|51/100\n|\n|-weather|Sandstorm|[upkeep]\n|-damage|p1a: Iron Bundle|51/215 brn|[from] Sandstorm\n|-heal|p2a: Hippowdon|57/100|[from] item: Leftovers\n|-damage|p1a: Iron Bundle|38/215 brn|[from] brn\n|upkeep\n|turn|25\n|inactive|Time left: 300 sec this turn | 300 sec total\n|\n|t:|1783554076\n|switch|p2a: Gogoat|Gogoat, L88, F|54/100\n|move|p1a: Iron Bundle|Hydro Pump|p2a: Gogoat\n|-resisted|p2a: Gogoat\n|-crit|p2a: Gogoat\n|-damage|p2a: Gogoat|22/100\n|\n|-weather|Sandstorm|[upkeep]\n|-damage|p1a: Iron Bundle|25/215 brn|[from] Sandstorm\n|-damage|p2a: Gogoat|16/100|[from] Sandstorm\n|-heal|p2a: Gogoat|22/100|[from] item: Leftovers\n|-damage|p1a: Iron Bundle|12/215 brn|[from] brn\n|upkeep\n|turn|26\n|inactive|Time left: 300 sec this turn | 300 sec total\n|\n|t:|1783554077\n|move|p1a: Iron Bundle|Hydro Pump|p2a: Gogoat\n|-resisted|p2a: Gogoat\n|-crit|p2a: Gogoat\n|-damage|p2a: Gogoat|0 fnt\n|faint|p2a: Gogoat\n|\n|-weather|Sandstorm|[upkeep]\n|-damage|p1a: Iron Bundle|0 fnt|[from] Sandstorm\n|faint|p1a: Iron Bundle\n|-end|p1a: Iron Bundle|Quark Drive|[silent]\n|upkeep\n|inactive|Time left: 300 sec this turn | 300 sec total | 5 sec grace\n|\n|t:|1783554078\n|switch|p1a: Flamigo|Flamigo, L82, F|115/269\n|switch|p2a: Hippowdon|Hippowdon, L82, M, tera:Rock|57/100\n|turn|27\n|inactive|Time left: 300 sec this turn | 300 sec total\n|\n|t:|1783554079\n|move|p1a: Flamigo|Close Combat|p2a: Hippowdon\n|-supereffective|p2a: Hippowdon\n|-damage|p2a: Hippowdon|0 fnt\n|-unboost|p1a: Flamigo|def|1\n|-unboost|p1a: Flamigo|spd|1\n|faint|p2a: Hippowdon\n|-damage|p1a: Flamigo|89/269|[from] item: Life Orb\n|\n|win|p0x12124abb", "uploadtime": 1783554079, "views": 0, "rating": 0, "private": 0, "password": null, "_winner": "p0x12124abb", "_our_name": "p0x12124abb"}