{"id": "battle-gen9randombattle-315", "formatid": "gen9randombattle", "format": "[Gen 9] Random Battle", "players": ["p0x3157f10", "p0y3158828"], "log": "|init|battle\n|title|p0x3157f10 vs. p0y3158828\n|j|\u2606p0x3157f10\n|j|\u2606p0y3158828\n|t:|1783543254\n|gametype|singles\n|player|p1|p0x3157f10|102|\n|player|p2|p0y3158828|101|\n|gen|9\n|tier|[Gen 9] Random Battle\n|rule|Species Clause: Limit one of each Pok\u00e9mon\n|rule|HP Percentage Mod: HP is shown in percentages\n|rule|Sleep Clause Mod: Limit one foe put to sleep\n|rule|Illusion Level Mod: Illusion disguises the Pok\u00e9mon's true level\n|\n|t:|1783543254\n|teamsize|p1|6\n|teamsize|p2|6\n|start\n|switch|p1a: Exeggutor|Exeggutor-Alola, L89, F|314/314\n|switch|p2a: Magcargo|Magcargo, L95, F|100/100\n|turn|1\n|inactive|Battle timer is ON: inactive players will automatically lose when time's up. (requested by p0y3158828)\n|inactive|Time left: 300 sec this turn | 300 sec total | 60 sec grace\n|inactive|p0x3157f10 also wants the timer to be on.\n|\n|t:|1783543256\n|move|p1a: Exeggutor|Calm Mind|p1a: Exeggutor\n|-boost|p1a: Exeggutor|spa|1\n|-boost|p1a: Exeggutor|spd|1\n|move|p2a: Magcargo|Shell Smash|p2a: Magcargo\n|-unboost|p2a: Magcargo|def|1\n|-unboost|p2a: Magcargo|spd|1\n|-boost|p2a: Magcargo|atk|2\n|-boost|p2a: Magcargo|spa|2\n|-boost|p2a: Magcargo|spe|2\n|\n|upkeep\n|turn|2\n|inactive|Time left: 300 sec this turn | 300 sec total\n|\n|t:|1783543257\n|move|p2a: Magcargo|Fire Blast|p1a: Exeggutor\n|-damage|p1a: Exeggutor|101/314\n|-status|p1a: Exeggutor|brn\n|-enditem|p1a: Exeggutor|Sitrus Berry|[eat]\n|-heal|p1a: Exeggutor|179/314 brn|[from] item: Sitrus Berry\n|move|p1a: Exeggutor|Dragon Pulse|p2a: Magcargo\n|-damage|p2a: Magcargo|5/100\n|\n|-damage|p1a: Exeggutor|160/314 brn|[from] brn\n|-item|p1a: Exeggutor|Sitrus Berry|[from] ability: Harvest\n|upkeep\n|turn|3\n|inactive|Time left: 300 sec this turn | 300 sec total\n|\n|t:|1783543258\n|move|p2a: Magcargo|Fire Blast|p1a: Exeggutor\n|-damage|p1a: Exeggutor|0 fnt\n|faint|p1a: Exeggutor\n|\n|upkeep\n|inactive|Time left: 300 sec this turn | 300 sec total | 5 sec grace\n|\n|t:|1783543259\n|switch|p1a: Eelektross|Eelektross, L87, M|290/290\n|turn|4\n|inactive|Time left: 300 sec this turn | 300 sec total\n|\n|t:|1783543261\n|move|p2a: Magcargo|Fire Blast|p1a: Eelektross\n|-crit|p1a: Eelektross\n|-damage|p1a: Eelektross|0 fnt\n|faint|p1a: Eelektross\n|\n|upkeep\n|inactive|Time left: 300 sec this turn | 300 sec total | 5 sec grace\n|\n|t:|1783543262\n|switch|p1a: Rillaboom|Rillaboom, L79, F|288/288\n|-fieldstart|move: Grassy Terrain|[from] ability: Grassy Surge|[of] p1a: Rillaboom\n|turn|5\n|inactive|Time left: 300 sec this turn | 300 sec total\n|\n|t:|1783543263\n|move|p1a: Rillaboom|Grassy Glide|p2a: Magcargo\n|-damage|p2a: Magcargo|0 fnt\n|faint|p2a: Magcargo\n|\n|upkeep\n|\n|t:|1783543264\n|switch|p2a: Ariados|Ariados, L95, M|100/100\n|turn|6\n|inactive|Time left: 300 sec this turn | 300 sec total\n|\n|t:|1783543265\n|switch|p1a: Grimmsnarl|Grimmsnarl, L83, M|293/293\n|move|p2a: Ariados|Sticky Web|p1a: Grimmsnarl\n|-sidestart|p1: p0x3157f10|move: Sticky Web\n|\n|upkeep\n|turn|7\n|inactive|Time left: 300 sec this turn | 300 sec total\n|\n|t:|1783543266\n|move|p1a: Grimmsnarl|Reflect|p1a: Grimmsnarl\n|-sidestart|p1: p0x3157f10|Reflect\n|move|p2a: Ariados|Poison Jab|p1a: Grimmsnarl\n|-supereffective|p1a: Grimmsnarl\n|-damage|p1a: Grimmsnarl|163/293\n|\n|-heal|p1a: Grimmsnarl|181/293|[from] Grassy Terrain\n|upkeep\n|turn|8\n|inactive|Time left: 300 sec this turn | 300 sec total\n|\n|t:|1783543267\n|move|p1a: Grimmsnarl|Spirit Break|p2a: Ariados\n|-resisted|p2a: Ariados\n|-damage|p2a: Ariados|85/100\n|-unboost|p2a: Ariados|spa|1\n|move|p2a: Ariados|Poison Jab|p1a: Grimmsnarl\n|-supereffective|p1a: Grimmsnarl\n|-damage|p1a: Grimmsnarl|60/293\n|-status|p1a: Grimmsnarl|psn\n|\n|-heal|p1a: Grimmsnarl|78/293 psn|[from] Grassy Terrain\n|-heal|p2a: Ariados|91/100|[from] Grassy Terrain\n|-damage|p1a: Grimmsnarl|42/293 psn|[from] psn\n|upkeep\n|turn|9\n|inactive|Time left: 300 sec this turn | 300 sec total\n|\n|t:|1783543268\n|switch|p2a: Wo-Chien|Wo-Chien, L83|100/100\n|-ability|p2a: Wo-Chien|Tablets of Ruin\n|move|p1a: Grimmsnarl|Light Screen|p1a: Grimmsnarl\n|-sidestart|p1: p0x3157f10|move: Light Screen\n|\n|-heal|p1a: Grimmsnarl|60/293 psn|[from] Grassy Terrain\n|-damage|p1a: Grimmsnarl|24/293 psn|[from] psn\n|-fieldend|move: Grassy Terrain\n|upkeep\n|turn|10\n|inactive|Time left: 300 sec this turn | 300 sec total\n|\n|t:|1783543270\n|move|p2a: Wo-Chien|Protect|p2a: Wo-Chien\n|-singleturn|p2a: Wo-Chien|Protect\n|move|p1a: Grimmsnarl|Spirit Break|p2a: Wo-Chien\n|-activate|p2a: Wo-Chien|move: Protect\n|\n|-damage|p1a: Grimmsnarl|0 fnt|[from] psn\n|faint|p1a: Grimmsnarl\n|upkeep\n|inactive|Time left: 300 sec this turn | 300 sec total | 5 sec grace\n|\n|t:|1783543271\n|switch|p1a: Rillaboom|Rillaboom, L79, F|288/288\n|-activate|p1a: Rillaboom|move: Sticky Web\n|-unboost|p1a: Rillaboom|spe|1\n|-fieldstart|move: Grassy Terrain|[from] ability: Grassy Surge|[of] p1a: Rillaboom\n|turn|11\n|inactive|Time left: 300 sec this turn | 300 sec total\n|\n|t:|1783543272\n|move|p2a: Wo-Chien|Knock Off|p1a: Rillaboom\n|-damage|p1a: Rillaboom|238/288\n|-enditem|p1a: Rillaboom|Choice Band|[from] move: Knock Off|[of] p2a: Wo-Chien\n|move|p1a: Rillaboom|U-turn|p2a: Wo-Chien\n|-supereffective|p2a: Wo-Chien\n|-damage|p2a: Wo-Chien|43/100\n|inactive|Time left: 300 sec this turn | 300 sec total | 5 sec grace\n|\n|t:|1783543273\n|switch|p1a: Gothitelle|Gothitelle, L90, M|272/272|[from] U-turn\n|-activate|p1a: Gothitelle|move: Sticky Web\n|-unboost|p1a: Gothitelle|spe|1\n|\n|-heal|p2a: Wo-Chien|49/100|[from] Grassy Terrain\n|-heal|p2a: Wo-Chien|55/100|[from] item: Leftovers\n|upkeep\n|turn|12\n|inactive|Time left: 300 sec this turn | 300 sec total\n|\n|t:|1783543274\n|switch|p1a: Rillaboom|Rillaboom, L79, F|238/288\n|-activate|p1a: Rillaboom|move: Sticky Web\n|-unboost|p1a: Rillaboom|spe|1\n|move|p2a: Wo-Chien|Knock Off|p1a: Rillaboom\n|-damage|p1a: Rillaboom|208/288\n|\n|-heal|p2a: Wo-Chien|61/100|[from] Grassy Terrain\n|-heal|p2a: Wo-Chien|67/100|[from] item: Leftovers\n|-heal|p1a: Rillaboom|226/288|[from] Grassy Terrain\n|upkeep\n|turn|13\n|inactive|Time left: 300 sec this turn | 300 sec total\n|\n|t:|1783543275\n|move|p2a: Wo-Chien|Protect|p2a: Wo-Chien\n|-singleturn|p2a: Wo-Chien|Protect\n|move|p1a: Rillaboom|Wood Hammer|p2a: Wo-Chien\n|-activate|p2a: Wo-Chien|move: Protect\n|\n|-heal|p2a: Wo-Chien|73/100|[from] Grassy Terrain\n|-heal|p2a: Wo-Chien|80/100|[from] item: Leftovers\n|-heal|p1a: Rillaboom|244/288|[from] Grassy Terrain\n|upkeep\n|turn|14\n|inactive|Time left: 300 sec this turn | 300 sec total\n|\n|t:|1783543276\n|switch|p2a: Ariados|Ariados, L95, M|91/100\n|move|p1a: Rillaboom|Knock Off|p2a: Ariados\n|-damage|p2a: Ariados|65/100\n|-enditem|p2a: Ariados|Heavy-Duty Boots|[from] move: Knock Off|[of] p1a: Rillaboom\n|\n|-heal|p2a: Ariados|71/100|[from] Grassy Terrain\n|-heal|p1a: Rillaboom|262/288|[from] Grassy Terrain\n|-sideend|p1: p0x3157f10|Reflect\n|upkeep\n|turn|15\n|inactive|Time left: 300 sec this turn | 300 sec total\n|\n|t:|1783543277\n|switch|p1a: Giratina|Giratina-Origin, L72|335/335\n|move|p2a: Ariados|Megahorn|p1a: Giratina\n|-resisted|p1a: Giratina\n|-damage|p1a: Giratina|258/335\n|\n|-heal|p2a: Ariados|77/100|[from] Grassy Terrain\n|-fieldend|move: Grassy Terrain\n|upkeep\n|turn|16\n|inactive|Time left: 300 sec this turn | 300 sec total\n|\n|t:|1783543279\n|switch|p2a: Wo-Chien|Wo-Chien, L83|80/100\n|-ability|p2a: Wo-Chien|Tablets of Ruin\n|move|p1a: Giratina|Defog|p2a: Wo-Chien\n|-unboost|p2a: Wo-Chien|evasion|1\n|-sideend|p1: p0x3157f10|Sticky Web|[from] move: Defog|[of] p1a: Giratina\n|\n|-heal|p2a: Wo-Chien|86/100|[from] item: Leftovers\n|-sideend|p1: p0x3157f10|move: Light Screen\n|upkeep\n|turn|17\n|inactive|Time left: 300 sec this turn | 300 sec total\n|\n|t:|1783543280\n|switch|p1a: Rillaboom|Rillaboom, L79, F|262/288\n|-fieldstart|move: Grassy Terrain|[from] ability: Grassy Surge|[of] p1a: Rillaboom\n|move|p2a: Wo-Chien|Knock Off|p1a: Rillaboom\n|-damage|p1a: Rillaboom|204/288\n|\n|-heal|p1a: Rillaboom|222/288|[from] Grassy Terrain\n|-heal|p2a: Wo-Chien|92/100|[from] Grassy Terrain\n|-heal|p2a: Wo-Chien|98/100|[from] item: Leftovers\n|upkeep\n|turn|18\n|inactive|Time left: 300 sec this turn | 300 sec total\n|\n|t:|1783543281\n|switch|p2a: Ariados|Ariados, L95, M|77/100\n|move|p1a: Rillaboom|Knock Off|p2a: Ariados\n|-damage|p2a: Ariados|60/100\n|\n|-heal|p1a: Rillaboom|240/288|[from] Grassy Terrain\n|-heal|p2a: Ariados|66/100|[from] Grassy Terrain\n|upkeep\n|turn|19\n|inactive|Time left: 300 sec this turn | 300 sec total\n|\n|t:|1783543282\n|move|p1a: Rillaboom|U-turn|p2a: Ariados\n|-resisted|p2a: Ariados\n|-damage|p2a: Ariados|56/100\n|inactive|Time left: 300 sec this turn | 300 sec total | 5 sec grace\n|\n|t:|1783543283\n|switch|p1a: Giratina|Giratina-Origin, L72|258/335|[from] U-turn\n|move|p2a: Ariados|Megahorn|p1a: Giratina\n|-resisted|p1a: Giratina\n|-damage|p1a: Giratina|180/335\n|\n|-heal|p2a: Ariados|62/100|[from] Grassy Terrain\n|upkeep\n|turn|20\n|inactive|Time left: 300 sec this turn | 300 sec total\n|\n|t:|1783543284\n|-terastallize|p1a: Giratina|Dragon\n|move|p1a: Giratina|Draco Meteor|p2a: Ariados\n|-damage|p2a: Ariados|0 fnt\n|-unboost|p1a: Giratina|spa|2\n|faint|p2a: Ariados\n|\n|upkeep\n|\n|t:|1783543285\n|switch|p2a: Golduck|Golduck, L90, F|100/100\n|-ability|p2a: Golduck|Cloud Nine\n|turn|21\n|inactive|Time left: 300 sec this turn | 300 sec total\n|\n|t:|1783543286\n|switch|p1a: Gothitelle|Gothitelle, L90, M|272/272\n|move|p2a: Golduck|Nasty Plot|p2a: Golduck\n|-boost|p2a: Golduck|spa|2\n|\n|-fieldend|move: Grassy Terrain\n|upkeep\n|turn|22\n|inactive|Time left: 300 sec this turn | 300 sec total\n|\n|t:|1783543287\n|move|p2a: Golduck|Ice Beam|p1a: Gothitelle\n|-damage|p1a: Gothitelle|157/272\n|move|p1a: Gothitelle|Calm Mind|p1a: Gothitelle\n|-boost|p1a: Gothitelle|spa|1\n|-boost|p1a: Gothitelle|spd|1\n|\n|-heal|p1a: Gothitelle|174/272|[from] item: Leftovers\n|upkeep\n|turn|23\n|inactive|Time left: 300 sec this turn | 300 sec total\n|\n|t:|1783543288\n|-terastallize|p2a: Golduck|Water\n|move|p2a: Golduck|Hydro Pump|p1a: Gothitelle|[miss]\n|-miss|p2a: Golduck|p1a: Gothitelle\n|move|p1a: Gothitelle|Thunderbolt|p2a: Golduck\n|-supereffective|p2a: Golduck\n|-damage|p2a: Golduck|25/100\n|\n|-heal|p2a: Golduck|32/100|[from] item: Leftovers\n|-heal|p1a: Gothitelle|191/272|[from] item: Leftovers\n|upkeep\n|turn|24\n|inactive|Time left: 300 sec this turn | 300 sec total\n|\n|t:|1783543289\n|move|p2a: Golduck|Hydro Pump|p1a: Gothitelle|[miss]\n|-miss|p2a: Golduck|p1a: Gothitelle\n|move|p1a: Gothitelle|Psychic Noise|p2a: Golduck\n|-damage|p2a: Golduck|0 fnt\n|faint|p2a: Golduck\n|\n|-heal|p1a: Gothitelle|208/272|[from] item: Leftovers\n|upkeep\n|\n|t:|1783543290\n|switch|p2a: Wo-Chien|Wo-Chien, L83|98/100\n|-ability|p2a: Wo-Chien|Tablets of Ruin\n|turn|25\n|inactive|Time left: 300 sec this turn | 300 sec total\n|\n|t:|1783543292\n|switch|p1a: Rillaboom|Rillaboom, L79, F|240/288\n|-fieldstart|move: Grassy Terrain|[from] ability: Grassy Surge|[of] p1a: Rillaboom\n|move|p2a: Wo-Chien|Knock Off|p1a: Rillaboom\n|-damage|p1a: Rillaboom|177/288\n|\n|-heal|p1a: Rillaboom|195/288|[from] Grassy Terrain\n|-heal|p2a: Wo-Chien|100/100|[from] Grassy Terrain\n|upkeep\n|turn|26\n|inactive|Time left: 300 sec this turn | 300 sec total\n|\n|t:|1783543293\n|move|p1a: Rillaboom|Knock Off|p2a: Wo-Chien\n|-resisted|p2a: Wo-Chien\n|-damage|p2a: Wo-Chien|91/100\n|-enditem|p2a: Wo-Chien|Leftovers|[from] move: Knock Off|[of] p1a: Rillaboom\n|move|p2a: Wo-Chien|Knock Off|p1a: Rillaboom\n|-damage|p1a: Rillaboom|129/288\n|\n|-heal|p1a: Rillaboom|147/288|[from] Grassy Terrain\n|-heal|p2a: Wo-Chien|98/100|[from] Grassy Terrain\n|upkeep\n|turn|27\n|inactive|Time left: 300 sec this turn | 300 sec total\n|\n|t:|1783543294\n|move|p1a: Rillaboom|Knock Off|p2a: Wo-Chien\n|-resisted|p2a: Wo-Chien\n|-damage|p2a: Wo-Chien|92/100\n|move|p2a: Wo-Chien|Knock Off|p1a: Rillaboom\n|-damage|p1a: Rillaboom|87/288\n|\n|-heal|p1a: Rillaboom|105/288|[from] Grassy Terrain\n|-heal|p2a: Wo-Chien|98/100|[from] Grassy Terrain\n|upkeep\n|turn|28\n|inactive|Time left: 300 sec this turn | 300 sec total\n|\n|t:|1783543295\n|move|p1a: Rillaboom|U-turn|p2a: Wo-Chien\n|-supereffective|p2a: Wo-Chien\n|-damage|p2a: Wo-Chien|42/100\n|inactive|Time left: 300 sec this turn | 300 sec total | 5 sec grace\n|\n|t:|1783543296\n|switch|p1a: Giratina|Giratina-Origin, L72, tera:Dragon|180/335|[from] U-turn\n|move|p2a: Wo-Chien|Knock Off|p1a: Giratina\n|-damage|p1a: Giratina|111/335\n|\n|-heal|p2a: Wo-Chien|48/100|[from] Grassy Terrain\n|upkeep\n|turn|29\n|inactive|Time left: 300 sec this turn | 300 sec total\n|\n|t:|1783543297\n|move|p1a: Giratina|Draco Meteor|p2a: Wo-Chien\n|-damage|p2a: Wo-Chien|0 fnt\n|-unboost|p1a: Giratina|spa|2\n|faint|p2a: Wo-Chien\n|\n|-fieldend|move: Grassy Terrain\n|upkeep\n|\n|t:|1783543298\n|switch|p2a: Feraligatr|Feraligatr, L79, M|100/100\n|turn|30\n|inactive|Time left: 300 sec this turn | 300 sec total\n|\n|t:|1783543300\n|move|p1a: Giratina|Poltergeist|p2a: Feraligatr\n|-activate|p2a: Feraligatr|move: Poltergeist|Life Orb\n|-damage|p2a: Feraligatr|56/100\n|move|p2a: Feraligatr|Dragon Dance|p2a: Feraligatr\n|-boost|p2a: Feraligatr|atk|1\n|-boost|p2a: Feraligatr|spe|1\n|\n|upkeep\n|turn|31\n|inactive|Time left: 300 sec this turn | 300 sec total\n|\n|t:|1783543301\n|move|p2a: Feraligatr|Dragon Dance|p2a: Feraligatr\n|-boost|p2a: Feraligatr|atk|1\n|-boost|p2a: Feraligatr|spe|1\n|move|p1a: Giratina|Poltergeist|p2a: Feraligatr\n|-activate|p2a: Feraligatr|move: Poltergeist|Life Orb\n|-damage|p2a: Feraligatr|15/100\n|\n|upkeep\n|turn|32\n|inactive|Time left: 300 sec this turn | 300 sec total\n|\n|t:|1783543302\n|move|p1a: Giratina|Shadow Sneak|p2a: Feraligatr\n|-damage|p2a: Feraligatr|0 fnt\n|faint|p2a: Feraligatr\n|\n|upkeep\n|\n|t:|1783543303\n|switch|p2a: Snorlax|Snorlax, L82, M|100/100\n|turn|33\n|inactive|Time left: 300 sec this turn | 300 sec total\n|\n|t:|1783543304\n|switch|p1a: Gothitelle|Gothitelle, L90, M|208/272\n|move|p2a: Snorlax|Curse|p2a: Snorlax\n|-unboost|p2a: Snorlax|spe|1\n|-boost|p2a: Snorlax|atk|1\n|-boost|p2a: Snorlax|def|1\n|\n|-heal|p1a: Gothitelle|225/272|[from] item: Leftovers\n|upkeep\n|turn|34\n|inactive|Time left: 300 sec this turn | 300 sec total\n|\n|t:|1783543305\n|move|p1a: Gothitelle|Dark Pulse|p2a: Snorlax\n|-damage|p2a: Snorlax|86/100\n|move|p2a: Snorlax|Body Slam|p1a: Gothitelle\n|-damage|p1a: Gothitelle|98/272\n|\n|-heal|p1a: Gothitelle|115/272|[from] item: Leftovers\n|-heal|p2a: Snorlax|92/100|[from] item: Leftovers\n|upkeep\n|turn|35\n|inactive|Time left: 300 sec this turn | 300 sec total\n|\n|t:|1783543307\n|move|p1a: Gothitelle|Dark Pulse|p2a: Snorlax\n|-damage|p2a: Snorlax|78/100\n|cant|p2a: Snorlax|flinch\n|\n|-heal|p1a: Gothitelle|132/272|[from] item: Leftovers\n|-heal|p2a: Snorlax|84/100|[from] item: Leftovers\n|upkeep\n|turn|36\n|inactive|Time left: 300 sec this turn | 300 sec total\n|\n|t:|1783543308\n|move|p1a: Gothitelle|Dark Pulse|p2a: Snorlax\n|-damage|p2a: Snorlax|71/100\n|move|p2a: Snorlax|Body Slam|p1a: Gothitelle\n|-damage|p1a: Gothitelle|14/272\n|\n|-heal|p1a: Gothitelle|31/272|[from] item: Leftovers\n|-heal|p2a: Snorlax|77/100|[from] item: Leftovers\n|upkeep\n|turn|37\n|inactive|Time left: 300 sec this turn | 300 sec total\n|\n|t:|1783543309\n|move|p1a: Gothitelle|Psychic Noise|p2a: Snorlax\n|-damage|p2a: Snorlax|57/100\n|-start|p2a: Snorlax|move: Heal Block\n|move|p2a: Snorlax|Body Slam|p1a: Gothitelle\n|-damage|p1a: Gothitelle|0 fnt\n|faint|p1a: Gothitelle\n|\n|upkeep\n|inactive|Time left: 300 sec this turn | 300 sec total | 5 sec grace\n|\n|t:|1783543310\n|switch|p1a: Rillaboom|Rillaboom, L79, F|105/288\n|-fieldstart|move: Grassy Terrain|[from] ability: Grassy Surge|[of] p1a: Rillaboom\n|turn|38\n|inactive|Time left: 300 sec this turn | 300 sec total\n|\n|t:|1783543311\n|move|p1a: Rillaboom|Wood Hammer|p2a: Snorlax\n|-damage|p2a: Snorlax|22/100\n|-damage|p1a: Rillaboom|59/288|[from] Recoil\n|move|p2a: Snorlax|Body Slam|p1a: Rillaboom\n|-damage|p1a: Rillaboom|0 fnt\n|faint|p1a: Rillaboom\n|\n|-end|p2a: Snorlax|move: Heal Block\n|upkeep\n|inactive|Time left: 300 sec this turn | 300 sec total | 5 sec grace\n|\n|t:|1783543312\n|switch|p1a: Giratina|Giratina-Origin, L72, tera:Dragon|111/335\n|turn|39\n|inactive|Time left: 300 sec this turn | 300 sec total\n|\n|t:|1783543313\n|move|p1a: Giratina|Draco Meteor|p2a: Snorlax\n|-damage|p2a: Snorlax|0 fnt\n|-unboost|p1a: Giratina|spa|2\n|faint|p2a: Snorlax\n|\n|win|p0x3157f10", "uploadtime": 1783543313, "views": 0, "rating": 0, "private": 0, "password": null, "_winner": "p0x3157f10", "_our_name": "p0x3157f10"}