{"id": "battle-gen9randombattle-43", "formatid": "gen9randombattle", "format": "[Gen 9] Random Battle", "players": ["p0x0439c70", "p0y043deeb"], "log": "|init|battle\n|title|p0x0439c70 vs. p0y043deeb\n|j|\u2606p0x0439c70\n|j|\u2606p0y043deeb\n|t:|1783534287\n|gametype|singles\n|player|p1|p0x0439c70|170|\n|player|p2|p0y043deeb|2|\n|gen|9\n|tier|[Gen 9] Random Battle\n|rule|Species Clause: Limit one of each Pok\u00e9mon\n|rule|HP Percentage Mod: HP is shown in percentages\n|rule|Sleep Clause Mod: Limit one foe put to sleep\n|rule|Illusion Level Mod: Illusion disguises the Pok\u00e9mon's true level\n|\n|t:|1783534287\n|teamsize|p1|6\n|teamsize|p2|6\n|start\n|switch|p1a: Falinks|Falinks, L84|246/246\n|switch|p2a: Blastoise|Blastoise, L80, F|100/100\n|turn|1\n|inactive|Battle timer is ON: inactive players will automatically lose when time's up. (requested by p0y043deeb)\n|inactive|Time left: 300 sec this turn | 300 sec total | 60 sec grace\n|inactive|p0x0439c70 also wants the timer to be on.\n|\n|t:|1783534289\n|move|p1a: Falinks|No Retreat|p1a: Falinks\n|-boost|p1a: Falinks|atk|1\n|-boost|p1a: Falinks|def|1\n|-boost|p1a: Falinks|spa|1\n|-boost|p1a: Falinks|spd|1\n|-boost|p1a: Falinks|spe|1\n|-start|p1a: Falinks|move: No Retreat\n|move|p2a: Blastoise|Shell Smash|p2a: Blastoise\n|-unboost|p2a: Blastoise|def|1\n|-unboost|p2a: Blastoise|spd|1\n|-boost|p2a: Blastoise|atk|2\n|-boost|p2a: Blastoise|spa|2\n|-boost|p2a: Blastoise|spe|2\n|-enditem|p2a: Blastoise|White Herb\n|-clearnegativeboost|p2a: Blastoise|[silent]\n|\n|upkeep\n|turn|2\n|inactive|Time left: 300 sec this turn | 300 sec total\n|\n|t:|1783534290\n|move|p2a: Blastoise|Hydro Pump|p1a: Falinks|[miss]\n|-miss|p2a: Blastoise|p1a: Falinks\n|move|p1a: Falinks|Close Combat|p2a: Blastoise\n|-damage|p2a: Blastoise|10/100\n|-unboost|p1a: Falinks|def|1\n|-unboost|p1a: Falinks|spd|1\n|-damage|p1a: Falinks|222/246|[from] item: Life Orb\n|\n|upkeep\n|turn|3\n|inactive|Time left: 300 sec this turn | 300 sec total\n|\n|t:|1783534290\n|move|p2a: Blastoise|Hydro Pump|p1a: Falinks\n|-damage|p1a: Falinks|0 fnt\n|faint|p1a: Falinks\n|\n|upkeep\n|inactive|Time left: 300 sec this turn | 300 sec total | 5 sec grace\n|\n|t:|1783534291\n|switch|p1a: Roaring Moon|Roaring Moon, L72|270/270\n|turn|4\n|inactive|Time left: 300 sec this turn | 300 sec total\n|\n|t:|1783534292\n|move|p2a: Blastoise|Ice Beam|p1a: Roaring Moon\n|-supereffective|p1a: Roaring Moon\n|-damage|p1a: Roaring Moon|60/270\n|move|p1a: Roaring Moon|Outrage|p2a: Blastoise\n|-damage|p2a: Blastoise|0 fnt\n|faint|p2a: Blastoise\n|\n|upkeep\n|\n|t:|1783534293\n|switch|p2a: Yanmega|Yanmega, L82, F|100/100\n|turn|5\n|inactive|Time left: 300 sec this turn | 300 sec total\n|\n|t:|1783534294\n|move|p2a: Yanmega|Protect|p2a: Yanmega\n|-singleturn|p2a: Yanmega|Protect\n|move|p1a: Roaring Moon|Outrage|p2a: Yanmega|[from] lockedmove\n|-activate|p2a: Yanmega|move: Protect\n|\n|-ability|p2a: Yanmega|Speed Boost|boost\n|-boost|p2a: Yanmega|spe|1\n|upkeep\n|turn|6\n|inactive|Time left: 300 sec this turn | 300 sec total\n|\n|t:|1783534295\n|move|p2a: Yanmega|Bug Buzz|p1a: Roaring Moon\n|-supereffective|p1a: Roaring Moon\n|-damage|p1a: Roaring Moon|0 fnt\n|faint|p1a: Roaring Moon\n|-end|p1a: Roaring Moon|Protosynthesis|[silent]\n|\n|-ability|p2a: Yanmega|Speed Boost|boost\n|-boost|p2a: Yanmega|spe|1\n|upkeep\n|inactive|Time left: 300 sec this turn | 300 sec total | 5 sec grace\n|\n|t:|1783534296\n|switch|p1a: Eelektross|Eelektross, L87, M|290/290\n|turn|7\n|inactive|Time left: 300 sec this turn | 300 sec total\n|\n|t:|1783534298\n|move|p2a: Yanmega|Protect|p2a: Yanmega\n|-singleturn|p2a: Yanmega|Protect\n|move|p1a: Eelektross|Supercell Slam|p2a: Yanmega\n|-activate|p2a: Yanmega|move: Protect\n|-damage|p1a: Eelektross|145/290|[from] supercellslam\n|\n|-heal|p1a: Eelektross|163/290|[from] item: Leftovers\n|-ability|p2a: Yanmega|Speed Boost|boost\n|-boost|p2a: Yanmega|spe|1\n|upkeep\n|turn|8\n|inactive|Time left: 300 sec this turn | 300 sec total\n|\n|t:|1783534299\n|move|p2a: Yanmega|Air Slash|p1a: Eelektross\n|-resisted|p1a: Eelektross\n|-damage|p1a: Eelektross|122/290\n|move|p1a: Eelektross|Supercell Slam|p2a: Yanmega\n|-supereffective|p2a: Yanmega\n|-damage|p2a: Yanmega|2/100\n|\n|-heal|p1a: Eelektross|140/290|[from] item: Leftovers\n|-ability|p2a: Yanmega|Speed Boost|boost\n|-boost|p2a: Yanmega|spe|1\n|upkeep\n|turn|9\n|inactive|Time left: 300 sec this turn | 300 sec total\n|\n|t:|1783534300\n|move|p2a: Yanmega|Air Slash|p1a: Eelektross|[miss]\n|-miss|p2a: Yanmega|p1a: Eelektross\n|move|p1a: Eelektross|Drain Punch|p2a: Yanmega\n|-resisted|p2a: Yanmega\n|-damage|p2a: Yanmega|0 fnt\n|-heal|p1a: Eelektross|143/290|[from] drain|[of] p2a: Yanmega\n|faint|p2a: Yanmega\n|\n|-heal|p1a: Eelektross|161/290|[from] item: Leftovers\n|upkeep\n|\n|t:|1783534301\n|switch|p2a: Pecharunt|Pecharunt, L77|100/100\n|turn|10\n|inactive|Time left: 300 sec this turn | 300 sec total\n|\n|t:|1783534302\n|move|p2a: Pecharunt|Malignant Chain|p1a: Eelektross\n|-damage|p1a: Eelektross|76/290\n|move|p1a: Eelektross|Knock Off|p2a: Pecharunt\n|-supereffective|p2a: Pecharunt\n|-damage|p2a: Pecharunt|56/100\n|-damage|p1a: Eelektross|28/290|[from] item: Rocky Helmet|[of] p2a: Pecharunt\n|-enditem|p2a: Pecharunt|Rocky Helmet|[from] move: Knock Off|[of] p1a: Eelektross\n|\n|-heal|p1a: Eelektross|46/290|[from] item: Leftovers\n|upkeep\n|turn|11\n|inactive|Time left: 300 sec this turn | 300 sec total\n|\n|t:|1783534303\n|switch|p1a: Whiscash|Whiscash, L88, M|337/337\n|move|p2a: Pecharunt|Malignant Chain|p1a: Whiscash\n|-resisted|p1a: Whiscash\n|-damage|p1a: Whiscash|294/337\n|\n|-heal|p1a: Whiscash|315/337|[from] item: Leftovers\n|upkeep\n|turn|12\n|inactive|Time left: 300 sec this turn | 300 sec total\n|\n|t:|1783534304\n|move|p2a: Pecharunt|Parting Shot|p1a: Whiscash\n|-unboost|p1a: Whiscash|atk|1\n|-unboost|p1a: Whiscash|spa|1\n|\n|t:|1783534305\n|switch|p2a: Houndstone|Houndstone, L86, M|100/100|[from] Parting Shot\n|move|p1a: Whiscash|Hydro Pump|p2a: Houndstone|[miss]\n|-miss|p1a: Whiscash|p2a: Houndstone\n|\n|-heal|p1a: Whiscash|336/337|[from] item: Leftovers\n|upkeep\n|turn|13\n|inactive|Time left: 300 sec this turn | 300 sec total\n|\n|t:|1783534306\n|switch|p1a: Eelektross|Eelektross, L87, M|46/290\n|move|p2a: Houndstone|Poltergeist|p1a: Eelektross\n|-activate|p1a: Eelektross|move: Poltergeist|Leftovers\n|-damage|p1a: Eelektross|0 fnt\n|faint|p1a: Eelektross\n|\n|upkeep\n|inactive|Time left: 300 sec this turn | 300 sec total | 5 sec grace\n|\n|t:|1783534307\n|switch|p1a: Ogerpon|Ogerpon-Hearthflame, L74, F|239/239\n|-ability|p1a: Ogerpon|Mold Breaker\n|turn|14\n|inactive|Time left: 300 sec this turn | 300 sec total\n|\n|t:|1783534308\n|move|p1a: Ogerpon|Swords Dance|p1a: Ogerpon\n|-boost|p1a: Ogerpon|atk|2\n|move|p2a: Houndstone|Poltergeist|p1a: Ogerpon\n|-activate|p1a: Ogerpon|move: Poltergeist|Hearthflame Mask\n|-damage|p1a: Ogerpon|89/239\n|\n|upkeep\n|turn|15\n|inactive|Time left: 300 sec this turn | 300 sec total\n|\n|t:|1783534309\n|move|p1a: Ogerpon|Horn Leech|p2a: Houndstone\n|-damage|p2a: Houndstone|45/100\n|-heal|p1a: Ogerpon|163/239|[from] drain|[of] p2a: Houndstone\n|move|p2a: Houndstone|Poltergeist|p1a: Ogerpon\n|-activate|p1a: Ogerpon|move: Poltergeist|Hearthflame Mask\n|-damage|p1a: Ogerpon|16/239\n|\n|-heal|p2a: Houndstone|51/100|[from] item: Leftovers\n|upkeep\n|turn|16\n|inactive|Time left: 300 sec this turn | 300 sec total\n|\n|t:|1783534310\n|switch|p2a: Tentacruel|Tentacruel, L84, F|100/100\n|move|p1a: Ogerpon|Horn Leech|p2a: Tentacruel\n|-damage|p2a: Tentacruel|23/100\n|-damage|p1a: Ogerpon|0 fnt|[from] ability: Liquid Ooze|[of] p2a: Tentacruel\n|faint|p1a: Ogerpon\n|\n|-heal|p2a: Tentacruel|29/100|[from] item: Leftovers\n|upkeep\n|inactive|Time left: 300 sec this turn | 300 sec total | 5 sec grace\n|\n|t:|1783534311\n|switch|p1a: Whiscash|Whiscash, L88, M|336/337\n|turn|17\n|inactive|Time left: 300 sec this turn | 300 sec total\n|\n|t:|1783534312\n|move|p2a: Tentacruel|Toxic|p1a: Whiscash\n|-status|p1a: Whiscash|tox\n|move|p1a: Whiscash|Earthquake|p2a: Tentacruel\n|-supereffective|p2a: Tentacruel\n|-damage|p2a: Tentacruel|0 fnt\n|faint|p2a: Tentacruel\n|\n|-heal|p1a: Whiscash|337/337 tox|[from] item: Leftovers\n|-damage|p1a: Whiscash|316/337 tox|[from] psn\n|upkeep\n|\n|t:|1783534313\n|switch|p2a: Pecharunt|Pecharunt, L77|56/100\n|turn|18\n|inactive|Time left: 300 sec this turn | 300 sec total\n|\n|t:|1783534313\n|move|p2a: Pecharunt|Parting Shot|p1a: Whiscash\n|-unboost|p1a: Whiscash|atk|1\n|-unboost|p1a: Whiscash|spa|1\n|\n|t:|1783534314\n|switch|p2a: Houndstone|Houndstone, L86, M|51/100|[from] Parting Shot\n|move|p1a: Whiscash|Earthquake|p2a: Houndstone\n|-damage|p2a: Houndstone|30/100\n|\n|-heal|p2a: Houndstone|36/100|[from] item: Leftovers\n|-heal|p1a: Whiscash|337/337 tox|[from] item: Leftovers\n|-damage|p1a: Whiscash|295/337 tox|[from] psn\n|upkeep\n|turn|19\n|inactive|Time left: 300 sec this turn | 300 sec total\n|\n|t:|1783534315\n|switch|p1a: Talonflame|Talonflame, L83, M|265/265\n|move|p2a: Houndstone|Poltergeist|p1a: Talonflame|[miss]\n|-miss|p2a: Houndstone|p1a: Talonflame\n|\n|-heal|p2a: Houndstone|42/100|[from] item: Leftovers\n|upkeep\n|turn|20\n|inactive|Time left: 300 sec this turn | 300 sec total\n|\n|t:|1783534316\n|move|p1a: Talonflame|Overheat|p2a: Houndstone\n|-damage|p2a: Houndstone|0 fnt\n|-unboost|p1a: Talonflame|spa|2\n|faint|p2a: Houndstone\n|\n|upkeep\n|\n|t:|1783534317\n|switch|p2a: Pecharunt|Pecharunt, L77|56/100\n|turn|21\n|inactive|Time left: 300 sec this turn | 300 sec total\n|\n|t:|1783534318\n|switch|p1a: Whiscash|Whiscash, L88, M|295/337 tox\n|move|p2a: Pecharunt|Recover|p2a: Pecharunt\n|-heal|p2a: Pecharunt|100/100\n|\n|-heal|p1a: Whiscash|316/337 tox|[from] item: Leftovers\n|-damage|p1a: Whiscash|295/337 tox|[from] psn\n|upkeep\n|turn|22\n|inactive|Time left: 300 sec this turn | 300 sec total\n|\n|t:|1783534319\n|move|p2a: Pecharunt|Parting Shot|p1a: Whiscash\n|-unboost|p1a: Whiscash|atk|1\n|-unboost|p1a: Whiscash|spa|1\n|\n|t:|1783534320\n|switch|p2a: Grimmsnarl|Grimmsnarl, L83, M|100/100|[from] Parting Shot\n|move|p1a: Whiscash|Hydro Pump|p2a: Grimmsnarl\n|-damage|p2a: Grimmsnarl|75/100\n|\n|-heal|p1a: Whiscash|316/337 tox|[from] item: Leftovers\n|-heal|p2a: Grimmsnarl|81/100|[from] item: Leftovers\n|-damage|p1a: Whiscash|274/337 tox|[from] psn\n|upkeep\n|turn|23\n|inactive|Time left: 300 sec this turn | 300 sec total\n|\n|t:|1783534321\n|switch|p1a: Talonflame|Talonflame, L83, M|265/265\n|switch|p2a: Pecharunt|Pecharunt, L77|100/100\n|\n|upkeep\n|turn|24\n|inactive|Time left: 300 sec this turn | 300 sec total\n|\n|t:|1783534322\n|switch|p1a: Whiscash|Whiscash, L88, M|274/337 tox\n|move|p2a: Pecharunt|Malignant Chain|p1a: Whiscash\n|-resisted|p1a: Whiscash\n|-damage|p1a: Whiscash|228/337 tox\n|\n|-heal|p1a: Whiscash|249/337 tox|[from] item: Leftovers\n|-damage|p1a: Whiscash|228/337 tox|[from] psn\n|upkeep\n|turn|25\n|inactive|Time left: 300 sec this turn | 300 sec total\n|\n|t:|1783534323\n|move|p2a: Pecharunt|Parting Shot|p1a: Whiscash\n|-unboost|p1a: Whiscash|atk|1\n|-unboost|p1a: Whiscash|spa|1\n|\n|t:|1783534323\n|switch|p2a: Grimmsnarl|Grimmsnarl, L83, M|81/100|[from] Parting Shot\n|move|p1a: Whiscash|Earthquake|p2a: Grimmsnarl\n|-damage|p2a: Grimmsnarl|53/100\n|\n|-heal|p1a: Whiscash|249/337 tox|[from] item: Leftovers\n|-heal|p2a: Grimmsnarl|59/100|[from] item: Leftovers\n|-damage|p1a: Whiscash|207/337 tox|[from] psn\n|upkeep\n|turn|26\n|inactive|Time left: 300 sec this turn | 300 sec total\n|\n|t:|1783534324\n|move|p1a: Whiscash|Earthquake|p2a: Grimmsnarl\n|-damage|p2a: Grimmsnarl|29/100\n|move|p2a: Grimmsnarl|Spirit Break|p1a: Whiscash\n|-damage|p1a: Whiscash|105/337 tox\n|-unboost|p1a: Whiscash|spa|1\n|\n|-heal|p1a: Whiscash|126/337 tox|[from] item: Leftovers\n|-heal|p2a: Grimmsnarl|35/100|[from] item: Leftovers\n|-damage|p1a: Whiscash|63/337 tox|[from] psn\n|upkeep\n|turn|27\n|inactive|Time left: 300 sec this turn | 300 sec total\n|\n|t:|1783534326\n|switch|p2a: Pecharunt|Pecharunt, L77|100/100\n|move|p1a: Whiscash|Stealth Rock|p2a: Pecharunt\n|-sidestart|p2: p0y043deeb|move: Stealth Rock\n|\n|-heal|p1a: Whiscash|84/337 tox|[from] item: Leftovers\n|-damage|p1a: Whiscash|0 fnt|[from] psn\n|faint|p1a: Whiscash\n|upkeep\n|inactive|Time left: 300 sec this turn | 300 sec total | 5 sec grace\n|\n|t:|1783534327\n|switch|p1a: Talonflame|Talonflame, L83, M|265/265\n|turn|28\n|inactive|Time left: 300 sec this turn | 300 sec total\n|\n|t:|1783534328\n|move|p1a: Talonflame|Brave Bird|p2a: Pecharunt\n|-damage|p2a: Pecharunt|71/100\n|-damage|p1a: Talonflame|239/265|[from] Recoil\n|move|p2a: Pecharunt|Malignant Chain|p1a: Talonflame\n|-damage|p1a: Talonflame|134/265\n|\n|upkeep\n|turn|29\n|inactive|Time left: 300 sec this turn | 300 sec total\n|\n|t:|1783534329\n|move|p1a: Talonflame|Roost|p1a: Talonflame\n|-heal|p1a: Talonflame|265/265\n|-singleturn|p1a: Talonflame|move: Roost\n|move|p2a: Pecharunt|Malignant Chain|p1a: Talonflame\n|-damage|p1a: Talonflame|160/265\n|\n|upkeep\n|turn|30\n|inactive|Time left: 300 sec this turn | 300 sec total\n|\n|t:|1783534330\n|move|p1a: Talonflame|Roost|p1a: Talonflame\n|-heal|p1a: Talonflame|265/265\n|-singleturn|p1a: Talonflame|move: Roost\n|move|p2a: Pecharunt|Malignant Chain|p1a: Talonflame\n|-damage|p1a: Talonflame|156/265\n|\n|upkeep\n|turn|31\n|inactive|Time left: 300 sec this turn | 300 sec total\n|\n|t:|1783534331\n|move|p1a: Talonflame|Roost|p1a: Talonflame\n|-heal|p1a: Talonflame|265/265\n|-singleturn|p1a: Talonflame|move: Roost\n|move|p2a: Pecharunt|Malignant Chain|p1a: Talonflame\n|-damage|p1a: Talonflame|166/265\n|\n|upkeep\n|turn|32\n|inactive|Time left: 300 sec this turn | 300 sec total\n|\n|t:|1783534332\n|move|p1a: Talonflame|Roost|p1a: Talonflame\n|-heal|p1a: Talonflame|265/265\n|-singleturn|p1a: Talonflame|move: Roost\n|move|p2a: Pecharunt|Malignant Chain|p1a: Talonflame\n|-damage|p1a: Talonflame|160/265\n|\n|upkeep\n|turn|33\n|inactive|Time left: 300 sec this turn | 300 sec total\n|\n|t:|1783534333\n|move|p1a: Talonflame|Roost|p1a: Talonflame\n|-heal|p1a: Talonflame|265/265\n|-singleturn|p1a: Talonflame|move: Roost\n|move|p2a: Pecharunt|Recover|p2a: Pecharunt\n|-heal|p2a: Pecharunt|100/100\n|\n|upkeep\n|turn|34\n|inactive|Time left: 300 sec this turn | 300 sec total\n|\n|t:|1783534334\n|move|p1a: Talonflame|Brave Bird|p2a: Pecharunt\n|-damage|p2a: Pecharunt|71/100\n|-damage|p1a: Talonflame|240/265|[from] Recoil\n|move|p2a: Pecharunt|Shadow Ball|p1a: Talonflame\n|-damage|p1a: Talonflame|162/265\n|\n|upkeep\n|turn|35\n|inactive|Time left: 300 sec this turn | 300 sec total\n|\n|t:|1783534335\n|move|p1a: Talonflame|Roost|p1a: Talonflame\n|-heal|p1a: Talonflame|265/265\n|-singleturn|p1a: Talonflame|move: Roost\n|move|p2a: Pecharunt|Recover|p2a: Pecharunt\n|-heal|p2a: Pecharunt|100/100\n|\n|upkeep\n|turn|36\n|inactive|Time left: 300 sec this turn | 300 sec total\n|\n|t:|1783534336\n|move|p1a: Talonflame|Brave Bird|p2a: Pecharunt\n|-damage|p2a: Pecharunt|75/100\n|-damage|p1a: Talonflame|243/265|[from] Recoil\n|move|p2a: Pecharunt|Shadow Ball|p1a: Talonflame\n|-damage|p1a: Talonflame|161/265\n|-unboost|p1a: Talonflame|spd|1\n|\n|upkeep\n|turn|37\n|inactive|Time left: 300 sec this turn | 300 sec total\n|\n|t:|1783534337\n|move|p1a: Talonflame|Roost|p1a: Talonflame\n|-heal|p1a: Talonflame|265/265\n|-singleturn|p1a: Talonflame|move: Roost\n|move|p2a: Pecharunt|Shadow Ball|p1a: Talonflame\n|-damage|p1a: Talonflame|147/265\n|\n|upkeep\n|turn|38\n|inactive|Time left: 300 sec this turn | 300 sec total\n|\n|t:|1783534337\n|move|p1a: Talonflame|Roost|p1a: Talonflame\n|-heal|p1a: Talonflame|265/265\n|-singleturn|p1a: Talonflame|move: Roost\n|move|p2a: Pecharunt|Shadow Ball|p1a: Talonflame\n|-damage|p1a: Talonflame|151/265\n|\n|upkeep\n|turn|39\n|inactive|Time left: 300 sec this turn | 300 sec total\n|\n|t:|1783534338\n|-terastallize|p2a: Pecharunt|Dark\n|move|p1a: Talonflame|Overheat|p2a: Pecharunt\n|-damage|p2a: Pecharunt|25/100\n|-unboost|p1a: Talonflame|spa|2\n|move|p2a: Pecharunt|Shadow Ball|p1a: Talonflame\n|-damage|p1a: Talonflame|27/265\n|\n|upkeep\n|turn|40\n|inactive|Time left: 300 sec this turn | 300 sec total\n|\n|t:|1783534339\n|-terastallize|p1a: Talonflame|Ground\n|move|p1a: Talonflame|Brave Bird|p2a: Pecharunt\n|-damage|p2a: Pecharunt|0 fnt\n|faint|p2a: Pecharunt\n|-damage|p1a: Talonflame|6/265|[from] Recoil\n|\n|upkeep\n|\n|t:|1783534340\n|switch|p2a: Grimmsnarl|Grimmsnarl, L83, M|35/100\n|-damage|p2a: Grimmsnarl|23/100|[from] Stealth Rock\n|turn|41\n|inactive|Time left: 300 sec this turn | 300 sec total\n|\n|t:|1783534341\n|move|p2a: Grimmsnarl|Sucker Punch|p1a: Talonflame\n|-damage|p1a: Talonflame|0 fnt\n|faint|p1a: Talonflame\n|\n|win|p0y043deeb", "uploadtime": 1783534341, "views": 0, "rating": 0, "private": 0, "password": null, "_winner": "p0y043deeb", "_our_name": "p0x0439c70"}