{"id": "battle-gen9randombattle-983", "formatid": "gen9randombattle", "format": "[Gen 9] Random Battle", "players": ["p0x983cb0d", "p0y983dfff"], "log": "|init|battle\n|title|p0x983cb0d vs. p0y983dfff\n|j|\u2606p0x983cb0d\n|j|\u2606p0y983dfff\n|t:|1783550545\n|gametype|singles\n|player|p1|p0x983cb0d|169|\n|player|p2|p0y983dfff|266|\n|gen|9\n|tier|[Gen 9] Random Battle\n|rule|Species Clause: Limit one of each Pok\u00e9mon\n|rule|HP Percentage Mod: HP is shown in percentages\n|rule|Sleep Clause Mod: Limit one foe put to sleep\n|rule|Illusion Level Mod: Illusion disguises the Pok\u00e9mon's true level\n|\n|t:|1783550545\n|teamsize|p1|6\n|teamsize|p2|6\n|start\n|switch|p1a: Goodra|Goodra-Hisui, L82, F|100/100\n|switch|p2a: Chi-Yu|Chi-Yu, L77|211/211\n|-ability|p2a: Chi-Yu|Beads of Ruin\n|turn|1\n|inactive|Battle timer is ON: inactive players will automatically lose when time's up. (requested by p0x983cb0d)\n|inactive|Time left: 300 sec this turn | 300 sec total | 60 sec grace\n|inactive|p0y983dfff also wants the timer to be on.\n|\n|t:|1783550547\n|move|p2a: Chi-Yu|Dark Pulse|p1a: Goodra\n|-damage|p1a: Goodra|80/100\n|cant|p1a: Goodra|flinch\n|\n|upkeep\n|turn|2\n|inactive|Time left: 300 sec this turn | 300 sec total\n|\n|t:|1783550548\n|move|p2a: Chi-Yu|Fire Blast|p1a: Goodra\n|-damage|p1a: Goodra|51/100\n|-status|p1a: Goodra|brn\n|move|p1a: Goodra|Hydro Pump|p2a: Chi-Yu|[miss]\n|-miss|p1a: Goodra|p2a: Chi-Yu\n|\n|-damage|p1a: Goodra|45/100 brn|[from] brn\n|upkeep\n|turn|3\n|inactive|Time left: 300 sec this turn | 300 sec total\n|\n|t:|1783550549\n|switch|p1a: Blaziken|Blaziken, L76, M|100/100\n|move|p2a: Chi-Yu|Dark Pulse|p1a: Blaziken\n|-resisted|p1a: Blaziken\n|-damage|p1a: Blaziken|67/100\n|\n|upkeep\n|turn|4\n|inactive|Time left: 300 sec this turn | 300 sec total\n|\n|t:|1783550551\n|move|p2a: Chi-Yu|Psychic|p1a: Blaziken\n|-supereffective|p1a: Blaziken\n|-damage|p1a: Blaziken|0 fnt\n|faint|p1a: Blaziken\n|\n|upkeep\n|\n|t:|1783550552\n|switch|p1a: Ursaluna|Ursaluna-Bloodmoon, L79, M|100/100\n|turn|5\n|inactive|Time left: 300 sec this turn | 300 sec total\n|\n|t:|1783550553\n|move|p2a: Chi-Yu|Dark Pulse|p1a: Ursaluna\n|-damage|p1a: Ursaluna|46/100\n|move|p1a: Ursaluna|Earth Power|p2a: Chi-Yu\n|-supereffective|p2a: Chi-Yu\n|-damage|p2a: Chi-Yu|25/211\n|\n|-heal|p1a: Ursaluna|52/100|[from] item: Leftovers\n|upkeep\n|turn|6\n|inactive|Time left: 300 sec this turn | 300 sec total\n|\n|t:|1783550554\n|switch|p1a: Typhlosion|Typhlosion, L84, M|100/100\n|move|p2a: Chi-Yu|Fire Blast|p1a: Typhlosion\n|-resisted|p1a: Typhlosion\n|-damage|p1a: Typhlosion|69/100\n|\n|upkeep\n|turn|7\n|inactive|Time left: 300 sec this turn | 300 sec total\n|\n|t:|1783550555\n|switch|p2a: Whiscash|Whiscash, L88, M|337/337\n|move|p1a: Typhlosion|Eruption|p2a: Whiscash\n|-resisted|p2a: Whiscash\n|-damage|p2a: Whiscash|269/337\n|\n|upkeep\n|turn|8\n|inactive|Time left: 300 sec this turn | 300 sec total\n|\n|t:|1783550557\n|move|p1a: Typhlosion|Eruption|p2a: Whiscash\n|-resisted|p2a: Whiscash\n|-damage|p2a: Whiscash|199/337\n|move|p2a: Whiscash|Dragon Dance|p2a: Whiscash\n|-boost|p2a: Whiscash|atk|1\n|-boost|p2a: Whiscash|spe|1\n|\n|upkeep\n|turn|9\n|inactive|Time left: 300 sec this turn | 300 sec total\n|\n|t:|1783550558\n|switch|p1a: Exeggutor|Exeggutor, L89, F|100/100\n|move|p2a: Whiscash|Earthquake|p1a: Exeggutor\n|-resisted|p1a: Exeggutor\n|-damage|p1a: Exeggutor|70/100\n|-damage|p2a: Whiscash|166/337|[from] item: Life Orb\n|\n|upkeep\n|turn|10\n|inactive|Time left: 300 sec this turn | 300 sec total\n|\n|t:|1783550559\n|move|p2a: Whiscash|Dragon Dance|p2a: Whiscash\n|-boost|p2a: Whiscash|atk|1\n|-boost|p2a: Whiscash|spe|1\n|move|p1a: Exeggutor|Leech Seed|p2a: Whiscash\n|-start|p2a: Whiscash|move: Leech Seed\n|\n|-damage|p2a: Whiscash|124/337|[from] Leech Seed|[of] p1a: Exeggutor\n|-heal|p1a: Exeggutor|84/100|[silent]\n|upkeep\n|turn|11\n|inactive|Time left: 300 sec this turn | 300 sec total\n|\n|t:|1783550560\n|move|p2a: Whiscash|Earthquake|p1a: Exeggutor\n|-resisted|p1a: Exeggutor\n|-damage|p1a: Exeggutor|46/100\n|-enditem|p1a: Exeggutor|Sitrus Berry|[eat]\n|-heal|p1a: Exeggutor|71/100|[from] item: Sitrus Berry\n|-damage|p2a: Whiscash|91/337|[from] item: Life Orb\n|move|p1a: Exeggutor|Psychic Noise|p2a: Whiscash\n|-damage|p2a: Whiscash|0 fnt\n|faint|p2a: Whiscash\n|\n|-item|p1a: Exeggutor|Sitrus Berry|[from] ability: Harvest\n|upkeep\n|inactive|Time left: 300 sec this turn | 300 sec total | 5 sec grace\n|\n|t:|1783550561\n|switch|p2a: Chi-Yu|Chi-Yu, L77|25/211\n|-ability|p2a: Chi-Yu|Beads of Ruin\n|turn|12\n|inactive|Time left: 300 sec this turn | 300 sec total\n|\n|t:|1783550562\n|switch|p1a: Typhlosion|Typhlosion, L84, M|69/100\n|move|p2a: Chi-Yu|Dark Pulse|p1a: Typhlosion\n|-damage|p1a: Typhlosion|17/100\n|\n|upkeep\n|turn|13\n|inactive|Time left: 300 sec this turn | 300 sec total\n|\n|t:|1783550563\n|move|p1a: Typhlosion|Fire Blast|p2a: Chi-Yu\n|-resisted|p2a: Chi-Yu\n|-crit|p2a: Chi-Yu\n|-damage|p2a: Chi-Yu|0 fnt\n|faint|p2a: Chi-Yu\n|\n|upkeep\n|inactive|Time left: 300 sec this turn | 300 sec total | 5 sec grace\n|\n|t:|1783550564\n|switch|p2a: Haxorus|Haxorus, L77, M|244/244\n|-ability|p2a: Haxorus|Mold Breaker\n|turn|14\n|inactive|Time left: 300 sec this turn | 300 sec total\n|\n|t:|1783550565\n|move|p1a: Typhlosion|Fire Blast|p2a: Haxorus\n|-resisted|p2a: Haxorus\n|-damage|p2a: Haxorus|132/244\n|move|p2a: Haxorus|Dragon Dance|p2a: Haxorus\n|-boost|p2a: Haxorus|atk|1\n|-boost|p2a: Haxorus|spe|1\n|\n|upkeep\n|turn|15\n|inactive|Time left: 300 sec this turn | 300 sec total\n|\n|t:|1783550566\n|-terastallize|p1a: Typhlosion|Fire\n|move|p1a: Typhlosion|Fire Blast|p2a: Haxorus\n|-resisted|p2a: Haxorus\n|-damage|p2a: Haxorus|0 fnt\n|faint|p2a: Haxorus\n|\n|upkeep\n|inactive|Time left: 300 sec this turn | 300 sec total | 5 sec grace\n|\n|t:|1783550567\n|switch|p2a: Magmortar|Magmortar, L88, M|275/275\n|turn|16\n|inactive|Time left: 300 sec this turn | 300 sec total\n|\n|t:|1783550568\n|move|p1a: Typhlosion|Fire Blast|p2a: Magmortar\n|-resisted|p2a: Magmortar\n|-damage|p2a: Magmortar|169/275\n|move|p2a: Magmortar|Thunderbolt|p1a: Typhlosion\n|-damage|p1a: Typhlosion|0 fnt\n|faint|p1a: Typhlosion\n|\n|upkeep\n|\n|t:|1783550569\n|switch|p1a: Smeargle|Smeargle, L95, F|100/100\n|turn|17\n|inactive|Time left: 300 sec this turn | 300 sec total\n|\n|t:|1783550570\n|move|p2a: Magmortar|Focus Blast|p1a: Smeargle|[miss]\n|-miss|p2a: Magmortar|p1a: Smeargle\n|move|p1a: Smeargle|Population Bomb|p2a: Magmortar\n|-damage|p2a: Magmortar|150/275\n|-damage|p2a: Magmortar|129/275\n|-damage|p2a: Magmortar|111/275\n|-damage|p2a: Magmortar|89/275\n|-status|p1a: Smeargle|brn|[from] ability: Flame Body|[of] p2a: Magmortar\n|-crit|p2a: Magmortar\n|-damage|p2a: Magmortar|73/275\n|-damage|p2a: Magmortar|63/275\n|-damage|p2a: Magmortar|54/275\n|-damage|p2a: Magmortar|45/275\n|-damage|p2a: Magmortar|36/275\n|-damage|p2a: Magmortar|26/275\n|-hitcount|p2a: Magmortar|10\n|\n|-damage|p1a: Smeargle|94/100 brn|[from] brn\n|upkeep\n|turn|18\n|inactive|Time left: 300 sec this turn | 300 sec total\n|\n|t:|1783550571\n|move|p2a: Magmortar|Focus Blast|p1a: Smeargle\n|-supereffective|p1a: Smeargle\n|-damage|p1a: Smeargle|0 fnt\n|faint|p1a: Smeargle\n|\n|upkeep\n|\n|t:|1783550572\n|switch|p1a: Goodra|Goodra-Hisui, L82, F|45/100 brn\n|turn|19\n|inactive|Time left: 300 sec this turn | 300 sec total\n|\n|t:|1783550573\n|move|p2a: Magmortar|Fire Blast|p1a: Goodra\n|-damage|p1a: Goodra|16/100 brn\n|move|p1a: Goodra|Heavy Slam|p2a: Magmortar\n|-resisted|p2a: Magmortar\n|-damage|p2a: Magmortar|0 fnt\n|faint|p2a: Magmortar\n|\n|-damage|p1a: Goodra|10/100 brn|[from] brn\n|upkeep\n|inactive|Time left: 300 sec this turn | 300 sec total | 5 sec grace\n|\n|t:|1783550574\n|switch|p2a: Greedent|Greedent, L86, M|347/347\n|turn|20\n|inactive|Time left: 300 sec this turn | 300 sec total\n|\n|t:|1783550575\n|move|p1a: Goodra|Draco Meteor|p2a: Greedent\n|-damage|p2a: Greedent|194/347\n|-unboost|p1a: Goodra|spa|2\n|move|p2a: Greedent|Swords Dance|p2a: Greedent\n|-boost|p2a: Greedent|atk|2\n|\n|-damage|p1a: Goodra|4/100 brn|[from] brn\n|upkeep\n|turn|21\n|inactive|Time left: 300 sec this turn | 300 sec total\n|\n|t:|1783550576\n|move|p1a: Goodra|Draco Meteor|p2a: Greedent\n|-damage|p2a: Greedent|121/347\n|-unboost|p1a: Goodra|spa|2\n|-enditem|p2a: Greedent|Sitrus Berry|[eat]\n|-heal|p2a: Greedent|207/347|[from] item: Sitrus Berry\n|-heal|p2a: Greedent|322/347|[from] ability: Cheek Pouch\n|move|p2a: Greedent|Swords Dance|p2a: Greedent\n|-boost|p2a: Greedent|atk|2\n|\n|-damage|p1a: Goodra|0 fnt|[from] brn\n|faint|p1a: Goodra\n|upkeep\n|\n|t:|1783550577\n|switch|p1a: Exeggutor|Exeggutor, L89, F|71/100\n|turn|22\n|inactive|Time left: 300 sec this turn | 300 sec total\n|\n|t:|1783550578\n|move|p1a: Exeggutor|Sleep Powder|p2a: Greedent\n|-status|p2a: Greedent|slp|[from] move: Sleep Powder\n|cant|p2a: Greedent|slp\n|\n|upkeep\n|turn|23\n|inactive|Time left: 300 sec this turn | 300 sec total\n|\n|t:|1783550579\n|move|p1a: Exeggutor|Substitute|p1a: Exeggutor\n|-start|p1a: Exeggutor|Substitute\n|-damage|p1a: Exeggutor|46/100\n|-enditem|p1a: Exeggutor|Sitrus Berry|[eat]\n|-heal|p1a: Exeggutor|71/100|[from] item: Sitrus Berry\n|cant|p2a: Greedent|slp\n|\n|upkeep\n|turn|24\n|inactive|Time left: 300 sec this turn | 300 sec total\n|\n|t:|1783550580\n|move|p1a: Exeggutor|Leech Seed|p2a: Greedent\n|-start|p2a: Greedent|move: Leech Seed\n|-curestatus|p2a: Greedent|slp|[msg]\n|move|p2a: Greedent|Knock Off|p1a: Exeggutor\n|-supereffective|p1a: Exeggutor\n|-end|p1a: Exeggutor|Substitute\n|\n|-damage|p2a: Greedent|279/347|[from] Leech Seed|[of] p1a: Exeggutor\n|-heal|p1a: Exeggutor|85/100|[silent]\n|upkeep\n|turn|25\n|inactive|Time left: 300 sec this turn | 300 sec total\n|\n|t:|1783550581\n|move|p1a: Exeggutor|Sleep Powder|p2a: Greedent\n|-status|p2a: Greedent|slp|[from] move: Sleep Powder\n|cant|p2a: Greedent|slp\n|\n|-damage|p2a: Greedent|236/347 slp|[from] Leech Seed|[of] p1a: Exeggutor\n|-heal|p1a: Exeggutor|99/100|[silent]\n|-item|p1a: Exeggutor|Sitrus Berry|[from] ability: Harvest\n|upkeep\n|turn|26\n|inactive|Time left: 300 sec this turn | 300 sec total\n|\n|t:|1783550582\n|move|p1a: Exeggutor|Psychic Noise|p2a: Greedent\n|-crit|p2a: Greedent\n|-damage|p2a: Greedent|64/347 slp\n|-start|p2a: Greedent|move: Heal Block\n|-curestatus|p2a: Greedent|slp|[msg]\n|move|p2a: Greedent|Knock Off|p1a: Exeggutor\n|-supereffective|p1a: Exeggutor\n|-damage|p1a: Exeggutor|0 fnt\n|-enditem|p1a: Exeggutor|Sitrus Berry|[from] move: Knock Off|[of] p2a: Greedent\n|faint|p1a: Exeggutor\n|\n|upkeep\n|\n|t:|1783550583\n|switch|p1a: Ursaluna|Ursaluna-Bloodmoon, L79, M|52/100\n|turn|27\n|inactive|Time left: 300 sec this turn | 300 sec total\n|\n|t:|1783550584\n|-terastallize|p2a: Greedent|Ghost\n|move|p1a: Ursaluna|Moonlight|p1a: Ursaluna\n|-heal|p1a: Ursaluna|100/100\n|move|p2a: Greedent|Double-Edge|p1a: Ursaluna\n|-damage|p1a: Ursaluna|0 fnt\n|faint|p1a: Ursaluna\n|-damage|p2a: Greedent|0 fnt|[from] Recoil\n|faint|p2a: Greedent\n|\n|win|p0y983dfff", "uploadtime": 1783550584, "views": 0, "rating": 0, "private": 0, "password": null, "_winner": "p0y983dfff", "_our_name": "p0y983dfff"}