{"id": "battle-gen9randombattle-579", "formatid": "gen9randombattle", "format": "[Gen 9] Random Battle", "players": ["p0x579a647", "p0y579012d"], "log": "|init|battle\n|title|p0x579a647 vs. p0y579012d\n|j|\u2606p0x579a647\n|j|\u2606p0y579012d\n|t:|1783545788\n|gametype|singles\n|player|p1|p0x579a647|1|\n|player|p2|p0y579012d|2|\n|gen|9\n|tier|[Gen 9] Random Battle\n|rule|Species Clause: Limit one of each Pok\u00e9mon\n|rule|HP Percentage Mod: HP is shown in percentages\n|rule|Sleep Clause Mod: Limit one foe put to sleep\n|rule|Illusion Level Mod: Illusion disguises the Pok\u00e9mon's true level\n|\n|t:|1783545788\n|teamsize|p1|6\n|teamsize|p2|6\n|start\n|switch|p1a: Spidops|Spidops, L96, F|100/100\n|switch|p2a: Kingambit|Kingambit, L74, M|270/270\n|turn|1\n|inactive|Battle timer is ON: inactive players will automatically lose when time's up. (requested by p0y579012d)\n|inactive|p0x579a647 also wants the timer to be on.\n|\n|t:|1783545790\n|move|p1a: Spidops|Sticky Web|p2a: Kingambit\n|-sidestart|p2: p0y579012d|move: Sticky Web\n|move|p2a: Kingambit|Swords Dance|p2a: Kingambit\n|-boost|p2a: Kingambit|atk|2\n|\n|upkeep\n|turn|2\n|inactive|Time left: 300 sec this turn | 300 sec total\n|\n|t:|1783545791\n|move|p2a: Kingambit|Iron Head|p1a: Spidops\n|-damage|p1a: Spidops|47/100\n|move|p1a: Spidops|Circle Throw|p2a: Kingambit\n|-supereffective|p2a: Kingambit\n|-damage|p2a: Kingambit|102/270\n|-end|p2a: Kingambit|fallenundefined|[silent]\n|drag|p2a: Skarmory|Skarmory, L80, M|235/235\n|\n|upkeep\n|turn|3\n|inactive|Time left: 300 sec this turn | 300 sec total\n|\n|t:|1783545792\n|switch|p1a: Zebstrika|Zebstrika, L87, M|100/100\n|move|p2a: Skarmory|Brave Bird|p1a: Zebstrika\n|-resisted|p1a: Zebstrika\n|-damage|p1a: Zebstrika|80/100\n|-damage|p2a: Skarmory|216/235|[from] Recoil\n|\n|-heal|p2a: Skarmory|230/235|[from] item: Leftovers\n|upkeep\n|turn|4\n|inactive|Time left: 300 sec this turn | 300 sec total\n|\n|t:|1783545793\n|switch|p2a: Wo-Chien|Wo-Chien, L83|277/277\n|-activate|p2a: Wo-Chien|move: Sticky Web\n|-unboost|p2a: Wo-Chien|spe|1\n|-ability|p2a: Wo-Chien|Tablets of Ruin\n|move|p1a: Zebstrika|Supercell Slam|p2a: Wo-Chien\n|-resisted|p2a: Wo-Chien\n|-damage|p2a: Wo-Chien|222/277\n|-damage|p1a: Zebstrika|70/100|[from] item: Life Orb\n|\n|-heal|p2a: Wo-Chien|239/277|[from] item: Leftovers\n|upkeep\n|turn|5\n|inactive|Time left: 300 sec this turn | 300 sec total\n|\n|t:|1783545794\n|move|p1a: Zebstrika|High Horsepower|p2a: Wo-Chien\n|-resisted|p2a: Wo-Chien\n|-damage|p2a: Wo-Chien|208/277\n|-damage|p1a: Zebstrika|60/100|[from] item: Life Orb\n|move|p2a: Wo-Chien|Knock Off|p1a: Zebstrika\n|-damage|p1a: Zebstrika|17/100\n|-enditem|p1a: Zebstrika|Life Orb|[from] move: Knock Off|[of] p2a: Wo-Chien\n|\n|-heal|p2a: Wo-Chien|225/277|[from] item: Leftovers\n|upkeep\n|turn|6\n|inactive|Time left: 300 sec this turn | 300 sec total\n|\n|t:|1783545795\n|move|p1a: Zebstrika|Overheat|p2a: Wo-Chien\n|-supereffective|p2a: Wo-Chien\n|-damage|p2a: Wo-Chien|101/277\n|-unboost|p1a: Zebstrika|spa|2\n|move|p2a: Wo-Chien|Knock Off|p1a: Zebstrika\n|-damage|p1a: Zebstrika|0 fnt\n|faint|p1a: Zebstrika\n|\n|-heal|p2a: Wo-Chien|118/277|[from] item: Leftovers\n|upkeep\n|\n|t:|1783545796\n|switch|p1a: Regice|Regice, L88|100/100\n|turn|7\n|inactive|Time left: 300 sec this turn | 300 sec total\n|\n|t:|1783545797\n|move|p1a: Regice|Ice Beam|p2a: Wo-Chien\n|-supereffective|p2a: Wo-Chien\n|-damage|p2a: Wo-Chien|0 fnt\n|faint|p2a: Wo-Chien\n|\n|upkeep\n|inactive|Time left: 300 sec this turn | 300 sec total | 5 sec grace\n|\n|t:|1783545798\n|switch|p2a: Lycanroc|Lycanroc-Dusk, L81, F|254/254\n|-activate|p2a: Lycanroc|move: Sticky Web\n|-unboost|p2a: Lycanroc|spe|1\n|turn|8\n|inactive|Time left: 300 sec this turn | 300 sec total\n|\n|t:|1783545798\n|switch|p1a: Cresselia|Cresselia, L80, F|100/100\n|move|p2a: Lycanroc|Stone Edge|p1a: Cresselia\n|-damage|p1a: Cresselia|56/100\n|\n|-heal|p1a: Cresselia|62/100|[from] item: Leftovers\n|upkeep\n|turn|9\n|inactive|Time left: 300 sec this turn | 300 sec total\n|\n|t:|1783545799\n|move|p1a: Cresselia|Calm Mind|p1a: Cresselia\n|-boost|p1a: Cresselia|spa|1\n|-boost|p1a: Cresselia|spd|1\n|move|p2a: Lycanroc|Stone Edge|p1a: Cresselia\n|-damage|p1a: Cresselia|17/100\n|\n|-heal|p1a: Cresselia|23/100|[from] item: Leftovers\n|upkeep\n|turn|10\n|inactive|Time left: 300 sec this turn | 300 sec total\n|\n|t:|1783545800\n|move|p1a: Cresselia|Moonlight|p1a: Cresselia\n|-heal|p1a: Cresselia|73/100\n|move|p2a: Lycanroc|Stone Edge|p1a: Cresselia|[miss]\n|-miss|p2a: Lycanroc|p1a: Cresselia\n|\n|-heal|p1a: Cresselia|79/100|[from] item: Leftovers\n|upkeep\n|turn|11\n|inactive|Time left: 300 sec this turn | 300 sec total\n|\n|t:|1783545801\n|move|p1a: Cresselia|Thunderbolt|p2a: Lycanroc\n|-damage|p2a: Lycanroc|156/254\n|move|p2a: Lycanroc|Stone Edge|p1a: Cresselia\n|-damage|p1a: Cresselia|30/100\n|\n|-heal|p1a: Cresselia|36/100|[from] item: Leftovers\n|upkeep\n|turn|12\n|inactive|Time left: 300 sec this turn | 300 sec total\n|\n|t:|1783545802\n|move|p1a: Cresselia|Moonlight|p1a: Cresselia\n|-heal|p1a: Cresselia|86/100\n|move|p2a: Lycanroc|Stone Edge|p1a: Cresselia\n|-damage|p1a: Cresselia|43/100\n|\n|-heal|p1a: Cresselia|49/100|[from] item: Leftovers\n|upkeep\n|turn|13\n|inactive|Time left: 300 sec this turn | 300 sec total\n|\n|t:|1783545804\n|move|p1a: Cresselia|Moonlight|p1a: Cresselia\n|-heal|p1a: Cresselia|99/100\n|move|p2a: Lycanroc|Stone Edge|p1a: Cresselia\n|-damage|p1a: Cresselia|52/100\n|\n|-heal|p1a: Cresselia|58/100|[from] item: Leftovers\n|upkeep\n|turn|14\n|inactive|Time left: 300 sec this turn | 300 sec total\n|\n|t:|1783545805\n|move|p1a: Cresselia|Thunderbolt|p2a: Lycanroc\n|-damage|p2a: Lycanroc|68/254\n|move|p2a: Lycanroc|Stone Edge|p1a: Cresselia\n|-damage|p1a: Cresselia|9/100\n|\n|-heal|p1a: Cresselia|15/100|[from] item: Leftovers\n|upkeep\n|turn|15\n|inactive|Time left: 300 sec this turn | 300 sec total\n|\n|t:|1783545806\n|move|p1a: Cresselia|Moonlight|p1a: Cresselia\n|-heal|p1a: Cresselia|65/100\n|move|p2a: Lycanroc|Stone Edge|p1a: Cresselia\n|-damage|p1a: Cresselia|17/100\n|\n|-heal|p1a: Cresselia|23/100|[from] item: Leftovers\n|upkeep\n|turn|16\n|inactive|Time left: 300 sec this turn | 300 sec total\n|\n|t:|1783545807\n|switch|p2a: Kingambit|Kingambit, L74, M|102/270\n|-activate|p2a: Kingambit|move: Sticky Web\n|-unboost|p2a: Kingambit|spe|1\n|-activate|p2a: Kingambit|ability: Supreme Overlord\n|-start|p2a: Kingambit|fallen1|[silent]\n|move|p1a: Cresselia|Moonlight|p1a: Cresselia\n|-heal|p1a: Cresselia|73/100\n|\n|-heal|p1a: Cresselia|79/100|[from] item: Leftovers\n|-heal|p2a: Kingambit|118/270|[from] item: Leftovers\n|upkeep\n|turn|17\n|inactive|Time left: 300 sec this turn | 300 sec total\n|\n|t:|1783545808\n|-terastallize|p1a: Cresselia|Electric\n|move|p1a: Cresselia|Thunderbolt|p2a: Kingambit\n|-damage|p2a: Kingambit|1/270\n|move|p2a: Kingambit|Kowtow Cleave|p1a: Cresselia\n|-damage|p1a: Cresselia|49/100\n|\n|-heal|p1a: Cresselia|56/100|[from] item: Leftovers\n|-heal|p2a: Kingambit|17/270|[from] item: Leftovers\n|upkeep\n|turn|18\n|inactive|Time left: 300 sec this turn | 300 sec total\n|\n|t:|1783545809\n|move|p2a: Kingambit|Sucker Punch|p1a: Cresselia\n|-damage|p1a: Cresselia|31/100\n|move|p1a: Cresselia|Thunderbolt|p2a: Kingambit\n|-damage|p2a: Kingambit|0 fnt\n|faint|p2a: Kingambit\n|-end|p2a: Kingambit|fallen1|[silent]\n|\n|-heal|p1a: Cresselia|37/100|[from] item: Leftovers\n|upkeep\n|inactive|Time left: 300 sec this turn | 300 sec total | 5 sec grace\n|\n|t:|1783545810\n|switch|p2a: Lycanroc|Lycanroc-Dusk, L81, F|68/254\n|-activate|p2a: Lycanroc|move: Sticky Web\n|-unboost|p2a: Lycanroc|spe|1\n|turn|19\n|inactive|Time left: 300 sec this turn | 300 sec total\n|\n|t:|1783545811\n|move|p2a: Lycanroc|Accelerock|p1a: Cresselia\n|-damage|p1a: Cresselia|11/100\n|move|p1a: Cresselia|Moonlight|p1a: Cresselia\n|-heal|p1a: Cresselia|61/100\n|\n|-heal|p1a: Cresselia|67/100|[from] item: Leftovers\n|upkeep\n|turn|20\n|inactive|Time left: 300 sec this turn | 300 sec total\n|\n|t:|1783545812\n|move|p2a: Lycanroc|Accelerock|p1a: Cresselia\n|-damage|p1a: Cresselia|42/100\n|move|p1a: Cresselia|Thunderbolt|p2a: Lycanroc\n|-damage|p2a: Lycanroc|0 fnt\n|faint|p2a: Lycanroc\n|\n|-heal|p1a: Cresselia|48/100|[from] item: Leftovers\n|upkeep\n|inactive|Time left: 300 sec this turn | 300 sec total | 5 sec grace\n|\n|t:|1783545814\n|switch|p2a: Flutter Mane|Flutter Mane, L74|203/203\n|-activate|p2a: Flutter Mane|move: Sticky Web\n|-unboost|p2a: Flutter Mane|spe|1\n|turn|21\n|inactive|Time left: 300 sec this turn | 300 sec total\n|\n|t:|1783545815\n|move|p1a: Cresselia|Psyshock|p2a: Flutter Mane\n|-damage|p2a: Flutter Mane|58/203\n|move|p2a: Flutter Mane|Moonblast|p1a: Cresselia\n|-damage|p1a: Cresselia|20/100\n|\n|-heal|p1a: Cresselia|26/100|[from] item: Leftovers\n|upkeep\n|turn|22\n|inactive|Time left: 300 sec this turn | 300 sec total\n|\n|t:|1783545816\n|-end|p2a: Flutter Mane|Protosynthesis|[silent]\n|switch|p2a: Comfey|Comfey, L85, M|225/225\n|-activate|p2a: Comfey|move: Sticky Web\n|-unboost|p2a: Comfey|spe|1\n|move|p1a: Cresselia|Thunderbolt|p2a: Comfey\n|-damage|p2a: Comfey|129/225\n|\n|-heal|p1a: Cresselia|32/100|[from] item: Leftovers\n|-heal|p2a: Comfey|143/225|[from] item: Leftovers\n|upkeep\n|turn|23\n|inactive|Time left: 300 sec this turn | 300 sec total\n|\n|t:|1783545817\n|move|p1a: Cresselia|Thunderbolt|p2a: Comfey\n|-damage|p2a: Comfey|58/225\n|-status|p2a: Comfey|par\n|move|p2a: Comfey|Calm Mind|p2a: Comfey\n|-boost|p2a: Comfey|spa|1\n|-boost|p2a: Comfey|spd|1\n|\n|-heal|p1a: Cresselia|39/100|[from] item: Leftovers\n|-heal|p2a: Comfey|72/225 par|[from] item: Leftovers\n|upkeep\n|turn|24\n|inactive|Time left: 300 sec this turn | 300 sec total\n|\n|t:|1783545818\n|move|p2a: Comfey|Draining Kiss|p1a: Cresselia\n|-damage|p1a: Cresselia|25/100\n|-heal|p2a: Comfey|104/225 par|[from] drain|[of] p1a: Cresselia\n|move|p1a: Cresselia|Psyshock|p2a: Comfey\n|-damage|p2a: Comfey|1/225 par\n|\n|-heal|p1a: Cresselia|31/100|[from] item: Leftovers\n|-heal|p2a: Comfey|15/225 par|[from] item: Leftovers\n|upkeep\n|turn|25\n|inactive|Time left: 300 sec this turn | 300 sec total\n|\n|t:|1783545819\n|move|p2a: Comfey|Draining Kiss|p1a: Cresselia\n|-damage|p1a: Cresselia|19/100\n|-heal|p2a: Comfey|45/225 par|[from] drain|[of] p1a: Cresselia\n|move|p1a: Cresselia|Thunderbolt|p2a: Comfey\n|-damage|p2a: Comfey|0 fnt\n|faint|p2a: Comfey\n|\n|-heal|p1a: Cresselia|25/100|[from] item: Leftovers\n|upkeep\n|inactive|Time left: 300 sec this turn | 300 sec total | 5 sec grace\n|\n|t:|1783545820\n|switch|p2a: Flutter Mane|Flutter Mane, L74|58/203\n|-activate|p2a: Flutter Mane|move: Sticky Web\n|-unboost|p2a: Flutter Mane|spe|1\n|turn|26\n|inactive|Time left: 300 sec this turn | 300 sec total\n|\n|t:|1783545821\n|move|p1a: Cresselia|Thunderbolt|p2a: Flutter Mane\n|-damage|p2a: Flutter Mane|0 fnt\n|faint|p2a: Flutter Mane\n|-end|p2a: Flutter Mane|Protosynthesis|[silent]\n|\n|-heal|p1a: Cresselia|31/100|[from] item: Leftovers\n|upkeep\n|inactive|Time left: 300 sec this turn | 300 sec total | 5 sec grace\n|\n|t:|1783545822\n|switch|p2a: Skarmory|Skarmory, L80, M|230/235\n|turn|27\n|inactive|Time left: 300 sec this turn | 300 sec total\n|\n|t:|1783545823\n|-terastallize|p2a: Skarmory|Dragon\n|move|p1a: Cresselia|Thunderbolt|p2a: Skarmory\n|-resisted|p2a: Skarmory\n|-damage|p2a: Skarmory|165/235\n|move|p2a: Skarmory|Spikes|p1a: Cresselia\n|-sidestart|p1: p0x579a647|Spikes\n|\n|-heal|p1a: Cresselia|38/100|[from] item: Leftovers\n|-heal|p2a: Skarmory|179/235|[from] item: Leftovers\n|upkeep\n|turn|28\n|inactive|Time left: 300 sec this turn | 300 sec total\n|\n|t:|1783545824\n|switch|p1a: Regice|Regice, L88|100/100\n|move|p2a: Skarmory|Roost|p2a: Skarmory\n|-heal|p2a: Skarmory|235/235\n|\n|upkeep\n|turn|29\n|inactive|Time left: 300 sec this turn | 300 sec total\n|\n|t:|1783545825\n|move|p2a: Skarmory|Stealth Rock|p1a: Regice\n|-sidestart|p1: p0x579a647|move: Stealth Rock\n|move|p1a: Regice|Ice Beam|p2a: Skarmory\n|-supereffective|p2a: Skarmory\n|-ability|p2a: Skarmory|Sturdy\n|-damage|p2a: Skarmory|1/235\n|\n|-heal|p2a: Skarmory|15/235|[from] item: Leftovers\n|upkeep\n|turn|30\n|inactive|Time left: 300 sec this turn | 300 sec total\n|\n|t:|1783545826\n|move|p2a: Skarmory|Roost|p2a: Skarmory\n|-heal|p2a: Skarmory|133/235\n|move|p1a: Regice|Ice Beam|p2a: Skarmory\n|-supereffective|p2a: Skarmory\n|-damage|p2a: Skarmory|0 fnt\n|faint|p2a: Skarmory\n|\n|win|p0x579a647", "uploadtime": 1783545826, "views": 0, "rating": 0, "private": 0, "password": null, "_winner": "p0x579a647", "_our_name": "p0y579012d"}