{"id": "battle-gen9randombattle-466", "formatid": "gen9randombattle", "format": "[Gen 9] Random Battle", "players": ["p0x466f824", "p0y466098d"], "log": "|init|battle\n|title|p0x466f824 vs. p0y466098d\n|j|\u2606p0x466f824\n|j|\u2606p0y466098d\n|t:|1783544450\n|gametype|singles\n|player|p1|p0x466f824|101|\n|player|p2|p0y466098d|169|\n|gen|9\n|tier|[Gen 9] Random Battle\n|rule|Species Clause: Limit one of each Pok\u00e9mon\n|rule|HP Percentage Mod: HP is shown in percentages\n|rule|Sleep Clause Mod: Limit one foe put to sleep\n|rule|Illusion Level Mod: Illusion disguises the Pok\u00e9mon's true level\n|\n|t:|1783544450\n|teamsize|p1|6\n|teamsize|p2|6\n|start\n|switch|p1a: Zarude|Zarude-Dada, L77|100/100\n|switch|p2a: Delibird|Delibird, M|252/252\n|turn|1\n|inactive|Battle timer is ON: inactive players will automatically lose when time's up. (requested by p0x466f824)\n|inactive|Time left: 300 sec this turn | 300 sec total | 60 sec grace\n|\n|t:|1783544452\n|move|p1a: Zarude|Knock Off|p2a: Delibird\n|-damage|p2a: Delibird|122/252\n|-enditem|p2a: Delibird|Heavy-Duty Boots|[from] move: Knock Off|[of] p1a: Zarude\n|move|p2a: Delibird|Freeze-Dry|p1a: Zarude\n|-supereffective|p1a: Zarude\n|-damage|p1a: Zarude|42/100\n|\n|upkeep\n|turn|2\n|inactive|Time left: 300 sec this turn | 300 sec total\n|inactive|p0y466098d also wants the timer to be on.\n|\n|t:|1783544453\n|move|p1a: Zarude|Knock Off|p2a: Delibird\n|-damage|p2a: Delibird|26/252\n|move|p2a: Delibird|Freeze-Dry|p1a: Zarude\n|-supereffective|p1a: Zarude\n|-damage|p1a: Zarude|0 fnt\n|faint|p1a: Zarude\n|\n|upkeep\n|\n|t:|1783544454\n|switch|p1a: Reuniclus|Reuniclus, L88, F|100/100\n|turn|3\n|inactive|Time left: 300 sec this turn | 300 sec total\n|\n|t:|1783544456\n|move|p2a: Delibird|Spikes|p1a: Reuniclus\n|-sidestart|p1: p0x466f824|Spikes\n|move|p1a: Reuniclus|Psychic|p2a: Delibird\n|-damage|p2a: Delibird|0 fnt\n|faint|p2a: Delibird\n|\n|upkeep\n|inactive|Time left: 300 sec this turn | 300 sec total | 5 sec grace\n|\n|t:|1783544457\n|switch|p2a: Dragonite|Dragonite, L74, M|257/257\n|turn|4\n|inactive|Time left: 300 sec this turn | 300 sec total\n|\n|t:|1783544458\n|move|p2a: Dragonite|Dragon Dance|p2a: Dragonite\n|-boost|p2a: Dragonite|atk|1\n|-boost|p2a: Dragonite|spe|1\n|move|p1a: Reuniclus|Psychic|p2a: Dragonite\n|-damage|p2a: Dragonite|177/257\n|\n|upkeep\n|turn|5\n|inactive|Time left: 300 sec this turn | 300 sec total\n|\n|t:|1783544459\n|move|p2a: Dragonite|Outrage|p1a: Reuniclus\n|-damage|p1a: Reuniclus|35/100\n|move|p1a: Reuniclus|Psychic|p2a: Dragonite\n|-damage|p2a: Dragonite|9/257\n|\n|upkeep\n|turn|6\n|inactive|Time left: 300 sec this turn | 300 sec total\n|\n|t:|1783544460\n|switch|p1a: Slowking|Slowking-Galar, L85, M|100/100\n|-damage|p1a: Slowking|88/100|[from] Spikes\n|move|p2a: Dragonite|Outrage|p1a: Slowking|[from] lockedmove\n|-damage|p1a: Slowking|23/100\n|-start|p2a: Dragonite|confusion|[fatigue]\n|\n|-heal|p1a: Slowking|29/100|[from] item: Leftovers\n|upkeep\n|turn|7\n|inactive|Time left: 300 sec this turn | 300 sec total\n|\n|t:|1783544461\n|-terastallize|p1a: Slowking|Fairy\n|-activate|p2a: Dragonite|confusion\n|-damage|p2a: Dragonite|0 fnt|[from] confusion\n|faint|p2a: Dragonite\n|move|p1a: Slowking|Slack Off|p1a: Slowking\n|-heal|p1a: Slowking|79/100\n|\n|-heal|p1a: Slowking|85/100|[from] item: Leftovers\n|upkeep\n|inactive|Time left: 300 sec this turn | 300 sec total | 5 sec grace\n|\n|t:|1783544462\n|switch|p2a: Magearna|Magearna-Original, L77|250/250\n|turn|8\n|inactive|Time left: 300 sec this turn | 300 sec total\n|\n|t:|1783544464\n|switch|p1a: Toedscruel|Toedscruel, L87, F|100/100\n|-damage|p1a: Toedscruel|88/100|[from] Spikes\n|move|p2a: Magearna|Shift Gear|p2a: Magearna\n|-boost|p2a: Magearna|spe|2\n|-boost|p2a: Magearna|atk|1\n|\n|-heal|p1a: Toedscruel|94/100|[from] item: Leftovers\n|upkeep\n|turn|9\n|inactive|Time left: 300 sec this turn | 300 sec total\n|\n|t:|1783544465\n|move|p2a: Magearna|Iron Head|p1a: Toedscruel\n|-damage|p1a: Toedscruel|53/100\n|move|p1a: Toedscruel|Spore|p2a: Magearna\n|-status|p2a: Magearna|slp|[from] move: Spore\n|\n|-heal|p1a: Toedscruel|59/100|[from] item: Leftovers\n|upkeep\n|turn|10\n|inactive|Time left: 300 sec this turn | 300 sec total\n|\n|t:|1783544466\n|cant|p2a: Magearna|slp\n|move|p1a: Toedscruel|Rapid Spin|p2a: Magearna\n|-resisted|p2a: Magearna\n|-damage|p2a: Magearna|237/250 slp\n|-boost|p1a: Toedscruel|spe|1\n|-sideend|p1: p0x466f824|Spikes|[from] move: Rapid Spin|[of] p1a: Toedscruel\n|\n|-heal|p1a: Toedscruel|65/100|[from] item: Leftovers\n|upkeep\n|turn|11\n|inactive|Time left: 300 sec this turn | 300 sec total\n|\n|t:|1783544467\n|move|p1a: Toedscruel|Giga Drain|p2a: Magearna\n|-resisted|p2a: Magearna\n|-damage|p2a: Magearna|203/250 slp\n|-heal|p1a: Toedscruel|71/100|[from] drain|[of] p2a: Magearna\n|cant|p2a: Magearna|slp\n|\n|-heal|p1a: Toedscruel|77/100|[from] item: Leftovers\n|upkeep\n|turn|12\n|inactive|Time left: 300 sec this turn | 300 sec total\n|\n|t:|1783544468\n|move|p1a: Toedscruel|Rapid Spin|p2a: Magearna\n|-resisted|p2a: Magearna\n|-damage|p2a: Magearna|189/250 slp\n|-boost|p1a: Toedscruel|spe|1\n|-curestatus|p2a: Magearna|slp|[msg]\n|move|p2a: Magearna|Shift Gear|p2a: Magearna\n|-boost|p2a: Magearna|spe|2\n|-boost|p2a: Magearna|atk|1\n|\n|-heal|p1a: Toedscruel|83/100|[from] item: Leftovers\n|upkeep\n|turn|13\n|inactive|Time left: 300 sec this turn | 300 sec total\n|\n|t:|1783544469\n|move|p2a: Magearna|Iron Head|p1a: Toedscruel\n|-crit|p1a: Toedscruel\n|-damage|p1a: Toedscruel|0 fnt\n|faint|p1a: Toedscruel\n|-ability|p2a: Magearna|Soul-Heart|boost\n|-boost|p2a: Magearna|spa|1\n|\n|upkeep\n|\n|t:|1783544471\n|switch|p1a: Vivillon|Vivillon-Elegant, L83, F|100/100\n|turn|14\n|inactive|Time left: 300 sec this turn | 300 sec total\n|\n|t:|1783544472\n|move|p2a: Magearna|Iron Head|p1a: Vivillon\n|-damage|p1a: Vivillon|29/100\n|move|p1a: Vivillon|Sleep Powder|p2a: Magearna\n|-status|p2a: Magearna|slp|[from] move: Sleep Powder\n|\n|upkeep\n|turn|15\n|inactive|Time left: 300 sec this turn | 300 sec total\n|\n|t:|1783544473\n|cant|p2a: Magearna|slp\n|move|p1a: Vivillon|Hurricane|p2a: Magearna\n|-resisted|p2a: Magearna\n|-damage|p2a: Magearna|141/250 slp\n|\n|upkeep\n|turn|16\n|inactive|Time left: 300 sec this turn | 300 sec total\n|\n|t:|1783544474\n|-curestatus|p2a: Magearna|slp|[msg]\n|move|p2a: Magearna|Iron Head|p1a: Vivillon\n|-damage|p1a: Vivillon|0 fnt\n|faint|p1a: Vivillon\n|-ability|p2a: Magearna|Soul-Heart|boost\n|-boost|p2a: Magearna|spa|1\n|\n|upkeep\n|\n|t:|1783544475\n|switch|p1a: Slowking|Slowking-Galar, L85, M, tera:Fairy|100/100\n|turn|17\n|inactive|Time left: 300 sec this turn | 300 sec total\n|\n|t:|1783544476\n|move|p2a: Magearna|Iron Head|p1a: Slowking\n|-supereffective|p1a: Slowking\n|-damage|p1a: Slowking|4/100\n|move|p1a: Slowking|Fire Blast|p2a: Magearna\n|-supereffective|p2a: Magearna\n|-damage|p2a: Magearna|0 fnt\n|faint|p2a: Magearna\n|\n|-heal|p1a: Slowking|10/100|[from] item: Leftovers\n|upkeep\n|inactive|Time left: 300 sec this turn | 300 sec total | 5 sec grace\n|\n|t:|1783544477\n|switch|p2a: Arboliva|Arboliva, L91, F|290/290\n|turn|18\n|inactive|Time left: 300 sec this turn | 300 sec total\n|\n|t:|1783544478\n|switch|p1a: Reuniclus|Reuniclus, L88, F|35/100\n|move|p2a: Arboliva|Energy Ball|p1a: Reuniclus\n|-damage|p1a: Reuniclus|0 fnt\n|faint|p1a: Reuniclus\n|\n|upkeep\n|\n|t:|1783544478\n|switch|p1a: Slowking|Slowking-Galar, L85, M, tera:Fairy|44/100\n|turn|19\n|inactive|Time left: 300 sec this turn | 300 sec total\n|\n|t:|1783544479\n|move|p2a: Arboliva|Hyper Voice|p1a: Slowking\n|-damage|p1a: Slowking|3/100\n|move|p1a: Slowking|Slack Off|p1a: Slowking\n|-heal|p1a: Slowking|53/100\n|\n|-heal|p1a: Slowking|59/100|[from] item: Leftovers\n|upkeep\n|turn|20\n|inactive|Time left: 300 sec this turn | 300 sec total\n|\n|t:|1783544480\n|move|p2a: Arboliva|Energy Ball|p1a: Slowking\n|-damage|p1a: Slowking|19/100\n|move|p1a: Slowking|Slack Off|p1a: Slowking\n|-heal|p1a: Slowking|69/100\n|\n|-heal|p1a: Slowking|75/100|[from] item: Leftovers\n|upkeep\n|turn|21\n|inactive|Time left: 300 sec this turn | 300 sec total\n|\n|t:|1783544481\n|move|p2a: Arboliva|Hyper Voice|p1a: Slowking\n|-crit|p1a: Slowking\n|-damage|p1a: Slowking|23/100\n|move|p1a: Slowking|Slack Off|p1a: Slowking\n|-heal|p1a: Slowking|73/100\n|\n|-heal|p1a: Slowking|79/100|[from] item: Leftovers\n|upkeep\n|turn|22\n|inactive|Time left: 300 sec this turn | 300 sec total\n|\n|t:|1783544482\n|move|p2a: Arboliva|Energy Ball|p1a: Slowking\n|-damage|p1a: Slowking|43/100\n|move|p1a: Slowking|Sludge Bomb|p2a: Arboliva\n|-supereffective|p2a: Arboliva\n|-damage|p2a: Arboliva|114/290\n|-status|p2a: Arboliva|psn\n|-fieldstart|move: Grassy Terrain|[from] ability: Seed Sower|[of] p2a: Arboliva\n|\n|-heal|p2a: Arboliva|132/290 psn|[from] Grassy Terrain\n|-heal|p2a: Arboliva|150/290 psn|[from] item: Leftovers\n|-heal|p1a: Slowking|49/100|[from] Grassy Terrain\n|-heal|p1a: Slowking|55/100|[from] item: Leftovers\n|-damage|p2a: Arboliva|114/290 psn|[from] psn\n|upkeep\n|turn|23\n|inactive|Time left: 300 sec this turn | 300 sec total\n|\n|t:|1783544484\n|move|p2a: Arboliva|Strength Sap|p1a: Slowking\n|-unboost|p1a: Slowking|atk|1\n|-heal|p2a: Arboliva|229/290 psn\n|move|p1a: Slowking|Slack Off|p1a: Slowking\n|-heal|p1a: Slowking|100/100\n|\n|-heal|p2a: Arboliva|247/290 psn|[from] Grassy Terrain\n|-heal|p2a: Arboliva|265/290 psn|[from] item: Leftovers\n|-damage|p2a: Arboliva|229/290 psn|[from] psn\n|upkeep\n|turn|24\n|inactive|Time left: 300 sec this turn | 300 sec total\n|\n|t:|1783544485\n|move|p2a: Arboliva|Energy Ball|p1a: Slowking\n|-damage|p1a: Slowking|50/100\n|move|p1a: Slowking|Sludge Bomb|p2a: Arboliva\n|-supereffective|p2a: Arboliva\n|-damage|p2a: Arboliva|47/290 psn\n|\n|-heal|p2a: Arboliva|65/290 psn|[from] Grassy Terrain\n|-heal|p2a: Arboliva|83/290 psn|[from] item: Leftovers\n|-heal|p1a: Slowking|56/100|[from] Grassy Terrain\n|-heal|p1a: Slowking|62/100|[from] item: Leftovers\n|-damage|p2a: Arboliva|47/290 psn|[from] psn\n|upkeep\n|turn|25\n|inactive|Time left: 300 sec this turn | 300 sec total\n|\n|t:|1783544486\n|move|p2a: Arboliva|Energy Ball|p1a: Slowking\n|-damage|p1a: Slowking|13/100\n|move|p1a: Slowking|Sludge Bomb|p2a: Arboliva\n|-supereffective|p2a: Arboliva\n|-damage|p2a: Arboliva|0 fnt\n|faint|p2a: Arboliva\n|\n|-heal|p1a: Slowking|19/100|[from] Grassy Terrain\n|-heal|p1a: Slowking|25/100|[from] item: Leftovers\n|upkeep\n|inactive|Time left: 300 sec this turn | 300 sec total | 5 sec grace\n|\n|t:|1783544487\n|switch|p2a: Hitmonchan|Hitmonchan, L87, M|229/229\n|turn|26\n|inactive|Time left: 300 sec this turn | 300 sec total\n|\n|t:|1783544488\n|switch|p1a: Maushold|Maushold-Four, L76|100/100\n|-terastallize|p2a: Hitmonchan|Dark\n|move|p2a: Hitmonchan|Knock Off|p1a: Maushold\n|-damage|p1a: Maushold|16/100\n|-enditem|p1a: Maushold|Wide Lens|[from] move: Knock Off|[of] p2a: Hitmonchan\n|-damage|p2a: Hitmonchan|207/229|[from] item: Life Orb\n|\n|-heal|p1a: Maushold|22/100|[from] Grassy Terrain\n|-heal|p2a: Hitmonchan|221/229|[from] Grassy Terrain\n|-fieldend|move: Grassy Terrain\n|upkeep\n|turn|27\n|inactive|Time left: 300 sec this turn | 300 sec total\n|\n|t:|1783544489\n|move|p2a: Hitmonchan|Mach Punch|p1a: Maushold\n|-supereffective|p1a: Maushold\n|-damage|p1a: Maushold|0 fnt\n|faint|p1a: Maushold\n|-damage|p2a: Hitmonchan|199/229|[from] item: Life Orb\n|\n|upkeep\n|\n|t:|1783544490\n|switch|p1a: Slowking|Slowking-Galar, L85, M, tera:Fairy|59/100\n|turn|28\n|inactive|Time left: 300 sec this turn | 300 sec total\n|\n|t:|1783544491\n|move|p2a: Hitmonchan|Swords Dance|p2a: Hitmonchan\n|-boost|p2a: Hitmonchan|atk|2\n|move|p1a: Slowking|Fire Blast|p2a: Hitmonchan\n|-damage|p2a: Hitmonchan|128/229\n|\n|-heal|p1a: Slowking|65/100|[from] item: Leftovers\n|upkeep\n|turn|29\n|inactive|Time left: 300 sec this turn | 300 sec total\n|\n|t:|1783544492\n|move|p2a: Hitmonchan|Swords Dance|p2a: Hitmonchan\n|-boost|p2a: Hitmonchan|atk|2\n|move|p1a: Slowking|Slack Off|p1a: Slowking\n|-heal|p1a: Slowking|100/100\n|\n|upkeep\n|turn|30\n|inactive|Time left: 300 sec this turn | 300 sec total\n|\n|t:|1783544493\n|move|p2a: Hitmonchan|Knock Off|p1a: Slowking\n|-resisted|p1a: Slowking\n|-damage|p1a: Slowking|27/100\n|-enditem|p1a: Slowking|Leftovers|[from] move: Knock Off|[of] p2a: Hitmonchan\n|-damage|p2a: Hitmonchan|106/229|[from] item: Life Orb\n|move|p1a: Slowking|Slack Off|p1a: Slowking\n|-heal|p1a: Slowking|77/100\n|\n|upkeep\n|turn|31\n|inactive|Time left: 300 sec this turn | 300 sec total\n|\n|t:|1783544494\n|move|p2a: Hitmonchan|Drain Punch|p1a: Slowking\n|-resisted|p1a: Slowking\n|-damage|p1a: Slowking|9/100\n|-heal|p2a: Hitmonchan|208/229|[from] drain|[of] p1a: Slowking\n|-damage|p2a: Hitmonchan|186/229|[from] item: Life Orb\n|move|p1a: Slowking|Slack Off|p1a: Slowking\n|-heal|p1a: Slowking|59/100\n|\n|upkeep\n|turn|32\n|inactive|Time left: 300 sec this turn | 300 sec total\n|\n|t:|1783544495\n|move|p2a: Hitmonchan|Drain Punch|p1a: Slowking\n|-resisted|p1a: Slowking\n|-damage|p1a: Slowking|0 fnt\n|-heal|p2a: Hitmonchan|229/229|[from] drain|[of] p1a: Slowking\n|faint|p1a: Slowking\n|-damage|p2a: Hitmonchan|207/229|[from] item: Life Orb\n|\n|win|p0y466098d", "uploadtime": 1783544495, "views": 0, "rating": 0, "private": 0, "password": null, "_winner": "p0y466098d", "_our_name": "p0y466098d"}