{"id": "battle-gen9randombattle-1135", "formatid": "gen9randombattle", "format": "[Gen 9] Random Battle", "players": ["p0x11351b07", "p0y1135a7a5"], "log": "|init|battle\n|title|p0x11351b07 vs. p0y1135a7a5\n|j|\u2606p0x11351b07\n|j|\u2606p0y1135a7a5\n|t:|1783553153\n|gametype|singles\n|player|p1|p0x11351b07|101|\n|player|p2|p0y1135a7a5|170|\n|gen|9\n|tier|[Gen 9] Random Battle\n|rule|Species Clause: Limit one of each Pok\u00e9mon\n|rule|HP Percentage Mod: HP is shown in percentages\n|rule|Sleep Clause Mod: Limit one foe put to sleep\n|rule|Illusion Level Mod: Illusion disguises the Pok\u00e9mon's true level\n|\n|t:|1783553153\n|teamsize|p1|6\n|teamsize|p2|6\n|start\n|switch|p1a: Cinderace|Cinderace, L77, F|249/249\n|switch|p2a: Toxapex|Toxapex, L82, F|100/100\n|turn|1\n|inactive|Battle timer is ON: inactive players will automatically lose when time's up. (requested by p0y1135a7a5)\n|inactive|Time left: 300 sec this turn | 300 sec total | 60 sec grace\n|inactive|p0x11351b07 also wants the timer to be on.\n|\n|t:|1783553155\n|move|p1a: Cinderace|Pyro Ball|p2a: Toxapex\n|-resisted|p2a: Toxapex\n|-damage|p2a: Toxapex|83/100\n|move|p2a: Toxapex|Toxic Spikes|p1a: Cinderace\n|-sidestart|p1: p0x11351b07|move: Toxic Spikes\n|\n|-heal|p2a: Toxapex|89/100|[from] item: Leftovers\n|upkeep\n|turn|2\n|inactive|Time left: 300 sec this turn | 300 sec total\n|\n|t:|1783553156\n|move|p1a: Cinderace|Court Change|p1a: Cinderace\n|-start|p1a: Cinderace|typechange|Normal|[from] ability: Libero\n|-swapsideconditions\n|-activate|p1a: Cinderace|move: Court Change\n|move|p2a: Toxapex|Liquidation|p1a: Cinderace\n|-damage|p1a: Cinderace|176/249\n|\n|-heal|p2a: Toxapex|95/100|[from] item: Leftovers\n|upkeep\n|turn|3\n|inactive|Time left: 300 sec this turn | 300 sec total\n|\n|t:|1783553157\n|switch|p1a: Excadrill|Excadrill, L79, M|303/303\n|-ability|p1a: Excadrill|Mold Breaker\n|move|p2a: Toxapex|Toxic Spikes|p1a: Excadrill\n|-sidestart|p1: p0x11351b07|move: Toxic Spikes\n|\n|-heal|p2a: Toxapex|100/100|[from] item: Leftovers\n|upkeep\n|turn|4\n|inactive|Time left: 300 sec this turn | 300 sec total\n|\n|t:|1783553158\n|move|p1a: Excadrill|Swords Dance|p1a: Excadrill\n|-boost|p1a: Excadrill|atk|2\n|move|p2a: Toxapex|Liquidation|p1a: Excadrill\n|-supereffective|p1a: Excadrill\n|-damage|p1a: Excadrill|117/303\n|\n|-heal|p1a: Excadrill|135/303|[from] item: Leftovers\n|upkeep\n|turn|5\n|inactive|Time left: 300 sec this turn | 300 sec total\n|\n|t:|1783553159\n|-terastallize|p2a: Toxapex|Flying\n|move|p1a: Excadrill|Earthquake|p2a: Toxapex\n|-immune|p2a: Toxapex\n|move|p2a: Toxapex|Liquidation|p1a: Excadrill\n|-supereffective|p1a: Excadrill\n|-damage|p1a: Excadrill|0 fnt\n|faint|p1a: Excadrill\n|\n|upkeep\n|inactive|Time left: 300 sec this turn | 300 sec total | 5 sec grace\n|\n|t:|1783553160\n|switch|p1a: Regice|Regice, L88|284/284\n|turn|6\n|inactive|Time left: 300 sec this turn | 300 sec total\n|\n|t:|1783553161\n|switch|p2a: Bastiodon|Bastiodon, L89, F|100/100\n|move|p1a: Regice|Ice Beam|p2a: Bastiodon\n|-resisted|p2a: Bastiodon\n|-damage|p2a: Bastiodon|85/100\n|\n|upkeep\n|turn|7\n|inactive|Time left: 300 sec this turn | 300 sec total\n|\n|t:|1783553162\n|move|p1a: Regice|Body Press|p2a: Bastiodon\n|-supereffective|p2a: Bastiodon\n|-damage|p2a: Bastiodon|24/100\n|move|p2a: Bastiodon|Body Press|p1a: Regice\n|-supereffective|p1a: Regice\n|-damage|p1a: Regice|98/284\n|\n|upkeep\n|turn|8\n|inactive|Time left: 300 sec this turn | 300 sec total\n|\n|t:|1783553163\n|switch|p2a: Volcarona|Volcarona, L77, F|100/100\n|move|p1a: Regice|Body Press|p2a: Volcarona\n|-resisted|p2a: Volcarona\n|-damage|p2a: Volcarona|85/100\n|\n|upkeep\n|turn|9\n|inactive|Time left: 300 sec this turn | 300 sec total\n|\n|t:|1783553164\n|switch|p1a: Gouging Fire|Gouging Fire, L74|277/277\n|move|p2a: Volcarona|Fire Blast|p1a: Gouging Fire\n|-resisted|p1a: Gouging Fire\n|-damage|p1a: Gouging Fire|245/277\n|\n|upkeep\n|turn|10\n|inactive|Time left: 300 sec this turn | 300 sec total\n|\n|t:|1783553165\n|switch|p2a: Toxapex|Toxapex, L82, F, tera:Flying|100/100\n|move|p1a: Gouging Fire|Dragon Dance|p1a: Gouging Fire\n|-boost|p1a: Gouging Fire|atk|1\n|-boost|p1a: Gouging Fire|spe|1\n|\n|upkeep\n|turn|11\n|inactive|Time left: 300 sec this turn | 300 sec total\n|\n|t:|1783553166\n|move|p1a: Gouging Fire|Heat Crash|p2a: Toxapex\n|-damage|p2a: Toxapex|47/100\n|move|p2a: Toxapex|Haze|p2a: Toxapex\n|-clearallboost\n|\n|-heal|p2a: Toxapex|53/100|[from] item: Leftovers\n|upkeep\n|turn|12\n|inactive|Time left: 300 sec this turn | 300 sec total\n|\n|t:|1783553167\n|move|p1a: Gouging Fire|Dragon Dance|p1a: Gouging Fire\n|-boost|p1a: Gouging Fire|atk|1\n|-boost|p1a: Gouging Fire|spe|1\n|move|p2a: Toxapex|Recover|p2a: Toxapex\n|-heal|p2a: Toxapex|100/100\n|\n|upkeep\n|turn|13\n|inactive|Time left: 300 sec this turn | 300 sec total\n|\n|t:|1783553168\n|move|p1a: Gouging Fire|Outrage|p2a: Toxapex\n|-damage|p2a: Toxapex|50/100\n|move|p2a: Toxapex|Haze|p2a: Toxapex\n|-clearallboost\n|\n|-heal|p2a: Toxapex|57/100|[from] item: Leftovers\n|upkeep\n|turn|14\n|inactive|Time left: 300 sec this turn | 300 sec total\n|\n|t:|1783553169\n|switch|p2a: Florges|Florges-Orange, L85, F|100/100\n|-status|p2a: Florges|psn\n|move|p1a: Gouging Fire|Outrage|p2a: Florges|[from] lockedmove\n|-immune|p2a: Florges\n|-start|p1a: Gouging Fire|confusion|[fatigue]\n|\n|-damage|p2a: Florges|88/100 psn|[from] psn\n|upkeep\n|turn|15\n|inactive|Time left: 300 sec this turn | 300 sec total\n|\n|t:|1783553170\n|-activate|p1a: Gouging Fire|confusion\n|-damage|p1a: Gouging Fire|223/277|[from] confusion\n|move|p2a: Florges|Moonblast|p1a: Gouging Fire\n|-damage|p1a: Gouging Fire|94/277\n|\n|-heal|p2a: Florges|94/100 psn|[from] item: Leftovers\n|-damage|p2a: Florges|82/100 psn|[from] psn\n|upkeep\n|turn|16\n|inactive|Time left: 300 sec this turn | 300 sec total\n|\n|t:|1783553171\n|-activate|p1a: Gouging Fire|confusion\n|move|p1a: Gouging Fire|Morning Sun|p1a: Gouging Fire\n|-heal|p1a: Gouging Fire|232/277\n|move|p2a: Florges|Moonblast|p1a: Gouging Fire\n|-damage|p1a: Gouging Fire|111/277\n|\n|-heal|p2a: Florges|88/100 psn|[from] item: Leftovers\n|-damage|p2a: Florges|76/100 psn|[from] psn\n|upkeep\n|turn|17\n|inactive|Time left: 300 sec this turn | 300 sec total\n|\n|t:|1783553172\n|-end|p1a: Gouging Fire|confusion\n|move|p1a: Gouging Fire|Morning Sun|p1a: Gouging Fire\n|-heal|p1a: Gouging Fire|249/277\n|move|p2a: Florges|Moonblast|p1a: Gouging Fire\n|-damage|p1a: Gouging Fire|126/277\n|\n|-heal|p2a: Florges|82/100 psn|[from] item: Leftovers\n|-damage|p2a: Florges|70/100 psn|[from] psn\n|upkeep\n|turn|18\n|inactive|Time left: 300 sec this turn | 300 sec total\n|\n|t:|1783553173\n|move|p1a: Gouging Fire|Morning Sun|p1a: Gouging Fire\n|-heal|p1a: Gouging Fire|264/277\n|move|p2a: Florges|Moonblast|p1a: Gouging Fire\n|-damage|p1a: Gouging Fire|128/277\n|\n|-heal|p2a: Florges|75/100 psn|[from] item: Leftovers\n|-damage|p2a: Florges|63/100 psn|[from] psn\n|upkeep\n|turn|19\n|inactive|Time left: 300 sec this turn | 300 sec total\n|\n|t:|1783553174\n|move|p1a: Gouging Fire|Heat Crash|p2a: Florges\n|-damage|p2a: Florges|16/100 psn\n|move|p2a: Florges|Moonblast|p1a: Gouging Fire\n|-damage|p1a: Gouging Fire|0 fnt\n|faint|p1a: Gouging Fire\n|-end|p1a: Gouging Fire|Protosynthesis|[silent]\n|\n|-heal|p2a: Florges|22/100 psn|[from] item: Leftovers\n|-damage|p2a: Florges|10/100 psn|[from] psn\n|upkeep\n|inactive|Time left: 300 sec this turn | 300 sec total | 5 sec grace\n|\n|t:|1783553175\n|switch|p1a: Regice|Regice, L88|98/284\n|turn|20\n|inactive|Time left: 300 sec this turn | 300 sec total\n|\n|t:|1783553176\n|move|p2a: Florges|Synthesis|p2a: Florges\n|-heal|p2a: Florges|60/100 psn\n|move|p1a: Regice|Ice Beam|p2a: Florges\n|-damage|p2a: Florges|33/100 psn\n|\n|-heal|p2a: Florges|39/100 psn|[from] item: Leftovers\n|-damage|p2a: Florges|27/100 psn|[from] psn\n|upkeep\n|turn|21\n|inactive|Time left: 300 sec this turn | 300 sec total\n|\n|t:|1783553177\n|move|p2a: Florges|Synthesis|p2a: Florges\n|-heal|p2a: Florges|77/100 psn\n|move|p1a: Regice|Ice Beam|p2a: Florges\n|-damage|p2a: Florges|53/100 psn\n|\n|-heal|p2a: Florges|59/100 psn|[from] item: Leftovers\n|-damage|p2a: Florges|47/100 psn|[from] psn\n|upkeep\n|turn|22\n|inactive|Time left: 300 sec this turn | 300 sec total\n|\n|t:|1783553178\n|move|p2a: Florges|Synthesis|p2a: Florges\n|-heal|p2a: Florges|97/100 psn\n|move|p1a: Regice|Ice Beam|p2a: Florges\n|-damage|p2a: Florges|73/100 psn\n|\n|-heal|p2a: Florges|79/100 psn|[from] item: Leftovers\n|-damage|p2a: Florges|67/100 psn|[from] psn\n|upkeep\n|turn|23\n|inactive|Time left: 300 sec this turn | 300 sec total\n|\n|t:|1783553180\n|move|p2a: Florges|Synthesis|p2a: Florges\n|-heal|p2a: Florges|100/100 psn\n|move|p1a: Regice|Ice Beam|p2a: Florges\n|-damage|p2a: Florges|77/100 psn\n|\n|-heal|p2a: Florges|83/100 psn|[from] item: Leftovers\n|-damage|p2a: Florges|71/100 psn|[from] psn\n|upkeep\n|turn|24\n|inactive|Time left: 300 sec this turn | 300 sec total\n|\n|t:|1783553181\n|move|p2a: Florges|Calm Mind|p2a: Florges\n|-boost|p2a: Florges|spa|1\n|-boost|p2a: Florges|spd|1\n|move|p1a: Regice|Ice Beam|p2a: Florges\n|-crit|p2a: Florges\n|-damage|p2a: Florges|34/100 psn\n|\n|-heal|p2a: Florges|40/100 psn|[from] item: Leftovers\n|-damage|p2a: Florges|27/100 psn|[from] psn\n|upkeep\n|turn|25\n|inactive|Time left: 300 sec this turn | 300 sec total\n|\n|t:|1783553182\n|move|p2a: Florges|Synthesis|p2a: Florges\n|-heal|p2a: Florges|77/100 psn\n|move|p1a: Regice|Ice Beam|p2a: Florges\n|-damage|p2a: Florges|59/100 psn\n|\n|-heal|p2a: Florges|65/100 psn|[from] item: Leftovers\n|-damage|p2a: Florges|53/100 psn|[from] psn\n|upkeep\n|turn|26\n|inactive|Time left: 300 sec this turn | 300 sec total\n|\n|t:|1783553184\n|switch|p1a: Cinderace|Cinderace, L77, F|176/249\n|move|p2a: Florges|Synthesis|p2a: Florges\n|-heal|p2a: Florges|100/100 psn\n|\n|-damage|p2a: Florges|88/100 psn|[from] psn\n|upkeep\n|turn|27\n|inactive|Time left: 300 sec this turn | 300 sec total\n|\n|t:|1783553185\n|move|p1a: Cinderace|Gunk Shot|p2a: Florges\n|-start|p1a: Cinderace|typechange|Poison|[from] ability: Libero\n|-supereffective|p2a: Florges\n|-damage|p2a: Florges|0 fnt\n|faint|p2a: Florges\n|\n|upkeep\n|\n|t:|1783553186\n|switch|p2a: Toxapex|Toxapex, L82, F, tera:Flying|90/100\n|turn|28\n|inactive|Time left: 300 sec this turn | 300 sec total\n|\n|t:|1783553187\n|move|p1a: Cinderace|Gunk Shot|p2a: Toxapex\n|-damage|p2a: Toxapex|55/100\n|move|p2a: Toxapex|Liquidation|p1a: Cinderace\n|-damage|p1a: Cinderace|98/249\n|\n|-heal|p2a: Toxapex|61/100|[from] item: Leftovers\n|upkeep\n|turn|29\n|inactive|Time left: 300 sec this turn | 300 sec total\n|\n|t:|1783553188\n|switch|p2a: Bastiodon|Bastiodon, L89, F|24/100\n|move|p1a: Cinderace|Gunk Shot|p2a: Bastiodon\n|-immune|p2a: Bastiodon\n|\n|upkeep\n|turn|30\n|inactive|Time left: 300 sec this turn | 300 sec total\n|\n|t:|1783553189\n|move|p1a: Cinderace|High Jump Kick|p2a: Bastiodon|[miss]\n|-miss|p1a: Cinderace|p2a: Bastiodon\n|-damage|p1a: Cinderace|0 fnt|[from] highjumpkick\n|faint|p1a: Cinderace\n|move|p2a: Bastiodon|Rest|p2a: Bastiodon\n|-status|p2a: Bastiodon|slp|[from] move: Rest\n|-heal|p2a: Bastiodon|100/100 slp|[silent]\n|-enditem|p2a: Bastiodon|Chesto Berry|[eat]\n|-curestatus|p2a: Bastiodon|slp|[msg]\n|\n|upkeep\n|inactive|Time left: 300 sec this turn | 300 sec total | 5 sec grace\n|\n|t:|1783553190\n|switch|p1a: Regice|Regice, L88|98/284\n|turn|31\n|inactive|Time left: 300 sec this turn | 300 sec total\n|\n|t:|1783553191\n|move|p1a: Regice|Body Press|p2a: Bastiodon\n|-supereffective|p2a: Bastiodon\n|-damage|p2a: Bastiodon|45/100\n|move|p2a: Bastiodon|Body Press|p1a: Regice\n|-supereffective|p1a: Regice\n|-damage|p1a: Regice|0 fnt\n|faint|p1a: Regice\n|\n|upkeep\n|inactive|Time left: 300 sec this turn | 300 sec total | 5 sec grace\n|\n|t:|1783553192\n|switch|p1a: Whimsicott|Whimsicott, L84, F|238/238\n|turn|32\n|inactive|Time left: 300 sec this turn | 300 sec total\n|\n|t:|1783553193\n|move|p1a: Whimsicott|Stun Spore|p2a: Bastiodon\n|-status|p2a: Bastiodon|par\n|cant|p2a: Bastiodon|par\n|\n|upkeep\n|turn|33\n|inactive|Time left: 300 sec this turn | 300 sec total\n|\n|t:|1783553194\n|move|p1a: Whimsicott|Moonblast|p2a: Bastiodon\n|-resisted|p2a: Bastiodon\n|-damage|p2a: Bastiodon|34/100 par\n|move|p2a: Bastiodon|Rest|p2a: Bastiodon\n|-status|p2a: Bastiodon|slp|[from] move: Rest\n|-heal|p2a: Bastiodon|100/100 slp|[silent]\n|\n|upkeep\n|turn|34\n|inactive|Time left: 300 sec this turn | 300 sec total\n|\n|t:|1783553195\n|switch|p2a: Volcarona|Volcarona, L77, F|85/100\n|move|p1a: Whimsicott|Moonblast|p2a: Volcarona\n|-resisted|p2a: Volcarona\n|-damage|p2a: Volcarona|69/100\n|-unboost|p2a: Volcarona|spa|1\n|\n|upkeep\n|turn|35\n|inactive|Time left: 300 sec this turn | 300 sec total\n|\n|t:|1783553196\n|move|p1a: Whimsicott|Moonblast|p2a: Volcarona\n|-resisted|p2a: Volcarona\n|-crit|p2a: Volcarona\n|-damage|p2a: Volcarona|43/100\n|move|p2a: Volcarona|Fire Blast|p1a: Whimsicott\n|-supereffective|p1a: Whimsicott\n|-damage|p1a: Whimsicott|52/238\n|\n|upkeep\n|turn|36\n|inactive|Time left: 300 sec this turn | 300 sec total\n|\n|t:|1783553197\n|move|p1a: Whimsicott|Moonblast|p2a: Volcarona\n|-resisted|p2a: Volcarona\n|-damage|p2a: Volcarona|27/100\n|-unboost|p2a: Volcarona|spa|1\n|move|p2a: Volcarona|Morning Sun|p2a: Volcarona\n|-heal|p2a: Volcarona|77/100\n|\n|upkeep\n|turn|37\n|inactive|Time left: 300 sec this turn | 300 sec total\n|\n|t:|1783553198\n|move|p1a: Whimsicott|Moonblast|p2a: Volcarona\n|-resisted|p2a: Volcarona\n|-damage|p2a: Volcarona|62/100\n|move|p2a: Volcarona|Fire Blast|p1a: Whimsicott\n|-supereffective|p1a: Whimsicott\n|-damage|p1a: Whimsicott|0 fnt\n|faint|p1a: Whimsicott\n|\n|upkeep\n|inactive|Time left: 300 sec this turn | 300 sec total | 5 sec grace\n|\n|t:|1783553200\n|switch|p1a: Regigigas|Regigigas, L84|322/322\n|-status|p1a: Regigigas|psn\n|-start|p1a: Regigigas|ability: Slow Start\n|turn|38\n|inactive|Time left: 300 sec this turn | 300 sec total\n|\n|t:|1783553201\n|switch|p2a: Bastiodon|Bastiodon, L89, F|100/100 slp\n|move|p1a: Regigigas|Knock Off|p2a: Bastiodon\n|-damage|p2a: Bastiodon|93/100 slp\n|\n|-damage|p1a: Regigigas|282/322 psn|[from] psn\n|upkeep\n|turn|39\n|inactive|Time left: 300 sec this turn | 300 sec total\n|\n|t:|1783553202\n|move|p1a: Regigigas|Knock Off|p2a: Bastiodon\n|-damage|p2a: Bastiodon|85/100 slp\n|cant|p2a: Bastiodon|slp\n|\n|-heal|p1a: Regigigas|302/322 psn|[from] item: Leftovers\n|-damage|p1a: Regigigas|262/322 psn|[from] psn\n|upkeep\n|turn|40\n|inactive|Time left: 300 sec this turn | 300 sec total\n|\n|t:|1783553202\n|move|p1a: Regigigas|Body Slam|p2a: Bastiodon\n|-resisted|p2a: Bastiodon\n|-damage|p2a: Bastiodon|81/100 slp\n|cant|p2a: Bastiodon|slp\n|\n|-heal|p1a: Regigigas|282/322 psn|[from] item: Leftovers\n|-damage|p1a: Regigigas|242/322 psn|[from] psn\n|upkeep\n|turn|41\n|inactive|Time left: 300 sec this turn | 300 sec total\n|\n|t:|1783553203\n|move|p1a: Regigigas|Rest|p1a: Regigigas\n|-status|p1a: Regigigas|slp|[from] move: Rest\n|-heal|p1a: Regigigas|322/322 slp|[silent]\n|-curestatus|p2a: Bastiodon|slp|[msg]\n|move|p2a: Bastiodon|Foul Play|p1a: Regigigas\n|-damage|p1a: Regigigas|233/322 slp\n|\n|-heal|p1a: Regigigas|253/322 slp|[from] item: Leftovers\n|upkeep\n|turn|42\n|inactive|Time left: 300 sec this turn | 300 sec total\n|\n|t:|1783553205\n|cant|p1a: Regigigas|slp\n|move|p2a: Bastiodon|Foul Play|p1a: Regigigas\n|-crit|p1a: Regigigas\n|-damage|p1a: Regigigas|130/322 slp\n|\n|-heal|p1a: Regigigas|150/322 slp|[from] item: Leftovers\n|-end|p1a: Regigigas|Slow Start\n|upkeep\n|turn|43\n|inactive|Time left: 300 sec this turn | 300 sec total\n|\n|t:|1783553205\n|-terastallize|p1a: Regigigas|Ghost\n|cant|p1a: Regigigas|slp\n|move|p1a: Regigigas|Sleep Talk|p1a: Regigigas\n|move|p1a: Regigigas|Rest||[from] move: Sleep Talk|[still]\n|-fail|p1a: Regigigas\n|move|p2a: Bastiodon|Body Press|p1a: Regigigas\n|-immune|p1a: Regigigas\n|\n|-heal|p1a: Regigigas|170/322 slp|[from] item: Leftovers\n|upkeep\n|turn|44\n|inactive|Time left: 300 sec this turn | 300 sec total\n|\n|t:|1783553206\n|-curestatus|p1a: Regigigas|slp|[msg]\n|move|p1a: Regigigas|Body Slam|p2a: Bastiodon\n|-resisted|p2a: Bastiodon\n|-damage|p2a: Bastiodon|74/100\n|-status|p2a: Bastiodon|par\n|move|p2a: Bastiodon|Foul Play|p1a: Regigigas\n|-supereffective|p1a: Regigigas\n|-damage|p1a: Regigigas|6/322\n|\n|-heal|p1a: Regigigas|26/322|[from] item: Leftovers\n|upkeep\n|turn|45\n|inactive|Time left: 300 sec this turn | 300 sec total\n|\n|t:|1783553207\n|move|p1a: Regigigas|Rest|p1a: Regigigas\n|-status|p1a: Regigigas|slp|[from] move: Rest\n|-heal|p1a: Regigigas|322/322 slp|[silent]\n|move|p2a: Bastiodon|Foul Play|p1a: Regigigas\n|-supereffective|p1a: Regigigas\n|-damage|p1a: Regigigas|142/322 slp\n|\n|-heal|p1a: Regigigas|162/322 slp|[from] item: Leftovers\n|upkeep\n|turn|46\n|inactive|Time left: 300 sec this turn | 300 sec total\n|\n|t:|1783553208\n|cant|p1a: Regigigas|slp\n|move|p1a: Regigigas|Sleep Talk|p1a: Regigigas\n|move|p1a: Regigigas|Body Slam|p2a: Bastiodon|[from] move: Sleep Talk\n|-resisted|p2a: Bastiodon\n|-damage|p2a: Bastiodon|67/100 par\n|move|p2a: Bastiodon|Foul Play|p1a: Regigigas\n|-supereffective|p1a: Regigigas\n|-damage|p1a: Regigigas|0 fnt\n|faint|p1a: Regigigas\n|-end|p1a: Regigigas|Slow Start|[silent]\n|\n|win|p0y1135a7a5", "uploadtime": 1783553208, "views": 0, "rating": 0, "private": 0, "password": null, "_winner": "p0y1135a7a5", "_our_name": "p0x11351b07"}