{"id": "battle-gen9randombattle-2390", "formatid": "gen9randombattle", "format": "[Gen 9] Random Battle", "players": ["p0x2390a914", "p0y23902306"], "log": "|init|battle\n|title|p0x2390a914 vs. p0y23902306\n|j|\u2606p0x2390a914\n|j|\u2606p0y23902306\n|t:|1783567732\n|gametype|singles\n|player|p1|p0x2390a914|266|\n|player|p2|p0y23902306|265|\n|gen|9\n|tier|[Gen 9] Random Battle\n|rule|Species Clause: Limit one of each Pok\u00e9mon\n|rule|HP Percentage Mod: HP is shown in percentages\n|rule|Sleep Clause Mod: Limit one foe put to sleep\n|rule|Illusion Level Mod: Illusion disguises the Pok\u00e9mon's true level\n|\n|t:|1783567732\n|teamsize|p1|6\n|teamsize|p2|6\n|start\n|switch|p1a: Dipplin|Dipplin, L88, F|284/284\n|switch|p2a: Slither Wing|Slither Wing, L81|100/100\n|turn|1\n|inactive|Battle timer is ON: inactive players will automatically lose when time's up. (requested by p0x2390a914)\n|\n|t:|1783567734\n|move|p2a: Slither Wing|Close Combat|p1a: Dipplin\n|-damage|p1a: Dipplin|205/284\n|-unboost|p2a: Slither Wing|def|1\n|-unboost|p2a: Slither Wing|spd|1\n|move|p1a: Dipplin|Dragon Pulse|p2a: Slither Wing\n|-damage|p2a: Slither Wing|53/100\n|\n|upkeep\n|turn|2\n|inactive|Time left: 300 sec this turn | 300 sec total\n|inactive|p0y23902306 also wants the timer to be on.\n|\n|t:|1783567735\n|-end|p2a: Slither Wing|Protosynthesis|[silent]\n|switch|p2a: Cresselia|Cresselia, L80, F|100/100\n|move|p1a: Dipplin|Dragon Pulse|p2a: Cresselia\n|-damage|p2a: Cresselia|76/100\n|\n|-heal|p2a: Cresselia|82/100|[from] item: Leftovers\n|upkeep\n|turn|3\n|inactive|Time left: 300 sec this turn | 300 sec total\n|\n|t:|1783567736\n|move|p2a: Cresselia|Calm Mind|p2a: Cresselia\n|-boost|p2a: Cresselia|spa|1\n|-boost|p2a: Cresselia|spd|1\n|move|p1a: Dipplin|Dragon Pulse|p2a: Cresselia\n|-damage|p2a: Cresselia|65/100\n|\n|-heal|p2a: Cresselia|71/100|[from] item: Leftovers\n|upkeep\n|turn|4\n|inactive|Time left: 300 sec this turn | 300 sec total\n|\n|t:|1783567737\n|move|p2a: Cresselia|Calm Mind|p2a: Cresselia\n|-boost|p2a: Cresselia|spa|1\n|-boost|p2a: Cresselia|spd|1\n|move|p1a: Dipplin|Recover|p1a: Dipplin\n|-heal|p1a: Dipplin|284/284\n|\n|-heal|p2a: Cresselia|78/100|[from] item: Leftovers\n|upkeep\n|turn|5\n|inactive|Time left: 300 sec this turn | 300 sec total\n|\n|t:|1783567738\n|switch|p1a: Rhydon|Rhydon, L85, F|317/317\n|move|p2a: Cresselia|Psyshock|p1a: Rhydon\n|-damage|p1a: Rhydon|254/317\n|\n|-heal|p2a: Cresselia|84/100|[from] item: Leftovers\n|upkeep\n|turn|6\n|inactive|Time left: 300 sec this turn | 300 sec total\n|\n|t:|1783567739\n|move|p2a: Cresselia|Psyshock|p1a: Rhydon\n|-damage|p1a: Rhydon|190/317\n|move|p1a: Rhydon|Swords Dance|p1a: Rhydon\n|-boost|p1a: Rhydon|atk|2\n|\n|-heal|p2a: Cresselia|90/100|[from] item: Leftovers\n|upkeep\n|turn|7\n|inactive|Time left: 300 sec this turn | 300 sec total\n|\n|t:|1783567740\n|-terastallize|p2a: Cresselia|Steel\n|move|p2a: Cresselia|Psyshock|p1a: Rhydon\n|-damage|p1a: Rhydon|126/317\n|move|p1a: Rhydon|Megahorn|p2a: Cresselia\n|-resisted|p2a: Cresselia\n|-damage|p2a: Cresselia|58/100\n|\n|-heal|p2a: Cresselia|65/100|[from] item: Leftovers\n|upkeep\n|turn|8\n|inactive|Time left: 300 sec this turn | 300 sec total\n|\n|t:|1783567741\n|move|p2a: Cresselia|Psyshock|p1a: Rhydon\n|-damage|p1a: Rhydon|65/317\n|move|p1a: Rhydon|Stone Edge|p2a: Cresselia\n|-resisted|p2a: Cresselia\n|-damage|p2a: Cresselia|26/100\n|\n|-heal|p2a: Cresselia|32/100|[from] item: Leftovers\n|upkeep\n|turn|9\n|inactive|Time left: 300 sec this turn | 300 sec total\n|\n|t:|1783567742\n|switch|p1a: Charizard|Charizard, L85, F|271/271\n|move|p2a: Cresselia|Moonlight|p2a: Cresselia\n|-heal|p2a: Cresselia|82/100\n|\n|-heal|p2a: Cresselia|88/100|[from] item: Leftovers\n|upkeep\n|turn|10\n|inactive|Time left: 300 sec this turn | 300 sec total\n|\n|t:|1783567743\n|move|p1a: Charizard|Swords Dance|p1a: Charizard\n|-boost|p1a: Charizard|atk|2\n|move|p2a: Cresselia|Psyshock|p1a: Charizard\n|-damage|p1a: Charizard|130/271\n|\n|-heal|p2a: Cresselia|95/100|[from] item: Leftovers\n|upkeep\n|turn|11\n|inactive|Time left: 300 sec this turn | 300 sec total\n|\n|t:|1783567744\n|move|p1a: Charizard|Flare Blitz|p2a: Cresselia\n|-supereffective|p2a: Cresselia\n|-damage|p2a: Cresselia|0 fnt\n|faint|p2a: Cresselia\n|-damage|p1a: Charizard|30/271|[from] Recoil\n|\n|upkeep\n|\n|t:|1783567745\n|switch|p2a: Slither Wing|Slither Wing, L81|53/100\n|turn|12\n|inactive|Time left: 300 sec this turn | 300 sec total\n|\n|t:|1783567746\n|move|p2a: Slither Wing|Close Combat|p1a: Charizard\n|-resisted|p1a: Charizard\n|-damage|p1a: Charizard|0 fnt\n|-unboost|p2a: Slither Wing|def|1\n|-unboost|p2a: Slither Wing|spd|1\n|faint|p1a: Charizard\n|\n|upkeep\n|inactive|Time left: 300 sec this turn | 300 sec total | 5 sec grace\n|\n|t:|1783567747\n|switch|p1a: Alcremie|Alcremie-Lemon-Cream, L90, F|263/263\n|turn|13\n|inactive|Time left: 300 sec this turn | 300 sec total\n|\n|t:|1783567748\n|-end|p2a: Slither Wing|Protosynthesis|[silent]\n|switch|p2a: Weezing|Weezing, L88, F|100/100\n|move|p1a: Alcremie|Calm Mind|p1a: Alcremie\n|-boost|p1a: Alcremie|spa|1\n|-boost|p1a: Alcremie|spd|1\n|\n|upkeep\n|turn|14\n|inactive|Time left: 300 sec this turn | 300 sec total\n|\n|t:|1783567749\n|move|p1a: Alcremie|Calm Mind|p1a: Alcremie\n|-boost|p1a: Alcremie|spa|1\n|-boost|p1a: Alcremie|spd|1\n|move|p2a: Weezing|Gunk Shot|p1a: Alcremie\n|-supereffective|p1a: Alcremie\n|-damage|p1a: Alcremie|0 fnt\n|faint|p1a: Alcremie\n|\n|upkeep\n|inactive|Time left: 300 sec this turn | 300 sec total | 5 sec grace\n|\n|t:|1783567750\n|switch|p1a: Rhydon|Rhydon, L85, F|65/317\n|turn|15\n|inactive|Time left: 300 sec this turn | 300 sec total\n|\n|t:|1783567751\n|move|p2a: Weezing|Gunk Shot|p1a: Rhydon\n|-resisted|p1a: Rhydon\n|-damage|p1a: Rhydon|48/317\n|move|p1a: Rhydon|Stone Edge|p2a: Weezing\n|-damage|p2a: Weezing|59/100\n|\n|-heal|p2a: Weezing|65/100|[from] item: Leftovers\n|upkeep\n|turn|16\n|inactive|Time left: 300 sec this turn | 300 sec total\n|\n|t:|1783567752\n|move|p2a: Weezing|Gunk Shot|p1a: Rhydon\n|-resisted|p1a: Rhydon\n|-crit|p1a: Rhydon\n|-damage|p1a: Rhydon|21/317\n|move|p1a: Rhydon|Stone Edge|p2a: Weezing\n|-damage|p2a: Weezing|25/100\n|\n|-heal|p2a: Weezing|31/100|[from] item: Leftovers\n|upkeep\n|turn|17\n|inactive|Time left: 300 sec this turn | 300 sec total\n|\n|t:|1783567753\n|move|p2a: Weezing|Fire Blast|p1a: Rhydon\n|-resisted|p1a: Rhydon\n|-damage|p1a: Rhydon|0 fnt\n|faint|p1a: Rhydon\n|\n|-heal|p2a: Weezing|37/100|[from] item: Leftovers\n|upkeep\n|inactive|Time left: 300 sec this turn | 300 sec total | 5 sec grace\n|\n|t:|1783567754\n|switch|p1a: Dewgong|Dewgong, L94, F|322/322\n|turn|18\n|inactive|Time left: 300 sec this turn | 300 sec total\n|\n|t:|1783567755\n|switch|p2a: Keldeo|Keldeo-Resolute, L79|100/100\n|move|p1a: Dewgong|Ice Beam|p2a: Keldeo\n|-resisted|p2a: Keldeo\n|-damage|p2a: Keldeo|82/100\n|\n|-heal|p2a: Keldeo|88/100|[from] item: Leftovers\n|upkeep\n|turn|19\n|inactive|Time left: 300 sec this turn | 300 sec total\n|\n|t:|1783567756\n|switch|p1a: Dipplin|Dipplin, L88, F|284/284\n|move|p2a: Keldeo|Secret Sword|p1a: Dipplin\n|-damage|p1a: Dipplin|229/284\n|\n|-heal|p2a: Keldeo|94/100|[from] item: Leftovers\n|upkeep\n|turn|20\n|inactive|Time left: 300 sec this turn | 300 sec total\n|\n|t:|1783567757\n|move|p2a: Keldeo|Calm Mind|p2a: Keldeo\n|-boost|p2a: Keldeo|spa|1\n|-boost|p2a: Keldeo|spd|1\n|move|p1a: Dipplin|Giga Drain|p2a: Keldeo\n|-supereffective|p2a: Keldeo\n|-damage|p2a: Keldeo|53/100\n|-heal|p1a: Dipplin|284/284|[from] drain|[of] p2a: Keldeo\n|\n|-heal|p2a: Keldeo|59/100|[from] item: Leftovers\n|upkeep\n|turn|21\n|inactive|Time left: 300 sec this turn | 300 sec total\n|\n|t:|1783567758\n|move|p2a: Keldeo|Calm Mind|p2a: Keldeo\n|-boost|p2a: Keldeo|spa|1\n|-boost|p2a: Keldeo|spd|1\n|move|p1a: Dipplin|Giga Drain|p2a: Keldeo\n|-supereffective|p2a: Keldeo\n|-damage|p2a: Keldeo|25/100\n|\n|-heal|p2a: Keldeo|31/100|[from] item: Leftovers\n|upkeep\n|turn|22\n|inactive|Time left: 300 sec this turn | 300 sec total\n|\n|t:|1783567759\n|move|p2a: Keldeo|Substitute|p2a: Keldeo\n|-start|p2a: Keldeo|Substitute\n|-damage|p2a: Keldeo|6/100\n|move|p1a: Dipplin|Giga Drain|p2a: Keldeo\n|-supereffective|p2a: Keldeo\n|-end|p2a: Keldeo|Substitute\n|\n|-heal|p2a: Keldeo|13/100|[from] item: Leftovers\n|upkeep\n|turn|23\n|inactive|Time left: 300 sec this turn | 300 sec total\n|\n|t:|1783567760\n|move|p2a: Keldeo|Secret Sword|p1a: Dipplin\n|-damage|p1a: Dipplin|178/284\n|move|p1a: Dipplin|Dragon Pulse|p2a: Keldeo\n|-damage|p2a: Keldeo|0 fnt\n|faint|p2a: Keldeo\n|\n|upkeep\n|\n|t:|1783567760\n|switch|p2a: Chimecho|Chimecho, L93, F|100/100\n|turn|24\n|inactive|Time left: 300 sec this turn | 300 sec total\n|\n|t:|1783567761\n|switch|p1a: Kingambit|Kingambit, L74, M|270/270\n|-activate|p1a: Kingambit|ability: Supreme Overlord\n|-start|p1a: Kingambit|fallen3|[silent]\n|move|p2a: Chimecho|Cosmic Power|p2a: Chimecho\n|-boost|p2a: Chimecho|def|1\n|-boost|p2a: Chimecho|spd|1\n|\n|upkeep\n|turn|25\n|inactive|Time left: 300 sec this turn | 300 sec total\n|\n|t:|1783567762\n|move|p2a: Chimecho|Cosmic Power|p2a: Chimecho\n|-boost|p2a: Chimecho|def|1\n|-boost|p2a: Chimecho|spd|1\n|move|p1a: Kingambit|Swords Dance|p1a: Kingambit\n|-boost|p1a: Kingambit|atk|2\n|\n|upkeep\n|turn|26\n|inactive|Time left: 300 sec this turn | 300 sec total\n|\n|t:|1783567763\n|move|p2a: Chimecho|Cosmic Power|p2a: Chimecho\n|-boost|p2a: Chimecho|def|1\n|-boost|p2a: Chimecho|spd|1\n|move|p1a: Kingambit|Kowtow Cleave|p2a: Chimecho\n|-supereffective|p2a: Chimecho\n|-damage|p2a: Chimecho|40/100\n|\n|-heal|p2a: Chimecho|46/100|[from] item: Leftovers\n|upkeep\n|turn|27\n|inactive|Time left: 300 sec this turn | 300 sec total\n|\n|t:|1783567765\n|move|p2a: Chimecho|Recover|p2a: Chimecho\n|-heal|p2a: Chimecho|96/100\n|move|p1a: Kingambit|Kowtow Cleave|p2a: Chimecho\n|-supereffective|p2a: Chimecho\n|-damage|p2a: Chimecho|29/100\n|\n|-heal|p2a: Chimecho|35/100|[from] item: Leftovers\n|upkeep\n|turn|28\n|inactive|Time left: 300 sec this turn | 300 sec total\n|\n|t:|1783567766\n|move|p2a: Chimecho|Recover|p2a: Chimecho\n|-heal|p2a: Chimecho|85/100\n|move|p1a: Kingambit|Kowtow Cleave|p2a: Chimecho\n|-supereffective|p2a: Chimecho\n|-damage|p2a: Chimecho|18/100\n|\n|-heal|p2a: Chimecho|25/100|[from] item: Leftovers\n|upkeep\n|turn|29\n|inactive|Time left: 300 sec this turn | 300 sec total\n|\n|t:|1783567767\n|move|p2a: Chimecho|Recover|p2a: Chimecho\n|-heal|p2a: Chimecho|75/100\n|move|p1a: Kingambit|Kowtow Cleave|p2a: Chimecho\n|-supereffective|p2a: Chimecho\n|-damage|p2a: Chimecho|10/100\n|\n|-heal|p2a: Chimecho|17/100|[from] item: Leftovers\n|upkeep\n|turn|30\n|inactive|Time left: 300 sec this turn | 300 sec total\n|\n|t:|1783567768\n|move|p2a: Chimecho|Recover|p2a: Chimecho\n|-heal|p2a: Chimecho|67/100\n|move|p1a: Kingambit|Kowtow Cleave|p2a: Chimecho\n|-supereffective|p2a: Chimecho\n|-damage|p2a: Chimecho|6/100\n|\n|-heal|p2a: Chimecho|12/100|[from] item: Leftovers\n|upkeep\n|turn|31\n|inactive|Time left: 300 sec this turn | 300 sec total\n|\n|t:|1783567769\n|move|p2a: Chimecho|Recover|p2a: Chimecho\n|-heal|p2a: Chimecho|62/100\n|move|p1a: Kingambit|Kowtow Cleave|p2a: Chimecho\n|-supereffective|p2a: Chimecho\n|-damage|p2a: Chimecho|2/100\n|\n|-heal|p2a: Chimecho|8/100|[from] item: Leftovers\n|upkeep\n|turn|32\n|inactive|Time left: 300 sec this turn | 300 sec total\n|\n|t:|1783567771\n|move|p2a: Chimecho|Recover|p2a: Chimecho\n|-heal|p2a: Chimecho|58/100\n|move|p1a: Kingambit|Kowtow Cleave|p2a: Chimecho\n|-supereffective|p2a: Chimecho\n|-damage|p2a: Chimecho|0 fnt\n|faint|p2a: Chimecho\n|\n|upkeep\n|\n|t:|1783567771\n|switch|p2a: Slither Wing|Slither Wing, L81|53/100\n|turn|33\n|inactive|Time left: 300 sec this turn | 300 sec total\n|\n|t:|1783567772\n|-terastallize|p1a: Kingambit|Flying\n|move|p2a: Slither Wing|Close Combat|p1a: Kingambit\n|-resisted|p1a: Kingambit\n|-damage|p1a: Kingambit|205/270\n|-unboost|p2a: Slither Wing|def|1\n|-unboost|p2a: Slither Wing|spd|1\n|move|p1a: Kingambit|Iron Head|p2a: Slither Wing\n|-damage|p2a: Slither Wing|0 fnt\n|faint|p2a: Slither Wing\n|-end|p2a: Slither Wing|Protosynthesis|[silent]\n|\n|-heal|p1a: Kingambit|221/270|[from] item: Leftovers\n|upkeep\n|\n|t:|1783567773\n|switch|p2a: Weezing|Weezing, L88, F|37/100\n|turn|34\n|inactive|Time left: 300 sec this turn | 300 sec total\n|\n|t:|1783567774\n|move|p2a: Weezing|Gunk Shot|p1a: Kingambit\n|-damage|p1a: Kingambit|110/270\n|move|p1a: Kingambit|Swords Dance|p1a: Kingambit\n|-boost|p1a: Kingambit|atk|2\n|\n|-heal|p2a: Weezing|44/100|[from] item: Leftovers\n|-heal|p1a: Kingambit|126/270|[from] item: Leftovers\n|upkeep\n|turn|35\n|inactive|Time left: 300 sec this turn | 300 sec total\n|\n|t:|1783567775\n|move|p1a: Kingambit|Sucker Punch||[still]\n|-fail|p1a: Kingambit\n|move|p2a: Weezing|Toxic Spikes|p1a: Kingambit\n|-sidestart|p1: p0x2390a914|move: Toxic Spikes\n|\n|-heal|p2a: Weezing|50/100|[from] item: Leftovers\n|-heal|p1a: Kingambit|142/270|[from] item: Leftovers\n|upkeep\n|turn|36\n|inactive|Time left: 300 sec this turn | 300 sec total\n|\n|t:|1783567776\n|move|p1a: Kingambit|Sucker Punch||[still]\n|-fail|p1a: Kingambit\n|move|p2a: Weezing|Toxic Spikes|p1a: Kingambit\n|-sidestart|p1: p0x2390a914|move: Toxic Spikes\n|\n|-heal|p2a: Weezing|56/100|[from] item: Leftovers\n|-heal|p1a: Kingambit|158/270|[from] item: Leftovers\n|upkeep\n|turn|37\n|inactive|Time left: 300 sec this turn | 300 sec total\n|\n|t:|1783567777\n|move|p2a: Weezing|Pain Split|p1a: Kingambit\n|-sethp|p1a: Kingambit|150/270|[from] move: Pain Split|[silent]\n|-sethp|p2a: Weezing|59/100|[from] move: Pain Split\n|move|p1a: Kingambit|Kowtow Cleave|p2a: Weezing\n|-damage|p2a: Weezing|0 fnt\n|faint|p2a: Weezing\n|\n|-heal|p1a: Kingambit|166/270|[from] item: Leftovers\n|upkeep\n|\n|t:|1783567778\n|switch|p2a: Shaymin|Shaymin, L82|100/100\n|turn|38\n|inactive|Time left: 300 sec this turn | 300 sec total\n|\n|t:|1783567778\n|move|p2a: Shaymin|Substitute|p2a: Shaymin\n|-start|p2a: Shaymin|Substitute\n|-damage|p2a: Shaymin|76/100\n|move|p1a: Kingambit|Kowtow Cleave|p2a: Shaymin\n|-end|p2a: Shaymin|Substitute\n|\n|-heal|p2a: Shaymin|82/100|[from] item: Leftovers\n|-heal|p1a: Kingambit|182/270|[from] item: Leftovers\n|upkeep\n|turn|39\n|inactive|Time left: 300 sec this turn | 300 sec total\n|\n|t:|1783567779\n|move|p2a: Shaymin|Substitute|p2a: Shaymin\n|-start|p2a: Shaymin|Substitute\n|-damage|p2a: Shaymin|57/100\n|move|p1a: Kingambit|Iron Head|p2a: Shaymin\n|-end|p2a: Shaymin|Substitute\n|\n|-heal|p2a: Shaymin|63/100|[from] item: Leftovers\n|-heal|p1a: Kingambit|198/270|[from] item: Leftovers\n|upkeep\n|turn|40\n|inactive|Time left: 300 sec this turn | 300 sec total\n|\n|t:|1783567780\n|move|p2a: Shaymin|Substitute|p2a: Shaymin\n|-start|p2a: Shaymin|Substitute\n|-damage|p2a: Shaymin|38/100\n|move|p1a: Kingambit|Kowtow Cleave|p2a: Shaymin\n|-end|p2a: Shaymin|Substitute\n|\n|-heal|p2a: Shaymin|44/100|[from] item: Leftovers\n|-heal|p1a: Kingambit|214/270|[from] item: Leftovers\n|upkeep\n|turn|41\n|inactive|Time left: 300 sec this turn | 300 sec total\n|\n|t:|1783567781\n|move|p2a: Shaymin|Substitute|p2a: Shaymin\n|-start|p2a: Shaymin|Substitute\n|-damage|p2a: Shaymin|19/100\n|move|p1a: Kingambit|Iron Head|p2a: Shaymin\n|-end|p2a: Shaymin|Substitute\n|\n|-heal|p2a: Shaymin|25/100|[from] item: Leftovers\n|-heal|p1a: Kingambit|230/270|[from] item: Leftovers\n|upkeep\n|turn|42\n|inactive|Time left: 300 sec this turn | 300 sec total\n|\n|t:|1783567782\n|move|p2a: Shaymin|Air Slash|p1a: Kingambit\n|-damage|p1a: Kingambit|173/270\n|cant|p1a: Kingambit|flinch\n|\n|-heal|p2a: Shaymin|31/100|[from] item: Leftovers\n|-heal|p1a: Kingambit|189/270|[from] item: Leftovers\n|upkeep\n|turn|43\n|inactive|Time left: 300 sec this turn | 300 sec total\n|\n|t:|1783567783\n|move|p2a: Shaymin|Air Slash|p1a: Kingambit|[miss]\n|-miss|p2a: Shaymin|p1a: Kingambit\n|move|p1a: Kingambit|Iron Head|p2a: Shaymin\n|-damage|p2a: Shaymin|0 fnt\n|faint|p2a: Shaymin\n|\n|win|p0x2390a914", "uploadtime": 1783567783, "views": 0, "rating": 0, "private": 0, "password": null, "_winner": "p0x2390a914", "_our_name": "p0x2390a914"}