{"id": "battle-gen9randombattle-846", "formatid": "gen9randombattle", "format": "[Gen 9] Random Battle", "players": ["p0x846db14", "p0y846afe7"], "log": "|init|battle\n|title|p0x846db14 vs. p0y846afe7\n|j|\u2606p0x846db14\n|j|\u2606p0y846afe7\n|t:|1783548956\n|gametype|singles\n|player|p1|p0x846db14|1|\n|player|p2|p0y846afe7|1|\n|gen|9\n|tier|[Gen 9] Random Battle\n|rule|Species Clause: Limit one of each Pok\u00e9mon\n|rule|HP Percentage Mod: HP is shown in percentages\n|rule|Sleep Clause Mod: Limit one foe put to sleep\n|rule|Illusion Level Mod: Illusion disguises the Pok\u00e9mon's true level\n|\n|t:|1783548956\n|teamsize|p1|6\n|teamsize|p2|6\n|start\n|switch|p1a: Arceus|Arceus-Electric, L70|100/100\n|switch|p2a: Regirock|Regirock, L83|268/268\n|turn|1\n|inactive|Battle timer is ON: inactive players will automatically lose when time's up. (requested by p0y846afe7)\n|inactive|p0x846db14 also wants the timer to be on.\n|\n|t:|1783548957\n|move|p1a: Arceus|Calm Mind|p1a: Arceus\n|-boost|p1a: Arceus|spa|1\n|-boost|p1a: Arceus|spd|1\n|move|p2a: Regirock|Stone Edge|p1a: Arceus\n|-damage|p1a: Arceus|66/100\n|\n|upkeep\n|turn|2\n|inactive|Time left: 300 sec this turn | 300 sec total\n|\n|t:|1783548958\n|move|p1a: Arceus|Judgment|p2a: Regirock\n|-damage|p2a: Regirock|111/268\n|move|p2a: Regirock|Stone Edge|p1a: Arceus\n|-damage|p1a: Arceus|31/100\n|\n|upkeep\n|turn|3\n|inactive|Time left: 300 sec this turn | 300 sec total\n|\n|t:|1783548959\n|switch|p2a: Zekrom|Zekrom, L71|259/259\n|-ability|p2a: Zekrom|Teravolt\n|move|p1a: Arceus|Judgment|p2a: Zekrom\n|-resisted|p2a: Zekrom\n|-damage|p2a: Zekrom|213/259\n|\n|-heal|p2a: Zekrom|229/259|[from] item: Leftovers\n|upkeep\n|turn|4\n|inactive|Time left: 300 sec this turn | 300 sec total\n|\n|t:|1783548960\n|-terastallize|p2a: Zekrom|Electric\n|move|p1a: Arceus|Recover|p1a: Arceus\n|-heal|p1a: Arceus|81/100\n|move|p2a: Zekrom|Outrage|p1a: Arceus\n|-damage|p1a: Arceus|34/100\n|\n|-heal|p2a: Zekrom|245/259|[from] item: Leftovers\n|upkeep\n|turn|5\n|inactive|Time left: 300 sec this turn | 300 sec total\n|\n|t:|1783548961\n|switch|p1a: Slaking|Slaking, L84, M|100/100\n|move|p2a: Zekrom|Outrage|p1a: Slaking|[from] lockedmove\n|-damage|p1a: Slaking|68/100\n|-start|p2a: Zekrom|confusion|[fatigue]\n|\n|-heal|p2a: Zekrom|259/259|[from] item: Leftovers\n|upkeep\n|turn|6\n|inactive|Time left: 300 sec this turn | 300 sec total\n|\n|t:|1783548963\n|switch|p2a: Regirock|Regirock, L83|111/268\n|move|p1a: Slaking|Giga Impact|p2a: Regirock|[miss]\n|-miss|p1a: Slaking|p2a: Regirock\n|\n|upkeep\n|turn|7\n|inactive|Time left: 300 sec this turn | 300 sec total\n|\n|t:|1783548964\n|switch|p1a: Diancie|Diancie, L82|100/100\n|move|p2a: Regirock|Body Press|p1a: Diancie\n|-damage|p1a: Diancie|71/100\n|\n|upkeep\n|turn|8\n|inactive|Time left: 300 sec this turn | 300 sec total\n|\n|t:|1783548965\n|move|p2a: Regirock|Rest|p2a: Regirock\n|-status|p2a: Regirock|slp|[from] move: Rest\n|-heal|p2a: Regirock|268/268 slp|[silent]\n|-enditem|p2a: Regirock|Chesto Berry|[eat]\n|-curestatus|p2a: Regirock|slp|[msg]\n|move|p1a: Diancie|Earth Power|p2a: Regirock\n|-supereffective|p2a: Regirock\n|-damage|p2a: Regirock|158/268\n|\n|upkeep\n|turn|9\n|inactive|Time left: 300 sec this turn | 300 sec total\n|\n|t:|1783548966\n|move|p2a: Regirock|Body Press|p1a: Diancie\n|-damage|p1a: Diancie|42/100\n|move|p1a: Diancie|Moonblast|p2a: Regirock\n|-damage|p2a: Regirock|76/268\n|\n|upkeep\n|turn|10\n|inactive|Time left: 300 sec this turn | 300 sec total\n|\n|t:|1783548967\n|move|p2a: Regirock|Body Press|p1a: Diancie\n|-damage|p1a: Diancie|9/100\n|move|p1a: Diancie|Moonblast|p2a: Regirock\n|-damage|p2a: Regirock|0 fnt\n|faint|p2a: Regirock\n|\n|upkeep\n|inactive|Time left: 300 sec this turn | 300 sec total | 5 sec grace\n|\n|t:|1783548968\n|switch|p2a: Munkidori|Munkidori, L79, M|269/269\n|turn|11\n|inactive|Time left: 300 sec this turn | 300 sec total\n|\n|t:|1783548969\n|switch|p1a: Slaking|Slaking, L84, M|68/100\n|move|p2a: Munkidori|Focus Blast|p1a: Slaking\n|-supereffective|p1a: Slaking\n|-damage|p1a: Slaking|0 fnt\n|faint|p1a: Slaking\n|-damage|p2a: Munkidori|243/269|[from] item: Life Orb\n|\n|upkeep\n|\n|t:|1783548970\n|switch|p1a: Wyrdeer|Wyrdeer, L87, M|100/100\n|-ability|p1a: Wyrdeer|Intimidate|boost\n|-unboost|p2a: Munkidori|atk|1\n|turn|12\n|inactive|Time left: 300 sec this turn | 300 sec total\n|\n|t:|1783548972\n|switch|p2a: Altaria|Altaria, L89, M|278/278\n|move|p1a: Wyrdeer|Earthquake|p2a: Altaria\n|-immune|p2a: Altaria\n|\n|upkeep\n|turn|13\n|inactive|Time left: 300 sec this turn | 300 sec total\n|\n|t:|1783548973\n|move|p2a: Altaria|Dragon Dance|p2a: Altaria\n|-boost|p2a: Altaria|atk|1\n|-boost|p2a: Altaria|spe|1\n|move|p1a: Wyrdeer|Psychic Noise|p2a: Altaria\n|-damage|p2a: Altaria|203/278\n|-start|p2a: Altaria|move: Heal Block\n|\n|upkeep\n|turn|14\n|inactive|Time left: 300 sec this turn | 300 sec total\n|\n|t:|1783548974\n|move|p2a: Altaria|Brave Bird|p1a: Wyrdeer\n|-damage|p1a: Wyrdeer|41/100\n|-damage|p2a: Altaria|140/278|[from] Recoil\n|move|p1a: Wyrdeer|Psychic Noise|p2a: Altaria\n|-damage|p2a: Altaria|64/278\n|\n|-heal|p1a: Wyrdeer|47/100|[from] item: Leftovers\n|-end|p2a: Altaria|move: Heal Block\n|upkeep\n|turn|15\n|inactive|Time left: 300 sec this turn | 300 sec total\n|\n|t:|1783548975\n|switch|p1a: Sylveon|Sylveon, L85, F|100/100\n|move|p2a: Altaria|Roost|p2a: Altaria\n|-heal|p2a: Altaria|203/278\n|-singleturn|p2a: Altaria|move: Roost\n|\n|upkeep\n|turn|16\n|inactive|Time left: 300 sec this turn | 300 sec total\n|\n|t:|1783548976\n|move|p2a: Altaria|Brave Bird|p1a: Sylveon\n|-damage|p1a: Sylveon|37/100\n|-damage|p2a: Altaria|140/278|[from] Recoil\n|move|p1a: Sylveon|Hyper Voice|p2a: Altaria\n|-supereffective|p2a: Altaria\n|-damage|p2a: Altaria|0 fnt\n|faint|p2a: Altaria\n|\n|-heal|p1a: Sylveon|43/100|[from] item: Leftovers\n|upkeep\n|inactive|Time left: 300 sec this turn | 300 sec total | 5 sec grace\n|\n|t:|1783548977\n|switch|p2a: Veluza|Veluza, L85, M|292/292\n|turn|17\n|inactive|Time left: 300 sec this turn | 300 sec total\n|\n|t:|1783548978\n|switch|p1a: Wyrdeer|Wyrdeer, L87, M|47/100\n|-ability|p1a: Wyrdeer|Intimidate|boost\n|-unboost|p2a: Veluza|atk|1\n|move|p2a: Veluza|Aqua Cutter|p1a: Wyrdeer\n|-damage|p1a: Wyrdeer|17/100\n|\n|-heal|p1a: Wyrdeer|23/100|[from] item: Leftovers\n|upkeep\n|turn|18\n|inactive|Time left: 300 sec this turn | 300 sec total\n|\n|t:|1783548979\n|switch|p1a: Dragalge|Dragalge, L88, F|100/100\n|move|p2a: Veluza|Aqua Cutter|p1a: Dragalge\n|-resisted|p1a: Dragalge\n|-damage|p1a: Dragalge|87/100\n|\n|-heal|p1a: Dragalge|94/100|[from] item: Leftovers\n|upkeep\n|turn|19\n|inactive|Time left: 300 sec this turn | 300 sec total\n|\n|t:|1783548980\n|move|p2a: Veluza|Psycho Cut|p1a: Dragalge\n|-supereffective|p1a: Dragalge\n|-damage|p1a: Dragalge|32/100\n|move|p1a: Dragalge|Draco Meteor|p2a: Veluza\n|-damage|p2a: Veluza|36/292\n|-unboost|p1a: Dragalge|spa|2\n|-enditem|p2a: Veluza|Sitrus Berry|[eat]\n|-heal|p2a: Veluza|109/292|[from] item: Sitrus Berry\n|\n|-heal|p1a: Dragalge|38/100|[from] item: Leftovers\n|upkeep\n|turn|20\n|inactive|Time left: 300 sec this turn | 300 sec total\n|\n|t:|1783548981\n|switch|p2a: Munkidori|Munkidori, L79, M|243/269\n|switch|p1a: Wyrdeer|Wyrdeer, L87, M|23/100\n|-ability|p1a: Wyrdeer|Intimidate|boost\n|-unboost|p2a: Munkidori|atk|1\n|\n|-heal|p1a: Wyrdeer|29/100|[from] item: Leftovers\n|upkeep\n|turn|21\n|inactive|Time left: 300 sec this turn | 300 sec total\n|\n|t:|1783548982\n|switch|p1a: Dragalge|Dragalge, L88, F|38/100\n|move|p2a: Munkidori|Sludge Wave|p1a: Dragalge\n|-resisted|p1a: Dragalge\n|-damage|p1a: Dragalge|17/100\n|-damage|p2a: Munkidori|217/269|[from] item: Life Orb\n|\n|-heal|p1a: Dragalge|23/100|[from] item: Leftovers\n|upkeep\n|turn|22\n|inactive|Time left: 300 sec this turn | 300 sec total\n|\n|t:|1783548983\n|move|p2a: Munkidori|Psyshock|p1a: Dragalge\n|-supereffective|p1a: Dragalge\n|-damage|p1a: Dragalge|0 fnt\n|faint|p1a: Dragalge\n|-damage|p2a: Munkidori|191/269|[from] item: Life Orb\n|\n|upkeep\n|\n|t:|1783548984\n|switch|p1a: Wyrdeer|Wyrdeer, L87, M|29/100\n|-ability|p1a: Wyrdeer|Intimidate|boost\n|-unboost|p2a: Munkidori|atk|1\n|turn|23\n|inactive|Time left: 300 sec this turn | 300 sec total\n|\n|t:|1783548985\n|move|p2a: Munkidori|Sludge Wave|p1a: Wyrdeer\n|-damage|p1a: Wyrdeer|0 fnt\n|faint|p1a: Wyrdeer\n|-damage|p2a: Munkidori|165/269|[from] item: Life Orb\n|\n|upkeep\n|\n|t:|1783548986\n|switch|p1a: Sylveon|Sylveon, L85, F|43/100\n|turn|24\n|inactive|Time left: 300 sec this turn | 300 sec total\n|\n|t:|1783548987\n|move|p1a: Sylveon|Protect|p1a: Sylveon\n|-singleturn|p1a: Sylveon|Protect\n|move|p2a: Munkidori|Psyshock|p1a: Sylveon\n|-activate|p1a: Sylveon|move: Protect\n|\n|-heal|p1a: Sylveon|49/100|[from] item: Leftovers\n|upkeep\n|turn|25\n|inactive|Time left: 300 sec this turn | 300 sec total\n|\n|t:|1783548988\n|move|p2a: Munkidori|Sludge Wave|p1a: Sylveon\n|-supereffective|p1a: Sylveon\n|-damage|p1a: Sylveon|0 fnt\n|faint|p1a: Sylveon\n|-damage|p2a: Munkidori|139/269|[from] item: Life Orb\n|\n|upkeep\n|\n|t:|1783548989\n|switch|p1a: Arceus|Arceus-Electric, L70|34/100\n|turn|26\n|inactive|Time left: 300 sec this turn | 300 sec total\n|\n|t:|1783548990\n|move|p2a: Munkidori|Psyshock|p1a: Arceus\n|-damage|p1a: Arceus|0 fnt\n|faint|p1a: Arceus\n|-damage|p2a: Munkidori|113/269|[from] item: Life Orb\n|\n|upkeep\n|\n|t:|1783548991\n|switch|p1a: Diancie|Diancie, L82|9/100\n|turn|27\n|inactive|Time left: 300 sec this turn | 300 sec total\n|\n|t:|1783548992\n|-terastallize|p1a: Diancie|Fighting\n|move|p2a: Munkidori|Psyshock|p1a: Diancie\n|-supereffective|p1a: Diancie\n|-damage|p1a: Diancie|0 fnt\n|faint|p1a: Diancie\n|-damage|p2a: Munkidori|87/269|[from] item: Life Orb\n|\n|win|p0y846afe7", "uploadtime": 1783548992, "views": 0, "rating": 0, "private": 0, "password": null, "_winner": "p0y846afe7", "_our_name": "p0y846afe7"}