{"id": "battle-gen9randombattle-1097", "formatid": "gen9randombattle", "format": "[Gen 9] Random Battle", "players": ["p0x1097c816", "p0y109706c5"], "log": "|init|battle\n|title|p0x1097c816 vs. p0y109706c5\n|j|\u2606p0x1097c816\n|j|\u2606p0y109706c5\n|t:|1783551886\n|gametype|singles\n|player|p1|p0x1097c816|1|\n|player|p2|p0y109706c5|266|\n|gen|9\n|tier|[Gen 9] Random Battle\n|rule|Species Clause: Limit one of each Pok\u00e9mon\n|rule|HP Percentage Mod: HP is shown in percentages\n|rule|Sleep Clause Mod: Limit one foe put to sleep\n|rule|Illusion Level Mod: Illusion disguises the Pok\u00e9mon's true level\n|\n|t:|1783551886\n|teamsize|p1|6\n|teamsize|p2|6\n|start\n|switch|p1a: Thundurus|Thundurus, L80, M|258/258\n|switch|p2a: Gengar|Gengar, L81, M|100/100\n|turn|1\n|inactive|Battle timer is ON: inactive players will automatically lose when time's up. (requested by p0x1097c816)\n|inactive|p0y109706c5 also wants the timer to be on.\n|\n|t:|1783551888\n|move|p2a: Gengar|Nasty Plot|p2a: Gengar\n|-boost|p2a: Gengar|spa|2\n|move|p1a: Thundurus|Thunderbolt|p2a: Gengar\n|-damage|p2a: Gengar|46/100\n|\n|upkeep\n|turn|2\n|inactive|Time left: 300 sec this turn | 300 sec total\n|\n|t:|1783551890\n|switch|p1a: Noctowl|Noctowl, L95, F|344/344\n|move|p2a: Gengar|Shadow Ball|p1a: Noctowl\n|-immune|p1a: Noctowl\n|\n|upkeep\n|turn|3\n|inactive|Time left: 300 sec this turn | 300 sec total\n|\n|t:|1783551891\n|move|p2a: Gengar|Sludge Wave|p1a: Noctowl\n|-damage|p1a: Noctowl|67/344\n|-damage|p2a: Gengar|36/100|[from] item: Life Orb\n|move|p1a: Noctowl|Hurricane|p2a: Gengar\n|-damage|p2a: Gengar|0 fnt\n|faint|p2a: Gengar\n|\n|upkeep\n|\n|t:|1783551892\n|switch|p2a: Zacian|Zacian, L69|100/100\n|-ability|p2a: Zacian|Intrepid Sword|boost\n|-boost|p2a: Zacian|atk|1\n|turn|4\n|inactive|Time left: 300 sec this turn | 300 sec total\n|\n|t:|1783551893\n|switch|p1a: Tauros|Tauros-Paldea-Blaze, L81, M|254/254\n|-ability|p1a: Tauros|Intimidate|boost\n|-unboost|p2a: Zacian|atk|1\n|move|p2a: Zacian|Play Rough|p1a: Tauros\n|-damage|p1a: Tauros|146/254\n|\n|upkeep\n|turn|5\n|inactive|Time left: 300 sec this turn | 300 sec total\n|\n|t:|1783551894\n|move|p2a: Zacian|Play Rough|p1a: Tauros\n|-damage|p1a: Tauros|34/254\n|move|p1a: Tauros|Flare Blitz|p2a: Zacian\n|-damage|p2a: Zacian|27/100\n|-damage|p1a: Tauros|0 fnt|[from] Recoil\n|faint|p1a: Tauros\n|\n|upkeep\n|inactive|Time left: 300 sec this turn | 300 sec total | 5 sec grace\n|\n|t:|1783551895\n|switch|p1a: Regieleki|Regieleki, L79|256/256\n|turn|6\n|inactive|Time left: 300 sec this turn | 300 sec total\n|\n|t:|1783551896\n|switch|p2a: Hippowdon|Hippowdon, L82, M|100/100\n|-weather|Sandstorm|[from] ability: Sand Stream|[of] p2a: Hippowdon\n|move|p1a: Regieleki|Volt Switch|p2a: Hippowdon\n|-immune|p2a: Hippowdon\n|\n|-weather|Sandstorm|[upkeep]\n|-damage|p1a: Regieleki|240/256|[from] Sandstorm\n|upkeep\n|turn|7\n|inactive|Time left: 300 sec this turn | 300 sec total\n|\n|t:|1783551897\n|switch|p1a: Thundurus|Thundurus, L80, M|258/258\n|move|p2a: Hippowdon|Stone Edge|p1a: Thundurus|[miss]\n|-miss|p2a: Hippowdon|p1a: Thundurus\n|\n|-weather|Sandstorm|[upkeep]\n|-damage|p1a: Thundurus|242/258|[from] Sandstorm\n|upkeep\n|turn|8\n|inactive|Time left: 300 sec this turn | 300 sec total\n|\n|t:|1783551898\n|move|p1a: Thundurus|Grass Knot|p2a: Hippowdon\n|-supereffective|p2a: Hippowdon\n|-damage|p2a: Hippowdon|23/100\n|move|p2a: Hippowdon|Stone Edge|p1a: Thundurus\n|-supereffective|p1a: Thundurus\n|-damage|p1a: Thundurus|60/258\n|\n|-weather|Sandstorm|[upkeep]\n|-damage|p1a: Thundurus|44/258|[from] Sandstorm\n|-heal|p2a: Hippowdon|29/100|[from] item: Leftovers\n|upkeep\n|turn|9\n|inactive|Time left: 300 sec this turn | 300 sec total\n|\n|t:|1783551900\n|switch|p2a: Mismagius|Mismagius, L86, F|100/100\n|move|p1a: Thundurus|Grass Knot|p2a: Mismagius\n|-damage|p2a: Mismagius|95/100\n|\n|-weather|Sandstorm|[upkeep]\n|-damage|p2a: Mismagius|89/100|[from] Sandstorm\n|-damage|p1a: Thundurus|28/258|[from] Sandstorm\n|upkeep\n|turn|10\n|inactive|Time left: 300 sec this turn | 300 sec total\n|\n|t:|1783551901\n|move|p1a: Thundurus|Nasty Plot|p1a: Thundurus\n|-boost|p1a: Thundurus|spa|2\n|move|p2a: Mismagius|Dazzling Gleam|p1a: Thundurus\n|-damage|p1a: Thundurus|0 fnt\n|faint|p1a: Thundurus\n|\n|-weather|none\n|upkeep\n|inactive|Time left: 300 sec this turn | 300 sec total | 5 sec grace\n|\n|t:|1783551902\n|switch|p1a: Deoxys|Deoxys-Speed, L82|216/216\n|-ability|p1a: Deoxys|Pressure\n|turn|11\n|inactive|Time left: 300 sec this turn | 300 sec total\n|\n|t:|1783551903\n|move|p1a: Deoxys|Knock Off|p2a: Mismagius\n|-supereffective|p2a: Mismagius\n|-damage|p2a: Mismagius|0 fnt\n|-enditem|p2a: Mismagius|Choice Specs|[from] move: Knock Off|[of] p1a: Deoxys\n|faint|p2a: Mismagius\n|-damage|p1a: Deoxys|195/216|[from] item: Life Orb\n|\n|upkeep\n|\n|t:|1783551904\n|switch|p2a: Torkoal|Torkoal, L88, F|100/100\n|-weather|SunnyDay|[from] ability: Drought|[of] p2a: Torkoal\n|turn|12\n|inactive|Time left: 300 sec this turn | 300 sec total\n|\n|t:|1783551905\n|move|p1a: Deoxys|Psycho Boost|p2a: Torkoal\n|-damage|p2a: Torkoal|27/100\n|-unboost|p1a: Deoxys|spa|2\n|-damage|p1a: Deoxys|174/216|[from] item: Life Orb\n|move|p2a: Torkoal|Lava Plume|p1a: Deoxys\n|-damage|p1a: Deoxys|51/216\n|-status|p1a: Deoxys|brn\n|\n|-weather|SunnyDay|[upkeep]\n|-damage|p1a: Deoxys|38/216 brn|[from] brn\n|upkeep\n|turn|13\n|inactive|Time left: 300 sec this turn | 300 sec total\n|\n|t:|1783551907\n|switch|p2a: Whiscash|Whiscash, L88, M|100/100\n|move|p1a: Deoxys|Psycho Boost|p2a: Whiscash\n|-damage|p2a: Whiscash|72/100\n|-unboost|p1a: Deoxys|spa|2\n|-damage|p1a: Deoxys|17/216 brn|[from] item: Life Orb\n|\n|-weather|SunnyDay|[upkeep]\n|-damage|p1a: Deoxys|4/216 brn|[from] brn\n|upkeep\n|turn|14\n|inactive|Time left: 300 sec this turn | 300 sec total\n|\n|t:|1783551908\n|move|p1a: Deoxys|Taunt|p2a: Whiscash\n|-immune|p2a: Whiscash|[from] ability: Oblivious\n|move|p2a: Whiscash|Dragon Dance|p2a: Whiscash\n|-boost|p2a: Whiscash|atk|1\n|-boost|p2a: Whiscash|spe|1\n|\n|-weather|SunnyDay|[upkeep]\n|-damage|p1a: Deoxys|0 fnt|[from] brn\n|faint|p1a: Deoxys\n|upkeep\n|inactive|Time left: 300 sec this turn | 300 sec total | 5 sec grace\n|\n|t:|1783551909\n|switch|p1a: Crawdaunt|Crawdaunt, L84, F|243/243\n|turn|15\n|inactive|Time left: 300 sec this turn | 300 sec total\n|\n|t:|1783551910\n|switch|p1a: Noctowl|Noctowl, L95, F|67/344\n|-terastallize|p2a: Whiscash|Ground\n|move|p2a: Whiscash|Earthquake|p1a: Noctowl\n|-immune|p1a: Noctowl\n|\n|-weather|SunnyDay|[upkeep]\n|upkeep\n|turn|16\n|inactive|Time left: 300 sec this turn | 300 sec total\n|\n|t:|1783551911\n|switch|p1a: Crawdaunt|Crawdaunt, L84, F|243/243\n|move|p2a: Whiscash|Liquidation|p1a: Crawdaunt\n|-resisted|p1a: Crawdaunt\n|-damage|p1a: Crawdaunt|200/243\n|-damage|p2a: Whiscash|62/100|[from] item: Life Orb\n|\n|-weather|none\n|upkeep\n|turn|17\n|inactive|Time left: 300 sec this turn | 300 sec total\n|\n|t:|1783551911\n|switch|p1a: Noctowl|Noctowl, L95, F|67/344\n|move|p2a: Whiscash|Earthquake|p1a: Noctowl\n|-immune|p1a: Noctowl\n|\n|upkeep\n|turn|18\n|inactive|Time left: 300 sec this turn | 300 sec total\n|\n|t:|1783551912\n|switch|p1a: Crawdaunt|Crawdaunt, L84, F|200/243\n|move|p2a: Whiscash|Stone Edge|p1a: Crawdaunt\n|-crit|p1a: Crawdaunt\n|-damage|p1a: Crawdaunt|0 fnt\n|faint|p1a: Crawdaunt\n|-damage|p2a: Whiscash|52/100|[from] item: Life Orb\n|\n|upkeep\n|inactive|Time left: 300 sec this turn | 300 sec total | 5 sec grace\n|\n|t:|1783551913\n|switch|p1a: Regieleki|Regieleki, L79|240/256\n|turn|19\n|inactive|Time left: 300 sec this turn | 300 sec total\n|\n|t:|1783551914\n|move|p1a: Regieleki|Rapid Spin|p2a: Whiscash\n|-damage|p2a: Whiscash|41/100\n|-boost|p1a: Regieleki|spe|1\n|move|p2a: Whiscash|Liquidation|p1a: Regieleki\n|-damage|p1a: Regieleki|5/256\n|-damage|p2a: Whiscash|31/100|[from] item: Life Orb\n|\n|upkeep\n|turn|20\n|inactive|Time left: 300 sec this turn | 300 sec total\n|\n|t:|1783551915\n|-terastallize|p1a: Regieleki|Electric\n|move|p1a: Regieleki|Rapid Spin|p2a: Whiscash\n|-damage|p2a: Whiscash|19/100\n|-boost|p1a: Regieleki|spe|1\n|move|p2a: Whiscash|Liquidation|p1a: Regieleki\n|-damage|p1a: Regieleki|0 fnt\n|faint|p1a: Regieleki\n|-damage|p2a: Whiscash|10/100|[from] item: Life Orb\n|\n|upkeep\n|inactive|Time left: 300 sec this turn | 300 sec total | 5 sec grace\n|\n|t:|1783551916\n|switch|p1a: Noctowl|Noctowl, L95, F|67/344\n|turn|21\n|inactive|Time left: 300 sec this turn | 300 sec total\n|\n|t:|1783551917\n|move|p2a: Whiscash|Liquidation|p1a: Noctowl\n|-damage|p1a: Noctowl|0 fnt\n|faint|p1a: Noctowl\n|-damage|p2a: Whiscash|0 fnt|[from] item: Life Orb\n|faint|p2a: Whiscash\n|\n|win|p0y109706c5", "uploadtime": 1783551917, "views": 0, "rating": 0, "private": 0, "password": null, "_winner": "p0y109706c5", "_our_name": "p0x1097c816"}