{"id": "battle-gen9randombattle-893", "formatid": "gen9randombattle", "format": "[Gen 9] Random Battle", "players": ["p0x893f857", "p0y8934203"], "log": "|init|battle\n|title|p0x893f857 vs. p0y8934203\n|j|\u2606p0x893f857\n|j|\u2606p0y8934203\n|t:|1783549512\n|gametype|singles\n|player|p1|p0x893f857|1|\n|player|p2|p0y8934203|1|\n|gen|9\n|tier|[Gen 9] Random Battle\n|rule|Species Clause: Limit one of each Pok\u00e9mon\n|rule|HP Percentage Mod: HP is shown in percentages\n|rule|Sleep Clause Mod: Limit one foe put to sleep\n|rule|Illusion Level Mod: Illusion disguises the Pok\u00e9mon's true level\n|\n|t:|1783549512\n|teamsize|p1|6\n|teamsize|p2|6\n|start\n|switch|p1a: Heatran|Heatran, L79, M|100/100\n|switch|p2a: Braviary|Braviary, L85, M|309/309\n|-item|p1a: Heatran|Air Balloon\n|turn|1\n|inactive|Battle timer is ON: inactive players will automatically lose when time's up. (requested by p0x893f857)\n|inactive|Time left: 300 sec this turn | 300 sec total | 60 sec grace\n|inactive|p0y8934203 also wants the timer to be on.\n|\n|t:|1783549513\n|move|p2a: Braviary|Bulk Up|p2a: Braviary\n|-boost|p2a: Braviary|atk|1\n|-boost|p2a: Braviary|def|1\n|move|p1a: Heatran|Stealth Rock|p2a: Braviary\n|-sidestart|p2: p0y8934203|move: Stealth Rock\n|\n|upkeep\n|turn|2\n|inactive|Time left: 300 sec this turn | 300 sec total\n|\n|t:|1783549514\n|switch|p1a: Dipplin|Dipplin, L88, M|100/100\n|move|p2a: Braviary|Close Combat|p1a: Dipplin\n|-damage|p1a: Dipplin|73/100\n|-unboost|p2a: Braviary|def|1\n|-unboost|p2a: Braviary|spd|1\n|\n|upkeep\n|turn|3\n|inactive|Time left: 300 sec this turn | 300 sec total\n|\n|t:|1783549515\n|move|p2a: Braviary|Brave Bird|p1a: Dipplin\n|-supereffective|p1a: Dipplin\n|-damage|p1a: Dipplin|0 fnt\n|faint|p1a: Dipplin\n|-damage|p2a: Braviary|241/309|[from] Recoil\n|\n|upkeep\n|\n|t:|1783549516\n|switch|p1a: Palkia|Palkia, L75|100/100\n|-ability|p1a: Palkia|Pressure\n|turn|4\n|inactive|Time left: 300 sec this turn | 300 sec total\n|\n|t:|1783549517\n|switch|p2a: Volcanion|Volcanion, L79|256/256\n|move|p1a: Palkia|Hydro Pump|p2a: Volcanion\n|-immune|p2a: Volcanion|[from] ability: Water Absorb\n|\n|upkeep\n|turn|5\n|inactive|Time left: 300 sec this turn | 300 sec total\n|\n|t:|1783549519\n|move|p1a: Palkia|Draco Meteor|p2a: Volcanion\n|-damage|p2a: Volcanion|63/256\n|-unboost|p1a: Palkia|spa|2\n|move|p2a: Volcanion|Steam Eruption|p1a: Palkia\n|-resisted|p1a: Palkia\n|-damage|p1a: Palkia|89/100\n|\n|upkeep\n|turn|6\n|inactive|Time left: 300 sec this turn | 300 sec total\n|\n|t:|1783549520\n|switch|p1a: Conkeldurr|Conkeldurr, L80, M|100/100\n|move|p2a: Volcanion|Steam Eruption|p1a: Conkeldurr\n|-damage|p1a: Conkeldurr|47/100\n|-status|p1a: Conkeldurr|brn\n|\n|-damage|p1a: Conkeldurr|41/100 brn|[from] brn\n|upkeep\n|turn|7\n|inactive|Time left: 300 sec this turn | 300 sec total\n|\n|t:|1783549521\n|switch|p1a: Volcanion|Volcanion, L79|100/100\n|move|p2a: Volcanion|Steam Eruption|p1a: Volcanion\n|-immune|p1a: Volcanion|[from] ability: Water Absorb\n|\n|upkeep\n|turn|8\n|inactive|Time left: 300 sec this turn | 300 sec total\n|\n|t:|1783549522\n|move|p2a: Volcanion|Earth Power|p1a: Volcanion\n|-supereffective|p1a: Volcanion\n|-crit|p1a: Volcanion\n|-damage|p1a: Volcanion|14/100\n|move|p1a: Volcanion|Sludge Bomb|p2a: Volcanion\n|-damage|p2a: Volcanion|0 fnt\n|faint|p2a: Volcanion\n|\n|upkeep\n|inactive|Time left: 300 sec this turn | 300 sec total | 5 sec grace\n|\n|t:|1783549523\n|switch|p2a: Dragapult|Dragapult, L77, M|262/262\n|turn|9\n|inactive|Time left: 300 sec this turn | 300 sec total\n|\n|t:|1783549524\n|switch|p1a: Excadrill|Excadrill, L79, F|100/100\n|-ability|p1a: Excadrill|Mold Breaker\n|move|p2a: Dragapult|Dragon Darts|p1a: Excadrill\n|-resisted|p1a: Excadrill\n|-damage|p1a: Excadrill|87/100\n|-anim|p2a: Dragapult|Dragon Darts|p1a: Excadrill\n|-resisted|p1a: Excadrill\n|-damage|p1a: Excadrill|75/100\n|\n|-heal|p1a: Excadrill|81/100|[from] item: Leftovers\n|upkeep\n|turn|10\n|inactive|Time left: 300 sec this turn | 300 sec total\n|\n|t:|1783549526\n|move|p2a: Dragapult|Will-O-Wisp|p1a: Excadrill|[miss]\n|-miss|p2a: Dragapult|p1a: Excadrill\n|move|p1a: Excadrill|Swords Dance|p1a: Excadrill\n|-boost|p1a: Excadrill|atk|2\n|\n|-heal|p1a: Excadrill|87/100|[from] item: Leftovers\n|upkeep\n|turn|11\n|inactive|Time left: 300 sec this turn | 300 sec total\n|\n|t:|1783549527\n|move|p2a: Dragapult|Will-O-Wisp|p1a: Excadrill\n|-status|p1a: Excadrill|brn\n|move|p1a: Excadrill|Earthquake|p2a: Dragapult\n|-damage|p2a: Dragapult|118/262\n|\n|-heal|p1a: Excadrill|93/100 brn|[from] item: Leftovers\n|-damage|p1a: Excadrill|87/100 brn|[from] brn\n|upkeep\n|turn|12\n|inactive|Time left: 300 sec this turn | 300 sec total\n|\n|t:|1783549528\n|move|p2a: Dragapult|U-turn|p1a: Excadrill\n|-resisted|p1a: Excadrill\n|-damage|p1a: Excadrill|76/100 brn\n|inactive|Time left: 300 sec this turn | 300 sec total | 5 sec grace\n|\n|t:|1783549529\n|switch|p2a: Braviary|Braviary, L85, M|241/309|[from] U-turn\n|move|p1a: Excadrill|Iron Head|p2a: Braviary\n|-damage|p2a: Braviary|127/309\n|\n|-heal|p1a: Excadrill|82/100 brn|[from] item: Leftovers\n|-damage|p1a: Excadrill|76/100 brn|[from] brn\n|upkeep\n|turn|13\n|inactive|Time left: 300 sec this turn | 300 sec total\n|\n|t:|1783549530\n|move|p1a: Excadrill|Iron Head|p2a: Braviary\n|-damage|p2a: Braviary|28/309\n|move|p2a: Braviary|Close Combat|p1a: Excadrill\n|-supereffective|p1a: Excadrill\n|-damage|p1a: Excadrill|0 fnt\n|-unboost|p2a: Braviary|def|1\n|-unboost|p2a: Braviary|spd|1\n|faint|p1a: Excadrill\n|\n|upkeep\n|\n|t:|1783549531\n|switch|p1a: Palkia|Palkia, L75|89/100\n|-ability|p1a: Palkia|Pressure\n|turn|14\n|inactive|Time left: 300 sec this turn | 300 sec total\n|\n|t:|1783549532\n|move|p1a: Palkia|Fire Blast|p2a: Braviary\n|-damage|p2a: Braviary|0 fnt\n|faint|p2a: Braviary\n|\n|upkeep\n|inactive|Time left: 300 sec this turn | 300 sec total | 5 sec grace\n|\n|t:|1783549533\n|switch|p2a: Dragapult|Dragapult, L77, M|118/262\n|turn|15\n|inactive|Time left: 300 sec this turn | 300 sec total\n|\n|t:|1783549534\n|switch|p1a: Heatran|Heatran, L79, M|100/100\n|-item|p1a: Heatran|Air Balloon\n|move|p2a: Dragapult|Dragon Darts|p1a: Heatran\n|-resisted|p1a: Heatran\n|-damage|p1a: Heatran|91/100\n|-enditem|p1a: Heatran|Air Balloon\n|-anim|p2a: Dragapult|Dragon Darts|p1a: Heatran\n|-resisted|p1a: Heatran\n|-damage|p1a: Heatran|81/100\n|\n|upkeep\n|turn|16\n|inactive|Time left: 300 sec this turn | 300 sec total\n|\n|t:|1783549535\n|switch|p2a: Garganacl|Garganacl, L80, F|291/291\n|-damage|p2a: Garganacl|255/291|[from] Stealth Rock\n|move|p1a: Heatran|Heavy Slam|p2a: Garganacl\n|-supereffective|p2a: Garganacl\n|-damage|p2a: Garganacl|195/291\n|\n|-heal|p2a: Garganacl|213/291|[from] item: Leftovers\n|upkeep\n|turn|17\n|inactive|Time left: 300 sec this turn | 300 sec total\n|\n|t:|1783549536\n|move|p1a: Heatran|Earth Power|p2a: Garganacl\n|-supereffective|p2a: Garganacl\n|-damage|p2a: Garganacl|77/291\n|move|p2a: Garganacl|Salt Cure|p1a: Heatran\n|-damage|p1a: Heatran|67/100\n|-start|p1a: Heatran|Salt Cure\n|\n|-heal|p2a: Garganacl|95/291|[from] item: Leftovers\n|-damage|p1a: Heatran|42/100|[from] Salt Cure\n|upkeep\n|turn|18\n|inactive|Time left: 300 sec this turn | 300 sec total\n|\n|t:|1783549537\n|move|p1a: Heatran|Earth Power|p2a: Garganacl\n|-supereffective|p2a: Garganacl\n|-damage|p2a: Garganacl|0 fnt\n|faint|p2a: Garganacl\n|\n|-damage|p1a: Heatran|17/100|[from] Salt Cure\n|upkeep\n|inactive|Time left: 300 sec this turn | 300 sec total | 5 sec grace\n|\n|t:|1783549538\n|switch|p2a: Dragapult|Dragapult, L77, M|118/262\n|turn|19\n|inactive|Time left: 300 sec this turn | 300 sec total\n|\n|t:|1783549539\n|move|p2a: Dragapult|Dragon Darts|p1a: Heatran\n|-resisted|p1a: Heatran\n|-damage|p1a: Heatran|8/100\n|-anim|p2a: Dragapult|Dragon Darts|p1a: Heatran\n|-resisted|p1a: Heatran\n|-damage|p1a: Heatran|0 fnt\n|faint|p1a: Heatran\n|\n|upkeep\n|\n|t:|1783549539\n|switch|p1a: Palkia|Palkia, L75|89/100\n|-ability|p1a: Palkia|Pressure\n|turn|20\n|inactive|Time left: 300 sec this turn | 300 sec total\n|\n|t:|1783549540\n|-terastallize|p2a: Dragapult|Dragon\n|move|p2a: Dragapult|Dragon Darts|p1a: Palkia\n|-supereffective|p1a: Palkia\n|-damage|p1a: Palkia|35/100\n|-anim|p2a: Dragapult|Dragon Darts|p1a: Palkia\n|-supereffective|p1a: Palkia\n|-damage|p1a: Palkia|0 fnt\n|faint|p1a: Palkia\n|\n|upkeep\n|\n|t:|1783549541\n|switch|p1a: Conkeldurr|Conkeldurr, L80, M|41/100 brn\n|turn|21\n|inactive|Time left: 300 sec this turn | 300 sec total\n|\n|t:|1783549542\n|move|p1a: Conkeldurr|Mach Punch|p2a: Dragapult\n|-damage|p2a: Dragapult|16/262\n|move|p2a: Dragapult|Dragon Darts|p1a: Conkeldurr\n|-damage|p1a: Conkeldurr|16/100 brn\n|-anim|p2a: Dragapult|Dragon Darts|p1a: Conkeldurr\n|-damage|p1a: Conkeldurr|0 fnt\n|faint|p1a: Conkeldurr\n|\n|upkeep\n|\n|t:|1783549542\n|switch|p1a: Volcanion|Volcanion, L79|14/100\n|turn|22\n|inactive|Time left: 300 sec this turn | 300 sec total\n|\n|t:|1783549543\n|move|p2a: Dragapult|Dragon Darts|p1a: Volcanion\n|-damage|p1a: Volcanion|0 fnt\n|faint|p1a: Volcanion\n|\n|win|p0y8934203", "uploadtime": 1783549543, "views": 0, "rating": 0, "private": 0, "password": null, "_winner": "p0y8934203", "_our_name": "p0y8934203"}