{"id": "battle-gen9randombattle-36", "formatid": "gen9randombattle", "format": "[Gen 9] Random Battle", "players": ["p0x03664fb", "p0y036d3f6"], "log": "|init|battle\n|title|p0x03664fb vs. p0y036d3f6\n|j|\u2606p0x03664fb\n|j|\u2606p0y036d3f6\n|t:|1783534215\n|gametype|singles\n|player|p1|p0x03664fb|101|\n|player|p2|p0y036d3f6|2|\n|gen|9\n|tier|[Gen 9] Random Battle\n|rule|Species Clause: Limit one of each Pok\u00e9mon\n|rule|HP Percentage Mod: HP is shown in percentages\n|rule|Sleep Clause Mod: Limit one foe put to sleep\n|rule|Illusion Level Mod: Illusion disguises the Pok\u00e9mon's true level\n|\n|t:|1783534215\n|teamsize|p1|6\n|teamsize|p2|6\n|start\n|switch|p1a: Hariyama|Hariyama, L87, F|392/392\n|switch|p2a: Pawmot|Pawmot, L80, F|100/100\n|turn|1\n|inactive|Battle timer is ON: inactive players will automatically lose when time's up. (requested by p0x03664fb)\n|inactive|p0y036d3f6 also wants the timer to be on.\n|\n|t:|1783534216\n|move|p2a: Pawmot|Close Combat|p1a: Hariyama\n|-damage|p1a: Hariyama|176/392\n|-unboost|p2a: Pawmot|def|1\n|-unboost|p2a: Pawmot|spd|1\n|-damage|p2a: Pawmot|91/100|[from] item: Life Orb\n|move|p1a: Hariyama|Close Combat|p2a: Pawmot\n|-damage|p2a: Pawmot|0 fnt\n|-unboost|p1a: Hariyama|def|1\n|-unboost|p1a: Hariyama|spd|1\n|faint|p2a: Pawmot\n|\n|upkeep\n|\n|t:|1783534217\n|switch|p2a: Iron Bundle|Iron Bundle, L78|100/100\n|turn|2\n|inactive|Time left: 300 sec this turn | 300 sec total\n|\n|t:|1783534219\n|move|p2a: Iron Bundle|Hydro Pump|p1a: Hariyama|[miss]\n|-miss|p2a: Iron Bundle|p1a: Hariyama\n|move|p1a: Hariyama|Close Combat|p2a: Iron Bundle\n|-supereffective|p2a: Iron Bundle\n|-damage|p2a: Iron Bundle|0 fnt\n|-unboost|p1a: Hariyama|def|1\n|-unboost|p1a: Hariyama|spd|1\n|faint|p2a: Iron Bundle\n|-end|p2a: Iron Bundle|Quark Drive|[silent]\n|\n|upkeep\n|\n|t:|1783534219\n|switch|p2a: Grumpig|Grumpig, L92, F|100/100\n|turn|3\n|inactive|Time left: 300 sec this turn | 300 sec total\n|\n|t:|1783534221\n|switch|p1a: Pincurchin|Pincurchin, F|258/258\n|-fieldstart|move: Electric Terrain|[from] ability: Electric Surge|[of] p1a: Pincurchin\n|move|p2a: Grumpig|Nasty Plot|p2a: Grumpig\n|-boost|p2a: Grumpig|spa|2\n|\n|upkeep\n|turn|4\n|inactive|Time left: 300 sec this turn | 300 sec total\n|\n|t:|1783534222\n|move|p2a: Grumpig|Earth Power|p1a: Pincurchin\n|-supereffective|p1a: Pincurchin\n|-damage|p1a: Pincurchin|16/258\n|move|p1a: Pincurchin|Zing Zap|p2a: Grumpig\n|-damage|p2a: Grumpig|39/100\n|\n|-heal|p2a: Grumpig|45/100|[from] item: Leftovers\n|-heal|p1a: Pincurchin|32/258|[from] item: Leftovers\n|upkeep\n|turn|5\n|inactive|Time left: 300 sec this turn | 300 sec total\n|\n|t:|1783534223\n|move|p2a: Grumpig|Psyshock|p1a: Pincurchin\n|-damage|p1a: Pincurchin|0 fnt\n|faint|p1a: Pincurchin\n|\n|-heal|p2a: Grumpig|51/100|[from] item: Leftovers\n|upkeep\n|inactive|Time left: 300 sec this turn | 300 sec total | 5 sec grace\n|\n|t:|1783534224\n|switch|p1a: Wugtrio|Wugtrio, L91, F|212/212\n|turn|6\n|inactive|Time left: 300 sec this turn | 300 sec total\n|\n|t:|1783534225\n|switch|p2a: Pecharunt|Pecharunt, L77|100/100\n|move|p1a: Wugtrio|Liquidation|p2a: Pecharunt\n|-damage|p2a: Pecharunt|55/100\n|\n|-heal|p2a: Pecharunt|62/100|[from] item: Leftovers\n|upkeep\n|turn|7\n|inactive|Time left: 300 sec this turn | 300 sec total\n|\n|t:|1783534226\n|move|p1a: Wugtrio|Liquidation|p2a: Pecharunt\n|-damage|p2a: Pecharunt|21/100\n|move|p2a: Pecharunt|Recover|p2a: Pecharunt\n|-heal|p2a: Pecharunt|71/100\n|\n|-heal|p2a: Pecharunt|78/100|[from] item: Leftovers\n|-fieldend|move: Electric Terrain\n|upkeep\n|turn|8\n|inactive|Time left: 300 sec this turn | 300 sec total\n|\n|t:|1783534227\n|move|p1a: Wugtrio|Liquidation|p2a: Pecharunt\n|-damage|p2a: Pecharunt|34/100\n|move|p2a: Pecharunt|Recover|p2a: Pecharunt\n|-heal|p2a: Pecharunt|84/100\n|\n|-heal|p2a: Pecharunt|90/100|[from] item: Leftovers\n|upkeep\n|turn|9\n|inactive|Time left: 300 sec this turn | 300 sec total\n|\n|t:|1783534228\n|move|p1a: Wugtrio|Liquidation|p2a: Pecharunt\n|-damage|p2a: Pecharunt|49/100\n|move|p2a: Pecharunt|Malignant Chain|p1a: Wugtrio\n|-damage|p1a: Wugtrio|116/212\n|-status|p1a: Wugtrio|tox\n|-start|p1a: Wugtrio|confusion|[from] ability: Poison Puppeteer|[of] p2a: Pecharunt\n|\n|-heal|p2a: Pecharunt|55/100|[from] item: Leftovers\n|-damage|p1a: Wugtrio|103/212 tox|[from] psn\n|upkeep\n|turn|10\n|inactive|Time left: 300 sec this turn | 300 sec total\n|\n|t:|1783534229\n|switch|p1a: Mamoswine|Mamoswine, L81, M|311/311\n|move|p2a: Pecharunt|Malignant Chain|p1a: Mamoswine\n|-resisted|p1a: Mamoswine\n|-damage|p1a: Mamoswine|258/311\n|-status|p1a: Mamoswine|tox\n|-start|p1a: Mamoswine|confusion|[from] ability: Poison Puppeteer|[of] p2a: Pecharunt\n|\n|-heal|p2a: Pecharunt|62/100|[from] item: Leftovers\n|-damage|p1a: Mamoswine|239/311 tox|[from] psn\n|upkeep\n|turn|11\n|inactive|Time left: 300 sec this turn | 300 sec total\n|\n|t:|1783534229\n|move|p2a: Pecharunt|Parting Shot|p1a: Mamoswine\n|-unboost|p1a: Mamoswine|atk|1\n|-unboost|p1a: Mamoswine|spa|1\n|\n|t:|1783534230\n|switch|p2a: Grumpig|Grumpig, L92, F|51/100|[from] Parting Shot\n|-activate|p1a: Mamoswine|confusion\n|-damage|p1a: Mamoswine|212/311 tox|[from] confusion\n|\n|-heal|p2a: Grumpig|57/100|[from] item: Leftovers\n|-damage|p1a: Mamoswine|174/311 tox|[from] psn\n|upkeep\n|turn|12\n|inactive|Time left: 300 sec this turn | 300 sec total\n|\n|t:|1783534231\n|move|p2a: Grumpig|Nasty Plot|p2a: Grumpig\n|-boost|p2a: Grumpig|spa|2\n|-activate|p1a: Mamoswine|confusion\n|move|p1a: Mamoswine|Knock Off|p2a: Grumpig\n|-supereffective|p2a: Grumpig\n|-damage|p2a: Grumpig|0 fnt\n|-enditem|p2a: Grumpig|Leftovers|[from] move: Knock Off|[of] p1a: Mamoswine\n|faint|p2a: Grumpig\n|\n|-damage|p1a: Mamoswine|117/311 tox|[from] psn\n|upkeep\n|\n|t:|1783534232\n|switch|p2a: Pecharunt|Pecharunt, L77|62/100\n|turn|13\n|inactive|Time left: 300 sec this turn | 300 sec total\n|\n|t:|1783534233\n|move|p2a: Pecharunt|Recover|p2a: Pecharunt\n|-heal|p2a: Pecharunt|100/100\n|-end|p1a: Mamoswine|confusion\n|move|p1a: Mamoswine|Knock Off|p2a: Pecharunt\n|-supereffective|p2a: Pecharunt\n|-crit|p2a: Pecharunt\n|-damage|p2a: Pecharunt|10/100\n|-enditem|p2a: Pecharunt|Leftovers|[from] move: Knock Off|[of] p1a: Mamoswine\n|\n|-damage|p1a: Mamoswine|41/311 tox|[from] psn\n|upkeep\n|turn|14\n|inactive|Time left: 300 sec this turn | 300 sec total\n|\n|t:|1783534233\n|move|p2a: Pecharunt|Recover|p2a: Pecharunt\n|-heal|p2a: Pecharunt|60/100\n|move|p1a: Mamoswine|Knock Off|p2a: Pecharunt\n|-supereffective|p2a: Pecharunt\n|-damage|p2a: Pecharunt|33/100\n|\n|-damage|p1a: Mamoswine|0 fnt|[from] psn\n|faint|p1a: Mamoswine\n|upkeep\n|inactive|Time left: 300 sec this turn | 300 sec total | 5 sec grace\n|\n|t:|1783534234\n|switch|p1a: Wugtrio|Wugtrio, L91, F|103/212 tox\n|turn|15\n|inactive|Time left: 300 sec this turn | 300 sec total\n|\n|t:|1783534235\n|move|p1a: Wugtrio|Liquidation|p2a: Pecharunt\n|-damage|p2a: Pecharunt|0 fnt\n|faint|p2a: Pecharunt\n|\n|-damage|p1a: Wugtrio|90/212 tox|[from] psn\n|upkeep\n|\n|t:|1783534236\n|switch|p2a: Coalossal|Coalossal, L89, M|100/100\n|turn|16\n|inactive|Time left: 300 sec this turn | 300 sec total\n|\n|t:|1783534237\n|-terastallize|p2a: Coalossal|Water\n|move|p1a: Wugtrio|Liquidation|p2a: Coalossal\n|-resisted|p2a: Coalossal\n|-damage|p2a: Coalossal|83/100\n|move|p2a: Coalossal|Stealth Rock|p1a: Wugtrio\n|-sidestart|p1: p0x03664fb|move: Stealth Rock\n|\n|-damage|p1a: Wugtrio|64/212 tox|[from] psn\n|upkeep\n|turn|17\n|inactive|Time left: 300 sec this turn | 300 sec total\n|\n|t:|1783534238\n|move|p1a: Wugtrio|Liquidation|p2a: Coalossal\n|-resisted|p2a: Coalossal\n|-damage|p2a: Coalossal|66/100\n|move|p2a: Coalossal|Spikes|p1a: Wugtrio\n|-sidestart|p1: p0x03664fb|Spikes\n|\n|-damage|p1a: Wugtrio|25/212 tox|[from] psn\n|upkeep\n|turn|18\n|inactive|Time left: 300 sec this turn | 300 sec total\n|\n|t:|1783534239\n|move|p1a: Wugtrio|Liquidation|p2a: Coalossal\n|-resisted|p2a: Coalossal\n|-damage|p2a: Coalossal|48/100\n|move|p2a: Coalossal|Spikes|p1a: Wugtrio\n|-sidestart|p1: p0x03664fb|Spikes\n|\n|-damage|p1a: Wugtrio|0 fnt|[from] psn\n|faint|p1a: Wugtrio\n|upkeep\n|inactive|Time left: 300 sec this turn | 300 sec total | 5 sec grace\n|\n|t:|1783534240\n|switch|p1a: Rotom|Rotom-Mow, L87|229/229\n|-damage|p1a: Rotom|201/229|[from] Stealth Rock\n|turn|19\n|inactive|Time left: 300 sec this turn | 300 sec total\n|\n|t:|1783534241\n|move|p1a: Rotom|Thunderbolt|p2a: Coalossal\n|-supereffective|p2a: Coalossal\n|-damage|p2a: Coalossal|0 fnt\n|faint|p2a: Coalossal\n|\n|-heal|p1a: Rotom|215/229|[from] item: Leftovers\n|upkeep\n|\n|t:|1783534242\n|switch|p2a: Delibird|Delibird, F|100/100\n|turn|20\n|inactive|Time left: 300 sec this turn | 300 sec total\n|\n|t:|1783534243\n|move|p2a: Delibird|Freeze-Dry|p1a: Rotom\n|-supereffective|p1a: Rotom\n|-damage|p1a: Rotom|93/229\n|move|p1a: Rotom|Thunderbolt|p2a: Delibird\n|-supereffective|p2a: Delibird\n|-damage|p2a: Delibird|0 fnt\n|faint|p2a: Delibird\n|\n|win|p0x03664fb", "uploadtime": 1783534243, "views": 0, "rating": 0, "private": 0, "password": null, "_winner": "p0x03664fb", "_our_name": "p0x03664fb"}