{"id": "battle-gen9randombattle-2067", "formatid": "gen9randombattle", "format": "[Gen 9] Random Battle", "players": ["p0x2067ecd1", "p0y2067ece5"], "log": "|init|battle\n|title|p0x2067ecd1 vs. p0y2067ece5\n|j|\u2606p0x2067ecd1\n|j|\u2606p0y2067ece5\n|t:|1783563969\n|gametype|singles\n|player|p1|p0x2067ecd1|170|\n|player|p2|p0y2067ece5|265|\n|gen|9\n|tier|[Gen 9] Random Battle\n|rule|Species Clause: Limit one of each Pok\u00e9mon\n|rule|HP Percentage Mod: HP is shown in percentages\n|rule|Sleep Clause Mod: Limit one foe put to sleep\n|rule|Illusion Level Mod: Illusion disguises the Pok\u00e9mon's true level\n|\n|t:|1783563969\n|teamsize|p1|6\n|teamsize|p2|6\n|start\n|switch|p1a: Espathra|Espathra, L80, M|100/100\n|switch|p2a: Archaludon|Archaludon, L78, M|268/268\n|turn|1\n|inactive|Battle timer is ON: inactive players will automatically lose when time's up. (requested by p0y2067ece5)\n|inactive|p0x2067ecd1 also wants the timer to be on.\n|\n|t:|1783563971\n|move|p1a: Espathra|Calm Mind|p1a: Espathra\n|-boost|p1a: Espathra|spa|1\n|-boost|p1a: Espathra|spd|1\n|move|p2a: Archaludon|Outrage|p1a: Espathra\n|-damage|p1a: Espathra|41/100\n|\n|-heal|p1a: Espathra|47/100|[from] item: Leftovers\n|-ability|p1a: Espathra|Speed Boost|boost\n|-boost|p1a: Espathra|spe|1\n|upkeep\n|turn|2\n|inactive|Time left: 300 sec this turn | 300 sec total\n|\n|t:|1783563972\n|-terastallize|p1a: Espathra|Fairy\n|move|p1a: Espathra|Calm Mind|p1a: Espathra\n|-boost|p1a: Espathra|spa|1\n|-boost|p1a: Espathra|spd|1\n|move|p2a: Archaludon|Outrage|p1a: Espathra|[from] lockedmove\n|-immune|p1a: Espathra\n|\n|-heal|p1a: Espathra|53/100|[from] item: Leftovers\n|-ability|p1a: Espathra|Speed Boost|boost\n|-boost|p1a: Espathra|spe|1\n|upkeep\n|turn|3\n|inactive|Time left: 300 sec this turn | 300 sec total\n|\n|t:|1783563973\n|move|p1a: Espathra|Dazzling Gleam|p2a: Archaludon\n|-damage|p2a: Archaludon|60/268\n|-ability|p2a: Archaludon|Stamina|boost\n|-boost|p2a: Archaludon|def|1\n|move|p2a: Archaludon|Iron Head|p1a: Espathra\n|-supereffective|p1a: Espathra\n|-damage|p1a: Espathra|0 fnt\n|faint|p1a: Espathra\n|\n|upkeep\n|\n|t:|1783563973\n|switch|p1a: Galvantula|Galvantula, L82, M|100/100\n|turn|4\n|inactive|Time left: 300 sec this turn | 300 sec total\n|\n|t:|1783563974\n|move|p1a: Galvantula|Sticky Web|p2a: Archaludon\n|-sidestart|p2: p0y2067ece5|move: Sticky Web\n|move|p2a: Archaludon|Outrage|p1a: Galvantula\n|-damage|p1a: Galvantula|35/100\n|\n|upkeep\n|turn|5\n|inactive|Time left: 300 sec this turn | 300 sec total\n|\n|t:|1783563975\n|switch|p1a: Primarina|Primarina, L83, F|100/100\n|move|p2a: Archaludon|Outrage|p1a: Primarina|[from] lockedmove\n|-immune|p1a: Primarina\n|-start|p2a: Archaludon|confusion|[fatigue]\n|-enditem|p2a: Archaludon|Lum Berry|[eat]\n|-end|p2a: Archaludon|confusion\n|\n|upkeep\n|turn|6\n|inactive|Time left: 300 sec this turn | 300 sec total\n|\n|t:|1783563976\n|move|p2a: Archaludon|Iron Head|p1a: Primarina\n|-damage|p1a: Primarina|67/100\n|move|p1a: Primarina|Moonblast|p2a: Archaludon\n|-damage|p2a: Archaludon|0 fnt\n|faint|p2a: Archaludon\n|\n|upkeep\n|inactive|Time left: 300 sec this turn | 300 sec total | 5 sec grace\n|\n|t:|1783563977\n|switch|p2a: Porygon2|Porygon2, L81|270/270\n|-activate|p2a: Porygon2|move: Sticky Web\n|-unboost|p2a: Porygon2|spe|1\n|-ability|p2a: Porygon2|Download|boost\n|-boost|p2a: Porygon2|atk|1\n|turn|7\n|inactive|Time left: 300 sec this turn | 300 sec total\n|\n|t:|1783563977\n|move|p1a: Primarina|Moonblast|p2a: Porygon2\n|-damage|p2a: Porygon2|141/270\n|move|p2a: Porygon2|Tri Attack|p1a: Primarina\n|-damage|p1a: Primarina|42/100\n|\n|upkeep\n|turn|8\n|inactive|Time left: 300 sec this turn | 300 sec total\n|\n|t:|1783563978\n|move|p1a: Primarina|Moonblast|p2a: Porygon2\n|-damage|p2a: Porygon2|32/270\n|move|p2a: Porygon2|Recover|p2a: Porygon2\n|-heal|p2a: Porygon2|167/270\n|\n|upkeep\n|turn|9\n|inactive|Time left: 300 sec this turn | 300 sec total\n|\n|t:|1783563979\n|move|p1a: Primarina|Moonblast|p2a: Porygon2\n|-damage|p2a: Porygon2|47/270\n|-unboost|p2a: Porygon2|spa|1\n|move|p2a: Porygon2|Recover|p2a: Porygon2\n|-heal|p2a: Porygon2|182/270\n|\n|upkeep\n|turn|10\n|inactive|Time left: 300 sec this turn | 300 sec total\n|\n|t:|1783563980\n|move|p1a: Primarina|Moonblast|p2a: Porygon2\n|-damage|p2a: Porygon2|58/270\n|move|p2a: Porygon2|Recover|p2a: Porygon2\n|-heal|p2a: Porygon2|193/270\n|\n|upkeep\n|turn|11\n|inactive|Time left: 300 sec this turn | 300 sec total\n|\n|t:|1783563981\n|move|p1a: Primarina|Moonblast|p2a: Porygon2\n|-damage|p2a: Porygon2|84/270\n|move|p2a: Porygon2|Recover|p2a: Porygon2\n|-heal|p2a: Porygon2|219/270\n|\n|upkeep\n|turn|12\n|inactive|Time left: 300 sec this turn | 300 sec total\n|\n|t:|1783563982\n|move|p1a: Primarina|Moonblast|p2a: Porygon2\n|-damage|p2a: Porygon2|90/270\n|move|p2a: Porygon2|Recover|p2a: Porygon2\n|-heal|p2a: Porygon2|225/270\n|\n|upkeep\n|turn|13\n|inactive|Time left: 300 sec this turn | 300 sec total\n|\n|t:|1783563983\n|move|p1a: Primarina|Moonblast|p2a: Porygon2\n|-damage|p2a: Porygon2|116/270\n|move|p2a: Porygon2|Recover|p2a: Porygon2\n|-heal|p2a: Porygon2|251/270\n|\n|upkeep\n|turn|14\n|inactive|Time left: 300 sec this turn | 300 sec total\n|\n|t:|1783563984\n|move|p1a: Primarina|Moonblast|p2a: Porygon2\n|-damage|p2a: Porygon2|128/270\n|-unboost|p2a: Porygon2|spa|1\n|move|p2a: Porygon2|Recover|p2a: Porygon2\n|-heal|p2a: Porygon2|263/270\n|\n|upkeep\n|turn|15\n|inactive|Time left: 300 sec this turn | 300 sec total\n|\n|t:|1783563985\n|move|p1a: Primarina|Moonblast|p2a: Porygon2\n|-damage|p2a: Porygon2|137/270\n|move|p2a: Porygon2|Discharge|p1a: Primarina\n|-supereffective|p1a: Primarina\n|-damage|p1a: Primarina|25/100\n|\n|upkeep\n|turn|16\n|inactive|Time left: 300 sec this turn | 300 sec total\n|\n|t:|1783563986\n|move|p1a: Primarina|Moonblast|p2a: Porygon2\n|-damage|p2a: Porygon2|8/270\n|move|p2a: Porygon2|Recover|p2a: Porygon2\n|-heal|p2a: Porygon2|143/270\n|\n|upkeep\n|turn|17\n|inactive|Time left: 300 sec this turn | 300 sec total\n|\n|t:|1783563987\n|move|p1a: Primarina|Moonblast|p2a: Porygon2\n|-damage|p2a: Porygon2|29/270\n|move|p2a: Porygon2|Tri Attack|p1a: Primarina\n|-damage|p1a: Primarina|12/100\n|-status|p1a: Primarina|frz\n|\n|upkeep\n|turn|18\n|inactive|Time left: 300 sec this turn | 300 sec total\n|\n|t:|1783563988\n|switch|p1a: Coalossal|Coalossal, L89, F|100/100\n|switch|p2a: Spidops|Spidops, L96, M|271/271\n|\n|upkeep\n|turn|19\n|inactive|Time left: 300 sec this turn | 300 sec total\n|\n|t:|1783563989\n|move|p2a: Spidops|Sticky Web|p1a: Coalossal\n|-sidestart|p1: p0x2067ecd1|move: Sticky Web\n|move|p1a: Coalossal|Flamethrower|p2a: Spidops\n|-supereffective|p2a: Spidops\n|-damage|p2a: Spidops|101/271\n|\n|upkeep\n|turn|20\n|inactive|Time left: 300 sec this turn | 300 sec total\n|\n|t:|1783563991\n|switch|p2a: Altaria|Altaria, L89, M|278/278\n|move|p1a: Coalossal|Rapid Spin|p2a: Altaria\n|-damage|p2a: Altaria|244/278\n|-boost|p1a: Coalossal|spe|1\n|-sideend|p1: p0x2067ecd1|Sticky Web|[from] move: Rapid Spin|[of] p1a: Coalossal\n|\n|upkeep\n|turn|21\n|inactive|Time left: 300 sec this turn | 300 sec total\n|\n|t:|1783563992\n|move|p2a: Altaria|Dragon Dance|p2a: Altaria\n|-boost|p2a: Altaria|atk|1\n|-boost|p2a: Altaria|spe|1\n|move|p1a: Coalossal|Stone Edge|p2a: Altaria\n|-supereffective|p2a: Altaria\n|-damage|p2a: Altaria|62/278\n|\n|upkeep\n|turn|22\n|inactive|Time left: 300 sec this turn | 300 sec total\n|\n|t:|1783563993\n|move|p2a: Altaria|Roost|p2a: Altaria\n|-heal|p2a: Altaria|201/278\n|-singleturn|p2a: Altaria|move: Roost\n|move|p1a: Coalossal|Stone Edge|p2a: Altaria|[miss]\n|-miss|p1a: Coalossal|p2a: Altaria\n|\n|upkeep\n|turn|23\n|inactive|Time left: 300 sec this turn | 300 sec total\n|\n|t:|1783563994\n|-terastallize|p2a: Altaria|Ground\n|move|p2a: Altaria|Earthquake|p1a: Coalossal\n|-supereffective|p1a: Coalossal\n|-damage|p1a: Coalossal|0 fnt\n|faint|p1a: Coalossal\n|\n|upkeep\n|\n|t:|1783563995\n|switch|p1a: Primarina|Primarina, L83, F|12/100 frz\n|turn|24\n|inactive|Time left: 300 sec this turn | 300 sec total\n|\n|t:|1783563996\n|move|p2a: Altaria|Dragon Dance|p2a: Altaria\n|-boost|p2a: Altaria|atk|1\n|-boost|p2a: Altaria|spe|1\n|cant|p1a: Primarina|frz\n|\n|upkeep\n|turn|25\n|inactive|Time left: 300 sec this turn | 300 sec total\n|\n|t:|1783563997\n|move|p2a: Altaria|Earthquake|p1a: Primarina\n|-damage|p1a: Primarina|0 fnt\n|faint|p1a: Primarina\n|\n|upkeep\n|\n|t:|1783563998\n|switch|p1a: Galvantula|Galvantula, L82, M|35/100\n|turn|26\n|inactive|Time left: 300 sec this turn | 300 sec total\n|\n|t:|1783564000\n|move|p2a: Altaria|Earthquake|p1a: Galvantula\n|-damage|p1a: Galvantula|0 fnt\n|faint|p1a: Galvantula\n|\n|upkeep\n|\n|t:|1783564001\n|switch|p1a: Eternatus|Eternatus, L69|100/100\n|-ability|p1a: Eternatus|Pressure\n|turn|27\n|inactive|Time left: 300 sec this turn | 300 sec total\n|\n|t:|1783564002\n|switch|p1a: Decidueye|Decidueye, L88, M|100/100\n|move|p2a: Altaria|Earthquake|p1a: Decidueye\n|-resisted|p1a: Decidueye\n|-damage|p1a: Decidueye|68/100\n|\n|upkeep\n|turn|28\n|inactive|Time left: 300 sec this turn | 300 sec total\n|\n|t:|1783564003\n|switch|p1a: Eternatus|Eternatus, L69|100/100\n|-ability|p1a: Eternatus|Pressure\n|move|p2a: Altaria|Brave Bird|p1a: Eternatus\n|-damage|p1a: Eternatus|21/100\n|-damage|p2a: Altaria|120/278|[from] Recoil\n|\n|-heal|p1a: Eternatus|27/100|[from] item: Leftovers\n|upkeep\n|turn|29\n|inactive|Time left: 300 sec this turn | 300 sec total\n|\n|t:|1783564004\n|switch|p1a: Decidueye|Decidueye, L88, M|68/100\n|move|p2a: Altaria|Brave Bird|p1a: Decidueye\n|-supereffective|p1a: Decidueye\n|-damage|p1a: Decidueye|0 fnt\n|faint|p1a: Decidueye\n|-damage|p2a: Altaria|58/278|[from] Recoil\n|\n|upkeep\n|\n|t:|1783564004\n|switch|p1a: Eternatus|Eternatus, L69|27/100\n|-ability|p1a: Eternatus|Pressure\n|turn|30\n|inactive|Time left: 300 sec this turn | 300 sec total\n|\n|t:|1783564005\n|move|p2a: Altaria|Earthquake|p1a: Eternatus\n|-supereffective|p1a: Eternatus\n|-damage|p1a: Eternatus|0 fnt\n|faint|p1a: Eternatus\n|\n|win|p0y2067ece5", "uploadtime": 1783564005, "views": 0, "rating": 0, "private": 0, "password": null, "_winner": "p0y2067ece5", "_our_name": "p0y2067ece5"}