{"id": "battle-gen9randombattle-2444", "formatid": "gen9randombattle", "format": "[Gen 9] Random Battle", "players": ["p0x2444c14f", "p0y24442186"], "log": "|init|battle\n|title|p0x2444c14f vs. p0y24442186\n|j|\u2606p0x2444c14f\n|j|\u2606p0y24442186\n|t:|1783567350\n|gametype|singles\n|player|p1|p0x2444c14f|266|\n|player|p2|p0y24442186|169|\n|gen|9\n|tier|[Gen 9] Random Battle\n|rule|Species Clause: Limit one of each Pok\u00e9mon\n|rule|HP Percentage Mod: HP is shown in percentages\n|rule|Sleep Clause Mod: Limit one foe put to sleep\n|rule|Illusion Level Mod: Illusion disguises the Pok\u00e9mon's true level\n|\n|t:|1783567350\n|teamsize|p1|6\n|teamsize|p2|6\n|start\n|switch|p1a: Umbreon|Umbreon, L84, F|297/297\n|switch|p2a: Zangoose|Zangoose, L85, F|100/100\n|turn|1\n|inactive|Battle timer is ON: inactive players will automatically lose when time's up. (requested by p0x2444c14f)\n|inactive|p0y24442186 also wants the timer to be on.\n|\n|t:|1783567352\n|move|p2a: Zangoose|Knock Off|p1a: Umbreon\n|-resisted|p1a: Umbreon\n|-damage|p1a: Umbreon|262/297\n|-enditem|p1a: Umbreon|Leftovers|[from] move: Knock Off|[of] p2a: Zangoose\n|move|p1a: Umbreon|Foul Play|p2a: Zangoose\n|-damage|p2a: Zangoose|43/100\n|\n|-status|p2a: Zangoose|tox|[from] item: Toxic Orb\n|upkeep\n|turn|2\n|inactive|Time left: 300 sec this turn | 300 sec total\n|\n|t:|1783567353\n|-terastallize|p2a: Zangoose|Normal\n|move|p2a: Zangoose|Facade|p1a: Umbreon\n|-damage|p1a: Umbreon|0 fnt\n|faint|p1a: Umbreon\n|\n|-damage|p2a: Zangoose|37/100 tox|[from] psn\n|upkeep\n|inactive|Time left: 300 sec this turn | 300 sec total | 5 sec grace\n|\n|t:|1783567353\n|switch|p1a: Basculin|Basculin, L86, F|261/261\n|turn|3\n|inactive|Time left: 300 sec this turn | 300 sec total\n|\n|t:|1783567354\n|switch|p2a: Eiscue|Eiscue, L88, M|100/100\n|move|p1a: Basculin|Flip Turn|p2a: Eiscue\n|-activate|p2a: Eiscue|ability: Ice Face\n|-damage|p2a: Eiscue|100/100\n|detailschange|p2a: Eiscue|Eiscue-Noice, L88, M\n|inactive|Time left: 300 sec this turn | 300 sec total | 5 sec grace\n|\n|t:|1783567356\n|switch|p1a: Smeargle|Smeargle, L95, F|258/258|[from] Flip Turn\n|\n|upkeep\n|turn|4\n|inactive|Time left: 300 sec this turn | 300 sec total\n|\n|t:|1783567357\n|move|p2a: Eiscue|Zen Headbutt|p1a: Smeargle\n|-crit|p1a: Smeargle\n|-damage|p1a: Smeargle|120/258\n|move|p1a: Smeargle|Sticky Web|p2a: Eiscue\n|-sidestart|p2: p0y24442186|move: Sticky Web\n|\n|upkeep\n|turn|5\n|inactive|Time left: 300 sec this turn | 300 sec total\n|\n|t:|1783567358\n|switch|p1a: Mesprit|Mesprit, L85|275/275\n|move|p2a: Eiscue|Ice Spinner|p1a: Mesprit\n|-crit|p1a: Mesprit\n|-damage|p1a: Mesprit|166/275\n|\n|upkeep\n|turn|6\n|inactive|Time left: 300 sec this turn | 300 sec total\n|\n|t:|1783567359\n|switch|p2a: Qwilfish|Qwilfish-Hisui, L83, M|100/100\n|-activate|p2a: Qwilfish|move: Sticky Web\n|-unboost|p2a: Qwilfish|spe|1\n|-ability|p2a: Qwilfish|Intimidate|boost\n|-unboost|p1a: Mesprit|atk|1\n|move|p1a: Mesprit|Psychic|p2a: Qwilfish\n|-immune|p2a: Qwilfish\n|\n|upkeep\n|turn|7\n|inactive|Time left: 300 sec this turn | 300 sec total\n|\n|t:|1783567360\n|switch|p1a: Whiscash|Whiscash, L88, F|337/337\n|move|p2a: Qwilfish|Gunk Shot|p1a: Whiscash|[miss]\n|-miss|p2a: Qwilfish|p1a: Whiscash\n|\n|upkeep\n|turn|8\n|inactive|Time left: 300 sec this turn | 300 sec total\n|\n|t:|1783567361\n|move|p1a: Whiscash|Dragon Dance|p1a: Whiscash\n|-boost|p1a: Whiscash|atk|1\n|-boost|p1a: Whiscash|spe|1\n|move|p2a: Qwilfish|Toxic Spikes|p1a: Whiscash\n|-sidestart|p1: p0x2444c14f|move: Toxic Spikes\n|\n|upkeep\n|turn|9\n|inactive|Time left: 300 sec this turn | 300 sec total\n|\n|t:|1783567362\n|switch|p2a: Zangoose|Zangoose, L85, F, tera:Normal|37/100 tox\n|-activate|p2a: Zangoose|move: Sticky Web\n|-unboost|p2a: Zangoose|spe|1\n|move|p1a: Whiscash|Earthquake|p2a: Zangoose\n|-damage|p2a: Zangoose|0 fnt\n|faint|p2a: Zangoose\n|-damage|p1a: Whiscash|304/337|[from] item: Life Orb\n|\n|upkeep\n|\n|t:|1783567363\n|switch|p2a: Indeedee|Indeedee-F, L90, F|100/100\n|-activate|p2a: Indeedee|move: Sticky Web\n|-unboost|p2a: Indeedee|spe|1\n|-fieldstart|move: Psychic Terrain|[from] ability: Psychic Surge|[of] p2a: Indeedee\n|turn|10\n|inactive|Time left: 300 sec this turn | 300 sec total\n|\n|t:|1783567364\n|-terastallize|p1a: Whiscash|Ground\n|move|p1a: Whiscash|Earthquake|p2a: Indeedee\n|-damage|p2a: Indeedee|0 fnt\n|faint|p2a: Indeedee\n|-damage|p1a: Whiscash|271/337|[from] item: Life Orb\n|\n|upkeep\n|\n|t:|1783567365\n|switch|p2a: Eiscue|Eiscue-Noice, L88, M|100/100\n|-activate|p2a: Eiscue|move: Sticky Web\n|-unboost|p2a: Eiscue|spe|1\n|turn|11\n|inactive|Time left: 300 sec this turn | 300 sec total\n|\n|t:|1783567366\n|move|p1a: Whiscash|Earthquake|p2a: Eiscue\n|-damage|p2a: Eiscue|0 fnt\n|faint|p2a: Eiscue\n|-damage|p1a: Whiscash|238/337|[from] item: Life Orb\n|\n|upkeep\n|\n|t:|1783567367\n|switch|p2a: Qwilfish|Qwilfish-Hisui, L83, M|100/100\n|-activate|p2a: Qwilfish|move: Sticky Web\n|-unboost|p2a: Qwilfish|spe|1\n|-ability|p2a: Qwilfish|Intimidate|boost\n|-fail|p1a: Whiscash|unboost|Attack|[from] ability: Oblivious|[of] p1a: Whiscash\n|turn|12\n|inactive|Time left: 300 sec this turn | 300 sec total\n|\n|t:|1783567368\n|move|p1a: Whiscash|Earthquake|p2a: Qwilfish\n|-supereffective|p2a: Qwilfish\n|-damage|p2a: Qwilfish|0 fnt\n|faint|p2a: Qwilfish\n|-damage|p1a: Whiscash|205/337|[from] item: Life Orb\n|\n|upkeep\n|\n|t:|1783567369\n|switch|p2a: Zebstrika|Zebstrika, L87, M|100/100\n|-activate|p2a: Zebstrika|move: Sticky Web\n|-unboost|p2a: Zebstrika|spe|1\n|turn|13\n|inactive|Time left: 300 sec this turn | 300 sec total\n|\n|t:|1783567370\n|move|p1a: Whiscash|Earthquake|p2a: Zebstrika\n|-supereffective|p2a: Zebstrika\n|-damage|p2a: Zebstrika|0 fnt\n|faint|p2a: Zebstrika\n|-damage|p1a: Whiscash|172/337|[from] item: Life Orb\n|\n|upkeep\n|\n|t:|1783567370\n|switch|p2a: Metagross|Metagross, L79|100/100\n|-activate|p2a: Metagross|move: Sticky Web\n|-fail|p2a: Metagross|unboost|[from] ability: Clear Body|[of] p2a: Metagross\n|turn|14\n|inactive|Time left: 300 sec this turn | 300 sec total\n|\n|t:|1783567371\n|move|p1a: Whiscash|Earthquake|p2a: Metagross\n|-supereffective|p2a: Metagross\n|-damage|p2a: Metagross|0 fnt\n|faint|p2a: Metagross\n|-damage|p1a: Whiscash|139/337|[from] item: Life Orb\n|\n|win|p0x2444c14f", "uploadtime": 1783567371, "views": 0, "rating": 0, "private": 0, "password": null, "_winner": "p0x2444c14f", "_our_name": "p0x2444c14f"}