{"id": "battle-gen9randombattle-171", "formatid": "gen9randombattle", "format": "[Gen 9] Random Battle", "players": ["p0x171be46", "p0y17106cd"], "log": "|init|battle\n|title|p0x171be46 vs. p0y17106cd\n|j|\u2606p0x171be46\n|j|\u2606p0y17106cd\n|t:|1783541108\n|gametype|singles\n|player|p1|p0x171be46|1|\n|player|p2|p0y17106cd|169|\n|gen|9\n|tier|[Gen 9] Random Battle\n|rule|Species Clause: Limit one of each Pok\u00e9mon\n|rule|HP Percentage Mod: HP is shown in percentages\n|rule|Sleep Clause Mod: Limit one foe put to sleep\n|rule|Illusion Level Mod: Illusion disguises the Pok\u00e9mon's true level\n|\n|t:|1783541108\n|teamsize|p1|6\n|teamsize|p2|6\n|start\n|switch|p1a: Leavanny|Leavanny, L86, F|100/100\n|switch|p2a: Coalossal|Coalossal, L89, F|341/341\n|turn|1\n|inactive|Battle timer is ON: inactive players will automatically lose when time's up. (requested by p0y17106cd)\n|inactive|p0x171be46 also wants the timer to be on.\n|\n|t:|1783541110\n|move|p1a: Leavanny|Sticky Web|p2a: Coalossal\n|-sidestart|p2: p0y17106cd|move: Sticky Web\n|move|p2a: Coalossal|Flamethrower|p1a: Leavanny\n|-supereffective|p1a: Leavanny\n|-damage|p1a: Leavanny|0 fnt\n|faint|p1a: Leavanny\n|\n|upkeep\n|\n|t:|1783541111\n|switch|p1a: Palossand|Palossand, L89, F|100/100\n|turn|2\n|inactive|Time left: 300 sec this turn | 300 sec total\n|\n|t:|1783541113\n|switch|p2a: Furret|Furret, L94, M|312/312\n|-activate|p2a: Furret|move: Sticky Web\n|-unboost|p2a: Furret|spe|1\n|-item|p1a: Palossand|Leftovers|[from] ability: Frisk|[of] p2a: Furret\n|move|p1a: Palossand|Earth Power|p2a: Furret\n|-damage|p2a: Furret|182/312\n|\n|upkeep\n|turn|3\n|inactive|Time left: 300 sec this turn | 300 sec total\n|\n|t:|1783541114\n|move|p2a: Furret|Tidy Up|p2a: Furret\n|-sideend|p2: p0y17106cd|Sticky Web\n|-activate|p2a: Furret|move: Tidy Up\n|-boost|p2a: Furret|atk|1\n|-boost|p2a: Furret|spe|1\n|move|p1a: Palossand|Earth Power|p2a: Furret\n|-damage|p2a: Furret|38/312\n|\n|upkeep\n|turn|4\n|inactive|Time left: 300 sec this turn | 300 sec total\n|\n|t:|1783541115\n|move|p2a: Furret|Knock Off|p1a: Palossand\n|-supereffective|p1a: Palossand\n|-damage|p1a: Palossand|27/100\n|-enditem|p1a: Palossand|Leftovers|[from] move: Knock Off|[of] p2a: Furret\n|-damage|p2a: Furret|7/312|[from] item: Life Orb\n|move|p1a: Palossand|Earth Power|p2a: Furret\n|-damage|p2a: Furret|0 fnt\n|faint|p2a: Furret\n|\n|upkeep\n|inactive|Time left: 300 sec this turn | 300 sec total | 5 sec grace\n|\n|t:|1783541116\n|switch|p2a: Flareon|Flareon, L90, F|263/263\n|turn|5\n|inactive|Time left: 300 sec this turn | 300 sec total\n|\n|t:|1783541117\n|move|p2a: Flareon|Trailblaze|p1a: Palossand\n|-supereffective|p1a: Palossand\n|-damage|p1a: Palossand|0 fnt\n|-boost|p2a: Flareon|spe|1\n|faint|p1a: Palossand\n|\n|-status|p2a: Flareon|tox|[from] item: Toxic Orb\n|upkeep\n|\n|t:|1783541118\n|switch|p1a: Glalie|Glalie, L96, M|100/100\n|turn|6\n|inactive|Time left: 300 sec this turn | 300 sec total\n|\n|t:|1783541119\n|-terastallize|p1a: Glalie|Ground\n|move|p2a: Flareon|Flare Blitz|p1a: Glalie\n|-crit|p1a: Glalie\n|-damage|p1a: Glalie|0 fnt\n|faint|p1a: Glalie\n|-damage|p2a: Flareon|161/263 tox|[from] Recoil\n|\n|-damage|p2a: Flareon|145/263 tox|[from] psn\n|upkeep\n|\n|t:|1783541120\n|switch|p1a: Ditto|Ditto, L87|100/100\n|-transform|p1a: Ditto|p2a: Flareon|[from] ability: Imposter\n|turn|7\n|inactive|Time left: 300 sec this turn | 300 sec total\n|\n|t:|1783541121\n|switch|p1a: Banette|Banette, L93, F|100/100\n|move|p2a: Flareon|Facade|p1a: Banette\n|-immune|p1a: Banette\n|\n|-damage|p2a: Flareon|113/263 tox|[from] psn\n|upkeep\n|turn|8\n|inactive|Time left: 300 sec this turn | 300 sec total\n|\n|t:|1783541122\n|move|p1a: Banette|Shadow Sneak|p2a: Flareon\n|-damage|p2a: Flareon|10/263 tox\n|-damage|p1a: Banette|90/100|[from] item: Life Orb\n|move|p2a: Flareon|Flare Blitz|p1a: Banette\n|-damage|p1a: Banette|0 fnt\n|faint|p1a: Banette\n|-damage|p2a: Flareon|0 fnt|[from] Recoil\n|faint|p2a: Flareon\n|\n|upkeep\n|inactive|Time left: 300 sec this turn | 300 sec total | 5 sec grace\n|\n|t:|1783541123\n|switch|p1a: Delibird|Delibird, F|100/100\n|switch|p2a: Rabsca|Rabsca, L91, F|284/284\n|turn|9\n|inactive|Time left: 300 sec this turn | 300 sec total\n|\n|t:|1783541124\n|switch|p2a: Coalossal|Coalossal, L89, F|341/341\n|move|p1a: Delibird|Brave Bird|p2a: Coalossal\n|-resisted|p2a: Coalossal\n|-damage|p2a: Coalossal|299/341\n|-damage|p1a: Delibird|95/100|[from] Recoil\n|\n|upkeep\n|turn|10\n|inactive|Time left: 300 sec this turn | 300 sec total\n|\n|t:|1783541125\n|move|p1a: Delibird|Freeze-Dry|p2a: Coalossal\n|-resisted|p2a: Coalossal\n|-damage|p2a: Coalossal|264/341\n|move|p2a: Coalossal|Flamethrower|p1a: Delibird\n|-supereffective|p1a: Delibird\n|-damage|p1a: Delibird|2/100\n|\n|upkeep\n|turn|11\n|inactive|Time left: 300 sec this turn | 300 sec total\n|\n|t:|1783541126\n|move|p1a: Delibird|Freeze-Dry|p2a: Coalossal\n|-resisted|p2a: Coalossal\n|-damage|p2a: Coalossal|230/341\n|move|p2a: Coalossal|Flamethrower|p1a: Delibird\n|-supereffective|p1a: Delibird\n|-damage|p1a: Delibird|0 fnt\n|faint|p1a: Delibird\n|\n|upkeep\n|\n|t:|1783541127\n|switch|p1a: Ditto|Ditto, L87|100/100\n|-transform|p1a: Ditto|p2a: Coalossal|[from] ability: Imposter\n|turn|12\n|inactive|Time left: 300 sec this turn | 300 sec total\n|\n|t:|1783541128\n|switch|p2a: Rabsca|Rabsca, L91, F|284/284\n|move|p1a: Ditto|Stone Edge|p2a: Rabsca|[miss]\n|-miss|p1a: Ditto|p2a: Rabsca\n|\n|upkeep\n|turn|13\n|inactive|Time left: 300 sec this turn | 300 sec total\n|\n|t:|1783541129\n|move|p1a: Ditto|Stone Edge|p2a: Rabsca\n|-supereffective|p2a: Rabsca\n|-damage|p2a: Rabsca|102/284\n|move|p2a: Rabsca|Earth Power|p1a: Ditto\n|-supereffective|p1a: Ditto\n|-damage|p1a: Ditto|0 fnt\n|faint|p1a: Ditto\n|\n|win|p0y17106cd", "uploadtime": 1783541129, "views": 0, "rating": 0, "private": 0, "password": null, "_winner": "p0y17106cd", "_our_name": "p0y17106cd"}