{"id": "battle-gen9randombattle-1457", "formatid": "gen9randombattle", "format": "[Gen 9] Random Battle", "players": ["p0x14575e55", "p0y14572253"], "log": "|init|battle\n|title|p0x14575e55 vs. p0y14572253\n|j|\u2606p0x14575e55\n|j|\u2606p0y14572253\n|t:|1783556041\n|gametype|singles\n|player|p1|p0x14575e55|1|\n|player|p2|p0y14572253|102|\n|gen|9\n|tier|[Gen 9] Random Battle\n|rule|Species Clause: Limit one of each Pok\u00e9mon\n|rule|HP Percentage Mod: HP is shown in percentages\n|rule|Sleep Clause Mod: Limit one foe put to sleep\n|rule|Illusion Level Mod: Illusion disguises the Pok\u00e9mon's true level\n|\n|t:|1783556041\n|teamsize|p1|6\n|teamsize|p2|6\n|start\n|switch|p1a: Lucario|Lucario, L84, F|100/100\n|switch|p2a: Barraskewda|Barraskewda, L81, M|231/231\n|turn|1\n|inactive|Battle timer is ON: inactive players will automatically lose when time's up. (requested by p0y14572253)\n|inactive|p0x14575e55 also wants the timer to be on.\n|\n|t:|1783556043\n|switch|p1a: Tauros|Tauros-Paldea-Combat, L82, M|100/100\n|-ability|p1a: Tauros|Intimidate|boost\n|-unboost|p2a: Barraskewda|atk|1\n|move|p2a: Barraskewda|Close Combat|p1a: Tauros\n|-damage|p1a: Tauros|67/100\n|-unboost|p2a: Barraskewda|def|1\n|-unboost|p2a: Barraskewda|spd|1\n|\n|upkeep\n|turn|2\n|inactive|Time left: 300 sec this turn | 300 sec total\n|\n|t:|1783556044\n|switch|p2a: Milotic|Milotic, L83, F|293/293\n|move|p1a: Tauros|Close Combat|p2a: Milotic\n|-damage|p2a: Milotic|94/293\n|-unboost|p1a: Tauros|def|1\n|-unboost|p1a: Tauros|spd|1\n|\n|-heal|p2a: Milotic|112/293|[from] item: Leftovers\n|upkeep\n|turn|3\n|inactive|Time left: 300 sec this turn | 300 sec total\n|\n|t:|1783556045\n|move|p1a: Tauros|Close Combat|p2a: Milotic\n|-damage|p2a: Milotic|0 fnt\n|-unboost|p1a: Tauros|def|1\n|-unboost|p1a: Tauros|spd|1\n|faint|p2a: Milotic\n|\n|upkeep\n|inactive|Time left: 300 sec this turn | 300 sec total | 5 sec grace\n|\n|t:|1783556046\n|switch|p2a: Barraskewda|Barraskewda, L81, M|231/231\n|turn|4\n|inactive|Time left: 300 sec this turn | 300 sec total\n|\n|t:|1783556047\n|switch|p1a: Brute Bonnet|Brute Bonnet, L80|100/100\n|move|p2a: Barraskewda|Close Combat|p1a: Brute Bonnet\n|-supereffective|p1a: Brute Bonnet\n|-damage|p1a: Brute Bonnet|5/100\n|-unboost|p2a: Barraskewda|def|1\n|-unboost|p2a: Barraskewda|spd|1\n|\n|-heal|p1a: Brute Bonnet|11/100|[from] item: Leftovers\n|upkeep\n|turn|5\n|inactive|Time left: 300 sec this turn | 300 sec total\n|\n|t:|1783556048\n|move|p1a: Brute Bonnet|Sucker Punch|p2a: Barraskewda\n|-damage|p2a: Barraskewda|69/231\n|move|p2a: Barraskewda|Close Combat|p1a: Brute Bonnet\n|-supereffective|p1a: Brute Bonnet\n|-damage|p1a: Brute Bonnet|0 fnt\n|-unboost|p2a: Barraskewda|def|1\n|-unboost|p2a: Barraskewda|spd|1\n|faint|p1a: Brute Bonnet\n|-end|p1a: Brute Bonnet|Protosynthesis|[silent]\n|\n|upkeep\n|\n|t:|1783556049\n|switch|p1a: Reshiram|Reshiram, L76|100/100\n|-ability|p1a: Reshiram|Turboblaze\n|turn|6\n|inactive|Time left: 300 sec this turn | 300 sec total\n|\n|t:|1783556050\n|move|p2a: Barraskewda|Close Combat|p1a: Reshiram\n|-damage|p1a: Reshiram|47/100\n|-unboost|p2a: Barraskewda|def|1\n|-unboost|p2a: Barraskewda|spd|1\n|move|p1a: Reshiram|Dragon Dance|p1a: Reshiram\n|-boost|p1a: Reshiram|atk|1\n|-boost|p1a: Reshiram|spe|1\n|\n|upkeep\n|turn|7\n|inactive|Time left: 300 sec this turn | 300 sec total\n|\n|t:|1783556051\n|switch|p2a: Golem|Golem-Alola, L93, F|300/300\n|move|p1a: Reshiram|Outrage|p2a: Golem\n|-damage|p2a: Golem|176/300\n|\n|upkeep\n|turn|8\n|inactive|Time left: 300 sec this turn | 300 sec total\n|\n|t:|1783556052\n|move|p1a: Reshiram|Outrage|p2a: Golem|[from] lockedmove\n|-damage|p2a: Golem|46/300\n|move|p2a: Golem|Earthquake|p1a: Reshiram\n|-supereffective|p1a: Reshiram\n|-damage|p1a: Reshiram|0 fnt\n|faint|p1a: Reshiram\n|-damage|p2a: Golem|16/300|[from] item: Life Orb\n|\n|upkeep\n|\n|t:|1783556053\n|switch|p1a: Sandaconda|Sandaconda, L84, F|100/100\n|turn|9\n|inactive|Time left: 300 sec this turn | 300 sec total\n|\n|t:|1783556054\n|switch|p2a: Flapple|Flapple, L88, M|266/266\n|move|p1a: Sandaconda|Coil|p1a: Sandaconda\n|-boost|p1a: Sandaconda|atk|1\n|-boost|p1a: Sandaconda|def|1\n|-boost|p1a: Sandaconda|accuracy|1\n|\n|upkeep\n|turn|10\n|inactive|Time left: 300 sec this turn | 300 sec total\n|\n|t:|1783556055\n|move|p2a: Flapple|Outrage|p1a: Sandaconda\n|-damage|p1a: Sandaconda|53/100\n|move|p1a: Sandaconda|Stone Edge|p2a: Flapple\n|-damage|p2a: Flapple|159/266\n|\n|-heal|p1a: Sandaconda|59/100|[from] item: Leftovers\n|upkeep\n|turn|11\n|inactive|Time left: 300 sec this turn | 300 sec total\n|\n|t:|1783556056\n|-terastallize|p1a: Sandaconda|Steel\n|move|p2a: Flapple|Outrage|p1a: Sandaconda|[from] lockedmove\n|-resisted|p1a: Sandaconda\n|-damage|p1a: Sandaconda|35/100\n|-start|p2a: Flapple|confusion|[fatigue]\n|-enditem|p2a: Flapple|Lum Berry|[eat]\n|-end|p2a: Flapple|confusion\n|move|p1a: Sandaconda|Coil|p1a: Sandaconda\n|-boost|p1a: Sandaconda|atk|1\n|-boost|p1a: Sandaconda|def|1\n|-boost|p1a: Sandaconda|accuracy|1\n|\n|-heal|p1a: Sandaconda|41/100|[from] item: Leftovers\n|upkeep\n|turn|12\n|inactive|Time left: 300 sec this turn | 300 sec total\n|\n|t:|1783556057\n|-terastallize|p2a: Flapple|Fire\n|move|p2a: Flapple|Tera Blast|p1a: Sandaconda|[anim] Tera Blast Fire\n|-supereffective|p1a: Sandaconda\n|-damage|p1a: Sandaconda|0 fnt\n|faint|p1a: Sandaconda\n|\n|upkeep\n|\n|t:|1783556058\n|switch|p1a: Tauros|Tauros-Paldea-Combat, L82, M|67/100\n|-ability|p1a: Tauros|Intimidate|boost\n|-unboost|p2a: Flapple|atk|1\n|turn|13\n|inactive|Time left: 300 sec this turn | 300 sec total\n|\n|t:|1783556059\n|switch|p2a: Golem|Golem-Alola, L93, F|16/300\n|move|p1a: Tauros|Earthquake|p2a: Golem\n|-supereffective|p2a: Golem\n|-damage|p2a: Golem|0 fnt\n|faint|p2a: Golem\n|\n|upkeep\n|inactive|Time left: 300 sec this turn | 300 sec total | 5 sec grace\n|\n|t:|1783556060\n|switch|p2a: Barraskewda|Barraskewda, L81, M|69/231\n|turn|14\n|inactive|Time left: 300 sec this turn | 300 sec total\n|\n|t:|1783556061\n|move|p2a: Barraskewda|Psychic Fangs|p1a: Tauros\n|-supereffective|p1a: Tauros\n|-damage|p1a: Tauros|1/100\n|move|p1a: Tauros|Earthquake|p2a: Barraskewda\n|-damage|p2a: Barraskewda|0 fnt\n|faint|p2a: Barraskewda\n|\n|upkeep\n|inactive|Time left: 300 sec this turn | 300 sec total | 5 sec grace\n|\n|t:|1783556063\n|switch|p2a: Meowscarada|Meowscarada, L78, M|247/247\n|turn|15\n|inactive|Time left: 300 sec this turn | 300 sec total\n|\n|t:|1783556064\n|switch|p1a: Lucario|Lucario, L84, F|100/100\n|move|p2a: Meowscarada|U-turn|p1a: Lucario\n|-start|p2a: Meowscarada|typechange|Bug|[from] ability: Protean\n|-resisted|p1a: Lucario\n|-damage|p1a: Lucario|89/100\n|inactive|Time left: 300 sec this turn | 300 sec total | 5 sec grace\n|\n|t:|1783556065\n|switch|p2a: Furret|Furret, L94, M|312/312|[from] U-turn\n|-item|p1a: Lucario|Life Orb|[from] ability: Frisk|[of] p2a: Furret\n|\n|upkeep\n|turn|16\n|inactive|Time left: 300 sec this turn | 300 sec total\n|\n|t:|1783556066\n|move|p2a: Furret|Brick Break|p1a: Lucario\n|-supereffective|p1a: Lucario\n|-damage|p1a: Lucario|24/100\n|-damage|p2a: Furret|281/312|[from] item: Life Orb\n|move|p1a: Lucario|Close Combat|p2a: Furret\n|-supereffective|p2a: Furret\n|-damage|p2a: Furret|0 fnt\n|-unboost|p1a: Lucario|def|1\n|-unboost|p1a: Lucario|spd|1\n|faint|p2a: Furret\n|-damage|p1a: Lucario|15/100|[from] item: Life Orb\n|\n|upkeep\n|inactive|Time left: 300 sec this turn | 300 sec total | 5 sec grace\n|\n|t:|1783556067\n|switch|p2a: Meowscarada|Meowscarada, L78, M|247/247\n|turn|17\n|inactive|Time left: 300 sec this turn | 300 sec total\n|\n|t:|1783556068\n|move|p1a: Lucario|Extreme Speed|p2a: Meowscarada\n|-damage|p2a: Meowscarada|137/247\n|-damage|p1a: Lucario|5/100|[from] item: Life Orb\n|move|p2a: Meowscarada|Knock Off|p1a: Lucario\n|-start|p2a: Meowscarada|typechange|Dark|[from] ability: Protean\n|-resisted|p1a: Lucario\n|-damage|p1a: Lucario|0 fnt\n|-enditem|p1a: Lucario|Life Orb|[from] move: Knock Off|[of] p2a: Meowscarada\n|faint|p1a: Lucario\n|\n|upkeep\n|\n|t:|1783556069\n|switch|p1a: Volbeat|Volbeat, L90, M|100/100\n|turn|18\n|inactive|Time left: 300 sec this turn | 300 sec total\n|\n|t:|1783556070\n|switch|p2a: Flapple|Flapple, L88, M, tera:Fire|159/266\n|move|p1a: Volbeat|Lunge|p2a: Flapple\n|-resisted|p2a: Flapple\n|-damage|p2a: Flapple|120/266\n|-unboost|p2a: Flapple|atk|1\n|\n|upkeep\n|turn|19\n|inactive|Time left: 300 sec this turn | 300 sec total\n|\n|t:|1783556070\n|move|p1a: Volbeat|Thunder Wave|p2a: Flapple\n|-status|p2a: Flapple|par\n|move|p2a: Flapple|Tera Blast|p1a: Volbeat|[anim] Tera Blast Fire\n|-supereffective|p1a: Volbeat\n|-damage|p1a: Volbeat|32/100\n|\n|upkeep\n|turn|20\n|inactive|Time left: 300 sec this turn | 300 sec total\n|\n|t:|1783556071\n|move|p1a: Volbeat|Roost|p1a: Volbeat\n|-heal|p1a: Volbeat|82/100\n|-singleturn|p1a: Volbeat|move: Roost\n|move|p2a: Flapple|Tera Blast|p1a: Volbeat|[anim] Tera Blast Fire\n|-supereffective|p1a: Volbeat\n|-damage|p1a: Volbeat|14/100\n|\n|upkeep\n|turn|21\n|inactive|Time left: 300 sec this turn | 300 sec total\n|\n|t:|1783556072\n|move|p1a: Volbeat|Roost|p1a: Volbeat\n|-heal|p1a: Volbeat|64/100\n|-singleturn|p1a: Volbeat|move: Roost\n|move|p2a: Flapple|Tera Blast|p1a: Volbeat|[anim] Tera Blast Fire\n|-supereffective|p1a: Volbeat\n|-damage|p1a: Volbeat|0 fnt\n|faint|p1a: Volbeat\n|\n|upkeep\n|\n|t:|1783556073\n|switch|p1a: Tauros|Tauros-Paldea-Combat, L82, M|1/100\n|-ability|p1a: Tauros|Intimidate|boost\n|-unboost|p2a: Flapple|atk|1\n|turn|22\n|inactive|Time left: 300 sec this turn | 300 sec total\n|\n|t:|1783556074\n|move|p1a: Tauros|Iron Head|p2a: Flapple\n|-resisted|p2a: Flapple\n|-damage|p2a: Flapple|72/266 par\n|move|p2a: Flapple|Outrage|p1a: Tauros\n|-damage|p1a: Tauros|0 fnt\n|faint|p1a: Tauros\n|\n|win|p0y14572253", "uploadtime": 1783556074, "views": 0, "rating": 0, "private": 0, "password": null, "_winner": "p0y14572253", "_our_name": "p0y14572253"}