{"id": "battle-gen9randombattle-637", "formatid": "gen9randombattle", "format": "[Gen 9] Random Battle", "players": ["p0x6374b8d", "p0y6373cbb"], "log": "|init|battle\n|title|p0x6374b8d vs. p0y6373cbb\n|j|\u2606p0x6374b8d\n|j|\u2606p0y6373cbb\n|t:|1783547192\n|gametype|singles\n|player|p1|p0x6374b8d|1|\n|player|p2|p0y6373cbb|102|\n|gen|9\n|tier|[Gen 9] Random Battle\n|rule|Species Clause: Limit one of each Pok\u00e9mon\n|rule|HP Percentage Mod: HP is shown in percentages\n|rule|Sleep Clause Mod: Limit one foe put to sleep\n|rule|Illusion Level Mod: Illusion disguises the Pok\u00e9mon's true level\n|\n|t:|1783547192\n|teamsize|p1|6\n|teamsize|p2|6\n|start\n|switch|p1a: Chi-Yu|Chi-Yu, L77|211/211\n|switch|p2a: Honchkrow|Honchkrow, L86, F|100/100\n|-ability|p1a: Chi-Yu|Beads of Ruin\n|turn|1\n|inactive|Battle timer is ON: inactive players will automatically lose when time's up. (requested by p0y6373cbb)\n|inactive|Time left: 300 sec this turn | 300 sec total | 60 sec grace\n|inactive|p0x6374b8d also wants the timer to be on.\n|\n|t:|1783547193\n|move|p1a: Chi-Yu|Fire Blast|p2a: Honchkrow\n|-damage|p2a: Honchkrow|28/100\n|move|p2a: Honchkrow|Brave Bird|p1a: Chi-Yu\n|-damage|p1a: Chi-Yu|30/211\n|-damage|p2a: Honchkrow|9/100|[from] Recoil\n|\n|upkeep\n|turn|2\n|inactive|Time left: 300 sec this turn | 300 sec total\n|\n|t:|1783547195\n|move|p2a: Honchkrow|Sucker Punch|p1a: Chi-Yu\n|-resisted|p1a: Chi-Yu\n|-damage|p1a: Chi-Yu|0 fnt\n|faint|p1a: Chi-Yu\n|-ability|p2a: Honchkrow|Moxie|boost\n|-boost|p2a: Honchkrow|atk|1\n|\n|upkeep\n|inactive|Time left: 300 sec this turn | 300 sec total | 5 sec grace\n|\n|t:|1783547196\n|switch|p1a: Masquerain|Masquerain, L87, F|264/264\n|-ability|p1a: Masquerain|Intimidate|boost\n|-unboost|p2a: Honchkrow|atk|1\n|turn|3\n|inactive|Time left: 300 sec this turn | 300 sec total\n|\n|t:|1783547197\n|move|p1a: Masquerain|Sticky Web|p2a: Honchkrow\n|-sidestart|p2: p0y6373cbb|move: Sticky Web\n|move|p2a: Honchkrow|Brave Bird|p1a: Masquerain\n|-supereffective|p1a: Masquerain\n|-damage|p1a: Masquerain|0 fnt\n|faint|p1a: Masquerain\n|-ability|p2a: Honchkrow|Moxie|boost\n|-boost|p2a: Honchkrow|atk|1\n|-damage|p2a: Honchkrow|0 fnt|[from] Recoil\n|faint|p2a: Honchkrow\n|\n|upkeep\n|inactive|Time left: 300 sec this turn | 300 sec total | 5 sec grace\n|\n|t:|1783547198\n|switch|p1a: Armarouge|Armarouge, L80, M|267/267\n|switch|p2a: Rhyperior|Rhyperior, L82, M|100/100\n|-activate|p2a: Rhyperior|move: Sticky Web\n|-unboost|p2a: Rhyperior|spe|1\n|turn|4\n|inactive|Time left: 300 sec this turn | 300 sec total\n|\n|t:|1783547199\n|move|p1a: Armarouge|Energy Ball|p2a: Rhyperior\n|-supereffective|p2a: Rhyperior\n|-damage|p2a: Rhyperior|0 fnt\n|faint|p2a: Rhyperior\n|\n|upkeep\n|\n|t:|1783547201\n|switch|p2a: Oranguru|Oranguru, L92, F|100/100\n|-activate|p2a: Oranguru|move: Sticky Web\n|-unboost|p2a: Oranguru|spe|1\n|turn|5\n|inactive|Time left: 300 sec this turn | 300 sec total\n|\n|t:|1783547202\n|move|p1a: Armarouge|Energy Ball|p2a: Oranguru\n|-damage|p2a: Oranguru|73/100\n|move|p2a: Oranguru|Nasty Plot|p2a: Oranguru\n|-boost|p2a: Oranguru|spa|2\n|\n|upkeep\n|turn|6\n|inactive|Time left: 300 sec this turn | 300 sec total\n|\n|t:|1783547203\n|move|p1a: Armarouge|Energy Ball|p2a: Oranguru\n|-damage|p2a: Oranguru|45/100\n|move|p2a: Oranguru|Hyper Voice|p1a: Armarouge\n|-damage|p1a: Armarouge|0 fnt\n|faint|p1a: Armarouge\n|-damage|p2a: Oranguru|35/100|[from] item: Life Orb\n|\n|upkeep\n|inactive|Time left: 300 sec this turn | 300 sec total | 5 sec grace\n|\n|t:|1783547204\n|switch|p1a: Basculegion|Basculegion, L80, M|323/323\n|turn|7\n|inactive|Time left: 300 sec this turn | 300 sec total\n|\n|t:|1783547205\n|move|p1a: Basculegion|Wave Crash|p2a: Oranguru\n|-damage|p2a: Oranguru|0 fnt\n|faint|p2a: Oranguru\n|-damage|p1a: Basculegion|287/323|[from] Recoil\n|\n|upkeep\n|\n|t:|1783547206\n|switch|p2a: Reshiram|Reshiram, L76|100/100\n|-ability|p2a: Reshiram|Turboblaze\n|turn|8\n|inactive|Time left: 300 sec this turn | 300 sec total\n|\n|t:|1783547207\n|move|p2a: Reshiram|Outrage|p1a: Basculegion\n|-damage|p1a: Basculegion|116/323\n|move|p1a: Basculegion|Wave Crash|p2a: Reshiram\n|-damage|p2a: Reshiram|32/100\n|-damage|p1a: Basculegion|53/323|[from] Recoil\n|\n|upkeep\n|turn|9\n|inactive|Time left: 300 sec this turn | 300 sec total\n|\n|t:|1783547208\n|switch|p1a: Orthworm|Orthworm, L88, F|266/266\n|move|p2a: Reshiram|Outrage|p1a: Orthworm|[from] lockedmove\n|-resisted|p1a: Orthworm\n|-damage|p1a: Orthworm|225/266\n|\n|-heal|p1a: Orthworm|241/266|[from] item: Leftovers\n|upkeep\n|turn|10\n|inactive|Time left: 300 sec this turn | 300 sec total\n|\n|t:|1783547209\n|move|p2a: Reshiram|Outrage|p1a: Orthworm|[from] lockedmove\n|-resisted|p1a: Orthworm\n|-damage|p1a: Orthworm|202/266\n|-start|p2a: Reshiram|confusion|[fatigue]\n|move|p1a: Orthworm|Body Press|p2a: Reshiram\n|-damage|p2a: Reshiram|3/100\n|\n|-heal|p1a: Orthworm|218/266|[from] item: Leftovers\n|upkeep\n|turn|11\n|inactive|Time left: 300 sec this turn | 300 sec total\n|\n|t:|1783547210\n|-activate|p2a: Reshiram|confusion\n|move|p2a: Reshiram|Flare Blitz|p1a: Orthworm\n|-supereffective|p1a: Orthworm\n|-crit|p1a: Orthworm\n|-damage|p1a: Orthworm|0 fnt\n|faint|p1a: Orthworm\n|-damage|p2a: Reshiram|0 fnt|[from] Recoil\n|faint|p2a: Reshiram\n|\n|upkeep\n|inactive|Time left: 300 sec this turn | 300 sec total | 5 sec grace\n|\n|t:|1783547211\n|switch|p2a: Tsareena|Tsareena, L87, F|100/100\n|switch|p1a: Hydreigon|Hydreigon, L79, F|275/275\n|-activate|p2a: Tsareena|move: Sticky Web\n|-unboost|p2a: Tsareena|spe|1\n|turn|12\n|inactive|Time left: 300 sec this turn | 300 sec total\n|\n|t:|1783547212\n|-terastallize|p1a: Hydreigon|Dragon\n|move|p1a: Hydreigon|Draco Meteor|p2a: Tsareena\n|-damage|p2a: Tsareena|0 fnt\n|-unboost|p1a: Hydreigon|spa|2\n|faint|p2a: Tsareena\n|\n|upkeep\n|\n|t:|1783547213\n|switch|p2a: Feraligatr|Feraligatr, L79, F|100/100\n|-activate|p2a: Feraligatr|move: Sticky Web\n|-unboost|p2a: Feraligatr|spe|1\n|turn|13\n|inactive|Time left: 300 sec this turn | 300 sec total\n|\n|t:|1783547214\n|-terastallize|p2a: Feraligatr|Water\n|move|p1a: Hydreigon|Draco Meteor|p2a: Feraligatr\n|-damage|p2a: Feraligatr|41/100\n|-unboost|p1a: Hydreigon|spa|2\n|move|p2a: Feraligatr|Dragon Dance|p2a: Feraligatr\n|-boost|p2a: Feraligatr|atk|1\n|-boost|p2a: Feraligatr|spe|1\n|\n|upkeep\n|turn|14\n|inactive|Time left: 300 sec this turn | 300 sec total\n|\n|t:|1783547215\n|move|p1a: Hydreigon|Draco Meteor|p2a: Feraligatr\n|-damage|p2a: Feraligatr|0 fnt\n|-unboost|p1a: Hydreigon|spa|2\n|faint|p2a: Feraligatr\n|\n|win|p0x6374b8d", "uploadtime": 1783547215, "views": 0, "rating": 0, "private": 0, "password": null, "_winner": "p0x6374b8d", "_our_name": "p0x6374b8d"}