{"id": "battle-gen9randombattle-1063", "formatid": "gen9randombattle", "format": "[Gen 9] Random Battle", "players": ["p0x1063f4b5", "p0y1063bd88"], "log": "|init|battle\n|title|p0x1063f4b5 vs. p0y1063bd88\n|j|\u2606p0x1063f4b5\n|j|\u2606p0y1063bd88\n|t:|1783551510\n|gametype|singles\n|player|p1|p0x1063f4b5|102|\n|player|p2|p0y1063bd88|1|\n|gen|9\n|tier|[Gen 9] Random Battle\n|rule|Species Clause: Limit one of each Pok\u00e9mon\n|rule|HP Percentage Mod: HP is shown in percentages\n|rule|Sleep Clause Mod: Limit one foe put to sleep\n|rule|Illusion Level Mod: Illusion disguises the Pok\u00e9mon's true level\n|\n|t:|1783551510\n|teamsize|p1|6\n|teamsize|p2|6\n|start\n|switch|p1a: Toucannon|Toucannon, L88, M|284/284\n|switch|p2a: Hitmontop|Hitmontop, L88, M|100/100\n|-ability|p2a: Hitmontop|Intimidate|boost\n|-unboost|p1a: Toucannon|atk|1\n|turn|1\n|inactive|Battle timer is ON: inactive players will automatically lose when time's up. (requested by p0x1063f4b5)\n|inactive|p0y1063bd88 also wants the timer to be on.\n|\n|t:|1783551512\n|-singleturn|p1a: Toucannon|move: Beak Blast\n|move|p2a: Hitmontop|Close Combat|p1a: Toucannon\n|-damage|p1a: Toucannon|131/284\n|-status|p2a: Hitmontop|brn\n|-unboost|p2a: Hitmontop|def|1\n|-unboost|p2a: Hitmontop|spd|1\n|move|p1a: Toucannon|Beak Blast|p2a: Hitmontop\n|-supereffective|p2a: Hitmontop\n|-damage|p2a: Hitmontop|0 fnt\n|faint|p2a: Hitmontop\n|\n|upkeep\n|\n|t:|1783551513\n|switch|p2a: Ariados|Ariados, L95, M|100/100\n|turn|2\n|inactive|Time left: 300 sec this turn | 300 sec total\n|\n|t:|1783551514\n|-singleturn|p1a: Toucannon|move: Beak Blast\n|move|p2a: Ariados|Sticky Web|p1a: Toucannon\n|-sidestart|p1: p0x1063f4b5|move: Sticky Web\n|move|p1a: Toucannon|Beak Blast|p2a: Ariados\n|-supereffective|p2a: Ariados\n|-damage|p2a: Ariados|39/100\n|\n|upkeep\n|turn|3\n|inactive|Time left: 300 sec this turn | 300 sec total\n|\n|t:|1783551515\n|switch|p2a: Granbull|Granbull, L88, F|100/100\n|-ability|p2a: Granbull|Intimidate|boost\n|-unboost|p1a: Toucannon|atk|1\n|move|p1a: Toucannon|Boomburst|p2a: Granbull\n|-damage|p2a: Granbull|42/100\n|\n|-heal|p2a: Granbull|48/100|[from] item: Leftovers\n|upkeep\n|turn|4\n|inactive|Time left: 300 sec this turn | 300 sec total\n|\n|t:|1783551516\n|switch|p2a: Drifblim|Drifblim, L86, F|100/100\n|move|p1a: Toucannon|Boomburst|p2a: Drifblim\n|-immune|p2a: Drifblim\n|\n|upkeep\n|turn|5\n|inactive|Time left: 300 sec this turn | 300 sec total\n|\n|t:|1783551518\n|move|p2a: Drifblim|Calm Mind|p2a: Drifblim\n|-boost|p2a: Drifblim|spa|1\n|-boost|p2a: Drifblim|spd|1\n|move|p1a: Toucannon|Roost|p1a: Toucannon\n|-heal|p1a: Toucannon|273/284\n|-singleturn|p1a: Toucannon|move: Roost\n|\n|upkeep\n|turn|6\n|inactive|Time left: 300 sec this turn | 300 sec total\n|\n|t:|1783551519\n|switch|p1a: Morpeko|Morpeko, L88, M|245/245\n|-activate|p1a: Morpeko|move: Sticky Web\n|-unboost|p1a: Morpeko|spe|1\n|move|p2a: Drifblim|Calm Mind|p2a: Drifblim\n|-boost|p2a: Drifblim|spa|1\n|-boost|p2a: Drifblim|spd|1\n|\n|-formechange|p1a: Morpeko|Morpeko-Hangry||[from] ability: Hunger Switch\n|upkeep\n|turn|7\n|inactive|Time left: 300 sec this turn | 300 sec total\n|\n|t:|1783551520\n|move|p2a: Drifblim|Strength Sap|p1a: Morpeko\n|-unboost|p1a: Morpeko|atk|1\n|move|p1a: Morpeko|Aura Wheel|p2a: Drifblim\n|-supereffective|p2a: Drifblim\n|-damage|p2a: Drifblim|39/100\n|-boost|p1a: Morpeko|spe|1\n|-enditem|p2a: Drifblim|Sitrus Berry|[eat]\n|-heal|p2a: Drifblim|64/100|[from] item: Sitrus Berry\n|\n|-formechange|p1a: Morpeko|Morpeko||[from] ability: Hunger Switch\n|upkeep\n|turn|8\n|inactive|Time left: 300 sec this turn | 300 sec total\n|\n|t:|1783551521\n|move|p2a: Drifblim|Strength Sap|p1a: Morpeko\n|-unboost|p1a: Morpeko|atk|1\n|-heal|p2a: Drifblim|100/100\n|move|p1a: Morpeko|Aura Wheel|p2a: Drifblim\n|-supereffective|p2a: Drifblim\n|-damage|p2a: Drifblim|52/100\n|-boost|p1a: Morpeko|spe|1\n|\n|-formechange|p1a: Morpeko|Morpeko-Hangry||[from] ability: Hunger Switch\n|upkeep\n|turn|9\n|inactive|Time left: 300 sec this turn | 300 sec total\n|\n|t:|1783551522\n|move|p2a: Drifblim|Air Slash|p1a: Morpeko\n|-resisted|p1a: Morpeko\n|-damage|p1a: Morpeko|138/245\n|move|p1a: Morpeko|Aura Wheel|p2a: Drifblim\n|-supereffective|p2a: Drifblim\n|-damage|p2a: Drifblim|5/100\n|-boost|p1a: Morpeko|spe|1\n|\n|-heal|p1a: Morpeko|153/245|[from] item: Leftovers\n|-formechange|p1a: Morpeko|Morpeko||[from] ability: Hunger Switch\n|upkeep\n|turn|10\n|inactive|Time left: 300 sec this turn | 300 sec total\n|\n|t:|1783551523\n|move|p1a: Morpeko|Aura Wheel|p2a: Drifblim\n|-supereffective|p2a: Drifblim\n|-damage|p2a: Drifblim|0 fnt\n|-boost|p1a: Morpeko|spe|1\n|faint|p2a: Drifblim\n|\n|-heal|p1a: Morpeko|168/245|[from] item: Leftovers\n|-formechange|p1a: Morpeko|Morpeko-Hangry||[from] ability: Hunger Switch\n|upkeep\n|\n|t:|1783551523\n|switch|p2a: Ariados|Ariados, L95, M|39/100\n|turn|11\n|inactive|Time left: 300 sec this turn | 300 sec total\n|\n|t:|1783551524\n|move|p1a: Morpeko|Rapid Spin|p2a: Ariados\n|-damage|p2a: Ariados|32/100\n|-boost|p1a: Morpeko|spe|1\n|-sideend|p1: p0x1063f4b5|Sticky Web|[from] move: Rapid Spin|[of] p1a: Morpeko\n|move|p2a: Ariados|Megahorn|p1a: Morpeko|[miss]\n|-miss|p2a: Ariados|p1a: Morpeko\n|\n|-heal|p1a: Morpeko|183/245|[from] item: Leftovers\n|-formechange|p1a: Morpeko|Morpeko||[from] ability: Hunger Switch\n|upkeep\n|turn|12\n|inactive|Time left: 300 sec this turn | 300 sec total\n|\n|t:|1783551525\n|move|p1a: Morpeko|Protect|p1a: Morpeko\n|-singleturn|p1a: Morpeko|Protect\n|move|p2a: Ariados|Sticky Web|p1a: Morpeko\n|-sidestart|p1: p0x1063f4b5|move: Sticky Web\n|\n|-heal|p1a: Morpeko|198/245|[from] item: Leftovers\n|-formechange|p1a: Morpeko|Morpeko-Hangry||[from] ability: Hunger Switch\n|upkeep\n|turn|13\n|inactive|Time left: 300 sec this turn | 300 sec total\n|\n|t:|1783551526\n|move|p1a: Morpeko|Knock Off|p2a: Ariados\n|-damage|p2a: Ariados|12/100\n|-enditem|p2a: Ariados|Heavy-Duty Boots|[from] move: Knock Off|[of] p1a: Morpeko\n|move|p2a: Ariados|Megahorn|p1a: Morpeko\n|-supereffective|p1a: Morpeko\n|-damage|p1a: Morpeko|0 fnt\n|faint|p1a: Morpeko\n|\n|upkeep\n|inactive|Time left: 300 sec this turn | 300 sec total | 5 sec grace\n|\n|t:|1783551526\n|switch|p1a: Misdreavus|Misdreavus, L90, M|254/254\n|turn|14\n|inactive|Time left: 300 sec this turn | 300 sec total\n|\n|t:|1783551527\n|move|p1a: Misdreavus|Shadow Ball|p2a: Ariados\n|-damage|p2a: Ariados|0 fnt\n|faint|p2a: Ariados\n|\n|upkeep\n|\n|t:|1783551528\n|switch|p2a: Salazzle|Salazzle, L83, F|100/100\n|turn|15\n|inactive|Time left: 300 sec this turn | 300 sec total\n|\n|t:|1783551529\n|move|p2a: Salazzle|Nasty Plot|p2a: Salazzle\n|-boost|p2a: Salazzle|spa|2\n|move|p1a: Misdreavus|Calm Mind|p1a: Misdreavus\n|-boost|p1a: Misdreavus|spa|1\n|-boost|p1a: Misdreavus|spd|1\n|\n|upkeep\n|turn|16\n|inactive|Time left: 300 sec this turn | 300 sec total\n|\n|t:|1783551530\n|move|p2a: Salazzle|Fire Blast|p1a: Misdreavus\n|-damage|p1a: Misdreavus|154/254\n|move|p1a: Misdreavus|Shadow Ball|p2a: Salazzle\n|-damage|p2a: Salazzle|34/100\n|\n|upkeep\n|turn|17\n|inactive|Time left: 300 sec this turn | 300 sec total\n|\n|t:|1783551531\n|move|p2a: Salazzle|Fire Blast|p1a: Misdreavus\n|-damage|p1a: Misdreavus|42/254\n|move|p1a: Misdreavus|Shadow Ball|p2a: Salazzle\n|-damage|p2a: Salazzle|0 fnt\n|faint|p2a: Salazzle\n|\n|upkeep\n|\n|t:|1783551532\n|switch|p2a: Granbull|Granbull, L88, F|48/100\n|-ability|p2a: Granbull|Intimidate|boost\n|-unboost|p1a: Misdreavus|atk|1\n|turn|18\n|inactive|Time left: 300 sec this turn | 300 sec total\n|\n|t:|1783551533\n|switch|p2a: Chansey|Chansey, L85, F|100/100\n|move|p1a: Misdreavus|Shadow Ball|p2a: Chansey\n|-immune|p2a: Chansey\n|\n|upkeep\n|turn|19\n|inactive|Time left: 300 sec this turn | 300 sec total\n|\n|t:|1783551534\n|move|p1a: Misdreavus|Calm Mind|p1a: Misdreavus\n|-boost|p1a: Misdreavus|spa|1\n|-boost|p1a: Misdreavus|spd|1\n|move|p2a: Chansey|Thunder Wave|p1a: Misdreavus\n|-status|p1a: Misdreavus|par\n|\n|upkeep\n|turn|20\n|inactive|Time left: 300 sec this turn | 300 sec total\n|\n|t:|1783551535\n|move|p2a: Chansey|Thunder Wave|p1a: Misdreavus|[miss]\n|-miss|p2a: Chansey|p1a: Misdreavus\n|move|p1a: Misdreavus|Draining Kiss|p2a: Chansey\n|-damage|p2a: Chansey|93/100\n|-heal|p1a: Misdreavus|74/254 par|[from] drain|[of] p2a: Chansey\n|\n|upkeep\n|turn|21\n|inactive|Time left: 300 sec this turn | 300 sec total\n|\n|t:|1783551536\n|move|p2a: Chansey|Thunder Wave|p1a: Misdreavus\n|-fail|p1a: Misdreavus|par\n|cant|p1a: Misdreavus|par\n|\n|upkeep\n|turn|22\n|inactive|Time left: 300 sec this turn | 300 sec total\n|\n|t:|1783551537\n|move|p2a: Chansey|Thunder Wave|p1a: Misdreavus\n|-fail|p1a: Misdreavus|par\n|move|p1a: Misdreavus|Draining Kiss|p2a: Chansey\n|-damage|p2a: Chansey|85/100\n|-heal|p1a: Misdreavus|109/254 par|[from] drain|[of] p2a: Chansey\n|\n|upkeep\n|turn|23\n|inactive|Time left: 300 sec this turn | 300 sec total\n|\n|t:|1783551538\n|move|p2a: Chansey|Soft-Boiled|p2a: Chansey\n|-heal|p2a: Chansey|100/100\n|cant|p1a: Misdreavus|par\n|\n|upkeep\n|turn|24\n|inactive|Time left: 300 sec this turn | 300 sec total\n|\n|t:|1783551539\n|move|p2a: Chansey|Seismic Toss|p1a: Misdreavus\n|-immune|p1a: Misdreavus\n|move|p1a: Misdreavus|Draining Kiss|p2a: Chansey\n|-crit|p2a: Chansey\n|-damage|p2a: Chansey|89/100\n|-heal|p1a: Misdreavus|159/254 par|[from] drain|[of] p2a: Chansey\n|\n|upkeep\n|turn|25\n|inactive|Time left: 300 sec this turn | 300 sec total\n|\n|t:|1783551540\n|move|p2a: Chansey|Thunder Wave|p1a: Misdreavus\n|-fail|p1a: Misdreavus|par\n|move|p1a: Misdreavus|Draining Kiss|p2a: Chansey\n|-damage|p2a: Chansey|81/100\n|-heal|p1a: Misdreavus|191/254 par|[from] drain|[of] p2a: Chansey\n|\n|upkeep\n|turn|26\n|inactive|Time left: 300 sec this turn | 300 sec total\n|\n|t:|1783551540\n|move|p2a: Chansey|Soft-Boiled|p2a: Chansey\n|-heal|p2a: Chansey|100/100\n|move|p1a: Misdreavus|Will-O-Wisp|p2a: Chansey\n|-status|p2a: Chansey|brn\n|\n|-damage|p2a: Chansey|94/100 brn|[from] brn\n|upkeep\n|turn|27\n|inactive|Time left: 300 sec this turn | 300 sec total\n|\n|t:|1783551541\n|-curestatus|p2a: Chansey|brn|[from] ability: Natural Cure|[silent]\n|switch|p2a: Granbull|Granbull, L88, F|48/100\n|-ability|p2a: Granbull|Intimidate|boost\n|-unboost|p1a: Misdreavus|atk|1\n|move|p1a: Misdreavus|Calm Mind|p1a: Misdreavus\n|-boost|p1a: Misdreavus|spa|1\n|-boost|p1a: Misdreavus|spd|1\n|\n|-heal|p2a: Granbull|53/100|[from] item: Leftovers\n|upkeep\n|turn|28\n|inactive|Time left: 300 sec this turn | 300 sec total\n|\n|t:|1783551542\n|move|p2a: Granbull|Encore|p1a: Misdreavus\n|-start|p1a: Misdreavus|Encore\n|move|p1a: Misdreavus|Calm Mind|p1a: Misdreavus\n|-boost|p1a: Misdreavus|spa|1\n|-boost|p1a: Misdreavus|spd|1\n|\n|-heal|p2a: Granbull|59/100|[from] item: Leftovers\n|upkeep\n|turn|29\n|inactive|Time left: 300 sec this turn | 300 sec total\n|\n|t:|1783551544\n|switch|p1a: Weezing|Weezing, L88, M|258/258\n|move|p2a: Granbull|Play Rough|p1a: Weezing\n|-resisted|p1a: Weezing\n|-damage|p1a: Weezing|210/258\n|\n|-heal|p1a: Weezing|226/258|[from] item: Leftovers\n|-heal|p2a: Granbull|65/100|[from] item: Leftovers\n|upkeep\n|turn|30\n|inactive|Time left: 300 sec this turn | 300 sec total\n|\n|t:|1783551545\n|switch|p2a: Chansey|Chansey, L85, F|94/100\n|move|p1a: Weezing|Sludge Bomb|p2a: Chansey\n|-damage|p2a: Chansey|85/100\n|-status|p2a: Chansey|psn\n|\n|-heal|p1a: Weezing|242/258|[from] item: Leftovers\n|-damage|p2a: Chansey|72/100 psn|[from] psn\n|upkeep\n|turn|31\n|inactive|Time left: 300 sec this turn | 300 sec total\n|\n|t:|1783551546\n|move|p1a: Weezing|Toxic Spikes|p2a: Chansey\n|-sidestart|p2: p0y1063bd88|move: Toxic Spikes\n|move|p2a: Chansey|Heal Bell|p2a: Chansey\n|-activate|p2a: Chansey|move: Heal Bell\n|-curestatus|p2a: Chansey|psn|[msg]\n|\n|-heal|p1a: Weezing|258/258|[from] item: Leftovers\n|upkeep\n|turn|32\n|inactive|Time left: 300 sec this turn | 300 sec total\n|\n|t:|1783551547\n|switch|p1a: Misdreavus|Misdreavus, L90, M|191/254 par\n|move|p2a: Chansey|Soft-Boiled|p2a: Chansey\n|-heal|p2a: Chansey|100/100\n|\n|upkeep\n|turn|33\n|inactive|Time left: 300 sec this turn | 300 sec total\n|\n|t:|1783551548\n|move|p2a: Chansey|Thunder Wave|p1a: Misdreavus\n|-fail|p1a: Misdreavus|par\n|move|p1a: Misdreavus|Calm Mind|p1a: Misdreavus\n|-boost|p1a: Misdreavus|spa|1\n|-boost|p1a: Misdreavus|spd|1\n|\n|upkeep\n|turn|34\n|inactive|Time left: 300 sec this turn | 300 sec total\n|\n|t:|1783551549\n|move|p2a: Chansey|Soft-Boiled||[still]\n|-fail|p2a: Chansey|heal\n|move|p1a: Misdreavus|Calm Mind|p1a: Misdreavus\n|-boost|p1a: Misdreavus|spa|1\n|-boost|p1a: Misdreavus|spd|1\n|\n|upkeep\n|turn|35\n|inactive|Time left: 300 sec this turn | 300 sec total\n|\n|t:|1783551550\n|move|p2a: Chansey|Thunder Wave|p1a: Misdreavus\n|-fail|p1a: Misdreavus|par\n|move|p1a: Misdreavus|Calm Mind|p1a: Misdreavus\n|-boost|p1a: Misdreavus|spa|1\n|-boost|p1a: Misdreavus|spd|1\n|\n|upkeep\n|turn|36\n|inactive|Time left: 300 sec this turn | 300 sec total\n|\n|t:|1783551551\n|move|p2a: Chansey|Soft-Boiled||[still]\n|-fail|p2a: Chansey|heal\n|move|p1a: Misdreavus|Draining Kiss|p2a: Chansey\n|-damage|p2a: Chansey|90/100\n|-heal|p1a: Misdreavus|235/254 par|[from] drain|[of] p2a: Chansey\n|\n|upkeep\n|turn|37\n|inactive|Time left: 300 sec this turn | 300 sec total\n|\n|t:|1783551552\n|move|p2a: Chansey|Soft-Boiled|p2a: Chansey\n|-heal|p2a: Chansey|100/100\n|move|p1a: Misdreavus|Calm Mind|p1a: Misdreavus\n|-boost|p1a: Misdreavus|spa|1\n|-boost|p1a: Misdreavus|spd|1\n|\n|upkeep\n|turn|38\n|inactive|Time left: 300 sec this turn | 300 sec total\n|\n|t:|1783551553\n|move|p2a: Chansey|Soft-Boiled||[still]\n|-fail|p2a: Chansey|heal\n|move|p1a: Misdreavus|Draining Kiss|p2a: Chansey\n|-crit|p2a: Chansey\n|-damage|p2a: Chansey|83/100\n|-heal|p1a: Misdreavus|254/254 par|[from] drain|[of] p2a: Chansey\n|\n|upkeep\n|turn|39\n|inactive|Time left: 300 sec this turn | 300 sec total\n|\n|t:|1783551554\n|move|p2a: Chansey|Soft-Boiled|p2a: Chansey\n|-heal|p2a: Chansey|100/100\n|move|p1a: Misdreavus|Draining Kiss|p2a: Chansey\n|-damage|p2a: Chansey|90/100\n|\n|upkeep\n|turn|40\n|inactive|Time left: 300 sec this turn | 300 sec total\n|\n|t:|1783551555\n|move|p2a: Chansey|Thunder Wave|p1a: Misdreavus\n|-fail|p1a: Misdreavus|par\n|cant|p1a: Misdreavus|par\n|\n|upkeep\n|turn|41\n|inactive|Time left: 300 sec this turn | 300 sec total\n|\n|t:|1783551556\n|move|p2a: Chansey|Heal Bell||[still]\n|-activate|p2a: Chansey|move: Heal Bell\n|-fail|p2a: Chansey\n|move|p1a: Misdreavus|Shadow Ball|p2a: Chansey\n|-immune|p2a: Chansey\n|\n|upkeep\n|turn|42\n|inactive|Time left: 300 sec this turn | 300 sec total\n|\n|t:|1783551558\n|move|p2a: Chansey|Seismic Toss|p1a: Misdreavus\n|-immune|p1a: Misdreavus\n|move|p1a: Misdreavus|Will-O-Wisp|p2a: Chansey\n|-status|p2a: Chansey|brn\n|\n|-damage|p2a: Chansey|83/100 brn|[from] brn\n|upkeep\n|turn|43\n|inactive|Time left: 300 sec this turn | 300 sec total\n|\n|t:|1783551559\n|move|p2a: Chansey|Heal Bell|p2a: Chansey\n|-activate|p2a: Chansey|move: Heal Bell\n|-curestatus|p2a: Chansey|brn|[msg]\n|move|p1a: Misdreavus|Draining Kiss|p2a: Chansey\n|-damage|p2a: Chansey|71/100\n|\n|upkeep\n|turn|44\n|inactive|Time left: 300 sec this turn | 300 sec total\n|\n|t:|1783551560\n|move|p2a: Chansey|Heal Bell||[still]\n|-activate|p2a: Chansey|move: Heal Bell\n|-fail|p2a: Chansey\n|move|p1a: Misdreavus|Draining Kiss|p2a: Chansey\n|-damage|p2a: Chansey|60/100\n|\n|upkeep\n|turn|45\n|inactive|Time left: 300 sec this turn | 300 sec total\n|\n|t:|1783551561\n|move|p2a: Chansey|Seismic Toss|p1a: Misdreavus\n|-immune|p1a: Misdreavus\n|move|p1a: Misdreavus|Draining Kiss|p2a: Chansey\n|-damage|p2a: Chansey|48/100\n|\n|upkeep\n|turn|46\n|inactive|Time left: 300 sec this turn | 300 sec total\n|\n|t:|1783551562\n|move|p2a: Chansey|Seismic Toss|p1a: Misdreavus\n|-immune|p1a: Misdreavus\n|cant|p1a: Misdreavus|par\n|\n|upkeep\n|turn|47\n|inactive|Time left: 300 sec this turn | 300 sec total\n|\n|t:|1783551563\n|move|p2a: Chansey|Thunder Wave|p1a: Misdreavus\n|-fail|p1a: Misdreavus|par\n|cant|p1a: Misdreavus|par\n|\n|upkeep\n|turn|48\n|inactive|Time left: 300 sec this turn | 300 sec total\n|\n|t:|1783551564\n|move|p2a: Chansey|Heal Bell||[still]\n|-activate|p2a: Chansey|move: Heal Bell\n|-fail|p2a: Chansey\n|move|p1a: Misdreavus|Draining Kiss|p2a: Chansey\n|-damage|p2a: Chansey|37/100\n|\n|upkeep\n|turn|49\n|inactive|Time left: 300 sec this turn | 300 sec total\n|\n|t:|1783551566\n|move|p2a: Chansey|Thunder Wave|p1a: Misdreavus\n|-fail|p1a: Misdreavus|par\n|move|p1a: Misdreavus|Calm Mind|p1a: Misdreavus\n|-boost|p1a: Misdreavus|spa|1\n|-boost|p1a: Misdreavus|spd|1\n|\n|upkeep\n|turn|50\n|inactive|Time left: 300 sec this turn | 300 sec total\n|\n|t:|1783551567\n|move|p2a: Chansey|Seismic Toss|p1a: Misdreavus\n|-immune|p1a: Misdreavus\n|move|p1a: Misdreavus|Shadow Ball|p2a: Chansey\n|-immune|p2a: Chansey\n|\n|upkeep\n|turn|51\n|inactive|Time left: 300 sec this turn | 300 sec total\n|\n|t:|1783551568\n|move|p2a: Chansey|Seismic Toss|p1a: Misdreavus\n|-immune|p1a: Misdreavus\n|cant|p1a: Misdreavus|par\n|\n|upkeep\n|turn|52\n|inactive|Time left: 300 sec this turn | 300 sec total\n|\n|t:|1783551569\n|move|p2a: Chansey|Thunder Wave|p1a: Misdreavus\n|-fail|p1a: Misdreavus|par\n|cant|p1a: Misdreavus|par\n|\n|upkeep\n|turn|53\n|inactive|Time left: 300 sec this turn | 300 sec total\n|\n|t:|1783551570\n|move|p2a: Chansey|Thunder Wave|p1a: Misdreavus\n|-fail|p1a: Misdreavus|par\n|move|p1a: Misdreavus|Draining Kiss|p2a: Chansey\n|-damage|p2a: Chansey|25/100\n|\n|upkeep\n|turn|54\n|inactive|Time left: 300 sec this turn | 300 sec total\n|\n|t:|1783551571\n|move|p2a: Chansey|Heal Bell||[still]\n|-activate|p2a: Chansey|move: Heal Bell\n|-fail|p2a: Chansey\n|move|p1a: Misdreavus|Draining Kiss|p2a: Chansey\n|-damage|p2a: Chansey|11/100\n|\n|upkeep\n|turn|55\n|inactive|Time left: 300 sec this turn | 300 sec total\n|\n|t:|1783551571\n|move|p2a: Chansey|Heal Bell||[still]\n|-activate|p2a: Chansey|move: Heal Bell\n|-fail|p2a: Chansey\n|move|p1a: Misdreavus|Draining Kiss|p2a: Chansey\n|-damage|p2a: Chansey|0 fnt\n|faint|p2a: Chansey\n|\n|upkeep\n|\n|t:|1783551572\n|switch|p2a: Granbull|Granbull, L88, F|65/100\n|-status|p2a: Granbull|psn\n|-ability|p2a: Granbull|Intimidate|boost\n|-unboost|p1a: Misdreavus|atk|1\n|turn|56\n|inactive|Time left: 300 sec this turn | 300 sec total\n|\n|t:|1783551573\n|-terastallize|p2a: Granbull|Ground\n|move|p2a: Granbull|Play Rough|p1a: Misdreavus\n|-damage|p1a: Misdreavus|155/254 par\n|move|p1a: Misdreavus|Shadow Ball|p2a: Granbull\n|-damage|p2a: Granbull|0 fnt\n|faint|p2a: Granbull\n|\n|win|p0x1063f4b5", "uploadtime": 1783551573, "views": 0, "rating": 0, "private": 0, "password": null, "_winner": "p0x1063f4b5", "_our_name": "p0x1063f4b5"}