{"id": "battle-gen9randombattle-959", "formatid": "gen9randombattle", "format": "[Gen 9] Random Battle", "players": ["p0x959ea4b", "p0y95947ba"], "log": "|init|battle\n|title|p0x959ea4b vs. p0y95947ba\n|j|\u2606p0x959ea4b\n|j|\u2606p0y95947ba\n|t:|1783550248\n|gametype|singles\n|player|p1|p0x959ea4b|266|\n|player|p2|p0y95947ba|101|\n|gen|9\n|tier|[Gen 9] Random Battle\n|rule|Species Clause: Limit one of each Pok\u00e9mon\n|rule|HP Percentage Mod: HP is shown in percentages\n|rule|Sleep Clause Mod: Limit one foe put to sleep\n|rule|Illusion Level Mod: Illusion disguises the Pok\u00e9mon's true level\n|\n|t:|1783550248\n|teamsize|p1|6\n|teamsize|p2|6\n|start\n|switch|p1a: Plusle|Plusle, L95, F|100/100\n|switch|p2a: Sneasler|Sneasler, L74, M|240/240\n|turn|1\n|inactive|Battle timer is ON: inactive players will automatically lose when time's up. (requested by p0x959ea4b)\n|inactive|Time left: 300 sec this turn | 300 sec total | 60 sec grace\n|inactive|p0y95947ba also wants the timer to be on.\n|\n|t:|1783550250\n|move|p1a: Plusle|Thunderbolt|p2a: Sneasler\n|-damage|p2a: Sneasler|57/240\n|-damage|p1a: Plusle|91/100|[from] item: Life Orb\n|move|p2a: Sneasler|Dire Claw|p1a: Plusle\n|-damage|p1a: Plusle|43/100\n|\n|upkeep\n|turn|2\n|inactive|Time left: 300 sec this turn | 300 sec total\n|\n|t:|1783550251\n|move|p1a: Plusle|Thunderbolt|p2a: Sneasler\n|-damage|p2a: Sneasler|0 fnt\n|faint|p2a: Sneasler\n|-damage|p1a: Plusle|33/100|[from] item: Life Orb\n|\n|upkeep\n|inactive|Time left: 300 sec this turn | 300 sec total | 5 sec grace\n|\n|t:|1783550252\n|switch|p2a: Donphan|Donphan, L84, M|288/288\n|turn|3\n|inactive|Time left: 300 sec this turn | 300 sec total\n|\n|t:|1783550253\n|move|p1a: Plusle|Grass Knot|p2a: Donphan\n|-supereffective|p2a: Donphan\n|-damage|p2a: Donphan|96/288\n|-damage|p1a: Plusle|23/100|[from] item: Life Orb\n|move|p2a: Donphan|Knock Off|p1a: Plusle\n|-damage|p1a: Plusle|0 fnt\n|-enditem|p1a: Plusle|Life Orb|[from] move: Knock Off|[of] p2a: Donphan\n|faint|p1a: Plusle\n|\n|upkeep\n|\n|t:|1783550254\n|switch|p1a: Baxcalibur|Baxcalibur, L75, F|100/100\n|turn|4\n|inactive|Time left: 300 sec this turn | 300 sec total\n|\n|t:|1783550255\n|switch|p2a: Hippowdon|Hippowdon, L82, M|311/311\n|-weather|Sandstorm|[from] ability: Sand Stream|[of] p2a: Hippowdon\n|move|p1a: Baxcalibur|Icicle Spear|p2a: Hippowdon\n|-supereffective|p2a: Hippowdon\n|-crit|p2a: Hippowdon\n|-damage|p2a: Hippowdon|237/311\n|-supereffective|p2a: Hippowdon\n|-damage|p2a: Hippowdon|189/311\n|-supereffective|p2a: Hippowdon\n|-damage|p2a: Hippowdon|139/311\n|-supereffective|p2a: Hippowdon\n|-damage|p2a: Hippowdon|91/311\n|-hitcount|p2a: Hippowdon|4\n|\n|-weather|Sandstorm|[upkeep]\n|-damage|p1a: Baxcalibur|94/100|[from] Sandstorm\n|upkeep\n|turn|5\n|inactive|Time left: 300 sec this turn | 300 sec total\n|\n|t:|1783550256\n|move|p1a: Baxcalibur|Icicle Spear|p2a: Hippowdon\n|-supereffective|p2a: Hippowdon\n|-damage|p2a: Hippowdon|41/311\n|-supereffective|p2a: Hippowdon\n|-damage|p2a: Hippowdon|0 fnt\n|faint|p2a: Hippowdon\n|-hitcount|p2: Hippowdon|2\n|\n|-weather|Sandstorm|[upkeep]\n|-damage|p1a: Baxcalibur|88/100|[from] Sandstorm\n|upkeep\n|inactive|Time left: 300 sec this turn | 300 sec total | 5 sec grace\n|\n|t:|1783550257\n|switch|p2a: Basculegion|Basculegion, L80, M|323/323\n|turn|6\n|inactive|Time left: 300 sec this turn | 300 sec total\n|\n|t:|1783550258\n|move|p1a: Baxcalibur|Swords Dance|p1a: Baxcalibur\n|-boost|p1a: Baxcalibur|atk|2\n|move|p2a: Basculegion|Shadow Ball|p1a: Baxcalibur\n|-damage|p1a: Baxcalibur|52/100\n|-unboost|p1a: Baxcalibur|spd|1\n|\n|-weather|Sandstorm|[upkeep]\n|-damage|p1a: Baxcalibur|46/100|[from] Sandstorm\n|-damage|p2a: Basculegion|303/323|[from] Sandstorm\n|upkeep\n|turn|7\n|inactive|Time left: 300 sec this turn | 300 sec total\n|\n|t:|1783550259\n|switch|p2a: Donphan|Donphan, L84, M|96/288\n|move|p1a: Baxcalibur|Scale Shot|p2a: Donphan\n|-damage|p2a: Donphan|45/288\n|-damage|p2a: Donphan|0 fnt\n|faint|p2a: Donphan\n|-hitcount|p2: Donphan|2\n|-unboost|p1a: Baxcalibur|def|1\n|-boost|p1a: Baxcalibur|spe|1\n|\n|-weather|Sandstorm|[upkeep]\n|-damage|p1a: Baxcalibur|39/100|[from] Sandstorm\n|upkeep\n|inactive|Time left: 300 sec this turn | 300 sec total | 5 sec grace\n|\n|t:|1783550260\n|switch|p2a: Raging Bolt|Raging Bolt, L78|323/323\n|turn|8\n|inactive|Time left: 300 sec this turn | 300 sec total\n|\n|t:|1783550261\n|-terastallize|p2a: Raging Bolt|Electric\n|move|p1a: Baxcalibur|Earthquake|p2a: Raging Bolt\n|-supereffective|p2a: Raging Bolt\n|-damage|p2a: Raging Bolt|0 fnt\n|faint|p2a: Raging Bolt\n|-end|p2a: Raging Bolt|Protosynthesis|[silent]\n|\n|-weather|none\n|upkeep\n|inactive|Time left: 300 sec this turn | 300 sec total | 5 sec grace\n|\n|t:|1783550262\n|switch|p2a: Blissey|Blissey, L85, F|572/572\n|turn|9\n|inactive|Time left: 300 sec this turn | 300 sec total\n|\n|t:|1783550262\n|move|p1a: Baxcalibur|Icicle Spear|p2a: Blissey\n|-damage|p2a: Blissey|391/572\n|-damage|p2a: Blissey|222/572\n|-damage|p2a: Blissey|42/572\n|-damage|p2a: Blissey|0 fnt\n|faint|p2a: Blissey\n|-hitcount|p2: Blissey|4\n|\n|upkeep\n|inactive|Time left: 300 sec this turn | 300 sec total | 5 sec grace\n|\n|t:|1783550263\n|switch|p2a: Basculegion|Basculegion, L80, M|303/323\n|turn|10\n|inactive|Time left: 300 sec this turn | 300 sec total\n|\n|t:|1783550264\n|-terastallize|p1a: Baxcalibur|Dragon\n|move|p1a: Baxcalibur|Scale Shot|p2a: Basculegion\n|-damage|p2a: Basculegion|205/323\n|-damage|p2a: Basculegion|91/323\n|-damage|p2a: Basculegion|0 fnt\n|faint|p2a: Basculegion\n|-hitcount|p2: Basculegion|3\n|\n|win|p0x959ea4b", "uploadtime": 1783550264, "views": 0, "rating": 0, "private": 0, "password": null, "_winner": "p0x959ea4b", "_our_name": "p0y95947ba"}