{"id": "battle-gen9randombattle-133", "formatid": "gen9randombattle", "format": "[Gen 9] Random Battle", "players": ["p0x13315d0", "p0y133e31c"], "log": "|init|battle\n|title|p0x13315d0 vs. p0y133e31c\n|j|\u2606p0x13315d0\n|j|\u2606p0y133e31c\n|t:|1783540705\n|gametype|singles\n|player|p1|p0x13315d0|169|\n|player|p2|p0y133e31c|170|\n|gen|9\n|tier|[Gen 9] Random Battle\n|rule|Species Clause: Limit one of each Pok\u00e9mon\n|rule|HP Percentage Mod: HP is shown in percentages\n|rule|Sleep Clause Mod: Limit one foe put to sleep\n|rule|Illusion Level Mod: Illusion disguises the Pok\u00e9mon's true level\n|\n|t:|1783540705\n|teamsize|p1|6\n|teamsize|p2|6\n|start\n|switch|p1a: Pawmot|Pawmot, L80, M|100/100\n|switch|p2a: Cresselia|Cresselia, L80, F|323/323\n|turn|1\n|inactive|Battle timer is ON: inactive players will automatically lose when time's up. (requested by p0x13315d0)\n|inactive|Time left: 300 sec this turn | 300 sec total | 60 sec grace\n|inactive|p0y133e31c also wants the timer to be on.\n|\n|t:|1783540706\n|switch|p1a: Araquanid|Araquanid, L82, M|100/100\n|move|p2a: Cresselia|Psyshock|p1a: Araquanid\n|-damage|p1a: Araquanid|75/100\n|\n|upkeep\n|turn|2\n|inactive|Time left: 300 sec this turn | 300 sec total\n|\n|t:|1783540707\n|move|p2a: Cresselia|Calm Mind|p2a: Cresselia\n|-boost|p2a: Cresselia|spa|1\n|-boost|p2a: Cresselia|spd|1\n|move|p1a: Araquanid|Sticky Web|p2a: Cresselia\n|-sidestart|p2: p0y133e31c|move: Sticky Web\n|\n|upkeep\n|turn|3\n|inactive|Time left: 300 sec this turn | 300 sec total\n|\n|t:|1783540708\n|move|p2a: Cresselia|Psyshock|p1a: Araquanid\n|-damage|p1a: Araquanid|34/100\n|move|p1a: Araquanid|Leech Life|p2a: Cresselia\n|-supereffective|p2a: Cresselia\n|-damage|p2a: Cresselia|201/323\n|-heal|p1a: Araquanid|59/100|[from] drain|[of] p2a: Cresselia\n|\n|-heal|p2a: Cresselia|221/323|[from] item: Leftovers\n|upkeep\n|turn|4\n|inactive|Time left: 300 sec this turn | 300 sec total\n|\n|t:|1783540709\n|move|p2a: Cresselia|Psyshock|p1a: Araquanid\n|-damage|p1a: Araquanid|20/100\n|move|p1a: Araquanid|Liquidation|p2a: Cresselia\n|-damage|p2a: Cresselia|103/323\n|\n|-heal|p2a: Cresselia|123/323|[from] item: Leftovers\n|upkeep\n|turn|5\n|inactive|Time left: 300 sec this turn | 300 sec total\n|\n|t:|1783540710\n|switch|p1a: Oranguru|Oranguru, L92, F|100/100\n|move|p2a: Cresselia|Moonlight|p2a: Cresselia\n|-heal|p2a: Cresselia|284/323\n|\n|-heal|p2a: Cresselia|304/323|[from] item: Leftovers\n|upkeep\n|turn|6\n|inactive|Time left: 300 sec this turn | 300 sec total\n|\n|t:|1783540711\n|move|p2a: Cresselia|Calm Mind|p2a: Cresselia\n|-boost|p2a: Cresselia|spa|1\n|-boost|p2a: Cresselia|spd|1\n|move|p1a: Oranguru|Nasty Plot|p1a: Oranguru\n|-boost|p1a: Oranguru|spa|2\n|\n|-heal|p2a: Cresselia|323/323|[from] item: Leftovers\n|upkeep\n|turn|7\n|inactive|Time left: 300 sec this turn | 300 sec total\n|\n|t:|1783540712\n|move|p2a: Cresselia|Calm Mind|p2a: Cresselia\n|-boost|p2a: Cresselia|spa|1\n|-boost|p2a: Cresselia|spd|1\n|move|p1a: Oranguru|Nasty Plot|p1a: Oranguru\n|-boost|p1a: Oranguru|spa|2\n|\n|upkeep\n|turn|8\n|inactive|Time left: 300 sec this turn | 300 sec total\n|\n|t:|1783540713\n|-terastallize|p1a: Oranguru|Psychic\n|move|p2a: Cresselia|Psyshock|p1a: Oranguru\n|-resisted|p1a: Oranguru\n|-damage|p1a: Oranguru|77/100\n|move|p1a: Oranguru|Psyshock|p2a: Cresselia\n|-resisted|p2a: Cresselia\n|-damage|p2a: Cresselia|96/323\n|-damage|p1a: Oranguru|67/100|[from] item: Life Orb\n|\n|-heal|p2a: Cresselia|116/323|[from] item: Leftovers\n|upkeep\n|turn|9\n|inactive|Time left: 300 sec this turn | 300 sec total\n|\n|t:|1783540714\n|move|p2a: Cresselia|Moonlight|p2a: Cresselia\n|-heal|p2a: Cresselia|277/323\n|move|p1a: Oranguru|Psyshock|p2a: Cresselia\n|-resisted|p2a: Cresselia\n|-damage|p2a: Cresselia|47/323\n|-damage|p1a: Oranguru|57/100|[from] item: Life Orb\n|\n|-heal|p2a: Cresselia|67/323|[from] item: Leftovers\n|upkeep\n|turn|10\n|inactive|Time left: 300 sec this turn | 300 sec total\n|\n|t:|1783540715\n|move|p2a: Cresselia|Moonlight|p2a: Cresselia\n|-heal|p2a: Cresselia|228/323\n|move|p1a: Oranguru|Psyshock|p2a: Cresselia\n|-resisted|p2a: Cresselia\n|-damage|p2a: Cresselia|24/323\n|-damage|p1a: Oranguru|47/100|[from] item: Life Orb\n|\n|-heal|p2a: Cresselia|44/323|[from] item: Leftovers\n|upkeep\n|turn|11\n|inactive|Time left: 300 sec this turn | 300 sec total\n|\n|t:|1783540716\n|move|p2a: Cresselia|Moonlight|p2a: Cresselia\n|-heal|p2a: Cresselia|205/323\n|move|p1a: Oranguru|Psyshock|p2a: Cresselia\n|-resisted|p2a: Cresselia\n|-damage|p2a: Cresselia|0 fnt\n|faint|p2a: Cresselia\n|-damage|p1a: Oranguru|38/100|[from] item: Life Orb\n|\n|upkeep\n|inactive|Time left: 300 sec this turn | 300 sec total | 5 sec grace\n|\n|t:|1783540718\n|switch|p2a: Mandibuzz|Mandibuzz, L85, F|326/326\n|turn|12\n|inactive|Time left: 300 sec this turn | 300 sec total\n|\n|t:|1783540719\n|move|p2a: Mandibuzz|Foul Play|p1a: Oranguru\n|-supereffective|p1a: Oranguru\n|-damage|p1a: Oranguru|5/100\n|move|p1a: Oranguru|Thunderbolt|p2a: Mandibuzz\n|-supereffective|p2a: Mandibuzz\n|-damage|p2a: Mandibuzz|0 fnt\n|faint|p2a: Mandibuzz\n|-damage|p1a: Oranguru|0 fnt|[from] item: Life Orb\n|faint|p1a: Oranguru\n|\n|upkeep\n|inactive|Time left: 300 sec this turn | 300 sec total | 5 sec grace\n|\n|t:|1783540720\n|switch|p2a: Lunala|Lunala, L70|308/308\n|switch|p1a: Hydrapple|Hydrapple, L83, M|100/100\n|-activate|p2a: Lunala|move: Sticky Web\n|-unboost|p2a: Lunala|spe|1\n|turn|13\n|inactive|Time left: 300 sec this turn | 300 sec total\n|\n|t:|1783540721\n|move|p1a: Hydrapple|Fickle Beam|p2a: Lunala\n|-damage|p2a: Lunala|236/308\n|move|p2a: Lunala|Calm Mind|p2a: Lunala\n|-boost|p2a: Lunala|spa|1\n|-boost|p2a: Lunala|spd|1\n|\n|-heal|p2a: Lunala|255/308|[from] item: Leftovers\n|upkeep\n|turn|14\n|inactive|Time left: 300 sec this turn | 300 sec total\n|\n|t:|1783540722\n|move|p1a: Hydrapple|Fickle Beam|p2a: Lunala\n|-damage|p2a: Lunala|155/308\n|move|p2a: Lunala|Calm Mind|p2a: Lunala\n|-boost|p2a: Lunala|spa|1\n|-boost|p2a: Lunala|spd|1\n|\n|-heal|p2a: Lunala|174/308|[from] item: Leftovers\n|upkeep\n|turn|15\n|inactive|Time left: 300 sec this turn | 300 sec total\n|\n|t:|1783540723\n|move|p1a: Hydrapple|Fickle Beam|p2a: Lunala\n|-damage|p2a: Lunala|90/308\n|move|p2a: Lunala|Moonlight|p2a: Lunala\n|-heal|p2a: Lunala|244/308\n|\n|-heal|p2a: Lunala|263/308|[from] item: Leftovers\n|upkeep\n|turn|16\n|inactive|Time left: 300 sec this turn | 300 sec total\n|\n|t:|1783540724\n|move|p1a: Hydrapple|Fickle Beam|p2a: Lunala\n|-damage|p2a: Lunala|191/308\n|move|p2a: Lunala|Moongeist Beam|p1a: Hydrapple\n|-damage|p1a: Hydrapple|35/100\n|\n|-heal|p2a: Lunala|210/308|[from] item: Leftovers\n|upkeep\n|turn|17\n|inactive|Time left: 300 sec this turn | 300 sec total\n|\n|t:|1783540726\n|move|p1a: Hydrapple|Fickle Beam|p2a: Lunala\n|-damage|p2a: Lunala|134/308\n|move|p2a: Lunala|Moongeist Beam|p1a: Hydrapple\n|-damage|p1a: Hydrapple|0 fnt\n|faint|p1a: Hydrapple\n|\n|-heal|p2a: Lunala|153/308|[from] item: Leftovers\n|upkeep\n|\n|t:|1783540727\n|switch|p1a: Pawmot|Pawmot, L80, M|100/100\n|turn|18\n|inactive|Time left: 300 sec this turn | 300 sec total\n|\n|t:|1783540727\n|switch|p2a: Magcargo|Magcargo, L95, M|268/268\n|move|p1a: Pawmot|Double Shock|p2a: Magcargo\n|-damage|p2a: Magcargo|142/268\n|-start|p1a: Pawmot|typechange|???/Fighting|[from] move: Double Shock\n|-damage|p1a: Pawmot|91/100|[from] item: Life Orb\n|\n|upkeep\n|turn|19\n|inactive|Time left: 300 sec this turn | 300 sec total\n|\n|t:|1783540729\n|move|p1a: Pawmot|Close Combat|p2a: Magcargo\n|-supereffective|p2a: Magcargo\n|-damage|p2a: Magcargo|0 fnt\n|-unboost|p1a: Pawmot|def|1\n|-unboost|p1a: Pawmot|spd|1\n|faint|p2a: Magcargo\n|-damage|p1a: Pawmot|81/100|[from] item: Life Orb\n|\n|upkeep\n|inactive|Time left: 300 sec this turn | 300 sec total | 5 sec grace\n|\n|t:|1783540730\n|switch|p2a: Sneasler|Sneasler, L74, M|240/240\n|-activate|p2a: Sneasler|move: Sticky Web\n|-unboost|p2a: Sneasler|spe|1\n|-enditem|p2a: Sneasler|White Herb\n|-clearnegativeboost|p2a: Sneasler|[silent]\n|turn|20\n|inactive|Time left: 300 sec this turn | 300 sec total\n|\n|t:|1783540731\n|switch|p1a: Araquanid|Araquanid, L82, M|20/100\n|move|p2a: Sneasler|Swords Dance|p2a: Sneasler\n|-boost|p2a: Sneasler|atk|2\n|\n|upkeep\n|turn|21\n|inactive|Time left: 300 sec this turn | 300 sec total\n|\n|t:|1783540732\n|move|p2a: Sneasler|Acrobatics|p1a: Araquanid\n|-supereffective|p1a: Araquanid\n|-damage|p1a: Araquanid|0 fnt\n|faint|p1a: Araquanid\n|\n|upkeep\n|\n|t:|1783540733\n|switch|p1a: Pawmot|Pawmot, L80, M|81/100\n|turn|22\n|inactive|Time left: 300 sec this turn | 300 sec total\n|\n|t:|1783540734\n|move|p2a: Sneasler|Close Combat|p1a: Pawmot\n|-damage|p1a: Pawmot|0 fnt\n|-unboost|p2a: Sneasler|def|1\n|-unboost|p2a: Sneasler|spd|1\n|faint|p1a: Pawmot\n|\n|upkeep\n|\n|t:|1783540734\n|switch|p1a: Cramorant|Cramorant, L86, F|100/100\n|turn|23\n|inactive|Time left: 300 sec this turn | 300 sec total\n|\n|t:|1783540735\n|-terastallize|p2a: Sneasler|Flying\n|move|p2a: Sneasler|Acrobatics|p1a: Cramorant\n|-damage|p1a: Cramorant|0 fnt\n|faint|p1a: Cramorant\n|\n|upkeep\n|\n|t:|1783540736\n|switch|p1a: Hawlucha|Hawlucha, L80, M|100/100\n|turn|24\n|inactive|Time left: 300 sec this turn | 300 sec total\n|\n|t:|1783540737\n|move|p2a: Sneasler|Acrobatics|p1a: Hawlucha\n|-supereffective|p1a: Hawlucha\n|-damage|p1a: Hawlucha|0 fnt\n|faint|p1a: Hawlucha\n|\n|win|p0y133e31c", "uploadtime": 1783540737, "views": 0, "rating": 0, "private": 0, "password": null, "_winner": "p0y133e31c", "_our_name": "p0y133e31c"}