{"id": "battle-gen9randombattle-2627", "formatid": "gen9randombattle", "format": "[Gen 9] Random Battle", "players": ["p0x2627b974", "p0y26276e0a"], "log": "|init|battle\n|title|p0x2627b974 vs. p0y26276e0a\n|j|\u2606p0x2627b974\n|j|\u2606p0y26276e0a\n|t:|1783569344\n|gametype|singles\n|player|p1|p0x2627b974|102|\n|player|p2|p0y26276e0a|266|\n|gen|9\n|tier|[Gen 9] Random Battle\n|rule|Species Clause: Limit one of each Pok\u00e9mon\n|rule|HP Percentage Mod: HP is shown in percentages\n|rule|Sleep Clause Mod: Limit one foe put to sleep\n|rule|Illusion Level Mod: Illusion disguises the Pok\u00e9mon's true level\n|\n|t:|1783569344\n|teamsize|p1|6\n|teamsize|p2|6\n|start\n|switch|p1a: Hoopa|Hoopa, L85|100/100\n|switch|p2a: Thundurus|Thundurus, L80, M|258/258\n|turn|1\n|inactive|Battle timer is ON: inactive players will automatically lose when time's up. (requested by p0y26276e0a)\n|inactive|p0x2627b974 also wants the timer to be on.\n|\n|t:|1783569345\n|switch|p2a: Muk|Muk-Alola, L82, M|306/306\n|move|p1a: Hoopa|Psychic|p2a: Muk\n|-immune|p2a: Muk\n|\n|upkeep\n|turn|2\n|inactive|Time left: 300 sec this turn | 300 sec total\n|\n|t:|1783569346\n|switch|p1a: Garganacl|Garganacl, L80, F|100/100\n|move|p2a: Muk|Knock Off|p1a: Garganacl\n|-damage|p1a: Garganacl|75/100\n|-enditem|p1a: Garganacl|Leftovers|[from] move: Knock Off|[of] p2a: Muk\n|\n|upkeep\n|turn|3\n|inactive|Time left: 300 sec this turn | 300 sec total\n|\n|t:|1783569347\n|move|p2a: Muk|Knock Off|p1a: Garganacl\n|-damage|p1a: Garganacl|57/100\n|move|p1a: Garganacl|Stealth Rock|p2a: Muk\n|-sidestart|p2: p0y26276e0a|move: Stealth Rock\n|\n|upkeep\n|turn|4\n|inactive|Time left: 300 sec this turn | 300 sec total\n|\n|t:|1783569348\n|move|p2a: Muk|Drain Punch|p1a: Garganacl\n|-supereffective|p1a: Garganacl\n|-damage|p1a: Garganacl|26/100\n|move|p1a: Garganacl|Recover|p1a: Garganacl\n|-heal|p1a: Garganacl|76/100\n|\n|upkeep\n|turn|5\n|inactive|Time left: 300 sec this turn | 300 sec total\n|\n|t:|1783569349\n|move|p2a: Muk|Drain Punch|p1a: Garganacl\n|-supereffective|p1a: Garganacl\n|-damage|p1a: Garganacl|46/100\n|move|p1a: Garganacl|Recover|p1a: Garganacl\n|-heal|p1a: Garganacl|96/100\n|\n|upkeep\n|turn|6\n|inactive|Time left: 300 sec this turn | 300 sec total\n|\n|t:|1783569350\n|move|p2a: Muk|Drain Punch|p1a: Garganacl\n|-supereffective|p1a: Garganacl\n|-damage|p1a: Garganacl|69/100\n|move|p1a: Garganacl|Salt Cure|p2a: Muk\n|-damage|p2a: Muk|261/306\n|-start|p2a: Muk|Salt Cure\n|\n|-damage|p2a: Muk|223/306|[from] Salt Cure\n|upkeep\n|turn|7\n|inactive|Time left: 300 sec this turn | 300 sec total\n|\n|t:|1783569351\n|switch|p2a: Ribombee|Ribombee, L83, M|235/235\n|move|p1a: Garganacl|Recover|p1a: Garganacl\n|-heal|p1a: Garganacl|100/100\n|\n|upkeep\n|turn|8\n|inactive|Time left: 300 sec this turn | 300 sec total\n|\n|t:|1783569352\n|move|p2a: Ribombee|Sticky Web|p1a: Garganacl\n|-sidestart|p1: p0x2627b974|move: Sticky Web\n|move|p1a: Garganacl|Salt Cure|p2a: Ribombee\n|-supereffective|p2a: Ribombee\n|-damage|p2a: Ribombee|127/235\n|\n|upkeep\n|turn|9\n|inactive|Time left: 300 sec this turn | 300 sec total\n|\n|t:|1783569353\n|switch|p2a: Terrakion|Terrakion, L79|273/273\n|-damage|p2a: Terrakion|256/273|[from] Stealth Rock\n|move|p1a: Garganacl|Salt Cure|p2a: Terrakion\n|-resisted|p2a: Terrakion\n|-damage|p2a: Terrakion|236/273\n|-start|p2a: Terrakion|Salt Cure\n|\n|-damage|p2a: Terrakion|202/273|[from] Salt Cure\n|upkeep\n|turn|10\n|inactive|Time left: 300 sec this turn | 300 sec total\n|\n|t:|1783569354\n|move|p2a: Terrakion|Swords Dance|p2a: Terrakion\n|-boost|p2a: Terrakion|atk|2\n|move|p1a: Garganacl|Body Press|p2a: Terrakion\n|-supereffective|p2a: Terrakion\n|-damage|p2a: Terrakion|62/273\n|\n|-damage|p2a: Terrakion|28/273|[from] Salt Cure\n|upkeep\n|turn|11\n|inactive|Time left: 300 sec this turn | 300 sec total\n|\n|t:|1783569355\n|switch|p1a: Hoopa|Hoopa, L85|100/100\n|-activate|p1a: Hoopa|move: Sticky Web\n|-unboost|p1a: Hoopa|spe|1\n|move|p2a: Terrakion|Earthquake|p1a: Hoopa\n|-damage|p1a: Hoopa|12/100\n|-damage|p2a: Terrakion|1/273|[from] item: Life Orb\n|\n|-damage|p2a: Terrakion|0 fnt|[from] Salt Cure\n|faint|p2a: Terrakion\n|upkeep\n|inactive|Time left: 300 sec this turn | 300 sec total | 5 sec grace\n|\n|t:|1783569356\n|switch|p2a: Wugtrio|Wugtrio, L91, M|212/212\n|-damage|p2a: Wugtrio|186/212|[from] Stealth Rock\n|turn|12\n|inactive|Time left: 300 sec this turn | 300 sec total\n|\n|t:|1783569357\n|switch|p1a: Tsareena|Tsareena, L87, F|100/100\n|move|p2a: Wugtrio|Liquidation|p1a: Tsareena\n|-resisted|p1a: Tsareena\n|-damage|p1a: Tsareena|72/100\n|\n|upkeep\n|turn|13\n|inactive|Time left: 300 sec this turn | 300 sec total\n|\n|t:|1783569358\n|move|p2a: Wugtrio|Liquidation|p1a: Tsareena\n|-resisted|p1a: Tsareena\n|-damage|p1a: Tsareena|46/100\n|move|p1a: Tsareena|Rapid Spin|p2a: Wugtrio\n|-damage|p2a: Wugtrio|119/212\n|-boost|p1a: Tsareena|spe|1\n|-ability|p2a: Wugtrio|Gooey\n|-unboost|p1a: Tsareena|spe|1\n|-sideend|p1: p0x2627b974|Sticky Web|[from] move: Rapid Spin|[of] p1a: Tsareena\n|\n|upkeep\n|turn|14\n|inactive|Time left: 300 sec this turn | 300 sec total\n|\n|t:|1783569359\n|move|p2a: Wugtrio|Liquidation|p1a: Tsareena\n|-resisted|p1a: Tsareena\n|-damage|p1a: Tsareena|17/100\n|move|p1a: Tsareena|Synthesis|p1a: Tsareena\n|-heal|p1a: Tsareena|67/100\n|\n|upkeep\n|turn|15\n|inactive|Time left: 300 sec this turn | 300 sec total\n|\n|t:|1783569359\n|move|p2a: Wugtrio|Liquidation|p1a: Tsareena\n|-resisted|p1a: Tsareena\n|-damage|p1a: Tsareena|38/100\n|move|p1a: Tsareena|Power Whip|p2a: Wugtrio\n|-supereffective|p2a: Wugtrio\n|-damage|p2a: Wugtrio|0 fnt\n|-ability|p2a: Wugtrio|Gooey\n|-unboost|p1a: Tsareena|spe|1\n|faint|p2a: Wugtrio\n|\n|upkeep\n|inactive|Time left: 300 sec this turn | 300 sec total | 5 sec grace\n|\n|t:|1783569360\n|switch|p2a: Ribombee|Ribombee, L83, M|127/235\n|turn|16\n|inactive|Time left: 300 sec this turn | 300 sec total\n|\n|t:|1783569361\n|move|p2a: Ribombee|Sticky Web|p1a: Tsareena\n|-sidestart|p1: p0x2627b974|move: Sticky Web\n|move|p1a: Tsareena|Rapid Spin|p2a: Ribombee\n|-damage|p2a: Ribombee|69/235\n|-boost|p1a: Tsareena|spe|1\n|-sideend|p1: p0x2627b974|Sticky Web|[from] move: Rapid Spin|[of] p1a: Tsareena\n|\n|upkeep\n|turn|17\n|inactive|Time left: 300 sec this turn | 300 sec total\n|\n|t:|1783569362\n|move|p2a: Ribombee|Bug Buzz|p1a: Tsareena\n|-supereffective|p1a: Tsareena\n|-damage|p1a: Tsareena|0 fnt\n|faint|p1a: Tsareena\n|\n|upkeep\n|\n|t:|1783569363\n|switch|p1a: Rampardos|Rampardos, L90, M|100/100\n|turn|18\n|inactive|Time left: 300 sec this turn | 300 sec total\n|\n|t:|1783569364\n|move|p2a: Ribombee|Sticky Web|p1a: Rampardos\n|-sidestart|p1: p0x2627b974|move: Sticky Web\n|move|p1a: Rampardos|Rock Slide|p2a: Ribombee\n|-supereffective|p2a: Ribombee\n|-damage|p2a: Ribombee|0 fnt\n|faint|p2a: Ribombee\n|\n|upkeep\n|inactive|Time left: 300 sec this turn | 300 sec total | 5 sec grace\n|\n|t:|1783569365\n|switch|p2a: Komala|Komala, L87, M|255/255\n|-damage|p2a: Komala|224/255|[from] Stealth Rock\n|-ability|p2a: Komala|Comatose\n|turn|19\n|inactive|Time left: 300 sec this turn | 300 sec total\n|\n|t:|1783569366\n|move|p2a: Komala|Knock Off|p1a: Rampardos\n|-damage|p1a: Rampardos|67/100\n|-enditem|p1a: Rampardos|Life Orb|[from] move: Knock Off|[of] p2a: Komala\n|move|p1a: Rampardos|Rock Slide|p2a: Komala\n|-crit|p2a: Komala\n|-damage|p2a: Komala|0 fnt\n|faint|p2a: Komala\n|\n|upkeep\n|inactive|Time left: 300 sec this turn | 300 sec total | 5 sec grace\n|\n|t:|1783569367\n|switch|p2a: Thundurus|Thundurus, L80, M|258/258\n|turn|20\n|inactive|Time left: 300 sec this turn | 300 sec total\n|\n|t:|1783569368\n|-terastallize|p1a: Rampardos|Fire\n|move|p2a: Thundurus|Focus Blast|p1a: Rampardos\n|-damage|p1a: Rampardos|22/100\n|move|p1a: Rampardos|Rock Slide|p2a: Thundurus\n|-supereffective|p2a: Thundurus\n|-damage|p2a: Thundurus|0 fnt\n|faint|p2a: Thundurus\n|\n|upkeep\n|inactive|Time left: 300 sec this turn | 300 sec total | 5 sec grace\n|\n|t:|1783569369\n|switch|p2a: Muk|Muk-Alola, L82, M|223/306\n|-damage|p2a: Muk|185/306|[from] Stealth Rock\n|turn|21\n|inactive|Time left: 300 sec this turn | 300 sec total\n|\n|t:|1783569370\n|move|p1a: Rampardos|Fire Punch|p2a: Muk\n|-damage|p2a: Muk|0 fnt\n|faint|p2a: Muk\n|\n|win|p0x2627b974", "uploadtime": 1783569370, "views": 0, "rating": 0, "private": 0, "password": null, "_winner": "p0x2627b974", "_our_name": "p0y26276e0a"}