{"id": "battle-gen9randombattle-2394", "formatid": "gen9randombattle", "format": "[Gen 9] Random Battle", "players": ["p0x2394132f", "p0y2394b230"], "log": "|init|battle\n|title|p0x2394132f vs. p0y2394b230\n|j|\u2606p0x2394132f\n|j|\u2606p0y2394b230\n|t:|1783567777\n|gametype|singles\n|player|p1|p0x2394132f|169|\n|player|p2|p0y2394b230|1|\n|gen|9\n|tier|[Gen 9] Random Battle\n|rule|Species Clause: Limit one of each Pok\u00e9mon\n|rule|HP Percentage Mod: HP is shown in percentages\n|rule|Sleep Clause Mod: Limit one foe put to sleep\n|rule|Illusion Level Mod: Illusion disguises the Pok\u00e9mon's true level\n|\n|t:|1783567777\n|teamsize|p1|6\n|teamsize|p2|6\n|start\n|switch|p1a: Zapdos|Zapdos, L78|268/268\n|switch|p2a: Tauros|Tauros-Paldea-Combat, L82, M|100/100\n|-ability|p2a: Tauros|Intimidate|boost\n|-unboost|p1a: Zapdos|atk|1\n|turn|1\n|inactive|Battle timer is ON: inactive players will automatically lose when time's up. (requested by p0x2394132f)\n|inactive|p0y2394b230 also wants the timer to be on.\n|\n|t:|1783567779\n|move|p2a: Tauros|Stone Edge|p1a: Zapdos\n|-supereffective|p1a: Zapdos\n|-crit|p1a: Zapdos\n|-damage|p1a: Zapdos|0 fnt\n|faint|p1a: Zapdos\n|\n|upkeep\n|inactive|Time left: 300 sec this turn | 300 sec total | 65 sec grace\n|\n|t:|1783567780\n|switch|p1a: Okidogi|Okidogi, L77, M|262/262\n|turn|2\n|inactive|Time left: 300 sec this turn | 300 sec total\n|\n|t:|1783567781\n|switch|p2a: Registeel|Registeel, L81|100/100\n|move|p1a: Okidogi|Bulk Up|p1a: Okidogi\n|-boost|p1a: Okidogi|atk|1\n|-boost|p1a: Okidogi|def|1\n|\n|upkeep\n|turn|3\n|inactive|Time left: 300 sec this turn | 300 sec total\n|\n|t:|1783567783\n|switch|p2a: Tauros|Tauros-Paldea-Combat, L82, M|100/100\n|-ability|p2a: Tauros|Intimidate|boost\n|-unboost|p1a: Okidogi|atk|1\n|move|p1a: Okidogi|Drain Punch|p2a: Tauros\n|-damage|p2a: Tauros|71/100\n|\n|upkeep\n|turn|4\n|inactive|Time left: 300 sec this turn | 300 sec total\n|\n|t:|1783567784\n|move|p2a: Tauros|Earthquake|p1a: Okidogi\n|-supereffective|p1a: Okidogi\n|-damage|p1a: Okidogi|128/262\n|move|p1a: Okidogi|Bulk Up|p1a: Okidogi\n|-boost|p1a: Okidogi|atk|1\n|-boost|p1a: Okidogi|def|1\n|\n|-heal|p1a: Okidogi|144/262|[from] item: Leftovers\n|upkeep\n|turn|5\n|inactive|Time left: 300 sec this turn | 300 sec total\n|\n|t:|1783567785\n|move|p2a: Tauros|Earthquake|p1a: Okidogi\n|-supereffective|p1a: Okidogi\n|-damage|p1a: Okidogi|44/262\n|move|p1a: Okidogi|Drain Punch|p2a: Tauros\n|-damage|p2a: Tauros|29/100\n|-heal|p1a: Okidogi|99/262|[from] drain|[of] p2a: Tauros\n|\n|-heal|p1a: Okidogi|115/262|[from] item: Leftovers\n|upkeep\n|turn|6\n|inactive|Time left: 300 sec this turn | 300 sec total\n|\n|t:|1783567786\n|move|p2a: Tauros|Earthquake|p1a: Okidogi\n|-supereffective|p1a: Okidogi\n|-damage|p1a: Okidogi|13/262\n|move|p1a: Okidogi|Drain Punch|p2a: Tauros\n|-crit|p2a: Tauros\n|-damage|p2a: Tauros|0 fnt\n|-heal|p1a: Okidogi|49/262|[from] drain|[of] p2a: Tauros\n|faint|p2a: Tauros\n|\n|-heal|p1a: Okidogi|65/262|[from] item: Leftovers\n|upkeep\n|\n|t:|1783567787\n|switch|p2a: Pyroar|Pyroar, L88, M|100/100\n|-ability|p2a: Pyroar|Unnerve\n|turn|7\n|inactive|Time left: 300 sec this turn | 300 sec total\n|\n|t:|1783567788\n|switch|p1a: Scrafty|Scrafty, L83, F|244/244\n|-ability|p1a: Scrafty|Intimidate|boost\n|-unboost|p2a: Pyroar|atk|1\n|move|p2a: Pyroar|Hyper Voice|p1a: Scrafty\n|-damage|p1a: Scrafty|148/244\n|\n|-heal|p1a: Scrafty|163/244|[from] item: Leftovers\n|upkeep\n|turn|8\n|inactive|Time left: 300 sec this turn | 300 sec total\n|\n|t:|1783567789\n|move|p2a: Pyroar|Will-O-Wisp|p1a: Scrafty\n|-status|p1a: Scrafty|brn\n|move|p1a: Scrafty|Drain Punch|p2a: Pyroar\n|-supereffective|p2a: Pyroar\n|-damage|p2a: Pyroar|73/100\n|-heal|p1a: Scrafty|204/244 brn|[from] drain|[of] p2a: Pyroar\n|\n|-heal|p1a: Scrafty|219/244 brn|[from] item: Leftovers\n|-damage|p1a: Scrafty|204/244 brn|[from] brn\n|upkeep\n|turn|9\n|inactive|Time left: 300 sec this turn | 300 sec total\n|\n|t:|1783567789\n|switch|p2a: Copperajah|Copperajah, L86, M|100/100\n|move|p1a: Scrafty|Dragon Dance|p1a: Scrafty\n|-boost|p1a: Scrafty|atk|1\n|-boost|p1a: Scrafty|spe|1\n|\n|-heal|p1a: Scrafty|219/244 brn|[from] item: Leftovers\n|-damage|p1a: Scrafty|204/244 brn|[from] brn\n|upkeep\n|turn|10\n|inactive|Time left: 300 sec this turn | 300 sec total\n|\n|t:|1783567790\n|move|p1a: Scrafty|Knock Off|p2a: Copperajah\n|-damage|p2a: Copperajah|79/100\n|-enditem|p2a: Copperajah|Choice Band|[from] move: Knock Off|[of] p1a: Scrafty\n|move|p2a: Copperajah|Heavy Slam|p1a: Scrafty\n|-damage|p1a: Scrafty|59/244 brn\n|\n|-heal|p1a: Scrafty|74/244 brn|[from] item: Leftovers\n|-damage|p1a: Scrafty|59/244 brn|[from] brn\n|upkeep\n|turn|11\n|inactive|Time left: 300 sec this turn | 300 sec total\n|\n|t:|1783567792\n|move|p1a: Scrafty|Drain Punch|p2a: Copperajah\n|-supereffective|p2a: Copperajah\n|-damage|p2a: Copperajah|44/100\n|-heal|p1a: Scrafty|119/244 brn|[from] drain|[of] p2a: Copperajah\n|move|p2a: Copperajah|Heavy Slam|p1a: Scrafty\n|-damage|p1a: Scrafty|0 fnt\n|faint|p1a: Scrafty\n|\n|upkeep\n|inactive|Time left: 300 sec this turn | 300 sec total | 5 sec grace\n|\n|t:|1783567792\n|switch|p1a: Okidogi|Okidogi, L77, M|65/262\n|turn|12\n|inactive|Time left: 300 sec this turn | 300 sec total\n|\n|t:|1783567793\n|-terastallize|p2a: Copperajah|Fire\n|move|p1a: Okidogi|Drain Punch|p2a: Copperajah\n|-damage|p2a: Copperajah|14/100\n|-heal|p1a: Okidogi|118/262|[from] drain|[of] p2a: Copperajah\n|move|p2a: Copperajah|Heat Crash|p1a: Okidogi\n|-crit|p1a: Okidogi\n|-damage|p1a: Okidogi|0 fnt\n|faint|p1a: Okidogi\n|\n|upkeep\n|inactive|Time left: 300 sec this turn | 300 sec total | 5 sec grace\n|\n|t:|1783567794\n|switch|p1a: Swalot|Swalot, L90, F|326/326\n|turn|13\n|inactive|Time left: 300 sec this turn | 300 sec total\n|\n|t:|1783567795\n|move|p1a: Swalot|Earthquake|p2a: Copperajah\n|-supereffective|p2a: Copperajah\n|-damage|p2a: Copperajah|0 fnt\n|faint|p2a: Copperajah\n|\n|upkeep\n|\n|t:|1783567796\n|switch|p2a: Registeel|Registeel, L81|100/100\n|turn|14\n|inactive|Time left: 300 sec this turn | 300 sec total\n|\n|t:|1783567796\n|move|p1a: Swalot|Earthquake|p2a: Registeel\n|-supereffective|p2a: Registeel\n|-damage|p2a: Registeel|66/100\n|move|p2a: Registeel|Iron Defense|p2a: Registeel\n|-boost|p2a: Registeel|def|2\n|\n|upkeep\n|turn|15\n|inactive|Time left: 300 sec this turn | 300 sec total\n|\n|t:|1783567797\n|switch|p1a: Hypno|Hypno, L95, M|315/315\n|move|p2a: Registeel|Iron Defense|p2a: Registeel\n|-boost|p2a: Registeel|def|2\n|\n|upkeep\n|turn|16\n|inactive|Time left: 300 sec this turn | 300 sec total\n|\n|t:|1783567798\n|-terastallize|p1a: Hypno|Fighting\n|move|p1a: Hypno|Focus Blast|p2a: Registeel\n|-supereffective|p2a: Registeel\n|-damage|p2a: Registeel|0 fnt\n|faint|p2a: Registeel\n|\n|upkeep\n|\n|t:|1783567799\n|switch|p2a: Hypno|Hypno, L95, M|100/100\n|turn|17\n|inactive|Time left: 300 sec this turn | 300 sec total\n|\n|t:|1783567800\n|move|p1a: Hypno|Toxic|p2a: Hypno\n|-status|p2a: Hypno|tox\n|move|p2a: Hypno|Psychic Noise|p1a: Hypno\n|-supereffective|p1a: Hypno\n|-damage|p1a: Hypno|193/315\n|-start|p1a: Hypno|move: Heal Block\n|\n|-damage|p2a: Hypno|94/100 tox|[from] psn\n|upkeep\n|turn|18\n|inactive|Time left: 300 sec this turn | 300 sec total\n|\n|t:|1783567800\n|move|p1a: Hypno|Protect|p1a: Hypno\n|-singleturn|p1a: Hypno|Protect\n|move|p2a: Hypno|Psychic Noise|p1a: Hypno\n|-activate|p1a: Hypno|move: Protect\n|\n|-heal|p2a: Hypno|100/100 tox|[from] item: Leftovers\n|-damage|p2a: Hypno|88/100 tox|[from] psn\n|-end|p1a: Hypno|move: Heal Block\n|upkeep\n|turn|19\n|inactive|Time left: 300 sec this turn | 300 sec total\n|\n|t:|1783567801\n|move|p1a: Hypno|Focus Blast|p2a: Hypno\n|-resisted|p2a: Hypno\n|-damage|p2a: Hypno|72/100 tox\n|move|p2a: Hypno|Psychic Noise|p1a: Hypno\n|-supereffective|p1a: Hypno\n|-damage|p1a: Hypno|61/315\n|-start|p1a: Hypno|move: Heal Block\n|\n|-heal|p2a: Hypno|78/100 tox|[from] item: Leftovers\n|-damage|p2a: Hypno|60/100 tox|[from] psn\n|upkeep\n|turn|20\n|inactive|Time left: 300 sec this turn | 300 sec total\n|\n|t:|1783567803\n|move|p1a: Hypno|Protect|p1a: Hypno\n|-singleturn|p1a: Hypno|Protect\n|move|p2a: Hypno|Psychic Noise|p1a: Hypno\n|-activate|p1a: Hypno|move: Protect\n|\n|-heal|p2a: Hypno|66/100 tox|[from] item: Leftovers\n|-damage|p2a: Hypno|42/100 tox|[from] psn\n|-end|p1a: Hypno|move: Heal Block\n|upkeep\n|turn|21\n|inactive|Time left: 300 sec this turn | 300 sec total\n|\n|t:|1783567804\n|move|p1a: Hypno|Psychic Noise|p2a: Hypno\n|-resisted|p2a: Hypno\n|-damage|p2a: Hypno|33/100 tox\n|-start|p2a: Hypno|move: Heal Block\n|move|p2a: Hypno|Psychic Noise|p1a: Hypno\n|-supereffective|p1a: Hypno\n|-crit|p1a: Hypno\n|-damage|p1a: Hypno|0 fnt\n|faint|p1a: Hypno\n|\n|-damage|p2a: Hypno|3/100 tox|[from] psn\n|upkeep\n|inactive|Time left: 300 sec this turn | 300 sec total | 5 sec grace\n|\n|t:|1783567805\n|switch|p1a: Swalot|Swalot, L90, F|326/326\n|turn|22\n|inactive|Time left: 300 sec this turn | 300 sec total\n|\n|t:|1783567806\n|move|p1a: Swalot|Protect|p1a: Swalot\n|-singleturn|p1a: Swalot|Protect\n|move|p2a: Hypno|Psychic Noise|p1a: Swalot\n|-activate|p1a: Swalot|move: Protect\n|\n|-damage|p2a: Hypno|0 fnt|[from] psn\n|faint|p2a: Hypno\n|upkeep\n|\n|t:|1783567807\n|switch|p2a: Pyroar|Pyroar, L88, M|73/100\n|-ability|p2a: Pyroar|Unnerve\n|turn|23\n|inactive|Time left: 300 sec this turn | 300 sec total\n|\n|t:|1783567808\n|move|p2a: Pyroar|Will-O-Wisp|p1a: Swalot\n|-status|p1a: Swalot|brn\n|move|p1a: Swalot|Sludge Bomb|p2a: Pyroar\n|-damage|p2a: Pyroar|37/100\n|\n|-damage|p1a: Swalot|306/326 brn|[from] brn\n|upkeep\n|turn|24\n|inactive|Time left: 300 sec this turn | 300 sec total\n|\n|t:|1783567809\n|move|p2a: Pyroar|Hyper Voice|p1a: Swalot\n|-damage|p1a: Swalot|183/326 brn\n|move|p1a: Swalot|Sludge Bomb|p2a: Pyroar\n|-damage|p2a: Pyroar|1/100\n|-status|p2a: Pyroar|psn\n|\n|-heal|p1a: Swalot|203/326 brn|[from] item: Leftovers\n|-damage|p2a: Pyroar|0 fnt|[from] psn\n|faint|p2a: Pyroar\n|-damage|p1a: Swalot|183/326 brn|[from] brn\n|upkeep\n|\n|t:|1783567810\n|switch|p2a: Decidueye|Decidueye-Hisui, L87, F|100/100\n|turn|25\n|inactive|Time left: 300 sec this turn | 300 sec total\n|\n|t:|1783567811\n|move|p2a: Decidueye|Triple Arrows|p1a: Swalot\n|-resisted|p1a: Swalot\n|-damage|p1a: Swalot|126/326 brn\n|-unboost|p1a: Swalot|def|1\n|cant|p1a: Swalot|flinch\n|\n|-heal|p1a: Swalot|146/326 brn|[from] item: Leftovers\n|-damage|p1a: Swalot|126/326 brn|[from] brn\n|upkeep\n|turn|26\n|inactive|Time left: 300 sec this turn | 300 sec total\n|\n|t:|1783567812\n|move|p2a: Decidueye|Triple Arrows|p1a: Swalot\n|-resisted|p1a: Swalot\n|-damage|p1a: Swalot|40/326 brn\n|-unboost|p1a: Swalot|def|1\n|cant|p1a: Swalot|flinch\n|\n|-heal|p1a: Swalot|60/326 brn|[from] item: Leftovers\n|-damage|p1a: Swalot|40/326 brn|[from] brn\n|upkeep\n|turn|27\n|inactive|Time left: 300 sec this turn | 300 sec total\n|\n|t:|1783567813\n|move|p1a: Swalot|Protect|p1a: Swalot\n|-singleturn|p1a: Swalot|Protect\n|move|p2a: Decidueye|Triple Arrows|p1a: Swalot\n|-activate|p1a: Swalot|move: Protect\n|\n|-heal|p1a: Swalot|60/326 brn|[from] item: Leftovers\n|-damage|p1a: Swalot|40/326 brn|[from] brn\n|upkeep\n|turn|28\n|inactive|Time left: 300 sec this turn | 300 sec total\n|\n|t:|1783567814\n|move|p2a: Decidueye|Leaf Blade|p1a: Swalot\n|-resisted|p1a: Swalot\n|-damage|p1a: Swalot|0 fnt\n|faint|p1a: Swalot\n|\n|upkeep\n|inactive|Time left: 300 sec this turn | 300 sec total | 5 sec grace\n|\n|t:|1783567815\n|switch|p1a: Uxie|Uxie, L83|260/260\n|turn|29\n|inactive|Time left: 300 sec this turn | 300 sec total\n|\n|t:|1783567816\n|move|p1a: Uxie|Psychic Noise|p2a: Decidueye\n|-supereffective|p2a: Decidueye\n|-damage|p2a: Decidueye|63/100\n|-start|p2a: Decidueye|move: Heal Block\n|move|p2a: Decidueye|Triple Arrows|p1a: Uxie\n|-resisted|p1a: Uxie\n|-damage|p1a: Uxie|218/260\n|-unboost|p1a: Uxie|def|1\n|\n|-heal|p1a: Uxie|234/260|[from] item: Leftovers\n|upkeep\n|turn|30\n|inactive|Time left: 300 sec this turn | 300 sec total\n|\n|t:|1783567817\n|move|p1a: Uxie|Psychic Noise|p2a: Decidueye\n|-supereffective|p2a: Decidueye\n|-damage|p2a: Decidueye|23/100\n|move|p2a: Decidueye|Leaf Blade|p1a: Uxie\n|-damage|p1a: Uxie|96/260\n|\n|-heal|p1a: Uxie|112/260|[from] item: Leftovers\n|-end|p2a: Decidueye|move: Heal Block\n|upkeep\n|turn|31\n|inactive|Time left: 300 sec this turn | 300 sec total\n|\n|t:|1783567818\n|move|p2a: Decidueye|Sucker Punch|p1a: Uxie\n|-supereffective|p1a: Uxie\n|-damage|p1a: Uxie|0 fnt\n|faint|p1a: Uxie\n|\n|win|p0y2394b230", "uploadtime": 1783567818, "views": 0, "rating": 0, "private": 0, "password": null, "_winner": "p0y2394b230", "_our_name": "p0x2394132f"}