{"id": "battle-gen9randombattle-1669", "formatid": "gen9randombattle", "format": "[Gen 9] Random Battle", "players": ["p0x1669b5fd", "p0y16691c74"], "log": "|init|battle\n|title|p0x1669b5fd vs. p0y16691c74\n|j|\u2606p0x1669b5fd\n|j|\u2606p0y16691c74\n|t:|1783559351\n|gametype|singles\n|player|p1|p0x1669b5fd|102|\n|player|p2|p0y16691c74|265|\n|gen|9\n|tier|[Gen 9] Random Battle\n|rule|Species Clause: Limit one of each Pok\u00e9mon\n|rule|HP Percentage Mod: HP is shown in percentages\n|rule|Sleep Clause Mod: Limit one foe put to sleep\n|rule|Illusion Level Mod: Illusion disguises the Pok\u00e9mon's true level\n|\n|t:|1783559351\n|teamsize|p1|6\n|teamsize|p2|6\n|start\n|switch|p1a: Iron Boulder|Iron Boulder, L77|100/100\n|switch|p2a: Blissey|Blissey, L85, F|572/572\n|turn|1\n|inactive|Battle timer is ON: inactive players will automatically lose when time's up. (requested by p0x1669b5fd)\n|inactive|Time left: 300 sec this turn | 300 sec total | 60 sec grace\n|\n|t:|1783559353\n|move|p1a: Iron Boulder|Swords Dance|p1a: Iron Boulder\n|-boost|p1a: Iron Boulder|atk|2\n|move|p2a: Blissey|Stealth Rock|p1a: Iron Boulder\n|-sidestart|p1: p0x1669b5fd|move: Stealth Rock\n|\n|upkeep\n|turn|2\n|inactive|Time left: 300 sec this turn | 300 sec total\n|inactive|p0y16691c74 also wants the timer to be on.\n|\n|t:|1783559354\n|switch|p2a: Dusknoir|Dusknoir, L89, F|225/225\n|-item|p1a: Iron Boulder|Life Orb|[from] ability: Frisk|[of] p2a: Dusknoir\n|move|p1a: Iron Boulder|Mighty Cleave|p2a: Dusknoir\n|-damage|p2a: Dusknoir|44/225\n|-damage|p1a: Iron Boulder|91/100|[from] item: Life Orb\n|\n|-heal|p2a: Dusknoir|58/225|[from] item: Leftovers\n|upkeep\n|turn|3\n|inactive|Time left: 300 sec this turn | 300 sec total\n|\n|t:|1783559355\n|move|p1a: Iron Boulder|Mighty Cleave|p2a: Dusknoir\n|-damage|p2a: Dusknoir|0 fnt\n|faint|p2a: Dusknoir\n|-damage|p1a: Iron Boulder|81/100|[from] item: Life Orb\n|\n|upkeep\n|inactive|Time left: 300 sec this turn | 300 sec total | 5 sec grace\n|\n|t:|1783559356\n|switch|p2a: Wugtrio|Wugtrio, L91, M|212/212\n|turn|4\n|inactive|Time left: 300 sec this turn | 300 sec total\n|\n|t:|1783559357\n|-terastallize|p2a: Wugtrio|Water\n|-terastallize|p1a: Iron Boulder|Fighting\n|move|p2a: Wugtrio|Liquidation|p1a: Iron Boulder\n|-damage|p1a: Iron Boulder|0 fnt\n|faint|p1a: Iron Boulder\n|-end|p1a: Iron Boulder|Quark Drive|[silent]\n|\n|upkeep\n|\n|t:|1783559358\n|switch|p1a: Registeel|Registeel, L81|100/100\n|-damage|p1a: Registeel|94/100|[from] Stealth Rock\n|turn|5\n|inactive|Time left: 300 sec this turn | 300 sec total\n|\n|t:|1783559359\n|move|p2a: Wugtrio|Liquidation|p1a: Registeel\n|-damage|p1a: Registeel|36/100\n|move|p1a: Registeel|Iron Defense|p1a: Registeel\n|-boost|p1a: Registeel|def|2\n|\n|-heal|p1a: Registeel|42/100|[from] item: Leftovers\n|upkeep\n|turn|6\n|inactive|Time left: 300 sec this turn | 300 sec total\n|\n|t:|1783559360\n|switch|p2a: Chandelure|Chandelure, L83, M|235/235\n|move|p1a: Registeel|Body Press|p2a: Chandelure\n|-immune|p2a: Chandelure\n|\n|-heal|p1a: Registeel|49/100|[from] item: Leftovers\n|upkeep\n|turn|7\n|inactive|Time left: 300 sec this turn | 300 sec total\n|\n|t:|1783559362\n|switch|p1a: Heatran|Heatran, L79, F|100/100\n|-damage|p1a: Heatran|88/100|[from] Stealth Rock\n|-item|p1a: Heatran|Air Balloon\n|move|p2a: Chandelure|Fire Blast|p1a: Heatran\n|-start|p1a: Heatran|ability: Flash Fire\n|\n|upkeep\n|turn|8\n|inactive|Time left: 300 sec this turn | 300 sec total\n|\n|t:|1783559363\n|switch|p2a: Wugtrio|Wugtrio, L91, M, tera:Water|212/212\n|move|p1a: Heatran|Stealth Rock|p2a: Wugtrio\n|-sidestart|p2: p0y16691c74|move: Stealth Rock\n|\n|upkeep\n|turn|9\n|inactive|Time left: 300 sec this turn | 300 sec total\n|\n|t:|1783559364\n|-end|p1a: Heatran|ability: Flash Fire|[silent]\n|switch|p1a: Registeel|Registeel, L81|49/100\n|-damage|p1a: Registeel|42/100|[from] Stealth Rock\n|move|p2a: Wugtrio|Liquidation|p1a: Registeel\n|-damage|p1a: Registeel|0 fnt\n|faint|p1a: Registeel\n|\n|upkeep\n|\n|t:|1783559365\n|switch|p1a: Palafin|Palafin, L77, F|100/100\n|-damage|p1a: Palafin|88/100|[from] Stealth Rock\n|turn|10\n|inactive|Time left: 300 sec this turn | 300 sec total\n|\n|t:|1783559366\n|move|p2a: Wugtrio|Liquidation|p1a: Palafin\n|-resisted|p1a: Palafin\n|-damage|p1a: Palafin|36/100\n|move|p1a: Palafin|Close Combat|p2a: Wugtrio\n|-damage|p2a: Wugtrio|93/212\n|-unboost|p1a: Palafin|def|1\n|-unboost|p1a: Palafin|spd|1\n|-ability|p2a: Wugtrio|Gooey\n|-unboost|p1a: Palafin|spe|1\n|\n|upkeep\n|turn|11\n|inactive|Time left: 300 sec this turn | 300 sec total\n|\n|t:|1783559367\n|move|p2a: Wugtrio|Liquidation|p1a: Palafin\n|-resisted|p1a: Palafin\n|-damage|p1a: Palafin|0 fnt\n|faint|p1a: Palafin\n|\n|upkeep\n|\n|t:|1783559368\n|switch|p1a: Hatterene|Hatterene, L85, F|100/100\n|-damage|p1a: Hatterene|88/100|[from] Stealth Rock\n|turn|12\n|inactive|Time left: 300 sec this turn | 300 sec total\n|\n|t:|1783559369\n|move|p2a: Wugtrio|Liquidation|p1a: Hatterene\n|-damage|p1a: Hatterene|5/100\n|move|p1a: Hatterene|Psychic|p2a: Wugtrio\n|-damage|p2a: Wugtrio|0 fnt\n|faint|p2a: Wugtrio\n|\n|-heal|p1a: Hatterene|11/100|[from] item: Leftovers\n|upkeep\n|inactive|Time left: 300 sec this turn | 300 sec total | 5 sec grace\n|\n|t:|1783559370\n|switch|p2a: Electivire|Electivire, L84, M|263/263\n|-damage|p2a: Electivire|231/263|[from] Stealth Rock\n|turn|13\n|inactive|Time left: 300 sec this turn | 300 sec total\n|\n|t:|1783559371\n|move|p2a: Electivire|Supercell Slam|p1a: Hatterene\n|-damage|p1a: Hatterene|0 fnt\n|faint|p1a: Hatterene\n|-damage|p2a: Electivire|205/263|[from] item: Life Orb\n|\n|upkeep\n|\n|t:|1783559372\n|switch|p1a: Slither Wing|Slither Wing, L81|100/100\n|-damage|p1a: Slither Wing|88/100|[from] Stealth Rock\n|-enditem|p1a: Slither Wing|Booster Energy\n|-activate|p1a: Slither Wing|ability: Protosynthesis|[fromitem]\n|-start|p1a: Slither Wing|protosynthesisatk\n|turn|14\n|inactive|Time left: 300 sec this turn | 300 sec total\n|\n|t:|1783559373\n|move|p2a: Electivire|Supercell Slam|p1a: Slither Wing\n|-damage|p1a: Slither Wing|18/100\n|-damage|p2a: Electivire|179/263|[from] item: Life Orb\n|move|p1a: Slither Wing|Acrobatics|p2a: Electivire\n|-resisted|p2a: Electivire\n|-damage|p2a: Electivire|109/263\n|\n|upkeep\n|turn|15\n|inactive|Time left: 300 sec this turn | 300 sec total\n|\n|t:|1783559374\n|move|p2a: Electivire|Ice Punch|p1a: Slither Wing\n|-damage|p1a: Slither Wing|0 fnt\n|faint|p1a: Slither Wing\n|-end|p1a: Slither Wing|Protosynthesis|[silent]\n|-damage|p2a: Electivire|83/263|[from] item: Life Orb\n|\n|upkeep\n|\n|t:|1783559375\n|switch|p1a: Heatran|Heatran, L79, F|88/100\n|-damage|p1a: Heatran|76/100|[from] Stealth Rock\n|-item|p1a: Heatran|Air Balloon\n|turn|16\n|inactive|Time left: 300 sec this turn | 300 sec total\n|\n|t:|1783559376\n|move|p2a: Electivire|Supercell Slam|p1a: Heatran|[miss]\n|-miss|p2a: Electivire|p1a: Heatran\n|-damage|p2a: Electivire|0 fnt|[from] supercellslam\n|faint|p2a: Electivire\n|move|p1a: Heatran|Lava Plume|p2: Electivire|[notarget]\n|-fail|p1a: Heatran\n|\n|upkeep\n|inactive|Time left: 300 sec this turn | 300 sec total | 5 sec grace\n|\n|t:|1783559377\n|switch|p2a: Chandelure|Chandelure, L83, M|235/235\n|-damage|p2a: Chandelure|177/235|[from] Stealth Rock\n|turn|17\n|inactive|Time left: 300 sec this turn | 300 sec total\n|\n|t:|1783559377\n|move|p2a: Chandelure|Shadow Ball|p1a: Heatran\n|-damage|p1a: Heatran|39/100\n|-enditem|p1a: Heatran|Air Balloon\n|move|p1a: Heatran|Earth Power|p2a: Chandelure\n|-supereffective|p2a: Chandelure\n|-damage|p2a: Chandelure|43/235\n|\n|upkeep\n|turn|18\n|inactive|Time left: 300 sec this turn | 300 sec total\n|\n|t:|1783559378\n|move|p2a: Chandelure|Shadow Ball|p1a: Heatran\n|-damage|p1a: Heatran|2/100\n|-unboost|p1a: Heatran|spd|1\n|move|p1a: Heatran|Earth Power|p2a: Chandelure\n|-supereffective|p2a: Chandelure\n|-damage|p2a: Chandelure|0 fnt\n|faint|p2a: Chandelure\n|\n|upkeep\n|inactive|Time left: 300 sec this turn | 300 sec total | 5 sec grace\n|\n|t:|1783559379\n|switch|p2a: Arbok|Arbok, L87, M|246/246\n|-damage|p2a: Arbok|216/246|[from] Stealth Rock\n|-ability|p2a: Arbok|Intimidate|boost\n|-unboost|p1a: Heatran|atk|1\n|turn|19\n|inactive|Time left: 300 sec this turn | 300 sec total\n|\n|t:|1783559380\n|move|p2a: Arbok|Knock Off|p1a: Heatran\n|-damage|p1a: Heatran|0 fnt\n|faint|p1a: Heatran\n|-damage|p2a: Arbok|192/246|[from] item: Life Orb\n|\n|win|p0y16691c74", "uploadtime": 1783559380, "views": 0, "rating": 0, "private": 0, "password": null, "_winner": "p0y16691c74", "_our_name": "p0y16691c74"}