{"id": "battle-gen9randombattle-246", "formatid": "gen9randombattle", "format": "[Gen 9] Random Battle", "players": ["p0x2463cf8", "p0y246740c"], "log": "|init|battle\n|title|p0x2463cf8 vs. p0y246740c\n|j|\u2606p0x2463cf8\n|j|\u2606p0y246740c\n|t:|1783542434\n|gametype|singles\n|player|p1|p0x2463cf8|101|\n|player|p2|p0y246740c|170|\n|gen|9\n|tier|[Gen 9] Random Battle\n|rule|Species Clause: Limit one of each Pok\u00e9mon\n|rule|HP Percentage Mod: HP is shown in percentages\n|rule|Sleep Clause Mod: Limit one foe put to sleep\n|rule|Illusion Level Mod: Illusion disguises the Pok\u00e9mon's true level\n|\n|t:|1783542434\n|teamsize|p1|6\n|teamsize|p2|6\n|start\n|switch|p1a: Seviper|Seviper, L93, M|287/287\n|switch|p2a: Salazzle|Salazzle, L83, F|100/100\n|turn|1\n|inactive|Battle timer is ON: inactive players will automatically lose when time's up. (requested by p0x2463cf8)\n|inactive|p0y246740c also wants the timer to be on.\n|\n|t:|1783542436\n|move|p2a: Salazzle|Fire Blast|p1a: Seviper|[miss]\n|-miss|p2a: Salazzle|p1a: Seviper\n|move|p1a: Seviper|Earthquake|p2a: Salazzle\n|-supereffective|p2a: Salazzle\n|-damage|p2a: Salazzle|0 fnt\n|faint|p2a: Salazzle\n|\n|upkeep\n|\n|t:|1783542437\n|switch|p2a: Banette|Banette, L93, F|100/100\n|turn|2\n|inactive|Time left: 300 sec this turn | 300 sec total\n|\n|t:|1783542438\n|move|p2a: Banette|Poltergeist|p1a: Seviper\n|-activate|p1a: Seviper|move: Poltergeist|Leftovers\n|-damage|p1a: Seviper|45/287\n|-damage|p2a: Banette|90/100|[from] item: Life Orb\n|move|p1a: Seviper|Gunk Shot|p2a: Banette\n|-resisted|p2a: Banette\n|-damage|p2a: Banette|59/100\n|-status|p2a: Banette|psn\n|\n|-heal|p1a: Seviper|62/287|[from] item: Leftovers\n|-damage|p2a: Banette|47/100 psn|[from] psn\n|upkeep\n|turn|3\n|inactive|Time left: 300 sec this turn | 300 sec total\n|\n|t:|1783542440\n|move|p2a: Banette|Shadow Sneak|p1a: Seviper\n|-damage|p1a: Seviper|0 fnt\n|faint|p1a: Seviper\n|-damage|p2a: Banette|37/100 psn|[from] item: Life Orb\n|\n|-damage|p2a: Banette|25/100 psn|[from] psn\n|upkeep\n|inactive|Time left: 300 sec this turn | 300 sec total | 5 sec grace\n|\n|t:|1783542440\n|switch|p1a: Mienshao|Mienshao, L83, M|243/243\n|turn|4\n|inactive|Time left: 300 sec this turn | 300 sec total\n|\n|t:|1783542442\n|move|p1a: Mienshao|Knock Off|p2a: Banette\n|-supereffective|p2a: Banette\n|-damage|p2a: Banette|0 fnt\n|-enditem|p2a: Banette|Life Orb|[from] move: Knock Off|[of] p1a: Mienshao\n|faint|p2a: Banette\n|\n|upkeep\n|\n|t:|1783542443\n|switch|p2a: Tropius|Tropius, L91, M|100/100\n|turn|5\n|inactive|Time left: 300 sec this turn | 300 sec total\n|\n|t:|1783542444\n|move|p1a: Mienshao|Knock Off|p2a: Tropius\n|-damage|p2a: Tropius|66/100\n|-enditem|p2a: Tropius|Sitrus Berry|[from] move: Knock Off|[of] p1a: Mienshao\n|move|p2a: Tropius|Dragon Dance|p2a: Tropius\n|-boost|p2a: Tropius|atk|1\n|-boost|p2a: Tropius|spe|1\n|\n|upkeep\n|turn|6\n|inactive|Time left: 300 sec this turn | 300 sec total\n|\n|t:|1783542445\n|switch|p1a: Feraligatr|Feraligatr, L79, M|264/264\n|move|p2a: Tropius|Dual Wingbeat|p1a: Feraligatr|[miss]\n|-miss|p2a: Tropius|p1a: Feraligatr\n|\n|upkeep\n|turn|7\n|inactive|Time left: 300 sec this turn | 300 sec total\n|\n|t:|1783542446\n|move|p2a: Tropius|Leaf Blade|p1a: Feraligatr\n|-supereffective|p1a: Feraligatr\n|-damage|p1a: Feraligatr|18/264\n|move|p1a: Feraligatr|Ice Punch|p2a: Tropius\n|-supereffective|p2a: Tropius\n|-damage|p2a: Tropius|0 fnt\n|faint|p2a: Tropius\n|\n|upkeep\n|\n|t:|1783542447\n|switch|p2a: Sneasler|Sneasler, L74, F|100/100\n|turn|8\n|inactive|Time left: 300 sec this turn | 300 sec total\n|\n|t:|1783542448\n|move|p2a: Sneasler|Dire Claw|p1a: Feraligatr\n|-damage|p1a: Feraligatr|0 fnt\n|faint|p1a: Feraligatr\n|\n|upkeep\n|inactive|Time left: 300 sec this turn | 300 sec total | 5 sec grace\n|\n|t:|1783542449\n|switch|p1a: Mienshao|Mienshao, L83, M|243/243\n|turn|9\n|inactive|Time left: 300 sec this turn | 300 sec total\n|\n|t:|1783542450\n|-terastallize|p1a: Mienshao|Fighting\n|move|p1a: Mienshao|High Jump Kick|p2a: Sneasler\n|-resisted|p2a: Sneasler\n|-damage|p2a: Sneasler|0 fnt\n|faint|p2a: Sneasler\n|\n|upkeep\n|\n|t:|1783542451\n|switch|p2a: Gothitelle|Gothitelle, L90, F|100/100\n|turn|10\n|inactive|Time left: 300 sec this turn | 300 sec total\n|\n|t:|1783542452\n|move|p1a: Mienshao|High Jump Kick|p2a: Gothitelle\n|-resisted|p2a: Gothitelle\n|-damage|p2a: Gothitelle|34/100\n|move|p2a: Gothitelle|Psychic Noise|p1a: Mienshao\n|-supereffective|p1a: Mienshao\n|-damage|p1a: Mienshao|19/243\n|-start|p1a: Mienshao|move: Heal Block\n|\n|-heal|p2a: Gothitelle|40/100|[from] item: Leftovers\n|upkeep\n|turn|11\n|inactive|Time left: 300 sec this turn | 300 sec total\n|\n|t:|1783542453\n|move|p1a: Mienshao|High Jump Kick|p2a: Gothitelle\n|-resisted|p2a: Gothitelle\n|-damage|p2a: Gothitelle|0 fnt\n|faint|p2a: Gothitelle\n|\n|-end|p1a: Mienshao|move: Heal Block\n|upkeep\n|\n|t:|1783542454\n|switch|p2a: Shiftry|Shiftry, L89, F|100/100\n|turn|12\n|inactive|Time left: 300 sec this turn | 300 sec total\n|\n|t:|1783542454\n|move|p2a: Shiftry|Sucker Punch|p1a: Mienshao\n|-resisted|p1a: Mienshao\n|-damage|p1a: Mienshao|0 fnt\n|faint|p1a: Mienshao\n|\n|upkeep\n|inactive|Time left: 300 sec this turn | 300 sec total | 5 sec grace\n|\n|t:|1783542455\n|switch|p1a: Whimsicott|Whimsicott, L84, M|238/238\n|turn|13\n|inactive|Time left: 300 sec this turn | 300 sec total\n|\n|t:|1783542456\n|-terastallize|p2a: Shiftry|Poison\n|move|p1a: Whimsicott|Moonblast|p2a: Shiftry\n|-resisted|p2a: Shiftry\n|-damage|p2a: Shiftry|83/100\n|move|p2a: Shiftry|Knock Off|p1a: Whimsicott\n|-resisted|p1a: Whimsicott\n|-damage|p1a: Whimsicott|179/238\n|-enditem|p1a: Whimsicott|Leftovers|[from] move: Knock Off|[of] p2a: Shiftry\n|\n|upkeep\n|turn|14\n|inactive|Time left: 300 sec this turn | 300 sec total\n|\n|t:|1783542457\n|move|p1a: Whimsicott|Leech Seed|p2a: Shiftry\n|-start|p2a: Shiftry|move: Leech Seed\n|move|p2a: Shiftry|Knock Off|p1a: Whimsicott\n|-resisted|p1a: Whimsicott\n|-damage|p1a: Whimsicott|142/238\n|\n|-damage|p2a: Shiftry|71/100|[from] Leech Seed|[of] p1a: Whimsicott\n|-heal|p1a: Whimsicott|180/238|[silent]\n|upkeep\n|turn|15\n|inactive|Time left: 300 sec this turn | 300 sec total\n|\n|t:|1783542458\n|move|p2a: Shiftry|Sucker Punch|p1a: Whimsicott\n|-resisted|p1a: Whimsicott\n|-damage|p1a: Whimsicott|134/238\n|move|p1a: Whimsicott|Moonblast|p2a: Shiftry\n|-resisted|p2a: Shiftry\n|-damage|p2a: Shiftry|55/100\n|\n|-damage|p2a: Shiftry|42/100|[from] Leech Seed|[of] p1a: Whimsicott\n|-heal|p1a: Whimsicott|172/238|[silent]\n|upkeep\n|turn|16\n|inactive|Time left: 300 sec this turn | 300 sec total\n|\n|t:|1783542460\n|move|p1a: Whimsicott|Moonblast|p2a: Shiftry\n|-resisted|p2a: Shiftry\n|-damage|p2a: Shiftry|26/100\n|move|p2a: Shiftry|Knock Off|p1a: Whimsicott\n|-resisted|p1a: Whimsicott\n|-damage|p1a: Whimsicott|134/238\n|\n|-damage|p2a: Shiftry|13/100|[from] Leech Seed|[of] p1a: Whimsicott\n|-heal|p1a: Whimsicott|172/238|[silent]\n|upkeep\n|turn|17\n|inactive|Time left: 300 sec this turn | 300 sec total\n|\n|t:|1783542461\n|move|p1a: Whimsicott|Leech Seed||[still]\n|-fail|p1a: Whimsicott\n|move|p2a: Shiftry|Sucker Punch||[still]\n|-fail|p2a: Shiftry\n|\n|-damage|p2a: Shiftry|1/100|[from] Leech Seed|[of] p1a: Whimsicott\n|-heal|p1a: Whimsicott|210/238|[silent]\n|upkeep\n|turn|18\n|inactive|Time left: 300 sec this turn | 300 sec total\n|\n|t:|1783542462\n|move|p1a: Whimsicott|Leech Seed||[still]\n|-fail|p1a: Whimsicott\n|move|p2a: Shiftry|Sucker Punch||[still]\n|-fail|p2a: Shiftry\n|\n|-damage|p2a: Shiftry|0 fnt|[from] Leech Seed|[of] p1a: Whimsicott\n|-heal|p1a: Whimsicott|211/238|[silent]\n|faint|p2a: Shiftry\n|\n|win|p0x2463cf8", "uploadtime": 1783542462, "views": 0, "rating": 0, "private": 0, "password": null, "_winner": "p0x2463cf8", "_our_name": "p0x2463cf8"}