{"id": "battle-gen9randombattle-1781", "formatid": "gen9randombattle", "format": "[Gen 9] Random Battle", "players": ["p0x17817473", "p0y17815fff"], "log": "|init|battle\n|title|p0x17817473 vs. p0y17815fff\n|j|\u2606p0x17817473\n|j|\u2606p0y17815fff\n|t:|1783559881\n|gametype|singles\n|player|p1|p0x17817473|170|\n|player|p2|p0y17815fff|102|\n|gen|9\n|tier|[Gen 9] Random Battle\n|rule|Species Clause: Limit one of each Pok\u00e9mon\n|rule|HP Percentage Mod: HP is shown in percentages\n|rule|Sleep Clause Mod: Limit one foe put to sleep\n|rule|Illusion Level Mod: Illusion disguises the Pok\u00e9mon's true level\n|\n|t:|1783559881\n|teamsize|p1|6\n|teamsize|p2|6\n|start\n|switch|p1a: Dachsbun|Dachsbun, L92, M|254/254\n|switch|p2a: Carbink|Carbink, L90|100/100\n|turn|1\n|inactive|Battle timer is ON: inactive players will automatically lose when time's up. (requested by p0y17815fff)\n|inactive|Time left: 300 sec this turn | 300 sec total | 60 sec grace\n|inactive|p0x17817473 also wants the timer to be on.\n|\n|t:|1783559883\n|move|p1a: Dachsbun|Play Rough|p2a: Carbink\n|-damage|p2a: Carbink|75/100\n|move|p2a: Carbink|Moonblast|p1a: Dachsbun\n|-damage|p1a: Dachsbun|182/254\n|\n|-heal|p1a: Dachsbun|197/254|[from] item: Leftovers\n|upkeep\n|turn|2\n|inactive|Time left: 300 sec this turn | 300 sec total\n|\n|t:|1783559884\n|switch|p1a: Palossand|Palossand, L89, F|296/296\n|move|p2a: Carbink|Iron Defense|p2a: Carbink\n|-boost|p2a: Carbink|def|2\n|\n|upkeep\n|turn|3\n|inactive|Time left: 300 sec this turn | 300 sec total\n|\n|t:|1783559885\n|move|p2a: Carbink|Moonblast|p1a: Palossand\n|-damage|p1a: Palossand|215/296\n|-unboost|p1a: Palossand|spa|1\n|move|p1a: Palossand|Stealth Rock|p2a: Carbink\n|-sidestart|p2: p0y17815fff|move: Stealth Rock\n|\n|-heal|p1a: Palossand|233/296|[from] item: Leftovers\n|upkeep\n|turn|4\n|inactive|Time left: 300 sec this turn | 300 sec total\n|\n|t:|1783559886\n|move|p2a: Carbink|Moonblast|p1a: Palossand\n|-damage|p1a: Palossand|149/296\n|move|p1a: Palossand|Earth Power|p2a: Carbink\n|-supereffective|p2a: Carbink\n|-damage|p2a: Carbink|36/100\n|\n|-heal|p1a: Palossand|167/296|[from] item: Leftovers\n|upkeep\n|turn|5\n|inactive|Time left: 300 sec this turn | 300 sec total\n|\n|t:|1783559886\n|move|p2a: Carbink|Rest|p2a: Carbink\n|-status|p2a: Carbink|slp|[from] move: Rest\n|-heal|p2a: Carbink|100/100 slp|[silent]\n|-enditem|p2a: Carbink|Chesto Berry|[eat]\n|-curestatus|p2a: Carbink|slp|[msg]\n|move|p1a: Palossand|Earth Power|p2a: Carbink\n|-supereffective|p2a: Carbink\n|-damage|p2a: Carbink|64/100\n|\n|-heal|p1a: Palossand|185/296|[from] item: Leftovers\n|upkeep\n|turn|6\n|inactive|Time left: 300 sec this turn | 300 sec total\n|\n|t:|1783559887\n|move|p2a: Carbink|Moonblast|p1a: Palossand\n|-damage|p1a: Palossand|110/296\n|move|p1a: Palossand|Earth Power|p2a: Carbink\n|-supereffective|p2a: Carbink\n|-damage|p2a: Carbink|25/100\n|\n|-heal|p1a: Palossand|128/296|[from] item: Leftovers\n|upkeep\n|turn|7\n|inactive|Time left: 300 sec this turn | 300 sec total\n|\n|t:|1783559888\n|move|p2a: Carbink|Moonblast|p1a: Palossand\n|-damage|p1a: Palossand|46/296\n|move|p1a: Palossand|Earth Power|p2a: Carbink\n|-supereffective|p2a: Carbink\n|-damage|p2a: Carbink|0 fnt\n|faint|p2a: Carbink\n|\n|-heal|p1a: Palossand|64/296|[from] item: Leftovers\n|upkeep\n|\n|t:|1783559889\n|switch|p2a: Lapras|Lapras, L87, F|100/100\n|-damage|p2a: Lapras|76/100|[from] Stealth Rock\n|turn|8\n|inactive|Time left: 300 sec this turn | 300 sec total\n|\n|t:|1783559891\n|switch|p1a: Dudunsparce|Dudunsparce-Three-Segment, L83, F|343/343\n|move|p2a: Lapras|Ice Beam|p1a: Dudunsparce\n|-damage|p1a: Dudunsparce|193/343\n|\n|-heal|p1a: Dudunsparce|214/343|[from] item: Leftovers\n|upkeep\n|turn|9\n|inactive|Time left: 300 sec this turn | 300 sec total\n|\n|t:|1783559892\n|move|p2a: Lapras|Ice Beam|p1a: Dudunsparce\n|-damage|p1a: Dudunsparce|64/343\n|move|p1a: Dudunsparce|Roost|p1a: Dudunsparce\n|-heal|p1a: Dudunsparce|236/343\n|-singleturn|p1a: Dudunsparce|move: Roost\n|\n|-heal|p1a: Dudunsparce|257/343|[from] item: Leftovers\n|upkeep\n|turn|10\n|inactive|Time left: 300 sec this turn | 300 sec total\n|\n|t:|1783559893\n|move|p2a: Lapras|Ice Beam|p1a: Dudunsparce\n|-damage|p1a: Dudunsparce|112/343\n|move|p1a: Dudunsparce|Roost|p1a: Dudunsparce\n|-heal|p1a: Dudunsparce|284/343\n|-singleturn|p1a: Dudunsparce|move: Roost\n|\n|-heal|p1a: Dudunsparce|305/343|[from] item: Leftovers\n|upkeep\n|turn|11\n|inactive|Time left: 300 sec this turn | 300 sec total\n|\n|t:|1783559894\n|move|p2a: Lapras|Ice Beam|p1a: Dudunsparce\n|-damage|p1a: Dudunsparce|155/343\n|move|p1a: Dudunsparce|Roost|p1a: Dudunsparce\n|-heal|p1a: Dudunsparce|327/343\n|-singleturn|p1a: Dudunsparce|move: Roost\n|\n|-heal|p1a: Dudunsparce|343/343|[from] item: Leftovers\n|upkeep\n|turn|12\n|inactive|Time left: 300 sec this turn | 300 sec total\n|\n|t:|1783559895\n|move|p2a: Lapras|Ice Beam|p1a: Dudunsparce\n|-damage|p1a: Dudunsparce|180/343\n|move|p1a: Dudunsparce|Calm Mind|p1a: Dudunsparce\n|-boost|p1a: Dudunsparce|spa|1\n|-boost|p1a: Dudunsparce|spd|1\n|\n|-heal|p1a: Dudunsparce|201/343|[from] item: Leftovers\n|upkeep\n|turn|13\n|inactive|Time left: 300 sec this turn | 300 sec total\n|\n|t:|1783559896\n|move|p2a: Lapras|Ice Beam|p1a: Dudunsparce\n|-damage|p1a: Dudunsparce|104/343\n|move|p1a: Dudunsparce|Roost|p1a: Dudunsparce\n|-heal|p1a: Dudunsparce|276/343\n|-singleturn|p1a: Dudunsparce|move: Roost\n|\n|-heal|p1a: Dudunsparce|297/343|[from] item: Leftovers\n|upkeep\n|turn|14\n|inactive|Time left: 300 sec this turn | 300 sec total\n|\n|t:|1783559897\n|move|p2a: Lapras|Ice Beam|p1a: Dudunsparce\n|-damage|p1a: Dudunsparce|200/343\n|move|p1a: Dudunsparce|Boomburst|p2a: Lapras\n|-damage|p2a: Lapras|27/100\n|\n|-heal|p1a: Dudunsparce|221/343|[from] item: Leftovers\n|upkeep\n|turn|15\n|inactive|Time left: 300 sec this turn | 300 sec total\n|\n|t:|1783559898\n|move|p2a: Lapras|Ice Beam|p1a: Dudunsparce\n|-damage|p1a: Dudunsparce|110/343\n|move|p1a: Dudunsparce|Roost|p1a: Dudunsparce\n|-heal|p1a: Dudunsparce|282/343\n|-singleturn|p1a: Dudunsparce|move: Roost\n|\n|-heal|p1a: Dudunsparce|303/343|[from] item: Leftovers\n|upkeep\n|turn|16\n|inactive|Time left: 300 sec this turn | 300 sec total\n|\n|t:|1783559899\n|move|p2a: Lapras|Ice Beam|p1a: Dudunsparce\n|-damage|p1a: Dudunsparce|204/343\n|move|p1a: Dudunsparce|Boomburst|p2a: Lapras\n|-damage|p2a: Lapras|0 fnt\n|faint|p2a: Lapras\n|\n|-heal|p1a: Dudunsparce|225/343|[from] item: Leftovers\n|upkeep\n|\n|t:|1783559900\n|switch|p2a: Bronzong|Bronzong, L88|100/100\n|-damage|p2a: Bronzong|94/100|[from] Stealth Rock\n|turn|17\n|inactive|Time left: 300 sec this turn | 300 sec total\n|\n|t:|1783559901\n|move|p1a: Dudunsparce|Calm Mind|p1a: Dudunsparce\n|-boost|p1a: Dudunsparce|spa|1\n|-boost|p1a: Dudunsparce|spd|1\n|move|p2a: Bronzong|Body Press|p1a: Dudunsparce\n|-supereffective|p1a: Dudunsparce\n|-damage|p1a: Dudunsparce|75/343\n|\n|-heal|p1a: Dudunsparce|96/343|[from] item: Leftovers\n|-heal|p2a: Bronzong|100/100|[from] item: Leftovers\n|upkeep\n|turn|18\n|inactive|Time left: 300 sec this turn | 300 sec total\n|\n|t:|1783559903\n|move|p1a: Dudunsparce|Roost|p1a: Dudunsparce\n|-heal|p1a: Dudunsparce|268/343\n|-singleturn|p1a: Dudunsparce|move: Roost\n|move|p2a: Bronzong|Body Press|p1a: Dudunsparce\n|-supereffective|p1a: Dudunsparce\n|-damage|p1a: Dudunsparce|120/343\n|\n|-heal|p1a: Dudunsparce|141/343|[from] item: Leftovers\n|upkeep\n|turn|19\n|inactive|Time left: 300 sec this turn | 300 sec total\n|\n|t:|1783559904\n|move|p1a: Dudunsparce|Roost|p1a: Dudunsparce\n|-heal|p1a: Dudunsparce|313/343\n|-singleturn|p1a: Dudunsparce|move: Roost\n|move|p2a: Bronzong|Body Press|p1a: Dudunsparce\n|-supereffective|p1a: Dudunsparce\n|-damage|p1a: Dudunsparce|161/343\n|\n|-heal|p1a: Dudunsparce|182/343|[from] item: Leftovers\n|upkeep\n|turn|20\n|inactive|Time left: 300 sec this turn | 300 sec total\n|\n|t:|1783559905\n|move|p1a: Dudunsparce|Roost|p1a: Dudunsparce\n|-heal|p1a: Dudunsparce|343/343\n|-singleturn|p1a: Dudunsparce|move: Roost\n|move|p2a: Bronzong|Body Press|p1a: Dudunsparce\n|-supereffective|p1a: Dudunsparce\n|-damage|p1a: Dudunsparce|185/343\n|\n|-heal|p1a: Dudunsparce|206/343|[from] item: Leftovers\n|upkeep\n|turn|21\n|inactive|Time left: 300 sec this turn | 300 sec total\n|\n|t:|1783559906\n|-terastallize|p1a: Dudunsparce|Ghost\n|move|p1a: Dudunsparce|Shadow Ball|p2a: Bronzong\n|-supereffective|p2a: Bronzong\n|-damage|p2a: Bronzong|12/100\n|-unboost|p2a: Bronzong|spd|1\n|move|p2a: Bronzong|Body Press|p1a: Dudunsparce\n|-immune|p1a: Dudunsparce\n|\n|-heal|p1a: Dudunsparce|227/343|[from] item: Leftovers\n|-heal|p2a: Bronzong|19/100|[from] item: Leftovers\n|upkeep\n|turn|22\n|inactive|Time left: 300 sec this turn | 300 sec total\n|\n|t:|1783559907\n|move|p1a: Dudunsparce|Boomburst|p2a: Bronzong\n|-resisted|p2a: Bronzong\n|-damage|p2a: Bronzong|0 fnt\n|faint|p2a: Bronzong\n|\n|-heal|p1a: Dudunsparce|248/343|[from] item: Leftovers\n|upkeep\n|\n|t:|1783559908\n|switch|p2a: Articuno|Articuno, L86|100/100\n|-ability|p2a: Articuno|Pressure\n|turn|23\n|inactive|Time left: 300 sec this turn | 300 sec total\n|\n|t:|1783559909\n|move|p2a: Articuno|Haze|p2a: Articuno\n|-clearallboost\n|move|p1a: Dudunsparce|Boomburst|p2a: Articuno\n|-damage|p2a: Articuno|70/100\n|\n|-heal|p1a: Dudunsparce|269/343|[from] item: Leftovers\n|upkeep\n|turn|24\n|inactive|Time left: 300 sec this turn | 300 sec total\n|\n|t:|1783559911\n|move|p2a: Articuno|Freeze-Dry|p1a: Dudunsparce\n|-damage|p1a: Dudunsparce|185/343\n|move|p1a: Dudunsparce|Boomburst|p2a: Articuno\n|-damage|p2a: Articuno|38/100\n|\n|-heal|p1a: Dudunsparce|206/343|[from] item: Leftovers\n|upkeep\n|turn|25\n|inactive|Time left: 300 sec this turn | 300 sec total\n|\n|t:|1783559912\n|move|p2a: Articuno|Roost|p2a: Articuno\n|-heal|p2a: Articuno|88/100\n|-singleturn|p2a: Articuno|move: Roost\n|move|p1a: Dudunsparce|Boomburst|p2a: Articuno\n|-damage|p2a: Articuno|52/100\n|\n|-heal|p1a: Dudunsparce|227/343|[from] item: Leftovers\n|upkeep\n|turn|26\n|inactive|Time left: 300 sec this turn | 300 sec total\n|\n|t:|1783559913\n|move|p2a: Articuno|Roost|p2a: Articuno\n|-heal|p2a: Articuno|100/100\n|-singleturn|p2a: Articuno|move: Roost\n|move|p1a: Dudunsparce|Boomburst|p2a: Articuno\n|-damage|p2a: Articuno|65/100\n|\n|-heal|p1a: Dudunsparce|248/343|[from] item: Leftovers\n|upkeep\n|turn|27\n|inactive|Time left: 300 sec this turn | 300 sec total\n|\n|t:|1783559914\n|move|p2a: Articuno|Freeze-Dry|p1a: Dudunsparce\n|-damage|p1a: Dudunsparce|164/343\n|move|p1a: Dudunsparce|Boomburst|p2a: Articuno\n|-damage|p2a: Articuno|29/100\n|\n|-heal|p1a: Dudunsparce|185/343|[from] item: Leftovers\n|upkeep\n|turn|28\n|inactive|Time left: 300 sec this turn | 300 sec total\n|\n|t:|1783559914\n|move|p2a: Articuno|Roost|p2a: Articuno\n|-heal|p2a: Articuno|79/100\n|-singleturn|p2a: Articuno|move: Roost\n|move|p1a: Dudunsparce|Boomburst|p2a: Articuno\n|-damage|p2a: Articuno|47/100\n|\n|-heal|p1a: Dudunsparce|206/343|[from] item: Leftovers\n|upkeep\n|turn|29\n|inactive|Time left: 300 sec this turn | 300 sec total\n|\n|t:|1783559915\n|move|p2a: Articuno|Roost|p2a: Articuno\n|-heal|p2a: Articuno|97/100\n|-singleturn|p2a: Articuno|move: Roost\n|move|p1a: Dudunsparce|Boomburst|p2a: Articuno\n|-damage|p2a: Articuno|62/100\n|\n|-heal|p1a: Dudunsparce|227/343|[from] item: Leftovers\n|upkeep\n|turn|30\n|inactive|Time left: 300 sec this turn | 300 sec total\n|\n|t:|1783559916\n|move|p2a: Articuno|Freeze-Dry|p1a: Dudunsparce\n|-damage|p1a: Dudunsparce|143/343\n|move|p1a: Dudunsparce|Shadow Ball|p2a: Articuno\n|-damage|p2a: Articuno|45/100\n|\n|-heal|p1a: Dudunsparce|164/343|[from] item: Leftovers\n|upkeep\n|turn|31\n|inactive|Time left: 300 sec this turn | 300 sec total\n|\n|t:|1783559917\n|move|p2a: Articuno|Roost|p2a: Articuno\n|-heal|p2a: Articuno|95/100\n|-singleturn|p2a: Articuno|move: Roost\n|move|p1a: Dudunsparce|Shadow Ball|p2a: Articuno\n|-damage|p2a: Articuno|75/100\n|\n|-heal|p1a: Dudunsparce|185/343|[from] item: Leftovers\n|upkeep\n|turn|32\n|inactive|Time left: 300 sec this turn | 300 sec total\n|\n|t:|1783559918\n|move|p2a: Articuno|Freeze-Dry|p1a: Dudunsparce\n|-damage|p1a: Dudunsparce|98/343\n|move|p1a: Dudunsparce|Shadow Ball|p2a: Articuno\n|-damage|p2a: Articuno|57/100\n|\n|-heal|p1a: Dudunsparce|119/343|[from] item: Leftovers\n|upkeep\n|turn|33\n|inactive|Time left: 300 sec this turn | 300 sec total\n|\n|t:|1783559919\n|switch|p1a: Ting-Lu|Ting-Lu, L78|370/370\n|-ability|p1a: Ting-Lu|Vessel of Ruin\n|move|p2a: Articuno|Freeze-Dry|p1a: Ting-Lu\n|-supereffective|p1a: Ting-Lu\n|-damage|p1a: Ting-Lu|230/370\n|\n|-heal|p1a: Ting-Lu|253/370|[from] item: Leftovers\n|upkeep\n|turn|34\n|inactive|Time left: 300 sec this turn | 300 sec total\n|\n|t:|1783559919\n|move|p2a: Articuno|Freeze-Dry|p1a: Ting-Lu\n|-supereffective|p1a: Ting-Lu\n|-damage|p1a: Ting-Lu|119/370\n|move|p1a: Ting-Lu|Throat Chop|p2a: Articuno\n|-damage|p2a: Articuno|33/100\n|-start|p2a: Articuno|Throat Chop|[silent]\n|\n|-heal|p1a: Ting-Lu|142/370|[from] item: Leftovers\n|upkeep\n|turn|35\n|inactive|Time left: 300 sec this turn | 300 sec total\n|\n|t:|1783559920\n|move|p2a: Articuno|Freeze-Dry|p1a: Ting-Lu\n|-supereffective|p1a: Ting-Lu\n|-damage|p1a: Ting-Lu|4/370\n|move|p1a: Ting-Lu|Throat Chop|p2a: Articuno\n|-damage|p2a: Articuno|8/100\n|\n|-heal|p1a: Ting-Lu|27/370|[from] item: Leftovers\n|-end|p2a: Articuno|Throat Chop|[silent]\n|upkeep\n|turn|36\n|inactive|Time left: 300 sec this turn | 300 sec total\n|\n|t:|1783559921\n|switch|p1a: Dachsbun|Dachsbun, L92, M|197/254\n|move|p2a: Articuno|Roost|p2a: Articuno\n|-heal|p2a: Articuno|58/100\n|-singleturn|p2a: Articuno|move: Roost\n|\n|-heal|p1a: Dachsbun|212/254|[from] item: Leftovers\n|upkeep\n|turn|37\n|inactive|Time left: 300 sec this turn | 300 sec total\n|\n|t:|1783559922\n|move|p1a: Dachsbun|Yawn|p2a: Articuno\n|-start|p2a: Articuno|move: Yawn|[of] p1a: Dachsbun\n|move|p2a: Articuno|Roost|p2a: Articuno\n|-heal|p2a: Articuno|100/100\n|-singleturn|p2a: Articuno|move: Roost\n|\n|-heal|p1a: Dachsbun|227/254|[from] item: Leftovers\n|upkeep\n|turn|38\n|inactive|Time left: 300 sec this turn | 300 sec total\n|\n|t:|1783559923\n|switch|p2a: Magnezone|Magnezone, L85|100/100\n|-damage|p2a: Magnezone|94/100|[from] Stealth Rock\n|move|p1a: Dachsbun|Play Rough|p2a: Magnezone\n|-resisted|p2a: Magnezone\n|-damage|p2a: Magnezone|79/100\n|\n|-heal|p1a: Dachsbun|242/254|[from] item: Leftovers\n|upkeep\n|turn|39\n|inactive|Time left: 300 sec this turn | 300 sec total\n|\n|t:|1783559924\n|move|p1a: Dachsbun|Protect|p1a: Dachsbun\n|-singleturn|p1a: Dachsbun|Protect\n|move|p2a: Magnezone|Flash Cannon|p1a: Dachsbun\n|-activate|p1a: Dachsbun|move: Protect\n|\n|-heal|p1a: Dachsbun|254/254|[from] item: Leftovers\n|upkeep\n|turn|40\n|inactive|Time left: 300 sec this turn | 300 sec total\n|\n|t:|1783559925\n|switch|p1a: Keldeo|Keldeo-Resolute, L79|273/273\n|move|p2a: Magnezone|Flash Cannon|p1a: Keldeo\n|-resisted|p1a: Keldeo\n|-damage|p1a: Keldeo|202/273\n|\n|upkeep\n|turn|41\n|inactive|Time left: 300 sec this turn | 300 sec total\n|\n|t:|1783559926\n|switch|p2a: Articuno|Articuno, L86|100/100\n|-ability|p2a: Articuno|Pressure\n|move|p1a: Keldeo|Secret Sword|p2a: Articuno\n|-damage|p2a: Articuno|71/100\n|\n|upkeep\n|turn|42\n|inactive|Time left: 300 sec this turn | 300 sec total\n|\n|t:|1783559927\n|switch|p1a: Dachsbun|Dachsbun, L92, M|254/254\n|move|p2a: Articuno|Brave Bird|p1a: Dachsbun\n|-damage|p1a: Dachsbun|166/254\n|-damage|p2a: Articuno|61/100|[from] Recoil\n|\n|-heal|p1a: Dachsbun|181/254|[from] item: Leftovers\n|upkeep\n|turn|43\n|inactive|Time left: 300 sec this turn | 300 sec total\n|\n|t:|1783559928\n|move|p1a: Dachsbun|Yawn|p2a: Articuno\n|-start|p2a: Articuno|move: Yawn|[of] p1a: Dachsbun\n|move|p2a: Articuno|Roost|p2a: Articuno\n|-heal|p2a: Articuno|100/100\n|-singleturn|p2a: Articuno|move: Roost\n|\n|-heal|p1a: Dachsbun|196/254|[from] item: Leftovers\n|upkeep\n|turn|44\n|inactive|Time left: 300 sec this turn | 300 sec total\n|\n|t:|1783559929\n|switch|p2a: Magnezone|Magnezone, L85|79/100\n|-damage|p2a: Magnezone|73/100|[from] Stealth Rock\n|move|p1a: Dachsbun|Play Rough|p2a: Magnezone|[miss]\n|-miss|p1a: Dachsbun|p2a: Magnezone\n|\n|-heal|p1a: Dachsbun|211/254|[from] item: Leftovers\n|upkeep\n|turn|45\n|inactive|Time left: 300 sec this turn | 300 sec total\n|\n|t:|1783559930\n|move|p1a: Dachsbun|Protect|p1a: Dachsbun\n|-singleturn|p1a: Dachsbun|Protect\n|move|p2a: Magnezone|Flash Cannon|p1a: Dachsbun\n|-activate|p1a: Dachsbun|move: Protect\n|\n|-heal|p1a: Dachsbun|226/254|[from] item: Leftovers\n|upkeep\n|turn|46\n|inactive|Time left: 300 sec this turn | 300 sec total\n|\n|t:|1783559931\n|switch|p1a: Lurantis|Lurantis, L87, F|264/264\n|move|p2a: Magnezone|Flash Cannon|p1a: Lurantis\n|-damage|p1a: Lurantis|135/264\n|\n|-heal|p1a: Lurantis|151/264|[from] item: Leftovers\n|upkeep\n|turn|47\n|inactive|Time left: 300 sec this turn | 300 sec total\n|\n|t:|1783559932\n|move|p2a: Magnezone|Flash Cannon|p1a: Lurantis\n|-damage|p1a: Lurantis|39/264\n|move|p1a: Lurantis|Synthesis|p1a: Lurantis\n|-heal|p1a: Lurantis|171/264\n|\n|-heal|p1a: Lurantis|187/264|[from] item: Leftovers\n|upkeep\n|turn|48\n|inactive|Time left: 300 sec this turn | 300 sec total\n|\n|t:|1783559933\n|move|p2a: Magnezone|Flash Cannon|p1a: Lurantis\n|-damage|p1a: Lurantis|87/264\n|move|p1a: Lurantis|Synthesis|p1a: Lurantis\n|-heal|p1a: Lurantis|219/264\n|\n|-heal|p1a: Lurantis|235/264|[from] item: Leftovers\n|upkeep\n|turn|49\n|inactive|Time left: 300 sec this turn | 300 sec total\n|\n|t:|1783559934\n|move|p2a: Magnezone|Flash Cannon|p1a: Lurantis\n|-damage|p1a: Lurantis|124/264\n|move|p1a: Lurantis|Superpower|p2a: Magnezone\n|-supereffective|p2a: Magnezone\n|-damage|p2a: Magnezone|9/100\n|-boost|p1a: Lurantis|atk|1\n|-boost|p1a: Lurantis|def|1\n|\n|-heal|p1a: Lurantis|140/264|[from] item: Leftovers\n|upkeep\n|turn|50\n|inactive|Time left: 300 sec this turn | 300 sec total\n|\n|t:|1783559936\n|move|p2a: Magnezone|Flash Cannon|p1a: Lurantis\n|-damage|p1a: Lurantis|32/264\n|move|p1a: Lurantis|Synthesis|p1a: Lurantis\n|-heal|p1a: Lurantis|164/264\n|\n|-heal|p1a: Lurantis|180/264|[from] item: Leftovers\n|upkeep\n|turn|51\n|inactive|Time left: 300 sec this turn | 300 sec total\n|\n|t:|1783559937\n|move|p2a: Magnezone|Flash Cannon|p1a: Lurantis\n|-crit|p1a: Lurantis\n|-damage|p1a: Lurantis|26/264\n|move|p1a: Lurantis|Synthesis|p1a: Lurantis\n|-heal|p1a: Lurantis|158/264\n|\n|-heal|p1a: Lurantis|174/264|[from] item: Leftovers\n|upkeep\n|turn|52\n|inactive|Time left: 300 sec this turn | 300 sec total\n|\n|t:|1783559938\n|move|p2a: Magnezone|Flash Cannon|p1a: Lurantis\n|-damage|p1a: Lurantis|68/264\n|move|p1a: Lurantis|Synthesis|p1a: Lurantis\n|-heal|p1a: Lurantis|200/264\n|\n|-heal|p1a: Lurantis|216/264|[from] item: Leftovers\n|upkeep\n|turn|53\n|inactive|Time left: 300 sec this turn | 300 sec total\n|\n|t:|1783559939\n|move|p2a: Magnezone|Flash Cannon|p1a: Lurantis\n|-damage|p1a: Lurantis|117/264\n|move|p1a: Lurantis|Synthesis|p1a: Lurantis\n|-heal|p1a: Lurantis|249/264\n|\n|-heal|p1a: Lurantis|264/264|[from] item: Leftovers\n|upkeep\n|turn|54\n|inactive|Time left: 300 sec this turn | 300 sec total\n|\n|t:|1783559940\n|move|p2a: Magnezone|Flash Cannon|p1a: Lurantis\n|-damage|p1a: Lurantis|156/264\n|-boost|p1a: Lurantis|spd|1\n|move|p1a: Lurantis|Superpower|p2a: Magnezone\n|-supereffective|p2a: Magnezone\n|-crit|p2a: Magnezone\n|-damage|p2a: Magnezone|0 fnt\n|-boost|p1a: Lurantis|atk|1\n|-boost|p1a: Lurantis|def|1\n|faint|p2a: Magnezone\n|\n|-heal|p1a: Lurantis|172/264|[from] item: Leftovers\n|upkeep\n|\n|t:|1783559941\n|switch|p2a: Articuno|Articuno, L86|100/100\n|-ability|p2a: Articuno|Pressure\n|turn|55\n|inactive|Time left: 300 sec this turn | 300 sec total\n|\n|t:|1783559942\n|move|p2a: Articuno|Haze|p2a: Articuno\n|-clearallboost\n|move|p1a: Lurantis|Synthesis|p1a: Lurantis\n|-heal|p1a: Lurantis|264/264\n|\n|upkeep\n|turn|56\n|inactive|Time left: 300 sec this turn | 300 sec total\n|\n|t:|1783559943\n|switch|p1a: Dachsbun|Dachsbun, L92, M|226/254\n|move|p2a: Articuno|Freeze-Dry|p1a: Dachsbun\n|-damage|p1a: Dachsbun|153/254\n|\n|-heal|p1a: Dachsbun|168/254|[from] item: Leftovers\n|upkeep\n|turn|57\n|inactive|Time left: 300 sec this turn | 300 sec total\n|\n|t:|1783559945\n|move|p1a: Dachsbun|Yawn|p2a: Articuno\n|-start|p2a: Articuno|move: Yawn|[of] p1a: Dachsbun\n|move|p2a: Articuno|Brave Bird|p1a: Dachsbun\n|-damage|p1a: Dachsbun|80/254\n|-damage|p2a: Articuno|91/100|[from] Recoil\n|\n|-heal|p1a: Dachsbun|95/254|[from] item: Leftovers\n|upkeep\n|turn|58\n|inactive|Time left: 300 sec this turn | 300 sec total\n|\n|t:|1783559946\n|move|p1a: Dachsbun|Wish|p1a: Dachsbun\n|move|p2a: Articuno|Brave Bird|p1a: Dachsbun\n|-damage|p1a: Dachsbun|0 fnt\n|faint|p1a: Dachsbun\n|-damage|p2a: Articuno|80/100|[from] Recoil\n|\n|-end|p2a: Articuno|move: Yawn|[silent]\n|-status|p2a: Articuno|slp\n|upkeep\n|inactive|Time left: 300 sec this turn | 300 sec total | 5 sec grace\n|\n|t:|1783559947\n|switch|p1a: Dudunsparce|Dudunsparce-Three-Segment, L83, F, tera:Ghost|119/343\n|turn|59\n|inactive|Time left: 300 sec this turn | 300 sec total\n|\n|t:|1783559948\n|cant|p2a: Articuno|slp\n|move|p1a: Dudunsparce|Shadow Ball|p2a: Articuno\n|-damage|p2a: Articuno|61/100 slp\n|\n|-heal|p1a: Dudunsparce|246/343|[from] move: Wish|[wisher] Dachsbun\n|-heal|p1a: Dudunsparce|267/343|[from] item: Leftovers\n|upkeep\n|turn|60\n|inactive|Time left: 300 sec this turn | 300 sec total\n|\n|t:|1783559949\n|-curestatus|p2a: Articuno|slp|[msg]\n|move|p2a: Articuno|Brave Bird|p1a: Dudunsparce\n|-damage|p1a: Dudunsparce|129/343\n|-damage|p2a: Articuno|45/100|[from] Recoil\n|move|p1a: Dudunsparce|Shadow Ball|p2a: Articuno\n|-damage|p2a: Articuno|26/100\n|-unboost|p2a: Articuno|spd|1\n|\n|-heal|p1a: Dudunsparce|150/343|[from] item: Leftovers\n|upkeep\n|turn|61\n|inactive|Time left: 300 sec this turn | 300 sec total\n|\n|t:|1783559950\n|move|p2a: Articuno|Freeze-Dry|p1a: Dudunsparce\n|-damage|p1a: Dudunsparce|56/343\n|move|p1a: Dudunsparce|Shadow Ball|p2a: Articuno\n|-damage|p2a: Articuno|0 fnt\n|faint|p2a: Articuno\n|\n|-heal|p1a: Dudunsparce|77/343|[from] item: Leftovers\n|upkeep\n|\n|t:|1783559951\n|switch|p2a: Snorlax|Snorlax, L82, F|100/100\n|-damage|p2a: Snorlax|88/100|[from] Stealth Rock\n|turn|62\n|inactive|Time left: 300 sec this turn | 300 sec total\n|\n|t:|1783559952\n|switch|p1a: Lurantis|Lurantis, L87, F|264/264\n|move|p2a: Snorlax|Curse|p2a: Snorlax\n|-unboost|p2a: Snorlax|spe|1\n|-boost|p2a: Snorlax|atk|1\n|-boost|p2a: Snorlax|def|1\n|\n|-heal|p2a: Snorlax|94/100|[from] item: Leftovers\n|upkeep\n|turn|63\n|inactive|Time left: 300 sec this turn | 300 sec total\n|\n|t:|1783559953\n|move|p1a: Lurantis|Superpower|p2a: Snorlax\n|-supereffective|p2a: Snorlax\n|-damage|p2a: Snorlax|55/100\n|-boost|p1a: Lurantis|atk|1\n|-boost|p1a: Lurantis|def|1\n|move|p2a: Snorlax|Body Slam|p1a: Lurantis\n|-damage|p1a: Lurantis|179/264\n|-status|p1a: Lurantis|par\n|\n|-heal|p2a: Snorlax|61/100|[from] item: Leftovers\n|-heal|p1a: Lurantis|195/264 par|[from] item: Leftovers\n|upkeep\n|turn|64\n|inactive|Time left: 300 sec this turn | 300 sec total\n|\n|t:|1783559954\n|-terastallize|p2a: Snorlax|Poison\n|move|p1a: Lurantis|Superpower|p2a: Snorlax\n|-resisted|p2a: Snorlax\n|-damage|p2a: Snorlax|45/100\n|-boost|p1a: Lurantis|atk|1\n|-boost|p1a: Lurantis|def|1\n|move|p2a: Snorlax|Body Slam|p1a: Lurantis\n|-damage|p1a: Lurantis|129/264 par\n|\n|-heal|p2a: Snorlax|51/100|[from] item: Leftovers\n|-heal|p1a: Lurantis|145/264 par|[from] item: Leftovers\n|upkeep\n|turn|65\n|inactive|Time left: 300 sec this turn | 300 sec total\n|\n|t:|1783559955\n|move|p2a: Snorlax|Body Slam|p1a: Lurantis\n|-damage|p1a: Lurantis|73/264 par\n|move|p1a: Lurantis|Leaf Storm|p2a: Snorlax|[miss]\n|-miss|p1a: Lurantis|p2a: Snorlax\n|\n|-heal|p2a: Snorlax|57/100|[from] item: Leftovers\n|-heal|p1a: Lurantis|89/264 par|[from] item: Leftovers\n|upkeep\n|turn|66\n|inactive|Time left: 300 sec this turn | 300 sec total\n|\n|t:|1783559956\n|cant|p1a: Lurantis|par\n|move|p2a: Snorlax|Body Slam|p1a: Lurantis\n|-crit|p1a: Lurantis\n|-damage|p1a: Lurantis|0 fnt\n|faint|p1a: Lurantis\n|\n|-heal|p2a: Snorlax|63/100|[from] item: Leftovers\n|upkeep\n|inactive|Time left: 300 sec this turn | 300 sec total | 5 sec grace\n|\n|t:|1783559956\n|switch|p1a: Palossand|Palossand, L89, F|64/296\n|turn|67\n|inactive|Time left: 300 sec this turn | 300 sec total\n|\n|t:|1783559957\n|move|p1a: Palossand|Earth Power|p2a: Snorlax\n|-supereffective|p2a: Snorlax\n|-damage|p2a: Snorlax|17/100\n|move|p2a: Snorlax|Rest|p2a: Snorlax\n|-status|p2a: Snorlax|slp|[from] move: Rest\n|-heal|p2a: Snorlax|100/100 slp|[silent]\n|\n|-heal|p1a: Palossand|82/296|[from] item: Leftovers\n|upkeep\n|turn|68\n|inactive|Time left: 300 sec this turn | 300 sec total\n|\n|t:|1783559958\n|move|p1a: Palossand|Earth Power|p2a: Snorlax\n|-supereffective|p2a: Snorlax\n|-damage|p2a: Snorlax|55/100 slp\n|cant|p2a: Snorlax|slp\n|move|p2a: Snorlax|Sleep Talk|p2a: Snorlax\n|move|p2a: Snorlax|Curse|p2a: Snorlax|[from] move: Sleep Talk\n|-unboost|p2a: Snorlax|spe|1\n|-boost|p2a: Snorlax|atk|1\n|-boost|p2a: Snorlax|def|1\n|\n|-heal|p1a: Palossand|100/296|[from] item: Leftovers\n|-heal|p2a: Snorlax|61/100 slp|[from] item: Leftovers\n|upkeep\n|turn|69\n|inactive|Time left: 300 sec this turn | 300 sec total\n|\n|t:|1783559958\n|move|p1a: Palossand|Earth Power|p2a: Snorlax\n|-supereffective|p2a: Snorlax\n|-damage|p2a: Snorlax|16/100 slp\n|cant|p2a: Snorlax|slp\n|move|p2a: Snorlax|Sleep Talk|p2a: Snorlax\n|move|p2a: Snorlax|Curse|p2a: Snorlax|[from] move: Sleep Talk\n|-unboost|p2a: Snorlax|spe|1\n|-boost|p2a: Snorlax|atk|1\n|-boost|p2a: Snorlax|def|1\n|\n|-heal|p1a: Palossand|118/296|[from] item: Leftovers\n|-heal|p2a: Snorlax|22/100 slp|[from] item: Leftovers\n|upkeep\n|turn|70\n|inactive|Time left: 300 sec this turn | 300 sec total\n|\n|t:|1783559959\n|move|p1a: Palossand|Earth Power|p2a: Snorlax\n|-supereffective|p2a: Snorlax\n|-damage|p2a: Snorlax|0 fnt\n|faint|p2a: Snorlax\n|\n|win|p0x17817473", "uploadtime": 1783559959, "views": 0, "rating": 0, "private": 0, "password": null, "_winner": "p0x17817473", "_our_name": "p0x17817473"}