{"id": "battle-gen9randombattle-192", "formatid": "gen9randombattle", "format": "[Gen 9] Random Battle", "players": ["p0x19259cf", "p0y192a835"], "log": "|init|battle\n|title|p0x19259cf vs. p0y192a835\n|j|\u2606p0x19259cf\n|j|\u2606p0y192a835\n|t:|1783535465\n|gametype|singles\n|player|p1|p0x19259cf|265|\n|player|p2|p0y192a835|170|\n|gen|9\n|tier|[Gen 9] Random Battle\n|rule|Species Clause: Limit one of each Pok\u00e9mon\n|rule|HP Percentage Mod: HP is shown in percentages\n|rule|Sleep Clause Mod: Limit one foe put to sleep\n|rule|Illusion Level Mod: Illusion disguises the Pok\u00e9mon's true level\n|\n|t:|1783535465\n|teamsize|p1|6\n|teamsize|p2|6\n|start\n|switch|p1a: Incineroar|Incineroar, L82, F|290/290\n|switch|p2a: Cobalion|Cobalion, L80|100/100\n|-ability|p1a: Incineroar|Intimidate|boost\n|-unboost|p2a: Cobalion|atk|1\n|turn|1\n|inactive|Battle timer is ON: inactive players will automatically lose when time's up. (requested by p0y192a835)\n|inactive|Time left: 300 sec this turn | 300 sec total | 60 sec grace\n|\n|t:|1783535466\n|switch|p1a: Mudsdale|Mudsdale, L83, M|302/302\n|move|p2a: Cobalion|Swords Dance|p2a: Cobalion\n|-boost|p2a: Cobalion|atk|2\n|\n|upkeep\n|turn|2\n|inactive|Time left: 300 sec this turn | 300 sec total\n|inactive|p0x19259cf also wants the timer to be on.\n|\n|t:|1783535468\n|move|p2a: Cobalion|Swords Dance|p2a: Cobalion\n|-boost|p2a: Cobalion|atk|2\n|move|p1a: Mudsdale|Earthquake|p2a: Cobalion\n|-supereffective|p2a: Cobalion\n|-damage|p2a: Cobalion|29/100\n|\n|-heal|p2a: Cobalion|35/100|[from] item: Leftovers\n|upkeep\n|turn|3\n|inactive|Time left: 300 sec this turn | 300 sec total\n|\n|t:|1783535469\n|-terastallize|p2a: Cobalion|Fighting\n|move|p2a: Cobalion|Close Combat|p1a: Mudsdale\n|-damage|p1a: Mudsdale|0 fnt\n|-unboost|p2a: Cobalion|def|1\n|-unboost|p2a: Cobalion|spd|1\n|faint|p1a: Mudsdale\n|\n|-heal|p2a: Cobalion|41/100|[from] item: Leftovers\n|upkeep\n|inactive|Time left: 300 sec this turn | 300 sec total | 5 sec grace\n|\n|t:|1783535470\n|switch|p1a: Inteleon|Inteleon, L81, M|246/246\n|turn|4\n|inactive|Time left: 300 sec this turn | 300 sec total\n|\n|t:|1783535471\n|switch|p2a: Lapras|Lapras, L87, F|100/100\n|move|p1a: Inteleon|Scald|p2a: Lapras\n|-immune|p2a: Lapras|[from] ability: Water Absorb\n|\n|upkeep\n|turn|5\n|inactive|Time left: 300 sec this turn | 300 sec total\n|\n|t:|1783535472\n|move|p1a: Inteleon|Scald|p2a: Lapras\n|-immune|p2a: Lapras|[from] ability: Water Absorb\n|move|p2a: Lapras|Dragon Dance|p2a: Lapras\n|-boost|p2a: Lapras|atk|1\n|-boost|p2a: Lapras|spe|1\n|\n|upkeep\n|turn|6\n|inactive|Time left: 300 sec this turn | 300 sec total\n|\n|t:|1783535473\n|switch|p1a: Incineroar|Incineroar, L82, F|290/290\n|-ability|p1a: Incineroar|Intimidate|boost\n|-unboost|p2a: Lapras|atk|1\n|move|p2a: Lapras|Icicle Spear|p1a: Incineroar\n|-resisted|p1a: Incineroar\n|-damage|p1a: Incineroar|278/290\n|-resisted|p1a: Incineroar\n|-damage|p1a: Incineroar|265/290\n|-resisted|p1a: Incineroar\n|-damage|p1a: Incineroar|253/290\n|-resisted|p1a: Incineroar\n|-damage|p1a: Incineroar|240/290\n|-resisted|p1a: Incineroar\n|-damage|p1a: Incineroar|226/290\n|-hitcount|p1a: Incineroar|5\n|\n|upkeep\n|turn|7\n|inactive|Time left: 300 sec this turn | 300 sec total\n|\n|t:|1783535474\n|move|p2a: Lapras|Dragon Dance|p2a: Lapras\n|-boost|p2a: Lapras|atk|1\n|-boost|p2a: Lapras|spe|1\n|move|p1a: Incineroar|Knock Off|p2a: Lapras\n|-damage|p2a: Lapras|67/100\n|-enditem|p2a: Lapras|Loaded Dice|[from] move: Knock Off|[of] p1a: Incineroar\n|\n|upkeep\n|turn|8\n|inactive|Time left: 300 sec this turn | 300 sec total\n|\n|t:|1783535475\n|-terastallize|p1a: Incineroar|Fighting\n|move|p2a: Lapras|Waterfall|p1a: Incineroar\n|-damage|p1a: Incineroar|96/290\n|move|p1a: Incineroar|Close Combat|p2a: Lapras\n|-supereffective|p2a: Lapras\n|-damage|p2a: Lapras|0 fnt\n|-unboost|p1a: Incineroar|def|1\n|-unboost|p1a: Incineroar|spd|1\n|faint|p2a: Lapras\n|\n|upkeep\n|\n|t:|1783535476\n|switch|p2a: Ampharos|Ampharos, L88, F|100/100\n|turn|9\n|inactive|Time left: 300 sec this turn | 300 sec total\n|\n|t:|1783535478\n|switch|p1a: Trevenant|Trevenant, L89, F|296/296\n|move|p2a: Ampharos|Thunderbolt|p1a: Trevenant\n|-resisted|p1a: Trevenant\n|-damage|p1a: Trevenant|225/296\n|-damage|p2a: Ampharos|91/100|[from] item: Life Orb\n|\n|upkeep\n|turn|10\n|inactive|Time left: 300 sec this turn | 300 sec total\n|\n|t:|1783535479\n|move|p1a: Trevenant|Poltergeist|p2a: Ampharos\n|-activate|p2a: Ampharos|move: Poltergeist|Life Orb\n|-damage|p2a: Ampharos|42/100\n|move|p2a: Ampharos|Dazzling Gleam|p1a: Trevenant\n|-damage|p1a: Trevenant|134/296\n|-enditem|p1a: Trevenant|Sitrus Berry|[eat]\n|-heal|p1a: Trevenant|208/296|[from] item: Sitrus Berry\n|-damage|p2a: Ampharos|32/100|[from] item: Life Orb\n|\n|upkeep\n|turn|11\n|inactive|Time left: 300 sec this turn | 300 sec total\n|\n|t:|1783535480\n|move|p1a: Trevenant|Poltergeist|p2a: Ampharos\n|-activate|p2a: Ampharos|move: Poltergeist|Life Orb\n|-damage|p2a: Ampharos|0 fnt\n|faint|p2a: Ampharos\n|\n|-item|p1a: Trevenant|Sitrus Berry|[from] ability: Harvest\n|upkeep\n|\n|t:|1783535481\n|switch|p2a: Alomomola|Alomomola, L87, M|100/100\n|turn|12\n|inactive|Time left: 300 sec this turn | 300 sec total\n|\n|t:|1783535482\n|move|p2a: Alomomola|Wish|p2a: Alomomola\n|move|p1a: Trevenant|Toxic|p2a: Alomomola\n|-status|p2a: Alomomola|tox\n|\n|-damage|p2a: Alomomola|94/100 tox|[from] psn\n|upkeep\n|turn|13\n|inactive|Time left: 300 sec this turn | 300 sec total\n|\n|t:|1783535483\n|switch|p2a: Cobalion|Cobalion, L80, tera:Fighting|41/100\n|move|p1a: Trevenant|Poltergeist|p2a: Cobalion\n|-activate|p2a: Cobalion|move: Poltergeist|Leftovers\n|-damage|p2a: Cobalion|4/100\n|\n|-heal|p2a: Cobalion|82/100|[from] move: Wish|[wisher] Alomomola\n|-heal|p2a: Cobalion|88/100|[from] item: Leftovers\n|upkeep\n|turn|14\n|inactive|Time left: 300 sec this turn | 300 sec total\n|\n|t:|1783535484\n|move|p2a: Cobalion|Swords Dance|p2a: Cobalion\n|-boost|p2a: Cobalion|atk|2\n|move|p1a: Trevenant|Poltergeist|p2a: Cobalion\n|-activate|p2a: Cobalion|move: Poltergeist|Leftovers\n|-damage|p2a: Cobalion|47/100\n|\n|-heal|p2a: Cobalion|53/100|[from] item: Leftovers\n|upkeep\n|turn|15\n|inactive|Time left: 300 sec this turn | 300 sec total\n|\n|t:|1783535485\n|move|p2a: Cobalion|Iron Head|p1a: Trevenant\n|-damage|p1a: Trevenant|60/296\n|-enditem|p1a: Trevenant|Sitrus Berry|[eat]\n|-heal|p1a: Trevenant|134/296|[from] item: Sitrus Berry\n|cant|p1a: Trevenant|flinch\n|\n|-heal|p2a: Cobalion|59/100|[from] item: Leftovers\n|-item|p1a: Trevenant|Sitrus Berry|[from] ability: Harvest\n|upkeep\n|-enditem|p1a: Trevenant|Sitrus Berry|[eat]\n|-heal|p1a: Trevenant|208/296|[from] item: Sitrus Berry\n|turn|16\n|inactive|Time left: 300 sec this turn | 300 sec total\n|\n|t:|1783535486\n|move|p2a: Cobalion|Iron Head|p1a: Trevenant\n|-damage|p1a: Trevenant|55/296\n|move|p1a: Trevenant|Poltergeist|p2a: Cobalion\n|-activate|p2a: Cobalion|move: Poltergeist|Leftovers\n|-damage|p2a: Cobalion|18/100\n|\n|-heal|p2a: Cobalion|24/100|[from] item: Leftovers\n|-item|p1a: Trevenant|Sitrus Berry|[from] ability: Harvest\n|upkeep\n|-enditem|p1a: Trevenant|Sitrus Berry|[eat]\n|-heal|p1a: Trevenant|129/296|[from] item: Sitrus Berry\n|turn|17\n|inactive|Time left: 300 sec this turn | 300 sec total\n|\n|t:|1783535487\n|move|p2a: Cobalion|Iron Head|p1a: Trevenant\n|-damage|p1a: Trevenant|0 fnt\n|faint|p1a: Trevenant\n|\n|-heal|p2a: Cobalion|30/100|[from] item: Leftovers\n|upkeep\n|inactive|Time left: 300 sec this turn | 300 sec total | 5 sec grace\n|\n|t:|1783535488\n|switch|p1a: Inteleon|Inteleon, L81, M|246/246\n|turn|18\n|inactive|Time left: 300 sec this turn | 300 sec total\n|\n|t:|1783535489\n|switch|p2a: Alomomola|Alomomola, L87, M|100/100 tox\n|move|p1a: Inteleon|Ice Beam|p2a: Alomomola\n|-resisted|p2a: Alomomola\n|-damage|p2a: Alomomola|80/100 tox\n|\n|-damage|p2a: Alomomola|74/100 tox|[from] psn\n|upkeep\n|turn|19\n|inactive|Time left: 300 sec this turn | 300 sec total\n|\n|t:|1783535490\n|switch|p1a: Zekrom|Zekrom, L71|259/259\n|-ability|p1a: Zekrom|Teravolt\n|move|p2a: Alomomola|Flip Turn|p1a: Zekrom\n|-resisted|p1a: Zekrom\n|-damage|p1a: Zekrom|233/259\n|\n|t:|1783535491\n|switch|p2a: Metagross|Metagross, L79|100/100|[from] Flip Turn\n|\n|-heal|p1a: Zekrom|249/259|[from] item: Leftovers\n|upkeep\n|turn|20\n|inactive|Time left: 300 sec this turn | 300 sec total\n|\n|t:|1783535492\n|move|p1a: Zekrom|Bolt Strike|p2a: Metagross\n|-damage|p2a: Metagross|56/100\n|move|p2a: Metagross|Earthquake|p1a: Zekrom\n|-supereffective|p1a: Zekrom\n|-damage|p1a: Zekrom|99/259\n|\n|-heal|p1a: Zekrom|115/259|[from] item: Leftovers\n|-heal|p2a: Metagross|62/100|[from] item: Leftovers\n|upkeep\n|turn|21\n|inactive|Time left: 300 sec this turn | 300 sec total\n|\n|t:|1783535493\n|move|p1a: Zekrom|Bolt Strike|p2a: Metagross\n|-damage|p2a: Metagross|20/100\n|-status|p2a: Metagross|par\n|cant|p2a: Metagross|par\n|\n|-heal|p1a: Zekrom|131/259|[from] item: Leftovers\n|-heal|p2a: Metagross|26/100 par|[from] item: Leftovers\n|upkeep\n|turn|22\n|inactive|Time left: 300 sec this turn | 300 sec total\n|\n|t:|1783535494\n|move|p1a: Zekrom|Bolt Strike|p2a: Metagross\n|-damage|p2a: Metagross|0 fnt\n|faint|p2a: Metagross\n|\n|-heal|p1a: Zekrom|147/259|[from] item: Leftovers\n|upkeep\n|\n|t:|1783535495\n|switch|p2a: Komala|Komala, L87, F|100/100\n|-ability|p2a: Komala|Comatose\n|turn|23\n|inactive|Time left: 300 sec this turn | 300 sec total\n|\n|t:|1783535496\n|move|p1a: Zekrom|Outrage|p2a: Komala\n|-damage|p2a: Komala|44/100\n|move|p2a: Komala|Earthquake|p1a: Zekrom\n|-supereffective|p1a: Zekrom\n|-damage|p1a: Zekrom|0 fnt\n|faint|p1a: Zekrom\n|\n|upkeep\n|inactive|Time left: 300 sec this turn | 300 sec total | 5 sec grace\n|\n|t:|1783535497\n|switch|p1a: Terrakion|Terrakion, L79|273/273\n|turn|24\n|inactive|Time left: 300 sec this turn | 300 sec total\n|\n|t:|1783535498\n|switch|p2a: Alomomola|Alomomola, L87, M|100/100 tox\n|move|p1a: Terrakion|Close Combat|p2a: Alomomola\n|-damage|p2a: Alomomola|51/100 tox\n|-unboost|p1a: Terrakion|def|1\n|-unboost|p1a: Terrakion|spd|1\n|\n|-damage|p2a: Alomomola|45/100 tox|[from] psn\n|upkeep\n|turn|25\n|inactive|Time left: 300 sec this turn | 300 sec total\n|\n|t:|1783535499\n|switch|p2a: Cobalion|Cobalion, L80, tera:Fighting|30/100\n|move|p1a: Terrakion|Close Combat|p2a: Cobalion\n|-damage|p2a: Cobalion|0 fnt\n|-unboost|p1a: Terrakion|def|1\n|-unboost|p1a: Terrakion|spd|1\n|faint|p2a: Cobalion\n|\n|upkeep\n|\n|t:|1783535500\n|switch|p2a: Alomomola|Alomomola, L87, M|78/100 tox\n|turn|26\n|inactive|Time left: 300 sec this turn | 300 sec total\n|\n|t:|1783535501\n|switch|p1a: Inteleon|Inteleon, L81, M|246/246\n|move|p2a: Alomomola|Flip Turn|p1a: Inteleon\n|-resisted|p1a: Inteleon\n|-damage|p1a: Inteleon|210/246\n|\n|t:|1783535502\n|switch|p2a: Komala|Komala, L87, F|44/100|[from] Flip Turn\n|-ability|p2a: Komala|Comatose\n|\n|upkeep\n|turn|27\n|inactive|Time left: 300 sec this turn | 300 sec total\n|\n|t:|1783535503\n|switch|p2a: Alomomola|Alomomola, L87, M|100/100 tox\n|move|p1a: Inteleon|Hydro Pump|p2a: Alomomola\n|-resisted|p2a: Alomomola\n|-damage|p2a: Alomomola|68/100 tox\n|\n|-damage|p2a: Alomomola|62/100 tox|[from] psn\n|upkeep\n|turn|28\n|inactive|Time left: 300 sec this turn | 300 sec total\n|\n|t:|1783535504\n|move|p1a: Inteleon|Hydro Pump|p2a: Alomomola\n|-resisted|p2a: Alomomola\n|-damage|p2a: Alomomola|25/100 tox\n|move|p2a: Alomomola|Flip Turn|p1a: Inteleon\n|-resisted|p1a: Inteleon\n|-damage|p1a: Inteleon|172/246\n|\n|t:|1783535505\n|switch|p2a: Komala|Komala, L87, F|44/100|[from] Flip Turn\n|-ability|p2a: Komala|Comatose\n|\n|upkeep\n|turn|29\n|inactive|Time left: 300 sec this turn | 300 sec total\n|\n|t:|1783535506\n|switch|p2a: Alomomola|Alomomola, L87, M|59/100 tox\n|move|p1a: Inteleon|Hydro Pump|p2a: Alomomola\n|-resisted|p2a: Alomomola\n|-damage|p2a: Alomomola|26/100 tox\n|\n|-damage|p2a: Alomomola|20/100 tox|[from] psn\n|upkeep\n|turn|30\n|inactive|Time left: 300 sec this turn | 300 sec total\n|\n|t:|1783535507\n|switch|p2a: Komala|Komala, L87, F|44/100\n|-ability|p2a: Komala|Comatose\n|move|p1a: Inteleon|Hydro Pump|p2a: Komala\n|-damage|p2a: Komala|0 fnt\n|faint|p2a: Komala\n|\n|upkeep\n|\n|t:|1783535508\n|switch|p2a: Alomomola|Alomomola, L87, M|53/100 tox\n|turn|31\n|inactive|Time left: 300 sec this turn | 300 sec total\n|\n|t:|1783535509\n|move|p1a: Inteleon|Hydro Pump|p2a: Alomomola\n|-resisted|p2a: Alomomola\n|-damage|p2a: Alomomola|17/100 tox\n|move|p2a: Alomomola|Wish|p2a: Alomomola\n|\n|-damage|p2a: Alomomola|11/100 tox|[from] psn\n|upkeep\n|turn|32\n|inactive|Time left: 300 sec this turn | 300 sec total\n|\n|t:|1783535510\n|move|p2a: Alomomola|Protect|p2a: Alomomola\n|-singleturn|p2a: Alomomola|Protect\n|move|p1a: Inteleon|Hydro Pump|p2a: Alomomola\n|-activate|p2a: Alomomola|move: Protect\n|\n|-heal|p2a: Alomomola|60/100 tox|[from] move: Wish|[wisher] Alomomola\n|-damage|p2a: Alomomola|48/100 tox|[from] psn\n|upkeep\n|turn|33\n|inactive|Time left: 300 sec this turn | 300 sec total\n|\n|t:|1783535511\n|move|p1a: Inteleon|Hydro Pump|p2a: Alomomola\n|-resisted|p2a: Alomomola\n|-damage|p2a: Alomomola|14/100 tox\n|move|p2a: Alomomola|Wish|p2a: Alomomola\n|\n|-damage|p2a: Alomomola|0 fnt|[from] psn\n|faint|p2a: Alomomola\n|\n|win|p0x19259cf", "uploadtime": 1783535511, "views": 0, "rating": 0, "private": 0, "password": null, "_winner": "p0x19259cf", "_our_name": "p0x19259cf"}