{"id": "battle-gen9randombattle-2234", "formatid": "gen9randombattle", "format": "[Gen 9] Random Battle", "players": ["p0x2234ad56", "p0y2234f694"], "log": "|init|battle\n|title|p0x2234ad56 vs. p0y2234f694\n|j|\u2606p0x2234ad56\n|j|\u2606p0y2234f694\n|t:|1783564978\n|gametype|singles\n|player|p1|p0x2234ad56|2|\n|player|p2|p0y2234f694|170|\n|gen|9\n|tier|[Gen 9] Random Battle\n|rule|Species Clause: Limit one of each Pok\u00e9mon\n|rule|HP Percentage Mod: HP is shown in percentages\n|rule|Sleep Clause Mod: Limit one foe put to sleep\n|rule|Illusion Level Mod: Illusion disguises the Pok\u00e9mon's true level\n|\n|t:|1783564978\n|teamsize|p1|6\n|teamsize|p2|6\n|start\n|switch|p1a: Alomomola|Alomomola, L87, F|429/429\n|switch|p2a: Latias|Latias, L79, F|100/100\n|turn|1\n|inactive|Battle timer is ON: inactive players will automatically lose when time's up. (requested by p0x2234ad56)\n|inactive|p0y2234f694 also wants the timer to be on.\n|\n|t:|1783564979\n|move|p2a: Latias|Calm Mind|p2a: Latias\n|-boost|p2a: Latias|spa|1\n|-boost|p2a: Latias|spd|1\n|move|p1a: Alomomola|Flip Turn|p2a: Latias\n|-resisted|p2a: Latias\n|-damage|p2a: Latias|90/100\n|inactive|Time left: 300 sec this turn | 300 sec total | 65 sec grace\n|\n|t:|1783564980\n|switch|p1a: Flareon|Flareon, L90, M|263/263|[from] Flip Turn\n|\n|-status|p1a: Flareon|tox|[from] item: Toxic Orb\n|upkeep\n|turn|2\n|inactive|Time left: 300 sec this turn | 300 sec total\n|\n|t:|1783564981\n|move|p2a: Latias|Psyshock|p1a: Flareon\n|-damage|p1a: Flareon|94/263 tox\n|move|p1a: Flareon|Facade|p2a: Latias\n|-crit|p2a: Latias\n|-damage|p2a: Latias|0 fnt\n|faint|p2a: Latias\n|\n|-damage|p1a: Flareon|78/263 tox|[from] psn\n|upkeep\n|\n|t:|1783564982\n|switch|p2a: Squawkabilly|Squawkabilly-Blue, L85, M|100/100\n|turn|3\n|inactive|Time left: 300 sec this turn | 300 sec total\n|\n|t:|1783564983\n|switch|p1a: Iron Crown|Iron Crown, L78|268/268\n|move|p2a: Squawkabilly|Facade|p1a: Iron Crown\n|-resisted|p1a: Iron Crown\n|-damage|p1a: Iron Crown|230/268\n|\n|-heal|p1a: Iron Crown|246/268|[from] item: Leftovers\n|-status|p2a: Squawkabilly|brn|[from] item: Flame Orb\n|upkeep\n|turn|4\n|inactive|Time left: 300 sec this turn | 300 sec total\n|\n|t:|1783564984\n|move|p2a: Squawkabilly|Facade|p1a: Iron Crown\n|-resisted|p1a: Iron Crown\n|-damage|p1a: Iron Crown|135/268\n|move|p1a: Iron Crown|Tachyon Cutter|p2a: Squawkabilly\n|-damage|p2a: Squawkabilly|71/100 brn\n|-damage|p2a: Squawkabilly|42/100 brn\n|-hitcount|p2a: Squawkabilly|2\n|\n|-heal|p1a: Iron Crown|151/268|[from] item: Leftovers\n|-damage|p2a: Squawkabilly|36/100 brn|[from] brn\n|upkeep\n|turn|5\n|inactive|Time left: 300 sec this turn | 300 sec total\n|\n|t:|1783564985\n|switch|p2a: Chi-Yu|Chi-Yu, L77|100/100\n|-ability|p2a: Chi-Yu|Beads of Ruin\n|move|p1a: Iron Crown|Tachyon Cutter|p2a: Chi-Yu\n|-resisted|p2a: Chi-Yu\n|-damage|p2a: Chi-Yu|89/100\n|-resisted|p2a: Chi-Yu\n|-damage|p2a: Chi-Yu|79/100\n|-hitcount|p2a: Chi-Yu|2\n|\n|-heal|p1a: Iron Crown|167/268|[from] item: Leftovers\n|upkeep\n|turn|6\n|inactive|Time left: 300 sec this turn | 300 sec total\n|\n|t:|1783564986\n|-end|p1a: Iron Crown|Quark Drive|[silent]\n|switch|p1a: Alomomola|Alomomola, L87, F|429/429\n|move|p2a: Chi-Yu|Dark Pulse|p1a: Alomomola\n|-damage|p1a: Alomomola|251/429\n|\n|upkeep\n|turn|7\n|inactive|Time left: 300 sec this turn | 300 sec total\n|\n|t:|1783564987\n|move|p2a: Chi-Yu|Dark Pulse|p1a: Alomomola\n|-damage|p1a: Alomomola|50/429\n|move|p1a: Alomomola|Flip Turn|p2a: Chi-Yu\n|-supereffective|p2a: Chi-Yu\n|-damage|p2a: Chi-Yu|21/100\n|inactive|Time left: 300 sec this turn | 300 sec total | 5 sec grace\n|\n|t:|1783564988\n|switch|p1a: Kyurem|Kyurem-Black, L71|295/295|[from] Flip Turn\n|-ability|p1a: Kyurem|Teravolt\n|\n|upkeep\n|turn|8\n|inactive|Time left: 300 sec this turn | 300 sec total\n|\n|t:|1783564989\n|move|p2a: Chi-Yu|Dark Pulse|p1a: Kyurem\n|-damage|p1a: Kyurem|165/295\n|cant|p1a: Kyurem|flinch\n|\n|upkeep\n|turn|9\n|inactive|Time left: 300 sec this turn | 300 sec total\n|\n|t:|1783564990\n|move|p2a: Chi-Yu|Dark Pulse|p1a: Kyurem\n|-damage|p1a: Kyurem|35/295\n|cant|p1a: Kyurem|flinch\n|\n|upkeep\n|turn|10\n|inactive|Time left: 300 sec this turn | 300 sec total\n|\n|t:|1783564991\n|move|p2a: Chi-Yu|Dark Pulse|p1a: Kyurem\n|-damage|p1a: Kyurem|0 fnt\n|faint|p1a: Kyurem\n|\n|upkeep\n|inactive|Time left: 300 sec this turn | 300 sec total | 5 sec grace\n|\n|t:|1783564992\n|switch|p1a: Flareon|Flareon, L90, M|78/263 tox\n|turn|11\n|inactive|Time left: 300 sec this turn | 300 sec total\n|\n|t:|1783564993\n|move|p1a: Flareon|Quick Attack|p2a: Chi-Yu\n|-damage|p2a: Chi-Yu|0 fnt\n|faint|p2a: Chi-Yu\n|\n|-damage|p1a: Flareon|62/263 tox|[from] psn\n|upkeep\n|\n|t:|1783564994\n|switch|p2a: Arbok|Arbok, L87, F|100/100\n|-ability|p2a: Arbok|Intimidate|boost\n|-unboost|p1a: Flareon|atk|1\n|turn|12\n|inactive|Time left: 300 sec this turn | 300 sec total\n|\n|t:|1783564995\n|switch|p1a: Sinistcha|Sinistcha-Masterpiece, L83|254/254\n|move|p2a: Arbok|Knock Off|p1a: Sinistcha\n|-supereffective|p1a: Sinistcha\n|-damage|p1a: Sinistcha|93/254\n|-enditem|p1a: Sinistcha|Leftovers|[from] move: Knock Off|[of] p2a: Arbok\n|-damage|p2a: Arbok|91/100|[from] item: Life Orb\n|\n|upkeep\n|turn|13\n|inactive|Time left: 300 sec this turn | 300 sec total\n|\n|t:|1783564996\n|-terastallize|p1a: Sinistcha|Steel\n|move|p2a: Arbok|Glare|p1a: Sinistcha\n|-status|p1a: Sinistcha|par\n|cant|p1a: Sinistcha|par\n|\n|upkeep\n|turn|14\n|inactive|Time left: 300 sec this turn | 300 sec total\n|\n|t:|1783564997\n|switch|p2a: Squawkabilly|Squawkabilly-Blue, L85, M|36/100 brn\n|move|p1a: Sinistcha|Strength Sap|p2a: Squawkabilly\n|-unboost|p2a: Squawkabilly|atk|1\n|-heal|p1a: Sinistcha|254/254 par\n|\n|-damage|p2a: Squawkabilly|30/100 brn|[from] brn\n|upkeep\n|turn|15\n|inactive|Time left: 300 sec this turn | 300 sec total\n|\n|t:|1783564998\n|switch|p2a: Arbok|Arbok, L87, F|91/100\n|-ability|p2a: Arbok|Intimidate|boost\n|-unboost|p1a: Sinistcha|atk|1\n|move|p1a: Sinistcha|Matcha Gotcha|p2a: Arbok\n|-resisted|p2a: Arbok\n|-damage|p2a: Arbok|69/100\n|\n|upkeep\n|turn|16\n|inactive|Time left: 300 sec this turn | 300 sec total\n|\n|t:|1783564998\n|move|p2a: Arbok|Knock Off|p1a: Sinistcha\n|-damage|p1a: Sinistcha|198/254 par\n|-damage|p2a: Arbok|59/100|[from] item: Life Orb\n|cant|p1a: Sinistcha|par\n|\n|upkeep\n|turn|17\n|inactive|Time left: 300 sec this turn | 300 sec total\n|\n|t:|1783565000\n|move|p2a: Arbok|Knock Off|p1a: Sinistcha\n|-crit|p1a: Sinistcha\n|-damage|p1a: Sinistcha|119/254 par\n|-damage|p2a: Arbok|50/100|[from] item: Life Orb\n|cant|p1a: Sinistcha|par\n|\n|upkeep\n|turn|18\n|inactive|Time left: 300 sec this turn | 300 sec total\n|\n|t:|1783565001\n|move|p2a: Arbok|Gunk Shot|p1a: Sinistcha\n|-immune|p1a: Sinistcha\n|move|p1a: Sinistcha|Strength Sap|p2a: Arbok\n|-unboost|p2a: Arbok|atk|1\n|-heal|p1a: Sinistcha|254/254 par\n|\n|upkeep\n|turn|19\n|inactive|Time left: 300 sec this turn | 300 sec total\n|\n|t:|1783565002\n|switch|p2a: Toxapex|Toxapex, L82, M|100/100\n|cant|p1a: Sinistcha|par\n|\n|upkeep\n|turn|20\n|inactive|Time left: 300 sec this turn | 300 sec total\n|\n|t:|1783565003\n|switch|p1a: Alomomola|Alomomola, L87, F|193/429\n|move|p2a: Toxapex|Toxic Spikes|p1a: Alomomola\n|-sidestart|p1: p0x2234ad56|move: Toxic Spikes\n|\n|upkeep\n|turn|21\n|inactive|Time left: 300 sec this turn | 300 sec total\n|\n|t:|1783565004\n|move|p1a: Alomomola|Wish|p1a: Alomomola\n|move|p2a: Toxapex|Liquidation|p1a: Alomomola\n|-resisted|p1a: Alomomola\n|-damage|p1a: Alomomola|163/429\n|\n|upkeep\n|turn|22\n|inactive|Time left: 300 sec this turn | 300 sec total\n|\n|t:|1783565005\n|switch|p1a: Iron Crown|Iron Crown, L78|167/268\n|move|p2a: Toxapex|Liquidation|p1a: Iron Crown\n|-damage|p1a: Iron Crown|107/268\n|\n|-heal|p1a: Iron Crown|268/268|[from] move: Wish|[wisher] Alomomola\n|upkeep\n|turn|23\n|inactive|Time left: 300 sec this turn | 300 sec total\n|\n|t:|1783565006\n|move|p1a: Iron Crown|Psyshock|p2a: Toxapex\n|-supereffective|p2a: Toxapex\n|-damage|p2a: Toxapex|47/100\n|move|p2a: Toxapex|Toxic Spikes|p1a: Iron Crown\n|-sidestart|p1: p0x2234ad56|move: Toxic Spikes\n|\n|-heal|p2a: Toxapex|53/100|[from] item: Leftovers\n|upkeep\n|turn|24\n|inactive|Time left: 300 sec this turn | 300 sec total\n|\n|t:|1783565007\n|switch|p2a: Palafin|Palafin, L77, F|100/100\n|move|p1a: Iron Crown|Psyshock|p2a: Palafin\n|-damage|p2a: Palafin|61/100\n|\n|-heal|p2a: Palafin|67/100|[from] item: Leftovers\n|upkeep\n|turn|25\n|inactive|Time left: 300 sec this turn | 300 sec total\n|\n|t:|1783565008\n|move|p2a: Palafin|Bulk Up|p2a: Palafin\n|-boost|p2a: Palafin|atk|1\n|-boost|p2a: Palafin|def|1\n|move|p1a: Iron Crown|Psyshock|p2a: Palafin\n|-damage|p2a: Palafin|40/100\n|\n|-heal|p2a: Palafin|46/100|[from] item: Leftovers\n|upkeep\n|turn|26\n|inactive|Time left: 300 sec this turn | 300 sec total\n|\n|t:|1783565010\n|move|p2a: Palafin|Drain Punch|p1a: Iron Crown\n|-damage|p1a: Iron Crown|215/268\n|-heal|p2a: Palafin|55/100|[from] drain|[of] p1a: Iron Crown\n|move|p1a: Iron Crown|Focus Blast|p2a: Palafin\n|-damage|p2a: Palafin|10/100\n|\n|-heal|p2a: Palafin|16/100|[from] item: Leftovers\n|-heal|p1a: Iron Crown|231/268|[from] item: Leftovers\n|upkeep\n|turn|27\n|inactive|Time left: 300 sec this turn | 300 sec total\n|\n|t:|1783565011\n|detailschange|p2a: Palafin|Palafin-Hero, L77, F\n|switch|p2a: Toxapex|Toxapex, L82, M|86/100\n|move|p1a: Iron Crown|Psyshock|p2a: Toxapex\n|-supereffective|p2a: Toxapex\n|-damage|p2a: Toxapex|27/100\n|\n|-heal|p1a: Iron Crown|247/268|[from] item: Leftovers\n|-heal|p2a: Toxapex|33/100|[from] item: Leftovers\n|upkeep\n|turn|28\n|inactive|Time left: 300 sec this turn | 300 sec total\n|\n|t:|1783565012\n|switch|p2a: Palafin|Palafin-Hero, L77, F|16/100\n|-activate|p2a: Palafin|ability: Zero to Hero\n|move|p1a: Iron Crown|Psyshock|p2a: Palafin\n|-damage|p2a: Palafin|0 fnt\n|faint|p2a: Palafin\n|\n|-heal|p1a: Iron Crown|263/268|[from] item: Leftovers\n|upkeep\n|\n|t:|1783565013\n|switch|p2a: Arbok|Arbok, L87, F|50/100\n|-ability|p2a: Arbok|Intimidate|boost\n|-unboost|p1a: Iron Crown|atk|1\n|turn|29\n|inactive|Time left: 300 sec this turn | 300 sec total\n|\n|t:|1783565014\n|move|p1a: Iron Crown|Psyshock|p2a: Arbok\n|-supereffective|p2a: Arbok\n|-damage|p2a: Arbok|0 fnt\n|faint|p2a: Arbok\n|\n|-heal|p1a: Iron Crown|268/268|[from] item: Leftovers\n|upkeep\n|\n|t:|1783565015\n|switch|p2a: Toxapex|Toxapex, L82, M|66/100\n|turn|30\n|inactive|Time left: 300 sec this turn | 300 sec total\n|\n|t:|1783565016\n|move|p1a: Iron Crown|Psyshock|p2a: Toxapex\n|-supereffective|p2a: Toxapex\n|-damage|p2a: Toxapex|10/100\n|move|p2a: Toxapex|Recover|p2a: Toxapex\n|-heal|p2a: Toxapex|60/100\n|\n|-heal|p2a: Toxapex|66/100|[from] item: Leftovers\n|upkeep\n|turn|31\n|inactive|Time left: 300 sec this turn | 300 sec total\n|\n|t:|1783565017\n|move|p1a: Iron Crown|Psyshock|p2a: Toxapex\n|-supereffective|p2a: Toxapex\n|-damage|p2a: Toxapex|10/100\n|move|p2a: Toxapex|Recover|p2a: Toxapex\n|-heal|p2a: Toxapex|60/100\n|\n|-heal|p2a: Toxapex|66/100|[from] item: Leftovers\n|upkeep\n|turn|32\n|inactive|Time left: 300 sec this turn | 300 sec total\n|\n|t:|1783565018\n|move|p1a: Iron Crown|Psyshock|p2a: Toxapex\n|-supereffective|p2a: Toxapex\n|-damage|p2a: Toxapex|10/100\n|move|p2a: Toxapex|Recover|p2a: Toxapex\n|-heal|p2a: Toxapex|60/100\n|\n|-heal|p2a: Toxapex|66/100|[from] item: Leftovers\n|upkeep\n|turn|33\n|inactive|Time left: 300 sec this turn | 300 sec total\n|\n|t:|1783565019\n|move|p1a: Iron Crown|Psyshock|p2a: Toxapex\n|-supereffective|p2a: Toxapex\n|-damage|p2a: Toxapex|9/100\n|move|p2a: Toxapex|Recover|p2a: Toxapex\n|-heal|p2a: Toxapex|59/100\n|\n|-heal|p2a: Toxapex|65/100|[from] item: Leftovers\n|upkeep\n|turn|34\n|inactive|Time left: 300 sec this turn | 300 sec total\n|\n|t:|1783565020\n|move|p1a: Iron Crown|Psyshock|p2a: Toxapex\n|-supereffective|p2a: Toxapex\n|-crit|p2a: Toxapex\n|-damage|p2a: Toxapex|0 fnt\n|faint|p2a: Toxapex\n|\n|upkeep\n|\n|t:|1783565021\n|switch|p2a: Squawkabilly|Squawkabilly-Blue, L85, M|30/100 brn\n|turn|35\n|inactive|Time left: 300 sec this turn | 300 sec total\n|\n|t:|1783565022\n|move|p2a: Squawkabilly|Protect|p2a: Squawkabilly\n|-singleturn|p2a: Squawkabilly|Protect\n|move|p1a: Iron Crown|Tachyon Cutter|p2a: Squawkabilly\n|-activate|p2a: Squawkabilly|move: Protect\n|\n|-damage|p2a: Squawkabilly|24/100 brn|[from] brn\n|upkeep\n|turn|36\n|inactive|Time left: 300 sec this turn | 300 sec total\n|\n|t:|1783565023\n|move|p2a: Squawkabilly|Protect|p2a: Squawkabilly\n|-singleturn|p2a: Squawkabilly|Protect\n|move|p1a: Iron Crown|Psyshock|p2a: Squawkabilly\n|-activate|p2a: Squawkabilly|move: Protect\n|\n|-damage|p2a: Squawkabilly|17/100 brn|[from] brn\n|upkeep\n|turn|37\n|inactive|Time left: 300 sec this turn | 300 sec total\n|\n|t:|1783565023\n|-terastallize|p2a: Squawkabilly|Normal\n|move|p2a: Squawkabilly|Protect||[still]\n|-fail|p2a: Squawkabilly\n|move|p1a: Iron Crown|Tachyon Cutter|p2a: Squawkabilly\n|-damage|p2a: Squawkabilly|0 fnt\n|faint|p2a: Squawkabilly\n|-hitcount|p2: Squawkabilly|1\n|\n|win|p0x2234ad56", "uploadtime": 1783565023, "views": 0, "rating": 0, "private": 0, "password": null, "_winner": "p0x2234ad56", "_our_name": "p0x2234ad56"}