{"id": "battle-gen9randombattle-1816", "formatid": "gen9randombattle", "format": "[Gen 9] Random Battle", "players": ["p0x1816e93e", "p0y181642f9"], "log": "|init|battle\n|title|p0x1816e93e vs. p0y181642f9\n|j|\u2606p0x1816e93e\n|j|\u2606p0y181642f9\n|t:|1783561024\n|gametype|singles\n|player|p1|p0x1816e93e|2|\n|player|p2|p0y181642f9|266|\n|gen|9\n|tier|[Gen 9] Random Battle\n|rule|Species Clause: Limit one of each Pok\u00e9mon\n|rule|HP Percentage Mod: HP is shown in percentages\n|rule|Sleep Clause Mod: Limit one foe put to sleep\n|rule|Illusion Level Mod: Illusion disguises the Pok\u00e9mon's true level\n|\n|t:|1783561024\n|teamsize|p1|6\n|teamsize|p2|6\n|start\n|switch|p1a: Sandy Shocks|Sandy Shocks, L80|267/267\n|switch|p2a: Palkia|Palkia-Origin, L72|100/100\n|-ability|p2a: Palkia|Pressure\n|turn|1\n|inactive|Battle timer is ON: inactive players will automatically lose when time's up. (requested by p0x1816e93e)\n|inactive|p0y181642f9 also wants the timer to be on.\n|\n|t:|1783561026\n|-end|p1a: Sandy Shocks|Protosynthesis|[silent]\n|switch|p1a: Blastoise|Blastoise, L80, F|258/258\n|move|p2a: Palkia|Hydro Pump|p1a: Blastoise\n|-resisted|p1a: Blastoise\n|-damage|p1a: Blastoise|187/258\n|\n|upkeep\n|turn|2\n|inactive|Time left: 300 sec this turn | 300 sec total\n|\n|t:|1783561027\n|move|p2a: Palkia|Spacial Rend|p1a: Blastoise\n|-damage|p1a: Blastoise|64/258\n|move|p1a: Blastoise|Shell Smash|p1a: Blastoise\n|-unboost|p1a: Blastoise|def|1\n|-unboost|p1a: Blastoise|spd|1\n|-boost|p1a: Blastoise|atk|2\n|-boost|p1a: Blastoise|spa|2\n|-boost|p1a: Blastoise|spe|2\n|-enditem|p1a: Blastoise|White Herb\n|-clearnegativeboost|p1a: Blastoise|[silent]\n|\n|upkeep\n|turn|3\n|inactive|Time left: 300 sec this turn | 300 sec total\n|\n|t:|1783561028\n|move|p1a: Blastoise|Ice Beam|p2a: Palkia\n|-damage|p2a: Palkia|62/100\n|move|p2a: Palkia|Spacial Rend|p1a: Blastoise\n|-crit|p1a: Blastoise\n|-damage|p1a: Blastoise|0 fnt\n|faint|p1a: Blastoise\n|\n|upkeep\n|inactive|Time left: 300 sec this turn | 300 sec total | 5 sec grace\n|\n|t:|1783561029\n|switch|p1a: Wyrdeer|Wyrdeer, L87, F|321/321\n|-ability|p1a: Wyrdeer|Intimidate|boost\n|-unboost|p2a: Palkia|atk|1\n|turn|4\n|inactive|Time left: 300 sec this turn | 300 sec total\n|\n|t:|1783561031\n|move|p2a: Palkia|Hydro Pump|p1a: Wyrdeer|[miss]\n|-miss|p2a: Palkia|p1a: Wyrdeer\n|move|p1a: Wyrdeer|Body Slam|p2a: Palkia\n|-damage|p2a: Palkia|19/100\n|\n|upkeep\n|turn|5\n|inactive|Time left: 300 sec this turn | 300 sec total\n|\n|t:|1783561032\n|switch|p2a: Ninetales|Ninetales-Alola, L78, F|100/100\n|-weather|Snowscape|[from] ability: Snow Warning|[of] p2a: Ninetales\n|move|p1a: Wyrdeer|Psychic Noise|p2a: Ninetales\n|-damage|p2a: Ninetales|62/100\n|-start|p2a: Ninetales|move: Heal Block\n|\n|-weather|Snowscape|[upkeep]\n|upkeep\n|turn|6\n|inactive|Time left: 300 sec this turn | 300 sec total\n|\n|t:|1783561033\n|move|p2a: Ninetales|Aurora Veil|p2a: Ninetales\n|-sidestart|p2: p0y181642f9|move: Aurora Veil\n|move|p1a: Wyrdeer|Earthquake|p2a: Ninetales\n|-damage|p2a: Ninetales|50/100\n|\n|-weather|Snowscape|[upkeep]\n|-end|p2a: Ninetales|move: Heal Block\n|upkeep\n|turn|7\n|inactive|Time left: 300 sec this turn | 300 sec total\n|\n|t:|1783561034\n|move|p2a: Ninetales|Freeze-Dry|p1a: Wyrdeer\n|-damage|p1a: Wyrdeer|281/321\n|move|p1a: Wyrdeer|Psychic Noise|p2a: Ninetales\n|-damage|p2a: Ninetales|33/100\n|-start|p2a: Ninetales|move: Heal Block\n|\n|-weather|Snowscape|[upkeep]\n|upkeep\n|turn|8\n|inactive|Time left: 300 sec this turn | 300 sec total\n|\n|t:|1783561035\n|move|p2a: Ninetales|Moonblast|p1a: Wyrdeer\n|-damage|p1a: Wyrdeer|227/321\n|move|p1a: Wyrdeer|Earthquake|p2a: Ninetales\n|-damage|p2a: Ninetales|21/100\n|\n|-weather|Snowscape|[upkeep]\n|-end|p2a: Ninetales|move: Heal Block\n|upkeep\n|turn|9\n|inactive|Time left: 300 sec this turn | 300 sec total\n|\n|t:|1783561036\n|move|p2a: Ninetales|Freeze-Dry|p1a: Wyrdeer\n|-damage|p1a: Wyrdeer|188/321\n|move|p1a: Wyrdeer|Earthquake|p2a: Ninetales\n|-damage|p2a: Ninetales|8/100\n|\n|-weather|none\n|upkeep\n|turn|10\n|inactive|Time left: 300 sec this turn | 300 sec total\n|\n|t:|1783561037\n|switch|p2a: Flamigo|Flamigo, L82, F|100/100\n|move|p1a: Wyrdeer|Body Slam|p2a: Flamigo\n|-damage|p2a: Flamigo|77/100\n|-status|p2a: Flamigo|par\n|\n|upkeep\n|turn|11\n|inactive|Time left: 300 sec this turn | 300 sec total\n|\n|t:|1783561038\n|switch|p1a: Bronzong|Bronzong, L88|261/261\n|move|p2a: Flamigo|Brave Bird|p1a: Bronzong\n|-resisted|p1a: Bronzong\n|-damage|p1a: Bronzong|210/261\n|-damage|p2a: Flamigo|71/100 par|[from] Recoil\n|\n|upkeep\n|turn|12\n|inactive|Time left: 300 sec this turn | 300 sec total\n|\n|t:|1783561039\n|move|p2a: Flamigo|Brave Bird|p1a: Bronzong\n|-resisted|p1a: Bronzong\n|-damage|p1a: Bronzong|161/261\n|-damage|p2a: Flamigo|65/100 par|[from] Recoil\n|move|p1a: Bronzong|Iron Defense|p1a: Bronzong\n|-boost|p1a: Bronzong|def|2\n|\n|upkeep\n|turn|13\n|inactive|Time left: 300 sec this turn | 300 sec total\n|\n|t:|1783561040\n|move|p2a: Flamigo|Brave Bird|p1a: Bronzong\n|-resisted|p1a: Bronzong\n|-damage|p1a: Bronzong|134/261\n|-damage|p2a: Flamigo|62/100 par|[from] Recoil\n|move|p1a: Bronzong|Body Press|p2a: Flamigo\n|-resisted|p2a: Flamigo\n|-damage|p2a: Flamigo|47/100 par\n|\n|-sideend|p2: p0y181642f9|move: Aurora Veil\n|upkeep\n|turn|14\n|inactive|Time left: 300 sec this turn | 300 sec total\n|\n|t:|1783561042\n|cant|p2a: Flamigo|par\n|move|p1a: Bronzong|Body Press|p2a: Flamigo\n|-resisted|p2a: Flamigo\n|-damage|p2a: Flamigo|18/100 par\n|\n|upkeep\n|turn|15\n|inactive|Time left: 300 sec this turn | 300 sec total\n|\n|t:|1783561043\n|move|p2a: Flamigo|Brave Bird|p1a: Bronzong\n|-resisted|p1a: Bronzong\n|-damage|p1a: Bronzong|106/261\n|-damage|p2a: Flamigo|14/100 par|[from] Recoil\n|move|p1a: Bronzong|Body Press|p2a: Flamigo\n|-resisted|p2a: Flamigo\n|-damage|p2a: Flamigo|0 fnt\n|faint|p2a: Flamigo\n|\n|upkeep\n|\n|t:|1783561044\n|switch|p2a: Ninetales|Ninetales-Alola, L78, F|8/100\n|-weather|Snowscape|[from] ability: Snow Warning|[of] p2a: Ninetales\n|turn|16\n|inactive|Time left: 300 sec this turn | 300 sec total\n|\n|t:|1783561045\n|move|p2a: Ninetales|Aurora Veil|p2a: Ninetales\n|-sidestart|p2: p0y181642f9|move: Aurora Veil\n|move|p1a: Bronzong|Rest|p1a: Bronzong\n|-status|p1a: Bronzong|slp|[from] move: Rest\n|-heal|p1a: Bronzong|261/261 slp|[silent]\n|-enditem|p1a: Bronzong|Chesto Berry|[eat]\n|-curestatus|p1a: Bronzong|slp|[msg]\n|\n|-weather|Snowscape|[upkeep]\n|upkeep\n|turn|17\n|inactive|Time left: 300 sec this turn | 300 sec total\n|\n|t:|1783561046\n|move|p2a: Ninetales|Freeze-Dry|p1a: Bronzong\n|-resisted|p1a: Bronzong\n|-damage|p1a: Bronzong|240/261\n|move|p1a: Bronzong|Body Press|p2a: Ninetales\n|-damage|p2a: Ninetales|0 fnt\n|faint|p2a: Ninetales\n|\n|-weather|Snowscape|[upkeep]\n|upkeep\n|\n|t:|1783561047\n|switch|p2a: Espeon|Espeon, L84, M|100/100\n|turn|18\n|inactive|Time left: 300 sec this turn | 300 sec total\n|\n|t:|1783561047\n|switch|p1a: Wyrdeer|Wyrdeer, L87, F|188/321\n|-ability|p1a: Wyrdeer|Intimidate|boost\n|-unboost|p2a: Espeon|atk|1\n|move|p2a: Espeon|Calm Mind|p2a: Espeon\n|-boost|p2a: Espeon|spa|1\n|-boost|p2a: Espeon|spd|1\n|\n|-weather|Snowscape|[upkeep]\n|upkeep\n|turn|19\n|inactive|Time left: 300 sec this turn | 300 sec total\n|\n|t:|1783561048\n|move|p2a: Espeon|Psyshock|p1a: Wyrdeer\n|-resisted|p1a: Wyrdeer\n|-damage|p1a: Wyrdeer|67/321\n|-damage|p2a: Espeon|91/100|[from] item: Life Orb\n|move|p1a: Wyrdeer|Body Slam|p2a: Espeon\n|-damage|p2a: Espeon|64/100\n|\n|-weather|Snowscape|[upkeep]\n|upkeep\n|turn|20\n|inactive|Time left: 300 sec this turn | 300 sec total\n|\n|t:|1783561049\n|switch|p1a: Meganium|Meganium, L90, F|290/290\n|move|p2a: Espeon|Psyshock|p1a: Meganium\n|-damage|p1a: Meganium|129/290\n|-damage|p2a: Espeon|55/100|[from] item: Life Orb\n|\n|-weather|none\n|-heal|p1a: Meganium|147/290|[from] item: Leftovers\n|upkeep\n|turn|21\n|inactive|Time left: 300 sec this turn | 300 sec total\n|\n|t:|1783561050\n|switch|p1a: Bronzong|Bronzong, L88|240/261\n|move|p2a: Espeon|Psyshock|p1a: Bronzong\n|-resisted|p1a: Bronzong\n|-damage|p1a: Bronzong|200/261\n|-damage|p2a: Espeon|45/100|[from] item: Life Orb\n|\n|upkeep\n|turn|22\n|inactive|Time left: 300 sec this turn | 300 sec total\n|\n|t:|1783561051\n|switch|p1a: Wyrdeer|Wyrdeer, L87, F|67/321\n|-ability|p1a: Wyrdeer|Intimidate|boost\n|-unboost|p2a: Espeon|atk|1\n|move|p2a: Espeon|Shadow Ball|p1a: Wyrdeer\n|-immune|p1a: Wyrdeer\n|\n|upkeep\n|turn|23\n|inactive|Time left: 300 sec this turn | 300 sec total\n|\n|t:|1783561052\n|switch|p1a: Bronzong|Bronzong, L88|200/261\n|move|p2a: Espeon|Alluring Voice|p1a: Bronzong\n|-resisted|p1a: Bronzong\n|-damage|p1a: Bronzong|147/261\n|-damage|p2a: Espeon|35/100|[from] item: Life Orb\n|\n|-sideend|p2: p0y181642f9|move: Aurora Veil\n|upkeep\n|turn|24\n|inactive|Time left: 300 sec this turn | 300 sec total\n|\n|t:|1783561053\n|switch|p1a: Wyrdeer|Wyrdeer, L87, F|67/321\n|-ability|p1a: Wyrdeer|Intimidate|boost\n|-unboost|p2a: Espeon|atk|1\n|move|p2a: Espeon|Shadow Ball|p1a: Wyrdeer\n|-immune|p1a: Wyrdeer\n|\n|upkeep\n|turn|25\n|inactive|Time left: 300 sec this turn | 300 sec total\n|\n|t:|1783561054\n|switch|p1a: Bronzong|Bronzong, L88|147/261\n|move|p2a: Espeon|Psyshock|p1a: Bronzong\n|-resisted|p1a: Bronzong\n|-damage|p1a: Bronzong|109/261\n|-damage|p2a: Espeon|25/100|[from] item: Life Orb\n|\n|upkeep\n|turn|26\n|inactive|Time left: 300 sec this turn | 300 sec total\n|\n|t:|1783561055\n|switch|p1a: Wyrdeer|Wyrdeer, L87, F|67/321\n|-ability|p1a: Wyrdeer|Intimidate|boost\n|-unboost|p2a: Espeon|atk|1\n|move|p2a: Espeon|Shadow Ball|p1a: Wyrdeer\n|-immune|p1a: Wyrdeer\n|\n|upkeep\n|turn|27\n|inactive|Time left: 300 sec this turn | 300 sec total\n|\n|t:|1783561056\n|switch|p1a: Bronzong|Bronzong, L88|109/261\n|move|p2a: Espeon|Psyshock|p1a: Bronzong\n|-resisted|p1a: Bronzong\n|-damage|p1a: Bronzong|67/261\n|-damage|p2a: Espeon|16/100|[from] item: Life Orb\n|\n|upkeep\n|turn|28\n|inactive|Time left: 300 sec this turn | 300 sec total\n|\n|t:|1783561057\n|move|p2a: Espeon|Shadow Ball|p1a: Bronzong\n|-supereffective|p1a: Bronzong\n|-damage|p1a: Bronzong|0 fnt\n|faint|p1a: Bronzong\n|-damage|p2a: Espeon|6/100|[from] item: Life Orb\n|\n|upkeep\n|inactive|Time left: 300 sec this turn | 300 sec total | 5 sec grace\n|\n|t:|1783561058\n|switch|p1a: Wyrdeer|Wyrdeer, L87, F|67/321\n|-ability|p1a: Wyrdeer|Intimidate|boost\n|-unboost|p2a: Espeon|atk|1\n|turn|29\n|inactive|Time left: 300 sec this turn | 300 sec total\n|\n|t:|1783561059\n|move|p2a: Espeon|Psyshock|p1a: Wyrdeer\n|-resisted|p1a: Wyrdeer\n|-crit|p1a: Wyrdeer\n|-damage|p1a: Wyrdeer|0 fnt\n|faint|p1a: Wyrdeer\n|-damage|p2a: Espeon|0 fnt|[from] item: Life Orb\n|faint|p2a: Espeon\n|\n|upkeep\n|inactive|Time left: 300 sec this turn | 300 sec total | 5 sec grace\n|\n|t:|1783561060\n|switch|p2a: Palkia|Palkia-Origin, L72|19/100\n|switch|p1a: Meganium|Meganium, L90, F|147/290\n|-ability|p2a: Palkia|Pressure\n|turn|30\n|inactive|Time left: 300 sec this turn | 300 sec total\n|\n|t:|1783561061\n|move|p2a: Palkia|Spacial Rend|p1a: Meganium\n|-damage|p1a: Meganium|33/290\n|move|p1a: Meganium|Synthesis|p1a: Meganium\n|-heal|p1a: Meganium|178/290\n|\n|-heal|p1a: Meganium|196/290|[from] item: Leftovers\n|upkeep\n|turn|31\n|inactive|Time left: 300 sec this turn | 300 sec total\n|\n|t:|1783561062\n|move|p2a: Palkia|Fire Blast|p1a: Meganium\n|-supereffective|p1a: Meganium\n|-damage|p1a: Meganium|54/290\n|move|p1a: Meganium|Energy Ball|p2a: Palkia\n|-damage|p2a: Palkia|0 fnt\n|faint|p2a: Palkia\n|\n|-heal|p1a: Meganium|72/290|[from] item: Leftovers\n|upkeep\n|\n|t:|1783561063\n|switch|p2a: Gothitelle|Gothitelle, L90, M|100/100\n|turn|32\n|inactive|Time left: 300 sec this turn | 300 sec total\n|\n|t:|1783561064\n|move|p2a: Gothitelle|Psychic|p1a: Meganium\n|-damage|p1a: Meganium|0 fnt\n|faint|p1a: Meganium\n|\n|upkeep\n|inactive|Time left: 300 sec this turn | 300 sec total | 5 sec grace\n|\n|t:|1783561065\n|switch|p1a: Krookodile|Krookodile, L79, M|280/280\n|-ability|p1a: Krookodile|Intimidate|boost\n|-unboost|p2a: Gothitelle|atk|1\n|turn|33\n|inactive|Time left: 300 sec this turn | 300 sec total\n|\n|t:|1783561066\n|move|p2a: Gothitelle|Psychic|p1a: Krookodile\n|-immune|p1a: Krookodile\n|move|p1a: Krookodile|Knock Off|p2a: Gothitelle\n|-supereffective|p2a: Gothitelle\n|-damage|p2a: Gothitelle|3/100\n|-enditem|p2a: Gothitelle|Choice Scarf|[from] move: Knock Off|[of] p1a: Krookodile\n|-damage|p1a: Krookodile|252/280|[from] item: Life Orb\n|\n|upkeep\n|turn|34\n|inactive|Time left: 300 sec this turn | 300 sec total\n|\n|t:|1783561067\n|move|p1a: Krookodile|Earthquake|p2a: Gothitelle\n|-damage|p2a: Gothitelle|0 fnt\n|faint|p2a: Gothitelle\n|-damage|p1a: Krookodile|224/280|[from] item: Life Orb\n|\n|upkeep\n|\n|t:|1783561068\n|switch|p2a: Empoleon|Empoleon, L84, M|100/100\n|turn|35\n|inactive|Time left: 300 sec this turn | 300 sec total\n|\n|t:|1783561069\n|-terastallize|p1a: Krookodile|Poison\n|-terastallize|p2a: Empoleon|Flying\n|move|p1a: Krookodile|Earthquake|p2a: Empoleon\n|-immune|p2a: Empoleon\n|move|p2a: Empoleon|Roost||[still]\n|-fail|p2a: Empoleon|heal\n|\n|upkeep\n|turn|36\n|inactive|Time left: 300 sec this turn | 300 sec total\n|\n|t:|1783561070\n|move|p1a: Krookodile|Gunk Shot|p2a: Empoleon\n|-damage|p2a: Empoleon|37/100\n|-damage|p1a: Krookodile|196/280|[from] item: Life Orb\n|move|p2a: Empoleon|Roost|p2a: Empoleon\n|-heal|p2a: Empoleon|87/100\n|-hint|If a Terastallized Pokemon uses Roost, it remains Flying-type.\n|\n|-heal|p2a: Empoleon|93/100|[from] item: Leftovers\n|upkeep\n|turn|37\n|inactive|Time left: 300 sec this turn | 300 sec total\n|\n|t:|1783561071\n|move|p1a: Krookodile|Gunk Shot|p2a: Empoleon\n|-damage|p2a: Empoleon|35/100\n|-damage|p1a: Krookodile|168/280|[from] item: Life Orb\n|move|p2a: Empoleon|Roost|p2a: Empoleon\n|-heal|p2a: Empoleon|85/100\n|-hint|If a Terastallized Pokemon uses Roost, it remains Flying-type.\n|\n|-heal|p2a: Empoleon|91/100|[from] item: Leftovers\n|upkeep\n|turn|38\n|inactive|Time left: 300 sec this turn | 300 sec total\n|\n|t:|1783561073\n|move|p1a: Krookodile|Gunk Shot|p2a: Empoleon\n|-damage|p2a: Empoleon|30/100\n|-status|p2a: Empoleon|psn\n|-damage|p1a: Krookodile|140/280|[from] item: Life Orb\n|move|p2a: Empoleon|Roost|p2a: Empoleon\n|-heal|p2a: Empoleon|80/100 psn\n|-hint|If a Terastallized Pokemon uses Roost, it remains Flying-type.\n|\n|-heal|p2a: Empoleon|86/100 psn|[from] item: Leftovers\n|-damage|p2a: Empoleon|74/100 psn|[from] psn\n|upkeep\n|turn|39\n|inactive|Time left: 300 sec this turn | 300 sec total\n|\n|t:|1783561074\n|move|p1a: Krookodile|Knock Off|p2a: Empoleon\n|-damage|p2a: Empoleon|28/100 psn\n|-enditem|p2a: Empoleon|Leftovers|[from] move: Knock Off|[of] p1a: Krookodile\n|-damage|p1a: Krookodile|112/280|[from] item: Life Orb\n|move|p2a: Empoleon|Roost|p2a: Empoleon\n|-heal|p2a: Empoleon|78/100 psn\n|-hint|If a Terastallized Pokemon uses Roost, it remains Flying-type.\n|\n|-damage|p2a: Empoleon|66/100 psn|[from] psn\n|upkeep\n|turn|40\n|inactive|Time left: 300 sec this turn | 300 sec total\n|\n|t:|1783561075\n|move|p1a: Krookodile|Gunk Shot|p2a: Empoleon\n|-damage|p2a: Empoleon|0 fnt\n|faint|p2a: Empoleon\n|-damage|p1a: Krookodile|84/280|[from] item: Life Orb\n|\n|win|p0x1816e93e", "uploadtime": 1783561075, "views": 0, "rating": 0, "private": 0, "password": null, "_winner": "p0x1816e93e", "_our_name": "p0x1816e93e"}