{"id": "battle-gen9randombattle-608", "formatid": "gen9randombattle", "format": "[Gen 9] Random Battle", "players": ["p0x60815c6", "p0y608ecf4"], "log": "|init|battle\n|title|p0x60815c6 vs. p0y608ecf4\n|j|\u2606p0x60815c6\n|j|\u2606p0y608ecf4\n|t:|1783546143\n|gametype|singles\n|player|p1|p0x60815c6|170|\n|player|p2|p0y608ecf4|102|\n|gen|9\n|tier|[Gen 9] Random Battle\n|rule|Species Clause: Limit one of each Pok\u00e9mon\n|rule|HP Percentage Mod: HP is shown in percentages\n|rule|Sleep Clause Mod: Limit one foe put to sleep\n|rule|Illusion Level Mod: Illusion disguises the Pok\u00e9mon's true level\n|\n|t:|1783546143\n|teamsize|p1|6\n|teamsize|p2|6\n|start\n|switch|p1a: Coalossal|Coalossal, L89, M|341/341\n|switch|p2a: Dedenne|Dedenne, L88, F|100/100\n|turn|1\n|inactive|Battle timer is ON: inactive players will automatically lose when time's up. (requested by p0x60815c6)\n|inactive|p0y608ecf4 also wants the timer to be on.\n|\n|t:|1783546145\n|move|p2a: Dedenne|Super Fang|p1a: Coalossal\n|-damage|p1a: Coalossal|171/341\n|-status|p2a: Dedenne|brn|[from] ability: Flame Body|[of] p1a: Coalossal\n|move|p1a: Coalossal|Stone Edge|p2a: Dedenne\n|-damage|p2a: Dedenne|46/100 brn\n|-enditem|p2a: Dedenne|Sitrus Berry|[eat]\n|-heal|p2a: Dedenne|71/100 brn|[from] item: Sitrus Berry\n|-heal|p2a: Dedenne|100/100 brn|[from] ability: Cheek Pouch\n|\n|-damage|p2a: Dedenne|94/100 brn|[from] brn\n|upkeep\n|turn|2\n|inactive|Time left: 300 sec this turn | 300 sec total\n|\n|t:|1783546146\n|move|p2a: Dedenne|Thunderbolt|p1a: Coalossal\n|-damage|p1a: Coalossal|84/341\n|move|p1a: Coalossal|Rapid Spin|p2a: Dedenne\n|-damage|p2a: Dedenne|77/100 brn\n|-boost|p1a: Coalossal|spe|1\n|\n|-damage|p2a: Dedenne|71/100 brn|[from] brn\n|upkeep\n|turn|3\n|inactive|Time left: 300 sec this turn | 300 sec total\n|\n|t:|1783546148\n|move|p2a: Dedenne|Thunderbolt|p1a: Coalossal\n|-damage|p1a: Coalossal|0 fnt\n|faint|p1a: Coalossal\n|\n|-damage|p2a: Dedenne|64/100 brn|[from] brn\n|upkeep\n|inactive|Time left: 300 sec this turn | 300 sec total | 5 sec grace\n|\n|t:|1783546149\n|switch|p1a: Kleavor|Kleavor, L78, F|237/237\n|turn|4\n|inactive|Time left: 300 sec this turn | 300 sec total\n|\n|t:|1783546150\n|move|p2a: Dedenne|Dazzling Gleam|p1a: Kleavor\n|-damage|p1a: Kleavor|135/237\n|move|p1a: Kleavor|Stone Axe|p2a: Dedenne|[miss]\n|-miss|p1a: Kleavor|p2a: Dedenne\n|\n|-damage|p2a: Dedenne|58/100 brn|[from] brn\n|upkeep\n|turn|5\n|inactive|Time left: 300 sec this turn | 300 sec total\n|\n|t:|1783546151\n|move|p2a: Dedenne|Thunderbolt|p1a: Kleavor\n|-damage|p1a: Kleavor|21/237\n|move|p1a: Kleavor|Stone Axe|p2a: Dedenne\n|-damage|p2a: Dedenne|4/100 brn\n|-sidestart|p2: p0y608ecf4|move: Stealth Rock\n|\n|-damage|p2a: Dedenne|0 fnt|[from] brn\n|faint|p2a: Dedenne\n|upkeep\n|\n|t:|1783546152\n|switch|p2a: Diancie|Diancie, L82|100/100\n|-damage|p2a: Diancie|88/100|[from] Stealth Rock\n|turn|6\n|inactive|Time left: 300 sec this turn | 300 sec total\n|\n|t:|1783546153\n|move|p1a: Kleavor|X-Scissor|p2a: Diancie\n|-resisted|p2a: Diancie\n|-damage|p2a: Diancie|67/100\n|move|p2a: Diancie|Diamond Storm|p1a: Kleavor\n|-supereffective|p1a: Kleavor\n|-crit|p1a: Kleavor\n|-damage|p1a: Kleavor|0 fnt\n|faint|p1a: Kleavor\n|\n|-heal|p2a: Diancie|73/100|[from] item: Leftovers\n|upkeep\n|inactive|Time left: 300 sec this turn | 300 sec total | 5 sec grace\n|\n|t:|1783546154\n|switch|p1a: Piloswine|Piloswine, L85, F|309/309\n|turn|7\n|inactive|Time left: 300 sec this turn | 300 sec total\n|\n|t:|1783546155\n|move|p1a: Piloswine|Earthquake|p2a: Diancie\n|-supereffective|p2a: Diancie\n|-damage|p2a: Diancie|4/100\n|move|p2a: Diancie|Draining Kiss|p1a: Piloswine\n|-damage|p1a: Piloswine|264/309\n|-heal|p2a: Diancie|19/100|[from] drain|[of] p1a: Piloswine\n|\n|-heal|p2a: Diancie|25/100|[from] item: Leftovers\n|upkeep\n|turn|8\n|inactive|Time left: 300 sec this turn | 300 sec total\n|\n|t:|1783546157\n|switch|p2a: Chesnaught|Chesnaught, L84, M|100/100\n|-damage|p2a: Chesnaught|95/100|[from] Stealth Rock\n|move|p1a: Piloswine|Icicle Crash|p2a: Chesnaught|[miss]\n|-miss|p1a: Piloswine|p2a: Chesnaught\n|\n|-heal|p2a: Chesnaught|100/100|[from] item: Leftovers\n|upkeep\n|turn|9\n|inactive|Time left: 300 sec this turn | 300 sec total\n|\n|t:|1783546158\n|move|p2a: Chesnaught|Body Press|p1a: Piloswine\n|-supereffective|p1a: Piloswine\n|-damage|p1a: Piloswine|112/309\n|move|p1a: Piloswine|Icicle Crash|p2a: Chesnaught\n|-supereffective|p2a: Chesnaught\n|-damage|p2a: Chesnaught|47/100\n|\n|-heal|p2a: Chesnaught|53/100|[from] item: Leftovers\n|upkeep\n|turn|10\n|inactive|Time left: 300 sec this turn | 300 sec total\n|\n|t:|1783546159\n|switch|p1a: Tornadus|Tornadus-Therian, L79, M|254/254\n|move|p2a: Chesnaught|Body Press|p1a: Tornadus\n|-resisted|p1a: Tornadus\n|-damage|p1a: Tornadus|200/254\n|\n|-heal|p2a: Chesnaught|59/100|[from] item: Leftovers\n|upkeep\n|turn|11\n|inactive|Time left: 300 sec this turn | 300 sec total\n|\n|t:|1783546160\n|move|p1a: Tornadus|Nasty Plot|p1a: Tornadus\n|-boost|p1a: Tornadus|spa|2\n|move|p2a: Chesnaught|Body Press|p1a: Tornadus\n|-resisted|p1a: Tornadus\n|-damage|p1a: Tornadus|146/254\n|\n|-heal|p2a: Chesnaught|65/100|[from] item: Leftovers\n|upkeep\n|turn|12\n|inactive|Time left: 300 sec this turn | 300 sec total\n|\n|t:|1783546161\n|switch|p2a: Iron Thorns|Iron Thorns, L83|100/100\n|-damage|p2a: Iron Thorns|88/100|[from] Stealth Rock\n|-enditem|p2a: Iron Thorns|Booster Energy\n|-activate|p2a: Iron Thorns|ability: Quark Drive|[fromitem]\n|-start|p2a: Iron Thorns|quarkdriveatk\n|move|p1a: Tornadus|Bleakwind Storm|p2a: Iron Thorns\n|-resisted|p2a: Iron Thorns\n|-damage|p2a: Iron Thorns|69/100\n|\n|upkeep\n|turn|13\n|inactive|Time left: 300 sec this turn | 300 sec total\n|\n|t:|1783546163\n|move|p1a: Tornadus|Focus Blast|p2a: Iron Thorns\n|-supereffective|p2a: Iron Thorns\n|-damage|p2a: Iron Thorns|0 fnt\n|faint|p2a: Iron Thorns\n|-end|p2a: Iron Thorns|Quark Drive|[silent]\n|\n|upkeep\n|\n|t:|1783546164\n|switch|p2a: Golurk|Golurk, L87|100/100\n|-damage|p2a: Golurk|94/100|[from] Stealth Rock\n|turn|14\n|inactive|Time left: 300 sec this turn | 300 sec total\n|\n|t:|1783546164\n|-terastallize|p1a: Tornadus|Flying\n|move|p1a: Tornadus|Bleakwind Storm|p2a: Golurk\n|-damage|p2a: Golurk|6/100\n|move|p2a: Golurk|Poltergeist|p1a: Tornadus\n|-activate|p1a: Tornadus|move: Poltergeist|Heavy-Duty Boots\n|-damage|p1a: Tornadus|0 fnt\n|faint|p1a: Tornadus\n|-damage|p2a: Golurk|0 fnt|[from] item: Life Orb\n|faint|p2a: Golurk\n|\n|upkeep\n|inactive|Time left: 300 sec this turn | 300 sec total | 5 sec grace\n|\n|t:|1783546165\n|switch|p1a: Skuntank|Skuntank, L84, F|310/310\n|switch|p2a: Greedent|Greedent, L86, M|100/100\n|-damage|p2a: Greedent|88/100|[from] Stealth Rock\n|turn|15\n|inactive|Time left: 300 sec this turn | 300 sec total\n|\n|t:|1783546166\n|move|p1a: Skuntank|Knock Off|p2a: Greedent\n|-damage|p2a: Greedent|53/100\n|-enditem|p2a: Greedent|Sitrus Berry|[from] move: Knock Off|[of] p1a: Skuntank\n|-damage|p1a: Skuntank|279/310|[from] item: Life Orb\n|move|p2a: Greedent|Earthquake|p1a: Skuntank\n|-supereffective|p1a: Skuntank\n|-damage|p1a: Skuntank|109/310\n|\n|upkeep\n|turn|16\n|inactive|Time left: 300 sec this turn | 300 sec total\n|\n|t:|1783546167\n|move|p1a: Skuntank|Gunk Shot|p2a: Greedent\n|-damage|p2a: Greedent|13/100\n|-damage|p1a: Skuntank|78/310|[from] item: Life Orb\n|move|p2a: Greedent|Earthquake|p1a: Skuntank\n|-supereffective|p1a: Skuntank\n|-damage|p1a: Skuntank|0 fnt\n|faint|p1a: Skuntank\n|\n|upkeep\n|inactive|Time left: 300 sec this turn | 300 sec total | 5 sec grace\n|\n|t:|1783546168\n|switch|p1a: Sableye|Sableye, L88, F|231/231\n|turn|17\n|inactive|Time left: 300 sec this turn | 300 sec total\n|\n|t:|1783546169\n|move|p1a: Sableye|Knock Off|p2a: Greedent\n|-damage|p2a: Greedent|0 fnt\n|faint|p2a: Greedent\n|\n|upkeep\n|\n|t:|1783546170\n|switch|p2a: Chesnaught|Chesnaught, L84, M|65/100\n|-damage|p2a: Chesnaught|59/100|[from] Stealth Rock\n|turn|18\n|inactive|Time left: 300 sec this turn | 300 sec total\n|\n|t:|1783546171\n|move|p1a: Sableye|Thunder Wave|p2a: Chesnaught\n|-status|p2a: Chesnaught|par\n|move|p2a: Chesnaught|Trailblaze|p1a: Sableye\n|-damage|p1a: Sableye|174/231\n|-boost|p2a: Chesnaught|spe|1\n|\n|-heal|p1a: Sableye|188/231|[from] item: Leftovers\n|-heal|p2a: Chesnaught|65/100 par|[from] item: Leftovers\n|upkeep\n|turn|19\n|inactive|Time left: 300 sec this turn | 300 sec total\n|\n|t:|1783546172\n|move|p1a: Sableye|Knock Off|p2a: Chesnaught\n|-resisted|p2a: Chesnaught\n|-damage|p2a: Chesnaught|52/100 par\n|-enditem|p2a: Chesnaught|Leftovers|[from] move: Knock Off|[of] p1a: Sableye\n|cant|p2a: Chesnaught|par\n|\n|-heal|p1a: Sableye|202/231|[from] item: Leftovers\n|upkeep\n|turn|20\n|inactive|Time left: 300 sec this turn | 300 sec total\n|\n|t:|1783546173\n|move|p1a: Sableye|Knock Off|p2a: Chesnaught\n|-resisted|p2a: Chesnaught\n|-damage|p2a: Chesnaught|44/100 par\n|move|p2a: Chesnaught|Trailblaze|p1a: Sableye\n|-damage|p1a: Sableye|135/231\n|-boost|p2a: Chesnaught|spe|1\n|\n|-heal|p1a: Sableye|149/231|[from] item: Leftovers\n|upkeep\n|turn|21\n|inactive|Time left: 300 sec this turn | 300 sec total\n|\n|t:|1783546174\n|move|p1a: Sableye|Recover|p1a: Sableye\n|-heal|p1a: Sableye|231/231\n|move|p2a: Chesnaught|Synthesis|p2a: Chesnaught\n|-heal|p2a: Chesnaught|94/100 par\n|\n|upkeep\n|turn|22\n|inactive|Time left: 300 sec this turn | 300 sec total\n|\n|t:|1783546175\n|move|p1a: Sableye|Encore|p2a: Chesnaught\n|-start|p2a: Chesnaught|Encore\n|cant|p2a: Chesnaught|par\n|\n|upkeep\n|turn|23\n|inactive|Time left: 300 sec this turn | 300 sec total\n|\n|t:|1783546176\n|switch|p1a: Piloswine|Piloswine, L85, F|112/309\n|move|p2a: Chesnaught|Synthesis|p2a: Chesnaught\n|-heal|p2a: Chesnaught|100/100 par\n|\n|upkeep\n|turn|24\n|inactive|Time left: 300 sec this turn | 300 sec total\n|\n|t:|1783546177\n|move|p2a: Chesnaught|Synthesis|p2a: Chesnaught\n|-fail|p2a: Chesnaught|heal\n|move|p1a: Piloswine|Icicle Crash|p2a: Chesnaught\n|-supereffective|p2a: Chesnaught\n|-damage|p2a: Chesnaught|52/100 par\n|\n|-end|p2a: Chesnaught|Encore\n|upkeep\n|turn|25\n|inactive|Time left: 300 sec this turn | 300 sec total\n|\n|t:|1783546178\n|move|p2a: Chesnaught|Body Press|p1a: Piloswine\n|-supereffective|p1a: Piloswine\n|-damage|p1a: Piloswine|0 fnt\n|faint|p1a: Piloswine\n|\n|upkeep\n|inactive|Time left: 300 sec this turn | 300 sec total | 5 sec grace\n|\n|t:|1783546179\n|switch|p1a: Sableye|Sableye, L88, F|231/231\n|turn|26\n|inactive|Time left: 300 sec this turn | 300 sec total\n|\n|t:|1783546180\n|move|p1a: Sableye|Encore|p2a: Chesnaught\n|-start|p2a: Chesnaught|Encore\n|cant|p2a: Chesnaught|par\n|\n|upkeep\n|turn|27\n|inactive|Time left: 300 sec this turn | 300 sec total\n|\n|t:|1783546181\n|cant|p2a: Chesnaught|par\n|move|p1a: Sableye|Knock Off|p2a: Chesnaught\n|-resisted|p2a: Chesnaught\n|-damage|p2a: Chesnaught|43/100 par\n|\n|upkeep\n|turn|28\n|inactive|Time left: 300 sec this turn | 300 sec total\n|\n|t:|1783546182\n|move|p2a: Chesnaught|Body Press|p1a: Sableye\n|-immune|p1a: Sableye\n|move|p1a: Sableye|Knock Off|p2a: Chesnaught\n|-resisted|p2a: Chesnaught\n|-damage|p2a: Chesnaught|34/100 par\n|\n|-end|p2a: Chesnaught|Encore\n|upkeep\n|turn|29\n|inactive|Time left: 300 sec this turn | 300 sec total\n|\n|t:|1783546183\n|move|p1a: Sableye|Encore|p2a: Chesnaught\n|-start|p2a: Chesnaught|Encore\n|cant|p2a: Chesnaught|par\n|\n|upkeep\n|turn|30\n|inactive|Time left: 300 sec this turn | 300 sec total\n|\n|t:|1783546184\n|cant|p2a: Chesnaught|par\n|move|p1a: Sableye|Knock Off|p2a: Chesnaught\n|-resisted|p2a: Chesnaught\n|-damage|p2a: Chesnaught|26/100 par\n|\n|upkeep\n|turn|31\n|inactive|Time left: 300 sec this turn | 300 sec total\n|\n|t:|1783546185\n|switch|p2a: Diancie|Diancie, L82|25/100\n|-damage|p2a: Diancie|13/100|[from] Stealth Rock\n|move|p1a: Sableye|Knock Off|p2a: Diancie\n|-resisted|p2a: Diancie\n|-damage|p2a: Diancie|0 fnt\n|-enditem|p2a: Diancie|Leftovers|[from] move: Knock Off|[of] p1a: Sableye\n|faint|p2a: Diancie\n|\n|upkeep\n|\n|t:|1783546186\n|switch|p2a: Chesnaught|Chesnaught, L84, M|26/100 par\n|-damage|p2a: Chesnaught|20/100 par|[from] Stealth Rock\n|turn|32\n|inactive|Time left: 300 sec this turn | 300 sec total\n|\n|t:|1783546187\n|move|p1a: Sableye|Knock Off|p2a: Chesnaught\n|-resisted|p2a: Chesnaught\n|-damage|p2a: Chesnaught|11/100 par\n|cant|p2a: Chesnaught|par\n|\n|upkeep\n|turn|33\n|inactive|Time left: 300 sec this turn | 300 sec total\n|\n|t:|1783546188\n|move|p1a: Sableye|Knock Off|p2a: Chesnaught\n|-resisted|p2a: Chesnaught\n|-damage|p2a: Chesnaught|3/100 par\n|cant|p2a: Chesnaught|par\n|\n|upkeep\n|turn|34\n|inactive|Time left: 300 sec this turn | 300 sec total\n|\n|t:|1783546189\n|move|p1a: Sableye|Knock Off|p2a: Chesnaught\n|-resisted|p2a: Chesnaught\n|-damage|p2a: Chesnaught|0 fnt\n|faint|p2a: Chesnaught\n|\n|win|p0x60815c6", "uploadtime": 1783546189, "views": 0, "rating": 0, "private": 0, "password": null, "_winner": "p0x60815c6", "_our_name": "p0x60815c6"}