{"id": "battle-gen9randombattle-93", "formatid": "gen9randombattle", "format": "[Gen 9] Random Battle", "players": ["p0x0937ea3", "p0y093dd46"], "log": "|init|battle\n|title|p0x0937ea3 vs. p0y093dd46\n|j|\u2606p0x0937ea3\n|j|\u2606p0y093dd46\n|t:|1783540547\n|gametype|singles\n|player|p1|p0x0937ea3|2|\n|player|p2|p0y093dd46|101|\n|gen|9\n|tier|[Gen 9] Random Battle\n|rule|Species Clause: Limit one of each Pok\u00e9mon\n|rule|HP Percentage Mod: HP is shown in percentages\n|rule|Sleep Clause Mod: Limit one foe put to sleep\n|rule|Illusion Level Mod: Illusion disguises the Pok\u00e9mon's true level\n|\n|t:|1783540547\n|teamsize|p1|6\n|teamsize|p2|6\n|start\n|switch|p1a: Swanna|Swanna, L89, F|100/100\n|switch|p2a: Chansey|Chansey, L85, F|564/564\n|turn|1\n|inactive|Battle timer is ON: inactive players will automatically lose when time's up. (requested by p0x0937ea3)\n|inactive|Time left: 300 sec this turn | 300 sec total | 60 sec grace\n|inactive|p0y093dd46 also wants the timer to be on.\n|\n|t:|1783540549\n|switch|p1a: Glastrier|Glastrier, L86|100/100\n|move|p2a: Chansey|Seismic Toss|p1a: Glastrier\n|-damage|p1a: Glastrier|73/100\n|\n|upkeep\n|turn|2\n|inactive|Time left: 300 sec this turn | 300 sec total\n|\n|t:|1783540550\n|switch|p2a: Ceruledge|Ceruledge, L78, M|245/245\n|move|p1a: Glastrier|Icicle Crash|p2a: Ceruledge\n|-resisted|p2a: Ceruledge\n|-damage|p2a: Ceruledge|125/245\n|-ability|p2a: Ceruledge|Weak Armor|boost\n|-unboost|p2a: Ceruledge|def|1\n|-boost|p2a: Ceruledge|spe|2\n|\n|upkeep\n|turn|3\n|inactive|Time left: 300 sec this turn | 300 sec total\n|\n|t:|1783540551\n|move|p2a: Ceruledge|Bitter Blade|p1a: Glastrier\n|-supereffective|p1a: Glastrier\n|-damage|p1a: Glastrier|26/100\n|-heal|p2a: Ceruledge|198/245|[from] drain|[of] p1a: Glastrier\n|move|p1a: Glastrier|Icicle Crash|p2a: Ceruledge\n|-resisted|p2a: Ceruledge\n|-damage|p2a: Ceruledge|42/245\n|-ability|p2a: Ceruledge|Weak Armor|boost\n|-unboost|p2a: Ceruledge|def|1\n|-boost|p2a: Ceruledge|spe|2\n|\n|upkeep\n|turn|4\n|inactive|Time left: 300 sec this turn | 300 sec total\n|\n|t:|1783540552\n|switch|p1a: Tauros|Tauros-Paldea-Combat, L82, M|100/100\n|-ability|p1a: Tauros|Intimidate|boost\n|-unboost|p2a: Ceruledge|atk|1\n|move|p2a: Ceruledge|Poltergeist|p1a: Tauros\n|-activate|p1a: Tauros|move: Poltergeist|Choice Band\n|-damage|p1a: Tauros|71/100\n|\n|upkeep\n|turn|5\n|inactive|Time left: 300 sec this turn | 300 sec total\n|\n|t:|1783540553\n|move|p2a: Ceruledge|Bitter Blade|p1a: Tauros\n|-damage|p1a: Tauros|49/100\n|-heal|p2a: Ceruledge|71/245|[from] drain|[of] p1a: Tauros\n|move|p1a: Tauros|Throat Chop|p2a: Ceruledge\n|-supereffective|p2a: Ceruledge\n|-damage|p2a: Ceruledge|0 fnt\n|faint|p2a: Ceruledge\n|\n|upkeep\n|inactive|Time left: 300 sec this turn | 300 sec total | 5 sec grace\n|\n|t:|1783540554\n|switch|p2a: Medicham|Medicham, L86, M|243/243\n|turn|6\n|inactive|Time left: 300 sec this turn | 300 sec total\n|\n|t:|1783540556\n|switch|p1a: Misdreavus|Misdreavus, L90, F|100/100\n|move|p2a: Medicham|Close Combat|p1a: Misdreavus\n|-immune|p1a: Misdreavus\n|\n|upkeep\n|turn|7\n|inactive|Time left: 300 sec this turn | 300 sec total\n|\n|t:|1783540557\n|switch|p2a: Dialga|Dialga, L73|266/266\n|-ability|p2a: Dialga|Pressure\n|move|p1a: Misdreavus|Calm Mind|p1a: Misdreavus\n|-boost|p1a: Misdreavus|spa|1\n|-boost|p1a: Misdreavus|spd|1\n|\n|upkeep\n|turn|8\n|inactive|Time left: 300 sec this turn | 300 sec total\n|\n|t:|1783540558\n|move|p1a: Misdreavus|Shadow Ball|p2a: Dialga\n|-damage|p2a: Dialga|133/266\n|move|p2a: Dialga|Stealth Rock|p1a: Misdreavus\n|-sidestart|p1: p0x0937ea3|move: Stealth Rock\n|\n|-heal|p2a: Dialga|149/266|[from] item: Leftovers\n|upkeep\n|turn|9\n|inactive|Time left: 300 sec this turn | 300 sec total\n|\n|t:|1783540559\n|move|p1a: Misdreavus|Shadow Ball|p2a: Dialga\n|-damage|p2a: Dialga|4/266\n|move|p2a: Dialga|Heavy Slam|p1a: Misdreavus\n|-damage|p1a: Misdreavus|61/100\n|\n|-heal|p2a: Dialga|20/266|[from] item: Leftovers\n|upkeep\n|turn|10\n|inactive|Time left: 300 sec this turn | 300 sec total\n|\n|t:|1783540559\n|switch|p2a: Chansey|Chansey, L85, F|564/564\n|move|p1a: Misdreavus|Shadow Ball|p2a: Chansey\n|-immune|p2a: Chansey\n|\n|upkeep\n|turn|11\n|inactive|Time left: 300 sec this turn | 300 sec total\n|\n|t:|1783540561\n|move|p1a: Misdreavus|Calm Mind|p1a: Misdreavus\n|-boost|p1a: Misdreavus|spa|1\n|-boost|p1a: Misdreavus|spd|1\n|move|p2a: Chansey|Thunder Wave|p1a: Misdreavus\n|-status|p1a: Misdreavus|par\n|\n|upkeep\n|turn|12\n|inactive|Time left: 300 sec this turn | 300 sec total\n|\n|t:|1783540561\n|move|p2a: Chansey|Heal Bell||[still]\n|-activate|p2a: Chansey|move: Heal Bell\n|-fail|p2a: Chansey\n|cant|p1a: Misdreavus|par\n|\n|upkeep\n|turn|13\n|inactive|Time left: 300 sec this turn | 300 sec total\n|\n|t:|1783540563\n|move|p2a: Chansey|Heal Bell||[still]\n|-activate|p2a: Chansey|move: Heal Bell\n|-fail|p2a: Chansey\n|move|p1a: Misdreavus|Draining Kiss|p2a: Chansey\n|-damage|p2a: Chansey|524/564\n|-heal|p1a: Misdreavus|73/100 par|[from] drain|[of] p2a: Chansey\n|\n|upkeep\n|turn|14\n|inactive|Time left: 300 sec this turn | 300 sec total\n|\n|t:|1783540564\n|move|p2a: Chansey|Heal Bell||[still]\n|-activate|p2a: Chansey|move: Heal Bell\n|-fail|p2a: Chansey\n|move|p1a: Misdreavus|Draining Kiss|p2a: Chansey\n|-damage|p2a: Chansey|483/564\n|-heal|p1a: Misdreavus|85/100 par|[from] drain|[of] p2a: Chansey\n|\n|upkeep\n|turn|15\n|inactive|Time left: 300 sec this turn | 300 sec total\n|\n|t:|1783540565\n|move|p2a: Chansey|Soft-Boiled|p2a: Chansey\n|-heal|p2a: Chansey|564/564\n|cant|p1a: Misdreavus|par\n|\n|upkeep\n|turn|16\n|inactive|Time left: 300 sec this turn | 300 sec total\n|\n|t:|1783540566\n|move|p2a: Chansey|Thunder Wave|p1a: Misdreavus\n|-fail|p1a: Misdreavus|par\n|move|p1a: Misdreavus|Calm Mind|p1a: Misdreavus\n|-boost|p1a: Misdreavus|spa|1\n|-boost|p1a: Misdreavus|spd|1\n|\n|upkeep\n|turn|17\n|inactive|Time left: 300 sec this turn | 300 sec total\n|\n|t:|1783540567\n|move|p2a: Chansey|Soft-Boiled||[still]\n|-fail|p2a: Chansey|heal\n|move|p1a: Misdreavus|Draining Kiss|p2a: Chansey\n|-damage|p2a: Chansey|513/564\n|-heal|p1a: Misdreavus|99/100 par|[from] drain|[of] p2a: Chansey\n|\n|upkeep\n|turn|18\n|inactive|Time left: 300 sec this turn | 300 sec total\n|\n|t:|1783540568\n|move|p2a: Chansey|Heal Bell||[still]\n|-activate|p2a: Chansey|move: Heal Bell\n|-fail|p2a: Chansey\n|move|p1a: Misdreavus|Shadow Ball|p2a: Chansey\n|-immune|p2a: Chansey\n|\n|upkeep\n|turn|19\n|inactive|Time left: 300 sec this turn | 300 sec total\n|\n|t:|1783540569\n|move|p2a: Chansey|Soft-Boiled|p2a: Chansey\n|-heal|p2a: Chansey|564/564\n|cant|p1a: Misdreavus|par\n|\n|upkeep\n|turn|20\n|inactive|Time left: 300 sec this turn | 300 sec total\n|\n|t:|1783540570\n|move|p2a: Chansey|Heal Bell||[still]\n|-activate|p2a: Chansey|move: Heal Bell\n|-fail|p2a: Chansey\n|move|p1a: Misdreavus|Calm Mind|p1a: Misdreavus\n|-boost|p1a: Misdreavus|spa|1\n|-boost|p1a: Misdreavus|spd|1\n|\n|upkeep\n|turn|21\n|inactive|Time left: 300 sec this turn | 300 sec total\n|\n|t:|1783540571\n|move|p2a: Chansey|Thunder Wave|p1a: Misdreavus\n|-fail|p1a: Misdreavus|par\n|cant|p1a: Misdreavus|par\n|\n|upkeep\n|turn|22\n|inactive|Time left: 300 sec this turn | 300 sec total\n|\n|t:|1783540572\n|move|p2a: Chansey|Seismic Toss|p1a: Misdreavus\n|-immune|p1a: Misdreavus\n|move|p1a: Misdreavus|Draining Kiss|p2a: Chansey\n|-damage|p2a: Chansey|501/564\n|-heal|p1a: Misdreavus|100/100 par|[from] drain|[of] p2a: Chansey\n|\n|upkeep\n|turn|23\n|inactive|Time left: 300 sec this turn | 300 sec total\n|\n|t:|1783540574\n|move|p2a: Chansey|Soft-Boiled|p2a: Chansey\n|-heal|p2a: Chansey|564/564\n|move|p1a: Misdreavus|Shadow Ball|p2a: Chansey\n|-immune|p2a: Chansey\n|\n|upkeep\n|turn|24\n|inactive|Time left: 300 sec this turn | 300 sec total\n|\n|t:|1783540575\n|move|p2a: Chansey|Seismic Toss|p1a: Misdreavus\n|-immune|p1a: Misdreavus\n|move|p1a: Misdreavus|Draining Kiss|p2a: Chansey\n|-damage|p2a: Chansey|495/564\n|\n|upkeep\n|turn|25\n|inactive|Time left: 300 sec this turn | 300 sec total\n|\n|t:|1783540576\n|move|p2a: Chansey|Soft-Boiled|p2a: Chansey\n|-heal|p2a: Chansey|564/564\n|move|p1a: Misdreavus|Draining Kiss|p2a: Chansey\n|-damage|p2a: Chansey|499/564\n|\n|upkeep\n|turn|26\n|inactive|Time left: 300 sec this turn | 300 sec total\n|\n|t:|1783540577\n|move|p2a: Chansey|Thunder Wave|p1a: Misdreavus\n|-fail|p1a: Misdreavus|par\n|move|p1a: Misdreavus|Shadow Ball|p2a: Chansey\n|-immune|p2a: Chansey\n|\n|upkeep\n|turn|27\n|inactive|Time left: 300 sec this turn | 300 sec total\n|\n|t:|1783540578\n|move|p2a: Chansey|Soft-Boiled|p2a: Chansey\n|-heal|p2a: Chansey|564/564\n|move|p1a: Misdreavus|Draining Kiss|p2a: Chansey\n|-damage|p2a: Chansey|498/564\n|\n|upkeep\n|turn|28\n|inactive|Time left: 300 sec this turn | 300 sec total\n|\n|t:|1783540580\n|move|p2a: Chansey|Soft-Boiled|p2a: Chansey\n|-heal|p2a: Chansey|564/564\n|move|p1a: Misdreavus|Draining Kiss|p2a: Chansey\n|-damage|p2a: Chansey|499/564\n|\n|upkeep\n|turn|29\n|inactive|Time left: 300 sec this turn | 300 sec total\n|\n|t:|1783540581\n|move|p2a: Chansey|Soft-Boiled|p2a: Chansey\n|-heal|p2a: Chansey|564/564\n|move|p1a: Misdreavus|Draining Kiss|p2a: Chansey\n|-crit|p2a: Chansey\n|-damage|p2a: Chansey|464/564\n|\n|upkeep\n|turn|30\n|inactive|Time left: 300 sec this turn | 300 sec total\n|\n|t:|1783540582\n|move|p2a: Chansey|Thunder Wave|p1a: Misdreavus\n|-fail|p1a: Misdreavus|par\n|cant|p1a: Misdreavus|par\n|\n|upkeep\n|turn|31\n|inactive|Time left: 300 sec this turn | 300 sec total\n|\n|t:|1783540583\n|move|p2a: Chansey|Heal Bell||[still]\n|-activate|p2a: Chansey|move: Heal Bell\n|-fail|p2a: Chansey\n|cant|p1a: Misdreavus|par\n|\n|upkeep\n|turn|32\n|inactive|Time left: 300 sec this turn | 300 sec total\n|\n|t:|1783540584\n|move|p2a: Chansey|Seismic Toss|p1a: Misdreavus\n|-immune|p1a: Misdreavus\n|move|p1a: Misdreavus|Shadow Ball|p2a: Chansey\n|-immune|p2a: Chansey\n|\n|upkeep\n|turn|33\n|inactive|Time left: 300 sec this turn | 300 sec total\n|\n|t:|1783540585\n|move|p2a: Chansey|Seismic Toss|p1a: Misdreavus\n|-immune|p1a: Misdreavus\n|move|p1a: Misdreavus|Shadow Ball|p2a: Chansey\n|-immune|p2a: Chansey\n|\n|upkeep\n|turn|34\n|inactive|Time left: 300 sec this turn | 300 sec total\n|\n|t:|1783540586\n|move|p2a: Chansey|Thunder Wave|p1a: Misdreavus\n|-fail|p1a: Misdreavus|par\n|cant|p1a: Misdreavus|par\n|\n|upkeep\n|turn|35\n|inactive|Time left: 300 sec this turn | 300 sec total\n|\n|t:|1783540587\n|move|p2a: Chansey|Seismic Toss|p1a: Misdreavus\n|-immune|p1a: Misdreavus\n|move|p1a: Misdreavus|Shadow Ball|p2a: Chansey\n|-immune|p2a: Chansey\n|\n|upkeep\n|turn|36\n|inactive|Time left: 300 sec this turn | 300 sec total\n|\n|t:|1783540587\n|move|p2a: Chansey|Thunder Wave|p1a: Misdreavus\n|-fail|p1a: Misdreavus|par\n|move|p1a: Misdreavus|Draining Kiss|p2a: Chansey\n|-damage|p2a: Chansey|404/564\n|\n|upkeep\n|turn|37\n|inactive|Time left: 300 sec this turn | 300 sec total\n|\n|t:|1783540589\n|move|p2a: Chansey|Heal Bell||[still]\n|-activate|p2a: Chansey|move: Heal Bell\n|-fail|p2a: Chansey\n|move|p1a: Misdreavus|Shadow Ball|p2a: Chansey\n|-immune|p2a: Chansey\n|\n|upkeep\n|turn|38\n|inactive|Time left: 300 sec this turn | 300 sec total\n|\n|t:|1783540590\n|move|p2a: Chansey|Thunder Wave|p1a: Misdreavus\n|-fail|p1a: Misdreavus|par\n|move|p1a: Misdreavus|Draining Kiss|p2a: Chansey\n|-damage|p2a: Chansey|341/564\n|\n|upkeep\n|turn|39\n|inactive|Time left: 300 sec this turn | 300 sec total\n|\n|t:|1783540591\n|move|p2a: Chansey|Heal Bell||[still]\n|-activate|p2a: Chansey|move: Heal Bell\n|-fail|p2a: Chansey\n|cant|p1a: Misdreavus|par\n|\n|upkeep\n|turn|40\n|inactive|Time left: 300 sec this turn | 300 sec total\n|\n|t:|1783540592\n|move|p2a: Chansey|Seismic Toss|p1a: Misdreavus\n|-immune|p1a: Misdreavus\n|move|p1a: Misdreavus|Shadow Ball|p2a: Chansey\n|-immune|p2a: Chansey\n|\n|upkeep\n|turn|41\n|inactive|Time left: 300 sec this turn | 300 sec total\n|\n|t:|1783540593\n|move|p2a: Chansey|Seismic Toss|p1a: Misdreavus\n|-immune|p1a: Misdreavus\n|move|p1a: Misdreavus|Draining Kiss|p2a: Chansey\n|-damage|p2a: Chansey|272/564\n|\n|upkeep\n|turn|42\n|inactive|Time left: 300 sec this turn | 300 sec total\n|\n|t:|1783540594\n|move|p2a: Chansey|Thunder Wave|p1a: Misdreavus\n|-fail|p1a: Misdreavus|par\n|move|p1a: Misdreavus|Shadow Ball|p2a: Chansey\n|-immune|p2a: Chansey\n|\n|upkeep\n|turn|43\n|inactive|Time left: 300 sec this turn | 300 sec total\n|\n|t:|1783540595\n|move|p2a: Chansey|Seismic Toss|p1a: Misdreavus\n|-immune|p1a: Misdreavus\n|move|p1a: Misdreavus|Shadow Ball|p2a: Chansey\n|-immune|p2a: Chansey\n|\n|upkeep\n|turn|44\n|inactive|Time left: 300 sec this turn | 300 sec total\n|\n|t:|1783540596\n|move|p2a: Chansey|Thunder Wave|p1a: Misdreavus\n|-fail|p1a: Misdreavus|par\n|move|p1a: Misdreavus|Draining Kiss|p2a: Chansey\n|-damage|p2a: Chansey|212/564\n|\n|upkeep\n|turn|45\n|inactive|Time left: 300 sec this turn | 300 sec total\n|\n|t:|1783540598\n|move|p2a: Chansey|Thunder Wave|p1a: Misdreavus\n|-fail|p1a: Misdreavus|par\n|move|p1a: Misdreavus|Draining Kiss|p2a: Chansey\n|-damage|p2a: Chansey|145/564\n|\n|upkeep\n|turn|46\n|inactive|Time left: 300 sec this turn | 300 sec total\n|\n|t:|1783540599\n|move|p2a: Chansey|Seismic Toss|p1a: Misdreavus\n|-immune|p1a: Misdreavus\n|move|p1a: Misdreavus|Shadow Ball|p2a: Chansey\n|-immune|p2a: Chansey\n|\n|upkeep\n|turn|47\n|inactive|Time left: 300 sec this turn | 300 sec total\n|\n|t:|1783540600\n|move|p2a: Chansey|Seismic Toss|p1a: Misdreavus\n|-immune|p1a: Misdreavus\n|move|p1a: Misdreavus|Draining Kiss|p2a: Chansey\n|-damage|p2a: Chansey|81/564\n|\n|upkeep\n|turn|48\n|inactive|Time left: 300 sec this turn | 300 sec total\n|\n|t:|1783540601\n|move|p2a: Chansey|Seismic Toss|p1a: Misdreavus\n|-immune|p1a: Misdreavus\n|cant|p1a: Misdreavus|par\n|\n|upkeep\n|turn|49\n|inactive|Time left: 300 sec this turn | 300 sec total\n|\n|t:|1783540602\n|move|p2a: Chansey|Seismic Toss|p1a: Misdreavus\n|-immune|p1a: Misdreavus\n|move|p1a: Misdreavus|Shadow Ball|p2a: Chansey\n|-immune|p2a: Chansey\n|\n|upkeep\n|turn|50\n|inactive|Time left: 300 sec this turn | 300 sec total\n|\n|t:|1783540603\n|move|p2a: Chansey|Seismic Toss|p1a: Misdreavus\n|-immune|p1a: Misdreavus\n|cant|p1a: Misdreavus|par\n|\n|upkeep\n|turn|51\n|inactive|Time left: 300 sec this turn | 300 sec total\n|\n|t:|1783540604\n|move|p2a: Chansey|Thunder Wave|p1a: Misdreavus\n|-fail|p1a: Misdreavus|par\n|move|p1a: Misdreavus|Shadow Ball|p2a: Chansey\n|-immune|p2a: Chansey\n|\n|upkeep\n|turn|52\n|inactive|Time left: 300 sec this turn | 300 sec total\n|\n|t:|1783540606\n|move|p2a: Chansey|Seismic Toss|p1a: Misdreavus\n|-immune|p1a: Misdreavus\n|cant|p1a: Misdreavus|par\n|\n|upkeep\n|turn|53\n|inactive|Time left: 300 sec this turn | 300 sec total\n|\n|t:|1783540607\n|move|p2a: Chansey|Seismic Toss|p1a: Misdreavus\n|-immune|p1a: Misdreavus\n|cant|p1a: Misdreavus|par\n|\n|upkeep\n|turn|54\n|inactive|Time left: 300 sec this turn | 300 sec total\n|\n|t:|1783540607\n|move|p2a: Chansey|Thunder Wave|p1a: Misdreavus|[miss]\n|-miss|p2a: Chansey|p1a: Misdreavus\n|move|p1a: Misdreavus|Shadow Ball|p2a: Chansey\n|-immune|p2a: Chansey\n|\n|upkeep\n|turn|55\n|inactive|Time left: 300 sec this turn | 300 sec total\n|\n|t:|1783540608\n|move|p2a: Chansey|Thunder Wave|p1a: Misdreavus|[miss]\n|-miss|p2a: Chansey|p1a: Misdreavus\n|move|p1a: Misdreavus|Will-O-Wisp|p2a: Chansey|[miss]\n|-miss|p1a: Misdreavus|p2a: Chansey\n|\n|upkeep\n|turn|56\n|inactive|Time left: 300 sec this turn | 300 sec total\n|\n|t:|1783540610\n|move|p2a: Chansey|Seismic Toss|p1a: Misdreavus\n|-immune|p1a: Misdreavus\n|move|p1a: Misdreavus|Shadow Ball|p2a: Chansey\n|-immune|p2a: Chansey\n|\n|upkeep\n|turn|57\n|inactive|Time left: 300 sec this turn | 300 sec total\n|\n|t:|1783540611\n|move|p2a: Chansey|Thunder Wave|p1a: Misdreavus\n|-fail|p1a: Misdreavus|par\n|move|p1a: Misdreavus|Shadow Ball|p2a: Chansey\n|-immune|p2a: Chansey\n|\n|upkeep\n|turn|58\n|inactive|Time left: 300 sec this turn | 300 sec total\n|\n|t:|1783540612\n|move|p2a: Chansey|Thunder Wave|p1a: Misdreavus\n|-fail|p1a: Misdreavus|par\n|cant|p1a: Misdreavus|par\n|\n|upkeep\n|turn|59\n|inactive|Time left: 300 sec this turn | 300 sec total\n|\n|t:|1783540613\n|move|p2a: Chansey|Seismic Toss|p1a: Misdreavus\n|-immune|p1a: Misdreavus\n|move|p1a: Misdreavus|Shadow Ball|p2a: Chansey\n|-immune|p2a: Chansey\n|\n|upkeep\n|turn|60\n|inactive|Time left: 300 sec this turn | 300 sec total\n|\n|t:|1783540614\n|move|p2a: Chansey|Seismic Toss|p1a: Misdreavus\n|-immune|p1a: Misdreavus\n|move|p1a: Misdreavus|Shadow Ball|p2a: Chansey\n|-immune|p2a: Chansey\n|\n|upkeep\n|turn|61\n|inactive|Time left: 300 sec this turn | 300 sec total\n|\n|t:|1783540615\n|move|p2a: Chansey|Seismic Toss|p1a: Misdreavus\n|-immune|p1a: Misdreavus\n|move|p1a: Misdreavus|Draining Kiss|p2a: Chansey\n|-damage|p2a: Chansey|16/564\n|\n|upkeep\n|turn|62\n|inactive|Time left: 300 sec this turn | 300 sec total\n|\n|t:|1783540616\n|switch|p2a: Dialga|Dialga, L73|20/266\n|-ability|p2a: Dialga|Pressure\n|move|p1a: Misdreavus|Will-O-Wisp|p2a: Dialga\n|-status|p2a: Dialga|brn\n|\n|-heal|p2a: Dialga|36/266 brn|[from] item: Leftovers\n|-damage|p2a: Dialga|20/266 brn|[from] brn\n|upkeep\n|turn|63\n|inactive|Time left: 300 sec this turn | 300 sec total\n|\n|t:|1783540617\n|move|p2a: Dialga|Heavy Slam|p1a: Misdreavus\n|-damage|p1a: Misdreavus|83/100 par\n|move|p1a: Misdreavus|Shadow Ball|p2a: Dialga\n|-damage|p2a: Dialga|0 fnt\n|faint|p2a: Dialga\n|\n|upkeep\n|inactive|Time left: 300 sec this turn | 300 sec total | 5 sec grace\n|\n|t:|1783540618\n|switch|p2a: Sunflora|Sunflora, M|312/312\n|turn|64\n|inactive|Time left: 300 sec this turn | 300 sec total\n|\n|t:|1783540619\n|move|p2a: Sunflora|Solar Beam||[still]\n|-prepare|p2a: Sunflora|Solar Beam\n|move|p1a: Misdreavus|Will-O-Wisp|p2a: Sunflora\n|-status|p2a: Sunflora|brn\n|\n|-damage|p2a: Sunflora|293/312 brn|[from] brn\n|upkeep\n|turn|65\n|inactive|Time left: 300 sec this turn | 300 sec total\n|\n|t:|1783540621\n|move|p2a: Sunflora|Solar Beam|p1a: Misdreavus|[from] lockedmove\n|-damage|p1a: Misdreavus|62/100 par\n|-damage|p2a: Sunflora|262/312 brn|[from] item: Life Orb\n|move|p1a: Misdreavus|Calm Mind|p1a: Misdreavus\n|-boost|p1a: Misdreavus|spa|1\n|-boost|p1a: Misdreavus|spd|1\n|\n|-damage|p2a: Sunflora|243/312 brn|[from] brn\n|upkeep\n|turn|66\n|inactive|Time left: 300 sec this turn | 300 sec total\n|\n|t:|1783540622\n|move|p2a: Sunflora|Solar Beam||[still]\n|-prepare|p2a: Sunflora|Solar Beam\n|move|p1a: Misdreavus|Will-O-Wisp|p2a: Sunflora\n|-fail|p2a: Sunflora|brn\n|\n|-damage|p2a: Sunflora|224/312 brn|[from] brn\n|upkeep\n|turn|67\n|inactive|Time left: 300 sec this turn | 300 sec total\n|\n|t:|1783540623\n|move|p2a: Sunflora|Solar Beam|p1a: Misdreavus|[from] lockedmove\n|-damage|p1a: Misdreavus|43/100 par\n|-damage|p2a: Sunflora|193/312 brn|[from] item: Life Orb\n|move|p1a: Misdreavus|Calm Mind|p1a: Misdreavus\n|-boost|p1a: Misdreavus|spa|1\n|-boost|p1a: Misdreavus|spd|1\n|\n|-damage|p2a: Sunflora|174/312 brn|[from] brn\n|upkeep\n|turn|68\n|inactive|Time left: 300 sec this turn | 300 sec total\n|\n|t:|1783540624\n|move|p2a: Sunflora|Solar Beam||[still]\n|-prepare|p2a: Sunflora|Solar Beam\n|move|p1a: Misdreavus|Will-O-Wisp|p2a: Sunflora|[miss]\n|-miss|p1a: Misdreavus|p2a: Sunflora\n|\n|-damage|p2a: Sunflora|155/312 brn|[from] brn\n|upkeep\n|turn|69\n|inactive|Time left: 300 sec this turn | 300 sec total\n|\n|t:|1783540625\n|move|p2a: Sunflora|Solar Beam|p1a: Misdreavus|[from] lockedmove\n|-damage|p1a: Misdreavus|28/100 par\n|-damage|p2a: Sunflora|124/312 brn|[from] item: Life Orb\n|move|p1a: Misdreavus|Calm Mind|p1a: Misdreavus\n|-boost|p1a: Misdreavus|spa|0\n|-boost|p1a: Misdreavus|spd|0\n|\n|-damage|p2a: Sunflora|105/312 brn|[from] brn\n|upkeep\n|turn|70\n|inactive|Time left: 300 sec this turn | 300 sec total\n|\n|t:|1783540626\n|move|p2a: Sunflora|Solar Beam||[still]\n|-prepare|p2a: Sunflora|Solar Beam\n|move|p1a: Misdreavus|Will-O-Wisp|p2a: Sunflora\n|-fail|p2a: Sunflora|brn\n|\n|-damage|p2a: Sunflora|86/312 brn|[from] brn\n|upkeep\n|turn|71\n|inactive|Time left: 300 sec this turn | 300 sec total\n|\n|t:|1783540627\n|move|p2a: Sunflora|Solar Beam|p1a: Misdreavus|[from] lockedmove\n|-damage|p1a: Misdreavus|11/100 par\n|-damage|p2a: Sunflora|55/312 brn|[from] item: Life Orb\n|cant|p1a: Misdreavus|par\n|\n|-damage|p2a: Sunflora|36/312 brn|[from] brn\n|upkeep\n|turn|72\n|inactive|Time left: 300 sec this turn | 300 sec total\n|\n|t:|1783540628\n|move|p2a: Sunflora|Solar Beam||[still]\n|-prepare|p2a: Sunflora|Solar Beam\n|move|p1a: Misdreavus|Will-O-Wisp|p2a: Sunflora\n|-fail|p2a: Sunflora|brn\n|\n|-damage|p2a: Sunflora|17/312 brn|[from] brn\n|upkeep\n|turn|73\n|inactive|Time left: 300 sec this turn | 300 sec total\n|\n|t:|1783540629\n|move|p2a: Sunflora|Solar Beam|p1a: Misdreavus|[from] lockedmove\n|-damage|p1a: Misdreavus|0 fnt\n|faint|p1a: Misdreavus\n|-damage|p2a: Sunflora|0 fnt|[from] item: Life Orb\n|faint|p2a: Sunflora\n|\n|upkeep\n|inactive|Time left: 300 sec this turn | 300 sec total | 5 sec grace\n|\n|t:|1783540630\n|switch|p1a: Swanna|Swanna, L89, F|100/100\n|switch|p2a: Medicham|Medicham, L86, M|243/243\n|turn|74\n|inactive|Time left: 300 sec this turn | 300 sec total\n|\n|t:|1783540631\n|move|p2a: Medicham|Zen Headbutt|p1a: Swanna\n|-damage|p1a: Swanna|50/100\n|cant|p1a: Swanna|flinch\n|\n|upkeep\n|turn|75\n|inactive|Time left: 300 sec this turn | 300 sec total\n|\n|t:|1783540632\n|switch|p1a: Deoxys|Deoxys-Defense, L84|100/100\n|-damage|p1a: Deoxys|88/100|[from] Stealth Rock\n|-ability|p1a: Deoxys|Pressure\n|move|p2a: Medicham|Zen Headbutt|p1a: Deoxys\n|-resisted|p1a: Deoxys\n|-damage|p1a: Deoxys|71/100\n|-damage|p2a: Medicham|203/243|[from] item: Rocky Helmet|[of] p1a: Deoxys\n|\n|upkeep\n|turn|76\n|inactive|Time left: 300 sec this turn | 300 sec total\n|\n|t:|1783540633\n|switch|p2a: Hypno|Hypno, L95, M|315/315\n|move|p1a: Deoxys|Psychic Noise|p2a: Hypno\n|-resisted|p2a: Hypno\n|-damage|p2a: Hypno|294/315\n|-start|p2a: Hypno|move: Heal Block\n|\n|upkeep\n|turn|77\n|inactive|Time left: 300 sec this turn | 300 sec total\n|\n|t:|1783540635\n|move|p1a: Deoxys|Spikes|p2a: Hypno\n|-sidestart|p2: p0y093dd46|Spikes\n|move|p2a: Hypno|Toxic|p1a: Deoxys\n|-status|p1a: Deoxys|tox\n|\n|-damage|p1a: Deoxys|65/100 tox|[from] psn\n|-end|p2a: Hypno|move: Heal Block\n|upkeep\n|turn|78\n|inactive|Time left: 300 sec this turn | 300 sec total\n|\n|t:|1783540636\n|move|p1a: Deoxys|Recover|p1a: Deoxys\n|-heal|p1a: Deoxys|100/100 tox\n|move|p2a: Hypno|Knock Off|p1a: Deoxys\n|-supereffective|p1a: Deoxys\n|-damage|p1a: Deoxys|61/100 tox\n|-damage|p2a: Hypno|242/315|[from] item: Rocky Helmet|[of] p1a: Deoxys\n|-enditem|p1a: Deoxys|Rocky Helmet|[from] move: Knock Off|[of] p2a: Hypno\n|\n|-heal|p2a: Hypno|261/315|[from] item: Leftovers\n|-damage|p1a: Deoxys|49/100 tox|[from] psn\n|upkeep\n|turn|79\n|inactive|Time left: 300 sec this turn | 300 sec total\n|\n|t:|1783540637\n|move|p1a: Deoxys|Recover|p1a: Deoxys\n|-heal|p1a: Deoxys|99/100 tox\n|move|p2a: Hypno|Knock Off|p1a: Deoxys\n|-supereffective|p1a: Deoxys\n|-damage|p1a: Deoxys|70/100 tox\n|\n|-heal|p2a: Hypno|280/315|[from] item: Leftovers\n|-damage|p1a: Deoxys|53/100 tox|[from] psn\n|upkeep\n|turn|80\n|inactive|Time left: 300 sec this turn | 300 sec total\n|\n|t:|1783540638\n|move|p1a: Deoxys|Recover|p1a: Deoxys\n|-heal|p1a: Deoxys|100/100 tox\n|move|p2a: Hypno|Psychic Noise|p1a: Deoxys\n|-resisted|p1a: Deoxys\n|-damage|p1a: Deoxys|90/100 tox\n|-start|p1a: Deoxys|move: Heal Block\n|\n|-heal|p2a: Hypno|299/315|[from] item: Leftovers\n|-damage|p1a: Deoxys|66/100 tox|[from] psn\n|upkeep\n|turn|81\n|inactive|Time left: 300 sec this turn | 300 sec total\n|\n|t:|1783540639\n|move|p1a: Deoxys|Spikes|p2a: Hypno\n|-sidestart|p2: p0y093dd46|Spikes\n|move|p2a: Hypno|Knock Off|p1a: Deoxys\n|-supereffective|p1a: Deoxys\n|-damage|p1a: Deoxys|38/100 tox\n|\n|-heal|p2a: Hypno|315/315|[from] item: Leftovers\n|-damage|p1a: Deoxys|9/100 tox|[from] psn\n|-end|p1a: Deoxys|move: Heal Block\n|upkeep\n|turn|82\n|inactive|Time left: 300 sec this turn | 300 sec total\n|\n|t:|1783540640\n|move|p1a: Deoxys|Spikes|p2a: Hypno\n|-sidestart|p2: p0y093dd46|Spikes\n|move|p2a: Hypno|Knock Off|p1a: Deoxys\n|-supereffective|p1a: Deoxys\n|-damage|p1a: Deoxys|0 fnt\n|faint|p1a: Deoxys\n|\n|upkeep\n|\n|t:|1783540642\n|switch|p1a: Tauros|Tauros-Paldea-Combat, L82, M|49/100\n|-damage|p1a: Tauros|43/100|[from] Stealth Rock\n|-ability|p1a: Tauros|Intimidate|boost\n|-unboost|p2a: Hypno|atk|1\n|turn|83\n|inactive|Time left: 300 sec this turn | 300 sec total\n|\n|t:|1783540642\n|move|p1a: Tauros|Iron Head|p2a: Hypno\n|-damage|p2a: Hypno|228/315\n|move|p2a: Hypno|Psychic Noise|p1a: Tauros\n|-supereffective|p1a: Tauros\n|-damage|p1a: Tauros|0 fnt\n|faint|p1a: Tauros\n|\n|-heal|p2a: Hypno|247/315|[from] item: Leftovers\n|upkeep\n|\n|t:|1783540643\n|switch|p1a: Quagsire|Quagsire, L84, F|100/100\n|-damage|p1a: Quagsire|94/100|[from] Stealth Rock\n|turn|84\n|inactive|Time left: 300 sec this turn | 300 sec total\n|\n|t:|1783540644\n|move|p2a: Hypno|Knock Off|p1a: Quagsire\n|-damage|p1a: Quagsire|69/100\n|-enditem|p1a: Quagsire|Leftovers|[from] move: Knock Off|[of] p2a: Hypno\n|move|p1a: Quagsire|Toxic|p2a: Hypno|[miss]\n|-miss|p1a: Quagsire|p2a: Hypno\n|\n|-heal|p2a: Hypno|266/315|[from] item: Leftovers\n|upkeep\n|turn|85\n|inactive|Time left: 300 sec this turn | 300 sec total\n|\n|t:|1783540645\n|move|p2a: Hypno|Psychic Noise|p1a: Quagsire\n|-damage|p1a: Quagsire|35/100\n|-start|p1a: Quagsire|move: Heal Block\n|move|p1a: Quagsire|Earthquake|p2a: Hypno\n|-damage|p2a: Hypno|167/315\n|\n|-heal|p2a: Hypno|186/315|[from] item: Leftovers\n|upkeep\n|turn|86\n|inactive|Time left: 300 sec this turn | 300 sec total\n|\n|t:|1783540646\n|move|p2a: Hypno|Psychic Noise|p1a: Quagsire\n|-damage|p1a: Quagsire|3/100\n|move|p1a: Quagsire|Earthquake|p2a: Hypno\n|-damage|p2a: Hypno|84/315\n|\n|-heal|p2a: Hypno|103/315|[from] item: Leftovers\n|-end|p1a: Quagsire|move: Heal Block\n|upkeep\n|turn|87\n|inactive|Time left: 300 sec this turn | 300 sec total\n|\n|t:|1783540647\n|move|p2a: Hypno|Psychic Noise|p1a: Quagsire\n|-damage|p1a: Quagsire|0 fnt\n|faint|p1a: Quagsire\n|\n|-heal|p2a: Hypno|122/315|[from] item: Leftovers\n|upkeep\n|\n|t:|1783540648\n|switch|p1a: Swanna|Swanna, L89, F|50/100\n|turn|88\n|inactive|Time left: 300 sec this turn | 300 sec total\n|\n|t:|1783540649\n|move|p1a: Swanna|Brave Bird|p2a: Hypno\n|-damage|p2a: Hypno|0 fnt\n|faint|p2a: Hypno\n|-damage|p1a: Swanna|35/100|[from] Recoil\n|\n|upkeep\n|inactive|Time left: 300 sec this turn | 300 sec total | 5 sec grace\n|\n|t:|1783540650\n|switch|p2a: Medicham|Medicham, L86, M|203/243\n|-damage|p2a: Medicham|143/243|[from] Spikes\n|turn|89\n|inactive|Time left: 300 sec this turn | 300 sec total\n|\n|t:|1783540651\n|-terastallize|p1a: Swanna|Ground\n|move|p2a: Medicham|Close Combat|p1a: Swanna\n|-damage|p1a: Swanna|0 fnt\n|-unboost|p2a: Medicham|def|1\n|-unboost|p2a: Medicham|spd|1\n|faint|p1a: Swanna\n|\n|upkeep\n|\n|t:|1783540651\n|switch|p1a: Glastrier|Glastrier, L86|26/100\n|-damage|p1a: Glastrier|1/100|[from] Stealth Rock\n|turn|90\n|inactive|Time left: 300 sec this turn | 300 sec total\n|\n|t:|1783540652\n|-terastallize|p2a: Medicham|Fighting\n|move|p2a: Medicham|Close Combat|p1a: Glastrier\n|-supereffective|p1a: Glastrier\n|-damage|p1a: Glastrier|0 fnt\n|-unboost|p2a: Medicham|def|1\n|-unboost|p2a: Medicham|spd|1\n|faint|p1a: Glastrier\n|\n|win|p0y093dd46", "uploadtime": 1783540652, "views": 0, "rating": 0, "private": 0, "password": null, "_winner": "p0y093dd46", "_our_name": "p0y093dd46"}