{"id": "battle-gen9randombattle-2436", "formatid": "gen9randombattle", "format": "[Gen 9] Random Battle", "players": ["p0x2436d4fb", "p0y2436d711"], "log": "|init|battle\n|title|p0x2436d4fb vs. p0y2436d711\n|j|\u2606p0x2436d4fb\n|j|\u2606p0y2436d711\n|t:|1783567269\n|gametype|singles\n|player|p1|p0x2436d4fb|2|\n|player|p2|p0y2436d711|102|\n|gen|9\n|tier|[Gen 9] Random Battle\n|rule|Species Clause: Limit one of each Pok\u00e9mon\n|rule|HP Percentage Mod: HP is shown in percentages\n|rule|Sleep Clause Mod: Limit one foe put to sleep\n|rule|Illusion Level Mod: Illusion disguises the Pok\u00e9mon's true level\n|\n|t:|1783567269\n|teamsize|p1|6\n|teamsize|p2|6\n|start\n|switch|p1a: Swanna|Swanna, L89, F|278/278\n|switch|p2a: Rotom|Rotom-Wash, L82|100/100\n|turn|1\n|inactive|Battle timer is ON: inactive players will automatically lose when time's up. (requested by p0x2436d4fb)\n|inactive|p0y2436d711 also wants the timer to be on.\n|\n|t:|1783567270\n|switch|p1a: Electrode|Electrode-Hisui, L87|246/246\n|move|p2a: Rotom|Thunderbolt|p1a: Electrode\n|-resisted|p1a: Electrode\n|-damage|p1a: Electrode|221/246\n|\n|upkeep\n|turn|2\n|inactive|Time left: 300 sec this turn | 300 sec total\n|\n|t:|1783567271\n|move|p1a: Electrode|Giga Drain|p2a: Rotom\n|-supereffective|p2a: Rotom\n|-damage|p2a: Rotom|24/100\n|-heal|p1a: Electrode|246/246|[from] drain|[of] p2a: Rotom\n|-damage|p1a: Electrode|222/246|[from] item: Life Orb\n|move|p2a: Rotom|Thunderbolt|p1a: Electrode\n|-resisted|p1a: Electrode\n|-damage|p1a: Electrode|198/246\n|\n|upkeep\n|turn|3\n|inactive|Time left: 300 sec this turn | 300 sec total\n|\n|t:|1783567272\n|switch|p2a: Rabsca|Rabsca, L91, F|100/100\n|move|p1a: Electrode|Giga Drain|p2a: Rabsca\n|-resisted|p2a: Rabsca\n|-damage|p2a: Rabsca|87/100\n|-heal|p1a: Electrode|217/246|[from] drain|[of] p2a: Rabsca\n|-damage|p1a: Electrode|193/246|[from] item: Life Orb\n|\n|upkeep\n|turn|4\n|inactive|Time left: 300 sec this turn | 300 sec total\n|\n|t:|1783567273\n|switch|p1a: Jirachi|Jirachi, L80|291/291\n|move|p2a: Rabsca|Bug Buzz|p1a: Jirachi\n|-damage|p1a: Jirachi|180/291\n|-unboost|p1a: Jirachi|spd|1\n|\n|-heal|p1a: Jirachi|198/291|[from] item: Leftovers\n|upkeep\n|turn|5\n|inactive|Time left: 300 sec this turn | 300 sec total\n|\n|t:|1783567275\n|move|p1a: Jirachi|Iron Head|p2a: Rabsca\n|-damage|p2a: Rabsca|59/100\n|cant|p2a: Rabsca|flinch\n|\n|-heal|p1a: Jirachi|216/291|[from] item: Leftovers\n|upkeep\n|turn|6\n|inactive|Time left: 300 sec this turn | 300 sec total\n|\n|t:|1783567276\n|move|p1a: Jirachi|Iron Head|p2a: Rabsca\n|-damage|p2a: Rabsca|31/100\n|cant|p2a: Rabsca|flinch\n|\n|-heal|p1a: Jirachi|234/291|[from] item: Leftovers\n|upkeep\n|turn|7\n|inactive|Time left: 300 sec this turn | 300 sec total\n|\n|t:|1783567277\n|move|p1a: Jirachi|Iron Head|p2a: Rabsca\n|-damage|p2a: Rabsca|4/100\n|cant|p2a: Rabsca|flinch\n|\n|-heal|p1a: Jirachi|252/291|[from] item: Leftovers\n|upkeep\n|turn|8\n|inactive|Time left: 300 sec this turn | 300 sec total\n|\n|t:|1783567278\n|switch|p2a: Rotom|Rotom-Wash, L82|24/100\n|move|p1a: Jirachi|Psychic|p2a: Rotom\n|-damage|p2a: Rotom|0 fnt\n|faint|p2a: Rotom\n|\n|-heal|p1a: Jirachi|270/291|[from] item: Leftovers\n|upkeep\n|\n|t:|1783567279\n|switch|p2a: Sandslash|Sandslash, L89, F|100/100\n|turn|9\n|inactive|Time left: 300 sec this turn | 300 sec total\n|\n|t:|1783567280\n|move|p1a: Jirachi|Iron Head|p2a: Sandslash\n|-damage|p2a: Sandslash|77/100\n|move|p2a: Sandslash|Earthquake|p1a: Jirachi\n|-supereffective|p1a: Jirachi\n|-damage|p1a: Jirachi|34/291\n|\n|-heal|p1a: Jirachi|52/291|[from] item: Leftovers\n|upkeep\n|turn|10\n|inactive|Time left: 300 sec this turn | 300 sec total\n|\n|t:|1783567281\n|move|p1a: Jirachi|Iron Head|p2a: Sandslash\n|-damage|p2a: Sandslash|53/100\n|cant|p2a: Sandslash|flinch\n|\n|-heal|p1a: Jirachi|70/291|[from] item: Leftovers\n|upkeep\n|turn|11\n|inactive|Time left: 300 sec this turn | 300 sec total\n|\n|t:|1783567282\n|move|p1a: Jirachi|Iron Head|p2a: Sandslash\n|-damage|p2a: Sandslash|30/100\n|move|p2a: Sandslash|Earthquake|p1a: Jirachi\n|-supereffective|p1a: Jirachi\n|-damage|p1a: Jirachi|0 fnt\n|faint|p1a: Jirachi\n|\n|upkeep\n|inactive|Time left: 300 sec this turn | 300 sec total | 5 sec grace\n|\n|t:|1783567283\n|switch|p1a: Koraidon|Koraidon, L64|235/235\n|-weather|SunnyDay|[from] ability: Orichalcum Pulse|[of] p1a: Koraidon\n|-activate|p1a: Koraidon|Orichalcum Pulse|[source]\n|turn|12\n|inactive|Time left: 300 sec this turn | 300 sec total\n|\n|t:|1783567284\n|switch|p2a: Zacian|Zacian, L69|100/100\n|-ability|p2a: Zacian|Intrepid Sword|boost\n|-boost|p2a: Zacian|atk|1\n|move|p1a: Koraidon|Collision Course|p2a: Zacian\n|-resisted|p2a: Zacian\n|-damage|p2a: Zacian|78/100\n|\n|-weather|SunnyDay|[upkeep]\n|upkeep\n|turn|13\n|inactive|Time left: 300 sec this turn | 300 sec total\n|\n|t:|1783567284\n|switch|p1a: Torkoal|Torkoal, L88, M|266/266\n|move|p2a: Zacian|Play Rough|p1a: Torkoal\n|-resisted|p1a: Torkoal\n|-damage|p1a: Torkoal|215/266\n|-damage|p2a: Zacian|68/100|[from] item: Life Orb\n|\n|-weather|SunnyDay|[upkeep]\n|upkeep\n|turn|14\n|inactive|Time left: 300 sec this turn | 300 sec total\n|\n|t:|1783567285\n|move|p2a: Zacian|Swords Dance|p2a: Zacian\n|-boost|p2a: Zacian|atk|2\n|move|p1a: Torkoal|Fire Blast|p2a: Zacian\n|-damage|p2a: Zacian|0 fnt\n|faint|p2a: Zacian\n|\n|-weather|SunnyDay|[upkeep]\n|upkeep\n|\n|t:|1783567286\n|switch|p2a: Rabsca|Rabsca, L91, F|4/100\n|turn|15\n|inactive|Time left: 300 sec this turn | 300 sec total\n|\n|t:|1783567287\n|move|p2a: Rabsca|Psychic|p1a: Torkoal\n|-damage|p1a: Torkoal|73/266\n|move|p1a: Torkoal|Solar Beam||[still]\n|-prepare|p1a: Torkoal|Solar Beam\n|-anim|p1a: Torkoal|Solar Beam|p2a: Rabsca\n|-resisted|p2a: Rabsca\n|-damage|p2a: Rabsca|0 fnt\n|faint|p2a: Rabsca\n|\n|-weather|SunnyDay|[upkeep]\n|upkeep\n|\n|t:|1783567288\n|switch|p2a: Sneasler|Sneasler, L74, M|100/100\n|turn|16\n|inactive|Time left: 300 sec this turn | 300 sec total\n|\n|t:|1783567289\n|move|p2a: Sneasler|Close Combat|p1a: Torkoal\n|-damage|p1a: Torkoal|0 fnt\n|-unboost|p2a: Sneasler|def|1\n|-unboost|p2a: Sneasler|spd|1\n|faint|p1a: Torkoal\n|-enditem|p2a: Sneasler|White Herb\n|-clearnegativeboost|p2a: Sneasler|[silent]\n|\n|-weather|none\n|upkeep\n|inactive|Time left: 300 sec this turn | 300 sec total | 5 sec grace\n|\n|t:|1783567289\n|switch|p1a: Azumarill|Azumarill, L82, F|298/298\n|turn|17\n|inactive|Time left: 300 sec this turn | 300 sec total\n|\n|t:|1783567290\n|move|p2a: Sneasler|Gunk Shot|p1a: Azumarill\n|-supereffective|p1a: Azumarill\n|-damage|p1a: Azumarill|8/298\n|move|p1a: Azumarill|Liquidation|p2a: Sneasler\n|-damage|p2a: Sneasler|5/100\n|\n|upkeep\n|turn|18\n|inactive|Time left: 300 sec this turn | 300 sec total\n|\n|t:|1783567291\n|move|p2a: Sneasler|Acrobatics|p1a: Azumarill\n|-damage|p1a: Azumarill|0 fnt\n|faint|p1a: Azumarill\n|\n|upkeep\n|inactive|Time left: 300 sec this turn | 300 sec total | 5 sec grace\n|\n|t:|1783567292\n|switch|p1a: Swanna|Swanna, L89, F|278/278\n|turn|19\n|inactive|Time left: 300 sec this turn | 300 sec total\n|\n|t:|1783567293\n|move|p2a: Sneasler|Gunk Shot|p1a: Swanna\n|-damage|p1a: Swanna|121/278\n|move|p1a: Swanna|Brave Bird|p2a: Sneasler\n|-supereffective|p2a: Sneasler\n|-damage|p2a: Sneasler|0 fnt\n|faint|p2a: Sneasler\n|-damage|p1a: Swanna|117/278|[from] Recoil\n|\n|upkeep\n|\n|t:|1783567294\n|switch|p2a: Illumise|Illumise, L91, F|100/100\n|turn|20\n|inactive|Time left: 300 sec this turn | 300 sec total\n|\n|t:|1783567295\n|move|p2a: Illumise|Thunder Wave|p1a: Swanna\n|-status|p1a: Swanna|par\n|move|p1a: Swanna|Brave Bird|p2a: Illumise\n|-supereffective|p2a: Illumise\n|-damage|p2a: Illumise|0 fnt\n|faint|p2a: Illumise\n|-damage|p1a: Swanna|29/278 par|[from] Recoil\n|\n|upkeep\n|\n|t:|1783567296\n|switch|p2a: Sandslash|Sandslash, L89, F|30/100\n|turn|21\n|inactive|Time left: 300 sec this turn | 300 sec total\n|\n|t:|1783567297\n|move|p2a: Sandslash|Stone Edge|p1a: Swanna\n|-supereffective|p1a: Swanna\n|-damage|p1a: Swanna|0 fnt\n|faint|p1a: Swanna\n|\n|upkeep\n|inactive|Time left: 300 sec this turn | 300 sec total | 5 sec grace\n|\n|t:|1783567298\n|switch|p1a: Koraidon|Koraidon, L64|235/235\n|-weather|SunnyDay|[from] ability: Orichalcum Pulse|[of] p1a: Koraidon\n|-activate|p1a: Koraidon|Orichalcum Pulse|[source]\n|turn|22\n|inactive|Time left: 300 sec this turn | 300 sec total\n|\n|t:|1783567299\n|-terastallize|p2a: Sandslash|Water\n|move|p1a: Koraidon|Flare Blitz|p2a: Sandslash\n|-resisted|p2a: Sandslash\n|-damage|p2a: Sandslash|13/100\n|-status|p2a: Sandslash|brn\n|-damage|p1a: Koraidon|219/235|[from] Recoil\n|move|p2a: Sandslash|Rapid Spin|p1a: Koraidon\n|-damage|p1a: Koraidon|198/235\n|-boost|p2a: Sandslash|spe|1\n|\n|-weather|SunnyDay|[upkeep]\n|-damage|p2a: Sandslash|7/100 brn|[from] brn\n|upkeep\n|turn|23\n|inactive|Time left: 300 sec this turn | 300 sec total\n|\n|t:|1783567300\n|move|p2a: Sandslash|Earthquake|p1a: Koraidon\n|-damage|p1a: Koraidon|132/235\n|move|p1a: Koraidon|Flare Blitz|p2a: Sandslash\n|-resisted|p2a: Sandslash\n|-damage|p2a: Sandslash|0 fnt\n|faint|p2a: Sandslash\n|-damage|p1a: Koraidon|126/235|[from] Recoil\n|\n|win|p0x2436d4fb", "uploadtime": 1783567300, "views": 0, "rating": 0, "private": 0, "password": null, "_winner": "p0x2436d4fb", "_our_name": "p0x2436d4fb"}