{"id": "battle-gen9randombattle-2662", "formatid": "gen9randombattle", "format": "[Gen 9] Random Battle", "players": ["p0x266233cb", "p0y2662d137"], "log": "|init|battle\n|title|p0x266233cb vs. p0y2662d137\n|j|\u2606p0x266233cb\n|j|\u2606p0y2662d137\n|t:|1783569707\n|gametype|singles\n|player|p1|p0x266233cb|2|\n|player|p2|p0y2662d137|170|\n|gen|9\n|tier|[Gen 9] Random Battle\n|rule|Species Clause: Limit one of each Pok\u00e9mon\n|rule|HP Percentage Mod: HP is shown in percentages\n|rule|Sleep Clause Mod: Limit one foe put to sleep\n|rule|Illusion Level Mod: Illusion disguises the Pok\u00e9mon's true level\n|\n|t:|1783569707\n|teamsize|p1|6\n|teamsize|p2|6\n|start\n|switch|p1a: Dragapult|Dragapult, L77, F|100/100\n|switch|p2a: Palkia|Palkia, L75|259/259\n|-ability|p2a: Palkia|Pressure\n|turn|1\n|inactive|Battle timer is ON: inactive players will automatically lose when time's up. (requested by p0y2662d137)\n|\n|t:|1783569708\n|move|p2a: Palkia|Spacial Rend|p1a: Dragapult\n|-supereffective|p1a: Dragapult\n|-damage|p1a: Dragapult|0 fnt\n|faint|p1a: Dragapult\n|\n|upkeep\n|inactive|p0x266233cb also wants the timer to be on.\n|\n|t:|1783569709\n|switch|p1a: Dedenne|Dedenne, L88, M|100/100\n|turn|2\n|inactive|Time left: 300 sec this turn | 300 sec total\n|\n|t:|1783569711\n|switch|p2a: Mamoswine|Mamoswine, L81, F|311/311\n|move|p1a: Dedenne|Super Fang|p2a: Mamoswine\n|-damage|p2a: Mamoswine|156/311\n|\n|upkeep\n|turn|3\n|inactive|Time left: 300 sec this turn | 300 sec total\n|\n|t:|1783569712\n|move|p1a: Dedenne|Dazzling Gleam|p2a: Mamoswine\n|-damage|p2a: Mamoswine|35/311\n|move|p2a: Mamoswine|Earthquake|p1a: Dedenne\n|-supereffective|p1a: Dedenne\n|-damage|p1a: Dedenne|0 fnt\n|faint|p1a: Dedenne\n|-damage|p2a: Mamoswine|4/311|[from] item: Life Orb\n|\n|upkeep\n|\n|t:|1783569712\n|switch|p1a: Girafarig|Girafarig, L89, F|100/100\n|turn|4\n|inactive|Time left: 300 sec this turn | 300 sec total\n|\n|t:|1783569713\n|move|p1a: Girafarig|Nasty Plot|p1a: Girafarig\n|-boost|p1a: Girafarig|spa|2\n|move|p2a: Mamoswine|Earthquake|p1a: Girafarig\n|-damage|p1a: Girafarig|55/100\n|-damage|p2a: Mamoswine|0 fnt|[from] item: Life Orb\n|faint|p2a: Mamoswine\n|\n|upkeep\n|inactive|Time left: 300 sec this turn | 300 sec total | 5 sec grace\n|\n|t:|1783569714\n|switch|p2a: Chi-Yu|Chi-Yu, L77|211/211\n|-ability|p2a: Chi-Yu|Beads of Ruin\n|turn|5\n|inactive|Time left: 300 sec this turn | 300 sec total\n|\n|t:|1783569715\n|move|p2a: Chi-Yu|Overheat|p1a: Girafarig\n|-damage|p1a: Girafarig|0 fnt\n|-unboost|p2a: Chi-Yu|spa|2\n|faint|p1a: Girafarig\n|\n|upkeep\n|\n|t:|1783569716\n|switch|p1a: Kleavor|Kleavor, L78, F|100/100\n|turn|6\n|inactive|Time left: 300 sec this turn | 300 sec total\n|\n|t:|1783569717\n|switch|p2a: Palkia|Palkia, L75|259/259\n|-ability|p2a: Palkia|Pressure\n|move|p1a: Kleavor|Stone Axe|p2a: Palkia|[miss]\n|-miss|p1a: Kleavor|p2a: Palkia\n|\n|upkeep\n|turn|7\n|inactive|Time left: 300 sec this turn | 300 sec total\n|\n|t:|1783569718\n|switch|p1a: Slowking|Slowking, L88, F|100/100\n|move|p2a: Palkia|Hydro Pump|p1a: Slowking\n|-resisted|p1a: Slowking\n|-crit|p1a: Slowking\n|-damage|p1a: Slowking|76/100\n|\n|-heal|p1a: Slowking|82/100|[from] item: Leftovers\n|upkeep\n|turn|8\n|inactive|Time left: 300 sec this turn | 300 sec total\n|\n|t:|1783569719\n|switch|p2a: Scrafty|Scrafty, L83, F|244/244\n|move|p1a: Slowking|Scald|p2a: Scrafty\n|-damage|p2a: Scrafty|163/244\n|\n|-heal|p2a: Scrafty|178/244|[from] item: Leftovers\n|-heal|p1a: Slowking|89/100|[from] item: Leftovers\n|upkeep\n|turn|9\n|inactive|Time left: 300 sec this turn | 300 sec total\n|\n|t:|1783569720\n|move|p2a: Scrafty|Bulk Up|p2a: Scrafty\n|-boost|p2a: Scrafty|atk|1\n|-boost|p2a: Scrafty|def|1\n|move|p1a: Slowking|Scald|p2a: Scrafty\n|-damage|p2a: Scrafty|96/244\n|-status|p2a: Scrafty|brn\n|\n|-heal|p2a: Scrafty|111/244 brn|[from] item: Leftovers\n|-heal|p1a: Slowking|95/100|[from] item: Leftovers\n|-damage|p2a: Scrafty|96/244 brn|[from] brn\n|upkeep\n|turn|10\n|inactive|Time left: 300 sec this turn | 300 sec total\n|\n|t:|1783569721\n|move|p2a: Scrafty|Rest|p2a: Scrafty\n|-status|p2a: Scrafty|slp|[from] move: Rest\n|-heal|p2a: Scrafty|244/244 slp|[silent]\n|move|p1a: Slowking|Scald|p2a: Scrafty\n|-damage|p2a: Scrafty|163/244 slp\n|\n|-activate|p2a: Scrafty|ability: Shed Skin\n|-curestatus|p2a: Scrafty|slp|[msg]\n|-heal|p2a: Scrafty|178/244|[from] item: Leftovers\n|-heal|p1a: Slowking|100/100|[from] item: Leftovers\n|upkeep\n|turn|11\n|inactive|Time left: 300 sec this turn | 300 sec total\n|\n|t:|1783569722\n|-terastallize|p1a: Slowking|Fairy\n|move|p2a: Scrafty|Knock Off|p1a: Slowking\n|-resisted|p1a: Slowking\n|-damage|p1a: Slowking|79/100\n|-enditem|p1a: Slowking|Leftovers|[from] move: Knock Off|[of] p2a: Scrafty\n|move|p1a: Slowking|Scald|p2a: Scrafty\n|-damage|p2a: Scrafty|96/244\n|\n|-heal|p2a: Scrafty|111/244|[from] item: Leftovers\n|upkeep\n|turn|12\n|inactive|Time left: 300 sec this turn | 300 sec total\n|\n|t:|1783569723\n|move|p2a: Scrafty|Bulk Up|p2a: Scrafty\n|-boost|p2a: Scrafty|atk|1\n|-boost|p2a: Scrafty|def|1\n|move|p1a: Slowking|Scald|p2a: Scrafty\n|-damage|p2a: Scrafty|35/244\n|\n|-heal|p2a: Scrafty|50/244|[from] item: Leftovers\n|upkeep\n|turn|13\n|inactive|Time left: 300 sec this turn | 300 sec total\n|\n|t:|1783569724\n|move|p2a: Scrafty|Rest|p2a: Scrafty\n|-status|p2a: Scrafty|slp|[from] move: Rest\n|-heal|p2a: Scrafty|244/244 slp|[silent]\n|move|p1a: Slowking|Scald|p2a: Scrafty\n|-damage|p2a: Scrafty|168/244 slp\n|\n|-activate|p2a: Scrafty|ability: Shed Skin\n|-curestatus|p2a: Scrafty|slp|[msg]\n|-heal|p2a: Scrafty|183/244|[from] item: Leftovers\n|upkeep\n|turn|14\n|inactive|Time left: 300 sec this turn | 300 sec total\n|\n|t:|1783569725\n|move|p2a: Scrafty|Bulk Up|p2a: Scrafty\n|-boost|p2a: Scrafty|atk|1\n|-boost|p2a: Scrafty|def|1\n|move|p1a: Slowking|Scald|p2a: Scrafty\n|-damage|p2a: Scrafty|101/244\n|\n|-heal|p2a: Scrafty|116/244|[from] item: Leftovers\n|upkeep\n|turn|15\n|inactive|Time left: 300 sec this turn | 300 sec total\n|\n|t:|1783569726\n|move|p2a: Scrafty|Drain Punch|p1a: Slowking\n|-resisted|p1a: Slowking\n|-damage|p1a: Slowking|50/100\n|-heal|p2a: Scrafty|160/244|[from] drain|[of] p1a: Slowking\n|move|p1a: Slowking|Slack Off|p1a: Slowking\n|-heal|p1a: Slowking|100/100\n|\n|-heal|p2a: Scrafty|175/244|[from] item: Leftovers\n|upkeep\n|turn|16\n|inactive|Time left: 300 sec this turn | 300 sec total\n|\n|t:|1783569727\n|move|p2a: Scrafty|Knock Off|p1a: Slowking\n|-resisted|p1a: Slowking\n|-damage|p1a: Slowking|72/100\n|move|p1a: Slowking|Scald|p2a: Scrafty\n|-damage|p2a: Scrafty|100/244\n|-status|p2a: Scrafty|brn\n|\n|-activate|p2a: Scrafty|ability: Shed Skin\n|-curestatus|p2a: Scrafty|brn|[msg]\n|-heal|p2a: Scrafty|115/244|[from] item: Leftovers\n|upkeep\n|turn|17\n|inactive|Time left: 300 sec this turn | 300 sec total\n|\n|t:|1783569728\n|move|p2a: Scrafty|Drain Punch|p1a: Slowking\n|-resisted|p1a: Slowking\n|-damage|p1a: Slowking|41/100\n|-heal|p2a: Scrafty|163/244|[from] drain|[of] p1a: Slowking\n|move|p1a: Slowking|Slack Off|p1a: Slowking\n|-heal|p1a: Slowking|91/100\n|\n|-heal|p2a: Scrafty|178/244|[from] item: Leftovers\n|upkeep\n|turn|18\n|inactive|Time left: 300 sec this turn | 300 sec total\n|\n|t:|1783569729\n|move|p2a: Scrafty|Drain Punch|p1a: Slowking\n|-resisted|p1a: Slowking\n|-damage|p1a: Slowking|60/100\n|-heal|p2a: Scrafty|227/244|[from] drain|[of] p1a: Slowking\n|move|p1a: Slowking|Slack Off|p1a: Slowking\n|-heal|p1a: Slowking|100/100\n|\n|-heal|p2a: Scrafty|242/244|[from] item: Leftovers\n|upkeep\n|turn|19\n|inactive|Time left: 300 sec this turn | 300 sec total\n|\n|t:|1783569730\n|move|p2a: Scrafty|Bulk Up|p2a: Scrafty\n|-boost|p2a: Scrafty|atk|1\n|-boost|p2a: Scrafty|def|1\n|move|p1a: Slowking|Slack Off||[still]\n|-fail|p1a: Slowking|heal\n|\n|-heal|p2a: Scrafty|244/244|[from] item: Leftovers\n|upkeep\n|turn|20\n|inactive|Time left: 300 sec this turn | 300 sec total\n|\n|t:|1783569731\n|move|p2a: Scrafty|Knock Off|p1a: Slowking\n|-resisted|p1a: Slowking\n|-damage|p1a: Slowking|70/100\n|move|p1a: Slowking|Slack Off|p1a: Slowking\n|-heal|p1a: Slowking|100/100\n|\n|upkeep\n|turn|21\n|inactive|Time left: 300 sec this turn | 300 sec total\n|\n|t:|1783569732\n|move|p2a: Scrafty|Knock Off|p1a: Slowking\n|-resisted|p1a: Slowking\n|-damage|p1a: Slowking|70/100\n|move|p1a: Slowking|Slack Off|p1a: Slowking\n|-heal|p1a: Slowking|100/100\n|\n|upkeep\n|turn|22\n|inactive|Time left: 300 sec this turn | 300 sec total\n|\n|t:|1783569733\n|move|p2a: Scrafty|Knock Off|p1a: Slowking\n|-resisted|p1a: Slowking\n|-damage|p1a: Slowking|66/100\n|move|p1a: Slowking|Slack Off|p1a: Slowking\n|-heal|p1a: Slowking|100/100\n|\n|upkeep\n|turn|23\n|inactive|Time left: 300 sec this turn | 300 sec total\n|\n|t:|1783569734\n|move|p2a: Scrafty|Drain Punch|p1a: Slowking\n|-resisted|p1a: Slowking\n|-damage|p1a: Slowking|62/100\n|move|p1a: Slowking|Slack Off|p1a: Slowking\n|-heal|p1a: Slowking|100/100\n|\n|upkeep\n|turn|24\n|inactive|Time left: 300 sec this turn | 300 sec total\n|\n|t:|1783569735\n|move|p2a: Scrafty|Drain Punch|p1a: Slowking\n|-resisted|p1a: Slowking\n|-damage|p1a: Slowking|67/100\n|move|p1a: Slowking|Scald|p2a: Scrafty\n|-damage|p2a: Scrafty|171/244\n|-status|p2a: Scrafty|brn\n|\n|-heal|p2a: Scrafty|186/244 brn|[from] item: Leftovers\n|-damage|p2a: Scrafty|171/244 brn|[from] brn\n|upkeep\n|turn|25\n|inactive|Time left: 300 sec this turn | 300 sec total\n|\n|t:|1783569736\n|move|p2a: Scrafty|Drain Punch|p1a: Slowking\n|-resisted|p1a: Slowking\n|-damage|p1a: Slowking|49/100\n|-heal|p2a: Scrafty|199/244 brn|[from] drain|[of] p1a: Slowking\n|move|p1a: Slowking|Scald|p2a: Scrafty\n|-damage|p2a: Scrafty|123/244 brn\n|\n|-heal|p2a: Scrafty|138/244 brn|[from] item: Leftovers\n|-damage|p2a: Scrafty|123/244 brn|[from] brn\n|upkeep\n|turn|26\n|inactive|Time left: 300 sec this turn | 300 sec total\n|\n|t:|1783569737\n|move|p2a: Scrafty|Drain Punch|p1a: Slowking\n|-resisted|p1a: Slowking\n|-damage|p1a: Slowking|29/100\n|-heal|p2a: Scrafty|154/244 brn|[from] drain|[of] p1a: Slowking\n|move|p1a: Slowking|Scald|p2a: Scrafty\n|-damage|p2a: Scrafty|73/244 brn\n|\n|-heal|p2a: Scrafty|88/244 brn|[from] item: Leftovers\n|-damage|p2a: Scrafty|73/244 brn|[from] brn\n|upkeep\n|turn|27\n|inactive|Time left: 300 sec this turn | 300 sec total\n|\n|t:|1783569738\n|switch|p1a: Ho-Oh|Ho-Oh, L71|100/100\n|move|p2a: Scrafty|Rest|p2a: Scrafty\n|-status|p2a: Scrafty|slp|[from] move: Rest\n|-heal|p2a: Scrafty|244/244 slp|[silent]\n|\n|upkeep\n|turn|28\n|inactive|Time left: 300 sec this turn | 300 sec total\n|\n|t:|1783569739\n|switch|p1a: Slowking|Slowking, L88, F, tera:Fairy|62/100\n|cant|p2a: Scrafty|slp\n|\n|upkeep\n|turn|29\n|inactive|Time left: 300 sec this turn | 300 sec total\n|\n|t:|1783569740\n|cant|p2a: Scrafty|slp\n|move|p1a: Slowking|Scald|p2a: Scrafty\n|-damage|p2a: Scrafty|162/244 slp\n|\n|-activate|p2a: Scrafty|ability: Shed Skin\n|-curestatus|p2a: Scrafty|slp|[msg]\n|-heal|p2a: Scrafty|177/244|[from] item: Leftovers\n|upkeep\n|turn|30\n|inactive|Time left: 300 sec this turn | 300 sec total\n|\n|t:|1783569741\n|move|p2a: Scrafty|Drain Punch|p1a: Slowking\n|-resisted|p1a: Slowking\n|-damage|p1a: Slowking|26/100\n|-heal|p2a: Scrafty|234/244|[from] drain|[of] p1a: Slowking\n|move|p1a: Slowking|Scald|p2a: Scrafty\n|-damage|p2a: Scrafty|159/244\n|\n|-heal|p2a: Scrafty|174/244|[from] item: Leftovers\n|upkeep\n|turn|31\n|inactive|Time left: 300 sec this turn | 300 sec total\n|\n|t:|1783569742\n|switch|p1a: Ho-Oh|Ho-Oh, L71|100/100\n|move|p2a: Scrafty|Knock Off|p1a: Ho-Oh\n|-damage|p1a: Ho-Oh|0 fnt\n|-enditem|p1a: Ho-Oh|Heavy-Duty Boots|[from] move: Knock Off|[of] p2a: Scrafty\n|faint|p1a: Ho-Oh\n|\n|-heal|p2a: Scrafty|189/244|[from] item: Leftovers\n|upkeep\n|\n|t:|1783569742\n|switch|p1a: Slowking|Slowking, L88, F, tera:Fairy|59/100\n|turn|32\n|inactive|Time left: 300 sec this turn | 300 sec total\n|\n|t:|1783569743\n|switch|p1a: Kleavor|Kleavor, L78, F|100/100\n|move|p2a: Scrafty|Drain Punch|p1a: Kleavor\n|-damage|p1a: Kleavor|1/100\n|-heal|p2a: Scrafty|244/244|[from] drain|[of] p1a: Kleavor\n|\n|upkeep\n|turn|33\n|inactive|Time left: 300 sec this turn | 300 sec total\n|\n|t:|1783569744\n|move|p1a: Kleavor|Stone Axe|p2a: Scrafty\n|-resisted|p2a: Scrafty\n|-damage|p2a: Scrafty|227/244\n|-sidestart|p2: p0y2662d137|move: Stealth Rock\n|move|p2a: Scrafty|Drain Punch|p1a: Kleavor\n|-damage|p1a: Kleavor|0 fnt\n|-heal|p2a: Scrafty|228/244|[from] drain|[of] p1a: Kleavor\n|faint|p1a: Kleavor\n|\n|-heal|p2a: Scrafty|243/244|[from] item: Leftovers\n|upkeep\n|\n|t:|1783569745\n|switch|p1a: Slowking|Slowking, L88, F, tera:Fairy|92/100\n|turn|34\n|inactive|Time left: 300 sec this turn | 300 sec total\n|\n|t:|1783569745\n|move|p2a: Scrafty|Drain Punch|p1a: Slowking\n|-resisted|p1a: Slowking\n|-damage|p1a: Slowking|54/100\n|-heal|p2a: Scrafty|244/244|[from] drain|[of] p1a: Slowking\n|move|p1a: Slowking|Scald|p2a: Scrafty\n|-damage|p2a: Scrafty|172/244\n|\n|-heal|p2a: Scrafty|187/244|[from] item: Leftovers\n|upkeep\n|turn|35\n|inactive|Time left: 300 sec this turn | 300 sec total\n|\n|t:|1783569746\n|move|p2a: Scrafty|Drain Punch|p1a: Slowking\n|-resisted|p1a: Slowking\n|-damage|p1a: Slowking|20/100\n|-heal|p2a: Scrafty|240/244|[from] drain|[of] p1a: Slowking\n|move|p1a: Slowking|Scald|p2a: Scrafty\n|-damage|p2a: Scrafty|167/244\n|\n|-heal|p2a: Scrafty|182/244|[from] item: Leftovers\n|upkeep\n|turn|36\n|inactive|Time left: 300 sec this turn | 300 sec total\n|\n|t:|1783569747\n|move|p2a: Scrafty|Knock Off|p1a: Slowking\n|-resisted|p1a: Slowking\n|-damage|p1a: Slowking|0 fnt\n|faint|p1a: Slowking\n|\n|win|p0y2662d137", "uploadtime": 1783569747, "views": 0, "rating": 0, "private": 0, "password": null, "_winner": "p0y2662d137", "_our_name": "p0y2662d137"}