{"id": "battle-gen9randombattle-2652", "formatid": "gen9randombattle", "format": "[Gen 9] Random Battle", "players": ["p0x265266bf", "p0y2652a406"], "log": "|init|battle\n|title|p0x265266bf vs. p0y2652a406\n|j|\u2606p0x265266bf\n|j|\u2606p0y2652a406\n|t:|1783570608\n|gametype|singles\n|player|p1|p0x265266bf|102|\n|player|p2|p0y2652a406|170|\n|gen|9\n|tier|[Gen 9] Random Battle\n|rule|Species Clause: Limit one of each Pok\u00e9mon\n|rule|HP Percentage Mod: HP is shown in percentages\n|rule|Sleep Clause Mod: Limit one foe put to sleep\n|rule|Illusion Level Mod: Illusion disguises the Pok\u00e9mon's true level\n|\n|t:|1783570608\n|teamsize|p1|6\n|teamsize|p2|6\n|start\n|switch|p1a: Quaquaval|Quaquaval, L79, M|100/100\n|switch|p2a: Swalot|Swalot, L90, F|326/326\n|turn|1\n|inactive|Battle timer is ON: inactive players will automatically lose when time's up. (requested by p0y2652a406)\n|inactive|p0x265266bf also wants the timer to be on.\n|\n|t:|1783570610\n|move|p1a: Quaquaval|Aqua Step|p2a: Swalot\n|-damage|p2a: Swalot|206/326\n|-boost|p1a: Quaquaval|spe|1\n|move|p2a: Swalot|Swords Dance|p2a: Swalot\n|-boost|p2a: Swalot|atk|2\n|\n|-heal|p2a: Swalot|226/326|[from] item: Leftovers\n|upkeep\n|turn|2\n|inactive|Time left: 300 sec this turn | 300 sec total\n|\n|t:|1783570611\n|move|p1a: Quaquaval|Aqua Step|p2a: Swalot\n|-damage|p2a: Swalot|87/326\n|-boost|p1a: Quaquaval|spe|1\n|move|p2a: Swalot|Gunk Shot|p1a: Quaquaval|[miss]\n|-miss|p2a: Swalot|p1a: Quaquaval\n|\n|-heal|p2a: Swalot|107/326|[from] item: Leftovers\n|upkeep\n|turn|3\n|inactive|Time left: 300 sec this turn | 300 sec total\n|\n|t:|1783570612\n|move|p1a: Quaquaval|Aqua Step|p2a: Swalot\n|-damage|p2a: Swalot|0 fnt\n|-boost|p1a: Quaquaval|spe|1\n|faint|p2a: Swalot\n|-ability|p1a: Quaquaval|Moxie|boost\n|-boost|p1a: Quaquaval|atk|1\n|\n|upkeep\n|inactive|Time left: 300 sec this turn | 300 sec total | 5 sec grace\n|\n|t:|1783570612\n|switch|p2a: Suicune|Suicune, L82|298/298\n|-ability|p2a: Suicune|Pressure\n|turn|4\n|inactive|Time left: 300 sec this turn | 300 sec total\n|\n|t:|1783570614\n|move|p1a: Quaquaval|Aqua Step|p2a: Suicune\n|-resisted|p2a: Suicune\n|-damage|p2a: Suicune|211/298\n|-boost|p1a: Quaquaval|spe|1\n|move|p2a: Suicune|Substitute|p2a: Suicune\n|-start|p2a: Suicune|Substitute\n|-damage|p2a: Suicune|137/298\n|\n|-heal|p2a: Suicune|155/298|[from] item: Leftovers\n|upkeep\n|turn|5\n|inactive|Time left: 300 sec this turn | 300 sec total\n|\n|t:|1783570615\n|move|p1a: Quaquaval|Aqua Step|p2a: Suicune\n|-resisted|p2a: Suicune\n|-end|p2a: Suicune|Substitute\n|-boost|p1a: Quaquaval|spe|1\n|move|p2a: Suicune|Scald|p1a: Quaquaval\n|-resisted|p1a: Quaquaval\n|-damage|p1a: Quaquaval|84/100\n|-status|p1a: Quaquaval|brn\n|\n|-heal|p2a: Suicune|173/298|[from] item: Leftovers\n|-damage|p1a: Quaquaval|78/100 brn|[from] brn\n|upkeep\n|turn|6\n|inactive|Time left: 300 sec this turn | 300 sec total\n|\n|t:|1783570616\n|move|p1a: Quaquaval|Aqua Step|p2a: Suicune\n|-resisted|p2a: Suicune\n|-damage|p2a: Suicune|128/298\n|-boost|p1a: Quaquaval|spe|1\n|move|p2a: Suicune|Calm Mind|p2a: Suicune\n|-boost|p2a: Suicune|spa|1\n|-boost|p2a: Suicune|spd|1\n|\n|-heal|p2a: Suicune|146/298|[from] item: Leftovers\n|-damage|p1a: Quaquaval|72/100 brn|[from] brn\n|upkeep\n|turn|7\n|inactive|Time left: 300 sec this turn | 300 sec total\n|\n|t:|1783570617\n|move|p1a: Quaquaval|Aqua Step|p2a: Suicune\n|-resisted|p2a: Suicune\n|-damage|p2a: Suicune|107/298\n|move|p2a: Suicune|Scald|p1a: Quaquaval\n|-resisted|p1a: Quaquaval\n|-damage|p1a: Quaquaval|48/100 brn\n|\n|-heal|p2a: Suicune|125/298|[from] item: Leftovers\n|-damage|p1a: Quaquaval|42/100 brn|[from] brn\n|upkeep\n|turn|8\n|inactive|Time left: 300 sec this turn | 300 sec total\n|\n|t:|1783570618\n|move|p1a: Quaquaval|Aqua Step|p2a: Suicune\n|-resisted|p2a: Suicune\n|-damage|p2a: Suicune|82/298\n|move|p2a: Suicune|Calm Mind|p2a: Suicune\n|-boost|p2a: Suicune|spa|1\n|-boost|p2a: Suicune|spd|1\n|\n|-heal|p2a: Suicune|100/298|[from] item: Leftovers\n|-damage|p1a: Quaquaval|36/100 brn|[from] brn\n|upkeep\n|turn|9\n|inactive|Time left: 300 sec this turn | 300 sec total\n|\n|t:|1783570619\n|move|p1a: Quaquaval|Aqua Step|p2a: Suicune\n|-resisted|p2a: Suicune\n|-damage|p2a: Suicune|57/298\n|move|p2a: Suicune|Ice Beam|p1a: Quaquaval\n|-resisted|p1a: Quaquaval\n|-crit|p1a: Quaquaval\n|-damage|p1a: Quaquaval|0 fnt\n|faint|p1a: Quaquaval\n|\n|-heal|p2a: Suicune|75/298|[from] item: Leftovers\n|upkeep\n|\n|t:|1783570619\n|switch|p1a: Chimecho|Chimecho, L93, M|100/100\n|turn|10\n|inactive|Time left: 300 sec this turn | 300 sec total\n|\n|t:|1783570620\n|move|p2a: Suicune|Scald|p1a: Chimecho\n|-damage|p1a: Chimecho|52/100\n|-status|p1a: Chimecho|brn\n|move|p1a: Chimecho|Psyshock|p2a: Suicune\n|-damage|p2a: Suicune|0 fnt\n|faint|p2a: Suicune\n|\n|-heal|p1a: Chimecho|58/100 brn|[from] item: Leftovers\n|-damage|p1a: Chimecho|52/100 brn|[from] brn\n|upkeep\n|inactive|Time left: 300 sec this turn | 300 sec total | 5 sec grace\n|\n|t:|1783570622\n|switch|p2a: Squawkabilly|Squawkabilly-White, L89, F|291/291\n|turn|11\n|inactive|Time left: 300 sec this turn | 300 sec total\n|\n|t:|1783570623\n|move|p2a: Squawkabilly|Double-Edge|p1a: Chimecho\n|-damage|p1a: Chimecho|0 fnt\n|faint|p1a: Chimecho\n|-damage|p2a: Squawkabilly|242/291|[from] Recoil\n|\n|upkeep\n|\n|t:|1783570624\n|switch|p1a: Walking Wake|Walking Wake, L79|100/100\n|turn|12\n|inactive|Time left: 300 sec this turn | 300 sec total\n|\n|t:|1783570625\n|move|p1a: Walking Wake|Hydro Pump|p2a: Squawkabilly\n|-damage|p2a: Squawkabilly|0 fnt\n|faint|p2a: Squawkabilly\n|\n|upkeep\n|inactive|Time left: 300 sec this turn | 300 sec total | 5 sec grace\n|\n|t:|1783570626\n|switch|p2a: Muk|Muk-Alola, L82, F|306/306\n|turn|13\n|inactive|Time left: 300 sec this turn | 300 sec total\n|\n|t:|1783570627\n|-end|p1a: Walking Wake|Protosynthesis|[silent]\n|switch|p1a: Cobalion|Cobalion, L80|100/100\n|move|p2a: Muk|Knock Off|p1a: Cobalion\n|-resisted|p1a: Cobalion\n|-damage|p1a: Cobalion|87/100\n|-ability|p1a: Cobalion|Justified|boost\n|-boost|p1a: Cobalion|atk|1\n|-enditem|p1a: Cobalion|Leftovers|[from] move: Knock Off|[of] p2a: Muk\n|\n|upkeep\n|turn|14\n|inactive|Time left: 300 sec this turn | 300 sec total\n|\n|t:|1783570628\n|move|p1a: Cobalion|Calm Mind|p1a: Cobalion\n|-boost|p1a: Cobalion|spa|1\n|-boost|p1a: Cobalion|spd|1\n|move|p2a: Muk|Drain Punch|p1a: Cobalion\n|-supereffective|p1a: Cobalion\n|-damage|p1a: Cobalion|57/100\n|\n|upkeep\n|turn|15\n|inactive|Time left: 300 sec this turn | 300 sec total\n|\n|t:|1783570629\n|move|p1a: Cobalion|Flash Cannon|p2a: Muk\n|-damage|p2a: Muk|240/306\n|move|p2a: Muk|Drain Punch|p1a: Cobalion\n|-supereffective|p1a: Cobalion\n|-damage|p1a: Cobalion|24/100\n|-heal|p2a: Muk|285/306|[from] drain|[of] p1a: Cobalion\n|\n|upkeep\n|turn|16\n|inactive|Time left: 300 sec this turn | 300 sec total\n|\n|t:|1783570630\n|move|p1a: Cobalion|Calm Mind|p1a: Cobalion\n|-boost|p1a: Cobalion|spa|1\n|-boost|p1a: Cobalion|spd|1\n|move|p2a: Muk|Drain Punch|p1a: Cobalion\n|-supereffective|p1a: Cobalion\n|-damage|p1a: Cobalion|0 fnt\n|-heal|p2a: Muk|306/306|[from] drain|[of] p1a: Cobalion\n|faint|p1a: Cobalion\n|\n|upkeep\n|\n|t:|1783570631\n|switch|p1a: Camerupt|Camerupt, L91, M|100/100\n|turn|17\n|inactive|Time left: 300 sec this turn | 300 sec total\n|\n|t:|1783570632\n|-terastallize|p2a: Muk|Fighting\n|move|p2a: Muk|Knock Off|p1a: Camerupt\n|-damage|p1a: Camerupt|60/100\n|-status|p1a: Camerupt|psn|[from] ability: Poison Touch|[of] p2a: Muk\n|-enditem|p1a: Camerupt|Leftovers|[from] move: Knock Off|[of] p2a: Muk\n|move|p1a: Camerupt|Earthquake|p2a: Muk\n|-damage|p2a: Muk|147/306\n|\n|-damage|p1a: Camerupt|47/100 psn|[from] psn\n|upkeep\n|turn|18\n|inactive|Time left: 300 sec this turn | 300 sec total\n|\n|t:|1783570633\n|move|p2a: Muk|Drain Punch|p1a: Camerupt\n|-crit|p1a: Camerupt\n|-damage|p1a: Camerupt|0 fnt\n|-heal|p2a: Muk|212/306|[from] drain|[of] p1a: Camerupt\n|faint|p1a: Camerupt\n|\n|upkeep\n|\n|t:|1783570634\n|switch|p1a: Maushold|Maushold, L76|100/100\n|turn|19\n|inactive|Time left: 300 sec this turn | 300 sec total\n|\n|t:|1783570635\n|move|p1a: Maushold|Population Bomb|p2a: Muk\n|-crit|p2a: Muk\n|-damage|p2a: Muk|173/306\n|-damage|p2a: Muk|146/306\n|-crit|p2a: Muk\n|-damage|p2a: Muk|110/306\n|-damage|p2a: Muk|85/306\n|-damage|p2a: Muk|58/306\n|-damage|p2a: Muk|31/306\n|-damage|p2a: Muk|4/306\n|-damage|p2a: Muk|0 fnt\n|faint|p2a: Muk\n|-hitcount|p2: Muk|8\n|\n|upkeep\n|inactive|Time left: 300 sec this turn | 300 sec total | 5 sec grace\n|\n|t:|1783570636\n|switch|p2a: Raikou|Raikou, L81|278/278\n|-ability|p2a: Raikou|Pressure\n|turn|20\n|inactive|Time left: 300 sec this turn | 300 sec total\n|\n|t:|1783570637\n|move|p2a: Raikou|Scald|p1a: Maushold\n|-damage|p1a: Maushold|69/100\n|-status|p1a: Maushold|brn\n|move|p1a: Maushold|Tidy Up|p1a: Maushold\n|-boost|p1a: Maushold|atk|1\n|-boost|p1a: Maushold|spe|1\n|\n|-damage|p1a: Maushold|64/100 brn|[from] brn\n|upkeep\n|turn|21\n|inactive|Time left: 300 sec this turn | 300 sec total\n|\n|t:|1783570638\n|move|p1a: Maushold|Population Bomb|p2a: Raikou\n|-crit|p2a: Raikou\n|-damage|p2a: Raikou|249/278\n|-damage|p2a: Raikou|229/278\n|-damage|p2a: Raikou|208/278\n|-damage|p2a: Raikou|187/278\n|-damage|p2a: Raikou|168/278\n|-damage|p2a: Raikou|148/278\n|-damage|p2a: Raikou|129/278\n|-damage|p2a: Raikou|111/278\n|-damage|p2a: Raikou|91/278\n|-damage|p2a: Raikou|73/278\n|-hitcount|p2a: Raikou|10\n|move|p2a: Raikou|Volt Switch|p1a: Maushold\n|-damage|p1a: Maushold|25/100 brn\n|inactive|Time left: 300 sec this turn | 300 sec total | 5 sec grace\n|\n|t:|1783570639\n|switch|p2a: Zangoose|Zangoose, L85, M|263/263|[from] Volt Switch\n|\n|-damage|p1a: Maushold|19/100 brn|[from] brn\n|-status|p2a: Zangoose|tox|[from] item: Toxic Orb\n|upkeep\n|turn|22\n|inactive|Time left: 300 sec this turn | 300 sec total\n|\n|t:|1783570640\n|move|p2a: Zangoose|Quick Attack|p1a: Maushold\n|-damage|p1a: Maushold|0 fnt\n|faint|p1a: Maushold\n|\n|-damage|p2a: Zangoose|247/263 tox|[from] psn\n|upkeep\n|\n|t:|1783570641\n|switch|p1a: Walking Wake|Walking Wake, L79|100/100\n|turn|23\n|inactive|Time left: 300 sec this turn | 300 sec total\n|\n|t:|1783570642\n|move|p1a: Walking Wake|Hydro Pump|p2a: Zangoose\n|-damage|p2a: Zangoose|0 fnt\n|faint|p2a: Zangoose\n|\n|upkeep\n|inactive|Time left: 300 sec this turn | 300 sec total | 5 sec grace\n|\n|t:|1783570643\n|switch|p2a: Raikou|Raikou, L81|73/278\n|-ability|p2a: Raikou|Pressure\n|turn|24\n|inactive|Time left: 300 sec this turn | 300 sec total\n|\n|t:|1783570643\n|move|p2a: Raikou|Thunderbolt|p1a: Walking Wake\n|-damage|p1a: Walking Wake|63/100\n|move|p1a: Walking Wake|Hydro Pump|p2a: Raikou|[miss]\n|-miss|p1a: Walking Wake|p2a: Raikou\n|\n|upkeep\n|turn|25\n|inactive|Time left: 300 sec this turn | 300 sec total\n|\n|t:|1783570644\n|move|p2a: Raikou|Thunderbolt|p1a: Walking Wake\n|-damage|p1a: Walking Wake|24/100\n|move|p1a: Walking Wake|Hydro Pump|p2a: Raikou\n|-damage|p2a: Raikou|0 fnt\n|faint|p2a: Raikou\n|\n|win|p0x265266bf", "uploadtime": 1783570644, "views": 0, "rating": 0, "private": 0, "password": null, "_winner": "p0x265266bf", "_our_name": "p0y2652a406"}