{"id": "battle-gen9randombattle-2612", "formatid": "gen9randombattle", "format": "[Gen 9] Random Battle", "players": ["p0x26120940", "p0y26129f28"], "log": "|init|battle\n|title|p0x26120940 vs. p0y26129f28\n|j|\u2606p0x26120940\n|j|\u2606p0y26129f28\n|t:|1783570151\n|gametype|singles\n|player|p1|p0x26120940|265|\n|player|p2|p0y26129f28|266|\n|gen|9\n|tier|[Gen 9] Random Battle\n|rule|Species Clause: Limit one of each Pok\u00e9mon\n|rule|HP Percentage Mod: HP is shown in percentages\n|rule|Sleep Clause Mod: Limit one foe put to sleep\n|rule|Illusion Level Mod: Illusion disguises the Pok\u00e9mon's true level\n|\n|t:|1783570151\n|teamsize|p1|6\n|teamsize|p2|6\n|start\n|switch|p1a: Brambleghast|Brambleghast, L88, F|240/240\n|switch|p2a: Araquanid|Araquanid, L82, M|100/100\n|turn|1\n|inactive|Battle timer is ON: inactive players will automatically lose when time's up. (requested by p0x26120940)\n|inactive|p0y26129f28 also wants the timer to be on.\n|\n|t:|1783570153\n|move|p1a: Brambleghast|Power Whip|p2a: Araquanid\n|-damage|p2a: Araquanid|38/100\n|move|p2a: Araquanid|Sticky Web|p1a: Brambleghast\n|-sidestart|p1: p0x26120940|move: Sticky Web\n|\n|upkeep\n|turn|2\n|inactive|Time left: 300 sec this turn | 300 sec total\n|\n|t:|1783570154\n|switch|p2a: Gogoat|Gogoat, L88, F, shiny|100/100\n|move|p1a: Brambleghast|Rapid Spin|p2a: Gogoat\n|-damage|p2a: Gogoat|84/100\n|-boost|p1a: Brambleghast|spe|1\n|-sideend|p1: p0x26120940|Sticky Web|[from] move: Rapid Spin|[of] p1a: Brambleghast\n|\n|-heal|p2a: Gogoat|90/100|[from] item: Leftovers\n|upkeep\n|turn|3\n|inactive|Time left: 300 sec this turn | 300 sec total\n|\n|t:|1783570155\n|move|p1a: Brambleghast|Poltergeist|p2a: Gogoat\n|-activate|p2a: Gogoat|move: Poltergeist|Leftovers\n|-crit|p2a: Gogoat\n|-damage|p2a: Gogoat|12/100\n|move|p2a: Gogoat|Bulk Up|p2a: Gogoat\n|-boost|p2a: Gogoat|atk|1\n|-boost|p2a: Gogoat|def|1\n|\n|-heal|p2a: Gogoat|18/100|[from] item: Leftovers\n|upkeep\n|turn|4\n|inactive|Time left: 300 sec this turn | 300 sec total\n|\n|t:|1783570156\n|move|p1a: Brambleghast|Poltergeist|p2a: Gogoat\n|-activate|p2a: Gogoat|move: Poltergeist|Leftovers\n|-damage|p2a: Gogoat|0 fnt\n|faint|p2a: Gogoat\n|\n|upkeep\n|\n|t:|1783570157\n|switch|p2a: Arcanine|Arcanine-Hisui, L79, F|100/100\n|turn|5\n|inactive|Time left: 300 sec this turn | 300 sec total\n|\n|t:|1783570158\n|move|p1a: Brambleghast|Power Whip|p2a: Arcanine|[miss]\n|-miss|p1a: Brambleghast|p2a: Arcanine\n|move|p2a: Arcanine|Flare Blitz|p1a: Brambleghast\n|-supereffective|p1a: Brambleghast\n|-damage|p1a: Brambleghast|0 fnt\n|faint|p1a: Brambleghast\n|\n|upkeep\n|inactive|Time left: 300 sec this turn | 300 sec total | 5 sec grace\n|\n|t:|1783570159\n|switch|p1a: Flapple|Flapple, L88, F|266/266\n|turn|6\n|inactive|Time left: 300 sec this turn | 300 sec total\n|\n|t:|1783570161\n|move|p2a: Arcanine|Flare Blitz|p1a: Flapple\n|-damage|p1a: Flapple|65/266\n|move|p1a: Flapple|Outrage|p2a: Arcanine\n|-damage|p2a: Arcanine|0 fnt\n|faint|p2a: Arcanine\n|\n|upkeep\n|\n|t:|1783570162\n|switch|p2a: Eternatus|Eternatus, L69|100/100\n|-ability|p2a: Eternatus|Pressure\n|turn|7\n|inactive|Time left: 300 sec this turn | 300 sec total\n|\n|t:|1783570163\n|move|p2a: Eternatus|Meteor Beam||[still]\n|-prepare|p2a: Eternatus|Meteor Beam\n|-boost|p2a: Eternatus|spa|1\n|-enditem|p2a: Eternatus|Power Herb\n|-anim|p2a: Eternatus|Meteor Beam|p1a: Flapple\n|-damage|p1a: Flapple|0 fnt\n|faint|p1a: Flapple\n|\n|upkeep\n|inactive|Time left: 300 sec this turn | 300 sec total | 5 sec grace\n|\n|t:|1783570164\n|switch|p1a: Entei|Entei, L78|307/307\n|turn|8\n|inactive|Time left: 300 sec this turn | 300 sec total\n|\n|t:|1783570165\n|move|p2a: Eternatus|Meteor Beam||[still]\n|-prepare|p2a: Eternatus|Meteor Beam\n|-boost|p2a: Eternatus|spa|1\n|move|p1a: Entei|Stomping Tantrum|p2a: Eternatus\n|-supereffective|p2a: Eternatus\n|-damage|p2a: Eternatus|40/100\n|\n|upkeep\n|turn|9\n|inactive|Time left: 300 sec this turn | 300 sec total\n|\n|t:|1783570166\n|switch|p1a: Regieleki|Regieleki, L79|256/256\n|move|p2a: Eternatus|Meteor Beam|p1a: Regieleki|[from] lockedmove\n|-damage|p1a: Regieleki|0 fnt\n|faint|p1a: Regieleki\n|\n|upkeep\n|inactive|Time left: 300 sec this turn | 300 sec total | 5 sec grace\n|\n|t:|1783570167\n|switch|p1a: Entei|Entei, L78|307/307\n|turn|10\n|inactive|Time left: 300 sec this turn | 300 sec total\n|\n|t:|1783570168\n|move|p1a: Entei|Extreme Speed|p2a: Eternatus\n|-damage|p2a: Eternatus|8/100\n|move|p2a: Eternatus|Dynamax Cannon|p1a: Entei\n|-damage|p1a: Entei|58/307\n|\n|upkeep\n|turn|11\n|inactive|Time left: 300 sec this turn | 300 sec total\n|\n|t:|1783570169\n|move|p1a: Entei|Extreme Speed|p2a: Eternatus\n|-damage|p2a: Eternatus|0 fnt\n|faint|p2a: Eternatus\n|\n|upkeep\n|\n|t:|1783570170\n|switch|p2a: Sylveon|Sylveon, L85, F|100/100\n|turn|12\n|inactive|Time left: 300 sec this turn | 300 sec total\n|\n|t:|1783570171\n|move|p1a: Entei|Extreme Speed|p2a: Sylveon\n|-damage|p2a: Sylveon|67/100\n|move|p2a: Sylveon|Hyper Voice|p1a: Entei\n|-resisted|p1a: Entei\n|-damage|p1a: Entei|0 fnt\n|faint|p1a: Entei\n|\n|-heal|p2a: Sylveon|73/100|[from] item: Leftovers\n|upkeep\n|inactive|Time left: 300 sec this turn | 300 sec total | 5 sec grace\n|\n|t:|1783570172\n|switch|p1a: Cinderace|Cinderace, L77, F|250/250\n|turn|13\n|inactive|Time left: 300 sec this turn | 300 sec total\n|\n|t:|1783570173\n|move|p2a: Sylveon|Protect|p2a: Sylveon\n|-singleturn|p2a: Sylveon|Protect\n|move|p1a: Cinderace|Pyro Ball|p2a: Sylveon\n|-activate|p2a: Sylveon|move: Protect\n|\n|-heal|p2a: Sylveon|79/100|[from] item: Leftovers\n|upkeep\n|turn|14\n|inactive|Time left: 300 sec this turn | 300 sec total\n|\n|t:|1783570174\n|switch|p2a: Latias|Latias, L79, F|100/100\n|move|p1a: Cinderace|Pyro Ball|p2a: Latias\n|-resisted|p2a: Latias\n|-damage|p2a: Latias|74/100\n|\n|upkeep\n|turn|15\n|inactive|Time left: 300 sec this turn | 300 sec total\n|\n|t:|1783570174\n|move|p1a: Cinderace|Pyro Ball|p2a: Latias\n|-resisted|p2a: Latias\n|-damage|p2a: Latias|50/100\n|move|p2a: Latias|Recover|p2a: Latias\n|-heal|p2a: Latias|100/100\n|\n|upkeep\n|turn|16\n|inactive|Time left: 300 sec this turn | 300 sec total\n|\n|t:|1783570175\n|move|p1a: Cinderace|Pyro Ball|p2a: Latias\n|-resisted|p2a: Latias\n|-damage|p2a: Latias|77/100\n|move|p2a: Latias|Calm Mind|p2a: Latias\n|-boost|p2a: Latias|spa|1\n|-boost|p2a: Latias|spd|1\n|\n|upkeep\n|turn|17\n|inactive|Time left: 300 sec this turn | 300 sec total\n|\n|t:|1783570176\n|move|p1a: Cinderace|U-turn|p2a: Latias\n|-start|p1a: Cinderace|typechange|Bug|[from] ability: Libero\n|-supereffective|p2a: Latias\n|-damage|p2a: Latias|13/100\n|inactive|Time left: 300 sec this turn | 300 sec total | 5 sec grace\n|\n|t:|1783570177\n|switch|p1a: Terapagos|Terapagos, L77, M|265/265|[from] U-turn\n|-activate|p1a: Terapagos|ability: Tera Shift\n|detailschange|p1a: Terapagos|Terapagos-Terastal, L77, M\n|-heal|p1a: Terapagos|273/273|[silent]\n|move|p2a: Latias|Draco Meteor|p1a: Terapagos\n|-activate|p1a: Terapagos|ability: Tera Shell\n|-resisted|p1a: Terapagos\n|-damage|p1a: Terapagos|169/273\n|-unboost|p2a: Latias|spa|2\n|\n|upkeep\n|turn|18\n|inactive|Time left: 300 sec this turn | 300 sec total\n|\n|t:|1783570178\n|move|p2a: Latias|Recover|p2a: Latias\n|-heal|p2a: Latias|63/100\n|move|p1a: Terapagos|Calm Mind|p1a: Terapagos\n|-boost|p1a: Terapagos|spa|1\n|-boost|p1a: Terapagos|spd|1\n|\n|upkeep\n|turn|19\n|inactive|Time left: 300 sec this turn | 300 sec total\n|\n|t:|1783570178\n|move|p2a: Latias|Calm Mind|p2a: Latias\n|-boost|p2a: Latias|spa|1\n|-boost|p2a: Latias|spd|1\n|move|p1a: Terapagos|Calm Mind|p1a: Terapagos\n|-boost|p1a: Terapagos|spa|1\n|-boost|p1a: Terapagos|spd|1\n|\n|upkeep\n|turn|20\n|inactive|Time left: 300 sec this turn | 300 sec total\n|\n|t:|1783570179\n|move|p2a: Latias|Psyshock|p1a: Terapagos\n|-damage|p1a: Terapagos|73/273\n|move|p1a: Terapagos|Rest|p1a: Terapagos\n|-status|p1a: Terapagos|slp|[from] move: Rest\n|-heal|p1a: Terapagos|273/273 slp|[silent]\n|-enditem|p1a: Terapagos|Chesto Berry|[eat]\n|-curestatus|p1a: Terapagos|slp|[msg]\n|\n|upkeep\n|turn|21\n|inactive|Time left: 300 sec this turn | 300 sec total\n|\n|t:|1783570180\n|move|p2a: Latias|Calm Mind|p2a: Latias\n|-boost|p2a: Latias|spa|1\n|-boost|p2a: Latias|spd|1\n|move|p1a: Terapagos|Tera Starstorm|p2a: Latias\n|-damage|p2a: Latias|36/100\n|\n|upkeep\n|turn|22\n|inactive|Time left: 300 sec this turn | 300 sec total\n|\n|t:|1783570181\n|move|p2a: Latias|Psyshock|p1a: Terapagos\n|-activate|p1a: Terapagos|ability: Tera Shell\n|-resisted|p1a: Terapagos\n|-damage|p1a: Terapagos|210/273\n|move|p1a: Terapagos|Tera Starstorm|p2a: Latias\n|-damage|p2a: Latias|6/100\n|\n|upkeep\n|turn|23\n|inactive|Time left: 300 sec this turn | 300 sec total\n|\n|t:|1783570182\n|move|p2a: Latias|Recover|p2a: Latias\n|-heal|p2a: Latias|56/100\n|move|p1a: Terapagos|Tera Starstorm|p2a: Latias\n|-damage|p2a: Latias|29/100\n|\n|upkeep\n|turn|24\n|inactive|Time left: 300 sec this turn | 300 sec total\n|\n|t:|1783570183\n|-terastallize|p2a: Latias|Steel\n|move|p2a: Latias|Psyshock|p1a: Terapagos\n|-damage|p1a: Terapagos|66/273\n|move|p1a: Terapagos|Tera Starstorm|p2a: Latias\n|-resisted|p2a: Latias\n|-damage|p2a: Latias|15/100\n|\n|upkeep\n|turn|25\n|inactive|Time left: 300 sec this turn | 300 sec total\n|\n|t:|1783570184\n|move|p2a: Latias|Psyshock|p1a: Terapagos\n|-damage|p1a: Terapagos|0 fnt\n|faint|p1a: Terapagos\n|\n|upkeep\n|inactive|Time left: 300 sec this turn | 300 sec total | 5 sec grace\n|\n|t:|1783570184\n|switch|p1a: Cinderace|Cinderace, L77, F|250/250\n|turn|26\n|inactive|Time left: 300 sec this turn | 300 sec total\n|\n|t:|1783570185\n|move|p1a: Cinderace|Pyro Ball|p2a: Latias\n|-supereffective|p2a: Latias\n|-damage|p2a: Latias|0 fnt\n|faint|p2a: Latias\n|\n|upkeep\n|\n|t:|1783570186\n|switch|p2a: Araquanid|Araquanid, L82, M|38/100\n|turn|27\n|inactive|Time left: 300 sec this turn | 300 sec total\n|\n|t:|1783570187\n|move|p1a: Cinderace|U-turn|p2a: Araquanid\n|-start|p1a: Cinderace|typechange|Bug|[from] ability: Libero\n|-damage|p2a: Araquanid|11/100\n|move|p2a: Araquanid|Liquidation|p1a: Cinderace\n|-damage|p1a: Cinderace|90/250\n|\n|upkeep\n|turn|28\n|inactive|Time left: 300 sec this turn | 300 sec total\n|\n|t:|1783570188\n|move|p1a: Cinderace|U-turn|p2a: Araquanid\n|-damage|p2a: Araquanid|0 fnt\n|faint|p2a: Araquanid\n|\n|upkeep\n|\n|t:|1783570189\n|switch|p2a: Sylveon|Sylveon, L85, F|79/100\n|turn|29\n|inactive|Time left: 300 sec this turn | 300 sec total\n|\n|t:|1783570190\n|-terastallize|p1a: Cinderace|Grass\n|move|p1a: Cinderace|U-turn|p2a: Sylveon\n|-resisted|p2a: Sylveon\n|-damage|p2a: Sylveon|65/100\n|move|p2a: Sylveon|Hyper Voice|p1a: Cinderace\n|-damage|p1a: Cinderace|0 fnt\n|faint|p1a: Cinderace\n|\n|win|p0y26129f28", "uploadtime": 1783570190, "views": 0, "rating": 0, "private": 0, "password": null, "_winner": "p0y26129f28", "_our_name": "p0x26120940"}