{"id": "battle-gen9randombattle-299", "formatid": "gen9randombattle", "format": "[Gen 9] Random Battle", "players": ["p0x299a06e", "p0y2999a7a"], "log": "|init|battle\n|title|p0x299a06e vs. p0y2999a7a\n|j|\u2606p0x299a06e\n|j|\u2606p0y2999a7a\n|t:|1783543042\n|gametype|singles\n|player|p1|p0x299a06e|169|\n|player|p2|p0y2999a7a|169|\n|gen|9\n|tier|[Gen 9] Random Battle\n|rule|Species Clause: Limit one of each Pok\u00e9mon\n|rule|HP Percentage Mod: HP is shown in percentages\n|rule|Sleep Clause Mod: Limit one foe put to sleep\n|rule|Illusion Level Mod: Illusion disguises the Pok\u00e9mon's true level\n|\n|t:|1783543042\n|teamsize|p1|6\n|teamsize|p2|6\n|start\n|switch|p1a: Hippowdon|Hippowdon, L82, F|100/100\n|switch|p2a: Rotom|Rotom-Fan, L86|226/226\n|-weather|Sandstorm|[from] ability: Sand Stream|[of] p1a: Hippowdon\n|turn|1\n|inactive|Battle timer is ON: inactive players will automatically lose when time's up. (requested by p0y2999a7a)\n|inactive|p0x299a06e also wants the timer to be on.\n|\n|t:|1783543044\n|move|p2a: Rotom|Will-O-Wisp|p1a: Hippowdon\n|-status|p1a: Hippowdon|brn\n|move|p1a: Hippowdon|Stone Edge|p2a: Rotom\n|-supereffective|p2a: Rotom\n|-damage|p2a: Rotom|162/226\n|\n|-weather|Sandstorm|[upkeep]\n|-damage|p2a: Rotom|148/226|[from] Sandstorm\n|-damage|p1a: Hippowdon|94/100 brn|[from] brn\n|upkeep\n|turn|2\n|inactive|Time left: 300 sec this turn | 300 sec total\n|\n|t:|1783543045\n|move|p2a: Rotom|Air Slash|p1a: Hippowdon\n|-damage|p1a: Hippowdon|59/100 brn\n|move|p1a: Hippowdon|Stone Edge|p2a: Rotom\n|-supereffective|p2a: Rotom\n|-damage|p2a: Rotom|86/226\n|\n|-weather|Sandstorm|[upkeep]\n|-damage|p2a: Rotom|72/226|[from] Sandstorm\n|-heal|p1a: Hippowdon|65/100 brn|[from] item: Leftovers\n|-damage|p1a: Hippowdon|59/100 brn|[from] brn\n|upkeep\n|turn|3\n|inactive|Time left: 300 sec this turn | 300 sec total\n|\n|t:|1783543046\n|move|p2a: Rotom|Air Slash|p1a: Hippowdon\n|-damage|p1a: Hippowdon|26/100 brn\n|move|p1a: Hippowdon|Slack Off|p1a: Hippowdon\n|-heal|p1a: Hippowdon|76/100 brn\n|\n|-weather|Sandstorm|[upkeep]\n|-damage|p2a: Rotom|58/226|[from] Sandstorm\n|-heal|p1a: Hippowdon|82/100 brn|[from] item: Leftovers\n|-damage|p1a: Hippowdon|76/100 brn|[from] brn\n|upkeep\n|turn|4\n|inactive|Time left: 300 sec this turn | 300 sec total\n|\n|t:|1783543047\n|switch|p2a: Groudon|Groudon, L72|263/263\n|-weather|SunnyDay|[from] ability: Drought|[of] p2a: Groudon\n|move|p1a: Hippowdon|Slack Off|p1a: Hippowdon\n|-heal|p1a: Hippowdon|100/100 brn\n|\n|-weather|SunnyDay|[upkeep]\n|-damage|p1a: Hippowdon|94/100 brn|[from] brn\n|upkeep\n|turn|5\n|inactive|Time left: 300 sec this turn | 300 sec total\n|\n|t:|1783543048\n|move|p2a: Groudon|Stealth Rock|p1a: Hippowdon\n|-sidestart|p1: p0x299a06e|move: Stealth Rock\n|move|p1a: Hippowdon|Earthquake|p2a: Groudon\n|-damage|p2a: Groudon|220/263\n|\n|-weather|SunnyDay|[upkeep]\n|-heal|p2a: Groudon|236/263|[from] item: Leftovers\n|-heal|p1a: Hippowdon|100/100 brn|[from] item: Leftovers\n|-damage|p1a: Hippowdon|94/100 brn|[from] brn\n|upkeep\n|turn|6\n|inactive|Time left: 300 sec this turn | 300 sec total\n|\n|t:|1783543050\n|move|p2a: Groudon|Precipice Blades|p1a: Hippowdon\n|-damage|p1a: Hippowdon|56/100 brn\n|move|p1a: Hippowdon|Earthquake|p2a: Groudon\n|-damage|p2a: Groudon|193/263\n|\n|-weather|SunnyDay|[upkeep]\n|-heal|p2a: Groudon|209/263|[from] item: Leftovers\n|-heal|p1a: Hippowdon|63/100 brn|[from] item: Leftovers\n|-damage|p1a: Hippowdon|56/100 brn|[from] brn\n|upkeep\n|turn|7\n|inactive|Time left: 300 sec this turn | 300 sec total\n|\n|t:|1783543051\n|move|p2a: Groudon|Precipice Blades|p1a: Hippowdon\n|-damage|p1a: Hippowdon|22/100 brn\n|move|p1a: Hippowdon|Slack Off|p1a: Hippowdon\n|-heal|p1a: Hippowdon|73/100 brn\n|\n|-weather|SunnyDay|[upkeep]\n|-heal|p2a: Groudon|225/263|[from] item: Leftovers\n|-heal|p1a: Hippowdon|79/100 brn|[from] item: Leftovers\n|-damage|p1a: Hippowdon|73/100 brn|[from] brn\n|upkeep\n|turn|8\n|inactive|Time left: 300 sec this turn | 300 sec total\n|\n|t:|1783543052\n|move|p2a: Groudon|Precipice Blades|p1a: Hippowdon\n|-damage|p1a: Hippowdon|35/100 brn\n|move|p1a: Hippowdon|Slack Off|p1a: Hippowdon\n|-heal|p1a: Hippowdon|85/100 brn\n|\n|-weather|none\n|-heal|p2a: Groudon|241/263|[from] item: Leftovers\n|-heal|p1a: Hippowdon|91/100 brn|[from] item: Leftovers\n|-damage|p1a: Hippowdon|85/100 brn|[from] brn\n|upkeep\n|turn|9\n|inactive|Time left: 300 sec this turn | 300 sec total\n|\n|t:|1783543053\n|move|p2a: Groudon|Precipice Blades|p1a: Hippowdon|[miss]\n|-miss|p2a: Groudon|p1a: Hippowdon\n|move|p1a: Hippowdon|Earthquake|p2a: Groudon\n|-damage|p2a: Groudon|195/263\n|\n|-heal|p2a: Groudon|211/263|[from] item: Leftovers\n|-heal|p1a: Hippowdon|91/100 brn|[from] item: Leftovers\n|-damage|p1a: Hippowdon|85/100 brn|[from] brn\n|upkeep\n|turn|10\n|inactive|Time left: 300 sec this turn | 300 sec total\n|\n|t:|1783543055\n|move|p2a: Groudon|Precipice Blades|p1a: Hippowdon\n|-damage|p1a: Hippowdon|48/100 brn\n|move|p1a: Hippowdon|Earthquake|p2a: Groudon\n|-damage|p2a: Groudon|163/263\n|\n|-heal|p2a: Groudon|179/263|[from] item: Leftovers\n|-heal|p1a: Hippowdon|54/100 brn|[from] item: Leftovers\n|-damage|p1a: Hippowdon|48/100 brn|[from] brn\n|upkeep\n|turn|11\n|inactive|Time left: 300 sec this turn | 300 sec total\n|\n|t:|1783543056\n|move|p2a: Groudon|Precipice Blades|p1a: Hippowdon\n|-damage|p1a: Hippowdon|11/100 brn\n|move|p1a: Hippowdon|Slack Off|p1a: Hippowdon\n|-heal|p1a: Hippowdon|62/100 brn\n|\n|-heal|p2a: Groudon|195/263|[from] item: Leftovers\n|-heal|p1a: Hippowdon|68/100 brn|[from] item: Leftovers\n|-damage|p1a: Hippowdon|62/100 brn|[from] brn\n|upkeep\n|turn|12\n|inactive|Time left: 300 sec this turn | 300 sec total\n|\n|t:|1783543057\n|move|p2a: Groudon|Precipice Blades|p1a: Hippowdon|[miss]\n|-miss|p2a: Groudon|p1a: Hippowdon\n|move|p1a: Hippowdon|Slack Off|p1a: Hippowdon\n|-heal|p1a: Hippowdon|100/100 brn\n|\n|-heal|p2a: Groudon|211/263|[from] item: Leftovers\n|-damage|p1a: Hippowdon|94/100 brn|[from] brn\n|upkeep\n|turn|13\n|inactive|Time left: 300 sec this turn | 300 sec total\n|\n|t:|1783543058\n|move|p2a: Groudon|Precipice Blades|p1a: Hippowdon\n|-damage|p1a: Hippowdon|60/100 brn\n|move|p1a: Hippowdon|Curse|p1a: Hippowdon\n|-unboost|p1a: Hippowdon|spe|1\n|-boost|p1a: Hippowdon|atk|1\n|-boost|p1a: Hippowdon|def|1\n|\n|-heal|p2a: Groudon|227/263|[from] item: Leftovers\n|-heal|p1a: Hippowdon|66/100 brn|[from] item: Leftovers\n|-damage|p1a: Hippowdon|60/100 brn|[from] brn\n|upkeep\n|turn|14\n|inactive|Time left: 300 sec this turn | 300 sec total\n|\n|t:|1783543060\n|move|p2a: Groudon|Precipice Blades|p1a: Hippowdon\n|-damage|p1a: Hippowdon|39/100 brn\n|move|p1a: Hippowdon|Slack Off|p1a: Hippowdon\n|-heal|p1a: Hippowdon|89/100 brn\n|\n|-heal|p2a: Groudon|243/263|[from] item: Leftovers\n|-heal|p1a: Hippowdon|95/100 brn|[from] item: Leftovers\n|-damage|p1a: Hippowdon|89/100 brn|[from] brn\n|upkeep\n|turn|15\n|inactive|Time left: 300 sec this turn | 300 sec total\n|\n|t:|1783543061\n|move|p2a: Groudon|Precipice Blades|p1a: Hippowdon\n|-damage|p1a: Hippowdon|67/100 brn\n|move|p1a: Hippowdon|Earthquake|p2a: Groudon\n|-damage|p2a: Groudon|179/263\n|\n|-heal|p2a: Groudon|195/263|[from] item: Leftovers\n|-heal|p1a: Hippowdon|73/100 brn|[from] item: Leftovers\n|-damage|p1a: Hippowdon|67/100 brn|[from] brn\n|upkeep\n|turn|16\n|inactive|Time left: 300 sec this turn | 300 sec total\n|\n|t:|1783543062\n|move|p2a: Groudon|Precipice Blades|p1a: Hippowdon\n|-damage|p1a: Hippowdon|45/100 brn\n|move|p1a: Hippowdon|Slack Off|p1a: Hippowdon\n|-heal|p1a: Hippowdon|95/100 brn\n|\n|-heal|p2a: Groudon|211/263|[from] item: Leftovers\n|-heal|p1a: Hippowdon|100/100 brn|[from] item: Leftovers\n|-damage|p1a: Hippowdon|94/100 brn|[from] brn\n|upkeep\n|turn|17\n|inactive|Time left: 300 sec this turn | 300 sec total\n|\n|t:|1783543063\n|move|p2a: Groudon|Precipice Blades|p1a: Hippowdon\n|-damage|p1a: Hippowdon|69/100 brn\n|move|p1a: Hippowdon|Earthquake|p2a: Groudon\n|-damage|p2a: Groudon|147/263\n|\n|-heal|p2a: Groudon|163/263|[from] item: Leftovers\n|-heal|p1a: Hippowdon|75/100 brn|[from] item: Leftovers\n|-damage|p1a: Hippowdon|69/100 brn|[from] brn\n|upkeep\n|turn|18\n|inactive|Time left: 300 sec this turn | 300 sec total\n|\n|t:|1783543065\n|move|p2a: Groudon|Precipice Blades|p1a: Hippowdon\n|-damage|p1a: Hippowdon|47/100 brn\n|move|p1a: Hippowdon|Earthquake|p2a: Groudon\n|-damage|p2a: Groudon|97/263\n|\n|-heal|p2a: Groudon|113/263|[from] item: Leftovers\n|-heal|p1a: Hippowdon|53/100 brn|[from] item: Leftovers\n|-damage|p1a: Hippowdon|47/100 brn|[from] brn\n|upkeep\n|turn|19\n|inactive|Time left: 300 sec this turn | 300 sec total\n|\n|t:|1783543066\n|move|p2a: Groudon|Heat Crash|p1a: Hippowdon\n|-damage|p1a: Hippowdon|37/100 brn\n|move|p1a: Hippowdon|Earthquake|p2a: Groudon\n|-damage|p2a: Groudon|41/263\n|\n|-heal|p2a: Groudon|57/263|[from] item: Leftovers\n|-heal|p1a: Hippowdon|44/100 brn|[from] item: Leftovers\n|-damage|p1a: Hippowdon|37/100 brn|[from] brn\n|upkeep\n|turn|20\n|inactive|Time left: 300 sec this turn | 300 sec total\n|\n|t:|1783543067\n|switch|p2a: Bronzong|Bronzong, L88|261/261\n|move|p1a: Hippowdon|Earthquake|p2a: Bronzong\n|-immune|p2a: Bronzong|[from] ability: Levitate\n|\n|-heal|p1a: Hippowdon|44/100 brn|[from] item: Leftovers\n|-damage|p1a: Hippowdon|37/100 brn|[from] brn\n|upkeep\n|turn|21\n|inactive|Time left: 300 sec this turn | 300 sec total\n|\n|t:|1783543068\n|move|p2a: Bronzong|Iron Defense|p2a: Bronzong\n|-boost|p2a: Bronzong|def|2\n|move|p1a: Hippowdon|Curse|p1a: Hippowdon\n|-unboost|p1a: Hippowdon|spe|1\n|-boost|p1a: Hippowdon|atk|1\n|-boost|p1a: Hippowdon|def|1\n|\n|-heal|p1a: Hippowdon|44/100 brn|[from] item: Leftovers\n|-damage|p1a: Hippowdon|37/100 brn|[from] brn\n|upkeep\n|turn|22\n|inactive|Time left: 300 sec this turn | 300 sec total\n|\n|t:|1783543068\n|move|p2a: Bronzong|Body Press|p1a: Hippowdon\n|-damage|p1a: Hippowdon|19/100 brn\n|move|p1a: Hippowdon|Curse|p1a: Hippowdon\n|-unboost|p1a: Hippowdon|spe|1\n|-boost|p1a: Hippowdon|atk|1\n|-boost|p1a: Hippowdon|def|1\n|\n|-heal|p1a: Hippowdon|26/100 brn|[from] item: Leftovers\n|-damage|p1a: Hippowdon|19/100 brn|[from] brn\n|upkeep\n|turn|23\n|inactive|Time left: 300 sec this turn | 300 sec total\n|\n|t:|1783543069\n|switch|p1a: Polteageist|Polteageist, L78|100/100\n|-damage|p1a: Polteageist|88/100|[from] Stealth Rock\n|move|p2a: Bronzong|Psychic Noise|p1a: Polteageist\n|-damage|p1a: Polteageist|56/100\n|-start|p1a: Polteageist|move: Heal Block\n|\n|upkeep\n|turn|24\n|inactive|Time left: 300 sec this turn | 300 sec total\n|\n|t:|1783543071\n|move|p1a: Polteageist|Shadow Ball|p2a: Bronzong\n|-supereffective|p2a: Bronzong\n|-damage|p2a: Bronzong|127/261\n|move|p2a: Bronzong|Psychic Noise|p1a: Polteageist\n|-damage|p1a: Polteageist|25/100\n|\n|-end|p1a: Polteageist|move: Heal Block\n|upkeep\n|turn|25\n|inactive|Time left: 300 sec this turn | 300 sec total\n|\n|t:|1783543071\n|move|p1a: Polteageist|Strength Sap|p2a: Bronzong\n|-unboost|p2a: Bronzong|atk|1\n|-heal|p1a: Polteageist|97/100\n|move|p2a: Bronzong|Psychic Noise|p1a: Polteageist\n|-damage|p1a: Polteageist|69/100\n|-start|p1a: Polteageist|move: Heal Block\n|-start|p2a: Bronzong|Disable|Psychic Noise|[from] ability: Cursed Body|[of] p1a: Polteageist\n|\n|upkeep\n|turn|26\n|inactive|Time left: 300 sec this turn | 300 sec total\n|\n|t:|1783543072\n|switch|p2a: Dunsparce|Dunsparce, L86, F|312/312\n|move|p1a: Polteageist|Shell Smash|p1a: Polteageist\n|-unboost|p1a: Polteageist|def|1\n|-unboost|p1a: Polteageist|spd|1\n|-boost|p1a: Polteageist|atk|2\n|-boost|p1a: Polteageist|spa|2\n|-boost|p1a: Polteageist|spe|2\n|-enditem|p1a: Polteageist|White Herb\n|-clearnegativeboost|p1a: Polteageist|[silent]\n|\n|-end|p1a: Polteageist|move: Heal Block\n|upkeep\n|turn|27\n|inactive|Time left: 300 sec this turn | 300 sec total\n|\n|t:|1783543073\n|move|p1a: Polteageist|Strength Sap|p2a: Dunsparce\n|-unboost|p2a: Dunsparce|atk|1\n|-heal|p1a: Polteageist|100/100\n|move|p2a: Dunsparce|Earthquake|p1a: Polteageist\n|-damage|p1a: Polteageist|77/100\n|\n|upkeep\n|turn|28\n|inactive|Time left: 300 sec this turn | 300 sec total\n|\n|t:|1783543074\n|move|p1a: Polteageist|Strength Sap|p2a: Dunsparce\n|-unboost|p2a: Dunsparce|atk|1\n|-heal|p1a: Polteageist|100/100\n|move|p2a: Dunsparce|Earthquake|p1a: Polteageist\n|-damage|p1a: Polteageist|82/100\n|\n|upkeep\n|turn|29\n|inactive|Time left: 300 sec this turn | 300 sec total\n|\n|t:|1783543075\n|move|p1a: Polteageist|Shell Smash|p1a: Polteageist\n|-unboost|p1a: Polteageist|def|1\n|-unboost|p1a: Polteageist|spd|1\n|-boost|p1a: Polteageist|atk|2\n|-boost|p1a: Polteageist|spa|2\n|-boost|p1a: Polteageist|spe|2\n|move|p2a: Dunsparce|Earthquake|p1a: Polteageist\n|-damage|p1a: Polteageist|55/100\n|-start|p2a: Dunsparce|Disable|Earthquake|[from] ability: Cursed Body|[of] p1a: Polteageist\n|\n|upkeep\n|turn|30\n|inactive|Time left: 300 sec this turn | 300 sec total\n|\n|t:|1783543075\n|switch|p2a: Bronzong|Bronzong, L88|127/261\n|move|p1a: Polteageist|Strength Sap|p2a: Bronzong\n|-unboost|p2a: Bronzong|atk|1\n|-heal|p1a: Polteageist|100/100\n|\n|upkeep\n|turn|31\n|inactive|Time left: 300 sec this turn | 300 sec total\n|\n|t:|1783543076\n|switch|p2a: Dunsparce|Dunsparce, L86, F|312/312\n|move|p1a: Polteageist|Shadow Ball|p2a: Dunsparce\n|-immune|p2a: Dunsparce\n|\n|upkeep\n|turn|32\n|inactive|Time left: 300 sec this turn | 300 sec total\n|\n|t:|1783543077\n|switch|p2a: Rotom|Rotom-Fan, L86|58/226\n|move|p1a: Polteageist|Shadow Ball|p2a: Rotom\n|-damage|p2a: Rotom|0 fnt\n|faint|p2a: Rotom\n|\n|upkeep\n|inactive|Time left: 300 sec this turn | 300 sec total | 5 sec grace\n|\n|t:|1783543078\n|switch|p2a: Bronzong|Bronzong, L88|127/261\n|turn|33\n|inactive|Time left: 300 sec this turn | 300 sec total\n|\n|t:|1783543079\n|switch|p2a: Dunsparce|Dunsparce, L86, F|312/312\n|move|p1a: Polteageist|Shadow Ball|p2a: Dunsparce\n|-immune|p2a: Dunsparce\n|\n|upkeep\n|turn|34\n|inactive|Time left: 300 sec this turn | 300 sec total\n|\n|t:|1783543080\n|switch|p2a: Bronzong|Bronzong, L88|127/261\n|move|p1a: Polteageist|Tera Blast|p2a: Bronzong\n|-resisted|p2a: Bronzong\n|-damage|p2a: Bronzong|54/261\n|\n|upkeep\n|turn|35\n|inactive|Time left: 300 sec this turn | 300 sec total\n|\n|t:|1783543081\n|switch|p2a: Dunsparce|Dunsparce, L86, F|312/312\n|move|p1a: Polteageist|Tera Blast|p2a: Dunsparce\n|-damage|p2a: Dunsparce|161/312\n|\n|upkeep\n|turn|36\n|inactive|Time left: 300 sec this turn | 300 sec total\n|\n|t:|1783543082\n|move|p1a: Polteageist|Tera Blast|p2a: Dunsparce\n|-damage|p2a: Dunsparce|5/312\n|move|p2a: Dunsparce|Earthquake|p1a: Polteageist\n|-damage|p1a: Polteageist|43/100\n|\n|upkeep\n|turn|37\n|inactive|Time left: 300 sec this turn | 300 sec total\n|\n|t:|1783543083\n|move|p1a: Polteageist|Strength Sap|p2a: Dunsparce\n|-unboost|p2a: Dunsparce|atk|1\n|-heal|p1a: Polteageist|100/100\n|move|p2a: Dunsparce|Earthquake|p1a: Polteageist\n|-damage|p1a: Polteageist|64/100\n|\n|upkeep\n|turn|38\n|inactive|Time left: 300 sec this turn | 300 sec total\n|\n|t:|1783543084\n|move|p1a: Polteageist|Tera Blast|p2a: Dunsparce\n|-damage|p2a: Dunsparce|0 fnt\n|faint|p2a: Dunsparce\n|\n|upkeep\n|inactive|Time left: 300 sec this turn | 300 sec total | 5 sec grace\n|\n|t:|1783543085\n|switch|p2a: Groudon|Groudon, L72|57/263\n|-weather|SunnyDay|[from] ability: Drought|[of] p2a: Groudon\n|turn|39\n|inactive|Time left: 300 sec this turn | 300 sec total\n|\n|t:|1783543086\n|move|p1a: Polteageist|Shadow Ball|p2a: Groudon\n|-damage|p2a: Groudon|0 fnt\n|faint|p2a: Groudon\n|\n|-weather|SunnyDay|[upkeep]\n|upkeep\n|inactive|Time left: 300 sec this turn | 300 sec total | 5 sec grace\n|\n|t:|1783543087\n|switch|p2a: Bronzong|Bronzong, L88|54/261\n|turn|40\n|inactive|Time left: 300 sec this turn | 300 sec total\n|\n|t:|1783543089\n|move|p1a: Polteageist|Tera Blast|p2a: Bronzong\n|-resisted|p2a: Bronzong\n|-crit|p2a: Bronzong\n|-damage|p2a: Bronzong|0 fnt\n|faint|p2a: Bronzong\n|\n|-weather|SunnyDay|[upkeep]\n|upkeep\n|inactive|Time left: 300 sec this turn | 300 sec total | 5 sec grace\n|\n|t:|1783543090\n|switch|p2a: Koraidon|Koraidon, L64|235/235\n|-activate|p2a: Koraidon|ability: Orichalcum Pulse\n|turn|41\n|inactive|Time left: 300 sec this turn | 300 sec total\n|\n|t:|1783543091\n|move|p1a: Polteageist|Shadow Ball|p2a: Koraidon\n|-crit|p2a: Koraidon\n|-damage|p2a: Koraidon|0 fnt\n|faint|p2a: Koraidon\n|\n|-weather|SunnyDay|[upkeep]\n|upkeep\n|inactive|Time left: 300 sec this turn | 300 sec total | 5 sec grace\n|\n|t:|1783543092\n|switch|p2a: Passimian|Passimian, L83, F|302/302\n|turn|42\n|inactive|Time left: 300 sec this turn | 300 sec total\n|\n|t:|1783543093\n|-terastallize|p1a: Polteageist|Fighting\n|-terastallize|p2a: Passimian|Poison\n|move|p1a: Polteageist|Shadow Ball|p2a: Passimian\n|-damage|p2a: Passimian|0 fnt\n|faint|p2a: Passimian\n|\n|win|p0x299a06e", "uploadtime": 1783543093, "views": 0, "rating": 0, "private": 0, "password": null, "_winner": "p0x299a06e", "_our_name": "p0y2999a7a"}