{"id": "battle-gen9randombattle-1341", "formatid": "gen9randombattle", "format": "[Gen 9] Random Battle", "players": ["p0x13410e7e", "p0y1341a401"], "log": "|init|battle\n|title|p0x13410e7e vs. p0y1341a401\n|j|\u2606p0x13410e7e\n|j|\u2606p0y1341a401\n|t:|1783554701\n|gametype|singles\n|player|p1|p0x13410e7e|265|\n|player|p2|p0y1341a401|101|\n|gen|9\n|tier|[Gen 9] Random Battle\n|rule|Species Clause: Limit one of each Pok\u00e9mon\n|rule|HP Percentage Mod: HP is shown in percentages\n|rule|Sleep Clause Mod: Limit one foe put to sleep\n|rule|Illusion Level Mod: Illusion disguises the Pok\u00e9mon's true level\n|\n|t:|1783554701\n|teamsize|p1|6\n|teamsize|p2|6\n|start\n|switch|p1a: Palossand|Palossand, L89, M|296/296\n|switch|p2a: Toucannon|Toucannon, L88, F|100/100\n|turn|1\n|inactive|Battle timer is ON: inactive players will automatically lose when time's up. (requested by p0y1341a401)\n|inactive|Time left: 300 sec this turn | 300 sec total | 60 sec grace\n|\n|t:|1783554703\n|move|p2a: Toucannon|Knock Off|p1a: Palossand\n|-supereffective|p1a: Palossand\n|-damage|p1a: Palossand|164/296\n|-enditem|p1a: Palossand|Leftovers|[from] move: Knock Off|[of] p2a: Toucannon\n|move|p1a: Palossand|Stealth Rock|p2a: Toucannon\n|-sidestart|p2: p0y1341a401|move: Stealth Rock\n|\n|upkeep\n|turn|2\n|inactive|Time left: 300 sec this turn | 300 sec total\n|inactive|p0x13410e7e also wants the timer to be on.\n|\n|t:|1783554704\n|-singleturn|p2a: Toucannon|move: Beak Blast\n|move|p1a: Palossand|Shore Up|p1a: Palossand\n|-heal|p1a: Palossand|296/296\n|move|p2a: Toucannon|Beak Blast|p1a: Palossand\n|-damage|p1a: Palossand|190/296\n|\n|upkeep\n|turn|3\n|inactive|Time left: 300 sec this turn | 300 sec total\n|\n|t:|1783554705\n|-singleturn|p2a: Toucannon|move: Beak Blast\n|move|p1a: Palossand|Shore Up|p1a: Palossand\n|-heal|p1a: Palossand|296/296\n|move|p2a: Toucannon|Beak Blast|p1a: Palossand\n|-damage|p1a: Palossand|188/296\n|\n|upkeep\n|turn|4\n|inactive|Time left: 300 sec this turn | 300 sec total\n|\n|t:|1783554706\n|-singleturn|p2a: Toucannon|move: Beak Blast\n|move|p1a: Palossand|Shore Up|p1a: Palossand\n|-heal|p1a: Palossand|296/296\n|move|p2a: Toucannon|Beak Blast|p1a: Palossand\n|-damage|p1a: Palossand|184/296\n|\n|upkeep\n|turn|5\n|inactive|Time left: 300 sec this turn | 300 sec total\n|\n|t:|1783554707\n|-singleturn|p2a: Toucannon|move: Beak Blast\n|move|p1a: Palossand|Shore Up|p1a: Palossand\n|-heal|p1a: Palossand|296/296\n|move|p2a: Toucannon|Beak Blast|p1a: Palossand\n|-damage|p1a: Palossand|178/296\n|\n|upkeep\n|turn|6\n|inactive|Time left: 300 sec this turn | 300 sec total\n|\n|t:|1783554708\n|-singleturn|p2a: Toucannon|move: Beak Blast\n|move|p1a: Palossand|Shore Up|p1a: Palossand\n|-heal|p1a: Palossand|296/296\n|move|p2a: Toucannon|Beak Blast|p1a: Palossand\n|-damage|p1a: Palossand|181/296\n|\n|upkeep\n|turn|7\n|inactive|Time left: 300 sec this turn | 300 sec total\n|\n|t:|1783554709\n|-singleturn|p2a: Toucannon|move: Beak Blast\n|move|p1a: Palossand|Shore Up|p1a: Palossand\n|-heal|p1a: Palossand|296/296\n|move|p2a: Toucannon|Beak Blast|p1a: Palossand\n|-damage|p1a: Palossand|184/296\n|\n|upkeep\n|turn|8\n|inactive|Time left: 300 sec this turn | 300 sec total\n|\n|t:|1783554710\n|-singleturn|p2a: Toucannon|move: Beak Blast\n|move|p1a: Palossand|Shore Up|p1a: Palossand\n|-heal|p1a: Palossand|296/296\n|move|p2a: Toucannon|Beak Blast|p1a: Palossand\n|-damage|p1a: Palossand|179/296\n|\n|upkeep\n|turn|9\n|inactive|Time left: 300 sec this turn | 300 sec total\n|\n|t:|1783554711\n|-singleturn|p2a: Toucannon|move: Beak Blast\n|move|p1a: Palossand|Shore Up|p1a: Palossand\n|-heal|p1a: Palossand|296/296\n|move|p2a: Toucannon|Beak Blast|p1a: Palossand\n|-damage|p1a: Palossand|191/296\n|\n|upkeep\n|turn|10\n|inactive|Time left: 300 sec this turn | 300 sec total\n|\n|t:|1783554712\n|switch|p1a: Granbull|Granbull, L88, M|302/302\n|-ability|p1a: Granbull|Intimidate|boost\n|-unboost|p2a: Toucannon|atk|1\n|-singleturn|p2a: Toucannon|move: Beak Blast\n|move|p2a: Toucannon|Beak Blast|p1a: Granbull\n|-crit|p1a: Granbull\n|-damage|p1a: Granbull|65/302\n|\n|-heal|p1a: Granbull|83/302|[from] item: Leftovers\n|upkeep\n|turn|11\n|inactive|Time left: 300 sec this turn | 300 sec total\n|\n|t:|1783554713\n|switch|p1a: Drifblim|Drifblim, L86, F|396/396\n|move|p2a: Toucannon|Boomburst|p1a: Drifblim\n|-immune|p1a: Drifblim\n|\n|upkeep\n|turn|12\n|inactive|Time left: 300 sec this turn | 300 sec total\n|\n|t:|1783554713\n|move|p1a: Drifblim|Calm Mind|p1a: Drifblim\n|-boost|p1a: Drifblim|spa|1\n|-boost|p1a: Drifblim|spd|1\n|move|p2a: Toucannon|Knock Off|p1a: Drifblim\n|-supereffective|p1a: Drifblim\n|-damage|p1a: Drifblim|224/396\n|-enditem|p1a: Drifblim|Sitrus Berry|[from] move: Knock Off|[of] p2a: Toucannon\n|\n|upkeep\n|turn|13\n|inactive|Time left: 300 sec this turn | 300 sec total\n|\n|t:|1783554714\n|-singleturn|p2a: Toucannon|move: Beak Blast\n|move|p1a: Drifblim|Strength Sap|p2a: Toucannon\n|-unboost|p2a: Toucannon|atk|1\n|-heal|p1a: Drifblim|396/396\n|move|p2a: Toucannon|Beak Blast|p1a: Drifblim\n|-damage|p1a: Drifblim|296/396\n|\n|upkeep\n|turn|14\n|inactive|Time left: 300 sec this turn | 300 sec total\n|\n|t:|1783554715\n|switch|p2a: Slowking|Slowking, L88, M|100/100\n|-damage|p2a: Slowking|88/100|[from] Stealth Rock\n|move|p1a: Drifblim|Air Slash|p2a: Slowking\n|-damage|p2a: Slowking|60/100\n|\n|-heal|p2a: Slowking|66/100|[from] item: Leftovers\n|upkeep\n|turn|15\n|inactive|Time left: 300 sec this turn | 300 sec total\n|\n|t:|1783554716\n|switch|p2a: Toucannon|Toucannon, L88, F|100/100\n|move|p1a: Drifblim|Shadow Ball|p2a: Toucannon\n|-immune|p2a: Toucannon\n|\n|upkeep\n|turn|16\n|inactive|Time left: 300 sec this turn | 300 sec total\n|\n|t:|1783554717\n|-singleturn|p2a: Toucannon|move: Beak Blast\n|move|p1a: Drifblim|Strength Sap|p2a: Toucannon\n|-unboost|p2a: Toucannon|atk|1\n|-heal|p1a: Drifblim|396/396\n|move|p2a: Toucannon|Beak Blast|p1a: Drifblim\n|-damage|p1a: Drifblim|248/396\n|\n|upkeep\n|turn|17\n|inactive|Time left: 300 sec this turn | 300 sec total\n|\n|t:|1783554718\n|-singleturn|p2a: Toucannon|move: Beak Blast\n|move|p1a: Drifblim|Strength Sap|p2a: Toucannon\n|-unboost|p2a: Toucannon|atk|1\n|-heal|p1a: Drifblim|396/396\n|move|p2a: Toucannon|Beak Blast|p1a: Drifblim\n|-damage|p1a: Drifblim|281/396\n|\n|upkeep\n|turn|18\n|inactive|Time left: 300 sec this turn | 300 sec total\n|\n|t:|1783554718\n|-singleturn|p2a: Toucannon|move: Beak Blast\n|move|p1a: Drifblim|Air Slash|p2a: Toucannon\n|-damage|p2a: Toucannon|52/100\n|move|p2a: Toucannon|Beak Blast|p1a: Drifblim\n|-damage|p1a: Drifblim|182/396\n|\n|upkeep\n|turn|19\n|inactive|Time left: 300 sec this turn | 300 sec total\n|\n|t:|1783554719\n|move|p1a: Drifblim|Strength Sap|p2a: Toucannon\n|-unboost|p2a: Toucannon|atk|1\n|-heal|p1a: Drifblim|312/396\n|move|p2a: Toucannon|Roost|p2a: Toucannon\n|-heal|p2a: Toucannon|100/100\n|-singleturn|p2a: Toucannon|move: Roost\n|\n|upkeep\n|turn|20\n|inactive|Time left: 300 sec this turn | 300 sec total\n|\n|t:|1783554720\n|switch|p2a: Greedent|Greedent, L86, M|100/100\n|-damage|p2a: Greedent|88/100|[from] Stealth Rock\n|move|p1a: Drifblim|Shadow Ball|p2a: Greedent\n|-immune|p2a: Greedent\n|\n|upkeep\n|turn|21\n|inactive|Time left: 300 sec this turn | 300 sec total\n|\n|t:|1783554721\n|move|p1a: Drifblim|Strength Sap|p2a: Greedent\n|-unboost|p2a: Greedent|atk|1\n|-heal|p1a: Drifblim|396/396\n|move|p2a: Greedent|Swords Dance|p2a: Greedent\n|-boost|p2a: Greedent|atk|2\n|\n|upkeep\n|turn|22\n|inactive|Time left: 300 sec this turn | 300 sec total\n|\n|t:|1783554722\n|move|p1a: Drifblim|Air Slash|p2a: Greedent\n|-damage|p2a: Greedent|54/100\n|move|p2a: Greedent|Swords Dance|p2a: Greedent\n|-boost|p2a: Greedent|atk|2\n|\n|upkeep\n|turn|23\n|inactive|Time left: 300 sec this turn | 300 sec total\n|\n|t:|1783554723\n|move|p1a: Drifblim|Air Slash|p2a: Greedent\n|-damage|p2a: Greedent|16/100\n|-enditem|p2a: Greedent|Sitrus Berry|[eat]\n|-heal|p2a: Greedent|41/100|[from] item: Sitrus Berry\n|-heal|p2a: Greedent|74/100|[from] ability: Cheek Pouch\n|cant|p2a: Greedent|flinch\n|\n|upkeep\n|turn|24\n|inactive|Time left: 300 sec this turn | 300 sec total\n|\n|t:|1783554724\n|move|p1a: Drifblim|Air Slash|p2a: Greedent\n|-damage|p2a: Greedent|35/100\n|move|p2a: Greedent|Knock Off|p1a: Drifblim\n|-supereffective|p1a: Drifblim\n|-damage|p1a: Drifblim|44/396\n|\n|upkeep\n|turn|25\n|inactive|Time left: 300 sec this turn | 300 sec total\n|\n|t:|1783554725\n|move|p1a: Drifblim|Air Slash|p2a: Greedent\n|-damage|p2a: Greedent|0 fnt\n|faint|p2a: Greedent\n|\n|upkeep\n|\n|t:|1783554726\n|switch|p2a: Slowking|Slowking, L88, M|99/100\n|-damage|p2a: Slowking|87/100|[from] Stealth Rock\n|turn|26\n|inactive|Time left: 300 sec this turn | 300 sec total\n|\n|t:|1783554727\n|move|p1a: Drifblim|Strength Sap|p2a: Slowking\n|-unboost|p2a: Slowking|atk|1\n|-heal|p1a: Drifblim|181/396\n|move|p2a: Slowking|Psyshock|p1a: Drifblim\n|-damage|p1a: Drifblim|27/396\n|\n|-heal|p2a: Slowking|93/100|[from] item: Leftovers\n|upkeep\n|turn|27\n|inactive|Time left: 300 sec this turn | 300 sec total\n|\n|t:|1783554728\n|move|p1a: Drifblim|Strength Sap|p2a: Slowking\n|-unboost|p2a: Slowking|atk|1\n|-heal|p1a: Drifblim|118/396\n|move|p2a: Slowking|Psyshock|p1a: Drifblim\n|-damage|p1a: Drifblim|0 fnt\n|faint|p1a: Drifblim\n|\n|-heal|p2a: Slowking|99/100|[from] item: Leftovers\n|upkeep\n|inactive|Time left: 300 sec this turn | 300 sec total | 5 sec grace\n|\n|t:|1783554729\n|switch|p1a: Torterra|Torterra, L78, F|276/276\n|turn|28\n|inactive|Time left: 300 sec this turn | 300 sec total\n|\n|t:|1783554730\n|move|p1a: Torterra|Shell Smash|p1a: Torterra\n|-unboost|p1a: Torterra|def|1\n|-unboost|p1a: Torterra|spd|1\n|-boost|p1a: Torterra|atk|2\n|-boost|p1a: Torterra|spa|2\n|-boost|p1a: Torterra|spe|2\n|move|p2a: Slowking|Scald|p1a: Torterra\n|-damage|p1a: Torterra|104/276\n|-status|p1a: Torterra|brn\n|\n|-heal|p2a: Slowking|100/100|[from] item: Leftovers\n|-damage|p1a: Torterra|87/276 brn|[from] brn\n|upkeep\n|turn|29\n|inactive|Time left: 300 sec this turn | 300 sec total\n|\n|t:|1783554731\n|-terastallize|p2a: Slowking|Fairy\n|move|p1a: Torterra|Bullet Seed|p2a: Slowking\n|-damage|p2a: Slowking|88/100\n|-damage|p2a: Slowking|75/100\n|-damage|p2a: Slowking|61/100\n|-damage|p2a: Slowking|48/100\n|-damage|p2a: Slowking|34/100\n|-hitcount|p2a: Slowking|5\n|move|p2a: Slowking|Psyshock|p1a: Torterra\n|-damage|p1a: Torterra|0 fnt\n|faint|p1a: Torterra\n|\n|-heal|p2a: Slowking|40/100|[from] item: Leftovers\n|upkeep\n|inactive|Time left: 300 sec this turn | 300 sec total | 5 sec grace\n|\n|t:|1783554732\n|switch|p1a: Meowstic|Meowstic-F, L89, F|277/277\n|turn|30\n|inactive|Time left: 300 sec this turn | 300 sec total\n|\n|t:|1783554733\n|move|p1a: Meowstic|Nasty Plot|p1a: Meowstic\n|-boost|p1a: Meowstic|spa|2\n|move|p2a: Slowking|Scald|p1a: Meowstic\n|-damage|p1a: Meowstic|183/277\n|\n|-heal|p2a: Slowking|47/100|[from] item: Leftovers\n|upkeep\n|turn|31\n|inactive|Time left: 300 sec this turn | 300 sec total\n|\n|t:|1783554734\n|move|p1a: Meowstic|Psychic|p2a: Slowking\n|-damage|p2a: Slowking|0 fnt\n|faint|p2a: Slowking\n|-damage|p1a: Meowstic|156/277|[from] item: Life Orb\n|\n|upkeep\n|\n|t:|1783554735\n|switch|p2a: Glalie|Glalie, L96, M|100/100\n|turn|32\n|inactive|Time left: 300 sec this turn | 300 sec total\n|\n|t:|1783554737\n|move|p1a: Meowstic|Psychic|p2a: Glalie\n|-damage|p2a: Glalie|29/100\n|-damage|p1a: Meowstic|129/277|[from] item: Life Orb\n|move|p2a: Glalie|Freeze-Dry|p1a: Meowstic\n|-damage|p1a: Meowstic|44/277\n|\n|upkeep\n|turn|33\n|inactive|Time left: 300 sec this turn | 300 sec total\n|\n|t:|1783554738\n|move|p1a: Meowstic|Psychic|p2a: Glalie\n|-damage|p2a: Glalie|0 fnt\n|faint|p2a: Glalie\n|-damage|p1a: Meowstic|17/277|[from] item: Life Orb\n|\n|upkeep\n|\n|t:|1783554739\n|switch|p2a: Hitmonlee|Hitmonlee, L85, M|100/100\n|-damage|p2a: Hitmonlee|95/100|[from] Stealth Rock\n|turn|34\n|inactive|Time left: 300 sec this turn | 300 sec total\n|\n|t:|1783554740\n|move|p2a: Hitmonlee|Mach Punch|p1a: Meowstic\n|-resisted|p1a: Meowstic\n|-damage|p1a: Meowstic|0 fnt\n|faint|p1a: Meowstic\n|\n|upkeep\n|inactive|Time left: 300 sec this turn | 300 sec total | 5 sec grace\n|\n|t:|1783554741\n|switch|p1a: Arbok|Arbok, L87, M|246/246\n|-ability|p1a: Arbok|Intimidate|boost\n|-unboost|p2a: Hitmonlee|atk|1\n|turn|35\n|inactive|Time left: 300 sec this turn | 300 sec total\n|\n|t:|1783554742\n|switch|p2a: Toucannon|Toucannon, L88, F|100/100\n|move|p1a: Arbok|Gunk Shot|p2a: Toucannon\n|-damage|p2a: Toucannon|30/100\n|-damage|p1a: Arbok|222/246|[from] item: Life Orb\n|\n|upkeep\n|turn|36\n|inactive|Time left: 300 sec this turn | 300 sec total\n|\n|t:|1783554743\n|move|p1a: Arbok|Knock Off|p2a: Toucannon\n|-damage|p2a: Toucannon|0 fnt\n|-enditem|p2a: Toucannon|Heavy-Duty Boots|[from] move: Knock Off|[of] p1a: Arbok\n|faint|p2a: Toucannon\n|-damage|p1a: Arbok|198/246|[from] item: Life Orb\n|\n|upkeep\n|\n|t:|1783554744\n|switch|p2a: Hitmonlee|Hitmonlee, L85, M|95/100\n|-damage|p2a: Hitmonlee|89/100|[from] Stealth Rock\n|turn|37\n|inactive|Time left: 300 sec this turn | 300 sec total\n|\n|t:|1783554745\n|move|p2a: Hitmonlee|Knock Off|p1a: Arbok\n|-damage|p1a: Arbok|63/246\n|-enditem|p1a: Arbok|Life Orb|[from] move: Knock Off|[of] p2a: Hitmonlee\n|move|p1a: Arbok|Gunk Shot|p2a: Hitmonlee\n|-damage|p2a: Hitmonlee|10/100\n|\n|upkeep\n|turn|38\n|inactive|Time left: 300 sec this turn | 300 sec total\n|\n|t:|1783554746\n|switch|p1a: Granbull|Granbull, L88, M|83/302\n|-ability|p1a: Granbull|Intimidate|boost\n|-unboost|p2a: Hitmonlee|atk|1\n|move|p2a: Hitmonlee|Knock Off|p1a: Granbull\n|-resisted|p1a: Granbull\n|-damage|p1a: Granbull|40/302\n|-enditem|p1a: Granbull|Leftovers|[from] move: Knock Off|[of] p2a: Hitmonlee\n|\n|upkeep\n|turn|39\n|inactive|Time left: 300 sec this turn | 300 sec total\n|\n|t:|1783554747\n|move|p2a: Hitmonlee|Knock Off|p1a: Granbull\n|-resisted|p1a: Granbull\n|-damage|p1a: Granbull|12/302\n|move|p1a: Granbull|Earthquake|p2a: Hitmonlee\n|-damage|p2a: Hitmonlee|0 fnt\n|faint|p2a: Hitmonlee\n|\n|upkeep\n|\n|t:|1783554748\n|switch|p2a: Iron Moth|Iron Moth, L78|100/100\n|turn|40\n|inactive|Time left: 300 sec this turn | 300 sec total\n|\n|t:|1783554749\n|-terastallize|p1a: Granbull|Ground\n|move|p2a: Iron Moth|Fiery Dance|p1a: Granbull\n|-damage|p1a: Granbull|0 fnt\n|-boost|p2a: Iron Moth|spa|1\n|faint|p1a: Granbull\n|\n|upkeep\n|inactive|Time left: 300 sec this turn | 300 sec total | 5 sec grace\n|\n|t:|1783554750\n|switch|p1a: Palossand|Palossand, L89, M|191/296\n|turn|41\n|inactive|Time left: 300 sec this turn | 300 sec total\n|\n|t:|1783554750\n|move|p2a: Iron Moth|Fiery Dance|p1a: Palossand\n|-damage|p1a: Palossand|41/296\n|-boost|p2a: Iron Moth|spa|1\n|move|p1a: Palossand|Earth Power|p2a: Iron Moth\n|-supereffective|p2a: Iron Moth\n|-damage|p2a: Iron Moth|0 fnt\n|faint|p2a: Iron Moth\n|-end|p2a: Iron Moth|Quark Drive|[silent]\n|\n|win|p0x13410e7e", "uploadtime": 1783554750, "views": 0, "rating": 0, "private": 0, "password": null, "_winner": "p0x13410e7e", "_our_name": "p0x13410e7e"}