{"id": "battle-gen9randombattle-1912", "formatid": "gen9randombattle", "format": "[Gen 9] Random Battle", "players": ["p0x1912eaee", "p0y1912f05d"], "log": "|init|battle\n|title|p0x1912eaee vs. p0y1912f05d\n|j|\u2606p0x1912eaee\n|j|\u2606p0y1912f05d\n|t:|1783562121\n|gametype|singles\n|player|p1|p0x1912eaee|170|\n|player|p2|p0y1912f05d|170|\n|gen|9\n|tier|[Gen 9] Random Battle\n|rule|Species Clause: Limit one of each Pok\u00e9mon\n|rule|HP Percentage Mod: HP is shown in percentages\n|rule|Sleep Clause Mod: Limit one foe put to sleep\n|rule|Illusion Level Mod: Illusion disguises the Pok\u00e9mon's true level\n|\n|t:|1783562121\n|teamsize|p1|6\n|teamsize|p2|6\n|start\n|switch|p1a: Ogerpon|Ogerpon-Hearthflame, L74, F|100/100\n|switch|p2a: Reshiram|Reshiram, L76|277/277\n|-ability|p1a: Ogerpon|Mold Breaker\n|-ability|p2a: Reshiram|Turboblaze\n|turn|1\n|inactive|Battle timer is ON: inactive players will automatically lose when time's up. (requested by p0x1912eaee)\n|inactive|Time left: 300 sec this turn | 300 sec total | 60 sec grace\n|inactive|p0y1912f05d also wants the timer to be on.\n|\n|t:|1783562122\n|move|p1a: Ogerpon|Swords Dance|p1a: Ogerpon\n|-boost|p1a: Ogerpon|atk|2\n|move|p2a: Reshiram|Blue Flare|p1a: Ogerpon\n|-damage|p1a: Ogerpon|28/100\n|\n|upkeep\n|turn|2\n|inactive|Time left: 300 sec this turn | 300 sec total\n|\n|t:|1783562123\n|move|p1a: Ogerpon|Stomping Tantrum|p2a: Reshiram\n|-supereffective|p2a: Reshiram\n|-crit|p2a: Reshiram\n|-damage|p2a: Reshiram|0 fnt\n|faint|p2a: Reshiram\n|\n|upkeep\n|inactive|Time left: 300 sec this turn | 300 sec total | 5 sec grace\n|\n|t:|1783562124\n|switch|p2a: Noivern|Noivern, L82, M|274/274\n|turn|3\n|inactive|Time left: 300 sec this turn | 300 sec total\n|\n|t:|1783562124\n|switch|p1a: Komala|Komala, L87, F|100/100\n|-ability|p1a: Komala|Comatose\n|move|p2a: Noivern|Hurricane|p1a: Komala|[miss]\n|-miss|p2a: Noivern|p1a: Komala\n|\n|upkeep\n|turn|4\n|inactive|Time left: 300 sec this turn | 300 sec total\n|\n|t:|1783562125\n|switch|p2a: Drednaw|Drednaw, L81, F|278/278\n|move|p1a: Komala|Body Slam|p2a: Drednaw\n|-resisted|p2a: Drednaw\n|-damage|p2a: Drednaw|224/278\n|-status|p2a: Drednaw|par\n|\n|upkeep\n|turn|5\n|inactive|Time left: 300 sec this turn | 300 sec total\n|\n|t:|1783562126\n|move|p1a: Komala|Earthquake|p2a: Drednaw\n|-supereffective|p2a: Drednaw\n|-damage|p2a: Drednaw|64/278 par\n|cant|p2a: Drednaw|par\n|\n|upkeep\n|turn|6\n|inactive|Time left: 300 sec this turn | 300 sec total\n|\n|t:|1783562127\n|switch|p2a: Glastrier|Glastrier, L86|311/311\n|move|p1a: Komala|Knock Off|p2a: Glastrier\n|-damage|p2a: Glastrier|248/311\n|-enditem|p2a: Glastrier|Choice Band|[from] move: Knock Off|[of] p1a: Komala\n|\n|upkeep\n|turn|7\n|inactive|Time left: 300 sec this turn | 300 sec total\n|\n|t:|1783562128\n|switch|p1a: Bellibolt|Bellibolt, L84, F|100/100\n|move|p2a: Glastrier|Icicle Crash|p1a: Bellibolt\n|-damage|p1a: Bellibolt|62/100\n|-start|p1a: Bellibolt|Charge|Icicle Crash|[from] ability: Electromorphosis\n|\n|-heal|p1a: Bellibolt|68/100|[from] item: Leftovers\n|upkeep\n|turn|8\n|inactive|Time left: 300 sec this turn | 300 sec total\n|\n|t:|1783562129\n|move|p1a: Bellibolt|Thunderbolt|p2a: Glastrier\n|-damage|p2a: Glastrier|85/311\n|-end|p1a: Bellibolt|Charge|[silent]\n|move|p2a: Glastrier|High Horsepower|p1a: Bellibolt\n|-supereffective|p1a: Bellibolt\n|-damage|p1a: Bellibolt|10/100\n|-start|p1a: Bellibolt|Charge|High Horsepower|[from] ability: Electromorphosis\n|\n|-heal|p1a: Bellibolt|16/100|[from] item: Leftovers\n|upkeep\n|turn|9\n|inactive|Time left: 300 sec this turn | 300 sec total\n|\n|t:|1783562130\n|move|p1a: Bellibolt|Thunderbolt|p2a: Glastrier\n|-damage|p2a: Glastrier|0 fnt\n|faint|p2a: Glastrier\n|-end|p1a: Bellibolt|Charge|[silent]\n|\n|-heal|p1a: Bellibolt|22/100|[from] item: Leftovers\n|upkeep\n|inactive|Time left: 300 sec this turn | 300 sec total | 5 sec grace\n|\n|t:|1783562131\n|switch|p2a: Bruxish|Bruxish, L85, F|254/254\n|turn|10\n|inactive|Time left: 300 sec this turn | 300 sec total\n|\n|t:|1783562132\n|move|p2a: Bruxish|Psychic Fangs|p1a: Bellibolt\n|-damage|p1a: Bellibolt|0 fnt\n|faint|p1a: Bellibolt\n|\n|upkeep\n|\n|t:|1783562133\n|switch|p1a: Gardevoir|Gardevoir, L83, F|100/100\n|-ability|p1a: Gardevoir|Strong Jaw|Trace|[from] ability: Trace|[of] p2a: Bruxish\n|turn|11\n|inactive|Time left: 300 sec this turn | 300 sec total\n|\n|t:|1783562134\n|move|p1a: Gardevoir|Moonblast|p2a: Bruxish\n|-damage|p2a: Bruxish|116/254\n|-unboost|p2a: Bruxish|spa|1\n|move|p2a: Bruxish|Psychic Fangs|p1a: Gardevoir\n|-resisted|p1a: Gardevoir\n|-damage|p1a: Gardevoir|45/100\n|\n|upkeep\n|turn|12\n|inactive|Time left: 300 sec this turn | 300 sec total\n|\n|t:|1783562136\n|switch|p2a: Corviknight|Corviknight, L80, M|288/288\n|move|p1a: Gardevoir|Moonblast|p2a: Corviknight\n|-resisted|p2a: Corviknight\n|-damage|p2a: Corviknight|222/288\n|\n|-heal|p2a: Corviknight|240/288|[from] item: Leftovers\n|upkeep\n|turn|13\n|inactive|Time left: 300 sec this turn | 300 sec total\n|\n|t:|1783562137\n|move|p1a: Gardevoir|Moonblast|p2a: Corviknight\n|-resisted|p2a: Corviknight\n|-damage|p2a: Corviknight|178/288\n|move|p2a: Corviknight|Brave Bird|p1a: Gardevoir\n|-damage|p1a: Gardevoir|0 fnt\n|faint|p1a: Gardevoir\n|-damage|p2a: Corviknight|141/288|[from] Recoil\n|\n|-heal|p2a: Corviknight|159/288|[from] item: Leftovers\n|upkeep\n|\n|t:|1783562138\n|switch|p1a: Ogerpon|Ogerpon-Hearthflame, L74, F|28/100\n|-ability|p1a: Ogerpon|Mold Breaker\n|turn|14\n|inactive|Time left: 300 sec this turn | 300 sec total\n|\n|t:|1783562139\n|move|p1a: Ogerpon|Ivy Cudgel|p2a: Corviknight|[anim] Ivy Cudgel Fire\n|-supereffective|p2a: Corviknight\n|-crit|p2a: Corviknight\n|-damage|p2a: Corviknight|0 fnt\n|faint|p2a: Corviknight\n|\n|upkeep\n|inactive|Time left: 300 sec this turn | 300 sec total | 5 sec grace\n|\n|t:|1783562140\n|switch|p2a: Drednaw|Drednaw, L81, F|64/278 par\n|turn|15\n|inactive|Time left: 300 sec this turn | 300 sec total\n|\n|t:|1783562141\n|move|p1a: Ogerpon|Power Whip|p2a: Drednaw|[miss]\n|-miss|p1a: Ogerpon|p2a: Drednaw\n|move|p2a: Drednaw|Earthquake|p1a: Ogerpon\n|-damage|p1a: Ogerpon|0 fnt\n|faint|p1a: Ogerpon\n|\n|upkeep\n|\n|t:|1783562142\n|switch|p1a: Ribombee|Ribombee, L83, M|100/100\n|turn|16\n|inactive|Time left: 300 sec this turn | 300 sec total\n|\n|t:|1783562143\n|move|p1a: Ribombee|Moonblast|p2a: Drednaw\n|-damage|p2a: Drednaw|0 fnt\n|faint|p2a: Drednaw\n|\n|upkeep\n|inactive|Time left: 300 sec this turn | 300 sec total | 5 sec grace\n|\n|t:|1783562144\n|switch|p2a: Noivern|Noivern, L82, M|274/274\n|turn|17\n|inactive|Time left: 300 sec this turn | 300 sec total\n|\n|t:|1783562145\n|move|p1a: Ribombee|Moonblast|p2a: Noivern\n|-supereffective|p2a: Noivern\n|-damage|p2a: Noivern|52/274\n|move|p2a: Noivern|Hurricane|p1a: Ribombee\n|-supereffective|p1a: Ribombee\n|-damage|p1a: Ribombee|0 fnt\n|faint|p1a: Ribombee\n|\n|upkeep\n|\n|t:|1783562146\n|switch|p1a: Komala|Komala, L87, F|100/100\n|-ability|p1a: Komala|Comatose\n|turn|18\n|inactive|Time left: 300 sec this turn | 300 sec total\n|\n|t:|1783562147\n|move|p2a: Noivern|Roost|p2a: Noivern\n|-heal|p2a: Noivern|189/274\n|-singleturn|p2a: Noivern|move: Roost\n|move|p1a: Komala|Rapid Spin|p2a: Noivern\n|-damage|p2a: Noivern|114/274\n|-boost|p1a: Komala|spe|1\n|\n|upkeep\n|turn|19\n|inactive|Time left: 300 sec this turn | 300 sec total\n|\n|t:|1783562148\n|move|p2a: Noivern|Roost|p2a: Noivern\n|-heal|p2a: Noivern|251/274\n|-singleturn|p2a: Noivern|move: Roost\n|move|p1a: Komala|Body Slam|p2a: Noivern\n|-damage|p2a: Noivern|140/274\n|\n|upkeep\n|turn|20\n|inactive|Time left: 300 sec this turn | 300 sec total\n|\n|t:|1783562149\n|move|p2a: Noivern|Roost|p2a: Noivern\n|-heal|p2a: Noivern|274/274\n|-singleturn|p2a: Noivern|move: Roost\n|move|p1a: Komala|Rapid Spin|p2a: Noivern\n|-damage|p2a: Noivern|201/274\n|-boost|p1a: Komala|spe|1\n|\n|upkeep\n|turn|21\n|inactive|Time left: 300 sec this turn | 300 sec total\n|\n|t:|1783562150\n|move|p1a: Komala|Body Slam|p2a: Noivern\n|-damage|p2a: Noivern|81/274\n|-status|p2a: Noivern|par\n|move|p2a: Noivern|Roost|p2a: Noivern\n|-heal|p2a: Noivern|218/274 par\n|-singleturn|p2a: Noivern|move: Roost\n|\n|upkeep\n|turn|22\n|inactive|Time left: 300 sec this turn | 300 sec total\n|\n|t:|1783562151\n|move|p1a: Komala|Body Slam|p2a: Noivern\n|-damage|p2a: Noivern|104/274 par\n|cant|p2a: Noivern|par\n|\n|upkeep\n|turn|23\n|inactive|Time left: 300 sec this turn | 300 sec total\n|\n|t:|1783562152\n|-terastallize|p1a: Komala|Ghost\n|move|p1a: Komala|Body Slam|p2a: Noivern\n|-damage|p2a: Noivern|0 fnt\n|faint|p2a: Noivern\n|\n|upkeep\n|inactive|Time left: 300 sec this turn | 300 sec total | 5 sec grace\n|\n|t:|1783562153\n|switch|p2a: Bruxish|Bruxish, L85, F|116/254\n|turn|24\n|inactive|Time left: 300 sec this turn | 300 sec total\n|\n|t:|1783562154\n|-terastallize|p2a: Bruxish|Psychic\n|move|p1a: Komala|Knock Off|p2a: Bruxish\n|-supereffective|p2a: Bruxish\n|-damage|p2a: Bruxish|0 fnt\n|-enditem|p2a: Bruxish|Choice Band|[from] move: Knock Off|[of] p1a: Komala\n|faint|p2a: Bruxish\n|\n|win|p0x1912eaee", "uploadtime": 1783562154, "views": 0, "rating": 0, "private": 0, "password": null, "_winner": "p0x1912eaee", "_our_name": "p0y1912f05d"}