{"id": "battle-gen9randombattle-1822", "formatid": "gen9randombattle", "format": "[Gen 9] Random Battle", "players": ["p0x18221ac1", "p0y182227a4"], "log": "|init|battle\n|title|p0x18221ac1 vs. p0y182227a4\n|j|\u2606p0x18221ac1\n|j|\u2606p0y182227a4\n|t:|1783560342\n|gametype|singles\n|player|p1|p0x18221ac1|1|\n|player|p2|p0y182227a4|266|\n|gen|9\n|tier|[Gen 9] Random Battle\n|rule|Species Clause: Limit one of each Pok\u00e9mon\n|rule|HP Percentage Mod: HP is shown in percentages\n|rule|Sleep Clause Mod: Limit one foe put to sleep\n|rule|Illusion Level Mod: Illusion disguises the Pok\u00e9mon's true level\n|\n|t:|1783560342\n|teamsize|p1|6\n|teamsize|p2|6\n|start\n|switch|p1a: Hitmontop|Hitmontop, L88, M|100/100\n|switch|p2a: Houndoom|Houndoom, L87, F|272/272\n|turn|1\n|inactive|Battle timer is ON: inactive players will automatically lose when time's up. (requested by p0x18221ac1)\n|inactive|Time left: 300 sec this turn | 300 sec total | 60 sec grace\n|inactive|p0y182227a4 also wants the timer to be on.\n|\n|t:|1783560343\n|move|p2a: Houndoom|Fire Blast|p1a: Hitmontop\n|-damage|p1a: Hitmontop|51/100\n|move|p1a: Hitmontop|Close Combat|p2a: Houndoom\n|-supereffective|p2a: Houndoom\n|-damage|p2a: Houndoom|0 fnt\n|-unboost|p1a: Hitmontop|def|1\n|-unboost|p1a: Hitmontop|spd|1\n|faint|p2a: Houndoom\n|\n|-heal|p1a: Hitmontop|57/100|[from] item: Leftovers\n|upkeep\n|inactive|Time left: 300 sec this turn | 300 sec total | 65 sec grace\n|\n|t:|1783560344\n|switch|p2a: Archaludon|Archaludon, L78, M|268/268\n|turn|2\n|inactive|Time left: 300 sec this turn | 300 sec total\n|\n|t:|1783560346\n|switch|p1a: Squawkabilly|Squawkabilly-Blue, L85, F|100/100\n|move|p2a: Archaludon|Outrage|p1a: Squawkabilly\n|-damage|p1a: Squawkabilly|42/100\n|\n|-status|p1a: Squawkabilly|brn|[from] item: Flame Orb\n|upkeep\n|turn|3\n|inactive|Time left: 300 sec this turn | 300 sec total\n|\n|t:|1783560347\n|switch|p1a: Ribombee|Ribombee, L83, M|100/100\n|move|p2a: Archaludon|Outrage|p1a: Ribombee|[from] lockedmove\n|-immune|p1a: Ribombee\n|-start|p2a: Archaludon|confusion|[fatigue]\n|-enditem|p2a: Archaludon|Lum Berry|[eat]\n|-end|p2a: Archaludon|confusion\n|\n|upkeep\n|turn|4\n|inactive|Time left: 300 sec this turn | 300 sec total\n|\n|t:|1783560348\n|move|p1a: Ribombee|Sticky Web|p2a: Archaludon\n|-sidestart|p2: p0y182227a4|move: Sticky Web\n|move|p2a: Archaludon|Swords Dance|p2a: Archaludon\n|-boost|p2a: Archaludon|atk|2\n|\n|upkeep\n|turn|5\n|inactive|Time left: 300 sec this turn | 300 sec total\n|\n|t:|1783560349\n|switch|p1a: Lugia|Lugia, L73|100/100\n|move|p2a: Archaludon|Iron Head|p1a: Lugia\n|-damage|p1a: Lugia|78/100\n|\n|upkeep\n|turn|6\n|inactive|Time left: 300 sec this turn | 300 sec total\n|\n|t:|1783560351\n|switch|p1a: Dedenne|Dedenne, L88, M|100/100\n|move|p2a: Archaludon|Outrage|p1a: Dedenne\n|-immune|p1a: Dedenne\n|\n|upkeep\n|turn|7\n|inactive|Time left: 300 sec this turn | 300 sec total\n|\n|t:|1783560352\n|move|p1a: Dedenne|Super Fang|p2a: Archaludon\n|-damage|p2a: Archaludon|134/268\n|-ability|p2a: Archaludon|Stamina|boost\n|-boost|p2a: Archaludon|def|1\n|move|p2a: Archaludon|Earthquake|p1a: Dedenne\n|-supereffective|p1a: Dedenne\n|-damage|p1a: Dedenne|0 fnt\n|faint|p1a: Dedenne\n|\n|upkeep\n|\n|t:|1783560353\n|switch|p1a: Lugia|Lugia, L73|78/100\n|turn|8\n|inactive|Time left: 300 sec this turn | 300 sec total\n|\n|t:|1783560354\n|move|p1a: Lugia|Earth Power|p2a: Archaludon\n|-supereffective|p2a: Archaludon\n|-damage|p2a: Archaludon|4/268\n|-ability|p2a: Archaludon|Stamina|boost\n|-boost|p2a: Archaludon|def|1\n|move|p2a: Archaludon|Outrage|p1a: Lugia\n|-damage|p1a: Lugia|12/100\n|\n|upkeep\n|turn|9\n|inactive|Time left: 300 sec this turn | 300 sec total\n|\n|t:|1783560355\n|move|p1a: Lugia|Earth Power|p2a: Archaludon\n|-supereffective|p2a: Archaludon\n|-damage|p2a: Archaludon|0 fnt\n|faint|p2a: Archaludon\n|\n|upkeep\n|inactive|Time left: 300 sec this turn | 300 sec total | 5 sec grace\n|\n|t:|1783560356\n|switch|p2a: Sandslash|Sandslash, L89, M|278/278\n|-activate|p2a: Sandslash|move: Sticky Web\n|-unboost|p2a: Sandslash|spe|1\n|turn|10\n|inactive|Time left: 300 sec this turn | 300 sec total\n|\n|t:|1783560357\n|move|p1a: Lugia|Recover|p1a: Lugia\n|-heal|p1a: Lugia|62/100\n|move|p2a: Sandslash|Rapid Spin|p1a: Lugia\n|-damage|p1a: Lugia|49/100\n|-boost|p2a: Sandslash|spe|1\n|-sideend|p2: p0y182227a4|Sticky Web|[from] move: Rapid Spin|[of] p2a: Sandslash\n|\n|upkeep\n|turn|11\n|inactive|Time left: 300 sec this turn | 300 sec total\n|\n|t:|1783560358\n|move|p1a: Lugia|Recover|p1a: Lugia\n|-heal|p1a: Lugia|99/100\n|move|p2a: Sandslash|Knock Off|p1a: Lugia\n|-supereffective|p1a: Lugia\n|-damage|p1a: Lugia|52/100\n|-enditem|p1a: Lugia|Heavy-Duty Boots|[from] move: Knock Off|[of] p2a: Sandslash\n|\n|upkeep\n|turn|12\n|inactive|Time left: 300 sec this turn | 300 sec total\n|\n|t:|1783560359\n|move|p1a: Lugia|Recover|p1a: Lugia\n|-heal|p1a: Lugia|100/100\n|move|p2a: Sandslash|Rapid Spin|p1a: Lugia\n|-damage|p1a: Lugia|95/100\n|-boost|p2a: Sandslash|spe|1\n|\n|upkeep\n|turn|13\n|inactive|Time left: 300 sec this turn | 300 sec total\n|\n|t:|1783560360\n|move|p2a: Sandslash|Knock Off|p1a: Lugia\n|-supereffective|p1a: Lugia\n|-damage|p1a: Lugia|61/100\n|move|p1a: Lugia|Calm Mind|p1a: Lugia\n|-boost|p1a: Lugia|spa|1\n|-boost|p1a: Lugia|spd|1\n|\n|upkeep\n|turn|14\n|inactive|Time left: 300 sec this turn | 300 sec total\n|\n|t:|1783560361\n|move|p2a: Sandslash|Knock Off|p1a: Lugia\n|-supereffective|p1a: Lugia\n|-crit|p1a: Lugia\n|-damage|p1a: Lugia|10/100\n|move|p1a: Lugia|Recover|p1a: Lugia\n|-heal|p1a: Lugia|60/100\n|\n|upkeep\n|turn|15\n|inactive|Time left: 300 sec this turn | 300 sec total\n|\n|t:|1783560363\n|move|p2a: Sandslash|Knock Off|p1a: Lugia\n|-supereffective|p1a: Lugia\n|-damage|p1a: Lugia|28/100\n|move|p1a: Lugia|Recover|p1a: Lugia\n|-heal|p1a: Lugia|78/100\n|\n|upkeep\n|turn|16\n|inactive|Time left: 300 sec this turn | 300 sec total\n|\n|t:|1783560364\n|move|p2a: Sandslash|Knock Off|p1a: Lugia\n|-supereffective|p1a: Lugia\n|-damage|p1a: Lugia|42/100\n|move|p1a: Lugia|Aeroblast|p2a: Sandslash\n|-damage|p2a: Sandslash|116/278\n|\n|-heal|p2a: Sandslash|133/278|[from] item: Leftovers\n|upkeep\n|turn|17\n|inactive|Time left: 300 sec this turn | 300 sec total\n|\n|t:|1783560365\n|move|p2a: Sandslash|Knock Off|p1a: Lugia\n|-supereffective|p1a: Lugia\n|-damage|p1a: Lugia|12/100\n|move|p1a: Lugia|Aeroblast|p2a: Sandslash\n|-damage|p2a: Sandslash|0 fnt\n|faint|p2a: Sandslash\n|\n|upkeep\n|inactive|Time left: 300 sec this turn | 300 sec total | 5 sec grace\n|\n|t:|1783560366\n|switch|p2a: Torterra|Torterra, L78, M|276/276\n|turn|18\n|inactive|Time left: 300 sec this turn | 300 sec total\n|\n|t:|1783560367\n|move|p1a: Lugia|Recover|p1a: Lugia\n|-heal|p1a: Lugia|62/100\n|move|p2a: Torterra|Shell Smash|p2a: Torterra\n|-unboost|p2a: Torterra|def|1\n|-unboost|p2a: Torterra|spd|1\n|-boost|p2a: Torterra|atk|2\n|-boost|p2a: Torterra|spa|2\n|-boost|p2a: Torterra|spe|2\n|\n|upkeep\n|turn|19\n|inactive|Time left: 300 sec this turn | 300 sec total\n|\n|t:|1783560368\n|move|p2a: Torterra|Rock Blast|p1a: Lugia\n|-supereffective|p1a: Lugia\n|-damage|p1a: Lugia|42/100\n|-supereffective|p1a: Lugia\n|-damage|p1a: Lugia|21/100\n|-supereffective|p1a: Lugia\n|-damage|p1a: Lugia|1/100\n|-supereffective|p1a: Lugia\n|-damage|p1a: Lugia|0 fnt\n|faint|p1a: Lugia\n|-hitcount|p1: Lugia|4\n|\n|upkeep\n|\n|t:|1783560369\n|switch|p1a: Kingdra|Kingdra, L84, F|100/100\n|turn|20\n|inactive|Time left: 300 sec this turn | 300 sec total\n|\n|t:|1783560370\n|move|p2a: Torterra|Bullet Seed|p1a: Kingdra\n|-damage|p1a: Kingdra|81/100\n|-damage|p1a: Kingdra|64/100\n|-damage|p1a: Kingdra|45/100\n|-damage|p1a: Kingdra|26/100\n|-hitcount|p1a: Kingdra|4\n|move|p1a: Kingdra|Draco Meteor|p2a: Torterra\n|-damage|p2a: Torterra|0 fnt\n|-unboost|p1a: Kingdra|spa|2\n|faint|p2a: Torterra\n|-damage|p1a: Kingdra|16/100|[from] item: Life Orb\n|\n|upkeep\n|inactive|Time left: 300 sec this turn | 300 sec total | 5 sec grace\n|\n|t:|1783560371\n|switch|p2a: Metagross|Metagross, L79|256/256\n|turn|21\n|inactive|Time left: 300 sec this turn | 300 sec total\n|\n|t:|1783560371\n|move|p1a: Kingdra|Rain Dance|p1a: Kingdra\n|-weather|RainDance\n|move|p2a: Metagross|Agility|p2a: Metagross\n|-boost|p2a: Metagross|spe|2\n|\n|-weather|RainDance|[upkeep]\n|upkeep\n|turn|22\n|inactive|Time left: 300 sec this turn | 300 sec total\n|\n|t:|1783560372\n|-terastallize|p1a: Kingdra|Water\n|move|p1a: Kingdra|Wave Crash|p2a: Metagross\n|-damage|p2a: Metagross|9/256\n|-damage|p1a: Kingdra|0 fnt|[from] Recoil\n|faint|p1a: Kingdra\n|move|p2a: Metagross|Agility|p2a: Metagross\n|-boost|p2a: Metagross|spe|2\n|\n|-weather|RainDance|[upkeep]\n|upkeep\n|\n|t:|1783560373\n|switch|p1a: Squawkabilly|Squawkabilly-Blue, L85, F|42/100 brn\n|turn|23\n|inactive|Time left: 300 sec this turn | 300 sec total\n|\n|t:|1783560373\n|switch|p2a: Spiritomb|Spiritomb, L89, M|234/234\n|move|p1a: Squawkabilly|Quick Attack|p2a: Spiritomb\n|-immune|p2a: Spiritomb\n|\n|-weather|RainDance|[upkeep]\n|-damage|p1a: Squawkabilly|36/100 brn|[from] brn\n|upkeep\n|turn|24\n|inactive|Time left: 300 sec this turn | 300 sec total\n|\n|t:|1783560374\n|switch|p2a: Metagross|Metagross, L79|9/256\n|move|p1a: Squawkabilly|Brave Bird|p2a: Metagross\n|-resisted|p2a: Metagross\n|-damage|p2a: Metagross|0 fnt\n|faint|p2a: Metagross\n|-damage|p1a: Squawkabilly|35/100 brn|[from] Recoil\n|\n|-weather|RainDance|[upkeep]\n|-damage|p1a: Squawkabilly|29/100 brn|[from] brn\n|upkeep\n|inactive|Time left: 300 sec this turn | 300 sec total | 5 sec grace\n|\n|t:|1783560375\n|switch|p2a: Spiritomb|Spiritomb, L89, M|234/234\n|turn|25\n|inactive|Time left: 300 sec this turn | 300 sec total\n|\n|t:|1783560375\n|-terastallize|p2a: Spiritomb|Poison\n|move|p1a: Squawkabilly|Brave Bird|p2a: Spiritomb\n|-damage|p2a: Spiritomb|80/234\n|-damage|p1a: Squawkabilly|10/100 brn|[from] Recoil\n|move|p2a: Spiritomb|Foul Play|p1a: Squawkabilly\n|-damage|p1a: Squawkabilly|0 fnt\n|faint|p1a: Squawkabilly\n|\n|-weather|none\n|-heal|p2a: Spiritomb|94/234|[from] item: Leftovers\n|upkeep\n|\n|t:|1783560376\n|switch|p1a: Hitmontop|Hitmontop, L88, M|57/100\n|turn|26\n|inactive|Time left: 300 sec this turn | 300 sec total\n|\n|t:|1783560377\n|move|p1a: Hitmontop|Triple Axel|p2a: Spiritomb\n|-crit|p2a: Spiritomb\n|-damage|p2a: Spiritomb|68/234\n|-damage|p2a: Spiritomb|31/234\n|-damage|p2a: Spiritomb|0 fnt\n|faint|p2a: Spiritomb\n|-hitcount|p2: Spiritomb|3\n|\n|win|p0x18221ac1", "uploadtime": 1783560377, "views": 0, "rating": 0, "private": 0, "password": null, "_winner": "p0x18221ac1", "_our_name": "p0y182227a4"}