{"id": "battle-gen9randombattle-654", "formatid": "gen9randombattle", "format": "[Gen 9] Random Battle", "players": ["p0x654727a", "p0y6541ac5"], "log": "|init|battle\n|title|p0x654727a vs. p0y6541ac5\n|j|\u2606p0x654727a\n|j|\u2606p0y6541ac5\n|t:|1783547393\n|gametype|singles\n|player|p1|p0x654727a|1|\n|player|p2|p0y6541ac5|2|\n|gen|9\n|tier|[Gen 9] Random Battle\n|rule|Species Clause: Limit one of each Pok\u00e9mon\n|rule|HP Percentage Mod: HP is shown in percentages\n|rule|Sleep Clause Mod: Limit one foe put to sleep\n|rule|Illusion Level Mod: Illusion disguises the Pok\u00e9mon's true level\n|\n|t:|1783547393\n|teamsize|p1|6\n|teamsize|p2|6\n|start\n|switch|p1a: Masquerain|Masquerain, L87, F|100/100\n|switch|p2a: Meowscarada|Meowscarada, L78, M|247/247\n|-ability|p1a: Masquerain|Intimidate|boost\n|-unboost|p2a: Meowscarada|atk|1\n|turn|1\n|inactive|Battle timer is ON: inactive players will automatically lose when time's up. (requested by p0y6541ac5)\n|inactive|p0x654727a also wants the timer to be on.\n|\n|t:|1783547395\n|move|p2a: Meowscarada|U-turn|p1a: Masquerain\n|-start|p2a: Meowscarada|typechange|Bug|[from] ability: Protean\n|-resisted|p1a: Masquerain\n|-damage|p1a: Masquerain|90/100\n|inactive|Time left: 300 sec this turn | 300 sec total | 65 sec grace\n|\n|t:|1783547396\n|switch|p2a: Chansey|Chansey, L85, F|564/564|[from] U-turn\n|move|p1a: Masquerain|Sticky Web|p2a: Chansey\n|-sidestart|p2: p0y6541ac5|move: Sticky Web\n|\n|upkeep\n|turn|2\n|inactive|Time left: 300 sec this turn | 300 sec total\n|\n|t:|1783547397\n|switch|p1a: Conkeldurr|Conkeldurr, L80, M|100/100\n|move|p2a: Chansey|Seismic Toss|p1a: Conkeldurr\n|-damage|p1a: Conkeldurr|72/100\n|\n|-status|p1a: Conkeldurr|brn|[from] item: Flame Orb\n|upkeep\n|turn|3\n|inactive|Time left: 300 sec this turn | 300 sec total\n|\n|t:|1783547399\n|switch|p2a: Noivern|Noivern, L82, F|274/274\n|move|p1a: Conkeldurr|Knock Off|p2a: Noivern\n|-damage|p2a: Noivern|145/274\n|-enditem|p2a: Noivern|Choice Specs|[from] move: Knock Off|[of] p1a: Conkeldurr\n|\n|-damage|p1a: Conkeldurr|66/100 brn|[from] brn\n|upkeep\n|turn|4\n|inactive|Time left: 300 sec this turn | 300 sec total\n|\n|t:|1783547400\n|switch|p1a: Bastiodon|Bastiodon, L89, F|100/100\n|move|p2a: Noivern|Hurricane|p1a: Bastiodon\n|-resisted|p1a: Bastiodon\n|-damage|p1a: Bastiodon|93/100\n|\n|upkeep\n|turn|5\n|inactive|Time left: 300 sec this turn | 300 sec total\n|\n|t:|1783547401\n|move|p2a: Noivern|Hurricane|p1a: Bastiodon|[miss]\n|-miss|p2a: Noivern|p1a: Bastiodon\n|move|p1a: Bastiodon|Body Press|p2a: Noivern\n|-resisted|p2a: Noivern\n|-damage|p2a: Noivern|93/274\n|\n|upkeep\n|turn|6\n|inactive|Time left: 300 sec this turn | 300 sec total\n|\n|t:|1783547402\n|move|p2a: Noivern|Hurricane|p1a: Bastiodon\n|-resisted|p1a: Bastiodon\n|-damage|p1a: Bastiodon|85/100\n|move|p1a: Bastiodon|Iron Defense|p1a: Bastiodon\n|-boost|p1a: Bastiodon|def|2\n|\n|upkeep\n|turn|7\n|inactive|Time left: 300 sec this turn | 300 sec total\n|\n|t:|1783547404\n|move|p2a: Noivern|Hurricane|p1a: Bastiodon\n|-resisted|p1a: Bastiodon\n|-damage|p1a: Bastiodon|78/100\n|move|p1a: Bastiodon|Body Press|p2a: Noivern\n|-resisted|p2a: Noivern\n|-damage|p2a: Noivern|0 fnt\n|faint|p2a: Noivern\n|\n|upkeep\n|inactive|Time left: 300 sec this turn | 300 sec total | 5 sec grace\n|\n|t:|1783547404\n|switch|p2a: Pikachu|Pikachu-Unova, L93, M|216/216\n|-activate|p2a: Pikachu|move: Sticky Web\n|-unboost|p2a: Pikachu|spe|1\n|turn|8\n|inactive|Time left: 300 sec this turn | 300 sec total\n|\n|t:|1783547406\n|move|p2a: Pikachu|Fake Out|p1a: Bastiodon\n|-resisted|p1a: Bastiodon\n|-damage|p1a: Bastiodon|77/100\n|cant|p1a: Bastiodon|flinch\n|\n|upkeep\n|turn|9\n|inactive|Time left: 300 sec this turn | 300 sec total\n|\n|t:|1783547407\n|-terastallize|p2a: Pikachu|Water\n|move|p2a: Pikachu|Surf|p1a: Bastiodon\n|-supereffective|p1a: Bastiodon\n|-damage|p1a: Bastiodon|2/100\n|move|p1a: Bastiodon|Body Press|p2a: Pikachu\n|-damage|p2a: Pikachu|0 fnt\n|faint|p2a: Pikachu\n|\n|upkeep\n|inactive|Time left: 300 sec this turn | 300 sec total | 5 sec grace\n|\n|t:|1783547408\n|switch|p2a: Meowscarada|Meowscarada, L78, M|247/247\n|turn|10\n|inactive|Time left: 300 sec this turn | 300 sec total\n|\n|t:|1783547409\n|move|p2a: Meowscarada|Knock Off|p1a: Bastiodon\n|-start|p2a: Meowscarada|typechange|Dark|[from] ability: Protean\n|-damage|p1a: Bastiodon|0 fnt\n|-enditem|p1a: Bastiodon|Chesto Berry|[from] move: Knock Off|[of] p2a: Meowscarada\n|faint|p1a: Bastiodon\n|\n|upkeep\n|\n|t:|1783547410\n|switch|p1a: Torterra|Torterra, L78, M|100/100\n|turn|11\n|inactive|Time left: 300 sec this turn | 300 sec total\n|\n|t:|1783547411\n|move|p2a: Meowscarada|U-turn|p1a: Torterra\n|-supereffective|p1a: Torterra\n|-damage|p1a: Torterra|69/100\n|inactive|Time left: 300 sec this turn | 300 sec total | 5 sec grace\n|\n|t:|1783547412\n|switch|p2a: Tauros|Tauros, L82, M|257/257|[from] U-turn\n|-activate|p2a: Tauros|move: Sticky Web\n|-unboost|p2a: Tauros|spe|1\n|move|p1a: Torterra|Shell Smash|p1a: Torterra\n|-unboost|p1a: Torterra|def|1\n|-unboost|p1a: Torterra|spd|1\n|-boost|p1a: Torterra|atk|2\n|-boost|p1a: Torterra|spa|2\n|-boost|p1a: Torterra|spe|2\n|\n|upkeep\n|turn|12\n|inactive|Time left: 300 sec this turn | 300 sec total\n|\n|t:|1783547413\n|-terastallize|p1a: Torterra|Ground\n|move|p1a: Torterra|Headlong Rush|p2a: Tauros\n|-damage|p2a: Tauros|0 fnt\n|-unboost|p1a: Torterra|def|1\n|-unboost|p1a: Torterra|spd|1\n|faint|p2a: Tauros\n|\n|upkeep\n|inactive|Time left: 300 sec this turn | 300 sec total | 5 sec grace\n|\n|t:|1783547414\n|switch|p2a: Meowscarada|Meowscarada, L78, M|247/247\n|turn|13\n|inactive|Time left: 300 sec this turn | 300 sec total\n|\n|t:|1783547415\n|move|p1a: Torterra|Headlong Rush|p2a: Meowscarada\n|-resisted|p2a: Meowscarada\n|-damage|p2a: Meowscarada|38/247\n|-unboost|p1a: Torterra|def|1\n|-unboost|p1a: Torterra|spd|1\n|move|p2a: Meowscarada|Flower Trick|p1a: Torterra\n|-start|p2a: Meowscarada|typechange|Grass|[from] ability: Protean\n|-supereffective|p1a: Torterra\n|-crit|p1a: Torterra\n|-damage|p1a: Torterra|0 fnt\n|faint|p1a: Torterra\n|\n|upkeep\n|\n|t:|1783547416\n|switch|p1a: Conkeldurr|Conkeldurr, L80, M|66/100 brn\n|turn|14\n|inactive|Time left: 300 sec this turn | 300 sec total\n|\n|t:|1783547417\n|move|p1a: Conkeldurr|Mach Punch|p2a: Meowscarada\n|-damage|p2a: Meowscarada|0 fnt\n|faint|p2a: Meowscarada\n|\n|-damage|p1a: Conkeldurr|60/100 brn|[from] brn\n|upkeep\n|inactive|Time left: 300 sec this turn | 300 sec total | 5 sec grace\n|\n|t:|1783547418\n|switch|p2a: Gastrodon|Gastrodon-East, L86, F|331/331\n|-activate|p2a: Gastrodon|move: Sticky Web\n|-unboost|p2a: Gastrodon|spe|1\n|turn|15\n|inactive|Time left: 300 sec this turn | 300 sec total\n|\n|t:|1783547419\n|move|p1a: Conkeldurr|Facade|p2a: Gastrodon\n|-damage|p2a: Gastrodon|121/331\n|move|p2a: Gastrodon|Recover|p2a: Gastrodon\n|-heal|p2a: Gastrodon|287/331\n|\n|-heal|p2a: Gastrodon|307/331|[from] item: Leftovers\n|-damage|p1a: Conkeldurr|54/100 brn|[from] brn\n|upkeep\n|turn|16\n|inactive|Time left: 300 sec this turn | 300 sec total\n|\n|t:|1783547420\n|move|p1a: Conkeldurr|Facade|p2a: Gastrodon\n|-crit|p2a: Gastrodon\n|-damage|p2a: Gastrodon|0 fnt\n|faint|p2a: Gastrodon\n|\n|-damage|p1a: Conkeldurr|48/100 brn|[from] brn\n|upkeep\n|inactive|Time left: 300 sec this turn | 300 sec total | 5 sec grace\n|\n|t:|1783547421\n|switch|p2a: Chansey|Chansey, L85, F|564/564\n|-activate|p2a: Chansey|move: Sticky Web\n|-unboost|p2a: Chansey|spe|1\n|turn|17\n|inactive|Time left: 300 sec this turn | 300 sec total\n|\n|t:|1783547422\n|move|p1a: Conkeldurr|Close Combat|p2a: Chansey\n|-supereffective|p2a: Chansey\n|-damage|p2a: Chansey|0 fnt\n|-unboost|p1a: Conkeldurr|def|1\n|-unboost|p1a: Conkeldurr|spd|1\n|faint|p2a: Chansey\n|\n|win|p0x654727a", "uploadtime": 1783547422, "views": 0, "rating": 0, "private": 0, "password": null, "_winner": "p0x654727a", "_our_name": "p0y6541ac5"}