{"id": "battle-gen9randombattle-927", "formatid": "gen9randombattle", "format": "[Gen 9] Random Battle", "players": ["p0x9276602", "p0y9279ed8"], "log": "|init|battle\n|title|p0x9276602 vs. p0y9279ed8\n|j|\u2606p0x9276602\n|j|\u2606p0y9279ed8\n|t:|1783549906\n|gametype|singles\n|player|p1|p0x9276602|1|\n|player|p2|p0y9279ed8|266|\n|gen|9\n|tier|[Gen 9] Random Battle\n|rule|Species Clause: Limit one of each Pok\u00e9mon\n|rule|HP Percentage Mod: HP is shown in percentages\n|rule|Sleep Clause Mod: Limit one foe put to sleep\n|rule|Illusion Level Mod: Illusion disguises the Pok\u00e9mon's true level\n|\n|t:|1783549906\n|teamsize|p1|6\n|teamsize|p2|6\n|start\n|switch|p1a: Plusle|Plusle, L95, M|268/268\n|switch|p2a: Misdreavus|Misdreavus, L90, F|100/100\n|turn|1\n|inactive|Battle timer is ON: inactive players will automatically lose when time's up. (requested by p0y9279ed8)\n|inactive|Time left: 300 sec this turn | 300 sec total | 60 sec grace\n|inactive|p0x9276602 also wants the timer to be on.\n|\n|t:|1783549907\n|move|p1a: Plusle|Nasty Plot|p1a: Plusle\n|-boost|p1a: Plusle|spa|2\n|move|p2a: Misdreavus|Calm Mind|p2a: Misdreavus\n|-boost|p2a: Misdreavus|spa|1\n|-boost|p2a: Misdreavus|spd|1\n|\n|upkeep\n|turn|2\n|inactive|Time left: 300 sec this turn | 300 sec total\n|\n|t:|1783549908\n|move|p1a: Plusle|Thunderbolt|p2a: Misdreavus\n|-damage|p2a: Misdreavus|51/100\n|-damage|p1a: Plusle|242/268|[from] item: Life Orb\n|move|p2a: Misdreavus|Shadow Ball|p1a: Plusle\n|-damage|p1a: Plusle|106/268\n|\n|upkeep\n|turn|3\n|inactive|Time left: 300 sec this turn | 300 sec total\n|\n|t:|1783549909\n|move|p1a: Plusle|Thunderbolt|p2a: Misdreavus\n|-damage|p2a: Misdreavus|0 fnt\n|faint|p2a: Misdreavus\n|-damage|p1a: Plusle|80/268|[from] item: Life Orb\n|\n|upkeep\n|\n|t:|1783549910\n|switch|p2a: Lanturn|Lanturn, L89, M|100/100\n|turn|4\n|inactive|Time left: 300 sec this turn | 300 sec total\n|\n|t:|1783549911\n|move|p1a: Plusle|Alluring Voice|p2a: Lanturn\n|-damage|p2a: Lanturn|51/100\n|-damage|p1a: Plusle|54/268|[from] item: Life Orb\n|move|p2a: Lanturn|Scald|p1a: Plusle\n|-damage|p1a: Plusle|0 fnt\n|faint|p1a: Plusle\n|\n|-heal|p2a: Lanturn|57/100|[from] item: Leftovers\n|upkeep\n|inactive|Time left: 300 sec this turn | 300 sec total | 5 sec grace\n|\n|t:|1783549912\n|switch|p1a: Golurk|Golurk, L87|297/297\n|turn|5\n|inactive|Time left: 300 sec this turn | 300 sec total\n|\n|t:|1783549913\n|move|p2a: Lanturn|Scald|p1a: Golurk\n|-supereffective|p1a: Golurk\n|-damage|p1a: Golurk|135/297\n|move|p1a: Golurk|Poltergeist|p2a: Lanturn\n|-activate|p2a: Lanturn|move: Poltergeist|Leftovers\n|-damage|p2a: Lanturn|0 fnt\n|faint|p2a: Lanturn\n|\n|upkeep\n|\n|t:|1783549914\n|switch|p2a: Furret|Furret, L94, F|100/100\n|-item|p1a: Golurk|Choice Band|[from] ability: Frisk|[of] p2a: Furret\n|turn|6\n|inactive|Time left: 300 sec this turn | 300 sec total\n|\n|t:|1783549916\n|switch|p1a: Quaquaval|Quaquaval, L79, M|264/264\n|move|p2a: Furret|Knock Off|p1a: Quaquaval\n|-resisted|p1a: Quaquaval\n|-damage|p1a: Quaquaval|199/264\n|-enditem|p1a: Quaquaval|Life Orb|[from] move: Knock Off|[of] p2a: Furret\n|\n|upkeep\n|turn|7\n|inactive|Time left: 300 sec this turn | 300 sec total\n|\n|t:|1783549917\n|switch|p2a: Ogerpon|Ogerpon-Wellspring, L76, F|100/100\n|move|p1a: Quaquaval|Swords Dance|p1a: Quaquaval\n|-boost|p1a: Quaquaval|atk|2\n|\n|upkeep\n|turn|8\n|inactive|Time left: 300 sec this turn | 300 sec total\n|\n|t:|1783549918\n|-terastallize|p1a: Quaquaval|Steel\n|move|p2a: Ogerpon|Wood Hammer|p1a: Quaquaval\n|-resisted|p1a: Quaquaval\n|-damage|p1a: Quaquaval|117/264\n|-damage|p2a: Ogerpon|90/100|[from] Recoil\n|move|p1a: Quaquaval|Close Combat|p2a: Ogerpon\n|-damage|p2a: Ogerpon|0 fnt\n|-unboost|p1a: Quaquaval|def|1\n|-unboost|p1a: Quaquaval|spd|1\n|faint|p2a: Ogerpon\n|-ability|p1a: Quaquaval|Moxie|boost\n|-boost|p1a: Quaquaval|atk|1\n|\n|upkeep\n|\n|t:|1783549919\n|switch|p2a: Furret|Furret, L94, F|100/100\n|turn|9\n|inactive|Time left: 300 sec this turn | 300 sec total\n|\n|t:|1783549920\n|move|p2a: Furret|Knock Off|p1a: Quaquaval\n|-damage|p1a: Quaquaval|4/264\n|move|p1a: Quaquaval|Close Combat|p2a: Furret\n|-supereffective|p2a: Furret\n|-damage|p2a: Furret|0 fnt\n|-unboost|p1a: Quaquaval|def|1\n|-unboost|p1a: Quaquaval|spd|1\n|faint|p2a: Furret\n|-ability|p1a: Quaquaval|Moxie|boost\n|-boost|p1a: Quaquaval|atk|1\n|\n|upkeep\n|\n|t:|1783549921\n|switch|p2a: Shaymin|Shaymin, L82|100/100\n|turn|10\n|inactive|Time left: 300 sec this turn | 300 sec total\n|\n|t:|1783549922\n|move|p2a: Shaymin|Air Slash|p1a: Quaquaval\n|-resisted|p1a: Quaquaval\n|-damage|p1a: Quaquaval|0 fnt\n|faint|p1a: Quaquaval\n|\n|upkeep\n|inactive|Time left: 300 sec this turn | 300 sec total | 5 sec grace\n|\n|t:|1783549924\n|switch|p1a: Reshiram|Reshiram, L76|277/277\n|-ability|p1a: Reshiram|Turboblaze\n|turn|11\n|inactive|Time left: 300 sec this turn | 300 sec total\n|\n|t:|1783549925\n|move|p2a: Shaymin|Substitute|p2a: Shaymin\n|-start|p2a: Shaymin|Substitute\n|-damage|p2a: Shaymin|76/100\n|move|p1a: Reshiram|Blue Flare|p2a: Shaymin\n|-supereffective|p2a: Shaymin\n|-end|p2a: Shaymin|Substitute\n|\n|-heal|p2a: Shaymin|82/100|[from] item: Leftovers\n|upkeep\n|turn|12\n|inactive|Time left: 300 sec this turn | 300 sec total\n|\n|t:|1783549926\n|move|p2a: Shaymin|Substitute|p2a: Shaymin\n|-start|p2a: Shaymin|Substitute\n|-damage|p2a: Shaymin|57/100\n|move|p1a: Reshiram|Blue Flare|p2a: Shaymin\n|-supereffective|p2a: Shaymin\n|-end|p2a: Shaymin|Substitute\n|\n|-heal|p2a: Shaymin|63/100|[from] item: Leftovers\n|upkeep\n|turn|13\n|inactive|Time left: 300 sec this turn | 300 sec total\n|\n|t:|1783549927\n|move|p2a: Shaymin|Substitute|p2a: Shaymin\n|-start|p2a: Shaymin|Substitute\n|-damage|p2a: Shaymin|38/100\n|move|p1a: Reshiram|Blue Flare|p2a: Shaymin\n|-supereffective|p2a: Shaymin\n|-end|p2a: Shaymin|Substitute\n|\n|-heal|p2a: Shaymin|44/100|[from] item: Leftovers\n|upkeep\n|turn|14\n|inactive|Time left: 300 sec this turn | 300 sec total\n|\n|t:|1783549928\n|move|p2a: Shaymin|Substitute|p2a: Shaymin\n|-start|p2a: Shaymin|Substitute\n|-damage|p2a: Shaymin|19/100\n|move|p1a: Reshiram|Blue Flare|p2a: Shaymin\n|-supereffective|p2a: Shaymin\n|-end|p2a: Shaymin|Substitute\n|\n|-heal|p2a: Shaymin|25/100|[from] item: Leftovers\n|upkeep\n|turn|15\n|inactive|Time left: 300 sec this turn | 300 sec total\n|\n|t:|1783549929\n|move|p2a: Shaymin|Leech Seed|p1a: Reshiram\n|-start|p1a: Reshiram|move: Leech Seed\n|move|p1a: Reshiram|Blue Flare|p2a: Shaymin|[miss]\n|-miss|p1a: Reshiram|p2a: Shaymin\n|\n|-heal|p2a: Shaymin|31/100|[from] item: Leftovers\n|-damage|p1a: Reshiram|243/277|[from] Leech Seed|[of] p2a: Shaymin\n|-heal|p2a: Shaymin|43/100|[silent]\n|upkeep\n|turn|16\n|inactive|Time left: 300 sec this turn | 300 sec total\n|\n|t:|1783549930\n|move|p2a: Shaymin|Substitute|p2a: Shaymin\n|-start|p2a: Shaymin|Substitute\n|-damage|p2a: Shaymin|18/100\n|move|p1a: Reshiram|Blue Flare|p2a: Shaymin\n|-supereffective|p2a: Shaymin\n|-end|p2a: Shaymin|Substitute\n|\n|-heal|p2a: Shaymin|24/100|[from] item: Leftovers\n|-damage|p1a: Reshiram|209/277|[from] Leech Seed|[of] p2a: Shaymin\n|-heal|p2a: Shaymin|35/100|[silent]\n|upkeep\n|turn|17\n|inactive|Time left: 300 sec this turn | 300 sec total\n|\n|t:|1783549931\n|move|p2a: Shaymin|Substitute|p2a: Shaymin\n|-start|p2a: Shaymin|Substitute\n|-damage|p2a: Shaymin|11/100\n|move|p1a: Reshiram|Blue Flare|p2a: Shaymin\n|-supereffective|p2a: Shaymin\n|-end|p2a: Shaymin|Substitute\n|\n|-heal|p2a: Shaymin|17/100|[from] item: Leftovers\n|-damage|p1a: Reshiram|175/277|[from] Leech Seed|[of] p2a: Shaymin\n|-heal|p2a: Shaymin|28/100|[silent]\n|upkeep\n|turn|18\n|inactive|Time left: 300 sec this turn | 300 sec total\n|\n|t:|1783549932\n|move|p2a: Shaymin|Substitute|p2a: Shaymin\n|-start|p2a: Shaymin|Substitute\n|-damage|p2a: Shaymin|3/100\n|move|p1a: Reshiram|Blue Flare|p2a: Shaymin\n|-supereffective|p2a: Shaymin\n|-crit|p2a: Shaymin\n|-end|p2a: Shaymin|Substitute\n|\n|-heal|p2a: Shaymin|9/100|[from] item: Leftovers\n|-damage|p1a: Reshiram|141/277|[from] Leech Seed|[of] p2a: Shaymin\n|-heal|p2a: Shaymin|21/100|[silent]\n|upkeep\n|turn|19\n|inactive|Time left: 300 sec this turn | 300 sec total\n|\n|t:|1783549933\n|move|p2a: Shaymin|Air Slash|p1a: Reshiram\n|-damage|p1a: Reshiram|93/277\n|move|p1a: Reshiram|Draco Meteor|p2a: Shaymin\n|-damage|p2a: Shaymin|0 fnt\n|-unboost|p1a: Reshiram|spa|2\n|faint|p2a: Shaymin\n|\n|upkeep\n|\n|t:|1783549934\n|switch|p2a: Dusknoir|Dusknoir, L89, M|100/100\n|-item|p1a: Reshiram|Heavy-Duty Boots|[from] ability: Frisk|[of] p2a: Dusknoir\n|turn|20\n|inactive|Time left: 300 sec this turn | 300 sec total\n|\n|t:|1783549935\n|move|p1a: Reshiram|Will-O-Wisp|p2a: Dusknoir\n|-status|p2a: Dusknoir|brn\n|move|p2a: Dusknoir|Will-O-Wisp|p1a: Reshiram\n|-immune|p1a: Reshiram\n|\n|-damage|p1a: Reshiram|59/277|[from] Leech Seed|[of] p2a: Dusknoir\n|-damage|p2a: Dusknoir|94/100 brn|[from] brn\n|upkeep\n|turn|21\n|inactive|Time left: 300 sec this turn | 300 sec total\n|\n|t:|1783549936\n|switch|p1a: Ditto|Ditto, L87|225/225\n|-transform|p1a: Ditto|p2a: Dusknoir|[from] ability: Imposter\n|-item|p2a: Dusknoir|Leftovers|[from] ability: Frisk|[of] p1a: Ditto\n|move|p2a: Dusknoir|Will-O-Wisp|p1a: Ditto|[miss]\n|-miss|p2a: Dusknoir|p1a: Ditto\n|\n|-heal|p2a: Dusknoir|100/100 brn|[from] item: Leftovers\n|-damage|p2a: Dusknoir|94/100 brn|[from] brn\n|upkeep\n|turn|22\n|inactive|Time left: 300 sec this turn | 300 sec total\n|\n|t:|1783549937\n|move|p1a: Ditto|Poltergeist|p2a: Dusknoir\n|-activate|p2a: Dusknoir|move: Poltergeist|Leftovers\n|-supereffective|p2a: Dusknoir\n|-damage|p2a: Dusknoir|14/100 brn\n|move|p2a: Dusknoir|Will-O-Wisp|p1a: Ditto\n|-status|p1a: Ditto|brn\n|\n|-heal|p2a: Dusknoir|20/100 brn|[from] item: Leftovers\n|-damage|p1a: Ditto|211/225 brn|[from] brn\n|-damage|p2a: Dusknoir|14/100 brn|[from] brn\n|upkeep\n|turn|23\n|inactive|Time left: 300 sec this turn | 300 sec total\n|\n|t:|1783549938\n|switch|p1a: Reshiram|Reshiram, L76|59/277\n|-ability|p1a: Reshiram|Turboblaze\n|move|p2a: Dusknoir|Poltergeist|p1a: Reshiram|[miss]\n|-miss|p2a: Dusknoir|p1a: Reshiram\n|\n|-heal|p2a: Dusknoir|20/100 brn|[from] item: Leftovers\n|-damage|p2a: Dusknoir|14/100 brn|[from] brn\n|upkeep\n|turn|24\n|inactive|Time left: 300 sec this turn | 300 sec total\n|\n|t:|1783549939\n|move|p1a: Reshiram|Earth Power|p2a: Dusknoir\n|-damage|p2a: Dusknoir|0 fnt\n|faint|p2a: Dusknoir\n|\n|win|p0x9276602", "uploadtime": 1783549939, "views": 0, "rating": 0, "private": 0, "password": null, "_winner": "p0x9276602", "_our_name": "p0x9276602"}