{"id": "battle-gen9randombattle-993", "formatid": "gen9randombattle", "format": "[Gen 9] Random Battle", "players": ["p0x9938701", "p0y993c599"], "log": "|init|battle\n|title|p0x9938701 vs. p0y993c599\n|j|\u2606p0x9938701\n|j|\u2606p0y993c599\n|t:|1783551444\n|gametype|singles\n|player|p1|p0x9938701|2|\n|player|p2|p0y993c599|101|\n|gen|9\n|tier|[Gen 9] Random Battle\n|rule|Species Clause: Limit one of each Pok\u00e9mon\n|rule|HP Percentage Mod: HP is shown in percentages\n|rule|Sleep Clause Mod: Limit one foe put to sleep\n|rule|Illusion Level Mod: Illusion disguises the Pok\u00e9mon's true level\n|\n|t:|1783551444\n|teamsize|p1|6\n|teamsize|p2|6\n|start\n|switch|p1a: Giratina|Giratina, L75|100/100\n|switch|p2a: Electrode|Electrode, L92|260/260\n|-ability|p1a: Giratina|Pressure\n|turn|1\n|inactive|Battle timer is ON: inactive players will automatically lose when time's up. (requested by p0x9938701)\n|inactive|Time left: 300 sec this turn | 300 sec total | 60 sec grace\n|inactive|p0y993c599 also wants the timer to be on.\n|\n|t:|1783551445\n|move|p2a: Electrode|Volt Switch|p1a: Giratina\n|-resisted|p1a: Giratina\n|-damage|p1a: Giratina|87/100\n|-damage|p2a: Electrode|234/260|[from] item: Life Orb\n|inactive|Time left: 300 sec this turn | 300 sec total | 65 sec grace\n|\n|t:|1783551446\n|switch|p2a: Arceus|Arceus-Water, L71|288/288|[from] Volt Switch\n|move|p1a: Giratina|Calm Mind|p1a: Giratina\n|-boost|p1a: Giratina|spa|1\n|-boost|p1a: Giratina|spd|1\n|\n|-heal|p1a: Giratina|93/100|[from] item: Leftovers\n|upkeep\n|turn|2\n|inactive|Time left: 300 sec this turn | 300 sec total\n|\n|t:|1783551447\n|move|p2a: Arceus|Calm Mind|p2a: Arceus\n|-boost|p2a: Arceus|spa|1\n|-boost|p2a: Arceus|spd|1\n|move|p1a: Giratina|Calm Mind|p1a: Giratina\n|-boost|p1a: Giratina|spa|1\n|-boost|p1a: Giratina|spd|1\n|\n|-heal|p1a: Giratina|99/100|[from] item: Leftovers\n|upkeep\n|turn|3\n|inactive|Time left: 300 sec this turn | 300 sec total\n|\n|t:|1783551448\n|move|p2a: Arceus|Calm Mind|p2a: Arceus\n|-boost|p2a: Arceus|spa|1\n|-boost|p2a: Arceus|spd|1\n|move|p1a: Giratina|Dragon Pulse|p2a: Arceus\n|-damage|p2a: Arceus|218/288\n|\n|-heal|p1a: Giratina|100/100|[from] item: Leftovers\n|upkeep\n|turn|4\n|inactive|Time left: 300 sec this turn | 300 sec total\n|\n|t:|1783551449\n|move|p2a: Arceus|Calm Mind|p2a: Arceus\n|-boost|p2a: Arceus|spa|1\n|-boost|p2a: Arceus|spd|1\n|move|p1a: Giratina|Calm Mind|p1a: Giratina\n|-boost|p1a: Giratina|spa|1\n|-boost|p1a: Giratina|spd|1\n|\n|upkeep\n|turn|5\n|inactive|Time left: 300 sec this turn | 300 sec total\n|\n|t:|1783551450\n|move|p2a: Arceus|Calm Mind|p2a: Arceus\n|-boost|p2a: Arceus|spa|1\n|-boost|p2a: Arceus|spd|1\n|move|p1a: Giratina|Dragon Pulse|p2a: Arceus\n|-damage|p2a: Arceus|157/288\n|\n|upkeep\n|turn|6\n|inactive|Time left: 300 sec this turn | 300 sec total\n|\n|t:|1783551451\n|move|p2a: Arceus|Recover|p2a: Arceus\n|-heal|p2a: Arceus|288/288\n|move|p1a: Giratina|Dragon Pulse|p2a: Arceus\n|-damage|p2a: Arceus|231/288\n|\n|upkeep\n|turn|7\n|inactive|Time left: 300 sec this turn | 300 sec total\n|\n|t:|1783551452\n|move|p2a: Arceus|Ice Beam|p1a: Giratina\n|-supereffective|p1a: Giratina\n|-damage|p1a: Giratina|68/100\n|move|p1a: Giratina|Calm Mind|p1a: Giratina\n|-boost|p1a: Giratina|spa|1\n|-boost|p1a: Giratina|spd|1\n|\n|-heal|p1a: Giratina|74/100|[from] item: Leftovers\n|upkeep\n|turn|8\n|inactive|Time left: 300 sec this turn | 300 sec total\n|\n|t:|1783551453\n|move|p2a: Arceus|Ice Beam|p1a: Giratina\n|-supereffective|p1a: Giratina\n|-damage|p1a: Giratina|45/100\n|move|p1a: Giratina|Dragon Pulse|p2a: Arceus\n|-damage|p2a: Arceus|165/288\n|\n|-heal|p1a: Giratina|51/100|[from] item: Leftovers\n|upkeep\n|turn|9\n|inactive|Time left: 300 sec this turn | 300 sec total\n|\n|t:|1783551454\n|move|p2a: Arceus|Ice Beam|p1a: Giratina\n|-supereffective|p1a: Giratina\n|-damage|p1a: Giratina|21/100\n|move|p1a: Giratina|Dragon Pulse|p2a: Arceus\n|-damage|p2a: Arceus|96/288\n|\n|-heal|p1a: Giratina|27/100|[from] item: Leftovers\n|upkeep\n|turn|10\n|inactive|Time left: 300 sec this turn | 300 sec total\n|\n|t:|1783551455\n|move|p2a: Arceus|Ice Beam|p1a: Giratina\n|-supereffective|p1a: Giratina\n|-damage|p1a: Giratina|0 fnt\n|faint|p1a: Giratina\n|\n|upkeep\n|\n|t:|1783551456\n|switch|p1a: Dugtrio|Dugtrio, L84, M|100/100\n|turn|11\n|inactive|Time left: 300 sec this turn | 300 sec total\n|\n|t:|1783551457\n|move|p1a: Dugtrio|Earthquake|p2a: Arceus\n|-damage|p2a: Arceus|0 fnt\n|faint|p2a: Arceus\n|\n|upkeep\n|inactive|Time left: 300 sec this turn | 300 sec total | 5 sec grace\n|\n|t:|1783551458\n|switch|p2a: Meowscarada|Meowscarada, L78, F|247/247\n|turn|12\n|inactive|Time left: 300 sec this turn | 300 sec total\n|\n|t:|1783551459\n|switch|p1a: Incineroar|Incineroar, L82, M|100/100\n|-ability|p1a: Incineroar|Intimidate|boost\n|-unboost|p2a: Meowscarada|atk|1\n|move|p2a: Meowscarada|Knock Off|p1a: Incineroar\n|-start|p2a: Meowscarada|typechange|Dark|[from] ability: Protean\n|-resisted|p1a: Incineroar\n|-damage|p1a: Incineroar|88/100\n|-enditem|p1a: Incineroar|Heavy-Duty Boots|[from] move: Knock Off|[of] p2a: Meowscarada\n|\n|upkeep\n|turn|13\n|inactive|Time left: 300 sec this turn | 300 sec total\n|\n|t:|1783551461\n|move|p2a: Meowscarada|U-turn|p1a: Incineroar\n|-damage|p1a: Incineroar|76/100\n|inactive|Time left: 300 sec this turn | 300 sec total | 5 sec grace\n|\n|t:|1783551462\n|switch|p2a: Sneasler|Sneasler, L74, F|240/240|[from] U-turn\n|move|p1a: Incineroar|Swords Dance|p1a: Incineroar\n|-boost|p1a: Incineroar|atk|2\n|\n|upkeep\n|turn|14\n|inactive|Time left: 300 sec this turn | 300 sec total\n|\n|t:|1783551463\n|move|p2a: Sneasler|Close Combat|p1a: Incineroar\n|-supereffective|p1a: Incineroar\n|-damage|p1a: Incineroar|0 fnt\n|-unboost|p2a: Sneasler|def|1\n|-unboost|p2a: Sneasler|spd|1\n|faint|p1a: Incineroar\n|-enditem|p2a: Sneasler|White Herb\n|-clearnegativeboost|p2a: Sneasler|[silent]\n|\n|upkeep\n|\n|t:|1783551464\n|switch|p1a: Moltres|Moltres, L81|100/100\n|turn|15\n|inactive|Time left: 300 sec this turn | 300 sec total\n|\n|t:|1783551465\n|switch|p2a: Latias|Latias, L79, F|256/256\n|move|p1a: Moltres|Fire Blast|p2a: Latias\n|-resisted|p2a: Latias\n|-damage|p2a: Latias|208/256\n|\n|upkeep\n|turn|16\n|inactive|Time left: 300 sec this turn | 300 sec total\n|\n|t:|1783551466\n|move|p2a: Latias|Calm Mind|p2a: Latias\n|-boost|p2a: Latias|spa|1\n|-boost|p2a: Latias|spd|1\n|move|p1a: Moltres|Brave Bird|p2a: Latias\n|-damage|p2a: Latias|78/256\n|-damage|p1a: Moltres|85/100|[from] Recoil\n|\n|upkeep\n|turn|17\n|inactive|Time left: 300 sec this turn | 300 sec total\n|\n|t:|1783551467\n|move|p2a: Latias|Recover|p2a: Latias\n|-heal|p2a: Latias|206/256\n|move|p1a: Moltres|Brave Bird|p2a: Latias\n|-damage|p2a: Latias|83/256\n|-damage|p1a: Moltres|70/100|[from] Recoil\n|\n|upkeep\n|turn|18\n|inactive|Time left: 300 sec this turn | 300 sec total\n|\n|t:|1783551469\n|move|p2a: Latias|Draco Meteor|p1a: Moltres\n|-damage|p1a: Moltres|0 fnt\n|-unboost|p2a: Latias|spa|2\n|faint|p1a: Moltres\n|\n|upkeep\n|\n|t:|1783551470\n|switch|p1a: Dugtrio|Dugtrio, L84, M|100/100\n|turn|19\n|inactive|Time left: 300 sec this turn | 300 sec total\n|\n|t:|1783551471\n|switch|p2a: Mandibuzz|Mandibuzz, L85, F|326/326\n|move|p1a: Dugtrio|Throat Chop|p2a: Mandibuzz\n|-resisted|p2a: Mandibuzz\n|-damage|p2a: Mandibuzz|287/326\n|-start|p2a: Mandibuzz|Throat Chop|[silent]\n|\n|upkeep\n|turn|20\n|inactive|Time left: 300 sec this turn | 300 sec total\n|\n|t:|1783551472\n|switch|p1a: Golduck|Golduck, L90, F|100/100\n|-ability|p1a: Golduck|Cloud Nine\n|move|p2a: Mandibuzz|Knock Off|p1a: Golduck\n|-damage|p1a: Golduck|71/100\n|-enditem|p1a: Golduck|Leftovers|[from] move: Knock Off|[of] p2a: Mandibuzz\n|\n|-end|p2a: Mandibuzz|Throat Chop|[silent]\n|upkeep\n|turn|21\n|inactive|Time left: 300 sec this turn | 300 sec total\n|\n|t:|1783551473\n|switch|p2a: Electrode|Electrode, L92|234/260\n|move|p1a: Golduck|Nasty Plot|p1a: Golduck\n|-boost|p1a: Golduck|spa|2\n|\n|upkeep\n|turn|22\n|inactive|Time left: 300 sec this turn | 300 sec total\n|\n|t:|1783551474\n|switch|p1a: Dugtrio|Dugtrio, L84, M|100/100\n|move|p2a: Electrode|Thunderbolt|p1a: Dugtrio\n|-immune|p1a: Dugtrio\n|\n|upkeep\n|turn|23\n|inactive|Time left: 300 sec this turn | 300 sec total\n|\n|t:|1783551475\n|-terastallize|p2a: Electrode|Ice\n|move|p2a: Electrode|Tera Blast|p1a: Dugtrio|[anim] Tera Blast Ice\n|-supereffective|p1a: Dugtrio\n|-crit|p1a: Dugtrio\n|-damage|p1a: Dugtrio|0 fnt\n|faint|p1a: Dugtrio\n|-damage|p2a: Electrode|208/260|[from] item: Life Orb\n|\n|upkeep\n|\n|t:|1783551477\n|switch|p1a: Kilowattrel|Kilowattrel, L83, M|100/100\n|turn|24\n|inactive|Time left: 300 sec this turn | 300 sec total\n|\n|t:|1783551477\n|-terastallize|p1a: Kilowattrel|Water\n|move|p2a: Electrode|Tera Blast|p1a: Kilowattrel|[anim] Tera Blast Ice\n|-resisted|p1a: Kilowattrel\n|-damage|p1a: Kilowattrel|71/100\n|-damage|p2a: Electrode|182/260|[from] item: Life Orb\n|move|p1a: Kilowattrel|Hurricane|p2a: Electrode\n|-damage|p2a: Electrode|56/260\n|\n|upkeep\n|turn|25\n|inactive|Time left: 300 sec this turn | 300 sec total\n|\n|t:|1783551479\n|move|p2a: Electrode|Tera Blast|p1a: Kilowattrel|[anim] Tera Blast Ice\n|-resisted|p1a: Kilowattrel\n|-damage|p1a: Kilowattrel|41/100\n|-damage|p2a: Electrode|30/260|[from] item: Life Orb\n|move|p1a: Kilowattrel|Hurricane|p2a: Electrode\n|-damage|p2a: Electrode|0 fnt\n|faint|p2a: Electrode\n|\n|upkeep\n|inactive|Time left: 300 sec this turn | 300 sec total | 5 sec grace\n|\n|t:|1783551480\n|switch|p2a: Mandibuzz|Mandibuzz, L85, F|287/326\n|turn|26\n|inactive|Time left: 300 sec this turn | 300 sec total\n|\n|t:|1783551481\n|move|p1a: Kilowattrel|Discharge|p2a: Mandibuzz\n|-supereffective|p2a: Mandibuzz\n|-damage|p2a: Mandibuzz|111/326\n|move|p2a: Mandibuzz|Knock Off|p1a: Kilowattrel\n|-damage|p1a: Kilowattrel|0 fnt\n|-enditem|p1a: Kilowattrel|Heavy-Duty Boots|[from] move: Knock Off|[of] p2a: Mandibuzz\n|faint|p1a: Kilowattrel\n|\n|upkeep\n|\n|t:|1783551481\n|switch|p1a: Golduck|Golduck, L90, F|71/100\n|-ability|p1a: Golduck|Cloud Nine\n|turn|27\n|inactive|Time left: 300 sec this turn | 300 sec total\n|\n|t:|1783551482\n|switch|p2a: Meowscarada|Meowscarada, L78, F|247/247\n|move|p1a: Golduck|Ice Beam|p2a: Meowscarada\n|-supereffective|p2a: Meowscarada\n|-damage|p2a: Meowscarada|57/247\n|\n|upkeep\n|turn|28\n|inactive|Time left: 300 sec this turn | 300 sec total\n|\n|t:|1783551483\n|move|p2a: Meowscarada|Flower Trick|p1a: Golduck\n|-start|p2a: Meowscarada|typechange|Grass|[from] ability: Protean\n|-supereffective|p1a: Golduck\n|-crit|p1a: Golduck\n|-damage|p1a: Golduck|0 fnt\n|faint|p1a: Golduck\n|\n|win|p0y993c599", "uploadtime": 1783551483, "views": 0, "rating": 0, "private": 0, "password": null, "_winner": "p0y993c599", "_our_name": "p0y993c599"}