{"id": "battle-gen9randombattle-1034", "formatid": "gen9randombattle", "format": "[Gen 9] Random Battle", "players": ["p0x1034dcc3", "p0y10349f83"], "log": "|init|battle\n|title|p0x1034dcc3 vs. p0y10349f83\n|j|\u2606p0x1034dcc3\n|j|\u2606p0y10349f83\n|t:|1783551178\n|gametype|singles\n|player|p1|p0x1034dcc3|101|\n|player|p2|p0y10349f83|169|\n|gen|9\n|tier|[Gen 9] Random Battle\n|rule|Species Clause: Limit one of each Pok\u00e9mon\n|rule|HP Percentage Mod: HP is shown in percentages\n|rule|Sleep Clause Mod: Limit one foe put to sleep\n|rule|Illusion Level Mod: Illusion disguises the Pok\u00e9mon's true level\n|\n|t:|1783551178\n|teamsize|p1|6\n|teamsize|p2|6\n|start\n|switch|p1a: Lokix|Lokix, L82, F|100/100\n|switch|p2a: Kyurem|Kyurem, L77|319/319\n|-ability|p2a: Kyurem|Pressure\n|turn|1\n|inactive|Battle timer is ON: inactive players will automatically lose when time's up. (requested by p0x1034dcc3)\n|inactive|Time left: 300 sec this turn | 300 sec total | 60 sec grace\n|\n|t:|1783551179\n|move|p1a: Lokix|U-turn|p2a: Kyurem\n|-damage|p2a: Kyurem|222/319\n|inactive|p0y10349f83 also wants the timer to be on.\n|\n|t:|1783551180\n|switch|p1a: Porygon2|Porygon2, L81|100/100|[from] U-turn\n|-ability|p1a: Porygon2|Download|boost\n|-boost|p1a: Porygon2|spa|1\n|move|p2a: Kyurem|Outrage|p1a: Porygon2\n|-damage|p1a: Porygon2|65/100\n|\n|upkeep\n|turn|2\n|inactive|Time left: 300 sec this turn | 300 sec total\n|\n|t:|1783551181\n|move|p2a: Kyurem|Outrage|p1a: Porygon2|[from] lockedmove\n|-damage|p1a: Porygon2|28/100\n|-start|p2a: Kyurem|confusion|[fatigue]\n|move|p1a: Porygon2|Recover|p1a: Porygon2\n|-heal|p1a: Porygon2|78/100\n|\n|upkeep\n|turn|3\n|inactive|Time left: 300 sec this turn | 300 sec total\n|\n|t:|1783551181\n|switch|p2a: Arboliva|Arboliva, L91, F|288/288\n|move|p1a: Porygon2|Tera Blast|p2a: Arboliva\n|-damage|p2a: Arboliva|185/288\n|\n|upkeep\n|turn|4\n|inactive|Time left: 300 sec this turn | 300 sec total\n|\n|t:|1783551183\n|-terastallize|p1a: Porygon2|Fighting\n|move|p1a: Porygon2|Tera Blast|p2a: Arboliva|[anim] Tera Blast Fighting\n|-supereffective|p2a: Arboliva\n|-damage|p2a: Arboliva|0 fnt\n|faint|p2a: Arboliva\n|\n|upkeep\n|inactive|Time left: 300 sec this turn | 300 sec total | 5 sec grace\n|\n|t:|1783551183\n|switch|p2a: Sneasler|Sneasler, L74, F|240/240\n|turn|5\n|inactive|Time left: 300 sec this turn | 300 sec total\n|\n|t:|1783551184\n|move|p2a: Sneasler|Swords Dance|p2a: Sneasler\n|-boost|p2a: Sneasler|atk|2\n|move|p1a: Porygon2|Recover|p1a: Porygon2\n|-heal|p1a: Porygon2|100/100\n|\n|upkeep\n|turn|6\n|inactive|Time left: 300 sec this turn | 300 sec total\n|\n|t:|1783551185\n|move|p2a: Sneasler|Close Combat|p1a: Porygon2\n|-damage|p1a: Porygon2|39/100\n|-unboost|p2a: Sneasler|def|1\n|-unboost|p2a: Sneasler|spd|1\n|-enditem|p2a: Sneasler|White Herb\n|-clearnegativeboost|p2a: Sneasler|[silent]\n|move|p1a: Porygon2|Thunder Wave|p2a: Sneasler\n|-status|p2a: Sneasler|par\n|\n|upkeep\n|turn|7\n|inactive|Time left: 300 sec this turn | 300 sec total\n|\n|t:|1783551187\n|move|p2a: Sneasler|Acrobatics|p1a: Porygon2\n|-supereffective|p1a: Porygon2\n|-damage|p1a: Porygon2|0 fnt\n|faint|p1a: Porygon2\n|\n|upkeep\n|\n|t:|1783551188\n|switch|p1a: Mew|Mew, L82|100/100\n|turn|8\n|inactive|Time left: 300 sec this turn | 300 sec total\n|\n|t:|1783551189\n|move|p2a: Sneasler|Gunk Shot|p1a: Mew\n|-damage|p1a: Mew|22/100\n|move|p1a: Mew|Psychic Fangs|p2a: Sneasler\n|-supereffective|p2a: Sneasler\n|-damage|p2a: Sneasler|0 fnt\n|faint|p2a: Sneasler\n|-damage|p1a: Mew|12/100|[from] item: Life Orb\n|\n|upkeep\n|inactive|Time left: 300 sec this turn | 300 sec total | 5 sec grace\n|\n|t:|1783551191\n|switch|p2a: Greedent|Greedent, L86, F|347/347\n|turn|9\n|inactive|Time left: 300 sec this turn | 300 sec total\n|\n|t:|1783551192\n|move|p1a: Mew|Close Combat|p2a: Greedent\n|-supereffective|p2a: Greedent\n|-damage|p2a: Greedent|134/347\n|-unboost|p1a: Mew|def|1\n|-unboost|p1a: Mew|spd|1\n|-enditem|p2a: Greedent|Sitrus Berry|[eat]\n|-heal|p2a: Greedent|220/347|[from] item: Sitrus Berry\n|-heal|p2a: Greedent|335/347|[from] ability: Cheek Pouch\n|-damage|p1a: Mew|3/100|[from] item: Life Orb\n|move|p2a: Greedent|Swords Dance|p2a: Greedent\n|-boost|p2a: Greedent|atk|2\n|\n|upkeep\n|turn|10\n|inactive|Time left: 300 sec this turn | 300 sec total\n|\n|t:|1783551193\n|move|p1a: Mew|Close Combat|p2a: Greedent\n|-supereffective|p2a: Greedent\n|-damage|p2a: Greedent|145/347\n|-unboost|p1a: Mew|def|1\n|-unboost|p1a: Mew|spd|1\n|-damage|p1a: Mew|0 fnt|[from] item: Life Orb\n|faint|p1a: Mew\n|move|p2a: Greedent|Swords Dance|p2a: Greedent\n|-boost|p2a: Greedent|atk|2\n|\n|upkeep\n|\n|t:|1783551194\n|switch|p1a: Baxcalibur|Baxcalibur, L75, F|100/100\n|turn|11\n|inactive|Time left: 300 sec this turn | 300 sec total\n|\n|t:|1783551195\n|move|p1a: Baxcalibur|Glaive Rush|p2a: Greedent\n|-damage|p2a: Greedent|0 fnt\n|-singlemove|p1a: Baxcalibur|Glaive Rush|[silent]\n|faint|p2a: Greedent\n|\n|upkeep\n|inactive|Time left: 300 sec this turn | 300 sec total | 5 sec grace\n|\n|t:|1783551196\n|switch|p2a: Kyurem|Kyurem, L77|222/319\n|-ability|p2a: Kyurem|Pressure\n|turn|12\n|inactive|Time left: 300 sec this turn | 300 sec total\n|\n|t:|1783551197\n|switch|p1a: Lokix|Lokix, L82, F|100/100\n|move|p2a: Kyurem|Outrage|p1a: Lokix\n|-damage|p1a: Lokix|37/100\n|\n|upkeep\n|turn|13\n|inactive|Time left: 300 sec this turn | 300 sec total\n|\n|t:|1783551198\n|move|p1a: Lokix|Knock Off|p2a: Kyurem\n|-damage|p2a: Kyurem|108/319\n|-enditem|p2a: Kyurem|Heavy-Duty Boots|[from] move: Knock Off|[of] p1a: Lokix\n|move|p2a: Kyurem|Outrage|p1a: Lokix|[from] lockedmove\n|-damage|p1a: Lokix|0 fnt\n|faint|p1a: Lokix\n|\n|upkeep\n|\n|t:|1783551200\n|switch|p1a: Groudon|Groudon, L72|100/100\n|-weather|SunnyDay|[from] ability: Drought|[of] p1a: Groudon\n|turn|14\n|inactive|Time left: 300 sec this turn | 300 sec total\n|\n|t:|1783551201\n|move|p2a: Kyurem|Outrage|p1a: Groudon|[from] lockedmove\n|-damage|p1a: Groudon|62/100\n|-start|p2a: Kyurem|confusion|[fatigue]\n|move|p1a: Groudon|Precipice Blades|p2a: Kyurem\n|-damage|p2a: Kyurem|0 fnt\n|faint|p2a: Kyurem\n|\n|-weather|SunnyDay|[upkeep]\n|-heal|p1a: Groudon|68/100|[from] item: Leftovers\n|upkeep\n|inactive|Time left: 300 sec this turn | 300 sec total | 5 sec grace\n|\n|t:|1783551202\n|switch|p2a: Corviknight|Corviknight, L80, F|288/288\n|-ability|p2a: Corviknight|Pressure\n|turn|15\n|inactive|Time left: 300 sec this turn | 300 sec total\n|\n|t:|1783551203\n|move|p1a: Groudon|Heat Crash|p2a: Corviknight\n|-supereffective|p2a: Corviknight\n|-damage|p2a: Corviknight|64/288\n|-damage|p1a: Groudon|51/100|[from] item: Rocky Helmet|[of] p2a: Corviknight\n|move|p2a: Corviknight|Brave Bird|p1a: Groudon\n|-damage|p1a: Groudon|18/100\n|-damage|p2a: Corviknight|35/288|[from] Recoil\n|\n|-weather|SunnyDay|[upkeep]\n|-heal|p1a: Groudon|24/100|[from] item: Leftovers\n|upkeep\n|turn|16\n|inactive|Time left: 300 sec this turn | 300 sec total\n|\n|t:|1783551204\n|move|p1a: Groudon|Heat Crash|p2a: Corviknight\n|-supereffective|p2a: Corviknight\n|-damage|p2a: Corviknight|0 fnt\n|-damage|p1a: Groudon|8/100|[from] item: Rocky Helmet|[of] p2a: Corviknight\n|faint|p2a: Corviknight\n|\n|-weather|SunnyDay|[upkeep]\n|-heal|p1a: Groudon|14/100|[from] item: Leftovers\n|upkeep\n|inactive|Time left: 300 sec this turn | 300 sec total | 5 sec grace\n|\n|t:|1783551205\n|switch|p2a: Volbeat|Volbeat, L90, M|263/263\n|turn|17\n|inactive|Time left: 300 sec this turn | 300 sec total\n|\n|t:|1783551206\n|move|p2a: Volbeat|U-turn|p1a: Groudon\n|-damage|p1a: Groudon|0 fnt\n|faint|p1a: Groudon\n|\n|-weather|SunnyDay|[upkeep]\n|upkeep\n|\n|t:|1783551207\n|switch|p1a: Baxcalibur|Baxcalibur, L75, F|100/100\n|turn|18\n|inactive|Time left: 300 sec this turn | 300 sec total\n|\n|t:|1783551208\n|move|p2a: Volbeat|Thunder Wave|p1a: Baxcalibur\n|-status|p1a: Baxcalibur|par\n|move|p1a: Baxcalibur|Glaive Rush|p2a: Volbeat\n|-damage|p2a: Volbeat|19/263\n|-singlemove|p1a: Baxcalibur|Glaive Rush|[silent]\n|\n|-weather|none\n|upkeep\n|turn|19\n|inactive|Time left: 300 sec this turn | 300 sec total\n|\n|t:|1783551209\n|move|p2a: Volbeat|Roost|p2a: Volbeat\n|-heal|p2a: Volbeat|151/263\n|-singleturn|p2a: Volbeat|move: Roost\n|move|p1a: Baxcalibur|Glaive Rush|p2a: Volbeat\n|-damage|p2a: Volbeat|0 fnt\n|-singlemove|p1a: Baxcalibur|Glaive Rush|[silent]\n|faint|p2a: Volbeat\n|\n|win|p0x1034dcc3", "uploadtime": 1783551209, "views": 0, "rating": 0, "private": 0, "password": null, "_winner": "p0x1034dcc3", "_our_name": "p0y10349f83"}