{"id": "battle-gen9randombattle-696", "formatid": "gen9randombattle", "format": "[Gen 9] Random Battle", "players": ["p0x6969b24", "p0y696e510"], "log": "|init|battle\n|title|p0x6969b24 vs. p0y696e510\n|j|\u2606p0x6969b24\n|j|\u2606p0y696e510\n|t:|1783547196\n|gametype|singles\n|player|p1|p0x6969b24|266|\n|player|p2|p0y696e510|102|\n|gen|9\n|tier|[Gen 9] Random Battle\n|rule|Species Clause: Limit one of each Pok\u00e9mon\n|rule|HP Percentage Mod: HP is shown in percentages\n|rule|Sleep Clause Mod: Limit one foe put to sleep\n|rule|Illusion Level Mod: Illusion disguises the Pok\u00e9mon's true level\n|\n|t:|1783547196\n|teamsize|p1|6\n|teamsize|p2|6\n|start\n|switch|p1a: Wo-Chien|Wo-Chien, L83|277/277\n|switch|p2a: Pawmot|Pawmot, L80, M|100/100\n|-ability|p1a: Wo-Chien|Tablets of Ruin\n|turn|1\n|inactive|Battle timer is ON: inactive players will automatically lose when time's up. (requested by p0y696e510)\n|inactive|Time left: 300 sec this turn | 300 sec total | 60 sec grace\n|inactive|p0x6969b24 also wants the timer to be on.\n|\n|t:|1783547198\n|move|p2a: Pawmot|Ice Punch|p1a: Wo-Chien\n|-supereffective|p1a: Wo-Chien\n|-damage|p1a: Wo-Chien|144/277\n|-damage|p2a: Pawmot|91/100|[from] item: Life Orb\n|move|p1a: Wo-Chien|Knock Off|p2a: Pawmot\n|-resisted|p2a: Pawmot\n|-damage|p2a: Pawmot|68/100\n|-enditem|p2a: Pawmot|Life Orb|[from] move: Knock Off|[of] p1a: Wo-Chien\n|\n|-heal|p1a: Wo-Chien|161/277|[from] item: Leftovers\n|upkeep\n|turn|2\n|inactive|Time left: 300 sec this turn | 300 sec total\n|\n|t:|1783547199\n|-terastallize|p1a: Wo-Chien|Poison\n|move|p2a: Pawmot|Close Combat|p1a: Wo-Chien\n|-resisted|p1a: Wo-Chien\n|-damage|p1a: Wo-Chien|118/277\n|-unboost|p2a: Pawmot|def|1\n|-unboost|p2a: Pawmot|spd|1\n|move|p1a: Wo-Chien|Giga Drain|p2a: Pawmot\n|-damage|p2a: Pawmot|0 fnt\n|-heal|p1a: Wo-Chien|200/277|[from] drain|[of] p2a: Pawmot\n|faint|p2a: Pawmot\n|\n|-heal|p1a: Wo-Chien|217/277|[from] item: Leftovers\n|upkeep\n|\n|t:|1783547200\n|switch|p2a: Cinccino|Cinccino, L83, M|100/100\n|turn|3\n|inactive|Time left: 300 sec this turn | 300 sec total\n|\n|t:|1783547202\n|move|p2a: Cinccino|Triple Axel|p1a: Wo-Chien\n|-damage|p1a: Wo-Chien|200/277\n|-damage|p1a: Wo-Chien|172/277\n|-damage|p1a: Wo-Chien|131/277\n|-hitcount|p1a: Wo-Chien|3\n|move|p1a: Wo-Chien|Ruination|p2a: Cinccino\n|-damage|p2a: Cinccino|50/100\n|\n|-heal|p1a: Wo-Chien|148/277|[from] item: Leftovers\n|upkeep\n|turn|4\n|inactive|Time left: 300 sec this turn | 300 sec total\n|\n|t:|1783547203\n|move|p2a: Cinccino|Tail Slap|p1a: Wo-Chien\n|-damage|p1a: Wo-Chien|123/277\n|-damage|p1a: Wo-Chien|96/277\n|-damage|p1a: Wo-Chien|71/277\n|-damage|p1a: Wo-Chien|43/277\n|-damage|p1a: Wo-Chien|18/277\n|-hitcount|p1a: Wo-Chien|5\n|move|p1a: Wo-Chien|Giga Drain|p2a: Cinccino\n|-damage|p2a: Cinccino|9/100\n|-heal|p1a: Wo-Chien|72/277|[from] drain|[of] p2a: Cinccino\n|\n|-heal|p1a: Wo-Chien|89/277|[from] item: Leftovers\n|upkeep\n|turn|5\n|inactive|Time left: 300 sec this turn | 300 sec total\n|\n|t:|1783547204\n|switch|p1a: Incineroar|Incineroar, L82, F|290/290\n|-ability|p1a: Incineroar|Intimidate|boost\n|-unboost|p2a: Cinccino|atk|1\n|move|p2a: Cinccino|Tail Slap|p1a: Incineroar\n|-damage|p1a: Incineroar|265/290\n|-damage|p1a: Incineroar|237/290\n|-damage|p1a: Incineroar|209/290\n|-damage|p1a: Incineroar|184/290\n|-hitcount|p1a: Incineroar|4\n|\n|upkeep\n|turn|6\n|inactive|Time left: 300 sec this turn | 300 sec total\n|\n|t:|1783547205\n|move|p2a: Cinccino|Tail Slap|p1a: Incineroar|[miss]\n|-miss|p2a: Cinccino|p1a: Incineroar\n|move|p1a: Incineroar|Knock Off|p2a: Cinccino\n|-damage|p2a: Cinccino|0 fnt\n|-enditem|p2a: Cinccino|Loaded Dice|[from] move: Knock Off|[of] p1a: Incineroar\n|faint|p2a: Cinccino\n|\n|upkeep\n|\n|t:|1783547206\n|switch|p2a: Iron Thorns|Iron Thorns, L83|100/100\n|-enditem|p2a: Iron Thorns|Booster Energy\n|-activate|p2a: Iron Thorns|ability: Quark Drive|[fromitem]\n|-start|p2a: Iron Thorns|quarkdriveatk\n|turn|7\n|inactive|Time left: 300 sec this turn | 300 sec total\n|\n|t:|1783547208\n|switch|p1a: Sinistcha|Sinistcha, L83|254/254\n|move|p2a: Iron Thorns|Stone Edge|p1a: Sinistcha\n|-damage|p1a: Sinistcha|94/254\n|\n|-heal|p1a: Sinistcha|109/254|[from] item: Leftovers\n|upkeep\n|turn|8\n|inactive|Time left: 300 sec this turn | 300 sec total\n|\n|t:|1783547209\n|move|p2a: Iron Thorns|Stone Edge|p1a: Sinistcha\n|-damage|p1a: Sinistcha|0 fnt\n|faint|p1a: Sinistcha\n|\n|upkeep\n|inactive|Time left: 300 sec this turn | 300 sec total | 5 sec grace\n|\n|t:|1783547210\n|switch|p1a: Basculin|Basculin-Blue-Striped, L86, F|261/261\n|turn|9\n|inactive|Time left: 300 sec this turn | 300 sec total\n|\n|t:|1783547211\n|-end|p2a: Iron Thorns|Quark Drive|[silent]\n|switch|p2a: Lapras|Lapras, L87, M|100/100\n|move|p1a: Basculin|Wave Crash|p2a: Lapras\n|-immune|p2a: Lapras|[from] ability: Water Absorb\n|\n|upkeep\n|turn|10\n|inactive|Time left: 300 sec this turn | 300 sec total\n|\n|t:|1783547212\n|switch|p1a: Volcanion|Volcanion, L79|255/255\n|move|p2a: Lapras|Sparkling Aria|p1a: Volcanion\n|-immune|p1a: Volcanion|[from] ability: Water Absorb\n|\n|upkeep\n|turn|11\n|inactive|Time left: 300 sec this turn | 300 sec total\n|\n|t:|1783547213\n|move|p1a: Volcanion|Flame Charge|p2a: Lapras\n|-damage|p2a: Lapras|87/100\n|-boost|p1a: Volcanion|spe|1\n|move|p2a: Lapras|Freeze-Dry|p1a: Volcanion\n|-damage|p1a: Volcanion|201/255\n|\n|upkeep\n|turn|12\n|inactive|Time left: 300 sec this turn | 300 sec total\n|\n|t:|1783547214\n|move|p1a: Volcanion|Earth Power|p2a: Lapras\n|-damage|p2a: Lapras|69/100\n|move|p2a: Lapras|Freeze-Dry|p1a: Volcanion\n|-damage|p1a: Volcanion|149/255\n|\n|upkeep\n|turn|13\n|inactive|Time left: 300 sec this turn | 300 sec total\n|\n|t:|1783547216\n|move|p1a: Volcanion|Flame Charge|p2a: Lapras\n|-damage|p2a: Lapras|54/100\n|-boost|p1a: Volcanion|spe|1\n|move|p2a: Lapras|Freeze-Dry|p1a: Volcanion\n|-damage|p1a: Volcanion|95/255\n|\n|upkeep\n|turn|14\n|inactive|Time left: 300 sec this turn | 300 sec total\n|\n|t:|1783547217\n|move|p1a: Volcanion|Flamethrower|p2a: Lapras\n|-damage|p2a: Lapras|29/100\n|-status|p2a: Lapras|brn\n|move|p2a: Lapras|Freeze-Dry|p1a: Volcanion\n|-damage|p1a: Volcanion|44/255\n|\n|-damage|p2a: Lapras|23/100 brn|[from] brn\n|upkeep\n|turn|15\n|inactive|Time left: 300 sec this turn | 300 sec total\n|\n|t:|1783547218\n|move|p1a: Volcanion|Flamethrower|p2a: Lapras\n|-damage|p2a: Lapras|0 fnt\n|faint|p2a: Lapras\n|\n|upkeep\n|\n|t:|1783547219\n|switch|p2a: Iron Thorns|Iron Thorns, L83|100/100\n|turn|16\n|inactive|Time left: 300 sec this turn | 300 sec total\n|\n|t:|1783547220\n|move|p1a: Volcanion|Steam Eruption|p2a: Iron Thorns\n|-supereffective|p2a: Iron Thorns\n|-damage|p2a: Iron Thorns|3/100\n|move|p2a: Iron Thorns|Wild Charge|p1a: Volcanion\n|-supereffective|p1a: Volcanion\n|-damage|p1a: Volcanion|0 fnt\n|faint|p1a: Volcanion\n|-damage|p2a: Iron Thorns|0 fnt|[from] Recoil\n|faint|p2a: Iron Thorns\n|-end|p2a: Iron Thorns|Quark Drive|[silent]\n|\n|upkeep\n|inactive|Time left: 300 sec this turn | 300 sec total | 5 sec grace\n|\n|t:|1783547222\n|switch|p2a: Scream Tail|Scream Tail, L84|100/100\n|switch|p1a: Basculin|Basculin-Blue-Striped, L86, F|261/261\n|turn|17\n|inactive|Time left: 300 sec this turn | 300 sec total\n|\n|t:|1783547223\n|move|p2a: Scream Tail|Play Rough|p1a: Basculin\n|-damage|p1a: Basculin|170/261\n|move|p1a: Basculin|Wave Crash|p2a: Scream Tail\n|-damage|p2a: Scream Tail|24/100\n|-damage|p1a: Basculin|87/261|[from] Recoil\n|\n|-heal|p2a: Scream Tail|30/100|[from] item: Leftovers\n|upkeep\n|turn|18\n|inactive|Time left: 300 sec this turn | 300 sec total\n|\n|t:|1783547224\n|switch|p1a: Incineroar|Incineroar, L82, F|184/290\n|-ability|p1a: Incineroar|Intimidate|boost\n|-unboost|p2a: Scream Tail|atk|1\n|move|p2a: Scream Tail|Play Rough|p1a: Incineroar\n|-damage|p1a: Incineroar|136/290\n|\n|-heal|p2a: Scream Tail|36/100|[from] item: Leftovers\n|upkeep\n|turn|19\n|inactive|Time left: 300 sec this turn | 300 sec total\n|\n|t:|1783547225\n|move|p2a: Scream Tail|Play Rough|p1a: Incineroar\n|-damage|p1a: Incineroar|91/290\n|move|p1a: Incineroar|Knock Off|p2a: Scream Tail\n|-damage|p2a: Scream Tail|5/100\n|-enditem|p2a: Scream Tail|Leftovers|[from] move: Knock Off|[of] p1a: Incineroar\n|\n|upkeep\n|turn|20\n|inactive|Time left: 300 sec this turn | 300 sec total\n|\n|t:|1783547226\n|move|p2a: Scream Tail|Play Rough|p1a: Incineroar\n|-damage|p1a: Incineroar|40/290\n|move|p1a: Incineroar|Swords Dance|p1a: Incineroar\n|-boost|p1a: Incineroar|atk|2\n|\n|upkeep\n|turn|21\n|inactive|Time left: 300 sec this turn | 300 sec total\n|\n|t:|1783547227\n|switch|p1a: Wo-Chien|Wo-Chien, L83, tera:Poison|89/277\n|-ability|p1a: Wo-Chien|Tablets of Ruin\n|move|p2a: Scream Tail|Play Rough|p1a: Wo-Chien\n|-resisted|p1a: Wo-Chien\n|-damage|p1a: Wo-Chien|74/277\n|\n|-heal|p1a: Wo-Chien|91/277|[from] item: Leftovers\n|upkeep\n|turn|22\n|inactive|Time left: 300 sec this turn | 300 sec total\n|\n|t:|1783547228\n|move|p2a: Scream Tail|Wish|p2a: Scream Tail\n|move|p1a: Wo-Chien|Knock Off|p2a: Scream Tail\n|-damage|p2a: Scream Tail|0 fnt\n|faint|p2a: Scream Tail\n|-end|p2a: Scream Tail|Protosynthesis|[silent]\n|\n|-heal|p1a: Wo-Chien|108/277|[from] item: Leftovers\n|upkeep\n|\n|t:|1783547229\n|switch|p2a: Illumise|Illumise, L91, F|100/100\n|turn|23\n|inactive|Time left: 300 sec this turn | 300 sec total\n|\n|t:|1783547229\n|switch|p1a: Incineroar|Incineroar, L82, F|40/290\n|-ability|p1a: Incineroar|Intimidate|boost\n|-unboost|p2a: Illumise|atk|1\n|move|p2a: Illumise|Thunder Wave|p1a: Incineroar\n|-hint|Since gen 7, Dark is immune to Prankster moves.\n|-immune|p1a: Incineroar\n|\n|upkeep\n|turn|24\n|inactive|Time left: 300 sec this turn | 300 sec total\n|\n|t:|1783547230\n|move|p2a: Illumise|Bug Buzz|p1a: Incineroar\n|-damage|p1a: Incineroar|0 fnt\n|faint|p1a: Incineroar\n|\n|upkeep\n|inactive|Time left: 300 sec this turn | 300 sec total | 5 sec grace\n|\n|t:|1783547231\n|switch|p1a: Basculin|Basculin-Blue-Striped, L86, F|87/261\n|turn|25\n|inactive|Time left: 300 sec this turn | 300 sec total\n|\n|t:|1783547231\n|-terastallize|p2a: Illumise|Water\n|move|p2a: Illumise|Thunder Wave|p1a: Basculin\n|-status|p1a: Basculin|par\n|move|p1a: Basculin|Wave Crash|p2a: Illumise\n|-resisted|p2a: Illumise\n|-damage|p2a: Illumise|49/100\n|-damage|p1a: Basculin|41/261 par|[from] Recoil\n|\n|upkeep\n|turn|26\n|inactive|Time left: 300 sec this turn | 300 sec total\n|\n|t:|1783547232\n|move|p2a: Illumise|Roost|p2a: Illumise\n|-heal|p2a: Illumise|99/100\n|move|p1a: Basculin|Wave Crash|p2a: Illumise\n|-resisted|p2a: Illumise\n|-damage|p2a: Illumise|44/100\n|-damage|p1a: Basculin|0 fnt|[from] Recoil\n|faint|p1a: Basculin\n|\n|upkeep\n|inactive|Time left: 300 sec this turn | 300 sec total | 5 sec grace\n|\n|t:|1783547233\n|switch|p1a: Wo-Chien|Wo-Chien, L83, tera:Poison|108/277\n|-ability|p1a: Wo-Chien|Tablets of Ruin\n|turn|27\n|inactive|Time left: 300 sec this turn | 300 sec total\n|\n|t:|1783547234\n|move|p2a: Illumise|Roost|p2a: Illumise\n|-heal|p2a: Illumise|94/100\n|move|p1a: Wo-Chien|Giga Drain|p2a: Illumise\n|-supereffective|p2a: Illumise\n|-damage|p2a: Illumise|42/100\n|-heal|p1a: Wo-Chien|178/277|[from] drain|[of] p2a: Illumise\n|\n|-heal|p1a: Wo-Chien|195/277|[from] item: Leftovers\n|upkeep\n|turn|28\n|inactive|Time left: 300 sec this turn | 300 sec total\n|\n|t:|1783547234\n|move|p2a: Illumise|Roost|p2a: Illumise\n|-heal|p2a: Illumise|92/100\n|move|p1a: Wo-Chien|Giga Drain|p2a: Illumise\n|-supereffective|p2a: Illumise\n|-damage|p2a: Illumise|41/100\n|-heal|p1a: Wo-Chien|262/277|[from] drain|[of] p2a: Illumise\n|\n|-heal|p1a: Wo-Chien|277/277|[from] item: Leftovers\n|upkeep\n|turn|29\n|inactive|Time left: 300 sec this turn | 300 sec total\n|\n|t:|1783547235\n|move|p2a: Illumise|Roost|p2a: Illumise\n|-heal|p2a: Illumise|91/100\n|move|p1a: Wo-Chien|Giga Drain|p2a: Illumise\n|-supereffective|p2a: Illumise\n|-damage|p2a: Illumise|37/100\n|\n|upkeep\n|turn|30\n|inactive|Time left: 300 sec this turn | 300 sec total\n|\n|t:|1783547236\n|move|p2a: Illumise|Thunder Wave|p1a: Wo-Chien\n|-status|p1a: Wo-Chien|par\n|move|p1a: Wo-Chien|Giga Drain|p2a: Illumise\n|-supereffective|p2a: Illumise\n|-damage|p2a: Illumise|0 fnt\n|faint|p2a: Illumise\n|\n|win|p0x6969b24", "uploadtime": 1783547236, "views": 0, "rating": 0, "private": 0, "password": null, "_winner": "p0x6969b24", "_our_name": "p0x6969b24"}