{"id": "battle-gen9randombattle-1496", "formatid": "gen9randombattle", "format": "[Gen 9] Random Battle", "players": ["p0x14966af4", "p0y149680e4"], "log": "|init|battle\n|title|p0x14966af4 vs. p0y149680e4\n|j|\u2606p0x14966af4\n|j|\u2606p0y149680e4\n|t:|1783557399\n|gametype|singles\n|player|p1|p0x14966af4|101|\n|player|p2|p0y149680e4|2|\n|gen|9\n|tier|[Gen 9] Random Battle\n|rule|Species Clause: Limit one of each Pok\u00e9mon\n|rule|HP Percentage Mod: HP is shown in percentages\n|rule|Sleep Clause Mod: Limit one foe put to sleep\n|rule|Illusion Level Mod: Illusion disguises the Pok\u00e9mon's true level\n|\n|t:|1783557399\n|teamsize|p1|6\n|teamsize|p2|6\n|start\n|switch|p1a: Scream Tail|Scream Tail, L84|330/330\n|switch|p2a: Arbok|Arbok, L87, M|100/100\n|-ability|p2a: Arbok|Intimidate|boost\n|-unboost|p1a: Scream Tail|atk|1\n|turn|1\n|inactive|Battle timer is ON: inactive players will automatically lose when time's up. (requested by p0y149680e4)\n|inactive|Time left: 300 sec this turn | 300 sec total | 60 sec grace\n|inactive|p0x14966af4 also wants the timer to be on.\n|\n|t:|1783557401\n|-end|p1a: Scream Tail|Protosynthesis|[silent]\n|switch|p1a: Arbok|Arbok, L87, F|246/246\n|-ability|p1a: Arbok|Intimidate|boost\n|-unboost|p2a: Arbok|atk|1\n|move|p2a: Arbok|Coil|p2a: Arbok\n|-boost|p2a: Arbok|atk|1\n|-boost|p2a: Arbok|def|1\n|-boost|p2a: Arbok|accuracy|1\n|\n|upkeep\n|turn|2\n|inactive|Time left: 300 sec this turn | 300 sec total\n|\n|t:|1783557402\n|move|p1a: Arbok|Coil|p1a: Arbok\n|-boost|p1a: Arbok|atk|1\n|-boost|p1a: Arbok|def|1\n|-boost|p1a: Arbok|accuracy|1\n|move|p2a: Arbok|Coil|p2a: Arbok\n|-boost|p2a: Arbok|atk|1\n|-boost|p2a: Arbok|def|1\n|-boost|p2a: Arbok|accuracy|1\n|\n|upkeep\n|turn|3\n|inactive|Time left: 300 sec this turn | 300 sec total\n|\n|t:|1783557403\n|move|p1a: Arbok|Coil|p1a: Arbok\n|-boost|p1a: Arbok|atk|1\n|-boost|p1a: Arbok|def|1\n|-boost|p1a: Arbok|accuracy|1\n|move|p2a: Arbok|Earthquake|p1a: Arbok\n|-supereffective|p1a: Arbok\n|-damage|p1a: Arbok|112/246\n|\n|-heal|p1a: Arbok|127/246|[from] item: Leftovers\n|upkeep\n|turn|4\n|inactive|Time left: 300 sec this turn | 300 sec total\n|\n|t:|1783557405\n|-terastallize|p1a: Arbok|Ground\n|move|p2a: Arbok|Earthquake|p1a: Arbok\n|-damage|p1a: Arbok|68/246\n|move|p1a: Arbok|Earthquake|p2a: Arbok\n|-supereffective|p2a: Arbok\n|-damage|p2a: Arbok|0 fnt\n|faint|p2a: Arbok\n|\n|-heal|p1a: Arbok|83/246|[from] item: Leftovers\n|upkeep\n|\n|t:|1783557406\n|switch|p2a: Crawdaunt|Crawdaunt, L84, F|100/100\n|turn|5\n|inactive|Time left: 300 sec this turn | 300 sec total\n|\n|t:|1783557407\n|move|p2a: Crawdaunt|Aqua Jet|p1a: Arbok\n|-supereffective|p1a: Arbok\n|-crit|p1a: Arbok\n|-damage|p1a: Arbok|0 fnt\n|faint|p1a: Arbok\n|\n|upkeep\n|inactive|Time left: 300 sec this turn | 300 sec total | 5 sec grace\n|\n|t:|1783557408\n|switch|p1a: Dragalge|Dragalge, L88, F|258/258\n|turn|6\n|inactive|Time left: 300 sec this turn | 300 sec total\n|\n|t:|1783557409\n|switch|p2a: Ludicolo|Ludicolo, L90, F|100/100\n|move|p1a: Dragalge|Sludge Wave|p2a: Ludicolo\n|-supereffective|p2a: Ludicolo\n|-damage|p2a: Ludicolo|9/100\n|\n|upkeep\n|turn|7\n|inactive|Time left: 300 sec this turn | 300 sec total\n|\n|t:|1783557410\n|move|p2a: Ludicolo|Ice Beam|p1a: Dragalge\n|-supereffective|p1a: Dragalge\n|-damage|p1a: Dragalge|96/258\n|-status|p1a: Dragalge|frz\n|cant|p1a: Dragalge|frz\n|\n|-heal|p1a: Dragalge|112/258 frz|[from] item: Leftovers\n|upkeep\n|turn|8\n|inactive|Time left: 300 sec this turn | 300 sec total\n|\n|t:|1783557411\n|move|p2a: Ludicolo|Ice Beam|p1a: Dragalge\n|-supereffective|p1a: Dragalge\n|-damage|p1a: Dragalge|0 fnt\n|faint|p1a: Dragalge\n|\n|upkeep\n|inactive|Time left: 300 sec this turn | 300 sec total | 5 sec grace\n|\n|t:|1783557412\n|switch|p1a: Meowstic|Meowstic-F, L89, F|277/277\n|turn|9\n|inactive|Time left: 300 sec this turn | 300 sec total\n|\n|t:|1783557413\n|switch|p2a: Crawdaunt|Crawdaunt, L84, F|100/100\n|move|p1a: Meowstic|Nasty Plot|p1a: Meowstic\n|-boost|p1a: Meowstic|spa|2\n|\n|upkeep\n|turn|10\n|inactive|Time left: 300 sec this turn | 300 sec total\n|\n|t:|1783557414\n|switch|p2a: Grafaiai|Grafaiai, L86, F|100/100\n|move|p1a: Meowstic|Alluring Voice|p2a: Grafaiai\n|-resisted|p2a: Grafaiai\n|-damage|p2a: Grafaiai|68/100\n|-damage|p1a: Meowstic|250/277|[from] item: Life Orb\n|\n|upkeep\n|turn|11\n|inactive|Time left: 300 sec this turn | 300 sec total\n|\n|t:|1783557415\n|-terastallize|p2a: Grafaiai|Dark\n|move|p2a: Grafaiai|Knock Off|p1a: Meowstic\n|-supereffective|p1a: Meowstic\n|-damage|p1a: Meowstic|0 fnt\n|-enditem|p1a: Meowstic|Life Orb|[from] move: Knock Off|[of] p2a: Grafaiai\n|faint|p1a: Meowstic\n|-damage|p2a: Grafaiai|58/100|[from] item: Life Orb\n|\n|upkeep\n|inactive|Time left: 300 sec this turn | 300 sec total | 5 sec grace\n|\n|t:|1783557416\n|switch|p1a: Slither Wing|Slither Wing, L81|270/270\n|turn|12\n|inactive|Time left: 300 sec this turn | 300 sec total\n|\n|t:|1783557417\n|switch|p2a: Altaria|Altaria, L89, M|100/100\n|move|p1a: Slither Wing|U-turn|p2a: Altaria\n|-resisted|p2a: Altaria\n|-damage|p2a: Altaria|86/100\n|inactive|Time left: 300 sec this turn | 300 sec total | 5 sec grace\n|\n|t:|1783557418\n|-end|p1a: Slither Wing|Protosynthesis|[silent]\n|switch|p1a: Scream Tail|Scream Tail, L84|330/330|[from] U-turn\n|\n|upkeep\n|turn|13\n|inactive|Time left: 300 sec this turn | 300 sec total\n|\n|t:|1783557419\n|move|p1a: Scream Tail|Dazzling Gleam|p2a: Altaria\n|-supereffective|p2a: Altaria\n|-damage|p2a: Altaria|48/100\n|move|p2a: Altaria|Dragon Dance|p2a: Altaria\n|-boost|p2a: Altaria|atk|1\n|-boost|p2a: Altaria|spe|1\n|\n|upkeep\n|turn|14\n|inactive|Time left: 300 sec this turn | 300 sec total\n|\n|t:|1783557421\n|move|p2a: Altaria|Roost|p2a: Altaria\n|-heal|p2a: Altaria|98/100\n|-singleturn|p2a: Altaria|move: Roost\n|move|p1a: Scream Tail|Dazzling Gleam|p2a: Altaria\n|-supereffective|p2a: Altaria\n|-damage|p2a: Altaria|57/100\n|\n|upkeep\n|turn|15\n|inactive|Time left: 300 sec this turn | 300 sec total\n|\n|t:|1783557422\n|move|p2a: Altaria|Roost|p2a: Altaria\n|-heal|p2a: Altaria|100/100\n|-singleturn|p2a: Altaria|move: Roost\n|move|p1a: Scream Tail|Dazzling Gleam|p2a: Altaria\n|-supereffective|p2a: Altaria\n|-damage|p2a: Altaria|64/100\n|\n|upkeep\n|turn|16\n|inactive|Time left: 300 sec this turn | 300 sec total\n|\n|t:|1783557423\n|move|p2a: Altaria|Roost|p2a: Altaria\n|-heal|p2a: Altaria|100/100\n|-singleturn|p2a: Altaria|move: Roost\n|move|p1a: Scream Tail|Dazzling Gleam|p2a: Altaria\n|-supereffective|p2a: Altaria\n|-damage|p2a: Altaria|65/100\n|\n|upkeep\n|turn|17\n|inactive|Time left: 300 sec this turn | 300 sec total\n|\n|t:|1783557424\n|move|p2a: Altaria|Roost|p2a: Altaria\n|-heal|p2a: Altaria|100/100\n|-singleturn|p2a: Altaria|move: Roost\n|move|p1a: Scream Tail|Dazzling Gleam|p2a: Altaria\n|-supereffective|p2a: Altaria\n|-damage|p2a: Altaria|62/100\n|\n|upkeep\n|turn|18\n|inactive|Time left: 300 sec this turn | 300 sec total\n|\n|t:|1783557425\n|move|p2a: Altaria|Roost|p2a: Altaria\n|-heal|p2a: Altaria|100/100\n|-singleturn|p2a: Altaria|move: Roost\n|move|p1a: Scream Tail|Dazzling Gleam|p2a: Altaria\n|-supereffective|p2a: Altaria\n|-damage|p2a: Altaria|61/100\n|\n|upkeep\n|turn|19\n|inactive|Time left: 300 sec this turn | 300 sec total\n|\n|t:|1783557426\n|move|p2a: Altaria|Roost|p2a: Altaria\n|-heal|p2a: Altaria|100/100\n|-singleturn|p2a: Altaria|move: Roost\n|move|p1a: Scream Tail|Dazzling Gleam|p2a: Altaria\n|-supereffective|p2a: Altaria\n|-damage|p2a: Altaria|62/100\n|\n|upkeep\n|turn|20\n|inactive|Time left: 300 sec this turn | 300 sec total\n|\n|t:|1783557428\n|move|p2a: Altaria|Roost|p2a: Altaria\n|-heal|p2a: Altaria|100/100\n|-singleturn|p2a: Altaria|move: Roost\n|move|p1a: Scream Tail|Dazzling Gleam|p2a: Altaria\n|-supereffective|p2a: Altaria\n|-damage|p2a: Altaria|65/100\n|\n|upkeep\n|turn|21\n|inactive|Time left: 300 sec this turn | 300 sec total\n|\n|t:|1783557429\n|move|p2a: Altaria|Dragon Dance|p2a: Altaria\n|-boost|p2a: Altaria|atk|1\n|-boost|p2a: Altaria|spe|1\n|move|p1a: Scream Tail|Dazzling Gleam|p2a: Altaria\n|-supereffective|p2a: Altaria\n|-damage|p2a: Altaria|26/100\n|\n|upkeep\n|turn|22\n|inactive|Time left: 300 sec this turn | 300 sec total\n|\n|t:|1783557430\n|move|p2a: Altaria|Roost|p2a: Altaria\n|-heal|p2a: Altaria|76/100\n|-singleturn|p2a: Altaria|move: Roost\n|move|p1a: Scream Tail|Dazzling Gleam|p2a: Altaria\n|-supereffective|p2a: Altaria\n|-damage|p2a: Altaria|41/100\n|\n|upkeep\n|turn|23\n|inactive|Time left: 300 sec this turn | 300 sec total\n|\n|t:|1783557431\n|move|p2a: Altaria|Earthquake|p1a: Scream Tail\n|-damage|p1a: Scream Tail|218/330\n|move|p1a: Scream Tail|Dazzling Gleam|p2a: Altaria\n|-supereffective|p2a: Altaria\n|-damage|p2a: Altaria|2/100\n|\n|-heal|p1a: Scream Tail|238/330|[from] item: Leftovers\n|upkeep\n|turn|24\n|inactive|Time left: 300 sec this turn | 300 sec total\n|\n|t:|1783557432\n|move|p2a: Altaria|Earthquake|p1a: Scream Tail\n|-damage|p1a: Scream Tail|116/330\n|move|p1a: Scream Tail|Dazzling Gleam|p2a: Altaria\n|-supereffective|p2a: Altaria\n|-damage|p2a: Altaria|0 fnt\n|faint|p2a: Altaria\n|\n|-heal|p1a: Scream Tail|136/330|[from] item: Leftovers\n|upkeep\n|\n|t:|1783557433\n|switch|p2a: Grafaiai|Grafaiai, L86, F, tera:Dark|58/100\n|turn|25\n|inactive|Time left: 300 sec this turn | 300 sec total\n|\n|t:|1783557434\n|move|p2a: Grafaiai|Gunk Shot|p1a: Scream Tail\n|-supereffective|p1a: Scream Tail\n|-damage|p1a: Scream Tail|0 fnt\n|faint|p1a: Scream Tail\n|-end|p1a: Scream Tail|Protosynthesis|[silent]\n|-damage|p2a: Grafaiai|48/100|[from] item: Life Orb\n|\n|upkeep\n|inactive|Time left: 300 sec this turn | 300 sec total | 5 sec grace\n|\n|t:|1783557435\n|switch|p1a: Slither Wing|Slither Wing, L81|270/270\n|turn|26\n|inactive|Time left: 300 sec this turn | 300 sec total\n|\n|t:|1783557436\n|move|p2a: Grafaiai|Gunk Shot|p1a: Slither Wing\n|-damage|p1a: Slither Wing|83/270\n|-damage|p2a: Grafaiai|39/100|[from] item: Life Orb\n|move|p1a: Slither Wing|U-turn|p2a: Grafaiai\n|-supereffective|p2a: Grafaiai\n|-damage|p2a: Grafaiai|0 fnt\n|faint|p2a: Grafaiai\n|inactive|Time left: 300 sec this turn | 300 sec total | 5 sec grace\n|\n|t:|1783557437\n|-end|p1a: Slither Wing|Protosynthesis|[silent]\n|switch|p1a: Skeledirge|Skeledirge, L79, M|294/294|[from] U-turn\n|\n|upkeep\n|\n|t:|1783557438\n|switch|p2a: Ludicolo|Ludicolo, L90, F|9/100\n|turn|27\n|inactive|Time left: 300 sec this turn | 300 sec total\n|\n|t:|1783557439\n|move|p2a: Ludicolo|Hydro Pump|p1a: Skeledirge\n|-supereffective|p1a: Skeledirge\n|-damage|p1a: Skeledirge|0 fnt\n|faint|p1a: Skeledirge\n|\n|upkeep\n|inactive|Time left: 300 sec this turn | 300 sec total | 5 sec grace\n|\n|t:|1783557440\n|switch|p1a: Slither Wing|Slither Wing, L81|83/270\n|turn|28\n|inactive|Time left: 300 sec this turn | 300 sec total\n|\n|t:|1783557441\n|switch|p2a: Latias|Latias, L79, F|100/100\n|move|p1a: Slither Wing|Morning Sun|p1a: Slither Wing\n|-heal|p1a: Slither Wing|218/270\n|\n|upkeep\n|turn|29\n|inactive|Time left: 300 sec this turn | 300 sec total\n|\n|t:|1783557442\n|move|p2a: Latias|Psyshock|p1a: Slither Wing\n|-supereffective|p1a: Slither Wing\n|-damage|p1a: Slither Wing|2/270\n|move|p1a: Slither Wing|Morning Sun|p1a: Slither Wing\n|-heal|p1a: Slither Wing|137/270\n|\n|upkeep\n|turn|30\n|inactive|Time left: 300 sec this turn | 300 sec total\n|\n|t:|1783557443\n|move|p2a: Latias|Psyshock|p1a: Slither Wing\n|-supereffective|p1a: Slither Wing\n|-damage|p1a: Slither Wing|0 fnt\n|faint|p1a: Slither Wing\n|-end|p1a: Slither Wing|Protosynthesis|[silent]\n|\n|win|p0y149680e4", "uploadtime": 1783557443, "views": 0, "rating": 0, "private": 0, "password": null, "_winner": "p0y149680e4", "_our_name": "p0x14966af4"}