{"id": "battle-gen9randombattle-870", "formatid": "gen9randombattle", "format": "[Gen 9] Random Battle", "players": ["p0x87098c4", "p0y87015d7"], "log": "|init|battle\n|title|p0x87098c4 vs. p0y87015d7\n|j|\u2606p0x87098c4\n|j|\u2606p0y87015d7\n|t:|1783549996\n|gametype|singles\n|player|p1|p0x87098c4|169|\n|player|p2|p0y87015d7|170|\n|gen|9\n|tier|[Gen 9] Random Battle\n|rule|Species Clause: Limit one of each Pok\u00e9mon\n|rule|HP Percentage Mod: HP is shown in percentages\n|rule|Sleep Clause Mod: Limit one foe put to sleep\n|rule|Illusion Level Mod: Illusion disguises the Pok\u00e9mon's true level\n|\n|t:|1783549996\n|teamsize|p1|6\n|teamsize|p2|6\n|start\n|switch|p1a: Dialga|Dialga-Origin, L73|100/100\n|switch|p2a: Kommo-o|Kommo-o, L77, M|242/242\n|-ability|p1a: Dialga|Pressure\n|turn|1\n|inactive|Battle timer is ON: inactive players will automatically lose when time's up. (requested by p0y87015d7)\n|inactive|p0x87098c4 also wants the timer to be on.\n|\n|t:|1783549997\n|switch|p2a: Typhlosion|Typhlosion, L84, M|267/267\n|move|p1a: Dialga|Stealth Rock|p2a: Typhlosion\n|-sidestart|p2: p0y87015d7|move: Stealth Rock\n|\n|upkeep\n|turn|2\n|inactive|Time left: 300 sec this turn | 300 sec total\n|\n|t:|1783549999\n|move|p2a: Typhlosion|Eruption|p1a: Dialga\n|-crit|p1a: Dialga\n|-damage|p1a: Dialga|0 fnt\n|faint|p1a: Dialga\n|\n|upkeep\n|\n|t:|1783550000\n|switch|p1a: Dodrio|Dodrio, L85, F|100/100\n|turn|3\n|inactive|Time left: 300 sec this turn | 300 sec total\n|\n|t:|1783550001\n|move|p1a: Dodrio|Brave Bird|p2a: Typhlosion\n|-damage|p2a: Typhlosion|44/267\n|-damage|p1a: Dodrio|70/100|[from] Recoil\n|move|p2a: Typhlosion|Eruption|p1a: Dodrio\n|-damage|p1a: Dodrio|34/100\n|\n|upkeep\n|turn|4\n|inactive|Time left: 300 sec this turn | 300 sec total\n|\n|t:|1783550002\n|switch|p2a: Bronzong|Bronzong, L88|261/261\n|-damage|p2a: Bronzong|245/261|[from] Stealth Rock\n|move|p1a: Dodrio|Brave Bird|p2a: Bronzong\n|-resisted|p2a: Bronzong\n|-damage|p2a: Bronzong|166/261\n|-damage|p1a: Dodrio|23/100|[from] Recoil\n|\n|-heal|p2a: Bronzong|182/261|[from] item: Leftovers\n|upkeep\n|turn|5\n|inactive|Time left: 300 sec this turn | 300 sec total\n|\n|t:|1783550003\n|move|p1a: Dodrio|Brave Bird|p2a: Bronzong\n|-resisted|p2a: Bronzong\n|-damage|p2a: Bronzong|98/261\n|-damage|p1a: Dodrio|11/100|[from] Recoil\n|move|p2a: Bronzong|Iron Head|p1a: Dodrio\n|-damage|p1a: Dodrio|0 fnt\n|faint|p1a: Dodrio\n|\n|-heal|p2a: Bronzong|114/261|[from] item: Leftovers\n|upkeep\n|\n|t:|1783550004\n|switch|p1a: Mandibuzz|Mandibuzz, L85, F|100/100\n|turn|6\n|inactive|Time left: 300 sec this turn | 300 sec total\n|\n|t:|1783550005\n|switch|p2a: Kommo-o|Kommo-o, L77, M|242/242\n|-damage|p2a: Kommo-o|227/242|[from] Stealth Rock\n|move|p1a: Mandibuzz|Knock Off|p2a: Kommo-o\n|-resisted|p2a: Kommo-o\n|-damage|p2a: Kommo-o|196/242\n|-enditem|p2a: Kommo-o|Loaded Dice|[from] move: Knock Off|[of] p1a: Mandibuzz\n|\n|upkeep\n|turn|7\n|inactive|Time left: 300 sec this turn | 300 sec total\n|\n|t:|1783550006\n|move|p1a: Mandibuzz|Brave Bird|p2a: Kommo-o\n|-supereffective|p2a: Kommo-o\n|-damage|p2a: Kommo-o|32/242\n|-damage|p1a: Mandibuzz|84/100|[from] Recoil\n|move|p2a: Kommo-o|Swords Dance|p2a: Kommo-o\n|-boost|p2a: Kommo-o|atk|2\n|\n|upkeep\n|turn|8\n|inactive|Time left: 300 sec this turn | 300 sec total\n|\n|t:|1783550007\n|move|p1a: Mandibuzz|Brave Bird|p2a: Kommo-o\n|-supereffective|p2a: Kommo-o\n|-damage|p2a: Kommo-o|0 fnt\n|faint|p2a: Kommo-o\n|-damage|p1a: Mandibuzz|81/100|[from] Recoil\n|\n|upkeep\n|inactive|Time left: 300 sec this turn | 300 sec total | 5 sec grace\n|\n|t:|1783550008\n|switch|p2a: Bellossom|Bellossom, L84, F|263/263\n|-damage|p2a: Bellossom|231/263|[from] Stealth Rock\n|turn|9\n|inactive|Time left: 300 sec this turn | 300 sec total\n|\n|t:|1783550008\n|move|p1a: Mandibuzz|Knock Off|p2a: Bellossom\n|-damage|p2a: Bellossom|150/263\n|-enditem|p2a: Bellossom|Leftovers|[from] move: Knock Off|[of] p1a: Mandibuzz\n|move|p2a: Bellossom|Quiver Dance|p2a: Bellossom\n|-boost|p2a: Bellossom|spa|1\n|-boost|p2a: Bellossom|spd|1\n|-boost|p2a: Bellossom|spe|1\n|\n|upkeep\n|turn|10\n|inactive|Time left: 300 sec this turn | 300 sec total\n|\n|t:|1783550009\n|move|p2a: Bellossom|Strength Sap|p1a: Mandibuzz\n|-unboost|p1a: Mandibuzz|atk|1\n|-heal|p2a: Bellossom|263/263\n|move|p1a: Mandibuzz|Brave Bird|p2a: Bellossom\n|-supereffective|p2a: Bellossom\n|-damage|p2a: Bellossom|129/263\n|-damage|p1a: Mandibuzz|67/100|[from] Recoil\n|\n|upkeep\n|turn|11\n|inactive|Time left: 300 sec this turn | 300 sec total\n|\n|t:|1783550011\n|move|p2a: Bellossom|Strength Sap|p1a: Mandibuzz\n|-unboost|p1a: Mandibuzz|atk|1\n|-heal|p2a: Bellossom|235/263\n|move|p1a: Mandibuzz|Brave Bird|p2a: Bellossom\n|-supereffective|p2a: Bellossom\n|-damage|p2a: Bellossom|137/263\n|-damage|p1a: Mandibuzz|57/100|[from] Recoil\n|\n|upkeep\n|turn|12\n|inactive|Time left: 300 sec this turn | 300 sec total\n|\n|t:|1783550011\n|move|p2a: Bellossom|Quiver Dance|p2a: Bellossom\n|-boost|p2a: Bellossom|spa|1\n|-boost|p2a: Bellossom|spd|1\n|-boost|p2a: Bellossom|spe|1\n|move|p1a: Mandibuzz|Toxic|p2a: Bellossom\n|-status|p2a: Bellossom|tox\n|\n|-damage|p2a: Bellossom|121/263 tox|[from] psn\n|upkeep\n|turn|13\n|inactive|Time left: 300 sec this turn | 300 sec total\n|\n|t:|1783550013\n|move|p2a: Bellossom|Strength Sap|p1a: Mandibuzz\n|-unboost|p1a: Mandibuzz|atk|1\n|-heal|p2a: Bellossom|200/263 tox\n|move|p1a: Mandibuzz|Brave Bird|p2a: Bellossom\n|-supereffective|p2a: Bellossom\n|-damage|p2a: Bellossom|116/263 tox\n|-damage|p1a: Mandibuzz|49/100|[from] Recoil\n|\n|-damage|p2a: Bellossom|84/263 tox|[from] psn\n|upkeep\n|turn|14\n|inactive|Time left: 300 sec this turn | 300 sec total\n|\n|t:|1783550014\n|move|p2a: Bellossom|Strength Sap|p1a: Mandibuzz\n|-unboost|p1a: Mandibuzz|atk|1\n|-heal|p2a: Bellossom|147/263 tox\n|move|p1a: Mandibuzz|Brave Bird|p2a: Bellossom\n|-supereffective|p2a: Bellossom\n|-damage|p2a: Bellossom|85/263 tox\n|-damage|p1a: Mandibuzz|43/100|[from] Recoil\n|\n|-damage|p2a: Bellossom|37/263 tox|[from] psn\n|upkeep\n|turn|15\n|inactive|Time left: 300 sec this turn | 300 sec total\n|\n|t:|1783550015\n|move|p2a: Bellossom|Giga Drain|p1a: Mandibuzz\n|-resisted|p1a: Mandibuzz\n|-damage|p1a: Mandibuzz|20/100\n|-heal|p2a: Bellossom|74/263 tox|[from] drain|[of] p1a: Mandibuzz\n|move|p1a: Mandibuzz|Roost|p1a: Mandibuzz\n|-heal|p1a: Mandibuzz|70/100\n|-singleturn|p1a: Mandibuzz|move: Roost\n|\n|-damage|p2a: Bellossom|10/263 tox|[from] psn\n|upkeep\n|turn|16\n|inactive|Time left: 300 sec this turn | 300 sec total\n|\n|t:|1783550016\n|switch|p1a: Ribombee|Ribombee, L83, F|100/100\n|move|p2a: Bellossom|Strength Sap|p1a: Ribombee\n|-unboost|p1a: Ribombee|atk|1\n|-heal|p2a: Bellossom|106/263 tox\n|\n|-damage|p2a: Bellossom|26/263 tox|[from] psn\n|upkeep\n|turn|17\n|inactive|Time left: 300 sec this turn | 300 sec total\n|\n|t:|1783550017\n|move|p2a: Bellossom|Moonblast|p1a: Ribombee\n|-damage|p1a: Ribombee|33/100\n|move|p1a: Ribombee|Quiver Dance|p1a: Ribombee\n|-boost|p1a: Ribombee|spa|1\n|-boost|p1a: Ribombee|spd|1\n|-boost|p1a: Ribombee|spe|1\n|\n|-damage|p2a: Bellossom|0 fnt|[from] psn\n|faint|p2a: Bellossom\n|upkeep\n|inactive|Time left: 300 sec this turn | 300 sec total | 5 sec grace\n|\n|t:|1783550018\n|switch|p2a: Deoxys|Deoxys, L74|196/196\n|-damage|p2a: Deoxys|172/196|[from] Stealth Rock\n|-ability|p2a: Deoxys|Pressure\n|turn|18\n|inactive|Time left: 300 sec this turn | 300 sec total\n|\n|t:|1783550019\n|switch|p1a: Mandibuzz|Mandibuzz, L85, F|70/100\n|move|p2a: Deoxys|Extreme Speed|p1a: Mandibuzz\n|-damage|p1a: Mandibuzz|47/100\n|-damage|p2a: Deoxys|153/196|[from] item: Life Orb\n|\n|upkeep\n|turn|19\n|inactive|Time left: 300 sec this turn | 300 sec total\n|\n|t:|1783550020\n|switch|p2a: Regieleki|Regieleki, L79|256/256\n|-damage|p2a: Regieleki|224/256|[from] Stealth Rock\n|move|p1a: Mandibuzz|Knock Off|p2a: Regieleki\n|-damage|p2a: Regieleki|107/256\n|-enditem|p2a: Regieleki|Magnet|[from] move: Knock Off|[of] p1a: Mandibuzz\n|\n|upkeep\n|turn|20\n|inactive|Time left: 300 sec this turn | 300 sec total\n|\n|t:|1783550020\n|switch|p1a: Komala|Komala, L87, F|100/100\n|-ability|p1a: Komala|Comatose\n|move|p2a: Regieleki|Thunderbolt|p1a: Komala\n|-damage|p1a: Komala|74/100\n|\n|upkeep\n|turn|21\n|inactive|Time left: 300 sec this turn | 300 sec total\n|\n|t:|1783550021\n|move|p2a: Regieleki|Rapid Spin|p1a: Komala\n|-damage|p1a: Komala|60/100\n|-boost|p2a: Regieleki|spe|1\n|-sideend|p2: p0y87015d7|Stealth Rock|[from] move: Rapid Spin|[of] p2a: Regieleki\n|move|p1a: Komala|Rapid Spin|p2a: Regieleki\n|-damage|p2a: Regieleki|1/256\n|-boost|p1a: Komala|spe|1\n|\n|upkeep\n|turn|22\n|inactive|Time left: 300 sec this turn | 300 sec total\n|\n|t:|1783550022\n|move|p2a: Regieleki|Explosion|p1a: Komala\n|-damage|p1a: Komala|0 fnt\n|faint|p2a: Regieleki\n|faint|p1a: Komala\n|\n|upkeep\n|inactive|Time left: 300 sec this turn | 300 sec total | 5 sec grace\n|\n|t:|1783550023\n|switch|p2a: Typhlosion|Typhlosion, L84, M|44/267\n|switch|p1a: Barraskewda|Barraskewda, L81, F|100/100\n|turn|23\n|inactive|Time left: 300 sec this turn | 300 sec total\n|\n|t:|1783550024\n|move|p1a: Barraskewda|Waterfall|p2a: Typhlosion\n|-supereffective|p2a: Typhlosion\n|-damage|p2a: Typhlosion|0 fnt\n|faint|p2a: Typhlosion\n|\n|upkeep\n|inactive|Time left: 300 sec this turn | 300 sec total | 5 sec grace\n|\n|t:|1783550025\n|switch|p2a: Bronzong|Bronzong, L88|114/261\n|turn|24\n|inactive|Time left: 300 sec this turn | 300 sec total\n|\n|t:|1783550026\n|-terastallize|p2a: Bronzong|Fighting\n|move|p1a: Barraskewda|Waterfall|p2a: Bronzong\n|-damage|p2a: Bronzong|8/261\n|move|p2a: Bronzong|Psychic Noise|p1a: Barraskewda\n|-damage|p1a: Barraskewda|49/100\n|-start|p1a: Barraskewda|move: Heal Block\n|\n|-heal|p2a: Bronzong|24/261|[from] item: Leftovers\n|upkeep\n|turn|25\n|inactive|Time left: 300 sec this turn | 300 sec total\n|\n|t:|1783550027\n|move|p1a: Barraskewda|Waterfall|p2a: Bronzong\n|-damage|p2a: Bronzong|0 fnt\n|faint|p2a: Bronzong\n|\n|-end|p1a: Barraskewda|move: Heal Block\n|upkeep\n|inactive|Time left: 300 sec this turn | 300 sec total | 5 sec grace\n|\n|t:|1783550028\n|switch|p2a: Deoxys|Deoxys, L74|153/196\n|-ability|p2a: Deoxys|Pressure\n|turn|26\n|inactive|Time left: 300 sec this turn | 300 sec total\n|\n|t:|1783550029\n|-terastallize|p1a: Barraskewda|Fighting\n|move|p2a: Deoxys|Extreme Speed|p1a: Barraskewda\n|-damage|p1a: Barraskewda|0 fnt\n|faint|p1a: Barraskewda\n|-damage|p2a: Deoxys|134/196|[from] item: Life Orb\n|\n|upkeep\n|\n|t:|1783550029\n|switch|p1a: Ribombee|Ribombee, L83, F|33/100\n|turn|27\n|inactive|Time left: 300 sec this turn | 300 sec total\n|\n|t:|1783550030\n|move|p2a: Deoxys|Extreme Speed|p1a: Ribombee\n|-damage|p1a: Ribombee|0 fnt\n|faint|p1a: Ribombee\n|-damage|p2a: Deoxys|115/196|[from] item: Life Orb\n|\n|upkeep\n|\n|t:|1783550031\n|switch|p1a: Mandibuzz|Mandibuzz, L85, F|47/100\n|turn|28\n|inactive|Time left: 300 sec this turn | 300 sec total\n|\n|t:|1783550032\n|move|p2a: Deoxys|Superpower|p1a: Mandibuzz\n|-damage|p1a: Mandibuzz|12/100\n|-unboost|p2a: Deoxys|atk|1\n|-unboost|p2a: Deoxys|def|1\n|-damage|p2a: Deoxys|96/196|[from] item: Life Orb\n|move|p1a: Mandibuzz|Knock Off|p2a: Deoxys\n|-supereffective|p2a: Deoxys\n|-damage|p2a: Deoxys|0 fnt\n|-enditem|p2a: Deoxys|Life Orb|[from] move: Knock Off|[of] p1a: Mandibuzz\n|faint|p2a: Deoxys\n|\n|win|p0x87098c4", "uploadtime": 1783550032, "views": 0, "rating": 0, "private": 0, "password": null, "_winner": "p0x87098c4", "_our_name": "p0y87015d7"}