{"id": "battle-gen9randombattle-519", "formatid": "gen9randombattle", "format": "[Gen 9] Random Battle", "players": ["p0x5199a1b", "p0y519ff67"], "log": "|init|battle\n|title|p0x5199a1b vs. p0y519ff67\n|j|\u2606p0x5199a1b\n|j|\u2606p0y519ff67\n|t:|1783545071\n|gametype|singles\n|player|p1|p0x5199a1b|169|\n|player|p2|p0y519ff67|2|\n|gen|9\n|tier|[Gen 9] Random Battle\n|rule|Species Clause: Limit one of each Pok\u00e9mon\n|rule|HP Percentage Mod: HP is shown in percentages\n|rule|Sleep Clause Mod: Limit one foe put to sleep\n|rule|Illusion Level Mod: Illusion disguises the Pok\u00e9mon's true level\n|\n|t:|1783545071\n|teamsize|p1|6\n|teamsize|p2|6\n|start\n|switch|p1a: Venusaur|Venusaur, L84, F|272/272\n|switch|p2a: Dunsparce|Dunsparce, L86, F|100/100\n|turn|1\n|inactive|Battle timer is ON: inactive players will automatically lose when time's up. (requested by p0x5199a1b)\n|inactive|p0y519ff67 also wants the timer to be on.\n|\n|t:|1783545073\n|move|p1a: Venusaur|Leech Seed|p2a: Dunsparce|[miss]\n|-miss|p1a: Venusaur|p2a: Dunsparce\n|move|p2a: Dunsparce|Body Slam|p1a: Venusaur\n|-crit|p1a: Venusaur\n|-damage|p1a: Venusaur|152/272\n|-status|p1a: Venusaur|par\n|\n|-heal|p1a: Venusaur|169/272 par|[from] item: Leftovers\n|upkeep\n|turn|2\n|inactive|Time left: 300 sec this turn | 300 sec total\n|\n|t:|1783545074\n|move|p2a: Dunsparce|Coil|p2a: Dunsparce\n|-boost|p2a: Dunsparce|atk|1\n|-boost|p2a: Dunsparce|def|1\n|-boost|p2a: Dunsparce|accuracy|1\n|cant|p1a: Venusaur|par\n|\n|-heal|p1a: Venusaur|186/272 par|[from] item: Leftovers\n|upkeep\n|turn|3\n|inactive|Time left: 300 sec this turn | 300 sec total\n|\n|t:|1783545075\n|move|p2a: Dunsparce|Earthquake|p1a: Venusaur\n|-damage|p1a: Venusaur|90/272 par\n|move|p1a: Venusaur|Leech Seed|p2a: Dunsparce\n|-start|p2a: Dunsparce|move: Leech Seed\n|\n|-heal|p1a: Venusaur|107/272 par|[from] item: Leftovers\n|-damage|p2a: Dunsparce|88/100|[from] Leech Seed|[of] p1a: Venusaur\n|-heal|p1a: Venusaur|146/272 par|[silent]\n|upkeep\n|turn|4\n|inactive|Time left: 300 sec this turn | 300 sec total\n|\n|t:|1783545076\n|switch|p1a: Rotom|Rotom, L88|231/231\n|move|p2a: Dunsparce|Body Slam|p1a: Rotom\n|-immune|p1a: Rotom\n|\n|-damage|p2a: Dunsparce|75/100|[from] Leech Seed|[of] p1a: Rotom\n|upkeep\n|turn|5\n|inactive|Time left: 300 sec this turn | 300 sec total\n|\n|t:|1783545077\n|move|p1a: Rotom|Will-O-Wisp|p2a: Dunsparce|[miss]\n|-miss|p1a: Rotom|p2a: Dunsparce\n|move|p2a: Dunsparce|Roost|p2a: Dunsparce\n|-heal|p2a: Dunsparce|100/100\n|-singleturn|p2a: Dunsparce|move: Roost\n|\n|-damage|p2a: Dunsparce|88/100|[from] Leech Seed|[of] p1a: Rotom\n|upkeep\n|turn|6\n|inactive|Time left: 300 sec this turn | 300 sec total\n|\n|t:|1783545078\n|switch|p2a: Chi-Yu|Chi-Yu, L77|100/100\n|-ability|p2a: Chi-Yu|Beads of Ruin\n|move|p1a: Rotom|Will-O-Wisp|p2a: Chi-Yu\n|-immune|p2a: Chi-Yu\n|\n|upkeep\n|turn|7\n|inactive|Time left: 300 sec this turn | 300 sec total\n|\n|t:|1783545080\n|move|p1a: Rotom|Volt Switch|p2a: Chi-Yu\n|-damage|p2a: Chi-Yu|57/100\n|-damage|p1a: Rotom|208/231|[from] item: Life Orb\n|inactive|Time left: 300 sec this turn | 300 sec total | 5 sec grace\n|\n|t:|1783545081\n|switch|p1a: Komala|Komala, L87, M|255/255|[from] Volt Switch\n|-ability|p1a: Komala|Comatose\n|move|p2a: Chi-Yu|Dark Pulse|p1a: Komala\n|-damage|p1a: Komala|95/255\n|\n|upkeep\n|turn|8\n|inactive|Time left: 300 sec this turn | 300 sec total\n|\n|t:|1783545082\n|move|p2a: Chi-Yu|Dark Pulse|p1a: Komala\n|-damage|p1a: Komala|0 fnt\n|faint|p1a: Komala\n|\n|upkeep\n|inactive|Time left: 300 sec this turn | 300 sec total | 5 sec grace\n|\n|t:|1783545083\n|switch|p1a: Kyurem|Kyurem-Black, L71|295/295\n|-ability|p1a: Kyurem|Teravolt\n|turn|9\n|inactive|Time left: 300 sec this turn | 300 sec total\n|\n|t:|1783545084\n|move|p2a: Chi-Yu|Dark Pulse|p1a: Kyurem\n|-damage|p1a: Kyurem|81/295\n|move|p1a: Kyurem|Dragon Dance|p1a: Kyurem\n|-boost|p1a: Kyurem|atk|1\n|-boost|p1a: Kyurem|spe|1\n|\n|upkeep\n|turn|10\n|inactive|Time left: 300 sec this turn | 300 sec total\n|\n|t:|1783545085\n|move|p1a: Kyurem|Scale Shot|p2a: Chi-Yu\n|-damage|p2a: Chi-Yu|34/100\n|-damage|p2a: Chi-Yu|10/100\n|-damage|p2a: Chi-Yu|0 fnt\n|faint|p2a: Chi-Yu\n|-hitcount|p2: Chi-Yu|3\n|-unboost|p1a: Kyurem|def|1\n|-boost|p1a: Kyurem|spe|1\n|\n|upkeep\n|\n|t:|1783545086\n|switch|p2a: Dunsparce|Dunsparce, L86, F|88/100\n|turn|11\n|inactive|Time left: 300 sec this turn | 300 sec total\n|\n|t:|1783545087\n|switch|p1a: Rotom|Rotom, L88|208/231\n|move|p2a: Dunsparce|Body Slam|p1a: Rotom\n|-immune|p1a: Rotom\n|\n|upkeep\n|turn|12\n|inactive|Time left: 300 sec this turn | 300 sec total\n|\n|t:|1783545088\n|move|p1a: Rotom|Will-O-Wisp|p2a: Dunsparce\n|-status|p2a: Dunsparce|brn\n|move|p2a: Dunsparce|Coil|p2a: Dunsparce\n|-boost|p2a: Dunsparce|atk|1\n|-boost|p2a: Dunsparce|def|1\n|-boost|p2a: Dunsparce|accuracy|1\n|\n|-damage|p2a: Dunsparce|82/100 brn|[from] brn\n|upkeep\n|turn|13\n|inactive|Time left: 300 sec this turn | 300 sec total\n|\n|t:|1783545089\n|move|p1a: Rotom|Thunderbolt|p2a: Dunsparce\n|-damage|p2a: Dunsparce|44/100 brn\n|-damage|p1a: Rotom|185/231|[from] item: Life Orb\n|move|p2a: Dunsparce|Roost|p2a: Dunsparce\n|-heal|p2a: Dunsparce|94/100 brn\n|-singleturn|p2a: Dunsparce|move: Roost\n|\n|-damage|p2a: Dunsparce|88/100 brn|[from] brn\n|upkeep\n|turn|14\n|inactive|Time left: 300 sec this turn | 300 sec total\n|\n|t:|1783545090\n|move|p1a: Rotom|Thunderbolt|p2a: Dunsparce\n|-damage|p2a: Dunsparce|53/100 brn\n|-damage|p1a: Rotom|162/231|[from] item: Life Orb\n|move|p2a: Dunsparce|Coil|p2a: Dunsparce\n|-boost|p2a: Dunsparce|atk|1\n|-boost|p2a: Dunsparce|def|1\n|-boost|p2a: Dunsparce|accuracy|1\n|\n|-damage|p2a: Dunsparce|47/100 brn|[from] brn\n|upkeep\n|turn|15\n|inactive|Time left: 300 sec this turn | 300 sec total\n|\n|t:|1783545091\n|move|p1a: Rotom|Thunderbolt|p2a: Dunsparce\n|-damage|p2a: Dunsparce|14/100 brn\n|-damage|p1a: Rotom|139/231|[from] item: Life Orb\n|move|p2a: Dunsparce|Roost|p2a: Dunsparce\n|-heal|p2a: Dunsparce|64/100 brn\n|-singleturn|p2a: Dunsparce|move: Roost\n|\n|-damage|p2a: Dunsparce|58/100 brn|[from] brn\n|upkeep\n|turn|16\n|inactive|Time left: 300 sec this turn | 300 sec total\n|\n|t:|1783545091\n|move|p1a: Rotom|Thunderbolt|p2a: Dunsparce\n|-damage|p2a: Dunsparce|21/100 brn\n|-damage|p1a: Rotom|116/231|[from] item: Life Orb\n|move|p2a: Dunsparce|Roost|p2a: Dunsparce\n|-heal|p2a: Dunsparce|71/100 brn\n|-singleturn|p2a: Dunsparce|move: Roost\n|\n|-damage|p2a: Dunsparce|65/100 brn|[from] brn\n|upkeep\n|turn|17\n|inactive|Time left: 300 sec this turn | 300 sec total\n|\n|t:|1783545092\n|move|p1a: Rotom|Thunderbolt|p2a: Dunsparce\n|-damage|p2a: Dunsparce|31/100 brn\n|-damage|p1a: Rotom|93/231|[from] item: Life Orb\n|move|p2a: Dunsparce|Roost|p2a: Dunsparce\n|-heal|p2a: Dunsparce|81/100 brn\n|-singleturn|p2a: Dunsparce|move: Roost\n|\n|-damage|p2a: Dunsparce|75/100 brn|[from] brn\n|upkeep\n|turn|18\n|inactive|Time left: 300 sec this turn | 300 sec total\n|\n|t:|1783545093\n|move|p1a: Rotom|Thunderbolt|p2a: Dunsparce\n|-damage|p2a: Dunsparce|42/100 brn\n|-damage|p1a: Rotom|70/231|[from] item: Life Orb\n|move|p2a: Dunsparce|Roost|p2a: Dunsparce\n|-heal|p2a: Dunsparce|92/100 brn\n|-singleturn|p2a: Dunsparce|move: Roost\n|\n|-damage|p2a: Dunsparce|86/100 brn|[from] brn\n|upkeep\n|turn|19\n|inactive|Time left: 300 sec this turn | 300 sec total\n|\n|t:|1783545094\n|move|p1a: Rotom|Thunderbolt|p2a: Dunsparce\n|-damage|p2a: Dunsparce|50/100 brn\n|-damage|p1a: Rotom|47/231|[from] item: Life Orb\n|move|p2a: Dunsparce|Coil|p2a: Dunsparce\n|-boost|p2a: Dunsparce|atk|1\n|-boost|p2a: Dunsparce|def|1\n|-boost|p2a: Dunsparce|accuracy|1\n|\n|-damage|p2a: Dunsparce|44/100 brn|[from] brn\n|upkeep\n|turn|20\n|inactive|Time left: 300 sec this turn | 300 sec total\n|\n|t:|1783545095\n|move|p1a: Rotom|Thunderbolt|p2a: Dunsparce\n|-damage|p2a: Dunsparce|9/100 brn\n|-damage|p1a: Rotom|24/231|[from] item: Life Orb\n|move|p2a: Dunsparce|Roost|p2a: Dunsparce\n|-heal|p2a: Dunsparce|59/100 brn\n|-singleturn|p2a: Dunsparce|move: Roost\n|\n|-damage|p2a: Dunsparce|53/100 brn|[from] brn\n|upkeep\n|turn|21\n|inactive|Time left: 300 sec this turn | 300 sec total\n|\n|t:|1783545096\n|move|p1a: Rotom|Thunderbolt|p2a: Dunsparce\n|-damage|p2a: Dunsparce|21/100 brn\n|-damage|p1a: Rotom|1/231|[from] item: Life Orb\n|move|p2a: Dunsparce|Roost|p2a: Dunsparce\n|-heal|p2a: Dunsparce|71/100 brn\n|-singleturn|p2a: Dunsparce|move: Roost\n|\n|-damage|p2a: Dunsparce|65/100 brn|[from] brn\n|upkeep\n|turn|22\n|inactive|Time left: 300 sec this turn | 300 sec total\n|\n|t:|1783545097\n|move|p1a: Rotom|Thunderbolt|p2a: Dunsparce\n|-damage|p2a: Dunsparce|31/100 brn\n|-damage|p1a: Rotom|0 fnt|[from] item: Life Orb\n|faint|p1a: Rotom\n|move|p2a: Dunsparce|Coil|p2a: Dunsparce\n|-boost|p2a: Dunsparce|atk|1\n|-boost|p2a: Dunsparce|def|1\n|-boost|p2a: Dunsparce|accuracy|1\n|\n|-damage|p2a: Dunsparce|25/100 brn|[from] brn\n|upkeep\n|inactive|Time left: 300 sec this turn | 300 sec total | 5 sec grace\n|\n|t:|1783545098\n|switch|p1a: Great Tusk|Great Tusk, L77|304/304\n|-enditem|p1a: Great Tusk|Booster Energy\n|-activate|p1a: Great Tusk|ability: Protosynthesis|[fromitem]\n|-start|p1a: Great Tusk|protosynthesisatk\n|turn|23\n|inactive|Time left: 300 sec this turn | 300 sec total\n|\n|t:|1783545099\n|move|p1a: Great Tusk|Close Combat|p2a: Dunsparce\n|-supereffective|p2a: Dunsparce\n|-damage|p2a: Dunsparce|0 fnt\n|-unboost|p1a: Great Tusk|def|1\n|-unboost|p1a: Great Tusk|spd|1\n|faint|p2a: Dunsparce\n|\n|upkeep\n|\n|t:|1783545100\n|switch|p2a: Basculegion|Basculegion-F, L83, F|100/100\n|turn|24\n|inactive|Time left: 300 sec this turn | 300 sec total\n|\n|t:|1783545101\n|-end|p1a: Great Tusk|Protosynthesis|[silent]\n|switch|p1a: Tsareena|Tsareena, L87, F|267/267\n|move|p2a: Basculegion|Shadow Ball|p1a: Tsareena\n|-damage|p1a: Tsareena|111/267\n|\n|upkeep\n|turn|25\n|inactive|Time left: 300 sec this turn | 300 sec total\n|\n|t:|1783545103\n|move|p2a: Basculegion|Shadow Ball|p1a: Tsareena\n|-damage|p1a: Tsareena|0 fnt\n|faint|p1a: Tsareena\n|\n|upkeep\n|inactive|Time left: 300 sec this turn | 300 sec total | 5 sec grace\n|\n|t:|1783545104\n|switch|p1a: Venusaur|Venusaur, L84, F|146/272 par\n|turn|26\n|inactive|Time left: 300 sec this turn | 300 sec total\n|\n|t:|1783545105\n|move|p2a: Basculegion|Shadow Ball|p1a: Venusaur\n|-damage|p1a: Venusaur|0 fnt\n|faint|p1a: Venusaur\n|\n|upkeep\n|inactive|Time left: 300 sec this turn | 300 sec total | 5 sec grace\n|\n|t:|1783545106\n|switch|p1a: Great Tusk|Great Tusk, L77|304/304\n|turn|27\n|inactive|Time left: 300 sec this turn | 300 sec total\n|\n|t:|1783545107\n|-terastallize|p1a: Great Tusk|Ground\n|move|p1a: Great Tusk|Earthquake|p2a: Basculegion\n|-damage|p2a: Basculegion|46/100\n|move|p2a: Basculegion|Shadow Ball|p1a: Great Tusk\n|-damage|p1a: Great Tusk|16/304\n|\n|upkeep\n|turn|28\n|inactive|Time left: 300 sec this turn | 300 sec total\n|\n|t:|1783545108\n|move|p1a: Great Tusk|Earthquake|p2a: Basculegion\n|-damage|p2a: Basculegion|0 fnt\n|faint|p2a: Basculegion\n|\n|upkeep\n|\n|t:|1783545109\n|switch|p2a: Cryogonal|Cryogonal, L89|100/100\n|turn|29\n|inactive|Time left: 300 sec this turn | 300 sec total\n|\n|t:|1783545110\n|-end|p1a: Great Tusk|Protosynthesis|[silent]\n|switch|p1a: Kyurem|Kyurem-Black, L71|81/295\n|-ability|p1a: Kyurem|Teravolt\n|-terastallize|p2a: Cryogonal|Electric\n|move|p2a: Cryogonal|Ice Beam|p1a: Kyurem\n|-damage|p1a: Kyurem|0 fnt\n|faint|p1a: Kyurem\n|\n|upkeep\n|inactive|Time left: 300 sec this turn | 300 sec total | 5 sec grace\n|\n|t:|1783545111\n|switch|p1a: Great Tusk|Great Tusk, L77, tera:Ground|16/304\n|turn|30\n|inactive|Time left: 300 sec this turn | 300 sec total\n|\n|t:|1783545112\n|move|p2a: Cryogonal|Rapid Spin|p1a: Great Tusk\n|-damage|p1a: Great Tusk|0 fnt\n|-boost|p2a: Cryogonal|spe|1\n|faint|p1a: Great Tusk\n|-end|p1a: Great Tusk|Protosynthesis|[silent]\n|\n|win|p0y519ff67", "uploadtime": 1783545112, "views": 0, "rating": 0, "private": 0, "password": null, "_winner": "p0y519ff67", "_our_name": "p0x5199a1b"}