{"id": "battle-gen9randombattle-1226", "formatid": "gen9randombattle", "format": "[Gen 9] Random Battle", "players": ["p0x1226a12f", "p0y1226c4ba"], "log": "|init|battle\n|title|p0x1226a12f vs. p0y1226c4ba\n|j|\u2606p0x1226a12f\n|j|\u2606p0y1226c4ba\n|t:|1783554189\n|gametype|singles\n|player|p1|p0x1226a12f|2|\n|player|p2|p0y1226c4ba|101|\n|gen|9\n|tier|[Gen 9] Random Battle\n|rule|Species Clause: Limit one of each Pok\u00e9mon\n|rule|HP Percentage Mod: HP is shown in percentages\n|rule|Sleep Clause Mod: Limit one foe put to sleep\n|rule|Illusion Level Mod: Illusion disguises the Pok\u00e9mon's true level\n|\n|t:|1783554189\n|teamsize|p1|6\n|teamsize|p2|6\n|start\n|switch|p1a: Cobalion|Cobalion, L80|277/277\n|switch|p2a: Gyarados|Gyarados, L79, M|100/100\n|turn|1\n|inactive|Battle timer is ON: inactive players will automatically lose when time's up. (requested by p0y1226c4ba)\n|inactive|Time left: 300 sec this turn | 300 sec total | 60 sec grace\n|inactive|p0x1226a12f also wants the timer to be on.\n|\n|t:|1783554190\n|move|p1a: Cobalion|Swords Dance|p1a: Cobalion\n|-boost|p1a: Cobalion|atk|2\n|move|p2a: Gyarados|Dragon Dance|p2a: Gyarados\n|-boost|p2a: Gyarados|atk|1\n|-boost|p2a: Gyarados|spe|1\n|\n|upkeep\n|turn|2\n|inactive|Time left: 300 sec this turn | 300 sec total\n|\n|t:|1783554192\n|move|p2a: Gyarados|Earthquake|p1a: Cobalion\n|-supereffective|p1a: Cobalion\n|-damage|p1a: Cobalion|93/277\n|move|p1a: Cobalion|Stone Edge|p2a: Gyarados\n|-supereffective|p2a: Gyarados\n|-damage|p2a: Gyarados|0 fnt\n|faint|p2a: Gyarados\n|-damage|p1a: Cobalion|66/277|[from] item: Life Orb\n|\n|upkeep\n|\n|t:|1783554192\n|switch|p2a: Flutter Mane|Flutter Mane, L74|100/100\n|turn|3\n|inactive|Time left: 300 sec this turn | 300 sec total\n|\n|t:|1783554193\n|switch|p1a: Azumarill|Azumarill, L82, M|298/298\n|move|p2a: Flutter Mane|Moonblast|p1a: Azumarill\n|-damage|p1a: Azumarill|126/298\n|-unboost|p1a: Azumarill|spa|1\n|-enditem|p1a: Azumarill|Sitrus Berry|[eat]\n|-heal|p1a: Azumarill|200/298|[from] item: Sitrus Berry\n|\n|upkeep\n|turn|4\n|inactive|Time left: 300 sec this turn | 300 sec total\n|\n|t:|1783554194\n|move|p2a: Flutter Mane|Moonblast|p1a: Azumarill\n|-damage|p1a: Azumarill|17/298\n|move|p1a: Azumarill|Play Rough|p2a: Flutter Mane\n|-damage|p2a: Flutter Mane|20/100\n|\n|upkeep\n|turn|5\n|inactive|Time left: 300 sec this turn | 300 sec total\n|\n|t:|1783554196\n|move|p1a: Azumarill|Aqua Jet|p2a: Flutter Mane\n|-damage|p2a: Flutter Mane|0 fnt\n|faint|p2a: Flutter Mane\n|-end|p2a: Flutter Mane|Protosynthesis|[silent]\n|\n|upkeep\n|\n|t:|1783554196\n|switch|p2a: Lilligant|Lilligant, L86, F|100/100\n|turn|6\n|inactive|Time left: 300 sec this turn | 300 sec total\n|\n|t:|1783554198\n|move|p2a: Lilligant|Quiver Dance|p2a: Lilligant\n|-boost|p2a: Lilligant|spa|1\n|-boost|p2a: Lilligant|spd|1\n|-boost|p2a: Lilligant|spe|1\n|move|p1a: Azumarill|Play Rough|p2a: Lilligant|[miss]\n|-miss|p1a: Azumarill|p2a: Lilligant\n|\n|upkeep\n|turn|7\n|inactive|Time left: 300 sec this turn | 300 sec total\n|\n|t:|1783554199\n|move|p2a: Lilligant|Quiver Dance|p2a: Lilligant\n|-boost|p2a: Lilligant|spa|1\n|-boost|p2a: Lilligant|spd|1\n|-boost|p2a: Lilligant|spe|1\n|move|p1a: Azumarill|Play Rough|p2a: Lilligant\n|-damage|p2a: Lilligant|56/100\n|-unboost|p2a: Lilligant|atk|1\n|\n|upkeep\n|turn|8\n|inactive|Time left: 300 sec this turn | 300 sec total\n|\n|t:|1783554200\n|move|p2a: Lilligant|Giga Drain|p1a: Azumarill\n|-supereffective|p1a: Azumarill\n|-damage|p1a: Azumarill|0 fnt\n|-heal|p2a: Lilligant|60/100|[from] drain|[of] p1a: Azumarill\n|faint|p1a: Azumarill\n|-damage|p2a: Lilligant|50/100|[from] item: Life Orb\n|\n|upkeep\n|inactive|Time left: 300 sec this turn | 300 sec total | 5 sec grace\n|\n|t:|1783554201\n|switch|p1a: Gouging Fire|Gouging Fire, L74|277/277\n|turn|9\n|inactive|Time left: 300 sec this turn | 300 sec total\n|\n|t:|1783554202\n|-terastallize|p2a: Lilligant|Rock\n|move|p2a: Lilligant|Tera Blast|p1a: Gouging Fire|[anim] Tera Blast Rock\n|-supereffective|p1a: Gouging Fire\n|-damage|p1a: Gouging Fire|0 fnt\n|faint|p1a: Gouging Fire\n|-end|p1a: Gouging Fire|Protosynthesis|[silent]\n|-damage|p2a: Lilligant|40/100|[from] item: Life Orb\n|\n|upkeep\n|inactive|Time left: 300 sec this turn | 300 sec total | 5 sec grace\n|\n|t:|1783554203\n|switch|p1a: Duraludon|Duraludon, L82, F|249/249\n|turn|10\n|inactive|Time left: 300 sec this turn | 300 sec total\n|\n|t:|1783554204\n|move|p2a: Lilligant|Sleep Powder|p1a: Duraludon\n|-status|p1a: Duraludon|slp|[from] move: Sleep Powder\n|cant|p1a: Duraludon|slp\n|\n|upkeep\n|turn|11\n|inactive|Time left: 300 sec this turn | 300 sec total\n|\n|t:|1783554205\n|move|p2a: Lilligant|Tera Blast|p1a: Duraludon|[anim] Tera Blast Rock\n|-resisted|p1a: Duraludon\n|-damage|p1a: Duraludon|111/249 slp\n|-damage|p2a: Lilligant|30/100|[from] item: Life Orb\n|cant|p1a: Duraludon|slp\n|\n|upkeep\n|turn|12\n|inactive|Time left: 300 sec this turn | 300 sec total\n|\n|t:|1783554206\n|move|p2a: Lilligant|Tera Blast|p1a: Duraludon|[anim] Tera Blast Rock\n|-resisted|p1a: Duraludon\n|-damage|p1a: Duraludon|0 fnt\n|faint|p1a: Duraludon\n|-damage|p2a: Lilligant|20/100|[from] item: Life Orb\n|\n|upkeep\n|inactive|Time left: 300 sec this turn | 300 sec total | 5 sec grace\n|\n|t:|1783554207\n|switch|p1a: Jumpluff|Jumpluff, L87, F|271/271\n|turn|13\n|inactive|Time left: 300 sec this turn | 300 sec total\n|\n|t:|1783554208\n|move|p2a: Lilligant|Tera Blast|p1a: Jumpluff|[anim] Tera Blast Rock\n|-supereffective|p1a: Jumpluff\n|-damage|p1a: Jumpluff|0 fnt\n|faint|p1a: Jumpluff\n|-damage|p2a: Lilligant|10/100|[from] item: Life Orb\n|\n|upkeep\n|inactive|Time left: 300 sec this turn | 300 sec total | 5 sec grace\n|\n|t:|1783554209\n|switch|p1a: Deoxys|Deoxys-Defense, L84|221/221\n|-ability|p1a: Deoxys|Pressure\n|turn|14\n|inactive|Time left: 300 sec this turn | 300 sec total\n|\n|t:|1783554210\n|-terastallize|p1a: Deoxys|Steel\n|move|p2a: Lilligant|Giga Drain|p1a: Deoxys\n|-resisted|p1a: Deoxys\n|-damage|p1a: Deoxys|143/221\n|-heal|p2a: Lilligant|25/100|[from] drain|[of] p1a: Deoxys\n|-damage|p2a: Lilligant|15/100|[from] item: Life Orb\n|move|p1a: Deoxys|Psychic Noise|p2a: Lilligant\n|-damage|p2a: Lilligant|1/100\n|-start|p2a: Lilligant|move: Heal Block\n|\n|-heal|p1a: Deoxys|156/221|[from] item: Leftovers\n|upkeep\n|turn|15\n|inactive|Time left: 300 sec this turn | 300 sec total\n|\n|t:|1783554212\n|move|p2a: Lilligant|Sleep Powder|p1a: Deoxys|[miss]\n|-miss|p2a: Lilligant|p1a: Deoxys\n|move|p1a: Deoxys|Psychic Noise|p2a: Lilligant\n|-damage|p2a: Lilligant|0 fnt\n|faint|p2a: Lilligant\n|\n|-heal|p1a: Deoxys|169/221|[from] item: Leftovers\n|upkeep\n|\n|t:|1783554213\n|switch|p2a: Decidueye|Decidueye-Hisui, L87, M|100/100\n|turn|16\n|inactive|Time left: 300 sec this turn | 300 sec total\n|\n|t:|1783554214\n|move|p1a: Deoxys|Recover|p1a: Deoxys\n|-heal|p1a: Deoxys|221/221\n|move|p2a: Decidueye|Triple Arrows|p1a: Deoxys\n|-supereffective|p1a: Deoxys\n|-crit|p1a: Deoxys\n|-damage|p1a: Deoxys|0 fnt\n|faint|p1a: Deoxys\n|\n|upkeep\n|inactive|Time left: 300 sec this turn | 300 sec total | 5 sec grace\n|\n|t:|1783554214\n|switch|p1a: Cobalion|Cobalion, L80|66/277\n|turn|17\n|inactive|Time left: 300 sec this turn | 300 sec total\n|\n|t:|1783554215\n|move|p1a: Cobalion|Iron Head|p2a: Decidueye\n|-damage|p2a: Decidueye|67/100\n|-damage|p1a: Cobalion|39/277|[from] item: Life Orb\n|move|p2a: Decidueye|Leaf Blade|p1a: Cobalion\n|-resisted|p1a: Cobalion\n|-damage|p1a: Cobalion|0 fnt\n|faint|p1a: Cobalion\n|\n|win|p0y1226c4ba", "uploadtime": 1783554215, "views": 0, "rating": 0, "private": 0, "password": null, "_winner": "p0y1226c4ba", "_our_name": "p0x1226a12f"}