{"id": "battle-gen9randombattle-1230", "formatid": "gen9randombattle", "format": "[Gen 9] Random Battle", "players": ["p0x1230b114", "p0y12300015"], "log": "|init|battle\n|title|p0x1230b114 vs. p0y12300015\n|j|\u2606p0x1230b114\n|j|\u2606p0y12300015\n|t:|1783553357\n|gametype|singles\n|player|p1|p0x1230b114|169|\n|player|p2|p0y12300015|1|\n|gen|9\n|tier|[Gen 9] Random Battle\n|rule|Species Clause: Limit one of each Pok\u00e9mon\n|rule|HP Percentage Mod: HP is shown in percentages\n|rule|Sleep Clause Mod: Limit one foe put to sleep\n|rule|Illusion Level Mod: Illusion disguises the Pok\u00e9mon's true level\n|\n|t:|1783553357\n|teamsize|p1|6\n|teamsize|p2|6\n|start\n|switch|p1a: Toxtricity|Toxtricity, L82, M|100/100\n|switch|p2a: Iron Bundle|Iron Bundle, L78|215/215\n|turn|1\n|inactive|Battle timer is ON: inactive players will automatically lose when time's up. (requested by p0y12300015)\n|inactive|p0x1230b114 also wants the timer to be on.\n|\n|t:|1783553359\n|-end|p2a: Iron Bundle|Quark Drive|[silent]\n|switch|p2a: Trevenant|Trevenant, L89, F|296/296\n|move|p1a: Toxtricity|Overdrive|p2a: Trevenant\n|-resisted|p2a: Trevenant\n|-damage|p2a: Trevenant|215/296\n|\n|upkeep\n|turn|2\n|inactive|Time left: 300 sec this turn | 300 sec total\n|\n|t:|1783553360\n|move|p1a: Toxtricity|Overdrive|p2a: Trevenant\n|-resisted|p2a: Trevenant\n|-damage|p2a: Trevenant|131/296\n|-enditem|p2a: Trevenant|Sitrus Berry|[eat]\n|-heal|p2a: Trevenant|205/296|[from] item: Sitrus Berry\n|move|p2a: Trevenant|Poltergeist|p1a: Toxtricity\n|-activate|p1a: Toxtricity|move: Poltergeist|Choice Specs\n|-damage|p1a: Toxtricity|34/100\n|\n|upkeep\n|turn|3\n|inactive|Time left: 300 sec this turn | 300 sec total\n|\n|t:|1783553361\n|move|p1a: Toxtricity|Overdrive|p2a: Trevenant\n|-resisted|p2a: Trevenant\n|-damage|p2a: Trevenant|109/296\n|move|p2a: Trevenant|Poltergeist|p1a: Toxtricity\n|-activate|p1a: Toxtricity|move: Poltergeist|Choice Specs\n|-damage|p1a: Toxtricity|0 fnt\n|faint|p1a: Toxtricity\n|\n|upkeep\n|\n|t:|1783553363\n|switch|p1a: Stonjourner|Stonjourner, L91, F|100/100\n|turn|4\n|inactive|Time left: 300 sec this turn | 300 sec total\n|\n|t:|1783553364\n|switch|p2a: Heatran|Heatran, L79, F|273/273\n|-item|p2a: Heatran|Air Balloon\n|move|p1a: Stonjourner|Stone Edge|p2a: Heatran\n|-damage|p2a: Heatran|98/273\n|-enditem|p2a: Heatran|Air Balloon\n|-damage|p1a: Stonjourner|90/100|[from] item: Life Orb\n|\n|upkeep\n|turn|5\n|inactive|Time left: 300 sec this turn | 300 sec total\n|\n|t:|1783553365\n|move|p1a: Stonjourner|Stone Edge|p2a: Heatran\n|-damage|p2a: Heatran|0 fnt\n|faint|p2a: Heatran\n|-damage|p1a: Stonjourner|80/100|[from] item: Life Orb\n|\n|upkeep\n|inactive|Time left: 300 sec this turn | 300 sec total | 5 sec grace\n|\n|t:|1783553366\n|switch|p2a: Manaphy|Manaphy, L78|284/284\n|turn|6\n|inactive|Time left: 300 sec this turn | 300 sec total\n|\n|t:|1783553367\n|switch|p1a: Clefable|Clefable, L83, M|100/100\n|move|p2a: Manaphy|Tail Glow|p2a: Manaphy\n|-boost|p2a: Manaphy|spa|3\n|\n|upkeep\n|turn|7\n|inactive|Time left: 300 sec this turn | 300 sec total\n|\n|t:|1783553368\n|move|p2a: Manaphy|Hydro Pump|p1a: Clefable\n|-damage|p1a: Clefable|67/100\n|move|p1a: Clefable|Calm Mind|p1a: Clefable\n|-boost|p1a: Clefable|spa|1\n|-boost|p1a: Clefable|spd|1\n|\n|-heal|p1a: Clefable|73/100|[from] item: Leftovers\n|upkeep\n|turn|8\n|inactive|Time left: 300 sec this turn | 300 sec total\n|\n|t:|1783553370\n|move|p2a: Manaphy|Energy Ball|p1a: Clefable\n|-crit|p1a: Clefable\n|-damage|p1a: Clefable|43/100\n|move|p1a: Clefable|Moonblast|p2a: Manaphy\n|-damage|p2a: Manaphy|137/284\n|\n|-heal|p2a: Manaphy|154/284|[from] item: Leftovers\n|-heal|p1a: Clefable|49/100|[from] item: Leftovers\n|upkeep\n|turn|9\n|inactive|Time left: 300 sec this turn | 300 sec total\n|\n|t:|1783553371\n|move|p2a: Manaphy|Ice Beam|p1a: Clefable\n|-damage|p1a: Clefable|36/100\n|move|p1a: Clefable|Moonblast|p2a: Manaphy\n|-damage|p2a: Manaphy|0 fnt\n|faint|p2a: Manaphy\n|\n|-heal|p1a: Clefable|42/100|[from] item: Leftovers\n|upkeep\n|inactive|Time left: 300 sec this turn | 300 sec total | 5 sec grace\n|\n|t:|1783553373\n|switch|p2a: Trevenant|Trevenant, L89, F|109/296\n|turn|10\n|inactive|Time left: 300 sec this turn | 300 sec total\n|\n|t:|1783553374\n|switch|p1a: Stonjourner|Stonjourner, L91, F|80/100\n|move|p2a: Trevenant|Poltergeist|p1a: Stonjourner\n|-activate|p1a: Stonjourner|move: Poltergeist|Life Orb\n|-damage|p1a: Stonjourner|52/100\n|\n|upkeep\n|turn|11\n|inactive|Time left: 300 sec this turn | 300 sec total\n|\n|t:|1783553375\n|move|p1a: Stonjourner|Stone Edge|p2a: Trevenant\n|-damage|p2a: Trevenant|0 fnt\n|faint|p2a: Trevenant\n|-damage|p1a: Stonjourner|42/100|[from] item: Life Orb\n|\n|upkeep\n|inactive|Time left: 300 sec this turn | 300 sec total | 5 sec grace\n|\n|t:|1783553376\n|switch|p2a: Iron Bundle|Iron Bundle, L78|215/215\n|turn|12\n|inactive|Time left: 300 sec this turn | 300 sec total\n|\n|t:|1783553377\n|switch|p1a: Bellibolt|Bellibolt, L84, F|100/100\n|move|p2a: Iron Bundle|Freeze-Dry|p1a: Bellibolt\n|-damage|p1a: Bellibolt|76/100\n|-start|p1a: Bellibolt|Charge|Freeze-Dry|[from] ability: Electromorphosis\n|\n|-heal|p1a: Bellibolt|82/100|[from] item: Leftovers\n|upkeep\n|turn|13\n|inactive|Time left: 300 sec this turn | 300 sec total\n|\n|t:|1783553378\n|move|p2a: Iron Bundle|Flip Turn|p1a: Bellibolt\n|-damage|p1a: Bellibolt|68/100\n|-start|p1a: Bellibolt|Charge|Flip Turn|[from] ability: Electromorphosis\n|inactive|Time left: 300 sec this turn | 300 sec total | 5 sec grace\n|\n|t:|1783553379\n|-end|p2a: Iron Bundle|Quark Drive|[silent]\n|switch|p2a: Dusknoir|Dusknoir, L89, M|225/225|[from] Flip Turn\n|-item|p1a: Bellibolt|Leftovers|[from] ability: Frisk|[of] p2a: Dusknoir\n|move|p1a: Bellibolt|Thunderbolt|p2a: Dusknoir\n|-damage|p2a: Dusknoir|84/225\n|-end|p1a: Bellibolt|Charge|[silent]\n|\n|-heal|p2a: Dusknoir|98/225|[from] item: Leftovers\n|-heal|p1a: Bellibolt|74/100|[from] item: Leftovers\n|upkeep\n|turn|14\n|inactive|Time left: 300 sec this turn | 300 sec total\n|\n|t:|1783553380\n|move|p2a: Dusknoir|Pain Split|p1a: Bellibolt\n|-sethp|p1a: Bellibolt|53/100|[from] move: Pain Split|[silent]\n|-sethp|p2a: Dusknoir|167/225|[from] move: Pain Split\n|move|p1a: Bellibolt|Thunderbolt|p2a: Dusknoir\n|-damage|p2a: Dusknoir|101/225\n|\n|-heal|p2a: Dusknoir|115/225|[from] item: Leftovers\n|-heal|p1a: Bellibolt|59/100|[from] item: Leftovers\n|upkeep\n|turn|15\n|inactive|Time left: 300 sec this turn | 300 sec total\n|\n|t:|1783553381\n|move|p2a: Dusknoir|Poltergeist|p1a: Bellibolt\n|-activate|p1a: Bellibolt|move: Poltergeist|Leftovers\n|-damage|p1a: Bellibolt|15/100\n|-start|p1a: Bellibolt|Charge|Poltergeist|[from] ability: Electromorphosis\n|move|p1a: Bellibolt|Slack Off|p1a: Bellibolt\n|-heal|p1a: Bellibolt|65/100\n|\n|-heal|p2a: Dusknoir|129/225|[from] item: Leftovers\n|-heal|p1a: Bellibolt|71/100|[from] item: Leftovers\n|upkeep\n|turn|16\n|inactive|Time left: 300 sec this turn | 300 sec total\n|\n|t:|1783553382\n|move|p2a: Dusknoir|Pain Split|p1a: Bellibolt\n|-sethp|p1a: Bellibolt|56/100|[from] move: Pain Split|[silent]\n|-sethp|p2a: Dusknoir|177/225|[from] move: Pain Split\n|move|p1a: Bellibolt|Thunderbolt|p2a: Dusknoir\n|-damage|p2a: Dusknoir|32/225\n|-end|p1a: Bellibolt|Charge|[silent]\n|\n|-heal|p2a: Dusknoir|46/225|[from] item: Leftovers\n|-heal|p1a: Bellibolt|62/100|[from] item: Leftovers\n|upkeep\n|turn|17\n|inactive|Time left: 300 sec this turn | 300 sec total\n|\n|t:|1783553383\n|move|p2a: Dusknoir|Pain Split|p1a: Bellibolt\n|-sethp|p1a: Bellibolt|38/100|[from] move: Pain Split|[silent]\n|-sethp|p2a: Dusknoir|121/225|[from] move: Pain Split\n|move|p1a: Bellibolt|Thunderbolt|p2a: Dusknoir\n|-damage|p2a: Dusknoir|49/225\n|\n|-heal|p2a: Dusknoir|63/225|[from] item: Leftovers\n|-heal|p1a: Bellibolt|45/100|[from] item: Leftovers\n|upkeep\n|turn|18\n|inactive|Time left: 300 sec this turn | 300 sec total\n|\n|t:|1783553384\n|move|p2a: Dusknoir|Pain Split|p1a: Bellibolt\n|-sethp|p1a: Bellibolt|32/100|[from] move: Pain Split|[silent]\n|-sethp|p2a: Dusknoir|102/225|[from] move: Pain Split\n|move|p1a: Bellibolt|Thunderbolt|p2a: Dusknoir\n|-damage|p2a: Dusknoir|32/225\n|\n|-heal|p2a: Dusknoir|46/225|[from] item: Leftovers\n|-heal|p1a: Bellibolt|39/100|[from] item: Leftovers\n|upkeep\n|turn|19\n|inactive|Time left: 300 sec this turn | 300 sec total\n|\n|t:|1783553385\n|move|p2a: Dusknoir|Poltergeist|p1a: Bellibolt\n|-activate|p1a: Bellibolt|move: Poltergeist|Leftovers\n|-damage|p1a: Bellibolt|0 fnt\n|faint|p1a: Bellibolt\n|\n|-heal|p2a: Dusknoir|60/225|[from] item: Leftovers\n|upkeep\n|\n|t:|1783553386\n|switch|p1a: Clefable|Clefable, L83, M|42/100\n|turn|20\n|inactive|Time left: 300 sec this turn | 300 sec total\n|\n|t:|1783553387\n|move|p1a: Clefable|Moonblast|p2a: Dusknoir\n|-damage|p2a: Dusknoir|0 fnt\n|faint|p2a: Dusknoir\n|\n|-heal|p1a: Clefable|49/100|[from] item: Leftovers\n|upkeep\n|inactive|Time left: 300 sec this turn | 300 sec total | 5 sec grace\n|\n|t:|1783553388\n|switch|p2a: Venomoth|Venomoth, L84, F|255/255\n|turn|21\n|inactive|Time left: 300 sec this turn | 300 sec total\n|\n|t:|1783553390\n|switch|p1a: Mudsdale|Mudsdale, L83, M|100/100\n|move|p2a: Venomoth|Quiver Dance|p2a: Venomoth\n|-boost|p2a: Venomoth|spa|1\n|-boost|p2a: Venomoth|spd|1\n|-boost|p2a: Venomoth|spe|1\n|\n|upkeep\n|turn|22\n|inactive|Time left: 300 sec this turn | 300 sec total\n|\n|t:|1783553391\n|move|p2a: Venomoth|Sleep Powder|p1a: Mudsdale\n|-status|p1a: Mudsdale|slp|[from] move: Sleep Powder\n|cant|p1a: Mudsdale|slp\n|\n|upkeep\n|turn|23\n|inactive|Time left: 300 sec this turn | 300 sec total\n|\n|t:|1783553392\n|move|p2a: Venomoth|Bug Buzz|p1a: Mudsdale\n|-damage|p1a: Mudsdale|56/100 slp\n|-unboost|p1a: Mudsdale|spd|1\n|-ability|p1a: Mudsdale|Stamina|boost\n|-boost|p1a: Mudsdale|def|1\n|cant|p1a: Mudsdale|slp\n|\n|-heal|p1a: Mudsdale|62/100 slp|[from] item: Leftovers\n|upkeep\n|turn|24\n|inactive|Time left: 300 sec this turn | 300 sec total\n|\n|t:|1783553393\n|switch|p1a: Clefable|Clefable, L83, M|49/100\n|move|p2a: Venomoth|Bug Buzz|p1a: Clefable\n|-resisted|p1a: Clefable\n|-damage|p1a: Clefable|18/100\n|\n|-heal|p1a: Clefable|24/100|[from] item: Leftovers\n|upkeep\n|turn|25\n|inactive|Time left: 300 sec this turn | 300 sec total\n|\n|t:|1783553395\n|move|p2a: Venomoth|Bug Buzz|p1a: Clefable\n|-resisted|p1a: Clefable\n|-damage|p1a: Clefable|0 fnt\n|faint|p1a: Clefable\n|\n|upkeep\n|\n|t:|1783553396\n|switch|p1a: Mudsdale|Mudsdale, L83, M|62/100 slp\n|turn|26\n|inactive|Time left: 300 sec this turn | 300 sec total\n|\n|t:|1783553397\n|move|p2a: Venomoth|Bug Buzz|p1a: Mudsdale\n|-damage|p1a: Mudsdale|19/100 slp\n|-ability|p1a: Mudsdale|Stamina|boost\n|-boost|p1a: Mudsdale|def|1\n|cant|p1a: Mudsdale|slp\n|\n|-heal|p1a: Mudsdale|25/100 slp|[from] item: Leftovers\n|upkeep\n|turn|27\n|inactive|Time left: 300 sec this turn | 300 sec total\n|\n|t:|1783553398\n|move|p2a: Venomoth|Bug Buzz|p1a: Mudsdale\n|-damage|p1a: Mudsdale|0 fnt\n|faint|p1a: Mudsdale\n|\n|upkeep\n|\n|t:|1783553399\n|switch|p1a: Grimmsnarl|Grimmsnarl, L83, M|100/100\n|turn|28\n|inactive|Time left: 300 sec this turn | 300 sec total\n|\n|t:|1783553400\n|move|p1a: Grimmsnarl|Thunder Wave|p2a: Venomoth|[miss]\n|-miss|p1a: Grimmsnarl|p2a: Venomoth\n|move|p2a: Venomoth|Quiver Dance|p2a: Venomoth\n|-boost|p2a: Venomoth|spa|1\n|-boost|p2a: Venomoth|spd|1\n|-boost|p2a: Venomoth|spe|1\n|\n|upkeep\n|turn|29\n|inactive|Time left: 300 sec this turn | 300 sec total\n|\n|t:|1783553401\n|-terastallize|p1a: Grimmsnarl|Poison\n|move|p1a: Grimmsnarl|Thunder Wave|p2a: Venomoth\n|-status|p2a: Venomoth|par\n|move|p2a: Venomoth|Sludge Wave|p1a: Grimmsnarl\n|-resisted|p1a: Grimmsnarl\n|-damage|p1a: Grimmsnarl|34/100\n|\n|-heal|p1a: Grimmsnarl|40/100|[from] item: Leftovers\n|upkeep\n|turn|30\n|inactive|Time left: 300 sec this turn | 300 sec total\n|\n|t:|1783553402\n|move|p2a: Venomoth|Bug Buzz|p1a: Grimmsnarl\n|-resisted|p1a: Grimmsnarl\n|-damage|p1a: Grimmsnarl|0 fnt\n|faint|p1a: Grimmsnarl\n|\n|upkeep\n|\n|t:|1783553403\n|switch|p1a: Stonjourner|Stonjourner, L91, F|42/100\n|turn|31\n|inactive|Time left: 300 sec this turn | 300 sec total\n|\n|t:|1783553404\n|move|p2a: Venomoth|Bug Buzz|p1a: Stonjourner\n|-damage|p1a: Stonjourner|0 fnt\n|faint|p1a: Stonjourner\n|\n|win|p0y12300015", "uploadtime": 1783553404, "views": 0, "rating": 0, "private": 0, "password": null, "_winner": "p0y12300015", "_our_name": "p0y12300015"}