{"id": "battle-gen9randombattle-874", "formatid": "gen9randombattle", "format": "[Gen 9] Random Battle", "players": ["p0x874e5ab", "p0y87417a4"], "log": "|init|battle\n|title|p0x874e5ab vs. p0y87417a4\n|j|\u2606p0x874e5ab\n|j|\u2606p0y87417a4\n|t:|1783550042\n|gametype|singles\n|player|p1|p0x874e5ab|1|\n|player|p2|p0y87417a4|266|\n|gen|9\n|tier|[Gen 9] Random Battle\n|rule|Species Clause: Limit one of each Pok\u00e9mon\n|rule|HP Percentage Mod: HP is shown in percentages\n|rule|Sleep Clause Mod: Limit one foe put to sleep\n|rule|Illusion Level Mod: Illusion disguises the Pok\u00e9mon's true level\n|\n|t:|1783550042\n|teamsize|p1|6\n|teamsize|p2|6\n|start\n|switch|p1a: Slowking|Slowking-Galar, L85, F|300/300\n|switch|p2a: Mismagius|Mismagius, L86, M|100/100\n|turn|1\n|inactive|Battle timer is ON: inactive players will automatically lose when time's up. (requested by p0x874e5ab)\n|inactive|p0y87417a4 also wants the timer to be on.\n|\n|t:|1783550043\n|move|p2a: Mismagius|Nasty Plot|p2a: Mismagius\n|-boost|p2a: Mismagius|spa|2\n|move|p1a: Slowking|Psychic Noise|p2a: Mismagius\n|-damage|p2a: Mismagius|69/100\n|-start|p2a: Mismagius|move: Heal Block\n|\n|upkeep\n|turn|2\n|inactive|Time left: 300 sec this turn | 300 sec total\n|\n|t:|1783550045\n|switch|p1a: Dodrio|Dodrio, L85, F|241/241\n|move|p2a: Mismagius|Shadow Ball|p1a: Dodrio\n|-immune|p1a: Dodrio\n|\n|-end|p2a: Mismagius|move: Heal Block\n|upkeep\n|turn|3\n|inactive|Time left: 300 sec this turn | 300 sec total\n|\n|t:|1783550046\n|-terastallize|p2a: Mismagius|Electric\n|move|p1a: Dodrio|Brave Bird|p2a: Mismagius\n|-resisted|p2a: Mismagius\n|-damage|p2a: Mismagius|15/100\n|-damage|p1a: Dodrio|197/241|[from] Recoil\n|move|p2a: Mismagius|Thunderbolt|p1a: Dodrio\n|-supereffective|p1a: Dodrio\n|-damage|p1a: Dodrio|0 fnt\n|faint|p1a: Dodrio\n|-damage|p2a: Mismagius|5/100|[from] item: Life Orb\n|\n|upkeep\n|inactive|Time left: 300 sec this turn | 300 sec total | 5 sec grace\n|\n|t:|1783550047\n|switch|p1a: Gallade|Gallade, L80, M|240/240\n|turn|4\n|inactive|Time left: 300 sec this turn | 300 sec total\n|\n|t:|1783550048\n|move|p1a: Gallade|Sacred Sword|p2a: Mismagius\n|-damage|p2a: Mismagius|0 fnt\n|faint|p2a: Mismagius\n|\n|upkeep\n|\n|t:|1783550049\n|switch|p2a: Froslass|Froslass, L87, F|100/100\n|turn|5\n|inactive|Time left: 300 sec this turn | 300 sec total\n|\n|t:|1783550050\n|switch|p1a: Kingambit|Kingambit, L74, F|270/270\n|-activate|p1a: Kingambit|ability: Supreme Overlord\n|-start|p1a: Kingambit|fallen1|[silent]\n|move|p2a: Froslass|Triple Axel|p1a: Kingambit\n|-resisted|p1a: Kingambit\n|-damage|p1a: Kingambit|261/270\n|-resisted|p1a: Kingambit\n|-damage|p1a: Kingambit|245/270\n|-resisted|p1a: Kingambit\n|-damage|p1a: Kingambit|221/270\n|-hitcount|p1a: Kingambit|3\n|\n|-heal|p1a: Kingambit|237/270|[from] item: Leftovers\n|upkeep\n|turn|6\n|inactive|Time left: 300 sec this turn | 300 sec total\n|\n|t:|1783550051\n|switch|p2a: Mightyena|Mightyena, L96, F|100/100\n|-ability|p2a: Mightyena|Intimidate|boost\n|-unboost|p1a: Kingambit|atk|1\n|move|p1a: Kingambit|Iron Head|p2a: Mightyena\n|-crit|p2a: Mightyena\n|-damage|p2a: Mightyena|45/100\n|\n|-heal|p2a: Mightyena|51/100|[from] item: Leftovers\n|-heal|p1a: Kingambit|253/270|[from] item: Leftovers\n|upkeep\n|turn|7\n|inactive|Time left: 300 sec this turn | 300 sec total\n|\n|t:|1783550052\n|move|p2a: Mightyena|Throat Chop|p1a: Kingambit\n|-resisted|p1a: Kingambit\n|-damage|p1a: Kingambit|204/270\n|-start|p1a: Kingambit|Throat Chop|[silent]\n|move|p1a: Kingambit|Swords Dance|p1a: Kingambit\n|-boost|p1a: Kingambit|atk|2\n|\n|-heal|p2a: Mightyena|57/100|[from] item: Leftovers\n|-heal|p1a: Kingambit|220/270|[from] item: Leftovers\n|upkeep\n|turn|8\n|inactive|Time left: 300 sec this turn | 300 sec total\n|\n|t:|1783550053\n|move|p2a: Mightyena|Sucker Punch|p1a: Kingambit\n|-resisted|p1a: Kingambit\n|-damage|p1a: Kingambit|180/270\n|move|p1a: Kingambit|Iron Head|p2a: Mightyena\n|-damage|p2a: Mightyena|4/100\n|\n|-heal|p2a: Mightyena|10/100|[from] item: Leftovers\n|-heal|p1a: Kingambit|196/270|[from] item: Leftovers\n|-end|p1a: Kingambit|Throat Chop|[silent]\n|upkeep\n|turn|9\n|inactive|Time left: 300 sec this turn | 300 sec total\n|\n|t:|1783550054\n|move|p2a: Mightyena|Throat Chop|p1a: Kingambit\n|-resisted|p1a: Kingambit\n|-crit|p1a: Kingambit\n|-damage|p1a: Kingambit|124/270\n|-start|p1a: Kingambit|Throat Chop|[silent]\n|move|p1a: Kingambit|Kowtow Cleave|p2a: Mightyena\n|-resisted|p2a: Mightyena\n|-damage|p2a: Mightyena|0 fnt\n|faint|p2a: Mightyena\n|\n|-heal|p1a: Kingambit|140/270|[from] item: Leftovers\n|upkeep\n|\n|t:|1783550055\n|switch|p2a: Illumise|Illumise, L91, F|100/100\n|turn|10\n|inactive|Time left: 300 sec this turn | 300 sec total\n|\n|t:|1783550056\n|move|p2a: Illumise|Bug Buzz|p1a: Kingambit\n|-damage|p1a: Kingambit|37/270\n|move|p1a: Kingambit|Kowtow Cleave|p2a: Illumise\n|-damage|p2a: Illumise|36/100\n|\n|-heal|p1a: Kingambit|53/270|[from] item: Leftovers\n|-end|p1a: Kingambit|Throat Chop|[silent]\n|upkeep\n|turn|11\n|inactive|Time left: 300 sec this turn | 300 sec total\n|\n|t:|1783550057\n|move|p1a: Kingambit|Sucker Punch|p2a: Illumise\n|-damage|p2a: Illumise|0 fnt\n|faint|p2a: Illumise\n|\n|-heal|p1a: Kingambit|69/270|[from] item: Leftovers\n|upkeep\n|\n|t:|1783550058\n|switch|p2a: Frosmoth|Frosmoth, L82, F|100/100\n|turn|12\n|inactive|Time left: 300 sec this turn | 300 sec total\n|\n|t:|1783550059\n|move|p2a: Frosmoth|Bug Buzz|p1a: Kingambit\n|-crit|p1a: Kingambit\n|-damage|p1a: Kingambit|0 fnt\n|faint|p1a: Kingambit\n|-end|p1a: Kingambit|fallen1|[silent]\n|\n|upkeep\n|inactive|Time left: 300 sec this turn | 300 sec total | 5 sec grace\n|\n|t:|1783550060\n|switch|p1a: Passimian|Passimian, L83, M|302/302\n|turn|13\n|inactive|Time left: 300 sec this turn | 300 sec total\n|\n|t:|1783550061\n|switch|p2a: Meowstic|Meowstic-F, L89, F|100/100\n|move|p1a: Passimian|Close Combat|p2a: Meowstic\n|-resisted|p2a: Meowstic\n|-damage|p2a: Meowstic|58/100\n|-unboost|p1a: Passimian|def|1\n|-unboost|p1a: Passimian|spd|1\n|\n|upkeep\n|turn|14\n|inactive|Time left: 300 sec this turn | 300 sec total\n|\n|t:|1783550062\n|switch|p1a: Slowking|Slowking-Galar, L85, F|300/300\n|move|p2a: Meowstic|Alluring Voice|p1a: Slowking\n|-resisted|p1a: Slowking\n|-damage|p1a: Slowking|273/300\n|-damage|p2a: Meowstic|48/100|[from] item: Life Orb\n|\n|-heal|p1a: Slowking|291/300|[from] item: Leftovers\n|upkeep\n|turn|15\n|inactive|Time left: 300 sec this turn | 300 sec total\n|\n|t:|1783550063\n|switch|p2a: Frosmoth|Frosmoth, L82, F|100/100\n|move|p1a: Slowking|Sludge Bomb|p2a: Frosmoth\n|-damage|p2a: Frosmoth|78/100\n|-status|p2a: Frosmoth|psn\n|\n|-heal|p1a: Slowking|300/300|[from] item: Leftovers\n|-damage|p2a: Frosmoth|66/100 psn|[from] psn\n|upkeep\n|turn|16\n|inactive|Time left: 300 sec this turn | 300 sec total\n|\n|t:|1783550064\n|switch|p1a: Gallade|Gallade, L80, M|240/240\n|move|p2a: Frosmoth|Quiver Dance|p2a: Frosmoth\n|-boost|p2a: Frosmoth|spa|1\n|-boost|p2a: Frosmoth|spd|1\n|-boost|p2a: Frosmoth|spe|1\n|\n|-damage|p2a: Frosmoth|53/100 psn|[from] psn\n|upkeep\n|turn|17\n|inactive|Time left: 300 sec this turn | 300 sec total\n|\n|t:|1783550065\n|move|p1a: Gallade|Psycho Cut|p2a: Frosmoth\n|-damage|p2a: Frosmoth|0 fnt\n|faint|p2a: Frosmoth\n|\n|upkeep\n|\n|t:|1783550066\n|switch|p2a: Froslass|Froslass, L87, F|100/100\n|turn|18\n|inactive|Time left: 300 sec this turn | 300 sec total\n|\n|t:|1783550067\n|switch|p1a: Passimian|Passimian, L83, M|302/302\n|move|p2a: Froslass|Poltergeist|p1a: Passimian\n|-activate|p1a: Passimian|move: Poltergeist|Choice Band\n|-damage|p1a: Passimian|187/302\n|\n|upkeep\n|turn|19\n|inactive|Time left: 300 sec this turn | 300 sec total\n|\n|t:|1783550069\n|move|p2a: Froslass|Poltergeist|p1a: Passimian\n|-activate|p1a: Passimian|move: Poltergeist|Choice Band\n|-damage|p1a: Passimian|78/302\n|move|p1a: Passimian|Knock Off|p2a: Froslass\n|-supereffective|p2a: Froslass\n|-damage|p2a: Froslass|4/100\n|-start|p1a: Passimian|Disable|Knock Off|[from] ability: Cursed Body|[of] p2a: Froslass\n|-enditem|p2a: Froslass|Wide Lens|[from] move: Knock Off|[of] p1a: Passimian\n|\n|upkeep\n|turn|20\n|inactive|Time left: 300 sec this turn | 300 sec total\n|\n|t:|1783550070\n|move|p2a: Froslass|Poltergeist|p1a: Passimian\n|-activate|p1a: Passimian|move: Poltergeist|Choice Band\n|-damage|p1a: Passimian|0 fnt\n|faint|p1a: Passimian\n|\n|upkeep\n|inactive|Time left: 300 sec this turn | 300 sec total | 5 sec grace\n|\n|t:|1783550071\n|switch|p1a: Gallade|Gallade, L80, M|240/240\n|turn|21\n|inactive|Time left: 300 sec this turn | 300 sec total\n|\n|t:|1783550072\n|switch|p2a: Meowstic|Meowstic-F, L89, F|48/100\n|move|p1a: Gallade|Night Slash|p2a: Meowstic\n|-supereffective|p2a: Meowstic\n|-damage|p2a: Meowstic|0 fnt\n|faint|p2a: Meowstic\n|\n|upkeep\n|\n|t:|1783550073\n|switch|p2a: Froslass|Froslass, L87, F|4/100\n|turn|22\n|inactive|Time left: 300 sec this turn | 300 sec total\n|\n|t:|1783550074\n|-terastallize|p1a: Gallade|Grass\n|move|p1a: Gallade|Night Slash|p2a: Froslass\n|-supereffective|p2a: Froslass\n|-crit|p2a: Froslass\n|-damage|p2a: Froslass|0 fnt\n|faint|p2a: Froslass\n|\n|win|p0x874e5ab", "uploadtime": 1783550074, "views": 0, "rating": 0, "private": 0, "password": null, "_winner": "p0x874e5ab", "_our_name": "p0x874e5ab"}