{"id": "battle-gen9randombattle-2311", "formatid": "gen9randombattle", "format": "[Gen 9] Random Battle", "players": ["p0x23112ba2", "p0y23118b7f"], "log": "|init|battle\n|title|p0x23112ba2 vs. p0y23118b7f\n|j|\u2606p0x23112ba2\n|j|\u2606p0y23118b7f\n|t:|1783566843\n|gametype|singles\n|player|p1|p0x23112ba2|101|\n|player|p2|p0y23118b7f|265|\n|gen|9\n|tier|[Gen 9] Random Battle\n|rule|Species Clause: Limit one of each Pok\u00e9mon\n|rule|HP Percentage Mod: HP is shown in percentages\n|rule|Sleep Clause Mod: Limit one foe put to sleep\n|rule|Illusion Level Mod: Illusion disguises the Pok\u00e9mon's true level\n|\n|t:|1783566843\n|teamsize|p1|6\n|teamsize|p2|6\n|start\n|switch|p1a: Crabominable|Crabominable, L90, F|100/100\n|switch|p2a: Excadrill|Excadrill, L79, M|303/303\n|-ability|p2a: Excadrill|Mold Breaker\n|turn|1\n|inactive|Battle timer is ON: inactive players will automatically lose when time's up. (requested by p0x23112ba2)\n|inactive|Time left: 300 sec this turn | 300 sec total | 60 sec grace\n|inactive|p0y23118b7f also wants the timer to be on.\n|\n|t:|1783566844\n|move|p2a: Excadrill|Iron Head|p1a: Crabominable\n|-supereffective|p1a: Crabominable\n|-damage|p1a: Crabominable|41/100\n|cant|p1a: Crabominable|flinch\n|\n|upkeep\n|turn|2\n|inactive|Time left: 300 sec this turn | 300 sec total\n|\n|t:|1783566846\n|-terastallize|p1a: Crabominable|Ground\n|move|p2a: Excadrill|Iron Head|p1a: Crabominable\n|-damage|p1a: Crabominable|11/100\n|move|p1a: Crabominable|Drain Punch|p2a: Excadrill\n|-supereffective|p2a: Excadrill\n|-damage|p2a: Excadrill|0 fnt\n|-heal|p1a: Crabominable|59/100|[from] drain|[of] p2a: Excadrill\n|faint|p2a: Excadrill\n|\n|upkeep\n|inactive|Time left: 300 sec this turn | 300 sec total | 5 sec grace\n|\n|t:|1783566847\n|switch|p2a: Falinks|Falinks, L84|246/246\n|turn|3\n|inactive|Time left: 300 sec this turn | 300 sec total\n|\n|t:|1783566848\n|move|p2a: Falinks|No Retreat|p2a: Falinks\n|-boost|p2a: Falinks|atk|1\n|-boost|p2a: Falinks|def|1\n|-boost|p2a: Falinks|spa|1\n|-boost|p2a: Falinks|spd|1\n|-boost|p2a: Falinks|spe|1\n|-start|p2a: Falinks|move: No Retreat\n|move|p1a: Crabominable|Drain Punch|p2a: Falinks\n|-damage|p2a: Falinks|125/246\n|-heal|p1a: Crabominable|78/100|[from] drain|[of] p2a: Falinks\n|\n|upkeep\n|turn|4\n|inactive|Time left: 300 sec this turn | 300 sec total\n|\n|t:|1783566848\n|move|p2a: Falinks|Close Combat|p1a: Crabominable\n|-damage|p1a: Crabominable|0 fnt\n|-unboost|p2a: Falinks|def|1\n|-unboost|p2a: Falinks|spd|1\n|faint|p1a: Crabominable\n|-damage|p2a: Falinks|101/246|[from] item: Life Orb\n|\n|upkeep\n|\n|t:|1783566849\n|switch|p1a: Typhlosion|Typhlosion, L84, M|100/100\n|turn|5\n|inactive|Time left: 300 sec this turn | 300 sec total\n|\n|t:|1783566850\n|move|p1a: Typhlosion|Eruption|p2a: Falinks\n|-damage|p2a: Falinks|0 fnt\n|faint|p2a: Falinks\n|\n|upkeep\n|inactive|Time left: 300 sec this turn | 300 sec total | 5 sec grace\n|\n|t:|1783566851\n|switch|p2a: Skeledirge|Skeledirge, L79, M|294/294\n|turn|6\n|inactive|Time left: 300 sec this turn | 300 sec total\n|\n|t:|1783566853\n|move|p1a: Typhlosion|Eruption|p2a: Skeledirge\n|-resisted|p2a: Skeledirge\n|-damage|p2a: Skeledirge|195/294\n|move|p2a: Skeledirge|Shadow Ball|p1a: Typhlosion\n|-damage|p1a: Typhlosion|70/100\n|\n|upkeep\n|turn|7\n|inactive|Time left: 300 sec this turn | 300 sec total\n|\n|t:|1783566854\n|switch|p1a: Muk|Muk, L86, F|100/100\n|move|p2a: Skeledirge|Torch Song|p1a: Muk\n|-damage|p1a: Muk|85/100\n|-boost|p2a: Skeledirge|spa|1\n|\n|upkeep\n|turn|8\n|inactive|Time left: 300 sec this turn | 300 sec total\n|\n|t:|1783566855\n|move|p2a: Skeledirge|Slack Off|p2a: Skeledirge\n|-heal|p2a: Skeledirge|294/294\n|move|p1a: Muk|Knock Off|p2a: Skeledirge\n|-supereffective|p2a: Skeledirge\n|-damage|p2a: Skeledirge|150/294\n|-enditem|p2a: Skeledirge|Heavy-Duty Boots|[from] move: Knock Off|[of] p1a: Muk\n|\n|upkeep\n|turn|9\n|inactive|Time left: 300 sec this turn | 300 sec total\n|\n|t:|1783566856\n|move|p2a: Skeledirge|Slack Off|p2a: Skeledirge\n|-heal|p2a: Skeledirge|294/294\n|move|p1a: Muk|Knock Off|p2a: Skeledirge\n|-supereffective|p2a: Skeledirge\n|-damage|p2a: Skeledirge|192/294\n|\n|upkeep\n|turn|10\n|inactive|Time left: 300 sec this turn | 300 sec total\n|\n|t:|1783566857\n|move|p2a: Skeledirge|Torch Song|p1a: Muk\n|-damage|p1a: Muk|62/100\n|-boost|p2a: Skeledirge|spa|1\n|move|p1a: Muk|Knock Off|p2a: Skeledirge\n|-supereffective|p2a: Skeledirge\n|-damage|p2a: Skeledirge|88/294\n|-status|p2a: Skeledirge|psn|[from] ability: Poison Touch|[of] p1a: Muk\n|\n|-damage|p2a: Skeledirge|52/294 psn|[from] psn\n|upkeep\n|turn|11\n|inactive|Time left: 300 sec this turn | 300 sec total\n|\n|t:|1783566858\n|move|p1a: Muk|Shadow Sneak|p2a: Skeledirge\n|-supereffective|p2a: Skeledirge\n|-damage|p2a: Skeledirge|0 fnt\n|faint|p2a: Skeledirge\n|\n|upkeep\n|inactive|Time left: 300 sec this turn | 300 sec total | 5 sec grace\n|\n|t:|1783566859\n|switch|p2a: Dewgong|Dewgong, L94, F|322/322\n|turn|12\n|inactive|Time left: 300 sec this turn | 300 sec total\n|\n|t:|1783566860\n|move|p2a: Dewgong|Encore|p1a: Muk\n|-start|p1a: Muk|Encore\n|move|p1a: Muk|Shadow Sneak|p2a: Dewgong\n|-damage|p2a: Dewgong|290/322\n|\n|upkeep\n|turn|13\n|inactive|Time left: 300 sec this turn | 300 sec total\n|\n|t:|1783566861\n|switch|p2a: Zangoose|Zangoose, L85, F|263/263\n|move|p1a: Muk|Shadow Sneak|p2a: Zangoose\n|-immune|p2a: Zangoose\n|\n|-status|p2a: Zangoose|tox|[from] item: Toxic Orb\n|upkeep\n|turn|14\n|inactive|Time left: 300 sec this turn | 300 sec total\n|\n|t:|1783566863\n|switch|p1a: Typhlosion|Typhlosion, L84, M|70/100\n|move|p2a: Zangoose|Facade|p1a: Typhlosion\n|-damage|p1a: Typhlosion|0 fnt\n|faint|p1a: Typhlosion\n|\n|-damage|p2a: Zangoose|247/263 tox|[from] psn\n|upkeep\n|\n|t:|1783566863\n|switch|p1a: Staraptor|Staraptor, L79, M|100/100\n|turn|15\n|inactive|Time left: 300 sec this turn | 300 sec total\n|\n|t:|1783566864\n|switch|p2a: Hatterene|Hatterene, L85, F|236/236\n|move|p1a: Staraptor|Close Combat|p2a: Hatterene\n|-resisted|p2a: Hatterene\n|-damage|p2a: Hatterene|205/236\n|-unboost|p1a: Staraptor|def|1\n|-unboost|p1a: Staraptor|spd|1\n|\n|upkeep\n|turn|16\n|inactive|Time left: 300 sec this turn | 300 sec total\n|\n|t:|1783566865\n|switch|p1a: Muk|Muk, L86, F|62/100\n|move|p2a: Hatterene|Psychic|p1a: Muk\n|-supereffective|p1a: Muk\n|-crit|p1a: Muk\n|-damage|p1a: Muk|0 fnt\n|faint|p1a: Muk\n|\n|upkeep\n|\n|t:|1783566866\n|switch|p1a: Staraptor|Staraptor, L79, M|100/100\n|turn|17\n|inactive|Time left: 300 sec this turn | 300 sec total\n|\n|t:|1783566867\n|move|p1a: Staraptor|Brave Bird|p2a: Hatterene\n|-damage|p2a: Hatterene|0 fnt\n|faint|p2a: Hatterene\n|-damage|p1a: Staraptor|75/100|[from] Recoil\n|\n|upkeep\n|inactive|Time left: 300 sec this turn | 300 sec total | 5 sec grace\n|\n|t:|1783566868\n|switch|p2a: Dewgong|Dewgong, L94, F|290/322\n|turn|18\n|inactive|Time left: 300 sec this turn | 300 sec total\n|\n|t:|1783566869\n|move|p1a: Staraptor|Brave Bird|p2a: Dewgong\n|-damage|p2a: Dewgong|56/322\n|-damage|p1a: Staraptor|45/100|[from] Recoil\n|move|p2a: Dewgong|Ice Beam|p1a: Staraptor\n|-supereffective|p1a: Staraptor\n|-damage|p1a: Staraptor|0 fnt\n|faint|p1a: Staraptor\n|\n|upkeep\n|\n|t:|1783566870\n|switch|p1a: Scyther|Scyther, L82, M|100/100\n|turn|19\n|inactive|Time left: 300 sec this turn | 300 sec total\n|\n|t:|1783566871\n|move|p1a: Scyther|Bug Bite|p2a: Dewgong\n|-damage|p2a: Dewgong|0 fnt\n|faint|p2a: Dewgong\n|\n|upkeep\n|inactive|Time left: 300 sec this turn | 300 sec total | 5 sec grace\n|\n|t:|1783566872\n|switch|p2a: Zangoose|Zangoose, L85, F|247/263 tox\n|turn|20\n|inactive|Time left: 300 sec this turn | 300 sec total\n|\n|t:|1783566873\n|-terastallize|p2a: Zangoose|Normal\n|move|p1a: Scyther|Close Combat|p2a: Zangoose\n|-supereffective|p2a: Zangoose\n|-crit|p2a: Zangoose\n|-damage|p2a: Zangoose|0 fnt\n|-unboost|p1a: Scyther|def|1\n|-unboost|p1a: Scyther|spd|1\n|faint|p2a: Zangoose\n|\n|win|p0x23112ba2", "uploadtime": 1783566873, "views": 0, "rating": 0, "private": 0, "password": null, "_winner": "p0x23112ba2", "_our_name": "p0y23118b7f"}