{"id": "battle-gen9randombattle-1515", "formatid": "gen9randombattle", "format": "[Gen 9] Random Battle", "players": ["p0x151569f6", "p0y151540c2"], "log": "|init|battle\n|title|p0x151569f6 vs. p0y151540c2\n|j|\u2606p0x151569f6\n|j|\u2606p0y151540c2\n|t:|1783557643\n|gametype|singles\n|player|p1|p0x151569f6|101|\n|player|p2|p0y151540c2|101|\n|gen|9\n|tier|[Gen 9] Random Battle\n|rule|Species Clause: Limit one of each Pok\u00e9mon\n|rule|HP Percentage Mod: HP is shown in percentages\n|rule|Sleep Clause Mod: Limit one foe put to sleep\n|rule|Illusion Level Mod: Illusion disguises the Pok\u00e9mon's true level\n|\n|t:|1783557643\n|teamsize|p1|6\n|teamsize|p2|6\n|start\n|switch|p1a: Houndstone|Houndstone, L86, M|100/100\n|switch|p2a: Bisharp|Bisharp, L79, M|232/232\n|turn|1\n|inactive|Battle timer is ON: inactive players will automatically lose when time's up. (requested by p0y151540c2)\n|inactive|p0x151569f6 also wants the timer to be on.\n|\n|t:|1783557645\n|move|p1a: Houndstone|Body Press|p2a: Bisharp\n|-supereffective|p2a: Bisharp\n|-damage|p2a: Bisharp|68/232\n|move|p2a: Bisharp|Throat Chop|p1a: Houndstone\n|-supereffective|p1a: Houndstone\n|-damage|p1a: Houndstone|69/100\n|-start|p1a: Houndstone|Throat Chop|[silent]\n|\n|upkeep\n|turn|2\n|inactive|Time left: 300 sec this turn | 300 sec total\n|\n|t:|1783557646\n|switch|p2a: Archaludon|Archaludon, L78, M|268/268\n|move|p1a: Houndstone|Body Press|p2a: Archaludon\n|-supereffective|p2a: Archaludon\n|-damage|p2a: Archaludon|178/268\n|-ability|p2a: Archaludon|Stamina|boost\n|-boost|p2a: Archaludon|def|1\n|\n|-end|p1a: Houndstone|Throat Chop|[silent]\n|upkeep\n|turn|3\n|inactive|Time left: 300 sec this turn | 300 sec total\n|\n|t:|1783557648\n|switch|p1a: Stantler|Stantler, L92, F|100/100\n|-ability|p1a: Stantler|Intimidate|boost\n|-unboost|p2a: Archaludon|atk|1\n|move|p2a: Archaludon|Swords Dance|p2a: Archaludon\n|-boost|p2a: Archaludon|atk|2\n|\n|upkeep\n|turn|4\n|inactive|Time left: 300 sec this turn | 300 sec total\n|\n|t:|1783557649\n|switch|p1a: Tauros|Tauros-Paldea-Aqua, L81, M|100/100\n|-ability|p1a: Tauros|Intimidate|boost\n|-unboost|p2a: Archaludon|atk|1\n|move|p2a: Archaludon|Outrage|p1a: Tauros\n|-damage|p1a: Tauros|58/100\n|\n|upkeep\n|turn|5\n|inactive|Time left: 300 sec this turn | 300 sec total\n|\n|t:|1783557650\n|move|p1a: Tauros|Close Combat|p2a: Archaludon\n|-supereffective|p2a: Archaludon\n|-damage|p2a: Archaludon|6/268\n|-unboost|p1a: Tauros|def|1\n|-unboost|p1a: Tauros|spd|1\n|-ability|p2a: Archaludon|Stamina|boost\n|-boost|p2a: Archaludon|def|1\n|-damage|p1a: Tauros|48/100|[from] item: Life Orb\n|move|p2a: Archaludon|Outrage|p1a: Tauros|[from] lockedmove\n|-damage|p1a: Tauros|0 fnt\n|faint|p1a: Tauros\n|-start|p2a: Archaludon|confusion|[fatigue]\n|-enditem|p2a: Archaludon|Lum Berry|[eat]\n|-end|p2a: Archaludon|confusion\n|\n|upkeep\n|\n|t:|1783557651\n|switch|p1a: Annihilape|Annihilape, L76, M|100/100\n|turn|6\n|inactive|Time left: 300 sec this turn | 300 sec total\n|\n|t:|1783557652\n|switch|p2a: Decidueye|Decidueye, L88, M|281/281\n|move|p1a: Annihilape|Drain Punch|p2a: Decidueye\n|-immune|p2a: Decidueye\n|\n|upkeep\n|turn|7\n|inactive|Time left: 300 sec this turn | 300 sec total\n|\n|t:|1783557654\n|move|p1a: Annihilape|Bulk Up|p1a: Annihilape\n|-boost|p1a: Annihilape|atk|1\n|-boost|p1a: Annihilape|def|1\n|move|p2a: Decidueye|Poltergeist|p1a: Annihilape\n|-activate|p1a: Annihilape|move: Poltergeist|Leftovers\n|-supereffective|p1a: Annihilape\n|-damage|p1a: Annihilape|10/100\n|-damage|p2a: Decidueye|253/281|[from] item: Life Orb\n|\n|-heal|p1a: Annihilape|16/100|[from] item: Leftovers\n|upkeep\n|turn|8\n|inactive|Time left: 300 sec this turn | 300 sec total\n|\n|t:|1783557654\n|move|p2a: Decidueye|Shadow Sneak|p1a: Annihilape\n|-supereffective|p1a: Annihilape\n|-damage|p1a: Annihilape|0 fnt\n|faint|p1a: Annihilape\n|-damage|p2a: Decidueye|225/281|[from] item: Life Orb\n|\n|upkeep\n|\n|t:|1783557655\n|switch|p1a: Stantler|Stantler, L92, F|100/100\n|-ability|p1a: Stantler|Intimidate|boost\n|-unboost|p2a: Decidueye|atk|1\n|turn|9\n|inactive|Time left: 300 sec this turn | 300 sec total\n|\n|t:|1783557656\n|move|p1a: Stantler|Throat Chop|p2a: Decidueye\n|-supereffective|p2a: Decidueye\n|-damage|p2a: Decidueye|81/281\n|-start|p2a: Decidueye|Throat Chop|[silent]\n|move|p2a: Decidueye|Swords Dance|p2a: Decidueye\n|-boost|p2a: Decidueye|atk|2\n|\n|upkeep\n|turn|10\n|inactive|Time left: 300 sec this turn | 300 sec total\n|\n|t:|1783557657\n|switch|p2a: Mamoswine|Mamoswine, L81, M|311/311\n|move|p1a: Stantler|Throat Chop|p2a: Mamoswine\n|-damage|p2a: Mamoswine|238/311\n|-start|p2a: Mamoswine|Throat Chop|[silent]\n|\n|upkeep\n|turn|11\n|inactive|Time left: 300 sec this turn | 300 sec total\n|\n|t:|1783557658\n|move|p1a: Stantler|Body Slam|p2a: Mamoswine\n|-damage|p2a: Mamoswine|124/311\n|move|p2a: Mamoswine|Earthquake|p1a: Stantler\n|-damage|p1a: Stantler|50/100\n|\n|-end|p2a: Mamoswine|Throat Chop|[silent]\n|upkeep\n|turn|12\n|inactive|Time left: 300 sec this turn | 300 sec total\n|\n|t:|1783557659\n|move|p1a: Stantler|Body Slam|p2a: Mamoswine\n|-damage|p2a: Mamoswine|13/311\n|-status|p2a: Mamoswine|par\n|move|p2a: Mamoswine|Earthquake|p1a: Stantler\n|-damage|p1a: Stantler|0 fnt\n|faint|p1a: Stantler\n|\n|upkeep\n|\n|t:|1783557660\n|switch|p1a: Houndstone|Houndstone, L86, M|69/100\n|turn|13\n|inactive|Time left: 300 sec this turn | 300 sec total\n|\n|t:|1783557661\n|move|p1a: Houndstone|Body Press|p2a: Mamoswine\n|-supereffective|p2a: Mamoswine\n|-damage|p2a: Mamoswine|0 fnt\n|faint|p2a: Mamoswine\n|\n|upkeep\n|inactive|Time left: 300 sec this turn | 300 sec total | 5 sec grace\n|\n|t:|1783557662\n|switch|p2a: Archaludon|Archaludon, L78, M|6/268\n|turn|14\n|inactive|Time left: 300 sec this turn | 300 sec total\n|\n|t:|1783557663\n|move|p1a: Houndstone|Shadow Sneak|p2a: Archaludon\n|-damage|p2a: Archaludon|0 fnt\n|faint|p2a: Archaludon\n|\n|upkeep\n|inactive|Time left: 300 sec this turn | 300 sec total | 5 sec grace\n|\n|t:|1783557664\n|switch|p2a: Koraidon|Koraidon, L64|235/235\n|-weather|SunnyDay|[from] ability: Orichalcum Pulse|[of] p2a: Koraidon\n|-activate|p2a: Koraidon|Orichalcum Pulse|[source]\n|turn|15\n|inactive|Time left: 300 sec this turn | 300 sec total\n|\n|t:|1783557665\n|-terastallize|p2a: Koraidon|Fire\n|move|p2a: Koraidon|Swords Dance|p2a: Koraidon\n|-boost|p2a: Koraidon|atk|2\n|move|p1a: Houndstone|Play Rough|p2a: Koraidon\n|-resisted|p2a: Koraidon\n|-damage|p2a: Koraidon|201/235\n|\n|-weather|SunnyDay|[upkeep]\n|upkeep\n|turn|16\n|inactive|Time left: 300 sec this turn | 300 sec total\n|\n|t:|1783557666\n|move|p1a: Houndstone|Shadow Sneak|p2a: Koraidon\n|-damage|p2a: Koraidon|153/235\n|move|p2a: Koraidon|Flare Blitz|p1a: Houndstone\n|-damage|p1a: Houndstone|0 fnt\n|faint|p1a: Houndstone\n|-damage|p2a: Koraidon|93/235|[from] Recoil\n|\n|-weather|SunnyDay|[upkeep]\n|upkeep\n|\n|t:|1783557666\n|switch|p1a: Regice|Regice, L88|100/100\n|turn|17\n|inactive|Time left: 300 sec this turn | 300 sec total\n|\n|t:|1783557667\n|-terastallize|p1a: Regice|Electric\n|move|p2a: Koraidon|Flare Blitz|p1a: Regice\n|-damage|p1a: Regice|0 fnt\n|faint|p1a: Regice\n|-damage|p2a: Koraidon|0 fnt|[from] Recoil\n|faint|p2a: Koraidon\n|\n|-weather|SunnyDay|[upkeep]\n|upkeep\n|inactive|Time left: 300 sec this turn | 300 sec total | 5 sec grace\n|\n|t:|1783557668\n|switch|p2a: Flamigo|Flamigo, L82, F|269/269\n|switch|p1a: Magnezone|Magnezone, L85|100/100\n|turn|18\n|inactive|Time left: 300 sec this turn | 300 sec total\n|\n|t:|1783557669\n|move|p2a: Flamigo|Close Combat|p1a: Magnezone\n|-supereffective|p1a: Magnezone\n|-damage|p1a: Magnezone|0 fnt\n|-unboost|p2a: Flamigo|def|1\n|-unboost|p2a: Flamigo|spd|1\n|faint|p1a: Magnezone\n|-damage|p2a: Flamigo|243/269|[from] item: Life Orb\n|\n|win|p0y151540c2", "uploadtime": 1783557669, "views": 0, "rating": 0, "private": 0, "password": null, "_winner": "p0y151540c2", "_our_name": "p0y151540c2"}