{"id": "battle-gen9randombattle-160", "formatid": "gen9randombattle", "format": "[Gen 9] Random Battle", "players": ["p0x160815c", "p0y1605313"], "log": "|init|battle\n|title|p0x160815c vs. p0y1605313\n|j|\u2606p0x160815c\n|j|\u2606p0y1605313\n|t:|1783535606\n|gametype|singles\n|player|p1|p0x160815c|265|\n|player|p2|p0y1605313|265|\n|gen|9\n|tier|[Gen 9] Random Battle\n|rule|Species Clause: Limit one of each Pok\u00e9mon\n|rule|HP Percentage Mod: HP is shown in percentages\n|rule|Sleep Clause Mod: Limit one foe put to sleep\n|rule|Illusion Level Mod: Illusion disguises the Pok\u00e9mon's true level\n|\n|t:|1783535606\n|teamsize|p1|6\n|teamsize|p2|6\n|start\n|switch|p1a: Hippowdon|Hippowdon, L82, M|100/100\n|switch|p2a: Ludicolo|Ludicolo, L90, M|290/290\n|-weather|Sandstorm|[from] ability: Sand Stream|[of] p1a: Hippowdon\n|turn|1\n|inactive|Battle timer is ON: inactive players will automatically lose when time's up. (requested by p0y1605313)\n|inactive|p0x160815c also wants the timer to be on.\n|\n|t:|1783535607\n|switch|p1a: Ninetales|Ninetales-Alola, L78, M|100/100\n|-weather|Snowscape|[from] ability: Snow Warning|[of] p1a: Ninetales\n|move|p2a: Ludicolo|Hydro Pump|p1a: Ninetales\n|-damage|p1a: Ninetales|32/100\n|-damage|p2a: Ludicolo|261/290|[from] item: Life Orb\n|\n|-weather|Snowscape|[upkeep]\n|upkeep\n|turn|2\n|inactive|Time left: 300 sec this turn | 300 sec total\n|\n|t:|1783535608\n|move|p1a: Ninetales|Aurora Veil|p1a: Ninetales\n|-sidestart|p1: p0x160815c|move: Aurora Veil\n|move|p2a: Ludicolo|Giga Drain|p1a: Ninetales\n|-damage|p1a: Ninetales|10/100\n|-heal|p2a: Ludicolo|288/290|[from] drain|[of] p1a: Ninetales\n|-damage|p2a: Ludicolo|259/290|[from] item: Life Orb\n|\n|-weather|Snowscape|[upkeep]\n|upkeep\n|turn|3\n|inactive|Time left: 300 sec this turn | 300 sec total\n|\n|t:|1783535609\n|switch|p2a: Carbink|Carbink, L90|236/236\n|move|p1a: Ninetales|Freeze-Dry|p2a: Carbink\n|-damage|p2a: Carbink|202/236\n|-status|p2a: Carbink|frz\n|\n|-weather|Snowscape|[upkeep]\n|upkeep\n|turn|4\n|inactive|Time left: 300 sec this turn | 300 sec total\n|\n|t:|1783535610\n|switch|p1a: Thundurus|Thundurus, L80, M|100/100\n|-curestatus|p2a: Carbink|frz|[msg]\n|move|p2a: Carbink|Body Press|p1a: Thundurus\n|-resisted|p1a: Thundurus\n|-damage|p1a: Thundurus|90/100\n|\n|-weather|Snowscape|[upkeep]\n|upkeep\n|turn|5\n|inactive|Time left: 300 sec this turn | 300 sec total\n|\n|t:|1783535611\n|move|p1a: Thundurus|Thunderbolt|p2a: Carbink\n|-damage|p2a: Carbink|136/236\n|-status|p2a: Carbink|par\n|cant|p2a: Carbink|par\n|\n|-weather|none\n|upkeep\n|turn|6\n|inactive|Time left: 300 sec this turn | 300 sec total\n|\n|t:|1783535612\n|move|p1a: Thundurus|Focus Blast|p2a: Carbink\n|-damage|p2a: Carbink|74/236 par\n|cant|p2a: Carbink|par\n|\n|upkeep\n|turn|7\n|inactive|Time left: 300 sec this turn | 300 sec total\n|\n|t:|1783535613\n|move|p1a: Thundurus|Knock Off|p2a: Carbink\n|-resisted|p2a: Carbink\n|-damage|p2a: Carbink|52/236 par\n|-enditem|p2a: Carbink|Chesto Berry|[from] move: Knock Off|[of] p1a: Thundurus\n|move|p2a: Carbink|Rest|p2a: Carbink\n|-status|p2a: Carbink|slp|[from] move: Rest\n|-heal|p2a: Carbink|236/236 slp|[silent]\n|\n|upkeep\n|turn|8\n|inactive|Time left: 300 sec this turn | 300 sec total\n|\n|t:|1783535614\n|move|p1a: Thundurus|Thunderbolt|p2a: Carbink\n|-damage|p2a: Carbink|167/236 slp\n|cant|p2a: Carbink|slp\n|\n|upkeep\n|turn|9\n|inactive|Time left: 300 sec this turn | 300 sec total\n|\n|t:|1783535616\n|move|p1a: Thundurus|Thunderbolt|p2a: Carbink\n|-damage|p2a: Carbink|104/236 slp\n|cant|p2a: Carbink|slp\n|\n|-sideend|p1: p0x160815c|move: Aurora Veil\n|upkeep\n|turn|10\n|inactive|Time left: 300 sec this turn | 300 sec total\n|\n|t:|1783535617\n|move|p1a: Thundurus|Thunderbolt|p2a: Carbink\n|-damage|p2a: Carbink|34/236 slp\n|-curestatus|p2a: Carbink|slp|[msg]\n|move|p2a: Carbink|Moonblast|p1a: Thundurus\n|-damage|p1a: Thundurus|60/100\n|\n|upkeep\n|turn|11\n|inactive|Time left: 300 sec this turn | 300 sec total\n|\n|t:|1783535619\n|switch|p2a: Excadrill|Excadrill, L79, F|303/303\n|-ability|p2a: Excadrill|Mold Breaker\n|move|p1a: Thundurus|Thunderbolt|p2a: Excadrill\n|-immune|p2a: Excadrill\n|\n|upkeep\n|turn|12\n|inactive|Time left: 300 sec this turn | 300 sec total\n|\n|t:|1783535620\n|move|p1a: Thundurus|Focus Blast|p2a: Excadrill\n|-supereffective|p2a: Excadrill\n|-damage|p2a: Excadrill|35/303\n|move|p2a: Excadrill|Rapid Spin|p1a: Thundurus\n|-damage|p1a: Thundurus|40/100\n|-boost|p2a: Excadrill|spe|1\n|\n|-heal|p2a: Excadrill|53/303|[from] item: Leftovers\n|upkeep\n|turn|13\n|inactive|Time left: 300 sec this turn | 300 sec total\n|\n|t:|1783535622\n|move|p2a: Excadrill|Iron Head|p1a: Thundurus\n|-resisted|p1a: Thundurus\n|-damage|p1a: Thundurus|18/100\n|move|p1a: Thundurus|Knock Off|p2a: Excadrill\n|-damage|p2a: Excadrill|0 fnt\n|-enditem|p2a: Excadrill|Leftovers|[from] move: Knock Off|[of] p1a: Thundurus\n|faint|p2a: Excadrill\n|\n|upkeep\n|inactive|Time left: 300 sec this turn | 300 sec total | 5 sec grace\n|\n|t:|1783535624\n|switch|p2a: Iron Jugulis|Iron Jugulis, L77|271/271\n|turn|14\n|inactive|Time left: 300 sec this turn | 300 sec total\n|\n|t:|1783535625\n|move|p1a: Thundurus|Thunderbolt|p2a: Iron Jugulis\n|-supereffective|p2a: Iron Jugulis\n|-damage|p2a: Iron Jugulis|23/271\n|move|p2a: Iron Jugulis|Meteor Beam||[still]\n|-prepare|p2a: Iron Jugulis|Meteor Beam\n|-boost|p2a: Iron Jugulis|spa|1\n|-enditem|p2a: Iron Jugulis|Power Herb\n|-anim|p2a: Iron Jugulis|Meteor Beam|p1a: Thundurus\n|-supereffective|p1a: Thundurus\n|-damage|p1a: Thundurus|0 fnt\n|faint|p1a: Thundurus\n|\n|upkeep\n|\n|t:|1783535626\n|switch|p1a: Ninetales|Ninetales-Alola, L78, M|10/100\n|-weather|Snowscape|[from] ability: Snow Warning|[of] p1a: Ninetales\n|turn|15\n|inactive|Time left: 300 sec this turn | 300 sec total\n|\n|t:|1783535627\n|move|p1a: Ninetales|Aurora Veil|p1a: Ninetales\n|-sidestart|p1: p0x160815c|move: Aurora Veil\n|move|p2a: Iron Jugulis|Earth Power|p1a: Ninetales\n|-damage|p1a: Ninetales|0 fnt\n|faint|p1a: Ninetales\n|\n|-weather|Snowscape|[upkeep]\n|upkeep\n|\n|t:|1783535628\n|switch|p1a: Hitmonlee|Hitmonlee, L85, M|100/100\n|turn|16\n|inactive|Time left: 300 sec this turn | 300 sec total\n|\n|t:|1783535629\n|move|p1a: Hitmonlee|High Jump Kick|p2a: Iron Jugulis\n|-damage|p2a: Iron Jugulis|0 fnt\n|faint|p2a: Iron Jugulis\n|-end|p2a: Iron Jugulis|Quark Drive|[silent]\n|\n|-weather|Snowscape|[upkeep]\n|upkeep\n|inactive|Time left: 300 sec this turn | 300 sec total | 5 sec grace\n|\n|t:|1783535630\n|switch|p2a: Delibird|Delibird, F|252/252\n|turn|17\n|inactive|Time left: 300 sec this turn | 300 sec total\n|\n|t:|1783535631\n|move|p1a: Hitmonlee|High Jump Kick|p2a: Delibird|[miss]\n|-miss|p1a: Hitmonlee|p2a: Delibird\n|-damage|p1a: Hitmonlee|51/100|[from] highjumpkick\n|move|p2a: Delibird|Brave Bird|p1a: Hitmonlee|[miss]\n|-miss|p2a: Delibird|p1a: Hitmonlee\n|\n|-weather|Snowscape|[upkeep]\n|upkeep\n|turn|18\n|inactive|Time left: 300 sec this turn | 300 sec total\n|\n|t:|1783535632\n|move|p1a: Hitmonlee|High Jump Kick|p2a: Delibird\n|-damage|p2a: Delibird|66/252\n|move|p2a: Delibird|Brave Bird|p1a: Hitmonlee\n|-supereffective|p1a: Hitmonlee\n|-damage|p1a: Hitmonlee|0 fnt\n|faint|p1a: Hitmonlee\n|-damage|p2a: Delibird|29/252|[from] Recoil\n|\n|-weather|Snowscape|[upkeep]\n|upkeep\n|\n|t:|1783535633\n|switch|p1a: Emboar|Emboar, L84, F|100/100\n|turn|19\n|inactive|Time left: 300 sec this turn | 300 sec total\n|\n|t:|1783535634\n|move|p2a: Delibird|Brave Bird|p1a: Emboar\n|-supereffective|p1a: Emboar\n|-damage|p1a: Emboar|28/100\n|-damage|p2a: Delibird|0 fnt|[from] Recoil\n|faint|p2a: Delibird\n|move|p1a: Emboar|Bulk Up|p1a: Emboar\n|-boost|p1a: Emboar|atk|1\n|-boost|p1a: Emboar|def|1\n|\n|-weather|none\n|-heal|p1a: Emboar|34/100|[from] item: Leftovers\n|upkeep\n|inactive|Time left: 300 sec this turn | 300 sec total | 5 sec grace\n|\n|t:|1783535635\n|switch|p2a: Ludicolo|Ludicolo, L90, M|259/290\n|turn|20\n|inactive|Time left: 300 sec this turn | 300 sec total\n|\n|t:|1783535636\n|-terastallize|p1a: Emboar|Grass\n|move|p2a: Ludicolo|Hydro Pump|p1a: Emboar\n|-resisted|p1a: Emboar\n|-damage|p1a: Emboar|18/100\n|-damage|p2a: Ludicolo|230/290|[from] item: Life Orb\n|move|p1a: Emboar|Drain Punch|p2a: Ludicolo\n|-damage|p2a: Ludicolo|83/290\n|-heal|p1a: Emboar|41/100|[from] drain|[of] p2a: Ludicolo\n|\n|-heal|p1a: Emboar|47/100|[from] item: Leftovers\n|upkeep\n|turn|21\n|inactive|Time left: 300 sec this turn | 300 sec total\n|\n|t:|1783535638\n|move|p2a: Ludicolo|Ice Beam|p1a: Emboar\n|-supereffective|p1a: Emboar\n|-damage|p1a: Emboar|11/100\n|-status|p1a: Emboar|frz\n|-damage|p2a: Ludicolo|54/290|[from] item: Life Orb\n|-curestatus|p1a: Emboar|frz|[msg]\n|move|p1a: Emboar|Trailblaze|p2a: Ludicolo\n|-damage|p2a: Ludicolo|0 fnt\n|-boost|p1a: Emboar|spe|1\n|faint|p2a: Ludicolo\n|\n|-heal|p1a: Emboar|17/100|[from] item: Leftovers\n|upkeep\n|inactive|Time left: 300 sec this turn | 300 sec total | 5 sec grace\n|\n|t:|1783535639\n|switch|p2a: Haxorus|Haxorus, L77, F|244/244\n|-ability|p2a: Haxorus|Mold Breaker\n|turn|22\n|inactive|Time left: 300 sec this turn | 300 sec total\n|\n|t:|1783535640\n|move|p1a: Emboar|Drain Punch|p2a: Haxorus\n|-damage|p2a: Haxorus|96/244\n|-heal|p1a: Emboar|40/100|[from] drain|[of] p2a: Haxorus\n|move|p2a: Haxorus|Scale Shot|p1a: Emboar|[miss]\n|-miss|p2a: Haxorus|p1a: Emboar\n|\n|-heal|p1a: Emboar|46/100|[from] item: Leftovers\n|-sideend|p1: p0x160815c|move: Aurora Veil\n|upkeep\n|turn|23\n|inactive|Time left: 300 sec this turn | 300 sec total\n|\n|t:|1783535641\n|move|p1a: Emboar|Drain Punch|p2a: Haxorus\n|-damage|p2a: Haxorus|0 fnt\n|-heal|p1a: Emboar|61/100|[from] drain|[of] p2a: Haxorus\n|faint|p2a: Haxorus\n|\n|-heal|p1a: Emboar|67/100|[from] item: Leftovers\n|upkeep\n|inactive|Time left: 300 sec this turn | 300 sec total | 5 sec grace\n|\n|t:|1783535641\n|switch|p2a: Carbink|Carbink, L90|34/236\n|turn|24\n|inactive|Time left: 300 sec this turn | 300 sec total\n|\n|t:|1783535642\n|-terastallize|p2a: Carbink|Fighting\n|move|p1a: Emboar|Drain Punch|p2a: Carbink\n|-damage|p2a: Carbink|0 fnt\n|-heal|p1a: Emboar|73/100|[from] drain|[of] p2a: Carbink\n|faint|p2a: Carbink\n|\n|win|p0x160815c", "uploadtime": 1783535642, "views": 0, "rating": 0, "private": 0, "password": null, "_winner": "p0x160815c", "_our_name": "p0y1605313"}