{"id": "battle-gen9randombattle-1814", "formatid": "gen9randombattle", "format": "[Gen 9] Random Battle", "players": ["p0x1814ccea", "p0y1814bfef"], "log": "|init|battle\n|title|p0x1814ccea vs. p0y1814bfef\n|j|\u2606p0x1814ccea\n|j|\u2606p0y1814bfef\n|t:|1783561013\n|gametype|singles\n|player|p1|p0x1814ccea|2|\n|player|p2|p0y1814bfef|102|\n|gen|9\n|tier|[Gen 9] Random Battle\n|rule|Species Clause: Limit one of each Pok\u00e9mon\n|rule|HP Percentage Mod: HP is shown in percentages\n|rule|Sleep Clause Mod: Limit one foe put to sleep\n|rule|Illusion Level Mod: Illusion disguises the Pok\u00e9mon's true level\n|\n|t:|1783561013\n|teamsize|p1|6\n|teamsize|p2|6\n|start\n|switch|p1a: Talonflame|Talonflame, L83, M|100/100\n|switch|p2a: Farigiraf|Farigiraf, L90, F|362/362\n|turn|1\n|inactive|Battle timer is ON: inactive players will automatically lose when time's up. (requested by p0y1814bfef)\n|inactive|p0x1814ccea also wants the timer to be on.\n|\n|t:|1783561015\n|move|p1a: Talonflame|U-turn|p2a: Farigiraf\n|-supereffective|p2a: Farigiraf\n|-damage|p2a: Farigiraf|264/362\n|\n|t:|1783561016\n|switch|p1a: Farigiraf|Farigiraf, L90, M|100/100|[from] U-turn\n|move|p2a: Farigiraf|Body Slam|p1a: Farigiraf\n|-damage|p1a: Farigiraf|72/100\n|-status|p1a: Farigiraf|par\n|\n|-heal|p2a: Farigiraf|286/362|[from] item: Leftovers\n|-heal|p1a: Farigiraf|78/100 par|[from] item: Leftovers\n|upkeep\n|turn|2\n|inactive|Time left: 300 sec this turn | 300 sec total\n|\n|t:|1783561017\n|move|p2a: Farigiraf|Psychic Noise|p1a: Farigiraf\n|-resisted|p1a: Farigiraf\n|-damage|p1a: Farigiraf|63/100 par\n|-start|p1a: Farigiraf|move: Heal Block\n|move|p1a: Farigiraf|Body Slam|p2a: Farigiraf\n|-damage|p2a: Farigiraf|186/362\n|\n|-heal|p2a: Farigiraf|208/362|[from] item: Leftovers\n|upkeep\n|turn|3\n|inactive|Time left: 300 sec this turn | 300 sec total\n|\n|t:|1783561018\n|move|p2a: Farigiraf|Body Slam|p1a: Farigiraf\n|-damage|p1a: Farigiraf|36/100 par\n|move|p1a: Farigiraf|Body Slam|p2a: Farigiraf\n|-damage|p2a: Farigiraf|93/362\n|\n|-heal|p2a: Farigiraf|115/362|[from] item: Leftovers\n|-end|p1a: Farigiraf|move: Heal Block\n|upkeep\n|turn|4\n|inactive|Time left: 300 sec this turn | 300 sec total\n|\n|t:|1783561019\n|move|p2a: Farigiraf|Body Slam|p1a: Farigiraf\n|-damage|p1a: Farigiraf|6/100 par\n|cant|p1a: Farigiraf|par\n|\n|-heal|p2a: Farigiraf|137/362|[from] item: Leftovers\n|-heal|p1a: Farigiraf|12/100 par|[from] item: Leftovers\n|upkeep\n|turn|5\n|inactive|Time left: 300 sec this turn | 300 sec total\n|\n|t:|1783561020\n|move|p2a: Farigiraf|Psychic Noise|p1a: Farigiraf\n|-resisted|p1a: Farigiraf\n|-damage|p1a: Farigiraf|0 fnt\n|faint|p1a: Farigiraf\n|\n|-heal|p2a: Farigiraf|159/362|[from] item: Leftovers\n|upkeep\n|\n|t:|1783561020\n|switch|p1a: Pyroar|Pyroar, L88, M|100/100\n|-ability|p1a: Pyroar|Unnerve\n|turn|6\n|inactive|Time left: 300 sec this turn | 300 sec total\n|\n|t:|1783561021\n|move|p1a: Pyroar|Fire Blast|p2a: Farigiraf\n|-damage|p2a: Farigiraf|0 fnt\n|faint|p2a: Farigiraf\n|\n|upkeep\n|inactive|Time left: 300 sec this turn | 300 sec total | 5 sec grace\n|\n|t:|1783561022\n|switch|p2a: Keldeo|Keldeo-Resolute, L79|273/273\n|turn|7\n|inactive|Time left: 300 sec this turn | 300 sec total\n|\n|t:|1783561024\n|switch|p1a: Vileplume|Vileplume, L85, F|100/100\n|move|p2a: Keldeo|Secret Sword|p1a: Vileplume\n|-resisted|p1a: Vileplume\n|-damage|p1a: Vileplume|72/100\n|\n|-heal|p1a: Vileplume|78/100|[from] item: Leftovers\n|upkeep\n|turn|8\n|inactive|Time left: 300 sec this turn | 300 sec total\n|\n|t:|1783561025\n|switch|p2a: Appletun|Appletun, L92, M|352/352\n|move|p1a: Vileplume|Giga Drain|p2a: Appletun\n|-resisted|p2a: Appletun\n|-damage|p2a: Appletun|329/352\n|-heal|p1a: Vileplume|82/100|[from] drain|[of] p2a: Appletun\n|\n|-heal|p1a: Vileplume|88/100|[from] item: Leftovers\n|-heal|p2a: Appletun|351/352|[from] item: Leftovers\n|upkeep\n|turn|9\n|inactive|Time left: 300 sec this turn | 300 sec total\n|\n|t:|1783561026\n|move|p1a: Vileplume|Sludge Bomb|p2a: Appletun\n|-supereffective|p2a: Appletun\n|-damage|p2a: Appletun|151/352\n|move|p2a: Appletun|Dragon Pulse|p1a: Vileplume\n|-damage|p1a: Vileplume|46/100\n|\n|-heal|p1a: Vileplume|52/100|[from] item: Leftovers\n|-heal|p2a: Appletun|173/352|[from] item: Leftovers\n|upkeep\n|turn|10\n|inactive|Time left: 300 sec this turn | 300 sec total\n|\n|t:|1783561027\n|move|p1a: Vileplume|Sludge Bomb|p2a: Appletun\n|-supereffective|p2a: Appletun\n|-damage|p2a: Appletun|0 fnt\n|faint|p2a: Appletun\n|\n|-heal|p1a: Vileplume|58/100|[from] item: Leftovers\n|upkeep\n|inactive|Time left: 300 sec this turn | 300 sec total | 5 sec grace\n|\n|t:|1783561028\n|switch|p2a: Gumshoos|Gumshoos, L95, F|321/321\n|turn|11\n|inactive|Time left: 300 sec this turn | 300 sec total\n|\n|t:|1783561029\n|move|p2a: Gumshoos|Double-Edge|p1a: Vileplume\n|-damage|p1a: Vileplume|0 fnt\n|faint|p1a: Vileplume\n|-damage|p2a: Gumshoos|271/321|[from] Recoil\n|\n|upkeep\n|\n|t:|1783561030\n|switch|p1a: Arbok|Arbok, L87, F|100/100\n|-ability|p1a: Arbok|Intimidate|boost\n|-unboost|p2a: Gumshoos|atk|1\n|turn|12\n|inactive|Time left: 300 sec this turn | 300 sec total\n|\n|t:|1783561031\n|move|p1a: Arbok|Coil|p1a: Arbok\n|-boost|p1a: Arbok|atk|1\n|-boost|p1a: Arbok|def|1\n|-boost|p1a: Arbok|accuracy|1\n|move|p2a: Gumshoos|Double-Edge|p1a: Arbok\n|-damage|p1a: Arbok|43/100\n|-damage|p2a: Gumshoos|224/321|[from] Recoil\n|\n|-heal|p1a: Arbok|49/100|[from] item: Leftovers\n|upkeep\n|turn|13\n|inactive|Time left: 300 sec this turn | 300 sec total\n|\n|t:|1783561032\n|move|p1a: Arbok|Gunk Shot|p2a: Gumshoos\n|-damage|p2a: Gumshoos|0 fnt\n|faint|p2a: Gumshoos\n|\n|-heal|p1a: Arbok|55/100|[from] item: Leftovers\n|upkeep\n|inactive|Time left: 300 sec this turn | 300 sec total | 5 sec grace\n|\n|t:|1783561033\n|switch|p2a: Keldeo|Keldeo-Resolute, L79|273/273\n|turn|14\n|inactive|Time left: 300 sec this turn | 300 sec total\n|\n|t:|1783561034\n|move|p2a: Keldeo|Hydro Pump|p1a: Arbok\n|-damage|p1a: Arbok|0 fnt\n|faint|p1a: Arbok\n|\n|upkeep\n|\n|t:|1783561035\n|switch|p1a: Talonflame|Talonflame, L83, M|100/100\n|turn|15\n|inactive|Time left: 300 sec this turn | 300 sec total\n|\n|t:|1783561036\n|move|p1a: Talonflame|Brave Bird|p2a: Keldeo\n|-supereffective|p2a: Keldeo\n|-damage|p2a: Keldeo|39/273\n|-damage|p1a: Talonflame|71/100|[from] Recoil\n|move|p2a: Keldeo|Hydro Pump|p1a: Talonflame\n|-supereffective|p1a: Talonflame\n|-damage|p1a: Talonflame|0 fnt\n|faint|p1a: Talonflame\n|\n|upkeep\n|\n|t:|1783561037\n|switch|p1a: Walking Wake|Walking Wake, L79|100/100\n|turn|16\n|inactive|Time left: 300 sec this turn | 300 sec total\n|\n|t:|1783561038\n|switch|p2a: Gurdurr|Gurdurr, L85, F|283/283\n|move|p1a: Walking Wake|Hydro Steam|p2a: Gurdurr\n|-crit|p2a: Gurdurr\n|-damage|p2a: Gurdurr|114/283\n|-damage|p1a: Walking Wake|91/100|[from] item: Life Orb\n|\n|upkeep\n|turn|17\n|inactive|Time left: 300 sec this turn | 300 sec total\n|\n|t:|1783561039\n|move|p1a: Walking Wake|Hydro Steam|p2a: Gurdurr\n|-damage|p2a: Gurdurr|0 fnt\n|faint|p2a: Gurdurr\n|-damage|p1a: Walking Wake|81/100|[from] item: Life Orb\n|\n|upkeep\n|inactive|Time left: 300 sec this turn | 300 sec total | 5 sec grace\n|\n|t:|1783561040\n|switch|p2a: Coalossal|Coalossal, L89, M|341/341\n|turn|18\n|inactive|Time left: 300 sec this turn | 300 sec total\n|\n|t:|1783561041\n|-terastallize|p2a: Coalossal|Ghost\n|move|p1a: Walking Wake|Hydro Steam|p2a: Coalossal\n|-damage|p2a: Coalossal|224/341\n|-damage|p1a: Walking Wake|71/100|[from] item: Life Orb\n|move|p2a: Coalossal|Stone Edge|p1a: Walking Wake\n|-damage|p1a: Walking Wake|32/100\n|\n|upkeep\n|turn|19\n|inactive|Time left: 300 sec this turn | 300 sec total\n|\n|t:|1783561042\n|move|p1a: Walking Wake|Hydro Steam|p2a: Coalossal\n|-crit|p2a: Coalossal\n|-damage|p2a: Coalossal|59/341\n|-damage|p1a: Walking Wake|23/100|[from] item: Life Orb\n|move|p2a: Coalossal|Stone Edge|p1a: Walking Wake\n|-damage|p1a: Walking Wake|0 fnt\n|faint|p1a: Walking Wake\n|-end|p1a: Walking Wake|Protosynthesis|[silent]\n|\n|upkeep\n|\n|t:|1783561043\n|switch|p1a: Pyroar|Pyroar, L88, M|100/100\n|-ability|p1a: Pyroar|Unnerve\n|turn|20\n|inactive|Time left: 300 sec this turn | 300 sec total\n|\n|t:|1783561044\n|-terastallize|p1a: Pyroar|Fire\n|move|p1a: Pyroar|Fire Blast|p2a: Coalossal\n|-damage|p2a: Coalossal|0 fnt\n|faint|p2a: Coalossal\n|\n|upkeep\n|inactive|Time left: 300 sec this turn | 300 sec total | 5 sec grace\n|\n|t:|1783561045\n|switch|p2a: Keldeo|Keldeo-Resolute, L79|39/273\n|turn|21\n|inactive|Time left: 300 sec this turn | 300 sec total\n|\n|t:|1783561046\n|move|p1a: Pyroar|Hyper Voice|p2a: Keldeo\n|-damage|p2a: Keldeo|0 fnt\n|faint|p2a: Keldeo\n|\n|win|p0x1814ccea", "uploadtime": 1783561046, "views": 0, "rating": 0, "private": 0, "password": null, "_winner": "p0x1814ccea", "_our_name": "p0y1814bfef"}