{"id": "battle-gen9randombattle-1187", "formatid": "gen9randombattle", "format": "[Gen 9] Random Battle", "players": ["p0x1187b301", "p0y1187680c"], "log": "|init|battle\n|title|p0x1187b301 vs. p0y1187680c\n|j|\u2606p0x1187b301\n|j|\u2606p0y1187680c\n|t:|1783553739\n|gametype|singles\n|player|p1|p0x1187b301|169|\n|player|p2|p0y1187680c|169|\n|gen|9\n|tier|[Gen 9] Random Battle\n|rule|Species Clause: Limit one of each Pok\u00e9mon\n|rule|HP Percentage Mod: HP is shown in percentages\n|rule|Sleep Clause Mod: Limit one foe put to sleep\n|rule|Illusion Level Mod: Illusion disguises the Pok\u00e9mon's true level\n|\n|t:|1783553739\n|teamsize|p1|6\n|teamsize|p2|6\n|start\n|switch|p1a: Misdreavus|Misdreavus, L90, F|254/254\n|switch|p2a: Miraidon|Miraidon, L65|100/100\n|-fieldstart|move: Electric Terrain|[from] ability: Hadron Engine|[of] p2a: Miraidon\n|turn|1\n|inactive|Battle timer is ON: inactive players will automatically lose when time's up. (requested by p0x1187b301)\n|inactive|p0y1187680c also wants the timer to be on.\n|\n|t:|1783553741\n|move|p2a: Miraidon|Electro Drift|p1a: Misdreavus\n|-damage|p1a: Misdreavus|106/254\n|move|p1a: Misdreavus|Shadow Ball|p2a: Miraidon\n|-damage|p2a: Miraidon|60/100\n|-unboost|p2a: Miraidon|spd|1\n|\n|upkeep\n|turn|2\n|inactive|Time left: 300 sec this turn | 300 sec total\n|\n|t:|1783553742\n|switch|p1a: Dedenne|Dedenne, L88, F|261/261\n|move|p2a: Miraidon|Electro Drift|p1a: Dedenne\n|-resisted|p1a: Dedenne\n|-damage|p1a: Dedenne|138/261\n|\n|upkeep\n|turn|3\n|inactive|Time left: 300 sec this turn | 300 sec total\n|\n|t:|1783553743\n|switch|p2a: Flareon|Flareon, L90, F|100/100\n|move|p1a: Dedenne|Dazzling Gleam|p2a: Flareon\n|-resisted|p2a: Flareon\n|-damage|p2a: Flareon|89/100\n|\n|-status|p2a: Flareon|tox|[from] item: Toxic Orb\n|upkeep\n|turn|4\n|inactive|Time left: 300 sec this turn | 300 sec total\n|\n|t:|1783553744\n|move|p1a: Dedenne|Super Fang|p2a: Flareon\n|-damage|p2a: Flareon|45/100 tox\n|move|p2a: Flareon|Flare Blitz|p1a: Dedenne\n|-damage|p1a: Dedenne|0 fnt\n|faint|p1a: Dedenne\n|-damage|p2a: Flareon|27/100 tox|[from] Recoil\n|\n|-damage|p2a: Flareon|21/100 tox|[from] psn\n|upkeep\n|inactive|Time left: 300 sec this turn | 300 sec total | 5 sec grace\n|\n|t:|1783553745\n|switch|p1a: Kyogre|Kyogre, L71|259/259\n|-weather|RainDance|[from] ability: Drizzle|[of] p1a: Kyogre\n|turn|5\n|inactive|Time left: 300 sec this turn | 300 sec total\n|\n|t:|1783553746\n|switch|p2a: Sinistcha|Sinistcha, L83|100/100\n|move|p1a: Kyogre|Water Spout|p2a: Sinistcha\n|-resisted|p2a: Sinistcha\n|-damage|p2a: Sinistcha|44/100\n|\n|-weather|RainDance|[upkeep]\n|-heal|p2a: Sinistcha|50/100|[from] item: Leftovers\n|-fieldend|move: Electric Terrain\n|upkeep\n|turn|6\n|inactive|Time left: 300 sec this turn | 300 sec total\n|\n|t:|1783553747\n|switch|p2a: Luvdisc|Luvdisc, F|100/100\n|move|p1a: Kyogre|Water Spout|p2a: Luvdisc\n|-resisted|p2a: Luvdisc\n|-damage|p2a: Luvdisc|48/100\n|\n|-weather|RainDance|[upkeep]\n|upkeep\n|turn|7\n|inactive|Time left: 300 sec this turn | 300 sec total\n|\n|t:|1783553748\n|move|p2a: Luvdisc|Endeavor|p1a: Kyogre\n|-damage|p1a: Kyogre|118/259\n|move|p1a: Kyogre|Water Spout|p2a: Luvdisc\n|-resisted|p2a: Luvdisc\n|-damage|p2a: Luvdisc|26/100\n|\n|-weather|RainDance|[upkeep]\n|upkeep\n|turn|8\n|inactive|Time left: 300 sec this turn | 300 sec total\n|\n|t:|1783553749\n|move|p2a: Luvdisc|Surf|p1a: Kyogre\n|-resisted|p1a: Kyogre\n|-damage|p1a: Kyogre|68/259\n|move|p1a: Kyogre|Water Spout|p2a: Luvdisc\n|-resisted|p2a: Luvdisc\n|-damage|p2a: Luvdisc|11/100\n|\n|-weather|RainDance|[upkeep]\n|upkeep\n|turn|9\n|inactive|Time left: 300 sec this turn | 300 sec total\n|\n|t:|1783553749\n|switch|p2a: Sinistcha|Sinistcha, L83|50/100\n|switch|p1a: Misdreavus|Misdreavus, L90, F|106/254\n|\n|-weather|none\n|-heal|p2a: Sinistcha|56/100|[from] item: Leftovers\n|upkeep\n|turn|10\n|inactive|Time left: 300 sec this turn | 300 sec total\n|\n|t:|1783553750\n|-terastallize|p2a: Sinistcha|Steel\n|move|p1a: Misdreavus|Shadow Ball|p2a: Sinistcha\n|-damage|p2a: Sinistcha|15/100\n|move|p2a: Sinistcha|Strength Sap|p1a: Misdreavus\n|-unboost|p1a: Misdreavus|atk|1\n|-heal|p2a: Sinistcha|60/100\n|\n|-heal|p2a: Sinistcha|66/100|[from] item: Leftovers\n|upkeep\n|turn|11\n|inactive|Time left: 300 sec this turn | 300 sec total\n|\n|t:|1783553751\n|move|p1a: Misdreavus|Shadow Ball|p2a: Sinistcha\n|-damage|p2a: Sinistcha|26/100\n|move|p2a: Sinistcha|Matcha Gotcha|p1a: Misdreavus\n|-damage|p1a: Misdreavus|42/254\n|-heal|p2a: Sinistcha|38/100|[from] drain|[of] p1a: Misdreavus\n|\n|-heal|p2a: Sinistcha|44/100|[from] item: Leftovers\n|upkeep\n|turn|12\n|inactive|Time left: 300 sec this turn | 300 sec total\n|\n|t:|1783553752\n|move|p1a: Misdreavus|Shadow Ball|p2a: Sinistcha\n|-damage|p2a: Sinistcha|6/100\n|-unboost|p2a: Sinistcha|spd|1\n|move|p2a: Sinistcha|Strength Sap|p1a: Misdreavus\n|-unboost|p1a: Misdreavus|atk|1\n|-heal|p2a: Sinistcha|36/100\n|\n|-heal|p2a: Sinistcha|41/100|[from] item: Leftovers\n|upkeep\n|turn|13\n|inactive|Time left: 300 sec this turn | 300 sec total\n|\n|t:|1783553753\n|move|p1a: Misdreavus|Shadow Ball|p2a: Sinistcha\n|-damage|p2a: Sinistcha|0 fnt\n|faint|p2a: Sinistcha\n|\n|upkeep\n|\n|t:|1783553754\n|switch|p2a: Miraidon|Miraidon, L65|60/100\n|-fieldstart|move: Electric Terrain|[from] ability: Hadron Engine|[of] p2a: Miraidon\n|turn|14\n|inactive|Time left: 300 sec this turn | 300 sec total\n|\n|t:|1783553755\n|move|p2a: Miraidon|Electro Drift|p1a: Misdreavus\n|-damage|p1a: Misdreavus|0 fnt\n|faint|p1a: Misdreavus\n|\n|upkeep\n|inactive|Time left: 300 sec this turn | 300 sec total | 5 sec grace\n|\n|t:|1783553756\n|switch|p1a: Rampardos|Rampardos, L90, M|321/321\n|turn|15\n|inactive|Time left: 300 sec this turn | 300 sec total\n|\n|t:|1783553757\n|move|p1a: Rampardos|Rock Slide|p2a: Miraidon\n|-damage|p2a: Miraidon|0 fnt\n|faint|p2a: Miraidon\n|\n|upkeep\n|\n|t:|1783553758\n|switch|p2a: Luvdisc|Luvdisc, F|11/100\n|turn|16\n|inactive|Time left: 300 sec this turn | 300 sec total\n|\n|t:|1783553759\n|move|p2a: Luvdisc|Endeavor|p1a: Rampardos\n|-damage|p1a: Rampardos|27/321\n|move|p1a: Rampardos|Rock Slide|p2a: Luvdisc\n|-damage|p2a: Luvdisc|0 fnt\n|faint|p2a: Luvdisc\n|\n|upkeep\n|\n|t:|1783553760\n|switch|p2a: Flareon|Flareon, L90, F|21/100 tox\n|turn|17\n|inactive|Time left: 300 sec this turn | 300 sec total\n|\n|t:|1783553761\n|move|p2a: Flareon|Quick Attack|p1a: Rampardos\n|-resisted|p1a: Rampardos\n|-damage|p1a: Rampardos|0 fnt\n|faint|p1a: Rampardos\n|\n|-damage|p2a: Flareon|15/100 tox|[from] psn\n|upkeep\n|inactive|Time left: 300 sec this turn | 300 sec total | 5 sec grace\n|\n|t:|1783553762\n|switch|p1a: Articuno|Articuno-Galar, L84|288/288\n|turn|18\n|inactive|Time left: 300 sec this turn | 300 sec total\n|\n|t:|1783553763\n|move|p2a: Flareon|Quick Attack|p1a: Articuno\n|-damage|p1a: Articuno|226/288\n|move|p1a: Articuno|Freezing Glare|p2a: Flareon\n|-damage|p2a: Flareon|0 fnt\n|faint|p2a: Flareon\n|\n|-fieldend|move: Electric Terrain\n|upkeep\n|\n|t:|1783553764\n|switch|p2a: Kleavor|Kleavor, L78, F|100/100\n|turn|19\n|inactive|Time left: 300 sec this turn | 300 sec total\n|\n|t:|1783553765\n|move|p1a: Articuno|Freezing Glare|p2a: Kleavor\n|-damage|p2a: Kleavor|39/100\n|move|p2a: Kleavor|Stone Axe|p1a: Articuno\n|-supereffective|p1a: Articuno\n|-damage|p1a: Articuno|0 fnt\n|-sidestart|p1: p0x1187b301|move: Stealth Rock\n|faint|p1a: Articuno\n|\n|upkeep\n|inactive|Time left: 300 sec this turn | 300 sec total | 5 sec grace\n|\n|t:|1783553767\n|switch|p1a: Kyogre|Kyogre, L71|68/259\n|-damage|p1a: Kyogre|36/259|[from] Stealth Rock\n|-weather|RainDance|[from] ability: Drizzle|[of] p1a: Kyogre\n|turn|20\n|inactive|Time left: 300 sec this turn | 300 sec total\n|\n|t:|1783553768\n|move|p1a: Kyogre|Origin Pulse|p2a: Kleavor\n|-supereffective|p2a: Kleavor\n|-damage|p2a: Kleavor|0 fnt\n|faint|p2a: Kleavor\n|\n|-weather|RainDance|[upkeep]\n|upkeep\n|\n|t:|1783553769\n|switch|p2a: Arcanine|Arcanine, L84, F|100/100\n|-ability|p2a: Arcanine|Intimidate|boost\n|-unboost|p1a: Kyogre|atk|1\n|turn|21\n|inactive|Time left: 300 sec this turn | 300 sec total\n|\n|t:|1783553770\n|switch|p1a: Cinderace|Cinderace, L77, M|250/250\n|move|p2a: Arcanine|Extreme Speed|p1a: Cinderace\n|-crit|p1a: Cinderace\n|-damage|p1a: Cinderace|130/250\n|\n|-weather|RainDance|[upkeep]\n|upkeep\n|turn|22\n|inactive|Time left: 300 sec this turn | 300 sec total\n|\n|t:|1783553771\n|move|p2a: Arcanine|Extreme Speed|p1a: Cinderace\n|-damage|p1a: Cinderace|48/250\n|move|p1a: Cinderace|Pyro Ball|p2a: Arcanine\n|-resisted|p2a: Arcanine\n|-damage|p2a: Arcanine|90/100\n|\n|-weather|RainDance|[upkeep]\n|upkeep\n|turn|23\n|inactive|Time left: 300 sec this turn | 300 sec total\n|\n|t:|1783553772\n|move|p2a: Arcanine|Extreme Speed|p1a: Cinderace\n|-damage|p1a: Cinderace|0 fnt\n|faint|p1a: Cinderace\n|\n|-weather|RainDance|[upkeep]\n|upkeep\n|inactive|Time left: 300 sec this turn | 300 sec total | 5 sec grace\n|\n|t:|1783553773\n|switch|p1a: Kyogre|Kyogre, L71|36/259\n|-damage|p1a: Kyogre|4/259|[from] Stealth Rock\n|turn|24\n|inactive|Time left: 300 sec this turn | 300 sec total\n|\n|t:|1783553774\n|-terastallize|p1a: Kyogre|Water\n|move|p2a: Arcanine|Extreme Speed|p1a: Kyogre\n|-damage|p1a: Kyogre|0 fnt\n|faint|p1a: Kyogre\n|\n|win|p0y1187680c", "uploadtime": 1783553774, "views": 0, "rating": 0, "private": 0, "password": null, "_winner": "p0y1187680c", "_our_name": "p0x1187b301"}