{"id": "battle-gen9randombattle-223", "formatid": "gen9randombattle", "format": "[Gen 9] Random Battle", "players": ["p0x223d907", "p0y223792a"], "log": "|init|battle\n|title|p0x223d907 vs. p0y223792a\n|j|\u2606p0x223d907\n|j|\u2606p0y223792a\n|t:|1783542151\n|gametype|singles\n|player|p1|p0x223d907|170|\n|player|p2|p0y223792a|102|\n|gen|9\n|tier|[Gen 9] Random Battle\n|rule|Species Clause: Limit one of each Pok\u00e9mon\n|rule|HP Percentage Mod: HP is shown in percentages\n|rule|Sleep Clause Mod: Limit one foe put to sleep\n|rule|Illusion Level Mod: Illusion disguises the Pok\u00e9mon's true level\n|\n|t:|1783542151\n|teamsize|p1|6\n|teamsize|p2|6\n|start\n|switch|p1a: Azelf|Azelf, L82|100/100\n|switch|p2a: Reshiram|Reshiram, L76|277/277\n|-ability|p2a: Reshiram|Turboblaze\n|turn|1\n|inactive|Battle timer is ON: inactive players will automatically lose when time's up. (requested by p0x223d907)\n|inactive|Time left: 300 sec this turn | 300 sec total | 60 sec grace\n|inactive|p0y223792a also wants the timer to be on.\n|\n|t:|1783542153\n|move|p1a: Azelf|Psyshock|p2a: Reshiram\n|-damage|p2a: Reshiram|143/277\n|-damage|p1a: Azelf|91/100|[from] item: Life Orb\n|move|p2a: Reshiram|Blue Flare|p1a: Azelf\n|-damage|p1a: Azelf|18/100\n|\n|upkeep\n|turn|2\n|inactive|Time left: 300 sec this turn | 300 sec total\n|\n|t:|1783542155\n|move|p1a: Azelf|Psyshock|p2a: Reshiram\n|-damage|p2a: Reshiram|25/277\n|-damage|p1a: Azelf|8/100|[from] item: Life Orb\n|move|p2a: Reshiram|Blue Flare|p1a: Azelf\n|-damage|p1a: Azelf|0 fnt\n|faint|p1a: Azelf\n|\n|upkeep\n|\n|t:|1783542156\n|switch|p1a: Chien-Pao|Chien-Pao, L72|100/100\n|-ability|p1a: Chien-Pao|Sword of Ruin\n|turn|3\n|inactive|Time left: 300 sec this turn | 300 sec total\n|\n|t:|1783542157\n|switch|p2a: Magcargo|Magcargo, L95, F|268/268\n|move|p1a: Chien-Pao|Sacred Sword|p2a: Magcargo\n|-supereffective|p2a: Magcargo\n|-damage|p2a: Magcargo|118/268\n|-ability|p2a: Magcargo|Weak Armor|boost\n|-unboost|p2a: Magcargo|def|1\n|-boost|p2a: Magcargo|spe|2\n|\n|upkeep\n|turn|4\n|inactive|Time left: 300 sec this turn | 300 sec total\n|\n|t:|1783542158\n|switch|p2a: Garchomp|Garchomp, L74, F|282/282\n|move|p1a: Chien-Pao|Sacred Sword|p2a: Garchomp\n|-damage|p2a: Garchomp|170/282\n|-damage|p1a: Chien-Pao|88/100|[from] ability: Rough Skin|[of] p2a: Garchomp\n|-damage|p1a: Chien-Pao|71/100|[from] item: Rocky Helmet|[of] p2a: Garchomp\n|\n|upkeep\n|turn|5\n|inactive|Time left: 300 sec this turn | 300 sec total\n|\n|t:|1783542159\n|-terastallize|p1a: Chien-Pao|Fighting\n|move|p1a: Chien-Pao|Sacred Sword|p2a: Garchomp\n|-damage|p2a: Garchomp|2/282\n|-damage|p1a: Chien-Pao|59/100|[from] ability: Rough Skin|[of] p2a: Garchomp\n|-damage|p1a: Chien-Pao|42/100|[from] item: Rocky Helmet|[of] p2a: Garchomp\n|move|p2a: Garchomp|Outrage|p1a: Chien-Pao\n|-damage|p1a: Chien-Pao|0 fnt\n|faint|p1a: Chien-Pao\n|\n|upkeep\n|\n|t:|1783542160\n|switch|p1a: Medicham|Medicham, L86, M|100/100\n|turn|6\n|inactive|Time left: 300 sec this turn | 300 sec total\n|\n|t:|1783542161\n|move|p1a: Medicham|Close Combat|p2a: Garchomp\n|-crit|p2a: Garchomp\n|-damage|p2a: Garchomp|0 fnt\n|-unboost|p1a: Medicham|def|1\n|-unboost|p1a: Medicham|spd|1\n|-damage|p1a: Medicham|88/100|[from] ability: Rough Skin|[of] p2a: Garchomp\n|-damage|p1a: Medicham|72/100|[from] item: Rocky Helmet|[of] p2a: Garchomp\n|faint|p2a: Garchomp\n|\n|upkeep\n|inactive|Time left: 300 sec this turn | 300 sec total | 5 sec grace\n|\n|t:|1783542162\n|switch|p2a: Meloetta|Meloetta, L82|298/298\n|turn|7\n|inactive|Time left: 300 sec this turn | 300 sec total\n|\n|t:|1783542163\n|move|p1a: Medicham|Close Combat|p2a: Meloetta\n|-damage|p2a: Meloetta|81/298\n|-unboost|p1a: Medicham|def|1\n|-unboost|p1a: Medicham|spd|1\n|move|p2a: Meloetta|Psyshock|p1a: Medicham\n|-damage|p1a: Medicham|0 fnt\n|faint|p1a: Medicham\n|\n|upkeep\n|\n|t:|1783542164\n|switch|p1a: Kingdra|Kingdra, L84, F|100/100\n|turn|8\n|inactive|Time left: 300 sec this turn | 300 sec total\n|\n|t:|1783542165\n|move|p2a: Meloetta|Psyshock|p1a: Kingdra\n|-damage|p1a: Kingdra|48/100\n|move|p1a: Kingdra|Dragon Dance|p1a: Kingdra\n|-boost|p1a: Kingdra|atk|1\n|-boost|p1a: Kingdra|spe|1\n|\n|upkeep\n|turn|9\n|inactive|Time left: 300 sec this turn | 300 sec total\n|\n|t:|1783542166\n|switch|p2a: Reshiram|Reshiram, L76|25/277\n|-ability|p2a: Reshiram|Turboblaze\n|move|p1a: Kingdra|Outrage|p2a: Reshiram\n|-supereffective|p2a: Reshiram\n|-damage|p2a: Reshiram|0 fnt\n|faint|p2a: Reshiram\n|\n|upkeep\n|inactive|Time left: 300 sec this turn | 300 sec total | 5 sec grace\n|\n|t:|1783542167\n|switch|p2a: Klawf|Klawf, L90, M|272/272\n|turn|10\n|inactive|Time left: 300 sec this turn | 300 sec total\n|\n|t:|1783542168\n|move|p1a: Kingdra|Outrage|p2a: Klawf|[from] lockedmove\n|-damage|p2a: Klawf|121/272\n|move|p2a: Klawf|Stone Edge|p1a: Kingdra\n|-damage|p1a: Kingdra|0 fnt\n|faint|p1a: Kingdra\n|-damage|p2a: Klawf|94/272|[from] item: Life Orb\n|\n|upkeep\n|\n|t:|1783542169\n|switch|p1a: Groudon|Groudon, L72|100/100\n|-weather|SunnyDay|[from] ability: Drought|[of] p1a: Groudon\n|turn|11\n|inactive|Time left: 300 sec this turn | 300 sec total\n|\n|t:|1783542170\n|switch|p2a: Magcargo|Magcargo, L95, F|118/268\n|move|p1a: Groudon|Swords Dance|p1a: Groudon\n|-boost|p1a: Groudon|atk|2\n|\n|-weather|SunnyDay|[upkeep]\n|upkeep\n|turn|12\n|inactive|Time left: 300 sec this turn | 300 sec total\n|\n|t:|1783542171\n|-terastallize|p2a: Magcargo|Grass\n|move|p1a: Groudon|Precipice Blades|p2a: Magcargo\n|-resisted|p2a: Magcargo\n|-damage|p2a: Magcargo|32/268\n|-ability|p2a: Magcargo|Weak Armor|boost\n|-unboost|p2a: Magcargo|def|1\n|-boost|p2a: Magcargo|spe|2\n|move|p2a: Magcargo|Fire Blast|p1a: Groudon\n|-crit|p1a: Groudon\n|-damage|p1a: Groudon|0 fnt\n|faint|p1a: Groudon\n|\n|-weather|SunnyDay|[upkeep]\n|upkeep\n|\n|t:|1783542172\n|switch|p1a: Klawf|Klawf, L90, M|100/100\n|turn|13\n|inactive|Time left: 300 sec this turn | 300 sec total\n|\n|t:|1783542173\n|move|p2a: Magcargo|Earth Power|p1a: Klawf\n|-supereffective|p1a: Klawf\n|-damage|p1a: Klawf|28/100\n|-ability|p1a: Klawf|Anger Shell|boost\n|-boost|p1a: Klawf|atk|1\n|-boost|p1a: Klawf|spa|1\n|-boost|p1a: Klawf|spe|1\n|-unboost|p1a: Klawf|def|1\n|-unboost|p1a: Klawf|spd|1\n|move|p1a: Klawf|Knock Off|p2a: Magcargo\n|-damage|p2a: Magcargo|0 fnt\n|-enditem|p2a: Magcargo|Heavy-Duty Boots|[from] move: Knock Off|[of] p1a: Klawf\n|faint|p2a: Magcargo\n|\n|-weather|SunnyDay|[upkeep]\n|upkeep\n|inactive|Time left: 300 sec this turn | 300 sec total | 5 sec grace\n|\n|t:|1783542174\n|switch|p2a: Dudunsparce|Dudunsparce-Three-Segment, L83, M|343/343\n|turn|14\n|inactive|Time left: 300 sec this turn | 300 sec total\n|\n|t:|1783542175\n|move|p1a: Klawf|Stone Edge|p2a: Dudunsparce\n|-damage|p2a: Dudunsparce|124/343\n|move|p2a: Dudunsparce|Shadow Ball|p1a: Klawf\n|-damage|p1a: Klawf|0 fnt\n|faint|p1a: Klawf\n|\n|win|p0y223792a", "uploadtime": 1783542175, "views": 0, "rating": 0, "private": 0, "password": null, "_winner": "p0y223792a", "_our_name": "p0y223792a"}