{"id": "battle-gen9randombattle-83", "formatid": "gen9randombattle", "format": "[Gen 9] Random Battle", "players": ["p0x083240b", "p0y0832c10"], "log": "|init|battle\n|title|p0x083240b vs. p0y0832c10\n|j|\u2606p0x083240b\n|j|\u2606p0y0832c10\n|t:|1783534191\n|gametype|singles\n|player|p1|p0x083240b|102|\n|player|p2|p0y0832c10|102|\n|gen|9\n|tier|[Gen 9] Random Battle\n|rule|Species Clause: Limit one of each Pok\u00e9mon\n|rule|HP Percentage Mod: HP is shown in percentages\n|rule|Sleep Clause Mod: Limit one foe put to sleep\n|rule|Illusion Level Mod: Illusion disguises the Pok\u00e9mon's true level\n|\n|t:|1783534191\n|teamsize|p1|6\n|teamsize|p2|6\n|start\n|switch|p1a: Vikavolt|Vikavolt, L83, F|219/219\n|switch|p2a: Slither Wing|Slither Wing, L81|100/100\n|turn|1\n|inactive|Battle timer is ON: inactive players will automatically lose when time's up. (requested by p0x083240b)\n|\n|t:|1783534192\n|move|p1a: Vikavolt|Bitter Malice|p2a: Slither Wing\n|-damage|p2a: Slither Wing|56/100\n|-unboost|p2a: Slither Wing|atk|1\n|move|p2a: Slither Wing|Flare Blitz|p1a: Vikavolt\n|-damage|p1a: Vikavolt|102/219\n|replace|p1a: Zoroark|Zoroark-Hisui, L80, F\n|-end|p1a: Zoroark|Illusion\n|-hint|Illusion Level Mod is active, so this Pok\u00e9mon's true level was hidden.\n|-damage|p2a: Slither Wing|42/100|[from] Recoil\n|-damage|p2a: Slither Wing|32/100|[from] item: Life Orb\n|\n|upkeep\n|turn|2\n|inactive|Time left: 300 sec this turn | 300 sec total\n|inactive|p0y0832c10 also wants the timer to be on.\n|\n|t:|1783534194\n|-end|p2a: Slither Wing|Protosynthesis|[silent]\n|switch|p2a: Lapras|Lapras, L87, F|100/100\n|move|p1a: Zoroark|Bitter Malice|p2a: Lapras\n|-damage|p2a: Lapras|67/100\n|-unboost|p2a: Lapras|atk|1\n|\n|upkeep\n|turn|3\n|inactive|Time left: 300 sec this turn | 300 sec total\n|\n|t:|1783534195\n|move|p1a: Zoroark|Bitter Malice|p2a: Lapras\n|-damage|p2a: Lapras|35/100\n|-unboost|p2a: Lapras|atk|1\n|move|p2a: Lapras|Sparkling Aria|p1a: Zoroark\n|-damage|p1a: Zoroark|0 fnt\n|faint|p1a: Zoroark\n|\n|upkeep\n|inactive|Time left: 300 sec this turn | 300 sec total | 5 sec grace\n|\n|t:|1783534196\n|switch|p1a: Vikavolt|Vikavolt, L83, F|263/263\n|turn|4\n|inactive|Time left: 300 sec this turn | 300 sec total\n|\n|t:|1783534198\n|move|p2a: Lapras|Sparkling Aria|p1a: Vikavolt\n|-damage|p1a: Vikavolt|115/263\n|move|p1a: Vikavolt|Sticky Web|p2a: Lapras\n|-sidestart|p2: p0y0832c10|move: Sticky Web\n|\n|upkeep\n|turn|5\n|inactive|Time left: 300 sec this turn | 300 sec total\n|\n|t:|1783534199\n|move|p2a: Lapras|Sparkling Aria|p1a: Vikavolt\n|-damage|p1a: Vikavolt|0 fnt\n|faint|p1a: Vikavolt\n|\n|upkeep\n|inactive|Time left: 300 sec this turn | 300 sec total | 5 sec grace\n|\n|t:|1783534200\n|switch|p1a: Sandy Shocks|Sandy Shocks, L80|267/267\n|turn|6\n|inactive|Time left: 300 sec this turn | 300 sec total\n|\n|t:|1783534201\n|move|p1a: Sandy Shocks|Thunderbolt|p2a: Lapras\n|-supereffective|p2a: Lapras\n|-damage|p2a: Lapras|0 fnt\n|faint|p2a: Lapras\n|\n|upkeep\n|\n|t:|1783534202\n|switch|p2a: Rhydon|Rhydon, L85, F|100/100\n|-activate|p2a: Rhydon|move: Sticky Web\n|-unboost|p2a: Rhydon|spe|1\n|turn|7\n|inactive|Time left: 300 sec this turn | 300 sec total\n|\n|t:|1783534203\n|move|p1a: Sandy Shocks|Earth Power|p2a: Rhydon\n|-supereffective|p2a: Rhydon\n|-damage|p2a: Rhydon|32/100\n|move|p2a: Rhydon|Earthquake|p1a: Sandy Shocks\n|-supereffective|p1a: Sandy Shocks\n|-damage|p1a: Sandy Shocks|13/267\n|\n|-heal|p1a: Sandy Shocks|29/267|[from] item: Leftovers\n|upkeep\n|turn|8\n|inactive|Time left: 300 sec this turn | 300 sec total\n|\n|t:|1783534205\n|switch|p2a: Latios|Latios, L78, M|100/100\n|move|p1a: Sandy Shocks|Earth Power|p2a: Latios\n|-immune|p2a: Latios|[from] ability: Levitate\n|\n|-heal|p1a: Sandy Shocks|45/267|[from] item: Leftovers\n|upkeep\n|turn|9\n|inactive|Time left: 300 sec this turn | 300 sec total\n|\n|t:|1783534206\n|-end|p1a: Sandy Shocks|Protosynthesis|[silent]\n|switch|p1a: Cryogonal|Cryogonal, L89|287/287\n|move|p2a: Latios|Psyshock|p1a: Cryogonal\n|-damage|p1a: Cryogonal|128/287\n|\n|upkeep\n|turn|10\n|inactive|Time left: 300 sec this turn | 300 sec total\n|\n|t:|1783534207\n|move|p1a: Cryogonal|Recover|p1a: Cryogonal\n|-heal|p1a: Cryogonal|272/287\n|move|p2a: Latios|Psyshock|p1a: Cryogonal\n|-damage|p1a: Cryogonal|122/287\n|\n|upkeep\n|turn|11\n|inactive|Time left: 300 sec this turn | 300 sec total\n|\n|t:|1783534208\n|move|p1a: Cryogonal|Recover|p1a: Cryogonal\n|-heal|p1a: Cryogonal|266/287\n|move|p2a: Latios|Psyshock|p1a: Cryogonal\n|-damage|p1a: Cryogonal|119/287\n|\n|upkeep\n|turn|12\n|inactive|Time left: 300 sec this turn | 300 sec total\n|\n|t:|1783534209\n|move|p1a: Cryogonal|Recover|p1a: Cryogonal\n|-heal|p1a: Cryogonal|263/287\n|move|p2a: Latios|Psyshock|p1a: Cryogonal\n|-damage|p1a: Cryogonal|92/287\n|\n|upkeep\n|turn|13\n|inactive|Time left: 300 sec this turn | 300 sec total\n|\n|t:|1783534210\n|move|p1a: Cryogonal|Recover|p1a: Cryogonal\n|-heal|p1a: Cryogonal|236/287\n|move|p2a: Latios|Psyshock|p1a: Cryogonal\n|-crit|p1a: Cryogonal\n|-damage|p1a: Cryogonal|7/287\n|\n|upkeep\n|turn|14\n|inactive|Time left: 300 sec this turn | 300 sec total\n|\n|t:|1783534211\n|move|p1a: Cryogonal|Freeze-Dry|p2a: Latios\n|-supereffective|p2a: Latios\n|-damage|p2a: Latios|45/100\n|move|p2a: Latios|Psyshock|p1a: Cryogonal\n|-damage|p1a: Cryogonal|0 fnt\n|faint|p1a: Cryogonal\n|\n|upkeep\n|inactive|Time left: 300 sec this turn | 300 sec total | 5 sec grace\n|\n|t:|1783534212\n|switch|p1a: Qwilfish|Qwilfish, L86, F|252/252\n|-ability|p1a: Qwilfish|Intimidate|boost\n|-unboost|p2a: Latios|atk|1\n|turn|15\n|inactive|Time left: 300 sec this turn | 300 sec total\n|\n|t:|1783534214\n|move|p2a: Latios|Psyshock|p1a: Qwilfish\n|-supereffective|p1a: Qwilfish\n|-damage|p1a: Qwilfish|10/252\n|move|p1a: Qwilfish|Gunk Shot|p2a: Latios|[miss]\n|-miss|p1a: Qwilfish|p2a: Latios\n|\n|-heal|p1a: Qwilfish|25/252|[from] item: Leftovers\n|upkeep\n|turn|16\n|inactive|Time left: 300 sec this turn | 300 sec total\n|\n|t:|1783534215\n|move|p2a: Latios|Psyshock|p1a: Qwilfish\n|-supereffective|p1a: Qwilfish\n|-damage|p1a: Qwilfish|0 fnt\n|faint|p1a: Qwilfish\n|\n|upkeep\n|inactive|Time left: 300 sec this turn | 300 sec total | 5 sec grace\n|\n|t:|1783534216\n|switch|p1a: Amoonguss|Amoonguss, L82, F|321/321\n|turn|17\n|inactive|Time left: 300 sec this turn | 300 sec total\n|\n|t:|1783534217\n|move|p2a: Latios|Psyshock|p1a: Amoonguss\n|-supereffective|p1a: Amoonguss\n|-damage|p1a: Amoonguss|33/321\n|move|p1a: Amoonguss|Spore|p2a: Latios\n|-status|p2a: Latios|slp|[from] move: Spore\n|\n|upkeep\n|turn|18\n|inactive|Time left: 300 sec this turn | 300 sec total\n|\n|t:|1783534218\n|switch|p2a: Slither Wing|Slither Wing, L81|32/100\n|-activate|p2a: Slither Wing|move: Sticky Web\n|-unboost|p2a: Slither Wing|spe|1\n|switch|p1a: Sandy Shocks|Sandy Shocks, L80|45/267\n|\n|-heal|p1a: Sandy Shocks|61/267|[from] item: Leftovers\n|upkeep\n|turn|19\n|inactive|Time left: 300 sec this turn | 300 sec total\n|\n|t:|1783534219\n|-end|p1a: Sandy Shocks|Protosynthesis|[silent]\n|switch|p1a: Amoonguss|Amoonguss, L82, F|140/321\n|move|p2a: Slither Wing|First Impression|p1a: Amoonguss\n|-damage|p1a: Amoonguss|0 fnt\n|-damage|p2a: Slither Wing|15/100|[from] item: Rocky Helmet|[of] p1a: Amoonguss\n|faint|p1a: Amoonguss\n|-damage|p2a: Slither Wing|5/100|[from] item: Life Orb\n|\n|upkeep\n|inactive|Time left: 300 sec this turn | 300 sec total | 5 sec grace\n|\n|t:|1783534220\n|switch|p1a: Sandy Shocks|Sandy Shocks, L80|61/267\n|turn|20\n|inactive|Time left: 300 sec this turn | 300 sec total\n|\n|t:|1783534221\n|move|p1a: Sandy Shocks|Earth Power|p2a: Slither Wing\n|-resisted|p2a: Slither Wing\n|-damage|p2a: Slither Wing|0 fnt\n|faint|p2a: Slither Wing\n|-end|p2a: Slither Wing|Protosynthesis|[silent]\n|\n|-heal|p1a: Sandy Shocks|77/267|[from] item: Leftovers\n|upkeep\n|\n|t:|1783534222\n|switch|p2a: Delphox|Delphox, L84, M|100/100\n|-activate|p2a: Delphox|move: Sticky Web\n|-unboost|p2a: Delphox|spe|1\n|turn|21\n|inactive|Time left: 300 sec this turn | 300 sec total\n|\n|t:|1783534223\n|-terastallize|p1a: Sandy Shocks|Electric\n|-terastallize|p2a: Delphox|Fighting\n|move|p1a: Sandy Shocks|Earth Power|p2a: Delphox\n|-damage|p2a: Delphox|61/100\n|move|p2a: Delphox|Psyshock|p1a: Sandy Shocks\n|-damage|p1a: Sandy Shocks|0 fnt\n|faint|p1a: Sandy Shocks\n|-end|p1a: Sandy Shocks|Protosynthesis|[silent]\n|\n|win|p0y0832c10", "uploadtime": 1783534223, "views": 0, "rating": 0, "private": 0, "password": null, "_winner": "p0y0832c10", "_our_name": "p0x083240b"}