{"id": "battle-gen9randombattle-948", "formatid": "gen9randombattle", "format": "[Gen 9] Random Battle", "players": ["p0x9487da1", "p0y948d14a"], "log": "|init|battle\n|title|p0x9487da1 vs. p0y948d14a\n|j|\u2606p0x9487da1\n|j|\u2606p0y948d14a\n|t:|1783550869\n|gametype|singles\n|player|p1|p0x9487da1|170|\n|player|p2|p0y948d14a|265|\n|gen|9\n|tier|[Gen 9] Random Battle\n|rule|Species Clause: Limit one of each Pok\u00e9mon\n|rule|HP Percentage Mod: HP is shown in percentages\n|rule|Sleep Clause Mod: Limit one foe put to sleep\n|rule|Illusion Level Mod: Illusion disguises the Pok\u00e9mon's true level\n|\n|t:|1783550869\n|teamsize|p1|6\n|teamsize|p2|6\n|start\n|switch|p1a: Groudon|Groudon, L72|263/263\n|switch|p2a: Passimian|Passimian, L83, F|100/100\n|-weather|SunnyDay|[from] ability: Drought|[of] p1a: Groudon\n|turn|1\n|inactive|Battle timer is ON: inactive players will automatically lose when time's up. (requested by p0y948d14a)\n|inactive|Time left: 300 sec this turn | 300 sec total | 60 sec grace\n|inactive|p0x9487da1 also wants the timer to be on.\n|\n|t:|1783550871\n|move|p2a: Passimian|Close Combat|p1a: Groudon\n|-damage|p1a: Groudon|142/263\n|-unboost|p2a: Passimian|def|1\n|-unboost|p2a: Passimian|spd|1\n|move|p1a: Groudon|Swords Dance|p1a: Groudon\n|-boost|p1a: Groudon|atk|2\n|\n|-weather|SunnyDay|[upkeep]\n|-heal|p1a: Groudon|158/263|[from] item: Leftovers\n|upkeep\n|turn|2\n|inactive|Time left: 300 sec this turn | 300 sec total\n|\n|t:|1783550872\n|-terastallize|p2a: Passimian|Fighting\n|move|p2a: Passimian|Close Combat|p1a: Groudon\n|-damage|p1a: Groudon|0 fnt\n|-unboost|p2a: Passimian|def|1\n|-unboost|p2a: Passimian|spd|1\n|faint|p1a: Groudon\n|\n|-weather|SunnyDay|[upkeep]\n|upkeep\n|inactive|Time left: 300 sec this turn | 300 sec total | 5 sec grace\n|\n|t:|1783550872\n|switch|p1a: Reuniclus|Reuniclus, L88, F|337/337\n|turn|3\n|inactive|Time left: 300 sec this turn | 300 sec total\n|\n|t:|1783550874\n|switch|p2a: Mew|Mew, L82|100/100\n|move|p1a: Reuniclus|Psychic|p2a: Mew\n|-resisted|p2a: Mew\n|-damage|p2a: Mew|74/100\n|\n|-weather|SunnyDay|[upkeep]\n|upkeep\n|turn|4\n|inactive|Time left: 300 sec this turn | 300 sec total\n|\n|t:|1783550875\n|move|p2a: Mew|Swords Dance|p2a: Mew\n|-boost|p2a: Mew|atk|2\n|move|p1a: Reuniclus|Psychic|p2a: Mew\n|-resisted|p2a: Mew\n|-damage|p2a: Mew|51/100\n|\n|-weather|SunnyDay|[upkeep]\n|upkeep\n|turn|5\n|inactive|Time left: 300 sec this turn | 300 sec total\n|\n|t:|1783550877\n|-terastallize|p1a: Reuniclus|Steel\n|move|p2a: Mew|Knock Off|p1a: Reuniclus\n|-damage|p1a: Reuniclus|164/337\n|-enditem|p1a: Reuniclus|Life Orb|[from] move: Knock Off|[of] p2a: Mew\n|-damage|p2a: Mew|41/100|[from] item: Life Orb\n|move|p1a: Reuniclus|Psychic|p2a: Mew\n|-resisted|p2a: Mew\n|-crit|p2a: Mew\n|-damage|p2a: Mew|13/100\n|\n|-weather|none\n|upkeep\n|turn|6\n|inactive|Time left: 300 sec this turn | 300 sec total\n|\n|t:|1783550879\n|move|p2a: Mew|Close Combat|p1a: Reuniclus\n|-supereffective|p1a: Reuniclus\n|-crit|p1a: Reuniclus\n|-damage|p1a: Reuniclus|0 fnt\n|-unboost|p2a: Mew|def|1\n|-unboost|p2a: Mew|spd|1\n|faint|p1a: Reuniclus\n|-damage|p2a: Mew|3/100|[from] item: Life Orb\n|\n|upkeep\n|inactive|Time left: 300 sec this turn | 300 sec total | 5 sec grace\n|\n|t:|1783550880\n|switch|p1a: Latios|Latios, L78, M|253/253\n|turn|7\n|inactive|Time left: 300 sec this turn | 300 sec total\n|\n|t:|1783550881\n|move|p1a: Latios|Psyshock|p2a: Mew\n|-resisted|p2a: Mew\n|-damage|p2a: Mew|0 fnt\n|faint|p2a: Mew\n|\n|upkeep\n|\n|t:|1783550882\n|switch|p2a: Diancie|Diancie, L82|100/100\n|turn|8\n|inactive|Time left: 300 sec this turn | 300 sec total\n|\n|t:|1783550883\n|switch|p1a: Clawitzer|Clawitzer, L87, F|265/265\n|move|p2a: Diancie|Diamond Storm|p1a: Clawitzer\n|-damage|p1a: Clawitzer|166/265\n|-boost|p2a: Diancie|def|2\n|\n|upkeep\n|turn|9\n|inactive|Time left: 300 sec this turn | 300 sec total\n|\n|t:|1783550884\n|switch|p2a: Toedscruel|Toedscruel, L87, M|100/100\n|move|p1a: Clawitzer|Water Pulse|p2a: Toedscruel\n|-damage|p2a: Toedscruel|68/100\n|\n|upkeep\n|turn|10\n|inactive|Time left: 300 sec this turn | 300 sec total\n|\n|t:|1783550886\n|move|p2a: Toedscruel|Giga Drain|p1a: Clawitzer\n|-supereffective|p1a: Clawitzer\n|-damage|p1a: Clawitzer|14/265\n|-heal|p2a: Toedscruel|95/100|[from] drain|[of] p1a: Clawitzer\n|move|p1a: Clawitzer|Water Pulse|p2a: Toedscruel\n|-damage|p2a: Toedscruel|65/100\n|\n|upkeep\n|turn|11\n|inactive|Time left: 300 sec this turn | 300 sec total\n|\n|t:|1783550887\n|switch|p1a: Glalie|Glalie, L96, F|309/309\n|move|p2a: Toedscruel|Knock Off|p1a: Glalie\n|-crit|p1a: Glalie\n|-damage|p1a: Glalie|232/309\n|-enditem|p1a: Glalie|Heavy-Duty Boots|[from] move: Knock Off|[of] p2a: Toedscruel\n|\n|upkeep\n|turn|12\n|inactive|Time left: 300 sec this turn | 300 sec total\n|\n|t:|1783550888\n|switch|p2a: Diancie|Diancie, L82|100/100\n|move|p1a: Glalie|Freeze-Dry|p2a: Diancie\n|-damage|p2a: Diancie|74/100\n|\n|-heal|p2a: Diancie|80/100|[from] item: Leftovers\n|upkeep\n|turn|13\n|inactive|Time left: 300 sec this turn | 300 sec total\n|\n|t:|1783550889\n|move|p1a: Glalie|Earthquake|p2a: Diancie\n|-supereffective|p2a: Diancie\n|-damage|p2a: Diancie|31/100\n|move|p2a: Diancie|Diamond Storm|p1a: Glalie\n|-supereffective|p1a: Glalie\n|-damage|p1a: Glalie|26/309\n|-boost|p2a: Diancie|def|2\n|\n|-heal|p2a: Diancie|37/100|[from] item: Leftovers\n|upkeep\n|turn|14\n|inactive|Time left: 300 sec this turn | 300 sec total\n|\n|t:|1783550890\n|move|p1a: Glalie|Freeze-Dry|p2a: Diancie\n|-damage|p2a: Diancie|10/100\n|move|p2a: Diancie|Draining Kiss|p1a: Glalie\n|-damage|p1a: Glalie|0 fnt\n|-heal|p2a: Diancie|19/100|[from] drain|[of] p1a: Glalie\n|faint|p1a: Glalie\n|\n|-heal|p2a: Diancie|25/100|[from] item: Leftovers\n|upkeep\n|inactive|Time left: 300 sec this turn | 300 sec total | 5 sec grace\n|\n|t:|1783550891\n|switch|p1a: Clawitzer|Clawitzer, L87, F|14/265\n|turn|15\n|inactive|Time left: 300 sec this turn | 300 sec total\n|\n|t:|1783550892\n|switch|p2a: Tentacruel|Tentacruel, L84, M|100/100\n|move|p1a: Clawitzer|Water Pulse|p2a: Tentacruel\n|-resisted|p2a: Tentacruel\n|-damage|p2a: Tentacruel|74/100\n|\n|-heal|p2a: Tentacruel|81/100|[from] item: Leftovers\n|upkeep\n|turn|16\n|inactive|Time left: 300 sec this turn | 300 sec total\n|\n|t:|1783550893\n|move|p2a: Tentacruel|Flip Turn|p1a: Clawitzer\n|-resisted|p1a: Clawitzer\n|-damage|p1a: Clawitzer|0 fnt\n|faint|p1a: Clawitzer\n|\n|t:|1783550894\n|switch|p2a: Passimian|Passimian, L83, F, tera:Fighting|100/100|[from] Flip Turn\n|\n|upkeep\n|inactive|Time left: 300 sec this turn | 300 sec total | 10 sec grace\n|\n|t:|1783550895\n|switch|p1a: Latios|Latios, L78, M|253/253\n|turn|17\n|inactive|Time left: 300 sec this turn | 300 sec total\n|\n|t:|1783550896\n|move|p2a: Passimian|Knock Off|p1a: Latios\n|-supereffective|p1a: Latios\n|-damage|p1a: Latios|75/253\n|-enditem|p1a: Latios|Soul Dew|[from] move: Knock Off|[of] p2a: Passimian\n|move|p1a: Latios|Psyshock|p2a: Passimian\n|-supereffective|p2a: Passimian\n|-damage|p2a: Passimian|35/100\n|\n|upkeep\n|turn|18\n|inactive|Time left: 300 sec this turn | 300 sec total\n|\n|t:|1783550897\n|move|p2a: Passimian|Knock Off|p1a: Latios\n|-supereffective|p1a: Latios\n|-damage|p1a: Latios|0 fnt\n|faint|p1a: Latios\n|\n|upkeep\n|inactive|Time left: 300 sec this turn | 300 sec total | 5 sec grace\n|\n|t:|1783550898\n|switch|p1a: Cloyster|Cloyster, L80, M|211/211\n|turn|19\n|inactive|Time left: 300 sec this turn | 300 sec total\n|\n|t:|1783550899\n|switch|p2a: Probopass|Probopass, L91, M|100/100\n|move|p1a: Cloyster|Shell Smash|p1a: Cloyster\n|-unboost|p1a: Cloyster|def|1\n|-unboost|p1a: Cloyster|spd|1\n|-boost|p1a: Cloyster|atk|2\n|-boost|p1a: Cloyster|spa|2\n|-boost|p1a: Cloyster|spe|2\n|-enditem|p1a: Cloyster|White Herb\n|-clearnegativeboost|p1a: Cloyster|[silent]\n|\n|upkeep\n|turn|20\n|inactive|Time left: 300 sec this turn | 300 sec total\n|\n|t:|1783550900\n|move|p1a: Cloyster|Drill Run|p2a: Probopass\n|-supereffective|p2a: Probopass\n|-damage|p2a: Probopass|1/100\n|move|p2a: Probopass|Power Gem|p1a: Cloyster\n|-supereffective|p1a: Cloyster\n|-damage|p1a: Cloyster|0 fnt\n|faint|p1a: Cloyster\n|\n|win|p0y948d14a", "uploadtime": 1783550900, "views": 0, "rating": 0, "private": 0, "password": null, "_winner": "p0y948d14a", "_our_name": "p0x9487da1"}