{"id": "battle-gen9randombattle-385", "formatid": "gen9randombattle", "format": "[Gen 9] Random Battle", "players": ["p0x3853285", "p0y385e8c5"], "log": "|init|battle\n|title|p0x3853285 vs. p0y385e8c5\n|j|\u2606p0x3853285\n|j|\u2606p0y385e8c5\n|t:|1783544107\n|gametype|singles\n|player|p1|p0x3853285|101|\n|player|p2|p0y385e8c5|1|\n|gen|9\n|tier|[Gen 9] Random Battle\n|rule|Species Clause: Limit one of each Pok\u00e9mon\n|rule|HP Percentage Mod: HP is shown in percentages\n|rule|Sleep Clause Mod: Limit one foe put to sleep\n|rule|Illusion Level Mod: Illusion disguises the Pok\u00e9mon's true level\n|\n|t:|1783544107\n|teamsize|p1|6\n|teamsize|p2|6\n|start\n|switch|p1a: Porygon2|Porygon2, L81|100/100\n|switch|p2a: Deoxys|Deoxys, L74|196/196\n|-ability|p2a: Deoxys|Pressure\n|-ability|p1a: Porygon2|Download|boost\n|-boost|p1a: Porygon2|spa|1\n|turn|1\n|inactive|Battle timer is ON: inactive players will automatically lose when time's up. (requested by p0x3853285)\n|inactive|Time left: 300 sec this turn | 300 sec total | 60 sec grace\n|\n|t:|1783544109\n|switch|p2a: Diancie|Diancie, L82|216/216\n|move|p1a: Porygon2|Tri Attack|p2a: Diancie\n|-resisted|p2a: Diancie\n|-damage|p2a: Diancie|175/216\n|\n|-heal|p2a: Diancie|188/216|[from] item: Leftovers\n|upkeep\n|turn|2\n|inactive|Time left: 300 sec this turn | 300 sec total\n|inactive|p0y385e8c5 also wants the timer to be on.\n|\n|t:|1783544110\n|move|p1a: Porygon2|Discharge|p2a: Diancie\n|-damage|p2a: Diancie|136/216\n|-status|p2a: Diancie|par\n|cant|p2a: Diancie|par\n|\n|-heal|p2a: Diancie|149/216 par|[from] item: Leftovers\n|upkeep\n|turn|3\n|inactive|Time left: 300 sec this turn | 300 sec total\n|\n|t:|1783544112\n|move|p1a: Porygon2|Discharge|p2a: Diancie\n|-damage|p2a: Diancie|96/216 par\n|move|p2a: Diancie|Rock Polish|p2a: Diancie\n|-boost|p2a: Diancie|spe|2\n|\n|-heal|p2a: Diancie|109/216 par|[from] item: Leftovers\n|upkeep\n|turn|4\n|inactive|Time left: 300 sec this turn | 300 sec total\n|\n|t:|1783544113\n|move|p1a: Porygon2|Ice Beam|p2a: Diancie\n|-damage|p2a: Diancie|43/216 par\n|cant|p2a: Diancie|par\n|\n|-heal|p2a: Diancie|56/216 par|[from] item: Leftovers\n|upkeep\n|turn|5\n|inactive|Time left: 300 sec this turn | 300 sec total\n|\n|t:|1783544114\n|move|p1a: Porygon2|Ice Beam|p2a: Diancie\n|-damage|p2a: Diancie|0 fnt\n|faint|p2a: Diancie\n|\n|upkeep\n|inactive|Time left: 300 sec this turn | 300 sec total | 5 sec grace\n|\n|t:|1783544115\n|switch|p2a: Glalie|Glalie, L96, F|309/309\n|turn|6\n|inactive|Time left: 300 sec this turn | 300 sec total\n|\n|t:|1783544116\n|move|p2a: Glalie|Spikes|p1a: Porygon2\n|-sidestart|p1: p0x3853285|Spikes\n|move|p1a: Porygon2|Tri Attack|p2a: Glalie\n|-damage|p2a: Glalie|192/309\n|-status|p2a: Glalie|brn\n|\n|-damage|p2a: Glalie|173/309 brn|[from] brn\n|upkeep\n|turn|7\n|inactive|Time left: 300 sec this turn | 300 sec total\n|\n|t:|1783544117\n|move|p2a: Glalie|Spikes|p1a: Porygon2\n|-sidestart|p1: p0x3853285|Spikes\n|move|p1a: Porygon2|Discharge|p2a: Glalie\n|-damage|p2a: Glalie|95/309 brn\n|\n|-damage|p2a: Glalie|76/309 brn|[from] brn\n|upkeep\n|turn|8\n|inactive|Time left: 300 sec this turn | 300 sec total\n|\n|t:|1783544119\n|move|p2a: Glalie|Freeze-Dry|p1a: Porygon2\n|-damage|p1a: Porygon2|82/100\n|move|p1a: Porygon2|Tri Attack|p2a: Glalie\n|-damage|p2a: Glalie|0 fnt\n|faint|p2a: Glalie\n|\n|upkeep\n|inactive|Time left: 300 sec this turn | 300 sec total | 5 sec grace\n|\n|t:|1783544120\n|switch|p2a: Slither Wing|Slither Wing, L81|270/270\n|turn|9\n|inactive|Time left: 300 sec this turn | 300 sec total\n|\n|t:|1783544121\n|move|p2a: Slither Wing|Close Combat|p1a: Porygon2\n|-supereffective|p1a: Porygon2\n|-damage|p1a: Porygon2|1/100\n|-unboost|p2a: Slither Wing|def|1\n|-unboost|p2a: Slither Wing|spd|1\n|move|p1a: Porygon2|Discharge|p2a: Slither Wing\n|-damage|p2a: Slither Wing|164/270\n|\n|upkeep\n|turn|10\n|inactive|Time left: 300 sec this turn | 300 sec total\n|\n|t:|1783544122\n|move|p2a: Slither Wing|U-turn|p1a: Porygon2\n|-damage|p1a: Porygon2|0 fnt\n|faint|p1a: Porygon2\n|inactive|Time left: 300 sec this turn | 300 sec total | 5 sec grace\n|\n|t:|1783544123\n|-end|p2a: Slither Wing|Protosynthesis|[silent]\n|switch|p2a: Torterra|Torterra, L78, M|276/276|[from] U-turn\n|\n|upkeep\n|\n|t:|1783544124\n|switch|p1a: Shiftry|Shiftry, L89, M|100/100\n|-damage|p1a: Shiftry|84/100|[from] Spikes\n|turn|11\n|inactive|Time left: 300 sec this turn | 300 sec total\n|\n|t:|1783544126\n|move|p1a: Shiftry|Swords Dance|p1a: Shiftry\n|-boost|p1a: Shiftry|atk|2\n|move|p2a: Torterra|Shell Smash|p2a: Torterra\n|-unboost|p2a: Torterra|def|1\n|-unboost|p2a: Torterra|spd|1\n|-boost|p2a: Torterra|atk|2\n|-boost|p2a: Torterra|spa|2\n|-boost|p2a: Torterra|spe|2\n|\n|upkeep\n|turn|12\n|inactive|Time left: 300 sec this turn | 300 sec total\n|\n|t:|1783544127\n|move|p2a: Torterra|Shell Smash|p2a: Torterra\n|-unboost|p2a: Torterra|def|1\n|-unboost|p2a: Torterra|spd|1\n|-boost|p2a: Torterra|atk|2\n|-boost|p2a: Torterra|spa|2\n|-boost|p2a: Torterra|spe|2\n|move|p1a: Shiftry|Knock Off|p2a: Torterra\n|-damage|p2a: Torterra|0 fnt\n|-enditem|p2a: Torterra|Loaded Dice|[from] move: Knock Off|[of] p1a: Shiftry\n|faint|p2a: Torterra\n|-damage|p1a: Shiftry|74/100|[from] item: Life Orb\n|\n|upkeep\n|inactive|Time left: 300 sec this turn | 300 sec total | 5 sec grace\n|\n|t:|1783544128\n|switch|p2a: Slither Wing|Slither Wing, L81|164/270\n|turn|13\n|inactive|Time left: 300 sec this turn | 300 sec total\n|\n|t:|1783544129\n|-terastallize|p1a: Shiftry|Dark\n|move|p1a: Shiftry|Knock Off|p2a: Slither Wing\n|-resisted|p2a: Slither Wing\n|-damage|p2a: Slither Wing|0 fnt\n|-enditem|p2a: Slither Wing|Heavy-Duty Boots|[from] move: Knock Off|[of] p1a: Shiftry\n|faint|p2a: Slither Wing\n|-end|p2a: Slither Wing|Protosynthesis|[silent]\n|-damage|p1a: Shiftry|64/100|[from] item: Life Orb\n|\n|upkeep\n|inactive|Time left: 300 sec this turn | 300 sec total | 5 sec grace\n|\n|t:|1783544130\n|switch|p2a: Deoxys|Deoxys, L74|196/196\n|-ability|p2a: Deoxys|Pressure\n|turn|14\n|inactive|Time left: 300 sec this turn | 300 sec total\n|\n|t:|1783544131\n|switch|p2a: Regieleki|Regieleki, L79|256/256\n|move|p1a: Shiftry|Sucker Punch||[still]\n|-fail|p1a: Shiftry\n|\n|upkeep\n|turn|15\n|inactive|Time left: 300 sec this turn | 300 sec total\n|\n|t:|1783544132\n|switch|p2a: Deoxys|Deoxys, L74|196/196\n|-ability|p2a: Deoxys|Pressure\n|move|p1a: Shiftry|Sucker Punch||[still]\n|-fail|p1a: Shiftry\n|\n|upkeep\n|turn|16\n|inactive|Time left: 300 sec this turn | 300 sec total\n|\n|t:|1783544133\n|switch|p2a: Regieleki|Regieleki, L79|256/256\n|move|p1a: Shiftry|Sucker Punch||[still]\n|-fail|p1a: Shiftry\n|\n|upkeep\n|turn|17\n|inactive|Time left: 300 sec this turn | 300 sec total\n|\n|t:|1783544134\n|switch|p2a: Deoxys|Deoxys, L74|196/196\n|-ability|p2a: Deoxys|Pressure\n|move|p1a: Shiftry|Sucker Punch||[still]\n|-fail|p1a: Shiftry\n|\n|upkeep\n|turn|18\n|inactive|Time left: 300 sec this turn | 300 sec total\n|\n|t:|1783544135\n|move|p1a: Shiftry|Sucker Punch|p2a: Deoxys\n|-supereffective|p2a: Deoxys\n|-damage|p2a: Deoxys|0 fnt\n|faint|p2a: Deoxys\n|-damage|p1a: Shiftry|55/100|[from] item: Life Orb\n|\n|upkeep\n|inactive|Time left: 300 sec this turn | 300 sec total | 5 sec grace\n|\n|t:|1783544136\n|switch|p2a: Regieleki|Regieleki, L79|256/256\n|turn|19\n|inactive|Time left: 300 sec this turn | 300 sec total\n|\n|t:|1783544137\n|-terastallize|p2a: Regieleki|Electric\n|move|p2a: Regieleki|Thunderbolt|p1a: Shiftry\n|-crit|p1a: Shiftry\n|-damage|p1a: Shiftry|0 fnt\n|faint|p1a: Shiftry\n|\n|upkeep\n|\n|t:|1783544138\n|switch|p1a: Zebstrika|Zebstrika, L87, F|100/100\n|-damage|p1a: Zebstrika|84/100|[from] Spikes\n|turn|20\n|inactive|Time left: 300 sec this turn | 300 sec total\n|\n|t:|1783544140\n|move|p2a: Regieleki|Rapid Spin|p1a: Zebstrika\n|-damage|p1a: Zebstrika|69/100\n|-boost|p2a: Regieleki|spe|1\n|move|p1a: Zebstrika|High Horsepower|p2a: Regieleki\n|-supereffective|p2a: Regieleki\n|-damage|p2a: Regieleki|0 fnt\n|faint|p2a: Regieleki\n|-damage|p1a: Zebstrika|59/100|[from] item: Life Orb\n|\n|win|p0x3853285", "uploadtime": 1783544140, "views": 0, "rating": 0, "private": 0, "password": null, "_winner": "p0x3853285", "_our_name": "p0y385e8c5"}