{"id": "battle-gen9randombattle-925", "formatid": "gen9randombattle", "format": "[Gen 9] Random Battle", "players": ["p0x9258c31", "p0y9257ba4"], "log": "|init|battle\n|title|p0x9258c31 vs. p0y9257ba4\n|j|\u2606p0x9258c31\n|j|\u2606p0y9257ba4\n|t:|1783550611\n|gametype|singles\n|player|p1|p0x9258c31|266|\n|player|p2|p0y9257ba4|101|\n|gen|9\n|tier|[Gen 9] Random Battle\n|rule|Species Clause: Limit one of each Pok\u00e9mon\n|rule|HP Percentage Mod: HP is shown in percentages\n|rule|Sleep Clause Mod: Limit one foe put to sleep\n|rule|Illusion Level Mod: Illusion disguises the Pok\u00e9mon's true level\n|\n|t:|1783550611\n|teamsize|p1|6\n|teamsize|p2|6\n|start\n|switch|p1a: Volcarona|Volcarona, L77, F|100/100\n|switch|p2a: Dusknoir|Dusknoir, L89, M|225/225\n|-item|p1a: Volcarona|Heavy-Duty Boots|[from] ability: Frisk|[of] p2a: Dusknoir\n|turn|1\n|inactive|Battle timer is ON: inactive players will automatically lose when time's up. (requested by p0x9258c31)\n|inactive|Time left: 300 sec this turn | 300 sec total | 60 sec grace\n|inactive|p0y9257ba4 also wants the timer to be on.\n|\n|t:|1783550612\n|move|p1a: Volcarona|Quiver Dance|p1a: Volcarona\n|-boost|p1a: Volcarona|spa|1\n|-boost|p1a: Volcarona|spd|1\n|-boost|p1a: Volcarona|spe|1\n|move|p2a: Dusknoir|Poltergeist|p1a: Volcarona\n|-activate|p1a: Volcarona|move: Poltergeist|Heavy-Duty Boots\n|-damage|p1a: Volcarona|15/100\n|-damage|p2a: Dusknoir|203/225|[from] item: Life Orb\n|\n|upkeep\n|turn|2\n|inactive|Time left: 300 sec this turn | 300 sec total\n|\n|t:|1783550614\n|move|p2a: Dusknoir|Shadow Sneak|p1a: Volcarona\n|-damage|p1a: Volcarona|0 fnt\n|faint|p1a: Volcarona\n|-damage|p2a: Dusknoir|181/225|[from] item: Life Orb\n|\n|upkeep\n|\n|t:|1783550615\n|switch|p1a: Venomoth|Venomoth, L84, F|100/100\n|turn|3\n|inactive|Time left: 300 sec this turn | 300 sec total\n|\n|t:|1783550616\n|move|p1a: Venomoth|Sleep Powder|p2a: Dusknoir|[miss]\n|-miss|p1a: Venomoth|p2a: Dusknoir\n|move|p2a: Dusknoir|Poltergeist|p1a: Venomoth\n|-activate|p1a: Venomoth|move: Poltergeist|Heavy-Duty Boots\n|-damage|p1a: Venomoth|10/100\n|-damage|p2a: Dusknoir|159/225|[from] item: Life Orb\n|\n|upkeep\n|turn|4\n|inactive|Time left: 300 sec this turn | 300 sec total\n|\n|t:|1783550617\n|switch|p1a: Wigglytuff|Wigglytuff, L96, M|100/100\n|move|p2a: Dusknoir|Shadow Sneak|p1a: Wigglytuff\n|-immune|p1a: Wigglytuff\n|\n|upkeep\n|turn|5\n|inactive|Time left: 300 sec this turn | 300 sec total\n|\n|t:|1783550618\n|switch|p1a: Venomoth|Venomoth, L84, F|10/100\n|move|p2a: Dusknoir|Pain Split|p1a: Venomoth\n|-sethp|p1a: Venomoth|37/100|[from] move: Pain Split|[silent]\n|-sethp|p2a: Dusknoir|92/225|[from] move: Pain Split\n|\n|upkeep\n|turn|6\n|inactive|Time left: 300 sec this turn | 300 sec total\n|\n|t:|1783550619\n|move|p1a: Venomoth|Sleep Powder|p2a: Dusknoir\n|-status|p2a: Dusknoir|slp|[from] move: Sleep Powder\n|cant|p2a: Dusknoir|slp\n|\n|upkeep\n|turn|7\n|inactive|Time left: 300 sec this turn | 300 sec total\n|\n|t:|1783550620\n|switch|p2a: Arbok|Arbok, L87, F|246/246\n|-ability|p2a: Arbok|Intimidate|boost\n|-unboost|p1a: Venomoth|atk|1\n|move|p1a: Venomoth|Quiver Dance|p1a: Venomoth\n|-boost|p1a: Venomoth|spa|1\n|-boost|p1a: Venomoth|spd|1\n|-boost|p1a: Venomoth|spe|1\n|\n|upkeep\n|turn|8\n|inactive|Time left: 300 sec this turn | 300 sec total\n|\n|t:|1783550621\n|move|p1a: Venomoth|Sludge Wave|p2a: Arbok\n|-resisted|p2a: Arbok\n|-damage|p2a: Arbok|94/246\n|move|p2a: Arbok|Earthquake|p1a: Venomoth\n|-damage|p1a: Venomoth|0 fnt\n|faint|p1a: Venomoth\n|\n|-heal|p2a: Arbok|109/246|[from] item: Leftovers\n|upkeep\n|\n|t:|1783550622\n|switch|p1a: Iron Moth|Iron Moth, L78|100/100\n|turn|9\n|inactive|Time left: 300 sec this turn | 300 sec total\n|\n|t:|1783550623\n|move|p1a: Iron Moth|Fire Blast|p2a: Arbok\n|-damage|p2a: Arbok|0 fnt\n|faint|p2a: Arbok\n|\n|upkeep\n|inactive|Time left: 300 sec this turn | 300 sec total | 5 sec grace\n|\n|t:|1783550624\n|switch|p2a: Mewtwo|Mewtwo, L72|272/272\n|-ability|p2a: Mewtwo|Pressure\n|turn|10\n|inactive|Time left: 300 sec this turn | 300 sec total\n|\n|t:|1783550625\n|-end|p1a: Iron Moth|Quark Drive|[silent]\n|switch|p1a: Excadrill|Excadrill, L79, M|100/100\n|-ability|p1a: Excadrill|Mold Breaker\n|move|p2a: Mewtwo|Psystrike|p1a: Excadrill\n|-resisted|p1a: Excadrill\n|-damage|p1a: Excadrill|69/100\n|-damage|p2a: Mewtwo|245/272|[from] item: Life Orb\n|\n|-heal|p1a: Excadrill|75/100|[from] item: Leftovers\n|upkeep\n|turn|11\n|inactive|Time left: 300 sec this turn | 300 sec total\n|\n|t:|1783550626\n|move|p2a: Mewtwo|Fire Blast|p1a: Excadrill\n|-supereffective|p1a: Excadrill\n|-damage|p1a: Excadrill|0 fnt\n|faint|p1a: Excadrill\n|-damage|p2a: Mewtwo|218/272|[from] item: Life Orb\n|\n|upkeep\n|\n|t:|1783550627\n|switch|p1a: Wigglytuff|Wigglytuff, L96, M|100/100\n|turn|12\n|inactive|Time left: 300 sec this turn | 300 sec total\n|\n|t:|1783550629\n|move|p2a: Mewtwo|Nasty Plot|p2a: Mewtwo\n|-boost|p2a: Mewtwo|spa|2\n|move|p1a: Wigglytuff|Dazzling Gleam|p2a: Mewtwo\n|-crit|p2a: Mewtwo\n|-damage|p2a: Mewtwo|50/272\n|\n|upkeep\n|turn|13\n|inactive|Time left: 300 sec this turn | 300 sec total\n|\n|t:|1783550630\n|move|p2a: Mewtwo|Psystrike|p1a: Wigglytuff\n|-damage|p1a: Wigglytuff|1/100\n|-damage|p2a: Mewtwo|23/272|[from] item: Life Orb\n|move|p1a: Wigglytuff|Dazzling Gleam|p2a: Mewtwo\n|-damage|p2a: Mewtwo|0 fnt\n|faint|p2a: Mewtwo\n|\n|-heal|p1a: Wigglytuff|7/100|[from] item: Leftovers\n|upkeep\n|inactive|Time left: 300 sec this turn | 300 sec total | 5 sec grace\n|\n|t:|1783550631\n|switch|p2a: Abomasnow|Abomasnow, L84, M|287/287\n|-weather|Snowscape|[from] ability: Snow Warning|[of] p2a: Abomasnow\n|turn|14\n|inactive|Time left: 300 sec this turn | 300 sec total\n|\n|t:|1783550632\n|move|p2a: Abomasnow|Aurora Veil|p2a: Abomasnow\n|-sidestart|p2: p0y9257ba4|move: Aurora Veil\n|move|p1a: Wigglytuff|Fire Blast|p2a: Abomasnow\n|-supereffective|p2a: Abomasnow\n|-damage|p2a: Abomasnow|115/287\n|\n|-weather|Snowscape|[upkeep]\n|-heal|p1a: Wigglytuff|13/100|[from] item: Leftovers\n|upkeep\n|turn|15\n|inactive|Time left: 300 sec this turn | 300 sec total\n|\n|t:|1783550633\n|move|p1a: Wigglytuff|Protect|p1a: Wigglytuff\n|-singleturn|p1a: Wigglytuff|Protect\n|move|p2a: Abomasnow|Earthquake|p1a: Wigglytuff\n|-activate|p1a: Wigglytuff|move: Protect\n|\n|-weather|Snowscape|[upkeep]\n|-heal|p1a: Wigglytuff|20/100|[from] item: Leftovers\n|upkeep\n|turn|16\n|inactive|Time left: 300 sec this turn | 300 sec total\n|\n|t:|1783550635\n|switch|p1a: Hariyama|Hariyama, L87, M|100/100\n|move|p2a: Abomasnow|Earthquake|p1a: Hariyama\n|-damage|p1a: Hariyama|77/100\n|\n|-weather|Snowscape|[upkeep]\n|upkeep\n|turn|17\n|inactive|Time left: 300 sec this turn | 300 sec total\n|\n|t:|1783550636\n|move|p2a: Abomasnow|Earthquake|p1a: Hariyama\n|-damage|p1a: Hariyama|55/100\n|move|p1a: Hariyama|Close Combat|p2a: Abomasnow\n|-supereffective|p2a: Abomasnow\n|-damage|p2a: Abomasnow|0 fnt\n|-unboost|p1a: Hariyama|def|1\n|-unboost|p1a: Hariyama|spd|1\n|faint|p2a: Abomasnow\n|\n|-weather|Snowscape|[upkeep]\n|upkeep\n|inactive|Time left: 300 sec this turn | 300 sec total | 5 sec grace\n|\n|t:|1783550637\n|switch|p2a: Brambleghast|Brambleghast, L88, F|240/240\n|turn|18\n|inactive|Time left: 300 sec this turn | 300 sec total\n|\n|t:|1783550638\n|switch|p1a: Wigglytuff|Wigglytuff, L96, M|20/100\n|move|p2a: Brambleghast|Poltergeist|p1a: Wigglytuff\n|-immune|p1a: Wigglytuff\n|\n|-weather|none\n|-heal|p1a: Wigglytuff|26/100|[from] item: Leftovers\n|upkeep\n|turn|19\n|inactive|Time left: 300 sec this turn | 300 sec total\n|\n|t:|1783550639\n|move|p1a: Wigglytuff|Protect|p1a: Wigglytuff\n|-singleturn|p1a: Wigglytuff|Protect\n|move|p2a: Brambleghast|Power Whip|p1a: Wigglytuff\n|-activate|p1a: Wigglytuff|move: Protect\n|\n|-heal|p1a: Wigglytuff|32/100|[from] item: Leftovers\n|upkeep\n|turn|20\n|inactive|Time left: 300 sec this turn | 300 sec total\n|\n|t:|1783550640\n|move|p2a: Brambleghast|Power Whip|p1a: Wigglytuff\n|-damage|p1a: Wigglytuff|0 fnt\n|faint|p1a: Wigglytuff\n|\n|upkeep\n|\n|t:|1783550641\n|switch|p1a: Iron Moth|Iron Moth, L78|100/100\n|turn|21\n|inactive|Time left: 300 sec this turn | 300 sec total\n|\n|t:|1783550642\n|move|p1a: Iron Moth|Fire Blast|p2a: Brambleghast\n|-supereffective|p2a: Brambleghast\n|-damage|p2a: Brambleghast|81/240\n|move|p2a: Brambleghast|Poltergeist|p1a: Iron Moth\n|-activate|p1a: Iron Moth|move: Poltergeist|Heavy-Duty Boots\n|-damage|p1a: Iron Moth|16/100\n|\n|-heal|p2a: Brambleghast|96/240|[from] item: Leftovers\n|-sideend|p2: p0y9257ba4|move: Aurora Veil\n|upkeep\n|turn|22\n|inactive|Time left: 300 sec this turn | 300 sec total\n|\n|t:|1783550643\n|switch|p2a: Regice|Regice, L88|284/284\n|move|p1a: Iron Moth|Fire Blast|p2a: Regice|[miss]\n|-miss|p1a: Iron Moth|p2a: Regice\n|\n|upkeep\n|turn|23\n|inactive|Time left: 300 sec this turn | 300 sec total\n|\n|t:|1783550644\n|move|p1a: Iron Moth|Fire Blast|p2a: Regice\n|-supereffective|p2a: Regice\n|-damage|p2a: Regice|150/284\n|move|p2a: Regice|Thunderbolt|p1a: Iron Moth\n|-damage|p1a: Iron Moth|0 fnt\n|faint|p1a: Iron Moth\n|-end|p1a: Iron Moth|Quark Drive|[silent]\n|\n|upkeep\n|\n|t:|1783550645\n|switch|p1a: Hariyama|Hariyama, L87, M|55/100\n|turn|24\n|inactive|Time left: 300 sec this turn | 300 sec total\n|\n|t:|1783550646\n|move|p2a: Regice|Thunderbolt|p1a: Hariyama\n|-damage|p1a: Hariyama|41/100\n|move|p1a: Hariyama|Stone Edge|p2a: Regice|[miss]\n|-miss|p1a: Hariyama|p2a: Regice\n|\n|upkeep\n|turn|25\n|inactive|Time left: 300 sec this turn | 300 sec total\n|\n|t:|1783550648\n|-terastallize|p2a: Regice|Electric\n|move|p2a: Regice|Thunderbolt|p1a: Hariyama\n|-damage|p1a: Hariyama|17/100\n|move|p1a: Hariyama|Stone Edge|p2a: Regice\n|-damage|p2a: Regice|77/284\n|\n|upkeep\n|turn|26\n|inactive|Time left: 300 sec this turn | 300 sec total\n|\n|t:|1783550648\n|-terastallize|p1a: Hariyama|Steel\n|move|p2a: Regice|Thunderbolt|p1a: Hariyama\n|-damage|p1a: Hariyama|0 fnt\n|faint|p1a: Hariyama\n|\n|win|p0y9257ba4", "uploadtime": 1783550648, "views": 0, "rating": 0, "private": 0, "password": null, "_winner": "p0y9257ba4", "_our_name": "p0y9257ba4"}