{"id": "battle-gen9randombattle-1930", "formatid": "gen9randombattle", "format": "[Gen 9] Random Battle", "players": ["p0x1930d51a", "p0y1930e416"], "log": "|init|battle\n|title|p0x1930d51a vs. p0y1930e416\n|j|\u2606p0x1930d51a\n|j|\u2606p0y1930e416\n|t:|1783562298\n|gametype|singles\n|player|p1|p0x1930d51a|265|\n|player|p2|p0y1930e416|1|\n|gen|9\n|tier|[Gen 9] Random Battle\n|rule|Species Clause: Limit one of each Pok\u00e9mon\n|rule|HP Percentage Mod: HP is shown in percentages\n|rule|Sleep Clause Mod: Limit one foe put to sleep\n|rule|Illusion Level Mod: Illusion disguises the Pok\u00e9mon's true level\n|\n|t:|1783562298\n|teamsize|p1|6\n|teamsize|p2|6\n|start\n|switch|p1a: Ariados|Ariados, L95, M|100/100\n|switch|p2a: Ho-Oh|Ho-Oh, L71|268/268\n|turn|1\n|inactive|Battle timer is ON: inactive players will automatically lose when time's up. (requested by p0x1930d51a)\n|inactive|Time left: 300 sec this turn | 300 sec total | 60 sec grace\n|inactive|p0y1930e416 also wants the timer to be on.\n|\n|t:|1783562300\n|move|p2a: Ho-Oh|Sacred Fire|p1a: Ariados\n|-supereffective|p1a: Ariados\n|-damage|p1a: Ariados|27/100\n|move|p1a: Ariados|Sticky Web|p2a: Ho-Oh\n|-sidestart|p2: p0y1930e416|move: Sticky Web\n|\n|upkeep\n|turn|2\n|inactive|Time left: 300 sec this turn | 300 sec total\n|\n|t:|1783562301\n|switch|p1a: Stantler|Stantler, L92, M|100/100\n|-ability|p1a: Stantler|Intimidate|boost\n|-unboost|p2a: Ho-Oh|atk|1\n|move|p2a: Ho-Oh|Sacred Fire|p1a: Stantler\n|-damage|p1a: Stantler|83/100\n|\n|upkeep\n|turn|3\n|inactive|Time left: 300 sec this turn | 300 sec total\n|\n|t:|1783562302\n|move|p1a: Stantler|Body Slam|p2a: Ho-Oh\n|-damage|p2a: Ho-Oh|139/268\n|move|p2a: Ho-Oh|Sacred Fire|p1a: Stantler\n|-damage|p1a: Stantler|65/100\n|\n|upkeep\n|turn|4\n|inactive|Time left: 300 sec this turn | 300 sec total\n|\n|t:|1783562303\n|switch|p2a: Alomomola|Alomomola, L87, M|429/429\n|move|p1a: Stantler|Body Slam|p2a: Alomomola\n|-damage|p2a: Alomomola|311/429\n|\n|upkeep\n|turn|5\n|inactive|Time left: 300 sec this turn | 300 sec total\n|\n|t:|1783562305\n|move|p1a: Stantler|Body Slam|p2a: Alomomola\n|-damage|p2a: Alomomola|206/429\n|move|p2a: Alomomola|Flip Turn|p1a: Stantler\n|-damage|p1a: Stantler|48/100\n|inactive|Time left: 300 sec this turn | 300 sec total | 5 sec grace\n|\n|t:|1783562306\n|switch|p2a: Salamence|Salamence, L77, M|273/273|[from] Flip Turn\n|\n|upkeep\n|turn|6\n|inactive|Time left: 300 sec this turn | 300 sec total\n|\n|t:|1783562307\n|move|p1a: Stantler|Body Slam|p2a: Salamence\n|-damage|p2a: Salamence|153/273\n|move|p2a: Salamence|Outrage|p1a: Stantler\n|-damage|p1a: Stantler|8/100\n|\n|upkeep\n|turn|7\n|inactive|Time left: 300 sec this turn | 300 sec total\n|\n|t:|1783562308\n|move|p1a: Stantler|Body Slam|p2a: Salamence\n|-damage|p2a: Salamence|41/273\n|move|p2a: Salamence|Outrage|p1a: Stantler|[from] lockedmove\n|-damage|p1a: Stantler|0 fnt\n|faint|p1a: Stantler\n|-ability|p2a: Salamence|Moxie|boost\n|-boost|p2a: Salamence|atk|1\n|-start|p2a: Salamence|confusion|[fatigue]\n|\n|upkeep\n|\n|t:|1783562309\n|switch|p1a: Azelf|Azelf, L82|100/100\n|turn|8\n|inactive|Time left: 300 sec this turn | 300 sec total\n|\n|t:|1783562310\n|switch|p2a: Ho-Oh|Ho-Oh, L71|228/268\n|move|p1a: Azelf|Psychic|p2a: Ho-Oh\n|-damage|p2a: Ho-Oh|143/268\n|\n|upkeep\n|turn|9\n|inactive|Time left: 300 sec this turn | 300 sec total\n|\n|t:|1783562312\n|move|p1a: Azelf|Knock Off|p2a: Ho-Oh\n|-damage|p2a: Ho-Oh|54/268\n|-enditem|p2a: Ho-Oh|Heavy-Duty Boots|[from] move: Knock Off|[of] p1a: Azelf\n|move|p2a: Ho-Oh|Sacred Fire|p1a: Azelf\n|-damage|p1a: Azelf|55/100\n|-status|p1a: Azelf|brn\n|\n|-damage|p1a: Azelf|48/100 brn|[from] brn\n|upkeep\n|turn|10\n|inactive|Time left: 300 sec this turn | 300 sec total\n|\n|t:|1783562313\n|switch|p2a: Alomomola|Alomomola, L87, M|349/429\n|move|p1a: Azelf|Psychic|p2a: Alomomola\n|-damage|p2a: Alomomola|186/429\n|\n|-damage|p1a: Azelf|42/100 brn|[from] brn\n|upkeep\n|turn|11\n|inactive|Time left: 300 sec this turn | 300 sec total\n|\n|t:|1783562314\n|switch|p2a: Ho-Oh|Ho-Oh, L71|143/268\n|move|p1a: Azelf|Psychic|p2a: Ho-Oh\n|-damage|p2a: Ho-Oh|59/268\n|\n|-damage|p1a: Azelf|36/100 brn|[from] brn\n|upkeep\n|turn|12\n|inactive|Time left: 300 sec this turn | 300 sec total\n|\n|t:|1783562315\n|switch|p2a: Alomomola|Alomomola, L87, M|329/429\n|move|p1a: Azelf|Psychic|p2a: Alomomola\n|-damage|p2a: Alomomola|170/429\n|\n|-damage|p1a: Azelf|30/100 brn|[from] brn\n|upkeep\n|turn|13\n|inactive|Time left: 300 sec this turn | 300 sec total\n|\n|t:|1783562316\n|switch|p2a: Ho-Oh|Ho-Oh, L71|148/268\n|move|p1a: Azelf|Psychic|p2a: Ho-Oh\n|-damage|p2a: Ho-Oh|66/268\n|\n|-damage|p1a: Azelf|23/100 brn|[from] brn\n|upkeep\n|turn|14\n|inactive|Time left: 300 sec this turn | 300 sec total\n|\n|t:|1783562317\n|switch|p2a: Blissey|Blissey, L85, F|572/572\n|-activate|p2a: Blissey|move: Sticky Web\n|-unboost|p2a: Blissey|spe|1\n|move|p1a: Azelf|Psychic|p2a: Blissey\n|-damage|p2a: Blissey|493/572\n|\n|-heal|p2a: Blissey|528/572|[from] item: Leftovers\n|-damage|p1a: Azelf|17/100 brn|[from] brn\n|upkeep\n|turn|15\n|inactive|Time left: 300 sec this turn | 300 sec total\n|\n|t:|1783562318\n|move|p1a: Azelf|Knock Off|p2a: Blissey\n|-damage|p2a: Blissey|417/572\n|-enditem|p2a: Blissey|Leftovers|[from] move: Knock Off|[of] p1a: Azelf\n|move|p2a: Blissey|Stealth Rock|p1a: Azelf\n|-sidestart|p1: p0x1930d51a|move: Stealth Rock\n|\n|-damage|p1a: Azelf|11/100 brn|[from] brn\n|upkeep\n|turn|16\n|inactive|Time left: 300 sec this turn | 300 sec total\n|\n|t:|1783562320\n|switch|p2a: Ho-Oh|Ho-Oh, L71|155/268\n|move|p1a: Azelf|Psychic|p2a: Ho-Oh\n|-damage|p2a: Ho-Oh|64/268\n|-unboost|p2a: Ho-Oh|spd|1\n|\n|-damage|p1a: Azelf|5/100 brn|[from] brn\n|upkeep\n|turn|17\n|inactive|Time left: 300 sec this turn | 300 sec total\n|\n|t:|1783562321\n|switch|p2a: Alomomola|Alomomola, L87, M|313/429\n|move|p1a: Azelf|Psychic|p2a: Alomomola\n|-damage|p2a: Alomomola|147/429\n|\n|-damage|p1a: Azelf|0 fnt|[from] brn\n|faint|p1a: Azelf\n|upkeep\n|\n|t:|1783562322\n|switch|p1a: Vivillon|Vivillon-Sandstorm, L83, F|100/100\n|turn|18\n|inactive|Time left: 300 sec this turn | 300 sec total\n|\n|t:|1783562323\n|switch|p2a: Ho-Oh|Ho-Oh, L71|153/268\n|move|p1a: Vivillon|Quiver Dance|p1a: Vivillon\n|-boost|p1a: Vivillon|spa|1\n|-boost|p1a: Vivillon|spd|1\n|-boost|p1a: Vivillon|spe|1\n|\n|upkeep\n|turn|19\n|inactive|Time left: 300 sec this turn | 300 sec total\n|\n|t:|1783562324\n|move|p1a: Vivillon|Sleep Powder|p2a: Ho-Oh\n|-status|p2a: Ho-Oh|slp|[from] move: Sleep Powder\n|cant|p2a: Ho-Oh|slp\n|\n|upkeep\n|turn|20\n|inactive|Time left: 300 sec this turn | 300 sec total\n|\n|t:|1783562325\n|move|p1a: Vivillon|Hurricane|p2a: Ho-Oh\n|-crit|p2a: Ho-Oh\n|-damage|p2a: Ho-Oh|0 fnt\n|faint|p2a: Ho-Oh\n|\n|upkeep\n|inactive|Time left: 300 sec this turn | 300 sec total | 5 sec grace\n|\n|t:|1783562326\n|switch|p2a: Alomomola|Alomomola, L87, M|290/429\n|turn|21\n|inactive|Time left: 300 sec this turn | 300 sec total\n|\n|t:|1783562327\n|move|p1a: Vivillon|Quiver Dance|p1a: Vivillon\n|-boost|p1a: Vivillon|spa|1\n|-boost|p1a: Vivillon|spd|1\n|-boost|p1a: Vivillon|spe|1\n|move|p2a: Alomomola|Flip Turn|p1a: Vivillon\n|-damage|p1a: Vivillon|72/100\n|inactive|Time left: 300 sec this turn | 300 sec total | 5 sec grace\n|\n|t:|1783562328\n|switch|p2a: Blissey|Blissey, L85, F|417/572|[from] Flip Turn\n|-activate|p2a: Blissey|move: Sticky Web\n|-unboost|p2a: Blissey|spe|1\n|\n|upkeep\n|turn|22\n|inactive|Time left: 300 sec this turn | 300 sec total\n|\n|t:|1783562329\n|move|p1a: Vivillon|Quiver Dance|p1a: Vivillon\n|-boost|p1a: Vivillon|spa|1\n|-boost|p1a: Vivillon|spd|1\n|-boost|p1a: Vivillon|spe|1\n|move|p2a: Blissey|Seismic Toss|p1a: Vivillon\n|-damage|p1a: Vivillon|40/100\n|\n|upkeep\n|turn|23\n|inactive|Time left: 300 sec this turn | 300 sec total\n|\n|t:|1783562330\n|move|p1a: Vivillon|Sleep Powder|p2a: Blissey\n|-status|p2a: Blissey|slp|[from] move: Sleep Powder\n|cant|p2a: Blissey|slp\n|\n|upkeep\n|turn|24\n|inactive|Time left: 300 sec this turn | 300 sec total\n|\n|t:|1783562332\n|move|p1a: Vivillon|Hurricane|p2a: Blissey\n|-damage|p2a: Blissey|228/572 slp\n|-start|p2a: Blissey|confusion\n|-curestatus|p2a: Blissey|slp|[msg]\n|-activate|p2a: Blissey|confusion\n|move|p2a: Blissey|Seismic Toss|p1a: Vivillon\n|-damage|p1a: Vivillon|9/100\n|\n|upkeep\n|turn|25\n|inactive|Time left: 300 sec this turn | 300 sec total\n|\n|t:|1783562333\n|move|p1a: Vivillon|Sleep Powder|p2a: Blissey\n|-status|p2a: Blissey|slp|[from] move: Sleep Powder\n|cant|p2a: Blissey|slp\n|\n|upkeep\n|turn|26\n|inactive|Time left: 300 sec this turn | 300 sec total\n|\n|t:|1783562334\n|move|p1a: Vivillon|Quiver Dance|p1a: Vivillon\n|-boost|p1a: Vivillon|spa|1\n|-boost|p1a: Vivillon|spd|1\n|-boost|p1a: Vivillon|spe|1\n|cant|p2a: Blissey|slp\n|\n|upkeep\n|turn|27\n|inactive|Time left: 300 sec this turn | 300 sec total\n|\n|t:|1783562335\n|move|p1a: Vivillon|Hurricane|p2a: Blissey\n|-damage|p2a: Blissey|18/572 slp\n|-curestatus|p2a: Blissey|slp|[msg]\n|-activate|p2a: Blissey|confusion\n|-damage|p2a: Blissey|8/572|[from] confusion\n|\n|upkeep\n|turn|28\n|inactive|Time left: 300 sec this turn | 300 sec total\n|\n|t:|1783562336\n|move|p1a: Vivillon|Bug Buzz|p2a: Blissey\n|-damage|p2a: Blissey|0 fnt\n|faint|p2a: Blissey\n|\n|upkeep\n|inactive|Time left: 300 sec this turn | 300 sec total | 5 sec grace\n|\n|t:|1783562337\n|switch|p2a: Gurdurr|Gurdurr, L85, F|283/283\n|-activate|p2a: Gurdurr|move: Sticky Web\n|-unboost|p2a: Gurdurr|spe|1\n|turn|29\n|inactive|Time left: 300 sec this turn | 300 sec total\n|\n|t:|1783562338\n|-terastallize|p2a: Gurdurr|Steel\n|move|p1a: Vivillon|Sleep Powder|p2a: Gurdurr\n|-status|p2a: Gurdurr|slp|[from] move: Sleep Powder\n|cant|p2a: Gurdurr|slp\n|\n|upkeep\n|turn|30\n|inactive|Time left: 300 sec this turn | 300 sec total\n|\n|t:|1783562339\n|-curestatus|p2a: Gurdurr|slp|[msg]\n|move|p2a: Gurdurr|Mach Punch|p1a: Vivillon\n|-resisted|p1a: Vivillon\n|-damage|p1a: Vivillon|2/100\n|move|p1a: Vivillon|Hurricane|p2a: Gurdurr\n|-resisted|p2a: Gurdurr\n|-damage|p2a: Gurdurr|132/283\n|\n|upkeep\n|turn|31\n|inactive|Time left: 300 sec this turn | 300 sec total\n|\n|t:|1783562339\n|move|p2a: Gurdurr|Mach Punch|p1a: Vivillon\n|-resisted|p1a: Vivillon\n|-damage|p1a: Vivillon|0 fnt\n|faint|p1a: Vivillon\n|\n|upkeep\n|\n|t:|1783562340\n|switch|p1a: Meowstic|Meowstic, L89, M|100/100\n|-damage|p1a: Meowstic|88/100|[from] Stealth Rock\n|turn|32\n|inactive|Time left: 300 sec this turn | 300 sec total\n|\n|t:|1783562341\n|move|p1a: Meowstic|Reflect|p1a: Meowstic\n|-sidestart|p1: p0x1930d51a|Reflect\n|move|p2a: Gurdurr|Knock Off|p1a: Meowstic\n|-supereffective|p1a: Meowstic\n|-damage|p1a: Meowstic|62/100\n|-enditem|p1a: Meowstic|Light Clay|[from] move: Knock Off|[of] p2a: Gurdurr\n|\n|upkeep\n|turn|33\n|inactive|Time left: 300 sec this turn | 300 sec total\n|\n|t:|1783562342\n|move|p1a: Meowstic|Thunder Wave|p2a: Gurdurr\n|-status|p2a: Gurdurr|par\n|move|p2a: Gurdurr|Bulk Up|p2a: Gurdurr\n|-boost|p2a: Gurdurr|atk|1\n|-boost|p2a: Gurdurr|def|1\n|\n|upkeep\n|turn|34\n|inactive|Time left: 300 sec this turn | 300 sec total\n|\n|t:|1783562343\n|move|p1a: Meowstic|Light Screen|p1a: Meowstic\n|-sidestart|p1: p0x1930d51a|move: Light Screen\n|move|p2a: Gurdurr|Knock Off|p1a: Meowstic\n|-supereffective|p1a: Meowstic\n|-damage|p1a: Meowstic|17/100\n|\n|upkeep\n|turn|35\n|inactive|Time left: 300 sec this turn | 300 sec total\n|\n|t:|1783562343\n|move|p1a: Meowstic|Psychic Noise|p2a: Gurdurr\n|-resisted|p2a: Gurdurr\n|-damage|p2a: Gurdurr|92/283 par\n|-start|p2a: Gurdurr|move: Heal Block\n|move|p2a: Gurdurr|Knock Off|p1a: Meowstic\n|-supereffective|p1a: Meowstic\n|-damage|p1a: Meowstic|0 fnt\n|faint|p1a: Meowstic\n|\n|upkeep\n|\n|t:|1783562344\n|switch|p1a: Swanna|Swanna, L89, F|100/100\n|turn|36\n|inactive|Time left: 300 sec this turn | 300 sec total\n|\n|t:|1783562345\n|move|p1a: Swanna|Hydro Pump|p2a: Gurdurr\n|-damage|p2a: Gurdurr|0 fnt\n|faint|p2a: Gurdurr\n|\n|upkeep\n|inactive|Time left: 300 sec this turn | 300 sec total | 5 sec grace\n|\n|t:|1783562345\n|switch|p2a: Alomomola|Alomomola, L87, M|429/429\n|turn|37\n|inactive|Time left: 300 sec this turn | 300 sec total\n|\n|t:|1783562346\n|move|p1a: Swanna|Brave Bird|p2a: Alomomola\n|-damage|p2a: Alomomola|291/429\n|-damage|p1a: Swanna|84/100|[from] Recoil\n|move|p2a: Alomomola|Scald|p1a: Swanna\n|-resisted|p1a: Swanna\n|-damage|p1a: Swanna|79/100\n|\n|upkeep\n|turn|38\n|inactive|Time left: 300 sec this turn | 300 sec total\n|\n|t:|1783562347\n|move|p1a: Swanna|Roost|p1a: Swanna\n|-heal|p1a: Swanna|100/100\n|-singleturn|p1a: Swanna|move: Roost\n|move|p2a: Alomomola|Wish|p2a: Alomomola\n|\n|-sideend|p1: p0x1930d51a|move: Light Screen\n|upkeep\n|turn|39\n|inactive|Time left: 300 sec this turn | 300 sec total\n|\n|t:|1783562348\n|move|p1a: Swanna|Hydro Pump|p2a: Alomomola|[miss]\n|-miss|p1a: Swanna|p2a: Alomomola\n|move|p2a: Alomomola|Flip Turn|p1a: Swanna\n|-resisted|p1a: Swanna\n|-damage|p1a: Swanna|94/100\n|inactive|Time left: 300 sec this turn | 300 sec total | 5 sec grace\n|\n|t:|1783562349\n|switch|p2a: Salamence|Salamence, L77, M|41/273|[from] Flip Turn\n|\n|-heal|p2a: Salamence|255/273|[from] move: Wish|[wisher] Alomomola\n|-sideend|p1: p0x1930d51a|Reflect\n|upkeep\n|turn|40\n|inactive|Time left: 300 sec this turn | 300 sec total\n|\n|t:|1783562350\n|move|p1a: Swanna|Brave Bird|p2a: Salamence\n|-damage|p2a: Salamence|98/273\n|-damage|p1a: Swanna|76/100|[from] Recoil\n|move|p2a: Salamence|Dragon Dance|p2a: Salamence\n|-boost|p2a: Salamence|atk|1\n|-boost|p2a: Salamence|spe|1\n|\n|upkeep\n|turn|41\n|inactive|Time left: 300 sec this turn | 300 sec total\n|\n|t:|1783562350\n|-terastallize|p1a: Swanna|Ground\n|move|p2a: Salamence|Outrage|p1a: Swanna\n|-damage|p1a: Swanna|0 fnt\n|faint|p1a: Swanna\n|-ability|p2a: Salamence|Moxie|boost\n|-boost|p2a: Salamence|atk|1\n|\n|upkeep\n|\n|t:|1783562351\n|switch|p1a: Ariados|Ariados, L95, M|27/100\n|-damage|p1a: Ariados|2/100|[from] Stealth Rock\n|turn|42\n|inactive|Time left: 300 sec this turn | 300 sec total\n|\n|t:|1783562352\n|move|p2a: Salamence|Outrage|p1a: Ariados|[from] lockedmove\n|-damage|p1a: Ariados|0 fnt\n|faint|p1a: Ariados\n|-start|p2a: Salamence|confusion|[fatigue]\n|\n|win|p0y1930e416", "uploadtime": 1783562352, "views": 0, "rating": 0, "private": 0, "password": null, "_winner": "p0y1930e416", "_our_name": "p0y1930e416"}