{"id": "battle-gen9randombattle-1568", "formatid": "gen9randombattle", "format": "[Gen 9] Random Battle", "players": ["p0x15681f11", "p0y1568c3ef"], "log": "|init|battle\n|title|p0x15681f11 vs. p0y1568c3ef\n|j|\u2606p0x15681f11\n|j|\u2606p0y1568c3ef\n|t:|1783557355\n|gametype|singles\n|player|p1|p0x15681f11|170|\n|player|p2|p0y1568c3ef|265|\n|gen|9\n|tier|[Gen 9] Random Battle\n|rule|Species Clause: Limit one of each Pok\u00e9mon\n|rule|HP Percentage Mod: HP is shown in percentages\n|rule|Sleep Clause Mod: Limit one foe put to sleep\n|rule|Illusion Level Mod: Illusion disguises the Pok\u00e9mon's true level\n|\n|t:|1783557355\n|teamsize|p1|6\n|teamsize|p2|6\n|start\n|switch|p1a: Gastrodon|Gastrodon, L86, F|100/100\n|switch|p2a: Inteleon|Inteleon, L81, F|246/246\n|turn|1\n|inactive|Battle timer is ON: inactive players will automatically lose when time's up. (requested by p0x15681f11)\n|inactive|Time left: 300 sec this turn | 300 sec total | 60 sec grace\n|inactive|p0y1568c3ef also wants the timer to be on.\n|\n|t:|1783557356\n|move|p2a: Inteleon|Ice Beam|p1a: Gastrodon\n|-damage|p1a: Gastrodon|68/100\n|move|p1a: Gastrodon|Earthquake|p2a: Inteleon\n|-damage|p2a: Inteleon|111/246\n|\n|-heal|p1a: Gastrodon|75/100|[from] item: Leftovers\n|upkeep\n|turn|2\n|inactive|Time left: 300 sec this turn | 300 sec total\n|\n|t:|1783557358\n|move|p2a: Inteleon|Ice Beam|p1a: Gastrodon\n|-damage|p1a: Gastrodon|38/100\n|-status|p1a: Gastrodon|frz\n|cant|p1a: Gastrodon|frz\n|\n|-heal|p1a: Gastrodon|44/100 frz|[from] item: Leftovers\n|upkeep\n|turn|3\n|inactive|Time left: 300 sec this turn | 300 sec total\n|\n|t:|1783557358\n|move|p2a: Inteleon|Ice Beam|p1a: Gastrodon\n|-damage|p1a: Gastrodon|12/100 frz\n|-curestatus|p1a: Gastrodon|frz|[msg]\n|move|p1a: Gastrodon|Earthquake|p2a: Inteleon\n|-damage|p2a: Inteleon|0 fnt\n|faint|p2a: Inteleon\n|\n|-heal|p1a: Gastrodon|18/100|[from] item: Leftovers\n|upkeep\n|inactive|Time left: 300 sec this turn | 300 sec total | 5 sec grace\n|\n|t:|1783557359\n|switch|p2a: Indeedee|Indeedee-F, L90, F|272/272\n|-fieldstart|move: Psychic Terrain|[from] ability: Psychic Surge|[of] p2a: Indeedee\n|turn|4\n|inactive|Time left: 300 sec this turn | 300 sec total\n|\n|t:|1783557360\n|switch|p1a: Wo-Chien|Wo-Chien, L83|100/100\n|-ability|p1a: Wo-Chien|Tablets of Ruin\n|move|p2a: Indeedee|Hyper Voice|p1a: Wo-Chien\n|-damage|p1a: Wo-Chien|63/100\n|-damage|p2a: Indeedee|245/272|[from] item: Life Orb\n|\n|-heal|p1a: Wo-Chien|69/100|[from] item: Leftovers\n|upkeep\n|turn|5\n|inactive|Time left: 300 sec this turn | 300 sec total\n|\n|t:|1783557362\n|switch|p2a: Carbink|Carbink, L90|236/236\n|move|p1a: Wo-Chien|Knock Off|p2a: Carbink\n|-resisted|p2a: Carbink\n|-damage|p2a: Carbink|210/236\n|-enditem|p2a: Carbink|Leftovers|[from] move: Knock Off|[of] p1a: Wo-Chien\n|\n|-heal|p1a: Wo-Chien|75/100|[from] item: Leftovers\n|upkeep\n|turn|6\n|inactive|Time left: 300 sec this turn | 300 sec total\n|\n|t:|1783557363\n|move|p1a: Wo-Chien|Giga Drain|p2a: Carbink\n|-supereffective|p2a: Carbink\n|-damage|p2a: Carbink|108/236\n|-heal|p1a: Wo-Chien|93/100|[from] drain|[of] p2a: Carbink\n|move|p2a: Carbink|Body Press|p1a: Wo-Chien\n|-supereffective|p1a: Wo-Chien\n|-damage|p1a: Wo-Chien|50/100\n|\n|-heal|p1a: Wo-Chien|56/100|[from] item: Leftovers\n|upkeep\n|turn|7\n|inactive|Time left: 300 sec this turn | 300 sec total\n|\n|t:|1783557364\n|-terastallize|p2a: Carbink|Fighting\n|move|p1a: Wo-Chien|Giga Drain|p2a: Carbink\n|-damage|p2a: Carbink|60/236\n|-heal|p1a: Wo-Chien|65/100|[from] drain|[of] p2a: Carbink\n|move|p2a: Carbink|Body Press|p1a: Wo-Chien\n|-supereffective|p1a: Wo-Chien\n|-damage|p1a: Wo-Chien|0 fnt\n|faint|p1a: Wo-Chien\n|\n|upkeep\n|\n|t:|1783557365\n|switch|p1a: Raikou|Raikou, L81|100/100\n|-ability|p1a: Raikou|Pressure\n|turn|8\n|inactive|Time left: 300 sec this turn | 300 sec total\n|\n|t:|1783557367\n|switch|p2a: Plusle|Plusle, L95, M|268/268\n|move|p1a: Raikou|Thunderbolt|p2a: Plusle\n|-ability|p2a: Plusle|Lightning Rod|boost\n|-boost|p2a: Plusle|spa|1\n|\n|-fieldend|move: Psychic Terrain\n|upkeep\n|turn|9\n|inactive|Time left: 300 sec this turn | 300 sec total\n|\n|t:|1783557368\n|switch|p1a: Gastrodon|Gastrodon, L86, F|18/100\n|move|p2a: Plusle|Nasty Plot|p2a: Plusle\n|-boost|p2a: Plusle|spa|2\n|\n|-heal|p1a: Gastrodon|24/100|[from] item: Leftovers\n|upkeep\n|turn|10\n|inactive|Time left: 300 sec this turn | 300 sec total\n|\n|t:|1783557369\n|move|p2a: Plusle|Alluring Voice|p1a: Gastrodon\n|-damage|p1a: Gastrodon|0 fnt\n|faint|p1a: Gastrodon\n|-damage|p2a: Plusle|242/268|[from] item: Life Orb\n|\n|upkeep\n|\n|t:|1783557370\n|switch|p1a: Lokix|Lokix, L82, M|100/100\n|turn|11\n|inactive|Time left: 300 sec this turn | 300 sec total\n|\n|t:|1783557371\n|-terastallize|p1a: Lokix|Bug\n|move|p1a: Lokix|First Impression|p2a: Plusle\n|-damage|p2a: Plusle|0 fnt\n|faint|p2a: Plusle\n|-damage|p1a: Lokix|91/100|[from] item: Life Orb\n|\n|upkeep\n|inactive|Time left: 300 sec this turn | 300 sec total | 5 sec grace\n|\n|t:|1783557372\n|switch|p2a: Iron Boulder|Iron Boulder, L77|265/265\n|turn|12\n|inactive|Time left: 300 sec this turn | 300 sec total\n|\n|t:|1783557373\n|switch|p1a: Clawitzer|Clawitzer, L87, F|100/100\n|move|p2a: Iron Boulder|Mighty Cleave|p1a: Clawitzer\n|-damage|p1a: Clawitzer|56/100\n|-damage|p2a: Iron Boulder|239/265|[from] item: Life Orb\n|\n|upkeep\n|turn|13\n|inactive|Time left: 300 sec this turn | 300 sec total\n|\n|t:|1783557374\n|-end|p2a: Iron Boulder|Quark Drive|[silent]\n|switch|p2a: Venusaur|Venusaur, L84, M|272/272\n|move|p1a: Clawitzer|Water Pulse|p2a: Venusaur\n|-resisted|p2a: Venusaur\n|-damage|p2a: Venusaur|218/272\n|\n|-heal|p2a: Venusaur|235/272|[from] item: Leftovers\n|upkeep\n|turn|14\n|inactive|Time left: 300 sec this turn | 300 sec total\n|\n|t:|1783557375\n|move|p2a: Venusaur|Sleep Powder|p1a: Clawitzer|[miss]\n|-miss|p2a: Venusaur|p1a: Clawitzer\n|move|p1a: Clawitzer|U-turn|p2a: Venusaur\n|-damage|p2a: Venusaur|188/272\n|\n|t:|1783557376\n|switch|p1a: Lokix|Lokix, L82, M, tera:Bug|91/100|[from] U-turn\n|\n|-heal|p2a: Venusaur|205/272|[from] item: Leftovers\n|upkeep\n|turn|15\n|inactive|Time left: 300 sec this turn | 300 sec total\n|\n|t:|1783557377\n|move|p1a: Lokix|Leech Life|p2a: Venusaur\n|-damage|p2a: Venusaur|52/272\n|-heal|p1a: Lokix|100/100|[from] drain|[of] p2a: Venusaur\n|-damage|p1a: Lokix|91/100|[from] item: Life Orb\n|move|p2a: Venusaur|Sludge Bomb|p1a: Lokix\n|-damage|p1a: Lokix|36/100\n|-status|p1a: Lokix|psn\n|\n|-heal|p2a: Venusaur|69/272|[from] item: Leftovers\n|-damage|p1a: Lokix|23/100 psn|[from] psn\n|upkeep\n|turn|16\n|inactive|Time left: 300 sec this turn | 300 sec total\n|\n|t:|1783557378\n|switch|p2a: Carbink|Carbink, L90, tera:Fighting|60/236\n|move|p1a: Lokix|Leech Life|p2a: Carbink\n|-resisted|p2a: Carbink\n|-damage|p2a: Carbink|0 fnt\n|-heal|p1a: Lokix|35/100 psn|[from] drain|[of] p2a: Carbink\n|faint|p2a: Carbink\n|-damage|p1a: Lokix|25/100 psn|[from] item: Life Orb\n|\n|-damage|p1a: Lokix|13/100 psn|[from] psn\n|upkeep\n|inactive|Time left: 300 sec this turn | 300 sec total | 5 sec grace\n|\n|t:|1783557379\n|switch|p2a: Indeedee|Indeedee-F, L90, F|245/272\n|-fieldstart|move: Psychic Terrain|[from] ability: Psychic Surge|[of] p2a: Indeedee\n|turn|17\n|inactive|Time left: 300 sec this turn | 300 sec total\n|\n|t:|1783557380\n|move|p2a: Indeedee|Psyshock|p1a: Lokix\n|-damage|p1a: Lokix|0 fnt\n|faint|p1a: Lokix\n|-damage|p2a: Indeedee|218/272|[from] item: Life Orb\n|\n|upkeep\n|\n|t:|1783557380\n|switch|p1a: Raikou|Raikou, L81|100/100\n|-ability|p1a: Raikou|Pressure\n|turn|18\n|inactive|Time left: 300 sec this turn | 300 sec total\n|\n|t:|1783557381\n|move|p1a: Raikou|Thunderbolt|p2a: Indeedee\n|-damage|p2a: Indeedee|97/272\n|move|p2a: Indeedee|Calm Mind|p2a: Indeedee\n|-boost|p2a: Indeedee|spa|1\n|-boost|p2a: Indeedee|spd|1\n|\n|upkeep\n|turn|19\n|inactive|Time left: 300 sec this turn | 300 sec total\n|\n|t:|1783557382\n|move|p1a: Raikou|Thunderbolt|p2a: Indeedee\n|-damage|p2a: Indeedee|16/272\n|move|p2a: Indeedee|Psyshock|p1a: Raikou\n|-damage|p1a: Raikou|0 fnt\n|faint|p1a: Raikou\n|-damage|p2a: Indeedee|0 fnt|[from] item: Life Orb\n|faint|p2a: Indeedee\n|\n|upkeep\n|inactive|Time left: 300 sec this turn | 300 sec total | 5 sec grace\n|\n|t:|1783557383\n|switch|p1a: Clawitzer|Clawitzer, L87, F|56/100\n|switch|p2a: Venusaur|Venusaur, L84, M|69/272\n|turn|20\n|inactive|Time left: 300 sec this turn | 300 sec total\n|\n|t:|1783557384\n|move|p2a: Venusaur|Sleep Powder|p1a: Clawitzer|[miss]\n|-miss|p2a: Venusaur|p1a: Clawitzer\n|move|p1a: Clawitzer|Dark Pulse|p2a: Venusaur\n|-damage|p2a: Venusaur|0 fnt\n|faint|p2a: Venusaur\n|\n|upkeep\n|inactive|Time left: 300 sec this turn | 300 sec total | 5 sec grace\n|\n|t:|1783557385\n|switch|p2a: Iron Boulder|Iron Boulder, L77|239/265\n|turn|21\n|inactive|Time left: 300 sec this turn | 300 sec total\n|\n|t:|1783557386\n|move|p2a: Iron Boulder|Zen Headbutt|p1a: Clawitzer\n|-damage|p1a: Clawitzer|8/100\n|-damage|p2a: Iron Boulder|213/265|[from] item: Life Orb\n|move|p1a: Clawitzer|Water Pulse|p2a: Iron Boulder\n|-supereffective|p2a: Iron Boulder\n|-damage|p2a: Iron Boulder|0 fnt\n|faint|p2a: Iron Boulder\n|-end|p2a: Iron Boulder|Quark Drive|[silent]\n|\n|win|p0x15681f11", "uploadtime": 1783557386, "views": 0, "rating": 0, "private": 0, "password": null, "_winner": "p0x15681f11", "_our_name": "p0y1568c3ef"}