{"id": "battle-gen9randombattle-1611", "formatid": "gen9randombattle", "format": "[Gen 9] Random Battle", "players": ["p0x1611a5d8", "p0y1611ec09"], "log": "|init|battle\n|title|p0x1611a5d8 vs. p0y1611ec09\n|j|\u2606p0x1611a5d8\n|j|\u2606p0y1611ec09\n|t:|1783557866\n|gametype|singles\n|player|p1|p0x1611a5d8|1|\n|player|p2|p0y1611ec09|1|\n|gen|9\n|tier|[Gen 9] Random Battle\n|rule|Species Clause: Limit one of each Pok\u00e9mon\n|rule|HP Percentage Mod: HP is shown in percentages\n|rule|Sleep Clause Mod: Limit one foe put to sleep\n|rule|Illusion Level Mod: Illusion disguises the Pok\u00e9mon's true level\n|\n|t:|1783557866\n|teamsize|p1|6\n|teamsize|p2|6\n|start\n|switch|p1a: Cresselia|Cresselia, L80, F|323/323\n|switch|p2a: Cryogonal|Cryogonal, L89|100/100\n|turn|1\n|inactive|Battle timer is ON: inactive players will automatically lose when time's up. (requested by p0y1611ec09)\n|inactive|Time left: 300 sec this turn | 300 sec total | 60 sec grace\n|inactive|p0x1611a5d8 also wants the timer to be on.\n|\n|t:|1783557867\n|move|p2a: Cryogonal|Freeze-Dry|p1a: Cresselia\n|-damage|p1a: Cresselia|251/323\n|move|p1a: Cresselia|Calm Mind|p1a: Cresselia\n|-boost|p1a: Cresselia|spa|1\n|-boost|p1a: Cresselia|spd|1\n|\n|-heal|p1a: Cresselia|271/323|[from] item: Leftovers\n|upkeep\n|turn|2\n|inactive|Time left: 300 sec this turn | 300 sec total\n|\n|t:|1783557869\n|move|p2a: Cryogonal|Haze|p2a: Cryogonal\n|-clearallboost\n|move|p1a: Cresselia|Calm Mind|p1a: Cresselia\n|-boost|p1a: Cresselia|spa|1\n|-boost|p1a: Cresselia|spd|1\n|\n|-heal|p1a: Cresselia|291/323|[from] item: Leftovers\n|upkeep\n|turn|3\n|inactive|Time left: 300 sec this turn | 300 sec total\n|\n|t:|1783557870\n|move|p2a: Cryogonal|Haze|p2a: Cryogonal\n|-clearallboost\n|move|p1a: Cresselia|Calm Mind|p1a: Cresselia\n|-boost|p1a: Cresselia|spa|1\n|-boost|p1a: Cresselia|spd|1\n|\n|-heal|p1a: Cresselia|311/323|[from] item: Leftovers\n|upkeep\n|turn|4\n|inactive|Time left: 300 sec this turn | 300 sec total\n|\n|t:|1783557871\n|move|p2a: Cryogonal|Haze|p2a: Cryogonal\n|-clearallboost\n|move|p1a: Cresselia|Psyshock|p2a: Cryogonal\n|-damage|p2a: Cryogonal|67/100\n|\n|-heal|p1a: Cresselia|323/323|[from] item: Leftovers\n|upkeep\n|turn|5\n|inactive|Time left: 300 sec this turn | 300 sec total\n|\n|t:|1783557872\n|move|p2a: Cryogonal|Freeze-Dry|p1a: Cresselia\n|-damage|p1a: Cresselia|260/323\n|move|p1a: Cresselia|Calm Mind|p1a: Cresselia\n|-boost|p1a: Cresselia|spa|1\n|-boost|p1a: Cresselia|spd|1\n|\n|-heal|p1a: Cresselia|280/323|[from] item: Leftovers\n|upkeep\n|turn|6\n|inactive|Time left: 300 sec this turn | 300 sec total\n|\n|t:|1783557873\n|move|p2a: Cryogonal|Haze|p2a: Cryogonal\n|-clearallboost\n|move|p1a: Cresselia|Calm Mind|p1a: Cresselia\n|-boost|p1a: Cresselia|spa|1\n|-boost|p1a: Cresselia|spd|1\n|\n|-heal|p1a: Cresselia|300/323|[from] item: Leftovers\n|upkeep\n|turn|7\n|inactive|Time left: 300 sec this turn | 300 sec total\n|\n|t:|1783557874\n|move|p2a: Cryogonal|Recover|p2a: Cryogonal\n|-heal|p2a: Cryogonal|100/100\n|move|p1a: Cresselia|Calm Mind|p1a: Cresselia\n|-boost|p1a: Cresselia|spa|1\n|-boost|p1a: Cresselia|spd|1\n|\n|-heal|p1a: Cresselia|320/323|[from] item: Leftovers\n|upkeep\n|turn|8\n|inactive|Time left: 300 sec this turn | 300 sec total\n|\n|t:|1783557875\n|move|p2a: Cryogonal|Haze|p2a: Cryogonal\n|-clearallboost\n|move|p1a: Cresselia|Psyshock|p2a: Cryogonal\n|-damage|p2a: Cryogonal|68/100\n|\n|-heal|p1a: Cresselia|323/323|[from] item: Leftovers\n|upkeep\n|turn|9\n|inactive|Time left: 300 sec this turn | 300 sec total\n|\n|t:|1783557876\n|move|p2a: Cryogonal|Recover|p2a: Cryogonal\n|-heal|p2a: Cryogonal|100/100\n|move|p1a: Cresselia|Calm Mind|p1a: Cresselia\n|-boost|p1a: Cresselia|spa|1\n|-boost|p1a: Cresselia|spd|1\n|\n|upkeep\n|turn|10\n|inactive|Time left: 300 sec this turn | 300 sec total\n|\n|t:|1783557877\n|switch|p2a: Appletun|Appletun, L92, M|100/100\n|move|p1a: Cresselia|Psyshock|p2a: Appletun\n|-damage|p2a: Appletun|74/100\n|\n|-heal|p2a: Appletun|80/100|[from] item: Leftovers\n|upkeep\n|turn|11\n|inactive|Time left: 300 sec this turn | 300 sec total\n|\n|t:|1783557878\n|move|p1a: Cresselia|Calm Mind|p1a: Cresselia\n|-boost|p1a: Cresselia|spa|1\n|-boost|p1a: Cresselia|spd|1\n|move|p2a: Appletun|Dragon Tail|p1a: Cresselia\n|-damage|p1a: Cresselia|260/323\n|drag|p1a: Vespiquen|Vespiquen, L99, F|299/299\n|-ability|p1a: Vespiquen|Pressure\n|\n|-heal|p2a: Appletun|86/100|[from] item: Leftovers\n|upkeep\n|turn|12\n|inactive|Time left: 300 sec this turn | 300 sec total\n|\n|t:|1783557878\n|move|p1a: Vespiquen|Air Slash|p2a: Appletun\n|-supereffective|p2a: Appletun\n|-damage|p2a: Appletun|35/100\n|move|p2a: Appletun|Recover|p2a: Appletun\n|-heal|p2a: Appletun|85/100\n|\n|-heal|p2a: Appletun|91/100|[from] item: Leftovers\n|upkeep\n|turn|13\n|inactive|Time left: 300 sec this turn | 300 sec total\n|\n|t:|1783557879\n|move|p1a: Vespiquen|Air Slash|p2a: Appletun\n|-supereffective|p2a: Appletun\n|-damage|p2a: Appletun|41/100\n|move|p2a: Appletun|Apple Acid|p1a: Vespiquen\n|-resisted|p1a: Vespiquen\n|-damage|p1a: Vespiquen|281/299\n|-unboost|p1a: Vespiquen|spd|1\n|\n|-heal|p2a: Appletun|48/100|[from] item: Leftovers\n|upkeep\n|turn|14\n|inactive|Time left: 300 sec this turn | 300 sec total\n|\n|t:|1783557880\n|switch|p2a: Vikavolt|Vikavolt, L83, M|100/100\n|move|p1a: Vespiquen|Air Slash|p2a: Vikavolt\n|-damage|p2a: Vikavolt|58/100\n|\n|upkeep\n|turn|15\n|inactive|Time left: 300 sec this turn | 300 sec total\n|\n|t:|1783557881\n|move|p1a: Vespiquen|Air Slash|p2a: Vikavolt\n|-damage|p2a: Vikavolt|13/100\n|move|p2a: Vikavolt|Sticky Web|p1a: Vespiquen\n|-sidestart|p1: p0x1611a5d8|move: Sticky Web\n|\n|upkeep\n|turn|16\n|inactive|Time left: 300 sec this turn | 300 sec total\n|\n|t:|1783557882\n|move|p1a: Vespiquen|Air Slash|p2a: Vikavolt\n|-damage|p2a: Vikavolt|0 fnt\n|faint|p2a: Vikavolt\n|\n|upkeep\n|\n|t:|1783557882\n|switch|p2a: Regieleki|Regieleki, L79|100/100\n|turn|17\n|inactive|Time left: 300 sec this turn | 300 sec total\n|\n|t:|1783557883\n|switch|p1a: Lurantis|Lurantis, L87, M|264/264\n|-activate|p1a: Lurantis|move: Sticky Web\n|-boost|p1a: Lurantis|spe|1\n|move|p2a: Regieleki|Thunderbolt|p1a: Lurantis\n|-resisted|p1a: Lurantis\n|-damage|p1a: Lurantis|205/264\n|\n|-heal|p1a: Lurantis|221/264|[from] item: Leftovers\n|upkeep\n|turn|18\n|inactive|Time left: 300 sec this turn | 300 sec total\n|\n|t:|1783557884\n|move|p2a: Regieleki|Volt Switch|p1a: Lurantis\n|-resisted|p1a: Lurantis\n|-damage|p1a: Lurantis|167/264\n|\n|t:|1783557885\n|switch|p2a: Appletun|Appletun, L92, M|48/100|[from] Volt Switch\n|move|p1a: Lurantis|Defog|p2a: Appletun\n|-unboost|p2a: Appletun|evasion|1\n|-sideend|p1: p0x1611a5d8|Sticky Web|[from] move: Defog|[of] p1a: Lurantis\n|\n|-heal|p1a: Lurantis|183/264|[from] item: Leftovers\n|-heal|p2a: Appletun|54/100|[from] item: Leftovers\n|upkeep\n|turn|19\n|inactive|Time left: 300 sec this turn | 300 sec total\n|\n|t:|1783557886\n|move|p1a: Lurantis|Superpower|p2a: Appletun\n|-damage|p2a: Appletun|28/100\n|-boost|p1a: Lurantis|atk|1\n|-boost|p1a: Lurantis|def|1\n|move|p2a: Appletun|Dragon Tail|p1a: Lurantis\n|-damage|p1a: Lurantis|141/264\n|drag|p1a: Vespiquen|Vespiquen, L99, F|281/299\n|-ability|p1a: Vespiquen|Pressure\n|\n|-heal|p2a: Appletun|34/100|[from] item: Leftovers\n|upkeep\n|turn|20\n|inactive|Time left: 300 sec this turn | 300 sec total\n|\n|t:|1783557887\n|-terastallize|p2a: Appletun|Steel\n|move|p1a: Vespiquen|Air Slash|p2a: Appletun\n|-resisted|p2a: Appletun\n|-damage|p2a: Appletun|21/100\n|move|p2a: Appletun|Recover|p2a: Appletun\n|-heal|p2a: Appletun|71/100\n|\n|-heal|p2a: Appletun|77/100|[from] item: Leftovers\n|upkeep\n|turn|21\n|inactive|Time left: 300 sec this turn | 300 sec total\n|\n|t:|1783557888\n|move|p1a: Vespiquen|Spikes|p2a: Appletun\n|-sidestart|p2: p0y1611ec09|Spikes\n|move|p2a: Appletun|Apple Acid|p1a: Vespiquen\n|-resisted|p1a: Vespiquen\n|-damage|p1a: Vespiquen|263/299\n|-unboost|p1a: Vespiquen|spd|1\n|\n|-heal|p2a: Appletun|83/100|[from] item: Leftovers\n|upkeep\n|turn|22\n|inactive|Time left: 300 sec this turn | 300 sec total\n|\n|t:|1783557890\n|move|p1a: Vespiquen|Toxic Spikes|p2a: Appletun\n|-sidestart|p2: p0y1611ec09|move: Toxic Spikes\n|move|p2a: Appletun|Dragon Pulse|p1a: Vespiquen\n|-damage|p1a: Vespiquen|133/299\n|\n|-heal|p2a: Appletun|89/100|[from] item: Leftovers\n|upkeep\n|turn|23\n|inactive|Time left: 300 sec this turn | 300 sec total\n|\n|t:|1783557891\n|move|p1a: Vespiquen|Roost|p1a: Vespiquen\n|-heal|p1a: Vespiquen|283/299\n|-singleturn|p1a: Vespiquen|move: Roost\n|move|p2a: Appletun|Dragon Pulse|p1a: Vespiquen\n|-damage|p1a: Vespiquen|159/299\n|\n|-heal|p2a: Appletun|96/100|[from] item: Leftovers\n|upkeep\n|turn|24\n|inactive|Time left: 300 sec this turn | 300 sec total\n|\n|t:|1783557892\n|move|p1a: Vespiquen|Roost|p1a: Vespiquen\n|-heal|p1a: Vespiquen|299/299\n|-singleturn|p1a: Vespiquen|move: Roost\n|move|p2a: Appletun|Dragon Pulse|p1a: Vespiquen\n|-damage|p1a: Vespiquen|164/299\n|\n|-heal|p2a: Appletun|100/100|[from] item: Leftovers\n|upkeep\n|turn|25\n|inactive|Time left: 300 sec this turn | 300 sec total\n|\n|t:|1783557893\n|move|p1a: Vespiquen|Roost|p1a: Vespiquen\n|-heal|p1a: Vespiquen|299/299\n|-singleturn|p1a: Vespiquen|move: Roost\n|move|p2a: Appletun|Dragon Pulse|p1a: Vespiquen\n|-damage|p1a: Vespiquen|172/299\n|\n|upkeep\n|turn|26\n|inactive|Time left: 300 sec this turn | 300 sec total\n|\n|t:|1783557894\n|move|p1a: Vespiquen|Roost|p1a: Vespiquen\n|-heal|p1a: Vespiquen|299/299\n|-singleturn|p1a: Vespiquen|move: Roost\n|move|p2a: Appletun|Dragon Pulse|p1a: Vespiquen\n|-damage|p1a: Vespiquen|181/299\n|\n|upkeep\n|turn|27\n|inactive|Time left: 300 sec this turn | 300 sec total\n|\n|t:|1783557895\n|move|p1a: Vespiquen|Roost|p1a: Vespiquen\n|-heal|p1a: Vespiquen|299/299\n|-singleturn|p1a: Vespiquen|move: Roost\n|move|p2a: Appletun|Dragon Pulse|p1a: Vespiquen\n|-damage|p1a: Vespiquen|179/299\n|\n|upkeep\n|turn|28\n|inactive|Time left: 300 sec this turn | 300 sec total\n|\n|t:|1783557896\n|switch|p1a: Lurantis|Lurantis, L87, M|141/264\n|move|p2a: Appletun|Dragon Pulse|p1a: Lurantis\n|-damage|p1a: Lurantis|42/264\n|\n|-heal|p1a: Lurantis|58/264|[from] item: Leftovers\n|upkeep\n|turn|29\n|inactive|Time left: 300 sec this turn | 300 sec total\n|\n|t:|1783557897\n|move|p1a: Lurantis|Synthesis|p1a: Lurantis\n|-heal|p1a: Lurantis|190/264\n|move|p2a: Appletun|Dragon Pulse|p1a: Lurantis\n|-damage|p1a: Lurantis|90/264\n|\n|-heal|p1a: Lurantis|106/264|[from] item: Leftovers\n|upkeep\n|turn|30\n|inactive|Time left: 300 sec this turn | 300 sec total\n|\n|t:|1783557898\n|move|p1a: Lurantis|Synthesis|p1a: Lurantis\n|-heal|p1a: Lurantis|238/264\n|move|p2a: Appletun|Dragon Pulse|p1a: Lurantis\n|-damage|p1a: Lurantis|141/264\n|\n|-heal|p1a: Lurantis|157/264|[from] item: Leftovers\n|upkeep\n|turn|31\n|inactive|Time left: 300 sec this turn | 300 sec total\n|\n|t:|1783557899\n|move|p1a: Lurantis|Superpower|p2a: Appletun\n|-supereffective|p2a: Appletun\n|-damage|p2a: Appletun|46/100\n|-boost|p1a: Lurantis|atk|1\n|-boost|p1a: Lurantis|def|1\n|move|p2a: Appletun|Dragon Tail|p1a: Lurantis\n|-damage|p1a: Lurantis|117/264\n|drag|p1a: Metagross|Metagross, L79|256/256\n|\n|-heal|p2a: Appletun|52/100|[from] item: Leftovers\n|upkeep\n|turn|32\n|inactive|Time left: 300 sec this turn | 300 sec total\n|\n|t:|1783557900\n|-terastallize|p1a: Metagross|Ground\n|move|p1a: Metagross|Earthquake|p2a: Appletun\n|-supereffective|p2a: Appletun\n|-damage|p2a: Appletun|0 fnt\n|faint|p2a: Appletun\n|\n|upkeep\n|\n|t:|1783557901\n|switch|p2a: Cryogonal|Cryogonal, L89|100/100\n|turn|33\n|inactive|Time left: 300 sec this turn | 300 sec total\n|\n|t:|1783557902\n|move|p2a: Cryogonal|Freeze-Dry|p1a: Metagross\n|-supereffective|p1a: Metagross\n|-damage|p1a: Metagross|98/256\n|-enditem|p1a: Metagross|Weakness Policy\n|-boost|p1a: Metagross|atk|2|[from] item: Weakness Policy\n|-boost|p1a: Metagross|spa|2|[from] item: Weakness Policy\n|move|p1a: Metagross|Heavy Slam|p2a: Cryogonal\n|-supereffective|p2a: Cryogonal\n|-damage|p2a: Cryogonal|0 fnt\n|faint|p2a: Cryogonal\n|\n|upkeep\n|\n|t:|1783557903\n|switch|p2a: Emboar|Emboar, L84, F|100/100\n|-damage|p2a: Emboar|88/100|[from] Spikes\n|-status|p2a: Emboar|psn\n|turn|34\n|inactive|Time left: 300 sec this turn | 300 sec total\n|\n|t:|1783557904\n|move|p2a: Emboar|Flare Blitz|p1a: Metagross\n|-damage|p1a: Metagross|0 fnt\n|faint|p1a: Metagross\n|-damage|p2a: Emboar|78/100 psn|[from] Recoil\n|\n|-damage|p2a: Emboar|66/100 psn|[from] psn\n|upkeep\n|inactive|Time left: 300 sec this turn | 300 sec total | 5 sec grace\n|\n|t:|1783557905\n|switch|p1a: Eternatus|Eternatus, L69|308/308\n|-ability|p1a: Eternatus|Pressure\n|turn|35\n|inactive|Time left: 300 sec this turn | 300 sec total\n|\n|t:|1783557906\n|move|p1a: Eternatus|Meteor Beam||[still]\n|-prepare|p1a: Eternatus|Meteor Beam\n|-boost|p1a: Eternatus|spa|1\n|-enditem|p1a: Eternatus|Power Herb\n|-anim|p1a: Eternatus|Meteor Beam|p2a: Emboar\n|-damage|p2a: Emboar|36/100 psn\n|move|p2a: Emboar|Flare Blitz|p1a: Eternatus\n|-resisted|p1a: Eternatus\n|-damage|p1a: Eternatus|205/308\n|-damage|p2a: Emboar|26/100 psn|[from] Recoil\n|\n|-damage|p2a: Emboar|13/100 psn|[from] psn\n|upkeep\n|turn|36\n|inactive|Time left: 300 sec this turn | 300 sec total\n|\n|t:|1783557907\n|move|p1a: Eternatus|Sludge Bomb|p2a: Emboar\n|-damage|p2a: Emboar|0 fnt\n|faint|p2a: Emboar\n|\n|upkeep\n|\n|t:|1783557908\n|switch|p2a: Sneasler|Sneasler, L74, F|100/100\n|-damage|p2a: Sneasler|88/100|[from] Spikes\n|-sideend|p2: p0y1611ec09|move: Toxic Spikes|[of] p2a: Sneasler\n|turn|37\n|inactive|Time left: 300 sec this turn | 300 sec total\n|\n|t:|1783557909\n|move|p2a: Sneasler|Swords Dance|p2a: Sneasler\n|-boost|p2a: Sneasler|atk|2\n|move|p1a: Eternatus|Dynamax Cannon|p2a: Sneasler\n|-damage|p2a: Sneasler|13/100\n|\n|upkeep\n|turn|38\n|inactive|Time left: 300 sec this turn | 300 sec total\n|\n|t:|1783557910\n|move|p2a: Sneasler|Close Combat|p1a: Eternatus\n|-resisted|p1a: Eternatus\n|-crit|p1a: Eternatus\n|-damage|p1a: Eternatus|0 fnt\n|-unboost|p2a: Sneasler|def|1\n|-unboost|p2a: Sneasler|spd|1\n|faint|p1a: Eternatus\n|-enditem|p2a: Sneasler|White Herb\n|-clearnegativeboost|p2a: Sneasler|[silent]\n|\n|upkeep\n|inactive|Time left: 300 sec this turn | 300 sec total | 5 sec grace\n|\n|t:|1783557912\n|switch|p1a: Cresselia|Cresselia, L80, F|260/323\n|turn|39\n|inactive|Time left: 300 sec this turn | 300 sec total\n|\n|t:|1783557913\n|move|p2a: Sneasler|Gunk Shot|p1a: Cresselia\n|-damage|p1a: Cresselia|52/323\n|move|p1a: Cresselia|Thunderbolt|p2a: Sneasler\n|-damage|p2a: Sneasler|0 fnt\n|faint|p2a: Sneasler\n|\n|-heal|p1a: Cresselia|72/323|[from] item: Leftovers\n|upkeep\n|\n|t:|1783557913\n|switch|p2a: Regieleki|Regieleki, L79|100/100\n|-damage|p2a: Regieleki|88/100|[from] Spikes\n|turn|40\n|inactive|Time left: 300 sec this turn | 300 sec total\n|\n|t:|1783557914\n|move|p2a: Regieleki|Rapid Spin|p1a: Cresselia\n|-damage|p1a: Cresselia|43/323\n|-boost|p2a: Regieleki|spe|1\n|-sideend|p2: p0y1611ec09|Spikes|[from] move: Rapid Spin|[of] p2a: Regieleki\n|move|p1a: Cresselia|Psyshock|p2a: Regieleki\n|-damage|p2a: Regieleki|48/100\n|\n|-heal|p1a: Cresselia|63/323|[from] item: Leftovers\n|upkeep\n|turn|41\n|inactive|Time left: 300 sec this turn | 300 sec total\n|\n|t:|1783557916\n|switch|p1a: Lurantis|Lurantis, L87, M|117/264\n|move|p2a: Regieleki|Thunderbolt|p1a: Lurantis\n|-resisted|p1a: Lurantis\n|-damage|p1a: Lurantis|58/264\n|\n|-heal|p1a: Lurantis|74/264|[from] item: Leftovers\n|upkeep\n|turn|42\n|inactive|Time left: 300 sec this turn | 300 sec total\n|\n|t:|1783557916\n|move|p2a: Regieleki|Thunderbolt|p1a: Lurantis\n|-resisted|p1a: Lurantis\n|-damage|p1a: Lurantis|14/264\n|move|p1a: Lurantis|Superpower|p2a: Regieleki\n|-damage|p2a: Regieleki|0 fnt\n|-boost|p1a: Lurantis|atk|1\n|-boost|p1a: Lurantis|def|1\n|faint|p2a: Regieleki\n|\n|win|p0x1611a5d8", "uploadtime": 1783557916, "views": 0, "rating": 0, "private": 0, "password": null, "_winner": "p0x1611a5d8", "_our_name": "p0x1611a5d8"}