{"id": "battle-gen9randombattle-2107", "formatid": "gen9randombattle", "format": "[Gen 9] Random Battle", "players": ["p0x2107f235", "p0y2107af5a"], "log": "|init|battle\n|title|p0x2107f235 vs. p0y2107af5a\n|j|\u2606p0x2107f235\n|j|\u2606p0y2107af5a\n|t:|1783563585\n|gametype|singles\n|player|p1|p0x2107f235|1|\n|player|p2|p0y2107af5a|265|\n|gen|9\n|tier|[Gen 9] Random Battle\n|rule|Species Clause: Limit one of each Pok\u00e9mon\n|rule|HP Percentage Mod: HP is shown in percentages\n|rule|Sleep Clause Mod: Limit one foe put to sleep\n|rule|Illusion Level Mod: Illusion disguises the Pok\u00e9mon's true level\n|\n|t:|1783563585\n|teamsize|p1|6\n|teamsize|p2|6\n|start\n|switch|p1a: Dedenne|Dedenne, L88, M|100/100\n|switch|p2a: Trevenant|Trevenant, L89, M|296/296\n|turn|1\n|inactive|Battle timer is ON: inactive players will automatically lose when time's up. (requested by p0y2107af5a)\n|inactive|p0x2107f235 also wants the timer to be on.\n|\n|t:|1783563586\n|move|p1a: Dedenne|Dazzling Gleam|p2a: Trevenant\n|-damage|p2a: Trevenant|217/296\n|move|p2a: Trevenant|Poltergeist|p1a: Dedenne\n|-activate|p1a: Dedenne|move: Poltergeist|Sitrus Berry\n|-damage|p1a: Dedenne|27/100\n|-enditem|p1a: Dedenne|Sitrus Berry|[eat]\n|-heal|p1a: Dedenne|52/100|[from] item: Sitrus Berry\n|-heal|p1a: Dedenne|85/100|[from] ability: Cheek Pouch\n|\n|upkeep\n|turn|2\n|inactive|Time left: 300 sec this turn | 300 sec total\n|\n|t:|1783563587\n|move|p1a: Dedenne|Dazzling Gleam|p2a: Trevenant\n|-damage|p2a: Trevenant|133/296\n|-enditem|p2a: Trevenant|Sitrus Berry|[eat]\n|-heal|p2a: Trevenant|207/296|[from] item: Sitrus Berry\n|move|p2a: Trevenant|Toxic|p1a: Dedenne\n|-status|p1a: Dedenne|tox\n|\n|-damage|p1a: Dedenne|79/100 tox|[from] psn\n|-item|p2a: Trevenant|Sitrus Berry|[from] ability: Harvest\n|upkeep\n|turn|3\n|inactive|Time left: 300 sec this turn | 300 sec total\n|\n|t:|1783563588\n|move|p1a: Dedenne|Nuzzle|p2a: Trevenant\n|-resisted|p2a: Trevenant\n|-damage|p2a: Trevenant|198/296\n|-status|p2a: Trevenant|par\n|move|p2a: Trevenant|Drain Punch|p1a: Dedenne\n|-resisted|p1a: Dedenne\n|-damage|p1a: Dedenne|64/100 tox\n|-heal|p2a: Trevenant|218/296 par|[from] drain|[of] p1a: Dedenne\n|\n|-damage|p1a: Dedenne|51/100 tox|[from] psn\n|upkeep\n|turn|4\n|inactive|Time left: 300 sec this turn | 300 sec total\n|\n|t:|1783563589\n|move|p1a: Dedenne|Dazzling Gleam|p2a: Trevenant\n|-damage|p2a: Trevenant|136/296 par\n|-enditem|p2a: Trevenant|Sitrus Berry|[eat]\n|-heal|p2a: Trevenant|210/296 par|[from] item: Sitrus Berry\n|move|p2a: Trevenant|Poltergeist||[still]\n|-fail|p2a: Trevenant\n|\n|-damage|p1a: Dedenne|33/100 tox|[from] psn\n|upkeep\n|turn|5\n|inactive|Time left: 300 sec this turn | 300 sec total\n|\n|t:|1783563591\n|move|p1a: Dedenne|Super Fang|p2a: Trevenant\n|-immune|p2a: Trevenant\n|move|p2a: Trevenant|Drain Punch|p1a: Dedenne\n|-resisted|p1a: Dedenne\n|-damage|p1a: Dedenne|17/100 tox\n|-heal|p2a: Trevenant|232/296 par|[from] drain|[of] p1a: Dedenne\n|\n|-damage|p1a: Dedenne|0 fnt|[from] psn\n|faint|p1a: Dedenne\n|-item|p2a: Trevenant|Sitrus Berry|[from] ability: Harvest\n|upkeep\n|\n|t:|1783563592\n|switch|p1a: Piloswine|Piloswine, L85, M|100/100\n|turn|6\n|inactive|Time left: 300 sec this turn | 300 sec total\n|\n|t:|1783563593\n|cant|p2a: Trevenant|par\n|move|p1a: Piloswine|Icicle Crash|p2a: Trevenant\n|-supereffective|p2a: Trevenant\n|-damage|p2a: Trevenant|22/296 par\n|-enditem|p2a: Trevenant|Sitrus Berry|[eat]\n|-heal|p2a: Trevenant|96/296 par|[from] item: Sitrus Berry\n|\n|-item|p2a: Trevenant|Sitrus Berry|[from] ability: Harvest\n|upkeep\n|-enditem|p2a: Trevenant|Sitrus Berry|[eat]\n|-heal|p2a: Trevenant|170/296 par|[from] item: Sitrus Berry\n|turn|7\n|inactive|Time left: 300 sec this turn | 300 sec total\n|\n|t:|1783563594\n|move|p2a: Trevenant|Protect|p2a: Trevenant\n|-singleturn|p2a: Trevenant|Protect\n|move|p1a: Piloswine|Icicle Crash|p2a: Trevenant\n|-activate|p2a: Trevenant|move: Protect\n|\n|-item|p2a: Trevenant|Sitrus Berry|[from] ability: Harvest\n|upkeep\n|turn|8\n|inactive|Time left: 300 sec this turn | 300 sec total\n|\n|t:|1783563595\n|move|p1a: Piloswine|Stealth Rock|p2a: Trevenant\n|-sidestart|p2: p0y2107af5a|move: Stealth Rock\n|cant|p2a: Trevenant|par\n|\n|upkeep\n|turn|9\n|inactive|Time left: 300 sec this turn | 300 sec total\n|\n|t:|1783563596\n|move|p2a: Trevenant|Protect|p2a: Trevenant\n|-singleturn|p2a: Trevenant|Protect\n|move|p1a: Piloswine|Icicle Crash|p2a: Trevenant\n|-activate|p2a: Trevenant|move: Protect\n|\n|upkeep\n|turn|10\n|inactive|Time left: 300 sec this turn | 300 sec total\n|\n|t:|1783563597\n|move|p1a: Piloswine|Icicle Crash|p2a: Trevenant\n|-supereffective|p2a: Trevenant\n|-damage|p2a: Trevenant|0 fnt\n|faint|p2a: Trevenant\n|\n|upkeep\n|inactive|Time left: 300 sec this turn | 300 sec total | 5 sec grace\n|\n|t:|1783563598\n|switch|p2a: Venomoth|Venomoth, L84, F|255/255\n|turn|11\n|inactive|Time left: 300 sec this turn | 300 sec total\n|\n|t:|1783563599\n|move|p2a: Venomoth|Sleep Powder|p1a: Piloswine\n|-status|p1a: Piloswine|slp|[from] move: Sleep Powder\n|cant|p1a: Piloswine|slp\n|\n|upkeep\n|turn|12\n|inactive|Time left: 300 sec this turn | 300 sec total\n|\n|t:|1783563600\n|move|p2a: Venomoth|Quiver Dance|p2a: Venomoth\n|-boost|p2a: Venomoth|spa|1\n|-boost|p2a: Venomoth|spd|1\n|-boost|p2a: Venomoth|spe|1\n|-curestatus|p1a: Piloswine|slp|[msg]\n|move|p1a: Piloswine|Earthquake|p2a: Venomoth\n|-damage|p2a: Venomoth|116/255\n|\n|upkeep\n|turn|13\n|inactive|Time left: 300 sec this turn | 300 sec total\n|\n|t:|1783563601\n|move|p2a: Venomoth|Sleep Powder|p1a: Piloswine\n|-status|p1a: Piloswine|slp|[from] move: Sleep Powder\n|cant|p1a: Piloswine|slp\n|\n|upkeep\n|turn|14\n|inactive|Time left: 300 sec this turn | 300 sec total\n|\n|t:|1783563602\n|switch|p1a: Mudsdale|Mudsdale, L83, F|100/100\n|move|p2a: Venomoth|Bug Buzz|p1a: Mudsdale\n|-damage|p1a: Mudsdale|58/100\n|-ability|p1a: Mudsdale|Stamina|boost\n|-boost|p1a: Mudsdale|def|1\n|\n|-heal|p1a: Mudsdale|64/100|[from] item: Leftovers\n|upkeep\n|turn|15\n|inactive|Time left: 300 sec this turn | 300 sec total\n|\n|t:|1783563603\n|move|p2a: Venomoth|Bug Buzz|p1a: Mudsdale\n|-damage|p1a: Mudsdale|17/100\n|-ability|p1a: Mudsdale|Stamina|boost\n|-boost|p1a: Mudsdale|def|1\n|move|p1a: Mudsdale|Earthquake|p2a: Venomoth\n|-damage|p2a: Venomoth|0 fnt\n|faint|p2a: Venomoth\n|\n|-heal|p1a: Mudsdale|23/100|[from] item: Leftovers\n|upkeep\n|inactive|Time left: 300 sec this turn | 300 sec total | 5 sec grace\n|\n|t:|1783563604\n|switch|p2a: Indeedee|Indeedee-F, L90, F|272/272\n|-damage|p2a: Indeedee|238/272|[from] Stealth Rock\n|-fieldstart|move: Psychic Terrain|[from] ability: Psychic Surge|[of] p2a: Indeedee\n|turn|16\n|inactive|Time left: 300 sec this turn | 300 sec total\n|\n|t:|1783563605\n|switch|p1a: Frosmoth|Frosmoth, L82, M|100/100\n|move|p2a: Indeedee|Psychic|p1a: Frosmoth\n|-damage|p1a: Frosmoth|74/100\n|\n|upkeep\n|turn|17\n|inactive|Time left: 300 sec this turn | 300 sec total\n|\n|t:|1783563606\n|move|p2a: Indeedee|Psychic|p1a: Frosmoth\n|-damage|p1a: Frosmoth|45/100\n|-unboost|p1a: Frosmoth|spd|1\n|move|p1a: Frosmoth|Quiver Dance|p1a: Frosmoth\n|-boost|p1a: Frosmoth|spa|1\n|-boost|p1a: Frosmoth|spd|1\n|-boost|p1a: Frosmoth|spe|1\n|\n|upkeep\n|turn|18\n|inactive|Time left: 300 sec this turn | 300 sec total\n|\n|t:|1783563607\n|move|p2a: Indeedee|Psychic|p1a: Frosmoth\n|-crit|p1a: Frosmoth\n|-damage|p1a: Frosmoth|4/100\n|move|p1a: Frosmoth|Bug Buzz|p2a: Indeedee\n|-supereffective|p2a: Indeedee\n|-damage|p2a: Indeedee|0 fnt\n|faint|p2a: Indeedee\n|\n|upkeep\n|inactive|Time left: 300 sec this turn | 300 sec total | 5 sec grace\n|\n|t:|1783563608\n|switch|p2a: Iron Jugulis|Iron Jugulis, L77|271/271\n|-damage|p2a: Iron Jugulis|204/271|[from] Stealth Rock\n|turn|19\n|inactive|Time left: 300 sec this turn | 300 sec total\n|\n|t:|1783563609\n|-end|p2a: Iron Jugulis|Quark Drive|[silent]\n|switch|p2a: Mewtwo|Mewtwo, L72|272/272\n|-damage|p2a: Mewtwo|238/272|[from] Stealth Rock\n|-ability|p2a: Mewtwo|Pressure\n|move|p1a: Frosmoth|Ice Beam|p2a: Mewtwo\n|-damage|p2a: Mewtwo|60/272\n|\n|upkeep\n|turn|20\n|inactive|Time left: 300 sec this turn | 300 sec total\n|\n|t:|1783563610\n|move|p1a: Frosmoth|Ice Beam|p2a: Mewtwo\n|-damage|p2a: Mewtwo|0 fnt\n|faint|p2a: Mewtwo\n|\n|-fieldend|move: Psychic Terrain\n|upkeep\n|inactive|Time left: 300 sec this turn | 300 sec total | 5 sec grace\n|\n|t:|1783563611\n|switch|p2a: Lokix|Lokix, L82, M|251/251\n|-damage|p2a: Lokix|189/251|[from] Stealth Rock\n|turn|21\n|inactive|Time left: 300 sec this turn | 300 sec total\n|\n|t:|1783563612\n|move|p2a: Lokix|First Impression|p1a: Frosmoth\n|-damage|p1a: Frosmoth|0 fnt\n|faint|p1a: Frosmoth\n|-damage|p2a: Lokix|164/251|[from] item: Life Orb\n|\n|upkeep\n|\n|t:|1783563612\n|switch|p1a: Plusle|Plusle, L95, M|100/100\n|turn|22\n|inactive|Time left: 300 sec this turn | 300 sec total\n|\n|t:|1783563613\n|switch|p2a: Iron Jugulis|Iron Jugulis, L77|204/271\n|-damage|p2a: Iron Jugulis|137/271|[from] Stealth Rock\n|move|p1a: Plusle|Thunderbolt|p2a: Iron Jugulis\n|-supereffective|p2a: Iron Jugulis\n|-damage|p2a: Iron Jugulis|0 fnt\n|faint|p2a: Iron Jugulis\n|-end|p2a: Iron Jugulis|Quark Drive|[silent]\n|-damage|p1a: Plusle|91/100|[from] item: Life Orb\n|\n|upkeep\n|inactive|Time left: 300 sec this turn | 300 sec total | 5 sec grace\n|\n|t:|1783563614\n|switch|p2a: Lokix|Lokix, L82, M|164/251\n|-damage|p2a: Lokix|102/251|[from] Stealth Rock\n|turn|23\n|inactive|Time left: 300 sec this turn | 300 sec total\n|\n|t:|1783563614\n|-terastallize|p2a: Lokix|Bug\n|move|p2a: Lokix|First Impression|p1a: Plusle\n|-damage|p1a: Plusle|6/100\n|-damage|p2a: Lokix|77/251|[from] item: Life Orb\n|move|p1a: Plusle|Thunderbolt|p2a: Lokix\n|-damage|p2a: Lokix|0 fnt\n|faint|p2a: Lokix\n|-damage|p1a: Plusle|0 fnt|[from] item: Life Orb\n|faint|p1a: Plusle\n|\n|win|p0x2107f235", "uploadtime": 1783563614, "views": 0, "rating": 0, "private": 0, "password": null, "_winner": "p0x2107f235", "_our_name": "p0y2107af5a"}