{"id": "battle-gen9randombattle-46", "formatid": "gen9randombattle", "format": "[Gen 9] Random Battle", "players": ["p0x046664f", "p0y0464c05"], "log": "|init|battle\n|title|p0x046664f vs. p0y0464c05\n|j|\u2606p0x046664f\n|j|\u2606p0y0464c05\n|t:|1783539712\n|gametype|singles\n|player|p1|p0x046664f|102|\n|player|p2|p0y0464c05|169|\n|gen|9\n|tier|[Gen 9] Random Battle\n|rule|Species Clause: Limit one of each Pok\u00e9mon\n|rule|HP Percentage Mod: HP is shown in percentages\n|rule|Sleep Clause Mod: Limit one foe put to sleep\n|rule|Illusion Level Mod: Illusion disguises the Pok\u00e9mon's true level\n|\n|t:|1783539712\n|teamsize|p1|6\n|teamsize|p2|6\n|start\n|switch|p1a: Scyther|Scyther, L82, M|249/249\n|switch|p2a: Victreebel|Victreebel, L90, F|100/100\n|turn|1\n|inactive|Battle timer is ON: inactive players will automatically lose when time's up. (requested by p0y0464c05)\n|inactive|Time left: 300 sec this turn | 300 sec total | 60 sec grace\n|\n|t:|1783539714\n|switch|p2a: Lunala|Lunala, L70|100/100\n|move|p1a: Scyther|Dual Wingbeat|p2a: Lunala\n|-damage|p2a: Lunala|88/100\n|-damage|p2a: Lunala|64/100\n|-hitcount|p2a: Lunala|2\n|\n|-heal|p2a: Lunala|70/100|[from] item: Leftovers\n|upkeep\n|turn|2\n|inactive|Time left: 300 sec this turn | 300 sec total\n|inactive|p0x046664f also wants the timer to be on.\n|\n|t:|1783539715\n|move|p1a: Scyther|Swords Dance|p1a: Scyther\n|-boost|p1a: Scyther|atk|2\n|move|p2a: Lunala|Moonlight|p2a: Lunala\n|-heal|p2a: Lunala|100/100\n|\n|upkeep\n|turn|3\n|inactive|Time left: 300 sec this turn | 300 sec total\n|\n|t:|1783539716\n|move|p1a: Scyther|Dual Wingbeat|p2a: Lunala\n|-damage|p2a: Lunala|76/100\n|-damage|p2a: Lunala|26/100\n|-hitcount|p2a: Lunala|2\n|move|p2a: Lunala|Moonlight|p2a: Lunala\n|-heal|p2a: Lunala|76/100\n|\n|-heal|p2a: Lunala|83/100|[from] item: Leftovers\n|upkeep\n|turn|4\n|inactive|Time left: 300 sec this turn | 300 sec total\n|\n|t:|1783539716\n|move|p1a: Scyther|Dual Wingbeat|p2a: Lunala\n|-damage|p2a: Lunala|34/100\n|-damage|p2a: Lunala|0 fnt\n|faint|p2a: Lunala\n|-hitcount|p2: Lunala|2\n|\n|upkeep\n|\n|t:|1783539718\n|switch|p2a: Floatzel|Floatzel, L86, M|100/100\n|turn|5\n|inactive|Time left: 300 sec this turn | 300 sec total\n|\n|t:|1783539719\n|-terastallize|p2a: Floatzel|Water\n|move|p2a: Floatzel|Wave Crash|p1a: Scyther\n|-damage|p1a: Scyther|57/249\n|-damage|p2a: Floatzel|78/100|[from] Recoil\n|move|p1a: Scyther|Dual Wingbeat|p2a: Floatzel\n|-damage|p2a: Floatzel|11/100\n|-damage|p2a: Floatzel|0 fnt\n|faint|p2a: Floatzel\n|-hitcount|p2: Floatzel|2\n|\n|upkeep\n|\n|t:|1783539720\n|switch|p2a: Samurott|Samurott, L88, F|100/100\n|turn|6\n|inactive|Time left: 300 sec this turn | 300 sec total\n|\n|t:|1783539721\n|move|p2a: Samurott|Aqua Jet|p1a: Scyther\n|-damage|p1a: Scyther|9/249\n|-damage|p2a: Samurott|90/100|[from] item: Life Orb\n|move|p1a: Scyther|Dual Wingbeat|p2a: Samurott\n|-damage|p2a: Samurott|50/100\n|-damage|p2a: Samurott|8/100\n|-hitcount|p2a: Samurott|2\n|\n|upkeep\n|turn|7\n|inactive|Time left: 300 sec this turn | 300 sec total\n|\n|t:|1783539723\n|move|p2a: Samurott|Aqua Jet|p1a: Scyther\n|-damage|p1a: Scyther|0 fnt\n|faint|p1a: Scyther\n|-damage|p2a: Samurott|0 fnt|[from] item: Life Orb\n|faint|p2a: Samurott\n|\n|upkeep\n|inactive|Time left: 300 sec this turn | 300 sec total | 5 sec grace\n|\n|t:|1783539724\n|switch|p1a: Flapple|Flapple, L88, M|266/266\n|switch|p2a: Espathra|Espathra, L80, M|100/100\n|turn|8\n|inactive|Time left: 300 sec this turn | 300 sec total\n|\n|t:|1783539725\n|move|p2a: Espathra|Lumina Crash|p1a: Flapple\n|-damage|p1a: Flapple|118/266\n|-unboost|p1a: Flapple|spd|2\n|move|p1a: Flapple|Outrage|p2a: Espathra\n|-damage|p2a: Espathra|0 fnt\n|faint|p2a: Espathra\n|\n|upkeep\n|\n|t:|1783539727\n|switch|p2a: Victreebel|Victreebel, L90, F|100/100\n|turn|9\n|inactive|Time left: 300 sec this turn | 300 sec total\n|\n|t:|1783539728\n|move|p2a: Victreebel|Sludge Wave|p1a: Flapple\n|-supereffective|p1a: Flapple\n|-damage|p1a: Flapple|0 fnt\n|faint|p1a: Flapple\n|-damage|p2a: Victreebel|90/100|[from] item: Life Orb\n|\n|upkeep\n|inactive|Time left: 300 sec this turn | 300 sec total | 5 sec grace\n|\n|t:|1783539729\n|switch|p1a: Glalie|Glalie, L96, M|309/309\n|turn|10\n|inactive|Time left: 300 sec this turn | 300 sec total\n|\n|t:|1783539730\n|switch|p2a: Arboliva|Arboliva, L91, M|100/100\n|move|p1a: Glalie|Freeze-Dry|p2a: Arboliva\n|-supereffective|p2a: Arboliva\n|-damage|p2a: Arboliva|53/100\n|-fieldstart|move: Grassy Terrain|[from] ability: Seed Sower|[of] p2a: Arboliva\n|\n|-heal|p2a: Arboliva|59/100|[from] Grassy Terrain\n|-heal|p2a: Arboliva|65/100|[from] item: Leftovers\n|upkeep\n|turn|11\n|inactive|Time left: 300 sec this turn | 300 sec total\n|\n|t:|1783539731\n|move|p1a: Glalie|Freeze-Dry|p2a: Arboliva\n|-supereffective|p2a: Arboliva\n|-damage|p2a: Arboliva|22/100\n|move|p2a: Arboliva|Strength Sap|p1a: Glalie\n|-unboost|p1a: Glalie|atk|1\n|-heal|p2a: Arboliva|94/100\n|\n|-heal|p2a: Arboliva|99/100|[from] Grassy Terrain\n|-heal|p2a: Arboliva|100/100|[from] item: Leftovers\n|upkeep\n|turn|12\n|inactive|Time left: 300 sec this turn | 300 sec total\n|\n|t:|1783539732\n|move|p1a: Glalie|Freeze-Dry|p2a: Arboliva\n|-supereffective|p2a: Arboliva\n|-damage|p2a: Arboliva|55/100\n|move|p2a: Arboliva|Energy Ball|p1a: Glalie\n|-damage|p1a: Glalie|156/309\n|\n|-heal|p1a: Glalie|175/309|[from] Grassy Terrain\n|-heal|p2a: Arboliva|61/100|[from] Grassy Terrain\n|-heal|p2a: Arboliva|67/100|[from] item: Leftovers\n|upkeep\n|turn|13\n|inactive|Time left: 300 sec this turn | 300 sec total\n|\n|t:|1783539733\n|move|p1a: Glalie|Freeze-Dry|p2a: Arboliva\n|-supereffective|p2a: Arboliva\n|-damage|p2a: Arboliva|24/100\n|move|p2a: Arboliva|Strength Sap|p1a: Glalie\n|-unboost|p1a: Glalie|atk|1\n|-heal|p2a: Arboliva|72/100\n|\n|-heal|p1a: Glalie|194/309|[from] Grassy Terrain\n|-heal|p2a: Arboliva|78/100|[from] Grassy Terrain\n|-heal|p2a: Arboliva|84/100|[from] item: Leftovers\n|upkeep\n|turn|14\n|inactive|Time left: 300 sec this turn | 300 sec total\n|\n|t:|1783539735\n|move|p1a: Glalie|Freeze-Dry|p2a: Arboliva\n|-supereffective|p2a: Arboliva\n|-damage|p2a: Arboliva|36/100\n|move|p2a: Arboliva|Energy Ball|p1a: Glalie\n|-damage|p1a: Glalie|41/309\n|\n|-heal|p1a: Glalie|60/309|[from] Grassy Terrain\n|-heal|p2a: Arboliva|43/100|[from] Grassy Terrain\n|-heal|p2a: Arboliva|49/100|[from] item: Leftovers\n|-fieldend|move: Grassy Terrain\n|upkeep\n|turn|15\n|inactive|Time left: 300 sec this turn | 300 sec total\n|\n|t:|1783539736\n|move|p1a: Glalie|Freeze-Dry|p2a: Arboliva\n|-supereffective|p2a: Arboliva\n|-damage|p2a: Arboliva|3/100\n|-fieldstart|move: Grassy Terrain|[from] ability: Seed Sower|[of] p2a: Arboliva\n|move|p2a: Arboliva|Strength Sap|p1a: Glalie\n|-unboost|p1a: Glalie|atk|1\n|-heal|p2a: Arboliva|38/100\n|\n|-heal|p1a: Glalie|79/309|[from] Grassy Terrain\n|-heal|p2a: Arboliva|45/100|[from] Grassy Terrain\n|-heal|p2a: Arboliva|51/100|[from] item: Leftovers\n|upkeep\n|turn|16\n|inactive|Time left: 300 sec this turn | 300 sec total\n|\n|t:|1783539737\n|move|p1a: Glalie|Freeze-Dry|p2a: Arboliva\n|-supereffective|p2a: Arboliva\n|-damage|p2a: Arboliva|3/100\n|move|p2a: Arboliva|Strength Sap|p1a: Glalie\n|-unboost|p1a: Glalie|atk|1\n|-heal|p2a: Arboliva|32/100\n|\n|-heal|p1a: Glalie|98/309|[from] Grassy Terrain\n|-heal|p2a: Arboliva|38/100|[from] Grassy Terrain\n|-heal|p2a: Arboliva|44/100|[from] item: Leftovers\n|upkeep\n|turn|17\n|inactive|Time left: 300 sec this turn | 300 sec total\n|\n|t:|1783539738\n|move|p1a: Glalie|Freeze-Dry|p2a: Arboliva\n|-supereffective|p2a: Arboliva\n|-crit|p2a: Arboliva\n|-damage|p2a: Arboliva|0 fnt\n|faint|p2a: Arboliva\n|\n|-heal|p1a: Glalie|117/309|[from] Grassy Terrain\n|upkeep\n|\n|t:|1783539739\n|switch|p2a: Victreebel|Victreebel, L90, F|90/100\n|turn|18\n|inactive|Time left: 300 sec this turn | 300 sec total\n|\n|t:|1783539740\n|move|p1a: Glalie|Freeze-Dry|p2a: Victreebel\n|-supereffective|p2a: Victreebel\n|-damage|p2a: Victreebel|30/100\n|move|p2a: Victreebel|Sleep Powder|p1a: Glalie\n|-status|p1a: Glalie|slp|[from] move: Sleep Powder\n|\n|-heal|p1a: Glalie|136/309 slp|[from] Grassy Terrain\n|-heal|p2a: Victreebel|36/100|[from] Grassy Terrain\n|upkeep\n|turn|19\n|inactive|Time left: 300 sec this turn | 300 sec total\n|\n|t:|1783539741\n|switch|p1a: Floatzel|Floatzel, L86, F|286/286\n|move|p2a: Victreebel|Sleep Powder|p1a: Floatzel\n|-message|Sleep Clause Mod activated.\n|-hint|Sleep Clause Mod prevents players from putting more than one of their opponent's Pok\u00e9mon to sleep at a time\n|\n|-heal|p2a: Victreebel|42/100|[from] Grassy Terrain\n|-fieldend|move: Grassy Terrain\n|upkeep\n|turn|20\n|inactive|Time left: 300 sec this turn | 300 sec total\n|\n|t:|1783539742\n|move|p1a: Floatzel|Ice Spinner|p2a: Victreebel\n|-supereffective|p2a: Victreebel\n|-damage|p2a: Victreebel|0 fnt\n|faint|p2a: Victreebel\n|\n|win|p0x046664f", "uploadtime": 1783539742, "views": 0, "rating": 0, "private": 0, "password": null, "_winner": "p0x046664f", "_our_name": "p0x046664f"}