{"id": "battle-gen9randombattle-1532", "formatid": "gen9randombattle", "format": "[Gen 9] Random Battle", "players": ["p0x1532da94", "p0y1532dd06"], "log": "|init|battle\n|title|p0x1532da94 vs. p0y1532dd06\n|j|\u2606p0x1532da94\n|j|\u2606p0y1532dd06\n|t:|1783556925\n|gametype|singles\n|player|p1|p0x1532da94|102|\n|player|p2|p0y1532dd06|265|\n|gen|9\n|tier|[Gen 9] Random Battle\n|rule|Species Clause: Limit one of each Pok\u00e9mon\n|rule|HP Percentage Mod: HP is shown in percentages\n|rule|Sleep Clause Mod: Limit one foe put to sleep\n|rule|Illusion Level Mod: Illusion disguises the Pok\u00e9mon's true level\n|\n|t:|1783556925\n|teamsize|p1|6\n|teamsize|p2|6\n|start\n|switch|p1a: Electivire|Electivire, L84, F|263/263\n|switch|p2a: Regirock|Regirock, L83|100/100\n|turn|1\n|inactive|Battle timer is ON: inactive players will automatically lose when time's up. (requested by p0y1532dd06)\n|inactive|Time left: 300 sec this turn | 300 sec total | 60 sec grace\n|inactive|p0x1532da94 also wants the timer to be on.\n|\n|t:|1783556926\n|switch|p1a: Alcremie|Alcremie-Ruby-Swirl, L90, F|263/263\n|move|p2a: Regirock|Body Press|p1a: Alcremie\n|-resisted|p1a: Alcremie\n|-damage|p1a: Alcremie|211/263\n|\n|-heal|p1a: Alcremie|227/263|[from] item: Leftovers\n|upkeep\n|turn|2\n|inactive|Time left: 300 sec this turn | 300 sec total\n|\n|t:|1783556927\n|move|p1a: Alcremie|Calm Mind|p1a: Alcremie\n|-boost|p1a: Alcremie|spa|1\n|-boost|p1a: Alcremie|spd|1\n|move|p2a: Regirock|Stone Edge|p1a: Alcremie\n|-damage|p1a: Alcremie|112/263\n|\n|-heal|p1a: Alcremie|128/263|[from] item: Leftovers\n|upkeep\n|turn|3\n|inactive|Time left: 300 sec this turn | 300 sec total\n|\n|t:|1783556928\n|move|p1a: Alcremie|Alluring Voice|p2a: Regirock\n|-damage|p2a: Regirock|41/100\n|move|p2a: Regirock|Stone Edge|p1a: Alcremie\n|-crit|p1a: Alcremie\n|-damage|p1a: Alcremie|0 fnt\n|faint|p1a: Alcremie\n|\n|-heal|p2a: Regirock|47/100|[from] item: Leftovers\n|upkeep\n|inactive|Time left: 300 sec this turn | 300 sec total | 5 sec grace\n|\n|t:|1783556929\n|switch|p1a: Keldeo|Keldeo-Resolute, L79|273/273\n|turn|4\n|inactive|Time left: 300 sec this turn | 300 sec total\n|\n|t:|1783556930\n|switch|p2a: Decidueye|Decidueye, L88, F|100/100\n|move|p1a: Keldeo|Hydro Pump|p2a: Decidueye\n|-resisted|p2a: Decidueye\n|-damage|p2a: Decidueye|69/100\n|\n|upkeep\n|turn|5\n|inactive|Time left: 300 sec this turn | 300 sec total\n|\n|t:|1783556931\n|move|p1a: Keldeo|Hydro Pump|p2a: Decidueye|[miss]\n|-miss|p1a: Keldeo|p2a: Decidueye\n|move|p2a: Decidueye|Leaf Storm|p1a: Keldeo\n|-supereffective|p1a: Keldeo\n|-damage|p1a: Keldeo|0 fnt\n|-unboost|p2a: Decidueye|spa|2\n|faint|p1a: Keldeo\n|-damage|p2a: Decidueye|59/100|[from] item: Life Orb\n|\n|upkeep\n|inactive|Time left: 300 sec this turn | 300 sec total | 5 sec grace\n|\n|t:|1783556931\n|switch|p1a: Baxcalibur|Baxcalibur, L75, F|296/296\n|turn|6\n|inactive|Time left: 300 sec this turn | 300 sec total\n|\n|t:|1783556932\n|switch|p2a: Mudsdale|Mudsdale, L83, F|100/100\n|move|p1a: Baxcalibur|Dragon Dance|p1a: Baxcalibur\n|-boost|p1a: Baxcalibur|atk|1\n|-boost|p1a: Baxcalibur|spe|1\n|\n|upkeep\n|turn|7\n|inactive|Time left: 300 sec this turn | 300 sec total\n|\n|t:|1783556933\n|-terastallize|p2a: Mudsdale|Steel\n|move|p1a: Baxcalibur|Icicle Crash|p2a: Mudsdale\n|-resisted|p2a: Mudsdale\n|-damage|p2a: Mudsdale|80/100\n|-ability|p2a: Mudsdale|Stamina|boost\n|-boost|p2a: Mudsdale|def|1\n|move|p2a: Mudsdale|Heavy Slam|p1a: Baxcalibur\n|-supereffective|p1a: Baxcalibur\n|-damage|p1a: Baxcalibur|30/296\n|\n|-heal|p2a: Mudsdale|86/100|[from] item: Leftovers\n|upkeep\n|turn|8\n|inactive|Time left: 300 sec this turn | 300 sec total\n|\n|t:|1783556935\n|move|p1a: Baxcalibur|Earthquake|p2a: Mudsdale\n|-supereffective|p2a: Mudsdale\n|-damage|p2a: Mudsdale|33/100\n|-ability|p2a: Mudsdale|Stamina|boost\n|-boost|p2a: Mudsdale|def|1\n|move|p2a: Mudsdale|Earthquake|p1a: Baxcalibur\n|-damage|p1a: Baxcalibur|0 fnt\n|faint|p1a: Baxcalibur\n|\n|-heal|p2a: Mudsdale|39/100|[from] item: Leftovers\n|upkeep\n|inactive|Time left: 300 sec this turn | 300 sec total | 5 sec grace\n|\n|t:|1783556935\n|switch|p1a: Hitmonchan|Hitmonchan, L87, M|229/229\n|turn|9\n|inactive|Time left: 300 sec this turn | 300 sec total\n|\n|t:|1783556936\n|move|p1a: Hitmonchan|Drain Punch|p2a: Mudsdale\n|-supereffective|p2a: Mudsdale\n|-damage|p2a: Mudsdale|0 fnt\n|faint|p2a: Mudsdale\n|-damage|p1a: Hitmonchan|207/229|[from] item: Life Orb\n|\n|upkeep\n|\n|t:|1783556937\n|switch|p2a: Lugia|Lugia, L73|100/100\n|turn|10\n|inactive|Time left: 300 sec this turn | 300 sec total\n|\n|t:|1783556938\n|switch|p1a: Electivire|Electivire, L84, F|263/263\n|move|p2a: Lugia|Aeroblast|p1a: Electivire\n|-resisted|p1a: Electivire\n|-crit|p1a: Electivire\n|-damage|p1a: Electivire|207/263\n|\n|upkeep\n|turn|11\n|inactive|Time left: 300 sec this turn | 300 sec total\n|\n|t:|1783556939\n|move|p1a: Electivire|Supercell Slam|p2a: Lugia\n|-supereffective|p2a: Lugia\n|-damage|p2a: Lugia|45/100\n|-damage|p1a: Electivire|181/263|[from] item: Life Orb\n|move|p2a: Lugia|Aeroblast|p1a: Electivire\n|-resisted|p1a: Electivire\n|-crit|p1a: Electivire\n|-damage|p1a: Electivire|123/263\n|\n|upkeep\n|turn|12\n|inactive|Time left: 300 sec this turn | 300 sec total\n|\n|t:|1783556940\n|switch|p2a: Regice|Regice, L88|100/100\n|move|p1a: Electivire|Knock Off|p2a: Regice\n|-damage|p2a: Regice|68/100\n|-enditem|p2a: Regice|Heavy-Duty Boots|[from] move: Knock Off|[of] p1a: Electivire\n|-damage|p1a: Electivire|97/263|[from] item: Life Orb\n|\n|upkeep\n|turn|13\n|inactive|Time left: 300 sec this turn | 300 sec total\n|\n|t:|1783556941\n|move|p1a: Electivire|Supercell Slam|p2a: Regice\n|-damage|p2a: Regice|18/100\n|-damage|p1a: Electivire|71/263|[from] item: Life Orb\n|move|p2a: Regice|Ice Beam|p1a: Electivire\n|-damage|p1a: Electivire|0 fnt\n|faint|p1a: Electivire\n|\n|upkeep\n|inactive|Time left: 300 sec this turn | 300 sec total | 5 sec grace\n|\n|t:|1783556942\n|switch|p1a: Hitmonchan|Hitmonchan, L87, M|207/229\n|turn|14\n|inactive|Time left: 300 sec this turn | 300 sec total\n|\n|t:|1783556943\n|switch|p2a: Slither Wing|Slither Wing, L81|100/100\n|move|p1a: Hitmonchan|Knock Off|p2a: Slither Wing\n|-resisted|p2a: Slither Wing\n|-damage|p2a: Slither Wing|81/100\n|-enditem|p2a: Slither Wing|Heavy-Duty Boots|[from] move: Knock Off|[of] p1a: Hitmonchan\n|-damage|p1a: Hitmonchan|185/229|[from] item: Life Orb\n|\n|upkeep\n|turn|15\n|inactive|Time left: 300 sec this turn | 300 sec total\n|\n|t:|1783556944\n|move|p1a: Hitmonchan|Swords Dance|p1a: Hitmonchan\n|-boost|p1a: Hitmonchan|atk|2\n|move|p2a: Slither Wing|Will-O-Wisp|p1a: Hitmonchan\n|-status|p1a: Hitmonchan|brn\n|\n|-damage|p1a: Hitmonchan|171/229 brn|[from] brn\n|upkeep\n|turn|16\n|inactive|Time left: 300 sec this turn | 300 sec total\n|\n|t:|1783556945\n|move|p1a: Hitmonchan|Drain Punch|p2a: Slither Wing\n|-resisted|p2a: Slither Wing\n|-damage|p2a: Slither Wing|51/100\n|-heal|p1a: Hitmonchan|212/229 brn|[from] drain|[of] p2a: Slither Wing\n|-damage|p1a: Hitmonchan|190/229 brn|[from] item: Life Orb\n|move|p2a: Slither Wing|Close Combat|p1a: Hitmonchan\n|-crit|p1a: Hitmonchan\n|-damage|p1a: Hitmonchan|0 fnt\n|-unboost|p2a: Slither Wing|def|1\n|-unboost|p2a: Slither Wing|spd|1\n|faint|p1a: Hitmonchan\n|\n|upkeep\n|inactive|Time left: 300 sec this turn | 300 sec total | 5 sec grace\n|\n|t:|1783556947\n|switch|p1a: Raikou|Raikou, L81|278/278\n|-ability|p1a: Raikou|Pressure\n|turn|17\n|inactive|Time left: 300 sec this turn | 300 sec total\n|\n|t:|1783556948\n|-end|p2a: Slither Wing|Protosynthesis|[silent]\n|switch|p2a: Decidueye|Decidueye, L88, F|59/100\n|move|p1a: Raikou|Thunderbolt|p2a: Decidueye\n|-resisted|p2a: Decidueye\n|-damage|p2a: Decidueye|42/100\n|-status|p2a: Decidueye|par\n|\n|upkeep\n|turn|18\n|inactive|Time left: 300 sec this turn | 300 sec total\n|\n|t:|1783556949\n|move|p1a: Raikou|Calm Mind|p1a: Raikou\n|-boost|p1a: Raikou|spa|1\n|-boost|p1a: Raikou|spd|1\n|move|p2a: Decidueye|Leaf Storm|p1a: Raikou\n|-damage|p1a: Raikou|160/278\n|-unboost|p2a: Decidueye|spa|2\n|-damage|p2a: Decidueye|33/100 par|[from] item: Life Orb\n|\n|-heal|p1a: Raikou|177/278|[from] item: Leftovers\n|upkeep\n|turn|19\n|inactive|Time left: 300 sec this turn | 300 sec total\n|\n|t:|1783556950\n|move|p1a: Raikou|Calm Mind|p1a: Raikou\n|-boost|p1a: Raikou|spa|1\n|-boost|p1a: Raikou|spd|1\n|cant|p2a: Decidueye|par\n|\n|-heal|p1a: Raikou|194/278|[from] item: Leftovers\n|upkeep\n|turn|20\n|inactive|Time left: 300 sec this turn | 300 sec total\n|\n|t:|1783556951\n|move|p1a: Raikou|Thunderbolt|p2a: Decidueye\n|-resisted|p2a: Decidueye\n|-damage|p2a: Decidueye|2/100 par\n|cant|p2a: Decidueye|par\n|\n|-heal|p1a: Raikou|211/278|[from] item: Leftovers\n|upkeep\n|turn|21\n|inactive|Time left: 300 sec this turn | 300 sec total\n|\n|t:|1783556952\n|move|p1a: Raikou|Thunderbolt|p2a: Decidueye\n|-resisted|p2a: Decidueye\n|-damage|p2a: Decidueye|0 fnt\n|faint|p2a: Decidueye\n|\n|-heal|p1a: Raikou|228/278|[from] item: Leftovers\n|upkeep\n|\n|t:|1783556953\n|switch|p2a: Regice|Regice, L88|18/100\n|turn|22\n|inactive|Time left: 300 sec this turn | 300 sec total\n|\n|t:|1783556955\n|move|p1a: Raikou|Thunderbolt|p2a: Regice\n|-damage|p2a: Regice|0 fnt\n|faint|p2a: Regice\n|\n|-heal|p1a: Raikou|245/278|[from] item: Leftovers\n|upkeep\n|\n|t:|1783556956\n|switch|p2a: Regirock|Regirock, L83|47/100\n|turn|23\n|inactive|Time left: 300 sec this turn | 300 sec total\n|\n|t:|1783556957\n|switch|p2a: Lugia|Lugia, L73|45/100\n|move|p1a: Raikou|Thunderbolt|p2a: Lugia\n|-supereffective|p2a: Lugia\n|-damage|p2a: Lugia|0 fnt\n|faint|p2a: Lugia\n|\n|-heal|p1a: Raikou|262/278|[from] item: Leftovers\n|upkeep\n|\n|t:|1783556958\n|switch|p2a: Regirock|Regirock, L83|47/100\n|turn|24\n|inactive|Time left: 300 sec this turn | 300 sec total\n|\n|t:|1783556958\n|-terastallize|p1a: Raikou|Grass\n|move|p1a: Raikou|Thunderbolt|p2a: Regirock\n|-damage|p2a: Regirock|0 fnt\n|faint|p2a: Regirock\n|\n|-heal|p1a: Raikou|278/278|[from] item: Leftovers\n|upkeep\n|\n|t:|1783556960\n|switch|p2a: Slither Wing|Slither Wing, L81|51/100\n|turn|25\n|inactive|Time left: 300 sec this turn | 300 sec total\n|\n|t:|1783556961\n|move|p1a: Raikou|Thunderbolt|p2a: Slither Wing\n|-damage|p2a: Slither Wing|0 fnt\n|faint|p2a: Slither Wing\n|-end|p2a: Slither Wing|Protosynthesis|[silent]\n|\n|win|p0x1532da94", "uploadtime": 1783556961, "views": 0, "rating": 0, "private": 0, "password": null, "_winner": "p0x1532da94", "_our_name": "p0x1532da94"}