{"id": "battle-gen9randombattle-2577", "formatid": "gen9randombattle", "format": "[Gen 9] Random Battle", "players": ["p0x2577a57d", "p0y2577ca0b"], "log": "|init|battle\n|title|p0x2577a57d vs. p0y2577ca0b\n|j|\u2606p0x2577a57d\n|j|\u2606p0y2577ca0b\n|t:|1783569777\n|gametype|singles\n|player|p1|p0x2577a57d|1|\n|player|p2|p0y2577ca0b|1|\n|gen|9\n|tier|[Gen 9] Random Battle\n|rule|Species Clause: Limit one of each Pok\u00e9mon\n|rule|HP Percentage Mod: HP is shown in percentages\n|rule|Sleep Clause Mod: Limit one foe put to sleep\n|rule|Illusion Level Mod: Illusion disguises the Pok\u00e9mon's true level\n|\n|t:|1783569777\n|teamsize|p1|6\n|teamsize|p2|6\n|start\n|switch|p1a: Roaring Moon|Roaring Moon, L72|270/270\n|switch|p2a: Brambleghast|Brambleghast, L88, F|100/100\n|turn|1\n|inactive|Battle timer is ON: inactive players will automatically lose when time's up. (requested by p0x2577a57d)\n|inactive|p0y2577ca0b also wants the timer to be on.\n|\n|t:|1783569779\n|switch|p2a: Alcremie|Alcremie-Salted-Cream, L90, F|100/100\n|-terastallize|p1a: Roaring Moon|Dragon\n|move|p1a: Roaring Moon|Outrage|p2a: Alcremie\n|-immune|p2a: Alcremie\n|\n|upkeep\n|turn|2\n|inactive|Time left: 300 sec this turn | 300 sec total\n|\n|t:|1783569780\n|move|p1a: Roaring Moon|Outrage|p2a: Alcremie\n|-immune|p2a: Alcremie\n|move|p2a: Alcremie|Calm Mind|p2a: Alcremie\n|-boost|p2a: Alcremie|spa|1\n|-boost|p2a: Alcremie|spd|1\n|\n|upkeep\n|turn|3\n|inactive|Time left: 300 sec this turn | 300 sec total\n|\n|t:|1783569781\n|move|p1a: Roaring Moon|Outrage|p2a: Alcremie\n|-immune|p2a: Alcremie\n|move|p2a: Alcremie|Alluring Voice|p1a: Roaring Moon\n|-supereffective|p1a: Roaring Moon\n|-damage|p1a: Roaring Moon|0 fnt\n|faint|p1a: Roaring Moon\n|-end|p1a: Roaring Moon|Protosynthesis|[silent]\n|\n|upkeep\n|inactive|Time left: 300 sec this turn | 300 sec total | 5 sec grace\n|\n|t:|1783569782\n|switch|p1a: Metagross|Metagross, L79|256/256\n|turn|4\n|inactive|Time left: 300 sec this turn | 300 sec total\n|\n|t:|1783569783\n|move|p2a: Alcremie|Alluring Voice|p1a: Metagross\n|-resisted|p1a: Metagross\n|-damage|p1a: Metagross|175/256\n|move|p1a: Metagross|Heavy Slam|p2a: Alcremie\n|-supereffective|p2a: Alcremie\n|-damage|p2a: Alcremie|0 fnt\n|faint|p2a: Alcremie\n|\n|upkeep\n|\n|t:|1783569784\n|switch|p2a: Sandslash|Sandslash, L89, F|100/100\n|turn|5\n|inactive|Time left: 300 sec this turn | 300 sec total\n|\n|t:|1783569785\n|switch|p1a: Torterra|Torterra, L78, M|276/276\n|move|p2a: Sandslash|Earthquake|p1a: Torterra\n|-resisted|p1a: Torterra\n|-damage|p1a: Torterra|223/276\n|\n|upkeep\n|turn|6\n|inactive|Time left: 300 sec this turn | 300 sec total\n|\n|t:|1783569787\n|move|p2a: Sandslash|Knock Off|p1a: Torterra\n|-damage|p1a: Torterra|155/276\n|-enditem|p1a: Torterra|Loaded Dice|[from] move: Knock Off|[of] p2a: Sandslash\n|move|p1a: Torterra|Shell Smash|p1a: Torterra\n|-unboost|p1a: Torterra|def|1\n|-unboost|p1a: Torterra|spd|1\n|-boost|p1a: Torterra|atk|2\n|-boost|p1a: Torterra|spa|2\n|-boost|p1a: Torterra|spe|2\n|\n|upkeep\n|turn|7\n|inactive|Time left: 300 sec this turn | 300 sec total\n|\n|t:|1783569788\n|-terastallize|p2a: Sandslash|Dragon\n|move|p1a: Torterra|Headlong Rush|p2a: Sandslash\n|-damage|p2a: Sandslash|32/100\n|-unboost|p1a: Torterra|def|1\n|-unboost|p1a: Torterra|spd|1\n|move|p2a: Sandslash|Earthquake|p1a: Torterra\n|-resisted|p1a: Torterra\n|-damage|p1a: Torterra|36/276\n|\n|-heal|p2a: Sandslash|38/100|[from] item: Leftovers\n|upkeep\n|turn|8\n|inactive|Time left: 300 sec this turn | 300 sec total\n|\n|t:|1783569789\n|move|p1a: Torterra|Headlong Rush|p2a: Sandslash\n|-damage|p2a: Sandslash|0 fnt\n|-unboost|p1a: Torterra|def|1\n|-unboost|p1a: Torterra|spd|1\n|faint|p2a: Sandslash\n|\n|upkeep\n|\n|t:|1783569790\n|switch|p2a: Arcanine|Arcanine, L84, F|100/100\n|-ability|p2a: Arcanine|Intimidate|boost\n|-unboost|p1a: Torterra|atk|1\n|turn|9\n|inactive|Time left: 300 sec this turn | 300 sec total\n|\n|t:|1783569791\n|move|p2a: Arcanine|Extreme Speed|p1a: Torterra\n|-damage|p1a: Torterra|0 fnt\n|faint|p1a: Torterra\n|\n|upkeep\n|inactive|Time left: 300 sec this turn | 300 sec total | 5 sec grace\n|\n|t:|1783569792\n|switch|p1a: Hoopa|Hoopa-Unbound, L80|259/259\n|turn|10\n|inactive|Time left: 300 sec this turn | 300 sec total\n|\n|t:|1783569793\n|move|p2a: Arcanine|Flare Blitz|p1a: Hoopa\n|-damage|p1a: Hoopa|51/259\n|-damage|p2a: Arcanine|77/100|[from] Recoil\n|move|p1a: Hoopa|Hyperspace Fury|p2a: Arcanine\n|-damage|p2a: Arcanine|0 fnt\n|-unboost|p1a: Hoopa|def|1\n|faint|p2a: Arcanine\n|\n|upkeep\n|\n|t:|1783569793\n|switch|p2a: Brambleghast|Brambleghast, L88, F|100/100\n|turn|11\n|inactive|Time left: 300 sec this turn | 300 sec total\n|\n|t:|1783569794\n|move|p2a: Brambleghast|Poltergeist|p1a: Hoopa\n|-activate|p1a: Hoopa|move: Poltergeist|Choice Band\n|-damage|p1a: Hoopa|0 fnt\n|faint|p1a: Hoopa\n|\n|upkeep\n|inactive|Time left: 300 sec this turn | 300 sec total | 5 sec grace\n|\n|t:|1783569795\n|switch|p1a: Tinkaton|Tinkaton, L82, F|274/274\n|-ability|p1a: Tinkaton|Mold Breaker\n|turn|12\n|inactive|Time left: 300 sec this turn | 300 sec total\n|\n|t:|1783569796\n|move|p1a: Tinkaton|Protect|p1a: Tinkaton\n|-singleturn|p1a: Tinkaton|Protect\n|move|p2a: Brambleghast|Poltergeist|p1a: Tinkaton\n|-activate|p1a: Tinkaton|move: Protect\n|\n|upkeep\n|turn|13\n|inactive|Time left: 300 sec this turn | 300 sec total\n|\n|t:|1783569797\n|move|p2a: Brambleghast|Poltergeist|p1a: Tinkaton\n|-activate|p1a: Tinkaton|move: Poltergeist|Leftovers\n|-damage|p1a: Tinkaton|96/274\n|move|p1a: Tinkaton|Gigaton Hammer|p2a: Brambleghast\n|-damage|p2a: Brambleghast|38/100\n|\n|-heal|p1a: Tinkaton|113/274|[from] item: Leftovers\n|upkeep\n|turn|14\n|inactive|Time left: 300 sec this turn | 300 sec total\n|\n|t:|1783569797\n|move|p1a: Tinkaton|Protect|p1a: Tinkaton\n|-singleturn|p1a: Tinkaton|Protect\n|move|p2a: Brambleghast|Poltergeist|p1a: Tinkaton\n|-activate|p1a: Tinkaton|move: Protect\n|\n|-heal|p1a: Tinkaton|130/274|[from] item: Leftovers\n|upkeep\n|turn|15\n|inactive|Time left: 300 sec this turn | 300 sec total\n|\n|t:|1783569798\n|switch|p1a: Diancie|Diancie, L82|216/216\n|move|p2a: Brambleghast|Poltergeist|p1a: Diancie|[miss]\n|-miss|p2a: Brambleghast|p1a: Diancie\n|\n|upkeep\n|turn|16\n|inactive|Time left: 300 sec this turn | 300 sec total\n|\n|t:|1783569799\n|move|p2a: Brambleghast|Power Whip|p1a: Diancie\n|-supereffective|p1a: Diancie\n|-damage|p1a: Diancie|0 fnt\n|faint|p1a: Diancie\n|\n|upkeep\n|inactive|Time left: 300 sec this turn | 300 sec total | 5 sec grace\n|\n|t:|1783569800\n|switch|p1a: Tinkaton|Tinkaton, L82, F|130/274\n|-ability|p1a: Tinkaton|Mold Breaker\n|turn|17\n|inactive|Time left: 300 sec this turn | 300 sec total\n|\n|t:|1783569801\n|move|p1a: Tinkaton|Protect|p1a: Tinkaton\n|-singleturn|p1a: Tinkaton|Protect\n|move|p2a: Brambleghast|Poltergeist|p1a: Tinkaton\n|-activate|p1a: Tinkaton|move: Protect\n|\n|-heal|p1a: Tinkaton|147/274|[from] item: Leftovers\n|upkeep\n|turn|18\n|inactive|Time left: 300 sec this turn | 300 sec total\n|\n|t:|1783569802\n|move|p1a: Tinkaton|Protect||[still]\n|-fail|p1a: Tinkaton\n|move|p2a: Brambleghast|Poltergeist|p1a: Tinkaton\n|-activate|p1a: Tinkaton|move: Poltergeist|Leftovers\n|-crit|p1a: Tinkaton\n|-damage|p1a: Tinkaton|0 fnt\n|faint|p1a: Tinkaton\n|\n|upkeep\n|inactive|Time left: 300 sec this turn | 300 sec total | 5 sec grace\n|\n|t:|1783569803\n|switch|p1a: Metagross|Metagross, L79|175/256\n|turn|19\n|inactive|Time left: 300 sec this turn | 300 sec total\n|\n|t:|1783569804\n|move|p2a: Brambleghast|Poltergeist|p1a: Metagross\n|-activate|p1a: Metagross|move: Poltergeist|Weakness Policy\n|-supereffective|p1a: Metagross\n|-damage|p1a: Metagross|0 fnt\n|faint|p1a: Metagross\n|\n|win|p0y2577ca0b", "uploadtime": 1783569804, "views": 0, "rating": 0, "private": 0, "password": null, "_winner": "p0y2577ca0b", "_our_name": "p0x2577a57d"}