{"id": "battle-gen9randombattle-1529", "formatid": "gen9randombattle", "format": "[Gen 9] Random Battle", "players": ["p0x1529acf3", "p0y152948d5"], "log": "|init|battle\n|title|p0x1529acf3 vs. p0y152948d5\n|j|\u2606p0x1529acf3\n|j|\u2606p0y152948d5\n|t:|1783557785\n|gametype|singles\n|player|p1|p0x1529acf3|101|\n|player|p2|p0y152948d5|2|\n|gen|9\n|tier|[Gen 9] Random Battle\n|rule|Species Clause: Limit one of each Pok\u00e9mon\n|rule|HP Percentage Mod: HP is shown in percentages\n|rule|Sleep Clause Mod: Limit one foe put to sleep\n|rule|Illusion Level Mod: Illusion disguises the Pok\u00e9mon's true level\n|\n|t:|1783557785\n|teamsize|p1|6\n|teamsize|p2|6\n|start\n|switch|p1a: Skeledirge|Skeledirge, L79, F|100/100\n|switch|p2a: Tauros|Tauros-Paldea-Combat, L82, M|257/257\n|-ability|p2a: Tauros|Intimidate|boost\n|-unboost|p1a: Skeledirge|atk|1\n|turn|1\n|inactive|Battle timer is ON: inactive players will automatically lose when time's up. (requested by p0y152948d5)\n|inactive|p0x1529acf3 also wants the timer to be on.\n|\n|t:|1783557787\n|move|p2a: Tauros|Earthquake|p1a: Skeledirge\n|-supereffective|p1a: Skeledirge\n|-damage|p1a: Skeledirge|26/100\n|move|p1a: Skeledirge|Torch Song|p2a: Tauros\n|-damage|p2a: Tauros|160/257\n|-boost|p1a: Skeledirge|spa|1\n|\n|upkeep\n|turn|2\n|inactive|Time left: 300 sec this turn | 300 sec total\n|\n|t:|1783557788\n|switch|p1a: Great Tusk|Great Tusk, L77|100/100\n|move|p2a: Tauros|Earthquake|p1a: Great Tusk\n|-damage|p1a: Great Tusk|73/100\n|\n|-heal|p1a: Great Tusk|79/100|[from] item: Leftovers\n|upkeep\n|turn|3\n|inactive|Time left: 300 sec this turn | 300 sec total\n|\n|t:|1783557789\n|move|p2a: Tauros|Earthquake|p1a: Great Tusk\n|-damage|p1a: Great Tusk|50/100\n|move|p1a: Great Tusk|Bulk Up|p1a: Great Tusk\n|-boost|p1a: Great Tusk|atk|1\n|-boost|p1a: Great Tusk|def|1\n|\n|-heal|p1a: Great Tusk|56/100|[from] item: Leftovers\n|upkeep\n|turn|4\n|inactive|Time left: 300 sec this turn | 300 sec total\n|\n|t:|1783557790\n|switch|p2a: Manaphy|Manaphy, L78|284/284\n|move|p1a: Great Tusk|Close Combat|p2a: Manaphy\n|-damage|p2a: Manaphy|80/284\n|-unboost|p1a: Great Tusk|def|1\n|-unboost|p1a: Great Tusk|spd|1\n|\n|-heal|p2a: Manaphy|97/284|[from] item: Leftovers\n|-heal|p1a: Great Tusk|62/100|[from] item: Leftovers\n|upkeep\n|turn|5\n|inactive|Time left: 300 sec this turn | 300 sec total\n|\n|t:|1783557791\n|-end|p1a: Great Tusk|Protosynthesis|[silent]\n|switch|p1a: Seviper|Seviper, L93, F|100/100\n|move|p2a: Manaphy|Hydro Pump|p1a: Seviper\n|-damage|p1a: Seviper|59/100\n|\n|-heal|p2a: Manaphy|114/284|[from] item: Leftovers\n|-heal|p1a: Seviper|65/100|[from] item: Leftovers\n|upkeep\n|turn|6\n|inactive|Time left: 300 sec this turn | 300 sec total\n|\n|t:|1783557792\n|move|p2a: Manaphy|Hydro Pump|p1a: Seviper\n|-damage|p1a: Seviper|20/100\n|move|p1a: Seviper|Gunk Shot|p2a: Manaphy\n|-damage|p2a: Manaphy|0 fnt\n|faint|p2a: Manaphy\n|\n|-heal|p1a: Seviper|26/100|[from] item: Leftovers\n|upkeep\n|inactive|Time left: 300 sec this turn | 300 sec total | 5 sec grace\n|\n|t:|1783557793\n|switch|p2a: Kricketune|Kricketune, L99, F|312/312\n|turn|7\n|inactive|Time left: 300 sec this turn | 300 sec total\n|\n|t:|1783557794\n|move|p2a: Kricketune|Sticky Web|p1a: Seviper\n|-sidestart|p1: p0x1529acf3|move: Sticky Web\n|move|p1a: Seviper|Gunk Shot|p2a: Kricketune\n|-damage|p2a: Kricketune|120/312\n|\n|-heal|p1a: Seviper|32/100|[from] item: Leftovers\n|upkeep\n|turn|8\n|inactive|Time left: 300 sec this turn | 300 sec total\n|\n|t:|1783557795\n|switch|p1a: Great Tusk|Great Tusk, L77|62/100\n|-activate|p1a: Great Tusk|move: Sticky Web\n|-unboost|p1a: Great Tusk|spe|1\n|move|p2a: Kricketune|Knock Off|p1a: Great Tusk\n|-resisted|p1a: Great Tusk\n|-damage|p1a: Great Tusk|50/100\n|-enditem|p1a: Great Tusk|Leftovers|[from] move: Knock Off|[of] p2a: Kricketune\n|\n|upkeep\n|turn|9\n|inactive|Time left: 300 sec this turn | 300 sec total\n|\n|t:|1783557796\n|move|p2a: Kricketune|Pounce|p1a: Great Tusk\n|-resisted|p1a: Great Tusk\n|-damage|p1a: Great Tusk|37/100\n|-unboost|p1a: Great Tusk|spe|1\n|move|p1a: Great Tusk|Rapid Spin|p2a: Kricketune\n|-damage|p2a: Kricketune|70/312\n|-boost|p1a: Great Tusk|spe|1\n|-sideend|p1: p0x1529acf3|Sticky Web|[from] move: Rapid Spin|[of] p1a: Great Tusk\n|\n|upkeep\n|turn|10\n|inactive|Time left: 300 sec this turn | 300 sec total\n|\n|t:|1783557797\n|move|p2a: Kricketune|Sticky Web|p1a: Great Tusk\n|-sidestart|p1: p0x1529acf3|move: Sticky Web\n|move|p1a: Great Tusk|Rapid Spin|p2a: Kricketune\n|-damage|p2a: Kricketune|20/312\n|-boost|p1a: Great Tusk|spe|1\n|-sideend|p1: p0x1529acf3|Sticky Web|[from] move: Rapid Spin|[of] p1a: Great Tusk\n|\n|upkeep\n|turn|11\n|inactive|Time left: 300 sec this turn | 300 sec total\n|\n|t:|1783557798\n|-terastallize|p2a: Kricketune|Ghost\n|move|p2a: Kricketune|Sticky Web|p1a: Great Tusk\n|-sidestart|p1: p0x1529acf3|move: Sticky Web\n|move|p1a: Great Tusk|Bulk Up|p1a: Great Tusk\n|-boost|p1a: Great Tusk|atk|1\n|-boost|p1a: Great Tusk|def|1\n|\n|upkeep\n|turn|12\n|inactive|Time left: 300 sec this turn | 300 sec total\n|\n|t:|1783557798\n|move|p2a: Kricketune|Pounce|p1a: Great Tusk\n|-resisted|p1a: Great Tusk\n|-damage|p1a: Great Tusk|29/100\n|-unboost|p1a: Great Tusk|spe|1\n|move|p1a: Great Tusk|Earthquake|p2a: Kricketune\n|-damage|p2a: Kricketune|0 fnt\n|faint|p2a: Kricketune\n|\n|upkeep\n|inactive|Time left: 300 sec this turn | 300 sec total | 5 sec grace\n|\n|t:|1783557799\n|switch|p2a: Clawitzer|Clawitzer, L87, F|265/265\n|turn|13\n|inactive|Time left: 300 sec this turn | 300 sec total\n|\n|t:|1783557800\n|move|p2a: Clawitzer|Water Pulse|p1a: Great Tusk\n|-supereffective|p1a: Great Tusk\n|-damage|p1a: Great Tusk|0 fnt\n|faint|p1a: Great Tusk\n|-end|p1a: Great Tusk|Protosynthesis|[silent]\n|\n|upkeep\n|\n|t:|1783557801\n|switch|p1a: Sunflora|Sunflora, M|100/100\n|-activate|p1a: Sunflora|move: Sticky Web\n|-unboost|p1a: Sunflora|spe|1\n|turn|14\n|inactive|Time left: 300 sec this turn | 300 sec total\n|\n|t:|1783557802\n|move|p2a: Clawitzer|U-turn|p1a: Sunflora\n|-supereffective|p1a: Sunflora\n|-damage|p1a: Sunflora|67/100\n|inactive|Time left: 300 sec this turn | 300 sec total | 5 sec grace\n|\n|t:|1783557803\n|switch|p2a: Greedent|Greedent, L86, F|347/347|[from] U-turn\n|move|p1a: Sunflora|Solar Beam||[still]\n|-prepare|p1a: Sunflora|Solar Beam\n|\n|upkeep\n|turn|15\n|inactive|Time left: 300 sec this turn | 300 sec total\n|\n|t:|1783557804\n|move|p2a: Greedent|Knock Off|p1a: Sunflora\n|-crit|p1a: Sunflora\n|-damage|p1a: Sunflora|28/100\n|-enditem|p1a: Sunflora|Life Orb|[from] move: Knock Off|[of] p2a: Greedent\n|move|p1a: Sunflora|Solar Beam|p2a: Greedent|[from] lockedmove\n|-damage|p2a: Greedent|125/347\n|-enditem|p2a: Greedent|Sitrus Berry|[eat]\n|-heal|p2a: Greedent|211/347|[from] item: Sitrus Berry\n|-heal|p2a: Greedent|326/347|[from] ability: Cheek Pouch\n|\n|upkeep\n|turn|16\n|inactive|Time left: 300 sec this turn | 300 sec total\n|\n|t:|1783557805\n|move|p2a: Greedent|Swords Dance|p2a: Greedent\n|-boost|p2a: Greedent|atk|2\n|move|p1a: Sunflora|Sunny Day|p1a: Sunflora\n|-weather|SunnyDay\n|\n|-weather|SunnyDay|[upkeep]\n|upkeep\n|turn|17\n|inactive|Time left: 300 sec this turn | 300 sec total\n|\n|t:|1783557806\n|move|p1a: Sunflora|Solar Beam||[still]\n|-prepare|p1a: Sunflora|Solar Beam\n|-anim|p1a: Sunflora|Solar Beam|p2a: Greedent\n|-damage|p2a: Greedent|103/347\n|move|p2a: Greedent|Knock Off|p1a: Sunflora\n|-damage|p1a: Sunflora|0 fnt\n|faint|p1a: Sunflora\n|\n|-weather|SunnyDay|[upkeep]\n|upkeep\n|\n|t:|1783557807\n|switch|p1a: Skeledirge|Skeledirge, L79, F|26/100\n|turn|18\n|inactive|Time left: 300 sec this turn | 300 sec total\n|\n|t:|1783557808\n|move|p1a: Skeledirge|Torch Song|p2a: Greedent\n|-damage|p2a: Greedent|0 fnt\n|-boost|p1a: Skeledirge|spa|1\n|faint|p2a: Greedent\n|\n|-weather|SunnyDay|[upkeep]\n|upkeep\n|inactive|Time left: 300 sec this turn | 300 sec total | 5 sec grace\n|\n|t:|1783557809\n|switch|p2a: Tauros|Tauros-Paldea-Combat, L82, M|160/257\n|-ability|p2a: Tauros|Intimidate|boost\n|-unboost|p1a: Skeledirge|atk|1\n|turn|19\n|inactive|Time left: 300 sec this turn | 300 sec total\n|\n|t:|1783557810\n|switch|p1a: Furret|Furret, L94, F|100/100\n|-activate|p1a: Furret|move: Sticky Web\n|-unboost|p1a: Furret|spe|1\n|-item|p2a: Tauros|Choice Band|[from] ability: Frisk|[of] p1a: Furret\n|move|p2a: Tauros|Earthquake|p1a: Furret\n|-damage|p1a: Furret|59/100\n|\n|-weather|SunnyDay|[upkeep]\n|upkeep\n|turn|20\n|inactive|Time left: 300 sec this turn | 300 sec total\n|\n|t:|1783557811\n|move|p2a: Tauros|Earthquake|p1a: Furret\n|-damage|p1a: Furret|19/100\n|move|p1a: Furret|Double-Edge|p2a: Tauros\n|-damage|p2a: Tauros|0 fnt\n|faint|p2a: Tauros\n|-damage|p1a: Furret|2/100|[from] Recoil\n|\n|-weather|none\n|upkeep\n|inactive|Time left: 300 sec this turn | 300 sec total | 5 sec grace\n|\n|t:|1783557812\n|switch|p2a: Clawitzer|Clawitzer, L87, F|265/265\n|turn|21\n|inactive|Time left: 300 sec this turn | 300 sec total\n|\n|t:|1783557813\n|move|p2a: Clawitzer|Water Pulse|p1a: Furret\n|-damage|p1a: Furret|0 fnt\n|faint|p1a: Furret\n|\n|upkeep\n|\n|t:|1783557814\n|switch|p1a: Bastiodon|Bastiodon, L89, F|100/100\n|-activate|p1a: Bastiodon|move: Sticky Web\n|-unboost|p1a: Bastiodon|spe|1\n|turn|22\n|inactive|Time left: 300 sec this turn | 300 sec total\n|\n|t:|1783557815\n|-terastallize|p1a: Bastiodon|Fighting\n|move|p2a: Clawitzer|Water Pulse|p1a: Bastiodon\n|-damage|p1a: Bastiodon|70/100\n|move|p1a: Bastiodon|Iron Defense|p1a: Bastiodon\n|-boost|p1a: Bastiodon|def|2\n|\n|upkeep\n|turn|23\n|inactive|Time left: 300 sec this turn | 300 sec total\n|\n|t:|1783557816\n|move|p2a: Clawitzer|Water Pulse|p1a: Bastiodon\n|-damage|p1a: Bastiodon|38/100\n|move|p1a: Bastiodon|Body Press|p2a: Clawitzer\n|-damage|p2a: Clawitzer|0 fnt\n|faint|p2a: Clawitzer\n|\n|upkeep\n|inactive|Time left: 300 sec this turn | 300 sec total | 5 sec grace\n|\n|t:|1783557817\n|switch|p2a: Forretress|Forretress, L84, F|263/263\n|turn|24\n|inactive|Time left: 300 sec this turn | 300 sec total\n|\n|t:|1783557818\n|move|p2a: Forretress|Iron Head|p1a: Bastiodon\n|-damage|p1a: Bastiodon|29/100\n|move|p1a: Bastiodon|Body Press|p2a: Forretress\n|-damage|p2a: Forretress|68/263\n|\n|-heal|p2a: Forretress|84/263|[from] item: Leftovers\n|upkeep\n|turn|25\n|inactive|Time left: 300 sec this turn | 300 sec total\n|\n|t:|1783557819\n|move|p2a: Forretress|Iron Head|p1a: Bastiodon\n|-damage|p1a: Bastiodon|20/100\n|move|p1a: Bastiodon|Body Press|p2a: Forretress\n|-damage|p2a: Forretress|0 fnt\n|faint|p2a: Forretress\n|\n|win|p0x1529acf3", "uploadtime": 1783557819, "views": 0, "rating": 0, "private": 0, "password": null, "_winner": "p0x1529acf3", "_our_name": "p0y152948d5"}