{"id": "battle-gen9randombattle-2429", "formatid": "gen9randombattle", "format": "[Gen 9] Random Battle", "players": ["p0x24296c87", "p0y2429ddd6"], "log": "|init|battle\n|title|p0x24296c87 vs. p0y2429ddd6\n|j|\u2606p0x24296c87\n|j|\u2606p0y2429ddd6\n|t:|1783567163\n|gametype|singles\n|player|p1|p0x24296c87|266|\n|player|p2|p0y2429ddd6|266|\n|gen|9\n|tier|[Gen 9] Random Battle\n|rule|Species Clause: Limit one of each Pok\u00e9mon\n|rule|HP Percentage Mod: HP is shown in percentages\n|rule|Sleep Clause Mod: Limit one foe put to sleep\n|rule|Illusion Level Mod: Illusion disguises the Pok\u00e9mon's true level\n|\n|t:|1783567163\n|teamsize|p1|6\n|teamsize|p2|6\n|start\n|switch|p1a: Ursaring|Ursaring, L84, F|100/100\n|switch|p2a: Sneasler|Sneasler, L74, F|240/240\n|turn|1\n|inactive|Battle timer is ON: inactive players will automatically lose when time's up. (requested by p0y2429ddd6)\n|inactive|p0x24296c87 also wants the timer to be on.\n|\n|t:|1783567165\n|move|p2a: Sneasler|Close Combat|p1a: Ursaring\n|-supereffective|p1a: Ursaring\n|-damage|p1a: Ursaring|37/100\n|-unboost|p2a: Sneasler|def|1\n|-unboost|p2a: Sneasler|spd|1\n|-enditem|p2a: Sneasler|White Herb\n|-clearnegativeboost|p2a: Sneasler|[silent]\n|move|p1a: Ursaring|Body Slam|p2a: Sneasler\n|-damage|p2a: Sneasler|77/240\n|\n|upkeep\n|turn|2\n|inactive|Time left: 300 sec this turn | 300 sec total\n|\n|t:|1783567166\n|move|p2a: Sneasler|Close Combat|p1a: Ursaring\n|-supereffective|p1a: Ursaring\n|-damage|p1a: Ursaring|0 fnt\n|-unboost|p2a: Sneasler|def|1\n|-unboost|p2a: Sneasler|spd|1\n|faint|p1a: Ursaring\n|\n|upkeep\n|\n|t:|1783567167\n|switch|p1a: Revavroom|Revavroom, L79, M|100/100\n|turn|3\n|inactive|Time left: 300 sec this turn | 300 sec total\n|\n|t:|1783567168\n|move|p2a: Sneasler|Close Combat|p1a: Revavroom\n|-damage|p1a: Revavroom|46/100\n|-unboost|p2a: Sneasler|def|1\n|-unboost|p2a: Sneasler|spd|1\n|move|p1a: Revavroom|Shift Gear|p1a: Revavroom\n|-boost|p1a: Revavroom|spe|2\n|-boost|p1a: Revavroom|atk|1\n|\n|upkeep\n|turn|4\n|inactive|Time left: 300 sec this turn | 300 sec total\n|\n|t:|1783567169\n|switch|p1a: Comfey|Comfey, L85, F|100/100\n|move|p2a: Sneasler|Close Combat|p1a: Comfey\n|-resisted|p1a: Comfey\n|-damage|p1a: Comfey|76/100\n|-unboost|p2a: Sneasler|def|1\n|-unboost|p2a: Sneasler|spd|1\n|\n|-heal|p1a: Comfey|82/100|[from] item: Leftovers\n|upkeep\n|turn|5\n|inactive|Time left: 300 sec this turn | 300 sec total\n|\n|t:|1783567170\n|switch|p2a: Lurantis|Lurantis, L87, F|264/264\n|move|p1a: Comfey|Draining Kiss|p2a: Lurantis\n|-damage|p2a: Lurantis|236/264\n|-heal|p1a: Comfey|91/100|[from] drain|[of] p2a: Lurantis\n|\n|-heal|p1a: Comfey|97/100|[from] item: Leftovers\n|upkeep\n|turn|6\n|inactive|Time left: 300 sec this turn | 300 sec total\n|\n|t:|1783567171\n|move|p1a: Comfey|Calm Mind|p1a: Comfey\n|-boost|p1a: Comfey|spa|1\n|-boost|p1a: Comfey|spd|1\n|move|p2a: Lurantis|Superpower|p1a: Comfey\n|-resisted|p1a: Comfey\n|-damage|p1a: Comfey|76/100\n|-boost|p2a: Lurantis|atk|1\n|-boost|p2a: Lurantis|def|1\n|\n|-heal|p1a: Comfey|82/100|[from] item: Leftovers\n|upkeep\n|turn|7\n|inactive|Time left: 300 sec this turn | 300 sec total\n|\n|t:|1783567172\n|move|p1a: Comfey|Calm Mind|p1a: Comfey\n|-boost|p1a: Comfey|spa|1\n|-boost|p1a: Comfey|spd|1\n|move|p2a: Lurantis|Superpower|p1a: Comfey\n|-resisted|p1a: Comfey\n|-damage|p1a: Comfey|50/100\n|-boost|p2a: Lurantis|atk|1\n|-boost|p2a: Lurantis|def|1\n|\n|-heal|p1a: Comfey|56/100|[from] item: Leftovers\n|upkeep\n|turn|8\n|inactive|Time left: 300 sec this turn | 300 sec total\n|\n|t:|1783567173\n|-terastallize|p1a: Comfey|Fairy\n|move|p1a: Comfey|Draining Kiss|p2a: Lurantis\n|-damage|p2a: Lurantis|138/264\n|-heal|p1a: Comfey|89/100|[from] drain|[of] p2a: Lurantis\n|move|p2a: Lurantis|Superpower|p1a: Comfey\n|-resisted|p1a: Comfey\n|-damage|p1a: Comfey|48/100\n|-boost|p2a: Lurantis|atk|1\n|-boost|p2a: Lurantis|def|1\n|\n|-heal|p1a: Comfey|54/100|[from] item: Leftovers\n|upkeep\n|turn|9\n|inactive|Time left: 300 sec this turn | 300 sec total\n|\n|t:|1783567174\n|-terastallize|p2a: Lurantis|Steel\n|move|p1a: Comfey|Draining Kiss|p2a: Lurantis\n|-resisted|p2a: Lurantis\n|-damage|p2a: Lurantis|90/264\n|-heal|p1a: Comfey|70/100|[from] drain|[of] p2a: Lurantis\n|move|p2a: Lurantis|Superpower|p1a: Comfey\n|-resisted|p1a: Comfey\n|-damage|p1a: Comfey|20/100\n|-boost|p2a: Lurantis|atk|1\n|-boost|p2a: Lurantis|def|1\n|\n|-heal|p1a: Comfey|27/100|[from] item: Leftovers\n|upkeep\n|turn|10\n|inactive|Time left: 300 sec this turn | 300 sec total\n|\n|t:|1783567175\n|move|p1a: Comfey|Stored Power|p2a: Lurantis\n|-resisted|p2a: Lurantis\n|-damage|p2a: Lurantis|46/264\n|move|p2a: Lurantis|Leech Life|p1a: Comfey\n|-resisted|p1a: Comfey\n|-damage|p1a: Comfey|0 fnt\n|-heal|p2a: Lurantis|76/264|[from] drain|[of] p1a: Comfey\n|faint|p1a: Comfey\n|\n|upkeep\n|\n|t:|1783567176\n|switch|p1a: Terrakion|Terrakion, L79|100/100\n|turn|11\n|inactive|Time left: 300 sec this turn | 300 sec total\n|\n|t:|1783567177\n|move|p1a: Terrakion|Close Combat|p2a: Lurantis\n|-supereffective|p2a: Lurantis\n|-damage|p2a: Lurantis|0 fnt\n|-unboost|p1a: Terrakion|def|1\n|-unboost|p1a: Terrakion|spd|1\n|faint|p2a: Lurantis\n|\n|upkeep\n|inactive|Time left: 300 sec this turn | 300 sec total | 5 sec grace\n|\n|t:|1783567178\n|switch|p2a: Sneasler|Sneasler, L74, F|77/240\n|turn|12\n|inactive|Time left: 300 sec this turn | 300 sec total\n|\n|t:|1783567179\n|switch|p1a: Latios|Latios, L78, M|100/100\n|move|p2a: Sneasler|Close Combat|p1a: Latios\n|-resisted|p1a: Latios\n|-damage|p1a: Latios|72/100\n|-unboost|p2a: Sneasler|def|1\n|-unboost|p2a: Sneasler|spd|1\n|\n|upkeep\n|turn|13\n|inactive|Time left: 300 sec this turn | 300 sec total\n|\n|t:|1783567179\n|switch|p2a: Grimmsnarl|Grimmsnarl, L83, M|293/293\n|move|p1a: Latios|Luster Purge|p2a: Grimmsnarl\n|-immune|p2a: Grimmsnarl\n|\n|upkeep\n|turn|14\n|inactive|Time left: 300 sec this turn | 300 sec total\n|\n|t:|1783567181\n|switch|p1a: Revavroom|Revavroom, L79, M|46/100\n|move|p2a: Grimmsnarl|Spirit Break|p1a: Revavroom\n|-resisted|p1a: Revavroom\n|-damage|p1a: Revavroom|38/100\n|-unboost|p1a: Revavroom|spa|1\n|\n|upkeep\n|turn|15\n|inactive|Time left: 300 sec this turn | 300 sec total\n|\n|t:|1783567182\n|move|p2a: Grimmsnarl|Reflect|p2a: Grimmsnarl\n|-sidestart|p2: p0y2429ddd6|Reflect\n|move|p1a: Revavroom|Shift Gear|p1a: Revavroom\n|-boost|p1a: Revavroom|spe|2\n|-boost|p1a: Revavroom|atk|1\n|\n|upkeep\n|turn|16\n|inactive|Time left: 300 sec this turn | 300 sec total\n|\n|t:|1783567183\n|move|p2a: Grimmsnarl|Parting Shot|p1a: Revavroom\n|-unboost|p1a: Revavroom|atk|1\n|-unboost|p1a: Revavroom|spa|1\n|inactive|Time left: 300 sec this turn | 300 sec total | 5 sec grace\n|\n|t:|1783567183\n|switch|p2a: Falinks|Falinks, L84|246/246|[from] Parting Shot\n|move|p1a: Revavroom|Gunk Shot|p2a: Falinks\n|-damage|p2a: Falinks|171/246\n|-status|p2a: Falinks|psn\n|-damage|p1a: Revavroom|28/100|[from] item: Life Orb\n|\n|-damage|p2a: Falinks|141/246 psn|[from] psn\n|upkeep\n|turn|17\n|inactive|Time left: 300 sec this turn | 300 sec total\n|\n|t:|1783567184\n|move|p1a: Revavroom|Gunk Shot|p2a: Falinks\n|-damage|p2a: Falinks|57/246 psn\n|-damage|p1a: Revavroom|18/100|[from] item: Life Orb\n|move|p2a: Falinks|No Retreat|p2a: Falinks\n|-boost|p2a: Falinks|atk|1\n|-boost|p2a: Falinks|def|1\n|-boost|p2a: Falinks|spa|1\n|-boost|p2a: Falinks|spd|1\n|-boost|p2a: Falinks|spe|1\n|-start|p2a: Falinks|move: No Retreat\n|\n|-damage|p2a: Falinks|27/246 psn|[from] psn\n|upkeep\n|turn|18\n|inactive|Time left: 300 sec this turn | 300 sec total\n|\n|t:|1783567185\n|move|p1a: Revavroom|Iron Head|p2a: Falinks\n|-damage|p2a: Falinks|0 fnt\n|faint|p2a: Falinks\n|-damage|p1a: Revavroom|8/100|[from] item: Life Orb\n|\n|upkeep\n|inactive|Time left: 300 sec this turn | 300 sec total | 5 sec grace\n|\n|t:|1783567186\n|switch|p2a: Grimmsnarl|Grimmsnarl, L83, M|293/293\n|turn|19\n|inactive|Time left: 300 sec this turn | 300 sec total\n|\n|t:|1783567188\n|move|p2a: Grimmsnarl|Light Screen|p2a: Grimmsnarl\n|-sidestart|p2: p0y2429ddd6|move: Light Screen\n|move|p1a: Revavroom|Gunk Shot|p2a: Grimmsnarl\n|-supereffective|p2a: Grimmsnarl\n|-damage|p2a: Grimmsnarl|71/293\n|-damage|p1a: Revavroom|0 fnt|[from] item: Life Orb\n|faint|p1a: Revavroom\n|\n|upkeep\n|\n|t:|1783567189\n|switch|p1a: Terrakion|Terrakion, L79|100/100\n|turn|20\n|inactive|Time left: 300 sec this turn | 300 sec total\n|\n|t:|1783567190\n|move|p2a: Grimmsnarl|Parting Shot|p1a: Terrakion\n|-unboost|p1a: Terrakion|atk|1\n|-unboost|p1a: Terrakion|spa|1\n|inactive|Time left: 300 sec this turn | 300 sec total | 5 sec grace\n|\n|t:|1783567191\n|switch|p2a: Vigoroth|Vigoroth, L85, F|275/275|[from] Parting Shot\n|move|p1a: Terrakion|Close Combat|p2a: Vigoroth\n|-supereffective|p2a: Vigoroth\n|-damage|p2a: Vigoroth|179/275\n|-unboost|p1a: Terrakion|def|1\n|-unboost|p1a: Terrakion|spd|1\n|\n|upkeep\n|turn|21\n|inactive|Time left: 300 sec this turn | 300 sec total\n|\n|t:|1783567192\n|switch|p1a: Arceus|Arceus-Steel, L70|100/100\n|move|p2a: Vigoroth|Slack Off|p2a: Vigoroth\n|-heal|p2a: Vigoroth|275/275\n|\n|upkeep\n|turn|22\n|inactive|Time left: 300 sec this turn | 300 sec total\n|\n|t:|1783567193\n|move|p1a: Arceus|Calm Mind|p1a: Arceus\n|-boost|p1a: Arceus|spa|1\n|-boost|p1a: Arceus|spd|1\n|move|p2a: Vigoroth|Bulk Up|p2a: Vigoroth\n|-boost|p2a: Vigoroth|atk|1\n|-boost|p2a: Vigoroth|def|1\n|\n|-sideend|p2: p0y2429ddd6|Reflect\n|upkeep\n|turn|23\n|inactive|Time left: 300 sec this turn | 300 sec total\n|\n|t:|1783567194\n|move|p1a: Arceus|Calm Mind|p1a: Arceus\n|-boost|p1a: Arceus|spa|1\n|-boost|p1a: Arceus|spd|1\n|move|p2a: Vigoroth|Bulk Up|p2a: Vigoroth\n|-boost|p2a: Vigoroth|atk|1\n|-boost|p2a: Vigoroth|def|1\n|\n|upkeep\n|turn|24\n|inactive|Time left: 300 sec this turn | 300 sec total\n|\n|t:|1783567195\n|move|p1a: Arceus|Judgment|p2a: Vigoroth\n|-damage|p2a: Vigoroth|185/275\n|move|p2a: Vigoroth|Body Slam|p1a: Arceus\n|-resisted|p1a: Arceus\n|-damage|p1a: Arceus|76/100\n|\n|upkeep\n|turn|25\n|inactive|Time left: 300 sec this turn | 300 sec total\n|\n|t:|1783567196\n|move|p1a: Arceus|Judgment|p2a: Vigoroth\n|-damage|p2a: Vigoroth|92/275\n|move|p2a: Vigoroth|Slack Off|p2a: Vigoroth\n|-heal|p2a: Vigoroth|230/275\n|\n|upkeep\n|turn|26\n|inactive|Time left: 300 sec this turn | 300 sec total\n|\n|t:|1783567197\n|move|p1a: Arceus|Judgment|p2a: Vigoroth\n|-damage|p2a: Vigoroth|137/275\n|move|p2a: Vigoroth|Body Slam|p1a: Arceus\n|-resisted|p1a: Arceus\n|-damage|p1a: Arceus|51/100\n|\n|-sideend|p2: p0y2429ddd6|move: Light Screen\n|upkeep\n|turn|27\n|inactive|Time left: 300 sec this turn | 300 sec total\n|\n|t:|1783567198\n|move|p1a: Arceus|Judgment|p2a: Vigoroth\n|-damage|p2a: Vigoroth|0 fnt\n|faint|p2a: Vigoroth\n|\n|upkeep\n|inactive|Time left: 300 sec this turn | 300 sec total | 5 sec grace\n|\n|t:|1783567199\n|switch|p2a: Sneasler|Sneasler, L74, F|77/240\n|turn|28\n|inactive|Time left: 300 sec this turn | 300 sec total\n|\n|t:|1783567200\n|switch|p1a: Latios|Latios, L78, M|72/100\n|move|p2a: Sneasler|Close Combat|p1a: Latios\n|-resisted|p1a: Latios\n|-damage|p1a: Latios|44/100\n|-unboost|p2a: Sneasler|def|1\n|-unboost|p2a: Sneasler|spd|1\n|\n|upkeep\n|turn|29\n|inactive|Time left: 300 sec this turn | 300 sec total\n|\n|t:|1783567201\n|move|p2a: Sneasler|Gunk Shot|p1a: Latios|[miss]\n|-miss|p2a: Sneasler|p1a: Latios\n|move|p1a: Latios|Recover|p1a: Latios\n|-heal|p1a: Latios|94/100\n|\n|upkeep\n|turn|30\n|inactive|Time left: 300 sec this turn | 300 sec total\n|\n|t:|1783567203\n|switch|p2a: Grimmsnarl|Grimmsnarl, L83, M|71/293\n|move|p1a: Latios|Aura Sphere|p2a: Grimmsnarl\n|-damage|p2a: Grimmsnarl|0 fnt\n|faint|p2a: Grimmsnarl\n|\n|upkeep\n|inactive|Time left: 300 sec this turn | 300 sec total | 5 sec grace\n|\n|t:|1783567203\n|switch|p2a: Maushold|Maushold, L76|238/238\n|turn|31\n|inactive|Time left: 300 sec this turn | 300 sec total\n|\n|t:|1783567204\n|switch|p1a: Terrakion|Terrakion, L79|100/100\n|move|p2a: Maushold|Population Bomb|p1a: Terrakion\n|-resisted|p1a: Terrakion\n|-damage|p1a: Terrakion|96/100\n|-resisted|p1a: Terrakion\n|-damage|p1a: Terrakion|92/100\n|-resisted|p1a: Terrakion\n|-damage|p1a: Terrakion|87/100\n|-resisted|p1a: Terrakion\n|-damage|p1a: Terrakion|83/100\n|-resisted|p1a: Terrakion\n|-crit|p1a: Terrakion\n|-damage|p1a: Terrakion|76/100\n|-resisted|p1a: Terrakion\n|-damage|p1a: Terrakion|72/100\n|-resisted|p1a: Terrakion\n|-damage|p1a: Terrakion|68/100\n|-resisted|p1a: Terrakion\n|-damage|p1a: Terrakion|64/100\n|-resisted|p1a: Terrakion\n|-damage|p1a: Terrakion|59/100\n|-resisted|p1a: Terrakion\n|-damage|p1a: Terrakion|55/100\n|-hitcount|p1a: Terrakion|10\n|\n|upkeep\n|turn|32\n|inactive|Time left: 300 sec this turn | 300 sec total\n|\n|t:|1783567205\n|move|p1a: Terrakion|Close Combat|p2a: Maushold\n|-supereffective|p2a: Maushold\n|-damage|p2a: Maushold|0 fnt\n|-unboost|p1a: Terrakion|def|1\n|-unboost|p1a: Terrakion|spd|1\n|faint|p2a: Maushold\n|\n|upkeep\n|inactive|Time left: 300 sec this turn | 300 sec total | 5 sec grace\n|\n|t:|1783567206\n|switch|p2a: Sneasler|Sneasler, L74, F|77/240\n|turn|33\n|inactive|Time left: 300 sec this turn | 300 sec total\n|\n|t:|1783567207\n|move|p2a: Sneasler|Close Combat|p1a: Terrakion\n|-supereffective|p1a: Terrakion\n|-crit|p1a: Terrakion\n|-damage|p1a: Terrakion|0 fnt\n|-unboost|p2a: Sneasler|def|1\n|-unboost|p2a: Sneasler|spd|1\n|faint|p1a: Terrakion\n|\n|upkeep\n|\n|t:|1783567208\n|switch|p1a: Latios|Latios, L78, M|94/100\n|turn|34\n|inactive|Time left: 300 sec this turn | 300 sec total\n|\n|t:|1783567209\n|move|p2a: Sneasler|Gunk Shot|p1a: Latios\n|-damage|p1a: Latios|34/100\n|move|p1a: Latios|Luster Purge|p2a: Sneasler\n|-supereffective|p2a: Sneasler\n|-damage|p2a: Sneasler|0 fnt\n|faint|p2a: Sneasler\n|\n|win|p0x24296c87", "uploadtime": 1783567209, "views": 0, "rating": 0, "private": 0, "password": null, "_winner": "p0x24296c87", "_our_name": "p0y2429ddd6"}