{"id": "battle-gen9randombattle-1054", "formatid": "gen9randombattle", "format": "[Gen 9] Random Battle", "players": ["p0x10542129", "p0y105403f6"], "log": "|init|battle\n|title|p0x10542129 vs. p0y105403f6\n|j|\u2606p0x10542129\n|j|\u2606p0y105403f6\n|t:|1783551412\n|gametype|singles\n|player|p1|p0x10542129|265|\n|player|p2|p0y105403f6|2|\n|gen|9\n|tier|[Gen 9] Random Battle\n|rule|Species Clause: Limit one of each Pok\u00e9mon\n|rule|HP Percentage Mod: HP is shown in percentages\n|rule|Sleep Clause Mod: Limit one foe put to sleep\n|rule|Illusion Level Mod: Illusion disguises the Pok\u00e9mon's true level\n|\n|t:|1783551412\n|teamsize|p1|6\n|teamsize|p2|6\n|start\n|switch|p1a: Lugia|Lugia, L73|275/275\n|switch|p2a: Salazzle|Salazzle, L83, F|100/100\n|turn|1\n|inactive|Battle timer is ON: inactive players will automatically lose when time's up. (requested by p0x10542129)\n|inactive|p0y105403f6 also wants the timer to be on.\n|\n|t:|1783551414\n|move|p2a: Salazzle|Nasty Plot|p2a: Salazzle\n|-boost|p2a: Salazzle|spa|2\n|move|p1a: Lugia|Calm Mind|p1a: Lugia\n|-boost|p1a: Lugia|spa|1\n|-boost|p1a: Lugia|spd|1\n|\n|upkeep\n|turn|2\n|inactive|Time left: 300 sec this turn | 300 sec total\n|\n|t:|1783551415\n|move|p2a: Salazzle|Sludge Wave|p1a: Lugia\n|-damage|p1a: Lugia|219/275\n|move|p1a: Lugia|Aeroblast|p2a: Salazzle|[miss]\n|-miss|p1a: Lugia|p2a: Salazzle\n|\n|upkeep\n|turn|3\n|inactive|Time left: 300 sec this turn | 300 sec total\n|\n|t:|1783551416\n|move|p2a: Salazzle|Fire Blast|p1a: Lugia\n|-damage|p1a: Lugia|102/275\n|move|p1a: Lugia|Earth Power|p2a: Salazzle\n|-supereffective|p2a: Salazzle\n|-damage|p2a: Salazzle|0 fnt\n|faint|p2a: Salazzle\n|\n|upkeep\n|\n|t:|1783551416\n|switch|p2a: Reshiram|Reshiram, L76|100/100\n|-ability|p2a: Reshiram|Turboblaze\n|turn|4\n|inactive|Time left: 300 sec this turn | 300 sec total\n|\n|t:|1783551417\n|move|p1a: Lugia|Recover|p1a: Lugia\n|-heal|p1a: Lugia|240/275\n|move|p2a: Reshiram|Dragon Dance|p2a: Reshiram\n|-boost|p2a: Reshiram|atk|1\n|-boost|p2a: Reshiram|spe|1\n|\n|upkeep\n|turn|5\n|inactive|Time left: 300 sec this turn | 300 sec total\n|\n|t:|1783551418\n|switch|p1a: Gyarados|Gyarados, L79, M|280/280\n|-ability|p1a: Gyarados|Intimidate|boost\n|-unboost|p2a: Reshiram|atk|1\n|move|p2a: Reshiram|Outrage|p1a: Gyarados\n|-damage|p1a: Gyarados|133/280\n|\n|upkeep\n|turn|6\n|inactive|Time left: 300 sec this turn | 300 sec total\n|\n|t:|1783551419\n|switch|p1a: Pecharunt|Pecharunt, L77|262/262\n|move|p2a: Reshiram|Outrage|p1a: Pecharunt|[from] lockedmove\n|-damage|p1a: Pecharunt|174/262\n|-damage|p2a: Reshiram|84/100|[from] item: Rocky Helmet|[of] p1a: Pecharunt\n|-start|p2a: Reshiram|confusion|[fatigue]\n|\n|upkeep\n|turn|7\n|inactive|Time left: 300 sec this turn | 300 sec total\n|\n|t:|1783551419\n|-activate|p2a: Reshiram|confusion\n|move|p2a: Reshiram|Dragon Dance|p2a: Reshiram\n|-boost|p2a: Reshiram|atk|1\n|-boost|p2a: Reshiram|spe|1\n|move|p1a: Pecharunt|Malignant Chain|p2a: Reshiram\n|-damage|p2a: Reshiram|58/100\n|-status|p2a: Reshiram|tox\n|\n|-damage|p2a: Reshiram|52/100 tox|[from] psn\n|upkeep\n|turn|8\n|inactive|Time left: 300 sec this turn | 300 sec total\n|\n|t:|1783551420\n|-activate|p2a: Reshiram|confusion\n|move|p2a: Reshiram|Outrage|p1a: Pecharunt\n|-damage|p1a: Pecharunt|44/262\n|-damage|p2a: Reshiram|35/100 tox|[from] item: Rocky Helmet|[of] p1a: Pecharunt\n|move|p1a: Pecharunt|Recover|p1a: Pecharunt\n|-heal|p1a: Pecharunt|175/262\n|\n|-damage|p2a: Reshiram|23/100 tox|[from] psn\n|upkeep\n|turn|9\n|inactive|Time left: 300 sec this turn | 300 sec total\n|\n|t:|1783551421\n|-end|p2a: Reshiram|confusion\n|move|p2a: Reshiram|Outrage|p1a: Pecharunt|[from] lockedmove\n|-damage|p1a: Pecharunt|45/262\n|-damage|p2a: Reshiram|6/100 tox|[from] item: Rocky Helmet|[of] p1a: Pecharunt\n|-start|p2a: Reshiram|confusion|[fatigue]\n|move|p1a: Pecharunt|Recover|p1a: Pecharunt\n|-heal|p1a: Pecharunt|176/262\n|\n|-damage|p2a: Reshiram|0 fnt|[from] psn\n|faint|p2a: Reshiram\n|upkeep\n|\n|t:|1783551421\n|switch|p2a: Flapple|Flapple, L88, F|100/100\n|turn|10\n|inactive|Time left: 300 sec this turn | 300 sec total\n|\n|t:|1783551422\n|move|p1a: Pecharunt|Malignant Chain|p2a: Flapple\n|-supereffective|p2a: Flapple\n|-damage|p2a: Flapple|19/100\n|move|p2a: Flapple|Outrage|p1a: Pecharunt\n|-damage|p1a: Pecharunt|0 fnt\n|-damage|p2a: Flapple|3/100|[from] item: Rocky Helmet|[of] p1a: Pecharunt\n|faint|p1a: Pecharunt\n|\n|upkeep\n|inactive|Time left: 300 sec this turn | 300 sec total | 5 sec grace\n|\n|t:|1783551423\n|switch|p1a: Sandy Shocks|Sandy Shocks, L80|267/267\n|turn|11\n|inactive|Time left: 300 sec this turn | 300 sec total\n|\n|t:|1783551424\n|move|p1a: Sandy Shocks|Thunderbolt|p2a: Flapple\n|-resisted|p2a: Flapple\n|-damage|p2a: Flapple|0 fnt\n|faint|p2a: Flapple\n|\n|upkeep\n|\n|t:|1783551425\n|switch|p2a: Cinccino|Cinccino, L83, M|100/100\n|turn|12\n|inactive|Time left: 300 sec this turn | 300 sec total\n|\n|t:|1783551426\n|move|p2a: Cinccino|Tidy Up|p2a: Cinccino\n|-boost|p2a: Cinccino|atk|1\n|-boost|p2a: Cinccino|spe|1\n|move|p1a: Sandy Shocks|Volt Switch|p2a: Cinccino\n|-damage|p2a: Cinccino|60/100\n|inactive|Time left: 300 sec this turn | 300 sec total | 5 sec grace\n|\n|t:|1783551427\n|-end|p1a: Sandy Shocks|Protosynthesis|[silent]\n|switch|p1a: Gyarados|Gyarados, L79, M|133/280|[from] Volt Switch\n|-ability|p1a: Gyarados|Intimidate|boost\n|-unboost|p2a: Cinccino|atk|1\n|\n|upkeep\n|turn|13\n|inactive|Time left: 300 sec this turn | 300 sec total\n|\n|t:|1783551428\n|switch|p1a: Delphox|Delphox, L84, F|263/263\n|move|p2a: Cinccino|Tail Slap|p1a: Delphox\n|-crit|p1a: Delphox\n|-damage|p1a: Delphox|196/263\n|-damage|p1a: Delphox|147/263\n|-damage|p1a: Delphox|105/263\n|-damage|p1a: Delphox|56/263\n|-hitcount|p1a: Delphox|4\n|\n|upkeep\n|turn|14\n|inactive|Time left: 300 sec this turn | 300 sec total\n|\n|t:|1783551429\n|switch|p1a: Gyarados|Gyarados, L79, M|133/280\n|-ability|p1a: Gyarados|Intimidate|boost\n|-unboost|p2a: Cinccino|atk|1\n|move|p2a: Cinccino|Triple Axel|p1a: Gyarados\n|-damage|p1a: Gyarados|117/280\n|-damage|p1a: Gyarados|86/280\n|-damage|p1a: Gyarados|38/280\n|-hitcount|p1a: Gyarados|3\n|\n|upkeep\n|turn|15\n|inactive|Time left: 300 sec this turn | 300 sec total\n|\n|t:|1783551430\n|switch|p1a: Delphox|Delphox, L84, F|56/263\n|move|p2a: Cinccino|Triple Axel|p1a: Delphox\n|-resisted|p1a: Delphox\n|-damage|p1a: Delphox|48/263\n|-resisted|p1a: Delphox\n|-damage|p1a: Delphox|34/263\n|-resisted|p1a: Delphox\n|-damage|p1a: Delphox|10/263\n|-hitcount|p1a: Delphox|3\n|\n|upkeep\n|turn|16\n|inactive|Time left: 300 sec this turn | 300 sec total\n|\n|t:|1783551431\n|switch|p1a: Gyarados|Gyarados, L79, M|38/280\n|-ability|p1a: Gyarados|Intimidate|boost\n|-unboost|p2a: Cinccino|atk|1\n|move|p2a: Cinccino|Bullet Seed|p1a: Gyarados\n|-damage|p1a: Gyarados|22/280\n|-damage|p1a: Gyarados|8/280\n|-crit|p1a: Gyarados\n|-damage|p1a: Gyarados|0 fnt\n|faint|p1a: Gyarados\n|-hitcount|p1: Gyarados|3\n|\n|upkeep\n|inactive|Time left: 300 sec this turn | 300 sec total | 5 sec grace\n|\n|t:|1783551432\n|switch|p1a: Lugia|Lugia, L73|240/275\n|turn|17\n|inactive|Time left: 300 sec this turn | 300 sec total\n|\n|t:|1783551433\n|move|p2a: Cinccino|Tidy Up|p2a: Cinccino\n|-boost|p2a: Cinccino|atk|1\n|-boost|p2a: Cinccino|spe|1\n|move|p1a: Lugia|Calm Mind|p1a: Lugia\n|-boost|p1a: Lugia|spa|1\n|-boost|p1a: Lugia|spd|1\n|\n|upkeep\n|turn|18\n|inactive|Time left: 300 sec this turn | 300 sec total\n|\n|t:|1783551434\n|-terastallize|p2a: Cinccino|Ice\n|move|p2a: Cinccino|Triple Axel|p1a: Lugia|[miss]\n|-miss|p2a: Cinccino|p1a: Lugia\n|move|p1a: Lugia|Aeroblast|p2a: Cinccino\n|-damage|p2a: Cinccino|0 fnt\n|faint|p2a: Cinccino\n|\n|upkeep\n|\n|t:|1783551435\n|switch|p2a: Gastrodon|Gastrodon, L86, M|100/100\n|turn|19\n|inactive|Time left: 300 sec this turn | 300 sec total\n|\n|t:|1783551436\n|move|p1a: Lugia|Calm Mind|p1a: Lugia\n|-boost|p1a: Lugia|spa|1\n|-boost|p1a: Lugia|spd|1\n|move|p2a: Gastrodon|Surf|p1a: Lugia\n|-damage|p1a: Lugia|206/275\n|\n|upkeep\n|turn|20\n|inactive|Time left: 300 sec this turn | 300 sec total\n|\n|t:|1783551437\n|move|p1a: Lugia|Calm Mind|p1a: Lugia\n|-boost|p1a: Lugia|spa|1\n|-boost|p1a: Lugia|spd|1\n|move|p2a: Gastrodon|Recover||[still]\n|-fail|p2a: Gastrodon|heal\n|\n|upkeep\n|turn|21\n|inactive|Time left: 300 sec this turn | 300 sec total\n|\n|t:|1783551438\n|move|p1a: Lugia|Aeroblast|p2a: Gastrodon\n|-damage|p2a: Gastrodon|40/100\n|move|p2a: Gastrodon|Recover|p2a: Gastrodon\n|-heal|p2a: Gastrodon|90/100\n|\n|-heal|p2a: Gastrodon|96/100|[from] item: Leftovers\n|upkeep\n|turn|22\n|inactive|Time left: 300 sec this turn | 300 sec total\n|\n|t:|1783551439\n|move|p1a: Lugia|Aeroblast|p2a: Gastrodon\n|-crit|p2a: Gastrodon\n|-damage|p2a: Gastrodon|0 fnt\n|faint|p2a: Gastrodon\n|\n|upkeep\n|\n|t:|1783551440\n|switch|p2a: Luvdisc|Luvdisc, F|100/100\n|turn|23\n|inactive|Time left: 300 sec this turn | 300 sec total\n|\n|t:|1783551441\n|move|p2a: Luvdisc|Substitute|p2a: Luvdisc\n|-start|p2a: Luvdisc|Substitute\n|-damage|p2a: Luvdisc|76/100\n|move|p1a: Lugia|Aeroblast|p2a: Luvdisc\n|-crit|p2a: Luvdisc\n|-end|p2a: Luvdisc|Substitute\n|\n|upkeep\n|turn|24\n|inactive|Time left: 300 sec this turn | 300 sec total\n|\n|t:|1783551442\n|-terastallize|p1a: Lugia|Ground\n|move|p2a: Luvdisc|Substitute|p2a: Luvdisc\n|-start|p2a: Luvdisc|Substitute\n|-damage|p2a: Luvdisc|51/100\n|move|p1a: Lugia|Aeroblast|p2a: Luvdisc\n|-end|p2a: Luvdisc|Substitute\n|\n|upkeep\n|turn|25\n|inactive|Time left: 300 sec this turn | 300 sec total\n|\n|t:|1783551443\n|move|p2a: Luvdisc|Substitute|p2a: Luvdisc\n|-start|p2a: Luvdisc|Substitute\n|-damage|p2a: Luvdisc|26/100\n|move|p1a: Lugia|Earth Power|p2a: Luvdisc\n|-end|p2a: Luvdisc|Substitute\n|\n|upkeep\n|turn|26\n|inactive|Time left: 300 sec this turn | 300 sec total\n|\n|t:|1783551444\n|move|p2a: Luvdisc|Substitute|p2a: Luvdisc\n|-start|p2a: Luvdisc|Substitute\n|-damage|p2a: Luvdisc|2/100\n|move|p1a: Lugia|Earth Power|p2a: Luvdisc\n|-end|p2a: Luvdisc|Substitute\n|\n|upkeep\n|turn|27\n|inactive|Time left: 300 sec this turn | 300 sec total\n|\n|t:|1783551445\n|move|p2a: Luvdisc|Endeavor|p1a: Lugia\n|-damage|p1a: Lugia|3/275\n|move|p1a: Lugia|Earth Power|p2a: Luvdisc\n|-damage|p2a: Luvdisc|0 fnt\n|faint|p2a: Luvdisc\n|\n|win|p0x10542129", "uploadtime": 1783551445, "views": 0, "rating": 0, "private": 0, "password": null, "_winner": "p0x10542129", "_our_name": "p0x10542129"}