{"id": "battle-gen9randombattle-1157", "formatid": "gen9randombattle", "format": "[Gen 9] Random Battle", "players": ["p0x1157b949", "p0y11573a71"], "log": "|init|battle\n|title|p0x1157b949 vs. p0y11573a71\n|j|\u2606p0x1157b949\n|j|\u2606p0y11573a71\n|t:|1783552548\n|gametype|singles\n|player|p1|p0x1157b949|1|\n|player|p2|p0y11573a71|2|\n|gen|9\n|tier|[Gen 9] Random Battle\n|rule|Species Clause: Limit one of each Pok\u00e9mon\n|rule|HP Percentage Mod: HP is shown in percentages\n|rule|Sleep Clause Mod: Limit one foe put to sleep\n|rule|Illusion Level Mod: Illusion disguises the Pok\u00e9mon's true level\n|\n|t:|1783552548\n|teamsize|p1|6\n|teamsize|p2|6\n|start\n|switch|p1a: Electivire|Electivire, L84, M|263/263\n|switch|p2a: Raichu|Raichu-Alola, L87, F|100/100\n|turn|1\n|inactive|Battle timer is ON: inactive players will automatically lose when time's up. (requested by p0y11573a71)\n|inactive|Time left: 300 sec this turn | 300 sec total | 60 sec grace\n|inactive|p0x1157b949 also wants the timer to be on.\n|\n|t:|1783552549\n|move|p2a: Raichu|Psychic|p1a: Electivire\n|-damage|p1a: Electivire|101/263\n|move|p1a: Electivire|Knock Off|p2a: Raichu\n|-supereffective|p2a: Raichu\n|-damage|p2a: Raichu|0 fnt\n|-enditem|p2a: Raichu|Choice Specs|[from] move: Knock Off|[of] p1a: Electivire\n|faint|p2a: Raichu\n|-damage|p1a: Electivire|75/263|[from] item: Life Orb\n|\n|upkeep\n|\n|t:|1783552550\n|switch|p2a: Hydrapple|Hydrapple, L83, M|100/100\n|turn|2\n|inactive|Time left: 300 sec this turn | 300 sec total\n|\n|t:|1783552551\n|move|p1a: Electivire|Knock Off|p2a: Hydrapple\n|-damage|p2a: Hydrapple|71/100\n|-enditem|p2a: Hydrapple|Choice Specs|[from] move: Knock Off|[of] p1a: Electivire\n|-damage|p1a: Electivire|49/263|[from] item: Life Orb\n|move|p2a: Hydrapple|Fickle Beam|p1a: Electivire\n|-damage|p1a: Electivire|0 fnt\n|faint|p1a: Electivire\n|\n|upkeep\n|inactive|Time left: 300 sec this turn | 300 sec total | 5 sec grace\n|\n|t:|1783552552\n|switch|p1a: Inteleon|Inteleon, L81, M|246/246\n|turn|3\n|inactive|Time left: 300 sec this turn | 300 sec total\n|\n|t:|1783552553\n|switch|p2a: Azumarill|Azumarill, L82, F|100/100\n|move|p1a: Inteleon|Ice Beam|p2a: Azumarill\n|-resisted|p2a: Azumarill\n|-damage|p2a: Azumarill|80/100\n|\n|upkeep\n|turn|4\n|inactive|Time left: 300 sec this turn | 300 sec total\n|\n|t:|1783552555\n|move|p1a: Inteleon|Ice Beam|p2a: Azumarill\n|-resisted|p2a: Azumarill\n|-damage|p2a: Azumarill|60/100\n|move|p2a: Azumarill|Play Rough|p1a: Inteleon\n|-damage|p1a: Inteleon|35/246\n|\n|upkeep\n|turn|5\n|inactive|Time left: 300 sec this turn | 300 sec total\n|\n|t:|1783552556\n|move|p1a: Inteleon|Ice Beam|p2a: Azumarill\n|-resisted|p2a: Azumarill\n|-damage|p2a: Azumarill|40/100\n|move|p2a: Azumarill|Play Rough|p1a: Inteleon|[miss]\n|-miss|p2a: Azumarill|p1a: Inteleon\n|\n|upkeep\n|turn|6\n|inactive|Time left: 300 sec this turn | 300 sec total\n|\n|t:|1783552557\n|move|p1a: Inteleon|Ice Beam|p2a: Azumarill\n|-resisted|p2a: Azumarill\n|-damage|p2a: Azumarill|21/100\n|move|p2a: Azumarill|Play Rough|p1a: Inteleon\n|-damage|p1a: Inteleon|0 fnt\n|faint|p1a: Inteleon\n|\n|upkeep\n|inactive|Time left: 300 sec this turn | 300 sec total | 5 sec grace\n|\n|t:|1783552558\n|switch|p1a: Chi-Yu|Chi-Yu, L77|211/211\n|-ability|p1a: Chi-Yu|Beads of Ruin\n|turn|7\n|inactive|Time left: 300 sec this turn | 300 sec total\n|\n|t:|1783552559\n|switch|p2a: Blissey|Blissey, L85, F|100/100\n|move|p1a: Chi-Yu|Flamethrower|p2a: Blissey\n|-crit|p2a: Blissey\n|-damage|p2a: Blissey|76/100\n|\n|-heal|p2a: Blissey|82/100|[from] item: Leftovers\n|upkeep\n|turn|8\n|inactive|Time left: 300 sec this turn | 300 sec total\n|\n|t:|1783552560\n|move|p1a: Chi-Yu|Flamethrower|p2a: Blissey\n|-damage|p2a: Blissey|66/100\n|move|p2a: Blissey|Seismic Toss|p1a: Chi-Yu\n|-damage|p1a: Chi-Yu|126/211\n|\n|-heal|p2a: Blissey|72/100|[from] item: Leftovers\n|upkeep\n|turn|9\n|inactive|Time left: 300 sec this turn | 300 sec total\n|\n|t:|1783552561\n|switch|p1a: Landorus|Landorus, L75, M|257/257\n|move|p2a: Blissey|Thunder Wave|p1a: Landorus\n|-immune|p1a: Landorus\n|\n|-heal|p2a: Blissey|78/100|[from] item: Leftovers\n|upkeep\n|turn|10\n|inactive|Time left: 300 sec this turn | 300 sec total\n|\n|t:|1783552562\n|move|p1a: Landorus|Nasty Plot|p1a: Landorus\n|-boost|p1a: Landorus|spa|2\n|move|p2a: Blissey|Soft-Boiled|p2a: Blissey\n|-heal|p2a: Blissey|100/100\n|\n|upkeep\n|turn|11\n|inactive|Time left: 300 sec this turn | 300 sec total\n|\n|t:|1783552563\n|move|p1a: Landorus|Nasty Plot|p1a: Landorus\n|-boost|p1a: Landorus|spa|2\n|move|p2a: Blissey|Seismic Toss|p1a: Landorus\n|-damage|p1a: Landorus|172/257\n|\n|upkeep\n|turn|12\n|inactive|Time left: 300 sec this turn | 300 sec total\n|\n|t:|1783552565\n|move|p1a: Landorus|Earth Power|p2a: Blissey\n|-damage|p2a: Blissey|47/100\n|move|p2a: Blissey|Seismic Toss|p1a: Landorus\n|-damage|p1a: Landorus|87/257\n|\n|-heal|p2a: Blissey|53/100|[from] item: Leftovers\n|upkeep\n|turn|13\n|inactive|Time left: 300 sec this turn | 300 sec total\n|\n|t:|1783552566\n|move|p1a: Landorus|Earth Power|p2a: Blissey\n|-damage|p2a: Blissey|0 fnt\n|faint|p2a: Blissey\n|\n|upkeep\n|\n|t:|1783552567\n|switch|p2a: Azumarill|Azumarill, L82, F|21/100\n|turn|14\n|inactive|Time left: 300 sec this turn | 300 sec total\n|\n|t:|1783552568\n|switch|p1a: Golduck|Golduck, L90, F|290/290\n|-ability|p1a: Golduck|Cloud Nine\n|move|p2a: Azumarill|Aqua Jet|p1a: Golduck\n|-resisted|p1a: Golduck\n|-damage|p1a: Golduck|251/290\n|\n|upkeep\n|turn|15\n|inactive|Time left: 300 sec this turn | 300 sec total\n|\n|t:|1783552569\n|move|p2a: Azumarill|Aqua Jet|p1a: Golduck\n|-resisted|p1a: Golduck\n|-damage|p1a: Golduck|213/290\n|move|p1a: Golduck|Nasty Plot|p1a: Golduck\n|-boost|p1a: Golduck|spa|2\n|\n|upkeep\n|turn|16\n|inactive|Time left: 300 sec this turn | 300 sec total\n|\n|t:|1783552570\n|move|p2a: Azumarill|Aqua Jet|p1a: Golduck\n|-resisted|p1a: Golduck\n|-damage|p1a: Golduck|176/290\n|move|p1a: Golduck|Ice Beam|p2a: Azumarill\n|-resisted|p2a: Azumarill\n|-damage|p2a: Azumarill|0 fnt\n|faint|p2a: Azumarill\n|-damage|p1a: Golduck|147/290|[from] item: Life Orb\n|\n|upkeep\n|\n|t:|1783552571\n|switch|p2a: Articuno|Articuno, L86|100/100\n|-ability|p2a: Articuno|Pressure\n|turn|17\n|inactive|Time left: 300 sec this turn | 300 sec total\n|\n|t:|1783552572\n|move|p1a: Golduck|Hydro Pump|p2a: Articuno|[miss]\n|-miss|p1a: Golduck|p2a: Articuno\n|move|p2a: Articuno|Freeze-Dry|p1a: Golduck\n|-supereffective|p1a: Golduck\n|-damage|p1a: Golduck|1/290\n|\n|upkeep\n|turn|18\n|inactive|Time left: 300 sec this turn | 300 sec total\n|\n|t:|1783552573\n|switch|p2a: Hydrapple|Hydrapple, L83, M|100/100\n|move|p1a: Golduck|Hydro Pump|p2a: Hydrapple\n|-resisted|p2a: Hydrapple\n|-damage|p2a: Hydrapple|71/100\n|-damage|p1a: Golduck|0 fnt|[from] item: Life Orb\n|faint|p1a: Golduck\n|\n|upkeep\n|inactive|Time left: 300 sec this turn | 300 sec total | 5 sec grace\n|\n|t:|1783552574\n|switch|p1a: Minun|Minun, L95, M|268/268\n|turn|19\n|inactive|Time left: 300 sec this turn | 300 sec total\n|\n|t:|1783552575\n|move|p1a: Minun|Nasty Plot|p1a: Minun\n|-boost|p1a: Minun|spa|2\n|move|p2a: Hydrapple|Fickle Beam|p1a: Minun|[anim] Fickle Beam All Out\n|-activate|p2a: Hydrapple|move: Fickle Beam\n|-damage|p1a: Minun|88/268\n|\n|upkeep\n|turn|20\n|inactive|Time left: 300 sec this turn | 300 sec total\n|\n|t:|1783552576\n|move|p1a: Minun|Alluring Voice|p2a: Hydrapple\n|-supereffective|p2a: Hydrapple\n|-damage|p2a: Hydrapple|0 fnt\n|faint|p2a: Hydrapple\n|-damage|p1a: Minun|62/268|[from] item: Life Orb\n|\n|upkeep\n|\n|t:|1783552577\n|switch|p2a: Articuno|Articuno, L86|100/100\n|-ability|p2a: Articuno|Pressure\n|turn|21\n|inactive|Time left: 300 sec this turn | 300 sec total\n|\n|t:|1783552577\n|-terastallize|p2a: Articuno|Steel\n|move|p1a: Minun|Thunderbolt|p2a: Articuno\n|-damage|p2a: Articuno|34/100\n|-damage|p1a: Minun|36/268|[from] item: Life Orb\n|move|p2a: Articuno|Brave Bird|p1a: Minun\n|-resisted|p1a: Minun\n|-damage|p1a: Minun|0 fnt\n|faint|p1a: Minun\n|-damage|p2a: Articuno|30/100|[from] Recoil\n|\n|upkeep\n|inactive|Time left: 300 sec this turn | 300 sec total | 5 sec grace\n|\n|t:|1783552578\n|switch|p1a: Chi-Yu|Chi-Yu, L77|126/211\n|-ability|p1a: Chi-Yu|Beads of Ruin\n|turn|22\n|inactive|Time left: 300 sec this turn | 300 sec total\n|\n|t:|1783552579\n|-terastallize|p1a: Chi-Yu|Dark\n|move|p1a: Chi-Yu|Dark Pulse|p2a: Articuno\n|-damage|p2a: Articuno|0 fnt\n|faint|p2a: Articuno\n|\n|upkeep\n|\n|t:|1783552580\n|switch|p2a: Swanna|Swanna, L89, F|100/100\n|turn|23\n|inactive|Time left: 300 sec this turn | 300 sec total\n|\n|t:|1783552581\n|move|p1a: Chi-Yu|Dark Pulse|p2a: Swanna\n|-damage|p2a: Swanna|33/100\n|move|p2a: Swanna|Brave Bird|p1a: Chi-Yu\n|-damage|p1a: Chi-Yu|0 fnt\n|faint|p1a: Chi-Yu\n|-damage|p2a: Swanna|18/100|[from] Recoil\n|\n|upkeep\n|inactive|Time left: 300 sec this turn | 300 sec total | 5 sec grace\n|\n|t:|1783552582\n|switch|p1a: Landorus|Landorus, L75, M|87/257\n|turn|24\n|inactive|Time left: 300 sec this turn | 300 sec total\n|\n|t:|1783552583\n|move|p2a: Swanna|Brave Bird|p1a: Landorus\n|-damage|p1a: Landorus|0 fnt\n|faint|p1a: Landorus\n|-damage|p2a: Swanna|7/100|[from] Recoil\n|\n|win|p0y11573a71", "uploadtime": 1783552583, "views": 0, "rating": 0, "private": 0, "password": null, "_winner": "p0y11573a71", "_our_name": "p0x1157b949"}