{"id": "battle-gen9randombattle-1801", "formatid": "gen9randombattle", "format": "[Gen 9] Random Battle", "players": ["p0x1801a542", "p0y1801a647"], "log": "|init|battle\n|title|p0x1801a542 vs. p0y1801a647\n|j|\u2606p0x1801a542\n|j|\u2606p0y1801a647\n|t:|1783560870\n|gametype|singles\n|player|p1|p0x1801a542|1|\n|player|p2|p0y1801a647|1|\n|gen|9\n|tier|[Gen 9] Random Battle\n|rule|Species Clause: Limit one of each Pok\u00e9mon\n|rule|HP Percentage Mod: HP is shown in percentages\n|rule|Sleep Clause Mod: Limit one foe put to sleep\n|rule|Illusion Level Mod: Illusion disguises the Pok\u00e9mon's true level\n|\n|t:|1783560870\n|teamsize|p1|6\n|teamsize|p2|6\n|start\n|switch|p1a: Toucannon|Toucannon, L88, M|100/100\n|switch|p2a: Skarmory|Skarmory, L80, F|235/235\n|turn|1\n|inactive|Battle timer is ON: inactive players will automatically lose when time's up. (requested by p0y1801a647)\n|inactive|p0x1801a542 also wants the timer to be on.\n|\n|t:|1783560872\n|-singleturn|p1a: Toucannon|move: Beak Blast\n|move|p2a: Skarmory|Stealth Rock|p1a: Toucannon\n|-sidestart|p1: p0x1801a542|move: Stealth Rock\n|move|p1a: Toucannon|Beak Blast|p2a: Skarmory\n|-resisted|p2a: Skarmory\n|-damage|p2a: Skarmory|187/235\n|\n|-heal|p2a: Skarmory|201/235|[from] item: Leftovers\n|upkeep\n|turn|2\n|inactive|Time left: 300 sec this turn | 300 sec total\n|\n|t:|1783560873\n|move|p2a: Skarmory|Body Press|p1a: Toucannon\n|-damage|p1a: Toucannon|73/100\n|move|p1a: Toucannon|Boomburst|p2a: Skarmory\n|-resisted|p2a: Skarmory\n|-damage|p2a: Skarmory|112/235\n|\n|-heal|p2a: Skarmory|126/235|[from] item: Leftovers\n|upkeep\n|turn|3\n|inactive|Time left: 300 sec this turn | 300 sec total\n|\n|t:|1783560874\n|move|p2a: Skarmory|Roost|p2a: Skarmory\n|-heal|p2a: Skarmory|235/235\n|-singleturn|p2a: Skarmory|move: Roost\n|move|p1a: Toucannon|Boomburst|p2a: Skarmory\n|-resisted|p2a: Skarmory\n|-damage|p2a: Skarmory|148/235\n|\n|-heal|p2a: Skarmory|162/235|[from] item: Leftovers\n|upkeep\n|turn|4\n|inactive|Time left: 300 sec this turn | 300 sec total\n|\n|t:|1783560875\n|move|p2a: Skarmory|Body Press|p1a: Toucannon\n|-damage|p1a: Toucannon|45/100\n|move|p1a: Toucannon|Roost|p1a: Toucannon\n|-heal|p1a: Toucannon|95/100\n|-singleturn|p1a: Toucannon|move: Roost\n|\n|-heal|p2a: Skarmory|176/235|[from] item: Leftovers\n|upkeep\n|turn|5\n|inactive|Time left: 300 sec this turn | 300 sec total\n|\n|t:|1783560876\n|move|p2a: Skarmory|Roost|p2a: Skarmory\n|-heal|p2a: Skarmory|235/235\n|-singleturn|p2a: Skarmory|move: Roost\n|move|p1a: Toucannon|Boomburst|p2a: Skarmory\n|-resisted|p2a: Skarmory\n|-damage|p2a: Skarmory|150/235\n|\n|-heal|p2a: Skarmory|164/235|[from] item: Leftovers\n|upkeep\n|turn|6\n|inactive|Time left: 300 sec this turn | 300 sec total\n|\n|t:|1783560877\n|move|p2a: Skarmory|Body Press|p1a: Toucannon\n|-damage|p1a: Toucannon|70/100\n|move|p1a: Toucannon|Boomburst|p2a: Skarmory\n|-resisted|p2a: Skarmory\n|-damage|p2a: Skarmory|79/235\n|\n|-heal|p2a: Skarmory|93/235|[from] item: Leftovers\n|upkeep\n|turn|7\n|inactive|Time left: 300 sec this turn | 300 sec total\n|\n|t:|1783560879\n|move|p2a: Skarmory|Roost|p2a: Skarmory\n|-heal|p2a: Skarmory|211/235\n|-singleturn|p2a: Skarmory|move: Roost\n|move|p1a: Toucannon|Roost|p1a: Toucannon\n|-heal|p1a: Toucannon|100/100\n|-singleturn|p1a: Toucannon|move: Roost\n|\n|-heal|p2a: Skarmory|225/235|[from] item: Leftovers\n|upkeep\n|turn|8\n|inactive|Time left: 300 sec this turn | 300 sec total\n|\n|t:|1783560879\n|move|p2a: Skarmory|Body Press|p1a: Toucannon\n|-damage|p1a: Toucannon|74/100\n|move|p1a: Toucannon|Boomburst|p2a: Skarmory\n|-resisted|p2a: Skarmory\n|-damage|p2a: Skarmory|145/235\n|\n|-heal|p2a: Skarmory|159/235|[from] item: Leftovers\n|upkeep\n|turn|9\n|inactive|Time left: 300 sec this turn | 300 sec total\n|\n|t:|1783560880\n|move|p2a: Skarmory|Roost|p2a: Skarmory\n|-heal|p2a: Skarmory|235/235\n|-singleturn|p2a: Skarmory|move: Roost\n|move|p1a: Toucannon|Roost|p1a: Toucannon\n|-heal|p1a: Toucannon|100/100\n|-singleturn|p1a: Toucannon|move: Roost\n|\n|upkeep\n|turn|10\n|inactive|Time left: 300 sec this turn | 300 sec total\n|\n|t:|1783560881\n|-singleturn|p1a: Toucannon|move: Beak Blast\n|move|p2a: Skarmory|Brave Bird|p1a: Toucannon\n|-damage|p1a: Toucannon|61/100\n|-status|p2a: Skarmory|brn\n|-damage|p2a: Skarmory|198/235 brn|[from] Recoil\n|move|p1a: Toucannon|Beak Blast|p2a: Skarmory\n|-resisted|p2a: Skarmory\n|-crit|p2a: Skarmory\n|-damage|p2a: Skarmory|121/235 brn\n|\n|-heal|p2a: Skarmory|135/235 brn|[from] item: Leftovers\n|-damage|p2a: Skarmory|121/235 brn|[from] brn\n|upkeep\n|turn|11\n|inactive|Time left: 300 sec this turn | 300 sec total\n|\n|t:|1783560882\n|move|p2a: Skarmory|Roost|p2a: Skarmory\n|-heal|p2a: Skarmory|235/235 brn\n|-singleturn|p2a: Skarmory|move: Roost\n|move|p1a: Toucannon|Roost|p1a: Toucannon\n|-heal|p1a: Toucannon|100/100\n|-singleturn|p1a: Toucannon|move: Roost\n|\n|-damage|p2a: Skarmory|221/235 brn|[from] brn\n|upkeep\n|turn|12\n|inactive|Time left: 300 sec this turn | 300 sec total\n|\n|t:|1783560883\n|-singleturn|p1a: Toucannon|move: Beak Blast\n|move|p2a: Skarmory|Brave Bird|p1a: Toucannon\n|-damage|p1a: Toucannon|81/100\n|-damage|p2a: Skarmory|203/235 brn|[from] Recoil\n|move|p1a: Toucannon|Beak Blast|p2a: Skarmory\n|-resisted|p2a: Skarmory\n|-damage|p2a: Skarmory|149/235 brn\n|\n|-heal|p2a: Skarmory|163/235 brn|[from] item: Leftovers\n|-damage|p2a: Skarmory|149/235 brn|[from] brn\n|upkeep\n|turn|13\n|inactive|Time left: 300 sec this turn | 300 sec total\n|\n|t:|1783560884\n|-singleturn|p1a: Toucannon|move: Beak Blast\n|move|p2a: Skarmory|Roost|p2a: Skarmory\n|-heal|p2a: Skarmory|235/235 brn\n|-singleturn|p2a: Skarmory|move: Roost\n|move|p1a: Toucannon|Beak Blast|p2a: Skarmory\n|-resisted|p2a: Skarmory\n|-damage|p2a: Skarmory|185/235 brn\n|\n|-heal|p2a: Skarmory|199/235 brn|[from] item: Leftovers\n|-damage|p2a: Skarmory|185/235 brn|[from] brn\n|upkeep\n|turn|14\n|inactive|Time left: 300 sec this turn | 300 sec total\n|\n|t:|1783560885\n|move|p2a: Skarmory|Brave Bird|p1a: Toucannon\n|-damage|p1a: Toucannon|63/100\n|-damage|p2a: Skarmory|168/235 brn|[from] Recoil\n|move|p1a: Toucannon|Boomburst|p2a: Skarmory\n|-resisted|p2a: Skarmory\n|-damage|p2a: Skarmory|89/235 brn\n|\n|-heal|p2a: Skarmory|103/235 brn|[from] item: Leftovers\n|-damage|p2a: Skarmory|89/235 brn|[from] brn\n|upkeep\n|turn|15\n|inactive|Time left: 300 sec this turn | 300 sec total\n|\n|t:|1783560886\n|move|p2a: Skarmory|Roost|p2a: Skarmory\n|-heal|p2a: Skarmory|207/235 brn\n|-singleturn|p2a: Skarmory|move: Roost\n|move|p1a: Toucannon|Roost|p1a: Toucannon\n|-heal|p1a: Toucannon|100/100\n|-singleturn|p1a: Toucannon|move: Roost\n|\n|-heal|p2a: Skarmory|221/235 brn|[from] item: Leftovers\n|-damage|p2a: Skarmory|207/235 brn|[from] brn\n|upkeep\n|turn|16\n|inactive|Time left: 300 sec this turn | 300 sec total\n|\n|t:|1783560887\n|switch|p2a: Excadrill|Excadrill, L79, M|303/303\n|-ability|p2a: Excadrill|Mold Breaker\n|move|p1a: Toucannon|Boomburst|p2a: Excadrill\n|-resisted|p2a: Excadrill\n|-damage|p2a: Excadrill|240/303\n|\n|upkeep\n|turn|17\n|inactive|Time left: 300 sec this turn | 300 sec total\n|\n|t:|1783560887\n|move|p2a: Excadrill|Iron Head|p1a: Toucannon\n|-damage|p1a: Toucannon|66/100\n|move|p1a: Toucannon|Bullet Seed|p2a: Excadrill\n|-damage|p2a: Excadrill|209/303\n|-crit|p2a: Excadrill\n|-damage|p2a: Excadrill|156/303\n|-damage|p2a: Excadrill|125/303\n|-damage|p2a: Excadrill|89/303\n|-damage|p2a: Excadrill|57/303\n|-hitcount|p2a: Excadrill|5\n|\n|upkeep\n|turn|18\n|inactive|Time left: 300 sec this turn | 300 sec total\n|\n|t:|1783560888\n|move|p2a: Excadrill|Rock Slide|p1a: Toucannon\n|-supereffective|p1a: Toucannon\n|-damage|p1a: Toucannon|18/100\n|move|p1a: Toucannon|Bullet Seed|p2a: Excadrill\n|-damage|p2a: Excadrill|25/303\n|-damage|p2a: Excadrill|0 fnt\n|faint|p2a: Excadrill\n|-hitcount|p2: Excadrill|2\n|\n|upkeep\n|inactive|Time left: 300 sec this turn | 300 sec total | 5 sec grace\n|\n|t:|1783560889\n|switch|p2a: Furret|Furret, L94, M|312/312\n|-item|p1a: Toucannon|Heavy-Duty Boots|[from] ability: Frisk|[of] p2a: Furret\n|turn|19\n|inactive|Time left: 300 sec this turn | 300 sec total\n|\n|t:|1783560890\n|-singleturn|p1a: Toucannon|move: Beak Blast\n|move|p2a: Furret|Double-Edge|p1a: Toucannon\n|-damage|p1a: Toucannon|0 fnt\n|-status|p2a: Furret|brn\n|faint|p1a: Toucannon\n|-damage|p2a: Furret|296/312 brn|[from] Recoil\n|\n|-damage|p2a: Furret|277/312 brn|[from] brn\n|upkeep\n|\n|t:|1783560891\n|switch|p1a: Drifblim|Drifblim, L86, M|100/100\n|turn|20\n|inactive|Time left: 300 sec this turn | 300 sec total\n|\n|t:|1783560892\n|move|p2a: Furret|Double-Edge|p1a: Drifblim\n|-immune|p1a: Drifblim\n|move|p1a: Drifblim|Defog|p2a: Furret\n|-unboost|p2a: Furret|evasion|1\n|-sideend|p1: p0x1801a542|Stealth Rock|[from] move: Defog|[of] p1a: Drifblim\n|\n|-damage|p2a: Furret|258/312 brn|[from] brn\n|upkeep\n|turn|21\n|inactive|Time left: 300 sec this turn | 300 sec total\n|\n|t:|1783560893\n|move|p2a: Furret|Double-Edge|p1a: Drifblim\n|-immune|p1a: Drifblim\n|move|p1a: Drifblim|Air Slash|p2a: Furret\n|-damage|p2a: Furret|161/312 brn\n|\n|-damage|p2a: Furret|142/312 brn|[from] brn\n|upkeep\n|turn|22\n|inactive|Time left: 300 sec this turn | 300 sec total\n|\n|t:|1783560894\n|move|p2a: Furret|Double-Edge|p1a: Drifblim\n|-immune|p1a: Drifblim\n|move|p1a: Drifblim|Air Slash|p2a: Furret\n|-damage|p2a: Furret|43/312 brn\n|\n|-damage|p2a: Furret|24/312 brn|[from] brn\n|upkeep\n|turn|23\n|inactive|Time left: 300 sec this turn | 300 sec total\n|\n|t:|1783560895\n|move|p2a: Furret|Double-Edge|p1a: Drifblim\n|-immune|p1a: Drifblim\n|move|p1a: Drifblim|Air Slash|p2a: Furret\n|-damage|p2a: Furret|0 fnt\n|faint|p2a: Furret\n|\n|upkeep\n|inactive|Time left: 300 sec this turn | 300 sec total | 5 sec grace\n|\n|t:|1783560896\n|switch|p2a: Pyroar|Pyroar, L88, M|295/295\n|-ability|p2a: Pyroar|Unnerve\n|turn|24\n|inactive|Time left: 300 sec this turn | 300 sec total\n|\n|t:|1783560897\n|move|p2a: Pyroar|Fire Blast|p1a: Drifblim\n|-damage|p1a: Drifblim|50/100\n|move|p1a: Drifblim|Air Slash|p2a: Pyroar\n|-damage|p2a: Pyroar|193/295\n|\n|upkeep\n|turn|25\n|inactive|Time left: 300 sec this turn | 300 sec total\n|\n|t:|1783560898\n|move|p2a: Pyroar|Fire Blast|p1a: Drifblim|[miss]\n|-miss|p2a: Pyroar|p1a: Drifblim\n|move|p1a: Drifblim|Strength Sap|p2a: Pyroar\n|-unboost|p2a: Pyroar|atk|1\n|-heal|p1a: Drifblim|82/100\n|\n|upkeep\n|turn|26\n|inactive|Time left: 300 sec this turn | 300 sec total\n|\n|t:|1783560899\n|move|p2a: Pyroar|Fire Blast|p1a: Drifblim\n|-damage|p1a: Drifblim|34/100\n|move|p1a: Drifblim|Strength Sap|p2a: Pyroar\n|-unboost|p2a: Pyroar|atk|1\n|-heal|p1a: Drifblim|55/100\n|\n|upkeep\n|turn|27\n|inactive|Time left: 300 sec this turn | 300 sec total\n|\n|t:|1783560900\n|move|p2a: Pyroar|Fire Blast|p1a: Drifblim\n|-damage|p1a: Drifblim|7/100\n|move|p1a: Drifblim|Strength Sap|p2a: Pyroar\n|-unboost|p2a: Pyroar|atk|1\n|-heal|p1a: Drifblim|23/100\n|\n|upkeep\n|turn|28\n|inactive|Time left: 300 sec this turn | 300 sec total\n|\n|t:|1783560901\n|move|p2a: Pyroar|Fire Blast|p1a: Drifblim\n|-damage|p1a: Drifblim|0 fnt\n|faint|p1a: Drifblim\n|\n|upkeep\n|\n|t:|1783560902\n|switch|p1a: Iron Bundle|Iron Bundle, L78|100/100\n|turn|29\n|inactive|Time left: 300 sec this turn | 300 sec total\n|\n|t:|1783560903\n|move|p1a: Iron Bundle|Hydro Pump|p2a: Pyroar\n|-supereffective|p2a: Pyroar\n|-damage|p2a: Pyroar|0 fnt\n|faint|p2a: Pyroar\n|\n|upkeep\n|inactive|Time left: 300 sec this turn | 300 sec total | 5 sec grace\n|\n|t:|1783560904\n|switch|p2a: Cramorant|Cramorant, L86, F|261/261\n|turn|30\n|inactive|Time left: 300 sec this turn | 300 sec total\n|\n|t:|1783560905\n|move|p1a: Iron Bundle|Hydro Pump|p2a: Cramorant\n|-resisted|p2a: Cramorant\n|-damage|p2a: Cramorant|170/261\n|move|p2a: Cramorant|Surf|p1a: Iron Bundle\n|-formechange|p2a: Cramorant|Cramorant-Gulping|\n|-resisted|p1a: Iron Bundle\n|-damage|p1a: Iron Bundle|70/100\n|\n|upkeep\n|turn|31\n|inactive|Time left: 300 sec this turn | 300 sec total\n|\n|t:|1783560906\n|-end|p1a: Iron Bundle|Quark Drive|[silent]\n|switch|p1a: Malamar|Malamar, L82, M|100/100\n|move|p2a: Cramorant|Roost|p2a: Cramorant\n|-heal|p2a: Cramorant|261/261\n|-singleturn|p2a: Cramorant|move: Roost\n|\n|upkeep\n|turn|32\n|inactive|Time left: 300 sec this turn | 300 sec total\n|\n|t:|1783560906\n|move|p2a: Cramorant|Brave Bird|p1a: Malamar\n|-damage|p1a: Malamar|54/100\n|-damage|p2a: Cramorant|218/261|[from] Recoil\n|move|p1a: Malamar|Knock Off|p2a: Cramorant\n|-damage|p2a: Cramorant|91/261\n|-damage|p1a: Malamar|29/100|[from] ability: Gulp Missile|[of] p2a: Cramorant\n|-boost|p1a: Malamar|def|1\n|-formechange|p2a: Cramorant|Cramorant|\n|-enditem|p2a: Cramorant|Heavy-Duty Boots|[from] move: Knock Off|[of] p1a: Malamar\n|\n|upkeep\n|turn|33\n|inactive|Time left: 300 sec this turn | 300 sec total\n|\n|t:|1783560907\n|switch|p1a: Iron Bundle|Iron Bundle, L78|70/100\n|move|p2a: Cramorant|Surf|p1a: Iron Bundle\n|-formechange|p2a: Cramorant|Cramorant-Gorging|\n|-resisted|p1a: Iron Bundle\n|-crit|p1a: Iron Bundle\n|-damage|p1a: Iron Bundle|26/100\n|\n|upkeep\n|turn|34\n|inactive|Time left: 300 sec this turn | 300 sec total\n|\n|t:|1783560908\n|move|p1a: Iron Bundle|Freeze-Dry|p2a: Cramorant\n|-supereffective|p2a: Cramorant\n|-crit|p2a: Cramorant\n|-damage|p2a: Cramorant|0 fnt\n|-damage|p1a: Iron Bundle|1/100|[from] ability: Gulp Missile|[of] p2a: Cramorant\n|-status|p1a: Iron Bundle|par\n|-formechange|p2a: Cramorant|Cramorant|\n|faint|p2a: Cramorant\n|\n|upkeep\n|inactive|Time left: 300 sec this turn | 300 sec total | 5 sec grace\n|\n|t:|1783560909\n|switch|p2a: Skarmory|Skarmory, L80, F|207/235 brn\n|turn|35\n|inactive|Time left: 300 sec this turn | 300 sec total\n|\n|t:|1783560910\n|-end|p1a: Iron Bundle|Quark Drive|[silent]\n|switch|p1a: Malamar|Malamar, L82, M|29/100\n|move|p2a: Skarmory|Body Press|p1a: Malamar\n|-damage|p1a: Malamar|15/100\n|\n|-heal|p2a: Skarmory|221/235 brn|[from] item: Leftovers\n|-damage|p2a: Skarmory|207/235 brn|[from] brn\n|upkeep\n|turn|36\n|inactive|Time left: 300 sec this turn | 300 sec total\n|\n|t:|1783560912\n|move|p1a: Malamar|Rest|p1a: Malamar\n|-status|p1a: Malamar|slp|[from] move: Rest\n|-heal|p1a: Malamar|100/100 slp|[silent]\n|-enditem|p1a: Malamar|Chesto Berry|[eat]\n|-curestatus|p1a: Malamar|slp|[msg]\n|move|p2a: Skarmory|Roost|p2a: Skarmory\n|-heal|p2a: Skarmory|235/235 brn\n|-singleturn|p2a: Skarmory|move: Roost\n|\n|-damage|p2a: Skarmory|221/235 brn|[from] brn\n|upkeep\n|turn|37\n|inactive|Time left: 300 sec this turn | 300 sec total\n|\n|t:|1783560913\n|move|p1a: Malamar|Superpower|p2a: Skarmory\n|-damage|p2a: Skarmory|165/235 brn\n|-boost|p1a: Malamar|atk|1\n|-boost|p1a: Malamar|def|1\n|move|p2a: Skarmory|Stealth Rock|p1a: Malamar\n|-sidestart|p1: p0x1801a542|move: Stealth Rock\n|\n|-heal|p2a: Skarmory|179/235 brn|[from] item: Leftovers\n|-damage|p2a: Skarmory|165/235 brn|[from] brn\n|upkeep\n|turn|38\n|inactive|Time left: 300 sec this turn | 300 sec total\n|\n|t:|1783560914\n|switch|p2a: Quagsire|Quagsire, L84, M|297/297\n|move|p1a: Malamar|Superpower|p2a: Quagsire\n|-damage|p2a: Quagsire|223/297\n|-boost|p1a: Malamar|atk|1\n|-boost|p1a: Malamar|def|1\n|\n|-heal|p2a: Quagsire|241/297|[from] item: Leftovers\n|upkeep\n|turn|39\n|inactive|Time left: 300 sec this turn | 300 sec total\n|\n|t:|1783560915\n|move|p1a: Malamar|Knock Off|p2a: Quagsire\n|-damage|p2a: Quagsire|141/297\n|-enditem|p2a: Quagsire|Leftovers|[from] move: Knock Off|[of] p1a: Malamar\n|move|p2a: Quagsire|Earthquake|p1a: Malamar\n|-damage|p1a: Malamar|67/100\n|\n|upkeep\n|turn|40\n|inactive|Time left: 300 sec this turn | 300 sec total\n|\n|t:|1783560916\n|move|p1a: Malamar|Superpower|p2a: Quagsire\n|-damage|p2a: Quagsire|64/297\n|-boost|p1a: Malamar|atk|1\n|-boost|p1a: Malamar|def|1\n|move|p2a: Quagsire|Recover|p2a: Quagsire\n|-heal|p2a: Quagsire|213/297\n|\n|upkeep\n|turn|41\n|inactive|Time left: 300 sec this turn | 300 sec total\n|\n|t:|1783560917\n|-terastallize|p1a: Malamar|Fighting\n|move|p1a: Malamar|Superpower|p2a: Quagsire\n|-damage|p2a: Quagsire|89/297\n|-boost|p1a: Malamar|atk|1\n|-boost|p1a: Malamar|def|1\n|move|p2a: Quagsire|Earthquake|p1a: Malamar\n|-damage|p1a: Malamar|33/100\n|\n|upkeep\n|turn|42\n|inactive|Time left: 300 sec this turn | 300 sec total\n|\n|t:|1783560918\n|move|p1a: Malamar|Superpower|p2a: Quagsire\n|-damage|p2a: Quagsire|0 fnt\n|-boost|p1a: Malamar|atk|1\n|-boost|p1a: Malamar|def|1\n|faint|p2a: Quagsire\n|\n|upkeep\n|inactive|Time left: 300 sec this turn | 300 sec total | 5 sec grace\n|\n|t:|1783560919\n|switch|p2a: Skarmory|Skarmory, L80, F|165/235 brn\n|turn|43\n|inactive|Time left: 300 sec this turn | 300 sec total\n|\n|t:|1783560920\n|-terastallize|p2a: Skarmory|Fighting\n|move|p1a: Malamar|Superpower|p2a: Skarmory\n|-damage|p2a: Skarmory|0 fnt\n|-boost|p1a: Malamar|atk|1\n|-boost|p1a: Malamar|def|1\n|faint|p2a: Skarmory\n|\n|win|p0x1801a542", "uploadtime": 1783560920, "views": 0, "rating": 0, "private": 0, "password": null, "_winner": "p0x1801a542", "_our_name": "p0y1801a647"}