{"id": "battle-gen9randombattle-1804", "formatid": "gen9randombattle", "format": "[Gen 9] Random Battle", "players": ["p0x1804020e", "p0y1804a8ca"], "log": "|init|battle\n|title|p0x1804020e vs. p0y1804a8ca\n|j|\u2606p0x1804020e\n|j|\u2606p0y1804a8ca\n|t:|1783560905\n|gametype|singles\n|player|p1|p0x1804020e|101|\n|player|p2|p0y1804a8ca|101|\n|gen|9\n|tier|[Gen 9] Random Battle\n|rule|Species Clause: Limit one of each Pok\u00e9mon\n|rule|HP Percentage Mod: HP is shown in percentages\n|rule|Sleep Clause Mod: Limit one foe put to sleep\n|rule|Illusion Level Mod: Illusion disguises the Pok\u00e9mon's true level\n|\n|t:|1783560905\n|teamsize|p1|6\n|teamsize|p2|6\n|start\n|switch|p1a: Garganacl|Garganacl, L80, F|291/291\n|switch|p2a: Blastoise|Blastoise, L80, M|100/100\n|turn|1\n|inactive|Battle timer is ON: inactive players will automatically lose when time's up. (requested by p0x1804020e)\n|\n|t:|1783560907\n|move|p2a: Blastoise|Shell Smash|p2a: Blastoise\n|-unboost|p2a: Blastoise|def|1\n|-unboost|p2a: Blastoise|spd|1\n|-boost|p2a: Blastoise|atk|2\n|-boost|p2a: Blastoise|spa|2\n|-boost|p2a: Blastoise|spe|2\n|-enditem|p2a: Blastoise|White Herb\n|-clearnegativeboost|p2a: Blastoise|[silent]\n|move|p1a: Garganacl|Salt Cure|p2a: Blastoise\n|-crit|p2a: Blastoise\n|-damage|p2a: Blastoise|78/100\n|-start|p2a: Blastoise|Salt Cure\n|\n|-damage|p2a: Blastoise|54/100|[from] Salt Cure\n|upkeep\n|turn|2\n|inactive|Time left: 300 sec this turn | 300 sec total\n|inactive|p0y1804a8ca also wants the timer to be on.\n|\n|t:|1783560908\n|move|p2a: Blastoise|Hydro Pump|p1a: Garganacl\n|-supereffective|p1a: Garganacl\n|-damage|p1a: Garganacl|0 fnt\n|faint|p1a: Garganacl\n|\n|-damage|p2a: Blastoise|29/100|[from] Salt Cure\n|upkeep\n|inactive|Time left: 300 sec this turn | 300 sec total | 5 sec grace\n|\n|t:|1783560909\n|switch|p1a: Ludicolo|Ludicolo, L90, M|290/290\n|turn|3\n|inactive|Time left: 300 sec this turn | 300 sec total\n|\n|t:|1783560910\n|move|p2a: Blastoise|Earthquake|p1a: Ludicolo\n|-resisted|p1a: Ludicolo\n|-damage|p1a: Ludicolo|221/290\n|move|p1a: Ludicolo|Ice Beam|p2a: Blastoise\n|-resisted|p2a: Blastoise\n|-damage|p2a: Blastoise|12/100\n|-status|p2a: Blastoise|frz\n|-damage|p1a: Ludicolo|192/290|[from] item: Life Orb\n|\n|-damage|p2a: Blastoise|0 fnt|[from] Salt Cure\n|faint|p2a: Blastoise\n|upkeep\n|\n|t:|1783560911\n|switch|p2a: Lunala|Lunala, L70|100/100\n|turn|4\n|inactive|Time left: 300 sec this turn | 300 sec total\n|\n|t:|1783560912\n|switch|p1a: Rillaboom|Rillaboom, L79, M|288/288\n|-fieldstart|move: Grassy Terrain|[from] ability: Grassy Surge|[of] p1a: Rillaboom\n|move|p2a: Lunala|Calm Mind|p2a: Lunala\n|-boost|p2a: Lunala|spa|1\n|-boost|p2a: Lunala|spd|1\n|\n|upkeep\n|turn|5\n|inactive|Time left: 300 sec this turn | 300 sec total\n|\n|t:|1783560913\n|move|p1a: Rillaboom|Wood Hammer|p2a: Lunala\n|-damage|p2a: Lunala|56/100\n|-damage|p1a: Rillaboom|243/288|[from] Recoil\n|-damage|p1a: Rillaboom|215/288|[from] item: Life Orb\n|move|p2a: Lunala|Moongeist Beam|p1a: Rillaboom\n|-damage|p1a: Rillaboom|19/288\n|\n|-heal|p1a: Rillaboom|37/288|[from] Grassy Terrain\n|-heal|p2a: Lunala|62/100|[from] Grassy Terrain\n|-heal|p2a: Lunala|68/100|[from] item: Leftovers\n|upkeep\n|turn|6\n|inactive|Time left: 300 sec this turn | 300 sec total\n|\n|t:|1783560914\n|switch|p2a: Coalossal|Coalossal, L89, M|100/100\n|move|p1a: Rillaboom|Wood Hammer|p2a: Coalossal\n|-damage|p2a: Coalossal|53/100\n|-damage|p1a: Rillaboom|0 fnt|[from] Recoil\n|faint|p1a: Rillaboom\n|\n|-heal|p2a: Coalossal|59/100|[from] Grassy Terrain\n|upkeep\n|inactive|Time left: 300 sec this turn | 300 sec total | 5 sec grace\n|\n|t:|1783560916\n|switch|p1a: Dragalge|Dragalge, L88, F|258/258\n|turn|7\n|inactive|Time left: 300 sec this turn | 300 sec total\n|\n|t:|1783560917\n|switch|p2a: Lunala|Lunala, L70|68/100\n|move|p1a: Dragalge|Draco Meteor|p2a: Lunala\n|-damage|p2a: Lunala|0 fnt\n|-unboost|p1a: Dragalge|spa|2\n|faint|p2a: Lunala\n|\n|upkeep\n|\n|t:|1783560918\n|switch|p2a: Minior|Minior-Orange, L79|100/100\n|-formechange|p2a: Minior|Minior-Meteor||[from] ability: Shields Down\n|turn|8\n|inactive|Time left: 300 sec this turn | 300 sec total\n|\n|t:|1783560919\n|move|p2a: Minior|Shell Smash|p2a: Minior\n|-unboost|p2a: Minior|def|1\n|-unboost|p2a: Minior|spd|1\n|-boost|p2a: Minior|atk|2\n|-boost|p2a: Minior|spa|2\n|-boost|p2a: Minior|spe|2\n|-enditem|p2a: Minior|White Herb\n|-clearnegativeboost|p2a: Minior|[silent]\n|move|p1a: Dragalge|Draco Meteor|p2a: Minior|[miss]\n|-miss|p1a: Dragalge|p2a: Minior\n|\n|-fieldend|move: Grassy Terrain\n|upkeep\n|turn|9\n|inactive|Time left: 300 sec this turn | 300 sec total\n|\n|t:|1783560920\n|move|p2a: Minior|Acrobatics|p1a: Dragalge\n|-damage|p1a: Dragalge|113/258\n|move|p1a: Dragalge|Draco Meteor|p2a: Minior\n|-damage|p2a: Minior|41/100\n|-unboost|p1a: Dragalge|spa|2\n|\n|-formechange|p2a: Minior|Minior-Orange||[from] ability: Shields Down\n|upkeep\n|turn|10\n|inactive|Time left: 300 sec this turn | 300 sec total\n|\n|t:|1783560921\n|move|p2a: Minior|Earthquake|p1a: Dragalge\n|-supereffective|p1a: Dragalge\n|-damage|p1a: Dragalge|0 fnt\n|faint|p1a: Dragalge\n|\n|upkeep\n|inactive|Time left: 300 sec this turn | 300 sec total | 5 sec grace\n|\n|t:|1783560922\n|switch|p1a: Iron Treads|Iron Treads, L77|265/265\n|turn|11\n|inactive|Time left: 300 sec this turn | 300 sec total\n|\n|t:|1783560923\n|-terastallize|p2a: Minior|Ground\n|move|p2a: Minior|Earthquake|p1a: Iron Treads\n|-supereffective|p1a: Iron Treads\n|-damage|p1a: Iron Treads|0 fnt\n|faint|p1a: Iron Treads\n|-end|p1a: Iron Treads|Quark Drive|[silent]\n|\n|upkeep\n|inactive|Time left: 300 sec this turn | 300 sec total | 5 sec grace\n|\n|t:|1783560924\n|switch|p1a: Hippowdon|Hippowdon, L82, F|311/311\n|-weather|Sandstorm|[from] ability: Sand Stream|[of] p1a: Hippowdon\n|turn|12\n|inactive|Time left: 300 sec this turn | 300 sec total\n|\n|t:|1783560924\n|move|p2a: Minior|Earthquake|p1a: Hippowdon\n|-damage|p1a: Hippowdon|152/311\n|move|p1a: Hippowdon|Earthquake|p2a: Minior\n|-damage|p2a: Minior|0 fnt\n|faint|p2a: Minior\n|\n|-weather|Sandstorm|[upkeep]\n|-heal|p1a: Hippowdon|171/311|[from] item: Leftovers\n|upkeep\n|\n|t:|1783560925\n|switch|p2a: Meowscarada|Meowscarada, L78, F|100/100\n|turn|13\n|inactive|Time left: 300 sec this turn | 300 sec total\n|\n|t:|1783560926\n|switch|p1a: Ludicolo|Ludicolo, L90, M|192/290\n|move|p2a: Meowscarada|Flower Trick|p1a: Ludicolo\n|-start|p2a: Meowscarada|typechange|Grass|[from] ability: Protean\n|-crit|p1a: Ludicolo\n|-damage|p1a: Ludicolo|66/290\n|\n|-weather|Sandstorm|[upkeep]\n|-damage|p2a: Meowscarada|94/100|[from] Sandstorm\n|-damage|p1a: Ludicolo|48/290|[from] Sandstorm\n|upkeep\n|turn|14\n|inactive|Time left: 300 sec this turn | 300 sec total\n|\n|t:|1783560927\n|move|p2a: Meowscarada|Flower Trick|p1a: Ludicolo\n|-crit|p1a: Ludicolo\n|-damage|p1a: Ludicolo|0 fnt\n|faint|p1a: Ludicolo\n|\n|-weather|Sandstorm|[upkeep]\n|-damage|p2a: Meowscarada|88/100|[from] Sandstorm\n|upkeep\n|inactive|Time left: 300 sec this turn | 300 sec total | 5 sec grace\n|\n|t:|1783560928\n|switch|p1a: Hippowdon|Hippowdon, L82, F|171/311\n|turn|15\n|inactive|Time left: 300 sec this turn | 300 sec total\n|\n|t:|1783560929\n|move|p2a: Meowscarada|Flower Trick|p1a: Hippowdon\n|-supereffective|p1a: Hippowdon\n|-crit|p1a: Hippowdon\n|-damage|p1a: Hippowdon|0 fnt\n|faint|p1a: Hippowdon\n|\n|win|p0y1804a8ca", "uploadtime": 1783560929, "views": 0, "rating": 0, "private": 0, "password": null, "_winner": "p0y1804a8ca", "_our_name": "p0x1804020e"}