{"id": "battle-gen9randombattle-2832", "formatid": "gen9randombattle", "format": "[Gen 9] Random Battle", "players": ["p0x2832d780", "p0y2832ca03"], "log": "|init|battle\n|title|p0x2832d780 vs. p0y2832ca03\n|j|\u2606p0x2832d780\n|j|\u2606p0y2832ca03\n|t:|1783571651\n|gametype|singles\n|player|p1|p0x2832d780|169|\n|player|p2|p0y2832ca03|265|\n|gen|9\n|tier|[Gen 9] Random Battle\n|rule|Species Clause: Limit one of each Pok\u00e9mon\n|rule|HP Percentage Mod: HP is shown in percentages\n|rule|Sleep Clause Mod: Limit one foe put to sleep\n|rule|Illusion Level Mod: Illusion disguises the Pok\u00e9mon's true level\n|\n|t:|1783571651\n|teamsize|p1|6\n|teamsize|p2|6\n|start\n|switch|p1a: Golem|Golem, L87, F|100/100\n|switch|p2a: Pachirisu|Pachirisu, L96, F|271/271\n|turn|1\n|inactive|Battle timer is ON: inactive players will automatically lose when time's up. (requested by p0y2832ca03)\n|inactive|p0x2832d780 also wants the timer to be on.\n|\n|t:|1783571652\n|switch|p2a: Ting-Lu|Ting-Lu, L78|370/370\n|-ability|p2a: Ting-Lu|Vessel of Ruin\n|move|p1a: Golem|Earthquake|p2a: Ting-Lu\n|-damage|p2a: Ting-Lu|253/370\n|\n|-heal|p2a: Ting-Lu|276/370|[from] item: Leftovers\n|upkeep\n|turn|2\n|inactive|Time left: 300 sec this turn | 300 sec total\n|\n|t:|1783571654\n|move|p1a: Golem|Earthquake|p2a: Ting-Lu\n|-damage|p2a: Ting-Lu|168/370\n|move|p2a: Ting-Lu|Stealth Rock|p1a: Golem\n|-sidestart|p1: p0x2832d780|move: Stealth Rock\n|\n|-heal|p2a: Ting-Lu|191/370|[from] item: Leftovers\n|upkeep\n|turn|3\n|inactive|Time left: 300 sec this turn | 300 sec total\n|\n|t:|1783571655\n|move|p1a: Golem|Earthquake|p2a: Ting-Lu\n|-damage|p2a: Ting-Lu|79/370\n|move|p2a: Ting-Lu|Earthquake|p1a: Golem\n|-supereffective|p1a: Golem\n|-damage|p1a: Golem|44/100\n|-enditem|p1a: Golem|Weakness Policy\n|-boost|p1a: Golem|atk|2|[from] item: Weakness Policy\n|-boost|p1a: Golem|spa|2|[from] item: Weakness Policy\n|\n|-heal|p2a: Ting-Lu|102/370|[from] item: Leftovers\n|upkeep\n|turn|4\n|inactive|Time left: 300 sec this turn | 300 sec total\n|\n|t:|1783571656\n|move|p1a: Golem|Earthquake|p2a: Ting-Lu\n|-damage|p2a: Ting-Lu|0 fnt\n|faint|p2a: Ting-Lu\n|\n|upkeep\n|inactive|Time left: 300 sec this turn | 300 sec total | 5 sec grace\n|\n|t:|1783571657\n|switch|p2a: Golduck|Golduck, L90, F|290/290\n|-ability|p2a: Golduck|Cloud Nine\n|turn|5\n|inactive|Time left: 300 sec this turn | 300 sec total\n|\n|t:|1783571658\n|-terastallize|p1a: Golem|Steel\n|move|p2a: Golduck|Ice Beam|p1a: Golem\n|-resisted|p1a: Golem\n|-damage|p1a: Golem|21/100\n|move|p1a: Golem|Earthquake|p2a: Golduck\n|-damage|p2a: Golduck|32/290\n|\n|upkeep\n|turn|6\n|inactive|Time left: 300 sec this turn | 300 sec total\n|\n|t:|1783571660\n|move|p2a: Golduck|Ice Beam|p1a: Golem\n|-resisted|p1a: Golem\n|-damage|p1a: Golem|0 fnt\n|faint|p1a: Golem\n|\n|upkeep\n|\n|t:|1783571661\n|switch|p1a: Kricketune|Kricketune, L99, M|100/100\n|turn|7\n|inactive|Time left: 300 sec this turn | 300 sec total\n|\n|t:|1783571662\n|move|p2a: Golduck|Ice Beam|p1a: Kricketune\n|-damage|p1a: Kricketune|58/100\n|move|p1a: Kricketune|Sticky Web|p2a: Golduck\n|-sidestart|p2: p0y2832ca03|move: Sticky Web\n|\n|upkeep\n|turn|8\n|inactive|Time left: 300 sec this turn | 300 sec total\n|\n|t:|1783571663\n|move|p2a: Golduck|Ice Beam|p1a: Kricketune\n|-damage|p1a: Kricketune|15/100\n|move|p1a: Kricketune|Pounce|p2a: Golduck\n|-damage|p2a: Golduck|0 fnt\n|faint|p2a: Golduck\n|\n|upkeep\n|inactive|Time left: 300 sec this turn | 300 sec total | 5 sec grace\n|\n|t:|1783571664\n|switch|p2a: Iron Moth|Iron Moth, L78|253/253\n|turn|9\n|inactive|Time left: 300 sec this turn | 300 sec total\n|\n|t:|1783571665\n|move|p2a: Iron Moth|Fiery Dance|p1a: Kricketune\n|-supereffective|p1a: Kricketune\n|-damage|p1a: Kricketune|0 fnt\n|-boost|p2a: Iron Moth|spa|1\n|faint|p1a: Kricketune\n|\n|upkeep\n|\n|t:|1783571666\n|switch|p1a: Qwilfish|Qwilfish, L86, M|100/100\n|-damage|p1a: Qwilfish|88/100|[from] Stealth Rock\n|-ability|p1a: Qwilfish|Intimidate|boost\n|-unboost|p2a: Iron Moth|atk|1\n|turn|10\n|inactive|Time left: 300 sec this turn | 300 sec total\n|\n|t:|1783571667\n|-terastallize|p2a: Iron Moth|Grass\n|move|p2a: Iron Moth|Energy Ball|p1a: Qwilfish\n|-crit|p1a: Qwilfish\n|-damage|p1a: Qwilfish|0 fnt\n|faint|p1a: Qwilfish\n|\n|upkeep\n|\n|t:|1783571668\n|switch|p1a: Arbok|Arbok, L87, M|100/100\n|-damage|p1a: Arbok|88/100|[from] Stealth Rock\n|-ability|p1a: Arbok|Intimidate|boost\n|-unboost|p2a: Iron Moth|atk|1\n|turn|11\n|inactive|Time left: 300 sec this turn | 300 sec total\n|\n|t:|1783571669\n|-end|p2a: Iron Moth|Quark Drive|[silent]\n|switch|p2a: Archaludon|Archaludon, L78, F|268/268\n|-activate|p2a: Archaludon|move: Sticky Web\n|-unboost|p2a: Archaludon|spe|1\n|move|p1a: Arbok|Gunk Shot|p2a: Archaludon\n|-immune|p2a: Archaludon\n|\n|-heal|p1a: Arbok|94/100|[from] item: Leftovers\n|upkeep\n|turn|12\n|inactive|Time left: 300 sec this turn | 300 sec total\n|\n|t:|1783571670\n|move|p1a: Arbok|Coil|p1a: Arbok\n|-boost|p1a: Arbok|atk|1\n|-boost|p1a: Arbok|def|1\n|-boost|p1a: Arbok|accuracy|1\n|move|p2a: Archaludon|Outrage|p1a: Arbok\n|-crit|p1a: Arbok\n|-damage|p1a: Arbok|10/100\n|\n|-heal|p1a: Arbok|16/100|[from] item: Leftovers\n|upkeep\n|turn|13\n|inactive|Time left: 300 sec this turn | 300 sec total\n|\n|t:|1783571671\n|move|p1a: Arbok|Earthquake|p2a: Archaludon\n|-supereffective|p2a: Archaludon\n|-damage|p2a: Archaludon|104/268\n|-ability|p2a: Archaludon|Stamina|boost\n|-boost|p2a: Archaludon|def|1\n|move|p2a: Archaludon|Outrage|p1a: Arbok|[from] lockedmove\n|-damage|p1a: Arbok|0 fnt\n|faint|p1a: Arbok\n|-start|p2a: Archaludon|confusion|[fatigue]\n|-enditem|p2a: Archaludon|Lum Berry|[eat]\n|-end|p2a: Archaludon|confusion\n|\n|upkeep\n|\n|t:|1783571672\n|switch|p1a: Scrafty|Scrafty, L83, M|100/100\n|-damage|p1a: Scrafty|94/100|[from] Stealth Rock\n|turn|14\n|inactive|Time left: 300 sec this turn | 300 sec total\n|\n|t:|1783571673\n|move|p1a: Scrafty|Bulk Up|p1a: Scrafty\n|-boost|p1a: Scrafty|atk|1\n|-boost|p1a: Scrafty|def|1\n|move|p2a: Archaludon|Outrage|p1a: Scrafty\n|-damage|p1a: Scrafty|68/100\n|\n|-heal|p1a: Scrafty|74/100|[from] item: Leftovers\n|upkeep\n|turn|15\n|inactive|Time left: 300 sec this turn | 300 sec total\n|\n|t:|1783571674\n|move|p1a: Scrafty|Bulk Up|p1a: Scrafty\n|-boost|p1a: Scrafty|atk|1\n|-boost|p1a: Scrafty|def|1\n|move|p2a: Archaludon|Outrage|p1a: Scrafty|[from] lockedmove\n|-damage|p1a: Scrafty|54/100\n|\n|-heal|p1a: Scrafty|60/100|[from] item: Leftovers\n|upkeep\n|turn|16\n|inactive|Time left: 300 sec this turn | 300 sec total\n|\n|t:|1783571675\n|move|p1a: Scrafty|Drain Punch|p2a: Archaludon\n|-supereffective|p2a: Archaludon\n|-damage|p2a: Archaludon|0 fnt\n|-heal|p1a: Scrafty|82/100|[from] drain|[of] p2a: Archaludon\n|faint|p2a: Archaludon\n|\n|-heal|p1a: Scrafty|88/100|[from] item: Leftovers\n|upkeep\n|inactive|Time left: 300 sec this turn | 300 sec total | 5 sec grace\n|\n|t:|1783571676\n|switch|p2a: Pachirisu|Pachirisu, L96, F|271/271\n|-activate|p2a: Pachirisu|move: Sticky Web\n|-unboost|p2a: Pachirisu|spe|1\n|turn|17\n|inactive|Time left: 300 sec this turn | 300 sec total\n|\n|t:|1783571677\n|move|p2a: Pachirisu|Super Fang|p1a: Scrafty\n|-damage|p1a: Scrafty|44/100\n|move|p1a: Scrafty|Knock Off|p2a: Pachirisu\n|-damage|p2a: Pachirisu|70/271\n|-enditem|p2a: Pachirisu|Assault Vest|[from] move: Knock Off|[of] p1a: Scrafty\n|\n|-heal|p1a: Scrafty|50/100|[from] item: Leftovers\n|upkeep\n|turn|18\n|inactive|Time left: 300 sec this turn | 300 sec total\n|\n|t:|1783571678\n|move|p2a: Pachirisu|Thunderbolt|p1a: Scrafty\n|-damage|p1a: Scrafty|26/100\n|move|p1a: Scrafty|Rest|p1a: Scrafty\n|-status|p1a: Scrafty|slp|[from] move: Rest\n|-heal|p1a: Scrafty|100/100 slp|[silent]\n|\n|upkeep\n|turn|19\n|inactive|Time left: 300 sec this turn | 300 sec total\n|\n|t:|1783571679\n|move|p2a: Pachirisu|Super Fang|p1a: Scrafty\n|-damage|p1a: Scrafty|50/100 slp\n|cant|p1a: Scrafty|slp\n|\n|-heal|p1a: Scrafty|57/100 slp|[from] item: Leftovers\n|upkeep\n|turn|20\n|inactive|Time left: 300 sec this turn | 300 sec total\n|\n|t:|1783571680\n|move|p2a: Pachirisu|Thunderbolt|p1a: Scrafty\n|-damage|p1a: Scrafty|31/100 slp\n|cant|p1a: Scrafty|slp\n|\n|-heal|p1a: Scrafty|37/100 slp|[from] item: Leftovers\n|upkeep\n|turn|21\n|inactive|Time left: 300 sec this turn | 300 sec total\n|\n|t:|1783571681\n|move|p2a: Pachirisu|Thunderbolt|p1a: Scrafty\n|-damage|p1a: Scrafty|11/100 slp\n|-curestatus|p1a: Scrafty|slp|[msg]\n|move|p1a: Scrafty|Rest|p1a: Scrafty\n|-status|p1a: Scrafty|slp|[from] move: Rest\n|-heal|p1a: Scrafty|100/100 slp|[silent]\n|\n|-activate|p1a: Scrafty|ability: Shed Skin\n|-curestatus|p1a: Scrafty|slp|[msg]\n|upkeep\n|turn|22\n|inactive|Time left: 300 sec this turn | 300 sec total\n|\n|t:|1783571682\n|move|p2a: Pachirisu|Nuzzle|p1a: Scrafty\n|-damage|p1a: Scrafty|97/100\n|-status|p1a: Scrafty|par\n|move|p1a: Scrafty|Knock Off|p2a: Pachirisu\n|-damage|p2a: Pachirisu|0 fnt\n|faint|p2a: Pachirisu\n|\n|-heal|p1a: Scrafty|100/100 par|[from] item: Leftovers\n|upkeep\n|inactive|Time left: 300 sec this turn | 300 sec total | 5 sec grace\n|\n|t:|1783571683\n|switch|p2a: Dugtrio|Dugtrio, L84, F|196/196\n|-activate|p2a: Dugtrio|move: Sticky Web\n|-unboost|p2a: Dugtrio|spe|1\n|turn|23\n|inactive|Time left: 300 sec this turn | 300 sec total\n|\n|t:|1783571683\n|move|p2a: Dugtrio|Earthquake|p1a: Scrafty\n|-damage|p1a: Scrafty|78/100 par\n|-damage|p2a: Dugtrio|177/196|[from] item: Life Orb\n|cant|p1a: Scrafty|par\n|\n|-activate|p1a: Scrafty|ability: Shed Skin\n|-curestatus|p1a: Scrafty|par|[msg]\n|-heal|p1a: Scrafty|84/100|[from] item: Leftovers\n|upkeep\n|turn|24\n|inactive|Time left: 300 sec this turn | 300 sec total\n|\n|t:|1783571684\n|move|p2a: Dugtrio|Earthquake|p1a: Scrafty\n|-damage|p1a: Scrafty|60/100\n|-damage|p2a: Dugtrio|158/196|[from] item: Life Orb\n|move|p1a: Scrafty|Knock Off|p2a: Dugtrio\n|-damage|p2a: Dugtrio|0 fnt\n|-enditem|p2a: Dugtrio|Life Orb|[from] move: Knock Off|[of] p1a: Scrafty\n|faint|p2a: Dugtrio\n|\n|-heal|p1a: Scrafty|66/100|[from] item: Leftovers\n|upkeep\n|inactive|Time left: 300 sec this turn | 300 sec total | 5 sec grace\n|\n|t:|1783571685\n|switch|p2a: Iron Moth|Iron Moth, L78, tera:Grass|253/253\n|turn|25\n|inactive|Time left: 300 sec this turn | 300 sec total\n|\n|t:|1783571686\n|move|p2a: Iron Moth|Sludge Wave|p1a: Scrafty\n|-crit|p1a: Scrafty\n|-damage|p1a: Scrafty|11/100\n|move|p1a: Scrafty|Drain Punch|p2a: Iron Moth\n|-damage|p2a: Iron Moth|28/253\n|-heal|p1a: Scrafty|57/100|[from] drain|[of] p2a: Iron Moth\n|\n|-heal|p1a: Scrafty|64/100|[from] item: Leftovers\n|upkeep\n|turn|26\n|inactive|Time left: 300 sec this turn | 300 sec total\n|\n|t:|1783571687\n|move|p2a: Iron Moth|Morning Sun|p2a: Iron Moth\n|-heal|p2a: Iron Moth|154/253\n|move|p1a: Scrafty|Drain Punch|p2a: Iron Moth\n|-damage|p2a: Iron Moth|0 fnt\n|-heal|p1a: Scrafty|95/100|[from] drain|[of] p2a: Iron Moth\n|faint|p2a: Iron Moth\n|-end|p2a: Iron Moth|Quark Drive|[silent]\n|\n|win|p0x2832d780", "uploadtime": 1783571687, "views": 0, "rating": 0, "private": 0, "password": null, "_winner": "p0x2832d780", "_our_name": "p0y2832ca03"}