{"id": "battle-gen9randombattle-2377", "formatid": "gen9randombattle", "format": "[Gen 9] Random Battle", "players": ["p0x2377b1b2", "p0y23778c4d"], "log": "|init|battle\n|title|p0x2377b1b2 vs. p0y23778c4d\n|j|\u2606p0x2377b1b2\n|j|\u2606p0y23778c4d\n|t:|1783566576\n|gametype|singles\n|player|p1|p0x2377b1b2|265|\n|player|p2|p0y23778c4d|2|\n|gen|9\n|tier|[Gen 9] Random Battle\n|rule|Species Clause: Limit one of each Pok\u00e9mon\n|rule|HP Percentage Mod: HP is shown in percentages\n|rule|Sleep Clause Mod: Limit one foe put to sleep\n|rule|Illusion Level Mod: Illusion disguises the Pok\u00e9mon's true level\n|\n|t:|1783566576\n|teamsize|p1|6\n|teamsize|p2|6\n|start\n|switch|p1a: Kyogre|Kyogre, L71|100/100\n|switch|p2a: Arboliva|Arboliva, L91, M|290/290\n|-weather|RainDance|[from] ability: Drizzle|[of] p1a: Kyogre\n|turn|1\n|inactive|Battle timer is ON: inactive players will automatically lose when time's up. (requested by p0y23778c4d)\n|inactive|p0x2377b1b2 also wants the timer to be on.\n|\n|t:|1783566578\n|switch|p1a: Wo-Chien|Wo-Chien, L83|100/100\n|-ability|p1a: Wo-Chien|Tablets of Ruin\n|move|p2a: Arboliva|Energy Ball|p1a: Wo-Chien\n|-resisted|p1a: Wo-Chien\n|-damage|p1a: Wo-Chien|81/100\n|\n|-weather|RainDance|[upkeep]\n|-heal|p1a: Wo-Chien|88/100|[from] item: Leftovers\n|upkeep\n|turn|2\n|inactive|Time left: 300 sec this turn | 300 sec total\n|\n|t:|1783566579\n|move|p1a: Wo-Chien|Ruination|p2a: Arboliva\n|-damage|p2a: Arboliva|145/290\n|-fieldstart|move: Grassy Terrain|[from] ability: Seed Sower|[of] p2a: Arboliva\n|move|p2a: Arboliva|Energy Ball|p1a: Wo-Chien\n|-resisted|p1a: Wo-Chien\n|-damage|p1a: Wo-Chien|65/100\n|\n|-weather|RainDance|[upkeep]\n|-heal|p1a: Wo-Chien|71/100|[from] Grassy Terrain\n|-heal|p1a: Wo-Chien|77/100|[from] item: Leftovers\n|-heal|p2a: Arboliva|163/290|[from] Grassy Terrain\n|-heal|p2a: Arboliva|181/290|[from] item: Leftovers\n|upkeep\n|turn|3\n|inactive|Time left: 300 sec this turn | 300 sec total\n|\n|t:|1783566580\n|move|p1a: Wo-Chien|Knock Off|p2a: Arboliva\n|-damage|p2a: Arboliva|96/290\n|-enditem|p2a: Arboliva|Leftovers|[from] move: Knock Off|[of] p1a: Wo-Chien\n|move|p2a: Arboliva|Strength Sap|p1a: Wo-Chien\n|-unboost|p1a: Wo-Chien|atk|1\n|-heal|p2a: Arboliva|285/290\n|\n|-weather|RainDance|[upkeep]\n|-heal|p1a: Wo-Chien|83/100|[from] Grassy Terrain\n|-heal|p1a: Wo-Chien|89/100|[from] item: Leftovers\n|-heal|p2a: Arboliva|290/290|[from] Grassy Terrain\n|upkeep\n|turn|4\n|inactive|Time left: 300 sec this turn | 300 sec total\n|\n|t:|1783566581\n|move|p1a: Wo-Chien|Ruination|p2a: Arboliva\n|-damage|p2a: Arboliva|145/290\n|move|p2a: Arboliva|Hyper Voice|p1a: Wo-Chien\n|-damage|p1a: Wo-Chien|53/100\n|\n|-weather|RainDance|[upkeep]\n|-heal|p1a: Wo-Chien|59/100|[from] Grassy Terrain\n|-heal|p1a: Wo-Chien|65/100|[from] item: Leftovers\n|-heal|p2a: Arboliva|163/290|[from] Grassy Terrain\n|upkeep\n|turn|5\n|inactive|Time left: 300 sec this turn | 300 sec total\n|\n|t:|1783566582\n|move|p1a: Wo-Chien|Ruination|p2a: Arboliva\n|-damage|p2a: Arboliva|82/290\n|move|p2a: Arboliva|Strength Sap|p1a: Wo-Chien\n|-unboost|p1a: Wo-Chien|atk|1\n|-heal|p2a: Arboliva|208/290\n|\n|-weather|none\n|-heal|p1a: Wo-Chien|72/100|[from] Grassy Terrain\n|-heal|p1a: Wo-Chien|78/100|[from] item: Leftovers\n|-heal|p2a: Arboliva|226/290|[from] Grassy Terrain\n|upkeep\n|turn|6\n|inactive|Time left: 300 sec this turn | 300 sec total\n|\n|t:|1783566583\n|move|p1a: Wo-Chien|Ruination|p2a: Arboliva\n|-damage|p2a: Arboliva|113/290\n|move|p2a: Arboliva|Hyper Voice|p1a: Wo-Chien\n|-damage|p1a: Wo-Chien|44/100\n|\n|-heal|p1a: Wo-Chien|50/100|[from] Grassy Terrain\n|-heal|p1a: Wo-Chien|56/100|[from] item: Leftovers\n|-heal|p2a: Arboliva|131/290|[from] Grassy Terrain\n|-fieldend|move: Grassy Terrain\n|upkeep\n|turn|7\n|inactive|Time left: 300 sec this turn | 300 sec total\n|\n|t:|1783566585\n|move|p1a: Wo-Chien|Ruination|p2a: Arboliva\n|-damage|p2a: Arboliva|66/290\n|-fieldstart|move: Grassy Terrain|[from] ability: Seed Sower|[of] p2a: Arboliva\n|move|p2a: Arboliva|Strength Sap|p1a: Wo-Chien\n|-unboost|p1a: Wo-Chien|atk|1\n|-heal|p2a: Arboliva|160/290\n|\n|-heal|p1a: Wo-Chien|63/100|[from] Grassy Terrain\n|-heal|p1a: Wo-Chien|69/100|[from] item: Leftovers\n|-heal|p2a: Arboliva|178/290|[from] Grassy Terrain\n|upkeep\n|turn|8\n|inactive|Time left: 300 sec this turn | 300 sec total\n|\n|t:|1783566586\n|move|p1a: Wo-Chien|Giga Drain|p2a: Arboliva\n|-resisted|p2a: Arboliva\n|-damage|p2a: Arboliva|142/290\n|-heal|p1a: Wo-Chien|75/100|[from] drain|[of] p2a: Arboliva\n|move|p2a: Arboliva|Energy Ball|p1a: Wo-Chien\n|-resisted|p1a: Wo-Chien\n|-damage|p1a: Wo-Chien|52/100\n|\n|-heal|p1a: Wo-Chien|59/100|[from] Grassy Terrain\n|-heal|p1a: Wo-Chien|65/100|[from] item: Leftovers\n|-heal|p2a: Arboliva|160/290|[from] Grassy Terrain\n|upkeep\n|turn|9\n|inactive|Time left: 300 sec this turn | 300 sec total\n|\n|t:|1783566587\n|move|p1a: Wo-Chien|Ruination|p2a: Arboliva\n|-damage|p2a: Arboliva|80/290\n|move|p2a: Arboliva|Hyper Voice|p1a: Wo-Chien\n|-damage|p1a: Wo-Chien|26/100\n|\n|-heal|p1a: Wo-Chien|33/100|[from] Grassy Terrain\n|-heal|p1a: Wo-Chien|39/100|[from] item: Leftovers\n|-heal|p2a: Arboliva|98/290|[from] Grassy Terrain\n|upkeep\n|turn|10\n|inactive|Time left: 300 sec this turn | 300 sec total\n|\n|t:|1783566588\n|move|p1a: Wo-Chien|Giga Drain|p2a: Arboliva\n|-resisted|p2a: Arboliva\n|-damage|p2a: Arboliva|57/290\n|-heal|p1a: Wo-Chien|46/100|[from] drain|[of] p2a: Arboliva\n|move|p2a: Arboliva|Strength Sap|p1a: Wo-Chien\n|-unboost|p1a: Wo-Chien|atk|1\n|-heal|p2a: Arboliva|132/290\n|\n|-heal|p1a: Wo-Chien|52/100|[from] Grassy Terrain\n|-heal|p1a: Wo-Chien|59/100|[from] item: Leftovers\n|-heal|p2a: Arboliva|150/290|[from] Grassy Terrain\n|upkeep\n|turn|11\n|inactive|Time left: 300 sec this turn | 300 sec total\n|\n|t:|1783566589\n|switch|p1a: Polteageist|Polteageist-Antique, L78|100/100\n|move|p2a: Arboliva|Energy Ball|p1a: Polteageist\n|-damage|p1a: Polteageist|28/100\n|\n|-heal|p1a: Polteageist|34/100|[from] Grassy Terrain\n|-heal|p2a: Arboliva|168/290|[from] Grassy Terrain\n|-fieldend|move: Grassy Terrain\n|upkeep\n|turn|12\n|inactive|Time left: 300 sec this turn | 300 sec total\n|\n|t:|1783566590\n|move|p1a: Polteageist|Strength Sap|p2a: Arboliva\n|-unboost|p2a: Arboliva|atk|1\n|-heal|p1a: Polteageist|93/100\n|move|p2a: Arboliva|Energy Ball|p1a: Polteageist\n|-damage|p1a: Polteageist|37/100\n|\n|upkeep\n|turn|13\n|inactive|Time left: 300 sec this turn | 300 sec total\n|\n|t:|1783566591\n|move|p1a: Polteageist|Strength Sap|p2a: Arboliva\n|-unboost|p2a: Arboliva|atk|1\n|-heal|p1a: Polteageist|76/100\n|move|p2a: Arboliva|Energy Ball|p1a: Polteageist\n|-damage|p1a: Polteageist|23/100\n|\n|upkeep\n|turn|14\n|inactive|Time left: 300 sec this turn | 300 sec total\n|\n|t:|1783566592\n|move|p1a: Polteageist|Strength Sap|p2a: Arboliva\n|-unboost|p2a: Arboliva|atk|1\n|-heal|p1a: Polteageist|52/100\n|move|p2a: Arboliva|Energy Ball|p1a: Polteageist\n|-crit|p1a: Polteageist\n|-damage|p1a: Polteageist|0 fnt\n|faint|p1a: Polteageist\n|\n|upkeep\n|\n|t:|1783566593\n|switch|p1a: Perrserker|Perrserker, L89, M|100/100\n|turn|15\n|inactive|Time left: 300 sec this turn | 300 sec total\n|\n|t:|1783566594\n|switch|p2a: Arceus|Arceus-Fire, L72|291/291\n|move|p1a: Perrserker|Iron Head|p2a: Arceus\n|-resisted|p2a: Arceus\n|-damage|p2a: Arceus|204/291\n|-damage|p1a: Perrserker|91/100|[from] item: Life Orb\n|\n|upkeep\n|turn|16\n|inactive|Time left: 300 sec this turn | 300 sec total\n|\n|t:|1783566595\n|switch|p1a: Kyogre|Kyogre, L71|100/100\n|-weather|RainDance|[from] ability: Drizzle|[of] p1a: Kyogre\n|move|p2a: Arceus|Flare Blitz|p1a: Kyogre\n|-resisted|p1a: Kyogre\n|-damage|p1a: Kyogre|85/100\n|-damage|p2a: Arceus|191/291|[from] Recoil\n|\n|-weather|RainDance|[upkeep]\n|upkeep\n|turn|17\n|inactive|Time left: 300 sec this turn | 300 sec total\n|\n|t:|1783566595\n|switch|p2a: Arboliva|Arboliva, L91, M|168/290\n|move|p1a: Kyogre|Water Spout|p2a: Arboliva\n|-resisted|p2a: Arboliva\n|-damage|p2a: Arboliva|84/290\n|-fieldstart|move: Grassy Terrain|[from] ability: Seed Sower|[of] p2a: Arboliva\n|\n|-weather|RainDance|[upkeep]\n|-heal|p1a: Kyogre|92/100|[from] Grassy Terrain\n|-heal|p2a: Arboliva|102/290|[from] Grassy Terrain\n|upkeep\n|turn|18\n|inactive|Time left: 300 sec this turn | 300 sec total\n|\n|t:|1783566596\n|-terastallize|p1a: Kyogre|Water\n|move|p1a: Kyogre|Water Spout|p2a: Arboliva\n|-resisted|p2a: Arboliva\n|-damage|p2a: Arboliva|0 fnt\n|faint|p2a: Arboliva\n|\n|-weather|RainDance|[upkeep]\n|-heal|p1a: Kyogre|98/100|[from] Grassy Terrain\n|upkeep\n|inactive|Time left: 300 sec this turn | 300 sec total | 5 sec grace\n|\n|t:|1783566597\n|switch|p2a: Emboar|Emboar, L84, M|322/322\n|turn|19\n|inactive|Time left: 300 sec this turn | 300 sec total\n|\n|t:|1783566598\n|-terastallize|p2a: Emboar|Dark\n|move|p1a: Kyogre|Water Spout|p2a: Emboar\n|-damage|p2a: Emboar|46/322\n|move|p2a: Emboar|Close Combat|p1a: Kyogre\n|-damage|p1a: Kyogre|28/100\n|-unboost|p2a: Emboar|def|1\n|-unboost|p2a: Emboar|spd|1\n|\n|-weather|RainDance|[upkeep]\n|-heal|p1a: Kyogre|34/100|[from] Grassy Terrain\n|-heal|p2a: Emboar|66/322|[from] Grassy Terrain\n|upkeep\n|turn|20\n|inactive|Time left: 300 sec this turn | 300 sec total\n|\n|t:|1783566599\n|move|p2a: Emboar|Sucker Punch|p1a: Kyogre\n|-damage|p1a: Kyogre|0 fnt\n|faint|p1a: Kyogre\n|\n|-weather|none\n|-heal|p2a: Emboar|86/322|[from] Grassy Terrain\n|upkeep\n|\n|t:|1783566600\n|switch|p1a: Wo-Chien|Wo-Chien, L83|59/100\n|-ability|p1a: Wo-Chien|Tablets of Ruin\n|turn|21\n|inactive|Time left: 300 sec this turn | 300 sec total\n|\n|t:|1783566601\n|switch|p2a: Slither Wing|Slither Wing, L81|270/270\n|move|p1a: Wo-Chien|Giga Drain|p2a: Slither Wing\n|-resisted|p2a: Slither Wing\n|-damage|p2a: Slither Wing|222/270\n|-heal|p1a: Wo-Chien|67/100|[from] drain|[of] p2a: Slither Wing\n|\n|-heal|p2a: Slither Wing|238/270|[from] Grassy Terrain\n|-heal|p1a: Wo-Chien|73/100|[from] Grassy Terrain\n|-heal|p1a: Wo-Chien|80/100|[from] item: Leftovers\n|-fieldend|move: Grassy Terrain\n|upkeep\n|turn|22\n|inactive|Time left: 300 sec this turn | 300 sec total\n|\n|t:|1783566602\n|switch|p1a: Gastrodon|Gastrodon-East, L86, F|100/100\n|move|p2a: Slither Wing|U-turn|p1a: Gastrodon\n|-damage|p1a: Gastrodon|70/100\n|inactive|Time left: 300 sec this turn | 300 sec total | 5 sec grace\n|\n|t:|1783566603\n|-end|p2a: Slither Wing|Protosynthesis|[silent]\n|switch|p2a: Cloyster|Cloyster, L80, M|211/211|[from] U-turn\n|\n|-heal|p1a: Gastrodon|76/100|[from] item: Leftovers\n|upkeep\n|turn|23\n|inactive|Time left: 300 sec this turn | 300 sec total\n|\n|t:|1783566604\n|move|p2a: Cloyster|Shell Smash|p2a: Cloyster\n|-unboost|p2a: Cloyster|def|1\n|-unboost|p2a: Cloyster|spd|1\n|-boost|p2a: Cloyster|atk|2\n|-boost|p2a: Cloyster|spa|2\n|-boost|p2a: Cloyster|spe|2\n|-enditem|p2a: Cloyster|White Herb\n|-clearnegativeboost|p2a: Cloyster|[silent]\n|move|p1a: Gastrodon|Surf|p2a: Cloyster\n|-resisted|p2a: Cloyster\n|-damage|p2a: Cloyster|127/211\n|\n|-heal|p1a: Gastrodon|82/100|[from] item: Leftovers\n|upkeep\n|turn|24\n|inactive|Time left: 300 sec this turn | 300 sec total\n|\n|t:|1783566605\n|move|p2a: Cloyster|Icicle Spear|p1a: Gastrodon\n|-crit|p1a: Gastrodon\n|-damage|p1a: Gastrodon|56/100\n|-damage|p1a: Gastrodon|38/100\n|-damage|p1a: Gastrodon|20/100\n|-damage|p1a: Gastrodon|2/100\n|-damage|p1a: Gastrodon|0 fnt\n|faint|p1a: Gastrodon\n|-hitcount|p1: Gastrodon|5\n|\n|upkeep\n|\n|t:|1783566606\n|switch|p1a: Perrserker|Perrserker, L89, M|91/100\n|turn|25\n|inactive|Time left: 300 sec this turn | 300 sec total\n|\n|t:|1783566607\n|move|p2a: Cloyster|Hydro Pump|p1a: Perrserker\n|-damage|p1a: Perrserker|9/100\n|move|p1a: Perrserker|Close Combat|p2a: Cloyster\n|-supereffective|p2a: Cloyster\n|-damage|p2a: Cloyster|0 fnt\n|-unboost|p1a: Perrserker|def|1\n|-unboost|p1a: Perrserker|spd|1\n|faint|p2a: Cloyster\n|-damage|p1a: Perrserker|0 fnt|[from] item: Life Orb\n|faint|p1a: Perrserker\n|\n|upkeep\n|inactive|Time left: 300 sec this turn | 300 sec total | 5 sec grace\n|\n|t:|1783566608\n|switch|p2a: Slither Wing|Slither Wing, L81|238/270\n|switch|p1a: Toucannon|Toucannon, L88, F|100/100\n|turn|26\n|inactive|Time left: 300 sec this turn | 300 sec total\n|\n|t:|1783566609\n|move|p2a: Slither Wing|Close Combat|p1a: Toucannon\n|-damage|p1a: Toucannon|39/100\n|-unboost|p2a: Slither Wing|def|1\n|-unboost|p2a: Slither Wing|spd|1\n|move|p1a: Toucannon|Roost|p1a: Toucannon\n|-heal|p1a: Toucannon|89/100\n|-singleturn|p1a: Toucannon|move: Roost\n|\n|upkeep\n|turn|27\n|inactive|Time left: 300 sec this turn | 300 sec total\n|\n|t:|1783566610\n|move|p2a: Slither Wing|Close Combat|p1a: Toucannon\n|-damage|p1a: Toucannon|30/100\n|-unboost|p2a: Slither Wing|def|1\n|-unboost|p2a: Slither Wing|spd|1\n|move|p1a: Toucannon|Boomburst|p2a: Slither Wing\n|-damage|p2a: Slither Wing|4/270\n|\n|upkeep\n|turn|28\n|inactive|Time left: 300 sec this turn | 300 sec total\n|\n|t:|1783566611\n|switch|p1a: Wo-Chien|Wo-Chien, L83|80/100\n|-ability|p1a: Wo-Chien|Tablets of Ruin\n|move|p2a: Slither Wing|Close Combat|p1a: Wo-Chien\n|-supereffective|p1a: Wo-Chien\n|-damage|p1a: Wo-Chien|8/100\n|-unboost|p2a: Slither Wing|def|1\n|-unboost|p2a: Slither Wing|spd|1\n|\n|-heal|p1a: Wo-Chien|14/100|[from] item: Leftovers\n|upkeep\n|turn|29\n|inactive|Time left: 300 sec this turn | 300 sec total\n|\n|t:|1783566612\n|move|p2a: Slither Wing|Close Combat|p1a: Wo-Chien\n|-supereffective|p1a: Wo-Chien\n|-damage|p1a: Wo-Chien|0 fnt\n|-unboost|p2a: Slither Wing|def|1\n|-unboost|p2a: Slither Wing|spd|1\n|faint|p1a: Wo-Chien\n|\n|upkeep\n|\n|t:|1783566613\n|switch|p1a: Toucannon|Toucannon, L88, F|30/100\n|turn|30\n|inactive|Time left: 300 sec this turn | 300 sec total\n|\n|t:|1783566614\n|move|p2a: Slither Wing|Close Combat|p1a: Toucannon\n|-damage|p1a: Toucannon|0 fnt\n|-unboost|p2a: Slither Wing|def|1\n|-unboost|p2a: Slither Wing|spd|1\n|faint|p1a: Toucannon\n|\n|win|p0y23778c4d", "uploadtime": 1783566614, "views": 0, "rating": 0, "private": 0, "password": null, "_winner": "p0y23778c4d", "_our_name": "p0y23778c4d"}