{"id": "battle-gen9randombattle-1789", "formatid": "gen9randombattle", "format": "[Gen 9] Random Battle", "players": ["p0x1790d5e8", "p0y179028da"], "log": "|init|battle\n|title|p0x1790d5e8 vs. p0y179028da\n|j|\u2606p0x1790d5e8\n|j|\u2606p0y179028da\n|t:|1783560742\n|gametype|singles\n|player|p1|p0x1790d5e8|2|\n|player|p2|p0y179028da|170|\n|gen|9\n|tier|[Gen 9] Random Battle\n|rule|Species Clause: Limit one of each Pok\u00e9mon\n|rule|HP Percentage Mod: HP is shown in percentages\n|rule|Sleep Clause Mod: Limit one foe put to sleep\n|rule|Illusion Level Mod: Illusion disguises the Pok\u00e9mon's true level\n|\n|t:|1783560742\n|teamsize|p1|6\n|teamsize|p2|6\n|start\n|switch|p1a: Yanmega|Yanmega, L82, M|100/100\n|switch|p2a: Ariados|Ariados, L95, F|287/287\n|turn|1\n|inactive|Battle timer is ON: inactive players will automatically lose when time's up. (requested by p0y179028da)\n|inactive|p0x1790d5e8 also wants the timer to be on.\n|\n|t:|1783560744\n|move|p1a: Yanmega|Air Slash|p2a: Ariados\n|-supereffective|p2a: Ariados\n|-enditem|p2a: Ariados|Focus Sash\n|-damage|p2a: Ariados|1/287\n|move|p2a: Ariados|Sticky Web|p1a: Yanmega\n|-sidestart|p1: p0x1790d5e8|move: Sticky Web\n|\n|upkeep\n|turn|2\n|inactive|Time left: 300 sec this turn | 300 sec total\n|\n|t:|1783560745\n|move|p2a: Ariados|Sucker Punch|p1a: Yanmega\n|-damage|p1a: Yanmega|78/100\n|move|p1a: Yanmega|Air Slash|p2a: Ariados\n|-supereffective|p2a: Ariados\n|-damage|p2a: Ariados|0 fnt\n|faint|p2a: Ariados\n|\n|upkeep\n|inactive|Time left: 300 sec this turn | 300 sec total | 5 sec grace\n|\n|t:|1783560746\n|switch|p2a: Dedenne|Dedenne, L88, M|261/261\n|turn|3\n|inactive|Time left: 300 sec this turn | 300 sec total\n|\n|t:|1783560747\n|switch|p1a: Cresselia|Cresselia, L80, F|100/100\n|move|p2a: Dedenne|Super Fang|p1a: Cresselia\n|-damage|p1a: Cresselia|51/100\n|\n|-heal|p1a: Cresselia|57/100|[from] item: Leftovers\n|upkeep\n|turn|4\n|inactive|Time left: 300 sec this turn | 300 sec total\n|\n|t:|1783560748\n|move|p2a: Dedenne|U-turn|p1a: Cresselia\n|-supereffective|p1a: Cresselia\n|-damage|p1a: Cresselia|35/100\n|inactive|Time left: 300 sec this turn | 300 sec total | 5 sec grace\n|\n|t:|1783560749\n|switch|p2a: Tropius|Tropius, L91, F|328/328|[from] U-turn\n|move|p1a: Cresselia|Calm Mind|p1a: Cresselia\n|-boost|p1a: Cresselia|spa|1\n|-boost|p1a: Cresselia|spd|1\n|\n|-heal|p1a: Cresselia|41/100|[from] item: Leftovers\n|upkeep\n|turn|5\n|inactive|Time left: 300 sec this turn | 300 sec total\n|\n|t:|1783560750\n|move|p1a: Cresselia|Moonlight|p1a: Cresselia\n|-heal|p1a: Cresselia|91/100\n|move|p2a: Tropius|Dragon Dance|p2a: Tropius\n|-boost|p2a: Tropius|atk|1\n|-boost|p2a: Tropius|spe|1\n|\n|-heal|p1a: Cresselia|97/100|[from] item: Leftovers\n|upkeep\n|turn|6\n|inactive|Time left: 300 sec this turn | 300 sec total\n|\n|t:|1783560750\n|move|p2a: Tropius|Dragon Dance|p2a: Tropius\n|-boost|p2a: Tropius|atk|1\n|-boost|p2a: Tropius|spe|1\n|move|p1a: Cresselia|Calm Mind|p1a: Cresselia\n|-boost|p1a: Cresselia|spa|1\n|-boost|p1a: Cresselia|spd|1\n|\n|-heal|p1a: Cresselia|100/100|[from] item: Leftovers\n|upkeep\n|turn|7\n|inactive|Time left: 300 sec this turn | 300 sec total\n|\n|t:|1783560751\n|move|p2a: Tropius|Dragon Dance|p2a: Tropius\n|-boost|p2a: Tropius|atk|1\n|-boost|p2a: Tropius|spe|1\n|move|p1a: Cresselia|Calm Mind|p1a: Cresselia\n|-boost|p1a: Cresselia|spa|1\n|-boost|p1a: Cresselia|spd|1\n|\n|upkeep\n|turn|8\n|inactive|Time left: 300 sec this turn | 300 sec total\n|\n|t:|1783560752\n|move|p2a: Tropius|Leaf Blade|p1a: Cresselia\n|-damage|p1a: Cresselia|38/100\n|move|p1a: Cresselia|Moonlight|p1a: Cresselia\n|-heal|p1a: Cresselia|88/100\n|\n|-heal|p1a: Cresselia|94/100|[from] item: Leftovers\n|upkeep\n|turn|9\n|inactive|Time left: 300 sec this turn | 300 sec total\n|\n|t:|1783560753\n|move|p2a: Tropius|Leaf Blade|p1a: Cresselia\n|-damage|p1a: Cresselia|35/100\n|move|p1a: Cresselia|Moonlight|p1a: Cresselia\n|-heal|p1a: Cresselia|85/100\n|\n|-heal|p1a: Cresselia|92/100|[from] item: Leftovers\n|upkeep\n|turn|10\n|inactive|Time left: 300 sec this turn | 300 sec total\n|\n|t:|1783560754\n|move|p2a: Tropius|Leaf Blade|p1a: Cresselia\n|-damage|p1a: Cresselia|36/100\n|move|p1a: Cresselia|Moonlight|p1a: Cresselia\n|-heal|p1a: Cresselia|86/100\n|\n|-heal|p1a: Cresselia|92/100|[from] item: Leftovers\n|upkeep\n|turn|11\n|inactive|Time left: 300 sec this turn | 300 sec total\n|\n|t:|1783560755\n|move|p2a: Tropius|Leaf Blade|p1a: Cresselia\n|-damage|p1a: Cresselia|29/100\n|move|p1a: Cresselia|Moonlight|p1a: Cresselia\n|-heal|p1a: Cresselia|79/100\n|\n|-heal|p1a: Cresselia|85/100|[from] item: Leftovers\n|upkeep\n|turn|12\n|inactive|Time left: 300 sec this turn | 300 sec total\n|\n|t:|1783560756\n|move|p2a: Tropius|Leaf Blade|p1a: Cresselia\n|-damage|p1a: Cresselia|25/100\n|move|p1a: Cresselia|Moonlight|p1a: Cresselia\n|-heal|p1a: Cresselia|74/100\n|\n|-heal|p1a: Cresselia|81/100|[from] item: Leftovers\n|upkeep\n|turn|13\n|inactive|Time left: 300 sec this turn | 300 sec total\n|\n|t:|1783560757\n|move|p2a: Tropius|Leaf Blade|p1a: Cresselia\n|-damage|p1a: Cresselia|25/100\n|move|p1a: Cresselia|Moonlight|p1a: Cresselia\n|-heal|p1a: Cresselia|74/100\n|\n|-heal|p1a: Cresselia|81/100|[from] item: Leftovers\n|upkeep\n|turn|14\n|inactive|Time left: 300 sec this turn | 300 sec total\n|\n|t:|1783560758\n|move|p2a: Tropius|Leaf Blade|p1a: Cresselia\n|-damage|p1a: Cresselia|24/100\n|move|p1a: Cresselia|Moonlight|p1a: Cresselia\n|-heal|p1a: Cresselia|74/100\n|\n|-heal|p1a: Cresselia|80/100|[from] item: Leftovers\n|upkeep\n|turn|15\n|inactive|Time left: 300 sec this turn | 300 sec total\n|\n|t:|1783560759\n|move|p2a: Tropius|Leaf Blade|p1a: Cresselia\n|-damage|p1a: Cresselia|19/100\n|move|p1a: Cresselia|Psyshock|p2a: Tropius\n|-damage|p2a: Tropius|175/328\n|\n|-heal|p1a: Cresselia|26/100|[from] item: Leftovers\n|upkeep\n|turn|16\n|inactive|Time left: 300 sec this turn | 300 sec total\n|\n|t:|1783560760\n|move|p2a: Tropius|Leaf Blade|p1a: Cresselia\n|-damage|p1a: Cresselia|0 fnt\n|faint|p1a: Cresselia\n|\n|upkeep\n|\n|t:|1783560761\n|switch|p1a: Magmortar|Magmortar, L88, M|100/100\n|turn|17\n|inactive|Time left: 300 sec this turn | 300 sec total\n|\n|t:|1783560762\n|switch|p1a: Yanmega|Yanmega, L82, M|78/100\n|move|p2a: Tropius|Earthquake|p1a: Yanmega\n|-immune|p1a: Yanmega\n|\n|upkeep\n|turn|18\n|inactive|Time left: 300 sec this turn | 300 sec total\n|\n|t:|1783560763\n|switch|p1a: Magearna|Magearna, L77|100/100\n|-activate|p1a: Magearna|move: Sticky Web\n|-unboost|p1a: Magearna|spe|1\n|move|p2a: Tropius|Dual Wingbeat|p1a: Magearna\n|-resisted|p1a: Magearna\n|-damage|p1a: Magearna|82/100\n|-resisted|p1a: Magearna\n|-damage|p1a: Magearna|64/100\n|-hitcount|p1a: Magearna|2\n|\n|-heal|p1a: Magearna|70/100|[from] item: Leftovers\n|upkeep\n|turn|19\n|inactive|Time left: 300 sec this turn | 300 sec total\n|\n|t:|1783560764\n|switch|p1a: Yanmega|Yanmega, L82, M|78/100\n|move|p2a: Tropius|Earthquake|p1a: Yanmega\n|-immune|p1a: Yanmega\n|\n|upkeep\n|turn|20\n|inactive|Time left: 300 sec this turn | 300 sec total\n|\n|t:|1783560765\n|move|p2a: Tropius|Dual Wingbeat|p1a: Yanmega\n|-supereffective|p1a: Yanmega\n|-damage|p1a: Yanmega|6/100\n|-supereffective|p1a: Yanmega\n|-damage|p1a: Yanmega|0 fnt\n|faint|p1a: Yanmega\n|-hitcount|p1: Yanmega|2\n|\n|upkeep\n|\n|t:|1783560766\n|switch|p1a: Magmortar|Magmortar, L88, M|100/100\n|turn|21\n|inactive|Time left: 300 sec this turn | 300 sec total\n|\n|t:|1783560767\n|-terastallize|p1a: Magmortar|Water\n|move|p2a: Tropius|Earthquake|p1a: Magmortar\n|-damage|p1a: Magmortar|33/100\n|move|p1a: Magmortar|Fire Blast|p2a: Tropius\n|-supereffective|p2a: Tropius\n|-damage|p2a: Tropius|0 fnt\n|faint|p2a: Tropius\n|\n|upkeep\n|inactive|Time left: 300 sec this turn | 300 sec total | 5 sec grace\n|\n|t:|1783560769\n|switch|p2a: Meowstic|Meowstic-F, L89, F|277/277\n|turn|22\n|inactive|Time left: 300 sec this turn | 300 sec total\n|\n|t:|1783560769\n|switch|p1a: Magearna|Magearna, L77|70/100\n|-activate|p1a: Magearna|move: Sticky Web\n|-unboost|p1a: Magearna|spe|1\n|move|p2a: Meowstic|Thunderbolt|p1a: Magearna\n|-damage|p1a: Magearna|39/100\n|-damage|p2a: Meowstic|250/277|[from] item: Life Orb\n|\n|-heal|p1a: Magearna|45/100|[from] item: Leftovers\n|upkeep\n|turn|23\n|inactive|Time left: 300 sec this turn | 300 sec total\n|\n|t:|1783560771\n|move|p2a: Meowstic|Nasty Plot|p2a: Meowstic\n|-boost|p2a: Meowstic|spa|2\n|move|p1a: Magearna|Calm Mind|p1a: Magearna\n|-boost|p1a: Magearna|spa|1\n|-boost|p1a: Magearna|spd|1\n|\n|-heal|p1a: Magearna|51/100|[from] item: Leftovers\n|upkeep\n|turn|24\n|inactive|Time left: 300 sec this turn | 300 sec total\n|\n|t:|1783560772\n|-terastallize|p2a: Meowstic|Electric\n|move|p2a: Meowstic|Thunderbolt|p1a: Magearna\n|-damage|p1a: Magearna|0 fnt\n|faint|p1a: Magearna\n|-damage|p2a: Meowstic|223/277|[from] item: Life Orb\n|\n|upkeep\n|\n|t:|1783560773\n|switch|p1a: Magmortar|Magmortar, L88, M, tera:Water|33/100\n|turn|25\n|inactive|Time left: 300 sec this turn | 300 sec total\n|\n|t:|1783560774\n|move|p2a: Meowstic|Psychic|p1a: Magmortar\n|-damage|p1a: Magmortar|0 fnt\n|faint|p1a: Magmortar\n|-damage|p2a: Meowstic|196/277|[from] item: Life Orb\n|\n|upkeep\n|\n|t:|1783560774\n|switch|p1a: Munkidori|Munkidori, L79, M|100/100\n|-activate|p1a: Munkidori|move: Sticky Web\n|-unboost|p1a: Munkidori|spe|1\n|turn|26\n|inactive|Time left: 300 sec this turn | 300 sec total\n|\n|t:|1783560775\n|switch|p1a: Flamigo|Flamigo, L82, M|100/100\n|move|p2a: Meowstic|Thunderbolt|p1a: Flamigo\n|-supereffective|p1a: Flamigo\n|-damage|p1a: Flamigo|0 fnt\n|faint|p1a: Flamigo\n|-damage|p2a: Meowstic|169/277|[from] item: Life Orb\n|\n|upkeep\n|\n|t:|1783560776\n|switch|p1a: Munkidori|Munkidori, L79, M|100/100\n|-activate|p1a: Munkidori|move: Sticky Web\n|-unboost|p1a: Munkidori|spe|1\n|turn|27\n|inactive|Time left: 300 sec this turn | 300 sec total\n|\n|t:|1783560777\n|move|p2a: Meowstic|Psychic|p1a: Munkidori\n|-damage|p1a: Munkidori|12/100\n|-damage|p2a: Meowstic|142/277|[from] item: Life Orb\n|move|p1a: Munkidori|Nasty Plot|p1a: Munkidori\n|-boost|p1a: Munkidori|spa|2\n|\n|upkeep\n|turn|28\n|inactive|Time left: 300 sec this turn | 300 sec total\n|\n|t:|1783560778\n|move|p2a: Meowstic|Thunderbolt|p1a: Munkidori\n|-damage|p1a: Munkidori|0 fnt\n|faint|p1a: Munkidori\n|-damage|p2a: Meowstic|115/277|[from] item: Life Orb\n|\n|win|p0y179028da", "uploadtime": 1783560778, "views": 0, "rating": 0, "private": 0, "password": null, "_winner": "p0y179028da", "_our_name": "p0y179028da"}