{"id": "battle-gen9randombattle-1204", "formatid": "gen9randombattle", "format": "[Gen 9] Random Battle", "players": ["p0x1204eb73", "p0y1204c76c"], "log": "|init|battle\n|title|p0x1204eb73 vs. p0y1204c76c\n|j|\u2606p0x1204eb73\n|j|\u2606p0y1204c76c\n|t:|1783553936\n|gametype|singles\n|player|p1|p0x1204eb73|265|\n|player|p2|p0y1204c76c|265|\n|gen|9\n|tier|[Gen 9] Random Battle\n|rule|Species Clause: Limit one of each Pok\u00e9mon\n|rule|HP Percentage Mod: HP is shown in percentages\n|rule|Sleep Clause Mod: Limit one foe put to sleep\n|rule|Illusion Level Mod: Illusion disguises the Pok\u00e9mon's true level\n|\n|t:|1783553936\n|teamsize|p1|6\n|teamsize|p2|6\n|start\n|switch|p1a: Hydrapple|Hydrapple, L83, F|100/100\n|switch|p2a: Florges|Florges, L85, F|271/271\n|turn|1\n|inactive|Battle timer is ON: inactive players will automatically lose when time's up. (requested by p0y1204c76c)\n|\n|t:|1783553938\n|switch|p1a: Copperajah|Copperajah, L86, F|100/100\n|move|p2a: Florges|Moonblast|p1a: Copperajah\n|-resisted|p1a: Copperajah\n|-damage|p1a: Copperajah|82/100\n|\n|upkeep\n|turn|2\n|inactive|Time left: 300 sec this turn | 300 sec total\n|inactive|p0x1204eb73 also wants the timer to be on.\n|\n|t:|1783553939\n|move|p2a: Florges|Protect|p2a: Florges\n|-singleturn|p2a: Florges|Protect\n|move|p1a: Copperajah|Iron Head|p2a: Florges\n|-activate|p2a: Florges|move: Protect\n|\n|upkeep\n|turn|3\n|inactive|Time left: 300 sec this turn | 300 sec total\n|\n|t:|1783553940\n|switch|p2a: Phione|Phione, L91|293/293\n|move|p1a: Copperajah|Iron Head|p2a: Phione\n|-resisted|p2a: Phione\n|-damage|p2a: Phione|197/293\n|\n|-heal|p2a: Phione|215/293|[from] item: Leftovers\n|upkeep\n|turn|4\n|inactive|Time left: 300 sec this turn | 300 sec total\n|\n|t:|1783553941\n|move|p2a: Phione|Scald|p1a: Copperajah\n|-damage|p1a: Copperajah|55/100\n|move|p1a: Copperajah|Stealth Rock|p2a: Phione\n|-sidestart|p2: p0y1204c76c|move: Stealth Rock\n|\n|-heal|p2a: Phione|233/293|[from] item: Leftovers\n|upkeep\n|turn|5\n|inactive|Time left: 300 sec this turn | 300 sec total\n|\n|t:|1783553942\n|move|p2a: Phione|Scald|p1a: Copperajah\n|-damage|p1a: Copperajah|28/100\n|move|p1a: Copperajah|Play Rough|p2a: Phione\n|-damage|p2a: Phione|97/293\n|\n|-heal|p2a: Phione|115/293|[from] item: Leftovers\n|upkeep\n|turn|6\n|inactive|Time left: 300 sec this turn | 300 sec total\n|\n|t:|1783553944\n|switch|p1a: Hydrapple|Hydrapple, L83, F|100/100\n|move|p2a: Phione|Scald|p1a: Hydrapple\n|-resisted|p1a: Hydrapple\n|-damage|p1a: Hydrapple|94/100\n|\n|-heal|p2a: Phione|133/293|[from] item: Leftovers\n|upkeep\n|turn|7\n|inactive|Time left: 300 sec this turn | 300 sec total\n|\n|t:|1783553945\n|move|p2a: Phione|Ice Beam|p1a: Hydrapple\n|-supereffective|p1a: Hydrapple\n|-damage|p1a: Hydrapple|0 fnt\n|faint|p1a: Hydrapple\n|\n|-heal|p2a: Phione|151/293|[from] item: Leftovers\n|upkeep\n|\n|t:|1783553946\n|switch|p1a: Gogoat|Gogoat, L88, M|100/100\n|turn|8\n|inactive|Time left: 300 sec this turn | 300 sec total\n|\n|t:|1783553947\n|move|p2a: Phione|Scald|p1a: Gogoat\n|-resisted|p1a: Gogoat\n|-damage|p1a: Gogoat|88/100\n|move|p1a: Gogoat|Horn Leech|p2a: Phione\n|-supereffective|p2a: Phione\n|-damage|p2a: Phione|0 fnt\n|-heal|p1a: Gogoat|100/100|[from] drain|[of] p2a: Phione\n|faint|p2a: Phione\n|\n|upkeep\n|inactive|Time left: 300 sec this turn | 300 sec total | 5 sec grace\n|\n|t:|1783553948\n|switch|p2a: Grafaiai|Grafaiai, L86, M|249/249\n|turn|9\n|inactive|Time left: 300 sec this turn | 300 sec total\n|\n|t:|1783553949\n|move|p2a: Grafaiai|Gunk Shot|p1a: Gogoat|[miss]\n|-miss|p2a: Grafaiai|p1a: Gogoat\n|move|p1a: Gogoat|Bulk Up|p1a: Gogoat\n|-boost|p1a: Gogoat|atk|1\n|-boost|p1a: Gogoat|def|1\n|\n|upkeep\n|turn|10\n|inactive|Time left: 300 sec this turn | 300 sec total\n|\n|t:|1783553950\n|move|p2a: Grafaiai|Parting Shot|p1a: Gogoat\n|-unboost|p1a: Gogoat|atk|1\n|-unboost|p1a: Gogoat|spa|1\n|inactive|Time left: 300 sec this turn | 300 sec total | 5 sec grace\n|\n|t:|1783553951\n|switch|p2a: Rabsca|Rabsca, L91, F|284/284|[from] Parting Shot\n|move|p1a: Gogoat|Earthquake|p2a: Rabsca\n|-resisted|p2a: Rabsca\n|-damage|p2a: Rabsca|246/284\n|\n|upkeep\n|turn|11\n|inactive|Time left: 300 sec this turn | 300 sec total\n|\n|t:|1783553952\n|switch|p1a: Bombirdier|Bombirdier, L85, F|100/100\n|move|p2a: Rabsca|Bug Buzz|p1a: Bombirdier\n|-damage|p1a: Bombirdier|48/100\n|-unboost|p1a: Bombirdier|spd|1\n|\n|upkeep\n|turn|12\n|inactive|Time left: 300 sec this turn | 300 sec total\n|\n|t:|1783553953\n|-terastallize|p2a: Rabsca|Steel\n|move|p1a: Bombirdier|Knock Off|p2a: Rabsca\n|-damage|p2a: Rabsca|143/284\n|-enditem|p2a: Rabsca|Heavy-Duty Boots|[from] move: Knock Off|[of] p1a: Bombirdier\n|move|p2a: Rabsca|Bug Buzz|p1a: Bombirdier\n|-damage|p1a: Bombirdier|0 fnt\n|faint|p1a: Bombirdier\n|\n|upkeep\n|\n|t:|1783553954\n|switch|p1a: Gogoat|Gogoat, L88, M|100/100\n|turn|13\n|inactive|Time left: 300 sec this turn | 300 sec total\n|\n|t:|1783553955\n|move|p1a: Gogoat|Earthquake|p2a: Rabsca\n|-supereffective|p2a: Rabsca\n|-damage|p2a: Rabsca|3/284\n|move|p2a: Rabsca|Bug Buzz|p1a: Gogoat\n|-supereffective|p1a: Gogoat\n|-damage|p1a: Gogoat|29/100\n|-unboost|p1a: Gogoat|spd|1\n|\n|-heal|p1a: Gogoat|35/100|[from] item: Leftovers\n|upkeep\n|turn|14\n|inactive|Time left: 300 sec this turn | 300 sec total\n|\n|t:|1783553956\n|move|p1a: Gogoat|Horn Leech|p2a: Rabsca\n|-resisted|p2a: Rabsca\n|-damage|p2a: Rabsca|0 fnt\n|-heal|p1a: Gogoat|35/100|[from] drain|[of] p2a: Rabsca\n|faint|p2a: Rabsca\n|\n|-heal|p1a: Gogoat|42/100|[from] item: Leftovers\n|upkeep\n|inactive|Time left: 300 sec this turn | 300 sec total | 5 sec grace\n|\n|t:|1783553957\n|switch|p2a: Florges|Florges, L85, F|271/271\n|-damage|p2a: Florges|238/271|[from] Stealth Rock\n|turn|15\n|inactive|Time left: 300 sec this turn | 300 sec total\n|\n|t:|1783553958\n|switch|p1a: Copperajah|Copperajah, L86, F|28/100\n|move|p2a: Florges|Moonblast|p1a: Copperajah\n|-resisted|p1a: Copperajah\n|-damage|p1a: Copperajah|9/100\n|\n|-heal|p2a: Florges|254/271|[from] item: Leftovers\n|upkeep\n|turn|16\n|inactive|Time left: 300 sec this turn | 300 sec total\n|\n|t:|1783553959\n|move|p2a: Florges|Moonblast|p1a: Copperajah\n|-resisted|p1a: Copperajah\n|-damage|p1a: Copperajah|0 fnt\n|faint|p1a: Copperajah\n|\n|-heal|p2a: Florges|270/271|[from] item: Leftovers\n|upkeep\n|\n|t:|1783553960\n|switch|p1a: Gogoat|Gogoat, L88, M|42/100\n|turn|17\n|inactive|Time left: 300 sec this turn | 300 sec total\n|\n|t:|1783553961\n|move|p2a: Florges|Moonblast|p1a: Gogoat\n|-damage|p1a: Gogoat|7/100\n|-unboost|p1a: Gogoat|spa|1\n|move|p1a: Gogoat|Milk Drink|p1a: Gogoat\n|-heal|p1a: Gogoat|57/100\n|\n|-heal|p2a: Florges|271/271|[from] item: Leftovers\n|-heal|p1a: Gogoat|64/100|[from] item: Leftovers\n|upkeep\n|turn|18\n|inactive|Time left: 300 sec this turn | 300 sec total\n|\n|t:|1783553962\n|move|p2a: Florges|Calm Mind|p2a: Florges\n|-boost|p2a: Florges|spa|1\n|-boost|p2a: Florges|spd|1\n|move|p1a: Gogoat|Bulk Up|p1a: Gogoat\n|-boost|p1a: Gogoat|atk|1\n|-boost|p1a: Gogoat|def|1\n|\n|-heal|p1a: Gogoat|70/100|[from] item: Leftovers\n|upkeep\n|turn|19\n|inactive|Time left: 300 sec this turn | 300 sec total\n|\n|t:|1783553963\n|move|p2a: Florges|Moonblast|p1a: Gogoat\n|-damage|p1a: Gogoat|19/100\n|move|p1a: Gogoat|Horn Leech|p2a: Florges\n|-damage|p2a: Florges|106/271\n|-heal|p1a: Gogoat|42/100|[from] drain|[of] p2a: Florges\n|\n|-heal|p2a: Florges|122/271|[from] item: Leftovers\n|-heal|p1a: Gogoat|48/100|[from] item: Leftovers\n|upkeep\n|turn|20\n|inactive|Time left: 300 sec this turn | 300 sec total\n|\n|t:|1783553964\n|move|p2a: Florges|Moonblast|p1a: Gogoat\n|-damage|p1a: Gogoat|0 fnt\n|faint|p1a: Gogoat\n|\n|-heal|p2a: Florges|138/271|[from] item: Leftovers\n|upkeep\n|\n|t:|1783553965\n|switch|p1a: Cinccino|Cinccino, L83, M|100/100\n|turn|21\n|inactive|Time left: 300 sec this turn | 300 sec total\n|\n|t:|1783553966\n|move|p2a: Florges|Protect|p2a: Florges\n|-singleturn|p2a: Florges|Protect\n|move|p1a: Cinccino|Tail Slap|p2a: Florges\n|-activate|p2a: Florges|move: Protect\n|\n|-heal|p2a: Florges|154/271|[from] item: Leftovers\n|upkeep\n|turn|22\n|inactive|Time left: 300 sec this turn | 300 sec total\n|\n|t:|1783553967\n|move|p1a: Cinccino|Tail Slap|p2a: Florges\n|-damage|p2a: Florges|106/271\n|-damage|p2a: Florges|61/271\n|-damage|p2a: Florges|12/271\n|-damage|p2a: Florges|0 fnt\n|faint|p2a: Florges\n|-hitcount|p2: Florges|4\n|\n|upkeep\n|inactive|Time left: 300 sec this turn | 300 sec total | 5 sec grace\n|\n|t:|1783553968\n|switch|p2a: Grafaiai|Grafaiai, L86, M|249/249\n|turn|23\n|inactive|Time left: 300 sec this turn | 300 sec total\n|\n|t:|1783553969\n|move|p2a: Grafaiai|Parting Shot|p1a: Cinccino\n|-unboost|p1a: Cinccino|atk|1\n|-unboost|p1a: Cinccino|spa|1\n|inactive|Time left: 300 sec this turn | 300 sec total | 5 sec grace\n|\n|t:|1783553970\n|switch|p2a: Pawmot|Pawmot, L80, F|243/243|[from] Parting Shot\n|-damage|p2a: Pawmot|228/243|[from] Stealth Rock\n|move|p1a: Cinccino|Tail Slap|p2a: Pawmot|[miss]\n|-miss|p1a: Cinccino|p2a: Pawmot\n|\n|upkeep\n|turn|24\n|inactive|Time left: 300 sec this turn | 300 sec total\n|\n|t:|1783553971\n|move|p1a: Cinccino|U-turn|p2a: Pawmot\n|-resisted|p2a: Pawmot\n|-damage|p2a: Pawmot|207/243\n|\n|t:|1783553972\n|switch|p1a: Pyroar|Pyroar, L88, F|100/100|[from] U-turn\n|-ability|p1a: Pyroar|Unnerve\n|move|p2a: Pawmot|Close Combat|p1a: Pyroar\n|-supereffective|p1a: Pyroar\n|-damage|p1a: Pyroar|0 fnt\n|-unboost|p2a: Pawmot|def|1\n|-unboost|p2a: Pawmot|spd|1\n|faint|p1a: Pyroar\n|-damage|p2a: Pawmot|183/243|[from] item: Life Orb\n|\n|upkeep\n|\n|t:|1783553973\n|switch|p1a: Cinccino|Cinccino, L83, M|100/100\n|turn|25\n|inactive|Time left: 300 sec this turn | 300 sec total\n|\n|t:|1783553974\n|switch|p2a: Grafaiai|Grafaiai, L86, M|249/249\n|move|p1a: Cinccino|Tail Slap|p2a: Grafaiai\n|-damage|p2a: Grafaiai|198/249\n|-damage|p2a: Grafaiai|153/249\n|-damage|p2a: Grafaiai|110/249\n|-damage|p2a: Grafaiai|61/249\n|-hitcount|p2a: Grafaiai|4\n|\n|upkeep\n|turn|26\n|inactive|Time left: 300 sec this turn | 300 sec total\n|\n|t:|1783553975\n|move|p2a: Grafaiai|Parting Shot|p1a: Cinccino\n|-unboost|p1a: Cinccino|atk|1\n|-unboost|p1a: Cinccino|spa|1\n|inactive|Time left: 300 sec this turn | 300 sec total | 5 sec grace\n|\n|t:|1783553976\n|switch|p2a: Meloetta|Meloetta, L82|298/298|[from] Parting Shot\n|-damage|p2a: Meloetta|261/298|[from] Stealth Rock\n|move|p1a: Cinccino|Tail Slap|p2a: Meloetta\n|-damage|p2a: Meloetta|231/298\n|-damage|p2a: Meloetta|201/298\n|-crit|p2a: Meloetta\n|-damage|p2a: Meloetta|134/298\n|-damage|p2a: Meloetta|104/298\n|-damage|p2a: Meloetta|76/298\n|-hitcount|p2a: Meloetta|5\n|\n|upkeep\n|turn|27\n|inactive|Time left: 300 sec this turn | 300 sec total\n|\n|t:|1783553977\n|-terastallize|p1a: Cinccino|Grass\n|move|p1a: Cinccino|Bullet Seed|p2a: Meloetta\n|-damage|p2a: Meloetta|45/298\n|-damage|p2a: Meloetta|14/298\n|-damage|p2a: Meloetta|0 fnt\n|faint|p2a: Meloetta\n|-hitcount|p2: Meloetta|3\n|\n|upkeep\n|inactive|Time left: 300 sec this turn | 300 sec total | 5 sec grace\n|\n|t:|1783553978\n|switch|p2a: Pawmot|Pawmot, L80, F|183/243\n|-damage|p2a: Pawmot|168/243|[from] Stealth Rock\n|turn|28\n|inactive|Time left: 300 sec this turn | 300 sec total\n|\n|t:|1783553979\n|move|p1a: Cinccino|Bullet Seed|p2a: Pawmot\n|-damage|p2a: Pawmot|134/243\n|-damage|p2a: Pawmot|103/243\n|-damage|p2a: Pawmot|73/243\n|-damage|p2a: Pawmot|43/243\n|-hitcount|p2a: Pawmot|4\n|move|p2a: Pawmot|Ice Punch|p1a: Cinccino\n|-supereffective|p1a: Cinccino\n|-damage|p1a: Cinccino|12/100\n|-damage|p2a: Pawmot|19/243|[from] item: Life Orb\n|\n|upkeep\n|turn|29\n|inactive|Time left: 300 sec this turn | 300 sec total\n|\n|t:|1783553980\n|move|p1a: Cinccino|Bullet Seed|p2a: Pawmot\n|-damage|p2a: Pawmot|0 fnt\n|faint|p2a: Pawmot\n|-hitcount|p2: Pawmot|1\n|\n|upkeep\n|inactive|Time left: 300 sec this turn | 300 sec total | 5 sec grace\n|\n|t:|1783553981\n|switch|p2a: Grafaiai|Grafaiai, L86, M|61/249\n|turn|30\n|inactive|Time left: 300 sec this turn | 300 sec total\n|\n|t:|1783553982\n|move|p2a: Grafaiai|Parting Shot|p1a: Cinccino\n|-unboost|p1a: Cinccino|atk|1\n|-unboost|p1a: Cinccino|spa|1\n|move|p1a: Cinccino|Bullet Seed|p2a: Grafaiai\n|-resisted|p2a: Grafaiai\n|-damage|p2a: Grafaiai|49/249\n|-resisted|p2a: Grafaiai\n|-damage|p2a: Grafaiai|37/249\n|-resisted|p2a: Grafaiai\n|-damage|p2a: Grafaiai|25/249\n|-resisted|p2a: Grafaiai\n|-damage|p2a: Grafaiai|13/249\n|-resisted|p2a: Grafaiai\n|-damage|p2a: Grafaiai|1/249\n|-hitcount|p2a: Grafaiai|5\n|\n|upkeep\n|turn|31\n|inactive|Time left: 300 sec this turn | 300 sec total\n|\n|t:|1783553983\n|move|p1a: Cinccino|U-turn|p2a: Grafaiai\n|-resisted|p2a: Grafaiai\n|-damage|p2a: Grafaiai|0 fnt\n|faint|p2a: Grafaiai\n|\n|win|p0x1204eb73", "uploadtime": 1783553983, "views": 0, "rating": 0, "private": 0, "password": null, "_winner": "p0x1204eb73", "_our_name": "p0y1204c76c"}