{"id": "battle-gen9randombattle-2773", "formatid": "gen9randombattle", "format": "[Gen 9] Random Battle", "players": ["p0x27733f44", "p0y27730399"], "log": "|init|battle\n|title|p0x27733f44 vs. p0y27730399\n|j|\u2606p0x27733f44\n|j|\u2606p0y27730399\n|t:|1783571942\n|gametype|singles\n|player|p1|p0x27733f44|169|\n|player|p2|p0y27730399|266|\n|gen|9\n|tier|[Gen 9] Random Battle\n|rule|Species Clause: Limit one of each Pok\u00e9mon\n|rule|HP Percentage Mod: HP is shown in percentages\n|rule|Sleep Clause Mod: Limit one foe put to sleep\n|rule|Illusion Level Mod: Illusion disguises the Pok\u00e9mon's true level\n|\n|t:|1783571942\n|teamsize|p1|6\n|teamsize|p2|6\n|start\n|switch|p1a: Poliwrath|Poliwrath, L88, M|100/100\n|switch|p2a: Perrserker|Perrserker, L89, M|269/269\n|turn|1\n|inactive|Battle timer is ON: inactive players will automatically lose when time's up. (requested by p0x27733f44)\n|inactive|Time left: 300 sec this turn | 300 sec total | 60 sec grace\n|inactive|p0y27730399 also wants the timer to be on.\n|\n|t:|1783571943\n|switch|p2a: Gogoat|Gogoat, L88, F|360/360\n|move|p1a: Poliwrath|Close Combat|p2a: Gogoat\n|-crit|p2a: Gogoat\n|-damage|p2a: Gogoat|116/360\n|-unboost|p1a: Poliwrath|def|1\n|-unboost|p1a: Poliwrath|spd|1\n|\n|-heal|p2a: Gogoat|138/360|[from] item: Leftovers\n|upkeep\n|turn|2\n|inactive|Time left: 300 sec this turn | 300 sec total\n|\n|t:|1783571944\n|move|p1a: Poliwrath|Close Combat|p2a: Gogoat\n|-damage|p2a: Gogoat|0 fnt\n|-unboost|p1a: Poliwrath|def|1\n|-unboost|p1a: Poliwrath|spd|1\n|faint|p2a: Gogoat\n|\n|upkeep\n|inactive|Time left: 300 sec this turn | 300 sec total | 5 sec grace\n|\n|t:|1783571945\n|switch|p2a: Perrserker|Perrserker, L89, M|269/269\n|turn|3\n|inactive|Time left: 300 sec this turn | 300 sec total\n|\n|t:|1783571946\n|switch|p1a: Iron Hands|Iron Hands, L79|100/100\n|move|p2a: Perrserker|Close Combat|p1a: Iron Hands\n|-damage|p1a: Iron Hands|60/100\n|-unboost|p2a: Perrserker|def|1\n|-unboost|p2a: Perrserker|spd|1\n|-damage|p2a: Perrserker|243/269|[from] item: Life Orb\n|\n|-heal|p1a: Iron Hands|66/100|[from] item: Leftovers\n|upkeep\n|turn|4\n|inactive|Time left: 300 sec this turn | 300 sec total\n|\n|t:|1783571947\n|-terastallize|p2a: Perrserker|Fighting\n|move|p2a: Perrserker|Close Combat|p1a: Iron Hands\n|-damage|p1a: Iron Hands|2/100\n|-unboost|p2a: Perrserker|def|1\n|-unboost|p2a: Perrserker|spd|1\n|-damage|p2a: Perrserker|217/269|[from] item: Life Orb\n|move|p1a: Iron Hands|Drain Punch|p2a: Perrserker\n|-crit|p2a: Perrserker\n|-damage|p2a: Perrserker|0 fnt\n|-heal|p1a: Iron Hands|31/100|[from] drain|[of] p2a: Perrserker\n|faint|p2a: Perrserker\n|\n|-heal|p1a: Iron Hands|37/100|[from] item: Leftovers\n|upkeep\n|inactive|Time left: 300 sec this turn | 300 sec total | 5 sec grace\n|\n|t:|1783571948\n|switch|p2a: Swanna|Swanna, L89, M|278/278\n|turn|5\n|inactive|Time left: 300 sec this turn | 300 sec total\n|\n|t:|1783571949\n|move|p2a: Swanna|Hydro Pump|p1a: Iron Hands\n|-damage|p1a: Iron Hands|0 fnt\n|faint|p1a: Iron Hands\n|-end|p1a: Iron Hands|Quark Drive|[silent]\n|\n|upkeep\n|\n|t:|1783571950\n|switch|p1a: Regidrago|Regidrago, L77|100/100\n|turn|6\n|inactive|Time left: 300 sec this turn | 300 sec total\n|\n|t:|1783571951\n|switch|p2a: Orthworm|Orthworm, L88, F|266/266\n|move|p1a: Regidrago|Dragon Dance|p1a: Regidrago\n|-boost|p1a: Regidrago|atk|1\n|-boost|p1a: Regidrago|spe|1\n|\n|upkeep\n|turn|7\n|inactive|Time left: 300 sec this turn | 300 sec total\n|\n|t:|1783571952\n|move|p1a: Regidrago|Outrage|p2a: Orthworm\n|-resisted|p2a: Orthworm\n|-damage|p2a: Orthworm|194/266\n|move|p2a: Orthworm|Body Press|p1a: Regidrago\n|-damage|p1a: Regidrago|67/100\n|\n|-heal|p2a: Orthworm|210/266|[from] item: Leftovers\n|upkeep\n|turn|8\n|inactive|Time left: 300 sec this turn | 300 sec total\n|\n|t:|1783571953\n|move|p1a: Regidrago|Outrage|p2a: Orthworm|[from] lockedmove\n|-resisted|p2a: Orthworm\n|-crit|p2a: Orthworm\n|-damage|p2a: Orthworm|85/266\n|move|p2a: Orthworm|Body Press|p1a: Regidrago\n|-damage|p1a: Regidrago|34/100\n|\n|-heal|p2a: Orthworm|101/266|[from] item: Leftovers\n|upkeep\n|turn|9\n|inactive|Time left: 300 sec this turn | 300 sec total\n|\n|t:|1783571954\n|move|p1a: Regidrago|Outrage|p2a: Orthworm|[from] lockedmove\n|-resisted|p2a: Orthworm\n|-damage|p2a: Orthworm|18/266\n|-start|p1a: Regidrago|confusion|[fatigue]\n|-enditem|p1a: Regidrago|Lum Berry|[eat]\n|-end|p1a: Regidrago|confusion\n|move|p2a: Orthworm|Body Press|p1a: Regidrago\n|-damage|p1a: Regidrago|3/100\n|\n|-heal|p2a: Orthworm|34/266|[from] item: Leftovers\n|upkeep\n|turn|10\n|inactive|Time left: 300 sec this turn | 300 sec total\n|\n|t:|1783571955\n|move|p1a: Regidrago|Outrage|p2a: Orthworm\n|-resisted|p2a: Orthworm\n|-damage|p2a: Orthworm|0 fnt\n|faint|p2a: Orthworm\n|\n|upkeep\n|inactive|Time left: 300 sec this turn | 300 sec total | 5 sec grace\n|\n|t:|1783571956\n|switch|p2a: Palafin|Palafin, L77, M|281/281\n|turn|11\n|inactive|Time left: 300 sec this turn | 300 sec total\n|\n|t:|1783571957\n|move|p2a: Palafin|Jet Punch|p1a: Regidrago\n|-resisted|p1a: Regidrago\n|-damage|p1a: Regidrago|0 fnt\n|faint|p1a: Regidrago\n|\n|upkeep\n|\n|t:|1783571958\n|switch|p1a: Victreebel|Victreebel, L90, M|100/100\n|turn|12\n|inactive|Time left: 300 sec this turn | 300 sec total\n|\n|t:|1783571959\n|detailschange|p2a: Palafin|Palafin-Hero, L77, M\n|switch|p2a: Roaring Moon|Roaring Moon, L72|270/270\n|move|p1a: Victreebel|Power Whip|p2a: Roaring Moon\n|-resisted|p2a: Roaring Moon\n|-damage|p2a: Roaring Moon|137/270\n|-damage|p1a: Victreebel|90/100|[from] item: Life Orb\n|\n|upkeep\n|turn|13\n|inactive|Time left: 300 sec this turn | 300 sec total\n|\n|t:|1783571960\n|switch|p1a: Probopass|Probopass, L91, M|100/100\n|move|p2a: Roaring Moon|Outrage|p1a: Probopass\n|-resisted|p1a: Probopass\n|-damage|p1a: Probopass|86/100\n|\n|-heal|p1a: Probopass|93/100|[from] item: Leftovers\n|upkeep\n|turn|14\n|inactive|Time left: 300 sec this turn | 300 sec total\n|\n|t:|1783571961\n|move|p2a: Roaring Moon|Outrage|p1a: Probopass|[from] lockedmove\n|-resisted|p1a: Probopass\n|-damage|p1a: Probopass|77/100\n|move|p1a: Probopass|Iron Defense|p1a: Probopass\n|-boost|p1a: Probopass|def|2\n|\n|-heal|p1a: Probopass|83/100|[from] item: Leftovers\n|upkeep\n|turn|15\n|inactive|Time left: 300 sec this turn | 300 sec total\n|\n|t:|1783571962\n|move|p2a: Roaring Moon|Outrage|p1a: Probopass|[from] lockedmove\n|-resisted|p1a: Probopass\n|-damage|p1a: Probopass|75/100\n|-start|p2a: Roaring Moon|confusion|[fatigue]\n|-enditem|p2a: Roaring Moon|Lum Berry|[eat]\n|-end|p2a: Roaring Moon|confusion\n|move|p1a: Probopass|Body Press|p2a: Roaring Moon\n|-supereffective|p2a: Roaring Moon\n|-damage|p2a: Roaring Moon|0 fnt\n|faint|p2a: Roaring Moon\n|-end|p2a: Roaring Moon|Protosynthesis|[silent]\n|\n|-heal|p1a: Probopass|81/100|[from] item: Leftovers\n|upkeep\n|inactive|Time left: 300 sec this turn | 300 sec total | 5 sec grace\n|\n|t:|1783571963\n|switch|p2a: Swanna|Swanna, L89, M|278/278\n|turn|16\n|inactive|Time left: 300 sec this turn | 300 sec total\n|\n|t:|1783571964\n|-terastallize|p1a: Probopass|Fighting\n|move|p2a: Swanna|Hydro Pump|p1a: Probopass\n|-damage|p1a: Probopass|54/100\n|move|p1a: Probopass|Body Press|p2a: Swanna\n|-resisted|p2a: Swanna\n|-damage|p2a: Swanna|119/278\n|\n|-heal|p1a: Probopass|60/100|[from] item: Leftovers\n|upkeep\n|turn|17\n|inactive|Time left: 300 sec this turn | 300 sec total\n|\n|t:|1783571965\n|move|p2a: Swanna|Brave Bird|p1a: Probopass\n|-supereffective|p1a: Probopass\n|-damage|p1a: Probopass|28/100\n|-damage|p2a: Swanna|91/278|[from] Recoil\n|move|p1a: Probopass|Body Press|p2a: Swanna\n|-resisted|p2a: Swanna\n|-crit|p2a: Swanna\n|-damage|p2a: Swanna|0 fnt\n|faint|p2a: Swanna\n|\n|-heal|p1a: Probopass|34/100|[from] item: Leftovers\n|upkeep\n|inactive|Time left: 300 sec this turn | 300 sec total | 5 sec grace\n|\n|t:|1783571965\n|switch|p2a: Palafin|Palafin-Hero, L77, M|281/281\n|-activate|p2a: Palafin|ability: Zero to Hero\n|turn|18\n|inactive|Time left: 300 sec this turn | 300 sec total\n|\n|t:|1783571966\n|move|p2a: Palafin|Ice Punch|p1a: Probopass\n|-damage|p1a: Probopass|26/100\n|move|p1a: Probopass|Body Press|p2a: Palafin\n|-damage|p2a: Palafin|23/281\n|\n|-heal|p2a: Palafin|40/281|[from] item: Leftovers\n|-heal|p1a: Probopass|32/100|[from] item: Leftovers\n|upkeep\n|turn|19\n|inactive|Time left: 300 sec this turn | 300 sec total\n|\n|t:|1783571967\n|move|p2a: Palafin|Ice Punch|p1a: Probopass\n|-damage|p1a: Probopass|23/100\n|move|p1a: Probopass|Power Gem|p2a: Palafin\n|-damage|p2a: Palafin|0 fnt\n|faint|p2a: Palafin\n|\n|win|p0x27733f44", "uploadtime": 1783571967, "views": 0, "rating": 0, "private": 0, "password": null, "_winner": "p0x27733f44", "_our_name": "p0y27730399"}