{"id": "battle-gen9randombattle-1363", "formatid": "gen9randombattle", "format": "[Gen 9] Random Battle", "players": ["p0x1363da0a", "p0y136309d6"], "log": "|init|battle\n|title|p0x1363da0a vs. p0y136309d6\n|j|\u2606p0x1363da0a\n|j|\u2606p0y136309d6\n|t:|1783555831\n|gametype|singles\n|player|p1|p0x1363da0a|2|\n|player|p2|p0y136309d6|2|\n|gen|9\n|tier|[Gen 9] Random Battle\n|rule|Species Clause: Limit one of each Pok\u00e9mon\n|rule|HP Percentage Mod: HP is shown in percentages\n|rule|Sleep Clause Mod: Limit one foe put to sleep\n|rule|Illusion Level Mod: Illusion disguises the Pok\u00e9mon's true level\n|\n|t:|1783555831\n|teamsize|p1|6\n|teamsize|p2|6\n|start\n|switch|p1a: Gastrodon|Gastrodon-East, L86, F|331/331\n|switch|p2a: Magearna|Magearna-Original, L77|100/100\n|turn|1\n|inactive|Battle timer is ON: inactive players will automatically lose when time's up. (requested by p0x1363da0a)\n|inactive|p0y136309d6 also wants the timer to be on.\n|\n|t:|1783555833\n|move|p2a: Magearna|Shift Gear|p2a: Magearna\n|-boost|p2a: Magearna|spe|2\n|-boost|p2a: Magearna|atk|1\n|move|p1a: Gastrodon|Spikes|p2a: Magearna\n|-sidestart|p2: p0y136309d6|Spikes\n|\n|upkeep\n|turn|2\n|inactive|Time left: 300 sec this turn | 300 sec total\n|\n|t:|1783555834\n|move|p2a: Magearna|Iron Head|p1a: Gastrodon\n|-resisted|p1a: Gastrodon\n|-damage|p1a: Gastrodon|267/331\n|move|p1a: Gastrodon|Earthquake|p2a: Magearna\n|-supereffective|p2a: Magearna\n|-damage|p2a: Magearna|36/100\n|-enditem|p2a: Magearna|Weakness Policy\n|-boost|p2a: Magearna|atk|2|[from] item: Weakness Policy\n|-boost|p2a: Magearna|spa|2|[from] item: Weakness Policy\n|\n|-heal|p1a: Gastrodon|287/331|[from] item: Leftovers\n|upkeep\n|turn|3\n|inactive|Time left: 300 sec this turn | 300 sec total\n|\n|t:|1783555835\n|move|p2a: Magearna|Fleur Cannon|p1a: Gastrodon\n|-damage|p1a: Gastrodon|0 fnt\n|-unboost|p2a: Magearna|spa|2\n|faint|p1a: Gastrodon\n|-ability|p2a: Magearna|Soul-Heart|boost\n|-boost|p2a: Magearna|spa|1\n|\n|upkeep\n|inactive|Time left: 300 sec this turn | 300 sec total | 5 sec grace\n|\n|t:|1783555836\n|switch|p1a: Palossand|Palossand, L89, F|296/296\n|turn|4\n|inactive|Time left: 300 sec this turn | 300 sec total\n|\n|t:|1783555837\n|move|p2a: Magearna|Iron Head|p1a: Palossand\n|-damage|p1a: Palossand|146/296\n|move|p1a: Palossand|Earth Power|p2a: Magearna\n|-supereffective|p2a: Magearna\n|-damage|p2a: Magearna|0 fnt\n|faint|p2a: Magearna\n|\n|-heal|p1a: Palossand|164/296|[from] item: Leftovers\n|upkeep\n|\n|t:|1783555837\n|switch|p2a: Samurott|Samurott-Hisui, L77, F|100/100\n|-damage|p2a: Samurott|88/100|[from] Spikes\n|turn|5\n|inactive|Time left: 300 sec this turn | 300 sec total\n|\n|t:|1783555838\n|-terastallize|p1a: Palossand|Poison\n|move|p2a: Samurott|Ceaseless Edge|p1a: Palossand\n|-damage|p1a: Palossand|74/296\n|-sidestart|p1: p0x1363da0a|Spikes\n|-damage|p2a: Samurott|78/100|[from] item: Life Orb\n|move|p1a: Palossand|Shore Up|p1a: Palossand\n|-heal|p1a: Palossand|222/296\n|\n|-heal|p1a: Palossand|240/296|[from] item: Leftovers\n|upkeep\n|turn|6\n|inactive|Time left: 300 sec this turn | 300 sec total\n|\n|t:|1783555840\n|move|p2a: Samurott|Swords Dance|p2a: Samurott\n|-boost|p2a: Samurott|atk|2\n|move|p1a: Palossand|Earth Power|p2a: Samurott\n|-damage|p2a: Samurott|26/100\n|\n|-heal|p1a: Palossand|258/296|[from] item: Leftovers\n|upkeep\n|turn|7\n|inactive|Time left: 300 sec this turn | 300 sec total\n|\n|t:|1783555841\n|-terastallize|p2a: Samurott|Water\n|move|p2a: Samurott|Razor Shell|p1a: Palossand\n|-damage|p1a: Palossand|0 fnt\n|faint|p1a: Palossand\n|-damage|p2a: Samurott|16/100|[from] item: Life Orb\n|\n|upkeep\n|inactive|Time left: 300 sec this turn | 300 sec total | 5 sec grace\n|\n|t:|1783555842\n|switch|p1a: Shaymin|Shaymin, L82|298/298\n|-damage|p1a: Shaymin|261/298|[from] Spikes\n|turn|8\n|inactive|Time left: 300 sec this turn | 300 sec total\n|\n|t:|1783555843\n|move|p1a: Shaymin|Seed Flare|p2a: Samurott\n|-supereffective|p2a: Samurott\n|-damage|p2a: Samurott|0 fnt\n|faint|p2a: Samurott\n|\n|-heal|p1a: Shaymin|279/298|[from] item: Leftovers\n|upkeep\n|\n|t:|1783555844\n|switch|p2a: Reuniclus|Reuniclus, L88, F|100/100\n|turn|9\n|inactive|Time left: 300 sec this turn | 300 sec total\n|\n|t:|1783555846\n|move|p1a: Shaymin|Seed Flare|p2a: Reuniclus\n|-damage|p2a: Reuniclus|65/100\n|-unboost|p2a: Reuniclus|spd|2\n|move|p2a: Reuniclus|Calm Mind|p2a: Reuniclus\n|-boost|p2a: Reuniclus|spa|1\n|-boost|p2a: Reuniclus|spd|1\n|\n|-heal|p1a: Shaymin|297/298|[from] item: Leftovers\n|upkeep\n|turn|10\n|inactive|Time left: 300 sec this turn | 300 sec total\n|\n|t:|1783555847\n|move|p1a: Shaymin|Seed Flare|p2a: Reuniclus\n|-damage|p2a: Reuniclus|15/100\n|move|p2a: Reuniclus|Recover|p2a: Reuniclus\n|-heal|p2a: Reuniclus|65/100\n|\n|-heal|p1a: Shaymin|298/298|[from] item: Leftovers\n|upkeep\n|turn|11\n|inactive|Time left: 300 sec this turn | 300 sec total\n|\n|t:|1783555848\n|move|p1a: Shaymin|Seed Flare|p2a: Reuniclus\n|-damage|p2a: Reuniclus|12/100\n|move|p2a: Reuniclus|Recover|p2a: Reuniclus\n|-heal|p2a: Reuniclus|62/100\n|\n|upkeep\n|turn|12\n|inactive|Time left: 300 sec this turn | 300 sec total\n|\n|t:|1783555849\n|move|p1a: Shaymin|Seed Flare|p2a: Reuniclus|[miss]\n|-miss|p1a: Shaymin|p2a: Reuniclus\n|move|p2a: Reuniclus|Psyshock|p1a: Shaymin\n|-damage|p1a: Shaymin|78/298\n|\n|-heal|p1a: Shaymin|96/298|[from] item: Leftovers\n|upkeep\n|turn|13\n|inactive|Time left: 300 sec this turn | 300 sec total\n|\n|t:|1783555850\n|move|p1a: Shaymin|Seed Flare|p2a: Reuniclus\n|-damage|p2a: Reuniclus|12/100\n|move|p2a: Reuniclus|Recover|p2a: Reuniclus\n|-heal|p2a: Reuniclus|62/100\n|\n|-heal|p1a: Shaymin|114/298|[from] item: Leftovers\n|upkeep\n|turn|14\n|inactive|Time left: 300 sec this turn | 300 sec total\n|\n|t:|1783555851\n|move|p1a: Shaymin|Seed Flare|p2a: Reuniclus|[miss]\n|-miss|p1a: Shaymin|p2a: Reuniclus\n|move|p2a: Reuniclus|Psyshock|p1a: Shaymin\n|-damage|p1a: Shaymin|0 fnt\n|faint|p1a: Shaymin\n|\n|upkeep\n|inactive|Time left: 300 sec this turn | 300 sec total | 5 sec grace\n|\n|t:|1783555852\n|switch|p1a: Wigglytuff|Wigglytuff, L96, M|424/424\n|-damage|p1a: Wigglytuff|371/424|[from] Spikes\n|turn|15\n|inactive|Time left: 300 sec this turn | 300 sec total\n|\n|t:|1783555853\n|move|p1a: Wigglytuff|Knock Off|p2a: Reuniclus\n|-supereffective|p2a: Reuniclus\n|-damage|p2a: Reuniclus|14/100\n|-enditem|p2a: Reuniclus|Life Orb|[from] move: Knock Off|[of] p1a: Wigglytuff\n|move|p2a: Reuniclus|Recover|p2a: Reuniclus\n|-heal|p2a: Reuniclus|64/100\n|\n|-heal|p1a: Wigglytuff|397/424|[from] item: Leftovers\n|upkeep\n|turn|16\n|inactive|Time left: 300 sec this turn | 300 sec total\n|\n|t:|1783555854\n|move|p1a: Wigglytuff|Alluring Voice|p2a: Reuniclus\n|-damage|p2a: Reuniclus|17/100\n|move|p2a: Reuniclus|Recover|p2a: Reuniclus\n|-heal|p2a: Reuniclus|67/100\n|\n|-heal|p1a: Wigglytuff|423/424|[from] item: Leftovers\n|upkeep\n|turn|17\n|inactive|Time left: 300 sec this turn | 300 sec total\n|\n|t:|1783555855\n|move|p1a: Wigglytuff|Alluring Voice|p2a: Reuniclus\n|-damage|p2a: Reuniclus|23/100\n|move|p2a: Reuniclus|Recover|p2a: Reuniclus\n|-heal|p2a: Reuniclus|73/100\n|\n|-heal|p1a: Wigglytuff|424/424|[from] item: Leftovers\n|upkeep\n|turn|18\n|inactive|Time left: 300 sec this turn | 300 sec total\n|\n|t:|1783555856\n|move|p1a: Wigglytuff|Alluring Voice|p2a: Reuniclus\n|-damage|p2a: Reuniclus|29/100\n|move|p2a: Reuniclus|Recover|p2a: Reuniclus\n|-heal|p2a: Reuniclus|79/100\n|\n|upkeep\n|turn|19\n|inactive|Time left: 300 sec this turn | 300 sec total\n|\n|t:|1783555858\n|move|p1a: Wigglytuff|Alluring Voice|p2a: Reuniclus\n|-damage|p2a: Reuniclus|34/100\n|move|p2a: Reuniclus|Recover|p2a: Reuniclus\n|-heal|p2a: Reuniclus|84/100\n|\n|upkeep\n|turn|20\n|inactive|Time left: 300 sec this turn | 300 sec total\n|\n|t:|1783555859\n|move|p1a: Wigglytuff|Alluring Voice|p2a: Reuniclus\n|-damage|p2a: Reuniclus|41/100\n|move|p2a: Reuniclus|Psyshock|p1a: Wigglytuff\n|-damage|p1a: Wigglytuff|186/424\n|\n|-heal|p1a: Wigglytuff|212/424|[from] item: Leftovers\n|upkeep\n|turn|21\n|inactive|Time left: 300 sec this turn | 300 sec total\n|\n|t:|1783555860\n|switch|p2a: Mimikyu|Mimikyu, L79, M|100/100\n|-damage|p2a: Mimikyu|88/100|[from] Spikes\n|move|p1a: Wigglytuff|Alluring Voice|p2a: Mimikyu\n|-activate|p2a: Mimikyu|ability: Disguise\n|-damage|p2a: Mimikyu|88/100\n|detailschange|p2a: Mimikyu|Mimikyu-Busted, L79, M\n|-damage|p2a: Mimikyu|75/100|[from] pokemon: Mimikyu-Busted\n|\n|-heal|p1a: Wigglytuff|238/424|[from] item: Leftovers\n|upkeep\n|turn|22\n|inactive|Time left: 300 sec this turn | 300 sec total\n|\n|t:|1783555861\n|move|p2a: Mimikyu|Swords Dance|p2a: Mimikyu\n|-boost|p2a: Mimikyu|atk|2\n|move|p1a: Wigglytuff|Knock Off|p2a: Mimikyu\n|-damage|p2a: Mimikyu|40/100\n|-enditem|p2a: Mimikyu|Life Orb|[from] move: Knock Off|[of] p1a: Wigglytuff\n|\n|-heal|p1a: Wigglytuff|264/424|[from] item: Leftovers\n|upkeep\n|turn|23\n|inactive|Time left: 300 sec this turn | 300 sec total\n|\n|t:|1783555862\n|move|p2a: Mimikyu|Drain Punch|p1a: Wigglytuff\n|-damage|p1a: Wigglytuff|148/424\n|-heal|p2a: Mimikyu|67/100|[from] drain|[of] p1a: Wigglytuff\n|move|p1a: Wigglytuff|Alluring Voice|p2a: Mimikyu\n|-damage|p2a: Mimikyu|25/100\n|\n|-heal|p1a: Wigglytuff|174/424|[from] item: Leftovers\n|upkeep\n|turn|24\n|inactive|Time left: 300 sec this turn | 300 sec total\n|\n|t:|1783555863\n|move|p2a: Mimikyu|Play Rough|p1a: Wigglytuff\n|-damage|p1a: Wigglytuff|0 fnt\n|faint|p1a: Wigglytuff\n|\n|upkeep\n|inactive|Time left: 300 sec this turn | 300 sec total | 5 sec grace\n|\n|t:|1783555864\n|switch|p1a: Pawmot|Pawmot, L80, M|243/243\n|-damage|p1a: Pawmot|213/243|[from] Spikes\n|turn|25\n|inactive|Time left: 300 sec this turn | 300 sec total\n|\n|t:|1783555865\n|move|p2a: Mimikyu|Shadow Sneak|p1a: Pawmot\n|-damage|p1a: Pawmot|117/243\n|move|p1a: Pawmot|Knock Off|p2a: Mimikyu\n|-damage|p2a: Mimikyu|0 fnt\n|faint|p2a: Mimikyu\n|-damage|p1a: Pawmot|93/243|[from] item: Life Orb\n|\n|upkeep\n|\n|t:|1783555866\n|switch|p2a: Pachirisu|Pachirisu, L96, F|100/100\n|-damage|p2a: Pachirisu|88/100|[from] Spikes\n|turn|26\n|inactive|Time left: 300 sec this turn | 300 sec total\n|\n|t:|1783555867\n|move|p2a: Pachirisu|Super Fang|p1a: Pawmot\n|-damage|p1a: Pawmot|47/243\n|move|p1a: Pawmot|Knock Off|p2a: Pachirisu\n|-damage|p2a: Pachirisu|50/100\n|-enditem|p2a: Pachirisu|Assault Vest|[from] move: Knock Off|[of] p1a: Pawmot\n|-damage|p1a: Pawmot|23/243|[from] item: Life Orb\n|\n|upkeep\n|turn|27\n|inactive|Time left: 300 sec this turn | 300 sec total\n|\n|t:|1783555868\n|move|p2a: Pachirisu|Super Fang|p1a: Pawmot\n|-damage|p1a: Pawmot|12/243\n|move|p1a: Pawmot|Close Combat|p2a: Pachirisu\n|-damage|p2a: Pachirisu|0 fnt\n|-unboost|p1a: Pawmot|def|1\n|-unboost|p1a: Pawmot|spd|1\n|faint|p2a: Pachirisu\n|-damage|p1a: Pawmot|0 fnt|[from] item: Life Orb\n|faint|p1a: Pawmot\n|\n|upkeep\n|inactive|Time left: 300 sec this turn | 300 sec total | 5 sec grace\n|\n|t:|1783555869\n|switch|p2a: Glalie|Glalie, L96, F|100/100\n|switch|p1a: Oinkologne|Oinkologne, L92, M|352/352\n|-damage|p1a: Oinkologne|308/352|[from] Spikes\n|turn|28\n|inactive|Time left: 300 sec this turn | 300 sec total\n|\n|t:|1783555870\n|move|p2a: Glalie|Earthquake|p1a: Oinkologne\n|-damage|p1a: Oinkologne|233/352\n|move|p1a: Oinkologne|Body Slam|p2a: Glalie\n|-damage|p2a: Glalie|68/100\n|\n|-heal|p1a: Oinkologne|255/352|[from] item: Leftovers\n|upkeep\n|turn|29\n|inactive|Time left: 300 sec this turn | 300 sec total\n|\n|t:|1783555871\n|move|p2a: Glalie|Freeze-Dry|p1a: Oinkologne\n|-damage|p1a: Oinkologne|216/352\n|move|p1a: Oinkologne|Body Slam|p2a: Glalie\n|-damage|p2a: Glalie|33/100\n|-status|p2a: Glalie|par\n|\n|-heal|p1a: Oinkologne|238/352|[from] item: Leftovers\n|upkeep\n|turn|30\n|inactive|Time left: 300 sec this turn | 300 sec total\n|\n|t:|1783555872\n|move|p1a: Oinkologne|Body Slam|p2a: Glalie\n|-damage|p2a: Glalie|0 fnt\n|faint|p2a: Glalie\n|\n|-heal|p1a: Oinkologne|260/352|[from] item: Leftovers\n|upkeep\n|\n|t:|1783555873\n|switch|p2a: Reuniclus|Reuniclus, L88, F|41/100\n|turn|31\n|inactive|Time left: 300 sec this turn | 300 sec total\n|\n|t:|1783555874\n|move|p1a: Oinkologne|Lash Out|p2a: Reuniclus\n|-supereffective|p2a: Reuniclus\n|-damage|p2a: Reuniclus|0 fnt\n|faint|p2a: Reuniclus\n|\n|win|p0x1363da0a", "uploadtime": 1783555874, "views": 0, "rating": 0, "private": 0, "password": null, "_winner": "p0x1363da0a", "_our_name": "p0x1363da0a"}