{"id": "battle-gen9randombattle-95", "formatid": "gen9randombattle", "format": "[Gen 9] Random Battle", "players": ["p0x0956a92", "p0y095bcd5"], "log": "|init|battle\n|title|p0x0956a92 vs. p0y095bcd5\n|j|\u2606p0x0956a92\n|j|\u2606p0y095bcd5\n|t:|1783540290\n|gametype|singles\n|player|p1|p0x0956a92|102|\n|player|p2|p0y095bcd5|102|\n|gen|9\n|tier|[Gen 9] Random Battle\n|rule|Species Clause: Limit one of each Pok\u00e9mon\n|rule|HP Percentage Mod: HP is shown in percentages\n|rule|Sleep Clause Mod: Limit one foe put to sleep\n|rule|Illusion Level Mod: Illusion disguises the Pok\u00e9mon's true level\n|\n|t:|1783540290\n|teamsize|p1|6\n|teamsize|p2|6\n|start\n|switch|p1a: Munkidori|Munkidori, L79, M|100/100\n|switch|p2a: Lanturn|Lanturn, L89, M|367/367\n|turn|1\n|inactive|Battle timer is ON: inactive players will automatically lose when time's up. (requested by p0x0956a92)\n|inactive|Time left: 300 sec this turn | 300 sec total | 60 sec grace\n|inactive|p0y095bcd5 also wants the timer to be on.\n|\n|t:|1783540292\n|switch|p2a: Rampardos|Rampardos, L90, F|321/321\n|move|p1a: Munkidori|Sludge Wave|p2a: Rampardos\n|-resisted|p2a: Rampardos\n|-damage|p2a: Rampardos|248/321\n|\n|upkeep\n|turn|2\n|inactive|Time left: 300 sec this turn | 300 sec total\n|\n|t:|1783540293\n|switch|p1a: Granbull|Granbull, L88, M|100/100\n|-ability|p1a: Granbull|Intimidate|boost\n|-unboost|p2a: Rampardos|atk|1\n|move|p2a: Rampardos|Earthquake|p1a: Granbull\n|-damage|p1a: Granbull|69/100\n|\n|-heal|p1a: Granbull|75/100|[from] item: Leftovers\n|upkeep\n|turn|3\n|inactive|Time left: 300 sec this turn | 300 sec total\n|\n|t:|1783540294\n|move|p2a: Rampardos|Earthquake|p1a: Granbull\n|-damage|p1a: Granbull|47/100\n|move|p1a: Granbull|Earthquake|p2a: Rampardos\n|-supereffective|p2a: Rampardos\n|-damage|p2a: Rampardos|26/321\n|\n|-heal|p1a: Granbull|52/100|[from] item: Leftovers\n|upkeep\n|turn|4\n|inactive|Time left: 300 sec this turn | 300 sec total\n|\n|t:|1783540295\n|move|p2a: Rampardos|Earthquake|p1a: Granbull\n|-damage|p1a: Granbull|20/100\n|move|p1a: Granbull|Play Rough|p2a: Rampardos\n|-damage|p2a: Rampardos|0 fnt\n|faint|p2a: Rampardos\n|\n|-heal|p1a: Granbull|26/100|[from] item: Leftovers\n|upkeep\n|inactive|Time left: 300 sec this turn | 300 sec total | 5 sec grace\n|\n|t:|1783540296\n|switch|p2a: Glastrier|Glastrier, L86|312/312\n|turn|5\n|inactive|Time left: 300 sec this turn | 300 sec total\n|\n|t:|1783540297\n|move|p1a: Granbull|Play Rough|p2a: Glastrier\n|-damage|p2a: Glastrier|224/312\n|move|p2a: Glastrier|Icicle Crash|p1a: Granbull\n|-damage|p1a: Granbull|0 fnt\n|faint|p1a: Granbull\n|-ability|p2a: Glastrier|Chilling Neigh|boost\n|-boost|p2a: Glastrier|atk|1\n|\n|upkeep\n|\n|t:|1783540299\n|switch|p1a: Toxtricity|Toxtricity, L82, M|100/100\n|turn|6\n|inactive|Time left: 300 sec this turn | 300 sec total\n|\n|t:|1783540300\n|-terastallize|p1a: Toxtricity|Normal\n|move|p1a: Toxtricity|Boomburst|p2a: Glastrier\n|-damage|p2a: Glastrier|0 fnt\n|faint|p2a: Glastrier\n|\n|upkeep\n|inactive|Time left: 300 sec this turn | 300 sec total | 5 sec grace\n|\n|t:|1783540301\n|switch|p2a: Gogoat|Gogoat, L88, F|360/360\n|turn|7\n|inactive|Time left: 300 sec this turn | 300 sec total\n|\n|t:|1783540302\n|move|p2a: Gogoat|Horn Leech|p1a: Toxtricity\n|-damage|p1a: Toxtricity|57/100\n|move|p1a: Toxtricity|Boomburst|p2a: Gogoat\n|-damage|p2a: Gogoat|24/360\n|\n|-heal|p2a: Gogoat|46/360|[from] item: Leftovers\n|upkeep\n|turn|8\n|inactive|Time left: 300 sec this turn | 300 sec total\n|\n|t:|1783540303\n|move|p2a: Gogoat|Horn Leech|p1a: Toxtricity\n|-damage|p1a: Toxtricity|14/100\n|-heal|p2a: Gogoat|102/360|[from] drain|[of] p1a: Toxtricity\n|move|p1a: Toxtricity|Boomburst|p2a: Gogoat\n|-crit|p2a: Gogoat\n|-damage|p2a: Gogoat|0 fnt\n|faint|p2a: Gogoat\n|\n|upkeep\n|inactive|Time left: 300 sec this turn | 300 sec total | 5 sec grace\n|\n|t:|1783540304\n|switch|p2a: Lanturn|Lanturn, L89, M|367/367\n|turn|9\n|inactive|Time left: 300 sec this turn | 300 sec total\n|\n|t:|1783540305\n|move|p1a: Toxtricity|Boomburst|p2a: Lanturn\n|-crit|p2a: Lanturn\n|-damage|p2a: Lanturn|0 fnt\n|faint|p2a: Lanturn\n|\n|upkeep\n|inactive|Time left: 300 sec this turn | 300 sec total | 5 sec grace\n|\n|t:|1783540306\n|switch|p2a: Zapdos|Zapdos, L78|268/268\n|turn|10\n|inactive|Time left: 300 sec this turn | 300 sec total\n|\n|t:|1783540306\n|switch|p1a: Florges|Florges, L85, F|100/100\n|move|p2a: Zapdos|Discharge|p1a: Florges\n|-damage|p1a: Florges|78/100\n|\n|-heal|p1a: Florges|84/100|[from] item: Leftovers\n|upkeep\n|turn|11\n|inactive|Time left: 300 sec this turn | 300 sec total\n|\n|t:|1783540307\n|move|p2a: Zapdos|Discharge|p1a: Florges\n|-damage|p1a: Florges|61/100\n|-status|p1a: Florges|par\n|cant|p1a: Florges|par\n|\n|-heal|p1a: Florges|67/100 par|[from] item: Leftovers\n|upkeep\n|turn|12\n|inactive|Time left: 300 sec this turn | 300 sec total\n|\n|t:|1783540308\n|move|p2a: Zapdos|Hurricane|p1a: Florges\n|-damage|p1a: Florges|35/100 par\n|cant|p1a: Florges|par\n|\n|-heal|p1a: Florges|41/100 par|[from] item: Leftovers\n|upkeep\n|turn|13\n|inactive|Time left: 300 sec this turn | 300 sec total\n|\n|t:|1783540310\n|move|p2a: Zapdos|Hurricane|p1a: Florges\n|-damage|p1a: Florges|13/100 par\n|-start|p1a: Florges|confusion\n|-activate|p1a: Florges|confusion\n|cant|p1a: Florges|par\n|\n|-heal|p1a: Florges|19/100 par|[from] item: Leftovers\n|upkeep\n|turn|14\n|inactive|Time left: 300 sec this turn | 300 sec total\n|\n|t:|1783540311\n|move|p2a: Zapdos|Hurricane|p1a: Florges\n|-damage|p1a: Florges|0 fnt\n|faint|p1a: Florges\n|\n|upkeep\n|\n|t:|1783540312\n|switch|p1a: Munkidori|Munkidori, L79, M|100/100\n|turn|15\n|inactive|Time left: 300 sec this turn | 300 sec total\n|\n|t:|1783540312\n|move|p1a: Munkidori|Psychic Noise|p2a: Zapdos\n|-damage|p2a: Zapdos|172/268\n|-start|p2a: Zapdos|move: Heal Block\n|move|p2a: Zapdos|Hurricane|p1a: Munkidori\n|-damage|p1a: Munkidori|66/100\n|\n|upkeep\n|turn|16\n|inactive|Time left: 300 sec this turn | 300 sec total\n|\n|t:|1783540313\n|switch|p2a: Mandibuzz|Mandibuzz, L85, F|326/326\n|move|p1a: Munkidori|Sludge Wave|p2a: Mandibuzz\n|-crit|p2a: Mandibuzz\n|-damage|p2a: Mandibuzz|170/326\n|-status|p2a: Mandibuzz|tox|[from] ability: Toxic Chain|[of] p1a: Munkidori\n|\n|-damage|p2a: Mandibuzz|150/326 tox|[from] psn\n|upkeep\n|turn|17\n|inactive|Time left: 300 sec this turn | 300 sec total\n|\n|t:|1783540314\n|move|p1a: Munkidori|U-turn|p2a: Mandibuzz\n|-crit|p2a: Mandibuzz\n|-damage|p2a: Mandibuzz|104/326 tox\n|\n|t:|1783540315\n|switch|p1a: Delibird|Delibird, M|100/100|[from] U-turn\n|move|p2a: Mandibuzz|Foul Play|p1a: Delibird\n|-damage|p1a: Delibird|58/100\n|\n|-damage|p2a: Mandibuzz|64/326 tox|[from] psn\n|upkeep\n|turn|18\n|inactive|Time left: 300 sec this turn | 300 sec total\n|\n|t:|1783540316\n|move|p1a: Delibird|Ice Spinner|p2a: Mandibuzz|[miss]\n|-miss|p1a: Delibird|p2a: Mandibuzz\n|move|p2a: Mandibuzz|U-turn|p1a: Delibird\n|-resisted|p1a: Delibird\n|-damage|p1a: Delibird|49/100\n|inactive|Time left: 300 sec this turn | 300 sec total | 5 sec grace\n|\n|t:|1783540317\n|switch|p2a: Zapdos|Zapdos, L78|172/268|[from] U-turn\n|\n|upkeep\n|turn|19\n|inactive|Time left: 300 sec this turn | 300 sec total\n|\n|t:|1783540318\n|-terastallize|p2a: Zapdos|Electric\n|move|p1a: Delibird|Ice Spinner|p2a: Zapdos\n|-damage|p2a: Zapdos|40/268\n|move|p2a: Zapdos|Roost|p2a: Zapdos\n|-heal|p2a: Zapdos|174/268\n|\n|upkeep\n|turn|20\n|inactive|Time left: 300 sec this turn | 300 sec total\n|\n|t:|1783540318\n|switch|p2a: Mandibuzz|Mandibuzz, L85, F|64/326 tox\n|move|p1a: Delibird|Drill Run|p2a: Mandibuzz\n|-immune|p2a: Mandibuzz\n|\n|-damage|p2a: Mandibuzz|44/326 tox|[from] psn\n|upkeep\n|turn|21\n|inactive|Time left: 300 sec this turn | 300 sec total\n|\n|t:|1783540320\n|switch|p2a: Zapdos|Zapdos, L78, tera:Electric|174/268\n|move|p1a: Delibird|Ice Shard|p2a: Zapdos|[miss]\n|-miss|p1a: Delibird|p2a: Zapdos\n|\n|upkeep\n|turn|22\n|inactive|Time left: 300 sec this turn | 300 sec total\n|\n|t:|1783540321\n|switch|p2a: Mandibuzz|Mandibuzz, L85, F|44/326 tox\n|move|p1a: Delibird|Drill Run|p2a: Mandibuzz\n|-immune|p2a: Mandibuzz\n|\n|-damage|p2a: Mandibuzz|24/326 tox|[from] psn\n|upkeep\n|turn|23\n|inactive|Time left: 300 sec this turn | 300 sec total\n|\n|t:|1783540322\n|switch|p2a: Zapdos|Zapdos, L78, tera:Electric|174/268\n|move|p1a: Delibird|Ice Spinner|p2a: Zapdos\n|-damage|p2a: Zapdos|44/268\n|\n|upkeep\n|turn|24\n|inactive|Time left: 300 sec this turn | 300 sec total\n|\n|t:|1783540323\n|move|p1a: Delibird|Ice Shard|p2a: Zapdos\n|-damage|p2a: Zapdos|0 fnt\n|faint|p2a: Zapdos\n|\n|upkeep\n|inactive|Time left: 300 sec this turn | 300 sec total | 5 sec grace\n|\n|t:|1783540324\n|switch|p2a: Mandibuzz|Mandibuzz, L85, F|24/326 tox\n|turn|25\n|inactive|Time left: 300 sec this turn | 300 sec total\n|\n|t:|1783540325\n|move|p1a: Delibird|Ice Shard|p2a: Mandibuzz|[miss]\n|-miss|p1a: Delibird|p2a: Mandibuzz\n|move|p2a: Mandibuzz|Roost|p2a: Mandibuzz\n|-heal|p2a: Mandibuzz|187/326 tox\n|-singleturn|p2a: Mandibuzz|move: Roost\n|\n|-damage|p2a: Mandibuzz|167/326 tox|[from] psn\n|upkeep\n|turn|26\n|inactive|Time left: 300 sec this turn | 300 sec total\n|\n|t:|1783540326\n|move|p1a: Delibird|Ice Spinner|p2a: Mandibuzz\n|-supereffective|p2a: Mandibuzz\n|-damage|p2a: Mandibuzz|0 fnt\n|faint|p2a: Mandibuzz\n|\n|win|p0x0956a92", "uploadtime": 1783540326, "views": 0, "rating": 0, "private": 0, "password": null, "_winner": "p0x0956a92", "_our_name": "p0y095bcd5"}