{"id": "battle-gen9randombattle-1539", "formatid": "gen9randombattle", "format": "[Gen 9] Random Battle", "players": ["p0x15396aa0", "p0y15391d3c"], "log": "|init|battle\n|title|p0x15396aa0 vs. p0y15391d3c\n|j|\u2606p0x15396aa0\n|j|\u2606p0y15391d3c\n|t:|1783556985\n|gametype|singles\n|player|p1|p0x15396aa0|169|\n|player|p2|p0y15391d3c|1|\n|gen|9\n|tier|[Gen 9] Random Battle\n|rule|Species Clause: Limit one of each Pok\u00e9mon\n|rule|HP Percentage Mod: HP is shown in percentages\n|rule|Sleep Clause Mod: Limit one foe put to sleep\n|rule|Illusion Level Mod: Illusion disguises the Pok\u00e9mon's true level\n|\n|t:|1783556985\n|teamsize|p1|6\n|teamsize|p2|6\n|start\n|switch|p1a: Eiscue|Eiscue, L88, F|274/274\n|switch|p2a: Thundurus|Thundurus, L80, M|100/100\n|turn|1\n|inactive|Battle timer is ON: inactive players will automatically lose when time's up. (requested by p0x15396aa0)\n|inactive|p0y15391d3c also wants the timer to be on.\n|\n|t:|1783556987\n|move|p2a: Thundurus|Thunderbolt|p1a: Eiscue\n|-damage|p1a: Eiscue|171/274\n|move|p1a: Eiscue|Ice Spinner|p2a: Thundurus\n|-supereffective|p2a: Thundurus\n|-damage|p2a: Thundurus|25/100\n|\n|upkeep\n|turn|2\n|inactive|Time left: 300 sec this turn | 300 sec total\n|\n|t:|1783556989\n|switch|p2a: Espathra|Espathra, L80, M|100/100\n|move|p1a: Eiscue|Liquidation|p2a: Espathra\n|-damage|p2a: Espathra|73/100\n|\n|upkeep\n|turn|3\n|inactive|Time left: 300 sec this turn | 300 sec total\n|\n|t:|1783556990\n|move|p2a: Espathra|Lumina Crash|p1a: Eiscue\n|-damage|p1a: Eiscue|53/274\n|-unboost|p1a: Eiscue|spd|2\n|-enditem|p1a: Eiscue|Sitrus Berry|[eat]\n|-heal|p1a: Eiscue|121/274|[from] item: Sitrus Berry\n|move|p1a: Eiscue|Ice Spinner|p2a: Espathra\n|-damage|p2a: Espathra|34/100\n|\n|-ability|p2a: Espathra|Speed Boost|boost\n|-boost|p2a: Espathra|spe|1\n|upkeep\n|turn|4\n|inactive|Time left: 300 sec this turn | 300 sec total\n|\n|t:|1783556991\n|switch|p1a: Appletun|Appletun, L92, M|352/352\n|move|p2a: Espathra|Lumina Crash|p1a: Appletun\n|-damage|p1a: Appletun|235/352\n|-unboost|p1a: Appletun|spd|2\n|\n|-heal|p1a: Appletun|257/352|[from] item: Leftovers\n|-ability|p2a: Espathra|Speed Boost|boost\n|-boost|p2a: Espathra|spe|1\n|upkeep\n|turn|5\n|inactive|Time left: 300 sec this turn | 300 sec total\n|\n|t:|1783556993\n|move|p2a: Espathra|Lumina Crash|p1a: Appletun\n|-damage|p1a: Appletun|25/352\n|-unboost|p1a: Appletun|spd|2\n|move|p1a: Appletun|Apple Acid|p2a: Espathra\n|-damage|p2a: Espathra|0 fnt\n|faint|p2a: Espathra\n|\n|-heal|p1a: Appletun|47/352|[from] item: Leftovers\n|upkeep\n|\n|t:|1783556993\n|switch|p2a: Zacian|Zacian, L69|100/100\n|-ability|p2a: Zacian|Intrepid Sword|boost\n|-boost|p2a: Zacian|atk|1\n|turn|6\n|inactive|Time left: 300 sec this turn | 300 sec total\n|\n|t:|1783556994\n|switch|p1a: Corviknight|Corviknight, L80, M|288/288\n|-ability|p1a: Corviknight|Pressure\n|move|p2a: Zacian|Play Rough|p1a: Corviknight\n|-resisted|p1a: Corviknight\n|-damage|p1a: Corviknight|209/288\n|-damage|p2a: Zacian|84/100|[from] item: Rocky Helmet|[of] p1a: Corviknight\n|\n|upkeep\n|turn|7\n|inactive|Time left: 300 sec this turn | 300 sec total\n|\n|t:|1783556996\n|move|p2a: Zacian|Play Rough|p1a: Corviknight\n|-resisted|p1a: Corviknight\n|-damage|p1a: Corviknight|130/288\n|-damage|p2a: Zacian|67/100|[from] item: Rocky Helmet|[of] p1a: Corviknight\n|move|p1a: Corviknight|Brave Bird|p2a: Zacian\n|-damage|p2a: Zacian|21/100\n|-damage|p1a: Corviknight|93/288|[from] Recoil\n|\n|upkeep\n|turn|8\n|inactive|Time left: 300 sec this turn | 300 sec total\n|\n|t:|1783556997\n|move|p2a: Zacian|Play Rough|p1a: Corviknight\n|-resisted|p1a: Corviknight\n|-damage|p1a: Corviknight|8/288\n|-damage|p2a: Zacian|5/100|[from] item: Rocky Helmet|[of] p1a: Corviknight\n|move|p1a: Corviknight|Roost|p1a: Corviknight\n|-heal|p1a: Corviknight|152/288\n|-singleturn|p1a: Corviknight|move: Roost\n|\n|upkeep\n|turn|9\n|inactive|Time left: 300 sec this turn | 300 sec total\n|\n|t:|1783556998\n|move|p2a: Zacian|Play Rough|p1a: Corviknight\n|-resisted|p1a: Corviknight\n|-damage|p1a: Corviknight|80/288\n|-damage|p2a: Zacian|0 fnt|[from] item: Rocky Helmet|[of] p1a: Corviknight\n|faint|p2a: Zacian\n|move|p1a: Corviknight|Roost|p1a: Corviknight\n|-heal|p1a: Corviknight|224/288\n|-singleturn|p1a: Corviknight|move: Roost\n|\n|upkeep\n|\n|t:|1783556999\n|switch|p2a: Meowstic|Meowstic-F, L89, F|100/100\n|turn|10\n|inactive|Time left: 300 sec this turn | 300 sec total\n|\n|t:|1783557000\n|move|p2a: Meowstic|Nasty Plot|p2a: Meowstic\n|-boost|p2a: Meowstic|spa|2\n|move|p1a: Corviknight|Brave Bird|p2a: Meowstic\n|-damage|p2a: Meowstic|61/100\n|-damage|p1a: Corviknight|188/288|[from] Recoil\n|\n|upkeep\n|turn|11\n|inactive|Time left: 300 sec this turn | 300 sec total\n|\n|t:|1783557001\n|move|p2a: Meowstic|Thunderbolt|p1a: Corviknight\n|-supereffective|p1a: Corviknight\n|-damage|p1a: Corviknight|0 fnt\n|faint|p1a: Corviknight\n|-damage|p2a: Meowstic|51/100|[from] item: Life Orb\n|\n|upkeep\n|inactive|Time left: 300 sec this turn | 300 sec total | 5 sec grace\n|\n|t:|1783557002\n|switch|p1a: Grafaiai|Grafaiai, L86, M|249/249\n|turn|12\n|inactive|Time left: 300 sec this turn | 300 sec total\n|\n|t:|1783557003\n|-terastallize|p2a: Meowstic|Electric\n|move|p1a: Grafaiai|Knock Off|p2a: Meowstic\n|-damage|p2a: Meowstic|26/100\n|-enditem|p2a: Meowstic|Life Orb|[from] move: Knock Off|[of] p1a: Grafaiai\n|move|p2a: Meowstic|Thunderbolt|p1a: Grafaiai\n|-damage|p1a: Grafaiai|107/249\n|\n|upkeep\n|turn|13\n|inactive|Time left: 300 sec this turn | 300 sec total\n|\n|t:|1783557004\n|move|p1a: Grafaiai|Gunk Shot|p2a: Meowstic\n|-damage|p2a: Meowstic|0 fnt\n|faint|p2a: Meowstic\n|\n|upkeep\n|\n|t:|1783557004\n|switch|p2a: Volbeat|Volbeat, L90, M|100/100\n|turn|14\n|inactive|Time left: 300 sec this turn | 300 sec total\n|\n|t:|1783557006\n|move|p1a: Grafaiai|Gunk Shot|p2a: Volbeat|[miss]\n|-miss|p1a: Grafaiai|p2a: Volbeat\n|move|p2a: Volbeat|Lunge|p1a: Grafaiai\n|-resisted|p1a: Grafaiai\n|-damage|p1a: Grafaiai|59/249\n|-unboost|p1a: Grafaiai|atk|1\n|\n|upkeep\n|turn|15\n|inactive|Time left: 300 sec this turn | 300 sec total\n|\n|t:|1783557007\n|move|p1a: Grafaiai|Super Fang|p2a: Volbeat\n|-damage|p2a: Volbeat|51/100\n|move|p2a: Volbeat|Lunge|p1a: Grafaiai\n|-resisted|p1a: Grafaiai\n|-damage|p1a: Grafaiai|8/249\n|-unboost|p1a: Grafaiai|atk|1\n|\n|upkeep\n|turn|16\n|inactive|Time left: 300 sec this turn | 300 sec total\n|\n|t:|1783557008\n|move|p2a: Volbeat|Roost|p2a: Volbeat\n|-heal|p2a: Volbeat|100/100\n|-singleturn|p2a: Volbeat|move: Roost\n|move|p1a: Grafaiai|U-turn|p2a: Volbeat\n|-damage|p2a: Volbeat|91/100\n|inactive|Time left: 300 sec this turn | 300 sec total | 5 sec grace\n|\n|t:|1783557009\n|switch|p1a: Appletun|Appletun, L92, M|47/352|[from] U-turn\n|\n|-heal|p1a: Appletun|69/352|[from] item: Leftovers\n|upkeep\n|turn|17\n|inactive|Time left: 300 sec this turn | 300 sec total\n|\n|t:|1783557009\n|-terastallize|p1a: Appletun|Steel\n|move|p2a: Volbeat|Lunge|p1a: Appletun\n|-resisted|p1a: Appletun\n|-damage|p1a: Appletun|33/352\n|-unboost|p1a: Appletun|atk|1\n|move|p1a: Appletun|Leech Seed|p2a: Volbeat\n|-start|p2a: Volbeat|move: Leech Seed\n|\n|-heal|p1a: Appletun|55/352|[from] item: Leftovers\n|-damage|p2a: Volbeat|78/100|[from] Leech Seed|[of] p1a: Appletun\n|-heal|p1a: Appletun|87/352|[silent]\n|upkeep\n|turn|18\n|inactive|Time left: 300 sec this turn | 300 sec total\n|\n|t:|1783557010\n|switch|p2a: Mismagius|Mismagius, L86, M|100/100\n|move|p1a: Appletun|Recover|p1a: Appletun\n|-heal|p1a: Appletun|263/352\n|\n|-heal|p1a: Appletun|285/352|[from] item: Leftovers\n|upkeep\n|turn|19\n|inactive|Time left: 300 sec this turn | 300 sec total\n|\n|t:|1783557011\n|move|p2a: Mismagius|Nasty Plot|p2a: Mismagius\n|-boost|p2a: Mismagius|spa|2\n|move|p1a: Appletun|Apple Acid|p2a: Mismagius\n|-damage|p2a: Mismagius|63/100\n|-unboost|p2a: Mismagius|spd|1\n|\n|-heal|p2a: Mismagius|70/100|[from] item: Leftovers\n|-heal|p1a: Appletun|307/352|[from] item: Leftovers\n|upkeep\n|turn|20\n|inactive|Time left: 300 sec this turn | 300 sec total\n|\n|t:|1783557013\n|move|p2a: Mismagius|Shadow Ball|p1a: Appletun\n|-damage|p1a: Appletun|121/352\n|move|p1a: Appletun|Apple Acid|p2a: Mismagius\n|-damage|p2a: Mismagius|13/100\n|-unboost|p2a: Mismagius|spd|1\n|\n|-heal|p2a: Mismagius|19/100|[from] item: Leftovers\n|-heal|p1a: Appletun|143/352|[from] item: Leftovers\n|upkeep\n|turn|21\n|inactive|Time left: 300 sec this turn | 300 sec total\n|\n|t:|1783557014\n|switch|p1a: Grafaiai|Grafaiai, L86, M|8/249\n|move|p2a: Mismagius|Shadow Ball|p1a: Grafaiai\n|-immune|p1a: Grafaiai\n|\n|-heal|p2a: Mismagius|25/100|[from] item: Leftovers\n|upkeep\n|turn|22\n|inactive|Time left: 300 sec this turn | 300 sec total\n|\n|t:|1783557015\n|move|p1a: Grafaiai|Knock Off|p2a: Mismagius\n|-supereffective|p2a: Mismagius\n|-damage|p2a: Mismagius|0 fnt\n|-enditem|p2a: Mismagius|Leftovers|[from] move: Knock Off|[of] p1a: Grafaiai\n|faint|p2a: Mismagius\n|\n|upkeep\n|\n|t:|1783557016\n|switch|p2a: Volbeat|Volbeat, L90, M|78/100\n|turn|23\n|inactive|Time left: 300 sec this turn | 300 sec total\n|\n|t:|1783557017\n|move|p1a: Grafaiai|Gunk Shot|p2a: Volbeat\n|-damage|p2a: Volbeat|21/100\n|-status|p2a: Volbeat|psn\n|move|p2a: Volbeat|Lunge|p1a: Grafaiai\n|-resisted|p1a: Grafaiai\n|-damage|p1a: Grafaiai|0 fnt\n|faint|p1a: Grafaiai\n|\n|-damage|p2a: Volbeat|9/100 psn|[from] psn\n|upkeep\n|inactive|Time left: 300 sec this turn | 300 sec total | 5 sec grace\n|\n|t:|1783557018\n|switch|p1a: Leafeon|Leafeon, L88, F|258/258\n|turn|24\n|inactive|Time left: 300 sec this turn | 300 sec total\n|\n|t:|1783557019\n|move|p2a: Volbeat|Roost|p2a: Volbeat\n|-heal|p2a: Volbeat|59/100 psn\n|-singleturn|p2a: Volbeat|move: Roost\n|move|p1a: Leafeon|Double-Edge|p2a: Volbeat\n|-damage|p2a: Volbeat|8/100 psn\n|-damage|p1a: Leafeon|213/258|[from] Recoil\n|-damage|p1a: Leafeon|188/258|[from] item: Life Orb\n|\n|-damage|p2a: Volbeat|0 fnt|[from] psn\n|faint|p2a: Volbeat\n|upkeep\n|\n|t:|1783557020\n|switch|p2a: Thundurus|Thundurus, L80, M|25/100\n|turn|25\n|inactive|Time left: 300 sec this turn | 300 sec total\n|\n|t:|1783557021\n|move|p2a: Thundurus|Thunderbolt|p1a: Leafeon\n|-resisted|p1a: Leafeon\n|-damage|p1a: Leafeon|129/258\n|move|p1a: Leafeon|Leaf Blade|p2a: Thundurus\n|-resisted|p2a: Thundurus\n|-damage|p2a: Thundurus|0 fnt\n|faint|p2a: Thundurus\n|-damage|p1a: Leafeon|104/258|[from] item: Life Orb\n|\n|win|p0x15396aa0", "uploadtime": 1783557021, "views": 0, "rating": 0, "private": 0, "password": null, "_winner": "p0x15396aa0", "_our_name": "p0x15396aa0"}