{"id": "battle-gen9randombattle-901", "formatid": "gen9randombattle", "format": "[Gen 9] Random Battle", "players": ["p0x9011ff7", "p0y90118a6"], "log": "|init|battle\n|title|p0x9011ff7 vs. p0y90118a6\n|j|\u2606p0x9011ff7\n|j|\u2606p0y90118a6\n|t:|1783549590\n|gametype|singles\n|player|p1|p0x9011ff7|102|\n|player|p2|p0y90118a6|101|\n|gen|9\n|tier|[Gen 9] Random Battle\n|rule|Species Clause: Limit one of each Pok\u00e9mon\n|rule|HP Percentage Mod: HP is shown in percentages\n|rule|Sleep Clause Mod: Limit one foe put to sleep\n|rule|Illusion Level Mod: Illusion disguises the Pok\u00e9mon's true level\n|\n|t:|1783549590\n|teamsize|p1|6\n|teamsize|p2|6\n|start\n|switch|p1a: Morpeko|Morpeko, L88, F|100/100\n|switch|p2a: Eternatus|Eternatus, L69|308/308\n|-ability|p2a: Eternatus|Pressure\n|turn|1\n|inactive|Battle timer is ON: inactive players will automatically lose when time's up. (requested by p0x9011ff7)\n|inactive|Time left: 300 sec this turn | 300 sec total | 60 sec grace\n|inactive|p0y90118a6 also wants the timer to be on.\n|\n|t:|1783549592\n|move|p1a: Morpeko|Parting Shot|p2a: Eternatus\n|-unboost|p2a: Eternatus|atk|1\n|-unboost|p2a: Eternatus|spa|1\n|\n|t:|1783549593\n|switch|p1a: Primarina|Primarina, L83, F|100/100|[from] Parting Shot\n|move|p2a: Eternatus|Sludge Bomb|p1a: Primarina\n|-supereffective|p1a: Primarina\n|-damage|p1a: Primarina|62/100\n|\n|upkeep\n|turn|2\n|inactive|Time left: 300 sec this turn | 300 sec total\n|\n|t:|1783549595\n|switch|p2a: Bastiodon|Bastiodon, L89, M|252/252\n|move|p1a: Primarina|Moonblast|p2a: Bastiodon\n|-resisted|p2a: Bastiodon\n|-damage|p2a: Bastiodon|191/252\n|\n|upkeep\n|turn|3\n|inactive|Time left: 300 sec this turn | 300 sec total\n|\n|t:|1783549596\n|move|p1a: Primarina|Moonblast|p2a: Bastiodon\n|-resisted|p2a: Bastiodon\n|-damage|p2a: Bastiodon|136/252\n|move|p2a: Bastiodon|Body Press|p1a: Primarina\n|-resisted|p1a: Primarina\n|-damage|p1a: Primarina|43/100\n|\n|upkeep\n|turn|4\n|inactive|Time left: 300 sec this turn | 300 sec total\n|\n|t:|1783549597\n|move|p1a: Primarina|Moonblast|p2a: Bastiodon\n|-resisted|p2a: Bastiodon\n|-damage|p2a: Bastiodon|72/252\n|-unboost|p2a: Bastiodon|spa|1\n|move|p2a: Bastiodon|Rest|p2a: Bastiodon\n|-status|p2a: Bastiodon|slp|[from] move: Rest\n|-heal|p2a: Bastiodon|252/252 slp|[silent]\n|-enditem|p2a: Bastiodon|Chesto Berry|[eat]\n|-curestatus|p2a: Bastiodon|slp|[msg]\n|\n|upkeep\n|turn|5\n|inactive|Time left: 300 sec this turn | 300 sec total\n|\n|t:|1783549598\n|move|p1a: Primarina|Moonblast|p2a: Bastiodon\n|-resisted|p2a: Bastiodon\n|-damage|p2a: Bastiodon|196/252\n|move|p2a: Bastiodon|Body Press|p1a: Primarina\n|-resisted|p1a: Primarina\n|-damage|p1a: Primarina|21/100\n|\n|upkeep\n|turn|6\n|inactive|Time left: 300 sec this turn | 300 sec total\n|\n|t:|1783549599\n|move|p1a: Primarina|Moonblast|p2a: Bastiodon\n|-resisted|p2a: Bastiodon\n|-damage|p2a: Bastiodon|141/252\n|move|p2a: Bastiodon|Body Press|p1a: Primarina\n|-resisted|p1a: Primarina\n|-damage|p1a: Primarina|1/100\n|\n|upkeep\n|turn|7\n|inactive|Time left: 300 sec this turn | 300 sec total\n|\n|t:|1783549600\n|move|p1a: Primarina|Moonblast|p2a: Bastiodon\n|-resisted|p2a: Bastiodon\n|-damage|p2a: Bastiodon|84/252\n|move|p2a: Bastiodon|Body Press|p1a: Primarina\n|-resisted|p1a: Primarina\n|-damage|p1a: Primarina|0 fnt\n|faint|p1a: Primarina\n|\n|upkeep\n|\n|t:|1783549601\n|switch|p1a: Bellossom|Bellossom, L84, F|100/100\n|turn|8\n|inactive|Time left: 300 sec this turn | 300 sec total\n|\n|t:|1783549602\n|switch|p2a: Gumshoos|Gumshoos, L95, F|321/321\n|move|p1a: Bellossom|Quiver Dance|p1a: Bellossom\n|-boost|p1a: Bellossom|spa|1\n|-boost|p1a: Bellossom|spd|1\n|-boost|p1a: Bellossom|spe|1\n|\n|upkeep\n|turn|9\n|inactive|Time left: 300 sec this turn | 300 sec total\n|\n|t:|1783549604\n|-terastallize|p2a: Gumshoos|Normal\n|move|p1a: Bellossom|Strength Sap|p2a: Gumshoos\n|-unboost|p2a: Gumshoos|atk|1\n|move|p2a: Gumshoos|Double-Edge|p1a: Bellossom\n|-damage|p1a: Bellossom|18/100\n|-damage|p2a: Gumshoos|249/321|[from] Recoil\n|\n|-heal|p1a: Bellossom|24/100|[from] item: Leftovers\n|upkeep\n|turn|10\n|inactive|Time left: 300 sec this turn | 300 sec total\n|\n|t:|1783549605\n|move|p1a: Bellossom|Strength Sap|p2a: Gumshoos\n|-unboost|p2a: Gumshoos|atk|1\n|-heal|p1a: Bellossom|90/100\n|move|p2a: Gumshoos|Double-Edge|p1a: Bellossom\n|-damage|p1a: Bellossom|29/100\n|-damage|p2a: Gumshoos|196/321|[from] Recoil\n|\n|-heal|p1a: Bellossom|35/100|[from] item: Leftovers\n|upkeep\n|turn|11\n|inactive|Time left: 300 sec this turn | 300 sec total\n|\n|t:|1783549606\n|move|p1a: Bellossom|Strength Sap|p2a: Gumshoos\n|-unboost|p2a: Gumshoos|atk|1\n|-heal|p1a: Bellossom|85/100\n|move|p2a: Gumshoos|Double-Edge|p1a: Bellossom\n|-damage|p1a: Bellossom|37/100\n|-damage|p2a: Gumshoos|154/321|[from] Recoil\n|\n|-heal|p1a: Bellossom|43/100|[from] item: Leftovers\n|upkeep\n|turn|12\n|inactive|Time left: 300 sec this turn | 300 sec total\n|\n|t:|1783549607\n|move|p1a: Bellossom|Strength Sap|p2a: Gumshoos\n|-unboost|p2a: Gumshoos|atk|1\n|-heal|p1a: Bellossom|83/100\n|move|p2a: Gumshoos|Double-Edge|p1a: Bellossom\n|-damage|p1a: Bellossom|39/100\n|-damage|p2a: Gumshoos|116/321|[from] Recoil\n|\n|-heal|p1a: Bellossom|45/100|[from] item: Leftovers\n|upkeep\n|turn|13\n|inactive|Time left: 300 sec this turn | 300 sec total\n|\n|t:|1783549608\n|move|p1a: Bellossom|Quiver Dance|p1a: Bellossom\n|-boost|p1a: Bellossom|spa|1\n|-boost|p1a: Bellossom|spd|1\n|-boost|p1a: Bellossom|spe|1\n|move|p2a: Gumshoos|Double-Edge|p1a: Bellossom\n|-damage|p1a: Bellossom|3/100\n|-damage|p2a: Gumshoos|80/321|[from] Recoil\n|\n|-heal|p1a: Bellossom|9/100|[from] item: Leftovers\n|upkeep\n|turn|14\n|inactive|Time left: 300 sec this turn | 300 sec total\n|\n|t:|1783549609\n|switch|p2a: Eternatus|Eternatus, L69|308/308\n|-ability|p2a: Eternatus|Pressure\n|move|p1a: Bellossom|Giga Drain|p2a: Eternatus\n|-resisted|p2a: Eternatus\n|-damage|p2a: Eternatus|268/308\n|-heal|p1a: Bellossom|16/100|[from] drain|[of] p2a: Eternatus\n|\n|-heal|p1a: Bellossom|23/100|[from] item: Leftovers\n|upkeep\n|turn|15\n|inactive|Time left: 300 sec this turn | 300 sec total\n|\n|t:|1783549610\n|move|p1a: Bellossom|Strength Sap|p2a: Eternatus\n|-unboost|p2a: Eternatus|atk|1\n|-heal|p1a: Bellossom|69/100\n|move|p2a: Eternatus|Sludge Bomb|p1a: Bellossom\n|-supereffective|p1a: Bellossom\n|-damage|p1a: Bellossom|39/100\n|\n|-heal|p1a: Bellossom|45/100|[from] item: Leftovers\n|upkeep\n|turn|16\n|inactive|Time left: 300 sec this turn | 300 sec total\n|\n|t:|1783549611\n|move|p1a: Bellossom|Strength Sap|p2a: Eternatus\n|-unboost|p2a: Eternatus|atk|1\n|-heal|p1a: Bellossom|75/100\n|move|p2a: Eternatus|Sludge Bomb|p1a: Bellossom\n|-supereffective|p1a: Bellossom\n|-damage|p1a: Bellossom|41/100\n|\n|-heal|p1a: Bellossom|47/100|[from] item: Leftovers\n|upkeep\n|turn|17\n|inactive|Time left: 300 sec this turn | 300 sec total\n|\n|t:|1783549612\n|move|p1a: Bellossom|Strength Sap|p2a: Eternatus\n|-unboost|p2a: Eternatus|atk|1\n|-heal|p1a: Bellossom|70/100\n|move|p2a: Eternatus|Sludge Bomb|p1a: Bellossom\n|-supereffective|p1a: Bellossom\n|-damage|p1a: Bellossom|40/100\n|-status|p1a: Bellossom|psn\n|\n|-heal|p1a: Bellossom|46/100 psn|[from] item: Leftovers\n|-damage|p1a: Bellossom|34/100 psn|[from] psn\n|upkeep\n|turn|18\n|inactive|Time left: 300 sec this turn | 300 sec total\n|\n|t:|1783549613\n|move|p1a: Bellossom|Strength Sap|p2a: Eternatus\n|-unboost|p2a: Eternatus|atk|1\n|-heal|p1a: Bellossom|52/100 psn\n|move|p2a: Eternatus|Sludge Bomb|p1a: Bellossom\n|-supereffective|p1a: Bellossom\n|-damage|p1a: Bellossom|23/100 psn\n|\n|-heal|p1a: Bellossom|29/100 psn|[from] item: Leftovers\n|-damage|p1a: Bellossom|16/100 psn|[from] psn\n|upkeep\n|turn|19\n|inactive|Time left: 300 sec this turn | 300 sec total\n|\n|t:|1783549614\n|move|p1a: Bellossom|Strength Sap|p2a: Eternatus\n|-unboost|p2a: Eternatus|atk|1\n|-heal|p1a: Bellossom|32/100 psn\n|move|p2a: Eternatus|Sludge Bomb|p1a: Bellossom\n|-supereffective|p1a: Bellossom\n|-damage|p1a: Bellossom|0 fnt\n|faint|p1a: Bellossom\n|\n|upkeep\n|\n|t:|1783549615\n|switch|p1a: Zekrom|Zekrom, L71|100/100\n|-ability|p1a: Zekrom|Teravolt\n|turn|20\n|inactive|Time left: 300 sec this turn | 300 sec total\n|\n|t:|1783549616\n|move|p2a: Eternatus|Dynamax Cannon|p1a: Zekrom\n|-supereffective|p1a: Zekrom\n|-damage|p1a: Zekrom|12/100\n|move|p1a: Zekrom|Outrage|p2a: Eternatus\n|-supereffective|p2a: Eternatus\n|-damage|p2a: Eternatus|0 fnt\n|-damage|p1a: Zekrom|0 fnt|[from] item: Rocky Helmet|[of] p2a: Eternatus\n|faint|p2a: Eternatus\n|faint|p1a: Zekrom\n|\n|upkeep\n|inactive|Time left: 300 sec this turn | 300 sec total | 5 sec grace\n|\n|t:|1783549617\n|switch|p2a: Hippowdon|Hippowdon, L82, M|311/311\n|switch|p1a: Morpeko|Morpeko, L88, F|100/100\n|-weather|Sandstorm|[from] ability: Sand Stream|[of] p2a: Hippowdon\n|turn|21\n|inactive|Time left: 300 sec this turn | 300 sec total\n|\n|t:|1783549619\n|move|p1a: Morpeko|Parting Shot|p2a: Hippowdon\n|-unboost|p2a: Hippowdon|atk|1\n|-unboost|p2a: Hippowdon|spa|1\n|\n|t:|1783549620\n|switch|p1a: Breloom|Breloom, L83, M|100/100|[from] Parting Shot\n|move|p2a: Hippowdon|Earthquake|p1a: Breloom\n|-resisted|p1a: Breloom\n|-damage|p1a: Breloom|83/100\n|\n|-weather|Sandstorm|[upkeep]\n|-damage|p1a: Breloom|77/100|[from] Sandstorm\n|upkeep\n|turn|22\n|inactive|Time left: 300 sec this turn | 300 sec total\n|\n|t:|1783549621\n|switch|p2a: Uxie|Uxie, L83|260/260\n|move|p1a: Breloom|Bullet Seed|p2a: Uxie\n|-damage|p2a: Uxie|213/260\n|-damage|p2a: Uxie|165/260\n|-damage|p2a: Uxie|121/260\n|-damage|p2a: Uxie|77/260\n|-hitcount|p2a: Uxie|4\n|-damage|p1a: Breloom|67/100|[from] item: Life Orb\n|\n|-weather|Sandstorm|[upkeep]\n|-damage|p2a: Uxie|61/260|[from] Sandstorm\n|-damage|p1a: Breloom|61/100|[from] Sandstorm\n|-heal|p2a: Uxie|77/260|[from] item: Leftovers\n|upkeep\n|turn|23\n|inactive|Time left: 300 sec this turn | 300 sec total\n|\n|t:|1783549622\n|switch|p1a: Morpeko|Morpeko, L88, F|100/100\n|move|p2a: Uxie|Psychic Noise|p1a: Morpeko\n|-immune|p1a: Morpeko\n|\n|-weather|Sandstorm|[upkeep]\n|-damage|p1a: Morpeko|94/100|[from] Sandstorm\n|-damage|p2a: Uxie|61/260|[from] Sandstorm\n|-heal|p2a: Uxie|77/260|[from] item: Leftovers\n|-formechange|p1a: Morpeko|Morpeko-Hangry||[from] ability: Hunger Switch\n|upkeep\n|turn|24\n|inactive|Time left: 300 sec this turn | 300 sec total\n|\n|t:|1783549623\n|switch|p2a: Hippowdon|Hippowdon, L82, M|311/311\n|move|p1a: Morpeko|Aura Wheel|p2a: Hippowdon\n|-damage|p2a: Hippowdon|217/311\n|-boost|p1a: Morpeko|spe|1\n|\n|-weather|Sandstorm|[upkeep]\n|-damage|p1a: Morpeko|88/100|[from] Sandstorm\n|-heal|p2a: Hippowdon|236/311|[from] item: Leftovers\n|-formechange|p1a: Morpeko|Morpeko||[from] ability: Hunger Switch\n|upkeep\n|turn|25\n|inactive|Time left: 300 sec this turn | 300 sec total\n|\n|t:|1783549624\n|move|p1a: Morpeko|Parting Shot|p2a: Hippowdon\n|-unboost|p2a: Hippowdon|atk|1\n|-unboost|p2a: Hippowdon|spa|1\n|\n|t:|1783549625\n|switch|p1a: Breloom|Breloom, L83, M|61/100|[from] Parting Shot\n|move|p2a: Hippowdon|Earthquake|p1a: Breloom\n|-resisted|p1a: Breloom\n|-damage|p1a: Breloom|43/100\n|\n|-weather|none\n|-heal|p2a: Hippowdon|255/311|[from] item: Leftovers\n|upkeep\n|turn|26\n|inactive|Time left: 300 sec this turn | 300 sec total\n|\n|t:|1783549626\n|switch|p2a: Toucannon|Toucannon, L88, M|284/284\n|move|p1a: Breloom|Bullet Seed|p2a: Toucannon\n|-resisted|p2a: Toucannon\n|-damage|p2a: Toucannon|250/284\n|-resisted|p2a: Toucannon\n|-damage|p2a: Toucannon|215/284\n|-hitcount|p2a: Toucannon|2\n|-damage|p1a: Breloom|33/100|[from] item: Life Orb\n|\n|upkeep\n|turn|27\n|inactive|Time left: 300 sec this turn | 300 sec total\n|\n|t:|1783549627\n|switch|p2a: Bastiodon|Bastiodon, L89, M|84/252\n|move|p1a: Breloom|Rock Tomb|p2a: Bastiodon\n|-resisted|p2a: Bastiodon\n|-damage|p2a: Bastiodon|58/252\n|-unboost|p2a: Bastiodon|spe|1\n|-damage|p1a: Breloom|23/100|[from] item: Life Orb\n|\n|upkeep\n|turn|28\n|inactive|Time left: 300 sec this turn | 300 sec total\n|\n|t:|1783549628\n|move|p1a: Breloom|Bullet Seed|p2a: Bastiodon\n|-damage|p2a: Bastiodon|22/252\n|-damage|p2a: Bastiodon|0 fnt\n|faint|p2a: Bastiodon\n|-hitcount|p2: Bastiodon|2\n|-damage|p1a: Breloom|14/100|[from] item: Life Orb\n|\n|upkeep\n|inactive|Time left: 300 sec this turn | 300 sec total | 5 sec grace\n|\n|t:|1783549629\n|switch|p2a: Uxie|Uxie, L83|77/260\n|turn|29\n|inactive|Time left: 300 sec this turn | 300 sec total\n|\n|t:|1783549630\n|switch|p1a: Morpeko|Morpeko, L88, F|88/100\n|move|p2a: Uxie|U-turn|p1a: Morpeko\n|-supereffective|p1a: Morpeko\n|-damage|p1a: Morpeko|45/100\n|inactive|Time left: 300 sec this turn | 300 sec total | 5 sec grace\n|\n|t:|1783549631\n|switch|p2a: Hippowdon|Hippowdon, L82, M|255/311|[from] U-turn\n|-weather|Sandstorm|[from] ability: Sand Stream|[of] p2a: Hippowdon\n|\n|-weather|Sandstorm|[upkeep]\n|-damage|p1a: Morpeko|39/100|[from] Sandstorm\n|-heal|p2a: Hippowdon|274/311|[from] item: Leftovers\n|-formechange|p1a: Morpeko|Morpeko-Hangry||[from] ability: Hunger Switch\n|upkeep\n|turn|30\n|inactive|Time left: 300 sec this turn | 300 sec total\n|\n|t:|1783549632\n|move|p1a: Morpeko|Parting Shot|p2a: Hippowdon\n|-unboost|p2a: Hippowdon|atk|1\n|-unboost|p2a: Hippowdon|spa|1\n|\n|t:|1783549633\n|switch|p1a: Breloom|Breloom, L83, M|14/100|[from] Parting Shot\n|move|p2a: Hippowdon|Earthquake|p1a: Breloom\n|-resisted|p1a: Breloom\n|-damage|p1a: Breloom|0 fnt\n|faint|p1a: Breloom\n|\n|-weather|Sandstorm|[upkeep]\n|-heal|p2a: Hippowdon|293/311|[from] item: Leftovers\n|upkeep\n|\n|t:|1783549634\n|switch|p1a: Arbok|Arbok, L87, F|100/100\n|-ability|p1a: Arbok|Intimidate|boost\n|-unboost|p2a: Hippowdon|atk|1\n|turn|31\n|inactive|Time left: 300 sec this turn | 300 sec total\n|\n|t:|1783549635\n|move|p1a: Arbok|Gunk Shot|p2a: Hippowdon\n|-resisted|p2a: Hippowdon\n|-damage|p2a: Hippowdon|228/311\n|-damage|p1a: Arbok|91/100|[from] item: Life Orb\n|move|p2a: Hippowdon|Earthquake|p1a: Arbok\n|-supereffective|p1a: Arbok\n|-damage|p1a: Arbok|39/100\n|\n|-weather|Sandstorm|[upkeep]\n|-damage|p1a: Arbok|33/100|[from] Sandstorm\n|-heal|p2a: Hippowdon|247/311|[from] item: Leftovers\n|upkeep\n|turn|32\n|inactive|Time left: 300 sec this turn | 300 sec total\n|\n|t:|1783549636\n|move|p1a: Arbok|Knock Off|p2a: Hippowdon\n|-damage|p2a: Hippowdon|166/311\n|-enditem|p2a: Hippowdon|Leftovers|[from] move: Knock Off|[of] p1a: Arbok\n|-damage|p1a: Arbok|23/100|[from] item: Life Orb\n|move|p2a: Hippowdon|Earthquake|p1a: Arbok\n|-supereffective|p1a: Arbok\n|-damage|p1a: Arbok|0 fnt\n|faint|p1a: Arbok\n|\n|-weather|Sandstorm|[upkeep]\n|upkeep\n|\n|t:|1783549636\n|switch|p1a: Morpeko|Morpeko, L88, F|39/100\n|turn|33\n|inactive|Time left: 300 sec this turn | 300 sec total\n|\n|t:|1783549637\n|-terastallize|p1a: Morpeko|Electric\n|move|p1a: Morpeko|Protect|p1a: Morpeko\n|-singleturn|p1a: Morpeko|Protect\n|move|p2a: Hippowdon|Earthquake|p1a: Morpeko\n|-activate|p1a: Morpeko|move: Protect\n|\n|-weather|none\n|upkeep\n|turn|34\n|inactive|Time left: 300 sec this turn | 300 sec total\n|\n|t:|1783549638\n|move|p1a: Morpeko|Protect||[still]\n|-fail|p1a: Morpeko\n|move|p2a: Hippowdon|Earthquake|p1a: Morpeko\n|-supereffective|p1a: Morpeko\n|-damage|p1a: Morpeko|0 fnt\n|faint|p1a: Morpeko\n|\n|win|p0y90118a6", "uploadtime": 1783549638, "views": 0, "rating": 0, "private": 0, "password": null, "_winner": "p0y90118a6", "_our_name": "p0y90118a6"}