{"id": "battle-gen9randombattle-769", "formatid": "gen9randombattle", "format": "[Gen 9] Random Battle", "players": ["p0x76966c3", "p0y7696d0c"], "log": "|init|battle\n|title|p0x76966c3 vs. p0y7696d0c\n|j|\u2606p0x76966c3\n|j|\u2606p0y7696d0c\n|t:|1783548037\n|gametype|singles\n|player|p1|p0x76966c3|2|\n|player|p2|p0y7696d0c|265|\n|gen|9\n|tier|[Gen 9] Random Battle\n|rule|Species Clause: Limit one of each Pok\u00e9mon\n|rule|HP Percentage Mod: HP is shown in percentages\n|rule|Sleep Clause Mod: Limit one foe put to sleep\n|rule|Illusion Level Mod: Illusion disguises the Pok\u00e9mon's true level\n|\n|t:|1783548037\n|teamsize|p1|6\n|teamsize|p2|6\n|start\n|switch|p1a: Clefable|Clefable, L83, F|293/293\n|switch|p2a: Luxray|Luxray, L88, M|100/100\n|turn|1\n|inactive|Battle timer is ON: inactive players will automatically lose when time's up. (requested by p0y7696d0c)\n|inactive|Time left: 300 sec this turn | 300 sec total | 60 sec grace\n|\n|t:|1783548039\n|move|p2a: Luxray|Supercell Slam|p1a: Clefable\n|-damage|p1a: Clefable|145/293\n|move|p1a: Clefable|Moonblast|p2a: Luxray\n|-damage|p2a: Luxray|67/100\n|\n|-heal|p1a: Clefable|163/293|[from] item: Leftovers\n|-status|p2a: Luxray|brn|[from] item: Flame Orb\n|upkeep\n|turn|2\n|inactive|Time left: 300 sec this turn | 300 sec total\n|inactive|p0x76966c3 also wants the timer to be on.\n|\n|t:|1783548041\n|switch|p1a: Chesnaught|Chesnaught, L84, M|285/285\n|move|p2a: Luxray|Facade|p1a: Chesnaught\n|-damage|p1a: Chesnaught|133/285\n|-damage|p2a: Luxray|50/100 brn|[from] item: Rocky Helmet|[of] p1a: Chesnaught\n|\n|-damage|p2a: Luxray|44/100 brn|[from] brn\n|upkeep\n|turn|3\n|inactive|Time left: 300 sec this turn | 300 sec total\n|\n|t:|1783548042\n|move|p2a: Luxray|Facade|p1a: Chesnaught\n|-damage|p1a: Chesnaught|0 fnt\n|-damage|p2a: Luxray|27/100 brn|[from] item: Rocky Helmet|[of] p1a: Chesnaught\n|faint|p1a: Chesnaught\n|\n|-damage|p2a: Luxray|21/100 brn|[from] brn\n|upkeep\n|inactive|Time left: 300 sec this turn | 300 sec total | 5 sec grace\n|\n|t:|1783548043\n|switch|p1a: Barraskewda|Barraskewda, L81, M|231/231\n|turn|4\n|inactive|Time left: 300 sec this turn | 300 sec total\n|\n|t:|1783548044\n|switch|p2a: Magmortar|Magmortar, L88, F|100/100\n|move|p1a: Barraskewda|Waterfall|p2a: Magmortar\n|-supereffective|p2a: Magmortar\n|-damage|p2a: Magmortar|0 fnt\n|faint|p2a: Magmortar\n|\n|upkeep\n|\n|t:|1783548045\n|switch|p2a: Kyogre|Kyogre, L71|100/100\n|-weather|RainDance|[from] ability: Drizzle|[of] p2a: Kyogre\n|turn|5\n|inactive|Time left: 300 sec this turn | 300 sec total\n|\n|t:|1783548046\n|move|p1a: Barraskewda|Waterfall|p2a: Kyogre\n|-resisted|p2a: Kyogre\n|-damage|p2a: Kyogre|55/100\n|move|p2a: Kyogre|Thunder|p1a: Barraskewda\n|-supereffective|p1a: Barraskewda\n|-damage|p1a: Barraskewda|0 fnt\n|faint|p1a: Barraskewda\n|\n|-weather|RainDance|[upkeep]\n|upkeep\n|inactive|Time left: 300 sec this turn | 300 sec total | 5 sec grace\n|\n|t:|1783548047\n|switch|p1a: Clefable|Clefable, L83, F|163/293\n|turn|6\n|inactive|Time left: 300 sec this turn | 300 sec total\n|\n|t:|1783548048\n|move|p2a: Kyogre|Thunder|p1a: Clefable\n|-damage|p1a: Clefable|79/293\n|move|p1a: Clefable|Calm Mind|p1a: Clefable\n|-boost|p1a: Clefable|spa|1\n|-boost|p1a: Clefable|spd|1\n|\n|-weather|RainDance|[upkeep]\n|-heal|p1a: Clefable|97/293|[from] item: Leftovers\n|upkeep\n|turn|7\n|inactive|Time left: 300 sec this turn | 300 sec total\n|\n|t:|1783548049\n|move|p2a: Kyogre|Thunder|p1a: Clefable\n|-damage|p1a: Clefable|48/293\n|-status|p1a: Clefable|par\n|cant|p1a: Clefable|par\n|\n|-weather|RainDance|[upkeep]\n|-heal|p1a: Clefable|66/293 par|[from] item: Leftovers\n|upkeep\n|turn|8\n|inactive|Time left: 300 sec this turn | 300 sec total\n|\n|t:|1783548050\n|move|p2a: Kyogre|Thunder|p1a: Clefable\n|-damage|p1a: Clefable|13/293 par\n|move|p1a: Clefable|Moonblast|p2a: Kyogre\n|-damage|p2a: Kyogre|10/100\n|\n|-weather|RainDance|[upkeep]\n|-heal|p1a: Clefable|31/293 par|[from] item: Leftovers\n|upkeep\n|turn|9\n|inactive|Time left: 300 sec this turn | 300 sec total\n|\n|t:|1783548052\n|move|p2a: Kyogre|Thunder|p1a: Clefable\n|-damage|p1a: Clefable|0 fnt\n|faint|p1a: Clefable\n|\n|-weather|none\n|upkeep\n|inactive|Time left: 300 sec this turn | 300 sec total | 5 sec grace\n|\n|t:|1783548053\n|switch|p1a: Bronzong|Bronzong, L88|261/261\n|turn|10\n|inactive|Time left: 300 sec this turn | 300 sec total\n|\n|t:|1783548054\n|switch|p2a: Dudunsparce|Dudunsparce-Three-Segment, L83, F|100/100\n|move|p1a: Bronzong|Iron Defense|p1a: Bronzong\n|-boost|p1a: Bronzong|def|2\n|\n|upkeep\n|turn|11\n|inactive|Time left: 300 sec this turn | 300 sec total\n|\n|t:|1783548055\n|-terastallize|p2a: Dudunsparce|Poison\n|move|p2a: Dudunsparce|Calm Mind|p2a: Dudunsparce\n|-boost|p2a: Dudunsparce|spa|1\n|-boost|p2a: Dudunsparce|spd|1\n|move|p1a: Bronzong|Body Press|p2a: Dudunsparce\n|-resisted|p2a: Dudunsparce\n|-crit|p2a: Dudunsparce\n|-damage|p2a: Dudunsparce|66/100\n|\n|-heal|p2a: Dudunsparce|73/100|[from] item: Leftovers\n|upkeep\n|turn|12\n|inactive|Time left: 300 sec this turn | 300 sec total\n|\n|t:|1783548056\n|move|p2a: Dudunsparce|Calm Mind|p2a: Dudunsparce\n|-boost|p2a: Dudunsparce|spa|1\n|-boost|p2a: Dudunsparce|spd|1\n|move|p1a: Bronzong|Psychic Noise|p2a: Dudunsparce\n|-supereffective|p2a: Dudunsparce\n|-damage|p2a: Dudunsparce|46/100\n|-start|p2a: Dudunsparce|move: Heal Block\n|\n|upkeep\n|turn|13\n|inactive|Time left: 300 sec this turn | 300 sec total\n|\n|t:|1783548057\n|move|p2a: Dudunsparce|Shadow Ball|p1a: Bronzong\n|-supereffective|p1a: Bronzong\n|-damage|p1a: Bronzong|115/261\n|move|p1a: Bronzong|Iron Head|p2a: Dudunsparce\n|-damage|p2a: Dudunsparce|17/100\n|\n|-heal|p1a: Bronzong|131/261|[from] item: Leftovers\n|-end|p2a: Dudunsparce|move: Heal Block\n|upkeep\n|turn|14\n|inactive|Time left: 300 sec this turn | 300 sec total\n|\n|t:|1783548058\n|move|p2a: Dudunsparce|Roost|p2a: Dudunsparce\n|-heal|p2a: Dudunsparce|67/100\n|move|p1a: Bronzong|Psychic Noise|p2a: Dudunsparce\n|-supereffective|p2a: Dudunsparce\n|-damage|p2a: Dudunsparce|42/100\n|-start|p2a: Dudunsparce|move: Heal Block\n|\n|-heal|p1a: Bronzong|147/261|[from] item: Leftovers\n|upkeep\n|turn|15\n|inactive|Time left: 300 sec this turn | 300 sec total\n|\n|t:|1783548059\n|move|p2a: Dudunsparce|Boomburst|p1a: Bronzong\n|-resisted|p1a: Bronzong\n|-damage|p1a: Bronzong|39/261\n|move|p1a: Bronzong|Iron Head|p2a: Dudunsparce\n|-damage|p2a: Dudunsparce|13/100\n|\n|-heal|p1a: Bronzong|55/261|[from] item: Leftovers\n|-end|p2a: Dudunsparce|move: Heal Block\n|upkeep\n|turn|16\n|inactive|Time left: 300 sec this turn | 300 sec total\n|\n|t:|1783548060\n|move|p2a: Dudunsparce|Roost|p2a: Dudunsparce\n|-heal|p2a: Dudunsparce|63/100\n|move|p1a: Bronzong|Psychic Noise|p2a: Dudunsparce\n|-supereffective|p2a: Dudunsparce\n|-damage|p2a: Dudunsparce|38/100\n|-start|p2a: Dudunsparce|move: Heal Block\n|\n|-heal|p1a: Bronzong|71/261|[from] item: Leftovers\n|upkeep\n|turn|17\n|inactive|Time left: 300 sec this turn | 300 sec total\n|\n|t:|1783548061\n|move|p2a: Dudunsparce|Shadow Ball|p1a: Bronzong\n|-supereffective|p1a: Bronzong\n|-damage|p1a: Bronzong|0 fnt\n|faint|p1a: Bronzong\n|\n|-end|p2a: Dudunsparce|move: Heal Block\n|upkeep\n|inactive|Time left: 300 sec this turn | 300 sec total | 5 sec grace\n|\n|t:|1783548061\n|switch|p1a: Cetitan|Cetitan, L82, M|413/413\n|turn|18\n|inactive|Time left: 300 sec this turn | 300 sec total\n|\n|t:|1783548062\n|move|p1a: Cetitan|Icicle Crash|p2a: Dudunsparce\n|-damage|p2a: Dudunsparce|0 fnt\n|faint|p2a: Dudunsparce\n|\n|upkeep\n|\n|t:|1783548063\n|switch|p2a: Squawkabilly|Squawkabilly-White, L89, F|100/100\n|turn|19\n|inactive|Time left: 300 sec this turn | 300 sec total\n|\n|t:|1783548064\n|move|p2a: Squawkabilly|Parting Shot|p1a: Cetitan\n|-unboost|p1a: Cetitan|atk|1\n|-unboost|p1a: Cetitan|spa|1\n|\n|t:|1783548065\n|switch|p2a: Kyogre|Kyogre, L71|10/100|[from] Parting Shot\n|-weather|RainDance|[from] ability: Drizzle|[of] p2a: Kyogre\n|move|p1a: Cetitan|Icicle Crash|p2a: Kyogre\n|-resisted|p2a: Kyogre\n|-damage|p2a: Kyogre|0 fnt\n|faint|p2a: Kyogre\n|\n|-weather|RainDance|[upkeep]\n|upkeep\n|\n|t:|1783548066\n|switch|p2a: Darkrai|Darkrai, L77|100/100\n|turn|20\n|inactive|Time left: 300 sec this turn | 300 sec total\n|\n|t:|1783548066\n|move|p2a: Darkrai|Hypnosis|p1a: Cetitan\n|-status|p1a: Cetitan|slp|[from] move: Hypnosis\n|cant|p1a: Cetitan|slp\n|\n|-weather|RainDance|[upkeep]\n|-damage|p1a: Cetitan|362/413 slp|[from] ability: Bad Dreams|[of] p2a: Darkrai\n|upkeep\n|turn|21\n|inactive|Time left: 300 sec this turn | 300 sec total\n|\n|t:|1783548067\n|switch|p1a: Umbreon|Umbreon, L84, F|297/297\n|move|p2a: Darkrai|Nasty Plot|p2a: Darkrai\n|-boost|p2a: Darkrai|spa|2\n|\n|-weather|RainDance|[upkeep]\n|upkeep\n|turn|22\n|inactive|Time left: 300 sec this turn | 300 sec total\n|\n|t:|1783548068\n|move|p2a: Darkrai|Sludge Bomb|p1a: Umbreon\n|-damage|p1a: Umbreon|168/297\n|-damage|p2a: Darkrai|91/100|[from] item: Life Orb\n|move|p1a: Umbreon|Toxic|p2a: Darkrai|[miss]\n|-miss|p1a: Umbreon|p2a: Darkrai\n|\n|-weather|RainDance|[upkeep]\n|-heal|p1a: Umbreon|186/297|[from] item: Leftovers\n|upkeep\n|turn|23\n|inactive|Time left: 300 sec this turn | 300 sec total\n|\n|t:|1783548069\n|move|p2a: Darkrai|Sludge Bomb|p1a: Umbreon\n|-damage|p1a: Umbreon|47/297\n|-damage|p2a: Darkrai|81/100|[from] item: Life Orb\n|move|p1a: Umbreon|Wish|p1a: Umbreon\n|\n|-weather|none\n|-heal|p1a: Umbreon|65/297|[from] item: Leftovers\n|upkeep\n|turn|24\n|inactive|Time left: 300 sec this turn | 300 sec total\n|\n|t:|1783548070\n|move|p1a: Umbreon|Protect|p1a: Umbreon\n|-singleturn|p1a: Umbreon|Protect\n|move|p2a: Darkrai|Nasty Plot|p2a: Darkrai\n|-boost|p2a: Darkrai|spa|2\n|\n|-heal|p1a: Umbreon|213/297|[from] move: Wish|[wisher] Umbreon\n|-heal|p1a: Umbreon|231/297|[from] item: Leftovers\n|upkeep\n|turn|25\n|inactive|Time left: 300 sec this turn | 300 sec total\n|\n|t:|1783548071\n|move|p2a: Darkrai|Dark Pulse|p1a: Umbreon\n|-resisted|p1a: Umbreon\n|-damage|p1a: Umbreon|102/297\n|-damage|p2a: Darkrai|71/100|[from] item: Life Orb\n|move|p1a: Umbreon|Toxic|p2a: Darkrai\n|-status|p2a: Darkrai|tox\n|\n|-heal|p1a: Umbreon|120/297|[from] item: Leftovers\n|-damage|p2a: Darkrai|65/100 tox|[from] psn\n|upkeep\n|turn|26\n|inactive|Time left: 300 sec this turn | 300 sec total\n|\n|t:|1783548073\n|move|p1a: Umbreon|Protect|p1a: Umbreon\n|-singleturn|p1a: Umbreon|Protect\n|move|p2a: Darkrai|Dark Pulse|p1a: Umbreon\n|-activate|p1a: Umbreon|move: Protect\n|\n|-heal|p1a: Umbreon|138/297|[from] item: Leftovers\n|-damage|p2a: Darkrai|53/100 tox|[from] psn\n|upkeep\n|turn|27\n|inactive|Time left: 300 sec this turn | 300 sec total\n|\n|t:|1783548074\n|move|p1a: Umbreon|Protect|p1a: Umbreon\n|-singleturn|p1a: Umbreon|Protect\n|move|p2a: Darkrai|Dark Pulse|p1a: Umbreon\n|-activate|p1a: Umbreon|move: Protect\n|\n|-heal|p1a: Umbreon|156/297|[from] item: Leftovers\n|-damage|p2a: Darkrai|35/100 tox|[from] psn\n|upkeep\n|turn|28\n|inactive|Time left: 300 sec this turn | 300 sec total\n|\n|t:|1783548075\n|-terastallize|p1a: Umbreon|Poison\n|move|p2a: Darkrai|Sludge Bomb|p1a: Umbreon\n|-resisted|p1a: Umbreon\n|-damage|p1a: Umbreon|60/297\n|-damage|p2a: Darkrai|25/100 tox|[from] item: Life Orb\n|move|p1a: Umbreon|Wish|p1a: Umbreon\n|\n|-heal|p1a: Umbreon|78/297|[from] item: Leftovers\n|-damage|p2a: Darkrai|1/100 tox|[from] psn\n|upkeep\n|turn|29\n|inactive|Time left: 300 sec this turn | 300 sec total\n|\n|t:|1783548076\n|move|p1a: Umbreon|Protect|p1a: Umbreon\n|-singleturn|p1a: Umbreon|Protect\n|move|p2a: Darkrai|Dark Pulse|p1a: Umbreon\n|-activate|p1a: Umbreon|move: Protect\n|\n|-heal|p1a: Umbreon|226/297|[from] move: Wish|[wisher] Umbreon\n|-heal|p1a: Umbreon|244/297|[from] item: Leftovers\n|-damage|p2a: Darkrai|0 fnt|[from] psn\n|faint|p2a: Darkrai\n|upkeep\n|\n|t:|1783548077\n|switch|p2a: Squawkabilly|Squawkabilly-White, L89, F|100/100\n|turn|30\n|inactive|Time left: 300 sec this turn | 300 sec total\n|\n|t:|1783548078\n|move|p2a: Squawkabilly|Brave Bird|p1a: Umbreon\n|-damage|p1a: Umbreon|78/297\n|-damage|p2a: Squawkabilly|82/100|[from] Recoil\n|move|p1a: Umbreon|Foul Play|p2a: Squawkabilly\n|-damage|p2a: Squawkabilly|32/100\n|\n|-heal|p1a: Umbreon|96/297|[from] item: Leftovers\n|upkeep\n|turn|31\n|inactive|Time left: 300 sec this turn | 300 sec total\n|\n|t:|1783548079\n|move|p2a: Squawkabilly|Brave Bird|p1a: Umbreon\n|-damage|p1a: Umbreon|0 fnt\n|faint|p1a: Umbreon\n|-damage|p2a: Squawkabilly|21/100|[from] Recoil\n|\n|upkeep\n|inactive|Time left: 300 sec this turn | 300 sec total | 5 sec grace\n|\n|t:|1783548080\n|switch|p1a: Cetitan|Cetitan, L82, M|362/413 slp\n|turn|32\n|inactive|Time left: 300 sec this turn | 300 sec total\n|\n|t:|1783548081\n|cant|p1a: Cetitan|slp\n|move|p2a: Squawkabilly|Parting Shot|p1a: Cetitan\n|-unboost|p1a: Cetitan|atk|1\n|-unboost|p1a: Cetitan|spa|1\n|\n|t:|1783548082\n|switch|p2a: Luxray|Luxray, L88, M|21/100 brn|[from] Parting Shot\n|\n|-damage|p2a: Luxray|15/100 brn|[from] brn\n|upkeep\n|turn|33\n|inactive|Time left: 300 sec this turn | 300 sec total\n|\n|t:|1783548083\n|-curestatus|p1a: Cetitan|slp|[msg]\n|move|p1a: Cetitan|Ice Shard|p2a: Luxray\n|-damage|p2a: Luxray|0 fnt\n|faint|p2a: Luxray\n|-damage|p1a: Cetitan|321/413|[from] item: Life Orb\n|\n|upkeep\n|\n|t:|1783548084\n|switch|p2a: Squawkabilly|Squawkabilly-White, L89, F|21/100\n|turn|34\n|inactive|Time left: 300 sec this turn | 300 sec total\n|\n|t:|1783548085\n|move|p1a: Cetitan|Ice Shard|p2a: Squawkabilly\n|-supereffective|p2a: Squawkabilly\n|-damage|p2a: Squawkabilly|0 fnt\n|faint|p2a: Squawkabilly\n|-damage|p1a: Cetitan|280/413|[from] item: Life Orb\n|\n|win|p0x76966c3", "uploadtime": 1783548085, "views": 0, "rating": 0, "private": 0, "password": null, "_winner": "p0x76966c3", "_our_name": "p0x76966c3"}