{"id": "battle-gen9randombattle-2437", "formatid": "gen9randombattle", "format": "[Gen 9] Random Battle", "players": ["p0x2437a45a", "p0y243737fa"], "log": "|init|battle\n|title|p0x2437a45a vs. p0y243737fa\n|j|\u2606p0x2437a45a\n|j|\u2606p0y243737fa\n|t:|1783567275\n|gametype|singles\n|player|p1|p0x2437a45a|266|\n|player|p2|p0y243737fa|266|\n|gen|9\n|tier|[Gen 9] Random Battle\n|rule|Species Clause: Limit one of each Pok\u00e9mon\n|rule|HP Percentage Mod: HP is shown in percentages\n|rule|Sleep Clause Mod: Limit one foe put to sleep\n|rule|Illusion Level Mod: Illusion disguises the Pok\u00e9mon's true level\n|\n|t:|1783567275\n|teamsize|p1|6\n|teamsize|p2|6\n|start\n|switch|p1a: Breloom|Breloom, L83, F|235/235\n|switch|p2a: Ambipom|Ambipom, L84, F|100/100\n|turn|1\n|inactive|Battle timer is ON: inactive players will automatically lose when time's up. (requested by p0x2437a45a)\n|inactive|p0y243737fa also wants the timer to be on.\n|\n|t:|1783567277\n|-terastallize|p1a: Breloom|Fighting\n|move|p2a: Ambipom|Fake Out|p1a: Breloom\n|-damage|p1a: Breloom|153/235\n|cant|p1a: Breloom|flinch\n|\n|upkeep\n|turn|2\n|inactive|Time left: 300 sec this turn | 300 sec total\n|\n|t:|1783567279\n|switch|p2a: Blaziken|Blaziken, L76, M|100/100\n|move|p1a: Breloom|Mach Punch|p2a: Blaziken\n|-damage|p2a: Blaziken|24/100\n|-damage|p1a: Breloom|130/235|[from] item: Life Orb\n|\n|upkeep\n|turn|3\n|inactive|Time left: 300 sec this turn | 300 sec total\n|\n|t:|1783567280\n|switch|p2a: Mew|Mew, L82|100/100\n|move|p1a: Breloom|Mach Punch|p2a: Mew\n|-resisted|p2a: Mew\n|-damage|p2a: Mew|79/100\n|-damage|p1a: Breloom|107/235|[from] item: Life Orb\n|\n|upkeep\n|turn|4\n|inactive|Time left: 300 sec this turn | 300 sec total\n|\n|t:|1783567281\n|move|p2a: Mew|Psyshock|p1a: Breloom\n|-supereffective|p1a: Breloom\n|-damage|p1a: Breloom|0 fnt\n|faint|p1a: Breloom\n|-damage|p2a: Mew|69/100|[from] item: Life Orb\n|\n|upkeep\n|inactive|Time left: 300 sec this turn | 300 sec total | 5 sec grace\n|\n|t:|1783567283\n|switch|p1a: Flapple|Flapple, L88, M|266/266\n|turn|5\n|inactive|Time left: 300 sec this turn | 300 sec total\n|\n|t:|1783567284\n|move|p2a: Mew|Fire Blast|p1a: Flapple\n|-damage|p1a: Flapple|146/266\n|-damage|p2a: Mew|60/100|[from] item: Life Orb\n|move|p1a: Flapple|Outrage|p2a: Mew\n|-damage|p2a: Mew|0 fnt\n|faint|p2a: Mew\n|\n|upkeep\n|\n|t:|1783567284\n|switch|p2a: Chi-Yu|Chi-Yu, L77|100/100\n|-ability|p2a: Chi-Yu|Beads of Ruin\n|turn|6\n|inactive|Time left: 300 sec this turn | 300 sec total\n|\n|t:|1783567285\n|move|p2a: Chi-Yu|Flamethrower|p1a: Flapple\n|-damage|p1a: Flapple|0 fnt\n|faint|p1a: Flapple\n|\n|upkeep\n|inactive|Time left: 300 sec this turn | 300 sec total | 5 sec grace\n|\n|t:|1783567286\n|switch|p1a: Basculin|Basculin-Blue-Striped, L86, M|261/261\n|turn|7\n|inactive|Time left: 300 sec this turn | 300 sec total\n|\n|t:|1783567287\n|switch|p2a: Gurdurr|Gurdurr, L85, F|100/100\n|move|p1a: Basculin|Wave Crash|p2a: Gurdurr\n|-damage|p2a: Gurdurr|34/100\n|-damage|p1a: Basculin|199/261|[from] Recoil\n|\n|upkeep\n|turn|8\n|inactive|Time left: 300 sec this turn | 300 sec total\n|\n|t:|1783567288\n|move|p2a: Gurdurr|Mach Punch|p1a: Basculin\n|-damage|p1a: Basculin|145/261\n|move|p1a: Basculin|Wave Crash|p2a: Gurdurr\n|-damage|p2a: Gurdurr|0 fnt\n|faint|p2a: Gurdurr\n|-damage|p1a: Basculin|114/261|[from] Recoil\n|\n|upkeep\n|\n|t:|1783567288\n|switch|p2a: Chi-Yu|Chi-Yu, L77|100/100\n|-ability|p2a: Chi-Yu|Beads of Ruin\n|turn|9\n|inactive|Time left: 300 sec this turn | 300 sec total\n|\n|t:|1783567289\n|move|p2a: Chi-Yu|Dark Pulse|p1a: Basculin\n|-damage|p1a: Basculin|0 fnt\n|faint|p1a: Basculin\n|\n|upkeep\n|inactive|Time left: 300 sec this turn | 300 sec total | 5 sec grace\n|\n|t:|1783567290\n|switch|p1a: Tauros|Tauros, L82, M|257/257\n|turn|10\n|inactive|Time left: 300 sec this turn | 300 sec total\n|\n|t:|1783567291\n|move|p2a: Chi-Yu|Dark Pulse|p1a: Tauros\n|-damage|p1a: Tauros|112/257\n|cant|p1a: Tauros|flinch\n|\n|upkeep\n|turn|11\n|inactive|Time left: 300 sec this turn | 300 sec total\n|\n|t:|1783567292\n|switch|p1a: Volbeat|Volbeat, L90, M|263/263\n|move|p2a: Chi-Yu|Dark Pulse|p1a: Volbeat\n|-damage|p1a: Volbeat|145/263\n|\n|upkeep\n|turn|12\n|inactive|Time left: 300 sec this turn | 300 sec total\n|\n|t:|1783567293\n|move|p2a: Chi-Yu|Dark Pulse|p1a: Volbeat\n|-damage|p1a: Volbeat|27/263\n|cant|p1a: Volbeat|flinch\n|\n|upkeep\n|turn|13\n|inactive|Time left: 300 sec this turn | 300 sec total\n|\n|t:|1783567294\n|switch|p1a: Tauros|Tauros, L82, M|112/257\n|move|p2a: Chi-Yu|Dark Pulse|p1a: Tauros\n|-damage|p1a: Tauros|0 fnt\n|faint|p1a: Tauros\n|\n|upkeep\n|inactive|Time left: 300 sec this turn | 300 sec total | 5 sec grace\n|\n|t:|1783567295\n|switch|p1a: Oricorio|Oricorio-Sensu, L85, F|266/266\n|turn|14\n|inactive|Time left: 300 sec this turn | 300 sec total\n|\n|t:|1783567296\n|-terastallize|p2a: Chi-Yu|Dark\n|move|p2a: Chi-Yu|Dark Pulse|p1a: Oricorio\n|-supereffective|p1a: Oricorio\n|-damage|p1a: Oricorio|0 fnt\n|faint|p1a: Oricorio\n|\n|upkeep\n|inactive|Time left: 300 sec this turn | 300 sec total | 5 sec grace\n|\n|t:|1783567297\n|switch|p1a: Volbeat|Volbeat, L90, M|27/263\n|turn|15\n|inactive|Time left: 300 sec this turn | 300 sec total\n|\n|t:|1783567298\n|move|p1a: Volbeat|Thunder Wave|p2a: Chi-Yu\n|-hint|Since gen 7, Dark is immune to Prankster moves.\n|-immune|p2a: Chi-Yu\n|move|p2a: Chi-Yu|Dark Pulse|p1a: Volbeat\n|-damage|p1a: Volbeat|0 fnt\n|faint|p1a: Volbeat\n|\n|win|p0y243737fa", "uploadtime": 1783567298, "views": 0, "rating": 0, "private": 0, "password": null, "_winner": "p0y243737fa", "_our_name": "p0x2437a45a"}