{"id": "battle-gen9randombattle-1464", "formatid": "gen9randombattle", "format": "[Gen 9] Random Battle", "players": ["p0x1464aa66", "p0y1464df2e"], "log": "|init|battle\n|title|p0x1464aa66 vs. p0y1464df2e\n|j|\u2606p0x1464aa66\n|j|\u2606p0y1464df2e\n|t:|1783556124\n|gametype|singles\n|player|p1|p0x1464aa66|102|\n|player|p2|p0y1464df2e|2|\n|gen|9\n|tier|[Gen 9] Random Battle\n|rule|Species Clause: Limit one of each Pok\u00e9mon\n|rule|HP Percentage Mod: HP is shown in percentages\n|rule|Sleep Clause Mod: Limit one foe put to sleep\n|rule|Illusion Level Mod: Illusion disguises the Pok\u00e9mon's true level\n|\n|t:|1783556124\n|teamsize|p1|6\n|teamsize|p2|6\n|start\n|switch|p1a: Glaceon|Glaceon, L94, M|275/275\n|switch|p2a: Plusle|Plusle, L95, F|100/100\n|turn|1\n|inactive|Battle timer is ON: inactive players will automatically lose when time's up. (requested by p0y1464df2e)\n|inactive|Time left: 300 sec this turn | 300 sec total | 60 sec grace\n|inactive|p0x1464aa66 also wants the timer to be on.\n|\n|t:|1783556125\n|move|p2a: Plusle|Nasty Plot|p2a: Plusle\n|-boost|p2a: Plusle|spa|2\n|move|p1a: Glaceon|Freeze-Dry|p2a: Plusle\n|-damage|p2a: Plusle|55/100\n|\n|upkeep\n|turn|2\n|inactive|Time left: 300 sec this turn | 300 sec total\n|\n|t:|1783556127\n|move|p2a: Plusle|Thunderbolt|p1a: Glaceon\n|-damage|p1a: Glaceon|29/275\n|-damage|p2a: Plusle|45/100|[from] item: Life Orb\n|move|p1a: Glaceon|Freeze-Dry|p2a: Plusle\n|-damage|p2a: Plusle|4/100\n|\n|upkeep\n|turn|3\n|inactive|Time left: 300 sec this turn | 300 sec total\n|\n|t:|1783556127\n|move|p2a: Plusle|Thunderbolt|p1a: Glaceon\n|-damage|p1a: Glaceon|0 fnt\n|faint|p1a: Glaceon\n|-damage|p2a: Plusle|0 fnt|[from] item: Life Orb\n|faint|p2a: Plusle\n|\n|upkeep\n|inactive|Time left: 300 sec this turn | 300 sec total | 5 sec grace\n|\n|t:|1783556128\n|switch|p2a: Noivern|Noivern, L82, F|100/100\n|switch|p1a: Piloswine|Piloswine, L85, M|309/309\n|turn|4\n|inactive|Time left: 300 sec this turn | 300 sec total\n|\n|t:|1783556129\n|move|p2a: Noivern|Hurricane|p1a: Piloswine\n|-crit|p1a: Piloswine\n|-damage|p1a: Piloswine|78/309\n|move|p1a: Piloswine|Icicle Crash|p2a: Noivern\n|-supereffective|p2a: Noivern\n|-damage|p2a: Noivern|0 fnt\n|faint|p2a: Noivern\n|\n|upkeep\n|\n|t:|1783556130\n|switch|p2a: Necrozma|Necrozma-Dawn-Wings, L76|100/100\n|turn|5\n|inactive|Time left: 300 sec this turn | 300 sec total\n|\n|t:|1783556131\n|move|p2a: Necrozma|Photon Geyser|p1a: Piloswine\n|-damage|p1a: Piloswine|0 fnt\n|faint|p1a: Piloswine\n|\n|upkeep\n|inactive|Time left: 300 sec this turn | 300 sec total | 5 sec grace\n|\n|t:|1783556132\n|switch|p1a: Raging Bolt|Raging Bolt, L78|323/323\n|-enditem|p1a: Raging Bolt|Booster Energy\n|-activate|p1a: Raging Bolt|ability: Protosynthesis|[fromitem]\n|-start|p1a: Raging Bolt|protosynthesisspa\n|turn|6\n|inactive|Time left: 300 sec this turn | 300 sec total\n|\n|t:|1783556133\n|move|p1a: Raging Bolt|Calm Mind|p1a: Raging Bolt\n|-boost|p1a: Raging Bolt|spa|1\n|-boost|p1a: Raging Bolt|spd|1\n|move|p2a: Necrozma|Calm Mind|p2a: Necrozma\n|-boost|p2a: Necrozma|spa|1\n|-boost|p2a: Necrozma|spd|1\n|\n|upkeep\n|turn|7\n|inactive|Time left: 300 sec this turn | 300 sec total\n|\n|t:|1783556134\n|move|p1a: Raging Bolt|Calm Mind|p1a: Raging Bolt\n|-boost|p1a: Raging Bolt|spa|1\n|-boost|p1a: Raging Bolt|spd|1\n|move|p2a: Necrozma|Calm Mind|p2a: Necrozma\n|-boost|p2a: Necrozma|spa|1\n|-boost|p2a: Necrozma|spd|1\n|\n|upkeep\n|turn|8\n|inactive|Time left: 300 sec this turn | 300 sec total\n|\n|t:|1783556135\n|move|p1a: Raging Bolt|Thunderbolt|p2a: Necrozma\n|-damage|p2a: Necrozma|60/100\n|move|p2a: Necrozma|Photon Geyser|p1a: Raging Bolt\n|-damage|p1a: Raging Bolt|188/323\n|\n|-heal|p2a: Necrozma|66/100|[from] item: Leftovers\n|upkeep\n|turn|9\n|inactive|Time left: 300 sec this turn | 300 sec total\n|\n|t:|1783556136\n|move|p1a: Raging Bolt|Thunderbolt|p2a: Necrozma\n|-damage|p2a: Necrozma|23/100\n|move|p2a: Necrozma|Moonlight|p2a: Necrozma\n|-heal|p2a: Necrozma|73/100\n|\n|-heal|p2a: Necrozma|79/100|[from] item: Leftovers\n|upkeep\n|turn|10\n|inactive|Time left: 300 sec this turn | 300 sec total\n|\n|t:|1783556137\n|move|p1a: Raging Bolt|Thunderbolt|p2a: Necrozma\n|-damage|p2a: Necrozma|39/100\n|-status|p2a: Necrozma|par\n|move|p2a: Necrozma|Moonlight|p2a: Necrozma\n|-heal|p2a: Necrozma|89/100 par\n|\n|-heal|p2a: Necrozma|95/100 par|[from] item: Leftovers\n|upkeep\n|turn|11\n|inactive|Time left: 300 sec this turn | 300 sec total\n|\n|t:|1783556138\n|move|p1a: Raging Bolt|Thunderbolt|p2a: Necrozma\n|-damage|p2a: Necrozma|54/100 par\n|cant|p2a: Necrozma|par\n|\n|-heal|p2a: Necrozma|60/100 par|[from] item: Leftovers\n|upkeep\n|turn|12\n|inactive|Time left: 300 sec this turn | 300 sec total\n|\n|t:|1783556139\n|move|p1a: Raging Bolt|Thunderbolt|p2a: Necrozma\n|-damage|p2a: Necrozma|18/100 par\n|move|p2a: Necrozma|Moonlight|p2a: Necrozma\n|-heal|p2a: Necrozma|68/100 par\n|\n|-heal|p2a: Necrozma|74/100 par|[from] item: Leftovers\n|upkeep\n|turn|13\n|inactive|Time left: 300 sec this turn | 300 sec total\n|\n|t:|1783556140\n|move|p1a: Raging Bolt|Thunderbolt|p2a: Necrozma\n|-damage|p2a: Necrozma|33/100 par\n|move|p2a: Necrozma|Moonlight|p2a: Necrozma\n|-heal|p2a: Necrozma|83/100 par\n|\n|-heal|p2a: Necrozma|89/100 par|[from] item: Leftovers\n|upkeep\n|turn|14\n|inactive|Time left: 300 sec this turn | 300 sec total\n|\n|t:|1783556141\n|move|p1a: Raging Bolt|Thunderbolt|p2a: Necrozma\n|-damage|p2a: Necrozma|48/100 par\n|cant|p2a: Necrozma|par\n|\n|-heal|p2a: Necrozma|54/100 par|[from] item: Leftovers\n|upkeep\n|turn|15\n|inactive|Time left: 300 sec this turn | 300 sec total\n|\n|t:|1783556142\n|move|p1a: Raging Bolt|Thunderbolt|p2a: Necrozma\n|-damage|p2a: Necrozma|13/100 par\n|move|p2a: Necrozma|Moonlight|p2a: Necrozma\n|-heal|p2a: Necrozma|63/100 par\n|\n|-heal|p2a: Necrozma|69/100 par|[from] item: Leftovers\n|upkeep\n|turn|16\n|inactive|Time left: 300 sec this turn | 300 sec total\n|\n|t:|1783556143\n|move|p1a: Raging Bolt|Thunderbolt|p2a: Necrozma\n|-damage|p2a: Necrozma|25/100 par\n|cant|p2a: Necrozma|par\n|\n|-heal|p2a: Necrozma|31/100 par|[from] item: Leftovers\n|upkeep\n|turn|17\n|inactive|Time left: 300 sec this turn | 300 sec total\n|\n|t:|1783556144\n|switch|p2a: Donphan|Donphan, L84, F|100/100\n|move|p1a: Raging Bolt|Thunderbolt|p2a: Donphan\n|-immune|p2a: Donphan\n|\n|upkeep\n|turn|18\n|inactive|Time left: 300 sec this turn | 300 sec total\n|\n|t:|1783556146\n|-terastallize|p1a: Raging Bolt|Fairy\n|move|p1a: Raging Bolt|Dragon Pulse|p2a: Donphan\n|-ability|p2a: Donphan|Sturdy\n|-damage|p2a: Donphan|1/100\n|move|p2a: Donphan|Earthquake|p1a: Raging Bolt\n|-damage|p1a: Raging Bolt|46/323\n|\n|-heal|p2a: Donphan|7/100|[from] item: Leftovers\n|upkeep\n|turn|19\n|inactive|Time left: 300 sec this turn | 300 sec total\n|\n|t:|1783556147\n|move|p1a: Raging Bolt|Dragon Pulse|p2a: Donphan\n|-damage|p2a: Donphan|0 fnt\n|faint|p2a: Donphan\n|\n|upkeep\n|\n|t:|1783556148\n|switch|p2a: Regice|Regice, L88|100/100\n|turn|20\n|inactive|Time left: 300 sec this turn | 300 sec total\n|\n|t:|1783556149\n|move|p1a: Raging Bolt|Dragon Pulse|p2a: Regice\n|-damage|p2a: Regice|58/100\n|move|p2a: Regice|Ice Beam|p1a: Raging Bolt\n|-crit|p1a: Raging Bolt\n|-damage|p1a: Raging Bolt|0 fnt\n|faint|p1a: Raging Bolt\n|-end|p1a: Raging Bolt|Protosynthesis|[silent]\n|\n|upkeep\n|inactive|Time left: 300 sec this turn | 300 sec total | 5 sec grace\n|\n|t:|1783556150\n|switch|p1a: Terrakion|Terrakion, L79|273/273\n|turn|21\n|inactive|Time left: 300 sec this turn | 300 sec total\n|\n|t:|1783556151\n|switch|p2a: Necrozma|Necrozma-Dawn-Wings, L76|31/100 par\n|move|p1a: Terrakion|Stone Edge|p2a: Necrozma\n|-damage|p2a: Necrozma|0 fnt\n|faint|p2a: Necrozma\n|\n|upkeep\n|\n|t:|1783556152\n|switch|p2a: Wigglytuff|Wigglytuff, L96, F|100/100\n|turn|22\n|inactive|Time left: 300 sec this turn | 300 sec total\n|\n|t:|1783556153\n|move|p1a: Terrakion|Stone Edge|p2a: Wigglytuff\n|-damage|p2a: Wigglytuff|42/100\n|move|p2a: Wigglytuff|Alluring Voice|p1a: Terrakion\n|-supereffective|p1a: Terrakion\n|-damage|p1a: Terrakion|57/273\n|\n|-heal|p2a: Wigglytuff|48/100|[from] item: Leftovers\n|upkeep\n|turn|23\n|inactive|Time left: 300 sec this turn | 300 sec total\n|\n|t:|1783556154\n|move|p2a: Wigglytuff|Protect|p2a: Wigglytuff\n|-singleturn|p2a: Wigglytuff|Protect\n|move|p1a: Terrakion|Stone Edge|p2a: Wigglytuff\n|-activate|p2a: Wigglytuff|move: Protect\n|\n|-heal|p2a: Wigglytuff|55/100|[from] item: Leftovers\n|upkeep\n|turn|24\n|inactive|Time left: 300 sec this turn | 300 sec total\n|\n|t:|1783556155\n|move|p2a: Wigglytuff|Protect||[still]\n|-fail|p2a: Wigglytuff\n|move|p1a: Terrakion|Stone Edge|p2a: Wigglytuff|[miss]\n|-miss|p1a: Terrakion|p2a: Wigglytuff\n|\n|-heal|p2a: Wigglytuff|61/100|[from] item: Leftovers\n|upkeep\n|turn|25\n|inactive|Time left: 300 sec this turn | 300 sec total\n|\n|t:|1783556156\n|move|p2a: Wigglytuff|Protect|p2a: Wigglytuff\n|-singleturn|p2a: Wigglytuff|Protect\n|move|p1a: Terrakion|Stone Edge|p2a: Wigglytuff\n|-activate|p2a: Wigglytuff|move: Protect\n|\n|-heal|p2a: Wigglytuff|67/100|[from] item: Leftovers\n|upkeep\n|turn|26\n|inactive|Time left: 300 sec this turn | 300 sec total\n|\n|t:|1783556157\n|move|p1a: Terrakion|Stone Edge|p2a: Wigglytuff\n|-damage|p2a: Wigglytuff|14/100\n|move|p2a: Wigglytuff|Alluring Voice|p1a: Terrakion\n|-supereffective|p1a: Terrakion\n|-damage|p1a: Terrakion|0 fnt\n|faint|p1a: Terrakion\n|\n|-heal|p2a: Wigglytuff|20/100|[from] item: Leftovers\n|upkeep\n|inactive|Time left: 300 sec this turn | 300 sec total | 5 sec grace\n|\n|t:|1783556158\n|switch|p1a: Swalot|Swalot, L90, F|326/326\n|turn|27\n|inactive|Time left: 300 sec this turn | 300 sec total\n|\n|t:|1783556159\n|move|p2a: Wigglytuff|Protect|p2a: Wigglytuff\n|-singleturn|p2a: Wigglytuff|Protect\n|move|p1a: Swalot|Earthquake|p2a: Wigglytuff\n|-activate|p2a: Wigglytuff|move: Protect\n|\n|-heal|p2a: Wigglytuff|26/100|[from] item: Leftovers\n|upkeep\n|turn|28\n|inactive|Time left: 300 sec this turn | 300 sec total\n|\n|t:|1783556160\n|switch|p2a: Regice|Regice, L88|58/100\n|move|p1a: Swalot|Sludge Bomb|p2a: Regice\n|-damage|p2a: Regice|42/100\n|-status|p2a: Regice|psn\n|\n|-damage|p2a: Regice|30/100 psn|[from] psn\n|upkeep\n|turn|29\n|inactive|Time left: 300 sec this turn | 300 sec total\n|\n|t:|1783556160\n|move|p1a: Swalot|Earthquake|p2a: Regice\n|-damage|p2a: Regice|9/100 psn\n|move|p2a: Regice|Thunder Wave|p1a: Swalot\n|-status|p1a: Swalot|par\n|\n|-damage|p2a: Regice|0 fnt|[from] psn\n|faint|p2a: Regice\n|upkeep\n|\n|t:|1783556161\n|switch|p2a: Wigglytuff|Wigglytuff, L96, F|26/100\n|turn|30\n|inactive|Time left: 300 sec this turn | 300 sec total\n|\n|t:|1783556162\n|move|p2a: Wigglytuff|Protect|p2a: Wigglytuff\n|-singleturn|p2a: Wigglytuff|Protect\n|move|p1a: Swalot|Earthquake|p2a: Wigglytuff\n|-activate|p2a: Wigglytuff|move: Protect\n|\n|-heal|p2a: Wigglytuff|33/100|[from] item: Leftovers\n|upkeep\n|turn|31\n|inactive|Time left: 300 sec this turn | 300 sec total\n|\n|t:|1783556163\n|move|p2a: Wigglytuff|Wish|p2a: Wigglytuff\n|move|p1a: Swalot|Earthquake|p2a: Wigglytuff\n|-damage|p2a: Wigglytuff|10/100\n|\n|-heal|p2a: Wigglytuff|17/100|[from] item: Leftovers\n|upkeep\n|turn|32\n|inactive|Time left: 300 sec this turn | 300 sec total\n|\n|t:|1783556164\n|move|p2a: Wigglytuff|Protect|p2a: Wigglytuff\n|-singleturn|p2a: Wigglytuff|Protect\n|move|p1a: Swalot|Earthquake|p2a: Wigglytuff\n|-activate|p2a: Wigglytuff|move: Protect\n|\n|-heal|p2a: Wigglytuff|67/100|[from] move: Wish|[wisher] Wigglytuff\n|-heal|p2a: Wigglytuff|73/100|[from] item: Leftovers\n|upkeep\n|turn|33\n|inactive|Time left: 300 sec this turn | 300 sec total\n|\n|t:|1783556165\n|move|p2a: Wigglytuff|Wish|p2a: Wigglytuff\n|move|p1a: Swalot|Sludge Bomb|p2a: Wigglytuff\n|-supereffective|p2a: Wigglytuff\n|-damage|p2a: Wigglytuff|17/100\n|\n|-heal|p2a: Wigglytuff|24/100|[from] item: Leftovers\n|upkeep\n|turn|34\n|inactive|Time left: 300 sec this turn | 300 sec total\n|\n|t:|1783556166\n|move|p2a: Wigglytuff|Protect|p2a: Wigglytuff\n|-singleturn|p2a: Wigglytuff|Protect\n|move|p1a: Swalot|Sludge Bomb|p2a: Wigglytuff\n|-activate|p2a: Wigglytuff|move: Protect\n|\n|-heal|p2a: Wigglytuff|74/100|[from] move: Wish|[wisher] Wigglytuff\n|-heal|p2a: Wigglytuff|80/100|[from] item: Leftovers\n|upkeep\n|turn|35\n|inactive|Time left: 300 sec this turn | 300 sec total\n|\n|t:|1783556167\n|move|p2a: Wigglytuff|Wish|p2a: Wigglytuff\n|move|p1a: Swalot|Sludge Bomb|p2a: Wigglytuff\n|-supereffective|p2a: Wigglytuff\n|-damage|p2a: Wigglytuff|26/100\n|\n|-heal|p2a: Wigglytuff|32/100|[from] item: Leftovers\n|upkeep\n|turn|36\n|inactive|Time left: 300 sec this turn | 300 sec total\n|\n|t:|1783556168\n|move|p2a: Wigglytuff|Protect|p2a: Wigglytuff\n|-singleturn|p2a: Wigglytuff|Protect\n|cant|p1a: Swalot|par\n|\n|-heal|p2a: Wigglytuff|82/100|[from] move: Wish|[wisher] Wigglytuff\n|-heal|p2a: Wigglytuff|88/100|[from] item: Leftovers\n|upkeep\n|turn|37\n|inactive|Time left: 300 sec this turn | 300 sec total\n|\n|t:|1783556169\n|move|p2a: Wigglytuff|Fire Blast|p1a: Swalot|[miss]\n|-miss|p2a: Wigglytuff|p1a: Swalot\n|move|p1a: Swalot|Sludge Bomb|p2a: Wigglytuff\n|-supereffective|p2a: Wigglytuff\n|-damage|p2a: Wigglytuff|34/100\n|\n|-heal|p2a: Wigglytuff|41/100|[from] item: Leftovers\n|upkeep\n|turn|38\n|inactive|Time left: 300 sec this turn | 300 sec total\n|\n|t:|1783556170\n|move|p2a: Wigglytuff|Wish|p2a: Wigglytuff\n|move|p1a: Swalot|Earthquake|p2a: Wigglytuff\n|-damage|p2a: Wigglytuff|17/100\n|\n|-heal|p2a: Wigglytuff|23/100|[from] item: Leftovers\n|upkeep\n|turn|39\n|inactive|Time left: 300 sec this turn | 300 sec total\n|\n|t:|1783556171\n|move|p2a: Wigglytuff|Protect|p2a: Wigglytuff\n|-singleturn|p2a: Wigglytuff|Protect\n|cant|p1a: Swalot|par\n|\n|-heal|p2a: Wigglytuff|73/100|[from] move: Wish|[wisher] Wigglytuff\n|-heal|p2a: Wigglytuff|80/100|[from] item: Leftovers\n|upkeep\n|turn|40\n|inactive|Time left: 300 sec this turn | 300 sec total\n|\n|t:|1783556172\n|move|p2a: Wigglytuff|Wish|p2a: Wigglytuff\n|cant|p1a: Swalot|par\n|\n|-heal|p2a: Wigglytuff|86/100|[from] item: Leftovers\n|upkeep\n|turn|41\n|inactive|Time left: 300 sec this turn | 300 sec total\n|\n|t:|1783556173\n|move|p2a: Wigglytuff|Protect|p2a: Wigglytuff\n|-singleturn|p2a: Wigglytuff|Protect\n|move|p1a: Swalot|Toxic|p2a: Wigglytuff\n|-activate|p2a: Wigglytuff|move: Protect\n|\n|-heal|p2a: Wigglytuff|100/100|[from] move: Wish|[wisher] Wigglytuff\n|upkeep\n|turn|42\n|inactive|Time left: 300 sec this turn | 300 sec total\n|\n|t:|1783556174\n|move|p2a: Wigglytuff|Fire Blast|p1a: Swalot\n|-damage|p1a: Swalot|243/326 par\n|move|p1a: Swalot|Sludge Bomb|p2a: Wigglytuff\n|-supereffective|p2a: Wigglytuff\n|-damage|p2a: Wigglytuff|49/100\n|\n|-heal|p2a: Wigglytuff|55/100|[from] item: Leftovers\n|-heal|p1a: Swalot|263/326 par|[from] item: Leftovers\n|upkeep\n|turn|43\n|inactive|Time left: 300 sec this turn | 300 sec total\n|\n|t:|1783556175\n|-terastallize|p2a: Wigglytuff|Poison\n|move|p2a: Wigglytuff|Wish|p2a: Wigglytuff\n|move|p1a: Swalot|Sludge Bomb|p2a: Wigglytuff\n|-resisted|p2a: Wigglytuff\n|-crit|p2a: Wigglytuff\n|-damage|p2a: Wigglytuff|34/100\n|\n|-heal|p2a: Wigglytuff|41/100|[from] item: Leftovers\n|-heal|p1a: Swalot|283/326 par|[from] item: Leftovers\n|upkeep\n|turn|44\n|inactive|Time left: 300 sec this turn | 300 sec total\n|\n|t:|1783556176\n|move|p2a: Wigglytuff|Protect|p2a: Wigglytuff\n|-singleturn|p2a: Wigglytuff|Protect\n|cant|p1a: Swalot|par\n|\n|-heal|p2a: Wigglytuff|91/100|[from] move: Wish|[wisher] Wigglytuff\n|-heal|p2a: Wigglytuff|97/100|[from] item: Leftovers\n|-heal|p1a: Swalot|303/326 par|[from] item: Leftovers\n|upkeep\n|turn|45\n|inactive|Time left: 300 sec this turn | 300 sec total\n|\n|t:|1783556177\n|move|p2a: Wigglytuff|Fire Blast|p1a: Swalot\n|-crit|p1a: Swalot\n|-damage|p1a: Swalot|170/326 par\n|cant|p1a: Swalot|par\n|\n|-heal|p2a: Wigglytuff|100/100|[from] item: Leftovers\n|-heal|p1a: Swalot|190/326 par|[from] item: Leftovers\n|upkeep\n|turn|46\n|inactive|Time left: 300 sec this turn | 300 sec total\n|\n|t:|1783556179\n|move|p2a: Wigglytuff|Fire Blast|p1a: Swalot\n|-damage|p1a: Swalot|101/326 par\n|move|p1a: Swalot|Earthquake|p2a: Wigglytuff\n|-supereffective|p2a: Wigglytuff\n|-damage|p2a: Wigglytuff|59/100\n|\n|-heal|p2a: Wigglytuff|65/100|[from] item: Leftovers\n|-heal|p1a: Swalot|121/326 par|[from] item: Leftovers\n|upkeep\n|turn|47\n|inactive|Time left: 300 sec this turn | 300 sec total\n|\n|t:|1783556180\n|move|p2a: Wigglytuff|Wish|p2a: Wigglytuff\n|move|p1a: Swalot|Earthquake|p2a: Wigglytuff\n|-supereffective|p2a: Wigglytuff\n|-damage|p2a: Wigglytuff|24/100\n|\n|-heal|p2a: Wigglytuff|30/100|[from] item: Leftovers\n|-heal|p1a: Swalot|141/326 par|[from] item: Leftovers\n|upkeep\n|turn|48\n|inactive|Time left: 300 sec this turn | 300 sec total\n|\n|t:|1783556181\n|move|p2a: Wigglytuff|Protect|p2a: Wigglytuff\n|-singleturn|p2a: Wigglytuff|Protect\n|move|p1a: Swalot|Earthquake|p2a: Wigglytuff\n|-activate|p2a: Wigglytuff|move: Protect\n|\n|-heal|p2a: Wigglytuff|80/100|[from] move: Wish|[wisher] Wigglytuff\n|-heal|p2a: Wigglytuff|86/100|[from] item: Leftovers\n|-heal|p1a: Swalot|161/326 par|[from] item: Leftovers\n|upkeep\n|turn|49\n|inactive|Time left: 300 sec this turn | 300 sec total\n|\n|t:|1783556182\n|move|p2a: Wigglytuff|Fire Blast|p1a: Swalot\n|-damage|p1a: Swalot|66/326 par\n|move|p1a: Swalot|Earthquake|p2a: Wigglytuff\n|-supereffective|p2a: Wigglytuff\n|-damage|p2a: Wigglytuff|40/100\n|\n|-heal|p2a: Wigglytuff|46/100|[from] item: Leftovers\n|-heal|p1a: Swalot|86/326 par|[from] item: Leftovers\n|upkeep\n|turn|50\n|inactive|Time left: 300 sec this turn | 300 sec total\n|\n|t:|1783556183\n|move|p2a: Wigglytuff|Wish|p2a: Wigglytuff\n|move|p1a: Swalot|Earthquake|p2a: Wigglytuff\n|-supereffective|p2a: Wigglytuff\n|-damage|p2a: Wigglytuff|4/100\n|\n|-heal|p2a: Wigglytuff|10/100|[from] item: Leftovers\n|-heal|p1a: Swalot|106/326 par|[from] item: Leftovers\n|upkeep\n|turn|51\n|inactive|Time left: 300 sec this turn | 300 sec total\n|\n|t:|1783556184\n|move|p2a: Wigglytuff|Protect|p2a: Wigglytuff\n|-singleturn|p2a: Wigglytuff|Protect\n|move|p1a: Swalot|Earthquake|p2a: Wigglytuff\n|-activate|p2a: Wigglytuff|move: Protect\n|\n|-heal|p2a: Wigglytuff|60/100|[from] move: Wish|[wisher] Wigglytuff\n|-heal|p2a: Wigglytuff|66/100|[from] item: Leftovers\n|-heal|p1a: Swalot|126/326 par|[from] item: Leftovers\n|upkeep\n|turn|52\n|inactive|Time left: 300 sec this turn | 300 sec total\n|\n|t:|1783556185\n|move|p2a: Wigglytuff|Wish|p2a: Wigglytuff\n|cant|p1a: Swalot|par\n|\n|-heal|p2a: Wigglytuff|72/100|[from] item: Leftovers\n|-heal|p1a: Swalot|146/326 par|[from] item: Leftovers\n|upkeep\n|turn|53\n|inactive|Time left: 300 sec this turn | 300 sec total\n|\n|t:|1783556186\n|move|p1a: Swalot|Protect|p1a: Swalot\n|-singleturn|p1a: Swalot|Protect\n|move|p2a: Wigglytuff|Fire Blast|p1a: Swalot\n|-activate|p1a: Swalot|move: Protect\n|\n|-heal|p2a: Wigglytuff|100/100|[from] move: Wish|[wisher] Wigglytuff\n|-heal|p1a: Swalot|166/326 par|[from] item: Leftovers\n|upkeep\n|turn|54\n|inactive|Time left: 300 sec this turn | 300 sec total\n|\n|t:|1783556187\n|move|p2a: Wigglytuff|Fire Blast|p1a: Swalot\n|-damage|p1a: Swalot|84/326 par\n|move|p1a: Swalot|Earthquake|p2a: Wigglytuff\n|-supereffective|p2a: Wigglytuff\n|-damage|p2a: Wigglytuff|59/100\n|\n|-heal|p2a: Wigglytuff|65/100|[from] item: Leftovers\n|-heal|p1a: Swalot|104/326 par|[from] item: Leftovers\n|upkeep\n|turn|55\n|inactive|Time left: 300 sec this turn | 300 sec total\n|\n|t:|1783556189\n|move|p2a: Wigglytuff|Wish|p2a: Wigglytuff\n|move|p1a: Swalot|Earthquake|p2a: Wigglytuff\n|-supereffective|p2a: Wigglytuff\n|-damage|p2a: Wigglytuff|24/100\n|\n|-heal|p2a: Wigglytuff|30/100|[from] item: Leftovers\n|-heal|p1a: Swalot|124/326 par|[from] item: Leftovers\n|upkeep\n|turn|56\n|inactive|Time left: 300 sec this turn | 300 sec total\n|\n|t:|1783556190\n|move|p2a: Wigglytuff|Protect|p2a: Wigglytuff\n|-singleturn|p2a: Wigglytuff|Protect\n|cant|p1a: Swalot|par\n|\n|-heal|p2a: Wigglytuff|80/100|[from] move: Wish|[wisher] Wigglytuff\n|-heal|p2a: Wigglytuff|86/100|[from] item: Leftovers\n|-heal|p1a: Swalot|144/326 par|[from] item: Leftovers\n|upkeep\n|turn|57\n|inactive|Time left: 300 sec this turn | 300 sec total\n|\n|t:|1783556191\n|move|p2a: Wigglytuff|Alluring Voice|p1a: Swalot\n|-resisted|p1a: Swalot\n|-damage|p1a: Swalot|99/326 par\n|move|p1a: Swalot|Earthquake|p2a: Wigglytuff\n|-supereffective|p2a: Wigglytuff\n|-damage|p2a: Wigglytuff|44/100\n|\n|-heal|p2a: Wigglytuff|50/100|[from] item: Leftovers\n|-heal|p1a: Swalot|119/326 par|[from] item: Leftovers\n|upkeep\n|turn|58\n|inactive|Time left: 300 sec this turn | 300 sec total\n|\n|t:|1783556192\n|move|p2a: Wigglytuff|Wish|p2a: Wigglytuff\n|move|p1a: Swalot|Earthquake|p2a: Wigglytuff\n|-supereffective|p2a: Wigglytuff\n|-damage|p2a: Wigglytuff|9/100\n|\n|-heal|p2a: Wigglytuff|15/100|[from] item: Leftovers\n|-heal|p1a: Swalot|139/326 par|[from] item: Leftovers\n|upkeep\n|turn|59\n|inactive|Time left: 300 sec this turn | 300 sec total\n|\n|t:|1783556194\n|move|p2a: Wigglytuff|Protect|p2a: Wigglytuff\n|-singleturn|p2a: Wigglytuff|Protect\n|cant|p1a: Swalot|par\n|\n|-heal|p2a: Wigglytuff|65/100|[from] move: Wish|[wisher] Wigglytuff\n|-heal|p2a: Wigglytuff|71/100|[from] item: Leftovers\n|-heal|p1a: Swalot|159/326 par|[from] item: Leftovers\n|upkeep\n|turn|60\n|inactive|Time left: 300 sec this turn | 300 sec total\n|\n|t:|1783556195\n|cant|p1a: Swalot|par\n|move|p2a: Wigglytuff|Fire Blast|p1a: Swalot\n|-damage|p1a: Swalot|76/326 par\n|\n|-heal|p2a: Wigglytuff|77/100|[from] item: Leftovers\n|-heal|p1a: Swalot|96/326 par|[from] item: Leftovers\n|upkeep\n|turn|61\n|inactive|Time left: 300 sec this turn | 300 sec total\n|\n|t:|1783556196\n|move|p2a: Wigglytuff|Alluring Voice|p1a: Swalot\n|-resisted|p1a: Swalot\n|-damage|p1a: Swalot|47/326 par\n|move|p1a: Swalot|Sludge Bomb|p2a: Wigglytuff\n|-resisted|p2a: Wigglytuff\n|-damage|p2a: Wigglytuff|63/100\n|\n|-heal|p2a: Wigglytuff|70/100|[from] item: Leftovers\n|-heal|p1a: Swalot|67/326 par|[from] item: Leftovers\n|upkeep\n|turn|62\n|inactive|Time left: 300 sec this turn | 300 sec total\n|\n|t:|1783556197\n|move|p1a: Swalot|Protect|p1a: Swalot\n|-singleturn|p1a: Swalot|Protect\n|move|p2a: Wigglytuff|Wish|p2a: Wigglytuff\n|\n|-heal|p2a: Wigglytuff|76/100|[from] item: Leftovers\n|-heal|p1a: Swalot|87/326 par|[from] item: Leftovers\n|upkeep\n|turn|63\n|inactive|Time left: 300 sec this turn | 300 sec total\n|\n|t:|1783556198\n|move|p1a: Swalot|Protect||[still]\n|-fail|p1a: Swalot\n|move|p2a: Wigglytuff|Alluring Voice|p1a: Swalot\n|-resisted|p1a: Swalot\n|-damage|p1a: Swalot|39/326 par\n|\n|-heal|p2a: Wigglytuff|100/100|[from] move: Wish|[wisher] Wigglytuff\n|-heal|p1a: Swalot|59/326 par|[from] item: Leftovers\n|upkeep\n|turn|64\n|inactive|Time left: 300 sec this turn | 300 sec total\n|\n|t:|1783556199\n|move|p1a: Swalot|Protect|p1a: Swalot\n|-singleturn|p1a: Swalot|Protect\n|move|p2a: Wigglytuff|Alluring Voice|p1a: Swalot\n|-activate|p1a: Swalot|move: Protect\n|\n|-heal|p1a: Swalot|79/326 par|[from] item: Leftovers\n|upkeep\n|turn|65\n|inactive|Time left: 300 sec this turn | 300 sec total\n|\n|t:|1783556200\n|cant|p1a: Swalot|par\n|move|p2a: Wigglytuff|Alluring Voice|p1a: Swalot\n|-resisted|p1a: Swalot\n|-damage|p1a: Swalot|31/326 par\n|\n|-heal|p1a: Swalot|51/326 par|[from] item: Leftovers\n|upkeep\n|turn|66\n|inactive|Time left: 300 sec this turn | 300 sec total\n|\n|t:|1783556202\n|move|p1a: Swalot|Protect|p1a: Swalot\n|-singleturn|p1a: Swalot|Protect\n|move|p2a: Wigglytuff|Alluring Voice|p1a: Swalot\n|-activate|p1a: Swalot|move: Protect\n|\n|-heal|p1a: Swalot|71/326 par|[from] item: Leftovers\n|upkeep\n|turn|67\n|inactive|Time left: 300 sec this turn | 300 sec total\n|\n|t:|1783556203\n|cant|p1a: Swalot|par\n|move|p2a: Wigglytuff|Alluring Voice|p1a: Swalot\n|-resisted|p1a: Swalot\n|-damage|p1a: Swalot|20/326 par\n|\n|-heal|p1a: Swalot|40/326 par|[from] item: Leftovers\n|upkeep\n|turn|68\n|inactive|Time left: 300 sec this turn | 300 sec total\n|\n|t:|1783556204\n|cant|p1a: Swalot|par\n|move|p2a: Wigglytuff|Wish|p2a: Wigglytuff\n|\n|-heal|p1a: Swalot|60/326 par|[from] item: Leftovers\n|upkeep\n|turn|69\n|inactive|Time left: 300 sec this turn | 300 sec total\n|\n|t:|1783556205\n|move|p1a: Swalot|Protect|p1a: Swalot\n|-singleturn|p1a: Swalot|Protect\n|move|p2a: Wigglytuff|Alluring Voice|p1a: Swalot\n|-activate|p1a: Swalot|move: Protect\n|\n|-heal|p1a: Swalot|80/326 par|[from] item: Leftovers\n|upkeep\n|turn|70\n|inactive|Time left: 300 sec this turn | 300 sec total\n|\n|t:|1783556206\n|move|p1a: Swalot|Protect||[still]\n|-fail|p1a: Swalot\n|move|p2a: Wigglytuff|Alluring Voice|p1a: Swalot\n|-resisted|p1a: Swalot\n|-damage|p1a: Swalot|32/326 par\n|\n|-heal|p1a: Swalot|52/326 par|[from] item: Leftovers\n|upkeep\n|turn|71\n|inactive|Time left: 300 sec this turn | 300 sec total\n|\n|t:|1783556207\n|cant|p1a: Swalot|par\n|move|p2a: Wigglytuff|Alluring Voice|p1a: Swalot\n|-resisted|p1a: Swalot\n|-damage|p1a: Swalot|1/326 par\n|\n|-heal|p1a: Swalot|21/326 par|[from] item: Leftovers\n|upkeep\n|turn|72\n|inactive|Time left: 300 sec this turn | 300 sec total\n|\n|t:|1783556208\n|move|p1a: Swalot|Protect|p1a: Swalot\n|-singleturn|p1a: Swalot|Protect\n|move|p2a: Wigglytuff|Alluring Voice|p1a: Swalot\n|-activate|p1a: Swalot|move: Protect\n|\n|-heal|p1a: Swalot|41/326 par|[from] item: Leftovers\n|upkeep\n|turn|73\n|inactive|Time left: 300 sec this turn | 300 sec total\n|\n|t:|1783556209\n|cant|p1a: Swalot|par\n|move|p2a: Wigglytuff|Alluring Voice|p1a: Swalot\n|-resisted|p1a: Swalot\n|-crit|p1a: Swalot\n|-damage|p1a: Swalot|0 fnt\n|faint|p1a: Swalot\n|\n|upkeep\n|inactive|Time left: 300 sec this turn | 300 sec total | 5 sec grace\n|\n|t:|1783556210\n|switch|p1a: Walking Wake|Walking Wake, L79|286/286\n|turn|74\n|inactive|Time left: 300 sec this turn | 300 sec total\n|\n|t:|1783556211\n|move|p1a: Walking Wake|Draco Meteor|p2a: Wigglytuff\n|-damage|p2a: Wigglytuff|42/100\n|-unboost|p1a: Walking Wake|spa|2\n|-damage|p1a: Walking Wake|258/286|[from] item: Life Orb\n|move|p2a: Wigglytuff|Alluring Voice|p1a: Walking Wake\n|-supereffective|p1a: Walking Wake\n|-crit|p1a: Walking Wake\n|-damage|p1a: Walking Wake|0 fnt\n|faint|p1a: Walking Wake\n|-end|p1a: Walking Wake|Protosynthesis|[silent]\n|\n|win|p0y1464df2e", "uploadtime": 1783556211, "views": 0, "rating": 0, "private": 0, "password": null, "_winner": "p0y1464df2e", "_our_name": "p0x1464aa66"}