{"id": "battle-gen9randombattle-2312", "formatid": "gen9randombattle", "format": "[Gen 9] Random Battle", "players": ["p0x23125efb", "p0y231264cb"], "log": "|init|battle\n|title|p0x23125efb vs. p0y231264cb\n|j|\u2606p0x23125efb\n|j|\u2606p0y231264cb\n|t:|1783565831\n|gametype|singles\n|player|p1|p0x23125efb|266|\n|player|p2|p0y231264cb|102|\n|gen|9\n|tier|[Gen 9] Random Battle\n|rule|Species Clause: Limit one of each Pok\u00e9mon\n|rule|HP Percentage Mod: HP is shown in percentages\n|rule|Sleep Clause Mod: Limit one foe put to sleep\n|rule|Illusion Level Mod: Illusion disguises the Pok\u00e9mon's true level\n|\n|t:|1783565831\n|teamsize|p1|6\n|teamsize|p2|6\n|start\n|switch|p1a: Whiscash|Whiscash, L88, F|337/337\n|switch|p2a: Pecharunt|Pecharunt, L77|100/100\n|turn|1\n|inactive|Battle timer is ON: inactive players will automatically lose when time's up. (requested by p0y231264cb)\n|inactive|Time left: 300 sec this turn | 300 sec total | 60 sec grace\n|inactive|p0x23125efb also wants the timer to be on.\n|\n|t:|1783565833\n|move|p2a: Pecharunt|Parting Shot|p1a: Whiscash\n|-unboost|p1a: Whiscash|atk|1\n|-unboost|p1a: Whiscash|spa|1\n|\n|t:|1783565834\n|switch|p2a: Espeon|Espeon, L84, M|100/100|[from] Parting Shot\n|move|p1a: Whiscash|Stealth Rock|p2a: Espeon\n|move|p2a: Espeon|Stealth Rock|p1a: Whiscash|[from] ability: Magic Bounce\n|-sidestart|p1: p0x23125efb|move: Stealth Rock\n|\n|upkeep\n|turn|2\n|inactive|Time left: 300 sec this turn | 300 sec total\n|\n|t:|1783565835\n|move|p2a: Espeon|Psychic|p1a: Whiscash\n|-damage|p1a: Whiscash|118/337\n|move|p1a: Whiscash|Earthquake|p2a: Espeon\n|-damage|p2a: Espeon|66/100\n|\n|-heal|p1a: Whiscash|139/337|[from] item: Leftovers\n|upkeep\n|turn|3\n|inactive|Time left: 300 sec this turn | 300 sec total\n|\n|t:|1783565836\n|switch|p1a: Morpeko|Morpeko, L88, F|245/245\n|move|p2a: Espeon|Psychic|p1a: Morpeko\n|-immune|p1a: Morpeko\n|\n|-formechange|p1a: Morpeko|Morpeko-Hangry||[from] ability: Hunger Switch\n|upkeep\n|turn|4\n|inactive|Time left: 300 sec this turn | 300 sec total\n|\n|t:|1783565837\n|switch|p2a: Passimian|Passimian, L83, M|100/100\n|move|p1a: Morpeko|Aura Wheel|p2a: Passimian\n|-resisted|p2a: Passimian\n|-damage|p2a: Passimian|81/100\n|-boost|p1a: Morpeko|spe|1\n|\n|-heal|p2a: Passimian|87/100|[from] item: Leftovers\n|-formechange|p1a: Morpeko|Morpeko||[from] ability: Hunger Switch\n|upkeep\n|turn|5\n|inactive|Time left: 300 sec this turn | 300 sec total\n|\n|t:|1783565838\n|move|p1a: Morpeko|Rapid Spin|p2a: Passimian\n|-damage|p2a: Passimian|74/100\n|-boost|p1a: Morpeko|spe|1\n|-sideend|p1: p0x23125efb|Stealth Rock|[from] move: Rapid Spin|[of] p1a: Morpeko\n|move|p2a: Passimian|Drain Punch|p1a: Morpeko\n|-supereffective|p1a: Morpeko\n|-damage|p1a: Morpeko|0 fnt\n|-heal|p2a: Passimian|100/100|[from] drain|[of] p1a: Morpeko\n|faint|p1a: Morpeko\n|\n|upkeep\n|inactive|Time left: 300 sec this turn | 300 sec total | 5 sec grace\n|\n|t:|1783565839\n|switch|p1a: Toxtricity|Toxtricity, L82, M|257/257\n|turn|6\n|inactive|Time left: 300 sec this turn | 300 sec total\n|\n|t:|1783565840\n|move|p2a: Passimian|Knock Off|p1a: Toxtricity\n|-damage|p1a: Toxtricity|168/257\n|-enditem|p1a: Toxtricity|Choice Specs|[from] move: Knock Off|[of] p2a: Passimian\n|move|p1a: Toxtricity|Overdrive|p2a: Passimian\n|-damage|p2a: Passimian|50/100\n|\n|-heal|p2a: Passimian|55/100|[from] item: Leftovers\n|upkeep\n|turn|7\n|inactive|Time left: 300 sec this turn | 300 sec total\n|\n|t:|1783565841\n|switch|p2a: Baxcalibur|Baxcalibur, L75, M|100/100\n|move|p1a: Toxtricity|Boomburst|p2a: Baxcalibur\n|-damage|p2a: Baxcalibur|43/100\n|\n|upkeep\n|turn|8\n|inactive|Time left: 300 sec this turn | 300 sec total\n|\n|t:|1783565842\n|switch|p1a: Lunala|Lunala, L70|308/308\n|move|p2a: Baxcalibur|Glaive Rush|p1a: Lunala\n|-damage|p1a: Lunala|182/308\n|-singlemove|p2a: Baxcalibur|Glaive Rush|[silent]\n|\n|-heal|p1a: Lunala|201/308|[from] item: Leftovers\n|upkeep\n|turn|9\n|inactive|Time left: 300 sec this turn | 300 sec total\n|\n|t:|1783565843\n|switch|p2a: Alcremie|Alcremie-Matcha-Cream, L90, F|100/100\n|move|p1a: Lunala|Moongeist Beam|p2a: Alcremie\n|-damage|p2a: Alcremie|73/100\n|\n|-heal|p1a: Lunala|220/308|[from] item: Leftovers\n|-heal|p2a: Alcremie|79/100|[from] item: Leftovers\n|upkeep\n|turn|10\n|inactive|Time left: 300 sec this turn | 300 sec total\n|\n|t:|1783565844\n|move|p1a: Lunala|Calm Mind|p1a: Lunala\n|-boost|p1a: Lunala|spa|1\n|-boost|p1a: Lunala|spd|1\n|move|p2a: Alcremie|Calm Mind|p2a: Alcremie\n|-boost|p2a: Alcremie|spa|1\n|-boost|p2a: Alcremie|spd|1\n|\n|-heal|p1a: Lunala|239/308|[from] item: Leftovers\n|-heal|p2a: Alcremie|85/100|[from] item: Leftovers\n|upkeep\n|turn|11\n|inactive|Time left: 300 sec this turn | 300 sec total\n|\n|t:|1783565845\n|move|p1a: Lunala|Calm Mind|p1a: Lunala\n|-boost|p1a: Lunala|spa|1\n|-boost|p1a: Lunala|spd|1\n|move|p2a: Alcremie|Calm Mind|p2a: Alcremie\n|-boost|p2a: Alcremie|spa|1\n|-boost|p2a: Alcremie|spd|1\n|\n|-heal|p1a: Lunala|258/308|[from] item: Leftovers\n|-heal|p2a: Alcremie|91/100|[from] item: Leftovers\n|upkeep\n|turn|12\n|inactive|Time left: 300 sec this turn | 300 sec total\n|\n|t:|1783565846\n|move|p1a: Lunala|Calm Mind|p1a: Lunala\n|-boost|p1a: Lunala|spa|1\n|-boost|p1a: Lunala|spd|1\n|move|p2a: Alcremie|Alluring Voice|p1a: Lunala\n|-damage|p1a: Lunala|165/308\n|-start|p1a: Lunala|confusion\n|\n|-heal|p1a: Lunala|184/308|[from] item: Leftovers\n|-heal|p2a: Alcremie|97/100|[from] item: Leftovers\n|upkeep\n|turn|13\n|inactive|Time left: 300 sec this turn | 300 sec total\n|\n|t:|1783565847\n|-activate|p1a: Lunala|confusion\n|-damage|p1a: Lunala|162/308|[from] confusion\n|move|p2a: Alcremie|Alluring Voice|p1a: Lunala\n|-damage|p1a: Lunala|71/308\n|\n|-heal|p1a: Lunala|90/308|[from] item: Leftovers\n|-heal|p2a: Alcremie|100/100|[from] item: Leftovers\n|upkeep\n|turn|14\n|inactive|Time left: 300 sec this turn | 300 sec total\n|\n|t:|1783565848\n|-end|p1a: Lunala|confusion\n|move|p1a: Lunala|Moonlight|p1a: Lunala\n|-heal|p1a: Lunala|244/308\n|move|p2a: Alcremie|Alluring Voice|p1a: Lunala\n|-damage|p1a: Lunala|157/308\n|\n|-heal|p1a: Lunala|176/308|[from] item: Leftovers\n|upkeep\n|turn|15\n|inactive|Time left: 300 sec this turn | 300 sec total\n|\n|t:|1783565849\n|move|p1a: Lunala|Moonlight|p1a: Lunala\n|-heal|p1a: Lunala|308/308\n|move|p2a: Alcremie|Calm Mind|p2a: Alcremie\n|-boost|p2a: Alcremie|spa|1\n|-boost|p2a: Alcremie|spd|1\n|\n|upkeep\n|turn|16\n|inactive|Time left: 300 sec this turn | 300 sec total\n|\n|t:|1783565850\n|move|p1a: Lunala|Calm Mind|p1a: Lunala\n|-boost|p1a: Lunala|spa|1\n|-boost|p1a: Lunala|spd|1\n|move|p2a: Alcremie|Recover||[still]\n|-fail|p2a: Alcremie|heal\n|\n|upkeep\n|turn|17\n|inactive|Time left: 300 sec this turn | 300 sec total\n|\n|t:|1783565851\n|move|p1a: Lunala|Moongeist Beam|p2a: Alcremie\n|-damage|p2a: Alcremie|66/100\n|move|p2a: Alcremie|Calm Mind|p2a: Alcremie\n|-boost|p2a: Alcremie|spa|1\n|-boost|p2a: Alcremie|spd|1\n|\n|-heal|p2a: Alcremie|72/100|[from] item: Leftovers\n|upkeep\n|turn|18\n|inactive|Time left: 300 sec this turn | 300 sec total\n|\n|t:|1783565851\n|-terastallize|p2a: Alcremie|Steel\n|move|p1a: Lunala|Moongeist Beam|p2a: Alcremie\n|-damage|p2a: Alcremie|46/100\n|move|p2a: Alcremie|Recover|p2a: Alcremie\n|-heal|p2a: Alcremie|96/100\n|\n|-heal|p2a: Alcremie|100/100|[from] item: Leftovers\n|upkeep\n|turn|19\n|inactive|Time left: 300 sec this turn | 300 sec total\n|\n|t:|1783565852\n|move|p1a: Lunala|Calm Mind|p1a: Lunala\n|-boost|p1a: Lunala|spa|1\n|-boost|p1a: Lunala|spd|1\n|move|p2a: Alcremie|Alluring Voice|p1a: Lunala\n|-damage|p1a: Lunala|263/308\n|-start|p1a: Lunala|confusion\n|\n|-heal|p1a: Lunala|282/308|[from] item: Leftovers\n|upkeep\n|turn|20\n|inactive|Time left: 300 sec this turn | 300 sec total\n|\n|t:|1783565853\n|-activate|p1a: Lunala|confusion\n|-damage|p1a: Lunala|260/308|[from] confusion\n|move|p2a: Alcremie|Psyshock|p1a: Lunala\n|-resisted|p1a: Lunala\n|-damage|p1a: Lunala|135/308\n|\n|-heal|p1a: Lunala|154/308|[from] item: Leftovers\n|upkeep\n|turn|21\n|inactive|Time left: 300 sec this turn | 300 sec total\n|\n|t:|1783565854\n|-activate|p1a: Lunala|confusion\n|move|p1a: Lunala|Moonlight|p1a: Lunala\n|-heal|p1a: Lunala|308/308\n|move|p2a: Alcremie|Psyshock|p1a: Lunala\n|-resisted|p1a: Lunala\n|-damage|p1a: Lunala|245/308\n|\n|-heal|p1a: Lunala|264/308|[from] item: Leftovers\n|upkeep\n|turn|22\n|inactive|Time left: 300 sec this turn | 300 sec total\n|\n|t:|1783565855\n|-end|p1a: Lunala|confusion\n|move|p1a: Lunala|Moonlight|p1a: Lunala\n|-heal|p1a: Lunala|308/308\n|move|p2a: Alcremie|Psyshock|p1a: Lunala\n|-resisted|p1a: Lunala\n|-damage|p1a: Lunala|245/308\n|\n|-heal|p1a: Lunala|264/308|[from] item: Leftovers\n|upkeep\n|turn|23\n|inactive|Time left: 300 sec this turn | 300 sec total\n|\n|t:|1783565856\n|move|p1a: Lunala|Moonlight|p1a: Lunala\n|-heal|p1a: Lunala|308/308\n|move|p2a: Alcremie|Psyshock|p1a: Lunala\n|-resisted|p1a: Lunala\n|-damage|p1a: Lunala|240/308\n|\n|-heal|p1a: Lunala|259/308|[from] item: Leftovers\n|upkeep\n|turn|24\n|inactive|Time left: 300 sec this turn | 300 sec total\n|\n|t:|1783565857\n|move|p1a: Lunala|Moonlight|p1a: Lunala\n|-heal|p1a: Lunala|308/308\n|move|p2a: Alcremie|Recover||[still]\n|-fail|p2a: Alcremie|heal\n|\n|upkeep\n|turn|25\n|inactive|Time left: 300 sec this turn | 300 sec total\n|\n|t:|1783565857\n|move|p1a: Lunala|Moongeist Beam|p2a: Alcremie\n|-damage|p2a: Alcremie|69/100\n|move|p2a: Alcremie|Recover|p2a: Alcremie\n|-heal|p2a: Alcremie|100/100\n|\n|upkeep\n|turn|26\n|inactive|Time left: 300 sec this turn | 300 sec total\n|\n|t:|1783565858\n|move|p1a: Lunala|Moongeist Beam|p2a: Alcremie\n|-damage|p2a: Alcremie|71/100\n|move|p2a: Alcremie|Recover|p2a: Alcremie\n|-heal|p2a: Alcremie|100/100\n|\n|upkeep\n|turn|27\n|inactive|Time left: 300 sec this turn | 300 sec total\n|\n|t:|1783565859\n|move|p1a: Lunala|Moongeist Beam|p2a: Alcremie\n|-damage|p2a: Alcremie|67/100\n|move|p2a: Alcremie|Recover|p2a: Alcremie\n|-heal|p2a: Alcremie|100/100\n|\n|upkeep\n|turn|28\n|inactive|Time left: 300 sec this turn | 300 sec total\n|\n|t:|1783565860\n|move|p1a: Lunala|Moongeist Beam|p2a: Alcremie\n|-damage|p2a: Alcremie|69/100\n|move|p2a: Alcremie|Psyshock|p1a: Lunala\n|-resisted|p1a: Lunala\n|-damage|p1a: Lunala|241/308\n|\n|-heal|p1a: Lunala|260/308|[from] item: Leftovers\n|-heal|p2a: Alcremie|75/100|[from] item: Leftovers\n|upkeep\n|turn|29\n|inactive|Time left: 300 sec this turn | 300 sec total\n|\n|t:|1783565862\n|move|p1a: Lunala|Moonlight|p1a: Lunala\n|-heal|p1a: Lunala|308/308\n|move|p2a: Alcremie|Recover|p2a: Alcremie\n|-heal|p2a: Alcremie|100/100\n|\n|upkeep\n|turn|30\n|inactive|Time left: 300 sec this turn | 300 sec total\n|\n|t:|1783565863\n|move|p1a: Lunala|Moongeist Beam|p2a: Alcremie\n|-damage|p2a: Alcremie|66/100\n|move|p2a: Alcremie|Recover|p2a: Alcremie\n|-heal|p2a: Alcremie|100/100\n|\n|upkeep\n|turn|31\n|inactive|Time left: 300 sec this turn | 300 sec total\n|\n|t:|1783565864\n|move|p1a: Lunala|Moonblast|p2a: Alcremie\n|-resisted|p2a: Alcremie\n|-damage|p2a: Alcremie|90/100\n|-unboost|p2a: Alcremie|spa|1\n|move|p2a: Alcremie|Psyshock|p1a: Lunala\n|-resisted|p1a: Lunala\n|-damage|p1a: Lunala|252/308\n|\n|-heal|p1a: Lunala|271/308|[from] item: Leftovers\n|-heal|p2a: Alcremie|96/100|[from] item: Leftovers\n|upkeep\n|turn|32\n|inactive|Time left: 300 sec this turn | 300 sec total\n|\n|t:|1783565865\n|move|p1a: Lunala|Moonblast|p2a: Alcremie\n|-resisted|p2a: Alcremie\n|-damage|p2a: Alcremie|86/100\n|move|p2a: Alcremie|Psyshock|p1a: Lunala\n|-resisted|p1a: Lunala\n|-damage|p1a: Lunala|174/308\n|\n|-heal|p1a: Lunala|193/308|[from] item: Leftovers\n|-heal|p2a: Alcremie|93/100|[from] item: Leftovers\n|upkeep\n|turn|33\n|inactive|Time left: 300 sec this turn | 300 sec total\n|\n|t:|1783565866\n|move|p1a: Lunala|Moonlight|p1a: Lunala\n|-heal|p1a: Lunala|308/308\n|move|p2a: Alcremie|Psyshock|p1a: Lunala\n|-resisted|p1a: Lunala\n|-damage|p1a: Lunala|253/308\n|\n|-heal|p1a: Lunala|272/308|[from] item: Leftovers\n|-heal|p2a: Alcremie|99/100|[from] item: Leftovers\n|upkeep\n|turn|34\n|inactive|Time left: 300 sec this turn | 300 sec total\n|\n|t:|1783565866\n|move|p1a: Lunala|Moonblast|p2a: Alcremie\n|-resisted|p2a: Alcremie\n|-damage|p2a: Alcremie|89/100\n|move|p2a: Alcremie|Psyshock|p1a: Lunala\n|-resisted|p1a: Lunala\n|-damage|p1a: Lunala|171/308\n|\n|-heal|p1a: Lunala|190/308|[from] item: Leftovers\n|-heal|p2a: Alcremie|95/100|[from] item: Leftovers\n|upkeep\n|turn|35\n|inactive|Time left: 300 sec this turn | 300 sec total\n|\n|t:|1783565868\n|move|p1a: Lunala|Moonblast|p2a: Alcremie\n|-resisted|p2a: Alcremie\n|-damage|p2a: Alcremie|85/100\n|move|p2a: Alcremie|Psyshock|p1a: Lunala\n|-resisted|p1a: Lunala\n|-damage|p1a: Lunala|84/308\n|\n|-heal|p1a: Lunala|103/308|[from] item: Leftovers\n|-heal|p2a: Alcremie|91/100|[from] item: Leftovers\n|upkeep\n|turn|36\n|inactive|Time left: 300 sec this turn | 300 sec total\n|\n|t:|1783565869\n|move|p1a: Lunala|Moonblast|p2a: Alcremie\n|-resisted|p2a: Alcremie\n|-damage|p2a: Alcremie|80/100\n|move|p2a: Alcremie|Psyshock|p1a: Lunala\n|-resisted|p1a: Lunala\n|-damage|p1a: Lunala|0 fnt\n|faint|p1a: Lunala\n|\n|-heal|p2a: Alcremie|86/100|[from] item: Leftovers\n|upkeep\n|inactive|Time left: 300 sec this turn | 300 sec total | 5 sec grace\n|\n|t:|1783565870\n|switch|p1a: Goodra|Goodra, L85, F|292/292\n|turn|37\n|inactive|Time left: 300 sec this turn | 300 sec total\n|\n|t:|1783565871\n|move|p2a: Alcremie|Psyshock|p1a: Goodra\n|-damage|p1a: Goodra|100/292\n|move|p1a: Goodra|Dragon Tail|p2a: Alcremie\n|-resisted|p2a: Alcremie\n|-damage|p2a: Alcremie|74/100\n|drag|p2a: Passimian|Passimian, L83, M|55/100\n|\n|-heal|p2a: Passimian|61/100|[from] item: Leftovers\n|upkeep\n|turn|38\n|inactive|Time left: 300 sec this turn | 300 sec total\n|\n|t:|1783565872\n|switch|p2a: Alcremie|Alcremie-Matcha-Cream, L90, F, tera:Steel|74/100\n|move|p1a: Goodra|Draco Meteor|p2a: Alcremie\n|-resisted|p2a: Alcremie\n|-damage|p2a: Alcremie|52/100\n|-unboost|p1a: Goodra|spa|2\n|\n|-heal|p2a: Alcremie|58/100|[from] item: Leftovers\n|upkeep\n|turn|39\n|inactive|Time left: 300 sec this turn | 300 sec total\n|\n|t:|1783565874\n|switch|p1a: Arceus|Arceus-Ice, L72|291/291\n|move|p2a: Alcremie|Calm Mind|p2a: Alcremie\n|-boost|p2a: Alcremie|spa|1\n|-boost|p2a: Alcremie|spd|1\n|\n|-heal|p2a: Alcremie|64/100|[from] item: Leftovers\n|upkeep\n|turn|40\n|inactive|Time left: 300 sec this turn | 300 sec total\n|\n|t:|1783565874\n|move|p1a: Arceus|Calm Mind|p1a: Arceus\n|-boost|p1a: Arceus|spa|1\n|-boost|p1a: Arceus|spd|1\n|move|p2a: Alcremie|Calm Mind|p2a: Alcremie\n|-boost|p2a: Alcremie|spa|1\n|-boost|p2a: Alcremie|spd|1\n|\n|-heal|p2a: Alcremie|70/100|[from] item: Leftovers\n|upkeep\n|turn|41\n|inactive|Time left: 300 sec this turn | 300 sec total\n|\n|t:|1783565875\n|move|p1a: Arceus|Calm Mind|p1a: Arceus\n|-boost|p1a: Arceus|spa|1\n|-boost|p1a: Arceus|spd|1\n|move|p2a: Alcremie|Psyshock|p1a: Arceus\n|-damage|p1a: Arceus|171/291\n|\n|-heal|p2a: Alcremie|77/100|[from] item: Leftovers\n|upkeep\n|turn|42\n|inactive|Time left: 300 sec this turn | 300 sec total\n|\n|t:|1783565876\n|-terastallize|p1a: Arceus|Ground\n|move|p1a: Arceus|Earth Power|p2a: Alcremie\n|-supereffective|p2a: Alcremie\n|-damage|p2a: Alcremie|30/100\n|move|p2a: Alcremie|Psyshock|p1a: Arceus\n|-damage|p1a: Arceus|44/291\n|\n|-heal|p2a: Alcremie|36/100|[from] item: Leftovers\n|upkeep\n|turn|43\n|inactive|Time left: 300 sec this turn | 300 sec total\n|\n|t:|1783565877\n|move|p1a: Arceus|Earth Power|p2a: Alcremie\n|-supereffective|p2a: Alcremie\n|-damage|p2a: Alcremie|0 fnt\n|faint|p2a: Alcremie\n|\n|upkeep\n|\n|t:|1783565878\n|switch|p2a: Espeon|Espeon, L84, M|66/100\n|turn|44\n|inactive|Time left: 300 sec this turn | 300 sec total\n|\n|t:|1783565879\n|move|p2a: Espeon|Psychic|p1a: Arceus\n|-damage|p1a: Arceus|0 fnt\n|faint|p1a: Arceus\n|\n|upkeep\n|inactive|Time left: 300 sec this turn | 300 sec total | 5 sec grace\n|\n|t:|1783565880\n|switch|p1a: Goodra|Goodra, L85, F|100/292\n|turn|45\n|inactive|Time left: 300 sec this turn | 300 sec total\n|\n|t:|1783565881\n|move|p2a: Espeon|Psychic|p1a: Goodra\n|-damage|p1a: Goodra|16/292\n|move|p1a: Goodra|Sludge Bomb|p2a: Espeon\n|-damage|p2a: Espeon|40/100\n|\n|upkeep\n|turn|46\n|inactive|Time left: 300 sec this turn | 300 sec total\n|\n|t:|1783565882\n|move|p2a: Espeon|Psychic|p1a: Goodra\n|-damage|p1a: Goodra|0 fnt\n|faint|p1a: Goodra\n|\n|upkeep\n|inactive|Time left: 300 sec this turn | 300 sec total | 5 sec grace\n|\n|t:|1783565883\n|switch|p1a: Toxtricity|Toxtricity, L82, M|168/257\n|turn|47\n|inactive|Time left: 300 sec this turn | 300 sec total\n|\n|t:|1783565884\n|move|p2a: Espeon|Psychic|p1a: Toxtricity\n|-supereffective|p1a: Toxtricity\n|-damage|p1a: Toxtricity|0 fnt\n|faint|p1a: Toxtricity\n|\n|upkeep\n|inactive|Time left: 300 sec this turn | 300 sec total | 5 sec grace\n|\n|t:|1783565885\n|switch|p1a: Whiscash|Whiscash, L88, F|139/337\n|turn|48\n|inactive|Time left: 300 sec this turn | 300 sec total\n|\n|t:|1783565886\n|move|p2a: Espeon|Psychic|p1a: Whiscash\n|-damage|p1a: Whiscash|0 fnt\n|faint|p1a: Whiscash\n|\n|win|p0y231264cb", "uploadtime": 1783565886, "views": 0, "rating": 0, "private": 0, "password": null, "_winner": "p0y231264cb", "_our_name": "p0x23125efb"}