{"id": "battle-gen9randombattle-1399", "formatid": "gen9randombattle", "format": "[Gen 9] Random Battle", "players": ["p0x13998de0", "p0y13990efa"], "log": "|init|battle\n|title|p0x13998de0 vs. p0y13990efa\n|j|\u2606p0x13998de0\n|j|\u2606p0y13990efa\n|t:|1783555332\n|gametype|singles\n|player|p1|p0x13998de0|102|\n|player|p2|p0y13990efa|169|\n|gen|9\n|tier|[Gen 9] Random Battle\n|rule|Species Clause: Limit one of each Pok\u00e9mon\n|rule|HP Percentage Mod: HP is shown in percentages\n|rule|Sleep Clause Mod: Limit one foe put to sleep\n|rule|Illusion Level Mod: Illusion disguises the Pok\u00e9mon's true level\n|\n|t:|1783555332\n|teamsize|p1|6\n|teamsize|p2|6\n|start\n|switch|p1a: Miraidon|Miraidon, L65|100/100\n|switch|p2a: Vikavolt|Vikavolt, L83, M|263/263\n|-fieldstart|move: Electric Terrain|[from] ability: Hadron Engine|[of] p1a: Miraidon\n|turn|1\n|inactive|Battle timer is ON: inactive players will automatically lose when time's up. (requested by p0x13998de0)\n|inactive|Time left: 300 sec this turn | 300 sec total | 60 sec grace\n|inactive|p0y13990efa also wants the timer to be on.\n|\n|t:|1783555334\n|move|p1a: Miraidon|Volt Switch|p2a: Vikavolt\n|-resisted|p2a: Vikavolt\n|-damage|p2a: Vikavolt|177/263\n|\n|t:|1783555335\n|switch|p1a: Hatterene|Hatterene, L85, F|100/100|[from] Volt Switch\n|move|p2a: Vikavolt|Sticky Web|p1a: Hatterene\n|move|p1a: Hatterene|Sticky Web|p2a: Vikavolt|[from] ability: Magic Bounce\n|-sidestart|p2: p0y13990efa|move: Sticky Web\n|\n|upkeep\n|turn|2\n|inactive|Time left: 300 sec this turn | 300 sec total\n|\n|t:|1783555336\n|move|p2a: Vikavolt|Bug Buzz|p1a: Hatterene\n|-damage|p1a: Hatterene|51/100\n|move|p1a: Hatterene|Mystical Fire|p2a: Vikavolt\n|-supereffective|p2a: Vikavolt\n|-damage|p2a: Vikavolt|25/263\n|-unboost|p2a: Vikavolt|spa|1\n|\n|-heal|p1a: Hatterene|57/100|[from] item: Leftovers\n|upkeep\n|turn|3\n|inactive|Time left: 300 sec this turn | 300 sec total\n|\n|t:|1783555337\n|move|p2a: Vikavolt|Discharge|p1a: Hatterene\n|-damage|p1a: Hatterene|25/100\n|move|p1a: Hatterene|Draining Kiss|p2a: Vikavolt\n|-damage|p2a: Vikavolt|0 fnt\n|-heal|p1a: Hatterene|33/100|[from] drain|[of] p2a: Vikavolt\n|faint|p2a: Vikavolt\n|\n|-heal|p1a: Hatterene|39/100|[from] item: Leftovers\n|upkeep\n|inactive|Time left: 300 sec this turn | 300 sec total | 5 sec grace\n|\n|t:|1783555338\n|switch|p2a: Iron Jugulis|Iron Jugulis, L77|271/271\n|-activate|p2a: Iron Jugulis|ability: Quark Drive\n|-start|p2a: Iron Jugulis|quarkdrivespa\n|turn|4\n|inactive|Time left: 300 sec this turn | 300 sec total\n|\n|t:|1783555339\n|move|p2a: Iron Jugulis|Earth Power|p1a: Hatterene\n|-damage|p1a: Hatterene|0 fnt\n|faint|p1a: Hatterene\n|\n|upkeep\n|\n|t:|1783555340\n|switch|p1a: Gallade|Gallade, L80, M|100/100\n|turn|5\n|inactive|Time left: 300 sec this turn | 300 sec total\n|\n|t:|1783555342\n|move|p2a: Iron Jugulis|Earth Power|p1a: Gallade\n|-damage|p1a: Gallade|55/100\n|move|p1a: Gallade|Sacred Sword|p2a: Iron Jugulis\n|-damage|p2a: Iron Jugulis|0 fnt\n|faint|p2a: Iron Jugulis\n|-end|p2a: Iron Jugulis|Quark Drive|[silent]\n|\n|-fieldend|move: Electric Terrain\n|upkeep\n|inactive|Time left: 300 sec this turn | 300 sec total | 5 sec grace\n|\n|t:|1783555343\n|switch|p2a: Sneasler|Sneasler, L74, M|240/240\n|-activate|p2a: Sneasler|move: Sticky Web\n|-unboost|p2a: Sneasler|spe|1\n|-enditem|p2a: Sneasler|White Herb\n|-clearnegativeboost|p2a: Sneasler|[silent]\n|turn|6\n|inactive|Time left: 300 sec this turn | 300 sec total\n|\n|t:|1783555344\n|move|p2a: Sneasler|Swords Dance|p2a: Sneasler\n|-boost|p2a: Sneasler|atk|2\n|move|p1a: Gallade|Sacred Sword|p2a: Sneasler\n|-resisted|p2a: Sneasler\n|-damage|p2a: Sneasler|72/240\n|\n|upkeep\n|turn|7\n|inactive|Time left: 300 sec this turn | 300 sec total\n|\n|t:|1783555345\n|move|p2a: Sneasler|Dire Claw|p1a: Gallade\n|-damage|p1a: Gallade|0 fnt\n|faint|p1a: Gallade\n|\n|upkeep\n|\n|t:|1783555346\n|switch|p1a: Scizor|Scizor, L79, F|100/100\n|turn|8\n|inactive|Time left: 300 sec this turn | 300 sec total\n|\n|t:|1783555347\n|move|p1a: Scizor|Bullet Punch|p2a: Sneasler\n|-damage|p2a: Sneasler|0 fnt\n|faint|p2a: Sneasler\n|\n|upkeep\n|inactive|Time left: 300 sec this turn | 300 sec total | 5 sec grace\n|\n|t:|1783555348\n|switch|p2a: Grumpig|Grumpig, L92, F|297/297\n|-activate|p2a: Grumpig|move: Sticky Web\n|-unboost|p2a: Grumpig|spe|1\n|turn|9\n|inactive|Time left: 300 sec this turn | 300 sec total\n|\n|t:|1783555349\n|-terastallize|p2a: Grumpig|Fighting\n|move|p1a: Scizor|Bullet Punch|p2a: Grumpig\n|-damage|p2a: Grumpig|165/297\n|move|p2a: Grumpig|Nasty Plot|p2a: Grumpig\n|-boost|p2a: Grumpig|spa|2\n|\n|-heal|p2a: Grumpig|183/297|[from] item: Leftovers\n|upkeep\n|turn|10\n|inactive|Time left: 300 sec this turn | 300 sec total\n|\n|t:|1783555350\n|move|p1a: Scizor|Bullet Punch|p2a: Grumpig\n|-damage|p2a: Grumpig|72/297\n|move|p2a: Grumpig|Focus Blast|p1a: Scizor\n|-damage|p1a: Scizor|0 fnt\n|faint|p1a: Scizor\n|\n|-heal|p2a: Grumpig|90/297|[from] item: Leftovers\n|upkeep\n|\n|t:|1783555351\n|switch|p1a: Miraidon|Miraidon, L65|100/100\n|-fieldstart|move: Electric Terrain|[from] ability: Hadron Engine|[of] p1a: Miraidon\n|turn|11\n|inactive|Time left: 300 sec this turn | 300 sec total\n|\n|t:|1783555352\n|move|p1a: Miraidon|Electro Drift|p2a: Grumpig\n|-damage|p2a: Grumpig|0 fnt\n|faint|p2a: Grumpig\n|\n|upkeep\n|inactive|Time left: 300 sec this turn | 300 sec total | 5 sec grace\n|\n|t:|1783555353\n|switch|p2a: Shaymin|Shaymin, L82|298/298\n|-activate|p2a: Shaymin|move: Sticky Web\n|-unboost|p2a: Shaymin|spe|1\n|turn|12\n|inactive|Time left: 300 sec this turn | 300 sec total\n|\n|t:|1783555354\n|move|p1a: Miraidon|Electro Drift|p2a: Shaymin\n|-resisted|p2a: Shaymin\n|-damage|p2a: Shaymin|197/298\n|move|p2a: Shaymin|Leech Seed|p1a: Miraidon\n|-start|p1a: Miraidon|move: Leech Seed\n|\n|-heal|p2a: Shaymin|215/298|[from] item: Leftovers\n|-damage|p1a: Miraidon|88/100|[from] Leech Seed|[of] p2a: Shaymin\n|-heal|p2a: Shaymin|244/298|[silent]\n|upkeep\n|turn|13\n|inactive|Time left: 300 sec this turn | 300 sec total\n|\n|t:|1783555355\n|move|p1a: Miraidon|Electro Drift|p2a: Shaymin\n|-resisted|p2a: Shaymin\n|-damage|p2a: Shaymin|133/298\n|move|p2a: Shaymin|Seed Flare|p1a: Miraidon|[miss]\n|-miss|p2a: Shaymin|p1a: Miraidon\n|\n|-heal|p2a: Shaymin|151/298|[from] item: Leftovers\n|-damage|p1a: Miraidon|76/100|[from] Leech Seed|[of] p2a: Shaymin\n|-heal|p2a: Shaymin|180/298|[silent]\n|upkeep\n|turn|14\n|inactive|Time left: 300 sec this turn | 300 sec total\n|\n|t:|1783555356\n|move|p1a: Miraidon|Electro Drift|p2a: Shaymin\n|-resisted|p2a: Shaymin\n|-damage|p2a: Shaymin|81/298\n|move|p2a: Shaymin|Seed Flare|p1a: Miraidon\n|-resisted|p1a: Miraidon\n|-damage|p1a: Miraidon|50/100\n|\n|-heal|p2a: Shaymin|99/298|[from] item: Leftovers\n|-damage|p1a: Miraidon|37/100|[from] Leech Seed|[of] p2a: Shaymin\n|-heal|p2a: Shaymin|128/298|[silent]\n|upkeep\n|turn|15\n|inactive|Time left: 300 sec this turn | 300 sec total\n|\n|t:|1783555357\n|switch|p2a: Iron Valiant|Iron Valiant, L78|244/244\n|-activate|p2a: Iron Valiant|move: Sticky Web\n|-unboost|p2a: Iron Valiant|spe|1\n|-activate|p2a: Iron Valiant|ability: Quark Drive\n|-start|p2a: Iron Valiant|quarkdriveatk\n|-terastallize|p1a: Miraidon|Electric\n|move|p1a: Miraidon|Electro Drift|p2a: Iron Valiant\n|-damage|p2a: Iron Valiant|0 fnt\n|faint|p2a: Iron Valiant\n|-end|p2a: Iron Valiant|Quark Drive|[silent]\n|\n|-fieldend|move: Electric Terrain\n|upkeep\n|inactive|Time left: 300 sec this turn | 300 sec total | 5 sec grace\n|\n|t:|1783555358\n|switch|p2a: Shaymin|Shaymin, L82|128/298\n|-activate|p2a: Shaymin|move: Sticky Web\n|-unboost|p2a: Shaymin|spe|1\n|turn|16\n|inactive|Time left: 300 sec this turn | 300 sec total\n|\n|t:|1783555359\n|switch|p1a: Haxorus|Haxorus, L77, M|100/100\n|-ability|p1a: Haxorus|Mold Breaker\n|move|p2a: Shaymin|Air Slash|p1a: Haxorus\n|-damage|p1a: Haxorus|73/100\n|\n|-heal|p2a: Shaymin|146/298|[from] item: Leftovers\n|upkeep\n|turn|17\n|inactive|Time left: 300 sec this turn | 300 sec total\n|\n|t:|1783555360\n|move|p1a: Haxorus|Outrage|p2a: Shaymin\n|-damage|p2a: Shaymin|5/298\n|move|p2a: Shaymin|Leech Seed|p1a: Haxorus\n|-start|p1a: Haxorus|move: Leech Seed\n|\n|-heal|p2a: Shaymin|23/298|[from] item: Leftovers\n|-damage|p1a: Haxorus|61/100|[from] Leech Seed|[of] p2a: Shaymin\n|-heal|p2a: Shaymin|53/298|[silent]\n|upkeep\n|turn|18\n|inactive|Time left: 300 sec this turn | 300 sec total\n|\n|t:|1783555361\n|move|p1a: Haxorus|Outrage|p2a: Shaymin|[from] lockedmove\n|-damage|p2a: Shaymin|0 fnt\n|faint|p2a: Shaymin\n|\n|win|p0x13998de0", "uploadtime": 1783555361, "views": 0, "rating": 0, "private": 0, "password": null, "_winner": "p0x13998de0", "_our_name": "p0y13990efa"}