{"id": "battle-gen9randombattle-1753", "formatid": "gen9randombattle", "format": "[Gen 9] Random Battle", "players": ["p0x17536b63", "p0y17538836"], "log": "|init|battle\n|title|p0x17536b63 vs. p0y17538836\n|j|\u2606p0x17536b63\n|j|\u2606p0y17538836\n|t:|1783559549\n|gametype|singles\n|player|p1|p0x17536b63|169|\n|player|p2|p0y17538836|1|\n|gen|9\n|tier|[Gen 9] Random Battle\n|rule|Species Clause: Limit one of each Pok\u00e9mon\n|rule|HP Percentage Mod: HP is shown in percentages\n|rule|Sleep Clause Mod: Limit one foe put to sleep\n|rule|Illusion Level Mod: Illusion disguises the Pok\u00e9mon's true level\n|\n|t:|1783559549\n|teamsize|p1|6\n|teamsize|p2|6\n|start\n|switch|p1a: Hydrapple|Hydrapple, L83, M|312/312\n|switch|p2a: Dodrio|Dodrio, L85, M|100/100\n|turn|1\n|inactive|Battle timer is ON: inactive players will automatically lose when time's up. (requested by p0x17536b63)\n|inactive|p0y17538836 also wants the timer to be on.\n|\n|t:|1783559551\n|move|p2a: Dodrio|Swords Dance|p2a: Dodrio\n|-boost|p2a: Dodrio|atk|2\n|move|p1a: Hydrapple|Fickle Beam|p2a: Dodrio\n|-damage|p2a: Dodrio|37/100\n|-damage|p1a: Hydrapple|281/312|[from] item: Life Orb\n|\n|upkeep\n|turn|2\n|inactive|Time left: 300 sec this turn | 300 sec total\n|\n|t:|1783559552\n|move|p2a: Dodrio|Brave Bird|p1a: Hydrapple\n|-supereffective|p1a: Hydrapple\n|-damage|p1a: Hydrapple|0 fnt\n|faint|p1a: Hydrapple\n|-damage|p2a: Dodrio|0 fnt|[from] Recoil\n|faint|p2a: Dodrio\n|\n|upkeep\n|inactive|Time left: 300 sec this turn | 300 sec total | 5 sec grace\n|\n|t:|1783559553\n|switch|p2a: Kommo-o|Kommo-o, L77, M|100/100\n|switch|p1a: Arboliva|Arboliva, L91, M|290/290\n|turn|3\n|inactive|Time left: 300 sec this turn | 300 sec total\n|\n|t:|1783559554\n|move|p2a: Kommo-o|Swords Dance|p2a: Kommo-o\n|-boost|p2a: Kommo-o|atk|2\n|move|p1a: Arboliva|Energy Ball|p2a: Kommo-o\n|-resisted|p2a: Kommo-o\n|-damage|p2a: Kommo-o|74/100\n|\n|upkeep\n|turn|4\n|inactive|Time left: 300 sec this turn | 300 sec total\n|\n|t:|1783559555\n|switch|p1a: Dedenne|Dedenne, L88, M|261/261\n|move|p2a: Kommo-o|Close Combat|p1a: Dedenne\n|-resisted|p1a: Dedenne\n|-damage|p1a: Dedenne|117/261\n|-unboost|p2a: Kommo-o|def|1\n|-unboost|p2a: Kommo-o|spd|1\n|-enditem|p1a: Dedenne|Sitrus Berry|[eat]\n|-heal|p1a: Dedenne|182/261|[from] item: Sitrus Berry\n|-heal|p1a: Dedenne|261/261|[from] ability: Cheek Pouch\n|\n|upkeep\n|turn|5\n|inactive|Time left: 300 sec this turn | 300 sec total\n|\n|t:|1783559556\n|switch|p2a: Plusle|Plusle, L95, M|100/100\n|move|p1a: Dedenne|Dazzling Gleam|p2a: Plusle\n|-damage|p2a: Plusle|71/100\n|\n|upkeep\n|turn|6\n|inactive|Time left: 300 sec this turn | 300 sec total\n|\n|t:|1783559558\n|move|p2a: Plusle|Nasty Plot|p2a: Plusle\n|-boost|p2a: Plusle|spa|2\n|move|p1a: Dedenne|Dazzling Gleam|p2a: Plusle\n|-damage|p2a: Plusle|42/100\n|\n|upkeep\n|turn|7\n|inactive|Time left: 300 sec this turn | 300 sec total\n|\n|t:|1783559559\n|switch|p1a: Arboliva|Arboliva, L91, M|290/290\n|move|p2a: Plusle|Thunderbolt|p1a: Arboliva\n|-resisted|p1a: Arboliva\n|-damage|p1a: Arboliva|169/290\n|-fieldstart|move: Grassy Terrain|[from] ability: Seed Sower|[of] p1a: Arboliva\n|-damage|p2a: Plusle|33/100|[from] item: Life Orb\n|\n|-heal|p2a: Plusle|39/100|[from] Grassy Terrain\n|-heal|p1a: Arboliva|187/290|[from] Grassy Terrain\n|-heal|p1a: Arboliva|205/290|[from] item: Leftovers\n|upkeep\n|turn|8\n|inactive|Time left: 300 sec this turn | 300 sec total\n|\n|t:|1783559560\n|move|p2a: Plusle|Alluring Voice|p1a: Arboliva\n|-damage|p1a: Arboliva|76/290\n|-damage|p2a: Plusle|29/100|[from] item: Life Orb\n|move|p1a: Arboliva|Energy Ball|p2a: Plusle\n|-damage|p2a: Plusle|0 fnt\n|faint|p2a: Plusle\n|\n|-heal|p1a: Arboliva|94/290|[from] Grassy Terrain\n|-heal|p1a: Arboliva|112/290|[from] item: Leftovers\n|upkeep\n|\n|t:|1783559561\n|switch|p2a: Ambipom|Ambipom, L84, M|100/100\n|turn|9\n|inactive|Time left: 300 sec this turn | 300 sec total\n|\n|t:|1783559562\n|switch|p1a: Bisharp|Bisharp, L79, F|232/232\n|move|p2a: Ambipom|Double-Edge|p1a: Bisharp\n|-resisted|p1a: Bisharp\n|-damage|p1a: Bisharp|184/232\n|-damage|p2a: Ambipom|94/100|[from] Recoil\n|\n|-heal|p2a: Ambipom|100/100|[from] Grassy Terrain\n|-heal|p1a: Bisharp|198/232|[from] Grassy Terrain\n|upkeep\n|turn|10\n|inactive|Time left: 300 sec this turn | 300 sec total\n|\n|t:|1783559563\n|switch|p2a: Houndoom|Houndoom, L87, F|100/100\n|move|p1a: Bisharp|Iron Head|p2a: Houndoom\n|-resisted|p2a: Houndoom\n|-damage|p2a: Houndoom|74/100\n|\n|-heal|p2a: Houndoom|81/100|[from] Grassy Terrain\n|-heal|p1a: Bisharp|212/232|[from] Grassy Terrain\n|upkeep\n|turn|11\n|inactive|Time left: 300 sec this turn | 300 sec total\n|\n|t:|1783559564\n|switch|p1a: Lumineon|Lumineon, L93, M|279/279\n|move|p2a: Houndoom|Fire Blast|p1a: Lumineon\n|-resisted|p1a: Lumineon\n|-damage|p1a: Lumineon|217/279\n|\n|-heal|p1a: Lumineon|234/279|[from] Grassy Terrain\n|-heal|p2a: Houndoom|87/100|[from] Grassy Terrain\n|-fieldend|move: Grassy Terrain\n|upkeep\n|turn|12\n|inactive|Time left: 300 sec this turn | 300 sec total\n|\n|t:|1783559565\n|switch|p2a: Kommo-o|Kommo-o, L77, M|74/100\n|move|p1a: Lumineon|Hydro Pump|p2a: Kommo-o\n|-resisted|p2a: Kommo-o\n|-damage|p2a: Kommo-o|46/100\n|-damage|p1a: Lumineon|207/279|[from] item: Life Orb\n|\n|upkeep\n|turn|13\n|inactive|Time left: 300 sec this turn | 300 sec total\n|\n|t:|1783559566\n|move|p1a: Lumineon|Ice Beam|p2a: Kommo-o\n|-supereffective|p2a: Kommo-o\n|-damage|p2a: Kommo-o|0 fnt\n|faint|p2a: Kommo-o\n|-damage|p1a: Lumineon|180/279|[from] item: Life Orb\n|\n|upkeep\n|\n|t:|1783559567\n|switch|p2a: Ambipom|Ambipom, L84, M|100/100\n|turn|14\n|inactive|Time left: 300 sec this turn | 300 sec total\n|\n|t:|1783559568\n|switch|p1a: Bisharp|Bisharp, L79, F|212/232\n|move|p2a: Ambipom|Double-Edge|p1a: Bisharp\n|-resisted|p1a: Bisharp\n|-damage|p1a: Bisharp|166/232\n|-damage|p2a: Ambipom|95/100|[from] Recoil\n|\n|upkeep\n|turn|15\n|inactive|Time left: 300 sec this turn | 300 sec total\n|\n|t:|1783559569\n|move|p2a: Ambipom|Low Kick|p1a: Bisharp\n|-supereffective|p1a: Bisharp\n|-damage|p1a: Bisharp|22/232\n|move|p1a: Bisharp|Iron Head|p2a: Ambipom\n|-damage|p2a: Ambipom|54/100\n|\n|upkeep\n|turn|16\n|inactive|Time left: 300 sec this turn | 300 sec total\n|\n|t:|1783559570\n|move|p1a: Bisharp|Sucker Punch|p2a: Ambipom\n|-damage|p2a: Ambipom|20/100\n|move|p2a: Ambipom|Double-Edge|p1a: Bisharp\n|-resisted|p1a: Bisharp\n|-crit|p1a: Bisharp\n|-damage|p1a: Bisharp|0 fnt\n|faint|p1a: Bisharp\n|-damage|p2a: Ambipom|17/100|[from] Recoil\n|\n|upkeep\n|inactive|Time left: 300 sec this turn | 300 sec total | 5 sec grace\n|\n|t:|1783559571\n|switch|p1a: Milotic|Milotic, L83, M|293/293\n|turn|17\n|inactive|Time left: 300 sec this turn | 300 sec total\n|\n|t:|1783559572\n|move|p2a: Ambipom|Knock Off|p1a: Milotic\n|-damage|p1a: Milotic|220/293\n|-enditem|p1a: Milotic|Leftovers|[from] move: Knock Off|[of] p2a: Ambipom\n|move|p1a: Milotic|Ice Beam|p2a: Ambipom\n|-damage|p2a: Ambipom|0 fnt\n|faint|p2a: Ambipom\n|\n|upkeep\n|\n|t:|1783559573\n|switch|p2a: Houndoom|Houndoom, L87, F|87/100\n|turn|18\n|inactive|Time left: 300 sec this turn | 300 sec total\n|\n|t:|1783559574\n|move|p2a: Houndoom|Nasty Plot|p2a: Houndoom\n|-boost|p2a: Houndoom|spa|2\n|move|p1a: Milotic|Scald|p2a: Houndoom\n|-supereffective|p2a: Houndoom\n|-damage|p2a: Houndoom|22/100\n|\n|upkeep\n|turn|19\n|inactive|Time left: 300 sec this turn | 300 sec total\n|\n|t:|1783559575\n|move|p2a: Houndoom|Dark Pulse|p1a: Milotic\n|-damage|p1a: Milotic|66/293\n|cant|p1a: Milotic|flinch\n|\n|upkeep\n|turn|20\n|inactive|Time left: 300 sec this turn | 300 sec total\n|\n|t:|1783559576\n|move|p2a: Houndoom|Dark Pulse|p1a: Milotic\n|-damage|p1a: Milotic|0 fnt\n|faint|p1a: Milotic\n|\n|upkeep\n|inactive|Time left: 300 sec this turn | 300 sec total | 5 sec grace\n|\n|t:|1783559577\n|switch|p1a: Dedenne|Dedenne, L88, M|261/261\n|turn|21\n|inactive|Time left: 300 sec this turn | 300 sec total\n|\n|t:|1783559578\n|switch|p2a: Alomomola|Alomomola, L87, M|100/100\n|move|p1a: Dedenne|Thunderbolt|p2a: Alomomola\n|-supereffective|p2a: Alomomola\n|-damage|p2a: Alomomola|38/100\n|\n|upkeep\n|turn|22\n|inactive|Time left: 300 sec this turn | 300 sec total\n|\n|t:|1783559579\n|switch|p2a: Houndoom|Houndoom, L87, F|22/100\n|move|p1a: Dedenne|Thunderbolt|p2a: Houndoom\n|-damage|p2a: Houndoom|0 fnt\n|faint|p2a: Houndoom\n|\n|upkeep\n|\n|t:|1783559580\n|switch|p2a: Alomomola|Alomomola, L87, M|72/100\n|turn|23\n|inactive|Time left: 300 sec this turn | 300 sec total\n|\n|t:|1783559581\n|-terastallize|p2a: Alomomola|Poison\n|move|p1a: Dedenne|Thunderbolt|p2a: Alomomola\n|-damage|p2a: Alomomola|39/100\n|move|p2a: Alomomola|Wish|p2a: Alomomola\n|\n|upkeep\n|turn|24\n|inactive|Time left: 300 sec this turn | 300 sec total\n|\n|t:|1783559582\n|switch|p1a: Arboliva|Arboliva, L91, M|112/290\n|move|p2a: Alomomola|Scald|p1a: Arboliva\n|-resisted|p1a: Arboliva\n|-damage|p1a: Arboliva|91/290\n|-fieldstart|move: Grassy Terrain|[from] ability: Seed Sower|[of] p1a: Arboliva\n|\n|-heal|p2a: Alomomola|89/100|[from] move: Wish|[wisher] Alomomola\n|-heal|p2a: Alomomola|95/100|[from] Grassy Terrain\n|-heal|p1a: Arboliva|109/290|[from] Grassy Terrain\n|-heal|p1a: Arboliva|127/290|[from] item: Leftovers\n|upkeep\n|turn|25\n|inactive|Time left: 300 sec this turn | 300 sec total\n|\n|t:|1783559583\n|-terastallize|p1a: Arboliva|Ground\n|move|p2a: Alomomola|Protect|p2a: Alomomola\n|-singleturn|p2a: Alomomola|Protect\n|move|p1a: Arboliva|Earth Power|p2a: Alomomola\n|-activate|p2a: Alomomola|move: Protect\n|\n|-heal|p2a: Alomomola|100/100|[from] Grassy Terrain\n|-heal|p1a: Arboliva|145/290|[from] Grassy Terrain\n|-heal|p1a: Arboliva|163/290|[from] item: Leftovers\n|upkeep\n|turn|26\n|inactive|Time left: 300 sec this turn | 300 sec total\n|\n|t:|1783559584\n|move|p2a: Alomomola|Flip Turn|p1a: Arboliva\n|-supereffective|p1a: Arboliva\n|-damage|p1a: Arboliva|59/290\n|move|p1a: Arboliva|Earth Power|p2a: Alomomola\n|-supereffective|p2a: Alomomola\n|-damage|p2a: Alomomola|4/100\n|\n|-heal|p2a: Alomomola|10/100|[from] Grassy Terrain\n|-heal|p1a: Arboliva|77/290|[from] Grassy Terrain\n|-heal|p1a: Arboliva|95/290|[from] item: Leftovers\n|upkeep\n|turn|27\n|inactive|Time left: 300 sec this turn | 300 sec total\n|\n|t:|1783559585\n|move|p2a: Alomomola|Flip Turn|p1a: Arboliva\n|-supereffective|p1a: Arboliva\n|-damage|p1a: Arboliva|0 fnt\n|faint|p1a: Arboliva\n|\n|-heal|p2a: Alomomola|16/100|[from] Grassy Terrain\n|upkeep\n|inactive|Time left: 300 sec this turn | 300 sec total | 5 sec grace\n|\n|t:|1783559586\n|switch|p1a: Lumineon|Lumineon, L93, M|180/279\n|turn|28\n|inactive|Time left: 300 sec this turn | 300 sec total\n|\n|t:|1783559587\n|move|p2a: Alomomola|Protect|p2a: Alomomola\n|-singleturn|p2a: Alomomola|Protect\n|move|p1a: Lumineon|Ice Beam|p2a: Alomomola\n|-activate|p2a: Alomomola|move: Protect\n|\n|-heal|p1a: Lumineon|197/279|[from] Grassy Terrain\n|-heal|p2a: Alomomola|22/100|[from] Grassy Terrain\n|-fieldend|move: Grassy Terrain\n|upkeep\n|turn|29\n|inactive|Time left: 300 sec this turn | 300 sec total\n|\n|t:|1783559588\n|move|p2a: Alomomola|Protect|p2a: Alomomola\n|-singleturn|p2a: Alomomola|Protect\n|move|p1a: Lumineon|Ice Beam|p2a: Alomomola\n|-activate|p2a: Alomomola|move: Protect\n|\n|upkeep\n|turn|30\n|inactive|Time left: 300 sec this turn | 300 sec total\n|\n|t:|1783559588\n|move|p2a: Alomomola|Protect||[still]\n|-fail|p2a: Alomomola\n|move|p1a: Lumineon|Ice Beam|p2a: Alomomola\n|-damage|p2a: Alomomola|0 fnt\n|faint|p2a: Alomomola\n|-damage|p1a: Lumineon|170/279|[from] item: Life Orb\n|\n|win|p0x17536b63", "uploadtime": 1783559588, "views": 0, "rating": 0, "private": 0, "password": null, "_winner": "p0x17536b63", "_our_name": "p0x17536b63"}