{"id": "battle-gen9randombattle-1724", "formatid": "gen9randombattle", "format": "[Gen 9] Random Battle", "players": ["p0x17242ad4", "p0y1724f06b"], "log": "|init|battle\n|title|p0x17242ad4 vs. p0y1724f06b\n|j|\u2606p0x17242ad4\n|j|\u2606p0y1724f06b\n|t:|1783559161\n|gametype|singles\n|player|p1|p0x17242ad4|102|\n|player|p2|p0y1724f06b|2|\n|gen|9\n|tier|[Gen 9] Random Battle\n|rule|Species Clause: Limit one of each Pok\u00e9mon\n|rule|HP Percentage Mod: HP is shown in percentages\n|rule|Sleep Clause Mod: Limit one foe put to sleep\n|rule|Illusion Level Mod: Illusion disguises the Pok\u00e9mon's true level\n|\n|t:|1783559161\n|teamsize|p1|6\n|teamsize|p2|6\n|start\n|switch|p1a: Pecharunt|Pecharunt, L77|262/262\n|switch|p2a: Landorus|Landorus-Therian, L76, M|100/100\n|-ability|p2a: Landorus|Intimidate|boost\n|-unboost|p1a: Pecharunt|atk|1\n|turn|1\n|inactive|Battle timer is ON: inactive players will automatically lose when time's up. (requested by p0y1724f06b)\n|inactive|Time left: 300 sec this turn | 300 sec total | 60 sec grace\n|inactive|p0x17242ad4 also wants the timer to be on.\n|\n|t:|1783559163\n|move|p2a: Landorus|Stealth Rock|p1a: Pecharunt\n|-sidestart|p1: p0x17242ad4|move: Stealth Rock\n|move|p1a: Pecharunt|Parting Shot|p2a: Landorus\n|-unboost|p2a: Landorus|atk|1\n|-unboost|p2a: Landorus|spa|1\n|inactive|Time left: 300 sec this turn | 300 sec total | 65 sec grace\n|\n|t:|1783559164\n|switch|p1a: Houndoom|Houndoom, L87, M|272/272|[from] Parting Shot\n|\n|upkeep\n|turn|2\n|inactive|Time left: 300 sec this turn | 300 sec total\n|\n|t:|1783559165\n|switch|p2a: Walking Wake|Walking Wake, L79|100/100\n|move|p1a: Houndoom|Nasty Plot|p1a: Houndoom\n|-boost|p1a: Houndoom|spa|2\n|\n|upkeep\n|turn|3\n|inactive|Time left: 300 sec this turn | 300 sec total\n|\n|t:|1783559167\n|-terastallize|p1a: Houndoom|Dark\n|move|p2a: Walking Wake|Hydro Pump|p1a: Houndoom\n|-damage|p1a: Houndoom|85/272\n|move|p1a: Houndoom|Dark Pulse|p2a: Walking Wake\n|-damage|p2a: Walking Wake|0 fnt\n|faint|p2a: Walking Wake\n|-end|p2a: Walking Wake|Protosynthesis|[silent]\n|\n|upkeep\n|\n|t:|1783559168\n|switch|p2a: Arceus|Arceus-Dark, L71|100/100\n|turn|4\n|inactive|Time left: 300 sec this turn | 300 sec total\n|\n|t:|1783559169\n|move|p1a: Houndoom|Fire Blast|p2a: Arceus\n|-damage|p2a: Arceus|16/100\n|move|p2a: Arceus|Sludge Bomb|p1a: Houndoom\n|-damage|p1a: Houndoom|25/272\n|\n|upkeep\n|turn|5\n|inactive|Time left: 300 sec this turn | 300 sec total\n|\n|t:|1783559170\n|move|p1a: Houndoom|Dark Pulse|p2a: Arceus\n|-resisted|p2a: Arceus\n|-damage|p2a: Arceus|0 fnt\n|faint|p2a: Arceus\n|\n|upkeep\n|\n|t:|1783559171\n|switch|p2a: Kingambit|Kingambit, L74, M|100/100\n|-activate|p2a: Kingambit|ability: Supreme Overlord\n|-start|p2a: Kingambit|fallen2|[silent]\n|turn|6\n|inactive|Time left: 300 sec this turn | 300 sec total\n|\n|t:|1783559172\n|move|p2a: Kingambit|Sucker Punch|p1a: Houndoom\n|-resisted|p1a: Houndoom\n|-damage|p1a: Houndoom|0 fnt\n|faint|p1a: Houndoom\n|\n|upkeep\n|inactive|Time left: 300 sec this turn | 300 sec total | 5 sec grace\n|\n|t:|1783559173\n|switch|p1a: Forretress|Forretress, L84, F|263/263\n|-damage|p1a: Forretress|231/263|[from] Stealth Rock\n|turn|7\n|inactive|Time left: 300 sec this turn | 300 sec total\n|\n|t:|1783559175\n|move|p2a: Kingambit|Swords Dance|p2a: Kingambit\n|-boost|p2a: Kingambit|atk|2\n|move|p1a: Forretress|Body Press|p2a: Kingambit\n|-supereffective|p2a: Kingambit\n|-damage|p2a: Kingambit|6/100\n|\n|-heal|p2a: Kingambit|12/100|[from] item: Leftovers\n|-heal|p1a: Forretress|247/263|[from] item: Leftovers\n|upkeep\n|turn|8\n|inactive|Time left: 300 sec this turn | 300 sec total\n|\n|t:|1783559176\n|move|p2a: Kingambit|Kowtow Cleave|p1a: Forretress\n|-damage|p1a: Forretress|96/263\n|move|p1a: Forretress|Iron Head|p2a: Kingambit\n|-resisted|p2a: Kingambit\n|-damage|p2a: Kingambit|0 fnt\n|faint|p2a: Kingambit\n|-end|p2a: Kingambit|fallen2|[silent]\n|\n|-heal|p1a: Forretress|112/263|[from] item: Leftovers\n|upkeep\n|\n|t:|1783559177\n|switch|p2a: Pelipper|Pelipper, L86, M|100/100\n|-weather|RainDance|[from] ability: Drizzle|[of] p2a: Pelipper\n|turn|9\n|inactive|Time left: 300 sec this turn | 300 sec total\n|\n|t:|1783559178\n|switch|p1a: Dialga|Dialga, L73|266/266\n|-damage|p1a: Dialga|250/266|[from] Stealth Rock\n|-ability|p1a: Dialga|Pressure\n|move|p2a: Pelipper|Surf|p1a: Dialga\n|-resisted|p1a: Dialga\n|-damage|p1a: Dialga|199/266\n|\n|-weather|RainDance|[upkeep]\n|upkeep\n|turn|10\n|inactive|Time left: 300 sec this turn | 300 sec total\n|\n|t:|1783559180\n|move|p1a: Dialga|Draco Meteor|p2a: Pelipper\n|-damage|p2a: Pelipper|26/100\n|-unboost|p1a: Dialga|spa|2\n|move|p2a: Pelipper|Surf|p1a: Dialga\n|-resisted|p1a: Dialga\n|-damage|p1a: Dialga|149/266\n|\n|-weather|RainDance|[upkeep]\n|upkeep\n|turn|11\n|inactive|Time left: 300 sec this turn | 300 sec total\n|\n|t:|1783559181\n|switch|p2a: Necrozma|Necrozma-Dusk-Mane, L69|100/100\n|move|p1a: Dialga|Draco Meteor|p2a: Necrozma\n|-resisted|p2a: Necrozma\n|-damage|p2a: Necrozma|85/100\n|-unboost|p1a: Dialga|spa|2\n|\n|-weather|RainDance|[upkeep]\n|upkeep\n|turn|12\n|inactive|Time left: 300 sec this turn | 300 sec total\n|\n|t:|1783559182\n|switch|p1a: Forretress|Forretress, L84, F|112/263\n|-damage|p1a: Forretress|80/263|[from] Stealth Rock\n|move|p2a: Necrozma|Dragon Dance|p2a: Necrozma\n|-boost|p2a: Necrozma|atk|1\n|-boost|p2a: Necrozma|spe|1\n|\n|-weather|RainDance|[upkeep]\n|-heal|p1a: Forretress|96/263|[from] item: Leftovers\n|upkeep\n|turn|13\n|inactive|Time left: 300 sec this turn | 300 sec total\n|\n|t:|1783559183\n|move|p2a: Necrozma|Dragon Dance|p2a: Necrozma\n|-boost|p2a: Necrozma|atk|1\n|-boost|p2a: Necrozma|spe|1\n|move|p1a: Forretress|Body Press|p2a: Necrozma\n|-damage|p2a: Necrozma|55/100\n|\n|-weather|none\n|-heal|p1a: Forretress|112/263|[from] item: Leftovers\n|upkeep\n|turn|14\n|inactive|Time left: 300 sec this turn | 300 sec total\n|\n|t:|1783559184\n|move|p2a: Necrozma|Earthquake|p1a: Forretress\n|-damage|p1a: Forretress|10/263\n|move|p1a: Forretress|Body Press|p2a: Necrozma\n|-damage|p2a: Necrozma|26/100\n|\n|-heal|p1a: Forretress|26/263|[from] item: Leftovers\n|upkeep\n|turn|15\n|inactive|Time left: 300 sec this turn | 300 sec total\n|\n|t:|1783559185\n|move|p2a: Necrozma|Morning Sun|p2a: Necrozma\n|-heal|p2a: Necrozma|76/100\n|move|p1a: Forretress|Body Press|p2a: Necrozma\n|-damage|p2a: Necrozma|48/100\n|\n|-heal|p1a: Forretress|42/263|[from] item: Leftovers\n|upkeep\n|turn|16\n|inactive|Time left: 300 sec this turn | 300 sec total\n|\n|t:|1783559185\n|move|p2a: Necrozma|Sunsteel Strike|p1a: Forretress\n|-resisted|p1a: Forretress\n|-damage|p1a: Forretress|0 fnt\n|faint|p1a: Forretress\n|\n|upkeep\n|inactive|Time left: 300 sec this turn | 300 sec total | 5 sec grace\n|\n|t:|1783559186\n|switch|p1a: Pecharunt|Pecharunt, L77|262/262\n|-damage|p1a: Pecharunt|230/262|[from] Stealth Rock\n|turn|17\n|inactive|Time left: 300 sec this turn | 300 sec total\n|\n|t:|1783559187\n|move|p2a: Necrozma|Earthquake|p1a: Pecharunt\n|-supereffective|p1a: Pecharunt\n|-damage|p1a: Pecharunt|32/262\n|move|p1a: Pecharunt|Parting Shot|p2a: Necrozma\n|-unboost|p2a: Necrozma|atk|1\n|-unboost|p2a: Necrozma|spa|1\n|inactive|Time left: 300 sec this turn | 300 sec total | 5 sec grace\n|\n|t:|1783559187\n|switch|p1a: Piloswine|Piloswine, L85, F|309/309|[from] Parting Shot\n|-damage|p1a: Piloswine|271/309|[from] Stealth Rock\n|\n|upkeep\n|turn|18\n|inactive|Time left: 300 sec this turn | 300 sec total\n|\n|t:|1783559188\n|move|p2a: Necrozma|Morning Sun|p2a: Necrozma\n|-heal|p2a: Necrozma|98/100\n|move|p1a: Piloswine|Roar|p2a: Necrozma\n|drag|p2a: Pelipper|Pelipper, L86, M|26/100\n|-weather|RainDance|[from] ability: Drizzle|[of] p2a: Pelipper\n|\n|-weather|RainDance|[upkeep]\n|upkeep\n|turn|19\n|inactive|Time left: 300 sec this turn | 300 sec total\n|\n|t:|1783559189\n|move|p2a: Pelipper|Roost|p2a: Pelipper\n|-heal|p2a: Pelipper|77/100\n|-singleturn|p2a: Pelipper|move: Roost\n|move|p1a: Piloswine|Icicle Crash|p2a: Pelipper\n|-resisted|p2a: Pelipper\n|-damage|p2a: Pelipper|59/100\n|\n|-weather|RainDance|[upkeep]\n|upkeep\n|turn|20\n|inactive|Time left: 300 sec this turn | 300 sec total\n|\n|t:|1783559189\n|switch|p1a: Dialga|Dialga, L73|149/266\n|-damage|p1a: Dialga|133/266|[from] Stealth Rock\n|-ability|p1a: Dialga|Pressure\n|move|p2a: Pelipper|Surf|p1a: Dialga\n|-resisted|p1a: Dialga\n|-damage|p1a: Dialga|79/266\n|\n|-weather|RainDance|[upkeep]\n|upkeep\n|turn|21\n|inactive|Time left: 300 sec this turn | 300 sec total\n|\n|t:|1783559190\n|switch|p2a: Necrozma|Necrozma-Dusk-Mane, L69|98/100\n|move|p1a: Dialga|Draco Meteor|p2a: Necrozma\n|-resisted|p2a: Necrozma\n|-damage|p2a: Necrozma|69/100\n|-unboost|p1a: Dialga|spa|2\n|\n|-weather|RainDance|[upkeep]\n|upkeep\n|turn|22\n|inactive|Time left: 300 sec this turn | 300 sec total\n|\n|t:|1783559191\n|switch|p1a: Tsareena|Tsareena, L87, F|267/267\n|move|p2a: Necrozma|Dragon Dance|p2a: Necrozma\n|-boost|p2a: Necrozma|atk|1\n|-boost|p2a: Necrozma|spe|1\n|\n|-weather|none\n|upkeep\n|turn|23\n|inactive|Time left: 300 sec this turn | 300 sec total\n|\n|t:|1783559192\n|move|p2a: Necrozma|Dragon Dance|p2a: Necrozma\n|-boost|p2a: Necrozma|atk|1\n|-boost|p2a: Necrozma|spe|1\n|move|p1a: Tsareena|Power Whip|p2a: Necrozma\n|-resisted|p2a: Necrozma\n|-damage|p2a: Necrozma|41/100\n|\n|upkeep\n|turn|24\n|inactive|Time left: 300 sec this turn | 300 sec total\n|\n|t:|1783559193\n|move|p2a: Necrozma|Morning Sun|p2a: Necrozma\n|-heal|p2a: Necrozma|91/100\n|move|p1a: Tsareena|Power Whip|p2a: Necrozma|[miss]\n|-miss|p1a: Tsareena|p2a: Necrozma\n|\n|upkeep\n|turn|25\n|inactive|Time left: 300 sec this turn | 300 sec total\n|\n|t:|1783559194\n|move|p2a: Necrozma|Sunsteel Strike|p1a: Tsareena\n|-damage|p1a: Tsareena|81/267\n|move|p1a: Tsareena|Synthesis|p1a: Tsareena\n|-heal|p1a: Tsareena|214/267\n|\n|upkeep\n|turn|26\n|inactive|Time left: 300 sec this turn | 300 sec total\n|\n|t:|1783559195\n|switch|p1a: Pecharunt|Pecharunt, L77|32/262\n|-damage|p1a: Pecharunt|0 fnt|[from] Stealth Rock\n|faint|p1a: Pecharunt\n|move|p2a: Necrozma|Sunsteel Strike|p1: Pecharunt|[notarget]\n|-fail|p2a: Necrozma\n|\n|upkeep\n|inactive|Time left: 300 sec this turn | 300 sec total | 5 sec grace\n|\n|t:|1783559196\n|switch|p1a: Dialga|Dialga, L73|79/266\n|-damage|p1a: Dialga|63/266|[from] Stealth Rock\n|-ability|p1a: Dialga|Pressure\n|turn|27\n|inactive|Time left: 300 sec this turn | 300 sec total\n|\n|t:|1783559197\n|move|p2a: Necrozma|Sunsteel Strike|p1a: Dialga\n|-resisted|p1a: Dialga\n|-damage|p1a: Dialga|0 fnt\n|faint|p1a: Dialga\n|\n|upkeep\n|inactive|Time left: 300 sec this turn | 300 sec total | 5 sec grace\n|\n|t:|1783559198\n|switch|p1a: Piloswine|Piloswine, L85, F|271/309\n|-damage|p1a: Piloswine|233/309|[from] Stealth Rock\n|turn|28\n|inactive|Time left: 300 sec this turn | 300 sec total\n|\n|t:|1783559198\n|switch|p1a: Tsareena|Tsareena, L87, F|214/267\n|-terastallize|p2a: Necrozma|Steel\n|move|p2a: Necrozma|Sunsteel Strike|p1a: Tsareena\n|-damage|p1a: Tsareena|0 fnt\n|faint|p1a: Tsareena\n|\n|upkeep\n|inactive|Time left: 300 sec this turn | 300 sec total | 5 sec grace\n|\n|t:|1783559199\n|switch|p1a: Piloswine|Piloswine, L85, F|233/309\n|-damage|p1a: Piloswine|195/309|[from] Stealth Rock\n|turn|29\n|inactive|Time left: 300 sec this turn | 300 sec total\n|\n|t:|1783559200\n|move|p2a: Necrozma|Sunsteel Strike|p1a: Piloswine\n|-supereffective|p1a: Piloswine\n|-damage|p1a: Piloswine|0 fnt\n|faint|p1a: Piloswine\n|\n|win|p0y1724f06b", "uploadtime": 1783559200, "views": 0, "rating": 0, "private": 0, "password": null, "_winner": "p0y1724f06b", "_our_name": "p0x17242ad4"}