{"id": "battle-gen9randombattle-2003", "formatid": "gen9randombattle", "format": "[Gen 9] Random Battle", "players": ["p0x20034f5f", "p0y2003e17a"], "log": "|init|battle\n|title|p0x20034f5f vs. p0y2003e17a\n|j|\u2606p0x20034f5f\n|j|\u2606p0y2003e17a\n|t:|1783563181\n|gametype|singles\n|player|p1|p0x20034f5f|265|\n|player|p2|p0y2003e17a|266|\n|gen|9\n|tier|[Gen 9] Random Battle\n|rule|Species Clause: Limit one of each Pok\u00e9mon\n|rule|HP Percentage Mod: HP is shown in percentages\n|rule|Sleep Clause Mod: Limit one foe put to sleep\n|rule|Illusion Level Mod: Illusion disguises the Pok\u00e9mon's true level\n|\n|t:|1783563181\n|teamsize|p1|6\n|teamsize|p2|6\n|start\n|switch|p1a: Serperior|Serperior, L79, M|248/248\n|switch|p2a: Gengar|Gengar, L81, M|100/100\n|turn|1\n|inactive|Battle timer is ON: inactive players will automatically lose when time's up. (requested by p0y2003e17a)\n|inactive|Time left: 300 sec this turn | 300 sec total | 60 sec grace\n|inactive|p0x20034f5f also wants the timer to be on.\n|\n|t:|1783563182\n|switch|p1a: Muk|Muk-Alola, L82, F|306/306\n|move|p2a: Gengar|Sludge Wave|p1a: Muk\n|-resisted|p1a: Muk\n|-damage|p1a: Muk|255/306\n|-damage|p2a: Gengar|90/100|[from] item: Life Orb\n|\n|upkeep\n|turn|2\n|inactive|Time left: 300 sec this turn | 300 sec total\n|\n|t:|1783563184\n|move|p2a: Gengar|Will-O-Wisp|p1a: Muk\n|-status|p1a: Muk|brn\n|move|p1a: Muk|Knock Off|p2a: Gengar\n|-supereffective|p2a: Gengar\n|-damage|p2a: Gengar|34/100\n|-start|p1a: Muk|Disable|Knock Off|[from] ability: Cursed Body|[of] p2a: Gengar\n|-enditem|p2a: Gengar|Life Orb|[from] move: Knock Off|[of] p1a: Muk\n|\n|-damage|p1a: Muk|236/306 brn|[from] brn\n|upkeep\n|turn|3\n|inactive|Time left: 300 sec this turn | 300 sec total\n|\n|t:|1783563185\n|switch|p2a: Arbok|Arbok, L87, F|100/100\n|-ability|p2a: Arbok|Intimidate|boost\n|-unboost|p1a: Muk|atk|1\n|move|p1a: Muk|Ice Punch|p2a: Arbok\n|-damage|p2a: Arbok|93/100\n|\n|-heal|p2a: Arbok|99/100|[from] item: Leftovers\n|-damage|p1a: Muk|217/306 brn|[from] brn\n|upkeep\n|turn|4\n|inactive|Time left: 300 sec this turn | 300 sec total\n|\n|t:|1783563186\n|move|p2a: Arbok|Coil|p2a: Arbok\n|-boost|p2a: Arbok|atk|1\n|-boost|p2a: Arbok|def|1\n|-boost|p2a: Arbok|accuracy|1\n|move|p1a: Muk|Ice Punch|p2a: Arbok\n|-crit|p2a: Arbok\n|-damage|p2a: Arbok|80/100\n|\n|-heal|p2a: Arbok|86/100|[from] item: Leftovers\n|-damage|p1a: Muk|198/306 brn|[from] brn\n|upkeep\n|turn|5\n|inactive|Time left: 300 sec this turn | 300 sec total\n|\n|t:|1783563187\n|move|p2a: Arbok|Coil|p2a: Arbok\n|-boost|p2a: Arbok|atk|1\n|-boost|p2a: Arbok|def|1\n|-boost|p2a: Arbok|accuracy|1\n|move|p1a: Muk|Ice Punch|p2a: Arbok\n|-damage|p2a: Arbok|81/100\n|\n|-heal|p2a: Arbok|87/100|[from] item: Leftovers\n|-damage|p1a: Muk|179/306 brn|[from] brn\n|-end|p1a: Muk|Disable\n|upkeep\n|turn|6\n|inactive|Time left: 300 sec this turn | 300 sec total\n|\n|t:|1783563188\n|move|p2a: Arbok|Trailblaze|p1a: Muk\n|-resisted|p1a: Muk\n|-damage|p1a: Muk|133/306 brn\n|-boost|p2a: Arbok|spe|1\n|move|p1a: Muk|Knock Off|p2a: Arbok\n|-damage|p2a: Arbok|79/100\n|-enditem|p2a: Arbok|Leftovers|[from] move: Knock Off|[of] p1a: Muk\n|\n|-damage|p1a: Muk|114/306 brn|[from] brn\n|upkeep\n|turn|7\n|inactive|Time left: 300 sec this turn | 300 sec total\n|\n|t:|1783563189\n|move|p2a: Arbok|Trailblaze|p1a: Muk\n|-resisted|p1a: Muk\n|-damage|p1a: Muk|71/306 brn\n|-boost|p2a: Arbok|spe|1\n|move|p1a: Muk|Knock Off|p2a: Arbok\n|-damage|p2a: Arbok|74/100\n|\n|-damage|p1a: Muk|52/306 brn|[from] brn\n|upkeep\n|turn|8\n|inactive|Time left: 300 sec this turn | 300 sec total\n|\n|t:|1783563190\n|move|p2a: Arbok|Coil|p2a: Arbok\n|-boost|p2a: Arbok|atk|1\n|-boost|p2a: Arbok|def|1\n|-boost|p2a: Arbok|accuracy|1\n|move|p1a: Muk|Gunk Shot|p2a: Arbok\n|-resisted|p2a: Arbok\n|-damage|p2a: Arbok|70/100\n|\n|-damage|p1a: Muk|33/306 brn|[from] brn\n|upkeep\n|turn|9\n|inactive|Time left: 300 sec this turn | 300 sec total\n|\n|t:|1783563191\n|move|p2a: Arbok|Coil|p2a: Arbok\n|-boost|p2a: Arbok|atk|1\n|-boost|p2a: Arbok|def|1\n|-boost|p2a: Arbok|accuracy|1\n|move|p1a: Muk|Knock Off|p2a: Arbok\n|-damage|p2a: Arbok|66/100\n|\n|-damage|p1a: Muk|14/306 brn|[from] brn\n|upkeep\n|turn|10\n|inactive|Time left: 300 sec this turn | 300 sec total\n|\n|t:|1783563192\n|move|p2a: Arbok|Trailblaze|p1a: Muk\n|-resisted|p1a: Muk\n|-damage|p1a: Muk|0 fnt\n|-boost|p2a: Arbok|spe|1\n|faint|p1a: Muk\n|\n|upkeep\n|inactive|Time left: 300 sec this turn | 300 sec total | 5 sec grace\n|\n|t:|1783563193\n|switch|p1a: Serperior|Serperior, L79, M|248/248\n|turn|11\n|inactive|Time left: 300 sec this turn | 300 sec total\n|\n|t:|1783563194\n|switch|p1a: Jirachi|Jirachi, L80|291/291\n|move|p2a: Arbok|Gunk Shot|p1a: Jirachi\n|-immune|p1a: Jirachi\n|\n|upkeep\n|turn|12\n|inactive|Time left: 300 sec this turn | 300 sec total\n|\n|t:|1783563195\n|move|p1a: Jirachi|Protect|p1a: Jirachi\n|-singleturn|p1a: Jirachi|Protect\n|move|p2a: Arbok|Earthquake|p1a: Jirachi\n|-activate|p1a: Jirachi|move: Protect\n|\n|upkeep\n|turn|13\n|inactive|Time left: 300 sec this turn | 300 sec total\n|\n|t:|1783563196\n|switch|p1a: Serperior|Serperior, L79, M|248/248\n|move|p2a: Arbok|Earthquake|p1a: Serperior\n|-resisted|p1a: Serperior\n|-damage|p1a: Serperior|146/248\n|\n|upkeep\n|turn|14\n|inactive|Time left: 300 sec this turn | 300 sec total\n|\n|t:|1783563196\n|move|p2a: Arbok|Earthquake|p1a: Serperior\n|-resisted|p1a: Serperior\n|-damage|p1a: Serperior|35/248\n|move|p1a: Serperior|Glare|p2a: Arbok\n|-status|p2a: Arbok|par\n|\n|upkeep\n|turn|15\n|inactive|Time left: 300 sec this turn | 300 sec total\n|\n|t:|1783563197\n|move|p2a: Arbok|Trailblaze|p1a: Serperior\n|-resisted|p1a: Serperior\n|-crit|p1a: Serperior\n|-damage|p1a: Serperior|0 fnt\n|-boost|p2a: Arbok|spe|1\n|faint|p1a: Serperior\n|\n|upkeep\n|inactive|Time left: 300 sec this turn | 300 sec total | 5 sec grace\n|\n|t:|1783563198\n|switch|p1a: Veluza|Veluza, L85, F|292/292\n|turn|16\n|inactive|Time left: 300 sec this turn | 300 sec total\n|\n|t:|1783563199\n|cant|p2a: Arbok|par\n|move|p1a: Veluza|Psycho Cut|p2a: Arbok\n|-supereffective|p2a: Arbok\n|-crit|p2a: Arbok\n|-damage|p2a: Arbok|0 fnt\n|faint|p2a: Arbok\n|\n|upkeep\n|\n|t:|1783563200\n|switch|p2a: Miraidon|Miraidon, L65|100/100\n|-fieldstart|move: Electric Terrain|[from] ability: Hadron Engine|[of] p2a: Miraidon\n|turn|17\n|inactive|Time left: 300 sec this turn | 300 sec total\n|\n|t:|1783563201\n|switch|p1a: Jirachi|Jirachi, L80|291/291\n|move|p2a: Miraidon|Electro Drift|p1a: Jirachi\n|-damage|p1a: Jirachi|96/291\n|-damage|p2a: Miraidon|91/100|[from] item: Life Orb\n|\n|-heal|p1a: Jirachi|114/291|[from] item: Leftovers\n|upkeep\n|turn|18\n|inactive|Time left: 300 sec this turn | 300 sec total\n|\n|t:|1783563202\n|move|p2a: Miraidon|Electro Drift|p1a: Jirachi\n|-damage|p1a: Jirachi|0 fnt\n|faint|p1a: Jirachi\n|-damage|p2a: Miraidon|81/100|[from] item: Life Orb\n|\n|upkeep\n|inactive|Time left: 300 sec this turn | 300 sec total | 5 sec grace\n|\n|t:|1783563203\n|switch|p1a: Flareon|Flareon, L90, M|263/263\n|turn|19\n|inactive|Time left: 300 sec this turn | 300 sec total\n|\n|t:|1783563204\n|move|p2a: Miraidon|Electro Drift|p1a: Flareon\n|-damage|p1a: Flareon|121/263\n|-damage|p2a: Miraidon|72/100|[from] item: Life Orb\n|move|p1a: Flareon|Trailblaze|p2a: Miraidon\n|-resisted|p2a: Miraidon\n|-damage|p2a: Miraidon|59/100\n|-boost|p1a: Flareon|spe|1\n|\n|-status|p1a: Flareon|tox|[from] item: Toxic Orb\n|upkeep\n|turn|20\n|inactive|Time left: 300 sec this turn | 300 sec total\n|\n|t:|1783563205\n|switch|p2a: Gengar|Gengar, L81, M|34/100\n|move|p1a: Flareon|Flare Blitz|p2a: Gengar\n|-damage|p2a: Gengar|0 fnt\n|-start|p1a: Flareon|Disable|Flare Blitz|[from] ability: Cursed Body|[of] p2a: Gengar\n|faint|p2a: Gengar\n|-damage|p1a: Flareon|96/263 tox|[from] Recoil\n|\n|-damage|p1a: Flareon|80/263 tox|[from] psn\n|upkeep\n|\n|t:|1783563206\n|switch|p2a: Barraskewda|Barraskewda, L81, F|100/100\n|turn|21\n|inactive|Time left: 300 sec this turn | 300 sec total\n|\n|t:|1783563207\n|switch|p1a: Veluza|Veluza, L85, F|292/292\n|move|p2a: Barraskewda|Flip Turn|p1a: Veluza\n|-resisted|p1a: Veluza\n|-crit|p1a: Veluza\n|-damage|p1a: Veluza|198/292\n|\n|t:|1783563208\n|switch|p2a: Pelipper|Pelipper, L86, F|100/100|[from] Flip Turn\n|-weather|RainDance|[from] ability: Drizzle|[of] p2a: Pelipper\n|\n|-weather|RainDance|[upkeep]\n|-fieldend|move: Electric Terrain\n|upkeep\n|turn|22\n|inactive|Time left: 300 sec this turn | 300 sec total\n|\n|t:|1783563209\n|move|p1a: Veluza|Psycho Cut|p2a: Pelipper\n|-damage|p2a: Pelipper|37/100\n|move|p2a: Pelipper|Hurricane|p1a: Veluza\n|-damage|p1a: Veluza|0 fnt\n|faint|p1a: Veluza\n|\n|-weather|RainDance|[upkeep]\n|upkeep\n|inactive|Time left: 300 sec this turn | 300 sec total | 5 sec grace\n|\n|t:|1783563210\n|switch|p1a: Flareon|Flareon, L90, M|80/263 tox\n|turn|23\n|inactive|Time left: 300 sec this turn | 300 sec total\n|\n|t:|1783563212\n|move|p1a: Flareon|Facade|p2a: Pelipper\n|-damage|p2a: Pelipper|0 fnt\n|faint|p2a: Pelipper\n|\n|-weather|RainDance|[upkeep]\n|-damage|p1a: Flareon|64/263 tox|[from] psn\n|upkeep\n|\n|t:|1783563213\n|switch|p2a: Barraskewda|Barraskewda, L81, F|100/100\n|turn|24\n|inactive|Time left: 300 sec this turn | 300 sec total\n|\n|t:|1783563214\n|move|p1a: Flareon|Quick Attack|p2a: Barraskewda\n|-damage|p2a: Barraskewda|65/100\n|move|p2a: Barraskewda|Waterfall|p1a: Flareon\n|-supereffective|p1a: Flareon\n|-damage|p1a: Flareon|0 fnt\n|faint|p1a: Flareon\n|\n|-weather|RainDance|[upkeep]\n|upkeep\n|inactive|Time left: 300 sec this turn | 300 sec total | 5 sec grace\n|\n|t:|1783563214\n|switch|p1a: Keldeo|Keldeo-Resolute, L79|273/273\n|turn|25\n|inactive|Time left: 300 sec this turn | 300 sec total\n|\n|t:|1783563215\n|move|p2a: Barraskewda|Waterfall|p1a: Keldeo\n|-resisted|p1a: Keldeo\n|-damage|p1a: Keldeo|171/273\n|move|p1a: Keldeo|Calm Mind|p1a: Keldeo\n|-boost|p1a: Keldeo|spa|1\n|-boost|p1a: Keldeo|spd|1\n|\n|-weather|none\n|upkeep\n|turn|26\n|inactive|Time left: 300 sec this turn | 300 sec total\n|\n|t:|1783563216\n|-terastallize|p1a: Keldeo|Fighting\n|move|p1a: Keldeo|Vacuum Wave|p2a: Barraskewda\n|-damage|p2a: Barraskewda|0 fnt\n|faint|p2a: Barraskewda\n|-damage|p1a: Keldeo|144/273|[from] item: Life Orb\n|\n|upkeep\n|\n|t:|1783563217\n|switch|p2a: Beartic|Beartic, L91, F|100/100\n|turn|27\n|inactive|Time left: 300 sec this turn | 300 sec total\n|\n|t:|1783563218\n|-terastallize|p2a: Beartic|Fighting\n|move|p1a: Keldeo|Secret Sword|p2a: Beartic\n|-damage|p2a: Beartic|20/100\n|-damage|p1a: Keldeo|117/273|[from] item: Life Orb\n|move|p2a: Beartic|Close Combat|p1a: Keldeo\n|-damage|p1a: Keldeo|0 fnt\n|-unboost|p2a: Beartic|def|1\n|-unboost|p2a: Beartic|spd|1\n|faint|p1a: Keldeo\n|\n|win|p0y2003e17a", "uploadtime": 1783563218, "views": 0, "rating": 0, "private": 0, "password": null, "_winner": "p0y2003e17a", "_our_name": "p0x20034f5f"}