{"id": "battle-gen9randombattle-2817", "formatid": "gen9randombattle", "format": "[Gen 9] Random Battle", "players": ["p0x2817a069", "p0y28170061"], "log": "|init|battle\n|title|p0x2817a069 vs. p0y28170061\n|j|\u2606p0x2817a069\n|j|\u2606p0y28170061\n|t:|1783572457\n|gametype|singles\n|player|p1|p0x2817a069|1|\n|player|p2|p0y28170061|170|\n|gen|9\n|tier|[Gen 9] Random Battle\n|rule|Species Clause: Limit one of each Pok\u00e9mon\n|rule|HP Percentage Mod: HP is shown in percentages\n|rule|Sleep Clause Mod: Limit one foe put to sleep\n|rule|Illusion Level Mod: Illusion disguises the Pok\u00e9mon's true level\n|\n|t:|1783572457\n|teamsize|p1|6\n|teamsize|p2|6\n|start\n|switch|p1a: Rotom|Rotom-Heat, L83|219/219\n|switch|p2a: Kleavor|Kleavor, L78, M|100/100\n|turn|1\n|inactive|Battle timer is ON: inactive players will automatically lose when time's up. (requested by p0y28170061)\n|inactive|Time left: 300 sec this turn | 300 sec total | 60 sec grace\n|inactive|p0x2817a069 also wants the timer to be on.\n|\n|t:|1783572458\n|switch|p2a: Ursaluna|Ursaluna, L79, M|100/100\n|move|p1a: Rotom|Will-O-Wisp|p2a: Ursaluna\n|-status|p2a: Ursaluna|brn\n|\n|-damage|p2a: Ursaluna|95/100 brn|[from] brn\n|upkeep\n|turn|2\n|inactive|Time left: 300 sec this turn | 300 sec total\n|\n|t:|1783572460\n|switch|p1a: Incineroar|Incineroar, L82, F|290/290\n|-ability|p1a: Incineroar|Intimidate|boost\n|-unboost|p2a: Ursaluna|atk|1\n|move|p2a: Ursaluna|Facade|p1a: Incineroar\n|-crit|p1a: Incineroar\n|-damage|p1a: Incineroar|0 fnt\n|faint|p1a: Incineroar\n|\n|-damage|p2a: Ursaluna|89/100 brn|[from] brn\n|upkeep\n|inactive|Time left: 300 sec this turn | 300 sec total | 5 sec grace\n|\n|t:|1783572461\n|switch|p1a: Feraligatr|Feraligatr, L79, M|264/264\n|turn|3\n|inactive|Time left: 300 sec this turn | 300 sec total\n|\n|t:|1783572462\n|-terastallize|p2a: Ursaluna|Normal\n|move|p1a: Feraligatr|Liquidation|p2a: Ursaluna\n|-damage|p2a: Ursaluna|47/100 brn\n|move|p2a: Ursaluna|Facade|p1a: Feraligatr\n|-damage|p1a: Feraligatr|34/264\n|\n|-damage|p2a: Ursaluna|41/100 brn|[from] brn\n|upkeep\n|turn|4\n|inactive|Time left: 300 sec this turn | 300 sec total\n|\n|t:|1783572463\n|switch|p2a: Iron Bundle|Iron Bundle, L78|100/100\n|move|p1a: Feraligatr|Liquidation|p2a: Iron Bundle\n|-resisted|p2a: Iron Bundle\n|-damage|p2a: Iron Bundle|70/100\n|\n|upkeep\n|turn|5\n|inactive|Time left: 300 sec this turn | 300 sec total\n|\n|t:|1783572464\n|switch|p1a: Bellibolt|Bellibolt, L84, M|320/320\n|move|p2a: Iron Bundle|Hydro Pump|p1a: Bellibolt\n|-damage|p1a: Bellibolt|202/320\n|-start|p1a: Bellibolt|Charge|Hydro Pump|[from] ability: Electromorphosis\n|\n|-heal|p1a: Bellibolt|222/320|[from] item: Leftovers\n|upkeep\n|turn|6\n|inactive|Time left: 300 sec this turn | 300 sec total\n|\n|t:|1783572465\n|move|p2a: Iron Bundle|Ice Beam|p1a: Bellibolt\n|-damage|p1a: Bellibolt|125/320\n|-start|p1a: Bellibolt|Charge|Ice Beam|[from] ability: Electromorphosis\n|move|p1a: Bellibolt|Thunderbolt|p2a: Iron Bundle\n|-supereffective|p2a: Iron Bundle\n|-damage|p2a: Iron Bundle|0 fnt\n|faint|p2a: Iron Bundle\n|-end|p2a: Iron Bundle|Quark Drive|[silent]\n|-end|p1a: Bellibolt|Charge|[silent]\n|\n|-heal|p1a: Bellibolt|145/320|[from] item: Leftovers\n|upkeep\n|\n|t:|1783572466\n|switch|p2a: Ursaluna|Ursaluna, L79, M, tera:Normal|41/100 brn\n|turn|7\n|inactive|Time left: 300 sec this turn | 300 sec total\n|\n|t:|1783572467\n|switch|p1a: Feraligatr|Feraligatr, L79, M|34/264\n|move|p2a: Ursaluna|Facade|p1a: Feraligatr\n|-damage|p1a: Feraligatr|0 fnt\n|faint|p1a: Feraligatr\n|\n|-damage|p2a: Ursaluna|35/100 brn|[from] brn\n|upkeep\n|inactive|Time left: 300 sec this turn | 300 sec total | 5 sec grace\n|\n|t:|1783572468\n|switch|p1a: Dragapult|Dragapult, L77, F|262/262\n|turn|8\n|inactive|Time left: 300 sec this turn | 300 sec total\n|\n|t:|1783572469\n|move|p1a: Dragapult|Dragon Darts|p2a: Ursaluna\n|-damage|p2a: Ursaluna|15/100 brn\n|-anim|p1a: Dragapult|Dragon Darts|p2a: Ursaluna\n|-damage|p2a: Ursaluna|0 fnt\n|faint|p2a: Ursaluna\n|-damage|p1a: Dragapult|236/262|[from] item: Life Orb\n|\n|upkeep\n|\n|t:|1783572469\n|switch|p2a: Kleavor|Kleavor, L78, M|100/100\n|turn|9\n|inactive|Time left: 300 sec this turn | 300 sec total\n|\n|t:|1783572470\n|move|p1a: Dragapult|Dragon Darts|p2a: Kleavor\n|-damage|p2a: Kleavor|59/100\n|replace|p2a: Zoroark|Zoroark-Hisui, L80, F\n|-end|p2a: Zoroark|Illusion\n|-hint|Illusion Level Mod is active, so this Pok\u00e9mon's true level was hidden.\n|-anim|p1a: Dragapult|Dragon Darts|p2a: Zoroark\n|-damage|p2a: Zoroark|15/100\n|-damage|p1a: Dragapult|210/262|[from] item: Life Orb\n|move|p2a: Zoroark|Bitter Malice|p1a: Dragapult\n|-supereffective|p1a: Dragapult\n|-damage|p1a: Dragapult|0 fnt\n|faint|p1a: Dragapult\n|-damage|p2a: Zoroark|6/100|[from] item: Life Orb\n|\n|upkeep\n|inactive|Time left: 300 sec this turn | 300 sec total | 5 sec grace\n|\n|t:|1783572471\n|switch|p1a: Girafarig|Girafarig, L89, M|269/269\n|turn|10\n|inactive|Time left: 300 sec this turn | 300 sec total\n|\n|t:|1783572472\n|move|p2a: Zoroark|Nasty Plot|p2a: Zoroark\n|-boost|p2a: Zoroark|spa|2\n|move|p1a: Girafarig|Nasty Plot|p1a: Girafarig\n|-boost|p1a: Girafarig|spa|2\n|\n|upkeep\n|turn|11\n|inactive|Time left: 300 sec this turn | 300 sec total\n|\n|t:|1783572472\n|move|p2a: Zoroark|Hyper Voice|p1a: Girafarig\n|-damage|p1a: Girafarig|49/269\n|-damage|p2a: Zoroark|0 fnt|[from] item: Life Orb\n|faint|p2a: Zoroark\n|move|p1a: Girafarig|Psychic|p2: Zoroark|[notarget]\n|-fail|p1a: Girafarig\n|\n|upkeep\n|\n|t:|1783572473\n|switch|p2a: Espeon|Espeon, L84, F|100/100\n|turn|12\n|inactive|Time left: 300 sec this turn | 300 sec total\n|\n|t:|1783572474\n|move|p2a: Espeon|Psyshock|p1a: Girafarig\n|-resisted|p1a: Girafarig\n|-damage|p1a: Girafarig|0 fnt\n|faint|p1a: Girafarig\n|\n|upkeep\n|inactive|Time left: 300 sec this turn | 300 sec total | 5 sec grace\n|\n|t:|1783572474\n|switch|p1a: Rotom|Rotom-Heat, L83|219/219\n|turn|13\n|inactive|Time left: 300 sec this turn | 300 sec total\n|\n|t:|1783572475\n|move|p2a: Espeon|Psyshock|p1a: Rotom\n|-damage|p1a: Rotom|89/219\n|move|p1a: Rotom|Pain Split|p2a: Espeon\n|-sethp|p2a: Espeon|68/100|[from] move: Pain Split|[silent]\n|-sethp|p1a: Rotom|167/219|[from] move: Pain Split\n|\n|upkeep\n|turn|14\n|inactive|Time left: 300 sec this turn | 300 sec total\n|\n|t:|1783572476\n|move|p2a: Espeon|Psyshock|p1a: Rotom\n|-crit|p1a: Rotom\n|-damage|p1a: Rotom|0 fnt\n|faint|p1a: Rotom\n|\n|upkeep\n|inactive|Time left: 300 sec this turn | 300 sec total | 5 sec grace\n|\n|t:|1783572477\n|switch|p1a: Bellibolt|Bellibolt, L84, M|145/320\n|turn|15\n|inactive|Time left: 300 sec this turn | 300 sec total\n|\n|t:|1783572478\n|move|p2a: Espeon|Psyshock|p1a: Bellibolt\n|-damage|p1a: Bellibolt|0 fnt\n|faint|p1a: Bellibolt\n|\n|win|p0y28170061", "uploadtime": 1783572478, "views": 0, "rating": 0, "private": 0, "password": null, "_winner": "p0y28170061", "_our_name": "p0x2817a069"}