{"id": "battle-gen9randombattle-2759", "formatid": "gen9randombattle", "format": "[Gen 9] Random Battle", "players": ["p0x2759ff8d", "p0y275918b5"], "log": "|init|battle\n|title|p0x2759ff8d vs. p0y275918b5\n|j|\u2606p0x2759ff8d\n|j|\u2606p0y275918b5\n|t:|1783571805\n|gametype|singles\n|player|p1|p0x2759ff8d|170|\n|player|p2|p0y275918b5|102|\n|gen|9\n|tier|[Gen 9] Random Battle\n|rule|Species Clause: Limit one of each Pok\u00e9mon\n|rule|HP Percentage Mod: HP is shown in percentages\n|rule|Sleep Clause Mod: Limit one foe put to sleep\n|rule|Illusion Level Mod: Illusion disguises the Pok\u00e9mon's true level\n|\n|t:|1783571805\n|teamsize|p1|6\n|teamsize|p2|6\n|start\n|switch|p1a: Victreebel|Victreebel, L90, F|100/100\n|switch|p2a: Oricorio|Oricorio-Pom-Pom, L82, M|257/257\n|turn|1\n|inactive|Battle timer is ON: inactive players will automatically lose when time's up. (requested by p0y275918b5)\n|\n|t:|1783571807\n|move|p2a: Oricorio|Quiver Dance|p2a: Oricorio\n|-boost|p2a: Oricorio|spa|1\n|-boost|p2a: Oricorio|spd|1\n|-boost|p2a: Oricorio|spe|1\n|move|p1a: Victreebel|Poison Jab|p2a: Oricorio\n|-damage|p2a: Oricorio|85/257\n|-status|p2a: Oricorio|psn\n|-damage|p1a: Victreebel|90/100|[from] item: Life Orb\n|\n|-damage|p2a: Oricorio|53/257 psn|[from] psn\n|upkeep\n|turn|2\n|inactive|Time left: 300 sec this turn | 300 sec total\n|inactive|p0x2759ff8d also wants the timer to be on.\n|\n|t:|1783571808\n|move|p1a: Victreebel|Sucker Punch||[still]\n|-fail|p1a: Victreebel\n|move|p2a: Oricorio|Roost|p2a: Oricorio\n|-heal|p2a: Oricorio|182/257 psn\n|-singleturn|p2a: Oricorio|move: Roost\n|\n|-damage|p2a: Oricorio|150/257 psn|[from] psn\n|upkeep\n|turn|3\n|inactive|Time left: 300 sec this turn | 300 sec total\n|\n|t:|1783571809\n|move|p2a: Oricorio|Hurricane|p1a: Victreebel|[miss]\n|-miss|p2a: Oricorio|p1a: Victreebel\n|move|p1a: Victreebel|Poison Jab|p2a: Oricorio\n|-damage|p2a: Oricorio|0 fnt\n|faint|p2a: Oricorio\n|-damage|p1a: Victreebel|80/100|[from] item: Life Orb\n|\n|upkeep\n|inactive|Time left: 300 sec this turn | 300 sec total | 5 sec grace\n|\n|t:|1783571810\n|switch|p2a: Rayquaza|Rayquaza, L72|270/270\n|-ability|p2a: Rayquaza|Air Lock\n|turn|4\n|inactive|Time left: 300 sec this turn | 300 sec total\n|\n|t:|1783571811\n|switch|p1a: Incineroar|Incineroar, L82, F|100/100\n|-ability|p1a: Incineroar|Intimidate|boost\n|-unboost|p2a: Rayquaza|atk|1\n|move|p2a: Rayquaza|Dragon Ascent|p1a: Incineroar\n|-damage|p1a: Incineroar|69/100\n|-unboost|p2a: Rayquaza|def|1\n|-unboost|p2a: Rayquaza|spd|1\n|\n|upkeep\n|turn|5\n|inactive|Time left: 300 sec this turn | 300 sec total\n|\n|t:|1783571812\n|switch|p2a: Greedent|Greedent, L86, M|347/347\n|move|p1a: Incineroar|Knock Off|p2a: Greedent\n|-damage|p2a: Greedent|241/347\n|-enditem|p2a: Greedent|Sitrus Berry|[from] move: Knock Off|[of] p1a: Incineroar\n|\n|upkeep\n|turn|6\n|inactive|Time left: 300 sec this turn | 300 sec total\n|\n|t:|1783571813\n|move|p1a: Incineroar|Will-O-Wisp|p2a: Greedent\n|-status|p2a: Greedent|brn\n|move|p2a: Greedent|Earthquake|p1a: Incineroar\n|-supereffective|p1a: Incineroar\n|-damage|p1a: Incineroar|45/100\n|\n|-damage|p2a: Greedent|220/347 brn|[from] brn\n|upkeep\n|turn|7\n|inactive|Time left: 300 sec this turn | 300 sec total\n|\n|t:|1783571814\n|move|p1a: Incineroar|Knock Off|p2a: Greedent\n|-damage|p2a: Greedent|153/347 brn\n|move|p2a: Greedent|Swords Dance|p2a: Greedent\n|-boost|p2a: Greedent|atk|2\n|\n|-damage|p2a: Greedent|132/347 brn|[from] brn\n|upkeep\n|turn|8\n|inactive|Time left: 300 sec this turn | 300 sec total\n|\n|t:|1783571815\n|move|p1a: Incineroar|Flare Blitz|p2a: Greedent\n|-damage|p2a: Greedent|0 fnt\n|faint|p2a: Greedent\n|-damage|p1a: Incineroar|30/100|[from] Recoil\n|\n|upkeep\n|inactive|Time left: 300 sec this turn | 300 sec total | 5 sec grace\n|\n|t:|1783571816\n|switch|p2a: Rayquaza|Rayquaza, L72|270/270\n|-ability|p2a: Rayquaza|Air Lock\n|turn|9\n|inactive|Time left: 300 sec this turn | 300 sec total\n|\n|t:|1783571817\n|switch|p1a: Regirock|Regirock, L83|100/100\n|move|p2a: Rayquaza|Scale Shot|p1a: Regirock\n|-damage|p1a: Regirock|95/100\n|-damage|p1a: Regirock|89/100\n|-damage|p1a: Regirock|83/100\n|-damage|p1a: Regirock|77/100\n|-hitcount|p1a: Regirock|4\n|-unboost|p2a: Rayquaza|def|1\n|-boost|p2a: Rayquaza|spe|1\n|\n|upkeep\n|turn|10\n|inactive|Time left: 300 sec this turn | 300 sec total\n|\n|t:|1783571818\n|switch|p2a: Gastrodon|Gastrodon, L86, M|331/331\n|move|p1a: Regirock|Stone Edge|p2a: Gastrodon\n|-resisted|p2a: Gastrodon\n|-damage|p2a: Gastrodon|268/331\n|\n|-heal|p2a: Gastrodon|288/331|[from] item: Leftovers\n|upkeep\n|turn|11\n|inactive|Time left: 300 sec this turn | 300 sec total\n|\n|t:|1783571819\n|move|p1a: Regirock|Iron Defense|p1a: Regirock\n|-boost|p1a: Regirock|def|2\n|move|p2a: Gastrodon|Surf|p1a: Regirock\n|-supereffective|p1a: Regirock\n|-damage|p1a: Regirock|12/100\n|\n|-heal|p2a: Gastrodon|308/331|[from] item: Leftovers\n|upkeep\n|turn|12\n|inactive|Time left: 300 sec this turn | 300 sec total\n|\n|t:|1783571820\n|move|p1a: Regirock|Rest|p1a: Regirock\n|-status|p1a: Regirock|slp|[from] move: Rest\n|-heal|p1a: Regirock|100/100 slp|[silent]\n|-enditem|p1a: Regirock|Chesto Berry|[eat]\n|-curestatus|p1a: Regirock|slp|[msg]\n|move|p2a: Gastrodon|Surf|p1a: Regirock\n|-supereffective|p1a: Regirock\n|-damage|p1a: Regirock|38/100\n|\n|-heal|p2a: Gastrodon|328/331|[from] item: Leftovers\n|upkeep\n|turn|13\n|inactive|Time left: 300 sec this turn | 300 sec total\n|\n|t:|1783571821\n|switch|p2a: Spectrier|Spectrier, L75|274/274\n|-terastallize|p1a: Regirock|Fighting\n|move|p1a: Regirock|Body Press|p2a: Spectrier\n|-immune|p2a: Spectrier\n|\n|upkeep\n|turn|14\n|inactive|Time left: 300 sec this turn | 300 sec total\n|\n|t:|1783571822\n|switch|p1a: Ogerpon|Ogerpon, L80, F|100/100\n|move|p2a: Spectrier|Nasty Plot|p2a: Spectrier\n|-boost|p2a: Spectrier|spa|2\n|\n|upkeep\n|turn|15\n|inactive|Time left: 300 sec this turn | 300 sec total\n|\n|t:|1783571823\n|move|p2a: Spectrier|Shadow Ball|p1a: Ogerpon\n|-damage|p1a: Ogerpon|33/100\n|move|p1a: Ogerpon|Knock Off|p2a: Spectrier\n|-supereffective|p2a: Spectrier\n|-crit|p2a: Spectrier\n|-damage|p2a: Spectrier|0 fnt\n|-enditem|p2a: Spectrier|Leftovers|[from] move: Knock Off|[of] p1a: Ogerpon\n|faint|p2a: Spectrier\n|-damage|p1a: Ogerpon|24/100|[from] item: Life Orb\n|\n|upkeep\n|inactive|Time left: 300 sec this turn | 300 sec total | 5 sec grace\n|\n|t:|1783571824\n|switch|p2a: Rayquaza|Rayquaza, L72|270/270\n|-ability|p2a: Rayquaza|Air Lock\n|turn|16\n|inactive|Time left: 300 sec this turn | 300 sec total\n|\n|t:|1783571824\n|move|p1a: Ogerpon|Knock Off|p2a: Rayquaza\n|-damage|p2a: Rayquaza|167/270\n|-enditem|p2a: Rayquaza|Loaded Dice|[from] move: Knock Off|[of] p1a: Ogerpon\n|-damage|p1a: Ogerpon|14/100|[from] item: Life Orb\n|move|p2a: Rayquaza|Swords Dance|p2a: Rayquaza\n|-boost|p2a: Rayquaza|atk|2\n|\n|upkeep\n|turn|17\n|inactive|Time left: 300 sec this turn | 300 sec total\n|\n|t:|1783571825\n|move|p1a: Ogerpon|Knock Off|p2a: Rayquaza\n|-damage|p2a: Rayquaza|89/270\n|-damage|p1a: Ogerpon|4/100|[from] item: Life Orb\n|move|p2a: Rayquaza|Swords Dance|p2a: Rayquaza\n|-boost|p2a: Rayquaza|atk|2\n|\n|upkeep\n|turn|18\n|inactive|Time left: 300 sec this turn | 300 sec total\n|\n|t:|1783571826\n|move|p1a: Ogerpon|Superpower|p2a: Rayquaza\n|-resisted|p2a: Rayquaza\n|-damage|p2a: Rayquaza|25/270\n|-unboost|p1a: Ogerpon|atk|1\n|-unboost|p1a: Ogerpon|def|1\n|-damage|p1a: Ogerpon|0 fnt|[from] item: Life Orb\n|faint|p1a: Ogerpon\n|move|p2a: Rayquaza|Scale Shot|p1: Ogerpon|[notarget]\n|-fail|p2a: Rayquaza\n|\n|upkeep\n|\n|t:|1783571827\n|switch|p1a: Iron Bundle|Iron Bundle, L78|100/100\n|turn|19\n|inactive|Time left: 300 sec this turn | 300 sec total\n|\n|t:|1783571828\n|move|p1a: Iron Bundle|Freeze-Dry|p2a: Rayquaza\n|-supereffective|p2a: Rayquaza\n|-damage|p2a: Rayquaza|0 fnt\n|faint|p2a: Rayquaza\n|\n|upkeep\n|inactive|Time left: 300 sec this turn | 300 sec total | 5 sec grace\n|\n|t:|1783571829\n|switch|p2a: Gastrodon|Gastrodon, L86, M|328/331\n|turn|20\n|inactive|Time left: 300 sec this turn | 300 sec total\n|\n|t:|1783571830\n|-terastallize|p2a: Gastrodon|Steel\n|move|p1a: Iron Bundle|Freeze-Dry|p2a: Gastrodon\n|-resisted|p2a: Gastrodon\n|-damage|p2a: Gastrodon|268/331\n|move|p2a: Gastrodon|Surf|p1a: Iron Bundle\n|-resisted|p1a: Iron Bundle\n|-damage|p1a: Iron Bundle|71/100\n|\n|-heal|p2a: Gastrodon|288/331|[from] item: Leftovers\n|upkeep\n|turn|21\n|inactive|Time left: 300 sec this turn | 300 sec total\n|\n|t:|1783571831\n|-end|p1a: Iron Bundle|Quark Drive|[silent]\n|switch|p1a: Regirock|Regirock, L83, tera:Fighting|38/100\n|move|p2a: Gastrodon|Surf|p1a: Regirock\n|-damage|p1a: Regirock|5/100\n|\n|-heal|p2a: Gastrodon|308/331|[from] item: Leftovers\n|upkeep\n|turn|22\n|inactive|Time left: 300 sec this turn | 300 sec total\n|\n|t:|1783571832\n|move|p1a: Regirock|Body Press|p2a: Gastrodon\n|-supereffective|p2a: Gastrodon\n|-damage|p2a: Gastrodon|0 fnt\n|faint|p2a: Gastrodon\n|\n|upkeep\n|inactive|Time left: 300 sec this turn | 300 sec total | 5 sec grace\n|\n|t:|1783571833\n|switch|p2a: Kingambit|Kingambit, L74, M|270/270\n|-activate|p2a: Kingambit|ability: Supreme Overlord\n|-start|p2a: Kingambit|fallen5|[silent]\n|turn|23\n|inactive|Time left: 300 sec this turn | 300 sec total\n|\n|t:|1783571834\n|move|p2a: Kingambit|Sucker Punch|p1a: Regirock\n|-resisted|p1a: Regirock\n|-damage|p1a: Regirock|0 fnt\n|faint|p1a: Regirock\n|\n|upkeep\n|\n|t:|1783571835\n|switch|p1a: Incineroar|Incineroar, L82, F|30/100\n|-ability|p1a: Incineroar|Intimidate|boost\n|-unboost|p2a: Kingambit|atk|1\n|turn|24\n|inactive|Time left: 300 sec this turn | 300 sec total\n|\n|t:|1783571837\n|move|p1a: Incineroar|Flare Blitz|p2a: Kingambit\n|-supereffective|p2a: Kingambit\n|-damage|p2a: Kingambit|46/270\n|-damage|p1a: Incineroar|4/100|[from] Recoil\n|move|p2a: Kingambit|Swords Dance|p2a: Kingambit\n|-boost|p2a: Kingambit|atk|2\n|\n|-heal|p2a: Kingambit|62/270|[from] item: Leftovers\n|upkeep\n|turn|25\n|inactive|Time left: 300 sec this turn | 300 sec total\n|\n|t:|1783571838\n|move|p2a: Kingambit|Sucker Punch|p1a: Incineroar\n|-resisted|p1a: Incineroar\n|-damage|p1a: Incineroar|0 fnt\n|faint|p1a: Incineroar\n|\n|-heal|p2a: Kingambit|78/270|[from] item: Leftovers\n|upkeep\n|\n|t:|1783571838\n|switch|p1a: Victreebel|Victreebel, L90, F|80/100\n|turn|26\n|inactive|Time left: 300 sec this turn | 300 sec total\n|\n|t:|1783571839\n|move|p1a: Victreebel|Power Whip|p2a: Kingambit\n|-resisted|p2a: Kingambit\n|-damage|p2a: Kingambit|0 fnt\n|faint|p2a: Kingambit\n|-end|p2a: Kingambit|fallen5|[silent]\n|-damage|p1a: Victreebel|70/100|[from] item: Life Orb\n|\n|win|p0x2759ff8d", "uploadtime": 1783571839, "views": 0, "rating": 0, "private": 0, "password": null, "_winner": "p0x2759ff8d", "_our_name": "p0y275918b5"}