{"id": "battle-gen9randombattle-1465", "formatid": "gen9randombattle", "format": "[Gen 9] Random Battle", "players": ["p0x1465c2f6", "p0y146542aa"], "log": "|init|battle\n|title|p0x1465c2f6 vs. p0y146542aa\n|j|\u2606p0x1465c2f6\n|j|\u2606p0y146542aa\n|t:|1783557046\n|gametype|singles\n|player|p1|p0x1465c2f6|266|\n|player|p2|p0y146542aa|265|\n|gen|9\n|tier|[Gen 9] Random Battle\n|rule|Species Clause: Limit one of each Pok\u00e9mon\n|rule|HP Percentage Mod: HP is shown in percentages\n|rule|Sleep Clause Mod: Limit one foe put to sleep\n|rule|Illusion Level Mod: Illusion disguises the Pok\u00e9mon's true level\n|\n|t:|1783557046\n|teamsize|p1|6\n|teamsize|p2|6\n|start\n|switch|p1a: Suicune|Suicune, L82|100/100\n|switch|p2a: Lumineon|Lumineon, L93, F|279/279\n|-ability|p1a: Suicune|Pressure\n|turn|1\n|inactive|Battle timer is ON: inactive players will automatically lose when time's up. (requested by p0y146542aa)\n|inactive|p0x1465c2f6 also wants the timer to be on.\n|\n|t:|1783557048\n|move|p2a: Lumineon|Hydro Pump|p1a: Suicune\n|-resisted|p1a: Suicune\n|-damage|p1a: Suicune|81/100\n|-damage|p2a: Lumineon|252/279|[from] item: Life Orb\n|move|p1a: Suicune|Calm Mind|p1a: Suicune\n|-boost|p1a: Suicune|spa|1\n|-boost|p1a: Suicune|spd|1\n|\n|-heal|p1a: Suicune|87/100|[from] item: Leftovers\n|upkeep\n|turn|2\n|inactive|Time left: 300 sec this turn | 300 sec total\n|\n|t:|1783557049\n|move|p2a: Lumineon|Hydro Pump|p1a: Suicune\n|-resisted|p1a: Suicune\n|-damage|p1a: Suicune|74/100\n|-damage|p2a: Lumineon|225/279|[from] item: Life Orb\n|move|p1a: Suicune|Calm Mind|p1a: Suicune\n|-boost|p1a: Suicune|spa|1\n|-boost|p1a: Suicune|spd|1\n|\n|-heal|p1a: Suicune|80/100|[from] item: Leftovers\n|upkeep\n|turn|3\n|inactive|Time left: 300 sec this turn | 300 sec total\n|\n|t:|1783557050\n|move|p2a: Lumineon|Encore|p1a: Suicune\n|-start|p1a: Suicune|Encore\n|move|p1a: Suicune|Calm Mind|p1a: Suicune\n|-boost|p1a: Suicune|spa|1\n|-boost|p1a: Suicune|spd|1\n|\n|-heal|p1a: Suicune|86/100|[from] item: Leftovers\n|upkeep\n|turn|4\n|inactive|Time left: 300 sec this turn | 300 sec total\n|\n|t:|1783557051\n|switch|p2a: Misdreavus|Misdreavus, L90, F|254/254\n|move|p1a: Suicune|Calm Mind|p1a: Suicune\n|-boost|p1a: Suicune|spa|1\n|-boost|p1a: Suicune|spd|1\n|\n|-heal|p1a: Suicune|92/100|[from] item: Leftovers\n|upkeep\n|turn|5\n|inactive|Time left: 300 sec this turn | 300 sec total\n|\n|t:|1783557053\n|move|p2a: Misdreavus|Calm Mind|p2a: Misdreavus\n|-boost|p2a: Misdreavus|spa|1\n|-boost|p2a: Misdreavus|spd|1\n|move|p1a: Suicune|Calm Mind|p1a: Suicune\n|-boost|p1a: Suicune|spa|1\n|-boost|p1a: Suicune|spd|1\n|\n|-heal|p1a: Suicune|98/100|[from] item: Leftovers\n|-end|p1a: Suicune|Encore\n|upkeep\n|turn|6\n|inactive|Time left: 300 sec this turn | 300 sec total\n|\n|t:|1783557054\n|move|p2a: Misdreavus|Calm Mind|p2a: Misdreavus\n|-boost|p2a: Misdreavus|spa|1\n|-boost|p2a: Misdreavus|spd|1\n|move|p1a: Suicune|Scald|p2a: Misdreavus\n|-damage|p2a: Misdreavus|167/254\n|\n|-heal|p1a: Suicune|100/100|[from] item: Leftovers\n|upkeep\n|turn|7\n|inactive|Time left: 300 sec this turn | 300 sec total\n|\n|t:|1783557055\n|move|p2a: Misdreavus|Calm Mind|p2a: Misdreavus\n|-boost|p2a: Misdreavus|spa|1\n|-boost|p2a: Misdreavus|spd|1\n|move|p1a: Suicune|Scald|p2a: Misdreavus\n|-damage|p2a: Misdreavus|92/254\n|\n|upkeep\n|turn|8\n|inactive|Time left: 300 sec this turn | 300 sec total\n|\n|t:|1783557056\n|move|p2a: Misdreavus|Draining Kiss|p1a: Suicune\n|-damage|p1a: Suicune|93/100\n|-heal|p2a: Misdreavus|109/254|[from] drain|[of] p1a: Suicune\n|move|p1a: Suicune|Scald|p2a: Misdreavus\n|-damage|p2a: Misdreavus|45/254\n|\n|-heal|p1a: Suicune|99/100|[from] item: Leftovers\n|upkeep\n|turn|9\n|inactive|Time left: 300 sec this turn | 300 sec total\n|\n|t:|1783557057\n|switch|p2a: Lumineon|Lumineon, L93, F|225/279\n|move|p1a: Suicune|Scald|p2a: Lumineon\n|-ability|p2a: Lumineon|Storm Drain|boost\n|-boost|p2a: Lumineon|spa|1\n|\n|-heal|p1a: Suicune|100/100|[from] item: Leftovers\n|upkeep\n|turn|10\n|inactive|Time left: 300 sec this turn | 300 sec total\n|\n|t:|1783557058\n|move|p1a: Suicune|Protect|p1a: Suicune\n|-singleturn|p1a: Suicune|Protect\n|move|p2a: Lumineon|Encore|p1a: Suicune\n|-activate|p1a: Suicune|move: Protect\n|\n|upkeep\n|turn|11\n|inactive|Time left: 300 sec this turn | 300 sec total\n|\n|t:|1783557059\n|move|p2a: Lumineon|Encore|p1a: Suicune\n|-start|p1a: Suicune|Encore\n|move|p1a: Suicune|Protect||[still]\n|-fail|p1a: Suicune\n|\n|upkeep\n|turn|12\n|inactive|Time left: 300 sec this turn | 300 sec total\n|\n|t:|1783557060\n|move|p1a: Suicune|Protect|p1a: Suicune\n|-singleturn|p1a: Suicune|Protect\n|move|p2a: Lumineon|Encore|p1a: Suicune\n|-activate|p1a: Suicune|move: Protect\n|\n|upkeep\n|turn|13\n|inactive|Time left: 300 sec this turn | 300 sec total\n|\n|t:|1783557061\n|move|p1a: Suicune|Protect||[still]\n|-fail|p1a: Suicune\n|move|p2a: Lumineon|Hydro Pump|p1a: Suicune\n|-resisted|p1a: Suicune\n|-damage|p1a: Suicune|92/100\n|-damage|p2a: Lumineon|198/279|[from] item: Life Orb\n|\n|-heal|p1a: Suicune|98/100|[from] item: Leftovers\n|-end|p1a: Suicune|Encore\n|upkeep\n|turn|14\n|inactive|Time left: 300 sec this turn | 300 sec total\n|\n|t:|1783557062\n|move|p2a: Lumineon|Ice Beam|p1a: Suicune\n|-resisted|p1a: Suicune\n|-damage|p1a: Suicune|93/100\n|-damage|p2a: Lumineon|171/279|[from] item: Life Orb\n|move|p1a: Suicune|Substitute|p1a: Suicune\n|-start|p1a: Suicune|Substitute\n|-damage|p1a: Suicune|69/100\n|\n|-heal|p1a: Suicune|75/100|[from] item: Leftovers\n|upkeep\n|turn|15\n|inactive|Time left: 300 sec this turn | 300 sec total\n|\n|t:|1783557063\n|move|p2a: Lumineon|Alluring Voice|p1a: Suicune\n|-damage|p1a: Suicune|66/100\n|-damage|p2a: Lumineon|144/279|[from] item: Life Orb\n|move|p1a: Suicune|Scald|p2a: Lumineon\n|-ability|p2a: Lumineon|Storm Drain|boost\n|-boost|p2a: Lumineon|spa|1\n|\n|-heal|p1a: Suicune|72/100|[from] item: Leftovers\n|upkeep\n|turn|16\n|inactive|Time left: 300 sec this turn | 300 sec total\n|\n|t:|1783557064\n|move|p2a: Lumineon|Alluring Voice|p1a: Suicune\n|-damage|p1a: Suicune|61/100\n|-damage|p2a: Lumineon|117/279|[from] item: Life Orb\n|move|p1a: Suicune|Calm Mind|p1a: Suicune\n|-boost|p1a: Suicune|spa|1\n|-boost|p1a: Suicune|spd|1\n|\n|-heal|p1a: Suicune|67/100|[from] item: Leftovers\n|upkeep\n|turn|17\n|inactive|Time left: 300 sec this turn | 300 sec total\n|\n|t:|1783557065\n|move|p2a: Lumineon|Alluring Voice|p1a: Suicune\n|-damage|p1a: Suicune|57/100\n|-damage|p2a: Lumineon|90/279|[from] item: Life Orb\n|move|p1a: Suicune|Calm Mind|p1a: Suicune\n|-boost|p1a: Suicune|spa|0\n|-boost|p1a: Suicune|spd|0\n|\n|-heal|p1a: Suicune|63/100|[from] item: Leftovers\n|upkeep\n|turn|18\n|inactive|Time left: 300 sec this turn | 300 sec total\n|\n|t:|1783557066\n|move|p2a: Lumineon|Alluring Voice|p1a: Suicune\n|-damage|p1a: Suicune|53/100\n|-damage|p2a: Lumineon|63/279|[from] item: Life Orb\n|move|p1a: Suicune|Scald|p2a: Lumineon\n|-ability|p2a: Lumineon|Storm Drain|boost\n|-boost|p2a: Lumineon|spa|1\n|\n|-heal|p1a: Suicune|59/100|[from] item: Leftovers\n|upkeep\n|turn|19\n|inactive|Time left: 300 sec this turn | 300 sec total\n|\n|t:|1783557067\n|move|p2a: Lumineon|Alluring Voice|p1a: Suicune\n|-damage|p1a: Suicune|45/100\n|-damage|p2a: Lumineon|36/279|[from] item: Life Orb\n|move|p1a: Suicune|Scald|p2a: Lumineon\n|-ability|p2a: Lumineon|Storm Drain|boost\n|-boost|p2a: Lumineon|spa|1\n|\n|-heal|p1a: Suicune|52/100|[from] item: Leftovers\n|upkeep\n|turn|20\n|inactive|Time left: 300 sec this turn | 300 sec total\n|\n|t:|1783557068\n|move|p2a: Lumineon|Hydro Pump|p1a: Suicune|[miss]\n|-miss|p2a: Lumineon|p1a: Suicune\n|move|p1a: Suicune|Scald|p2a: Lumineon\n|-ability|p2a: Lumineon|Storm Drain|boost\n|-boost|p2a: Lumineon|spa|1\n|\n|-heal|p1a: Suicune|58/100|[from] item: Leftovers\n|upkeep\n|turn|21\n|inactive|Time left: 300 sec this turn | 300 sec total\n|\n|t:|1783557069\n|move|p2a: Lumineon|Alluring Voice|p1a: Suicune\n|-damage|p1a: Suicune|41/100\n|-damage|p2a: Lumineon|9/279|[from] item: Life Orb\n|move|p1a: Suicune|Scald|p2a: Lumineon\n|-ability|p2a: Lumineon|Storm Drain|boost\n|-boost|p2a: Lumineon|spa|1\n|\n|-heal|p1a: Suicune|47/100|[from] item: Leftovers\n|upkeep\n|turn|22\n|inactive|Time left: 300 sec this turn | 300 sec total\n|\n|t:|1783557070\n|move|p2a: Lumineon|Alluring Voice|p1a: Suicune\n|-damage|p1a: Suicune|28/100\n|-damage|p2a: Lumineon|0 fnt|[from] item: Life Orb\n|faint|p2a: Lumineon\n|move|p1a: Suicune|Scald|p2: Lumineon|[notarget]\n|-fail|p1a: Suicune\n|\n|-heal|p1a: Suicune|34/100|[from] item: Leftovers\n|upkeep\n|inactive|Time left: 300 sec this turn | 300 sec total | 5 sec grace\n|\n|t:|1783557071\n|switch|p2a: Raging Bolt|Raging Bolt, L78|323/323\n|turn|23\n|inactive|Time left: 300 sec this turn | 300 sec total\n|\n|t:|1783557072\n|move|p1a: Suicune|Scald|p2a: Raging Bolt\n|-resisted|p2a: Raging Bolt\n|-damage|p2a: Raging Bolt|217/323\n|-status|p2a: Raging Bolt|brn\n|move|p2a: Raging Bolt|Volt Switch|p1a: Suicune\n|-supereffective|p1a: Suicune\n|-activate|p1a: Suicune|move: Substitute|[damage]\n|inactive|Time left: 300 sec this turn | 300 sec total | 5 sec grace\n|\n|t:|1783557073\n|-end|p2a: Raging Bolt|Protosynthesis|[silent]\n|switch|p2a: Misdreavus|Misdreavus, L90, F|45/254|[from] Volt Switch\n|\n|-heal|p1a: Suicune|40/100|[from] item: Leftovers\n|upkeep\n|turn|24\n|inactive|Time left: 300 sec this turn | 300 sec total\n|\n|t:|1783557074\n|move|p2a: Misdreavus|Will-O-Wisp||[still]\n|-fail|p2a: Misdreavus\n|move|p1a: Suicune|Scald|p2a: Misdreavus\n|-damage|p2a: Misdreavus|0 fnt\n|faint|p2a: Misdreavus\n|\n|-heal|p1a: Suicune|46/100|[from] item: Leftovers\n|upkeep\n|inactive|Time left: 300 sec this turn | 300 sec total | 5 sec grace\n|\n|t:|1783557075\n|switch|p2a: Raging Bolt|Raging Bolt, L78|217/323 brn\n|turn|25\n|inactive|Time left: 300 sec this turn | 300 sec total\n|\n|t:|1783557076\n|move|p1a: Suicune|Scald|p2a: Raging Bolt\n|-resisted|p2a: Raging Bolt\n|-damage|p2a: Raging Bolt|107/323 brn\n|move|p2a: Raging Bolt|Volt Switch|p1a: Suicune\n|-supereffective|p1a: Suicune\n|-end|p1a: Suicune|Substitute\n|inactive|Time left: 300 sec this turn | 300 sec total | 5 sec grace\n|\n|t:|1783557077\n|-end|p2a: Raging Bolt|Protosynthesis|[silent]\n|switch|p2a: Deoxys|Deoxys, L74|196/196|[from] Volt Switch\n|-ability|p2a: Deoxys|Pressure\n|\n|-heal|p1a: Suicune|53/100|[from] item: Leftovers\n|upkeep\n|turn|26\n|inactive|Time left: 300 sec this turn | 300 sec total\n|\n|t:|1783557079\n|move|p2a: Deoxys|Knock Off|p1a: Suicune\n|-damage|p1a: Suicune|25/100\n|-enditem|p1a: Suicune|Leftovers|[from] move: Knock Off|[of] p2a: Deoxys\n|-damage|p2a: Deoxys|177/196|[from] item: Life Orb\n|move|p1a: Suicune|Scald|p2a: Deoxys\n|-damage|p2a: Deoxys|0 fnt\n|faint|p2a: Deoxys\n|\n|upkeep\n|inactive|Time left: 300 sec this turn | 300 sec total | 5 sec grace\n|\n|t:|1783557080\n|switch|p2a: Delphox|Delphox, L84, M|263/263\n|turn|27\n|inactive|Time left: 300 sec this turn | 300 sec total\n|\n|t:|1783557081\n|-terastallize|p1a: Suicune|Steel\n|move|p2a: Delphox|Psyshock|p1a: Suicune\n|-resisted|p1a: Suicune\n|-damage|p1a: Suicune|11/100\n|move|p1a: Suicune|Scald|p2a: Delphox\n|-supereffective|p2a: Delphox\n|-damage|p2a: Delphox|0 fnt\n|faint|p2a: Delphox\n|\n|upkeep\n|inactive|Time left: 300 sec this turn | 300 sec total | 5 sec grace\n|\n|t:|1783557082\n|switch|p2a: Raging Bolt|Raging Bolt, L78|107/323 brn\n|turn|28\n|inactive|Time left: 300 sec this turn | 300 sec total\n|\n|t:|1783557083\n|move|p1a: Suicune|Scald|p2a: Raging Bolt\n|-resisted|p2a: Raging Bolt\n|-damage|p2a: Raging Bolt|0 fnt\n|faint|p2a: Raging Bolt\n|-end|p2a: Raging Bolt|Protosynthesis|[silent]\n|\n|upkeep\n|inactive|Time left: 300 sec this turn | 300 sec total | 5 sec grace\n|\n|t:|1783557083\n|switch|p2a: Kleavor|Kleavor, L78, F|237/237\n|turn|29\n|inactive|Time left: 300 sec this turn | 300 sec total\n|\n|t:|1783557084\n|-terastallize|p2a: Kleavor|Bug\n|move|p1a: Suicune|Scald|p2a: Kleavor\n|-damage|p2a: Kleavor|0 fnt\n|faint|p2a: Kleavor\n|\n|win|p0x1465c2f6", "uploadtime": 1783557084, "views": 0, "rating": 0, "private": 0, "password": null, "_winner": "p0x1465c2f6", "_our_name": "p0y146542aa"}