{"id": "battle-gen9randombattle-2248", "formatid": "gen9randombattle", "format": "[Gen 9] Random Battle", "players": ["p0x2248c05c", "p0y22488aef"], "log": "|init|battle\n|title|p0x2248c05c vs. p0y22488aef\n|j|\u2606p0x2248c05c\n|j|\u2606p0y22488aef\n|t:|1783565118\n|gametype|singles\n|player|p1|p0x2248c05c|1|\n|player|p2|p0y22488aef|2|\n|gen|9\n|tier|[Gen 9] Random Battle\n|rule|Species Clause: Limit one of each Pok\u00e9mon\n|rule|HP Percentage Mod: HP is shown in percentages\n|rule|Sleep Clause Mod: Limit one foe put to sleep\n|rule|Illusion Level Mod: Illusion disguises the Pok\u00e9mon's true level\n|\n|t:|1783565118\n|teamsize|p1|6\n|teamsize|p2|6\n|start\n|switch|p1a: Whimsicott|Whimsicott, L84, F|238/238\n|switch|p2a: Cryogonal|Cryogonal, L89|100/100\n|turn|1\n|inactive|Battle timer is ON: inactive players will automatically lose when time's up. (requested by p0y22488aef)\n|inactive|Time left: 300 sec this turn | 300 sec total | 60 sec grace\n|inactive|p0x2248c05c also wants the timer to be on.\n|\n|t:|1783565120\n|switch|p1a: Excadrill|Excadrill, L79, M|303/303\n|-ability|p1a: Excadrill|Mold Breaker\n|move|p2a: Cryogonal|Ice Beam|p1a: Excadrill\n|-damage|p1a: Excadrill|155/303\n|\n|-heal|p1a: Excadrill|173/303|[from] item: Leftovers\n|upkeep\n|turn|2\n|inactive|Time left: 300 sec this turn | 300 sec total\n|\n|t:|1783565121\n|move|p2a: Cryogonal|Ice Beam|p1a: Excadrill\n|-damage|p1a: Excadrill|29/303\n|move|p1a: Excadrill|Iron Head|p2a: Cryogonal\n|-supereffective|p2a: Cryogonal\n|-damage|p2a: Cryogonal|8/100\n|\n|-heal|p1a: Excadrill|47/303|[from] item: Leftovers\n|upkeep\n|turn|3\n|inactive|Time left: 300 sec this turn | 300 sec total\n|\n|t:|1783565122\n|move|p2a: Cryogonal|Ice Beam|p1a: Excadrill\n|-damage|p1a: Excadrill|0 fnt\n|faint|p1a: Excadrill\n|\n|upkeep\n|inactive|Time left: 300 sec this turn | 300 sec total | 5 sec grace\n|\n|t:|1783565123\n|switch|p1a: Kleavor|Kleavor, L78, M|237/237\n|turn|4\n|inactive|Time left: 300 sec this turn | 300 sec total\n|\n|t:|1783565124\n|move|p2a: Cryogonal|Ice Beam|p1a: Kleavor\n|-damage|p1a: Kleavor|98/237\n|move|p1a: Kleavor|Stone Axe|p2a: Cryogonal\n|-supereffective|p2a: Cryogonal\n|-damage|p2a: Cryogonal|0 fnt\n|-sidestart|p2: p0y22488aef|move: Stealth Rock\n|faint|p2a: Cryogonal\n|\n|upkeep\n|\n|t:|1783565125\n|switch|p2a: Revavroom|Revavroom, L79, M|100/100\n|-damage|p2a: Revavroom|94/100|[from] Stealth Rock\n|turn|5\n|inactive|Time left: 300 sec this turn | 300 sec total\n|\n|t:|1783565126\n|move|p2a: Revavroom|Shift Gear|p2a: Revavroom\n|-boost|p2a: Revavroom|spe|2\n|-boost|p2a: Revavroom|atk|1\n|move|p1a: Kleavor|Stone Axe|p2a: Revavroom\n|-resisted|p2a: Revavroom\n|-damage|p2a: Revavroom|58/100\n|\n|upkeep\n|turn|6\n|inactive|Time left: 300 sec this turn | 300 sec total\n|\n|t:|1783565127\n|switch|p1a: Drifblim|Drifblim, L86, M|398/398\n|move|p2a: Revavroom|Iron Head|p1a: Drifblim\n|-damage|p1a: Drifblim|145/398\n|-damage|p2a: Revavroom|48/100|[from] item: Life Orb\n|\n|upkeep\n|turn|7\n|inactive|Time left: 300 sec this turn | 300 sec total\n|\n|t:|1783565128\n|move|p2a: Revavroom|Iron Head|p1a: Drifblim\n|-damage|p1a: Drifblim|0 fnt\n|-damage|p2a: Revavroom|23/100|[from] ability: Aftermath|[of] p1a: Drifblim\n|faint|p1a: Drifblim\n|-damage|p2a: Revavroom|13/100|[from] item: Life Orb\n|\n|upkeep\n|inactive|Time left: 300 sec this turn | 300 sec total | 5 sec grace\n|\n|t:|1783565129\n|switch|p1a: Whimsicott|Whimsicott, L84, F|238/238\n|turn|8\n|inactive|Time left: 300 sec this turn | 300 sec total\n|\n|t:|1783565130\n|-terastallize|p1a: Whimsicott|Steel\n|move|p2a: Revavroom|Iron Head|p1a: Whimsicott\n|-resisted|p1a: Whimsicott\n|-damage|p1a: Whimsicott|151/238\n|-damage|p2a: Revavroom|3/100|[from] item: Life Orb\n|move|p1a: Whimsicott|Moonblast|p2a: Revavroom\n|-resisted|p2a: Revavroom\n|-damage|p2a: Revavroom|0 fnt\n|faint|p2a: Revavroom\n|\n|upkeep\n|\n|t:|1783565131\n|switch|p2a: Regirock|Regirock, L83|100/100\n|-damage|p2a: Regirock|88/100|[from] Stealth Rock\n|turn|9\n|inactive|Time left: 300 sec this turn | 300 sec total\n|\n|t:|1783565132\n|move|p1a: Whimsicott|Giga Drain|p2a: Regirock\n|-supereffective|p2a: Regirock\n|-damage|p2a: Regirock|46/100\n|-heal|p1a: Whimsicott|208/238|[from] drain|[of] p2a: Regirock\n|move|p2a: Regirock|Body Press|p1a: Whimsicott\n|-supereffective|p1a: Whimsicott\n|-damage|p1a: Whimsicott|0 fnt\n|faint|p1a: Whimsicott\n|\n|-heal|p2a: Regirock|52/100|[from] item: Leftovers\n|upkeep\n|inactive|Time left: 300 sec this turn | 300 sec total | 5 sec grace\n|\n|t:|1783565133\n|switch|p1a: Kleavor|Kleavor, L78, M|98/237\n|turn|10\n|inactive|Time left: 300 sec this turn | 300 sec total\n|\n|t:|1783565134\n|move|p1a: Kleavor|Close Combat|p2a: Regirock\n|-supereffective|p2a: Regirock\n|-damage|p2a: Regirock|0 fnt\n|-unboost|p1a: Kleavor|def|1\n|-unboost|p1a: Kleavor|spd|1\n|faint|p2a: Regirock\n|\n|upkeep\n|\n|t:|1783565135\n|switch|p2a: Dachsbun|Dachsbun, L92, F|100/100\n|-damage|p2a: Dachsbun|88/100|[from] Stealth Rock\n|turn|11\n|inactive|Time left: 300 sec this turn | 300 sec total\n|\n|t:|1783565136\n|switch|p1a: Scyther|Scyther, L82, M|249/249\n|move|p2a: Dachsbun|Play Rough|p1a: Scyther\n|-damage|p1a: Scyther|149/249\n|\n|-heal|p2a: Dachsbun|94/100|[from] item: Leftovers\n|upkeep\n|turn|12\n|inactive|Time left: 300 sec this turn | 300 sec total\n|\n|t:|1783565137\n|move|p2a: Dachsbun|Play Rough|p1a: Scyther\n|-damage|p1a: Scyther|32/249\n|move|p1a: Scyther|Dual Wingbeat|p2a: Dachsbun\n|-damage|p2a: Dachsbun|75/100\n|-damage|p2a: Dachsbun|55/100\n|-hitcount|p2a: Dachsbun|2\n|\n|-heal|p2a: Dachsbun|61/100|[from] item: Leftovers\n|upkeep\n|turn|13\n|inactive|Time left: 300 sec this turn | 300 sec total\n|\n|t:|1783565138\n|move|p2a: Dachsbun|Play Rough|p1a: Scyther\n|-damage|p1a: Scyther|0 fnt\n|faint|p1a: Scyther\n|\n|-heal|p2a: Dachsbun|67/100|[from] item: Leftovers\n|upkeep\n|inactive|Time left: 300 sec this turn | 300 sec total | 5 sec grace\n|\n|t:|1783565139\n|switch|p1a: Cinccino|Cinccino, L83, M|260/260\n|turn|14\n|inactive|Time left: 300 sec this turn | 300 sec total\n|\n|t:|1783565140\n|move|p1a: Cinccino|Tail Slap|p2a: Dachsbun\n|-damage|p2a: Dachsbun|56/100\n|-damage|p2a: Dachsbun|44/100\n|-damage|p2a: Dachsbun|33/100\n|-damage|p2a: Dachsbun|21/100\n|-hitcount|p2a: Dachsbun|4\n|move|p2a: Dachsbun|Play Rough|p1a: Cinccino|[miss]\n|-miss|p2a: Dachsbun|p1a: Cinccino\n|\n|-heal|p2a: Dachsbun|27/100|[from] item: Leftovers\n|upkeep\n|turn|15\n|inactive|Time left: 300 sec this turn | 300 sec total\n|\n|t:|1783565141\n|-terastallize|p2a: Dachsbun|Steel\n|move|p1a: Cinccino|Triple Axel|p2a: Dachsbun\n|-resisted|p2a: Dachsbun\n|-damage|p2a: Dachsbun|24/100\n|-resisted|p2a: Dachsbun\n|-damage|p2a: Dachsbun|18/100\n|-resisted|p2a: Dachsbun\n|-damage|p2a: Dachsbun|10/100\n|-hitcount|p2a: Dachsbun|3\n|move|p2a: Dachsbun|Play Rough|p1a: Cinccino\n|-damage|p1a: Cinccino|128/260\n|\n|-heal|p2a: Dachsbun|15/100|[from] item: Leftovers\n|upkeep\n|turn|16\n|inactive|Time left: 300 sec this turn | 300 sec total\n|\n|t:|1783565142\n|switch|p2a: Forretress|Forretress, L84, M|100/100\n|-damage|p2a: Forretress|88/100|[from] Stealth Rock\n|move|p1a: Cinccino|Tail Slap|p2a: Forretress\n|-resisted|p2a: Forretress\n|-damage|p2a: Forretress|83/100\n|-resisted|p2a: Forretress\n|-damage|p2a: Forretress|78/100\n|-resisted|p2a: Forretress\n|-damage|p2a: Forretress|73/100\n|-resisted|p2a: Forretress\n|-damage|p2a: Forretress|67/100\n|-hitcount|p2a: Forretress|4\n|\n|-heal|p2a: Forretress|74/100|[from] item: Leftovers\n|upkeep\n|turn|17\n|inactive|Time left: 300 sec this turn | 300 sec total\n|\n|t:|1783565143\n|move|p1a: Cinccino|Tail Slap|p2a: Forretress\n|-resisted|p2a: Forretress\n|-damage|p2a: Forretress|69/100\n|-resisted|p2a: Forretress\n|-damage|p2a: Forretress|63/100\n|-resisted|p2a: Forretress\n|-damage|p2a: Forretress|58/100\n|-resisted|p2a: Forretress\n|-damage|p2a: Forretress|53/100\n|-resisted|p2a: Forretress\n|-damage|p2a: Forretress|48/100\n|-hitcount|p2a: Forretress|5\n|move|p2a: Forretress|Iron Head|p1a: Cinccino\n|-damage|p1a: Cinccino|19/260\n|\n|-heal|p2a: Forretress|54/100|[from] item: Leftovers\n|upkeep\n|turn|18\n|inactive|Time left: 300 sec this turn | 300 sec total\n|\n|t:|1783565144\n|move|p1a: Cinccino|Triple Axel|p2a: Forretress\n|-resisted|p2a: Forretress\n|-damage|p2a: Forretress|52/100\n|-resisted|p2a: Forretress\n|-damage|p2a: Forretress|46/100\n|-resisted|p2a: Forretress\n|-damage|p2a: Forretress|39/100\n|-hitcount|p2a: Forretress|3\n|move|p2a: Forretress|Iron Head|p1a: Cinccino\n|-damage|p1a: Cinccino|0 fnt\n|faint|p1a: Cinccino\n|\n|-heal|p2a: Forretress|45/100|[from] item: Leftovers\n|upkeep\n|inactive|Time left: 300 sec this turn | 300 sec total | 5 sec grace\n|\n|t:|1783565144\n|switch|p1a: Kleavor|Kleavor, L78, M|98/237\n|turn|19\n|inactive|Time left: 300 sec this turn | 300 sec total\n|\n|t:|1783565145\n|move|p1a: Kleavor|Stone Axe|p2a: Forretress\n|-damage|p2a: Forretress|0 fnt\n|faint|p2a: Forretress\n|\n|upkeep\n|\n|t:|1783565146\n|switch|p2a: Feraligatr|Feraligatr, L79, F|100/100\n|-damage|p2a: Feraligatr|88/100|[from] Stealth Rock\n|turn|20\n|inactive|Time left: 300 sec this turn | 300 sec total\n|\n|t:|1783565147\n|move|p1a: Kleavor|Stone Axe|p2a: Feraligatr\n|-damage|p2a: Feraligatr|27/100\n|move|p2a: Feraligatr|Liquidation|p1a: Kleavor\n|-supereffective|p1a: Kleavor\n|-damage|p1a: Kleavor|0 fnt\n|faint|p1a: Kleavor\n|\n|win|p0y22488aef", "uploadtime": 1783565147, "views": 0, "rating": 0, "private": 0, "password": null, "_winner": "p0y22488aef", "_our_name": "p0x2248c05c"}