{"id": "battle-gen9randombattle-2266", "formatid": "gen9randombattle", "format": "[Gen 9] Random Battle", "players": ["p0x2266f1d8", "p0y226619e2"], "log": "|init|battle\n|title|p0x2266f1d8 vs. p0y226619e2\n|j|\u2606p0x2266f1d8\n|j|\u2606p0y226619e2\n|t:|1783565323\n|gametype|singles\n|player|p1|p0x2266f1d8|170|\n|player|p2|p0y226619e2|101|\n|gen|9\n|tier|[Gen 9] Random Battle\n|rule|Species Clause: Limit one of each Pok\u00e9mon\n|rule|HP Percentage Mod: HP is shown in percentages\n|rule|Sleep Clause Mod: Limit one foe put to sleep\n|rule|Illusion Level Mod: Illusion disguises the Pok\u00e9mon's true level\n|\n|t:|1783565323\n|teamsize|p1|6\n|teamsize|p2|6\n|start\n|switch|p1a: Weezing|Weezing, L88, F|100/100\n|switch|p2a: Terapagos|Terapagos, L77, F|265/265\n|-activate|p2a: Terapagos|ability: Tera Shift\n|detailschange|p2a: Terapagos|Terapagos-Terastal, L77, F\n|-heal|p2a: Terapagos|273/273|[silent]\n|turn|1\n|inactive|Battle timer is ON: inactive players will automatically lose when time's up. (requested by p0y226619e2)\n|inactive|p0x2266f1d8 also wants the timer to be on.\n|\n|t:|1783565325\n|switch|p2a: Squawkabilly|Squawkabilly-Blue, L85, M|278/278\n|move|p1a: Weezing|Toxic Spikes|p2a: Squawkabilly\n|-sidestart|p2: p0y226619e2|move: Toxic Spikes\n|\n|-status|p2a: Squawkabilly|brn|[from] item: Flame Orb\n|upkeep\n|turn|2\n|inactive|Time left: 300 sec this turn | 300 sec total\n|\n|t:|1783565327\n|move|p2a: Squawkabilly|Facade|p1a: Weezing\n|-damage|p1a: Weezing|28/100\n|move|p1a: Weezing|Pain Split|p2a: Squawkabilly\n|-sethp|p2a: Squawkabilly|175/278 brn|[from] move: Pain Split|[silent]\n|-sethp|p1a: Weezing|68/100|[from] move: Pain Split\n|\n|-heal|p1a: Weezing|75/100|[from] item: Leftovers\n|-damage|p2a: Squawkabilly|158/278 brn|[from] brn\n|upkeep\n|turn|3\n|inactive|Time left: 300 sec this turn | 300 sec total\n|\n|t:|1783565328\n|-terastallize|p2a: Squawkabilly|Normal\n|move|p2a: Squawkabilly|Facade|p1a: Weezing\n|-damage|p1a: Weezing|0 fnt\n|faint|p1a: Weezing\n|\n|-damage|p2a: Squawkabilly|141/278 brn|[from] brn\n|upkeep\n|\n|t:|1783565328\n|switch|p1a: Miraidon|Miraidon, L65|100/100\n|-fieldstart|move: Electric Terrain|[from] ability: Hadron Engine|[of] p1a: Miraidon\n|turn|4\n|inactive|Time left: 300 sec this turn | 300 sec total\n|\n|t:|1783565329\n|switch|p2a: Iron Crown|Iron Crown, L78|268/268\n|-activate|p2a: Iron Crown|ability: Quark Drive\n|-start|p2a: Iron Crown|quarkdrivespa\n|move|p1a: Miraidon|Electro Drift|p2a: Iron Crown\n|-damage|p2a: Iron Crown|69/268\n|\n|-heal|p2a: Iron Crown|85/268|[from] item: Leftovers\n|upkeep\n|turn|5\n|inactive|Time left: 300 sec this turn | 300 sec total\n|\n|t:|1783565330\n|move|p1a: Miraidon|Electro Drift|p2a: Iron Crown\n|-damage|p2a: Iron Crown|0 fnt\n|faint|p2a: Iron Crown\n|-end|p2a: Iron Crown|Quark Drive|[silent]\n|\n|upkeep\n|inactive|Time left: 300 sec this turn | 300 sec total | 5 sec grace\n|\n|t:|1783565331\n|switch|p2a: Iron Valiant|Iron Valiant, L78|244/244\n|-status|p2a: Iron Valiant|psn\n|-activate|p2a: Iron Valiant|ability: Quark Drive\n|-start|p2a: Iron Valiant|quarkdriveatk\n|turn|6\n|inactive|Time left: 300 sec this turn | 300 sec total\n|\n|t:|1783565332\n|switch|p1a: Skeledirge|Skeledirge, L79, M|100/100\n|move|p2a: Iron Valiant|Close Combat|p1a: Skeledirge\n|-immune|p1a: Skeledirge\n|\n|-damage|p2a: Iron Valiant|214/244 psn|[from] psn\n|upkeep\n|turn|7\n|inactive|Time left: 300 sec this turn | 300 sec total\n|\n|t:|1783565333\n|move|p2a: Iron Valiant|Knock Off|p1a: Skeledirge\n|-supereffective|p1a: Skeledirge\n|-damage|p1a: Skeledirge|18/100\n|-enditem|p1a: Skeledirge|Heavy-Duty Boots|[from] move: Knock Off|[of] p2a: Iron Valiant\n|-damage|p2a: Iron Valiant|190/244 psn|[from] item: Life Orb\n|move|p1a: Skeledirge|Torch Song|p2a: Iron Valiant\n|-damage|p2a: Iron Valiant|70/244 psn\n|-boost|p1a: Skeledirge|spa|1\n|\n|-damage|p2a: Iron Valiant|40/244 psn|[from] psn\n|upkeep\n|turn|8\n|inactive|Time left: 300 sec this turn | 300 sec total\n|\n|t:|1783565334\n|move|p2a: Iron Valiant|Moonblast|p1a: Skeledirge\n|-resisted|p1a: Skeledirge\n|-damage|p1a: Skeledirge|0 fnt\n|faint|p1a: Skeledirge\n|-damage|p2a: Iron Valiant|16/244 psn|[from] item: Life Orb\n|\n|-damage|p2a: Iron Valiant|0 fnt|[from] psn\n|faint|p2a: Iron Valiant\n|-end|p2a: Iron Valiant|Quark Drive|[silent]\n|-fieldend|move: Electric Terrain\n|upkeep\n|inactive|Time left: 300 sec this turn | 300 sec total | 5 sec grace\n|\n|t:|1783565335\n|switch|p2a: Terapagos|Terapagos-Terastal, L77, F|273/273\n|switch|p1a: Miraidon|Miraidon, L65|100/100\n|-fieldstart|move: Electric Terrain|[from] ability: Hadron Engine|[of] p1a: Miraidon\n|turn|9\n|inactive|Time left: 300 sec this turn | 300 sec total\n|\n|t:|1783565336\n|move|p1a: Miraidon|Electro Drift|p2a: Terapagos\n|-activate|p2a: Terapagos|ability: Tera Shell\n|-activate|p2a: Terapagos|ability: Tera Shell\n|-resisted|p2a: Terapagos\n|-damage|p2a: Terapagos|170/273\n|move|p2a: Terapagos|Rapid Spin|p1a: Miraidon\n|-damage|p1a: Miraidon|77/100\n|-boost|p2a: Terapagos|spe|1\n|-sideend|p2: p0y226619e2|Toxic Spikes|[from] move: Rapid Spin|[of] p2a: Terapagos\n|\n|upkeep\n|turn|10\n|inactive|Time left: 300 sec this turn | 300 sec total\n|\n|t:|1783565337\n|move|p2a: Terapagos|Calm Mind|p2a: Terapagos\n|-boost|p2a: Terapagos|spa|1\n|-boost|p2a: Terapagos|spd|1\n|move|p1a: Miraidon|Electro Drift|p2a: Terapagos\n|-damage|p2a: Terapagos|44/273\n|\n|upkeep\n|turn|11\n|inactive|Time left: 300 sec this turn | 300 sec total\n|\n|t:|1783565338\n|switch|p1a: Zapdos|Zapdos-Galar, L77|100/100\n|move|p2a: Terapagos|Tera Starstorm|p1a: Zapdos\n|-damage|p1a: Zapdos|35/100\n|\n|upkeep\n|turn|12\n|inactive|Time left: 300 sec this turn | 300 sec total\n|\n|t:|1783565339\n|move|p1a: Zapdos|Brave Bird|p2a: Terapagos\n|-damage|p2a: Terapagos|0 fnt\n|faint|p2a: Terapagos\n|-damage|p1a: Zapdos|29/100|[from] Recoil\n|\n|upkeep\n|inactive|Time left: 300 sec this turn | 300 sec total | 5 sec grace\n|\n|t:|1783565340\n|switch|p2a: Stonjourner|Stonjourner, L91, M|330/330\n|turn|13\n|inactive|Time left: 300 sec this turn | 300 sec total\n|\n|t:|1783565340\n|switch|p1a: Grumpig|Grumpig, L92, M|100/100\n|move|p2a: Stonjourner|Earthquake|p1a: Grumpig\n|-damage|p1a: Grumpig|48/100\n|-damage|p2a: Stonjourner|297/330|[from] item: Life Orb\n|\n|-fieldend|move: Electric Terrain\n|upkeep\n|turn|14\n|inactive|Time left: 300 sec this turn | 300 sec total\n|\n|t:|1783565341\n|switch|p2a: Bellibolt|Bellibolt, L84, M|320/320\n|move|p1a: Grumpig|Earth Power|p2a: Bellibolt\n|-supereffective|p2a: Bellibolt\n|-damage|p2a: Bellibolt|110/320\n|-unboost|p2a: Bellibolt|spd|1\n|-start|p2a: Bellibolt|Charge|Earth Power|[from] ability: Electromorphosis\n|\n|-heal|p2a: Bellibolt|130/320|[from] item: Leftovers\n|upkeep\n|turn|15\n|inactive|Time left: 300 sec this turn | 300 sec total\n|\n|t:|1783565342\n|move|p1a: Grumpig|Earth Power|p2a: Bellibolt\n|-supereffective|p2a: Bellibolt\n|-damage|p2a: Bellibolt|0 fnt\n|faint|p2a: Bellibolt\n|\n|upkeep\n|inactive|Time left: 300 sec this turn | 300 sec total | 5 sec grace\n|\n|t:|1783565343\n|switch|p2a: Squawkabilly|Squawkabilly-Blue, L85, M, tera:Normal|141/278 brn\n|turn|16\n|inactive|Time left: 300 sec this turn | 300 sec total\n|\n|t:|1783565344\n|move|p2a: Squawkabilly|Protect|p2a: Squawkabilly\n|-singleturn|p2a: Squawkabilly|Protect\n|move|p1a: Grumpig|Earth Power|p2a: Squawkabilly\n|-activate|p2a: Squawkabilly|move: Protect\n|\n|-damage|p2a: Squawkabilly|124/278 brn|[from] brn\n|upkeep\n|turn|17\n|inactive|Time left: 300 sec this turn | 300 sec total\n|\n|t:|1783565345\n|move|p2a: Squawkabilly|Protect||[still]\n|-fail|p2a: Squawkabilly\n|move|p1a: Grumpig|Earth Power|p2a: Squawkabilly\n|-damage|p2a: Squawkabilly|0 fnt\n|faint|p2a: Squawkabilly\n|\n|upkeep\n|inactive|Time left: 300 sec this turn | 300 sec total | 5 sec grace\n|\n|t:|1783565345\n|switch|p2a: Stonjourner|Stonjourner, L91, M|297/330\n|turn|18\n|inactive|Time left: 300 sec this turn | 300 sec total\n|\n|t:|1783565346\n|-terastallize|p1a: Grumpig|Fighting\n|move|p1a: Grumpig|Earth Power|p2a: Stonjourner\n|-supereffective|p2a: Stonjourner\n|-damage|p2a: Stonjourner|0 fnt\n|faint|p2a: Stonjourner\n|\n|win|p0x2266f1d8", "uploadtime": 1783565346, "views": 0, "rating": 0, "private": 0, "password": null, "_winner": "p0x2266f1d8", "_our_name": "p0y226619e2"}