{"id": "battle-gen9randombattle-1918", "formatid": "gen9randombattle", "format": "[Gen 9] Random Battle", "players": ["p0x19187378", "p0y1918f636"], "log": "|init|battle\n|title|p0x19187378 vs. p0y1918f636\n|j|\u2606p0x19187378\n|j|\u2606p0y1918f636\n|t:|1783561470\n|gametype|singles\n|player|p1|p0x19187378|102|\n|player|p2|p0y1918f636|170|\n|gen|9\n|tier|[Gen 9] Random Battle\n|rule|Species Clause: Limit one of each Pok\u00e9mon\n|rule|HP Percentage Mod: HP is shown in percentages\n|rule|Sleep Clause Mod: Limit one foe put to sleep\n|rule|Illusion Level Mod: Illusion disguises the Pok\u00e9mon's true level\n|\n|t:|1783561470\n|teamsize|p1|6\n|teamsize|p2|6\n|start\n|switch|p1a: Delphox|Delphox, L84, M|263/263\n|switch|p2a: Smeargle|Smeargle, L95, M|100/100\n|turn|1\n|inactive|Battle timer is ON: inactive players will automatically lose when time's up. (requested by p0x19187378)\n|inactive|p0y1918f636 also wants the timer to be on.\n|\n|t:|1783561471\n|move|p1a: Delphox|Fire Blast|p2a: Smeargle\n|-enditem|p2a: Smeargle|Focus Sash\n|-damage|p2a: Smeargle|1/100\n|move|p2a: Smeargle|Sticky Web|p1a: Delphox\n|-sidestart|p1: p0x19187378|move: Sticky Web\n|\n|upkeep\n|turn|2\n|inactive|Time left: 300 sec this turn | 300 sec total\n|\n|t:|1783561472\n|move|p1a: Delphox|Fire Blast|p2a: Smeargle|[miss]\n|-miss|p1a: Delphox|p2a: Smeargle\n|move|p2a: Smeargle|Spore|p1a: Delphox\n|-status|p1a: Delphox|slp|[from] move: Spore\n|\n|upkeep\n|turn|3\n|inactive|Time left: 300 sec this turn | 300 sec total\n|\n|t:|1783561473\n|cant|p1a: Delphox|slp\n|move|p2a: Smeargle|Ceaseless Edge|p1a: Delphox\n|-supereffective|p1a: Delphox\n|-damage|p1a: Delphox|211/263 slp\n|-sidestart|p1: p0x19187378|Spikes\n|\n|upkeep\n|turn|4\n|inactive|Time left: 300 sec this turn | 300 sec total\n|\n|t:|1783561474\n|switch|p2a: Krookodile|Krookodile, L79, F|100/100\n|-ability|p2a: Krookodile|Intimidate|boost\n|-unboost|p1a: Delphox|atk|1\n|cant|p1a: Delphox|slp\n|\n|upkeep\n|turn|5\n|inactive|Time left: 300 sec this turn | 300 sec total\n|\n|t:|1783561476\n|-curestatus|p1a: Delphox|slp|[msg]\n|move|p1a: Delphox|Fire Blast|p2a: Krookodile|[miss]\n|-miss|p1a: Delphox|p2a: Krookodile\n|move|p2a: Krookodile|Knock Off|p1a: Delphox\n|-supereffective|p1a: Delphox\n|-damage|p1a: Delphox|0 fnt\n|-enditem|p1a: Delphox|Choice Specs|[from] move: Knock Off|[of] p2a: Krookodile\n|faint|p1a: Delphox\n|\n|upkeep\n|inactive|Time left: 300 sec this turn | 300 sec total | 5 sec grace\n|\n|t:|1783561477\n|switch|p1a: Milotic|Milotic, L83, M|293/293\n|-activate|p1a: Milotic|move: Sticky Web\n|-unboost|p1a: Milotic|spe|1\n|-ability|p1a: Milotic|Competitive|boost\n|-boost|p1a: Milotic|spa|2\n|-damage|p1a: Milotic|257/293|[from] Spikes\n|turn|6\n|inactive|Time left: 300 sec this turn | 300 sec total\n|\n|t:|1783561478\n|switch|p2a: Smeargle|Smeargle, L95, M|1/100\n|move|p1a: Milotic|Scald|p2a: Smeargle\n|-damage|p2a: Smeargle|0 fnt\n|faint|p2a: Smeargle\n|\n|-heal|p1a: Milotic|275/293|[from] item: Leftovers\n|upkeep\n|\n|t:|1783561479\n|switch|p2a: Floatzel|Floatzel, L86, F|100/100\n|turn|7\n|inactive|Time left: 300 sec this turn | 300 sec total\n|\n|t:|1783561480\n|move|p2a: Floatzel|Bulk Up|p2a: Floatzel\n|-boost|p2a: Floatzel|atk|1\n|-boost|p2a: Floatzel|def|1\n|move|p1a: Milotic|Scald|p2a: Floatzel\n|-resisted|p2a: Floatzel\n|-damage|p2a: Floatzel|61/100\n|\n|-heal|p2a: Floatzel|67/100|[from] item: Leftovers\n|-heal|p1a: Milotic|293/293|[from] item: Leftovers\n|upkeep\n|turn|8\n|inactive|Time left: 300 sec this turn | 300 sec total\n|\n|t:|1783561481\n|move|p2a: Floatzel|Bulk Up|p2a: Floatzel\n|-boost|p2a: Floatzel|atk|1\n|-boost|p2a: Floatzel|def|1\n|move|p1a: Milotic|Scald|p2a: Floatzel\n|-resisted|p2a: Floatzel\n|-damage|p2a: Floatzel|24/100\n|\n|-heal|p2a: Floatzel|30/100|[from] item: Leftovers\n|upkeep\n|turn|9\n|inactive|Time left: 300 sec this turn | 300 sec total\n|\n|t:|1783561482\n|move|p2a: Floatzel|Wave Crash|p1a: Milotic\n|-resisted|p1a: Milotic\n|-damage|p1a: Milotic|151/293\n|-damage|p2a: Floatzel|14/100|[from] Recoil\n|move|p1a: Milotic|Ice Beam|p2a: Floatzel\n|-resisted|p2a: Floatzel\n|-damage|p2a: Floatzel|0 fnt\n|faint|p2a: Floatzel\n|\n|-heal|p1a: Milotic|169/293|[from] item: Leftovers\n|upkeep\n|\n|t:|1783561483\n|switch|p2a: Krookodile|Krookodile, L79, F|100/100\n|-ability|p2a: Krookodile|Intimidate|boost\n|-unboost|p1a: Milotic|atk|1\n|-ability|p1a: Milotic|Competitive|boost\n|-boost|p1a: Milotic|spa|2\n|turn|10\n|inactive|Time left: 300 sec this turn | 300 sec total\n|\n|t:|1783561484\n|move|p2a: Krookodile|Earthquake|p1a: Milotic\n|-damage|p1a: Milotic|0 fnt\n|faint|p1a: Milotic\n|\n|upkeep\n|inactive|Time left: 300 sec this turn | 300 sec total | 5 sec grace\n|\n|t:|1783561485\n|switch|p1a: Hoopa|Hoopa, L85|275/275\n|-activate|p1a: Hoopa|move: Sticky Web\n|-unboost|p1a: Hoopa|spe|1\n|-damage|p1a: Hoopa|241/275|[from] Spikes\n|turn|11\n|inactive|Time left: 300 sec this turn | 300 sec total\n|\n|t:|1783561486\n|-terastallize|p1a: Hoopa|Fighting\n|move|p2a: Krookodile|Earthquake|p1a: Hoopa\n|-damage|p1a: Hoopa|30/275\n|move|p1a: Hoopa|Focus Blast|p2a: Krookodile|[miss]\n|-miss|p1a: Hoopa|p2a: Krookodile\n|\n|upkeep\n|turn|12\n|inactive|Time left: 300 sec this turn | 300 sec total\n|\n|t:|1783561487\n|move|p2a: Krookodile|Earthquake|p1a: Hoopa\n|-damage|p1a: Hoopa|0 fnt\n|faint|p1a: Hoopa\n|\n|upkeep\n|inactive|Time left: 300 sec this turn | 300 sec total | 5 sec grace\n|\n|t:|1783561488\n|switch|p1a: Persian|Persian, L92, M|269/269\n|-activate|p1a: Persian|move: Sticky Web\n|-unboost|p1a: Persian|spe|1\n|-damage|p1a: Persian|236/269|[from] Spikes\n|turn|13\n|inactive|Time left: 300 sec this turn | 300 sec total\n|\n|t:|1783561488\n|-terastallize|p2a: Krookodile|Ground\n|move|p1a: Persian|Fake Out|p2a: Krookodile\n|-damage|p2a: Krookodile|72/100\n|cant|p2a: Krookodile|flinch\n|\n|upkeep\n|turn|14\n|inactive|Time left: 300 sec this turn | 300 sec total\n|\n|t:|1783561489\n|move|p2a: Krookodile|Earthquake|p1a: Persian\n|-damage|p1a: Persian|0 fnt\n|faint|p1a: Persian\n|\n|upkeep\n|inactive|Time left: 300 sec this turn | 300 sec total | 5 sec grace\n|\n|t:|1783561490\n|switch|p1a: Blissey|Blissey, L85, F|572/572\n|-activate|p1a: Blissey|move: Sticky Web\n|-unboost|p1a: Blissey|spe|1\n|-damage|p1a: Blissey|501/572|[from] Spikes\n|turn|15\n|inactive|Time left: 300 sec this turn | 300 sec total\n|\n|t:|1783561491\n|move|p2a: Krookodile|Earthquake|p1a: Blissey\n|-damage|p1a: Blissey|0 fnt\n|faint|p1a: Blissey\n|\n|upkeep\n|inactive|Time left: 300 sec this turn | 300 sec total | 5 sec grace\n|\n|t:|1783561491\n|switch|p1a: Zebstrika|Zebstrika, L87, M|272/272\n|-activate|p1a: Zebstrika|move: Sticky Web\n|-unboost|p1a: Zebstrika|spe|1\n|-damage|p1a: Zebstrika|238/272|[from] Spikes\n|turn|16\n|inactive|Time left: 300 sec this turn | 300 sec total\n|\n|t:|1783561492\n|move|p2a: Krookodile|Earthquake|p1a: Zebstrika\n|-supereffective|p1a: Zebstrika\n|-damage|p1a: Zebstrika|0 fnt\n|faint|p1a: Zebstrika\n|\n|win|p0y1918f636", "uploadtime": 1783561492, "views": 0, "rating": 0, "private": 0, "password": null, "_winner": "p0y1918f636", "_our_name": "p0x19187378"}