{"id": "battle-gen9randombattle-2187", "formatid": "gen9randombattle", "format": "[Gen 9] Random Battle", "players": ["p0x21876182", "p0y2187c000"], "log": "|init|battle\n|title|p0x21876182 vs. p0y2187c000\n|j|\u2606p0x21876182\n|j|\u2606p0y2187c000\n|t:|1783564441\n|gametype|singles\n|player|p1|p0x21876182|1|\n|player|p2|p0y2187c000|265|\n|gen|9\n|tier|[Gen 9] Random Battle\n|rule|Species Clause: Limit one of each Pok\u00e9mon\n|rule|HP Percentage Mod: HP is shown in percentages\n|rule|Sleep Clause Mod: Limit one foe put to sleep\n|rule|Illusion Level Mod: Illusion disguises the Pok\u00e9mon's true level\n|\n|t:|1783564441\n|teamsize|p1|6\n|teamsize|p2|6\n|start\n|switch|p1a: Garchomp|Garchomp, L74, M|282/282\n|switch|p2a: Gholdengo|Gholdengo, L77|100/100\n|turn|1\n|inactive|Battle timer is ON: inactive players will automatically lose when time's up. (requested by p0x21876182)\n|inactive|p0y2187c000 also wants the timer to be on.\n|\n|t:|1783564443\n|switch|p2a: Ninetales|Ninetales-Alola, L78, F|100/100\n|-weather|Snowscape|[from] ability: Snow Warning|[of] p2a: Ninetales\n|move|p1a: Garchomp|Swords Dance|p1a: Garchomp\n|-boost|p1a: Garchomp|atk|2\n|\n|-weather|Snowscape|[upkeep]\n|upkeep\n|turn|2\n|inactive|Time left: 300 sec this turn | 300 sec total\n|\n|t:|1783564444\n|-terastallize|p1a: Garchomp|Fire\n|move|p2a: Ninetales|Aurora Veil|p2a: Ninetales\n|-sidestart|p2: p0y2187c000|move: Aurora Veil\n|move|p1a: Garchomp|Fire Fang|p2a: Ninetales\n|-supereffective|p2a: Ninetales\n|-damage|p2a: Ninetales|58/100\n|\n|-weather|Snowscape|[upkeep]\n|upkeep\n|turn|3\n|inactive|Time left: 300 sec this turn | 300 sec total\n|\n|t:|1783564445\n|switch|p2a: Whiscash|Whiscash, L88, M|100/100\n|move|p1a: Garchomp|Earthquake|p2a: Whiscash\n|-damage|p2a: Whiscash|64/100\n|\n|-weather|Snowscape|[upkeep]\n|-heal|p2a: Whiscash|70/100|[from] item: Leftovers\n|upkeep\n|turn|4\n|inactive|Time left: 300 sec this turn | 300 sec total\n|\n|t:|1783564446\n|move|p1a: Garchomp|Earthquake|p2a: Whiscash\n|-damage|p2a: Whiscash|38/100\n|move|p2a: Whiscash|Earthquake|p1a: Garchomp\n|-supereffective|p1a: Garchomp\n|-damage|p1a: Garchomp|84/282\n|\n|-weather|Snowscape|[upkeep]\n|-heal|p2a: Whiscash|44/100|[from] item: Leftovers\n|upkeep\n|turn|5\n|inactive|Time left: 300 sec this turn | 300 sec total\n|\n|t:|1783564447\n|move|p1a: Garchomp|Earthquake|p2a: Whiscash\n|-crit|p2a: Whiscash\n|-damage|p2a: Whiscash|0 fnt\n|faint|p2a: Whiscash\n|\n|-weather|none\n|upkeep\n|\n|t:|1783564448\n|switch|p2a: Terrakion|Terrakion, L79|100/100\n|turn|6\n|inactive|Time left: 300 sec this turn | 300 sec total\n|\n|t:|1783564449\n|move|p2a: Terrakion|Stone Edge|p1a: Garchomp\n|-supereffective|p1a: Garchomp\n|-damage|p1a: Garchomp|0 fnt\n|faint|p1a: Garchomp\n|\n|upkeep\n|inactive|Time left: 300 sec this turn | 300 sec total | 5 sec grace\n|\n|t:|1783564450\n|switch|p1a: Swampert|Swampert, L83, F|302/302\n|turn|7\n|inactive|Time left: 300 sec this turn | 300 sec total\n|\n|t:|1783564452\n|move|p2a: Terrakion|Stone Edge|p1a: Swampert\n|-resisted|p1a: Swampert\n|-damage|p1a: Swampert|211/302\n|move|p1a: Swampert|Stealth Rock|p2a: Terrakion\n|-sidestart|p2: p0y2187c000|move: Stealth Rock\n|\n|-heal|p1a: Swampert|229/302|[from] item: Leftovers\n|upkeep\n|turn|8\n|inactive|Time left: 300 sec this turn | 300 sec total\n|\n|t:|1783564453\n|move|p2a: Terrakion|Stone Edge|p1a: Swampert\n|-resisted|p1a: Swampert\n|-damage|p1a: Swampert|148/302\n|move|p1a: Swampert|Earthquake|p2a: Terrakion\n|-supereffective|p2a: Terrakion\n|-damage|p2a: Terrakion|55/100\n|\n|-heal|p1a: Swampert|166/302|[from] item: Leftovers\n|upkeep\n|turn|9\n|inactive|Time left: 300 sec this turn | 300 sec total\n|\n|t:|1783564454\n|move|p2a: Terrakion|Stone Edge|p1a: Swampert|[miss]\n|-miss|p2a: Terrakion|p1a: Swampert\n|move|p1a: Swampert|Earthquake|p2a: Terrakion\n|-supereffective|p2a: Terrakion\n|-damage|p2a: Terrakion|11/100\n|\n|-heal|p1a: Swampert|184/302|[from] item: Leftovers\n|-sideend|p2: p0y2187c000|move: Aurora Veil\n|upkeep\n|turn|10\n|inactive|Time left: 300 sec this turn | 300 sec total\n|\n|t:|1783564456\n|move|p2a: Terrakion|Stone Edge|p1a: Swampert\n|-resisted|p1a: Swampert\n|-damage|p1a: Swampert|103/302\n|move|p1a: Swampert|Earthquake|p2a: Terrakion\n|-supereffective|p2a: Terrakion\n|-damage|p2a: Terrakion|0 fnt\n|faint|p2a: Terrakion\n|\n|-heal|p1a: Swampert|121/302|[from] item: Leftovers\n|upkeep\n|\n|t:|1783564457\n|switch|p2a: Ninetales|Ninetales-Alola, L78, F|58/100\n|-damage|p2a: Ninetales|34/100|[from] Stealth Rock\n|-weather|Snowscape|[from] ability: Snow Warning|[of] p2a: Ninetales\n|turn|11\n|inactive|Time left: 300 sec this turn | 300 sec total\n|\n|t:|1783564458\n|move|p2a: Ninetales|Aurora Veil|p2a: Ninetales\n|-sidestart|p2: p0y2187c000|move: Aurora Veil\n|move|p1a: Swampert|Earthquake|p2a: Ninetales\n|-damage|p2a: Ninetales|15/100\n|\n|-weather|Snowscape|[upkeep]\n|-heal|p1a: Swampert|139/302|[from] item: Leftovers\n|upkeep\n|turn|12\n|inactive|Time left: 300 sec this turn | 300 sec total\n|\n|t:|1783564459\n|move|p2a: Ninetales|Blizzard|p1a: Swampert\n|-damage|p1a: Swampert|52/302\n|move|p1a: Swampert|Earthquake|p2a: Ninetales\n|-damage|p2a: Ninetales|0 fnt\n|faint|p2a: Ninetales\n|\n|-weather|Snowscape|[upkeep]\n|-heal|p1a: Swampert|70/302|[from] item: Leftovers\n|upkeep\n|\n|t:|1783564460\n|switch|p2a: Venomoth|Venomoth, L84, M|100/100\n|turn|13\n|inactive|Time left: 300 sec this turn | 300 sec total\n|\n|t:|1783564461\n|switch|p1a: Eelektross|Eelektross, L87, F|290/290\n|move|p2a: Venomoth|Quiver Dance|p2a: Venomoth\n|-boost|p2a: Venomoth|spa|1\n|-boost|p2a: Venomoth|spd|1\n|-boost|p2a: Venomoth|spe|1\n|\n|-weather|Snowscape|[upkeep]\n|upkeep\n|turn|14\n|inactive|Time left: 300 sec this turn | 300 sec total\n|\n|t:|1783564462\n|move|p2a: Venomoth|Quiver Dance|p2a: Venomoth\n|-boost|p2a: Venomoth|spa|1\n|-boost|p2a: Venomoth|spd|1\n|-boost|p2a: Venomoth|spe|1\n|move|p1a: Eelektross|Knock Off|p2a: Venomoth\n|-damage|p2a: Venomoth|78/100\n|-enditem|p2a: Venomoth|Heavy-Duty Boots|[from] move: Knock Off|[of] p1a: Eelektross\n|\n|-weather|Snowscape|[upkeep]\n|upkeep\n|turn|15\n|inactive|Time left: 300 sec this turn | 300 sec total\n|\n|t:|1783564463\n|switch|p1a: Swampert|Swampert, L83, F|70/302\n|move|p2a: Venomoth|Bug Buzz|p1a: Swampert\n|-damage|p1a: Swampert|0 fnt\n|faint|p1a: Swampert\n|\n|-weather|none\n|upkeep\n|inactive|Time left: 300 sec this turn | 300 sec total | 5 sec grace\n|\n|t:|1783564464\n|switch|p1a: Dudunsparce|Dudunsparce, L83, F|343/343\n|turn|16\n|inactive|Time left: 300 sec this turn | 300 sec total\n|\n|t:|1783564465\n|move|p2a: Venomoth|Bug Buzz|p1a: Dudunsparce\n|-damage|p1a: Dudunsparce|126/343\n|-unboost|p1a: Dudunsparce|spd|1\n|move|p1a: Dudunsparce|Roost|p1a: Dudunsparce\n|-heal|p1a: Dudunsparce|298/343\n|-singleturn|p1a: Dudunsparce|move: Roost\n|\n|-heal|p1a: Dudunsparce|319/343|[from] item: Leftovers\n|upkeep\n|turn|17\n|inactive|Time left: 300 sec this turn | 300 sec total\n|\n|t:|1783564466\n|switch|p1a: Eelektross|Eelektross, L87, F|290/290\n|move|p2a: Venomoth|Sludge Wave|p1a: Eelektross\n|-damage|p1a: Eelektross|82/290\n|\n|-heal|p1a: Eelektross|100/290|[from] item: Leftovers\n|upkeep\n|turn|18\n|inactive|Time left: 300 sec this turn | 300 sec total\n|\n|t:|1783564467\n|move|p2a: Venomoth|Sludge Wave|p1a: Eelektross\n|-damage|p1a: Eelektross|0 fnt\n|faint|p1a: Eelektross\n|\n|-sideend|p2: p0y2187c000|move: Aurora Veil\n|upkeep\n|inactive|Time left: 300 sec this turn | 300 sec total | 5 sec grace\n|\n|t:|1783564468\n|switch|p1a: Bombirdier|Bombirdier, L85, M|258/258\n|turn|19\n|inactive|Time left: 300 sec this turn | 300 sec total\n|\n|t:|1783564468\n|move|p2a: Venomoth|Sleep Powder|p1a: Bombirdier|[miss]\n|-miss|p2a: Venomoth|p1a: Bombirdier\n|move|p1a: Bombirdier|Brave Bird|p2a: Venomoth\n|-supereffective|p2a: Venomoth\n|-damage|p2a: Venomoth|0 fnt\n|faint|p2a: Venomoth\n|-damage|p1a: Bombirdier|193/258|[from] Recoil\n|\n|upkeep\n|\n|t:|1783564469\n|switch|p2a: Azumarill|Azumarill, L82, M|100/100\n|-damage|p2a: Azumarill|88/100|[from] Stealth Rock\n|turn|20\n|inactive|Time left: 300 sec this turn | 300 sec total\n|\n|t:|1783564470\n|move|p1a: Bombirdier|Knock Off|p2a: Azumarill\n|-resisted|p2a: Azumarill\n|-damage|p2a: Azumarill|67/100\n|-enditem|p2a: Azumarill|Sitrus Berry|[from] move: Knock Off|[of] p1a: Bombirdier\n|move|p2a: Azumarill|Play Rough|p1a: Bombirdier\n|-supereffective|p1a: Bombirdier\n|-damage|p1a: Bombirdier|0 fnt\n|faint|p1a: Bombirdier\n|\n|upkeep\n|inactive|Time left: 300 sec this turn | 300 sec total | 5 sec grace\n|\n|t:|1783564471\n|switch|p1a: Rotom|Rotom-Mow, L87|229/229\n|turn|21\n|inactive|Time left: 300 sec this turn | 300 sec total\n|\n|t:|1783564472\n|switch|p2a: Gholdengo|Gholdengo, L77|100/100\n|-damage|p2a: Gholdengo|94/100|[from] Stealth Rock\n|move|p1a: Rotom|Thunderbolt|p2a: Gholdengo\n|-damage|p2a: Gholdengo|48/100\n|\n|-heal|p2a: Gholdengo|54/100|[from] item: Leftovers\n|upkeep\n|turn|22\n|inactive|Time left: 300 sec this turn | 300 sec total\n|\n|t:|1783564473\n|move|p1a: Rotom|Thunderbolt|p2a: Gholdengo\n|-damage|p2a: Gholdengo|8/100\n|move|p2a: Gholdengo|Recover|p2a: Gholdengo\n|-heal|p2a: Gholdengo|58/100\n|\n|-heal|p2a: Gholdengo|64/100|[from] item: Leftovers\n|upkeep\n|turn|23\n|inactive|Time left: 300 sec this turn | 300 sec total\n|\n|t:|1783564473\n|move|p1a: Rotom|Thunderbolt|p2a: Gholdengo\n|-damage|p2a: Gholdengo|17/100\n|move|p2a: Gholdengo|Recover|p2a: Gholdengo\n|-heal|p2a: Gholdengo|67/100\n|\n|-heal|p2a: Gholdengo|73/100|[from] item: Leftovers\n|upkeep\n|turn|24\n|inactive|Time left: 300 sec this turn | 300 sec total\n|\n|t:|1783564474\n|move|p1a: Rotom|Thunderbolt|p2a: Gholdengo\n|-damage|p2a: Gholdengo|32/100\n|move|p2a: Gholdengo|Recover|p2a: Gholdengo\n|-heal|p2a: Gholdengo|82/100\n|\n|-heal|p2a: Gholdengo|88/100|[from] item: Leftovers\n|upkeep\n|turn|25\n|inactive|Time left: 300 sec this turn | 300 sec total\n|\n|t:|1783564475\n|move|p1a: Rotom|Thunderbolt|p2a: Gholdengo\n|-damage|p2a: Gholdengo|40/100\n|move|p2a: Gholdengo|Shadow Ball|p1a: Rotom\n|-damage|p1a: Rotom|148/229\n|\n|-heal|p2a: Gholdengo|46/100|[from] item: Leftovers\n|upkeep\n|turn|26\n|inactive|Time left: 300 sec this turn | 300 sec total\n|\n|t:|1783564476\n|move|p1a: Rotom|Thunderbolt|p2a: Gholdengo\n|-damage|p2a: Gholdengo|4/100\n|move|p2a: Gholdengo|Recover|p2a: Gholdengo\n|-heal|p2a: Gholdengo|54/100\n|\n|-heal|p2a: Gholdengo|60/100|[from] item: Leftovers\n|upkeep\n|turn|27\n|inactive|Time left: 300 sec this turn | 300 sec total\n|\n|t:|1783564477\n|move|p1a: Rotom|Thunderbolt|p2a: Gholdengo\n|-damage|p2a: Gholdengo|19/100\n|move|p2a: Gholdengo|Recover|p2a: Gholdengo\n|-heal|p2a: Gholdengo|69/100\n|\n|-heal|p2a: Gholdengo|75/100|[from] item: Leftovers\n|upkeep\n|turn|28\n|inactive|Time left: 300 sec this turn | 300 sec total\n|\n|t:|1783564478\n|move|p1a: Rotom|Thunderbolt|p2a: Gholdengo\n|-damage|p2a: Gholdengo|34/100\n|move|p2a: Gholdengo|Recover|p2a: Gholdengo\n|-heal|p2a: Gholdengo|84/100\n|\n|-heal|p2a: Gholdengo|91/100|[from] item: Leftovers\n|upkeep\n|turn|29\n|inactive|Time left: 300 sec this turn | 300 sec total\n|\n|t:|1783564479\n|move|p1a: Rotom|Thunderbolt|p2a: Gholdengo\n|-damage|p2a: Gholdengo|43/100\n|move|p2a: Gholdengo|Shadow Ball|p1a: Rotom\n|-damage|p1a: Rotom|76/229\n|\n|-heal|p2a: Gholdengo|49/100|[from] item: Leftovers\n|upkeep\n|turn|30\n|inactive|Time left: 300 sec this turn | 300 sec total\n|\n|t:|1783564480\n|move|p1a: Rotom|Thunderbolt|p2a: Gholdengo\n|-damage|p2a: Gholdengo|4/100\n|move|p2a: Gholdengo|Shadow Ball|p1a: Rotom\n|-damage|p1a: Rotom|4/229\n|\n|-heal|p2a: Gholdengo|10/100|[from] item: Leftovers\n|upkeep\n|turn|31\n|inactive|Time left: 300 sec this turn | 300 sec total\n|\n|t:|1783564481\n|move|p1a: Rotom|Thunderbolt|p2a: Gholdengo\n|-damage|p2a: Gholdengo|0 fnt\n|faint|p2a: Gholdengo\n|\n|upkeep\n|\n|t:|1783564482\n|switch|p2a: Azumarill|Azumarill, L82, M|67/100\n|-damage|p2a: Azumarill|55/100|[from] Stealth Rock\n|turn|32\n|inactive|Time left: 300 sec this turn | 300 sec total\n|\n|t:|1783564483\n|move|p2a: Azumarill|Aqua Jet|p1a: Rotom\n|-resisted|p1a: Rotom\n|-damage|p1a: Rotom|0 fnt\n|faint|p1a: Rotom\n|\n|upkeep\n|inactive|Time left: 300 sec this turn | 300 sec total | 5 sec grace\n|\n|t:|1783564484\n|switch|p1a: Dudunsparce|Dudunsparce, L83, F|319/343\n|turn|33\n|inactive|Time left: 300 sec this turn | 300 sec total\n|\n|t:|1783564485\n|move|p1a: Dudunsparce|Headbutt|p2a: Azumarill\n|-damage|p2a: Azumarill|27/100\n|move|p2a: Azumarill|Liquidation|p1a: Dudunsparce\n|-damage|p1a: Dudunsparce|193/343\n|-unboost|p1a: Dudunsparce|def|1\n|\n|-heal|p1a: Dudunsparce|214/343|[from] item: Leftovers\n|upkeep\n|turn|34\n|inactive|Time left: 300 sec this turn | 300 sec total\n|\n|t:|1783564486\n|-terastallize|p2a: Azumarill|Water\n|move|p1a: Dudunsparce|Headbutt|p2a: Azumarill\n|-damage|p2a: Azumarill|1/100\n|move|p2a: Azumarill|Liquidation|p1a: Dudunsparce\n|-damage|p1a: Dudunsparce|0 fnt\n|faint|p1a: Dudunsparce\n|\n|win|p0y2187c000", "uploadtime": 1783564486, "views": 0, "rating": 0, "private": 0, "password": null, "_winner": "p0y2187c000", "_our_name": "p0x21876182"}