{"id": "battle-gen9randombattle-176", "formatid": "gen9randombattle", "format": "[Gen 9] Random Battle", "players": ["p0x176375f", "p0y1760ae7"], "log": "|init|battle\n|title|p0x176375f vs. p0y1760ae7\n|j|\u2606p0x176375f\n|j|\u2606p0y1760ae7\n|t:|1783541621\n|gametype|singles\n|player|p1|p0x176375f|101|\n|player|p2|p0y1760ae7|102|\n|gen|9\n|tier|[Gen 9] Random Battle\n|rule|Species Clause: Limit one of each Pok\u00e9mon\n|rule|HP Percentage Mod: HP is shown in percentages\n|rule|Sleep Clause Mod: Limit one foe put to sleep\n|rule|Illusion Level Mod: Illusion disguises the Pok\u00e9mon's true level\n|\n|t:|1783541621\n|teamsize|p1|6\n|teamsize|p2|6\n|start\n|switch|p1a: Braviary|Braviary, L85, M|309/309\n|switch|p2a: Landorus|Landorus, L75, M|100/100\n|turn|1\n|inactive|Battle timer is ON: inactive players will automatically lose when time's up. (requested by p0x176375f)\n|inactive|p0y1760ae7 also wants the timer to be on.\n|\n|t:|1783541622\n|move|p2a: Landorus|Stealth Rock|p1a: Braviary\n|-sidestart|p1: p0x176375f|move: Stealth Rock\n|move|p1a: Braviary|Brave Bird|p2a: Landorus\n|-damage|p2a: Landorus|32/100\n|-damage|p1a: Braviary|251/309|[from] Recoil\n|\n|upkeep\n|turn|2\n|inactive|Time left: 300 sec this turn | 300 sec total\n|\n|t:|1783541623\n|switch|p2a: Golurk|Golurk, L87|100/100\n|move|p1a: Braviary|Brave Bird|p2a: Golurk\n|-damage|p2a: Golurk|43/100\n|-damage|p1a: Braviary|194/309|[from] Recoil\n|\n|upkeep\n|turn|3\n|inactive|Time left: 300 sec this turn | 300 sec total\n|\n|t:|1783541624\n|move|p1a: Braviary|Brave Bird|p2a: Golurk\n|-damage|p2a: Golurk|0 fnt\n|faint|p2a: Golurk\n|-damage|p1a: Braviary|153/309|[from] Recoil\n|\n|upkeep\n|\n|t:|1783541625\n|switch|p2a: Blastoise|Blastoise, L80, F|100/100\n|turn|4\n|inactive|Time left: 300 sec this turn | 300 sec total\n|\n|t:|1783541626\n|move|p1a: Braviary|Roost|p1a: Braviary\n|-heal|p1a: Braviary|308/309\n|-singleturn|p1a: Braviary|move: Roost\n|move|p2a: Blastoise|Shell Smash|p2a: Blastoise\n|-unboost|p2a: Blastoise|def|1\n|-unboost|p2a: Blastoise|spd|1\n|-boost|p2a: Blastoise|atk|2\n|-boost|p2a: Blastoise|spa|2\n|-boost|p2a: Blastoise|spe|2\n|-enditem|p2a: Blastoise|White Herb\n|-clearnegativeboost|p2a: Blastoise|[silent]\n|\n|upkeep\n|turn|5\n|inactive|Time left: 300 sec this turn | 300 sec total\n|\n|t:|1783541627\n|move|p2a: Blastoise|Ice Beam|p1a: Braviary\n|-supereffective|p1a: Braviary\n|-damage|p1a: Braviary|58/309\n|move|p1a: Braviary|Brave Bird|p2a: Blastoise\n|-damage|p2a: Blastoise|38/100\n|-damage|p1a: Braviary|5/309|[from] Recoil\n|\n|upkeep\n|turn|6\n|inactive|Time left: 300 sec this turn | 300 sec total\n|\n|t:|1783541628\n|move|p2a: Blastoise|Ice Beam|p1a: Braviary\n|-supereffective|p1a: Braviary\n|-damage|p1a: Braviary|0 fnt\n|faint|p1a: Braviary\n|\n|upkeep\n|inactive|Time left: 300 sec this turn | 300 sec total | 5 sec grace\n|\n|t:|1783541629\n|switch|p1a: Swanna|Swanna, L89, M|278/278\n|turn|7\n|inactive|Time left: 300 sec this turn | 300 sec total\n|\n|t:|1783541631\n|-terastallize|p2a: Blastoise|Steel\n|move|p2a: Blastoise|Hydro Pump|p1a: Swanna\n|-resisted|p1a: Swanna\n|-damage|p1a: Swanna|152/278\n|move|p1a: Swanna|Brave Bird|p2a: Blastoise\n|-resisted|p2a: Blastoise\n|-damage|p2a: Blastoise|12/100\n|-damage|p1a: Swanna|130/278|[from] Recoil\n|\n|upkeep\n|turn|8\n|inactive|Time left: 300 sec this turn | 300 sec total\n|\n|t:|1783541632\n|move|p2a: Blastoise|Hydro Pump|p1a: Swanna\n|-resisted|p1a: Swanna\n|-damage|p1a: Swanna|0 fnt\n|faint|p1a: Swanna\n|\n|upkeep\n|inactive|Time left: 300 sec this turn | 300 sec total | 5 sec grace\n|\n|t:|1783541633\n|switch|p1a: Tauros|Tauros-Paldea-Aqua, L81, M|254/254\n|-damage|p1a: Tauros|239/254|[from] Stealth Rock\n|-ability|p1a: Tauros|Intimidate|boost\n|-unboost|p2a: Blastoise|atk|1\n|turn|9\n|inactive|Time left: 300 sec this turn | 300 sec total\n|\n|t:|1783541634\n|move|p1a: Tauros|Aqua Jet|p2a: Blastoise\n|-damage|p2a: Blastoise|0 fnt\n|faint|p2a: Blastoise\n|-damage|p1a: Tauros|214/254|[from] item: Life Orb\n|\n|upkeep\n|\n|t:|1783541635\n|switch|p2a: Eelektross|Eelektross, L87, M|100/100\n|turn|10\n|inactive|Time left: 300 sec this turn | 300 sec total\n|\n|t:|1783541636\n|switch|p1a: Volcarona|Volcarona, L77, F|257/257\n|move|p2a: Eelektross|Discharge|p1a: Volcarona\n|-damage|p1a: Volcarona|166/257\n|-status|p1a: Volcarona|par\n|\n|upkeep\n|turn|11\n|inactive|Time left: 300 sec this turn | 300 sec total\n|\n|t:|1783541637\n|move|p2a: Eelektross|Discharge|p1a: Volcarona\n|-damage|p1a: Volcarona|82/257 par\n|move|p1a: Volcarona|Quiver Dance|p1a: Volcarona\n|-boost|p1a: Volcarona|spa|1\n|-boost|p1a: Volcarona|spd|1\n|-boost|p1a: Volcarona|spe|1\n|\n|upkeep\n|turn|12\n|inactive|Time left: 300 sec this turn | 300 sec total\n|\n|t:|1783541638\n|move|p1a: Volcarona|Quiver Dance|p1a: Volcarona\n|-boost|p1a: Volcarona|spa|1\n|-boost|p1a: Volcarona|spd|1\n|-boost|p1a: Volcarona|spe|1\n|move|p2a: Eelektross|Discharge|p1a: Volcarona\n|-damage|p1a: Volcarona|33/257 par\n|\n|upkeep\n|turn|13\n|inactive|Time left: 300 sec this turn | 300 sec total\n|\n|t:|1783541639\n|move|p1a: Volcarona|Giga Drain|p2a: Eelektross\n|-damage|p2a: Eelektross|71/100\n|-heal|p1a: Volcarona|76/257 par|[from] drain|[of] p2a: Eelektross\n|move|p2a: Eelektross|Discharge|p1a: Volcarona\n|-damage|p1a: Volcarona|31/257 par\n|\n|upkeep\n|turn|14\n|inactive|Time left: 300 sec this turn | 300 sec total\n|\n|t:|1783541640\n|move|p1a: Volcarona|Giga Drain|p2a: Eelektross\n|-damage|p2a: Eelektross|44/100\n|-heal|p1a: Volcarona|70/257 par|[from] drain|[of] p2a: Eelektross\n|move|p2a: Eelektross|Discharge|p1a: Volcarona\n|-damage|p1a: Volcarona|24/257 par\n|\n|upkeep\n|turn|15\n|inactive|Time left: 300 sec this turn | 300 sec total\n|\n|t:|1783541641\n|move|p1a: Volcarona|Bug Buzz|p2a: Eelektross\n|-damage|p2a: Eelektross|0 fnt\n|faint|p2a: Eelektross\n|\n|upkeep\n|\n|t:|1783541643\n|switch|p2a: Dialga|Dialga, L73|100/100\n|-ability|p2a: Dialga|Pressure\n|turn|16\n|inactive|Time left: 300 sec this turn | 300 sec total\n|\n|t:|1783541644\n|move|p1a: Volcarona|Fire Blast|p2a: Dialga\n|-damage|p2a: Dialga|10/100\n|move|p2a: Dialga|Heavy Slam|p1a: Volcarona\n|-resisted|p1a: Volcarona\n|-damage|p1a: Volcarona|0 fnt\n|-status|p2a: Dialga|brn|[from] ability: Flame Body|[of] p1a: Volcarona\n|faint|p1a: Volcarona\n|\n|-heal|p2a: Dialga|16/100 brn|[from] item: Leftovers\n|-damage|p2a: Dialga|10/100 brn|[from] brn\n|upkeep\n|inactive|Time left: 300 sec this turn | 300 sec total | 5 sec grace\n|\n|t:|1783541645\n|switch|p1a: Zangoose|Zangoose, L85, M|263/263\n|-damage|p1a: Zangoose|231/263|[from] Stealth Rock\n|turn|17\n|inactive|Time left: 300 sec this turn | 300 sec total\n|\n|t:|1783541646\n|switch|p2a: Copperajah|Copperajah, L86, F|100/100\n|move|p1a: Zangoose|Knock Off|p2a: Copperajah\n|-damage|p2a: Copperajah|75/100\n|-enditem|p2a: Copperajah|Life Orb|[from] move: Knock Off|[of] p1a: Zangoose\n|\n|-status|p1a: Zangoose|tox|[from] item: Toxic Orb\n|upkeep\n|turn|18\n|inactive|Time left: 300 sec this turn | 300 sec total\n|\n|t:|1783541647\n|switch|p2a: Landorus|Landorus, L75, M|32/100\n|move|p1a: Zangoose|Close Combat|p2a: Landorus\n|-resisted|p2a: Landorus\n|-damage|p2a: Landorus|0 fnt\n|-unboost|p1a: Zangoose|def|1\n|-unboost|p1a: Zangoose|spd|1\n|faint|p2a: Landorus\n|\n|-damage|p1a: Zangoose|215/263 tox|[from] psn\n|upkeep\n|\n|t:|1783541648\n|switch|p2a: Dialga|Dialga, L73|10/100 brn\n|-ability|p2a: Dialga|Pressure\n|turn|19\n|inactive|Time left: 300 sec this turn | 300 sec total\n|\n|t:|1783541649\n|-terastallize|p1a: Zangoose|Normal\n|move|p1a: Zangoose|Close Combat|p2a: Dialga\n|-supereffective|p2a: Dialga\n|-damage|p2a: Dialga|0 fnt\n|-unboost|p1a: Zangoose|def|1\n|-unboost|p1a: Zangoose|spd|1\n|faint|p2a: Dialga\n|\n|-damage|p1a: Zangoose|183/263 tox|[from] psn\n|upkeep\n|\n|t:|1783541649\n|switch|p2a: Copperajah|Copperajah, L86, F|75/100\n|turn|20\n|inactive|Time left: 300 sec this turn | 300 sec total\n|\n|t:|1783541650\n|move|p1a: Zangoose|Close Combat|p2a: Copperajah\n|-supereffective|p2a: Copperajah\n|-crit|p2a: Copperajah\n|-damage|p2a: Copperajah|0 fnt\n|-unboost|p1a: Zangoose|def|1\n|-unboost|p1a: Zangoose|spd|1\n|faint|p2a: Copperajah\n|\n|win|p0x176375f", "uploadtime": 1783541650, "views": 0, "rating": 0, "private": 0, "password": null, "_winner": "p0x176375f", "_our_name": "p0x176375f"}