{"id": "battle-gen9randombattle-2389", "formatid": "gen9randombattle", "format": "[Gen 9] Random Battle", "players": ["p0x2388962f", "p0y23889f7e"], "log": "|init|battle\n|title|p0x2388962f vs. p0y23889f7e\n|j|\u2606p0x2388962f\n|j|\u2606p0y23889f7e\n|t:|1783567711\n|gametype|singles\n|player|p1|p0x2388962f|266|\n|player|p2|p0y23889f7e|101|\n|gen|9\n|tier|[Gen 9] Random Battle\n|rule|Species Clause: Limit one of each Pok\u00e9mon\n|rule|HP Percentage Mod: HP is shown in percentages\n|rule|Sleep Clause Mod: Limit one foe put to sleep\n|rule|Illusion Level Mod: Illusion disguises the Pok\u00e9mon's true level\n|\n|t:|1783567711\n|teamsize|p1|6\n|teamsize|p2|6\n|start\n|switch|p1a: Hariyama|Hariyama, L87, M|100/100\n|switch|p2a: Komala|Komala, L87, F|255/255\n|-ability|p2a: Komala|Comatose\n|turn|1\n|inactive|Battle timer is ON: inactive players will automatically lose when time's up. (requested by p0x2388962f)\n|inactive|Time left: 300 sec this turn | 300 sec total | 60 sec grace\n|\n|t:|1783567713\n|move|p2a: Komala|Knock Off|p1a: Hariyama\n|-resisted|p1a: Hariyama\n|-damage|p1a: Hariyama|87/100\n|-enditem|p1a: Hariyama|Flame Orb|[from] move: Knock Off|[of] p2a: Komala\n|move|p1a: Hariyama|Close Combat|p2a: Komala\n|-supereffective|p2a: Komala\n|-damage|p2a: Komala|0 fnt\n|-unboost|p1a: Hariyama|def|1\n|-unboost|p1a: Hariyama|spd|1\n|faint|p2a: Komala\n|\n|upkeep\n|inactive|Time left: 300 sec this turn | 300 sec total | 65 sec grace\n|inactive|p0y23889f7e also wants the timer to be on.\n|\n|t:|1783567714\n|switch|p2a: Glimmora|Glimmora, L75, M|248/248\n|turn|2\n|inactive|Time left: 300 sec this turn | 300 sec total\n|\n|t:|1783567715\n|move|p2a: Glimmora|Meteor Beam||[still]\n|-prepare|p2a: Glimmora|Meteor Beam\n|-boost|p2a: Glimmora|spa|1\n|-enditem|p2a: Glimmora|Power Herb\n|-anim|p2a: Glimmora|Meteor Beam|p1a: Hariyama\n|-resisted|p1a: Hariyama\n|-damage|p1a: Hariyama|42/100\n|move|p1a: Hariyama|Headlong Rush|p2a: Glimmora\n|-supereffective|p2a: Glimmora\n|-damage|p2a: Glimmora|0 fnt\n|-unboost|p1a: Hariyama|def|1\n|-unboost|p1a: Hariyama|spd|1\n|-activate|p2a: Glimmora|ability: Toxic Debris\n|-sidestart|p1: p0x2388962f|move: Toxic Spikes\n|faint|p2a: Glimmora\n|\n|upkeep\n|inactive|Time left: 300 sec this turn | 300 sec total | 5 sec grace\n|\n|t:|1783567716\n|switch|p2a: Mesprit|Mesprit, L85|275/275\n|turn|3\n|inactive|Time left: 300 sec this turn | 300 sec total\n|\n|t:|1783567717\n|switch|p1a: Magmortar|Magmortar, L88, M|100/100\n|move|p2a: Mesprit|Nasty Plot|p2a: Mesprit\n|-boost|p2a: Mesprit|spa|2\n|\n|upkeep\n|turn|4\n|inactive|Time left: 300 sec this turn | 300 sec total\n|\n|t:|1783567719\n|move|p1a: Magmortar|Fire Blast|p2a: Mesprit\n|-damage|p2a: Mesprit|130/275\n|move|p2a: Mesprit|Psychic|p1a: Magmortar\n|-damage|p1a: Magmortar|8/100\n|-damage|p2a: Mesprit|103/275|[from] item: Life Orb\n|\n|upkeep\n|turn|5\n|inactive|Time left: 300 sec this turn | 300 sec total\n|\n|t:|1783567720\n|move|p1a: Magmortar|Fire Blast|p2a: Mesprit|[miss]\n|-miss|p1a: Magmortar|p2a: Mesprit\n|move|p2a: Mesprit|Psychic|p1a: Magmortar\n|-damage|p1a: Magmortar|0 fnt\n|faint|p1a: Magmortar\n|-damage|p2a: Mesprit|76/275|[from] item: Life Orb\n|\n|upkeep\n|\n|t:|1783567721\n|switch|p1a: Palkia|Palkia, L75|100/100\n|-status|p1a: Palkia|psn\n|-ability|p1a: Palkia|Pressure\n|turn|6\n|inactive|Time left: 300 sec this turn | 300 sec total\n|\n|t:|1783567722\n|move|p1a: Palkia|Spacial Rend|p2a: Mesprit\n|-damage|p2a: Mesprit|0 fnt\n|faint|p2a: Mesprit\n|\n|-damage|p1a: Palkia|88/100 psn|[from] psn\n|upkeep\n|inactive|Time left: 300 sec this turn | 300 sec total | 5 sec grace\n|\n|t:|1783567723\n|switch|p2a: Dunsparce|Dunsparce, L86, M|312/312\n|turn|7\n|inactive|Time left: 300 sec this turn | 300 sec total\n|\n|t:|1783567724\n|move|p1a: Palkia|Spacial Rend|p2a: Dunsparce\n|-damage|p2a: Dunsparce|152/312\n|move|p2a: Dunsparce|Coil|p2a: Dunsparce\n|-boost|p2a: Dunsparce|atk|1\n|-boost|p2a: Dunsparce|def|1\n|-boost|p2a: Dunsparce|accuracy|1\n|\n|-damage|p1a: Palkia|76/100 psn|[from] psn\n|upkeep\n|turn|8\n|inactive|Time left: 300 sec this turn | 300 sec total\n|\n|t:|1783567725\n|move|p1a: Palkia|Spacial Rend|p2a: Dunsparce\n|-damage|p2a: Dunsparce|7/312\n|move|p2a: Dunsparce|Roost|p2a: Dunsparce\n|-heal|p2a: Dunsparce|163/312\n|-singleturn|p2a: Dunsparce|move: Roost\n|\n|-damage|p1a: Palkia|63/100 psn|[from] psn\n|upkeep\n|turn|9\n|inactive|Time left: 300 sec this turn | 300 sec total\n|\n|t:|1783567726\n|move|p1a: Palkia|Spacial Rend|p2a: Dunsparce\n|-damage|p2a: Dunsparce|6/312\n|move|p2a: Dunsparce|Roost|p2a: Dunsparce\n|-heal|p2a: Dunsparce|162/312\n|-singleturn|p2a: Dunsparce|move: Roost\n|\n|-damage|p1a: Palkia|51/100 psn|[from] psn\n|upkeep\n|turn|10\n|inactive|Time left: 300 sec this turn | 300 sec total\n|\n|t:|1783567727\n|move|p1a: Palkia|Spacial Rend|p2a: Dunsparce\n|-damage|p2a: Dunsparce|6/312\n|move|p2a: Dunsparce|Roost|p2a: Dunsparce\n|-heal|p2a: Dunsparce|162/312\n|-singleturn|p2a: Dunsparce|move: Roost\n|\n|-damage|p1a: Palkia|39/100 psn|[from] psn\n|upkeep\n|turn|11\n|inactive|Time left: 300 sec this turn | 300 sec total\n|\n|t:|1783567728\n|move|p1a: Palkia|Spacial Rend|p2a: Dunsparce\n|-damage|p2a: Dunsparce|2/312\n|move|p2a: Dunsparce|Roost|p2a: Dunsparce\n|-heal|p2a: Dunsparce|158/312\n|-singleturn|p2a: Dunsparce|move: Roost\n|\n|-damage|p1a: Palkia|26/100 psn|[from] psn\n|upkeep\n|turn|12\n|inactive|Time left: 300 sec this turn | 300 sec total\n|\n|t:|1783567729\n|move|p1a: Palkia|Spacial Rend|p2a: Dunsparce|[miss]\n|-miss|p1a: Palkia|p2a: Dunsparce\n|move|p2a: Dunsparce|Roost|p2a: Dunsparce\n|-heal|p2a: Dunsparce|312/312\n|-singleturn|p2a: Dunsparce|move: Roost\n|\n|-damage|p1a: Palkia|14/100 psn|[from] psn\n|upkeep\n|turn|13\n|inactive|Time left: 300 sec this turn | 300 sec total\n|\n|t:|1783567730\n|move|p1a: Palkia|Spacial Rend|p2a: Dunsparce\n|-damage|p2a: Dunsparce|149/312\n|move|p2a: Dunsparce|Coil|p2a: Dunsparce\n|-boost|p2a: Dunsparce|atk|1\n|-boost|p2a: Dunsparce|def|1\n|-boost|p2a: Dunsparce|accuracy|1\n|\n|-damage|p1a: Palkia|2/100 psn|[from] psn\n|upkeep\n|turn|14\n|inactive|Time left: 300 sec this turn | 300 sec total\n|\n|t:|1783567730\n|-activate|p1a: Palkia|move: Struggle\n|move|p1a: Palkia|Struggle|p2a: Dunsparce\n|-damage|p2a: Dunsparce|138/312\n|-damage|p1a: Palkia|0 fnt|[from] recoil\n|faint|p1a: Palkia\n|move|p2a: Dunsparce|Roost|p2a: Dunsparce\n|-heal|p2a: Dunsparce|294/312\n|-singleturn|p2a: Dunsparce|move: Roost\n|\n|upkeep\n|\n|t:|1783567731\n|switch|p1a: Hariyama|Hariyama, L87, M|42/100\n|-status|p1a: Hariyama|psn\n|turn|15\n|inactive|Time left: 300 sec this turn | 300 sec total\n|\n|t:|1783567732\n|move|p1a: Hariyama|Close Combat|p2a: Dunsparce\n|-supereffective|p2a: Dunsparce\n|-damage|p2a: Dunsparce|108/312\n|-unboost|p1a: Hariyama|def|1\n|-unboost|p1a: Hariyama|spd|1\n|move|p2a: Dunsparce|Earthquake|p1a: Hariyama\n|-damage|p1a: Hariyama|0 fnt\n|faint|p1a: Hariyama\n|\n|upkeep\n|\n|t:|1783567733\n|switch|p1a: Raichu|Raichu-Alola, L87, F|100/100\n|-status|p1a: Raichu|psn\n|turn|16\n|inactive|Time left: 300 sec this turn | 300 sec total\n|\n|t:|1783567734\n|-terastallize|p2a: Dunsparce|Ground\n|move|p1a: Raichu|Psychic|p2a: Dunsparce\n|-damage|p2a: Dunsparce|0 fnt\n|faint|p2a: Dunsparce\n|\n|-damage|p1a: Raichu|88/100 psn|[from] psn\n|upkeep\n|inactive|Time left: 300 sec this turn | 300 sec total | 5 sec grace\n|\n|t:|1783567735\n|switch|p2a: Honchkrow|Honchkrow, L86, F|312/312\n|turn|17\n|inactive|Time left: 300 sec this turn | 300 sec total\n|\n|t:|1783567735\n|switch|p1a: Slowbro|Slowbro, L85, M|100/100\n|-status|p1a: Slowbro|psn\n|move|p2a: Honchkrow|Brave Bird|p1a: Slowbro\n|-damage|p1a: Slowbro|53/100 psn\n|-damage|p2a: Honchkrow|265/312|[from] Recoil\n|\n|-heal|p1a: Slowbro|59/100 psn|[from] item: Leftovers\n|-damage|p1a: Slowbro|47/100 psn|[from] psn\n|upkeep\n|turn|18\n|inactive|Time left: 300 sec this turn | 300 sec total\n|\n|t:|1783567737\n|-terastallize|p1a: Slowbro|Poison\n|move|p2a: Honchkrow|Brave Bird|p1a: Slowbro\n|-damage|p1a: Slowbro|6/100 psn\n|-damage|p2a: Honchkrow|224/312|[from] Recoil\n|move|p1a: Slowbro|Scald|p2a: Honchkrow\n|-damage|p2a: Honchkrow|92/312\n|\n|-heal|p1a: Slowbro|12/100 psn|[from] item: Leftovers\n|-damage|p1a: Slowbro|0 fnt|[from] psn\n|faint|p1a: Slowbro\n|upkeep\n|\n|t:|1783567738\n|switch|p1a: Ceruledge|Ceruledge, L78, F|100/100\n|turn|19\n|inactive|Time left: 300 sec this turn | 300 sec total\n|\n|t:|1783567738\n|switch|p2a: Toxapex|Toxapex, L82, F|216/216\n|move|p1a: Ceruledge|Bitter Blade|p2a: Toxapex\n|-resisted|p2a: Toxapex\n|-damage|p2a: Toxapex|182/216\n|-damage|p1a: Ceruledge|84/100|[from] item: Rocky Helmet|[of] p2a: Toxapex\n|\n|upkeep\n|turn|20\n|inactive|Time left: 300 sec this turn | 300 sec total\n|\n|t:|1783567739\n|switch|p1a: Raichu|Raichu-Alola, L87, F|88/100 psn\n|move|p2a: Toxapex|Liquidation|p1a: Raichu\n|-damage|p1a: Raichu|52/100 psn\n|\n|-damage|p1a: Raichu|40/100 psn|[from] psn\n|upkeep\n|turn|21\n|inactive|Time left: 300 sec this turn | 300 sec total\n|\n|t:|1783567740\n|move|p1a: Raichu|Thunderbolt|p2a: Toxapex\n|-supereffective|p2a: Toxapex\n|-damage|p2a: Toxapex|0 fnt\n|faint|p2a: Toxapex\n|\n|-damage|p1a: Raichu|27/100 psn|[from] psn\n|upkeep\n|inactive|Time left: 300 sec this turn | 300 sec total | 5 sec grace\n|\n|t:|1783567741\n|switch|p2a: Honchkrow|Honchkrow, L86, F|92/312\n|turn|22\n|inactive|Time left: 300 sec this turn | 300 sec total\n|\n|t:|1783567742\n|switch|p1a: Ceruledge|Ceruledge, L78, F|84/100\n|move|p2a: Honchkrow|Sucker Punch||[still]\n|-fail|p2a: Honchkrow\n|\n|upkeep\n|turn|23\n|inactive|Time left: 300 sec this turn | 300 sec total\n|\n|t:|1783567743\n|move|p2a: Honchkrow|Sucker Punch||[still]\n|-fail|p2a: Honchkrow\n|move|p1a: Ceruledge|Swords Dance|p1a: Ceruledge\n|-boost|p1a: Ceruledge|atk|2\n|\n|upkeep\n|turn|24\n|inactive|Time left: 300 sec this turn | 300 sec total\n|\n|t:|1783567744\n|move|p2a: Honchkrow|Sucker Punch||[still]\n|-fail|p2a: Honchkrow\n|move|p1a: Ceruledge|Swords Dance|p1a: Ceruledge\n|-boost|p1a: Ceruledge|atk|2\n|\n|upkeep\n|turn|25\n|inactive|Time left: 300 sec this turn | 300 sec total\n|\n|t:|1783567745\n|move|p2a: Honchkrow|Sucker Punch||[still]\n|-fail|p2a: Honchkrow\n|move|p1a: Ceruledge|Swords Dance|p1a: Ceruledge\n|-boost|p1a: Ceruledge|atk|2\n|\n|upkeep\n|turn|26\n|inactive|Time left: 300 sec this turn | 300 sec total\n|\n|t:|1783567746\n|move|p2a: Honchkrow|Sucker Punch||[still]\n|-fail|p2a: Honchkrow\n|move|p1a: Ceruledge|Swords Dance|p1a: Ceruledge\n|-boost|p1a: Ceruledge|atk|0\n|\n|upkeep\n|turn|27\n|inactive|Time left: 300 sec this turn | 300 sec total\n|\n|t:|1783567747\n|switch|p1a: Raichu|Raichu-Alola, L87, F|27/100 psn\n|move|p2a: Honchkrow|Sucker Punch||[still]\n|-fail|p2a: Honchkrow\n|\n|-damage|p1a: Raichu|15/100 psn|[from] psn\n|upkeep\n|turn|28\n|inactive|Time left: 300 sec this turn | 300 sec total\n|\n|t:|1783567747\n|move|p2a: Honchkrow|Sucker Punch|p1a: Raichu\n|-supereffective|p1a: Raichu\n|-damage|p1a: Raichu|0 fnt\n|faint|p1a: Raichu\n|-ability|p2a: Honchkrow|Moxie|boost\n|-boost|p2a: Honchkrow|atk|1\n|\n|upkeep\n|\n|t:|1783567748\n|switch|p1a: Ceruledge|Ceruledge, L78, F|84/100\n|turn|29\n|inactive|Time left: 300 sec this turn | 300 sec total\n|\n|t:|1783567749\n|move|p2a: Honchkrow|Sucker Punch||[still]\n|-fail|p2a: Honchkrow\n|move|p1a: Ceruledge|Swords Dance|p1a: Ceruledge\n|-boost|p1a: Ceruledge|atk|2\n|\n|upkeep\n|turn|30\n|inactive|Time left: 300 sec this turn | 300 sec total\n|\n|t:|1783567750\n|move|p1a: Ceruledge|Close Combat|p2a: Honchkrow\n|-damage|p2a: Honchkrow|0 fnt\n|-unboost|p1a: Ceruledge|def|1\n|-unboost|p1a: Ceruledge|spd|1\n|faint|p2a: Honchkrow\n|\n|win|p0x2388962f", "uploadtime": 1783567750, "views": 0, "rating": 0, "private": 0, "password": null, "_winner": "p0x2388962f", "_our_name": "p0y23889f7e"}