{"id": "battle-gen9randombattle-2533", "formatid": "gen9randombattle", "format": "[Gen 9] Random Battle", "players": ["p0x2533a0e3", "p0y25333644"], "log": "|init|battle\n|title|p0x2533a0e3 vs. p0y25333644\n|j|\u2606p0x2533a0e3\n|j|\u2606p0y25333644\n|t:|1783569320\n|gametype|singles\n|player|p1|p0x2533a0e3|1|\n|player|p2|p0y25333644|265|\n|gen|9\n|tier|[Gen 9] Random Battle\n|rule|Species Clause: Limit one of each Pok\u00e9mon\n|rule|HP Percentage Mod: HP is shown in percentages\n|rule|Sleep Clause Mod: Limit one foe put to sleep\n|rule|Illusion Level Mod: Illusion disguises the Pok\u00e9mon's true level\n|\n|t:|1783569320\n|teamsize|p1|6\n|teamsize|p2|6\n|start\n|switch|p1a: Poliwrath|Poliwrath, L88, M|302/302\n|switch|p2a: Wigglytuff|Wigglytuff, L96, F|100/100\n|turn|1\n|inactive|Battle timer is ON: inactive players will automatically lose when time's up. (requested by p0y25333644)\n|inactive|Time left: 300 sec this turn | 300 sec total | 60 sec grace\n|inactive|p0x2533a0e3 also wants the timer to be on.\n|\n|t:|1783569322\n|switch|p1a: Dudunsparce|Dudunsparce, L83, F|343/343\n|move|p2a: Wigglytuff|Dazzling Gleam|p1a: Dudunsparce\n|-damage|p1a: Dudunsparce|238/343\n|\n|-heal|p1a: Dudunsparce|259/343|[from] item: Leftovers\n|upkeep\n|turn|2\n|inactive|Time left: 300 sec this turn | 300 sec total\n|\n|t:|1783569323\n|move|p2a: Wigglytuff|Dazzling Gleam|p1a: Dudunsparce\n|-damage|p1a: Dudunsparce|153/343\n|move|p1a: Dudunsparce|Calm Mind|p1a: Dudunsparce\n|-boost|p1a: Dudunsparce|spa|1\n|-boost|p1a: Dudunsparce|spd|1\n|\n|-heal|p1a: Dudunsparce|174/343|[from] item: Leftovers\n|upkeep\n|turn|3\n|inactive|Time left: 300 sec this turn | 300 sec total\n|\n|t:|1783569324\n|move|p2a: Wigglytuff|Dazzling Gleam|p1a: Dudunsparce\n|-damage|p1a: Dudunsparce|104/343\n|move|p1a: Dudunsparce|Boomburst|p2a: Wigglytuff\n|-damage|p2a: Wigglytuff|35/100\n|\n|-heal|p2a: Wigglytuff|42/100|[from] item: Leftovers\n|-heal|p1a: Dudunsparce|125/343|[from] item: Leftovers\n|upkeep\n|turn|4\n|inactive|Time left: 300 sec this turn | 300 sec total\n|\n|t:|1783569325\n|move|p2a: Wigglytuff|Dazzling Gleam|p1a: Dudunsparce\n|-damage|p1a: Dudunsparce|46/343\n|move|p1a: Dudunsparce|Boomburst|p2a: Wigglytuff\n|-damage|p2a: Wigglytuff|0 fnt\n|faint|p2a: Wigglytuff\n|\n|-heal|p1a: Dudunsparce|67/343|[from] item: Leftovers\n|upkeep\n|\n|t:|1783569326\n|switch|p2a: Mabosstiff|Mabosstiff, L86, M|100/100\n|turn|5\n|inactive|Time left: 300 sec this turn | 300 sec total\n|\n|t:|1783569327\n|switch|p1a: Houndstone|Houndstone, L86, F|264/264\n|move|p2a: Mabosstiff|Crunch|p1a: Houndstone\n|-supereffective|p1a: Houndstone\n|-damage|p1a: Houndstone|0 fnt\n|faint|p1a: Houndstone\n|\n|upkeep\n|inactive|Time left: 300 sec this turn | 300 sec total | 5 sec grace\n|\n|t:|1783569328\n|switch|p1a: Heracross|Heracross, L80, F|259/259\n|turn|6\n|inactive|Time left: 300 sec this turn | 300 sec total\n|\n|t:|1783569329\n|switch|p2a: Pelipper|Pelipper, L86, F|100/100\n|-weather|RainDance|[from] ability: Drizzle|[of] p2a: Pelipper\n|move|p1a: Heracross|Megahorn|p2a: Pelipper\n|-resisted|p2a: Pelipper\n|-damage|p2a: Pelipper|62/100\n|\n|-weather|RainDance|[upkeep]\n|upkeep\n|turn|7\n|inactive|Time left: 300 sec this turn | 300 sec total\n|\n|t:|1783569330\n|move|p1a: Heracross|Megahorn|p2a: Pelipper\n|-resisted|p2a: Pelipper\n|-damage|p2a: Pelipper|24/100\n|move|p2a: Pelipper|Hurricane|p1a: Heracross\n|-supereffective|p1a: Heracross\n|-damage|p1a: Heracross|0 fnt\n|faint|p1a: Heracross\n|\n|-weather|RainDance|[upkeep]\n|upkeep\n|inactive|Time left: 300 sec this turn | 300 sec total | 5 sec grace\n|\n|t:|1783569331\n|switch|p1a: Poliwrath|Poliwrath, L88, M|302/302\n|turn|8\n|inactive|Time left: 300 sec this turn | 300 sec total\n|\n|t:|1783569332\n|move|p1a: Poliwrath|Liquidation|p2a: Pelipper\n|-resisted|p2a: Pelipper\n|-damage|p2a: Pelipper|0 fnt\n|faint|p2a: Pelipper\n|-damage|p1a: Poliwrath|272/302|[from] item: Life Orb\n|\n|-weather|RainDance|[upkeep]\n|upkeep\n|\n|t:|1783569333\n|switch|p2a: Flapple|Flapple, L88, F|100/100\n|turn|9\n|inactive|Time left: 300 sec this turn | 300 sec total\n|\n|t:|1783569334\n|move|p1a: Poliwrath|Close Combat|p2a: Flapple\n|-damage|p2a: Flapple|26/100\n|-unboost|p1a: Poliwrath|def|1\n|-unboost|p1a: Poliwrath|spd|1\n|-damage|p1a: Poliwrath|242/302|[from] item: Life Orb\n|move|p2a: Flapple|Grav Apple|p1a: Poliwrath\n|-supereffective|p1a: Poliwrath\n|-damage|p1a: Poliwrath|0 fnt\n|faint|p1a: Poliwrath\n|\n|-weather|RainDance|[upkeep]\n|upkeep\n|inactive|Time left: 300 sec this turn | 300 sec total | 5 sec grace\n|\n|t:|1783569335\n|switch|p1a: Spectrier|Spectrier, L75|274/274\n|turn|10\n|inactive|Time left: 300 sec this turn | 300 sec total\n|\n|t:|1783569336\n|move|p2a: Flapple|Sucker Punch|p1a: Spectrier\n|-supereffective|p1a: Spectrier\n|-damage|p1a: Spectrier|0 fnt\n|faint|p1a: Spectrier\n|\n|-weather|none\n|upkeep\n|inactive|Time left: 300 sec this turn | 300 sec total | 5 sec grace\n|\n|t:|1783569337\n|switch|p1a: Dudunsparce|Dudunsparce, L83, F|67/343\n|turn|11\n|inactive|Time left: 300 sec this turn | 300 sec total\n|\n|t:|1783569338\n|move|p2a: Flapple|Outrage|p1a: Dudunsparce|[miss]\n|-miss|p2a: Flapple|p1a: Dudunsparce\n|move|p1a: Dudunsparce|Boomburst|p2a: Flapple\n|-damage|p2a: Flapple|0 fnt\n|faint|p2a: Flapple\n|\n|-heal|p1a: Dudunsparce|88/343|[from] item: Leftovers\n|upkeep\n|\n|t:|1783569339\n|switch|p2a: Mabosstiff|Mabosstiff, L86, M|100/100\n|turn|12\n|inactive|Time left: 300 sec this turn | 300 sec total\n|\n|t:|1783569339\n|move|p2a: Mabosstiff|Crunch|p1a: Dudunsparce\n|-damage|p1a: Dudunsparce|0 fnt\n|faint|p1a: Dudunsparce\n|\n|upkeep\n|inactive|Time left: 300 sec this turn | 300 sec total | 5 sec grace\n|\n|t:|1783569340\n|switch|p1a: Phione|Phione, L91|293/293\n|turn|13\n|inactive|Time left: 300 sec this turn | 300 sec total\n|\n|t:|1783569341\n|move|p1a: Phione|Scald|p2a: Mabosstiff\n|-damage|p2a: Mabosstiff|65/100\n|move|p2a: Mabosstiff|Crunch|p1a: Phione\n|-damage|p1a: Phione|131/293\n|\n|-heal|p1a: Phione|149/293|[from] item: Leftovers\n|upkeep\n|turn|14\n|inactive|Time left: 300 sec this turn | 300 sec total\n|\n|t:|1783569342\n|move|p1a: Phione|Scald|p2a: Mabosstiff\n|-damage|p2a: Mabosstiff|32/100\n|move|p2a: Mabosstiff|Crunch|p1a: Phione\n|-damage|p1a: Phione|0 fnt\n|faint|p1a: Phione\n|\n|win|p0y25333644", "uploadtime": 1783569342, "views": 0, "rating": 0, "private": 0, "password": null, "_winner": "p0y25333644", "_our_name": "p0x2533a0e3"}