{"id": "battle-gen9randombattle-2323", "formatid": "gen9randombattle", "format": "[Gen 9] Random Battle", "players": ["p0x2323a711", "p0y232358f2"], "log": "|init|battle\n|title|p0x2323a711 vs. p0y232358f2\n|j|\u2606p0x2323a711\n|j|\u2606p0y232358f2\n|t:|1783566958\n|gametype|singles\n|player|p1|p0x2323a711|2|\n|player|p2|p0y232358f2|102|\n|gen|9\n|tier|[Gen 9] Random Battle\n|rule|Species Clause: Limit one of each Pok\u00e9mon\n|rule|HP Percentage Mod: HP is shown in percentages\n|rule|Sleep Clause Mod: Limit one foe put to sleep\n|rule|Illusion Level Mod: Illusion disguises the Pok\u00e9mon's true level\n|\n|t:|1783566958\n|teamsize|p1|6\n|teamsize|p2|6\n|start\n|switch|p1a: Manaphy|Manaphy, L78|284/284\n|switch|p2a: Pachirisu|Pachirisu, L96, M|100/100\n|turn|1\n|inactive|Battle timer is ON: inactive players will automatically lose when time's up. (requested by p0x2323a711)\n|inactive|p0y232358f2 also wants the timer to be on.\n|\n|t:|1783566960\n|move|p2a: Pachirisu|Thunderbolt|p1a: Manaphy\n|-supereffective|p1a: Manaphy\n|-damage|p1a: Manaphy|146/284\n|move|p1a: Manaphy|Tail Glow|p1a: Manaphy\n|-boost|p1a: Manaphy|spa|3\n|\n|-heal|p1a: Manaphy|163/284|[from] item: Leftovers\n|upkeep\n|turn|2\n|inactive|Time left: 300 sec this turn | 300 sec total\n|\n|t:|1783566961\n|move|p2a: Pachirisu|Thunderbolt|p1a: Manaphy\n|-supereffective|p1a: Manaphy\n|-damage|p1a: Manaphy|17/284\n|-status|p1a: Manaphy|par\n|move|p1a: Manaphy|Ice Beam|p2a: Pachirisu\n|-damage|p2a: Pachirisu|71/100\n|\n|-heal|p1a: Manaphy|34/284 par|[from] item: Leftovers\n|upkeep\n|turn|3\n|inactive|Time left: 300 sec this turn | 300 sec total\n|\n|t:|1783566962\n|switch|p1a: Porygon2|Porygon2, L81|270/270\n|-ability|p1a: Porygon2|Download|boost\n|-boost|p1a: Porygon2|atk|1\n|move|p2a: Pachirisu|U-turn|p1a: Porygon2\n|-damage|p1a: Porygon2|244/270\n|\n|t:|1783566963\n|switch|p2a: Conkeldurr|Conkeldurr, L80, F|100/100|[from] U-turn\n|\n|-status|p2a: Conkeldurr|brn|[from] item: Flame Orb\n|upkeep\n|turn|4\n|inactive|Time left: 300 sec this turn | 300 sec total\n|\n|t:|1783566964\n|move|p1a: Porygon2|Tri Attack|p2a: Conkeldurr\n|-damage|p2a: Conkeldurr|62/100 brn\n|move|p2a: Conkeldurr|Close Combat|p1a: Porygon2\n|-supereffective|p1a: Porygon2\n|-damage|p1a: Porygon2|0 fnt\n|-unboost|p2a: Conkeldurr|def|1\n|-unboost|p2a: Conkeldurr|spd|1\n|faint|p1a: Porygon2\n|\n|-damage|p2a: Conkeldurr|56/100 brn|[from] brn\n|upkeep\n|inactive|Time left: 300 sec this turn | 300 sec total | 5 sec grace\n|\n|t:|1783566965\n|switch|p1a: Porygon-Z|Porygon-Z, L83|277/277\n|turn|5\n|inactive|Time left: 300 sec this turn | 300 sec total\n|\n|t:|1783566967\n|switch|p2a: Araquanid|Araquanid, L82, F|100/100\n|move|p1a: Porygon-Z|Tera Blast|p2a: Araquanid\n|-damage|p2a: Araquanid|41/100\n|-damage|p1a: Porygon-Z|250/277|[from] item: Life Orb\n|\n|upkeep\n|turn|6\n|inactive|Time left: 300 sec this turn | 300 sec total\n|\n|t:|1783566968\n|switch|p2a: Garganacl|Garganacl, L80, F|100/100\n|move|p1a: Porygon-Z|Tera Blast|p2a: Garganacl\n|-resisted|p2a: Garganacl\n|-damage|p2a: Garganacl|68/100\n|-damage|p1a: Porygon-Z|223/277|[from] item: Life Orb\n|\n|-heal|p2a: Garganacl|74/100|[from] item: Leftovers\n|upkeep\n|turn|7\n|inactive|Time left: 300 sec this turn | 300 sec total\n|\n|t:|1783566969\n|move|p1a: Porygon-Z|Nasty Plot|p1a: Porygon-Z\n|-boost|p1a: Porygon-Z|spa|2\n|move|p2a: Garganacl|Body Press|p1a: Porygon-Z\n|-supereffective|p1a: Porygon-Z\n|-damage|p1a: Porygon-Z|71/277\n|\n|-heal|p2a: Garganacl|81/100|[from] item: Leftovers\n|upkeep\n|turn|8\n|inactive|Time left: 300 sec this turn | 300 sec total\n|\n|t:|1783566970\n|-terastallize|p1a: Porygon-Z|Fighting\n|move|p1a: Porygon-Z|Tera Blast|p2a: Garganacl|[anim] Tera Blast Fighting\n|-supereffective|p2a: Garganacl\n|-damage|p2a: Garganacl|0 fnt\n|faint|p2a: Garganacl\n|-damage|p1a: Porygon-Z|44/277|[from] item: Life Orb\n|\n|upkeep\n|\n|t:|1783566971\n|switch|p2a: Iron Jugulis|Iron Jugulis, L77|100/100\n|turn|9\n|inactive|Time left: 300 sec this turn | 300 sec total\n|\n|t:|1783566973\n|move|p2a: Iron Jugulis|Dark Pulse|p1a: Porygon-Z\n|-resisted|p1a: Porygon-Z\n|-damage|p1a: Porygon-Z|0 fnt\n|faint|p1a: Porygon-Z\n|\n|upkeep\n|inactive|Time left: 300 sec this turn | 300 sec total | 5 sec grace\n|\n|t:|1783566974\n|switch|p1a: Frosmoth|Frosmoth, L82, M|249/249\n|turn|10\n|inactive|Time left: 300 sec this turn | 300 sec total\n|\n|t:|1783566975\n|move|p2a: Iron Jugulis|Dark Pulse|p1a: Frosmoth\n|-damage|p1a: Frosmoth|186/249\n|move|p1a: Frosmoth|Ice Beam|p2a: Iron Jugulis\n|-supereffective|p2a: Iron Jugulis\n|-damage|p2a: Iron Jugulis|9/100\n|\n|upkeep\n|turn|11\n|inactive|Time left: 300 sec this turn | 300 sec total\n|\n|t:|1783566976\n|move|p2a: Iron Jugulis|Dark Pulse|p1a: Frosmoth\n|-damage|p1a: Frosmoth|123/249\n|cant|p1a: Frosmoth|flinch\n|\n|upkeep\n|turn|12\n|inactive|Time left: 300 sec this turn | 300 sec total\n|\n|t:|1783566977\n|move|p2a: Iron Jugulis|Dark Pulse|p1a: Frosmoth\n|-damage|p1a: Frosmoth|54/249\n|move|p1a: Frosmoth|Quiver Dance|p1a: Frosmoth\n|-boost|p1a: Frosmoth|spa|1\n|-boost|p1a: Frosmoth|spd|1\n|-boost|p1a: Frosmoth|spe|1\n|\n|upkeep\n|turn|13\n|inactive|Time left: 300 sec this turn | 300 sec total\n|\n|t:|1783566978\n|move|p1a: Frosmoth|Bug Buzz|p2a: Iron Jugulis\n|-damage|p2a: Iron Jugulis|0 fnt\n|faint|p2a: Iron Jugulis\n|-end|p2a: Iron Jugulis|Quark Drive|[silent]\n|\n|upkeep\n|\n|t:|1783566978\n|switch|p2a: Conkeldurr|Conkeldurr, L80, F|56/100 brn\n|turn|14\n|inactive|Time left: 300 sec this turn | 300 sec total\n|\n|t:|1783566979\n|move|p2a: Conkeldurr|Mach Punch|p1a: Frosmoth\n|-damage|p1a: Frosmoth|0 fnt\n|faint|p1a: Frosmoth\n|\n|-damage|p2a: Conkeldurr|50/100 brn|[from] brn\n|upkeep\n|inactive|Time left: 300 sec this turn | 300 sec total | 5 sec grace\n|\n|t:|1783566980\n|switch|p1a: Cresselia|Cresselia, L80, F|323/323\n|turn|15\n|inactive|Time left: 300 sec this turn | 300 sec total\n|\n|t:|1783566981\n|move|p1a: Cresselia|Psyshock|p2a: Conkeldurr\n|-supereffective|p2a: Conkeldurr\n|-damage|p2a: Conkeldurr|7/100 brn\n|move|p2a: Conkeldurr|Knock Off|p1a: Cresselia\n|-supereffective|p1a: Cresselia\n|-damage|p1a: Cresselia|89/323\n|-enditem|p1a: Cresselia|Leftovers|[from] move: Knock Off|[of] p2a: Conkeldurr\n|\n|-damage|p2a: Conkeldurr|1/100 brn|[from] brn\n|upkeep\n|turn|16\n|inactive|Time left: 300 sec this turn | 300 sec total\n|\n|t:|1783566982\n|switch|p2a: Miraidon|Miraidon, L65|100/100\n|-fieldstart|move: Electric Terrain|[from] ability: Hadron Engine|[of] p2a: Miraidon\n|move|p1a: Cresselia|Moonlight|p1a: Cresselia\n|-heal|p1a: Cresselia|250/323\n|\n|upkeep\n|turn|17\n|inactive|Time left: 300 sec this turn | 300 sec total\n|\n|t:|1783566983\n|move|p2a: Miraidon|Calm Mind|p2a: Miraidon\n|-boost|p2a: Miraidon|spa|1\n|-boost|p2a: Miraidon|spd|1\n|move|p1a: Cresselia|Moonlight|p1a: Cresselia\n|-heal|p1a: Cresselia|323/323\n|\n|upkeep\n|turn|18\n|inactive|Time left: 300 sec this turn | 300 sec total\n|\n|t:|1783566983\n|switch|p1a: Manaphy|Manaphy, L78|34/284 par\n|move|p2a: Miraidon|Calm Mind|p2a: Miraidon\n|-boost|p2a: Miraidon|spa|1\n|-boost|p2a: Miraidon|spd|1\n|\n|-heal|p1a: Manaphy|51/284 par|[from] item: Leftovers\n|upkeep\n|turn|19\n|inactive|Time left: 300 sec this turn | 300 sec total\n|\n|t:|1783566984\n|move|p2a: Miraidon|Dragon Pulse|p1a: Manaphy\n|-damage|p1a: Manaphy|0 fnt\n|faint|p1a: Manaphy\n|-damage|p2a: Miraidon|91/100|[from] item: Life Orb\n|\n|upkeep\n|inactive|Time left: 300 sec this turn | 300 sec total | 5 sec grace\n|\n|t:|1783566985\n|switch|p1a: Milotic|Milotic, L83, F|293/293\n|turn|20\n|inactive|Time left: 300 sec this turn | 300 sec total\n|\n|t:|1783566986\n|move|p2a: Miraidon|Electro Drift|p1a: Milotic\n|-supereffective|p1a: Milotic\n|-damage|p1a: Milotic|0 fnt\n|faint|p1a: Milotic\n|-damage|p2a: Miraidon|81/100|[from] item: Life Orb\n|\n|-fieldend|move: Electric Terrain\n|upkeep\n|inactive|Time left: 300 sec this turn | 300 sec total | 5 sec grace\n|\n|t:|1783566987\n|switch|p1a: Cresselia|Cresselia, L80, F|323/323\n|turn|21\n|inactive|Time left: 300 sec this turn | 300 sec total\n|\n|t:|1783566988\n|-terastallize|p2a: Miraidon|Electric\n|move|p2a: Miraidon|Electro Drift|p1a: Cresselia\n|-crit|p1a: Cresselia\n|-damage|p1a: Cresselia|0 fnt\n|faint|p1a: Cresselia\n|-damage|p2a: Miraidon|72/100|[from] item: Life Orb\n|\n|win|p0y232358f2", "uploadtime": 1783566988, "views": 0, "rating": 0, "private": 0, "password": null, "_winner": "p0y232358f2", "_our_name": "p0x2323a711"}