{"id": "battle-gen9randombattle-1485", "formatid": "gen9randombattle", "format": "[Gen 9] Random Battle", "players": ["p0x148592a2", "p0y1485f461"], "log": "|init|battle\n|title|p0x148592a2 vs. p0y1485f461\n|j|\u2606p0x148592a2\n|j|\u2606p0y1485f461\n|t:|1783556372\n|gametype|singles\n|player|p1|p0x148592a2|265|\n|player|p2|p0y1485f461|266|\n|gen|9\n|tier|[Gen 9] Random Battle\n|rule|Species Clause: Limit one of each Pok\u00e9mon\n|rule|HP Percentage Mod: HP is shown in percentages\n|rule|Sleep Clause Mod: Limit one foe put to sleep\n|rule|Illusion Level Mod: Illusion disguises the Pok\u00e9mon's true level\n|\n|t:|1783556372\n|teamsize|p1|6\n|teamsize|p2|6\n|start\n|switch|p1a: Gogoat|Gogoat, L88, F|360/360\n|switch|p2a: Leafeon|Leafeon, L88, M|100/100\n|turn|1\n|inactive|Battle timer is ON: inactive players will automatically lose when time's up. (requested by p0y1485f461)\n|inactive|Time left: 300 sec this turn | 300 sec total | 60 sec grace\n|inactive|p0x148592a2 also wants the timer to be on.\n|\n|t:|1783556373\n|move|p2a: Leafeon|Swords Dance|p2a: Leafeon\n|-boost|p2a: Leafeon|atk|2\n|move|p1a: Gogoat|Bulk Up|p1a: Gogoat\n|-boost|p1a: Gogoat|atk|1\n|-boost|p1a: Gogoat|def|1\n|\n|upkeep\n|turn|2\n|inactive|Time left: 300 sec this turn | 300 sec total\n|\n|t:|1783556374\n|move|p2a: Leafeon|Swords Dance|p2a: Leafeon\n|-boost|p2a: Leafeon|atk|2\n|move|p1a: Gogoat|Bulk Up|p1a: Gogoat\n|-boost|p1a: Gogoat|atk|1\n|-boost|p1a: Gogoat|def|1\n|\n|upkeep\n|turn|3\n|inactive|Time left: 300 sec this turn | 300 sec total\n|\n|t:|1783556375\n|move|p2a: Leafeon|Knock Off|p1a: Gogoat\n|-damage|p1a: Gogoat|170/360\n|-enditem|p1a: Gogoat|Leftovers|[from] move: Knock Off|[of] p2a: Leafeon\n|-damage|p2a: Leafeon|91/100|[from] item: Life Orb\n|move|p1a: Gogoat|Horn Leech|p2a: Leafeon\n|-resisted|p2a: Leafeon\n|-damage|p2a: Leafeon|68/100\n|-heal|p1a: Gogoat|200/360|[from] drain|[of] p2a: Leafeon\n|\n|upkeep\n|turn|4\n|inactive|Time left: 300 sec this turn | 300 sec total\n|\n|t:|1783556376\n|move|p2a: Leafeon|Double-Edge|p1a: Gogoat\n|-damage|p1a: Gogoat|0 fnt\n|faint|p1a: Gogoat\n|-damage|p2a: Leafeon|42/100|[from] Recoil\n|-damage|p2a: Leafeon|32/100|[from] item: Life Orb\n|\n|upkeep\n|inactive|Time left: 300 sec this turn | 300 sec total | 5 sec grace\n|\n|t:|1783556377\n|switch|p1a: Dodrio|Dodrio, L85, F|241/241\n|turn|5\n|inactive|Time left: 300 sec this turn | 300 sec total\n|\n|t:|1783556378\n|move|p1a: Dodrio|Brave Bird|p2a: Leafeon\n|-supereffective|p2a: Leafeon\n|-damage|p2a: Leafeon|0 fnt\n|faint|p2a: Leafeon\n|-damage|p1a: Dodrio|214/241|[from] Recoil\n|\n|upkeep\n|\n|t:|1783556379\n|switch|p2a: Primarina|Primarina, L83, F|100/100\n|turn|6\n|inactive|Time left: 300 sec this turn | 300 sec total\n|\n|t:|1783556380\n|move|p1a: Dodrio|Brave Bird|p2a: Primarina\n|-damage|p2a: Primarina|15/100\n|-damage|p1a: Dodrio|138/241|[from] Recoil\n|move|p2a: Primarina|Moonblast|p1a: Dodrio\n|-damage|p1a: Dodrio|0 fnt\n|faint|p1a: Dodrio\n|\n|-heal|p2a: Primarina|21/100|[from] item: Leftovers\n|upkeep\n|inactive|Time left: 300 sec this turn | 300 sec total | 5 sec grace\n|\n|t:|1783556382\n|switch|p1a: Lycanroc|Lycanroc-Midnight, L89, F|296/296\n|turn|7\n|inactive|Time left: 300 sec this turn | 300 sec total\n|\n|t:|1783556383\n|switch|p2a: Iron Valiant|Iron Valiant, L78|100/100\n|move|p1a: Lycanroc|Stone Edge|p2a: Iron Valiant\n|-resisted|p2a: Iron Valiant\n|-damage|p2a: Iron Valiant|65/100\n|-damage|p1a: Lycanroc|267/296|[from] item: Life Orb\n|\n|upkeep\n|turn|8\n|inactive|Time left: 300 sec this turn | 300 sec total\n|\n|t:|1783556384\n|move|p2a: Iron Valiant|Close Combat|p1a: Lycanroc\n|-supereffective|p1a: Lycanroc\n|-damage|p1a: Lycanroc|0 fnt\n|-unboost|p2a: Iron Valiant|def|1\n|-unboost|p2a: Iron Valiant|spd|1\n|faint|p1a: Lycanroc\n|-damage|p2a: Iron Valiant|55/100|[from] item: Life Orb\n|\n|upkeep\n|inactive|Time left: 300 sec this turn | 300 sec total | 5 sec grace\n|\n|t:|1783556385\n|switch|p1a: Tauros|Tauros, L82, M|257/257\n|turn|9\n|inactive|Time left: 300 sec this turn | 300 sec total\n|\n|t:|1783556386\n|-end|p2a: Iron Valiant|Quark Drive|[silent]\n|switch|p2a: Sinistcha|Sinistcha-Masterpiece, L83|100/100\n|move|p1a: Tauros|Body Slam|p2a: Sinistcha\n|-immune|p2a: Sinistcha\n|\n|upkeep\n|turn|10\n|inactive|Time left: 300 sec this turn | 300 sec total\n|\n|t:|1783556387\n|switch|p1a: Ninetales|Ninetales, L85, M|263/263\n|-weather|SunnyDay|[from] ability: Drought|[of] p1a: Ninetales\n|move|p2a: Sinistcha|Matcha Gotcha|p1a: Ninetales\n|-resisted|p1a: Ninetales\n|-damage|p1a: Ninetales|219/263\n|\n|-weather|SunnyDay|[upkeep]\n|upkeep\n|turn|11\n|inactive|Time left: 300 sec this turn | 300 sec total\n|\n|t:|1783556388\n|switch|p2a: Houndoom|Houndoom, L87, M|100/100\n|move|p1a: Ninetales|Nasty Plot|p1a: Ninetales\n|-boost|p1a: Ninetales|spa|2\n|\n|-weather|SunnyDay|[upkeep]\n|upkeep\n|turn|12\n|inactive|Time left: 300 sec this turn | 300 sec total\n|\n|t:|1783556389\n|move|p1a: Ninetales|Scorching Sands|p2a: Houndoom\n|-supereffective|p2a: Houndoom\n|-damage|p2a: Houndoom|31/100\n|move|p2a: Houndoom|Sludge Bomb|p1a: Ninetales\n|-damage|p1a: Ninetales|152/263\n|\n|-weather|SunnyDay|[upkeep]\n|upkeep\n|turn|13\n|inactive|Time left: 300 sec this turn | 300 sec total\n|\n|t:|1783556390\n|move|p2a: Houndoom|Sucker Punch|p1a: Ninetales\n|-damage|p1a: Ninetales|68/263\n|move|p1a: Ninetales|Scorching Sands|p2a: Houndoom\n|-supereffective|p2a: Houndoom\n|-damage|p2a: Houndoom|0 fnt\n|faint|p2a: Houndoom\n|\n|-weather|SunnyDay|[upkeep]\n|upkeep\n|\n|t:|1783556391\n|switch|p2a: Iron Valiant|Iron Valiant, L78|55/100\n|turn|14\n|inactive|Time left: 300 sec this turn | 300 sec total\n|\n|t:|1783556393\n|move|p2a: Iron Valiant|Knock Off|p1a: Ninetales\n|-damage|p1a: Ninetales|0 fnt\n|-enditem|p1a: Ninetales|Heavy-Duty Boots|[from] move: Knock Off|[of] p2a: Iron Valiant\n|faint|p1a: Ninetales\n|-damage|p2a: Iron Valiant|46/100|[from] item: Life Orb\n|\n|-weather|none\n|upkeep\n|inactive|Time left: 300 sec this turn | 300 sec total | 5 sec grace\n|\n|t:|1783556393\n|switch|p1a: Tauros|Tauros, L82, M|257/257\n|turn|15\n|inactive|Time left: 300 sec this turn | 300 sec total\n|\n|t:|1783556394\n|-end|p2a: Iron Valiant|Quark Drive|[silent]\n|switch|p2a: Sinistcha|Sinistcha-Masterpiece, L83|100/100\n|move|p1a: Tauros|Body Slam|p2a: Sinistcha\n|-immune|p2a: Sinistcha\n|\n|upkeep\n|turn|16\n|inactive|Time left: 300 sec this turn | 300 sec total\n|\n|t:|1783556396\n|switch|p1a: Toedscruel|Toedscruel, L87, M|281/281\n|move|p2a: Sinistcha|Matcha Gotcha|p1a: Toedscruel\n|-damage|p1a: Toedscruel|209/281\n|\n|-heal|p1a: Toedscruel|226/281|[from] item: Leftovers\n|upkeep\n|turn|17\n|inactive|Time left: 300 sec this turn | 300 sec total\n|\n|t:|1783556396\n|move|p2a: Sinistcha|Calm Mind|p2a: Sinistcha\n|-boost|p2a: Sinistcha|spa|1\n|-boost|p2a: Sinistcha|spd|1\n|move|p1a: Toedscruel|Toxic|p2a: Sinistcha\n|-status|p2a: Sinistcha|tox\n|\n|-heal|p1a: Toedscruel|243/281|[from] item: Leftovers\n|-damage|p2a: Sinistcha|95/100 tox|[from] psn\n|upkeep\n|turn|18\n|inactive|Time left: 300 sec this turn | 300 sec total\n|\n|t:|1783556397\n|move|p1a: Toedscruel|Earth Power|p2a: Sinistcha\n|-resisted|p2a: Sinistcha\n|-damage|p2a: Sinistcha|82/100 tox\n|move|p2a: Sinistcha|Calm Mind|p2a: Sinistcha\n|-boost|p2a: Sinistcha|spa|1\n|-boost|p2a: Sinistcha|spd|1\n|\n|-heal|p1a: Toedscruel|260/281|[from] item: Leftovers\n|-heal|p2a: Sinistcha|88/100 tox|[from] item: Leftovers\n|-damage|p2a: Sinistcha|76/100 tox|[from] psn\n|upkeep\n|turn|19\n|inactive|Time left: 300 sec this turn | 300 sec total\n|\n|t:|1783556399\n|move|p1a: Toedscruel|Earth Power|p2a: Sinistcha\n|-resisted|p2a: Sinistcha\n|-damage|p2a: Sinistcha|67/100 tox\n|move|p2a: Sinistcha|Matcha Gotcha|p1a: Toedscruel\n|-damage|p1a: Toedscruel|106/281\n|-heal|p2a: Sinistcha|97/100 tox|[from] drain|[of] p1a: Toedscruel\n|\n|-heal|p1a: Toedscruel|123/281|[from] item: Leftovers\n|-heal|p2a: Sinistcha|100/100 tox|[from] item: Leftovers\n|-damage|p2a: Sinistcha|83/100 tox|[from] psn\n|upkeep\n|turn|20\n|inactive|Time left: 300 sec this turn | 300 sec total\n|\n|t:|1783556400\n|switch|p1a: Tauros|Tauros, L82, M|257/257\n|move|p2a: Sinistcha|Matcha Gotcha|p1a: Tauros\n|-damage|p1a: Tauros|7/257\n|-heal|p2a: Sinistcha|100/100 tox|[from] drain|[of] p1a: Tauros\n|\n|-damage|p2a: Sinistcha|77/100 tox|[from] psn\n|upkeep\n|turn|21\n|inactive|Time left: 300 sec this turn | 300 sec total\n|\n|t:|1783556401\n|move|p1a: Tauros|Body Slam|p2a: Sinistcha\n|-immune|p2a: Sinistcha\n|move|p2a: Sinistcha|Matcha Gotcha|p1a: Tauros\n|-damage|p1a: Tauros|0 fnt\n|-heal|p2a: Sinistcha|78/100 tox|[from] drain|[of] p1a: Tauros\n|faint|p1a: Tauros\n|\n|-heal|p2a: Sinistcha|84/100 tox|[from] item: Leftovers\n|-damage|p2a: Sinistcha|55/100 tox|[from] psn\n|upkeep\n|inactive|Time left: 300 sec this turn | 300 sec total | 5 sec grace\n|\n|t:|1783556401\n|switch|p1a: Toedscruel|Toedscruel, L87, M|123/281\n|turn|22\n|inactive|Time left: 300 sec this turn | 300 sec total\n|\n|t:|1783556402\n|move|p1a: Toedscruel|Earth Power|p2a: Sinistcha\n|-resisted|p2a: Sinistcha\n|-damage|p2a: Sinistcha|46/100 tox\n|move|p2a: Sinistcha|Shadow Ball|p1a: Toedscruel\n|-damage|p1a: Toedscruel|0 fnt\n|faint|p1a: Toedscruel\n|\n|win|p0y1485f461", "uploadtime": 1783556402, "views": 0, "rating": 0, "private": 0, "password": null, "_winner": "p0y1485f461", "_our_name": "p0x148592a2"}