{"id": "battle-gen9randombattle-1134", "formatid": "gen9randombattle", "format": "[Gen 9] Random Battle", "players": ["p0x11346d88", "p0y1134665c"], "log": "|init|battle\n|title|p0x11346d88 vs. p0y1134665c\n|j|\u2606p0x11346d88\n|j|\u2606p0y1134665c\n|t:|1783553128\n|gametype|singles\n|player|p1|p0x11346d88|266|\n|player|p2|p0y1134665c|170|\n|gen|9\n|tier|[Gen 9] Random Battle\n|rule|Species Clause: Limit one of each Pok\u00e9mon\n|rule|HP Percentage Mod: HP is shown in percentages\n|rule|Sleep Clause Mod: Limit one foe put to sleep\n|rule|Illusion Level Mod: Illusion disguises the Pok\u00e9mon's true level\n|\n|t:|1783553128\n|teamsize|p1|6\n|teamsize|p2|6\n|start\n|switch|p1a: Shiftry|Shiftry, L89, F|305/305\n|switch|p2a: Golduck|Golduck, L90, M|100/100\n|-ability|p2a: Golduck|Cloud Nine\n|turn|1\n|inactive|Battle timer is ON: inactive players will automatically lose when time's up. (requested by p0y1134665c)\n|inactive|Time left: 300 sec this turn | 300 sec total | 60 sec grace\n|inactive|p0x11346d88 also wants the timer to be on.\n|\n|t:|1783553130\n|move|p2a: Golduck|Ice Beam|p1a: Shiftry\n|-supereffective|p1a: Shiftry\n|-damage|p1a: Shiftry|35/305\n|move|p1a: Shiftry|Leaf Blade|p2a: Golduck\n|-supereffective|p2a: Golduck\n|-crit|p2a: Golduck\n|-damage|p2a: Golduck|0 fnt\n|faint|p2a: Golduck\n|-damage|p1a: Shiftry|5/305|[from] item: Life Orb\n|\n|upkeep\n|\n|t:|1783553131\n|switch|p2a: Altaria|Altaria, L89, F|100/100\n|turn|2\n|inactive|Time left: 300 sec this turn | 300 sec total\n|\n|t:|1783553133\n|move|p2a: Altaria|Dragon Dance|p2a: Altaria\n|-boost|p2a: Altaria|atk|1\n|-boost|p2a: Altaria|spe|1\n|move|p1a: Shiftry|Knock Off|p2a: Altaria\n|-damage|p2a: Altaria|50/100\n|-enditem|p2a: Altaria|Heavy-Duty Boots|[from] move: Knock Off|[of] p1a: Shiftry\n|-damage|p1a: Shiftry|0 fnt|[from] item: Life Orb\n|faint|p1a: Shiftry\n|\n|upkeep\n|inactive|Time left: 300 sec this turn | 300 sec total | 5 sec grace\n|\n|t:|1783553134\n|switch|p1a: Ho-Oh|Ho-Oh, L71|268/268\n|turn|3\n|inactive|Time left: 300 sec this turn | 300 sec total\n|\n|t:|1783553135\n|move|p2a: Altaria|Roost|p2a: Altaria\n|-heal|p2a: Altaria|99/100\n|-singleturn|p2a: Altaria|move: Roost\n|move|p1a: Ho-Oh|Sacred Fire|p2a: Altaria\n|-resisted|p2a: Altaria\n|-damage|p2a: Altaria|83/100\n|-status|p2a: Altaria|brn\n|\n|-damage|p2a: Altaria|77/100 brn|[from] brn\n|upkeep\n|turn|4\n|inactive|Time left: 300 sec this turn | 300 sec total\n|\n|t:|1783553136\n|move|p2a: Altaria|Dragon Dance|p2a: Altaria\n|-boost|p2a: Altaria|atk|1\n|-boost|p2a: Altaria|spe|1\n|move|p1a: Ho-Oh|Brave Bird|p2a: Altaria\n|-damage|p2a: Altaria|38/100 brn\n|-damage|p1a: Ho-Oh|232/268|[from] Recoil\n|\n|-damage|p2a: Altaria|31/100 brn|[from] brn\n|upkeep\n|turn|5\n|inactive|Time left: 300 sec this turn | 300 sec total\n|\n|t:|1783553137\n|move|p2a: Altaria|Roost|p2a: Altaria\n|-heal|p2a: Altaria|81/100 brn\n|-singleturn|p2a: Altaria|move: Roost\n|move|p1a: Ho-Oh|Brave Bird|p2a: Altaria\n|-damage|p2a: Altaria|39/100 brn\n|-damage|p1a: Ho-Oh|193/268|[from] Recoil\n|\n|-damage|p2a: Altaria|33/100 brn|[from] brn\n|upkeep\n|turn|6\n|inactive|Time left: 300 sec this turn | 300 sec total\n|\n|t:|1783553138\n|move|p2a: Altaria|Roost|p2a: Altaria\n|-heal|p2a: Altaria|83/100 brn\n|-singleturn|p2a: Altaria|move: Roost\n|move|p1a: Ho-Oh|Brave Bird|p2a: Altaria\n|-damage|p2a: Altaria|43/100 brn\n|-damage|p1a: Ho-Oh|156/268|[from] Recoil\n|\n|-damage|p2a: Altaria|36/100 brn|[from] brn\n|upkeep\n|turn|7\n|inactive|Time left: 300 sec this turn | 300 sec total\n|\n|t:|1783553139\n|move|p2a: Altaria|Roost|p2a: Altaria\n|-heal|p2a: Altaria|86/100 brn\n|-singleturn|p2a: Altaria|move: Roost\n|move|p1a: Ho-Oh|Brave Bird|p2a: Altaria\n|-damage|p2a: Altaria|50/100 brn\n|-damage|p1a: Ho-Oh|123/268|[from] Recoil\n|\n|-damage|p2a: Altaria|44/100 brn|[from] brn\n|upkeep\n|turn|8\n|inactive|Time left: 300 sec this turn | 300 sec total\n|\n|t:|1783553141\n|move|p2a: Altaria|Roost|p2a: Altaria\n|-heal|p2a: Altaria|94/100 brn\n|-singleturn|p2a: Altaria|move: Roost\n|move|p1a: Ho-Oh|Brave Bird|p2a: Altaria\n|-crit|p2a: Altaria\n|-damage|p2a: Altaria|34/100 brn\n|-damage|p1a: Ho-Oh|67/268|[from] Recoil\n|\n|-damage|p2a: Altaria|27/100 brn|[from] brn\n|upkeep\n|turn|9\n|inactive|Time left: 300 sec this turn | 300 sec total\n|\n|t:|1783553142\n|move|p2a: Altaria|Roost|p2a: Altaria\n|-heal|p2a: Altaria|77/100 brn\n|-singleturn|p2a: Altaria|move: Roost\n|move|p1a: Ho-Oh|Recover|p1a: Ho-Oh\n|-heal|p1a: Ho-Oh|201/268\n|\n|-damage|p2a: Altaria|71/100 brn|[from] brn\n|upkeep\n|turn|10\n|inactive|Time left: 300 sec this turn | 300 sec total\n|\n|t:|1783553143\n|move|p2a: Altaria|Dragon Dance|p2a: Altaria\n|-boost|p2a: Altaria|atk|1\n|-boost|p2a: Altaria|spe|1\n|move|p1a: Ho-Oh|Brave Bird|p2a: Altaria\n|-damage|p2a: Altaria|31/100 brn\n|-damage|p1a: Ho-Oh|164/268|[from] Recoil\n|\n|-damage|p2a: Altaria|25/100 brn|[from] brn\n|upkeep\n|turn|11\n|inactive|Time left: 300 sec this turn | 300 sec total\n|\n|t:|1783553144\n|move|p2a: Altaria|Roost|p2a: Altaria\n|-heal|p2a: Altaria|75/100 brn\n|-singleturn|p2a: Altaria|move: Roost\n|move|p1a: Ho-Oh|Brave Bird|p2a: Altaria\n|-crit|p2a: Altaria\n|-damage|p2a: Altaria|20/100 brn\n|-damage|p1a: Ho-Oh|114/268|[from] Recoil\n|\n|-damage|p2a: Altaria|14/100 brn|[from] brn\n|upkeep\n|turn|12\n|inactive|Time left: 300 sec this turn | 300 sec total\n|\n|t:|1783553145\n|move|p2a: Altaria|Roost|p2a: Altaria\n|-heal|p2a: Altaria|64/100 brn\n|-singleturn|p2a: Altaria|move: Roost\n|move|p1a: Ho-Oh|Brave Bird|p2a: Altaria\n|-damage|p2a: Altaria|22/100 brn\n|-damage|p1a: Ho-Oh|75/268|[from] Recoil\n|\n|-damage|p2a: Altaria|16/100 brn|[from] brn\n|upkeep\n|turn|13\n|inactive|Time left: 300 sec this turn | 300 sec total\n|\n|t:|1783553146\n|move|p2a: Altaria|Brave Bird|p1a: Ho-Oh\n|-damage|p1a: Ho-Oh|0 fnt\n|faint|p1a: Ho-Oh\n|-damage|p2a: Altaria|7/100 brn|[from] Recoil\n|\n|-damage|p2a: Altaria|0 fnt|[from] brn\n|faint|p2a: Altaria\n|upkeep\n|inactive|Time left: 300 sec this turn | 300 sec total | 5 sec grace\n|\n|t:|1783553147\n|switch|p2a: Glimmora|Glimmora, L75, F|100/100\n|switch|p1a: Flareon|Flareon, L90, M|263/263\n|turn|14\n|inactive|Time left: 300 sec this turn | 300 sec total\n|\n|t:|1783553148\n|switch|p1a: Arboliva|Arboliva, L91, M|288/288\n|move|p2a: Glimmora|Meteor Beam||[still]\n|-prepare|p2a: Glimmora|Meteor Beam\n|-boost|p2a: Glimmora|spa|1\n|-enditem|p2a: Glimmora|Power Herb\n|-anim|p2a: Glimmora|Meteor Beam|p1a: Arboliva\n|-crit|p1a: Arboliva\n|-damage|p1a: Arboliva|72/288\n|-enditem|p1a: Arboliva|Sitrus Berry|[eat]\n|-heal|p1a: Arboliva|144/288|[from] item: Sitrus Berry\n|\n|-item|p1a: Arboliva|Sitrus Berry|[from] ability: Harvest\n|upkeep\n|-enditem|p1a: Arboliva|Sitrus Berry|[eat]\n|-heal|p1a: Arboliva|216/288|[from] item: Sitrus Berry\n|turn|15\n|inactive|Time left: 300 sec this turn | 300 sec total\n|\n|t:|1783553149\n|move|p2a: Glimmora|Sludge Wave|p1a: Arboliva\n|-supereffective|p1a: Arboliva\n|-damage|p1a: Arboliva|0 fnt\n|faint|p1a: Arboliva\n|\n|upkeep\n|inactive|Time left: 300 sec this turn | 300 sec total | 5 sec grace\n|\n|t:|1783553150\n|switch|p1a: Flareon|Flareon, L90, M|263/263\n|turn|16\n|inactive|Time left: 300 sec this turn | 300 sec total\n|\n|t:|1783553151\n|-terastallize|p1a: Flareon|Normal\n|move|p2a: Glimmora|Meteor Beam||[still]\n|-prepare|p2a: Glimmora|Meteor Beam\n|-boost|p2a: Glimmora|spa|1\n|move|p1a: Flareon|Trailblaze|p2a: Glimmora\n|-damage|p2a: Glimmora|76/100\n|-boost|p1a: Flareon|spe|1\n|-activate|p2a: Glimmora|ability: Toxic Debris\n|-sidestart|p1: p0x11346d88|move: Toxic Spikes\n|\n|-status|p1a: Flareon|tox|[from] item: Toxic Orb\n|upkeep\n|turn|17\n|inactive|Time left: 300 sec this turn | 300 sec total\n|\n|t:|1783553152\n|move|p1a: Flareon|Facade|p2a: Glimmora\n|-resisted|p2a: Glimmora\n|-damage|p2a: Glimmora|0 fnt\n|-activate|p2a: Glimmora|ability: Toxic Debris\n|-sidestart|p1: p0x11346d88|move: Toxic Spikes\n|faint|p2a: Glimmora\n|\n|-damage|p1a: Flareon|247/263 tox|[from] psn\n|upkeep\n|\n|t:|1783553153\n|switch|p2a: Rhydon|Rhydon, L85, M|100/100\n|turn|18\n|inactive|Time left: 300 sec this turn | 300 sec total\n|\n|t:|1783553154\n|move|p1a: Flareon|Will-O-Wisp|p2a: Rhydon\n|-status|p2a: Rhydon|brn\n|move|p2a: Rhydon|Earthquake|p1a: Flareon\n|-damage|p1a: Flareon|157/263 tox\n|\n|-damage|p1a: Flareon|125/263 tox|[from] psn\n|-damage|p2a: Rhydon|95/100 brn|[from] brn\n|upkeep\n|turn|19\n|inactive|Time left: 300 sec this turn | 300 sec total\n|\n|t:|1783553155\n|move|p1a: Flareon|Trailblaze|p2a: Rhydon\n|-supereffective|p2a: Rhydon\n|-damage|p2a: Rhydon|39/100 brn\n|-boost|p1a: Flareon|spe|1\n|move|p2a: Rhydon|Earthquake|p1a: Flareon\n|-damage|p1a: Flareon|35/263 tox\n|\n|-damage|p1a: Flareon|0 fnt|[from] psn\n|faint|p1a: Flareon\n|-damage|p2a: Rhydon|33/100 brn|[from] brn\n|upkeep\n|inactive|Time left: 300 sec this turn | 300 sec total | 5 sec grace\n|\n|t:|1783553156\n|switch|p1a: Banette|Banette, L93, F|270/270\n|-status|p1a: Banette|tox\n|turn|20\n|inactive|Time left: 300 sec this turn | 300 sec total\n|\n|t:|1783553156\n|move|p1a: Banette|Poltergeist|p2a: Rhydon\n|-activate|p2a: Rhydon|move: Poltergeist|Eviolite\n|-damage|p2a: Rhydon|0 fnt\n|faint|p2a: Rhydon\n|-damage|p1a: Banette|243/270 tox|[from] item: Life Orb\n|\n|-damage|p1a: Banette|227/270 tox|[from] psn\n|upkeep\n|\n|t:|1783553157\n|switch|p2a: Feraligatr|Feraligatr, L79, F|100/100\n|turn|21\n|inactive|Time left: 300 sec this turn | 300 sec total\n|\n|t:|1783553158\n|move|p1a: Banette|Thunder Wave|p2a: Feraligatr\n|-status|p2a: Feraligatr|par\n|move|p2a: Feraligatr|Liquidation|p1a: Banette\n|-crit|p1a: Banette\n|-damage|p1a: Banette|1/270 tox\n|\n|-damage|p1a: Banette|0 fnt|[from] psn\n|faint|p1a: Banette\n|upkeep\n|inactive|Time left: 300 sec this turn | 300 sec total | 5 sec grace\n|\n|t:|1783553159\n|switch|p1a: Iron Thorns|Iron Thorns, L83|302/302\n|-status|p1a: Iron Thorns|tox\n|turn|22\n|inactive|Time left: 300 sec this turn | 300 sec total\n|\n|t:|1783553160\n|-terastallize|p2a: Feraligatr|Water\n|move|p1a: Iron Thorns|Stone Edge|p2a: Feraligatr|[miss]\n|-miss|p1a: Iron Thorns|p2a: Feraligatr\n|move|p2a: Feraligatr|Liquidation|p1a: Iron Thorns\n|-supereffective|p1a: Iron Thorns\n|-damage|p1a: Iron Thorns|0 fnt\n|faint|p1a: Iron Thorns\n|-end|p1a: Iron Thorns|Quark Drive|[silent]\n|\n|win|p0y1134665c", "uploadtime": 1783553160, "views": 0, "rating": 0, "private": 0, "password": null, "_winner": "p0y1134665c", "_our_name": "p0x11346d88"}