{"id": "battle-gen9randombattle-967", "formatid": "gen9randombattle", "format": "[Gen 9] Random Battle", "players": ["p0x9675812", "p0y967f00c"], "log": "|init|battle\n|title|p0x9675812 vs. p0y967f00c\n|j|\u2606p0x9675812\n|j|\u2606p0y967f00c\n|t:|1783550363\n|gametype|singles\n|player|p1|p0x9675812|266|\n|player|p2|p0y967f00c|2|\n|gen|9\n|tier|[Gen 9] Random Battle\n|rule|Species Clause: Limit one of each Pok\u00e9mon\n|rule|HP Percentage Mod: HP is shown in percentages\n|rule|Sleep Clause Mod: Limit one foe put to sleep\n|rule|Illusion Level Mod: Illusion disguises the Pok\u00e9mon's true level\n|\n|t:|1783550363\n|teamsize|p1|6\n|teamsize|p2|6\n|start\n|switch|p1a: Venusaur|Venusaur, L84, M|272/272\n|switch|p2a: Regice|Regice, L88|100/100\n|turn|1\n|inactive|Battle timer is ON: inactive players will automatically lose when time's up. (requested by p0x9675812)\n|inactive|p0y967f00c also wants the timer to be on.\n|\n|t:|1783550364\n|move|p1a: Venusaur|Sludge Bomb|p2a: Regice\n|-damage|p2a: Regice|85/100\n|move|p2a: Regice|Ice Beam|p1a: Venusaur\n|-supereffective|p1a: Venusaur\n|-crit|p1a: Venusaur\n|-damage|p1a: Venusaur|0 fnt\n|faint|p1a: Venusaur\n|\n|upkeep\n|inactive|Time left: 300 sec this turn | 300 sec total | 65 sec grace\n|\n|t:|1783550365\n|switch|p1a: Rampardos|Rampardos, L90, M|321/321\n|turn|2\n|inactive|Time left: 300 sec this turn | 300 sec total\n|\n|t:|1783550366\n|switch|p2a: Orthworm|Orthworm, L88, M|100/100\n|move|p1a: Rampardos|Rock Slide|p2a: Orthworm\n|-resisted|p2a: Orthworm\n|-damage|p2a: Orthworm|80/100\n|\n|-heal|p2a: Orthworm|86/100|[from] item: Leftovers\n|upkeep\n|turn|3\n|inactive|Time left: 300 sec this turn | 300 sec total\n|\n|t:|1783550367\n|move|p1a: Rampardos|Rock Slide|p2a: Orthworm\n|-resisted|p2a: Orthworm\n|-damage|p2a: Orthworm|64/100\n|move|p2a: Orthworm|Heavy Slam|p1a: Rampardos\n|-supereffective|p1a: Rampardos\n|-damage|p1a: Rampardos|129/321\n|\n|-heal|p2a: Orthworm|70/100|[from] item: Leftovers\n|upkeep\n|turn|4\n|inactive|Time left: 300 sec this turn | 300 sec total\n|\n|t:|1783550368\n|switch|p1a: Girafarig|Girafarig, L89, M|269/269\n|move|p2a: Orthworm|Heavy Slam|p1a: Girafarig\n|-damage|p1a: Girafarig|170/269\n|\n|-heal|p2a: Orthworm|76/100|[from] item: Leftovers\n|upkeep\n|turn|5\n|inactive|Time left: 300 sec this turn | 300 sec total\n|\n|t:|1783550369\n|move|p1a: Girafarig|Nasty Plot|p1a: Girafarig\n|-boost|p1a: Girafarig|spa|2\n|move|p2a: Orthworm|Heavy Slam|p1a: Girafarig\n|-damage|p1a: Girafarig|68/269\n|\n|-heal|p2a: Orthworm|82/100|[from] item: Leftovers\n|upkeep\n|turn|6\n|inactive|Time left: 300 sec this turn | 300 sec total\n|\n|t:|1783550370\n|-terastallize|p1a: Girafarig|Electric\n|move|p1a: Girafarig|Thunderbolt|p2a: Orthworm\n|-damage|p2a: Orthworm|0 fnt\n|faint|p2a: Orthworm\n|\n|upkeep\n|\n|t:|1783550371\n|switch|p2a: Mewtwo|Mewtwo, L72|100/100\n|-ability|p2a: Mewtwo|Unnerve\n|turn|7\n|inactive|Time left: 300 sec this turn | 300 sec total\n|\n|t:|1783550372\n|move|p2a: Mewtwo|Psystrike|p1a: Girafarig\n|-damage|p1a: Girafarig|0 fnt\n|faint|p1a: Girafarig\n|-damage|p2a: Mewtwo|91/100|[from] item: Life Orb\n|\n|upkeep\n|inactive|Time left: 300 sec this turn | 300 sec total | 5 sec grace\n|\n|t:|1783550374\n|switch|p1a: Rampardos|Rampardos, L90, M|129/321\n|turn|8\n|inactive|Time left: 300 sec this turn | 300 sec total\n|\n|t:|1783550375\n|move|p1a: Rampardos|Head Smash|p2a: Mewtwo\n|-damage|p2a: Mewtwo|0 fnt\n|faint|p2a: Mewtwo\n|-damage|p1a: Rampardos|6/321|[from] Recoil\n|\n|upkeep\n|\n|t:|1783550376\n|switch|p2a: Qwilfish|Qwilfish, L86, F|100/100\n|-ability|p2a: Qwilfish|Intimidate|boost\n|-unboost|p1a: Rampardos|atk|1\n|turn|9\n|inactive|Time left: 300 sec this turn | 300 sec total\n|\n|t:|1783550377\n|switch|p2a: Ursaring|Ursaring, L84, M|100/100\n|move|p1a: Rampardos|Head Smash|p2a: Ursaring\n|-damage|p2a: Ursaring|25/100\n|-damage|p1a: Rampardos|0 fnt|[from] Recoil\n|faint|p1a: Rampardos\n|\n|-status|p2a: Ursaring|tox|[from] item: Toxic Orb\n|upkeep\n|inactive|Time left: 300 sec this turn | 300 sec total | 5 sec grace\n|\n|t:|1783550378\n|switch|p1a: Kyurem|Kyurem, L77|319/319\n|-ability|p1a: Kyurem|Pressure\n|turn|10\n|inactive|Time left: 300 sec this turn | 300 sec total\n|\n|t:|1783550379\n|move|p2a: Ursaring|Close Combat|p1a: Kyurem\n|-supereffective|p1a: Kyurem\n|-damage|p1a: Kyurem|89/319\n|-unboost|p2a: Ursaring|def|1\n|-unboost|p2a: Ursaring|spd|1\n|move|p1a: Kyurem|Dragon Dance|p1a: Kyurem\n|-boost|p1a: Kyurem|atk|1\n|-boost|p1a: Kyurem|spe|1\n|\n|-damage|p2a: Ursaring|19/100 tox|[from] psn\n|upkeep\n|turn|11\n|inactive|Time left: 300 sec this turn | 300 sec total\n|\n|t:|1783550380\n|switch|p2a: Qwilfish|Qwilfish, L86, F|100/100\n|-ability|p2a: Qwilfish|Intimidate|boost\n|-unboost|p1a: Kyurem|atk|1\n|move|p1a: Kyurem|Scale Shot|p2a: Qwilfish|[miss]\n|-miss|p1a: Kyurem|p2a: Qwilfish\n|\n|upkeep\n|turn|12\n|inactive|Time left: 300 sec this turn | 300 sec total\n|\n|t:|1783550381\n|move|p1a: Kyurem|Scale Shot|p2a: Qwilfish\n|-damage|p2a: Qwilfish|89/100\n|-crit|p2a: Qwilfish\n|-damage|p2a: Qwilfish|73/100\n|-damage|p2a: Qwilfish|62/100\n|-damage|p2a: Qwilfish|51/100\n|-damage|p2a: Qwilfish|39/100\n|-hitcount|p2a: Qwilfish|5\n|-unboost|p1a: Kyurem|def|1\n|-boost|p1a: Kyurem|spe|1\n|move|p2a: Qwilfish|Gunk Shot|p1a: Kyurem\n|-damage|p1a: Kyurem|0 fnt\n|faint|p1a: Kyurem\n|\n|-heal|p2a: Qwilfish|45/100|[from] item: Leftovers\n|upkeep\n|inactive|Time left: 300 sec this turn | 300 sec total | 5 sec grace\n|\n|t:|1783550382\n|switch|p1a: Regigigas|Regigigas, L84|322/322\n|-start|p1a: Regigigas|ability: Slow Start\n|turn|13\n|inactive|Time left: 300 sec this turn | 300 sec total\n|\n|t:|1783550383\n|move|p2a: Qwilfish|Thunder Wave|p1a: Regigigas\n|-status|p1a: Regigigas|par\n|move|p1a: Regigigas|Knock Off|p2a: Qwilfish\n|-damage|p2a: Qwilfish|23/100\n|-enditem|p2a: Qwilfish|Leftovers|[from] move: Knock Off|[of] p1a: Regigigas\n|\n|upkeep\n|turn|14\n|inactive|Time left: 300 sec this turn | 300 sec total\n|\n|t:|1783550384\n|switch|p2a: Regice|Regice, L88|85/100\n|move|p1a: Regigigas|Body Slam|p2a: Regice\n|-damage|p2a: Regice|64/100\n|-status|p2a: Regice|par\n|\n|upkeep\n|turn|15\n|inactive|Time left: 300 sec this turn | 300 sec total\n|\n|t:|1783550384\n|move|p2a: Regice|Ice Beam|p1a: Regigigas\n|-damage|p1a: Regigigas|226/322 par\n|move|p1a: Regigigas|Body Slam|p2a: Regice\n|-damage|p2a: Regice|43/100 par\n|\n|-heal|p1a: Regigigas|246/322 par|[from] item: Leftovers\n|upkeep\n|turn|16\n|inactive|Time left: 300 sec this turn | 300 sec total\n|\n|t:|1783550385\n|move|p2a: Regice|Rest|p2a: Regice\n|-status|p2a: Regice|slp|[from] move: Rest\n|-heal|p2a: Regice|100/100 slp|[silent]\n|move|p1a: Regigigas|Knock Off|p2a: Regice\n|-damage|p2a: Regice|84/100 slp\n|-enditem|p2a: Regice|Heavy-Duty Boots|[from] move: Knock Off|[of] p1a: Regigigas\n|\n|-heal|p1a: Regigigas|266/322 par|[from] item: Leftovers\n|upkeep\n|turn|17\n|inactive|Time left: 300 sec this turn | 300 sec total\n|\n|t:|1783550386\n|switch|p2a: Qwilfish|Qwilfish, L86, F|23/100\n|-ability|p2a: Qwilfish|Intimidate|boost\n|-unboost|p1a: Regigigas|atk|1\n|cant|p1a: Regigigas|par\n|\n|-heal|p1a: Regigigas|286/322 par|[from] item: Leftovers\n|-end|p1a: Regigigas|Slow Start\n|upkeep\n|turn|18\n|inactive|Time left: 300 sec this turn | 300 sec total\n|\n|t:|1783550387\n|move|p2a: Qwilfish|Gunk Shot|p1a: Regigigas\n|-damage|p1a: Regigigas|184/322 par\n|move|p1a: Regigigas|Body Slam|p2a: Qwilfish\n|-damage|p2a: Qwilfish|0 fnt\n|faint|p2a: Qwilfish\n|\n|-heal|p1a: Regigigas|204/322 par|[from] item: Leftovers\n|upkeep\n|\n|t:|1783550388\n|switch|p2a: Swanna|Swanna, L89, M|100/100\n|turn|19\n|inactive|Time left: 300 sec this turn | 300 sec total\n|\n|t:|1783550389\n|move|p2a: Swanna|Brave Bird|p1a: Regigigas\n|-damage|p1a: Regigigas|102/322 par\n|-damage|p2a: Swanna|88/100|[from] Recoil\n|move|p1a: Regigigas|Body Slam|p2a: Swanna\n|-damage|p2a: Swanna|51/100\n|-status|p2a: Swanna|par\n|\n|-heal|p1a: Regigigas|122/322 par|[from] item: Leftovers\n|upkeep\n|turn|20\n|inactive|Time left: 300 sec this turn | 300 sec total\n|\n|t:|1783550390\n|move|p2a: Swanna|Roost|p2a: Swanna\n|-heal|p2a: Swanna|100/100 par\n|-singleturn|p2a: Swanna|move: Roost\n|move|p1a: Regigigas|Body Slam|p2a: Swanna\n|-damage|p2a: Swanna|62/100 par\n|\n|-heal|p1a: Regigigas|142/322 par|[from] item: Leftovers\n|upkeep\n|turn|21\n|inactive|Time left: 300 sec this turn | 300 sec total\n|\n|t:|1783550392\n|move|p2a: Swanna|Hydro Pump|p1a: Regigigas\n|-damage|p1a: Regigigas|45/322 par\n|move|p1a: Regigigas|Body Slam|p2a: Swanna\n|-damage|p2a: Swanna|24/100 par\n|\n|-heal|p1a: Regigigas|65/322 par|[from] item: Leftovers\n|upkeep\n|turn|22\n|inactive|Time left: 300 sec this turn | 300 sec total\n|\n|t:|1783550393\n|move|p2a: Swanna|Roost|p2a: Swanna\n|-heal|p2a: Swanna|74/100 par\n|-singleturn|p2a: Swanna|move: Roost\n|move|p1a: Regigigas|Body Slam|p2a: Swanna\n|-damage|p2a: Swanna|35/100 par\n|\n|-heal|p1a: Regigigas|85/322 par|[from] item: Leftovers\n|upkeep\n|turn|23\n|inactive|Time left: 300 sec this turn | 300 sec total\n|\n|t:|1783550394\n|move|p2a: Swanna|Roost|p2a: Swanna\n|-heal|p2a: Swanna|85/100 par\n|-singleturn|p2a: Swanna|move: Roost\n|move|p1a: Regigigas|Body Slam|p2a: Swanna\n|-damage|p2a: Swanna|47/100 par\n|\n|-heal|p1a: Regigigas|105/322 par|[from] item: Leftovers\n|upkeep\n|turn|24\n|inactive|Time left: 300 sec this turn | 300 sec total\n|\n|t:|1783550395\n|move|p2a: Swanna|Brave Bird|p1a: Regigigas\n|-damage|p1a: Regigigas|0 fnt\n|faint|p1a: Regigigas\n|-end|p1a: Regigigas|Slow Start|[silent]\n|-damage|p2a: Swanna|35/100 par|[from] Recoil\n|\n|upkeep\n|inactive|Time left: 300 sec this turn | 300 sec total | 5 sec grace\n|\n|t:|1783550396\n|switch|p1a: Klefki|Klefki, L84, F|233/233\n|turn|25\n|inactive|Time left: 300 sec this turn | 300 sec total\n|\n|t:|1783550397\n|switch|p2a: Regice|Regice, L88|84/100 slp\n|move|p1a: Klefki|Foul Play|p2a: Regice\n|-damage|p2a: Regice|74/100 slp\n|\n|upkeep\n|turn|26\n|inactive|Time left: 300 sec this turn | 300 sec total\n|\n|t:|1783550398\n|move|p1a: Klefki|Spikes|p2a: Regice\n|-sidestart|p2: p0y967f00c|Spikes\n|cant|p2a: Regice|slp\n|move|p2a: Regice|Sleep Talk|p2a: Regice\n|move|p2a: Regice|Rest||[from] move: Sleep Talk|[still]\n|-fail|p2a: Regice\n|\n|upkeep\n|turn|27\n|inactive|Time left: 300 sec this turn | 300 sec total\n|\n|t:|1783550399\n|move|p1a: Klefki|Foul Play|p2a: Regice\n|-damage|p2a: Regice|65/100 slp\n|cant|p2a: Regice|slp\n|move|p2a: Regice|Sleep Talk|p2a: Regice\n|move|p2a: Regice|Rest||[from] move: Sleep Talk|[still]\n|-fail|p2a: Regice\n|\n|upkeep\n|turn|28\n|inactive|Time left: 300 sec this turn | 300 sec total\n|\n|t:|1783550400\n|-terastallize|p2a: Regice|Electric\n|move|p1a: Klefki|Foul Play|p2a: Regice\n|-damage|p2a: Regice|56/100 slp\n|-curestatus|p2a: Regice|slp|[msg]\n|move|p2a: Regice|Thunderbolt|p1a: Klefki\n|-damage|p1a: Klefki|133/233\n|\n|-heal|p1a: Klefki|147/233|[from] item: Leftovers\n|upkeep\n|turn|29\n|inactive|Time left: 300 sec this turn | 300 sec total\n|\n|t:|1783550401\n|move|p1a: Klefki|Dazzling Gleam|p2a: Regice\n|-damage|p2a: Regice|43/100\n|move|p2a: Regice|Thunderbolt|p1a: Klefki\n|-damage|p1a: Klefki|44/233\n|-status|p1a: Klefki|par\n|\n|-heal|p1a: Klefki|58/233 par|[from] item: Leftovers\n|upkeep\n|turn|30\n|inactive|Time left: 300 sec this turn | 300 sec total\n|\n|t:|1783550402\n|move|p2a: Regice|Thunderbolt|p1a: Klefki\n|-crit|p1a: Klefki\n|-damage|p1a: Klefki|0 fnt\n|faint|p1a: Klefki\n|\n|win|p0y967f00c", "uploadtime": 1783550402, "views": 0, "rating": 0, "private": 0, "password": null, "_winner": "p0y967f00c", "_our_name": "p0x9675812"}