{"id": "battle-gen9randombattle-953", "formatid": "gen9randombattle", "format": "[Gen 9] Random Battle", "players": ["p0x953ada4", "p0y9537d89"], "log": "|init|battle\n|title|p0x953ada4 vs. p0y9537d89\n|j|\u2606p0x953ada4\n|j|\u2606p0y9537d89\n|t:|1783550199\n|gametype|singles\n|player|p1|p0x953ada4|170|\n|player|p2|p0y9537d89|102|\n|gen|9\n|tier|[Gen 9] Random Battle\n|rule|Species Clause: Limit one of each Pok\u00e9mon\n|rule|HP Percentage Mod: HP is shown in percentages\n|rule|Sleep Clause Mod: Limit one foe put to sleep\n|rule|Illusion Level Mod: Illusion disguises the Pok\u00e9mon's true level\n|\n|t:|1783550199\n|teamsize|p1|6\n|teamsize|p2|6\n|start\n|switch|p1a: Flygon|Flygon, L82, M|265/265\n|switch|p2a: Flareon|Flareon, L90, M|100/100\n|turn|1\n|inactive|Battle timer is ON: inactive players will automatically lose when time's up. (requested by p0y9537d89)\n|inactive|Time left: 300 sec this turn | 300 sec total | 60 sec grace\n|inactive|p0x953ada4 also wants the timer to be on.\n|\n|t:|1783550200\n|move|p1a: Flygon|Earthquake|p2a: Flareon\n|-supereffective|p2a: Flareon\n|-damage|p2a: Flareon|8/100\n|move|p2a: Flareon|Will-O-Wisp|p1a: Flygon\n|-status|p1a: Flygon|brn\n|\n|-damage|p1a: Flygon|249/265 brn|[from] brn\n|-status|p2a: Flareon|tox|[from] item: Toxic Orb\n|upkeep\n|turn|2\n|inactive|Time left: 300 sec this turn | 300 sec total\n|\n|t:|1783550201\n|switch|p2a: Scyther|Scyther, L82, F|100/100\n|move|p1a: Flygon|Earthquake|p2a: Scyther\n|-immune|p2a: Scyther\n|\n|-damage|p1a: Flygon|233/265 brn|[from] brn\n|upkeep\n|turn|3\n|inactive|Time left: 300 sec this turn | 300 sec total\n|\n|t:|1783550202\n|move|p1a: Flygon|Earthquake|p2a: Scyther\n|-immune|p2a: Scyther\n|move|p2a: Scyther|Dual Wingbeat|p1a: Flygon\n|-damage|p1a: Flygon|164/265 brn\n|-damage|p1a: Flygon|92/265 brn\n|-hitcount|p1a: Flygon|2\n|\n|-damage|p1a: Flygon|76/265 brn|[from] brn\n|upkeep\n|turn|4\n|inactive|Time left: 300 sec this turn | 300 sec total\n|\n|t:|1783550203\n|switch|p1a: Pelipper|Pelipper, L86, M|243/243\n|-weather|RainDance|[from] ability: Drizzle|[of] p1a: Pelipper\n|move|p2a: Scyther|Dual Wingbeat|p1a: Pelipper\n|-damage|p1a: Pelipper|183/243\n|-damage|p1a: Pelipper|119/243\n|-hitcount|p1a: Pelipper|2\n|\n|-weather|RainDance|[upkeep]\n|upkeep\n|turn|5\n|inactive|Time left: 300 sec this turn | 300 sec total\n|\n|t:|1783550205\n|switch|p1a: Pincurchin|Pincurchin, M|258/258\n|-fieldstart|move: Electric Terrain|[from] ability: Electric Surge|[of] p1a: Pincurchin\n|move|p2a: Scyther|Dual Wingbeat|p1a: Pincurchin|[miss]\n|-miss|p2a: Scyther|p1a: Pincurchin\n|\n|-weather|RainDance|[upkeep]\n|upkeep\n|turn|6\n|inactive|Time left: 300 sec this turn | 300 sec total\n|\n|t:|1783550206\n|switch|p2a: Raikou|Raikou, L81|100/100\n|-ability|p2a: Raikou|Pressure\n|move|p1a: Pincurchin|Zing Zap|p2a: Raikou\n|-resisted|p2a: Raikou\n|-crit|p2a: Raikou\n|-damage|p2a: Raikou|53/100\n|\n|-weather|RainDance|[upkeep]\n|-heal|p2a: Raikou|59/100|[from] item: Leftovers\n|upkeep\n|turn|7\n|inactive|Time left: 300 sec this turn | 300 sec total\n|\n|t:|1783550207\n|move|p2a: Raikou|Scald|p1a: Pincurchin\n|-damage|p1a: Pincurchin|173/258\n|move|p1a: Pincurchin|Liquidation|p2a: Raikou\n|-damage|p2a: Raikou|0 fnt\n|faint|p2a: Raikou\n|\n|-weather|RainDance|[upkeep]\n|-heal|p1a: Pincurchin|189/258|[from] item: Leftovers\n|upkeep\n|\n|t:|1783550208\n|switch|p2a: Malamar|Malamar, L82, F|100/100\n|turn|8\n|inactive|Time left: 300 sec this turn | 300 sec total\n|\n|t:|1783550209\n|move|p2a: Malamar|Superpower|p1a: Pincurchin\n|-damage|p1a: Pincurchin|132/258\n|-boost|p2a: Malamar|atk|1\n|-boost|p2a: Malamar|def|1\n|move|p1a: Pincurchin|Zing Zap|p2a: Malamar\n|-damage|p2a: Malamar|61/100\n|\n|-weather|none\n|-heal|p1a: Pincurchin|148/258|[from] item: Leftovers\n|upkeep\n|turn|9\n|inactive|Time left: 300 sec this turn | 300 sec total\n|\n|t:|1783550210\n|switch|p1a: Enamorus|Enamorus-Therian, L83, F|259/259\n|move|p2a: Malamar|Superpower|p1a: Enamorus\n|-resisted|p1a: Enamorus\n|-damage|p1a: Enamorus|236/259\n|-boost|p2a: Malamar|atk|1\n|-boost|p2a: Malamar|def|1\n|\n|-fieldend|move: Electric Terrain\n|upkeep\n|turn|10\n|inactive|Time left: 300 sec this turn | 300 sec total\n|\n|t:|1783550211\n|move|p2a: Malamar|Psycho Cut|p1a: Enamorus\n|-damage|p1a: Enamorus|115/259\n|move|p1a: Enamorus|Moonblast|p2a: Malamar\n|-supereffective|p2a: Malamar\n|-damage|p2a: Malamar|0 fnt\n|faint|p2a: Malamar\n|\n|upkeep\n|\n|t:|1783550212\n|switch|p2a: Gothitelle|Gothitelle, L90, M|100/100\n|turn|11\n|inactive|Time left: 300 sec this turn | 300 sec total\n|\n|t:|1783550213\n|move|p2a: Gothitelle|Calm Mind|p2a: Gothitelle\n|-boost|p2a: Gothitelle|spa|1\n|-boost|p2a: Gothitelle|spd|1\n|move|p1a: Enamorus|Moonblast|p2a: Gothitelle\n|-damage|p2a: Gothitelle|73/100\n|\n|-heal|p2a: Gothitelle|79/100|[from] item: Leftovers\n|upkeep\n|turn|12\n|inactive|Time left: 300 sec this turn | 300 sec total\n|\n|t:|1783550214\n|-terastallize|p1a: Enamorus|Fairy\n|move|p2a: Gothitelle|Psychic Noise|p1a: Enamorus\n|-damage|p1a: Enamorus|39/259\n|-start|p1a: Enamorus|move: Heal Block\n|move|p1a: Enamorus|Moonblast|p2a: Gothitelle\n|-damage|p2a: Gothitelle|45/100\n|\n|-heal|p2a: Gothitelle|52/100|[from] item: Leftovers\n|upkeep\n|turn|13\n|inactive|Time left: 300 sec this turn | 300 sec total\n|\n|t:|1783550215\n|move|p2a: Gothitelle|Psychic Noise|p1a: Enamorus\n|-damage|p1a: Enamorus|0 fnt\n|faint|p1a: Enamorus\n|\n|-heal|p2a: Gothitelle|58/100|[from] item: Leftovers\n|upkeep\n|inactive|Time left: 300 sec this turn | 300 sec total | 5 sec grace\n|\n|t:|1783550216\n|switch|p1a: Flygon|Flygon, L82, M|76/265 brn\n|turn|14\n|inactive|Time left: 300 sec this turn | 300 sec total\n|\n|t:|1783550217\n|move|p1a: Flygon|Earthquake|p2a: Gothitelle\n|-damage|p2a: Gothitelle|40/100\n|move|p2a: Gothitelle|Calm Mind|p2a: Gothitelle\n|-boost|p2a: Gothitelle|spa|1\n|-boost|p2a: Gothitelle|spd|1\n|\n|-heal|p2a: Gothitelle|46/100|[from] item: Leftovers\n|-damage|p1a: Flygon|60/265 brn|[from] brn\n|upkeep\n|turn|15\n|inactive|Time left: 300 sec this turn | 300 sec total\n|\n|t:|1783550218\n|move|p1a: Flygon|Earthquake|p2a: Gothitelle\n|-damage|p2a: Gothitelle|30/100\n|move|p2a: Gothitelle|Psychic Noise|p1a: Flygon\n|-damage|p1a: Flygon|0 fnt\n|faint|p1a: Flygon\n|\n|-heal|p2a: Gothitelle|36/100|[from] item: Leftovers\n|upkeep\n|inactive|Time left: 300 sec this turn | 300 sec total | 5 sec grace\n|\n|t:|1783550220\n|switch|p1a: Sandaconda|Sandaconda, L84, F|258/258\n|turn|16\n|inactive|Time left: 300 sec this turn | 300 sec total\n|\n|t:|1783550221\n|move|p2a: Gothitelle|Dark Pulse|p1a: Sandaconda\n|-damage|p1a: Sandaconda|114/258\n|move|p1a: Sandaconda|Earthquake|p2a: Gothitelle\n|-damage|p2a: Gothitelle|0 fnt\n|faint|p2a: Gothitelle\n|\n|upkeep\n|\n|t:|1783550222\n|switch|p2a: Chi-Yu|Chi-Yu, L77|100/100\n|-ability|p2a: Chi-Yu|Beads of Ruin\n|turn|17\n|inactive|Time left: 300 sec this turn | 300 sec total\n|\n|t:|1783550223\n|switch|p1a: Pelipper|Pelipper, L86, M|119/243\n|-weather|RainDance|[from] ability: Drizzle|[of] p1a: Pelipper\n|move|p2a: Chi-Yu|Dark Pulse|p1a: Pelipper\n|-damage|p1a: Pelipper|0 fnt\n|faint|p1a: Pelipper\n|\n|-weather|RainDance|[upkeep]\n|upkeep\n|inactive|Time left: 300 sec this turn | 300 sec total | 5 sec grace\n|\n|t:|1783550224\n|switch|p1a: Pincurchin|Pincurchin, M|148/258\n|-fieldstart|move: Electric Terrain|[from] ability: Electric Surge|[of] p1a: Pincurchin\n|turn|18\n|inactive|Time left: 300 sec this turn | 300 sec total\n|\n|t:|1783550225\n|-terastallize|p2a: Chi-Yu|Dark\n|move|p2a: Chi-Yu|Dark Pulse|p1a: Pincurchin\n|-damage|p1a: Pincurchin|16/258\n|move|p1a: Pincurchin|Liquidation|p2a: Chi-Yu\n|-damage|p2a: Chi-Yu|22/100\n|\n|-weather|RainDance|[upkeep]\n|-heal|p1a: Pincurchin|32/258|[from] item: Leftovers\n|upkeep\n|turn|19\n|inactive|Time left: 300 sec this turn | 300 sec total\n|\n|t:|1783550226\n|move|p2a: Chi-Yu|Dark Pulse|p1a: Pincurchin\n|-damage|p1a: Pincurchin|0 fnt\n|faint|p1a: Pincurchin\n|\n|-weather|RainDance|[upkeep]\n|upkeep\n|inactive|Time left: 300 sec this turn | 300 sec total | 5 sec grace\n|\n|t:|1783550227\n|switch|p1a: Rotom|Rotom-Frost, L87|229/229\n|turn|20\n|inactive|Time left: 300 sec this turn | 300 sec total\n|\n|t:|1783550228\n|move|p1a: Rotom|Thunderbolt|p2a: Chi-Yu\n|-damage|p2a: Chi-Yu|0 fnt\n|faint|p2a: Chi-Yu\n|\n|-weather|RainDance|[upkeep]\n|upkeep\n|\n|t:|1783550229\n|switch|p2a: Scyther|Scyther, L82, F|100/100\n|turn|21\n|inactive|Time left: 300 sec this turn | 300 sec total\n|\n|t:|1783550230\n|move|p2a: Scyther|U-turn|p1a: Rotom\n|-damage|p1a: Rotom|171/229\n|\n|t:|1783550231\n|switch|p2a: Flareon|Flareon, L90, M|8/100 tox|[from] U-turn\n|move|p1a: Rotom|Thunderbolt|p2a: Flareon\n|-damage|p2a: Flareon|0 fnt\n|faint|p2a: Flareon\n|\n|-weather|none\n|upkeep\n|\n|t:|1783550232\n|switch|p2a: Scyther|Scyther, L82, F|100/100\n|turn|22\n|inactive|Time left: 300 sec this turn | 300 sec total\n|\n|t:|1783550233\n|move|p2a: Scyther|Dual Wingbeat|p1a: Rotom\n|-resisted|p1a: Rotom\n|-damage|p1a: Rotom|143/229\n|-resisted|p1a: Rotom\n|-damage|p1a: Rotom|116/229\n|-hitcount|p1a: Rotom|2\n|move|p1a: Rotom|Thunderbolt|p2a: Scyther\n|-supereffective|p2a: Scyther\n|-damage|p2a: Scyther|2/100\n|\n|-fieldend|move: Electric Terrain\n|upkeep\n|turn|23\n|inactive|Time left: 300 sec this turn | 300 sec total\n|\n|t:|1783550234\n|move|p2a: Scyther|Close Combat|p1a: Rotom\n|-supereffective|p1a: Rotom\n|-damage|p1a: Rotom|0 fnt\n|-unboost|p2a: Scyther|def|1\n|-unboost|p2a: Scyther|spd|1\n|faint|p1a: Rotom\n|\n|upkeep\n|inactive|Time left: 300 sec this turn | 300 sec total | 5 sec grace\n|\n|t:|1783550235\n|switch|p1a: Sandaconda|Sandaconda, L84, F|114/258\n|turn|24\n|inactive|Time left: 300 sec this turn | 300 sec total\n|\n|t:|1783550236\n|move|p2a: Scyther|Dual Wingbeat|p1a: Sandaconda\n|-damage|p1a: Sandaconda|65/258\n|-damage|p1a: Sandaconda|8/258\n|-hitcount|p1a: Sandaconda|2\n|move|p1a: Sandaconda|Scale Shot|p2a: Scyther\n|-damage|p2a: Scyther|0 fnt\n|faint|p2a: Scyther\n|-hitcount|p2: Scyther|1\n|\n|win|p0x953ada4", "uploadtime": 1783550236, "views": 0, "rating": 0, "private": 0, "password": null, "_winner": "p0x953ada4", "_our_name": "p0x953ada4"}