{"id": "battle-gen9randombattle-43", "formatid": "gen9randombattle", "format": "[Gen 9] Random Battle", "players": ["p0x043d4ac", "p0y04327dd"], "log": "|init|battle\n|title|p0x043d4ac vs. p0y04327dd\n|j|\u2606p0x043d4ac\n|j|\u2606p0y04327dd\n|t:|1783539953\n|gametype|singles\n|player|p1|p0x043d4ac|101|\n|player|p2|p0y04327dd|265|\n|gen|9\n|tier|[Gen 9] Random Battle\n|rule|Species Clause: Limit one of each Pok\u00e9mon\n|rule|HP Percentage Mod: HP is shown in percentages\n|rule|Sleep Clause Mod: Limit one foe put to sleep\n|rule|Illusion Level Mod: Illusion disguises the Pok\u00e9mon's true level\n|\n|t:|1783539953\n|teamsize|p1|6\n|teamsize|p2|6\n|start\n|switch|p1a: Alcremie|Alcremie-Ruby-Cream, L90, F|100/100\n|switch|p2a: Magmortar|Magmortar, L88, F|275/275\n|turn|1\n|inactive|Battle timer is ON: inactive players will automatically lose when time's up. (requested by p0x043d4ac)\n|inactive|Time left: 300 sec this turn | 300 sec total | 60 sec grace\n|inactive|p0y04327dd also wants the timer to be on.\n|\n|t:|1783539955\n|move|p2a: Magmortar|Fire Blast|p1a: Alcremie|[miss]\n|-miss|p2a: Magmortar|p1a: Alcremie\n|move|p1a: Alcremie|Calm Mind|p1a: Alcremie\n|-boost|p1a: Alcremie|spa|1\n|-boost|p1a: Alcremie|spd|1\n|\n|upkeep\n|turn|2\n|inactive|Time left: 300 sec this turn | 300 sec total\n|\n|t:|1783539956\n|switch|p2a: Ambipom|Ambipom, L84, F|263/263\n|move|p1a: Alcremie|Calm Mind|p1a: Alcremie\n|-boost|p1a: Alcremie|spa|1\n|-boost|p1a: Alcremie|spd|1\n|\n|upkeep\n|turn|3\n|inactive|Time left: 300 sec this turn | 300 sec total\n|\n|t:|1783539957\n|-terastallize|p2a: Ambipom|Ice\n|move|p2a: Ambipom|Triple Axel|p1a: Alcremie\n|-damage|p1a: Alcremie|81/100\n|-damage|p1a: Alcremie|42/100\n|-damage|p1a: Alcremie|0 fnt\n|faint|p1a: Alcremie\n|-hitcount|p1: Alcremie|3\n|\n|upkeep\n|\n|t:|1783539958\n|switch|p1a: Medicham|Medicham, L86, M|100/100\n|turn|4\n|inactive|Time left: 300 sec this turn | 300 sec total\n|\n|t:|1783539960\n|move|p1a: Medicham|Close Combat|p2a: Ambipom\n|-supereffective|p2a: Ambipom\n|-damage|p2a: Ambipom|0 fnt\n|-unboost|p1a: Medicham|def|1\n|-unboost|p1a: Medicham|spd|1\n|faint|p2a: Ambipom\n|\n|upkeep\n|inactive|Time left: 300 sec this turn | 300 sec total | 5 sec grace\n|\n|t:|1783539961\n|switch|p2a: Gholdengo|Gholdengo, L77|261/261\n|turn|5\n|inactive|Time left: 300 sec this turn | 300 sec total\n|\n|t:|1783539962\n|switch|p1a: Quagsire|Quagsire, L84, F|100/100\n|move|p2a: Gholdengo|Nasty Plot|p2a: Gholdengo\n|-boost|p2a: Gholdengo|spa|2\n|\n|upkeep\n|turn|6\n|inactive|Time left: 300 sec this turn | 300 sec total\n|\n|t:|1783539963\n|move|p2a: Gholdengo|Shadow Ball|p1a: Quagsire\n|-damage|p1a: Quagsire|64/100\n|-unboost|p1a: Quagsire|spd|1\n|move|p1a: Quagsire|Earthquake|p2a: Gholdengo\n|-supereffective|p2a: Gholdengo\n|-damage|p2a: Gholdengo|45/261\n|\n|-heal|p2a: Gholdengo|61/261|[from] item: Leftovers\n|-heal|p1a: Quagsire|70/100|[from] item: Leftovers\n|upkeep\n|turn|7\n|inactive|Time left: 300 sec this turn | 300 sec total\n|\n|t:|1783539964\n|move|p2a: Gholdengo|Shadow Ball|p1a: Quagsire\n|-damage|p1a: Quagsire|12/100\n|-unboost|p1a: Quagsire|spd|1\n|move|p1a: Quagsire|Earthquake|p2a: Gholdengo\n|-supereffective|p2a: Gholdengo\n|-damage|p2a: Gholdengo|0 fnt\n|faint|p2a: Gholdengo\n|\n|-heal|p1a: Quagsire|18/100|[from] item: Leftovers\n|upkeep\n|inactive|Time left: 300 sec this turn | 300 sec total | 5 sec grace\n|\n|t:|1783539965\n|switch|p2a: Wugtrio|Wugtrio, L91, M|212/212\n|turn|8\n|inactive|Time left: 300 sec this turn | 300 sec total\n|\n|t:|1783539966\n|switch|p1a: Zarude|Zarude-Dada, L77|100/100\n|move|p2a: Wugtrio|Liquidation|p1a: Zarude\n|-resisted|p1a: Zarude\n|-damage|p1a: Zarude|72/100\n|\n|upkeep\n|turn|9\n|inactive|Time left: 300 sec this turn | 300 sec total\n|\n|t:|1783539967\n|switch|p2a: Lokix|Lokix, L82, M|251/251\n|move|p1a: Zarude|Knock Off|p2a: Lokix\n|-resisted|p2a: Lokix\n|-damage|p2a: Lokix|168/251\n|-enditem|p2a: Lokix|Life Orb|[from] move: Knock Off|[of] p1a: Zarude\n|\n|upkeep\n|turn|10\n|inactive|Time left: 300 sec this turn | 300 sec total\n|\n|t:|1783539968\n|switch|p1a: Slither Wing|Slither Wing, L81|100/100\n|move|p2a: Lokix|Leech Life|p1a: Slither Wing\n|-resisted|p1a: Slither Wing\n|-damage|p1a: Slither Wing|63/100\n|-heal|p2a: Lokix|218/251|[from] drain|[of] p1a: Slither Wing\n|\n|upkeep\n|turn|11\n|inactive|Time left: 300 sec this turn | 300 sec total\n|\n|t:|1783539969\n|switch|p2a: Magmortar|Magmortar, L88, F|275/275\n|move|p1a: Slither Wing|U-turn|p2a: Magmortar\n|-resisted|p2a: Magmortar\n|-damage|p2a: Magmortar|219/275\n|-status|p1a: Slither Wing|brn|[from] ability: Flame Body|[of] p2a: Magmortar\n|\n|t:|1783539970\n|-end|p1a: Slither Wing|Protosynthesis|[silent]\n|switch|p1a: Medicham|Medicham, L86, M|100/100|[from] U-turn\n|\n|upkeep\n|turn|12\n|inactive|Time left: 300 sec this turn | 300 sec total\n|\n|t:|1783539971\n|move|p1a: Medicham|Close Combat|p2a: Magmortar\n|-damage|p2a: Magmortar|0 fnt\n|-unboost|p1a: Medicham|def|1\n|-unboost|p1a: Medicham|spd|1\n|faint|p2a: Magmortar\n|\n|upkeep\n|inactive|Time left: 300 sec this turn | 300 sec total | 5 sec grace\n|\n|t:|1783539972\n|switch|p2a: Lokix|Lokix, L82, M|218/251\n|turn|13\n|inactive|Time left: 300 sec this turn | 300 sec total\n|\n|t:|1783539973\n|move|p2a: Lokix|First Impression|p1a: Medicham\n|-damage|p1a: Medicham|38/100\n|move|p1a: Medicham|Close Combat|p2a: Lokix\n|-damage|p2a: Lokix|2/251\n|-unboost|p1a: Medicham|def|1\n|-unboost|p1a: Medicham|spd|1\n|\n|upkeep\n|turn|14\n|inactive|Time left: 300 sec this turn | 300 sec total\n|\n|t:|1783539974\n|switch|p1a: Slither Wing|Slither Wing, L81|63/100 brn\n|move|p2a: Lokix|Sucker Punch||[still]\n|-fail|p2a: Lokix\n|\n|-damage|p1a: Slither Wing|58/100 brn|[from] brn\n|upkeep\n|turn|15\n|inactive|Time left: 300 sec this turn | 300 sec total\n|\n|t:|1783539975\n|move|p1a: Slither Wing|U-turn|p2a: Lokix\n|-supereffective|p2a: Lokix\n|-damage|p2a: Lokix|0 fnt\n|faint|p2a: Lokix\n|\n|t:|1783539976\n|-end|p1a: Slither Wing|Protosynthesis|[silent]\n|switch|p1a: Medicham|Medicham, L86, M|38/100|[from] U-turn\n|\n|upkeep\n|inactive|Time left: 300 sec this turn | 300 sec total | 10 sec grace\n|\n|t:|1783539977\n|switch|p2a: Grafaiai|Grafaiai, L86, M|249/249\n|turn|16\n|inactive|Time left: 300 sec this turn | 300 sec total\n|\n|t:|1783539978\n|-terastallize|p1a: Medicham|Fighting\n|move|p2a: Grafaiai|Parting Shot|p1a: Medicham\n|-unboost|p1a: Medicham|atk|1\n|-unboost|p1a: Medicham|spa|1\n|inactive|Time left: 300 sec this turn | 300 sec total | 5 sec grace\n|\n|t:|1783539979\n|switch|p2a: Wugtrio|Wugtrio, L91, M|212/212|[from] Parting Shot\n|move|p1a: Medicham|Close Combat|p2a: Wugtrio\n|-crit|p2a: Wugtrio\n|-damage|p2a: Wugtrio|0 fnt\n|-unboost|p1a: Medicham|def|1\n|-unboost|p1a: Medicham|spd|1\n|-ability|p2a: Wugtrio|Gooey\n|-unboost|p1a: Medicham|spe|1\n|faint|p2a: Wugtrio\n|\n|upkeep\n|inactive|Time left: 300 sec this turn | 300 sec total | 10 sec grace\n|\n|t:|1783539980\n|switch|p2a: Grafaiai|Grafaiai, L86, M|249/249\n|turn|17\n|inactive|Time left: 300 sec this turn | 300 sec total\n|\n|t:|1783539981\n|move|p2a: Grafaiai|Gunk Shot|p1a: Medicham\n|-damage|p1a: Medicham|0 fnt\n|faint|p1a: Medicham\n|\n|upkeep\n|\n|t:|1783539982\n|switch|p1a: Mamoswine|Mamoswine, L81, M|100/100\n|turn|18\n|inactive|Time left: 300 sec this turn | 300 sec total\n|\n|t:|1783539983\n|move|p2a: Grafaiai|Parting Shot|p1a: Mamoswine\n|-unboost|p1a: Mamoswine|atk|1\n|-unboost|p1a: Mamoswine|spa|1\n|move|p1a: Mamoswine|Earthquake|p2a: Grafaiai\n|-supereffective|p2a: Grafaiai\n|-damage|p2a: Grafaiai|0 fnt\n|faint|p2a: Grafaiai\n|\n|win|p0x043d4ac", "uploadtime": 1783539983, "views": 0, "rating": 0, "private": 0, "password": null, "_winner": "p0x043d4ac", "_our_name": "p0y04327dd"}