{"id": "battle-gen9randombattle-2520", "formatid": "gen9randombattle", "format": "[Gen 9] Random Battle", "players": ["p0x2520b78f", "p0y2520bedf"], "log": "|init|battle\n|title|p0x2520b78f vs. p0y2520bedf\n|j|\u2606p0x2520b78f\n|j|\u2606p0y2520bedf\n|t:|1783568218\n|gametype|singles\n|player|p1|p0x2520b78f|266|\n|player|p2|p0y2520bedf|170|\n|gen|9\n|tier|[Gen 9] Random Battle\n|rule|Species Clause: Limit one of each Pok\u00e9mon\n|rule|HP Percentage Mod: HP is shown in percentages\n|rule|Sleep Clause Mod: Limit one foe put to sleep\n|rule|Illusion Level Mod: Illusion disguises the Pok\u00e9mon's true level\n|\n|t:|1783568218\n|teamsize|p1|6\n|teamsize|p2|6\n|start\n|switch|p1a: Azumarill|Azumarill, L82, F|100/100\n|switch|p2a: Stantler|Stantler, L92, F|284/284\n|-ability|p2a: Stantler|Intimidate|boost\n|-unboost|p1a: Azumarill|atk|1\n|turn|1\n|inactive|Battle timer is ON: inactive players will automatically lose when time's up. (requested by p0y2520bedf)\n|inactive|p0x2520b78f also wants the timer to be on.\n|\n|t:|1783568219\n|switch|p1a: Luxray|Luxray, L88, M|100/100\n|move|p2a: Stantler|Calm Mind|p2a: Stantler\n|-boost|p2a: Stantler|spa|1\n|-boost|p2a: Stantler|spd|1\n|\n|-status|p1a: Luxray|brn|[from] item: Flame Orb\n|upkeep\n|turn|2\n|inactive|Time left: 300 sec this turn | 300 sec total\n|\n|t:|1783568220\n|move|p2a: Stantler|Tera Blast|p1a: Luxray\n|-damage|p1a: Luxray|49/100 brn\n|move|p1a: Luxray|Facade|p2a: Stantler\n|-crit|p2a: Stantler\n|-damage|p2a: Stantler|58/284\n|\n|-damage|p1a: Luxray|43/100 brn|[from] brn\n|upkeep\n|turn|3\n|inactive|Time left: 300 sec this turn | 300 sec total\n|\n|t:|1783568221\n|switch|p1a: Hariyama|Hariyama, L87, F|100/100\n|move|p2a: Stantler|Tera Blast|p1a: Hariyama\n|-damage|p1a: Hariyama|73/100\n|\n|upkeep\n|turn|4\n|inactive|Time left: 300 sec this turn | 300 sec total\n|\n|t:|1783568222\n|move|p2a: Stantler|Earth Power|p1a: Hariyama\n|-damage|p1a: Hariyama|50/100\n|move|p1a: Hariyama|Knock Off|p2a: Stantler\n|-damage|p2a: Stantler|0 fnt\n|-enditem|p2a: Stantler|Eviolite|[from] move: Knock Off|[of] p1a: Hariyama\n|faint|p2a: Stantler\n|\n|upkeep\n|inactive|Time left: 300 sec this turn | 300 sec total | 5 sec grace\n|\n|t:|1783568223\n|switch|p2a: Hippowdon|Hippowdon, L82, F|311/311\n|-weather|Sandstorm|[from] ability: Sand Stream|[of] p2a: Hippowdon\n|turn|5\n|inactive|Time left: 300 sec this turn | 300 sec total\n|\n|t:|1783568224\n|move|p1a: Hariyama|Knock Off|p2a: Hippowdon\n|-damage|p2a: Hippowdon|235/311\n|-enditem|p2a: Hippowdon|Leftovers|[from] move: Knock Off|[of] p1a: Hariyama\n|move|p2a: Hippowdon|Earthquake|p1a: Hariyama\n|-damage|p1a: Hariyama|15/100\n|\n|-weather|Sandstorm|[upkeep]\n|-damage|p1a: Hariyama|9/100|[from] Sandstorm\n|upkeep\n|turn|6\n|inactive|Time left: 300 sec this turn | 300 sec total\n|\n|t:|1783568225\n|move|p1a: Hariyama|Close Combat|p2a: Hippowdon\n|-damage|p2a: Hippowdon|117/311\n|-unboost|p1a: Hariyama|def|1\n|-unboost|p1a: Hariyama|spd|1\n|move|p2a: Hippowdon|Earthquake|p1a: Hariyama\n|-damage|p1a: Hariyama|0 fnt\n|faint|p1a: Hariyama\n|\n|-weather|Sandstorm|[upkeep]\n|upkeep\n|\n|t:|1783568226\n|switch|p1a: Azumarill|Azumarill, L82, F|100/100\n|turn|7\n|inactive|Time left: 300 sec this turn | 300 sec total\n|\n|t:|1783568227\n|switch|p2a: Houndstone|Houndstone, L86, F|264/264\n|move|p1a: Azumarill|Liquidation|p2a: Houndstone\n|-damage|p2a: Houndstone|199/264\n|\n|-weather|Sandstorm|[upkeep]\n|-damage|p2a: Houndstone|183/264|[from] Sandstorm\n|-damage|p1a: Azumarill|94/100|[from] Sandstorm\n|upkeep\n|turn|8\n|inactive|Time left: 300 sec this turn | 300 sec total\n|\n|t:|1783568228\n|move|p2a: Houndstone|Poltergeist|p1a: Azumarill\n|-activate|p1a: Azumarill|move: Poltergeist|Choice Band\n|-damage|p1a: Azumarill|48/100\n|move|p1a: Azumarill|Liquidation|p2a: Houndstone\n|-damage|p2a: Houndstone|106/264\n|\n|-weather|Sandstorm|[upkeep]\n|-damage|p2a: Houndstone|90/264|[from] Sandstorm\n|-damage|p1a: Azumarill|42/100|[from] Sandstorm\n|upkeep\n|turn|9\n|inactive|Time left: 300 sec this turn | 300 sec total\n|\n|t:|1783568229\n|switch|p1a: Indeedee|Indeedee-F, L90, F|100/100\n|-fieldstart|move: Psychic Terrain|[from] ability: Psychic Surge|[of] p1a: Indeedee\n|move|p2a: Houndstone|Poltergeist|p1a: Indeedee\n|-immune|p1a: Indeedee\n|\n|-weather|none\n|upkeep\n|turn|10\n|inactive|Time left: 300 sec this turn | 300 sec total\n|\n|t:|1783568230\n|switch|p2a: Piloswine|Piloswine, L85, M|309/309\n|move|p1a: Indeedee|Psychic|p2a: Piloswine\n|-damage|p2a: Piloswine|136/309\n|-damage|p1a: Indeedee|91/100|[from] item: Life Orb\n|\n|upkeep\n|turn|11\n|inactive|Time left: 300 sec this turn | 300 sec total\n|\n|t:|1783568231\n|move|p1a: Indeedee|Psychic|p2a: Piloswine\n|-damage|p2a: Piloswine|0 fnt\n|faint|p2a: Piloswine\n|-damage|p1a: Indeedee|81/100|[from] item: Life Orb\n|\n|upkeep\n|inactive|Time left: 300 sec this turn | 300 sec total | 5 sec grace\n|\n|t:|1783568232\n|switch|p2a: Hitmontop|Hitmontop, L88, M|231/231\n|-ability|p2a: Hitmontop|Intimidate|boost\n|-unboost|p1a: Indeedee|atk|1\n|turn|12\n|inactive|Time left: 300 sec this turn | 300 sec total\n|\n|t:|1783568232\n|move|p1a: Indeedee|Psychic|p2a: Hitmontop\n|-supereffective|p2a: Hitmontop\n|-damage|p2a: Hitmontop|33/231\n|-damage|p1a: Indeedee|71/100|[from] item: Life Orb\n|move|p2a: Hitmontop|Close Combat|p1a: Indeedee\n|-damage|p1a: Indeedee|12/100\n|-unboost|p2a: Hitmontop|def|1\n|-unboost|p2a: Hitmontop|spd|1\n|\n|upkeep\n|turn|13\n|inactive|Time left: 300 sec this turn | 300 sec total\n|\n|t:|1783568233\n|switch|p2a: Hippowdon|Hippowdon, L82, F|117/311\n|-weather|Sandstorm|[from] ability: Sand Stream|[of] p2a: Hippowdon\n|move|p1a: Indeedee|Psychic|p2a: Hippowdon\n|-damage|p2a: Hippowdon|0 fnt\n|faint|p2a: Hippowdon\n|-damage|p1a: Indeedee|2/100|[from] item: Life Orb\n|\n|-weather|Sandstorm|[upkeep]\n|-damage|p1a: Indeedee|0 fnt|[from] Sandstorm\n|faint|p1a: Indeedee\n|-fieldend|move: Psychic Terrain\n|upkeep\n|inactive|Time left: 300 sec this turn | 300 sec total | 5 sec grace\n|\n|t:|1783568234\n|switch|p1a: Whiscash|Whiscash, L88, M|100/100\n|switch|p2a: Lucario|Lucario, L84, M|255/255\n|turn|14\n|inactive|Time left: 300 sec this turn | 300 sec total\n|\n|t:|1783568235\n|-terastallize|p2a: Lucario|Fighting\n|move|p2a: Lucario|Nasty Plot|p2a: Lucario\n|-boost|p2a: Lucario|spa|2\n|move|p1a: Whiscash|Earthquake|p2a: Lucario\n|-damage|p2a: Lucario|95/255\n|-damage|p1a: Whiscash|91/100|[from] item: Life Orb\n|\n|-weather|Sandstorm|[upkeep]\n|-damage|p2a: Lucario|80/255|[from] Sandstorm\n|upkeep\n|turn|15\n|inactive|Time left: 300 sec this turn | 300 sec total\n|\n|t:|1783568236\n|move|p2a: Lucario|Aura Sphere|p1a: Whiscash\n|-damage|p1a: Whiscash|0 fnt\n|faint|p1a: Whiscash\n|-damage|p2a: Lucario|55/255|[from] item: Life Orb\n|\n|-weather|Sandstorm|[upkeep]\n|-damage|p2a: Lucario|40/255|[from] Sandstorm\n|upkeep\n|\n|t:|1783568237\n|switch|p1a: Azumarill|Azumarill, L82, F|42/100\n|turn|16\n|inactive|Time left: 300 sec this turn | 300 sec total\n|\n|t:|1783568238\n|move|p2a: Lucario|Vacuum Wave|p1a: Azumarill\n|-resisted|p1a: Azumarill\n|-damage|p1a: Azumarill|12/100\n|-damage|p2a: Lucario|15/255|[from] item: Life Orb\n|move|p1a: Azumarill|Aqua Jet|p2a: Lucario\n|-damage|p2a: Lucario|0 fnt\n|faint|p2a: Lucario\n|\n|-weather|Sandstorm|[upkeep]\n|-damage|p1a: Azumarill|6/100|[from] Sandstorm\n|upkeep\n|inactive|Time left: 300 sec this turn | 300 sec total | 5 sec grace\n|\n|t:|1783568239\n|switch|p2a: Houndstone|Houndstone, L86, F|90/264\n|turn|17\n|inactive|Time left: 300 sec this turn | 300 sec total\n|\n|t:|1783568240\n|move|p1a: Azumarill|Aqua Jet|p2a: Houndstone\n|-damage|p2a: Houndstone|54/264\n|move|p2a: Houndstone|Play Rough|p1a: Azumarill\n|-damage|p1a: Azumarill|0 fnt\n|faint|p1a: Azumarill\n|\n|-weather|none\n|upkeep\n|\n|t:|1783568241\n|switch|p1a: Luxray|Luxray, L88, M|43/100 brn\n|turn|18\n|inactive|Time left: 300 sec this turn | 300 sec total\n|\n|t:|1783568242\n|-terastallize|p1a: Luxray|Normal\n|move|p1a: Luxray|Supercell Slam|p2a: Houndstone\n|-damage|p2a: Houndstone|0 fnt\n|faint|p2a: Houndstone\n|\n|-damage|p1a: Luxray|37/100 brn|[from] brn\n|upkeep\n|inactive|Time left: 300 sec this turn | 300 sec total | 5 sec grace\n|\n|t:|1783568243\n|switch|p2a: Hitmontop|Hitmontop, L88, M|33/231\n|-ability|p2a: Hitmontop|Intimidate|boost\n|-unboost|p1a: Luxray|atk|1\n|turn|19\n|inactive|Time left: 300 sec this turn | 300 sec total\n|\n|t:|1783568243\n|move|p1a: Luxray|Facade|p2a: Hitmontop\n|-damage|p2a: Hitmontop|0 fnt\n|faint|p2a: Hitmontop\n|\n|win|p0x2520b78f", "uploadtime": 1783568243, "views": 0, "rating": 0, "private": 0, "password": null, "_winner": "p0x2520b78f", "_our_name": "p0y2520bedf"}