{"id": "battle-gen9randombattle-295", "formatid": "gen9randombattle", "format": "[Gen 9] Random Battle", "players": ["p0x295ab3c", "p0y29516de"], "log": "|init|battle\n|title|p0x295ab3c vs. p0y29516de\n|j|\u2606p0x295ab3c\n|j|\u2606p0y29516de\n|t:|1783542987\n|gametype|singles\n|player|p1|p0x295ab3c|169|\n|player|p2|p0y29516de|265|\n|gen|9\n|tier|[Gen 9] Random Battle\n|rule|Species Clause: Limit one of each Pok\u00e9mon\n|rule|HP Percentage Mod: HP is shown in percentages\n|rule|Sleep Clause Mod: Limit one foe put to sleep\n|rule|Illusion Level Mod: Illusion disguises the Pok\u00e9mon's true level\n|\n|t:|1783542987\n|teamsize|p1|6\n|teamsize|p2|6\n|start\n|switch|p1a: Toxapex|Toxapex, L82, M|216/216\n|switch|p2a: Galvantula|Galvantula, L82, M|100/100\n|turn|1\n|inactive|Battle timer is ON: inactive players will automatically lose when time's up. (requested by p0y29516de)\n|inactive|Time left: 300 sec this turn | 300 sec total | 60 sec grace\n|inactive|p0x295ab3c also wants the timer to be on.\n|\n|t:|1783542989\n|switch|p1a: Heracross|Heracross, L80, F|259/259\n|move|p2a: Galvantula|Sticky Web|p1a: Heracross\n|-sidestart|p1: p0x295ab3c|move: Sticky Web\n|\n|upkeep\n|turn|2\n|inactive|Time left: 300 sec this turn | 300 sec total\n|\n|t:|1783542991\n|move|p2a: Galvantula|Thunder|p1a: Heracross|[miss]\n|-miss|p2a: Galvantula|p1a: Heracross\n|move|p1a: Heracross|Megahorn|p2a: Galvantula\n|-enditem|p2a: Galvantula|Focus Sash\n|-damage|p2a: Galvantula|1/100\n|\n|upkeep\n|turn|3\n|inactive|Time left: 300 sec this turn | 300 sec total\n|\n|t:|1783542992\n|move|p2a: Galvantula|Thunder|p1a: Heracross\n|-damage|p1a: Heracross|159/259\n|move|p1a: Heracross|Megahorn|p2a: Galvantula\n|-damage|p2a: Galvantula|0 fnt\n|faint|p2a: Galvantula\n|-ability|p1a: Heracross|Moxie|boost\n|-boost|p1a: Heracross|atk|1\n|\n|upkeep\n|\n|t:|1783542993\n|switch|p2a: Girafarig|Girafarig, L89, F|100/100\n|turn|4\n|inactive|Time left: 300 sec this turn | 300 sec total\n|\n|t:|1783542994\n|move|p2a: Girafarig|Psyshock|p1a: Heracross\n|-supereffective|p1a: Heracross\n|-damage|p1a: Heracross|0 fnt\n|faint|p1a: Heracross\n|\n|upkeep\n|inactive|Time left: 300 sec this turn | 300 sec total | 5 sec grace\n|\n|t:|1783542995\n|switch|p1a: Rhydon|Rhydon, L85, F|317/317\n|-activate|p1a: Rhydon|move: Sticky Web\n|-unboost|p1a: Rhydon|spe|1\n|turn|5\n|inactive|Time left: 300 sec this turn | 300 sec total\n|\n|t:|1783542996\n|move|p2a: Girafarig|Nasty Plot|p2a: Girafarig\n|-boost|p2a: Girafarig|spa|2\n|move|p1a: Rhydon|Swords Dance|p1a: Rhydon\n|-boost|p1a: Rhydon|atk|2\n|\n|upkeep\n|turn|6\n|inactive|Time left: 300 sec this turn | 300 sec total\n|\n|t:|1783542997\n|move|p2a: Girafarig|Hyper Voice|p1a: Rhydon\n|-resisted|p1a: Rhydon\n|-damage|p1a: Rhydon|218/317\n|move|p1a: Rhydon|Megahorn|p2a: Girafarig\n|-supereffective|p2a: Girafarig\n|-damage|p2a: Girafarig|0 fnt\n|faint|p2a: Girafarig\n|\n|upkeep\n|\n|t:|1783542998\n|switch|p2a: Hydrapple|Hydrapple, L83, M|100/100\n|turn|7\n|inactive|Time left: 300 sec this turn | 300 sec total\n|\n|t:|1783542999\n|-terastallize|p1a: Rhydon|Water\n|move|p2a: Hydrapple|Draco Meteor|p1a: Rhydon\n|-damage|p1a: Rhydon|0 fnt\n|-unboost|p2a: Hydrapple|spa|2\n|faint|p1a: Rhydon\n|\n|upkeep\n|inactive|Time left: 300 sec this turn | 300 sec total | 5 sec grace\n|\n|t:|1783543000\n|switch|p1a: Roaring Moon|Roaring Moon, L72|270/270\n|-activate|p1a: Roaring Moon|move: Sticky Web\n|-unboost|p1a: Roaring Moon|spe|1\n|-enditem|p1a: Roaring Moon|Booster Energy\n|-activate|p1a: Roaring Moon|ability: Protosynthesis|[fromitem]\n|-start|p1a: Roaring Moon|protosynthesisatk\n|turn|8\n|inactive|Time left: 300 sec this turn | 300 sec total\n|\n|t:|1783543001\n|move|p1a: Roaring Moon|Outrage|p2a: Hydrapple\n|-supereffective|p2a: Hydrapple\n|-damage|p2a: Hydrapple|8/100\n|move|p2a: Hydrapple|Draco Meteor|p1a: Roaring Moon\n|-supereffective|p1a: Roaring Moon\n|-damage|p1a: Roaring Moon|16/270\n|-unboost|p2a: Hydrapple|spa|2\n|\n|upkeep\n|turn|9\n|inactive|Time left: 300 sec this turn | 300 sec total\n|\n|t:|1783543002\n|switch|p2a: Iron Treads|Iron Treads, L77|100/100\n|move|p1a: Roaring Moon|Outrage|p2a: Iron Treads|[from] lockedmove\n|-resisted|p2a: Iron Treads\n|-damage|p2a: Iron Treads|75/100\n|-start|p1a: Roaring Moon|confusion|[fatigue]\n|\n|-heal|p2a: Iron Treads|81/100|[from] item: Leftovers\n|upkeep\n|turn|10\n|inactive|Time left: 300 sec this turn | 300 sec total\n|\n|t:|1783543004\n|move|p2a: Iron Treads|Rapid Spin|p1a: Roaring Moon\n|-damage|p1a: Roaring Moon|0 fnt\n|-boost|p2a: Iron Treads|spe|1\n|faint|p1a: Roaring Moon\n|-end|p1a: Roaring Moon|Protosynthesis|[silent]\n|\n|-heal|p2a: Iron Treads|87/100|[from] item: Leftovers\n|upkeep\n|inactive|Time left: 300 sec this turn | 300 sec total | 5 sec grace\n|\n|t:|1783543005\n|switch|p1a: Toxapex|Toxapex, L82, M|216/216\n|-activate|p1a: Toxapex|move: Sticky Web\n|-unboost|p1a: Toxapex|spe|1\n|turn|11\n|inactive|Time left: 300 sec this turn | 300 sec total\n|\n|t:|1783543006\n|move|p2a: Iron Treads|Earthquake|p1a: Toxapex\n|-supereffective|p1a: Toxapex\n|-damage|p1a: Toxapex|78/216\n|move|p1a: Toxapex|Liquidation|p2a: Iron Treads\n|-supereffective|p2a: Iron Treads\n|-damage|p2a: Iron Treads|50/100\n|\n|-heal|p2a: Iron Treads|56/100|[from] item: Leftovers\n|upkeep\n|turn|12\n|inactive|Time left: 300 sec this turn | 300 sec total\n|\n|t:|1783543007\n|switch|p1a: Delibird|Delibird, M|252/252\n|move|p2a: Iron Treads|Earthquake|p1a: Delibird\n|-immune|p1a: Delibird\n|\n|-heal|p2a: Iron Treads|62/100|[from] item: Leftovers\n|upkeep\n|turn|13\n|inactive|Time left: 300 sec this turn | 300 sec total\n|\n|t:|1783543008\n|switch|p1a: Toxapex|Toxapex, L82, M|150/216\n|-activate|p1a: Toxapex|move: Sticky Web\n|-unboost|p1a: Toxapex|spe|1\n|move|p2a: Iron Treads|Iron Head|p1a: Toxapex\n|-resisted|p1a: Toxapex\n|-damage|p1a: Toxapex|126/216\n|-damage|p2a: Iron Treads|45/100|[from] item: Rocky Helmet|[of] p1a: Toxapex\n|\n|-heal|p2a: Iron Treads|51/100|[from] item: Leftovers\n|upkeep\n|turn|14\n|inactive|Time left: 300 sec this turn | 300 sec total\n|\n|t:|1783543009\n|switch|p1a: Delibird|Delibird, M|252/252\n|move|p2a: Iron Treads|Earthquake|p1a: Delibird\n|-immune|p1a: Delibird\n|\n|-heal|p2a: Iron Treads|57/100|[from] item: Leftovers\n|upkeep\n|turn|15\n|inactive|Time left: 300 sec this turn | 300 sec total\n|\n|t:|1783543011\n|switch|p1a: Toxapex|Toxapex, L82, M|198/216\n|-activate|p1a: Toxapex|move: Sticky Web\n|-unboost|p1a: Toxapex|spe|1\n|move|p2a: Iron Treads|Iron Head|p1a: Toxapex\n|-resisted|p1a: Toxapex\n|-damage|p1a: Toxapex|169/216\n|-damage|p2a: Iron Treads|41/100|[from] item: Rocky Helmet|[of] p1a: Toxapex\n|\n|-heal|p2a: Iron Treads|47/100|[from] item: Leftovers\n|upkeep\n|turn|16\n|inactive|Time left: 300 sec this turn | 300 sec total\n|\n|t:|1783543012\n|move|p2a: Iron Treads|Earthquake|p1a: Toxapex\n|-supereffective|p1a: Toxapex\n|-damage|p1a: Toxapex|43/216\n|move|p1a: Toxapex|Liquidation|p2a: Iron Treads\n|-supereffective|p2a: Iron Treads\n|-damage|p2a: Iron Treads|6/100\n|\n|-heal|p2a: Iron Treads|12/100|[from] item: Leftovers\n|upkeep\n|turn|17\n|inactive|Time left: 300 sec this turn | 300 sec total\n|\n|t:|1783543013\n|switch|p1a: Delibird|Delibird, M|252/252\n|move|p2a: Iron Treads|Earthquake|p1a: Delibird\n|-immune|p1a: Delibird\n|\n|-heal|p2a: Iron Treads|18/100|[from] item: Leftovers\n|upkeep\n|turn|18\n|inactive|Time left: 300 sec this turn | 300 sec total\n|\n|t:|1783543014\n|move|p1a: Delibird|Ice Shard|p2a: Iron Treads|[miss]\n|-miss|p1a: Delibird|p2a: Iron Treads\n|move|p2a: Iron Treads|Iron Head|p1a: Delibird\n|-supereffective|p1a: Delibird\n|-damage|p1a: Delibird|34/252\n|\n|-heal|p2a: Iron Treads|24/100|[from] item: Leftovers\n|upkeep\n|turn|19\n|inactive|Time left: 300 sec this turn | 300 sec total\n|\n|t:|1783543016\n|switch|p1a: Toxapex|Toxapex, L82, M|115/216\n|-activate|p1a: Toxapex|move: Sticky Web\n|-unboost|p1a: Toxapex|spe|1\n|move|p2a: Iron Treads|Rapid Spin|p1a: Toxapex\n|-damage|p1a: Toxapex|93/216\n|-boost|p2a: Iron Treads|spe|1\n|-damage|p2a: Iron Treads|8/100|[from] item: Rocky Helmet|[of] p1a: Toxapex\n|\n|-heal|p2a: Iron Treads|14/100|[from] item: Leftovers\n|upkeep\n|turn|20\n|inactive|Time left: 300 sec this turn | 300 sec total\n|\n|t:|1783543017\n|switch|p1a: Delibird|Delibird, M|34/252\n|move|p2a: Iron Treads|Earthquake|p1a: Delibird\n|-immune|p1a: Delibird\n|\n|-heal|p2a: Iron Treads|20/100|[from] item: Leftovers\n|upkeep\n|turn|21\n|inactive|Time left: 300 sec this turn | 300 sec total\n|\n|t:|1783543018\n|move|p1a: Delibird|Ice Shard|p2a: Iron Treads\n|-damage|p2a: Iron Treads|0 fnt\n|faint|p2a: Iron Treads\n|-end|p2a: Iron Treads|Quark Drive|[silent]\n|\n|upkeep\n|\n|t:|1783543019\n|switch|p2a: Raikou|Raikou, L81|100/100\n|-ability|p2a: Raikou|Pressure\n|turn|22\n|inactive|Time left: 300 sec this turn | 300 sec total\n|\n|t:|1783543020\n|move|p1a: Delibird|Ice Shard|p2a: Raikou\n|-damage|p2a: Raikou|74/100\n|move|p2a: Raikou|Volt Switch|p1a: Delibird\n|-supereffective|p1a: Delibird\n|-damage|p1a: Delibird|0 fnt\n|faint|p1a: Delibird\n|\n|t:|1783543021\n|switch|p2a: Decidueye|Decidueye, L88, M|100/100|[from] Volt Switch\n|\n|upkeep\n|inactive|Time left: 300 sec this turn | 300 sec total | 10 sec grace\n|\n|t:|1783543022\n|switch|p1a: Toxapex|Toxapex, L82, M|165/216\n|-activate|p1a: Toxapex|move: Sticky Web\n|-unboost|p1a: Toxapex|spe|1\n|turn|23\n|inactive|Time left: 300 sec this turn | 300 sec total\n|\n|t:|1783543023\n|move|p2a: Decidueye|Swords Dance|p2a: Decidueye\n|-boost|p2a: Decidueye|atk|2\n|move|p1a: Toxapex|Toxic Spikes|p2a: Decidueye\n|-sidestart|p2: p0y29516de|move: Toxic Spikes\n|\n|upkeep\n|turn|24\n|inactive|Time left: 300 sec this turn | 300 sec total\n|\n|t:|1783543025\n|switch|p1a: Electrode|Electrode, L92|260/260\n|-activate|p1a: Electrode|move: Sticky Web\n|-unboost|p1a: Electrode|spe|1\n|move|p2a: Decidueye|Leaf Blade|p1a: Electrode\n|-damage|p1a: Electrode|0 fnt\n|-damage|p2a: Decidueye|76/100|[from] ability: Aftermath|[of] p1a: Electrode\n|faint|p1a: Electrode\n|-damage|p2a: Decidueye|66/100|[from] item: Life Orb\n|\n|upkeep\n|inactive|Time left: 300 sec this turn | 300 sec total | 5 sec grace\n|\n|t:|1783543025\n|switch|p1a: Toxapex|Toxapex, L82, M|216/216\n|-activate|p1a: Toxapex|move: Sticky Web\n|-unboost|p1a: Toxapex|spe|1\n|turn|25\n|inactive|Time left: 300 sec this turn | 300 sec total\n|\n|t:|1783543027\n|-terastallize|p2a: Decidueye|Ghost\n|move|p2a: Decidueye|Poltergeist|p1a: Toxapex\n|-activate|p1a: Toxapex|move: Poltergeist|Rocky Helmet\n|-damage|p1a: Toxapex|0 fnt\n|faint|p1a: Toxapex\n|-damage|p2a: Decidueye|56/100|[from] item: Life Orb\n|\n|win|p0y29516de", "uploadtime": 1783543027, "views": 0, "rating": 0, "private": 0, "password": null, "_winner": "p0y29516de", "_our_name": "p0x295ab3c"}