{"id": "battle-gen9randombattle-2566", "formatid": "gen9randombattle", "format": "[Gen 9] Random Battle", "players": ["p0x2566a90f", "p0y2566267b"], "log": "|init|battle\n|title|p0x2566a90f vs. p0y2566267b\n|j|\u2606p0x2566a90f\n|j|\u2606p0y2566267b\n|t:|1783569668\n|gametype|singles\n|player|p1|p0x2566a90f|169|\n|player|p2|p0y2566267b|2|\n|gen|9\n|tier|[Gen 9] Random Battle\n|rule|Species Clause: Limit one of each Pok\u00e9mon\n|rule|HP Percentage Mod: HP is shown in percentages\n|rule|Sleep Clause Mod: Limit one foe put to sleep\n|rule|Illusion Level Mod: Illusion disguises the Pok\u00e9mon's true level\n|\n|t:|1783569668\n|teamsize|p1|6\n|teamsize|p2|6\n|start\n|switch|p1a: Passimian|Passimian, L83, M|100/100\n|switch|p2a: Venomoth|Venomoth, L84, M|255/255\n|turn|1\n|inactive|Battle timer is ON: inactive players will automatically lose when time's up. (requested by p0x2566a90f)\n|inactive|Time left: 300 sec this turn | 300 sec total | 60 sec grace\n|\n|t:|1783569669\n|move|p2a: Venomoth|Quiver Dance|p2a: Venomoth\n|-boost|p2a: Venomoth|spa|1\n|-boost|p2a: Venomoth|spd|1\n|-boost|p2a: Venomoth|spe|1\n|move|p1a: Passimian|Knock Off|p2a: Venomoth\n|-damage|p2a: Venomoth|151/255\n|-enditem|p2a: Venomoth|Heavy-Duty Boots|[from] move: Knock Off|[of] p1a: Passimian\n|\n|upkeep\n|turn|2\n|inactive|Time left: 300 sec this turn | 300 sec total\n|inactive|p0y2566267b also wants the timer to be on.\n|\n|t:|1783569670\n|switch|p1a: Altaria|Altaria, L89, M|100/100\n|move|p2a: Venomoth|Quiver Dance|p2a: Venomoth\n|-boost|p2a: Venomoth|spa|1\n|-boost|p2a: Venomoth|spd|1\n|-boost|p2a: Venomoth|spe|1\n|\n|upkeep\n|turn|3\n|inactive|Time left: 300 sec this turn | 300 sec total\n|\n|t:|1783569672\n|move|p2a: Venomoth|Sleep Powder|p1a: Altaria\n|-status|p1a: Altaria|slp|[from] move: Sleep Powder\n|cant|p1a: Altaria|slp\n|\n|upkeep\n|turn|4\n|inactive|Time left: 300 sec this turn | 300 sec total\n|\n|t:|1783569673\n|move|p2a: Venomoth|Bug Buzz|p1a: Altaria\n|-resisted|p1a: Altaria\n|-damage|p1a: Altaria|52/100 slp\n|cant|p1a: Altaria|slp\n|\n|upkeep\n|turn|5\n|inactive|Time left: 300 sec this turn | 300 sec total\n|\n|t:|1783569674\n|move|p2a: Venomoth|Sludge Wave|p1a: Altaria\n|-damage|p1a: Altaria|0 fnt\n|faint|p1a: Altaria\n|\n|upkeep\n|\n|t:|1783569674\n|switch|p1a: Honchkrow|Honchkrow, L86, M|100/100\n|turn|6\n|inactive|Time left: 300 sec this turn | 300 sec total\n|\n|t:|1783569676\n|-terastallize|p2a: Venomoth|Bug\n|move|p2a: Venomoth|Bug Buzz|p1a: Honchkrow\n|-damage|p1a: Honchkrow|0 fnt\n|faint|p1a: Honchkrow\n|\n|upkeep\n|\n|t:|1783569676\n|switch|p1a: Skuntank|Skuntank, L84, F|100/100\n|turn|7\n|inactive|Time left: 300 sec this turn | 300 sec total\n|\n|t:|1783569677\n|move|p2a: Venomoth|Bug Buzz|p1a: Skuntank\n|-crit|p1a: Skuntank\n|-damage|p1a: Skuntank|0 fnt\n|faint|p1a: Skuntank\n|\n|upkeep\n|\n|t:|1783569678\n|switch|p1a: Suicune|Suicune, L82|100/100\n|-ability|p1a: Suicune|Pressure\n|turn|8\n|inactive|Time left: 300 sec this turn | 300 sec total\n|\n|t:|1783569679\n|move|p2a: Venomoth|Bug Buzz|p1a: Suicune\n|-damage|p1a: Suicune|28/100\n|move|p1a: Suicune|Calm Mind|p1a: Suicune\n|-boost|p1a: Suicune|spa|1\n|-boost|p1a: Suicune|spd|1\n|\n|-heal|p1a: Suicune|34/100|[from] item: Leftovers\n|upkeep\n|turn|9\n|inactive|Time left: 300 sec this turn | 300 sec total\n|\n|t:|1783569680\n|move|p2a: Venomoth|Bug Buzz|p1a: Suicune\n|-damage|p1a: Suicune|0 fnt\n|faint|p1a: Suicune\n|\n|upkeep\n|\n|t:|1783569681\n|switch|p1a: Terapagos|Terapagos, L77, M|100/100\n|-activate|p1a: Terapagos|ability: Tera Shift\n|detailschange|p1a: Terapagos|Terapagos-Terastal, L77, M\n|-heal|p1a: Terapagos|100/100|[silent]\n|turn|10\n|inactive|Time left: 300 sec this turn | 300 sec total\n|\n|t:|1783569682\n|move|p2a: Venomoth|Bug Buzz|p1a: Terapagos\n|-activate|p1a: Terapagos|ability: Tera Shell\n|-resisted|p1a: Terapagos\n|-damage|p1a: Terapagos|24/100\n|move|p1a: Terapagos|Rapid Spin|p2a: Venomoth\n|-crit|p2a: Venomoth\n|-damage|p2a: Venomoth|69/255\n|-boost|p1a: Terapagos|spe|1\n|\n|upkeep\n|turn|11\n|inactive|Time left: 300 sec this turn | 300 sec total\n|\n|t:|1783569683\n|switch|p1a: Passimian|Passimian, L83, M|100/100\n|move|p2a: Venomoth|Bug Buzz|p1a: Passimian\n|-resisted|p1a: Passimian\n|-damage|p1a: Passimian|0 fnt\n|faint|p1a: Passimian\n|\n|upkeep\n|\n|t:|1783569684\n|switch|p1a: Terapagos|Terapagos-Terastal, L77, M|24/100\n|turn|12\n|inactive|Time left: 300 sec this turn | 300 sec total\n|\n|t:|1783569684\n|move|p2a: Venomoth|Sludge Wave|p1a: Terapagos\n|-damage|p1a: Terapagos|0 fnt\n|faint|p1a: Terapagos\n|\n|win|p0y2566267b", "uploadtime": 1783569684, "views": 0, "rating": 0, "private": 0, "password": null, "_winner": "p0y2566267b", "_our_name": "p0y2566267b"}