{"id": "battle-gen9randombattle-1073", "formatid": "gen9randombattle", "format": "[Gen 9] Random Battle", "players": ["p0x10737828", "p0y1073711a"], "log": "|init|battle\n|title|p0x10737828 vs. p0y1073711a\n|j|\u2606p0x10737828\n|j|\u2606p0y1073711a\n|t:|1783551620\n|gametype|singles\n|player|p1|p0x10737828|1|\n|player|p2|p0y1073711a|2|\n|gen|9\n|tier|[Gen 9] Random Battle\n|rule|Species Clause: Limit one of each Pok\u00e9mon\n|rule|HP Percentage Mod: HP is shown in percentages\n|rule|Sleep Clause Mod: Limit one foe put to sleep\n|rule|Illusion Level Mod: Illusion disguises the Pok\u00e9mon's true level\n|\n|t:|1783551620\n|teamsize|p1|6\n|teamsize|p2|6\n|start\n|switch|p1a: Yanmega|Yanmega, L82, M|100/100\n|switch|p2a: Klawf|Klawf, L90, F|272/272\n|turn|1\n|inactive|Battle timer is ON: inactive players will automatically lose when time's up. (requested by p0y1073711a)\n|inactive|p0x10737828 also wants the timer to be on.\n|\n|t:|1783551622\n|move|p1a: Yanmega|Air Slash|p2a: Klawf\n|-resisted|p2a: Klawf\n|-damage|p2a: Klawf|92/272\n|-ability|p2a: Klawf|Anger Shell|boost\n|-boost|p2a: Klawf|atk|1\n|-boost|p2a: Klawf|spa|1\n|-boost|p2a: Klawf|spe|1\n|-unboost|p2a: Klawf|def|1\n|-unboost|p2a: Klawf|spd|1\n|-enditem|p2a: Klawf|Sitrus Berry|[eat]\n|-heal|p2a: Klawf|160/272|[from] item: Sitrus Berry\n|move|p2a: Klawf|Stone Edge|p1a: Yanmega\n|-supereffective|p1a: Yanmega\n|-damage|p1a: Yanmega|0 fnt\n|faint|p1a: Yanmega\n|\n|upkeep\n|\n|t:|1783551623\n|switch|p1a: Wo-Chien|Wo-Chien, L83|100/100\n|-ability|p1a: Wo-Chien|Tablets of Ruin\n|turn|2\n|inactive|Time left: 300 sec this turn | 300 sec total\n|\n|t:|1783551624\n|switch|p2a: Altaria|Altaria, L89, M|278/278\n|move|p1a: Wo-Chien|Giga Drain|p2a: Altaria\n|-resisted|p2a: Altaria\n|-damage|p2a: Altaria|263/278\n|\n|upkeep\n|turn|3\n|inactive|Time left: 300 sec this turn | 300 sec total\n|\n|t:|1783551626\n|move|p2a: Altaria|Dragon Dance|p2a: Altaria\n|-boost|p2a: Altaria|atk|1\n|-boost|p2a: Altaria|spe|1\n|move|p1a: Wo-Chien|Ruination|p2a: Altaria\n|-damage|p2a: Altaria|132/278\n|\n|upkeep\n|turn|4\n|inactive|Time left: 300 sec this turn | 300 sec total\n|\n|t:|1783551627\n|move|p2a: Altaria|Roost|p2a: Altaria\n|-heal|p2a: Altaria|271/278\n|-singleturn|p2a: Altaria|move: Roost\n|move|p1a: Wo-Chien|Knock Off|p2a: Altaria\n|-damage|p2a: Altaria|180/278\n|-enditem|p2a: Altaria|Heavy-Duty Boots|[from] move: Knock Off|[of] p1a: Wo-Chien\n|\n|upkeep\n|turn|5\n|inactive|Time left: 300 sec this turn | 300 sec total\n|\n|t:|1783551628\n|move|p2a: Altaria|Brave Bird|p1a: Wo-Chien\n|-supereffective|p1a: Wo-Chien\n|-damage|p1a: Wo-Chien|20/100\n|-damage|p2a: Altaria|107/278|[from] Recoil\n|move|p1a: Wo-Chien|Ruination|p2a: Altaria\n|-damage|p2a: Altaria|54/278\n|\n|-heal|p1a: Wo-Chien|26/100|[from] item: Leftovers\n|upkeep\n|turn|6\n|inactive|Time left: 300 sec this turn | 300 sec total\n|\n|t:|1783551629\n|switch|p1a: Bruxish|Bruxish, L85, M|100/100\n|move|p2a: Altaria|Roost|p2a: Altaria\n|-heal|p2a: Altaria|193/278\n|-singleturn|p2a: Altaria|move: Roost\n|\n|upkeep\n|turn|7\n|inactive|Time left: 300 sec this turn | 300 sec total\n|\n|t:|1783551631\n|move|p2a: Altaria|Brave Bird|p1a: Bruxish\n|-damage|p1a: Bruxish|18/100\n|-damage|p2a: Altaria|124/278|[from] Recoil\n|move|p1a: Bruxish|Psychic Fangs|p2a: Altaria\n|-damage|p2a: Altaria|0 fnt\n|faint|p2a: Altaria\n|\n|upkeep\n|inactive|Time left: 300 sec this turn | 300 sec total | 5 sec grace\n|\n|t:|1783551632\n|switch|p2a: Persian|Persian, L92, F|269/269\n|turn|8\n|inactive|Time left: 300 sec this turn | 300 sec total\n|\n|t:|1783551633\n|move|p2a: Persian|Double-Edge|p1a: Bruxish\n|-damage|p1a: Bruxish|0 fnt\n|faint|p1a: Bruxish\n|-damage|p2a: Persian|254/269|[from] Recoil\n|\n|upkeep\n|\n|t:|1783551634\n|switch|p1a: Slowking|Slowking-Galar, L85, M|100/100\n|turn|9\n|inactive|Time left: 300 sec this turn | 300 sec total\n|\n|t:|1783551635\n|move|p2a: Persian|Knock Off|p1a: Slowking\n|-supereffective|p1a: Slowking\n|-damage|p1a: Slowking|59/100\n|-enditem|p1a: Slowking|Leftovers|[from] move: Knock Off|[of] p2a: Persian\n|move|p1a: Slowking|Sludge Bomb|p2a: Persian\n|-damage|p2a: Persian|130/269\n|-status|p2a: Persian|psn\n|\n|-damage|p2a: Persian|97/269 psn|[from] psn\n|upkeep\n|turn|10\n|inactive|Time left: 300 sec this turn | 300 sec total\n|\n|t:|1783551636\n|move|p2a: Persian|U-turn|p1a: Slowking\n|-damage|p1a: Slowking|43/100\n|inactive|Time left: 300 sec this turn | 300 sec total | 5 sec grace\n|\n|t:|1783551637\n|switch|p2a: Klawf|Klawf, L90, F|160/272|[from] U-turn\n|move|p1a: Slowking|Slack Off|p1a: Slowking\n|-heal|p1a: Slowking|93/100\n|\n|upkeep\n|turn|11\n|inactive|Time left: 300 sec this turn | 300 sec total\n|\n|t:|1783551638\n|move|p2a: Klawf|Swords Dance|p2a: Klawf\n|-boost|p2a: Klawf|atk|2\n|move|p1a: Slowking|Sludge Bomb|p2a: Klawf\n|-resisted|p2a: Klawf\n|-damage|p2a: Klawf|94/272\n|-ability|p2a: Klawf|Anger Shell|boost\n|-boost|p2a: Klawf|atk|1\n|-boost|p2a: Klawf|spa|1\n|-boost|p2a: Klawf|spe|1\n|-unboost|p2a: Klawf|def|1\n|-unboost|p2a: Klawf|spd|1\n|\n|upkeep\n|turn|12\n|inactive|Time left: 300 sec this turn | 300 sec total\n|\n|t:|1783551639\n|move|p2a: Klawf|Stone Edge|p1a: Slowking\n|-damage|p1a: Slowking|0 fnt\n|faint|p1a: Slowking\n|\n|upkeep\n|\n|t:|1783551640\n|switch|p1a: Wo-Chien|Wo-Chien, L83|26/100\n|-ability|p1a: Wo-Chien|Tablets of Ruin\n|turn|13\n|inactive|Time left: 300 sec this turn | 300 sec total\n|\n|t:|1783551641\n|move|p2a: Klawf|Stone Edge|p1a: Wo-Chien\n|-damage|p1a: Wo-Chien|0 fnt\n|faint|p1a: Wo-Chien\n|\n|upkeep\n|\n|t:|1783551642\n|switch|p1a: Enamorus|Enamorus, L79, F|100/100\n|turn|14\n|inactive|Time left: 300 sec this turn | 300 sec total\n|\n|t:|1783551643\n|-terastallize|p2a: Klawf|Water\n|move|p2a: Klawf|Crabhammer|p1a: Enamorus\n|-damage|p1a: Enamorus|0 fnt\n|faint|p1a: Enamorus\n|\n|upkeep\n|\n|t:|1783551644\n|switch|p1a: Iron Moth|Iron Moth, L78|100/100\n|turn|15\n|inactive|Time left: 300 sec this turn | 300 sec total\n|\n|t:|1783551645\n|-terastallize|p1a: Iron Moth|Grass\n|move|p2a: Klawf|Stone Edge|p1a: Iron Moth\n|-damage|p1a: Iron Moth|0 fnt\n|faint|p1a: Iron Moth\n|-end|p1a: Iron Moth|Quark Drive|[silent]\n|\n|win|p0y1073711a", "uploadtime": 1783551645, "views": 0, "rating": 0, "private": 0, "password": null, "_winner": "p0y1073711a", "_our_name": "p0y1073711a"}