{"id": "battle-gen9randombattle-496", "formatid": "gen9randombattle", "format": "[Gen 9] Random Battle", "players": ["p0x496813e", "p0y496b9af"], "log": "|init|battle\n|title|p0x496813e vs. p0y496b9af\n|j|\u2606p0x496813e\n|j|\u2606p0y496b9af\n|t:|1783545541\n|gametype|singles\n|player|p1|p0x496813e|266|\n|player|p2|p0y496b9af|2|\n|gen|9\n|tier|[Gen 9] Random Battle\n|rule|Species Clause: Limit one of each Pok\u00e9mon\n|rule|HP Percentage Mod: HP is shown in percentages\n|rule|Sleep Clause Mod: Limit one foe put to sleep\n|rule|Illusion Level Mod: Illusion disguises the Pok\u00e9mon's true level\n|\n|t:|1783545541\n|teamsize|p1|6\n|teamsize|p2|6\n|start\n|switch|p1a: Salazzle|Salazzle, L83, F|100/100\n|switch|p2a: Kilowattrel|Kilowattrel, L83, M|252/252\n|turn|1\n|inactive|Battle timer is ON: inactive players will automatically lose when time's up. (requested by p0y496b9af)\n|inactive|p0x496813e also wants the timer to be on.\n|\n|t:|1783545542\n|move|p2a: Kilowattrel|Thunderbolt|p1a: Salazzle\n|-damage|p1a: Salazzle|45/100\n|move|p1a: Salazzle|Flamethrower|p2a: Kilowattrel\n|-damage|p2a: Kilowattrel|111/252\n|-status|p2a: Kilowattrel|brn\n|\n|-heal|p1a: Salazzle|51/100|[from] item: Leftovers\n|-damage|p2a: Kilowattrel|96/252 brn|[from] brn\n|upkeep\n|turn|2\n|inactive|Time left: 300 sec this turn | 300 sec total\n|\n|t:|1783545544\n|move|p2a: Kilowattrel|Thunderbolt|p1a: Salazzle\n|-damage|p1a: Salazzle|0 fnt\n|faint|p1a: Salazzle\n|\n|-damage|p2a: Kilowattrel|81/252 brn|[from] brn\n|upkeep\n|\n|t:|1783545545\n|switch|p1a: Flygon|Flygon, L82, F|100/100\n|turn|3\n|inactive|Time left: 300 sec this turn | 300 sec total\n|\n|t:|1783545546\n|move|p2a: Kilowattrel|Hurricane|p1a: Flygon|[miss]\n|-miss|p2a: Kilowattrel|p1a: Flygon\n|move|p1a: Flygon|Outrage|p2a: Kilowattrel\n|-damage|p2a: Kilowattrel|0 fnt\n|faint|p2a: Kilowattrel\n|\n|upkeep\n|inactive|Time left: 300 sec this turn | 300 sec total | 5 sec grace\n|\n|t:|1783545547\n|switch|p2a: Crabominable|Crabominable, L90, F|321/321\n|turn|4\n|inactive|Time left: 300 sec this turn | 300 sec total\n|\n|t:|1783545548\n|move|p1a: Flygon|Outrage|p2a: Crabominable|[from] lockedmove\n|-damage|p2a: Crabominable|197/321\n|-start|p1a: Flygon|confusion|[fatigue]\n|-enditem|p1a: Flygon|Lum Berry|[eat]\n|-end|p1a: Flygon|confusion\n|move|p2a: Crabominable|Drain Punch|p1a: Flygon\n|-damage|p1a: Flygon|7/100\n|-heal|p2a: Crabominable|321/321|[from] drain|[of] p1a: Flygon\n|\n|upkeep\n|turn|5\n|inactive|Time left: 300 sec this turn | 300 sec total\n|\n|t:|1783545549\n|move|p1a: Flygon|Outrage|p2a: Crabominable\n|-damage|p2a: Crabominable|203/321\n|move|p2a: Crabominable|Drain Punch|p1a: Flygon\n|-damage|p1a: Flygon|0 fnt\n|-heal|p2a: Crabominable|211/321|[from] drain|[of] p1a: Flygon\n|faint|p1a: Flygon\n|\n|upkeep\n|\n|t:|1783545551\n|switch|p1a: Oricorio|Oricorio-Pom-Pom, L82, F|100/100\n|turn|6\n|inactive|Time left: 300 sec this turn | 300 sec total\n|\n|t:|1783545552\n|move|p1a: Oricorio|Hurricane|p2a: Crabominable\n|-supereffective|p2a: Crabominable\n|-damage|p2a: Crabominable|0 fnt\n|faint|p2a: Crabominable\n|\n|upkeep\n|inactive|Time left: 300 sec this turn | 300 sec total | 5 sec grace\n|\n|t:|1783545553\n|switch|p2a: Heracross|Heracross, L80, F|259/259\n|turn|7\n|inactive|Time left: 300 sec this turn | 300 sec total\n|\n|t:|1783545554\n|-terastallize|p2a: Heracross|Rock\n|move|p1a: Oricorio|Hurricane|p2a: Heracross\n|-resisted|p2a: Heracross\n|-damage|p2a: Heracross|199/259\n|move|p2a: Heracross|Stone Edge|p1a: Oricorio\n|-supereffective|p1a: Oricorio\n|-damage|p1a: Oricorio|0 fnt\n|faint|p1a: Oricorio\n|-ability|p2a: Heracross|Moxie|boost\n|-boost|p2a: Heracross|atk|1\n|\n|upkeep\n|\n|t:|1783545555\n|switch|p1a: Swampert|Swampert, L83, M|100/100\n|turn|8\n|inactive|Time left: 300 sec this turn | 300 sec total\n|\n|t:|1783545556\n|switch|p2a: Vigoroth|Vigoroth, L85, F|275/275\n|move|p1a: Swampert|Earthquake|p2a: Vigoroth\n|-damage|p2a: Vigoroth|187/275\n|\n|upkeep\n|turn|9\n|inactive|Time left: 300 sec this turn | 300 sec total\n|\n|t:|1783545558\n|move|p2a: Vigoroth|Bulk Up|p2a: Vigoroth\n|-boost|p2a: Vigoroth|atk|1\n|-boost|p2a: Vigoroth|def|1\n|move|p1a: Swampert|Knock Off|p2a: Vigoroth\n|-damage|p2a: Vigoroth|150/275\n|-enditem|p2a: Vigoroth|Eviolite|[from] move: Knock Off|[of] p1a: Swampert\n|\n|upkeep\n|turn|10\n|inactive|Time left: 300 sec this turn | 300 sec total\n|\n|t:|1783545559\n|move|p2a: Vigoroth|Body Slam|p1a: Swampert\n|-damage|p1a: Swampert|61/100\n|move|p1a: Swampert|Roar|p2a: Vigoroth\n|drag|p2a: Magmortar|Magmortar, L88, F|275/275\n|\n|-heal|p1a: Swampert|67/100|[from] item: Leftovers\n|upkeep\n|turn|11\n|inactive|Time left: 300 sec this turn | 300 sec total\n|\n|t:|1783545560\n|move|p2a: Magmortar|Scorching Sands|p1a: Swampert\n|-damage|p1a: Swampert|44/100\n|-status|p1a: Swampert|brn\n|move|p1a: Swampert|Earthquake|p2a: Magmortar\n|-supereffective|p2a: Magmortar\n|-damage|p2a: Magmortar|143/275\n|\n|-heal|p1a: Swampert|50/100 brn|[from] item: Leftovers\n|-damage|p1a: Swampert|44/100 brn|[from] brn\n|upkeep\n|turn|12\n|inactive|Time left: 300 sec this turn | 300 sec total\n|\n|t:|1783545561\n|move|p2a: Magmortar|Fire Blast|p1a: Swampert\n|-resisted|p1a: Swampert\n|-damage|p1a: Swampert|18/100 brn\n|move|p1a: Swampert|Earthquake|p2a: Magmortar\n|-supereffective|p2a: Magmortar\n|-damage|p2a: Magmortar|7/275\n|\n|-heal|p1a: Swampert|24/100 brn|[from] item: Leftovers\n|-damage|p1a: Swampert|18/100 brn|[from] brn\n|upkeep\n|turn|13\n|inactive|Time left: 300 sec this turn | 300 sec total\n|\n|t:|1783545563\n|move|p2a: Magmortar|Fire Blast|p1a: Swampert\n|-resisted|p1a: Swampert\n|-damage|p1a: Swampert|0 fnt\n|faint|p1a: Swampert\n|\n|upkeep\n|\n|t:|1783545564\n|switch|p1a: Dunsparce|Dunsparce, L86, F|100/100\n|turn|14\n|inactive|Time left: 300 sec this turn | 300 sec total\n|\n|t:|1783545564\n|move|p2a: Magmortar|Focus Blast|p1a: Dunsparce|[miss]\n|-miss|p2a: Magmortar|p1a: Dunsparce\n|move|p1a: Dunsparce|Coil|p1a: Dunsparce\n|-boost|p1a: Dunsparce|atk|1\n|-boost|p1a: Dunsparce|def|1\n|-boost|p1a: Dunsparce|accuracy|1\n|\n|upkeep\n|turn|15\n|inactive|Time left: 300 sec this turn | 300 sec total\n|\n|t:|1783545565\n|move|p2a: Magmortar|Focus Blast|p1a: Dunsparce|[miss]\n|-miss|p2a: Magmortar|p1a: Dunsparce\n|move|p1a: Dunsparce|Earthquake|p2a: Magmortar\n|-supereffective|p2a: Magmortar\n|-damage|p2a: Magmortar|0 fnt\n|faint|p2a: Magmortar\n|\n|upkeep\n|inactive|Time left: 300 sec this turn | 300 sec total | 5 sec grace\n|\n|t:|1783545566\n|switch|p2a: Vigoroth|Vigoroth, L85, F|150/275\n|turn|16\n|inactive|Time left: 300 sec this turn | 300 sec total\n|\n|t:|1783545567\n|move|p2a: Vigoroth|Slack Off|p2a: Vigoroth\n|-heal|p2a: Vigoroth|275/275\n|move|p1a: Dunsparce|Coil|p1a: Dunsparce\n|-boost|p1a: Dunsparce|atk|1\n|-boost|p1a: Dunsparce|def|1\n|-boost|p1a: Dunsparce|accuracy|1\n|\n|upkeep\n|turn|17\n|inactive|Time left: 300 sec this turn | 300 sec total\n|\n|t:|1783545568\n|move|p2a: Vigoroth|Bulk Up|p2a: Vigoroth\n|-boost|p2a: Vigoroth|atk|1\n|-boost|p2a: Vigoroth|def|1\n|move|p1a: Dunsparce|Body Slam|p2a: Vigoroth\n|-damage|p2a: Vigoroth|166/275\n|-status|p2a: Vigoroth|par\n|\n|upkeep\n|turn|18\n|inactive|Time left: 300 sec this turn | 300 sec total\n|\n|t:|1783545569\n|move|p1a: Dunsparce|Body Slam|p2a: Vigoroth\n|-damage|p2a: Vigoroth|69/275 par\n|cant|p2a: Vigoroth|par\n|\n|upkeep\n|turn|19\n|inactive|Time left: 300 sec this turn | 300 sec total\n|\n|t:|1783545570\n|move|p1a: Dunsparce|Body Slam|p2a: Vigoroth\n|-damage|p2a: Vigoroth|0 fnt\n|faint|p2a: Vigoroth\n|\n|upkeep\n|inactive|Time left: 300 sec this turn | 300 sec total | 5 sec grace\n|\n|t:|1783545571\n|switch|p2a: Terapagos|Terapagos, L77, F|265/265\n|-activate|p2a: Terapagos|ability: Tera Shift\n|detailschange|p2a: Terapagos|Terapagos-Terastal, L77, F\n|-heal|p2a: Terapagos|273/273|[silent]\n|turn|20\n|inactive|Time left: 300 sec this turn | 300 sec total\n|\n|t:|1783545572\n|-terastallize|p1a: Dunsparce|Ground\n|move|p2a: Terapagos|Tera Starstorm|p1a: Dunsparce\n|-damage|p1a: Dunsparce|70/100\n|move|p1a: Dunsparce|Earthquake|p2a: Terapagos\n|-activate|p2a: Terapagos|ability: Tera Shell\n|-resisted|p2a: Terapagos\n|-damage|p2a: Terapagos|188/273\n|\n|upkeep\n|turn|21\n|inactive|Time left: 300 sec this turn | 300 sec total\n|\n|t:|1783545573\n|move|p2a: Terapagos|Tera Starstorm|p1a: Dunsparce\n|-damage|p1a: Dunsparce|43/100\n|move|p1a: Dunsparce|Body Slam|p2a: Terapagos\n|-damage|p2a: Terapagos|44/273\n|-status|p2a: Terapagos|par\n|\n|upkeep\n|turn|22\n|inactive|Time left: 300 sec this turn | 300 sec total\n|\n|t:|1783545573\n|move|p1a: Dunsparce|Earthquake|p2a: Terapagos\n|-damage|p2a: Terapagos|0 fnt\n|faint|p2a: Terapagos\n|\n|upkeep\n|inactive|Time left: 300 sec this turn | 300 sec total | 5 sec grace\n|\n|t:|1783545574\n|switch|p2a: Heracross|Heracross, L80, F, tera:Rock|199/259\n|turn|23\n|inactive|Time left: 300 sec this turn | 300 sec total\n|\n|t:|1783545575\n|move|p2a: Heracross|Knock Off|p1a: Dunsparce\n|-damage|p1a: Dunsparce|29/100\n|-enditem|p1a: Dunsparce|Eviolite|[from] move: Knock Off|[of] p2a: Heracross\n|move|p1a: Dunsparce|Earthquake|p2a: Heracross\n|-supereffective|p2a: Heracross\n|-damage|p2a: Heracross|0 fnt\n|faint|p2a: Heracross\n|\n|win|p0x496813e", "uploadtime": 1783545575, "views": 0, "rating": 0, "private": 0, "password": null, "_winner": "p0x496813e", "_our_name": "p0y496b9af"}