{"id": "battle-gen9randombattle-486", "formatid": "gen9randombattle", "format": "[Gen 9] Random Battle", "players": ["p0x4866f57", "p0y486d224"], "log": "|init|battle\n|title|p0x4866f57 vs. p0y486d224\n|j|\u2606p0x4866f57\n|j|\u2606p0y486d224\n|t:|1783544677\n|gametype|singles\n|player|p1|p0x4866f57|102|\n|player|p2|p0y486d224|170|\n|gen|9\n|tier|[Gen 9] Random Battle\n|rule|Species Clause: Limit one of each Pok\u00e9mon\n|rule|HP Percentage Mod: HP is shown in percentages\n|rule|Sleep Clause Mod: Limit one foe put to sleep\n|rule|Illusion Level Mod: Illusion disguises the Pok\u00e9mon's true level\n|\n|t:|1783544677\n|teamsize|p1|6\n|teamsize|p2|6\n|start\n|switch|p1a: Flutter Mane|Flutter Mane, L74|100/100\n|switch|p2a: Orthworm|Orthworm, L88, M|266/266\n|turn|1\n|inactive|Battle timer is ON: inactive players will automatically lose when time's up. (requested by p0x4866f57)\n|inactive|Time left: 300 sec this turn | 300 sec total | 60 sec grace\n|inactive|p0y486d224 also wants the timer to be on.\n|\n|t:|1783544679\n|move|p1a: Flutter Mane|Mystical Fire|p2a: Orthworm\n|-supereffective|p2a: Orthworm\n|-damage|p2a: Orthworm|68/266\n|-unboost|p2a: Orthworm|spa|1\n|move|p2a: Orthworm|Heavy Slam|p1a: Flutter Mane\n|-supereffective|p1a: Flutter Mane\n|-damage|p1a: Flutter Mane|0 fnt\n|faint|p1a: Flutter Mane\n|-end|p1a: Flutter Mane|Protosynthesis|[silent]\n|\n|-heal|p2a: Orthworm|84/266|[from] item: Leftovers\n|upkeep\n|\n|t:|1783544680\n|switch|p1a: Mightyena|Mightyena, L96, F|100/100\n|-ability|p1a: Mightyena|Intimidate|boost\n|-unboost|p2a: Orthworm|atk|1\n|turn|2\n|inactive|Time left: 300 sec this turn | 300 sec total\n|\n|t:|1783544681\n|move|p1a: Mightyena|Throat Chop|p2a: Orthworm\n|-damage|p2a: Orthworm|0 fnt\n|faint|p2a: Orthworm\n|\n|upkeep\n|inactive|Time left: 300 sec this turn | 300 sec total | 5 sec grace\n|\n|t:|1783544682\n|switch|p2a: Mamoswine|Mamoswine, L81, M|311/311\n|turn|3\n|inactive|Time left: 300 sec this turn | 300 sec total\n|\n|t:|1783544684\n|move|p1a: Mightyena|Throat Chop|p2a: Mamoswine\n|-damage|p2a: Mamoswine|149/311\n|-start|p2a: Mamoswine|Throat Chop|[silent]\n|move|p2a: Mamoswine|Earthquake|p1a: Mightyena\n|-damage|p1a: Mightyena|31/100\n|\n|upkeep\n|turn|4\n|inactive|Time left: 300 sec this turn | 300 sec total\n|\n|t:|1783544685\n|move|p1a: Mightyena|Throat Chop|p2a: Mamoswine\n|-damage|p2a: Mamoswine|0 fnt\n|faint|p2a: Mamoswine\n|\n|upkeep\n|inactive|Time left: 300 sec this turn | 300 sec total | 5 sec grace\n|\n|t:|1783544686\n|switch|p2a: Shiftry|Shiftry, L89, F|305/305\n|turn|5\n|inactive|Time left: 300 sec this turn | 300 sec total\n|\n|t:|1783544687\n|move|p2a: Shiftry|Knock Off|p1a: Mightyena\n|-resisted|p1a: Mightyena\n|-damage|p1a: Mightyena|6/100\n|-enditem|p1a: Mightyena|Choice Band|[from] move: Knock Off|[of] p2a: Shiftry\n|-damage|p2a: Shiftry|275/305|[from] item: Life Orb\n|move|p1a: Mightyena|Throat Chop|p2a: Shiftry\n|-resisted|p2a: Shiftry\n|-damage|p2a: Shiftry|215/305\n|-start|p2a: Shiftry|Throat Chop|[silent]\n|\n|upkeep\n|turn|6\n|inactive|Time left: 300 sec this turn | 300 sec total\n|\n|t:|1783544688\n|move|p2a: Shiftry|Knock Off|p1a: Mightyena\n|-resisted|p1a: Mightyena\n|-damage|p1a: Mightyena|0 fnt\n|faint|p1a: Mightyena\n|-damage|p2a: Shiftry|185/305|[from] item: Life Orb\n|\n|-end|p2a: Shiftry|Throat Chop|[silent]\n|upkeep\n|\n|t:|1783544689\n|switch|p1a: Minior|Minior-Violet, L79|100/100\n|-formechange|p1a: Minior|Minior-Meteor||[from] ability: Shields Down\n|turn|7\n|inactive|Time left: 300 sec this turn | 300 sec total\n|\n|t:|1783544691\n|move|p2a: Shiftry|Knock Off|p1a: Minior\n|-damage|p1a: Minior|38/100\n|-enditem|p1a: Minior|White Herb|[from] move: Knock Off|[of] p2a: Shiftry\n|-damage|p2a: Shiftry|155/305|[from] item: Life Orb\n|move|p1a: Minior|Shell Smash|p1a: Minior\n|-unboost|p1a: Minior|def|1\n|-unboost|p1a: Minior|spd|1\n|-boost|p1a: Minior|atk|2\n|-boost|p1a: Minior|spa|2\n|-boost|p1a: Minior|spe|2\n|\n|-formechange|p1a: Minior|Minior-Violet||[from] ability: Shields Down\n|upkeep\n|turn|8\n|inactive|Time left: 300 sec this turn | 300 sec total\n|\n|t:|1783544692\n|move|p1a: Minior|Acrobatics|p2a: Shiftry\n|-supereffective|p2a: Shiftry\n|-damage|p2a: Shiftry|0 fnt\n|faint|p2a: Shiftry\n|\n|upkeep\n|inactive|Time left: 300 sec this turn | 300 sec total | 5 sec grace\n|\n|t:|1783544693\n|switch|p2a: Lunala|Lunala, L70|308/308\n|turn|9\n|inactive|Time left: 300 sec this turn | 300 sec total\n|\n|t:|1783544694\n|move|p1a: Minior|Acrobatics|p2a: Lunala\n|-damage|p2a: Lunala|183/308\n|move|p2a: Lunala|Moongeist Beam|p1a: Minior\n|-damage|p1a: Minior|0 fnt\n|faint|p1a: Minior\n|\n|-heal|p2a: Lunala|202/308|[from] item: Leftovers\n|upkeep\n|\n|t:|1783544696\n|switch|p1a: Sinistcha|Sinistcha-Masterpiece, L83|100/100\n|turn|10\n|inactive|Time left: 300 sec this turn | 300 sec total\n|\n|t:|1783544697\n|-terastallize|p2a: Lunala|Fairy\n|move|p2a: Lunala|Calm Mind|p2a: Lunala\n|-boost|p2a: Lunala|spa|1\n|-boost|p2a: Lunala|spd|1\n|move|p1a: Sinistcha|Shadow Ball|p2a: Lunala\n|-damage|p2a: Lunala|135/308\n|\n|-heal|p2a: Lunala|154/308|[from] item: Leftovers\n|upkeep\n|turn|11\n|inactive|Time left: 300 sec this turn | 300 sec total\n|\n|t:|1783544698\n|-terastallize|p1a: Sinistcha|Steel\n|move|p2a: Lunala|Moongeist Beam|p1a: Sinistcha\n|-damage|p1a: Sinistcha|38/100\n|move|p1a: Sinistcha|Calm Mind|p1a: Sinistcha\n|-boost|p1a: Sinistcha|spa|1\n|-boost|p1a: Sinistcha|spd|1\n|\n|-heal|p2a: Lunala|173/308|[from] item: Leftovers\n|-heal|p1a: Sinistcha|43/100|[from] item: Leftovers\n|upkeep\n|turn|12\n|inactive|Time left: 300 sec this turn | 300 sec total\n|\n|t:|1783544699\n|move|p2a: Lunala|Moongeist Beam|p1a: Sinistcha\n|-damage|p1a: Sinistcha|2/100\n|move|p1a: Sinistcha|Strength Sap|p2a: Lunala\n|-unboost|p2a: Lunala|atk|1\n|-heal|p1a: Sinistcha|66/100\n|\n|-heal|p2a: Lunala|192/308|[from] item: Leftovers\n|-heal|p1a: Sinistcha|72/100|[from] item: Leftovers\n|upkeep\n|turn|13\n|inactive|Time left: 300 sec this turn | 300 sec total\n|\n|t:|1783544700\n|move|p2a: Lunala|Calm Mind|p2a: Lunala\n|-boost|p2a: Lunala|spa|1\n|-boost|p2a: Lunala|spd|1\n|move|p1a: Sinistcha|Calm Mind|p1a: Sinistcha\n|-boost|p1a: Sinistcha|spa|1\n|-boost|p1a: Sinistcha|spd|1\n|\n|-heal|p2a: Lunala|211/308|[from] item: Leftovers\n|-heal|p1a: Sinistcha|78/100|[from] item: Leftovers\n|upkeep\n|turn|14\n|inactive|Time left: 300 sec this turn | 300 sec total\n|\n|t:|1783544701\n|move|p2a: Lunala|Calm Mind|p2a: Lunala\n|-boost|p2a: Lunala|spa|1\n|-boost|p2a: Lunala|spd|1\n|move|p1a: Sinistcha|Matcha Gotcha|p2a: Lunala\n|-damage|p2a: Lunala|123/308\n|-heal|p1a: Sinistcha|95/100|[from] drain|[of] p2a: Lunala\n|\n|-heal|p2a: Lunala|142/308|[from] item: Leftovers\n|-heal|p1a: Sinistcha|100/100|[from] item: Leftovers\n|upkeep\n|turn|15\n|inactive|Time left: 300 sec this turn | 300 sec total\n|\n|t:|1783544702\n|move|p2a: Lunala|Moonlight|p2a: Lunala\n|-heal|p2a: Lunala|296/308\n|move|p1a: Sinistcha|Matcha Gotcha|p2a: Lunala\n|-damage|p2a: Lunala|217/308\n|-status|p2a: Lunala|brn\n|\n|-heal|p2a: Lunala|236/308 brn|[from] item: Leftovers\n|-damage|p2a: Lunala|217/308 brn|[from] brn\n|upkeep\n|turn|16\n|inactive|Time left: 300 sec this turn | 300 sec total\n|\n|t:|1783544703\n|move|p2a: Lunala|Calm Mind|p2a: Lunala\n|-boost|p2a: Lunala|spa|1\n|-boost|p2a: Lunala|spd|1\n|move|p1a: Sinistcha|Calm Mind|p1a: Sinistcha\n|-boost|p1a: Sinistcha|spa|1\n|-boost|p1a: Sinistcha|spd|1\n|\n|-heal|p2a: Lunala|236/308 brn|[from] item: Leftovers\n|-damage|p2a: Lunala|217/308 brn|[from] brn\n|upkeep\n|turn|17\n|inactive|Time left: 300 sec this turn | 300 sec total\n|\n|t:|1783544704\n|move|p2a: Lunala|Moongeist Beam|p1a: Sinistcha\n|-damage|p1a: Sinistcha|51/100\n|move|p1a: Sinistcha|Strength Sap|p2a: Lunala\n|-unboost|p2a: Lunala|atk|1\n|-heal|p1a: Sinistcha|93/100\n|\n|-heal|p2a: Lunala|236/308 brn|[from] item: Leftovers\n|-heal|p1a: Sinistcha|99/100|[from] item: Leftovers\n|-damage|p2a: Lunala|217/308 brn|[from] brn\n|upkeep\n|turn|18\n|inactive|Time left: 300 sec this turn | 300 sec total\n|\n|t:|1783544705\n|move|p2a: Lunala|Moongeist Beam|p1a: Sinistcha\n|-crit|p1a: Sinistcha\n|-damage|p1a: Sinistcha|0 fnt\n|faint|p1a: Sinistcha\n|\n|-heal|p2a: Lunala|236/308 brn|[from] item: Leftovers\n|-damage|p2a: Lunala|217/308 brn|[from] brn\n|upkeep\n|\n|t:|1783544706\n|switch|p1a: Sceptile|Sceptile, L87, F|100/100\n|turn|19\n|inactive|Time left: 300 sec this turn | 300 sec total\n|\n|t:|1783544707\n|move|p1a: Sceptile|Rock Slide|p2a: Lunala|[miss]\n|-miss|p1a: Sceptile|p2a: Lunala\n|move|p2a: Lunala|Psyshock|p1a: Sceptile\n|-damage|p1a: Sceptile|1/100\n|\n|-heal|p2a: Lunala|236/308 brn|[from] item: Leftovers\n|-damage|p2a: Lunala|217/308 brn|[from] brn\n|upkeep\n|turn|20\n|inactive|Time left: 300 sec this turn | 300 sec total\n|\n|t:|1783544708\n|move|p1a: Sceptile|Shed Tail|p1a: Sceptile\n|-fail|p1a: Sceptile|move: Shed Tail|[weak]\n|move|p2a: Lunala|Moonlight|p2a: Lunala\n|-heal|p2a: Lunala|308/308 brn\n|\n|-damage|p2a: Lunala|289/308 brn|[from] brn\n|upkeep\n|turn|21\n|inactive|Time left: 300 sec this turn | 300 sec total\n|\n|t:|1783544709\n|move|p1a: Sceptile|Rock Slide|p2a: Lunala\n|-damage|p2a: Lunala|205/308 brn\n|-damage|p1a: Sceptile|0 fnt|[from] item: Life Orb\n|faint|p1a: Sceptile\n|cant|p2a: Lunala|flinch\n|\n|-heal|p2a: Lunala|224/308 brn|[from] item: Leftovers\n|-damage|p2a: Lunala|205/308 brn|[from] brn\n|upkeep\n|\n|t:|1783544710\n|switch|p1a: Cinderace|Cinderace, L77, F|100/100\n|turn|22\n|inactive|Time left: 300 sec this turn | 300 sec total\n|\n|t:|1783544711\n|move|p1a: Cinderace|Pyro Ball|p2a: Lunala\n|-damage|p2a: Lunala|48/308 brn\n|move|p2a: Lunala|Psyshock|p1a: Cinderace\n|-damage|p1a: Cinderace|0 fnt\n|faint|p1a: Cinderace\n|\n|win|p0y486d224", "uploadtime": 1783544711, "views": 0, "rating": 0, "private": 0, "password": null, "_winner": "p0y486d224", "_our_name": "p0y486d224"}