{"id": "battle-gen9randombattle-1009", "formatid": "gen9randombattle", "format": "[Gen 9] Random Battle", "players": ["p0x10090be9", "p0y1009fb4d"], "log": "|init|battle\n|title|p0x10090be9 vs. p0y1009fb4d\n|j|\u2606p0x10090be9\n|j|\u2606p0y1009fb4d\n|t:|1783550882\n|gametype|singles\n|player|p1|p0x10090be9|102|\n|player|p2|p0y1009fb4d|102|\n|gen|9\n|tier|[Gen 9] Random Battle\n|rule|Species Clause: Limit one of each Pok\u00e9mon\n|rule|HP Percentage Mod: HP is shown in percentages\n|rule|Sleep Clause Mod: Limit one foe put to sleep\n|rule|Illusion Level Mod: Illusion disguises the Pok\u00e9mon's true level\n|\n|t:|1783550882\n|teamsize|p1|6\n|teamsize|p2|6\n|start\n|switch|p1a: Infernape|Infernape, L82, M|100/100\n|switch|p2a: Indeedee|Indeedee-F, L90, F|272/272\n|-fieldstart|move: Psychic Terrain|[from] ability: Psychic Surge|[of] p2a: Indeedee\n|turn|1\n|inactive|Battle timer is ON: inactive players will automatically lose when time's up. (requested by p0x10090be9)\n|inactive|Time left: 300 sec this turn | 300 sec total | 60 sec grace\n|\n|t:|1783550884\n|-terastallize|p1a: Infernape|Dark\n|move|p2a: Indeedee|Psychic|p1a: Infernape\n|-immune|p1a: Infernape\n|move|p1a: Infernape|Knock Off|p2a: Indeedee\n|-supereffective|p2a: Indeedee\n|-damage|p2a: Indeedee|0 fnt\n|-enditem|p2a: Indeedee|Choice Scarf|[from] move: Knock Off|[of] p1a: Infernape\n|faint|p2a: Indeedee\n|\n|upkeep\n|inactive|Time left: 300 sec this turn | 300 sec total | 65 sec grace\n|inactive|p0y1009fb4d also wants the timer to be on.\n|\n|t:|1783550885\n|switch|p2a: Eelektross|Eelektross, L87, F|290/290\n|turn|2\n|inactive|Time left: 300 sec this turn | 300 sec total\n|\n|t:|1783550886\n|move|p1a: Infernape|Knock Off|p2a: Eelektross\n|-damage|p2a: Eelektross|119/290\n|-enditem|p2a: Eelektross|Leftovers|[from] move: Knock Off|[of] p1a: Infernape\n|move|p2a: Eelektross|Coil|p2a: Eelektross\n|-boost|p2a: Eelektross|atk|1\n|-boost|p2a: Eelektross|def|1\n|-boost|p2a: Eelektross|accuracy|1\n|\n|upkeep\n|turn|3\n|inactive|Time left: 300 sec this turn | 300 sec total\n|\n|t:|1783550888\n|switch|p1a: Serperior|Serperior, L79, M|100/100\n|move|p2a: Eelektross|Supercell Slam|p1a: Serperior\n|-resisted|p1a: Serperior\n|-damage|p1a: Serperior|61/100\n|\n|-heal|p1a: Serperior|67/100|[from] item: Leftovers\n|upkeep\n|turn|4\n|inactive|Time left: 300 sec this turn | 300 sec total\n|\n|t:|1783550889\n|move|p1a: Serperior|Leaf Storm|p2a: Eelektross\n|-damage|p2a: Eelektross|23/290\n|-boost|p1a: Serperior|spa|2\n|move|p2a: Eelektross|Fire Punch|p1a: Serperior\n|-supereffective|p1a: Serperior\n|-damage|p1a: Serperior|0 fnt\n|faint|p1a: Serperior\n|\n|upkeep\n|\n|t:|1783550890\n|switch|p1a: Clawitzer|Clawitzer, L87, F|100/100\n|turn|5\n|inactive|Time left: 300 sec this turn | 300 sec total\n|\n|t:|1783550892\n|switch|p2a: Decidueye|Decidueye, L88, F|281/281\n|move|p1a: Clawitzer|Water Pulse|p2a: Decidueye\n|-resisted|p2a: Decidueye\n|-damage|p2a: Decidueye|225/281\n|\n|-fieldend|move: Psychic Terrain\n|upkeep\n|turn|6\n|inactive|Time left: 300 sec this turn | 300 sec total\n|\n|t:|1783550893\n|switch|p1a: Infernape|Infernape, L82, M, tera:Dark|100/100\n|move|p2a: Decidueye|Knock Off|p1a: Infernape\n|-resisted|p1a: Infernape\n|-damage|p1a: Infernape|82/100\n|-enditem|p1a: Infernape|Choice Band|[from] move: Knock Off|[of] p2a: Decidueye\n|\n|upkeep\n|turn|7\n|inactive|Time left: 300 sec this turn | 300 sec total\n|\n|t:|1783550895\n|switch|p2a: Feraligatr|Feraligatr, L79, M|264/264\n|move|p1a: Infernape|Knock Off|p2a: Feraligatr\n|-damage|p2a: Feraligatr|156/264\n|-enditem|p2a: Feraligatr|Life Orb|[from] move: Knock Off|[of] p1a: Infernape\n|\n|upkeep\n|turn|8\n|inactive|Time left: 300 sec this turn | 300 sec total\n|\n|t:|1783550896\n|move|p1a: Infernape|Knock Off|p2a: Feraligatr\n|-damage|p2a: Feraligatr|86/264\n|move|p2a: Feraligatr|Liquidation|p1a: Infernape\n|-crit|p1a: Infernape\n|-damage|p1a: Infernape|0 fnt\n|faint|p1a: Infernape\n|\n|upkeep\n|\n|t:|1783550897\n|switch|p1a: Clawitzer|Clawitzer, L87, F|100/100\n|turn|9\n|inactive|Time left: 300 sec this turn | 300 sec total\n|\n|t:|1783550898\n|move|p2a: Feraligatr|Trailblaze|p1a: Clawitzer\n|-supereffective|p1a: Clawitzer\n|-damage|p1a: Clawitzer|69/100\n|move|p1a: Clawitzer|Dark Pulse|p2a: Feraligatr\n|-damage|p2a: Feraligatr|0 fnt\n|faint|p2a: Feraligatr\n|\n|upkeep\n|inactive|Time left: 300 sec this turn | 300 sec total | 5 sec grace\n|\n|t:|1783550899\n|switch|p2a: Decidueye|Decidueye, L88, F|225/281\n|turn|10\n|inactive|Time left: 300 sec this turn | 300 sec total\n|\n|t:|1783550900\n|move|p2a: Decidueye|Leaf Storm|p1a: Clawitzer\n|-supereffective|p1a: Clawitzer\n|-damage|p1a: Clawitzer|0 fnt\n|-unboost|p2a: Decidueye|spa|2\n|faint|p1a: Clawitzer\n|\n|upkeep\n|\n|t:|1783550901\n|switch|p1a: Persian|Persian-Alola, L86, F|100/100\n|turn|11\n|inactive|Time left: 300 sec this turn | 300 sec total\n|\n|t:|1783550903\n|move|p1a: Persian|Nasty Plot|p1a: Persian\n|-boost|p1a: Persian|spa|2\n|move|p2a: Decidueye|U-turn|p1a: Persian\n|-supereffective|p1a: Persian\n|-damage|p1a: Persian|72/100\n|inactive|Time left: 300 sec this turn | 300 sec total | 5 sec grace\n|\n|t:|1783550903\n|switch|p2a: Gholdengo|Gholdengo, L77|261/261|[from] U-turn\n|\n|upkeep\n|turn|12\n|inactive|Time left: 300 sec this turn | 300 sec total\n|\n|t:|1783550904\n|-terastallize|p2a: Gholdengo|Steel\n|move|p2a: Gholdengo|Make It Rain|p1a: Persian\n|-damage|p1a: Persian|0 fnt\n|-unboost|p2a: Gholdengo|spa|1\n|faint|p1a: Persian\n|\n|upkeep\n|\n|t:|1783550905\n|switch|p1a: Iron Crown|Iron Crown, L78|100/100\n|turn|13\n|inactive|Time left: 300 sec this turn | 300 sec total\n|\n|t:|1783550906\n|switch|p2a: Decidueye|Decidueye, L88, F|225/281\n|move|p1a: Iron Crown|Calm Mind|p1a: Iron Crown\n|-boost|p1a: Iron Crown|spa|1\n|-boost|p1a: Iron Crown|spd|1\n|\n|upkeep\n|turn|14\n|inactive|Time left: 300 sec this turn | 300 sec total\n|\n|t:|1783550907\n|move|p1a: Iron Crown|Psyshock|p2a: Decidueye\n|-damage|p2a: Decidueye|74/281\n|move|p2a: Decidueye|Knock Off|p1a: Iron Crown\n|-supereffective|p1a: Iron Crown\n|-damage|p1a: Iron Crown|36/100\n|-enditem|p1a: Iron Crown|Leftovers|[from] move: Knock Off|[of] p2a: Decidueye\n|\n|upkeep\n|turn|15\n|inactive|Time left: 300 sec this turn | 300 sec total\n|\n|t:|1783550908\n|move|p1a: Iron Crown|Tachyon Cutter|p2a: Decidueye\n|-damage|p2a: Decidueye|25/281\n|-damage|p2a: Decidueye|0 fnt\n|faint|p2a: Decidueye\n|-hitcount|p2: Decidueye|2\n|\n|upkeep\n|inactive|Time left: 300 sec this turn | 300 sec total | 5 sec grace\n|\n|t:|1783550909\n|switch|p2a: Gholdengo|Gholdengo, L77, tera:Steel|261/261\n|turn|16\n|inactive|Time left: 300 sec this turn | 300 sec total\n|\n|t:|1783550910\n|move|p2a: Gholdengo|Shadow Ball|p1a: Iron Crown\n|-supereffective|p1a: Iron Crown\n|-damage|p1a: Iron Crown|0 fnt\n|faint|p1a: Iron Crown\n|-end|p1a: Iron Crown|Quark Drive|[silent]\n|\n|upkeep\n|\n|t:|1783550911\n|switch|p1a: Iron Moth|Iron Moth, L78|100/100\n|turn|17\n|inactive|Time left: 300 sec this turn | 300 sec total\n|\n|t:|1783550911\n|move|p2a: Gholdengo|Shadow Ball|p1a: Iron Moth\n|-damage|p1a: Iron Moth|66/100\n|move|p1a: Iron Moth|Fire Blast|p2a: Gholdengo\n|-supereffective|p2a: Gholdengo\n|-damage|p2a: Gholdengo|0 fnt\n|faint|p2a: Gholdengo\n|\n|upkeep\n|inactive|Time left: 300 sec this turn | 300 sec total | 5 sec grace\n|\n|t:|1783550912\n|switch|p2a: Excadrill|Excadrill, L79, F|303/303\n|-ability|p2a: Excadrill|Mold Breaker\n|turn|18\n|inactive|Time left: 300 sec this turn | 300 sec total\n|\n|t:|1783550913\n|move|p1a: Iron Moth|Fire Blast|p2a: Excadrill\n|-supereffective|p2a: Excadrill\n|-damage|p2a: Excadrill|0 fnt\n|faint|p2a: Excadrill\n|\n|upkeep\n|inactive|Time left: 300 sec this turn | 300 sec total | 5 sec grace\n|\n|t:|1783550914\n|switch|p2a: Eelektross|Eelektross, L87, F|23/290\n|turn|19\n|inactive|Time left: 300 sec this turn | 300 sec total\n|\n|t:|1783550915\n|move|p1a: Iron Moth|Energy Ball|p2a: Eelektross\n|-damage|p2a: Eelektross|0 fnt\n|faint|p2a: Eelektross\n|\n|win|p0x10090be9", "uploadtime": 1783550915, "views": 0, "rating": 0, "private": 0, "password": null, "_winner": "p0x10090be9", "_our_name": "p0y1009fb4d"}