{"id": "battle-gen9randombattle-2599", "formatid": "gen9randombattle", "format": "[Gen 9] Random Battle", "players": ["p0x2599c9d5", "p0y2599c58d"], "log": "|init|battle\n|title|p0x2599c9d5 vs. p0y2599c58d\n|j|\u2606p0x2599c9d5\n|j|\u2606p0y2599c58d\n|t:|1783569045\n|gametype|singles\n|player|p1|p0x2599c9d5|101|\n|player|p2|p0y2599c58d|101|\n|gen|9\n|tier|[Gen 9] Random Battle\n|rule|Species Clause: Limit one of each Pok\u00e9mon\n|rule|HP Percentage Mod: HP is shown in percentages\n|rule|Sleep Clause Mod: Limit one foe put to sleep\n|rule|Illusion Level Mod: Illusion disguises the Pok\u00e9mon's true level\n|\n|t:|1783569045\n|teamsize|p1|6\n|teamsize|p2|6\n|start\n|switch|p1a: Umbreon|Umbreon, L84, M|100/100\n|switch|p2a: Hydrapple|Hydrapple, L83, F|312/312\n|turn|1\n|inactive|Battle timer is ON: inactive players will automatically lose when time's up. (requested by p0x2599c9d5)\n|inactive|Time left: 300 sec this turn | 300 sec total | 60 sec grace\n|inactive|p0y2599c58d also wants the timer to be on.\n|\n|t:|1783569047\n|move|p1a: Umbreon|Toxic|p2a: Hydrapple\n|-status|p2a: Hydrapple|tox\n|move|p2a: Hydrapple|Fickle Beam|p1a: Umbreon\n|-damage|p1a: Umbreon|64/100\n|\n|-heal|p1a: Umbreon|70/100|[from] item: Leftovers\n|-damage|p2a: Hydrapple|293/312 tox|[from] psn\n|upkeep\n|turn|2\n|inactive|Time left: 300 sec this turn | 300 sec total\n|\n|t:|1783569048\n|move|p1a: Umbreon|Wish|p1a: Umbreon\n|move|p2a: Hydrapple|Fickle Beam|p1a: Umbreon|[anim] Fickle Beam All Out\n|-activate|p2a: Hydrapple|move: Fickle Beam\n|-damage|p1a: Umbreon|3/100\n|\n|-heal|p1a: Umbreon|9/100|[from] item: Leftovers\n|-damage|p2a: Hydrapple|255/312 tox|[from] psn\n|upkeep\n|turn|3\n|inactive|Time left: 300 sec this turn | 300 sec total\n|\n|t:|1783569049\n|move|p1a: Umbreon|Protect|p1a: Umbreon\n|-singleturn|p1a: Umbreon|Protect\n|move|p2a: Hydrapple|Fickle Beam|p1a: Umbreon\n|-activate|p1a: Umbreon|move: Protect\n|\n|-heal|p1a: Umbreon|59/100|[from] move: Wish|[wisher] Umbreon\n|-heal|p1a: Umbreon|65/100|[from] item: Leftovers\n|-damage|p2a: Hydrapple|198/312 tox|[from] psn\n|upkeep\n|turn|4\n|inactive|Time left: 300 sec this turn | 300 sec total\n|\n|t:|1783569050\n|move|p1a: Umbreon|Foul Play|p2a: Hydrapple\n|-damage|p2a: Hydrapple|138/312 tox\n|move|p2a: Hydrapple|Fickle Beam|p1a: Umbreon\n|-damage|p1a: Umbreon|25/100\n|\n|-heal|p1a: Umbreon|31/100|[from] item: Leftovers\n|-damage|p2a: Hydrapple|62/312 tox|[from] psn\n|upkeep\n|turn|5\n|inactive|Time left: 300 sec this turn | 300 sec total\n|\n|t:|1783569051\n|switch|p2a: Kingdra|Kingdra, L84, M|263/263\n|move|p1a: Umbreon|Foul Play|p2a: Kingdra\n|-damage|p2a: Kingdra|173/263\n|\n|-heal|p1a: Umbreon|38/100|[from] item: Leftovers\n|upkeep\n|turn|6\n|inactive|Time left: 300 sec this turn | 300 sec total\n|\n|t:|1783569052\n|move|p2a: Kingdra|Dragon Dance|p2a: Kingdra\n|-boost|p2a: Kingdra|atk|1\n|-boost|p2a: Kingdra|spe|1\n|move|p1a: Umbreon|Foul Play|p2a: Kingdra\n|-damage|p2a: Kingdra|26/263\n|\n|-heal|p1a: Umbreon|44/100|[from] item: Leftovers\n|upkeep\n|turn|7\n|inactive|Time left: 300 sec this turn | 300 sec total\n|\n|t:|1783569053\n|move|p1a: Umbreon|Protect|p1a: Umbreon\n|-singleturn|p1a: Umbreon|Protect\n|move|p2a: Kingdra|Outrage|p1a: Umbreon\n|-activate|p1a: Umbreon|move: Protect\n|\n|-heal|p1a: Umbreon|50/100|[from] item: Leftovers\n|upkeep\n|turn|8\n|inactive|Time left: 300 sec this turn | 300 sec total\n|\n|t:|1783569054\n|switch|p1a: Glimmora|Glimmora, L75, F|100/100\n|move|p2a: Kingdra|Outrage|p1a: Glimmora\n|-damage|p1a: Glimmora|21/100\n|-activate|p1a: Glimmora|ability: Toxic Debris\n|-sidestart|p2: p0y2599c58d|move: Toxic Spikes\n|\n|upkeep\n|turn|9\n|inactive|Time left: 300 sec this turn | 300 sec total\n|\n|t:|1783569056\n|move|p2a: Kingdra|Outrage|p1a: Glimmora|[from] lockedmove\n|-damage|p1a: Glimmora|0 fnt\n|-activate|p1a: Glimmora|ability: Toxic Debris\n|-sidestart|p2: p0y2599c58d|move: Toxic Spikes\n|faint|p1a: Glimmora\n|-start|p2a: Kingdra|confusion|[fatigue]\n|-enditem|p2a: Kingdra|Lum Berry|[eat]\n|-end|p2a: Kingdra|confusion\n|\n|upkeep\n|\n|t:|1783569057\n|switch|p1a: Samurott|Samurott-Hisui, L77, F|100/100\n|turn|10\n|inactive|Time left: 300 sec this turn | 300 sec total\n|\n|t:|1783569058\n|move|p1a: Samurott|Sucker Punch|p2a: Kingdra\n|-damage|p2a: Kingdra|0 fnt\n|faint|p2a: Kingdra\n|-damage|p1a: Samurott|91/100|[from] item: Life Orb\n|\n|upkeep\n|inactive|Time left: 300 sec this turn | 300 sec total | 5 sec grace\n|\n|t:|1783569059\n|switch|p2a: Hydrapple|Hydrapple, L83, F|166/312 tox\n|turn|11\n|inactive|Time left: 300 sec this turn | 300 sec total\n|\n|t:|1783569060\n|move|p1a: Samurott|Ceaseless Edge|p2a: Hydrapple|[miss]\n|-miss|p1a: Samurott|p2a: Hydrapple\n|move|p2a: Hydrapple|Fickle Beam|p1a: Samurott\n|-damage|p1a: Samurott|16/100\n|\n|-damage|p2a: Hydrapple|147/312 tox|[from] psn\n|upkeep\n|turn|12\n|inactive|Time left: 300 sec this turn | 300 sec total\n|\n|t:|1783569061\n|move|p1a: Samurott|Ceaseless Edge|p2a: Hydrapple\n|-damage|p2a: Hydrapple|38/312 tox\n|-sidestart|p2: p0y2599c58d|Spikes\n|-damage|p1a: Samurott|6/100|[from] item: Life Orb\n|move|p2a: Hydrapple|Fickle Beam|p1a: Samurott|[anim] Fickle Beam All Out\n|-activate|p2a: Hydrapple|move: Fickle Beam\n|-damage|p1a: Samurott|0 fnt\n|faint|p1a: Samurott\n|\n|-damage|p2a: Hydrapple|0 fnt|[from] psn\n|faint|p2a: Hydrapple\n|upkeep\n|inactive|Time left: 300 sec this turn | 300 sec total | 5 sec grace\n|\n|t:|1783569062\n|switch|p1a: Manaphy|Manaphy, L78|100/100\n|switch|p2a: Lugia|Lugia, L73|275/275\n|turn|13\n|inactive|Time left: 300 sec this turn | 300 sec total\n|\n|t:|1783569063\n|move|p2a: Lugia|Calm Mind|p2a: Lugia\n|-boost|p2a: Lugia|spa|1\n|-boost|p2a: Lugia|spd|1\n|move|p1a: Manaphy|Tail Glow|p1a: Manaphy\n|-boost|p1a: Manaphy|spa|3\n|\n|upkeep\n|turn|14\n|inactive|Time left: 300 sec this turn | 300 sec total\n|\n|t:|1783569064\n|move|p2a: Lugia|Calm Mind|p2a: Lugia\n|-boost|p2a: Lugia|spa|1\n|-boost|p2a: Lugia|spd|1\n|move|p1a: Manaphy|Ice Beam|p2a: Lugia\n|-supereffective|p2a: Lugia\n|-damage|p2a: Lugia|221/275\n|\n|upkeep\n|turn|15\n|inactive|Time left: 300 sec this turn | 300 sec total\n|\n|t:|1783569065\n|move|p2a: Lugia|Aeroblast|p1a: Manaphy\n|-damage|p1a: Manaphy|43/100\n|move|p1a: Manaphy|Ice Beam|p2a: Lugia\n|-supereffective|p2a: Lugia\n|-damage|p2a: Lugia|115/275\n|\n|-heal|p1a: Manaphy|49/100|[from] item: Leftovers\n|upkeep\n|turn|16\n|inactive|Time left: 300 sec this turn | 300 sec total\n|\n|t:|1783569066\n|move|p2a: Lugia|Aeroblast|p1a: Manaphy\n|-damage|p1a: Manaphy|0 fnt\n|faint|p1a: Manaphy\n|\n|upkeep\n|\n|t:|1783569067\n|switch|p1a: Klawf|Klawf, L90, F|100/100\n|turn|17\n|inactive|Time left: 300 sec this turn | 300 sec total\n|\n|t:|1783569068\n|move|p2a: Lugia|Psychic Noise|p1a: Klawf\n|-damage|p1a: Klawf|44/100\n|-start|p1a: Klawf|move: Heal Block\n|move|p1a: Klawf|Stone Edge|p2a: Lugia|[miss]\n|-miss|p1a: Klawf|p2a: Lugia\n|\n|upkeep\n|turn|18\n|inactive|Time left: 300 sec this turn | 300 sec total\n|\n|t:|1783569069\n|switch|p1a: Umbreon|Umbreon, L84, M|50/100\n|move|p2a: Lugia|Psychic Noise|p1a: Umbreon\n|-immune|p1a: Umbreon\n|\n|-heal|p1a: Umbreon|56/100|[from] item: Leftovers\n|upkeep\n|turn|19\n|inactive|Time left: 300 sec this turn | 300 sec total\n|\n|t:|1783569070\n|move|p2a: Lugia|Recover|p2a: Lugia\n|-heal|p2a: Lugia|253/275\n|move|p1a: Umbreon|Foul Play|p2a: Lugia\n|-supereffective|p2a: Lugia\n|-damage|p2a: Lugia|151/275\n|\n|-heal|p1a: Umbreon|62/100|[from] item: Leftovers\n|upkeep\n|turn|20\n|inactive|Time left: 300 sec this turn | 300 sec total\n|\n|t:|1783569070\n|move|p2a: Lugia|Aeroblast|p1a: Umbreon\n|-damage|p1a: Umbreon|21/100\n|move|p1a: Umbreon|Foul Play|p2a: Lugia\n|-supereffective|p2a: Lugia\n|-damage|p2a: Lugia|37/275\n|\n|-heal|p1a: Umbreon|27/100|[from] item: Leftovers\n|upkeep\n|turn|21\n|inactive|Time left: 300 sec this turn | 300 sec total\n|\n|t:|1783569071\n|move|p2a: Lugia|Recover|p2a: Lugia\n|-heal|p2a: Lugia|175/275\n|move|p1a: Umbreon|Foul Play|p2a: Lugia\n|-supereffective|p2a: Lugia\n|-damage|p2a: Lugia|55/275\n|\n|-heal|p1a: Umbreon|33/100|[from] item: Leftovers\n|upkeep\n|turn|22\n|inactive|Time left: 300 sec this turn | 300 sec total\n|\n|t:|1783569072\n|move|p2a: Lugia|Aeroblast|p1a: Umbreon\n|-damage|p1a: Umbreon|0 fnt\n|faint|p1a: Umbreon\n|\n|upkeep\n|\n|t:|1783569073\n|switch|p1a: Haxorus|Haxorus, L77, M|100/100\n|-ability|p1a: Haxorus|Mold Breaker\n|turn|23\n|inactive|Time left: 300 sec this turn | 300 sec total\n|\n|t:|1783569073\n|move|p2a: Lugia|Recover|p2a: Lugia\n|-heal|p2a: Lugia|193/275\n|move|p1a: Haxorus|Scale Shot|p2a: Lugia\n|-damage|p2a: Lugia|166/275\n|-damage|p2a: Lugia|139/275\n|-damage|p2a: Lugia|114/275\n|-damage|p2a: Lugia|84/275\n|-damage|p2a: Lugia|59/275\n|-hitcount|p2a: Lugia|5\n|-unboost|p1a: Haxorus|def|1\n|-boost|p1a: Haxorus|spe|1\n|\n|upkeep\n|turn|24\n|inactive|Time left: 300 sec this turn | 300 sec total\n|\n|t:|1783569074\n|-terastallize|p1a: Haxorus|Steel\n|move|p1a: Haxorus|Swords Dance|p1a: Haxorus\n|-boost|p1a: Haxorus|atk|2\n|move|p2a: Lugia|Recover|p2a: Lugia\n|-heal|p2a: Lugia|197/275\n|\n|upkeep\n|turn|25\n|inactive|Time left: 300 sec this turn | 300 sec total\n|\n|t:|1783569075\n|move|p1a: Haxorus|Iron Head|p2a: Lugia\n|-damage|p2a: Lugia|31/275\n|move|p2a: Lugia|Aeroblast|p1a: Haxorus\n|-resisted|p1a: Haxorus\n|-damage|p1a: Haxorus|57/100\n|\n|upkeep\n|turn|26\n|inactive|Time left: 300 sec this turn | 300 sec total\n|\n|t:|1783569075\n|move|p1a: Haxorus|Iron Head|p2a: Lugia\n|-damage|p2a: Lugia|0 fnt\n|faint|p2a: Lugia\n|\n|upkeep\n|inactive|Time left: 300 sec this turn | 300 sec total | 5 sec grace\n|\n|t:|1783569076\n|switch|p2a: Camerupt|Camerupt, L91, M|275/275\n|-status|p2a: Camerupt|tox\n|-damage|p2a: Camerupt|241/275 tox|[from] Spikes\n|turn|27\n|inactive|Time left: 300 sec this turn | 300 sec total\n|\n|t:|1783569077\n|-terastallize|p2a: Camerupt|Grass\n|move|p1a: Haxorus|Scale Shot|p2a: Camerupt\n|-damage|p2a: Camerupt|177/275 tox\n|-damage|p2a: Camerupt|110/275 tox\n|-damage|p2a: Camerupt|35/275 tox\n|-damage|p2a: Camerupt|0 fnt\n|faint|p2a: Camerupt\n|-hitcount|p2: Camerupt|4\n|-unboost|p1a: Haxorus|def|1\n|-boost|p1a: Haxorus|spe|1\n|\n|upkeep\n|inactive|Time left: 300 sec this turn | 300 sec total | 5 sec grace\n|\n|t:|1783569077\n|switch|p2a: Gumshoos|Gumshoos, L95, M|321/321\n|-status|p2a: Gumshoos|tox\n|-damage|p2a: Gumshoos|281/321 tox|[from] Spikes\n|turn|28\n|inactive|Time left: 300 sec this turn | 300 sec total\n|\n|t:|1783569078\n|move|p1a: Haxorus|Close Combat|p2a: Gumshoos\n|-supereffective|p2a: Gumshoos\n|-damage|p2a: Gumshoos|0 fnt\n|-unboost|p1a: Haxorus|def|1\n|-unboost|p1a: Haxorus|spd|1\n|faint|p2a: Gumshoos\n|\n|upkeep\n|inactive|Time left: 300 sec this turn | 300 sec total | 5 sec grace\n|\n|t:|1783569079\n|switch|p2a: Ribombee|Ribombee, L83, M|235/235\n|turn|29\n|inactive|Time left: 300 sec this turn | 300 sec total\n|\n|t:|1783569080\n|move|p1a: Haxorus|Iron Head|p2a: Ribombee\n|-supereffective|p2a: Ribombee\n|-damage|p2a: Ribombee|0 fnt\n|faint|p2a: Ribombee\n|\n|win|p0x2599c9d5", "uploadtime": 1783569080, "views": 0, "rating": 0, "private": 0, "password": null, "_winner": "p0x2599c9d5", "_our_name": "p0y2599c58d"}