{"id": "battle-gen9randombattle-885", "formatid": "gen9randombattle", "format": "[Gen 9] Random Battle", "players": ["p0x8850906", "p0y88527de"], "log": "|init|battle\n|title|p0x8850906 vs. p0y88527de\n|j|\u2606p0x8850906\n|j|\u2606p0y88527de\n|t:|1783550166\n|gametype|singles\n|player|p1|p0x8850906|102|\n|player|p2|p0y88527de|266|\n|gen|9\n|tier|[Gen 9] Random Battle\n|rule|Species Clause: Limit one of each Pok\u00e9mon\n|rule|HP Percentage Mod: HP is shown in percentages\n|rule|Sleep Clause Mod: Limit one foe put to sleep\n|rule|Illusion Level Mod: Illusion disguises the Pok\u00e9mon's true level\n|\n|t:|1783550166\n|teamsize|p1|6\n|teamsize|p2|6\n|start\n|switch|p1a: Tornadus|Tornadus, L82, M|263/263\n|switch|p2a: Mandibuzz|Mandibuzz, L85, F|100/100\n|turn|1\n|inactive|Battle timer is ON: inactive players will automatically lose when time's up. (requested by p0x8850906)\n|inactive|p0y88527de also wants the timer to be on.\n|\n|t:|1783550168\n|move|p1a: Tornadus|Bleakwind Storm|p2a: Mandibuzz\n|-damage|p2a: Mandibuzz|51/100\n|-unboost|p2a: Mandibuzz|spe|1\n|move|p2a: Mandibuzz|Knock Off|p1a: Tornadus\n|-damage|p1a: Tornadus|170/263\n|-enditem|p1a: Tornadus|Choice Specs|[from] move: Knock Off|[of] p2a: Mandibuzz\n|\n|upkeep\n|turn|2\n|inactive|Time left: 300 sec this turn | 300 sec total\n|\n|t:|1783550169\n|move|p1a: Tornadus|Bleakwind Storm|p2a: Mandibuzz\n|-damage|p2a: Mandibuzz|14/100\n|-unboost|p2a: Mandibuzz|spe|1\n|move|p2a: Mandibuzz|Roost|p2a: Mandibuzz\n|-heal|p2a: Mandibuzz|64/100\n|-singleturn|p2a: Mandibuzz|move: Roost\n|\n|upkeep\n|turn|3\n|inactive|Time left: 300 sec this turn | 300 sec total\n|\n|t:|1783550170\n|move|p1a: Tornadus|Bleakwind Storm|p2a: Mandibuzz\n|-damage|p2a: Mandibuzz|27/100\n|move|p2a: Mandibuzz|Roost|p2a: Mandibuzz\n|-heal|p2a: Mandibuzz|77/100\n|-singleturn|p2a: Mandibuzz|move: Roost\n|\n|upkeep\n|turn|4\n|inactive|Time left: 300 sec this turn | 300 sec total\n|\n|t:|1783550171\n|switch|p2a: Chansey|Chansey, L85, F|100/100\n|move|p1a: Tornadus|Bleakwind Storm|p2a: Chansey\n|-damage|p2a: Chansey|89/100\n|\n|upkeep\n|turn|5\n|inactive|Time left: 300 sec this turn | 300 sec total\n|\n|t:|1783550172\n|switch|p1a: Whiscash|Whiscash, L88, F|337/337\n|move|p2a: Chansey|Seismic Toss|p1a: Whiscash\n|-damage|p1a: Whiscash|252/337\n|\n|-heal|p1a: Whiscash|273/337|[from] item: Leftovers\n|upkeep\n|turn|6\n|inactive|Time left: 300 sec this turn | 300 sec total\n|\n|t:|1783550173\n|move|p1a: Whiscash|Stealth Rock|p2a: Chansey\n|-sidestart|p2: p0y88527de|move: Stealth Rock\n|move|p2a: Chansey|Seismic Toss|p1a: Whiscash\n|-damage|p1a: Whiscash|188/337\n|\n|-heal|p1a: Whiscash|209/337|[from] item: Leftovers\n|upkeep\n|turn|7\n|inactive|Time left: 300 sec this turn | 300 sec total\n|\n|t:|1783550174\n|move|p1a: Whiscash|Spikes|p2a: Chansey\n|-sidestart|p2: p0y88527de|Spikes\n|move|p2a: Chansey|Seismic Toss|p1a: Whiscash\n|-damage|p1a: Whiscash|124/337\n|\n|-heal|p1a: Whiscash|145/337|[from] item: Leftovers\n|upkeep\n|turn|8\n|inactive|Time left: 300 sec this turn | 300 sec total\n|\n|t:|1783550175\n|move|p1a: Whiscash|Spikes|p2a: Chansey\n|-sidestart|p2: p0y88527de|Spikes\n|move|p2a: Chansey|Seismic Toss|p1a: Whiscash\n|-damage|p1a: Whiscash|60/337\n|\n|-heal|p1a: Whiscash|81/337|[from] item: Leftovers\n|upkeep\n|turn|9\n|inactive|Time left: 300 sec this turn | 300 sec total\n|\n|t:|1783550176\n|move|p1a: Whiscash|Earthquake|p2a: Chansey\n|-crit|p2a: Chansey\n|-damage|p2a: Chansey|27/100\n|move|p2a: Chansey|Seismic Toss|p1a: Whiscash\n|-damage|p1a: Whiscash|0 fnt\n|faint|p1a: Whiscash\n|\n|upkeep\n|inactive|Time left: 300 sec this turn | 300 sec total | 5 sec grace\n|\n|t:|1783550177\n|switch|p1a: Cacturne|Cacturne, L92, F|278/278\n|turn|10\n|inactive|Time left: 300 sec this turn | 300 sec total\n|\n|t:|1783550178\n|switch|p2a: Mandibuzz|Mandibuzz, L85, F|77/100\n|move|p1a: Cacturne|Knock Off|p2a: Mandibuzz\n|-resisted|p2a: Mandibuzz\n|-damage|p2a: Mandibuzz|53/100\n|-enditem|p2a: Mandibuzz|Heavy-Duty Boots|[from] move: Knock Off|[of] p1a: Cacturne\n|-damage|p1a: Cacturne|251/278|[from] item: Life Orb\n|\n|upkeep\n|turn|11\n|inactive|Time left: 300 sec this turn | 300 sec total\n|\n|t:|1783550179\n|switch|p1a: Kyogre|Kyogre, L71|259/259\n|-weather|RainDance|[from] ability: Drizzle|[of] p1a: Kyogre\n|move|p2a: Mandibuzz|Defog|p1a: Kyogre\n|-unboost|p1a: Kyogre|evasion|1\n|-sideend|p2: p0y88527de|Spikes|[from] move: Defog|[of] p2a: Mandibuzz\n|-sideend|p2: p0y88527de|Stealth Rock|[from] move: Defog|[of] p2a: Mandibuzz\n|\n|-weather|RainDance|[upkeep]\n|upkeep\n|turn|12\n|inactive|Time left: 300 sec this turn | 300 sec total\n|\n|t:|1783550179\n|move|p1a: Kyogre|Water Spout|p2a: Mandibuzz\n|-damage|p2a: Mandibuzz|0 fnt\n|faint|p2a: Mandibuzz\n|\n|-weather|RainDance|[upkeep]\n|upkeep\n|\n|t:|1783550180\n|switch|p2a: Tsareena|Tsareena, L87, F|100/100\n|turn|13\n|inactive|Time left: 300 sec this turn | 300 sec total\n|\n|t:|1783550181\n|move|p1a: Kyogre|Water Spout|p2a: Tsareena\n|-resisted|p2a: Tsareena\n|-damage|p2a: Tsareena|58/100\n|move|p2a: Tsareena|Power Whip|p1a: Kyogre\n|-supereffective|p1a: Kyogre\n|-damage|p1a: Kyogre|0 fnt\n|faint|p1a: Kyogre\n|\n|-weather|RainDance|[upkeep]\n|upkeep\n|inactive|Time left: 300 sec this turn | 300 sec total | 5 sec grace\n|\n|t:|1783550182\n|switch|p1a: Tornadus|Tornadus, L82, M|170/263\n|turn|14\n|inactive|Time left: 300 sec this turn | 300 sec total\n|\n|t:|1783550183\n|switch|p2a: Chansey|Chansey, L85, F|27/100\n|move|p1a: Tornadus|Bleakwind Storm|p2a: Chansey\n|-damage|p2a: Chansey|14/100\n|\n|-weather|RainDance|[upkeep]\n|upkeep\n|turn|15\n|inactive|Time left: 300 sec this turn | 300 sec total\n|\n|t:|1783550184\n|move|p1a: Tornadus|U-turn|p2a: Chansey\n|-damage|p2a: Chansey|0 fnt\n|faint|p2a: Chansey\n|inactive|Time left: 300 sec this turn | 300 sec total | 5 sec grace\n|\n|t:|1783550184\n|switch|p1a: Heatran|Heatran, L79, F|273/273|[from] U-turn\n|\n|-weather|none\n|upkeep\n|\n|t:|1783550185\n|switch|p2a: Vivillon|Vivillon-Tundra, L83, M|100/100\n|turn|16\n|inactive|Time left: 300 sec this turn | 300 sec total\n|\n|t:|1783550186\n|move|p2a: Vivillon|Sleep Powder|p1a: Heatran\n|-status|p1a: Heatran|slp|[from] move: Sleep Powder\n|cant|p1a: Heatran|slp\n|\n|upkeep\n|turn|17\n|inactive|Time left: 300 sec this turn | 300 sec total\n|\n|t:|1783550187\n|move|p2a: Vivillon|Quiver Dance|p2a: Vivillon\n|-boost|p2a: Vivillon|spa|1\n|-boost|p2a: Vivillon|spd|1\n|-boost|p2a: Vivillon|spe|1\n|cant|p1a: Heatran|slp\n|\n|upkeep\n|turn|18\n|inactive|Time left: 300 sec this turn | 300 sec total\n|\n|t:|1783550188\n|move|p2a: Vivillon|Quiver Dance|p2a: Vivillon\n|-boost|p2a: Vivillon|spa|1\n|-boost|p2a: Vivillon|spd|1\n|-boost|p2a: Vivillon|spe|1\n|cant|p1a: Heatran|slp\n|\n|upkeep\n|turn|19\n|inactive|Time left: 300 sec this turn | 300 sec total\n|\n|t:|1783550189\n|-terastallize|p2a: Vivillon|Ground\n|move|p2a: Vivillon|Tera Blast|p1a: Heatran|[anim] Tera Blast Ground\n|-supereffective|p1a: Heatran\n|-damage|p1a: Heatran|0 fnt\n|faint|p1a: Heatran\n|\n|upkeep\n|inactive|Time left: 300 sec this turn | 300 sec total | 5 sec grace\n|\n|t:|1783550190\n|switch|p1a: Cacturne|Cacturne, L92, F|251/278\n|turn|20\n|inactive|Time left: 300 sec this turn | 300 sec total\n|\n|t:|1783550191\n|move|p1a: Cacturne|Sucker Punch|p2a: Vivillon\n|-damage|p2a: Vivillon|28/100\n|-damage|p1a: Cacturne|224/278|[from] item: Life Orb\n|move|p2a: Vivillon|Hurricane|p1a: Cacturne\n|-supereffective|p1a: Cacturne\n|-damage|p1a: Cacturne|0 fnt\n|faint|p1a: Cacturne\n|\n|upkeep\n|inactive|Time left: 300 sec this turn | 300 sec total | 5 sec grace\n|\n|t:|1783550192\n|switch|p1a: Jirachi|Jirachi, L80|291/291\n|turn|21\n|inactive|Time left: 300 sec this turn | 300 sec total\n|\n|t:|1783550194\n|move|p2a: Vivillon|Sleep Powder|p1a: Jirachi\n|-status|p1a: Jirachi|slp|[from] move: Sleep Powder\n|cant|p1a: Jirachi|slp\n|\n|upkeep\n|turn|22\n|inactive|Time left: 300 sec this turn | 300 sec total\n|\n|t:|1783550195\n|move|p2a: Vivillon|Hurricane|p1a: Jirachi\n|-resisted|p1a: Jirachi\n|-damage|p1a: Jirachi|217/291 slp\n|-start|p1a: Jirachi|confusion\n|-curestatus|p1a: Jirachi|slp|[msg]\n|-activate|p1a: Jirachi|confusion\n|move|p1a: Jirachi|Body Slam|p2a: Vivillon\n|-damage|p2a: Vivillon|0 fnt\n|faint|p2a: Vivillon\n|\n|upkeep\n|\n|t:|1783550196\n|switch|p2a: Iron Crown|Iron Crown, L78|100/100\n|turn|23\n|inactive|Time left: 300 sec this turn | 300 sec total\n|\n|t:|1783550197\n|-end|p1a: Jirachi|confusion\n|move|p1a: Jirachi|Body Slam|p2a: Iron Crown\n|-resisted|p2a: Iron Crown\n|-damage|p2a: Iron Crown|89/100\n|move|p2a: Iron Crown|Tachyon Cutter|p1a: Jirachi\n|-resisted|p1a: Jirachi\n|-damage|p1a: Jirachi|193/291\n|-resisted|p1a: Jirachi\n|-damage|p1a: Jirachi|167/291\n|-hitcount|p1a: Jirachi|2\n|\n|upkeep\n|turn|24\n|inactive|Time left: 300 sec this turn | 300 sec total\n|\n|t:|1783550198\n|move|p1a: Jirachi|Drain Punch|p2a: Iron Crown\n|-damage|p2a: Iron Crown|71/100\n|-heal|p1a: Jirachi|191/291|[from] drain|[of] p2a: Iron Crown\n|move|p2a: Iron Crown|Tachyon Cutter|p1a: Jirachi\n|-resisted|p1a: Jirachi\n|-damage|p1a: Jirachi|164/291\n|-resisted|p1a: Jirachi\n|-damage|p1a: Jirachi|135/291\n|-hitcount|p1a: Jirachi|2\n|\n|upkeep\n|turn|25\n|inactive|Time left: 300 sec this turn | 300 sec total\n|\n|t:|1783550199\n|move|p1a: Jirachi|Body Slam|p2a: Iron Crown\n|-resisted|p2a: Iron Crown\n|-damage|p2a: Iron Crown|61/100\n|-status|p2a: Iron Crown|par\n|move|p2a: Iron Crown|Tachyon Cutter|p1a: Jirachi\n|-resisted|p1a: Jirachi\n|-damage|p1a: Jirachi|109/291\n|-resisted|p1a: Jirachi\n|-damage|p1a: Jirachi|81/291\n|-hitcount|p1a: Jirachi|2\n|\n|upkeep\n|turn|26\n|inactive|Time left: 300 sec this turn | 300 sec total\n|\n|t:|1783550200\n|move|p1a: Jirachi|Drain Punch|p2a: Iron Crown\n|-crit|p2a: Iron Crown\n|-damage|p2a: Iron Crown|33/100 par\n|-heal|p1a: Jirachi|119/291|[from] drain|[of] p2a: Iron Crown\n|move|p2a: Iron Crown|Tachyon Cutter|p1a: Jirachi\n|-resisted|p1a: Jirachi\n|-damage|p1a: Jirachi|93/291\n|-resisted|p1a: Jirachi\n|-damage|p1a: Jirachi|69/291\n|-hitcount|p1a: Jirachi|2\n|\n|upkeep\n|turn|27\n|inactive|Time left: 300 sec this turn | 300 sec total\n|\n|t:|1783550202\n|move|p1a: Jirachi|Drain Punch|p2a: Iron Crown\n|-damage|p2a: Iron Crown|14/100 par\n|-heal|p1a: Jirachi|95/291|[from] drain|[of] p2a: Iron Crown\n|move|p2a: Iron Crown|Tachyon Cutter|p1a: Jirachi\n|-resisted|p1a: Jirachi\n|-damage|p1a: Jirachi|70/291\n|-resisted|p1a: Jirachi\n|-damage|p1a: Jirachi|41/291\n|-hitcount|p1a: Jirachi|2\n|\n|upkeep\n|turn|28\n|inactive|Time left: 300 sec this turn | 300 sec total\n|\n|t:|1783550203\n|-end|p2a: Iron Crown|Quark Drive|[silent]\n|switch|p2a: Alomomola|Alomomola, L87, M|100/100\n|move|p1a: Jirachi|Drain Punch|p2a: Alomomola\n|-damage|p2a: Alomomola|88/100\n|-heal|p1a: Jirachi|67/291|[from] drain|[of] p2a: Alomomola\n|\n|-heal|p2a: Alomomola|94/100|[from] item: Leftovers\n|upkeep\n|turn|29\n|inactive|Time left: 300 sec this turn | 300 sec total\n|\n|t:|1783550204\n|move|p1a: Jirachi|Iron Head|p2a: Alomomola\n|-resisted|p2a: Alomomola\n|-damage|p2a: Alomomola|85/100\n|move|p2a: Alomomola|Scald|p1a: Jirachi\n|-damage|p1a: Jirachi|37/291\n|\n|-heal|p2a: Alomomola|91/100|[from] item: Leftovers\n|upkeep\n|turn|30\n|inactive|Time left: 300 sec this turn | 300 sec total\n|\n|t:|1783550205\n|move|p1a: Jirachi|Drain Punch|p2a: Alomomola\n|-damage|p2a: Alomomola|79/100\n|-heal|p1a: Jirachi|63/291|[from] drain|[of] p2a: Alomomola\n|move|p2a: Alomomola|Wish|p2a: Alomomola\n|\n|-heal|p2a: Alomomola|85/100|[from] item: Leftovers\n|upkeep\n|turn|31\n|inactive|Time left: 300 sec this turn | 300 sec total\n|\n|t:|1783550206\n|move|p1a: Jirachi|Iron Head|p2a: Alomomola\n|-resisted|p2a: Alomomola\n|-damage|p2a: Alomomola|75/100\n|move|p2a: Alomomola|Flip Turn|p1a: Jirachi\n|-damage|p1a: Jirachi|11/291\n|\n|t:|1783550207\n|switch|p2a: Iron Crown|Iron Crown, L78|14/100 par|[from] Flip Turn\n|\n|-heal|p2a: Iron Crown|94/100 par|[from] move: Wish|[wisher] Alomomola\n|upkeep\n|turn|32\n|inactive|Time left: 300 sec this turn | 300 sec total\n|\n|t:|1783550208\n|move|p1a: Jirachi|Iron Head|p2a: Iron Crown\n|-resisted|p2a: Iron Crown\n|-damage|p2a: Iron Crown|80/100 par\n|cant|p2a: Iron Crown|flinch\n|\n|upkeep\n|turn|33\n|inactive|Time left: 300 sec this turn | 300 sec total\n|\n|t:|1783550210\n|move|p1a: Jirachi|U-turn|p2a: Iron Crown\n|-damage|p2a: Iron Crown|62/100 par\n|inactive|Time left: 300 sec this turn | 300 sec total | 5 sec grace\n|\n|t:|1783550211\n|switch|p1a: Tornadus|Tornadus, L82, M|170/263|[from] U-turn\n|move|p2a: Iron Crown|Tachyon Cutter|p1a: Tornadus\n|-damage|p1a: Tornadus|85/263\n|-damage|p1a: Tornadus|0 fnt\n|faint|p1a: Tornadus\n|-hitcount|p1: Tornadus|2\n|\n|upkeep\n|inactive|Time left: 300 sec this turn | 300 sec total | 10 sec grace\n|\n|t:|1783550211\n|switch|p1a: Jirachi|Jirachi, L80|11/291\n|turn|34\n|inactive|Time left: 300 sec this turn | 300 sec total\n|\n|t:|1783550212\n|move|p1a: Jirachi|Iron Head|p2a: Iron Crown\n|-resisted|p2a: Iron Crown\n|-damage|p2a: Iron Crown|48/100 par\n|move|p2a: Iron Crown|Tachyon Cutter|p1a: Jirachi\n|-resisted|p1a: Jirachi\n|-damage|p1a: Jirachi|0 fnt\n|faint|p1a: Jirachi\n|-hitcount|p1: Jirachi|1\n|\n|win|p0y88527de", "uploadtime": 1783550212, "views": 0, "rating": 0, "private": 0, "password": null, "_winner": "p0y88527de", "_our_name": "p0x8850906"}