{"id": "battle-gen9randombattle-254", "formatid": "gen9randombattle", "format": "[Gen 9] Random Battle", "players": ["p0x254bbde", "p0y254e9ff"], "log": "|init|battle\n|title|p0x254bbde vs. p0y254e9ff\n|j|\u2606p0x254bbde\n|j|\u2606p0y254e9ff\n|t:|1783536216\n|gametype|singles\n|player|p1|p0x254bbde|102|\n|player|p2|p0y254e9ff|102|\n|gen|9\n|tier|[Gen 9] Random Battle\n|rule|Species Clause: Limit one of each Pok\u00e9mon\n|rule|HP Percentage Mod: HP is shown in percentages\n|rule|Sleep Clause Mod: Limit one foe put to sleep\n|rule|Illusion Level Mod: Illusion disguises the Pok\u00e9mon's true level\n|\n|t:|1783536216\n|teamsize|p1|6\n|teamsize|p2|6\n|start\n|switch|p1a: Golurk|Golurk, L87|297/297\n|switch|p2a: Dipplin|Dipplin, L88, F|100/100\n|turn|1\n|inactive|Battle timer is ON: inactive players will automatically lose when time's up. (requested by p0x254bbde)\n|\n|t:|1783536218\n|move|p1a: Golurk|Stealth Rock|p2a: Dipplin\n|-sidestart|p2: p0y254e9ff|move: Stealth Rock\n|move|p2a: Dipplin|Giga Drain|p1a: Golurk\n|-supereffective|p1a: Golurk\n|-damage|p1a: Golurk|103/297\n|\n|upkeep\n|turn|2\n|inactive|Time left: 300 sec this turn | 300 sec total\n|inactive|p0y254e9ff also wants the timer to be on.\n|\n|t:|1783536219\n|switch|p1a: Magnezone|Magnezone, L85|258/258\n|move|p2a: Dipplin|Dragon Pulse|p1a: Magnezone\n|-resisted|p1a: Magnezone\n|-damage|p1a: Magnezone|225/258\n|\n|upkeep\n|turn|3\n|inactive|Time left: 300 sec this turn | 300 sec total\n|\n|t:|1783536220\n|move|p1a: Magnezone|Flash Cannon|p2a: Dipplin\n|-damage|p2a: Dipplin|72/100\n|move|p2a: Dipplin|Giga Drain|p1a: Magnezone\n|-resisted|p1a: Magnezone\n|-damage|p1a: Magnezone|195/258\n|-heal|p2a: Dipplin|77/100|[from] drain|[of] p1a: Magnezone\n|\n|upkeep\n|turn|4\n|inactive|Time left: 300 sec this turn | 300 sec total\n|\n|t:|1783536221\n|move|p1a: Magnezone|Flash Cannon|p2a: Dipplin\n|-damage|p2a: Dipplin|51/100\n|-unboost|p2a: Dipplin|spd|1\n|move|p2a: Dipplin|Recover|p2a: Dipplin\n|-heal|p2a: Dipplin|100/100\n|\n|upkeep\n|turn|5\n|inactive|Time left: 300 sec this turn | 300 sec total\n|\n|t:|1783536222\n|move|p1a: Magnezone|Flash Cannon|p2a: Dipplin\n|-damage|p2a: Dipplin|59/100\n|move|p2a: Dipplin|Giga Drain|p1a: Magnezone\n|-resisted|p1a: Magnezone\n|-damage|p1a: Magnezone|169/258\n|-heal|p2a: Dipplin|64/100|[from] drain|[of] p1a: Magnezone\n|\n|upkeep\n|turn|6\n|inactive|Time left: 300 sec this turn | 300 sec total\n|\n|t:|1783536224\n|move|p1a: Magnezone|Flash Cannon|p2a: Dipplin\n|-damage|p2a: Dipplin|27/100\n|move|p2a: Dipplin|Recover|p2a: Dipplin\n|-heal|p2a: Dipplin|77/100\n|\n|upkeep\n|turn|7\n|inactive|Time left: 300 sec this turn | 300 sec total\n|\n|t:|1783536225\n|move|p1a: Magnezone|Flash Cannon|p2a: Dipplin\n|-damage|p2a: Dipplin|35/100\n|move|p2a: Dipplin|Recover|p2a: Dipplin\n|-heal|p2a: Dipplin|85/100\n|\n|upkeep\n|turn|8\n|inactive|Time left: 300 sec this turn | 300 sec total\n|\n|t:|1783536226\n|move|p1a: Magnezone|Flash Cannon|p2a: Dipplin\n|-damage|p2a: Dipplin|45/100\n|move|p2a: Dipplin|Giga Drain|p1a: Magnezone\n|-resisted|p1a: Magnezone\n|-damage|p1a: Magnezone|142/258\n|-heal|p2a: Dipplin|50/100|[from] drain|[of] p1a: Magnezone\n|\n|upkeep\n|turn|9\n|inactive|Time left: 300 sec this turn | 300 sec total\n|\n|t:|1783536227\n|move|p1a: Magnezone|Flash Cannon|p2a: Dipplin\n|-damage|p2a: Dipplin|10/100\n|move|p2a: Dipplin|Recover|p2a: Dipplin\n|-heal|p2a: Dipplin|60/100\n|\n|upkeep\n|turn|10\n|inactive|Time left: 300 sec this turn | 300 sec total\n|\n|t:|1783536228\n|move|p1a: Magnezone|Flash Cannon|p2a: Dipplin\n|-damage|p2a: Dipplin|23/100\n|move|p2a: Dipplin|Recover|p2a: Dipplin\n|-heal|p2a: Dipplin|73/100\n|\n|upkeep\n|turn|11\n|inactive|Time left: 300 sec this turn | 300 sec total\n|\n|t:|1783536229\n|move|p1a: Magnezone|Flash Cannon|p2a: Dipplin\n|-damage|p2a: Dipplin|34/100\n|move|p2a: Dipplin|Giga Drain|p1a: Magnezone\n|-resisted|p1a: Magnezone\n|-damage|p1a: Magnezone|115/258\n|-heal|p2a: Dipplin|39/100|[from] drain|[of] p1a: Magnezone\n|\n|upkeep\n|turn|12\n|inactive|Time left: 300 sec this turn | 300 sec total\n|\n|t:|1783536231\n|switch|p2a: Copperajah|Copperajah, L86, F|100/100\n|-damage|p2a: Copperajah|94/100|[from] Stealth Rock\n|move|p1a: Magnezone|Flash Cannon|p2a: Copperajah\n|-resisted|p2a: Copperajah\n|-damage|p2a: Copperajah|71/100\n|\n|upkeep\n|turn|13\n|inactive|Time left: 300 sec this turn | 300 sec total\n|\n|t:|1783536232\n|move|p1a: Magnezone|Thunderbolt|p2a: Copperajah\n|-damage|p2a: Copperajah|29/100\n|move|p2a: Copperajah|Heat Crash|p1a: Magnezone\n|-supereffective|p1a: Magnezone\n|-damage|p1a: Magnezone|0 fnt\n|faint|p1a: Magnezone\n|\n|upkeep\n|inactive|Time left: 300 sec this turn | 300 sec total | 5 sec grace\n|\n|t:|1783536233\n|switch|p1a: Golurk|Golurk, L87|103/297\n|turn|14\n|inactive|Time left: 300 sec this turn | 300 sec total\n|\n|t:|1783536234\n|move|p1a: Golurk|Poltergeist|p2a: Copperajah\n|-activate|p2a: Copperajah|move: Poltergeist|Choice Band\n|-damage|p2a: Copperajah|0 fnt\n|faint|p2a: Copperajah\n|-damage|p1a: Golurk|74/297|[from] item: Life Orb\n|\n|upkeep\n|\n|t:|1783536235\n|switch|p2a: Wugtrio|Wugtrio, L91, M|100/100\n|-damage|p2a: Wugtrio|88/100|[from] Stealth Rock\n|turn|15\n|inactive|Time left: 300 sec this turn | 300 sec total\n|\n|t:|1783536236\n|switch|p1a: Bellibolt|Bellibolt, L84, M|320/320\n|move|p2a: Wugtrio|Liquidation|p1a: Bellibolt\n|-damage|p1a: Bellibolt|172/320\n|-unboost|p1a: Bellibolt|def|1\n|-start|p1a: Bellibolt|Charge|Liquidation|[from] ability: Electromorphosis\n|\n|-heal|p1a: Bellibolt|192/320|[from] item: Leftovers\n|upkeep\n|turn|16\n|inactive|Time left: 300 sec this turn | 300 sec total\n|\n|t:|1783536237\n|-terastallize|p1a: Bellibolt|Water\n|move|p2a: Wugtrio|Liquidation|p1a: Bellibolt\n|-resisted|p1a: Bellibolt\n|-damage|p1a: Bellibolt|67/320\n|-start|p1a: Bellibolt|Charge|Liquidation|[from] ability: Electromorphosis\n|move|p1a: Bellibolt|Thunderbolt|p2a: Wugtrio\n|-supereffective|p2a: Wugtrio\n|-damage|p2a: Wugtrio|0 fnt\n|faint|p2a: Wugtrio\n|-end|p1a: Bellibolt|Charge|[silent]\n|\n|-heal|p1a: Bellibolt|87/320|[from] item: Leftovers\n|upkeep\n|\n|t:|1783536238\n|switch|p2a: Ogerpon|Ogerpon-Wellspring, L76, F|100/100\n|-damage|p2a: Ogerpon|88/100|[from] Stealth Rock\n|turn|17\n|inactive|Time left: 300 sec this turn | 300 sec total\n|\n|t:|1783536239\n|switch|p1a: Snorlax|Snorlax, L82, F|397/397\n|move|p2a: Ogerpon|Knock Off|p1a: Snorlax\n|-damage|p1a: Snorlax|288/397\n|-enditem|p1a: Snorlax|Leftovers|[from] move: Knock Off|[of] p2a: Ogerpon\n|\n|upkeep\n|turn|18\n|inactive|Time left: 300 sec this turn | 300 sec total\n|\n|t:|1783536240\n|move|p2a: Ogerpon|Swords Dance|p2a: Ogerpon\n|-boost|p2a: Ogerpon|atk|2\n|move|p1a: Snorlax|Body Slam|p2a: Ogerpon\n|-damage|p2a: Ogerpon|44/100\n|\n|upkeep\n|turn|19\n|inactive|Time left: 300 sec this turn | 300 sec total\n|\n|t:|1783536241\n|move|p2a: Ogerpon|Ivy Cudgel|p1a: Snorlax|[anim] Ivy Cudgel Water\n|-damage|p1a: Snorlax|0 fnt\n|faint|p1a: Snorlax\n|\n|upkeep\n|inactive|Time left: 300 sec this turn | 300 sec total | 5 sec grace\n|\n|t:|1783536242\n|switch|p1a: Dodrio|Dodrio, L85, M|241/241\n|turn|20\n|inactive|Time left: 300 sec this turn | 300 sec total\n|\n|t:|1783536243\n|switch|p2a: Regirock|Regirock, L83|100/100\n|-damage|p2a: Regirock|88/100|[from] Stealth Rock\n|move|p1a: Dodrio|Brave Bird|p2a: Regirock\n|-resisted|p2a: Regirock\n|-damage|p2a: Regirock|74/100\n|-damage|p1a: Dodrio|228/241|[from] Recoil\n|\n|-heal|p2a: Regirock|80/100|[from] item: Leftovers\n|upkeep\n|turn|21\n|inactive|Time left: 300 sec this turn | 300 sec total\n|\n|t:|1783536244\n|switch|p1a: Garchomp|Garchomp, L74, M|282/282\n|move|p2a: Regirock|Stone Edge|p1a: Garchomp\n|-resisted|p1a: Garchomp\n|-damage|p1a: Garchomp|222/282\n|\n|-heal|p2a: Regirock|86/100|[from] item: Leftovers\n|upkeep\n|turn|22\n|inactive|Time left: 300 sec this turn | 300 sec total\n|\n|t:|1783536245\n|move|p1a: Garchomp|Earthquake|p2a: Regirock\n|-supereffective|p2a: Regirock\n|-damage|p2a: Regirock|45/100\n|move|p2a: Regirock|Stone Edge|p1a: Garchomp\n|-resisted|p1a: Garchomp\n|-damage|p1a: Garchomp|162/282\n|\n|-heal|p2a: Regirock|50/100|[from] item: Leftovers\n|upkeep\n|turn|23\n|inactive|Time left: 300 sec this turn | 300 sec total\n|\n|t:|1783536246\n|move|p1a: Garchomp|Earthquake|p2a: Regirock\n|-supereffective|p2a: Regirock\n|-damage|p2a: Regirock|12/100\n|move|p2a: Regirock|Stealth Rock|p1a: Garchomp\n|-sidestart|p1: p0x254bbde|move: Stealth Rock\n|\n|-heal|p2a: Regirock|18/100|[from] item: Leftovers\n|upkeep\n|turn|24\n|inactive|Time left: 300 sec this turn | 300 sec total\n|\n|t:|1783536247\n|switch|p2a: Dachsbun|Dachsbun, L92, F|100/100\n|-damage|p2a: Dachsbun|88/100|[from] Stealth Rock\n|move|p1a: Garchomp|Scale Shot|p2a: Dachsbun\n|-immune|p2a: Dachsbun\n|\n|-heal|p2a: Dachsbun|94/100|[from] item: Leftovers\n|upkeep\n|turn|25\n|inactive|Time left: 300 sec this turn | 300 sec total\n|\n|t:|1783536248\n|switch|p1a: Golurk|Golurk, L87|74/297\n|-damage|p1a: Golurk|56/297|[from] Stealth Rock\n|move|p2a: Dachsbun|Play Rough|p1a: Golurk\n|-damage|p1a: Golurk|0 fnt\n|faint|p1a: Golurk\n|\n|-heal|p2a: Dachsbun|99/100|[from] item: Leftovers\n|upkeep\n|inactive|Time left: 300 sec this turn | 300 sec total | 5 sec grace\n|\n|t:|1783536249\n|switch|p1a: Dodrio|Dodrio, L85, M|228/241\n|turn|26\n|inactive|Time left: 300 sec this turn | 300 sec total\n|\n|t:|1783536250\n|move|p1a: Dodrio|Swords Dance|p1a: Dodrio\n|-boost|p1a: Dodrio|atk|2\n|move|p2a: Dachsbun|Play Rough|p1a: Dodrio\n|-damage|p1a: Dodrio|117/241\n|\n|-heal|p2a: Dachsbun|100/100|[from] item: Leftovers\n|upkeep\n|turn|27\n|inactive|Time left: 300 sec this turn | 300 sec total\n|\n|t:|1783536251\n|move|p1a: Dodrio|Drill Run|p2a: Dachsbun\n|-damage|p2a: Dachsbun|60/100\n|move|p2a: Dachsbun|Play Rough|p1a: Dodrio\n|-damage|p1a: Dodrio|0 fnt\n|faint|p1a: Dodrio\n|\n|-heal|p2a: Dachsbun|66/100|[from] item: Leftovers\n|upkeep\n|inactive|Time left: 300 sec this turn | 300 sec total | 5 sec grace\n|\n|t:|1783536252\n|switch|p1a: Bellibolt|Bellibolt, L84, M, tera:Water|87/320\n|-damage|p1a: Bellibolt|47/320|[from] Stealth Rock\n|turn|28\n|inactive|Time left: 300 sec this turn | 300 sec total\n|\n|t:|1783536253\n|move|p2a: Dachsbun|Play Rough|p1a: Bellibolt\n|-damage|p1a: Bellibolt|0 fnt\n|faint|p1a: Bellibolt\n|\n|-heal|p2a: Dachsbun|72/100|[from] item: Leftovers\n|upkeep\n|inactive|Time left: 300 sec this turn | 300 sec total | 5 sec grace\n|\n|t:|1783536253\n|switch|p1a: Garchomp|Garchomp, L74, M|162/282\n|-damage|p1a: Garchomp|145/282|[from] Stealth Rock\n|turn|29\n|inactive|Time left: 300 sec this turn | 300 sec total\n|\n|t:|1783536254\n|move|p2a: Dachsbun|Play Rough|p1a: Garchomp\n|-supereffective|p1a: Garchomp\n|-damage|p1a: Garchomp|0 fnt\n|-damage|p2a: Dachsbun|60/100|[from] ability: Rough Skin|[of] p1a: Garchomp\n|faint|p1a: Garchomp\n|\n|win|p0y254e9ff", "uploadtime": 1783536254, "views": 0, "rating": 0, "private": 0, "password": null, "_winner": "p0y254e9ff", "_our_name": "p0x254bbde"}