{"id": "battle-gen9randombattle-2531", "formatid": "gen9randombattle", "format": "[Gen 9] Random Battle", "players": ["p0x2531f098", "p0y2531b1d7"], "log": "|init|battle\n|title|p0x2531f098 vs. p0y2531b1d7\n|j|\u2606p0x2531f098\n|j|\u2606p0y2531b1d7\n|t:|1783568331\n|gametype|singles\n|player|p1|p0x2531f098|101|\n|player|p2|p0y2531b1d7|169|\n|gen|9\n|tier|[Gen 9] Random Battle\n|rule|Species Clause: Limit one of each Pok\u00e9mon\n|rule|HP Percentage Mod: HP is shown in percentages\n|rule|Sleep Clause Mod: Limit one foe put to sleep\n|rule|Illusion Level Mod: Illusion disguises the Pok\u00e9mon's true level\n|\n|t:|1783568331\n|teamsize|p1|6\n|teamsize|p2|6\n|start\n|switch|p1a: Orthworm|Orthworm, L88, F|266/266\n|switch|p2a: Maushold|Maushold-Four, L76|100/100\n|turn|1\n|inactive|Battle timer is ON: inactive players will automatically lose when time's up. (requested by p0x2531f098)\n|inactive|p0y2531b1d7 also wants the timer to be on.\n|\n|t:|1783568332\n|switch|p2a: Exeggutor|Exeggutor-Alola, L89, F|100/100\n|move|p1a: Orthworm|Heavy Slam|p2a: Exeggutor\n|-damage|p2a: Exeggutor|87/100\n|\n|upkeep\n|turn|2\n|inactive|Time left: 300 sec this turn | 300 sec total\n|\n|t:|1783568333\n|move|p1a: Orthworm|Body Press|p2a: Exeggutor\n|-damage|p2a: Exeggutor|61/100\n|move|p2a: Exeggutor|Flamethrower|p1a: Orthworm\n|-supereffective|p1a: Orthworm\n|-damage|p1a: Orthworm|20/266\n|\n|-heal|p1a: Orthworm|36/266|[from] item: Leftovers\n|upkeep\n|turn|3\n|inactive|Time left: 300 sec this turn | 300 sec total\n|\n|t:|1783568334\n|move|p1a: Orthworm|Spikes|p2a: Exeggutor\n|-sidestart|p2: p0y2531b1d7|Spikes\n|move|p2a: Exeggutor|Calm Mind|p2a: Exeggutor\n|-boost|p2a: Exeggutor|spa|1\n|-boost|p2a: Exeggutor|spd|1\n|\n|-heal|p1a: Orthworm|52/266|[from] item: Leftovers\n|upkeep\n|turn|4\n|inactive|Time left: 300 sec this turn | 300 sec total\n|\n|t:|1783568335\n|move|p1a: Orthworm|Spikes|p2a: Exeggutor\n|-sidestart|p2: p0y2531b1d7|Spikes\n|move|p2a: Exeggutor|Giga Drain|p1a: Orthworm\n|-resisted|p1a: Orthworm\n|-damage|p1a: Orthworm|0 fnt\n|-heal|p2a: Exeggutor|69/100|[from] drain|[of] p1a: Orthworm\n|faint|p1a: Orthworm\n|\n|upkeep\n|inactive|Time left: 300 sec this turn | 300 sec total | 5 sec grace\n|\n|t:|1783568336\n|switch|p1a: Flutter Mane|Flutter Mane, L74|203/203\n|turn|5\n|inactive|Time left: 300 sec this turn | 300 sec total\n|\n|t:|1783568338\n|move|p1a: Flutter Mane|Mystical Fire|p2a: Exeggutor\n|-damage|p2a: Exeggutor|51/100\n|-unboost|p2a: Exeggutor|spa|1\n|move|p2a: Exeggutor|Giga Drain|p1a: Flutter Mane\n|-damage|p1a: Flutter Mane|121/203\n|-heal|p2a: Exeggutor|65/100|[from] drain|[of] p1a: Flutter Mane\n|\n|upkeep\n|turn|6\n|inactive|Time left: 300 sec this turn | 300 sec total\n|\n|t:|1783568339\n|move|p1a: Flutter Mane|Mystical Fire|p2a: Exeggutor\n|-damage|p2a: Exeggutor|47/100\n|-unboost|p2a: Exeggutor|spa|1\n|-enditem|p2a: Exeggutor|Sitrus Berry|[eat]\n|-heal|p2a: Exeggutor|72/100|[from] item: Sitrus Berry\n|move|p2a: Exeggutor|Calm Mind|p2a: Exeggutor\n|-boost|p2a: Exeggutor|spa|1\n|-boost|p2a: Exeggutor|spd|1\n|\n|upkeep\n|turn|7\n|inactive|Time left: 300 sec this turn | 300 sec total\n|\n|t:|1783568340\n|move|p1a: Flutter Mane|Mystical Fire|p2a: Exeggutor\n|-damage|p2a: Exeggutor|57/100\n|-unboost|p2a: Exeggutor|spa|1\n|move|p2a: Exeggutor|Giga Drain|p1a: Flutter Mane\n|-damage|p1a: Flutter Mane|61/203\n|-heal|p2a: Exeggutor|67/100|[from] drain|[of] p1a: Flutter Mane\n|\n|upkeep\n|turn|8\n|inactive|Time left: 300 sec this turn | 300 sec total\n|\n|t:|1783568340\n|move|p1a: Flutter Mane|Mystical Fire|p2a: Exeggutor\n|-damage|p2a: Exeggutor|54/100\n|-unboost|p2a: Exeggutor|spa|1\n|move|p2a: Exeggutor|Giga Drain|p1a: Flutter Mane\n|-damage|p1a: Flutter Mane|19/203\n|-heal|p2a: Exeggutor|61/100|[from] drain|[of] p1a: Flutter Mane\n|\n|upkeep\n|turn|9\n|inactive|Time left: 300 sec this turn | 300 sec total\n|\n|t:|1783568341\n|move|p1a: Flutter Mane|Mystical Fire|p2a: Exeggutor\n|-damage|p2a: Exeggutor|47/100\n|-unboost|p2a: Exeggutor|spa|1\n|move|p2a: Exeggutor|Flamethrower|p1a: Flutter Mane\n|-damage|p1a: Flutter Mane|0 fnt\n|faint|p1a: Flutter Mane\n|-end|p1a: Flutter Mane|Protosynthesis|[silent]\n|\n|upkeep\n|inactive|Time left: 300 sec this turn | 300 sec total | 5 sec grace\n|\n|t:|1783568342\n|switch|p1a: Leavanny|Leavanny, L86, M|269/269\n|turn|10\n|inactive|Time left: 300 sec this turn | 300 sec total\n|\n|t:|1783568343\n|switch|p2a: Mandibuzz|Mandibuzz, L85, F|100/100\n|move|p1a: Leavanny|Sticky Web|p2a: Mandibuzz\n|-sidestart|p2: p0y2531b1d7|move: Sticky Web\n|\n|upkeep\n|turn|11\n|inactive|Time left: 300 sec this turn | 300 sec total\n|\n|t:|1783568344\n|move|p1a: Leavanny|Lunge|p2a: Mandibuzz\n|-damage|p2a: Mandibuzz|77/100\n|-unboost|p2a: Mandibuzz|atk|1\n|move|p2a: Mandibuzz|Defog|p1a: Leavanny\n|-unboost|p1a: Leavanny|evasion|1\n|-sideend|p2: p0y2531b1d7|Spikes|[from] move: Defog|[of] p2a: Mandibuzz\n|-sideend|p2: p0y2531b1d7|Sticky Web|[from] move: Defog|[of] p2a: Mandibuzz\n|\n|upkeep\n|turn|12\n|inactive|Time left: 300 sec this turn | 300 sec total\n|\n|t:|1783568345\n|move|p1a: Leavanny|Sticky Web|p2a: Mandibuzz\n|-sidestart|p2: p0y2531b1d7|move: Sticky Web\n|move|p2a: Mandibuzz|Foul Play|p1a: Leavanny\n|-damage|p1a: Leavanny|157/269\n|\n|upkeep\n|turn|13\n|inactive|Time left: 300 sec this turn | 300 sec total\n|\n|t:|1783568346\n|move|p1a: Leavanny|Lunge|p2a: Mandibuzz\n|-damage|p2a: Mandibuzz|52/100\n|-unboost|p2a: Mandibuzz|atk|1\n|move|p2a: Mandibuzz|Defog|p1a: Leavanny\n|-unboost|p1a: Leavanny|evasion|1\n|-sideend|p2: p0y2531b1d7|Sticky Web|[from] move: Defog|[of] p2a: Mandibuzz\n|\n|upkeep\n|turn|14\n|inactive|Time left: 300 sec this turn | 300 sec total\n|\n|t:|1783568347\n|move|p1a: Leavanny|Sticky Web|p2a: Mandibuzz\n|-sidestart|p2: p0y2531b1d7|move: Sticky Web\n|move|p2a: Mandibuzz|Defog|p1a: Leavanny\n|-unboost|p1a: Leavanny|evasion|1\n|-sideend|p2: p0y2531b1d7|Sticky Web|[from] move: Defog|[of] p2a: Mandibuzz\n|\n|upkeep\n|turn|15\n|inactive|Time left: 300 sec this turn | 300 sec total\n|\n|t:|1783568348\n|move|p1a: Leavanny|Sticky Web|p2a: Mandibuzz\n|-sidestart|p2: p0y2531b1d7|move: Sticky Web\n|move|p2a: Mandibuzz|Roost|p2a: Mandibuzz\n|-heal|p2a: Mandibuzz|100/100\n|-singleturn|p2a: Mandibuzz|move: Roost\n|\n|upkeep\n|turn|16\n|inactive|Time left: 300 sec this turn | 300 sec total\n|\n|t:|1783568349\n|move|p1a: Leavanny|Lunge|p2a: Mandibuzz\n|-damage|p2a: Mandibuzz|74/100\n|-unboost|p2a: Mandibuzz|atk|1\n|move|p2a: Mandibuzz|Defog|p1a: Leavanny\n|-unboost|p1a: Leavanny|evasion|1\n|-sideend|p2: p0y2531b1d7|Sticky Web|[from] move: Defog|[of] p2a: Mandibuzz\n|\n|upkeep\n|turn|17\n|inactive|Time left: 300 sec this turn | 300 sec total\n|\n|t:|1783568350\n|move|p1a: Leavanny|Sticky Web|p2a: Mandibuzz\n|-sidestart|p2: p0y2531b1d7|move: Sticky Web\n|move|p2a: Mandibuzz|Defog|p1a: Leavanny\n|-unboost|p1a: Leavanny|evasion|1\n|-sideend|p2: p0y2531b1d7|Sticky Web|[from] move: Defog|[of] p2a: Mandibuzz\n|\n|upkeep\n|turn|18\n|inactive|Time left: 300 sec this turn | 300 sec total\n|\n|t:|1783568351\n|move|p1a: Leavanny|Sticky Web|p2a: Mandibuzz\n|-sidestart|p2: p0y2531b1d7|move: Sticky Web\n|move|p2a: Mandibuzz|Defog|p1a: Leavanny\n|-unboost|p1a: Leavanny|evasion|1\n|-sideend|p2: p0y2531b1d7|Sticky Web|[from] move: Defog|[of] p2a: Mandibuzz\n|\n|upkeep\n|turn|19\n|inactive|Time left: 300 sec this turn | 300 sec total\n|\n|t:|1783568352\n|move|p1a: Leavanny|Sticky Web|p2a: Mandibuzz\n|-sidestart|p2: p0y2531b1d7|move: Sticky Web\n|move|p2a: Mandibuzz|Defog|p1a: Leavanny\n|-unboost|p1a: Leavanny|evasion|0\n|-sideend|p2: p0y2531b1d7|Sticky Web|[from] move: Defog|[of] p2a: Mandibuzz\n|\n|upkeep\n|turn|20\n|inactive|Time left: 300 sec this turn | 300 sec total\n|\n|t:|1783568353\n|move|p1a: Leavanny|Sticky Web|p2a: Mandibuzz\n|-sidestart|p2: p0y2531b1d7|move: Sticky Web\n|move|p2a: Mandibuzz|Defog|p1a: Leavanny\n|-unboost|p1a: Leavanny|evasion|0\n|-sideend|p2: p0y2531b1d7|Sticky Web|[from] move: Defog|[of] p2a: Mandibuzz\n|\n|upkeep\n|turn|21\n|inactive|Time left: 300 sec this turn | 300 sec total\n|\n|t:|1783568354\n|move|p1a: Leavanny|Sticky Web|p2a: Mandibuzz\n|-sidestart|p2: p0y2531b1d7|move: Sticky Web\n|move|p2a: Mandibuzz|Defog|p1a: Leavanny\n|-unboost|p1a: Leavanny|evasion|0\n|-sideend|p2: p0y2531b1d7|Sticky Web|[from] move: Defog|[of] p2a: Mandibuzz\n|\n|upkeep\n|turn|22\n|inactive|Time left: 300 sec this turn | 300 sec total\n|\n|t:|1783568355\n|move|p1a: Leavanny|Sticky Web|p2a: Mandibuzz\n|-sidestart|p2: p0y2531b1d7|move: Sticky Web\n|move|p2a: Mandibuzz|Defog|p1a: Leavanny\n|-unboost|p1a: Leavanny|evasion|0\n|-sideend|p2: p0y2531b1d7|Sticky Web|[from] move: Defog|[of] p2a: Mandibuzz\n|\n|upkeep\n|turn|23\n|inactive|Time left: 300 sec this turn | 300 sec total\n|\n|t:|1783568356\n|move|p1a: Leavanny|Sticky Web|p2a: Mandibuzz\n|-sidestart|p2: p0y2531b1d7|move: Sticky Web\n|move|p2a: Mandibuzz|Defog|p1a: Leavanny\n|-unboost|p1a: Leavanny|evasion|0\n|-sideend|p2: p0y2531b1d7|Sticky Web|[from] move: Defog|[of] p2a: Mandibuzz\n|\n|upkeep\n|turn|24\n|inactive|Time left: 300 sec this turn | 300 sec total\n|\n|t:|1783568357\n|move|p1a: Leavanny|Sticky Web|p2a: Mandibuzz\n|-sidestart|p2: p0y2531b1d7|move: Sticky Web\n|move|p2a: Mandibuzz|Defog|p1a: Leavanny\n|-unboost|p1a: Leavanny|evasion|0\n|-sideend|p2: p0y2531b1d7|Sticky Web|[from] move: Defog|[of] p2a: Mandibuzz\n|\n|upkeep\n|turn|25\n|inactive|Time left: 300 sec this turn | 300 sec total\n|\n|t:|1783568358\n|move|p1a: Leavanny|Sticky Web|p2a: Mandibuzz\n|-sidestart|p2: p0y2531b1d7|move: Sticky Web\n|move|p2a: Mandibuzz|Defog|p1a: Leavanny\n|-unboost|p1a: Leavanny|evasion|0\n|-sideend|p2: p0y2531b1d7|Sticky Web|[from] move: Defog|[of] p2a: Mandibuzz\n|\n|upkeep\n|turn|26\n|inactive|Time left: 300 sec this turn | 300 sec total\n|\n|t:|1783568359\n|move|p1a: Leavanny|Sticky Web|p2a: Mandibuzz\n|-sidestart|p2: p0y2531b1d7|move: Sticky Web\n|move|p2a: Mandibuzz|Defog|p1a: Leavanny\n|-unboost|p1a: Leavanny|evasion|0\n|-sideend|p2: p0y2531b1d7|Sticky Web|[from] move: Defog|[of] p2a: Mandibuzz\n|\n|upkeep\n|turn|27\n|inactive|Time left: 300 sec this turn | 300 sec total\n|\n|t:|1783568360\n|move|p1a: Leavanny|Sticky Web|p2a: Mandibuzz\n|-sidestart|p2: p0y2531b1d7|move: Sticky Web\n|move|p2a: Mandibuzz|Defog|p1a: Leavanny\n|-unboost|p1a: Leavanny|evasion|0\n|-sideend|p2: p0y2531b1d7|Sticky Web|[from] move: Defog|[of] p2a: Mandibuzz\n|\n|upkeep\n|turn|28\n|inactive|Time left: 300 sec this turn | 300 sec total\n|\n|t:|1783568361\n|move|p1a: Leavanny|Sticky Web|p2a: Mandibuzz\n|-sidestart|p2: p0y2531b1d7|move: Sticky Web\n|move|p2a: Mandibuzz|Defog|p1a: Leavanny\n|-unboost|p1a: Leavanny|evasion|0\n|-sideend|p2: p0y2531b1d7|Sticky Web|[from] move: Defog|[of] p2a: Mandibuzz\n|\n|upkeep\n|turn|29\n|inactive|Time left: 300 sec this turn | 300 sec total\n|\n|t:|1783568362\n|move|p1a: Leavanny|Sticky Web|p2a: Mandibuzz\n|-sidestart|p2: p0y2531b1d7|move: Sticky Web\n|move|p2a: Mandibuzz|Defog|p1a: Leavanny\n|-unboost|p1a: Leavanny|evasion|0\n|-sideend|p2: p0y2531b1d7|Sticky Web|[from] move: Defog|[of] p2a: Mandibuzz\n|\n|upkeep\n|turn|30\n|inactive|Time left: 300 sec this turn | 300 sec total\n|\n|t:|1783568363\n|move|p1a: Leavanny|Sticky Web|p2a: Mandibuzz\n|-sidestart|p2: p0y2531b1d7|move: Sticky Web\n|move|p2a: Mandibuzz|Defog|p1a: Leavanny\n|-unboost|p1a: Leavanny|evasion|0\n|-sideend|p2: p0y2531b1d7|Sticky Web|[from] move: Defog|[of] p2a: Mandibuzz\n|\n|upkeep\n|turn|31\n|inactive|Time left: 300 sec this turn | 300 sec total\n|\n|t:|1783568364\n|move|p1a: Leavanny|Sticky Web|p2a: Mandibuzz\n|-sidestart|p2: p0y2531b1d7|move: Sticky Web\n|move|p2a: Mandibuzz|Defog|p1a: Leavanny\n|-unboost|p1a: Leavanny|evasion|0\n|-sideend|p2: p0y2531b1d7|Sticky Web|[from] move: Defog|[of] p2a: Mandibuzz\n|\n|upkeep\n|turn|32\n|inactive|Time left: 300 sec this turn | 300 sec total\n|\n|t:|1783568365\n|move|p1a: Leavanny|Sticky Web|p2a: Mandibuzz\n|-sidestart|p2: p0y2531b1d7|move: Sticky Web\n|move|p2a: Mandibuzz|Defog|p1a: Leavanny\n|-unboost|p1a: Leavanny|evasion|0\n|-sideend|p2: p0y2531b1d7|Sticky Web|[from] move: Defog|[of] p2a: Mandibuzz\n|\n|upkeep\n|turn|33\n|inactive|Time left: 300 sec this turn | 300 sec total\n|\n|t:|1783568367\n|move|p1a: Leavanny|Sticky Web|p2a: Mandibuzz\n|-sidestart|p2: p0y2531b1d7|move: Sticky Web\n|move|p2a: Mandibuzz|Foul Play|p1a: Leavanny\n|-damage|p1a: Leavanny|33/269\n|\n|upkeep\n|turn|34\n|inactive|Time left: 300 sec this turn | 300 sec total\n|\n|t:|1783568368\n|move|p1a: Leavanny|Lunge|p2a: Mandibuzz\n|-damage|p2a: Mandibuzz|38/100\n|-unboost|p2a: Mandibuzz|atk|1\n|move|p2a: Mandibuzz|Defog|p1a: Leavanny\n|-unboost|p1a: Leavanny|evasion|0\n|-sideend|p2: p0y2531b1d7|Sticky Web|[from] move: Defog|[of] p2a: Mandibuzz\n|\n|upkeep\n|turn|35\n|inactive|Time left: 300 sec this turn | 300 sec total\n|\n|t:|1783568369\n|move|p1a: Leavanny|Sticky Web|p2a: Mandibuzz\n|-sidestart|p2: p0y2531b1d7|move: Sticky Web\n|move|p2a: Mandibuzz|Defog|p1a: Leavanny\n|-unboost|p1a: Leavanny|evasion|0\n|-sideend|p2: p0y2531b1d7|Sticky Web|[from] move: Defog|[of] p2a: Mandibuzz\n|\n|upkeep\n|turn|36\n|inactive|Time left: 300 sec this turn | 300 sec total\n|\n|t:|1783568370\n|move|p1a: Leavanny|Sticky Web|p2a: Mandibuzz\n|-sidestart|p2: p0y2531b1d7|move: Sticky Web\n|move|p2a: Mandibuzz|Defog|p1a: Leavanny\n|-unboost|p1a: Leavanny|evasion|0\n|-sideend|p2: p0y2531b1d7|Sticky Web|[from] move: Defog|[of] p2a: Mandibuzz\n|\n|upkeep\n|turn|37\n|inactive|Time left: 300 sec this turn | 300 sec total\n|\n|t:|1783568371\n|move|p1a: Leavanny|Sticky Web|p2a: Mandibuzz\n|-sidestart|p2: p0y2531b1d7|move: Sticky Web\n|move|p2a: Mandibuzz|Roost|p2a: Mandibuzz\n|-heal|p2a: Mandibuzz|88/100\n|-singleturn|p2a: Mandibuzz|move: Roost\n|\n|upkeep\n|turn|38\n|inactive|Time left: 300 sec this turn | 300 sec total\n|\n|t:|1783568372\n|move|p1a: Leavanny|Lunge|p2a: Mandibuzz\n|-damage|p2a: Mandibuzz|51/100\n|-unboost|p2a: Mandibuzz|atk|1\n|move|p2a: Mandibuzz|Defog|p1a: Leavanny\n|-unboost|p1a: Leavanny|evasion|0\n|-sideend|p2: p0y2531b1d7|Sticky Web|[from] move: Defog|[of] p2a: Mandibuzz\n|\n|upkeep\n|turn|39\n|inactive|Time left: 300 sec this turn | 300 sec total\n|\n|t:|1783568373\n|switch|p2a: Stantler|Stantler, L92, F|100/100\n|-ability|p2a: Stantler|Intimidate|boost\n|-unboost|p1a: Leavanny|atk|1\n|move|p1a: Leavanny|Sticky Web|p2a: Stantler\n|-sidestart|p2: p0y2531b1d7|move: Sticky Web\n|\n|upkeep\n|turn|40\n|inactive|Time left: 300 sec this turn | 300 sec total\n|\n|t:|1783568374\n|move|p2a: Stantler|Calm Mind|p2a: Stantler\n|-boost|p2a: Stantler|spa|1\n|-boost|p2a: Stantler|spd|1\n|move|p1a: Leavanny|Lunge|p2a: Stantler\n|-crit|p2a: Stantler\n|-damage|p2a: Stantler|39/100\n|-unboost|p2a: Stantler|atk|1\n|\n|upkeep\n|turn|41\n|inactive|Time left: 300 sec this turn | 300 sec total\n|\n|t:|1783568375\n|move|p2a: Stantler|Shadow Ball|p1a: Leavanny\n|-damage|p1a: Leavanny|0 fnt\n|faint|p1a: Leavanny\n|\n|upkeep\n|inactive|Time left: 300 sec this turn | 300 sec total | 5 sec grace\n|\n|t:|1783568376\n|switch|p1a: Garchomp|Garchomp, L74, F|282/282\n|turn|42\n|inactive|Time left: 300 sec this turn | 300 sec total\n|\n|t:|1783568377\n|move|p2a: Stantler|Tera Blast|p1a: Garchomp\n|-damage|p1a: Garchomp|123/282\n|move|p1a: Garchomp|Swords Dance|p1a: Garchomp\n|-boost|p1a: Garchomp|atk|2\n|\n|upkeep\n|turn|43\n|inactive|Time left: 300 sec this turn | 300 sec total\n|\n|t:|1783568377\n|switch|p1a: Gengar|Gengar, L81, F|230/230\n|move|p2a: Stantler|Tera Blast|p1a: Gengar\n|-immune|p1a: Gengar\n|\n|upkeep\n|turn|44\n|inactive|Time left: 300 sec this turn | 300 sec total\n|\n|t:|1783568378\n|move|p1a: Gengar|Sludge Wave|p2a: Stantler\n|-damage|p2a: Stantler|11/100\n|-status|p2a: Stantler|psn\n|-damage|p1a: Gengar|207/230|[from] item: Life Orb\n|move|p2a: Stantler|Earth Power|p1a: Gengar\n|-supereffective|p1a: Gengar\n|-damage|p1a: Gengar|0 fnt\n|-start|p2a: Stantler|Disable|Earth Power|[from] ability: Cursed Body|[of] p1a: Gengar\n|faint|p1a: Gengar\n|\n|-damage|p2a: Stantler|0 fnt|[from] psn\n|faint|p2a: Stantler\n|upkeep\n|inactive|Time left: 300 sec this turn | 300 sec total | 5 sec grace\n|\n|t:|1783568379\n|switch|p1a: Jirachi|Jirachi, L80|291/291\n|switch|p2a: Mandibuzz|Mandibuzz, L85, F|51/100\n|turn|45\n|inactive|Time left: 300 sec this turn | 300 sec total\n|\n|t:|1783568380\n|move|p1a: Jirachi|Iron Head|p2a: Mandibuzz\n|-damage|p2a: Mandibuzz|29/100\n|move|p2a: Mandibuzz|Roost|p2a: Mandibuzz\n|-heal|p2a: Mandibuzz|79/100\n|-singleturn|p2a: Mandibuzz|move: Roost\n|\n|upkeep\n|turn|46\n|inactive|Time left: 300 sec this turn | 300 sec total\n|\n|t:|1783568381\n|move|p1a: Jirachi|Body Slam|p2a: Mandibuzz\n|-damage|p2a: Mandibuzz|65/100\n|-status|p2a: Mandibuzz|par\n|move|p2a: Mandibuzz|Foul Play|p1a: Jirachi\n|-supereffective|p1a: Jirachi\n|-damage|p1a: Jirachi|85/291\n|\n|-heal|p1a: Jirachi|103/291|[from] item: Leftovers\n|upkeep\n|turn|47\n|inactive|Time left: 300 sec this turn | 300 sec total\n|\n|t:|1783568382\n|move|p1a: Jirachi|Iron Head|p2a: Mandibuzz\n|-damage|p2a: Mandibuzz|46/100 par\n|move|p2a: Mandibuzz|Foul Play|p1a: Jirachi\n|-supereffective|p1a: Jirachi\n|-damage|p1a: Jirachi|0 fnt\n|faint|p1a: Jirachi\n|\n|upkeep\n|inactive|Time left: 300 sec this turn | 300 sec total | 5 sec grace\n|\n|t:|1783568383\n|switch|p1a: Garchomp|Garchomp, L74, F|123/282\n|turn|48\n|inactive|Time left: 300 sec this turn | 300 sec total\n|\n|t:|1783568384\n|move|p1a: Garchomp|Fire Fang|p2a: Mandibuzz\n|-damage|p2a: Mandibuzz|33/100 par\n|move|p2a: Mandibuzz|Foul Play|p1a: Garchomp\n|-damage|p1a: Garchomp|0 fnt\n|-damage|p2a: Mandibuzz|21/100 par|[from] ability: Rough Skin|[of] p1a: Garchomp\n|faint|p1a: Garchomp\n|\n|win|p0y2531b1d7", "uploadtime": 1783568384, "views": 0, "rating": 0, "private": 0, "password": null, "_winner": "p0y2531b1d7", "_our_name": "p0x2531f098"}