{"id": "battle-gen9randombattle-2413", "formatid": "gen9randombattle", "format": "[Gen 9] Random Battle", "players": ["p0x24130787", "p0y2413054e"], "log": "|init|battle\n|title|p0x24130787 vs. p0y2413054e\n|j|\u2606p0x24130787\n|j|\u2606p0y2413054e\n|t:|1783567000\n|gametype|singles\n|player|p1|p0x24130787|266|\n|player|p2|p0y2413054e|2|\n|gen|9\n|tier|[Gen 9] Random Battle\n|rule|Species Clause: Limit one of each Pok\u00e9mon\n|rule|HP Percentage Mod: HP is shown in percentages\n|rule|Sleep Clause Mod: Limit one foe put to sleep\n|rule|Illusion Level Mod: Illusion disguises the Pok\u00e9mon's true level\n|\n|t:|1783567000\n|teamsize|p1|6\n|teamsize|p2|6\n|start\n|switch|p1a: Dialga|Dialga, L73|266/266\n|switch|p2a: Giratina|Giratina-Origin, L72|100/100\n|-ability|p1a: Dialga|Pressure\n|turn|1\n|inactive|Battle timer is ON: inactive players will automatically lose when time's up. (requested by p0y2413054e)\n|inactive|Time left: 300 sec this turn | 300 sec total | 60 sec grace\n|inactive|p0x24130787 also wants the timer to be on.\n|\n|t:|1783567001\n|move|p1a: Dialga|Draco Meteor|p2a: Giratina\n|-supereffective|p2a: Giratina\n|-damage|p2a: Giratina|7/100\n|-unboost|p1a: Dialga|spa|2\n|move|p2a: Giratina|Poltergeist|p1a: Dialga\n|-activate|p1a: Dialga|move: Poltergeist|Assault Vest\n|-damage|p1a: Dialga|158/266\n|\n|upkeep\n|turn|2\n|inactive|Time left: 300 sec this turn | 300 sec total\n|\n|t:|1783567002\n|switch|p1a: Araquanid|Araquanid, L82, F|246/246\n|switch|p2a: Overqwil|Overqwil, L82, M|100/100\n|-ability|p2a: Overqwil|Intimidate|boost\n|-unboost|p1a: Araquanid|atk|1\n|\n|upkeep\n|turn|3\n|inactive|Time left: 300 sec this turn | 300 sec total\n|\n|t:|1783567003\n|move|p2a: Overqwil|Swords Dance|p2a: Overqwil\n|-boost|p2a: Overqwil|atk|2\n|move|p1a: Araquanid|Sticky Web|p2a: Overqwil\n|-sidestart|p2: p0y2413054e|move: Sticky Web\n|\n|upkeep\n|turn|4\n|inactive|Time left: 300 sec this turn | 300 sec total\n|\n|t:|1783567004\n|switch|p1a: Dialga|Dialga, L73|158/266\n|-ability|p1a: Dialga|Pressure\n|move|p2a: Overqwil|Gunk Shot|p1a: Dialga\n|-immune|p1a: Dialga\n|\n|upkeep\n|turn|5\n|inactive|Time left: 300 sec this turn | 300 sec total\n|\n|t:|1783567005\n|move|p2a: Overqwil|Crunch|p1a: Dialga\n|-damage|p1a: Dialga|2/266\n|move|p1a: Dialga|Dragon Tail|p2a: Overqwil\n|-damage|p2a: Overqwil|80/100\n|drag|p2a: Scovillain|Scovillain, L91, F|100/100\n|-activate|p2a: Scovillain|move: Sticky Web\n|-unboost|p2a: Scovillain|spe|1\n|\n|upkeep\n|turn|6\n|inactive|Time left: 300 sec this turn | 300 sec total\n|\n|t:|1783567006\n|move|p1a: Dialga|Draco Meteor|p2a: Scovillain\n|-damage|p2a: Scovillain|30/100\n|-unboost|p1a: Dialga|spa|2\n|move|p2a: Scovillain|Flamethrower|p1a: Dialga\n|-damage|p1a: Dialga|0 fnt\n|faint|p1a: Dialga\n|\n|-heal|p2a: Scovillain|36/100|[from] item: Leftovers\n|upkeep\n|inactive|Time left: 300 sec this turn | 300 sec total | 5 sec grace\n|\n|t:|1783567007\n|switch|p1a: Iron Moth|Iron Moth, L78|253/253\n|turn|7\n|inactive|Time left: 300 sec this turn | 300 sec total\n|\n|t:|1783567008\n|move|p2a: Scovillain|Protect|p2a: Scovillain\n|-singleturn|p2a: Scovillain|Protect\n|move|p1a: Iron Moth|Fire Blast|p2a: Scovillain\n|-activate|p2a: Scovillain|move: Protect\n|\n|-heal|p2a: Scovillain|42/100|[from] item: Leftovers\n|upkeep\n|turn|8\n|inactive|Time left: 300 sec this turn | 300 sec total\n|\n|t:|1783567009\n|move|p1a: Iron Moth|Fire Blast|p2a: Scovillain\n|-damage|p2a: Scovillain|0 fnt\n|faint|p2a: Scovillain\n|\n|upkeep\n|\n|t:|1783567009\n|switch|p2a: Overqwil|Overqwil, L82, M|80/100\n|-activate|p2a: Overqwil|move: Sticky Web\n|-unboost|p2a: Overqwil|spe|1\n|-ability|p2a: Overqwil|Intimidate|boost\n|-unboost|p1a: Iron Moth|atk|1\n|turn|9\n|inactive|Time left: 300 sec this turn | 300 sec total\n|\n|t:|1783567010\n|move|p1a: Iron Moth|Fire Blast|p2a: Overqwil\n|-crit|p2a: Overqwil\n|-damage|p2a: Overqwil|0 fnt\n|faint|p2a: Overqwil\n|\n|upkeep\n|\n|t:|1783567011\n|switch|p2a: Dunsparce|Dunsparce, L86, F|100/100\n|-activate|p2a: Dunsparce|move: Sticky Web\n|-unboost|p2a: Dunsparce|spe|1\n|turn|10\n|inactive|Time left: 300 sec this turn | 300 sec total\n|\n|t:|1783567012\n|-end|p1a: Iron Moth|Quark Drive|[silent]\n|switch|p1a: Leafeon|Leafeon, L88, F|258/258\n|move|p2a: Dunsparce|Coil|p2a: Dunsparce\n|-boost|p2a: Dunsparce|atk|1\n|-boost|p2a: Dunsparce|def|1\n|-boost|p2a: Dunsparce|accuracy|1\n|\n|upkeep\n|turn|11\n|inactive|Time left: 300 sec this turn | 300 sec total\n|\n|t:|1783567013\n|move|p1a: Leafeon|Swords Dance|p1a: Leafeon\n|-boost|p1a: Leafeon|atk|2\n|move|p2a: Dunsparce|Body Slam|p1a: Leafeon\n|-damage|p1a: Leafeon|179/258\n|-status|p1a: Leafeon|par\n|\n|upkeep\n|turn|12\n|inactive|Time left: 300 sec this turn | 300 sec total\n|\n|t:|1783567014\n|move|p1a: Leafeon|Leaf Blade|p2a: Dunsparce\n|-damage|p2a: Dunsparce|53/100\n|-damage|p1a: Leafeon|154/258 par|[from] item: Life Orb\n|move|p2a: Dunsparce|Coil|p2a: Dunsparce\n|-boost|p2a: Dunsparce|atk|1\n|-boost|p2a: Dunsparce|def|1\n|-boost|p2a: Dunsparce|accuracy|1\n|\n|upkeep\n|turn|13\n|inactive|Time left: 300 sec this turn | 300 sec total\n|\n|t:|1783567015\n|move|p1a: Leafeon|Leaf Blade|p2a: Dunsparce\n|-damage|p2a: Dunsparce|17/100\n|-damage|p1a: Leafeon|129/258 par|[from] item: Life Orb\n|move|p2a: Dunsparce|Roost|p2a: Dunsparce\n|-heal|p2a: Dunsparce|67/100\n|-singleturn|p2a: Dunsparce|move: Roost\n|\n|upkeep\n|turn|14\n|inactive|Time left: 300 sec this turn | 300 sec total\n|\n|t:|1783567016\n|move|p1a: Leafeon|Synthesis|p1a: Leafeon\n|-heal|p1a: Leafeon|258/258 par\n|move|p2a: Dunsparce|Body Slam|p1a: Leafeon\n|-damage|p1a: Leafeon|159/258 par\n|\n|upkeep\n|turn|15\n|inactive|Time left: 300 sec this turn | 300 sec total\n|\n|t:|1783567017\n|cant|p1a: Leafeon|par\n|move|p2a: Dunsparce|Roost|p2a: Dunsparce\n|-heal|p2a: Dunsparce|100/100\n|-singleturn|p2a: Dunsparce|move: Roost\n|\n|upkeep\n|turn|16\n|inactive|Time left: 300 sec this turn | 300 sec total\n|\n|t:|1783567018\n|move|p1a: Leafeon|Leaf Blade|p2a: Dunsparce\n|-damage|p2a: Dunsparce|61/100\n|-damage|p1a: Leafeon|134/258 par|[from] item: Life Orb\n|move|p2a: Dunsparce|Body Slam|p1a: Leafeon\n|-damage|p1a: Leafeon|31/258 par\n|\n|upkeep\n|turn|17\n|inactive|Time left: 300 sec this turn | 300 sec total\n|\n|t:|1783567019\n|move|p1a: Leafeon|Synthesis|p1a: Leafeon\n|-heal|p1a: Leafeon|160/258 par\n|move|p2a: Dunsparce|Body Slam|p1a: Leafeon\n|-damage|p1a: Leafeon|55/258 par\n|\n|upkeep\n|turn|18\n|inactive|Time left: 300 sec this turn | 300 sec total\n|\n|t:|1783567020\n|move|p1a: Leafeon|Synthesis|p1a: Leafeon\n|-heal|p1a: Leafeon|184/258 par\n|move|p2a: Dunsparce|Body Slam|p1a: Leafeon\n|-damage|p1a: Leafeon|85/258 par\n|\n|upkeep\n|turn|19\n|inactive|Time left: 300 sec this turn | 300 sec total\n|\n|t:|1783567021\n|move|p1a: Leafeon|Synthesis|p1a: Leafeon\n|-heal|p1a: Leafeon|214/258 par\n|move|p2a: Dunsparce|Body Slam|p1a: Leafeon\n|-damage|p1a: Leafeon|117/258 par\n|\n|upkeep\n|turn|20\n|inactive|Time left: 300 sec this turn | 300 sec total\n|\n|t:|1783567021\n|move|p1a: Leafeon|Synthesis|p1a: Leafeon\n|-heal|p1a: Leafeon|246/258 par\n|move|p2a: Dunsparce|Body Slam|p1a: Leafeon\n|-damage|p1a: Leafeon|138/258 par\n|\n|upkeep\n|turn|21\n|inactive|Time left: 300 sec this turn | 300 sec total\n|\n|t:|1783567022\n|move|p1a: Leafeon|Leaf Blade|p2a: Dunsparce\n|-damage|p2a: Dunsparce|27/100\n|-damage|p1a: Leafeon|113/258 par|[from] item: Life Orb\n|move|p2a: Dunsparce|Body Slam|p1a: Leafeon\n|-damage|p1a: Leafeon|1/258 par\n|\n|upkeep\n|turn|22\n|inactive|Time left: 300 sec this turn | 300 sec total\n|\n|t:|1783567024\n|move|p1a: Leafeon|Leaf Blade|p2a: Dunsparce\n|-damage|p2a: Dunsparce|0 fnt\n|faint|p2a: Dunsparce\n|-damage|p1a: Leafeon|0 fnt|[from] item: Life Orb\n|faint|p1a: Leafeon\n|\n|upkeep\n|inactive|Time left: 300 sec this turn | 300 sec total | 5 sec grace\n|\n|t:|1783567025\n|switch|p1a: Iron Moth|Iron Moth, L78|253/253\n|switch|p2a: Keldeo|Keldeo-Resolute, L79|100/100\n|-activate|p2a: Keldeo|move: Sticky Web\n|-unboost|p2a: Keldeo|spe|1\n|turn|23\n|inactive|Time left: 300 sec this turn | 300 sec total\n|\n|t:|1783567025\n|move|p1a: Iron Moth|Energy Ball|p2a: Keldeo\n|-supereffective|p2a: Keldeo\n|-damage|p2a: Keldeo|22/100\n|move|p2a: Keldeo|Hydro Pump|p1a: Iron Moth\n|-supereffective|p1a: Iron Moth\n|-damage|p1a: Iron Moth|1/253\n|\n|-heal|p2a: Keldeo|28/100|[from] item: Leftovers\n|upkeep\n|turn|24\n|inactive|Time left: 300 sec this turn | 300 sec total\n|\n|t:|1783567027\n|move|p1a: Iron Moth|Energy Ball|p2a: Keldeo\n|-supereffective|p2a: Keldeo\n|-damage|p2a: Keldeo|0 fnt\n|faint|p2a: Keldeo\n|\n|upkeep\n|\n|t:|1783567028\n|switch|p2a: Skuntank|Skuntank, L84, F|100/100\n|-activate|p2a: Skuntank|move: Sticky Web\n|-unboost|p2a: Skuntank|spe|1\n|turn|25\n|inactive|Time left: 300 sec this turn | 300 sec total\n|\n|t:|1783567029\n|move|p1a: Iron Moth|Energy Ball|p2a: Skuntank\n|-resisted|p2a: Skuntank\n|-damage|p2a: Skuntank|85/100\n|move|p2a: Skuntank|Knock Off|p1a: Iron Moth\n|-damage|p1a: Iron Moth|0 fnt\n|-enditem|p1a: Iron Moth|Choice Specs|[from] move: Knock Off|[of] p2a: Skuntank\n|faint|p1a: Iron Moth\n|-end|p1a: Iron Moth|Quark Drive|[silent]\n|\n|upkeep\n|inactive|Time left: 300 sec this turn | 300 sec total | 5 sec grace\n|\n|t:|1783567030\n|switch|p1a: Raging Bolt|Raging Bolt, L78|323/323\n|-enditem|p1a: Raging Bolt|Booster Energy\n|-activate|p1a: Raging Bolt|ability: Protosynthesis|[fromitem]\n|-start|p1a: Raging Bolt|protosynthesisspa\n|turn|26\n|inactive|Time left: 300 sec this turn | 300 sec total\n|\n|t:|1783567031\n|move|p1a: Raging Bolt|Thunderbolt|p2a: Skuntank\n|-damage|p2a: Skuntank|44/100\n|move|p2a: Skuntank|Gunk Shot|p1a: Raging Bolt\n|-damage|p1a: Raging Bolt|196/323\n|\n|upkeep\n|turn|27\n|inactive|Time left: 300 sec this turn | 300 sec total\n|\n|t:|1783567032\n|move|p1a: Raging Bolt|Calm Mind|p1a: Raging Bolt\n|-boost|p1a: Raging Bolt|spa|1\n|-boost|p1a: Raging Bolt|spd|1\n|move|p2a: Skuntank|Gunk Shot|p1a: Raging Bolt\n|-damage|p1a: Raging Bolt|72/323\n|\n|upkeep\n|turn|28\n|inactive|Time left: 300 sec this turn | 300 sec total\n|\n|t:|1783567033\n|-terastallize|p1a: Raging Bolt|Fairy\n|move|p2a: Skuntank|Sucker Punch|p1a: Raging Bolt\n|-resisted|p1a: Raging Bolt\n|-damage|p1a: Raging Bolt|34/323\n|move|p1a: Raging Bolt|Thunderbolt|p2a: Skuntank\n|-damage|p2a: Skuntank|0 fnt\n|faint|p2a: Skuntank\n|\n|upkeep\n|\n|t:|1783567034\n|switch|p2a: Giratina|Giratina-Origin, L72|7/100\n|turn|29\n|inactive|Time left: 300 sec this turn | 300 sec total\n|\n|t:|1783567035\n|move|p2a: Giratina|Defog|p1a: Raging Bolt\n|-unboost|p1a: Raging Bolt|evasion|1\n|-sideend|p2: p0y2413054e|Sticky Web|[from] move: Defog|[of] p2a: Giratina\n|move|p1a: Raging Bolt|Thunderbolt|p2a: Giratina\n|-resisted|p2a: Giratina\n|-damage|p2a: Giratina|0 fnt\n|faint|p2a: Giratina\n|\n|win|p0x24130787", "uploadtime": 1783567035, "views": 0, "rating": 0, "private": 0, "password": null, "_winner": "p0x24130787", "_our_name": "p0x24130787"}