{"id": "battle-gen9randombattle-663", "formatid": "gen9randombattle", "format": "[Gen 9] Random Battle", "players": ["p0x66309a4", "p0y663b7f9"], "log": "|init|battle\n|title|p0x66309a4 vs. p0y663b7f9\n|j|\u2606p0x66309a4\n|j|\u2606p0y663b7f9\n|t:|1783547506\n|gametype|singles\n|player|p1|p0x66309a4|170|\n|player|p2|p0y663b7f9|102|\n|gen|9\n|tier|[Gen 9] Random Battle\n|rule|Species Clause: Limit one of each Pok\u00e9mon\n|rule|HP Percentage Mod: HP is shown in percentages\n|rule|Sleep Clause Mod: Limit one foe put to sleep\n|rule|Illusion Level Mod: Illusion disguises the Pok\u00e9mon's true level\n|\n|t:|1783547506\n|teamsize|p1|6\n|teamsize|p2|6\n|start\n|switch|p1a: Hypno|Hypno, L95, M|100/100\n|switch|p2a: Ho-Oh|Ho-Oh, L71|268/268\n|turn|1\n|inactive|Battle timer is ON: inactive players will automatically lose when time's up. (requested by p0y663b7f9)\n|inactive|p0x66309a4 also wants the timer to be on.\n|\n|t:|1783547507\n|switch|p1a: Rotom|Rotom-Fan, L86|100/100\n|move|p2a: Ho-Oh|Brave Bird|p1a: Rotom\n|-resisted|p1a: Rotom\n|-damage|p1a: Rotom|77/100\n|-damage|p2a: Ho-Oh|251/268|[from] Recoil\n|\n|upkeep\n|turn|2\n|inactive|Time left: 300 sec this turn | 300 sec total\n|\n|t:|1783547509\n|move|p1a: Rotom|Nasty Plot|p1a: Rotom\n|-boost|p1a: Rotom|spa|2\n|move|p2a: Ho-Oh|Sacred Fire|p1a: Rotom\n|-damage|p1a: Rotom|40/100\n|\n|upkeep\n|turn|3\n|inactive|Time left: 300 sec this turn | 300 sec total\n|\n|t:|1783547510\n|switch|p2a: Golem|Golem-Alola, L93, F|300/300\n|move|p1a: Rotom|Thunderbolt|p2a: Golem\n|-resisted|p2a: Golem\n|-crit|p2a: Golem\n|-damage|p2a: Golem|114/300\n|\n|upkeep\n|turn|4\n|inactive|Time left: 300 sec this turn | 300 sec total\n|\n|t:|1783547511\n|move|p1a: Rotom|Thunderbolt|p2a: Golem\n|-resisted|p2a: Golem\n|-damage|p2a: Golem|0 fnt\n|faint|p2a: Golem\n|\n|upkeep\n|inactive|Time left: 300 sec this turn | 300 sec total | 5 sec grace\n|\n|t:|1783547512\n|switch|p2a: Urshifu|Urshifu, L74, F|270/270\n|turn|5\n|inactive|Time left: 300 sec this turn | 300 sec total\n|\n|t:|1783547513\n|move|p2a: Urshifu|Wicked Blow|p1a: Rotom\n|-crit|p1a: Rotom\n|-damage|p1a: Rotom|0 fnt\n|faint|p1a: Rotom\n|\n|upkeep\n|\n|t:|1783547514\n|switch|p1a: Dedenne|Dedenne, L88, M|100/100\n|turn|6\n|inactive|Time left: 300 sec this turn | 300 sec total\n|\n|t:|1783547515\n|switch|p2a: Ho-Oh|Ho-Oh, L71|268/268\n|move|p1a: Dedenne|Thunderbolt|p2a: Ho-Oh\n|-supereffective|p2a: Ho-Oh\n|-damage|p2a: Ho-Oh|116/268\n|\n|upkeep\n|turn|7\n|inactive|Time left: 300 sec this turn | 300 sec total\n|\n|t:|1783547517\n|switch|p2a: Oinkologne|Oinkologne-F, L92, F|361/361\n|move|p1a: Dedenne|Thunderbolt|p2a: Oinkologne\n|-damage|p2a: Oinkologne|274/361\n|\n|-heal|p2a: Oinkologne|296/361|[from] item: Leftovers\n|upkeep\n|turn|8\n|inactive|Time left: 300 sec this turn | 300 sec total\n|\n|t:|1783547518\n|move|p1a: Dedenne|Nuzzle|p2a: Oinkologne\n|-damage|p2a: Oinkologne|278/361\n|-status|p2a: Oinkologne|par\n|move|p2a: Oinkologne|Body Slam|p1a: Dedenne\n|-damage|p1a: Dedenne|46/100\n|-enditem|p1a: Dedenne|Sitrus Berry|[eat]\n|-heal|p1a: Dedenne|71/100|[from] item: Sitrus Berry\n|-heal|p1a: Dedenne|100/100|[from] ability: Cheek Pouch\n|\n|-heal|p2a: Oinkologne|300/361 par|[from] item: Leftovers\n|upkeep\n|turn|9\n|inactive|Time left: 300 sec this turn | 300 sec total\n|\n|t:|1783547519\n|move|p1a: Dedenne|Thunderbolt|p2a: Oinkologne\n|-damage|p2a: Oinkologne|213/361 par\n|move|p2a: Oinkologne|Body Slam|p1a: Dedenne\n|-damage|p1a: Dedenne|52/100\n|\n|-heal|p2a: Oinkologne|235/361 par|[from] item: Leftovers\n|upkeep\n|turn|10\n|inactive|Time left: 300 sec this turn | 300 sec total\n|\n|t:|1783547520\n|switch|p1a: Mandibuzz|Mandibuzz, L85, F|100/100\n|move|p2a: Oinkologne|Body Slam|p1a: Mandibuzz\n|-damage|p1a: Mandibuzz|71/100\n|\n|-heal|p2a: Oinkologne|257/361 par|[from] item: Leftovers\n|upkeep\n|turn|11\n|inactive|Time left: 300 sec this turn | 300 sec total\n|\n|t:|1783547521\n|move|p1a: Mandibuzz|Knock Off|p2a: Oinkologne\n|-damage|p2a: Oinkologne|166/361 par\n|-enditem|p2a: Oinkologne|Leftovers|[from] move: Knock Off|[of] p1a: Mandibuzz\n|move|p2a: Oinkologne|Body Slam|p1a: Mandibuzz\n|-damage|p1a: Mandibuzz|44/100\n|\n|upkeep\n|turn|12\n|inactive|Time left: 300 sec this turn | 300 sec total\n|\n|t:|1783547522\n|move|p1a: Mandibuzz|Roost|p1a: Mandibuzz\n|-heal|p1a: Mandibuzz|94/100\n|-singleturn|p1a: Mandibuzz|move: Roost\n|move|p2a: Oinkologne|Body Slam|p1a: Mandibuzz\n|-damage|p1a: Mandibuzz|69/100\n|\n|upkeep\n|turn|13\n|inactive|Time left: 300 sec this turn | 300 sec total\n|\n|t:|1783547523\n|move|p1a: Mandibuzz|Roost|p1a: Mandibuzz\n|-heal|p1a: Mandibuzz|100/100\n|-singleturn|p1a: Mandibuzz|move: Roost\n|move|p2a: Oinkologne|Body Slam|p1a: Mandibuzz\n|-damage|p1a: Mandibuzz|75/100\n|\n|upkeep\n|turn|14\n|inactive|Time left: 300 sec this turn | 300 sec total\n|\n|t:|1783547524\n|move|p1a: Mandibuzz|Roost|p1a: Mandibuzz\n|-heal|p1a: Mandibuzz|100/100\n|-singleturn|p1a: Mandibuzz|move: Roost\n|move|p2a: Oinkologne|Body Slam|p1a: Mandibuzz\n|-damage|p1a: Mandibuzz|75/100\n|\n|upkeep\n|turn|15\n|inactive|Time left: 300 sec this turn | 300 sec total\n|\n|t:|1783547526\n|move|p1a: Mandibuzz|Roost|p1a: Mandibuzz\n|-heal|p1a: Mandibuzz|100/100\n|-singleturn|p1a: Mandibuzz|move: Roost\n|move|p2a: Oinkologne|Body Slam|p1a: Mandibuzz\n|-crit|p1a: Mandibuzz\n|-damage|p1a: Mandibuzz|61/100\n|-status|p1a: Mandibuzz|par\n|\n|upkeep\n|turn|16\n|inactive|Time left: 300 sec this turn | 300 sec total\n|\n|t:|1783547527\n|move|p1a: Mandibuzz|Roost|p1a: Mandibuzz\n|-heal|p1a: Mandibuzz|100/100 par\n|-singleturn|p1a: Mandibuzz|move: Roost\n|move|p2a: Oinkologne|Body Slam|p1a: Mandibuzz\n|-damage|p1a: Mandibuzz|75/100 par\n|\n|upkeep\n|turn|17\n|inactive|Time left: 300 sec this turn | 300 sec total\n|\n|t:|1783547528\n|move|p1a: Mandibuzz|Knock Off|p2a: Oinkologne\n|-damage|p2a: Oinkologne|106/361 par\n|cant|p2a: Oinkologne|par\n|\n|upkeep\n|turn|18\n|inactive|Time left: 300 sec this turn | 300 sec total\n|\n|t:|1783547529\n|move|p1a: Mandibuzz|Brave Bird|p2a: Oinkologne\n|-damage|p2a: Oinkologne|0 fnt\n|faint|p2a: Oinkologne\n|-damage|p1a: Mandibuzz|64/100 par|[from] Recoil\n|\n|upkeep\n|inactive|Time left: 300 sec this turn | 300 sec total | 5 sec grace\n|\n|t:|1783547530\n|switch|p2a: Mimikyu|Mimikyu, L79, F|216/216\n|turn|19\n|inactive|Time left: 300 sec this turn | 300 sec total\n|\n|t:|1783547531\n|move|p2a: Mimikyu|Swords Dance|p2a: Mimikyu\n|-boost|p2a: Mimikyu|atk|2\n|move|p1a: Mandibuzz|Brave Bird|p2a: Mimikyu\n|-activate|p2a: Mimikyu|ability: Disguise\n|-damage|p2a: Mimikyu|216/216\n|detailschange|p2a: Mimikyu|Mimikyu-Busted, L79, F\n|-damage|p2a: Mimikyu|189/216|[from] pokemon: Mimikyu-Busted\n|\n|upkeep\n|turn|20\n|inactive|Time left: 300 sec this turn | 300 sec total\n|\n|t:|1783547532\n|move|p2a: Mimikyu|Play Rough|p1a: Mandibuzz\n|-supereffective|p1a: Mandibuzz\n|-damage|p1a: Mandibuzz|0 fnt\n|faint|p1a: Mandibuzz\n|-damage|p2a: Mimikyu|168/216|[from] item: Life Orb\n|\n|upkeep\n|\n|t:|1783547533\n|switch|p1a: Jirachi|Jirachi, L80|100/100\n|turn|21\n|inactive|Time left: 300 sec this turn | 300 sec total\n|\n|t:|1783547534\n|switch|p2a: Ho-Oh|Ho-Oh, L71|205/268\n|move|p1a: Jirachi|Iron Head|p2a: Ho-Oh\n|-resisted|p2a: Ho-Oh\n|-damage|p2a: Ho-Oh|160/268\n|\n|upkeep\n|turn|22\n|inactive|Time left: 300 sec this turn | 300 sec total\n|\n|t:|1783547535\n|move|p1a: Jirachi|Iron Head|p2a: Ho-Oh\n|-resisted|p2a: Ho-Oh\n|-damage|p2a: Ho-Oh|115/268\n|move|p2a: Ho-Oh|Sacred Fire|p1a: Jirachi\n|-supereffective|p1a: Jirachi\n|-damage|p1a: Jirachi|40/100\n|-status|p1a: Jirachi|brn\n|\n|-heal|p1a: Jirachi|46/100 brn|[from] item: Leftovers\n|-damage|p1a: Jirachi|40/100 brn|[from] brn\n|upkeep\n|turn|23\n|inactive|Time left: 300 sec this turn | 300 sec total\n|\n|t:|1783547536\n|move|p1a: Jirachi|Stealth Rock|p2a: Ho-Oh\n|-sidestart|p2: p0y663b7f9|move: Stealth Rock\n|move|p2a: Ho-Oh|Recover|p2a: Ho-Oh\n|-heal|p2a: Ho-Oh|249/268\n|\n|-heal|p1a: Jirachi|46/100 brn|[from] item: Leftovers\n|-damage|p1a: Jirachi|40/100 brn|[from] brn\n|upkeep\n|turn|24\n|inactive|Time left: 300 sec this turn | 300 sec total\n|\n|t:|1783547538\n|move|p1a: Jirachi|Iron Head|p2a: Ho-Oh\n|-resisted|p2a: Ho-Oh\n|-damage|p2a: Ho-Oh|226/268\n|cant|p2a: Ho-Oh|flinch\n|\n|-heal|p1a: Jirachi|46/100 brn|[from] item: Leftovers\n|-damage|p1a: Jirachi|40/100 brn|[from] brn\n|upkeep\n|turn|25\n|inactive|Time left: 300 sec this turn | 300 sec total\n|\n|t:|1783547539\n|move|p1a: Jirachi|Iron Head|p2a: Ho-Oh\n|-resisted|p2a: Ho-Oh\n|-damage|p2a: Ho-Oh|204/268\n|move|p2a: Ho-Oh|Sacred Fire|p1a: Jirachi\n|-supereffective|p1a: Jirachi\n|-damage|p1a: Jirachi|0 fnt\n|faint|p1a: Jirachi\n|\n|upkeep\n|\n|t:|1783547540\n|switch|p1a: Dachsbun|Dachsbun, L92, M|100/100\n|turn|26\n|inactive|Time left: 300 sec this turn | 300 sec total\n|\n|t:|1783547541\n|switch|p2a: Venomoth|Venomoth, L84, M|255/255\n|move|p1a: Dachsbun|Yawn|p2a: Venomoth\n|-start|p2a: Venomoth|move: Yawn|[of] p1a: Dachsbun\n|\n|upkeep\n|turn|27\n|inactive|Time left: 300 sec this turn | 300 sec total\n|\n|t:|1783547542\n|move|p1a: Dachsbun|Play Rough|p2a: Venomoth\n|-resisted|p2a: Venomoth\n|-damage|p2a: Venomoth|193/255\n|move|p2a: Venomoth|Quiver Dance|p2a: Venomoth\n|-boost|p2a: Venomoth|spa|1\n|-boost|p2a: Venomoth|spd|1\n|-boost|p2a: Venomoth|spe|1\n|\n|-end|p2a: Venomoth|move: Yawn|[silent]\n|-status|p2a: Venomoth|slp\n|upkeep\n|turn|28\n|inactive|Time left: 300 sec this turn | 300 sec total\n|\n|t:|1783547543\n|cant|p2a: Venomoth|slp\n|move|p1a: Dachsbun|Play Rough|p2a: Venomoth\n|-resisted|p2a: Venomoth\n|-damage|p2a: Venomoth|129/255 slp\n|\n|upkeep\n|turn|29\n|inactive|Time left: 300 sec this turn | 300 sec total\n|\n|t:|1783547544\n|switch|p1a: Hypno|Hypno, L95, M|100/100\n|cant|p2a: Venomoth|slp\n|\n|upkeep\n|turn|30\n|inactive|Time left: 300 sec this turn | 300 sec total\n|\n|t:|1783547545\n|cant|p2a: Venomoth|slp\n|move|p1a: Hypno|Knock Off|p2a: Venomoth\n|-damage|p2a: Venomoth|37/255 slp\n|-enditem|p2a: Venomoth|Heavy-Duty Boots|[from] move: Knock Off|[of] p1a: Hypno\n|\n|upkeep\n|turn|31\n|inactive|Time left: 300 sec this turn | 300 sec total\n|\n|t:|1783547546\n|-curestatus|p2a: Venomoth|slp|[msg]\n|move|p2a: Venomoth|Bug Buzz|p1a: Hypno\n|-supereffective|p1a: Hypno\n|-damage|p1a: Hypno|41/100\n|move|p1a: Hypno|Psychic Noise|p2a: Venomoth\n|-supereffective|p2a: Venomoth\n|-damage|p2a: Venomoth|0 fnt\n|faint|p2a: Venomoth\n|\n|-heal|p1a: Hypno|47/100|[from] item: Leftovers\n|upkeep\n|inactive|Time left: 300 sec this turn | 300 sec total | 5 sec grace\n|\n|t:|1783547547\n|switch|p2a: Urshifu|Urshifu, L74, F|270/270\n|-damage|p2a: Urshifu|254/270|[from] Stealth Rock\n|turn|32\n|inactive|Time left: 300 sec this turn | 300 sec total\n|\n|t:|1783547548\n|switch|p1a: Dachsbun|Dachsbun, L92, M|100/100\n|move|p2a: Urshifu|Wicked Blow|p1a: Dachsbun\n|-resisted|p1a: Dachsbun\n|-crit|p1a: Dachsbun\n|-damage|p1a: Dachsbun|82/100\n|\n|-heal|p1a: Dachsbun|88/100|[from] item: Leftovers\n|upkeep\n|turn|33\n|inactive|Time left: 300 sec this turn | 300 sec total\n|\n|t:|1783547549\n|switch|p2a: Ho-Oh|Ho-Oh, L71|268/268\n|move|p1a: Dachsbun|Play Rough|p2a: Ho-Oh\n|-resisted|p2a: Ho-Oh\n|-damage|p2a: Ho-Oh|209/268\n|\n|-heal|p1a: Dachsbun|94/100|[from] item: Leftovers\n|upkeep\n|turn|34\n|inactive|Time left: 300 sec this turn | 300 sec total\n|\n|t:|1783547550\n|move|p1a: Dachsbun|Play Rough|p2a: Ho-Oh\n|-resisted|p2a: Ho-Oh\n|-damage|p2a: Ho-Oh|152/268\n|move|p2a: Ho-Oh|Brave Bird|p1a: Dachsbun\n|-damage|p1a: Dachsbun|62/100\n|-damage|p2a: Ho-Oh|125/268|[from] Recoil\n|\n|-heal|p1a: Dachsbun|67/100|[from] item: Leftovers\n|upkeep\n|turn|35\n|inactive|Time left: 300 sec this turn | 300 sec total\n|\n|t:|1783547551\n|move|p1a: Dachsbun|Play Rough|p2a: Ho-Oh|[miss]\n|-miss|p1a: Dachsbun|p2a: Ho-Oh\n|move|p2a: Ho-Oh|Recover|p2a: Ho-Oh\n|-heal|p2a: Ho-Oh|259/268\n|\n|-heal|p1a: Dachsbun|73/100|[from] item: Leftovers\n|upkeep\n|turn|36\n|inactive|Time left: 300 sec this turn | 300 sec total\n|\n|t:|1783547552\n|move|p1a: Dachsbun|Wish|p1a: Dachsbun\n|move|p2a: Ho-Oh|Brave Bird|p1a: Dachsbun\n|-damage|p1a: Dachsbun|41/100\n|-damage|p2a: Ho-Oh|232/268|[from] Recoil\n|\n|-heal|p1a: Dachsbun|47/100|[from] item: Leftovers\n|upkeep\n|turn|37\n|inactive|Time left: 300 sec this turn | 300 sec total\n|\n|t:|1783547554\n|move|p1a: Dachsbun|Yawn|p2a: Ho-Oh\n|-start|p2a: Ho-Oh|move: Yawn|[of] p1a: Dachsbun\n|move|p2a: Ho-Oh|Earthquake|p1a: Dachsbun\n|-damage|p1a: Dachsbun|29/100\n|\n|-heal|p1a: Dachsbun|79/100|[from] move: Wish|[wisher] Dachsbun\n|-heal|p1a: Dachsbun|85/100|[from] item: Leftovers\n|upkeep\n|turn|38\n|inactive|Time left: 300 sec this turn | 300 sec total\n|\n|t:|1783547555\n|move|p1a: Dachsbun|Play Rough|p2a: Ho-Oh\n|-resisted|p2a: Ho-Oh\n|-damage|p2a: Ho-Oh|173/268\n|-unboost|p2a: Ho-Oh|atk|1\n|move|p2a: Ho-Oh|Recover|p2a: Ho-Oh\n|-heal|p2a: Ho-Oh|268/268\n|\n|-heal|p1a: Dachsbun|91/100|[from] item: Leftovers\n|-end|p2a: Ho-Oh|move: Yawn|[silent]\n|-status|p2a: Ho-Oh|slp\n|upkeep\n|turn|39\n|inactive|Time left: 300 sec this turn | 300 sec total\n|\n|t:|1783547556\n|move|p1a: Dachsbun|Play Rough|p2a: Ho-Oh\n|-resisted|p2a: Ho-Oh\n|-damage|p2a: Ho-Oh|217/268 slp\n|cant|p2a: Ho-Oh|slp\n|\n|-heal|p1a: Dachsbun|97/100|[from] item: Leftovers\n|upkeep\n|turn|40\n|inactive|Time left: 300 sec this turn | 300 sec total\n|\n|t:|1783547557\n|move|p1a: Dachsbun|Play Rough|p2a: Ho-Oh\n|-resisted|p2a: Ho-Oh\n|-damage|p2a: Ho-Oh|157/268 slp\n|cant|p2a: Ho-Oh|slp\n|\n|-heal|p1a: Dachsbun|100/100|[from] item: Leftovers\n|upkeep\n|turn|41\n|inactive|Time left: 300 sec this turn | 300 sec total\n|\n|t:|1783547558\n|move|p1a: Dachsbun|Play Rough|p2a: Ho-Oh\n|-resisted|p2a: Ho-Oh\n|-damage|p2a: Ho-Oh|102/268 slp\n|cant|p2a: Ho-Oh|slp\n|\n|upkeep\n|turn|42\n|inactive|Time left: 300 sec this turn | 300 sec total\n|\n|t:|1783547559\n|move|p1a: Dachsbun|Play Rough|p2a: Ho-Oh\n|-resisted|p2a: Ho-Oh\n|-damage|p2a: Ho-Oh|41/268 slp\n|-curestatus|p2a: Ho-Oh|slp|[msg]\n|move|p2a: Ho-Oh|Recover|p2a: Ho-Oh\n|-heal|p2a: Ho-Oh|175/268\n|\n|upkeep\n|turn|43\n|inactive|Time left: 300 sec this turn | 300 sec total\n|\n|t:|1783547560\n|move|p1a: Dachsbun|Play Rough|p2a: Ho-Oh\n|-resisted|p2a: Ho-Oh\n|-damage|p2a: Ho-Oh|115/268\n|move|p2a: Ho-Oh|Recover|p2a: Ho-Oh\n|-heal|p2a: Ho-Oh|249/268\n|\n|upkeep\n|turn|44\n|inactive|Time left: 300 sec this turn | 300 sec total\n|\n|t:|1783547562\n|move|p1a: Dachsbun|Play Rough|p2a: Ho-Oh\n|-resisted|p2a: Ho-Oh\n|-damage|p2a: Ho-Oh|192/268\n|move|p2a: Ho-Oh|Recover|p2a: Ho-Oh\n|-heal|p2a: Ho-Oh|268/268\n|\n|upkeep\n|turn|45\n|inactive|Time left: 300 sec this turn | 300 sec total\n|\n|t:|1783547563\n|move|p1a: Dachsbun|Play Rough|p2a: Ho-Oh\n|-resisted|p2a: Ho-Oh\n|-damage|p2a: Ho-Oh|211/268\n|move|p2a: Ho-Oh|Brave Bird|p1a: Dachsbun\n|-damage|p1a: Dachsbun|80/100\n|-damage|p2a: Ho-Oh|194/268|[from] Recoil\n|\n|-heal|p1a: Dachsbun|86/100|[from] item: Leftovers\n|upkeep\n|turn|46\n|inactive|Time left: 300 sec this turn | 300 sec total\n|\n|t:|1783547564\n|move|p1a: Dachsbun|Play Rough|p2a: Ho-Oh\n|-resisted|p2a: Ho-Oh\n|-damage|p2a: Ho-Oh|134/268\n|move|p2a: Ho-Oh|Brave Bird|p1a: Dachsbun\n|-damage|p1a: Dachsbun|63/100\n|-damage|p2a: Ho-Oh|115/268|[from] Recoil\n|\n|-heal|p1a: Dachsbun|69/100|[from] item: Leftovers\n|upkeep\n|turn|47\n|inactive|Time left: 300 sec this turn | 300 sec total\n|\n|t:|1783547565\n|move|p1a: Dachsbun|Play Rough|p2a: Ho-Oh\n|-resisted|p2a: Ho-Oh\n|-damage|p2a: Ho-Oh|59/268\n|move|p2a: Ho-Oh|Recover|p2a: Ho-Oh\n|-heal|p2a: Ho-Oh|193/268\n|\n|-heal|p1a: Dachsbun|75/100|[from] item: Leftovers\n|upkeep\n|turn|48\n|inactive|Time left: 300 sec this turn | 300 sec total\n|\n|t:|1783547566\n|switch|p2a: Mimikyu|Mimikyu-Busted, L79, F|168/216\n|-damage|p2a: Mimikyu|141/216|[from] Stealth Rock\n|move|p1a: Dachsbun|Wish|p1a: Dachsbun\n|\n|-heal|p1a: Dachsbun|81/100|[from] item: Leftovers\n|upkeep\n|turn|49\n|inactive|Time left: 300 sec this turn | 300 sec total\n|\n|t:|1783547567\n|move|p1a: Dachsbun|Play Rough|p2a: Mimikyu|[miss]\n|-miss|p1a: Dachsbun|p2a: Mimikyu\n|move|p2a: Mimikyu|Swords Dance|p2a: Mimikyu\n|-boost|p2a: Mimikyu|atk|2\n|\n|-heal|p1a: Dachsbun|100/100|[from] move: Wish|[wisher] Dachsbun\n|upkeep\n|turn|50\n|inactive|Time left: 300 sec this turn | 300 sec total\n|\n|t:|1783547568\n|move|p1a: Dachsbun|Yawn|p2a: Mimikyu\n|-start|p2a: Mimikyu|move: Yawn|[of] p1a: Dachsbun\n|move|p2a: Mimikyu|Swords Dance|p2a: Mimikyu\n|-boost|p2a: Mimikyu|atk|2\n|\n|upkeep\n|turn|51\n|inactive|Time left: 300 sec this turn | 300 sec total\n|\n|t:|1783547569\n|move|p1a: Dachsbun|Protect|p1a: Dachsbun\n|-singleturn|p1a: Dachsbun|Protect\n|move|p2a: Mimikyu|Play Rough|p1a: Dachsbun\n|-activate|p1a: Dachsbun|move: Protect\n|\n|-end|p2a: Mimikyu|move: Yawn|[silent]\n|-status|p2a: Mimikyu|slp\n|upkeep\n|turn|52\n|inactive|Time left: 300 sec this turn | 300 sec total\n|\n|t:|1783547569\n|switch|p1a: Dedenne|Dedenne, L88, M|52/100\n|cant|p2a: Mimikyu|slp\n|\n|upkeep\n|turn|53\n|inactive|Time left: 300 sec this turn | 300 sec total\n|\n|t:|1783547570\n|cant|p2a: Mimikyu|slp\n|move|p1a: Dedenne|Dazzling Gleam|p2a: Mimikyu\n|-damage|p2a: Mimikyu|62/216 slp\n|\n|upkeep\n|turn|54\n|inactive|Time left: 300 sec this turn | 300 sec total\n|\n|t:|1783547571\n|cant|p2a: Mimikyu|slp\n|move|p1a: Dedenne|Thunderbolt|p2a: Mimikyu\n|-damage|p2a: Mimikyu|0 fnt\n|faint|p2a: Mimikyu\n|\n|upkeep\n|inactive|Time left: 300 sec this turn | 300 sec total | 5 sec grace\n|\n|t:|1783547572\n|switch|p2a: Urshifu|Urshifu, L74, F|254/270\n|-damage|p2a: Urshifu|238/270|[from] Stealth Rock\n|turn|55\n|inactive|Time left: 300 sec this turn | 300 sec total\n|\n|t:|1783547573\n|-terastallize|p1a: Dedenne|Flying\n|move|p2a: Urshifu|Poison Jab|p1a: Dedenne\n|-damage|p1a: Dedenne|23/100\n|move|p1a: Dedenne|Dazzling Gleam|p2a: Urshifu\n|-supereffective|p2a: Urshifu\n|-damage|p2a: Urshifu|0 fnt\n|faint|p2a: Urshifu\n|\n|upkeep\n|inactive|Time left: 300 sec this turn | 300 sec total | 5 sec grace\n|\n|t:|1783547574\n|switch|p2a: Ho-Oh|Ho-Oh, L71|268/268\n|turn|56\n|inactive|Time left: 300 sec this turn | 300 sec total\n|\n|t:|1783547575\n|move|p1a: Dedenne|Thunderbolt|p2a: Ho-Oh\n|-supereffective|p2a: Ho-Oh\n|-crit|p2a: Ho-Oh\n|-damage|p2a: Ho-Oh|58/268\n|move|p2a: Ho-Oh|Brave Bird|p1a: Dedenne\n|-damage|p1a: Dedenne|0 fnt\n|faint|p1a: Dedenne\n|-damage|p2a: Ho-Oh|38/268|[from] Recoil\n|\n|upkeep\n|\n|t:|1783547576\n|switch|p1a: Hypno|Hypno, L95, M|47/100\n|turn|57\n|inactive|Time left: 300 sec this turn | 300 sec total\n|\n|t:|1783547577\n|-terastallize|p2a: Ho-Oh|Ground\n|move|p1a: Hypno|Knock Off|p2a: Ho-Oh\n|-damage|p2a: Ho-Oh|0 fnt\n|-enditem|p2a: Ho-Oh|Heavy-Duty Boots|[from] move: Knock Off|[of] p1a: Hypno\n|faint|p2a: Ho-Oh\n|\n|win|p0x66309a4", "uploadtime": 1783547577, "views": 0, "rating": 0, "private": 0, "password": null, "_winner": "p0x66309a4", "_our_name": "p0y663b7f9"}