{"id": "battle-gen9randombattle-2868", "formatid": "gen9randombattle", "format": "[Gen 9] Random Battle", "players": ["p0x28683e78", "p0y2868ede0"], "log": "|init|battle\n|title|p0x28683e78 vs. p0y2868ede0\n|j|\u2606p0x28683e78\n|j|\u2606p0y2868ede0\n|t:|1783573024\n|gametype|singles\n|player|p1|p0x28683e78|266|\n|player|p2|p0y2868ede0|2|\n|gen|9\n|tier|[Gen 9] Random Battle\n|rule|Species Clause: Limit one of each Pok\u00e9mon\n|rule|HP Percentage Mod: HP is shown in percentages\n|rule|Sleep Clause Mod: Limit one foe put to sleep\n|rule|Illusion Level Mod: Illusion disguises the Pok\u00e9mon's true level\n|\n|t:|1783573024\n|teamsize|p1|6\n|teamsize|p2|6\n|start\n|switch|p1a: Dunsparce|Dunsparce, L86, M|312/312\n|switch|p2a: Ogerpon|Ogerpon-Wellspring, L76, F|100/100\n|turn|1\n|inactive|Battle timer is ON: inactive players will automatically lose when time's up. (requested by p0y2868ede0)\n|inactive|Time left: 300 sec this turn | 300 sec total | 60 sec grace\n|inactive|p0x28683e78 also wants the timer to be on.\n|\n|t:|1783573026\n|move|p2a: Ogerpon|Ivy Cudgel|p1a: Dunsparce|[anim] Ivy Cudgel Water\n|-crit|p1a: Dunsparce\n|-damage|p1a: Dunsparce|158/312\n|move|p1a: Dunsparce|Body Slam|p2a: Ogerpon\n|-damage|p2a: Ogerpon|69/100\n|-status|p2a: Ogerpon|par\n|\n|upkeep\n|turn|2\n|inactive|Time left: 300 sec this turn | 300 sec total\n|\n|t:|1783573027\n|move|p1a: Dunsparce|Coil|p1a: Dunsparce\n|-boost|p1a: Dunsparce|atk|1\n|-boost|p1a: Dunsparce|def|1\n|-boost|p1a: Dunsparce|accuracy|1\n|move|p2a: Ogerpon|Wood Hammer|p1a: Dunsparce\n|-damage|p1a: Dunsparce|80/312\n|-damage|p2a: Ogerpon|58/100 par|[from] Recoil\n|\n|upkeep\n|turn|3\n|inactive|Time left: 300 sec this turn | 300 sec total\n|\n|t:|1783573028\n|move|p1a: Dunsparce|Roost|p1a: Dunsparce\n|-heal|p1a: Dunsparce|236/312\n|-singleturn|p1a: Dunsparce|move: Roost\n|move|p2a: Ogerpon|Ivy Cudgel|p1a: Dunsparce|[anim] Ivy Cudgel Water\n|-damage|p1a: Dunsparce|173/312\n|\n|upkeep\n|turn|4\n|inactive|Time left: 300 sec this turn | 300 sec total\n|\n|t:|1783573029\n|move|p1a: Dunsparce|Body Slam|p2a: Ogerpon\n|-damage|p2a: Ogerpon|7/100 par\n|move|p2a: Ogerpon|Synthesis|p2a: Ogerpon\n|-heal|p2a: Ogerpon|57/100 par\n|\n|upkeep\n|turn|5\n|inactive|Time left: 300 sec this turn | 300 sec total\n|\n|t:|1783573030\n|move|p1a: Dunsparce|Roost|p1a: Dunsparce\n|-heal|p1a: Dunsparce|312/312\n|-singleturn|p1a: Dunsparce|move: Roost\n|cant|p2a: Ogerpon|par\n|\n|upkeep\n|turn|6\n|inactive|Time left: 300 sec this turn | 300 sec total\n|\n|t:|1783573031\n|move|p1a: Dunsparce|Body Slam|p2a: Ogerpon\n|-damage|p2a: Ogerpon|5/100 par\n|move|p2a: Ogerpon|Synthesis|p2a: Ogerpon\n|-heal|p2a: Ogerpon|54/100 par\n|\n|upkeep\n|turn|7\n|inactive|Time left: 300 sec this turn | 300 sec total\n|\n|t:|1783573032\n|switch|p2a: Dondozo|Dondozo, L78, M|100/100\n|move|p1a: Dunsparce|Body Slam|p2a: Dondozo\n|-damage|p2a: Dondozo|83/100\n|-status|p2a: Dondozo|par\n|\n|-heal|p2a: Dondozo|89/100 par|[from] item: Leftovers\n|upkeep\n|turn|8\n|inactive|Time left: 300 sec this turn | 300 sec total\n|\n|t:|1783573033\n|move|p1a: Dunsparce|Coil|p1a: Dunsparce\n|-boost|p1a: Dunsparce|atk|1\n|-boost|p1a: Dunsparce|def|1\n|-boost|p1a: Dunsparce|accuracy|1\n|move|p2a: Dondozo|Wave Crash|p1a: Dunsparce\n|-damage|p1a: Dunsparce|224/312\n|-damage|p2a: Dondozo|81/100 par|[from] Recoil\n|\n|-heal|p2a: Dondozo|87/100 par|[from] item: Leftovers\n|upkeep\n|turn|9\n|inactive|Time left: 300 sec this turn | 300 sec total\n|\n|t:|1783573034\n|move|p1a: Dunsparce|Body Slam|p2a: Dondozo\n|-damage|p2a: Dondozo|68/100 par\n|move|p2a: Dondozo|Wave Crash|p1a: Dunsparce\n|-damage|p1a: Dunsparce|137/312\n|-damage|p2a: Dondozo|60/100 par|[from] Recoil\n|\n|-heal|p2a: Dondozo|66/100 par|[from] item: Leftovers\n|upkeep\n|turn|10\n|inactive|Time left: 300 sec this turn | 300 sec total\n|\n|t:|1783573035\n|move|p1a: Dunsparce|Roost|p1a: Dunsparce\n|-heal|p1a: Dunsparce|293/312\n|-singleturn|p1a: Dunsparce|move: Roost\n|cant|p2a: Dondozo|par\n|\n|-heal|p2a: Dondozo|72/100 par|[from] item: Leftovers\n|upkeep\n|turn|11\n|inactive|Time left: 300 sec this turn | 300 sec total\n|\n|t:|1783573036\n|move|p1a: Dunsparce|Body Slam|p2a: Dondozo\n|-damage|p2a: Dondozo|53/100 par\n|move|p2a: Dondozo|Wave Crash|p1a: Dunsparce\n|-damage|p1a: Dunsparce|202/312\n|-damage|p2a: Dondozo|45/100 par|[from] Recoil\n|\n|-heal|p2a: Dondozo|51/100 par|[from] item: Leftovers\n|upkeep\n|turn|12\n|inactive|Time left: 300 sec this turn | 300 sec total\n|\n|t:|1783573037\n|move|p1a: Dunsparce|Roost|p1a: Dunsparce\n|-heal|p1a: Dunsparce|312/312\n|-singleturn|p1a: Dunsparce|move: Roost\n|move|p2a: Dondozo|Rest|p2a: Dondozo\n|-status|p2a: Dondozo|slp|[from] move: Rest\n|-heal|p2a: Dondozo|100/100 slp|[silent]\n|\n|upkeep\n|turn|13\n|inactive|Time left: 300 sec this turn | 300 sec total\n|\n|t:|1783573038\n|move|p1a: Dunsparce|Body Slam|p2a: Dondozo\n|-damage|p2a: Dondozo|82/100 slp\n|cant|p2a: Dondozo|slp\n|move|p2a: Dondozo|Sleep Talk|p2a: Dondozo\n|move|p2a: Dondozo|Rest||[from] move: Sleep Talk|[still]\n|-fail|p2a: Dondozo\n|\n|-heal|p2a: Dondozo|88/100 slp|[from] item: Leftovers\n|upkeep\n|turn|14\n|inactive|Time left: 300 sec this turn | 300 sec total\n|\n|t:|1783573039\n|move|p1a: Dunsparce|Body Slam|p2a: Dondozo\n|-damage|p2a: Dondozo|71/100 slp\n|cant|p2a: Dondozo|slp\n|move|p2a: Dondozo|Sleep Talk|p2a: Dondozo\n|move|p2a: Dondozo|Wave Crash|p1a: Dunsparce|[from] move: Sleep Talk\n|-damage|p1a: Dunsparce|219/312\n|-damage|p2a: Dondozo|62/100 slp|[from] Recoil\n|\n|-heal|p2a: Dondozo|68/100 slp|[from] item: Leftovers\n|upkeep\n|turn|15\n|inactive|Time left: 300 sec this turn | 300 sec total\n|\n|t:|1783573040\n|move|p1a: Dunsparce|Roost|p1a: Dunsparce\n|-heal|p1a: Dunsparce|312/312\n|-singleturn|p1a: Dunsparce|move: Roost\n|-curestatus|p2a: Dondozo|slp|[msg]\n|move|p2a: Dondozo|Curse|p2a: Dondozo\n|-unboost|p2a: Dondozo|spe|1\n|-boost|p2a: Dondozo|atk|1\n|-boost|p2a: Dondozo|def|1\n|\n|-heal|p2a: Dondozo|74/100|[from] item: Leftovers\n|upkeep\n|turn|16\n|inactive|Time left: 300 sec this turn | 300 sec total\n|\n|t:|1783573041\n|move|p1a: Dunsparce|Body Slam|p2a: Dondozo\n|-damage|p2a: Dondozo|63/100\n|-status|p2a: Dondozo|par\n|move|p2a: Dondozo|Wave Crash|p1a: Dunsparce\n|-damage|p1a: Dunsparce|170/312\n|-damage|p2a: Dondozo|50/100 par|[from] Recoil\n|\n|-heal|p2a: Dondozo|56/100 par|[from] item: Leftovers\n|upkeep\n|turn|17\n|inactive|Time left: 300 sec this turn | 300 sec total\n|\n|t:|1783573042\n|move|p1a: Dunsparce|Roost|p1a: Dunsparce\n|-heal|p1a: Dunsparce|312/312\n|-singleturn|p1a: Dunsparce|move: Roost\n|move|p2a: Dondozo|Wave Crash|p1a: Dunsparce\n|-damage|p1a: Dunsparce|180/312\n|-damage|p2a: Dondozo|44/100 par|[from] Recoil\n|\n|-heal|p2a: Dondozo|50/100 par|[from] item: Leftovers\n|upkeep\n|turn|18\n|inactive|Time left: 300 sec this turn | 300 sec total\n|\n|t:|1783573043\n|move|p1a: Dunsparce|Roost|p1a: Dunsparce\n|-heal|p1a: Dunsparce|312/312\n|-singleturn|p1a: Dunsparce|move: Roost\n|move|p2a: Dondozo|Wave Crash|p1a: Dunsparce\n|-damage|p1a: Dunsparce|173/312\n|-damage|p2a: Dondozo|38/100 par|[from] Recoil\n|\n|-heal|p2a: Dondozo|44/100 par|[from] item: Leftovers\n|upkeep\n|turn|19\n|inactive|Time left: 300 sec this turn | 300 sec total\n|\n|t:|1783573044\n|move|p1a: Dunsparce|Roost|p1a: Dunsparce\n|-heal|p1a: Dunsparce|312/312\n|-singleturn|p1a: Dunsparce|move: Roost\n|move|p2a: Dondozo|Wave Crash|p1a: Dunsparce\n|-damage|p1a: Dunsparce|191/312\n|-damage|p2a: Dondozo|33/100 par|[from] Recoil\n|\n|-heal|p2a: Dondozo|39/100 par|[from] item: Leftovers\n|upkeep\n|turn|20\n|inactive|Time left: 300 sec this turn | 300 sec total\n|\n|t:|1783573045\n|move|p1a: Dunsparce|Body Slam|p2a: Dondozo\n|-damage|p2a: Dondozo|27/100 par\n|move|p2a: Dondozo|Wave Crash|p1a: Dunsparce\n|-damage|p1a: Dunsparce|52/312\n|-damage|p2a: Dondozo|14/100 par|[from] Recoil\n|\n|-heal|p2a: Dondozo|20/100 par|[from] item: Leftovers\n|upkeep\n|turn|21\n|inactive|Time left: 300 sec this turn | 300 sec total\n|\n|t:|1783573046\n|move|p1a: Dunsparce|Earthquake|p2a: Dondozo\n|-damage|p2a: Dondozo|11/100 par\n|move|p2a: Dondozo|Wave Crash|p1a: Dunsparce\n|-damage|p1a: Dunsparce|0 fnt\n|faint|p1a: Dunsparce\n|-damage|p2a: Dondozo|6/100 par|[from] Recoil\n|\n|-heal|p2a: Dondozo|12/100 par|[from] item: Leftovers\n|upkeep\n|inactive|Time left: 300 sec this turn | 300 sec total | 5 sec grace\n|\n|t:|1783573047\n|switch|p1a: Lokix|Lokix, L82, F|251/251\n|turn|22\n|inactive|Time left: 300 sec this turn | 300 sec total\n|\n|t:|1783573048\n|move|p1a: Lokix|U-turn|p2a: Dondozo\n|-damage|p2a: Dondozo|0 fnt\n|faint|p2a: Dondozo\n|inactive|Time left: 300 sec this turn | 300 sec total | 5 sec grace\n|\n|t:|1783573049\n|switch|p1a: Hitmontop|Hitmontop, L88, M|231/231|[from] U-turn\n|\n|upkeep\n|\n|t:|1783573050\n|switch|p2a: Porygon2|Porygon2, L81|100/100\n|-ability|p2a: Porygon2|Download|boost\n|-boost|p2a: Porygon2|atk|1\n|turn|23\n|inactive|Time left: 300 sec this turn | 300 sec total\n|\n|t:|1783573051\n|-terastallize|p2a: Porygon2|Fairy\n|move|p1a: Hitmontop|Bulk Up|p1a: Hitmontop\n|-boost|p1a: Hitmontop|atk|1\n|-boost|p1a: Hitmontop|def|1\n|move|p2a: Porygon2|Tera Blast|p1a: Hitmontop|[anim] Tera Blast Fairy\n|-supereffective|p1a: Hitmontop\n|-damage|p1a: Hitmontop|97/231\n|\n|-heal|p1a: Hitmontop|111/231|[from] item: Leftovers\n|upkeep\n|turn|24\n|inactive|Time left: 300 sec this turn | 300 sec total\n|\n|t:|1783573052\n|-terastallize|p1a: Hitmontop|Ice\n|move|p1a: Hitmontop|Triple Axel|p2a: Porygon2|[miss]\n|-miss|p1a: Hitmontop|p2a: Porygon2\n|move|p2a: Porygon2|Tera Blast|p1a: Hitmontop|[anim] Tera Blast Fairy\n|-damage|p1a: Hitmontop|53/231\n|\n|-heal|p1a: Hitmontop|67/231|[from] item: Leftovers\n|upkeep\n|turn|25\n|inactive|Time left: 300 sec this turn | 300 sec total\n|\n|t:|1783573053\n|switch|p2a: Salazzle|Salazzle, L83, F|100/100\n|move|p1a: Hitmontop|Triple Axel|p2a: Salazzle\n|-resisted|p2a: Salazzle\n|-crit|p2a: Salazzle\n|-damage|p2a: Salazzle|79/100\n|-hitcount|p2a: Salazzle|1\n|\n|-heal|p2a: Salazzle|85/100|[from] item: Leftovers\n|-heal|p1a: Hitmontop|81/231|[from] item: Leftovers\n|upkeep\n|turn|26\n|inactive|Time left: 300 sec this turn | 300 sec total\n|\n|t:|1783573053\n|switch|p1a: Garganacl|Garganacl, L80, M|291/291\n|move|p2a: Salazzle|Flamethrower|p1a: Garganacl\n|-resisted|p1a: Garganacl\n|-damage|p1a: Garganacl|234/291\n|\n|-heal|p2a: Salazzle|91/100|[from] item: Leftovers\n|-heal|p1a: Garganacl|252/291|[from] item: Leftovers\n|upkeep\n|turn|27\n|inactive|Time left: 300 sec this turn | 300 sec total\n|\n|t:|1783573054\n|switch|p2a: Porygon2|Porygon2, L81, tera:Fairy|100/100\n|-ability|p2a: Porygon2|Download|boost\n|-boost|p2a: Porygon2|spa|1\n|move|p1a: Garganacl|Salt Cure|p2a: Porygon2\n|-damage|p2a: Porygon2|89/100\n|-start|p2a: Porygon2|Salt Cure\n|\n|-heal|p1a: Garganacl|270/291|[from] item: Leftovers\n|-damage|p2a: Porygon2|77/100|[from] Salt Cure\n|upkeep\n|turn|28\n|inactive|Time left: 300 sec this turn | 300 sec total\n|\n|t:|1783573055\n|move|p2a: Porygon2|Tera Blast|p1a: Garganacl|[anim] Tera Blast Fairy\n|-damage|p1a: Garganacl|141/291\n|move|p1a: Garganacl|Salt Cure|p2a: Porygon2\n|-damage|p2a: Porygon2|67/100\n|\n|-heal|p1a: Garganacl|159/291|[from] item: Leftovers\n|-damage|p2a: Porygon2|55/100|[from] Salt Cure\n|upkeep\n|turn|29\n|inactive|Time left: 300 sec this turn | 300 sec total\n|\n|t:|1783573056\n|move|p2a: Porygon2|Tera Blast|p1a: Garganacl|[anim] Tera Blast Fairy\n|-damage|p1a: Garganacl|26/291\n|move|p1a: Garganacl|Recover|p1a: Garganacl\n|-heal|p1a: Garganacl|172/291\n|\n|-heal|p1a: Garganacl|190/291|[from] item: Leftovers\n|-damage|p2a: Porygon2|43/100|[from] Salt Cure\n|upkeep\n|turn|30\n|inactive|Time left: 300 sec this turn | 300 sec total\n|\n|t:|1783573057\n|move|p2a: Porygon2|Recover|p2a: Porygon2\n|-heal|p2a: Porygon2|93/100\n|move|p1a: Garganacl|Recover|p1a: Garganacl\n|-heal|p1a: Garganacl|291/291\n|\n|-damage|p2a: Porygon2|80/100|[from] Salt Cure\n|upkeep\n|turn|31\n|inactive|Time left: 300 sec this turn | 300 sec total\n|\n|t:|1783573058\n|move|p2a: Porygon2|Tera Blast|p1a: Garganacl|[anim] Tera Blast Fairy\n|-damage|p1a: Garganacl|162/291\n|move|p1a: Garganacl|Earthquake|p2a: Porygon2\n|-damage|p2a: Porygon2|64/100\n|\n|-heal|p1a: Garganacl|180/291|[from] item: Leftovers\n|-damage|p2a: Porygon2|52/100|[from] Salt Cure\n|upkeep\n|turn|32\n|inactive|Time left: 300 sec this turn | 300 sec total\n|\n|t:|1783573059\n|move|p2a: Porygon2|Recover|p2a: Porygon2\n|-heal|p2a: Porygon2|100/100\n|move|p1a: Garganacl|Recover|p1a: Garganacl\n|-heal|p1a: Garganacl|291/291\n|\n|-damage|p2a: Porygon2|88/100|[from] Salt Cure\n|upkeep\n|turn|33\n|inactive|Time left: 300 sec this turn | 300 sec total\n|\n|t:|1783573060\n|move|p2a: Porygon2|Tera Blast|p1a: Garganacl|[anim] Tera Blast Fairy\n|-damage|p1a: Garganacl|159/291\n|move|p1a: Garganacl|Salt Cure|p2a: Porygon2\n|-damage|p2a: Porygon2|78/100\n|\n|-heal|p1a: Garganacl|177/291|[from] item: Leftovers\n|-damage|p2a: Porygon2|66/100|[from] Salt Cure\n|upkeep\n|turn|34\n|inactive|Time left: 300 sec this turn | 300 sec total\n|\n|t:|1783573061\n|move|p2a: Porygon2|Tera Blast|p1a: Garganacl|[anim] Tera Blast Fairy\n|-damage|p1a: Garganacl|47/291\n|move|p1a: Garganacl|Recover|p1a: Garganacl\n|-heal|p1a: Garganacl|193/291\n|\n|-heal|p1a: Garganacl|211/291|[from] item: Leftovers\n|-damage|p2a: Porygon2|54/100|[from] Salt Cure\n|upkeep\n|turn|35\n|inactive|Time left: 300 sec this turn | 300 sec total\n|\n|t:|1783573062\n|move|p2a: Porygon2|Recover|p2a: Porygon2\n|-heal|p2a: Porygon2|100/100\n|move|p1a: Garganacl|Recover|p1a: Garganacl\n|-heal|p1a: Garganacl|291/291\n|\n|-damage|p2a: Porygon2|88/100|[from] Salt Cure\n|upkeep\n|turn|36\n|inactive|Time left: 300 sec this turn | 300 sec total\n|\n|t:|1783573063\n|move|p2a: Porygon2|Tera Blast|p1a: Garganacl|[anim] Tera Blast Fairy\n|-damage|p1a: Garganacl|168/291\n|move|p1a: Garganacl|Salt Cure|p2a: Porygon2\n|-damage|p2a: Porygon2|78/100\n|\n|-heal|p1a: Garganacl|186/291|[from] item: Leftovers\n|-damage|p2a: Porygon2|66/100|[from] Salt Cure\n|upkeep\n|turn|37\n|inactive|Time left: 300 sec this turn | 300 sec total\n|\n|t:|1783573064\n|move|p2a: Porygon2|Tera Blast|p1a: Garganacl|[anim] Tera Blast Fairy\n|-damage|p1a: Garganacl|54/291\n|move|p1a: Garganacl|Recover|p1a: Garganacl\n|-heal|p1a: Garganacl|200/291\n|\n|-heal|p1a: Garganacl|218/291|[from] item: Leftovers\n|-damage|p2a: Porygon2|54/100|[from] Salt Cure\n|upkeep\n|turn|38\n|inactive|Time left: 300 sec this turn | 300 sec total\n|\n|t:|1783573065\n|move|p2a: Porygon2|Recover|p2a: Porygon2\n|-heal|p2a: Porygon2|100/100\n|move|p1a: Garganacl|Recover|p1a: Garganacl\n|-heal|p1a: Garganacl|291/291\n|\n|-damage|p2a: Porygon2|88/100|[from] Salt Cure\n|upkeep\n|turn|39\n|inactive|Time left: 300 sec this turn | 300 sec total\n|\n|t:|1783573066\n|move|p2a: Porygon2|Tera Blast|p1a: Garganacl|[anim] Tera Blast Fairy\n|-damage|p1a: Garganacl|159/291\n|move|p1a: Garganacl|Earthquake|p2a: Porygon2\n|-damage|p2a: Porygon2|71/100\n|\n|-heal|p1a: Garganacl|177/291|[from] item: Leftovers\n|-damage|p2a: Porygon2|59/100|[from] Salt Cure\n|upkeep\n|turn|40\n|inactive|Time left: 300 sec this turn | 300 sec total\n|\n|t:|1783573067\n|move|p2a: Porygon2|Tera Blast|p1a: Garganacl|[anim] Tera Blast Fairy\n|-damage|p1a: Garganacl|38/291\n|move|p1a: Garganacl|Recover|p1a: Garganacl\n|-heal|p1a: Garganacl|184/291\n|\n|-heal|p1a: Garganacl|202/291|[from] item: Leftovers\n|-damage|p2a: Porygon2|46/100|[from] Salt Cure\n|upkeep\n|turn|41\n|inactive|Time left: 300 sec this turn | 300 sec total\n|\n|t:|1783573068\n|move|p2a: Porygon2|Recover|p2a: Porygon2\n|-heal|p2a: Porygon2|96/100\n|move|p1a: Garganacl|Earthquake|p2a: Porygon2\n|-damage|p2a: Porygon2|80/100\n|\n|-heal|p1a: Garganacl|220/291|[from] item: Leftovers\n|-damage|p2a: Porygon2|68/100|[from] Salt Cure\n|upkeep\n|turn|42\n|inactive|Time left: 300 sec this turn | 300 sec total\n|\n|t:|1783573069\n|move|p2a: Porygon2|Tera Blast|p1a: Garganacl|[anim] Tera Blast Fairy\n|-damage|p1a: Garganacl|90/291\n|move|p1a: Garganacl|Earthquake|p2a: Porygon2\n|-damage|p2a: Porygon2|50/100\n|\n|-heal|p1a: Garganacl|108/291|[from] item: Leftovers\n|-damage|p2a: Porygon2|38/100|[from] Salt Cure\n|upkeep\n|turn|43\n|inactive|Time left: 300 sec this turn | 300 sec total\n|\n|t:|1783573070\n|move|p2a: Porygon2|Recover|p2a: Porygon2\n|-heal|p2a: Porygon2|88/100\n|move|p1a: Garganacl|Earthquake|p2a: Porygon2\n|-damage|p2a: Porygon2|72/100\n|\n|-heal|p1a: Garganacl|126/291|[from] item: Leftovers\n|-damage|p2a: Porygon2|60/100|[from] Salt Cure\n|upkeep\n|turn|44\n|inactive|Time left: 300 sec this turn | 300 sec total\n|\n|t:|1783573071\n|move|p1a: Garganacl|Protect|p1a: Garganacl\n|-singleturn|p1a: Garganacl|Protect\n|move|p2a: Porygon2|Tera Blast|p1a: Garganacl|[anim] Tera Blast Fairy\n|-activate|p1a: Garganacl|move: Protect\n|\n|-heal|p1a: Garganacl|144/291|[from] item: Leftovers\n|-damage|p2a: Porygon2|48/100|[from] Salt Cure\n|upkeep\n|turn|45\n|inactive|Time left: 300 sec this turn | 300 sec total\n|\n|t:|1783573072\n|move|p2a: Porygon2|Recover|p2a: Porygon2\n|-heal|p2a: Porygon2|98/100\n|move|p1a: Garganacl|Earthquake|p2a: Porygon2\n|-damage|p2a: Porygon2|79/100\n|\n|-heal|p1a: Garganacl|162/291|[from] item: Leftovers\n|-damage|p2a: Porygon2|67/100|[from] Salt Cure\n|upkeep\n|turn|46\n|inactive|Time left: 300 sec this turn | 300 sec total\n|\n|t:|1783573073\n|move|p1a: Garganacl|Protect|p1a: Garganacl\n|-singleturn|p1a: Garganacl|Protect\n|move|p2a: Porygon2|Tera Blast|p1a: Garganacl|[anim] Tera Blast Fairy\n|-activate|p1a: Garganacl|move: Protect\n|\n|-heal|p1a: Garganacl|180/291|[from] item: Leftovers\n|-damage|p2a: Porygon2|55/100|[from] Salt Cure\n|upkeep\n|turn|47\n|inactive|Time left: 300 sec this turn | 300 sec total\n|\n|t:|1783573074\n|move|p2a: Porygon2|Recover|p2a: Porygon2\n|-heal|p2a: Porygon2|100/100\n|move|p1a: Garganacl|Earthquake|p2a: Porygon2\n|-damage|p2a: Porygon2|85/100\n|\n|-heal|p1a: Garganacl|198/291|[from] item: Leftovers\n|-damage|p2a: Porygon2|72/100|[from] Salt Cure\n|upkeep\n|turn|48\n|inactive|Time left: 300 sec this turn | 300 sec total\n|\n|t:|1783573075\n|move|p1a: Garganacl|Protect|p1a: Garganacl\n|-singleturn|p1a: Garganacl|Protect\n|move|p2a: Porygon2|Tera Blast|p1a: Garganacl|[anim] Tera Blast Fairy\n|-activate|p1a: Garganacl|move: Protect\n|\n|-heal|p1a: Garganacl|216/291|[from] item: Leftovers\n|-damage|p2a: Porygon2|60/100|[from] Salt Cure\n|upkeep\n|turn|49\n|inactive|Time left: 300 sec this turn | 300 sec total\n|\n|t:|1783573076\n|move|p2a: Porygon2|Tera Blast|p1a: Garganacl|[anim] Tera Blast Fairy\n|-damage|p1a: Garganacl|92/291\n|move|p1a: Garganacl|Salt Cure|p2a: Porygon2\n|-damage|p2a: Porygon2|49/100\n|\n|-heal|p1a: Garganacl|110/291|[from] item: Leftovers\n|-damage|p2a: Porygon2|37/100|[from] Salt Cure\n|upkeep\n|turn|50\n|inactive|Time left: 300 sec this turn | 300 sec total\n|\n|t:|1783573077\n|switch|p2a: Slowbro|Slowbro-Galar, L87, M|100/100\n|move|p1a: Garganacl|Salt Cure|p2a: Slowbro\n|-damage|p2a: Slowbro|88/100\n|-start|p2a: Slowbro|Salt Cure\n|\n|-heal|p1a: Garganacl|128/291|[from] item: Leftovers\n|-damage|p2a: Slowbro|75/100|[from] Salt Cure\n|upkeep\n|turn|51\n|inactive|Time left: 300 sec this turn | 300 sec total\n|\n|t:|1783573078\n|switch|p2a: Ogerpon|Ogerpon-Wellspring, L76, F|54/100 par\n|move|p1a: Garganacl|Earthquake|p2a: Ogerpon\n|-resisted|p2a: Ogerpon\n|-damage|p2a: Ogerpon|39/100 par\n|\n|-heal|p1a: Garganacl|146/291|[from] item: Leftovers\n|upkeep\n|turn|52\n|inactive|Time left: 300 sec this turn | 300 sec total\n|\n|t:|1783573079\n|move|p1a: Garganacl|Protect|p1a: Garganacl\n|-singleturn|p1a: Garganacl|Protect\n|cant|p2a: Ogerpon|par\n|\n|-heal|p1a: Garganacl|164/291|[from] item: Leftovers\n|upkeep\n|turn|53\n|inactive|Time left: 300 sec this turn | 300 sec total\n|\n|t:|1783573081\n|switch|p1a: Deoxys|Deoxys-Defense, L84|221/221\n|-ability|p1a: Deoxys|Pressure\n|move|p2a: Ogerpon|Ivy Cudgel|p1a: Deoxys|[anim] Ivy Cudgel Water\n|-damage|p1a: Deoxys|143/221\n|\n|upkeep\n|turn|54\n|inactive|Time left: 300 sec this turn | 300 sec total\n|\n|t:|1783573082\n|move|p1a: Deoxys|Stealth Rock|p2a: Ogerpon\n|-sidestart|p2: p0y2868ede0|move: Stealth Rock\n|move|p2a: Ogerpon|Synthesis|p2a: Ogerpon\n|-heal|p2a: Ogerpon|89/100 par\n|\n|upkeep\n|turn|55\n|inactive|Time left: 300 sec this turn | 300 sec total\n|\n|t:|1783573083\n|move|p1a: Deoxys|Spikes|p2a: Ogerpon\n|-sidestart|p2: p0y2868ede0|Spikes\n|move|p2a: Ogerpon|Ivy Cudgel|p1a: Deoxys|[anim] Ivy Cudgel Water\n|-damage|p1a: Deoxys|59/221\n|\n|upkeep\n|turn|56\n|inactive|Time left: 300 sec this turn | 300 sec total\n|\n|t:|1783573084\n|move|p1a: Deoxys|Recover|p1a: Deoxys\n|-heal|p1a: Deoxys|170/221\n|move|p2a: Ogerpon|Ivy Cudgel|p1a: Deoxys|[anim] Ivy Cudgel Water\n|-damage|p1a: Deoxys|94/221\n|\n|upkeep\n|turn|57\n|inactive|Time left: 300 sec this turn | 300 sec total\n|\n|t:|1783573085\n|move|p1a: Deoxys|Recover|p1a: Deoxys\n|-heal|p1a: Deoxys|205/221\n|move|p2a: Ogerpon|Ivy Cudgel|p1a: Deoxys|[anim] Ivy Cudgel Water\n|-damage|p1a: Deoxys|130/221\n|\n|upkeep\n|turn|58\n|inactive|Time left: 300 sec this turn | 300 sec total\n|\n|t:|1783573086\n|move|p1a: Deoxys|Spikes|p2a: Ogerpon\n|-sidestart|p2: p0y2868ede0|Spikes\n|move|p2a: Ogerpon|Ivy Cudgel|p1a: Deoxys|[anim] Ivy Cudgel Water\n|-damage|p1a: Deoxys|52/221\n|\n|upkeep\n|turn|59\n|inactive|Time left: 300 sec this turn | 300 sec total\n|\n|t:|1783573087\n|move|p1a: Deoxys|Recover|p1a: Deoxys\n|-heal|p1a: Deoxys|163/221\n|move|p2a: Ogerpon|Ivy Cudgel|p1a: Deoxys|[anim] Ivy Cudgel Water\n|-damage|p1a: Deoxys|93/221\n|\n|upkeep\n|turn|60\n|inactive|Time left: 300 sec this turn | 300 sec total\n|\n|t:|1783573088\n|move|p1a: Deoxys|Recover|p1a: Deoxys\n|-heal|p1a: Deoxys|204/221\n|move|p2a: Ogerpon|Ivy Cudgel|p1a: Deoxys|[anim] Ivy Cudgel Water\n|-damage|p1a: Deoxys|123/221\n|\n|upkeep\n|turn|61\n|inactive|Time left: 300 sec this turn | 300 sec total\n|\n|t:|1783573088\n|move|p1a: Deoxys|Recover|p1a: Deoxys\n|-heal|p1a: Deoxys|221/221\n|cant|p2a: Ogerpon|par\n|\n|upkeep\n|turn|62\n|inactive|Time left: 300 sec this turn | 300 sec total\n|\n|t:|1783573089\n|move|p1a: Deoxys|Psychic Noise|p2a: Ogerpon\n|-damage|p2a: Ogerpon|64/100 par\n|-start|p2a: Ogerpon|move: Heal Block\n|cant|p2a: Ogerpon|par\n|\n|upkeep\n|turn|63\n|inactive|Time left: 300 sec this turn | 300 sec total\n|\n|t:|1783573090\n|move|p1a: Deoxys|Psychic Noise|p2a: Ogerpon\n|-damage|p2a: Ogerpon|39/100 par\n|move|p2a: Ogerpon|Wood Hammer|p1a: Deoxys\n|-damage|p1a: Deoxys|137/221\n|-damage|p2a: Ogerpon|22/100 par|[from] item: Rocky Helmet|[of] p1a: Deoxys\n|-damage|p2a: Ogerpon|11/100 par|[from] Recoil\n|\n|-end|p2a: Ogerpon|move: Heal Block\n|upkeep\n|turn|64\n|inactive|Time left: 300 sec this turn | 300 sec total\n|\n|t:|1783573092\n|move|p1a: Deoxys|Psychic Noise|p2a: Ogerpon\n|-damage|p2a: Ogerpon|0 fnt\n|faint|p2a: Ogerpon\n|\n|upkeep\n|\n|t:|1783573093\n|switch|p2a: Miraidon|Miraidon, L65|100/100\n|-damage|p2a: Miraidon|88/100|[from] Stealth Rock\n|-damage|p2a: Miraidon|72/100|[from] Spikes\n|-fieldstart|move: Electric Terrain|[from] ability: Hadron Engine|[of] p2a: Miraidon\n|turn|65\n|inactive|Time left: 300 sec this turn | 300 sec total\n|\n|t:|1783573094\n|move|p2a: Miraidon|Calm Mind|p2a: Miraidon\n|-boost|p2a: Miraidon|spa|1\n|-boost|p2a: Miraidon|spd|1\n|move|p1a: Deoxys|Recover|p1a: Deoxys\n|-heal|p1a: Deoxys|221/221\n|\n|upkeep\n|turn|66\n|inactive|Time left: 300 sec this turn | 300 sec total\n|\n|t:|1783573095\n|move|p2a: Miraidon|Calm Mind|p2a: Miraidon\n|-boost|p2a: Miraidon|spa|1\n|-boost|p2a: Miraidon|spd|1\n|move|p1a: Deoxys|Recover||[still]\n|-fail|p1a: Deoxys|heal\n|\n|upkeep\n|turn|67\n|inactive|Time left: 300 sec this turn | 300 sec total\n|\n|t:|1783573096\n|move|p2a: Miraidon|Electro Drift|p1a: Deoxys\n|-damage|p1a: Deoxys|0 fnt\n|-damage|p2a: Miraidon|56/100|[from] item: Rocky Helmet|[of] p1a: Deoxys\n|faint|p1a: Deoxys\n|-damage|p2a: Miraidon|46/100|[from] item: Life Orb\n|\n|upkeep\n|inactive|Time left: 300 sec this turn | 300 sec total | 5 sec grace\n|\n|t:|1783573097\n|switch|p1a: Lokix|Lokix, L82, F|251/251\n|turn|68\n|inactive|Time left: 300 sec this turn | 300 sec total\n|\n|t:|1783573098\n|move|p1a: Lokix|First Impression|p2a: Miraidon\n|-damage|p2a: Miraidon|0 fnt\n|faint|p2a: Miraidon\n|\n|upkeep\n|\n|t:|1783573099\n|switch|p2a: Salazzle|Salazzle, L83, F|91/100\n|-damage|p2a: Salazzle|66/100|[from] Stealth Rock\n|-damage|p2a: Salazzle|49/100|[from] Spikes\n|turn|69\n|inactive|Time left: 300 sec this turn | 300 sec total\n|\n|t:|1783573100\n|switch|p1a: Garganacl|Garganacl, L80, M|164/291\n|move|p2a: Salazzle|Flamethrower|p1a: Garganacl\n|-resisted|p1a: Garganacl\n|-damage|p1a: Garganacl|115/291\n|\n|-heal|p2a: Salazzle|56/100|[from] item: Leftovers\n|-heal|p1a: Garganacl|133/291|[from] item: Leftovers\n|-fieldend|move: Electric Terrain\n|upkeep\n|turn|70\n|inactive|Time left: 300 sec this turn | 300 sec total\n|\n|t:|1783573101\n|move|p2a: Salazzle|Protect|p2a: Salazzle\n|-singleturn|p2a: Salazzle|Protect\n|move|p1a: Garganacl|Salt Cure|p2a: Salazzle\n|-activate|p2a: Salazzle|move: Protect\n|\n|-heal|p2a: Salazzle|62/100|[from] item: Leftovers\n|-heal|p1a: Garganacl|151/291|[from] item: Leftovers\n|upkeep\n|turn|71\n|inactive|Time left: 300 sec this turn | 300 sec total\n|\n|t:|1783573102\n|move|p2a: Salazzle|Substitute|p2a: Salazzle\n|-start|p2a: Salazzle|Substitute\n|-damage|p2a: Salazzle|37/100\n|move|p1a: Garganacl|Earthquake|p2a: Salazzle\n|-supereffective|p2a: Salazzle\n|-end|p2a: Salazzle|Substitute\n|\n|-heal|p2a: Salazzle|43/100|[from] item: Leftovers\n|-heal|p1a: Garganacl|169/291|[from] item: Leftovers\n|upkeep\n|turn|72\n|inactive|Time left: 300 sec this turn | 300 sec total\n|\n|t:|1783573103\n|move|p2a: Salazzle|Protect|p2a: Salazzle\n|-singleturn|p2a: Salazzle|Protect\n|move|p1a: Garganacl|Salt Cure|p2a: Salazzle\n|-activate|p2a: Salazzle|move: Protect\n|\n|-heal|p2a: Salazzle|49/100|[from] item: Leftovers\n|-heal|p1a: Garganacl|187/291|[from] item: Leftovers\n|upkeep\n|turn|73\n|inactive|Time left: 300 sec this turn | 300 sec total\n|\n|t:|1783573104\n|move|p2a: Salazzle|Substitute|p2a: Salazzle\n|-start|p2a: Salazzle|Substitute\n|-damage|p2a: Salazzle|24/100\n|move|p1a: Garganacl|Salt Cure|p2a: Salazzle\n|-supereffective|p2a: Salazzle\n|-end|p2a: Salazzle|Substitute\n|\n|-heal|p2a: Salazzle|30/100|[from] item: Leftovers\n|-heal|p1a: Garganacl|205/291|[from] item: Leftovers\n|upkeep\n|turn|74\n|inactive|Time left: 300 sec this turn | 300 sec total\n|\n|t:|1783573105\n|move|p2a: Salazzle|Protect|p2a: Salazzle\n|-singleturn|p2a: Salazzle|Protect\n|move|p1a: Garganacl|Salt Cure|p2a: Salazzle\n|-activate|p2a: Salazzle|move: Protect\n|\n|-heal|p2a: Salazzle|36/100|[from] item: Leftovers\n|-heal|p1a: Garganacl|223/291|[from] item: Leftovers\n|upkeep\n|turn|75\n|inactive|Time left: 300 sec this turn | 300 sec total\n|\n|t:|1783573106\n|move|p2a: Salazzle|Substitute|p2a: Salazzle\n|-start|p2a: Salazzle|Substitute\n|-damage|p2a: Salazzle|11/100\n|move|p1a: Garganacl|Salt Cure|p2a: Salazzle\n|-supereffective|p2a: Salazzle\n|-end|p2a: Salazzle|Substitute\n|\n|-heal|p2a: Salazzle|17/100|[from] item: Leftovers\n|-heal|p1a: Garganacl|241/291|[from] item: Leftovers\n|upkeep\n|turn|76\n|inactive|Time left: 300 sec this turn | 300 sec total\n|\n|t:|1783573107\n|move|p2a: Salazzle|Protect|p2a: Salazzle\n|-singleturn|p2a: Salazzle|Protect\n|move|p1a: Garganacl|Earthquake|p2a: Salazzle\n|-activate|p2a: Salazzle|move: Protect\n|\n|-heal|p2a: Salazzle|23/100|[from] item: Leftovers\n|-heal|p1a: Garganacl|259/291|[from] item: Leftovers\n|upkeep\n|turn|77\n|inactive|Time left: 300 sec this turn | 300 sec total\n|\n|t:|1783573108\n|move|p2a: Salazzle|Flamethrower|p1a: Garganacl\n|-resisted|p1a: Garganacl\n|-damage|p1a: Garganacl|204/291\n|move|p1a: Garganacl|Earthquake|p2a: Salazzle\n|-supereffective|p2a: Salazzle\n|-damage|p2a: Salazzle|0 fnt\n|faint|p2a: Salazzle\n|\n|-heal|p1a: Garganacl|222/291|[from] item: Leftovers\n|upkeep\n|\n|t:|1783573109\n|switch|p2a: Slowbro|Slowbro-Galar, L87, M|100/100\n|-damage|p2a: Slowbro|88/100|[from] Stealth Rock\n|-damage|p2a: Slowbro|72/100|[from] Spikes\n|turn|78\n|inactive|Time left: 300 sec this turn | 300 sec total\n|\n|t:|1783573110\n|move|p1a: Garganacl|Earthquake|p2a: Slowbro\n|-supereffective|p2a: Slowbro\n|-damage|p2a: Slowbro|34/100\n|move|p2a: Slowbro|Earthquake|p1a: Garganacl\n|-supereffective|p1a: Garganacl\n|-damage|p1a: Garganacl|92/291\n|\n|-heal|p1a: Garganacl|110/291|[from] item: Leftovers\n|upkeep\n|turn|79\n|inactive|Time left: 300 sec this turn | 300 sec total\n|\n|t:|1783573111\n|move|p2a: Slowbro|Psychic|p1a: Garganacl\n|-damage|p1a: Garganacl|7/291\n|move|p1a: Garganacl|Earthquake|p2a: Slowbro\n|-supereffective|p2a: Slowbro\n|-damage|p2a: Slowbro|0 fnt\n|faint|p2a: Slowbro\n|\n|-heal|p1a: Garganacl|25/291|[from] item: Leftovers\n|upkeep\n|\n|t:|1783573112\n|switch|p2a: Porygon2|Porygon2, L81, tera:Fairy|37/100\n|-damage|p2a: Porygon2|25/100|[from] Stealth Rock\n|-damage|p2a: Porygon2|8/100|[from] Spikes\n|-ability|p2a: Porygon2|Download|boost\n|-boost|p2a: Porygon2|spa|1\n|turn|80\n|inactive|Time left: 300 sec this turn | 300 sec total\n|\n|t:|1783573113\n|move|p2a: Porygon2|Shadow Ball|p1a: Garganacl\n|-damage|p1a: Garganacl|0 fnt\n|faint|p1a: Garganacl\n|\n|upkeep\n|inactive|Time left: 300 sec this turn | 300 sec total | 5 sec grace\n|\n|t:|1783573114\n|switch|p1a: Talonflame|Talonflame, L83, M|265/265\n|turn|81\n|inactive|Time left: 300 sec this turn | 300 sec total\n|\n|t:|1783573114\n|move|p1a: Talonflame|Tera Blast|p2a: Porygon2\n|-damage|p2a: Porygon2|0 fnt\n|faint|p2a: Porygon2\n|\n|win|p0x28683e78", "uploadtime": 1783573114, "views": 0, "rating": 0, "private": 0, "password": null, "_winner": "p0x28683e78", "_our_name": "p0x28683e78"}