{"id": "battle-gen9randombattle-152", "formatid": "gen9randombattle", "format": "[Gen 9] Random Battle", "players": ["p0x152de77", "p0y1525516"], "log": "|init|battle\n|title|p0x152de77 vs. p0y1525516\n|j|\u2606p0x152de77\n|j|\u2606p0y1525516\n|t:|1783535501\n|gametype|singles\n|player|p1|p0x152de77|169|\n|player|p2|p0y1525516|265|\n|gen|9\n|tier|[Gen 9] Random Battle\n|rule|Species Clause: Limit one of each Pok\u00e9mon\n|rule|HP Percentage Mod: HP is shown in percentages\n|rule|Sleep Clause Mod: Limit one foe put to sleep\n|rule|Illusion Level Mod: Illusion disguises the Pok\u00e9mon's true level\n|\n|t:|1783535501\n|teamsize|p1|6\n|teamsize|p2|6\n|start\n|switch|p1a: Flapple|Flapple, L88, M|100/100\n|switch|p2a: Passimian|Passimian, L83, F|302/302\n|turn|1\n|inactive|Battle timer is ON: inactive players will automatically lose when time's up. (requested by p0y1525516)\n|inactive|p0x152de77 also wants the timer to be on.\n|\n|t:|1783535503\n|move|p2a: Passimian|Gunk Shot|p1a: Flapple\n|-supereffective|p1a: Flapple\n|-damage|p1a: Flapple|24/100\n|move|p1a: Flapple|Outrage|p2a: Passimian\n|-damage|p2a: Passimian|91/302\n|\n|-heal|p2a: Passimian|109/302|[from] item: Leftovers\n|upkeep\n|turn|2\n|inactive|Time left: 300 sec this turn | 300 sec total\n|\n|t:|1783535504\n|move|p2a: Passimian|Drain Punch|p1a: Flapple\n|-damage|p1a: Flapple|0 fnt\n|-heal|p2a: Passimian|140/302|[from] drain|[of] p1a: Flapple\n|faint|p1a: Flapple\n|\n|-heal|p2a: Passimian|158/302|[from] item: Leftovers\n|upkeep\n|\n|t:|1783535504\n|switch|p1a: Copperajah|Copperajah, L86, M|100/100\n|turn|3\n|inactive|Time left: 300 sec this turn | 300 sec total\n|\n|t:|1783535505\n|move|p2a: Passimian|Drain Punch|p1a: Copperajah\n|-supereffective|p1a: Copperajah\n|-damage|p1a: Copperajah|40/100\n|-heal|p2a: Passimian|263/302|[from] drain|[of] p1a: Copperajah\n|move|p1a: Copperajah|Heavy Slam|p2a: Passimian\n|-damage|p2a: Passimian|7/302\n|\n|-heal|p2a: Passimian|25/302|[from] item: Leftovers\n|upkeep\n|turn|4\n|inactive|Time left: 300 sec this turn | 300 sec total\n|\n|t:|1783535506\n|switch|p1a: Lunala|Lunala, L70|100/100\n|move|p2a: Passimian|Drain Punch|p1a: Lunala\n|-immune|p1a: Lunala\n|\n|-heal|p2a: Passimian|43/302|[from] item: Leftovers\n|upkeep\n|turn|5\n|inactive|Time left: 300 sec this turn | 300 sec total\n|\n|t:|1783535507\n|move|p2a: Passimian|Knock Off|p1a: Lunala\n|-supereffective|p1a: Lunala\n|-damage|p1a: Lunala|38/100\n|-enditem|p1a: Lunala|Leftovers|[from] move: Knock Off|[of] p2a: Passimian\n|move|p1a: Lunala|Moongeist Beam|p2a: Passimian\n|-damage|p2a: Passimian|0 fnt\n|faint|p2a: Passimian\n|\n|upkeep\n|inactive|Time left: 300 sec this turn | 300 sec total | 5 sec grace\n|\n|t:|1783535508\n|switch|p2a: Tornadus|Tornadus, L82, M|263/263\n|turn|6\n|inactive|Time left: 300 sec this turn | 300 sec total\n|\n|t:|1783535509\n|move|p2a: Tornadus|Bleakwind Storm|p1a: Lunala\n|-crit|p1a: Lunala\n|-damage|p1a: Lunala|0 fnt\n|faint|p1a: Lunala\n|\n|upkeep\n|\n|t:|1783535510\n|switch|p1a: Copperajah|Copperajah, L86, M|40/100\n|turn|7\n|inactive|Time left: 300 sec this turn | 300 sec total\n|\n|t:|1783535511\n|switch|p2a: Poliwrath|Poliwrath, L88, M|302/302\n|move|p1a: Copperajah|Heavy Slam|p2a: Poliwrath\n|-resisted|p2a: Poliwrath\n|-damage|p2a: Poliwrath|198/302\n|\n|-heal|p2a: Poliwrath|216/302|[from] item: Leftovers\n|upkeep\n|turn|8\n|inactive|Time left: 300 sec this turn | 300 sec total\n|\n|t:|1783535512\n|switch|p1a: Gyarados|Gyarados, L79, F|100/100\n|-ability|p1a: Gyarados|Intimidate|boost\n|-unboost|p2a: Poliwrath|atk|1\n|move|p2a: Poliwrath|Bulk Up|p2a: Poliwrath\n|-boost|p2a: Poliwrath|atk|1\n|-boost|p2a: Poliwrath|def|1\n|\n|-heal|p2a: Poliwrath|234/302|[from] item: Leftovers\n|upkeep\n|turn|9\n|inactive|Time left: 300 sec this turn | 300 sec total\n|\n|t:|1783535513\n|move|p1a: Gyarados|Dragon Dance|p1a: Gyarados\n|-boost|p1a: Gyarados|atk|1\n|-boost|p1a: Gyarados|spe|1\n|move|p2a: Poliwrath|Bulk Up|p2a: Poliwrath\n|-boost|p2a: Poliwrath|atk|1\n|-boost|p2a: Poliwrath|def|1\n|\n|-heal|p2a: Poliwrath|252/302|[from] item: Leftovers\n|upkeep\n|turn|10\n|inactive|Time left: 300 sec this turn | 300 sec total\n|\n|t:|1783535514\n|move|p1a: Gyarados|Dragon Dance|p1a: Gyarados\n|-boost|p1a: Gyarados|atk|1\n|-boost|p1a: Gyarados|spe|1\n|move|p2a: Poliwrath|Knock Off|p1a: Gyarados\n|-damage|p1a: Gyarados|58/100\n|-enditem|p1a: Gyarados|Heavy-Duty Boots|[from] move: Knock Off|[of] p2a: Poliwrath\n|\n|-heal|p2a: Poliwrath|270/302|[from] item: Leftovers\n|upkeep\n|turn|11\n|inactive|Time left: 300 sec this turn | 300 sec total\n|\n|t:|1783535515\n|move|p1a: Gyarados|Stone Edge|p2a: Poliwrath\n|-resisted|p2a: Poliwrath\n|-damage|p2a: Poliwrath|234/302\n|move|p2a: Poliwrath|Liquidation|p1a: Gyarados\n|-resisted|p1a: Gyarados\n|-damage|p1a: Gyarados|30/100\n|-unboost|p1a: Gyarados|def|1\n|\n|-heal|p2a: Poliwrath|252/302|[from] item: Leftovers\n|upkeep\n|turn|12\n|inactive|Time left: 300 sec this turn | 300 sec total\n|\n|t:|1783535516\n|move|p1a: Gyarados|Earthquake|p2a: Poliwrath\n|-damage|p2a: Poliwrath|189/302\n|move|p2a: Poliwrath|Drain Punch|p1a: Gyarados\n|-resisted|p1a: Gyarados\n|-damage|p1a: Gyarados|0 fnt\n|-heal|p2a: Poliwrath|231/302|[from] drain|[of] p1a: Gyarados\n|faint|p1a: Gyarados\n|\n|-heal|p2a: Poliwrath|249/302|[from] item: Leftovers\n|upkeep\n|\n|t:|1783535517\n|switch|p1a: Dudunsparce|Dudunsparce, L83, F|100/100\n|turn|13\n|inactive|Time left: 300 sec this turn | 300 sec total\n|\n|t:|1783535518\n|move|p2a: Poliwrath|Drain Punch|p1a: Dudunsparce\n|-supereffective|p1a: Dudunsparce\n|-damage|p1a: Dudunsparce|24/100\n|-heal|p2a: Poliwrath|302/302|[from] drain|[of] p1a: Dudunsparce\n|move|p1a: Dudunsparce|Glare|p2a: Poliwrath\n|-status|p2a: Poliwrath|par\n|\n|-heal|p1a: Dudunsparce|30/100|[from] item: Leftovers\n|upkeep\n|turn|14\n|inactive|Time left: 300 sec this turn | 300 sec total\n|\n|t:|1783535519\n|move|p1a: Dudunsparce|Roost|p1a: Dudunsparce\n|-heal|p1a: Dudunsparce|80/100\n|-singleturn|p1a: Dudunsparce|move: Roost\n|cant|p2a: Poliwrath|par\n|\n|-heal|p1a: Dudunsparce|86/100|[from] item: Leftovers\n|upkeep\n|turn|15\n|inactive|Time left: 300 sec this turn | 300 sec total\n|\n|t:|1783535520\n|move|p1a: Dudunsparce|Headbutt|p2a: Poliwrath\n|-crit|p2a: Poliwrath\n|-damage|p2a: Poliwrath|193/302 par\n|cant|p2a: Poliwrath|flinch\n|\n|-heal|p1a: Dudunsparce|92/100|[from] item: Leftovers\n|-heal|p2a: Poliwrath|211/302 par|[from] item: Leftovers\n|upkeep\n|turn|16\n|inactive|Time left: 300 sec this turn | 300 sec total\n|\n|t:|1783535521\n|move|p1a: Dudunsparce|Headbutt|p2a: Poliwrath\n|-damage|p2a: Poliwrath|174/302 par\n|cant|p2a: Poliwrath|flinch\n|\n|-heal|p1a: Dudunsparce|98/100|[from] item: Leftovers\n|-heal|p2a: Poliwrath|192/302 par|[from] item: Leftovers\n|upkeep\n|turn|17\n|inactive|Time left: 300 sec this turn | 300 sec total\n|\n|t:|1783535522\n|move|p1a: Dudunsparce|Headbutt|p2a: Poliwrath\n|-damage|p2a: Poliwrath|159/302 par\n|cant|p2a: Poliwrath|flinch\n|\n|-heal|p1a: Dudunsparce|100/100|[from] item: Leftovers\n|-heal|p2a: Poliwrath|177/302 par|[from] item: Leftovers\n|upkeep\n|turn|18\n|inactive|Time left: 300 sec this turn | 300 sec total\n|\n|t:|1783535523\n|move|p1a: Dudunsparce|Headbutt|p2a: Poliwrath\n|-damage|p2a: Poliwrath|141/302 par\n|cant|p2a: Poliwrath|flinch\n|\n|-heal|p2a: Poliwrath|159/302 par|[from] item: Leftovers\n|upkeep\n|turn|19\n|inactive|Time left: 300 sec this turn | 300 sec total\n|\n|t:|1783535524\n|move|p1a: Dudunsparce|Headbutt|p2a: Poliwrath\n|-damage|p2a: Poliwrath|125/302 par\n|move|p2a: Poliwrath|Drain Punch|p1a: Dudunsparce\n|-supereffective|p1a: Dudunsparce\n|-damage|p1a: Dudunsparce|15/100\n|-heal|p2a: Poliwrath|272/302 par|[from] drain|[of] p1a: Dudunsparce\n|\n|-heal|p1a: Dudunsparce|21/100|[from] item: Leftovers\n|-heal|p2a: Poliwrath|290/302 par|[from] item: Leftovers\n|upkeep\n|turn|20\n|inactive|Time left: 300 sec this turn | 300 sec total\n|\n|t:|1783535525\n|move|p1a: Dudunsparce|Roost|p1a: Dudunsparce\n|-heal|p1a: Dudunsparce|71/100\n|-singleturn|p1a: Dudunsparce|move: Roost\n|move|p2a: Poliwrath|Drain Punch|p1a: Dudunsparce\n|-supereffective|p1a: Dudunsparce\n|-damage|p1a: Dudunsparce|0 fnt\n|-heal|p2a: Poliwrath|302/302 par|[from] drain|[of] p1a: Dudunsparce\n|faint|p1a: Dudunsparce\n|\n|upkeep\n|\n|t:|1783535526\n|switch|p1a: Copperajah|Copperajah, L86, M|40/100\n|turn|21\n|inactive|Time left: 300 sec this turn | 300 sec total\n|\n|t:|1783535527\n|move|p1a: Copperajah|Heat Crash|p2a: Poliwrath\n|-resisted|p2a: Poliwrath\n|-damage|p2a: Poliwrath|267/302 par\n|move|p2a: Poliwrath|Drain Punch|p1a: Copperajah\n|-supereffective|p1a: Copperajah\n|-damage|p1a: Copperajah|0 fnt\n|-heal|p2a: Poliwrath|302/302 par|[from] drain|[of] p1a: Copperajah\n|faint|p1a: Copperajah\n|\n|upkeep\n|\n|t:|1783535528\n|switch|p1a: Iron Boulder|Iron Boulder, L77|100/100\n|-enditem|p1a: Iron Boulder|Booster Energy\n|-activate|p1a: Iron Boulder|ability: Quark Drive|[fromitem]\n|-start|p1a: Iron Boulder|quarkdrivespe\n|turn|22\n|inactive|Time left: 300 sec this turn | 300 sec total\n|\n|t:|1783535529\n|-terastallize|p1a: Iron Boulder|Fighting\n|move|p1a: Iron Boulder|Swords Dance|p1a: Iron Boulder\n|-boost|p1a: Iron Boulder|atk|2\n|move|p2a: Poliwrath|Liquidation|p1a: Iron Boulder\n|-damage|p1a: Iron Boulder|38/100\n|\n|upkeep\n|turn|23\n|inactive|Time left: 300 sec this turn | 300 sec total\n|\n|t:|1783535530\n|-terastallize|p2a: Poliwrath|Water\n|move|p1a: Iron Boulder|Zen Headbutt|p2a: Poliwrath\n|-crit|p2a: Poliwrath\n|-damage|p2a: Poliwrath|61/302 par\n|cant|p2a: Poliwrath|par\n|\n|-heal|p2a: Poliwrath|79/302 par|[from] item: Leftovers\n|upkeep\n|turn|24\n|inactive|Time left: 300 sec this turn | 300 sec total\n|\n|t:|1783535531\n|move|p1a: Iron Boulder|Mighty Cleave|p2a: Poliwrath\n|-damage|p2a: Poliwrath|0 fnt\n|faint|p2a: Poliwrath\n|\n|upkeep\n|inactive|Time left: 300 sec this turn | 300 sec total | 5 sec grace\n|\n|t:|1783535532\n|switch|p2a: Trevenant|Trevenant, L89, M|296/296\n|turn|25\n|inactive|Time left: 300 sec this turn | 300 sec total\n|\n|t:|1783535533\n|move|p1a: Iron Boulder|Zen Headbutt|p2a: Trevenant\n|-damage|p2a: Trevenant|131/296\n|move|p2a: Trevenant|Horn Leech|p1a: Iron Boulder\n|-damage|p1a: Iron Boulder|0 fnt\n|-heal|p2a: Trevenant|181/296|[from] drain|[of] p1a: Iron Boulder\n|faint|p1a: Iron Boulder\n|-end|p1a: Iron Boulder|Quark Drive|[silent]\n|-damage|p2a: Trevenant|152/296|[from] item: Life Orb\n|\n|win|p0y1525516", "uploadtime": 1783535533, "views": 0, "rating": 0, "private": 0, "password": null, "_winner": "p0y1525516", "_our_name": "p0y1525516"}