{"id": "battle-gen9randombattle-2639", "formatid": "gen9randombattle", "format": "[Gen 9] Random Battle", "players": ["p0x2639eed0", "p0y26390aa8"], "log": "|init|battle\n|title|p0x2639eed0 vs. p0y26390aa8\n|j|\u2606p0x2639eed0\n|j|\u2606p0y26390aa8\n|t:|1783570463\n|gametype|singles\n|player|p1|p0x2639eed0|102|\n|player|p2|p0y26390aa8|169|\n|gen|9\n|tier|[Gen 9] Random Battle\n|rule|Species Clause: Limit one of each Pok\u00e9mon\n|rule|HP Percentage Mod: HP is shown in percentages\n|rule|Sleep Clause Mod: Limit one foe put to sleep\n|rule|Illusion Level Mod: Illusion disguises the Pok\u00e9mon's true level\n|\n|t:|1783570463\n|teamsize|p1|6\n|teamsize|p2|6\n|start\n|switch|p1a: Stonjourner|Stonjourner, L91, M|330/330\n|switch|p2a: Bisharp|Bisharp, L79, M|100/100\n|turn|1\n|inactive|Battle timer is ON: inactive players will automatically lose when time's up. (requested by p0x2639eed0)\n|inactive|p0y26390aa8 also wants the timer to be on.\n|\n|t:|1783570465\n|switch|p2a: Appletun|Appletun, L92, M|100/100\n|move|p1a: Stonjourner|Earthquake|p2a: Appletun\n|-resisted|p2a: Appletun\n|-damage|p2a: Appletun|81/100\n|-damage|p1a: Stonjourner|297/330|[from] item: Life Orb\n|\n|-heal|p2a: Appletun|87/100|[from] item: Leftovers\n|upkeep\n|turn|2\n|inactive|Time left: 300 sec this turn | 300 sec total\n|\n|t:|1783570466\n|switch|p1a: Iron Jugulis|Iron Jugulis, L77|271/271\n|move|p2a: Appletun|Apple Acid|p1a: Iron Jugulis\n|-resisted|p1a: Iron Jugulis\n|-damage|p1a: Iron Jugulis|210/271\n|-unboost|p1a: Iron Jugulis|spd|1\n|\n|-heal|p2a: Appletun|94/100|[from] item: Leftovers\n|upkeep\n|turn|3\n|inactive|Time left: 300 sec this turn | 300 sec total\n|\n|t:|1783570467\n|move|p1a: Iron Jugulis|Hurricane|p2a: Appletun\n|-supereffective|p2a: Appletun\n|-damage|p2a: Appletun|3/100\n|-start|p2a: Appletun|confusion\n|-activate|p2a: Appletun|confusion\n|-damage|p2a: Appletun|0 fnt|[from] confusion\n|faint|p2a: Appletun\n|\n|upkeep\n|\n|t:|1783570468\n|switch|p2a: Wigglytuff|Wigglytuff, L96, M|100/100\n|turn|4\n|inactive|Time left: 300 sec this turn | 300 sec total\n|\n|t:|1783570469\n|move|p1a: Iron Jugulis|Hurricane|p2a: Wigglytuff\n|-damage|p2a: Wigglytuff|49/100\n|move|p2a: Wigglytuff|Dazzling Gleam|p1a: Iron Jugulis\n|-supereffective|p1a: Iron Jugulis\n|-damage|p1a: Iron Jugulis|0 fnt\n|faint|p1a: Iron Jugulis\n|-end|p1a: Iron Jugulis|Quark Drive|[silent]\n|\n|-heal|p2a: Wigglytuff|55/100|[from] item: Leftovers\n|upkeep\n|inactive|Time left: 300 sec this turn | 300 sec total | 5 sec grace\n|\n|t:|1783570470\n|switch|p1a: Stonjourner|Stonjourner, L91, M|297/330\n|turn|5\n|inactive|Time left: 300 sec this turn | 300 sec total\n|\n|t:|1783570471\n|move|p1a: Stonjourner|Stone Edge|p2a: Wigglytuff\n|-crit|p2a: Wigglytuff\n|-damage|p2a: Wigglytuff|0 fnt\n|faint|p2a: Wigglytuff\n|-damage|p1a: Stonjourner|264/330|[from] item: Life Orb\n|\n|upkeep\n|\n|t:|1783570472\n|switch|p2a: Raging Bolt|Raging Bolt, L78|100/100\n|turn|6\n|inactive|Time left: 300 sec this turn | 300 sec total\n|\n|t:|1783570473\n|-terastallize|p1a: Stonjourner|Ground\n|move|p1a: Stonjourner|Earthquake|p2a: Raging Bolt\n|-supereffective|p2a: Raging Bolt\n|-damage|p2a: Raging Bolt|0 fnt\n|faint|p2a: Raging Bolt\n|-end|p2a: Raging Bolt|Protosynthesis|[silent]\n|-damage|p1a: Stonjourner|231/330|[from] item: Life Orb\n|\n|upkeep\n|\n|t:|1783570473\n|switch|p2a: Frosmoth|Frosmoth, L82, M|100/100\n|turn|7\n|inactive|Time left: 300 sec this turn | 300 sec total\n|\n|t:|1783570474\n|-terastallize|p2a: Frosmoth|Water\n|move|p1a: Stonjourner|Stone Edge|p2a: Frosmoth\n|-damage|p2a: Frosmoth|0 fnt\n|faint|p2a: Frosmoth\n|-damage|p1a: Stonjourner|198/330|[from] item: Life Orb\n|\n|upkeep\n|\n|t:|1783570475\n|switch|p2a: Sudowoodo|Sudowoodo, L94, M|100/100\n|turn|8\n|inactive|Time left: 300 sec this turn | 300 sec total\n|\n|t:|1783570476\n|move|p1a: Stonjourner|Earthquake|p2a: Sudowoodo\n|-supereffective|p2a: Sudowoodo\n|-crit|p2a: Sudowoodo\n|-damage|p2a: Sudowoodo|0 fnt\n|faint|p2a: Sudowoodo\n|-damage|p1a: Stonjourner|165/330|[from] item: Life Orb\n|\n|upkeep\n|\n|t:|1783570476\n|switch|p2a: Bisharp|Bisharp, L79, M|100/100\n|turn|9\n|inactive|Time left: 300 sec this turn | 300 sec total\n|\n|t:|1783570477\n|move|p1a: Stonjourner|Earthquake|p2a: Bisharp\n|-supereffective|p2a: Bisharp\n|-damage|p2a: Bisharp|0 fnt\n|faint|p2a: Bisharp\n|-damage|p1a: Stonjourner|132/330|[from] item: Life Orb\n|\n|win|p0x2639eed0", "uploadtime": 1783570477, "views": 0, "rating": 0, "private": 0, "password": null, "_winner": "p0x2639eed0", "_our_name": "p0x2639eed0"}