{"id": "battle-gen9randombattle-2588", "formatid": "gen9randombattle", "format": "[Gen 9] Random Battle", "players": ["p0x2588c760", "p0y25881ee2"], "log": "|init|battle\n|title|p0x2588c760 vs. p0y25881ee2\n|j|\u2606p0x2588c760\n|j|\u2606p0y25881ee2\n|t:|1783568957\n|gametype|singles\n|player|p1|p0x2588c760|2|\n|player|p2|p0y25881ee2|169|\n|gen|9\n|tier|[Gen 9] Random Battle\n|rule|Species Clause: Limit one of each Pok\u00e9mon\n|rule|HP Percentage Mod: HP is shown in percentages\n|rule|Sleep Clause Mod: Limit one foe put to sleep\n|rule|Illusion Level Mod: Illusion disguises the Pok\u00e9mon's true level\n|\n|t:|1783568957\n|teamsize|p1|6\n|teamsize|p2|6\n|start\n|switch|p1a: Kyogre|Kyogre, L71|259/259\n|switch|p2a: Drifblim|Drifblim, L86, F|100/100\n|-weather|RainDance|[from] ability: Drizzle|[of] p1a: Kyogre\n|turn|1\n|inactive|Battle timer is ON: inactive players will automatically lose when time's up. (requested by p0y25881ee2)\n|inactive|Time left: 300 sec this turn | 300 sec total | 60 sec grace\n|inactive|p0x2588c760 also wants the timer to be on.\n|\n|t:|1783568959\n|move|p1a: Kyogre|Water Spout|p2a: Drifblim\n|-damage|p2a: Drifblim|13/100\n|-enditem|p2a: Drifblim|Sitrus Berry|[eat]\n|-heal|p2a: Drifblim|38/100|[from] item: Sitrus Berry\n|move|p2a: Drifblim|Calm Mind|p2a: Drifblim\n|-boost|p2a: Drifblim|spa|1\n|-boost|p2a: Drifblim|spd|1\n|\n|-weather|RainDance|[upkeep]\n|upkeep\n|turn|2\n|inactive|Time left: 300 sec this turn | 300 sec total\n|\n|t:|1783568960\n|move|p2a: Drifblim|Shadow Ball|p1a: Kyogre\n|-damage|p1a: Kyogre|147/259\n|-unboost|p1a: Kyogre|spd|1\n|move|p1a: Kyogre|Water Spout|p2a: Drifblim\n|-damage|p2a: Drifblim|7/100\n|\n|-weather|RainDance|[upkeep]\n|upkeep\n|turn|3\n|inactive|Time left: 300 sec this turn | 300 sec total\n|\n|t:|1783568961\n|move|p2a: Drifblim|Strength Sap|p1a: Kyogre\n|-unboost|p1a: Kyogre|atk|1\n|-heal|p2a: Drifblim|44/100\n|move|p1a: Kyogre|Water Spout|p2a: Drifblim\n|-damage|p2a: Drifblim|12/100\n|\n|-weather|RainDance|[upkeep]\n|upkeep\n|turn|4\n|inactive|Time left: 300 sec this turn | 300 sec total\n|\n|t:|1783568961\n|switch|p1a: Muk|Muk, L86, M|321/321\n|move|p2a: Drifblim|Shadow Ball|p1a: Muk\n|-damage|p1a: Muk|249/321\n|\n|-weather|RainDance|[upkeep]\n|upkeep\n|turn|5\n|inactive|Time left: 300 sec this turn | 300 sec total\n|\n|t:|1783568963\n|move|p1a: Muk|Shadow Sneak|p2a: Drifblim\n|-supereffective|p2a: Drifblim\n|-damage|p2a: Drifblim|0 fnt\n|faint|p2a: Drifblim\n|\n|-weather|none\n|upkeep\n|\n|t:|1783568963\n|switch|p2a: Reuniclus|Reuniclus, L88, F|100/100\n|turn|6\n|inactive|Time left: 300 sec this turn | 300 sec total\n|\n|t:|1783568964\n|move|p1a: Muk|Knock Off|p2a: Reuniclus\n|-supereffective|p2a: Reuniclus\n|-damage|p2a: Reuniclus|52/100\n|-status|p2a: Reuniclus|psn|[from] ability: Poison Touch|[of] p1a: Muk\n|-enditem|p2a: Reuniclus|Life Orb|[from] move: Knock Off|[of] p1a: Muk\n|move|p2a: Reuniclus|Psyshock|p1a: Muk\n|-supereffective|p1a: Muk\n|-damage|p1a: Muk|7/321\n|\n|upkeep\n|turn|7\n|inactive|Time left: 300 sec this turn | 300 sec total\n|\n|t:|1783568965\n|move|p1a: Muk|Gunk Shot|p2a: Reuniclus\n|-damage|p2a: Reuniclus|9/100 psn\n|move|p2a: Reuniclus|Recover|p2a: Reuniclus\n|-heal|p2a: Reuniclus|59/100 psn\n|\n|upkeep\n|turn|8\n|inactive|Time left: 300 sec this turn | 300 sec total\n|\n|t:|1783568966\n|move|p1a: Muk|Gunk Shot|p2a: Reuniclus\n|-crit|p2a: Reuniclus\n|-damage|p2a: Reuniclus|0 fnt\n|faint|p2a: Reuniclus\n|\n|upkeep\n|\n|t:|1783568967\n|switch|p2a: Mimikyu|Mimikyu, L79, F|100/100\n|turn|9\n|inactive|Time left: 300 sec this turn | 300 sec total\n|\n|t:|1783568968\n|move|p1a: Muk|Shadow Sneak|p2a: Mimikyu\n|-activate|p2a: Mimikyu|ability: Disguise\n|-damage|p2a: Mimikyu|100/100\n|-status|p2a: Mimikyu|psn|[from] ability: Poison Touch|[of] p1a: Muk\n|detailschange|p2a: Mimikyu|Mimikyu-Busted, L79, F\n|-damage|p2a: Mimikyu|88/100 psn|[from] pokemon: Mimikyu-Busted\n|move|p2a: Mimikyu|Swords Dance|p2a: Mimikyu\n|-boost|p2a: Mimikyu|atk|2\n|\n|-damage|p2a: Mimikyu|75/100 psn|[from] psn\n|upkeep\n|turn|10\n|inactive|Time left: 300 sec this turn | 300 sec total\n|\n|t:|1783568969\n|move|p2a: Mimikyu|Shadow Sneak|p1a: Muk\n|-damage|p1a: Muk|0 fnt\n|faint|p1a: Muk\n|-damage|p2a: Mimikyu|66/100 psn|[from] item: Life Orb\n|\n|-damage|p2a: Mimikyu|53/100 psn|[from] psn\n|upkeep\n|inactive|Time left: 300 sec this turn | 300 sec total | 5 sec grace\n|\n|t:|1783568970\n|switch|p1a: Kyogre|Kyogre, L71|147/259\n|-weather|RainDance|[from] ability: Drizzle|[of] p1a: Kyogre\n|turn|11\n|inactive|Time left: 300 sec this turn | 300 sec total\n|\n|t:|1783568970\n|switch|p2a: Ludicolo|Ludicolo, L90, F|100/100\n|move|p1a: Kyogre|Water Spout|p2a: Ludicolo\n|-resisted|p2a: Ludicolo\n|-damage|p2a: Ludicolo|89/100\n|\n|-weather|RainDance|[upkeep]\n|upkeep\n|turn|12\n|inactive|Time left: 300 sec this turn | 300 sec total\n|\n|t:|1783568971\n|switch|p1a: Vespiquen|Vespiquen, L99, F|299/299\n|-ability|p1a: Vespiquen|Pressure\n|move|p2a: Ludicolo|Hydro Pump|p1a: Vespiquen\n|-damage|p1a: Vespiquen|70/299\n|\n|-weather|RainDance|[upkeep]\n|upkeep\n|turn|13\n|inactive|Time left: 300 sec this turn | 300 sec total\n|\n|t:|1783568972\n|move|p2a: Ludicolo|Hydro Pump|p1a: Vespiquen\n|-damage|p1a: Vespiquen|0 fnt\n|faint|p1a: Vespiquen\n|\n|-weather|RainDance|[upkeep]\n|upkeep\n|inactive|Time left: 300 sec this turn | 300 sec total | 5 sec grace\n|\n|t:|1783568973\n|switch|p1a: Kyogre|Kyogre, L71|147/259\n|turn|14\n|inactive|Time left: 300 sec this turn | 300 sec total\n|\n|t:|1783568974\n|move|p2a: Ludicolo|Hydro Pump|p1a: Kyogre\n|-resisted|p1a: Kyogre\n|-damage|p1a: Kyogre|22/259\n|move|p1a: Kyogre|Thunder|p2a: Ludicolo\n|-damage|p2a: Ludicolo|68/100\n|-status|p2a: Ludicolo|par\n|\n|-weather|RainDance|[upkeep]\n|upkeep\n|turn|15\n|inactive|Time left: 300 sec this turn | 300 sec total\n|\n|t:|1783568975\n|move|p1a: Kyogre|Thunder|p2a: Ludicolo\n|-damage|p2a: Ludicolo|44/100 par\n|move|p2a: Ludicolo|Hydro Pump|p1a: Kyogre|[miss]\n|-miss|p2a: Ludicolo|p1a: Kyogre\n|\n|-weather|none\n|upkeep\n|turn|16\n|inactive|Time left: 300 sec this turn | 300 sec total\n|\n|t:|1783568976\n|move|p1a: Kyogre|Thunder|p2a: Ludicolo|[miss]\n|-miss|p1a: Kyogre|p2a: Ludicolo\n|move|p2a: Ludicolo|Hydro Pump|p1a: Kyogre\n|-resisted|p1a: Kyogre\n|-damage|p1a: Kyogre|0 fnt\n|faint|p1a: Kyogre\n|\n|upkeep\n|inactive|Time left: 300 sec this turn | 300 sec total | 5 sec grace\n|\n|t:|1783568977\n|switch|p1a: Perrserker|Perrserker, L89, M|269/269\n|turn|17\n|inactive|Time left: 300 sec this turn | 300 sec total\n|\n|t:|1783568978\n|move|p1a: Perrserker|Knock Off|p2a: Ludicolo\n|-damage|p2a: Ludicolo|0 fnt\n|-enditem|p2a: Ludicolo|Choice Specs|[from] move: Knock Off|[of] p1a: Perrserker\n|faint|p2a: Ludicolo\n|-damage|p1a: Perrserker|243/269|[from] item: Life Orb\n|\n|upkeep\n|\n|t:|1783568979\n|switch|p2a: Salazzle|Salazzle, L83, F|100/100\n|turn|18\n|inactive|Time left: 300 sec this turn | 300 sec total\n|\n|t:|1783568980\n|switch|p1a: Urshifu|Urshifu-Rapid-Strike, L75, M|274/274\n|move|p2a: Salazzle|Flamethrower|p1a: Urshifu\n|-resisted|p1a: Urshifu\n|-damage|p1a: Urshifu|191/274\n|-status|p1a: Urshifu|brn\n|\n|-damage|p1a: Urshifu|174/274 brn|[from] brn\n|upkeep\n|turn|19\n|inactive|Time left: 300 sec this turn | 300 sec total\n|\n|t:|1783568981\n|switch|p2a: Ambipom|Ambipom, L84, F|100/100\n|move|p1a: Urshifu|Surging Strikes|p2a: Ambipom\n|-crit|p2a: Ambipom\n|-damage|p2a: Ambipom|90/100\n|-crit|p2a: Ambipom\n|-damage|p2a: Ambipom|80/100\n|-crit|p2a: Ambipom\n|-damage|p2a: Ambipom|71/100\n|-hitcount|p2a: Ambipom|3\n|\n|-damage|p1a: Urshifu|157/274 brn|[from] brn\n|upkeep\n|turn|20\n|inactive|Time left: 300 sec this turn | 300 sec total\n|\n|t:|1783568982\n|move|p2a: Ambipom|Fake Out|p1a: Urshifu\n|-damage|p1a: Urshifu|73/274 brn\n|cant|p1a: Urshifu|flinch\n|\n|-damage|p1a: Urshifu|56/274 brn|[from] brn\n|upkeep\n|turn|21\n|inactive|Time left: 300 sec this turn | 300 sec total\n|\n|t:|1783568983\n|move|p1a: Urshifu|Surging Strikes|p2a: Ambipom\n|-crit|p2a: Ambipom\n|-damage|p2a: Ambipom|61/100\n|-crit|p2a: Ambipom\n|-damage|p2a: Ambipom|51/100\n|-crit|p2a: Ambipom\n|-damage|p2a: Ambipom|40/100\n|-hitcount|p2a: Ambipom|3\n|move|p2a: Ambipom|Double-Edge|p1a: Urshifu\n|-damage|p1a: Urshifu|0 fnt\n|faint|p1a: Urshifu\n|-damage|p2a: Ambipom|34/100|[from] Recoil\n|\n|upkeep\n|inactive|Time left: 300 sec this turn | 300 sec total | 5 sec grace\n|\n|t:|1783568984\n|switch|p1a: Perrserker|Perrserker, L89, M|243/269\n|turn|22\n|inactive|Time left: 300 sec this turn | 300 sec total\n|\n|t:|1783568985\n|move|p2a: Ambipom|Double-Edge|p1a: Perrserker\n|-resisted|p1a: Perrserker\n|-damage|p1a: Perrserker|179/269\n|-damage|p2a: Ambipom|26/100|[from] Recoil\n|move|p1a: Perrserker|Knock Off|p2a: Ambipom\n|-damage|p2a: Ambipom|0 fnt\n|-enditem|p2a: Ambipom|Silk Scarf|[from] move: Knock Off|[of] p1a: Perrserker\n|faint|p2a: Ambipom\n|-damage|p1a: Perrserker|153/269|[from] item: Life Orb\n|\n|upkeep\n|\n|t:|1783568986\n|switch|p2a: Salazzle|Salazzle, L83, F|100/100\n|turn|23\n|inactive|Time left: 300 sec this turn | 300 sec total\n|\n|t:|1783568987\n|-terastallize|p1a: Perrserker|Fighting\n|move|p2a: Salazzle|Flamethrower|p1a: Perrserker\n|-damage|p1a: Perrserker|33/269\n|move|p1a: Perrserker|Knock Off|p2a: Salazzle\n|-damage|p2a: Salazzle|29/100\n|-enditem|p2a: Salazzle|Leftovers|[from] move: Knock Off|[of] p1a: Perrserker\n|-damage|p1a: Perrserker|7/269|[from] item: Life Orb\n|\n|upkeep\n|turn|24\n|inactive|Time left: 300 sec this turn | 300 sec total\n|\n|t:|1783568988\n|move|p2a: Salazzle|Flamethrower|p1a: Perrserker\n|-damage|p1a: Perrserker|0 fnt\n|faint|p1a: Perrserker\n|\n|upkeep\n|inactive|Time left: 300 sec this turn | 300 sec total | 5 sec grace\n|\n|t:|1783568989\n|switch|p1a: Duraludon|Duraludon, L82, M|249/249\n|turn|25\n|inactive|Time left: 300 sec this turn | 300 sec total\n|\n|t:|1783568990\n|move|p2a: Salazzle|Flamethrower|p1a: Duraludon\n|-damage|p1a: Duraludon|146/249\n|move|p1a: Duraludon|Draco Meteor|p2a: Salazzle\n|-damage|p2a: Salazzle|0 fnt\n|-unboost|p1a: Duraludon|spa|2\n|faint|p2a: Salazzle\n|\n|upkeep\n|\n|t:|1783568990\n|switch|p2a: Mimikyu|Mimikyu-Busted, L79, F|53/100 psn\n|turn|26\n|inactive|Time left: 300 sec this turn | 300 sec total\n|\n|t:|1783568992\n|-terastallize|p2a: Mimikyu|Fighting\n|move|p2a: Mimikyu|Swords Dance|p2a: Mimikyu\n|-boost|p2a: Mimikyu|atk|2\n|move|p1a: Duraludon|Flash Cannon|p2a: Mimikyu\n|-damage|p2a: Mimikyu|32/100 psn\n|\n|-damage|p2a: Mimikyu|20/100 psn|[from] psn\n|upkeep\n|turn|27\n|inactive|Time left: 300 sec this turn | 300 sec total\n|\n|t:|1783568993\n|move|p2a: Mimikyu|Drain Punch|p1a: Duraludon\n|-supereffective|p1a: Duraludon\n|-damage|p1a: Duraludon|0 fnt\n|-heal|p2a: Mimikyu|54/100 psn|[from] drain|[of] p1a: Duraludon\n|faint|p1a: Duraludon\n|-damage|p2a: Mimikyu|44/100 psn|[from] item: Life Orb\n|\n|win|p0y25881ee2", "uploadtime": 1783568993, "views": 0, "rating": 0, "private": 0, "password": null, "_winner": "p0y25881ee2", "_our_name": "p0x2588c760"}