{"id": "battle-gen9randombattle-1845", "formatid": "gen9randombattle", "format": "[Gen 9] Random Battle", "players": ["p0x1845151a", "p0y1845aae5"], "log": "|init|battle\n|title|p0x1845151a vs. p0y1845aae5\n|j|\u2606p0x1845151a\n|j|\u2606p0y1845aae5\n|t:|1783561359\n|gametype|singles\n|player|p1|p0x1845151a|170|\n|player|p2|p0y1845aae5|102|\n|gen|9\n|tier|[Gen 9] Random Battle\n|rule|Species Clause: Limit one of each Pok\u00e9mon\n|rule|HP Percentage Mod: HP is shown in percentages\n|rule|Sleep Clause Mod: Limit one foe put to sleep\n|rule|Illusion Level Mod: Illusion disguises the Pok\u00e9mon's true level\n|\n|t:|1783561359\n|teamsize|p1|6\n|teamsize|p2|6\n|start\n|switch|p1a: Calyrex|Calyrex, L93|337/337\n|switch|p2a: Clodsire|Clodsire, L81, M|100/100\n|-ability|p1a: Calyrex|Unnerve\n|turn|1\n|inactive|Battle timer is ON: inactive players will automatically lose when time's up. (requested by p0y1845aae5)\n|inactive|Time left: 300 sec this turn | 300 sec total | 60 sec grace\n|inactive|p0x1845151a also wants the timer to be on.\n|\n|t:|1783561360\n|move|p1a: Calyrex|Psychic|p2a: Clodsire\n|-supereffective|p2a: Clodsire\n|-damage|p2a: Clodsire|45/100\n|move|p2a: Clodsire|Curse|p2a: Clodsire\n|-unboost|p2a: Clodsire|spe|1\n|-boost|p2a: Clodsire|atk|1\n|-boost|p2a: Clodsire|def|1\n|\n|-heal|p2a: Clodsire|51/100|[from] item: Leftovers\n|upkeep\n|turn|2\n|inactive|Time left: 300 sec this turn | 300 sec total\n|\n|t:|1783561362\n|switch|p2a: Shiftry|Shiftry, L89, M|100/100\n|move|p1a: Calyrex|Psychic|p2a: Shiftry\n|-immune|p2a: Shiftry\n|\n|upkeep\n|turn|3\n|inactive|Time left: 300 sec this turn | 300 sec total\n|\n|t:|1783561363\n|switch|p1a: Enamorus|Enamorus-Therian, L83, F|259/259\n|move|p2a: Shiftry|Knock Off|p1a: Enamorus\n|-resisted|p1a: Enamorus\n|-damage|p1a: Enamorus|194/259\n|-enditem|p1a: Enamorus|Assault Vest|[from] move: Knock Off|[of] p2a: Shiftry\n|-damage|p2a: Shiftry|91/100|[from] item: Life Orb\n|\n|upkeep\n|turn|4\n|inactive|Time left: 300 sec this turn | 300 sec total\n|\n|t:|1783561364\n|switch|p2a: Araquanid|Araquanid, L82, F|100/100\n|move|p1a: Enamorus|Moonblast|p2a: Araquanid\n|-damage|p2a: Araquanid|65/100\n|-unboost|p2a: Araquanid|spa|1\n|\n|upkeep\n|turn|5\n|inactive|Time left: 300 sec this turn | 300 sec total\n|\n|t:|1783561365\n|move|p1a: Enamorus|Moonblast|p2a: Araquanid\n|-damage|p2a: Araquanid|28/100\n|move|p2a: Araquanid|Sticky Web|p1a: Enamorus\n|-sidestart|p1: p0x1845151a|move: Sticky Web\n|\n|upkeep\n|turn|6\n|inactive|Time left: 300 sec this turn | 300 sec total\n|\n|t:|1783561366\n|move|p1a: Enamorus|Moonblast|p2a: Araquanid\n|-damage|p2a: Araquanid|0 fnt\n|faint|p2a: Araquanid\n|\n|upkeep\n|\n|t:|1783561367\n|switch|p2a: Floatzel|Floatzel, L86, M|100/100\n|turn|7\n|inactive|Time left: 300 sec this turn | 300 sec total\n|\n|t:|1783561368\n|move|p2a: Floatzel|Wave Crash|p1a: Enamorus\n|-damage|p1a: Enamorus|22/259\n|-damage|p2a: Floatzel|81/100|[from] Recoil\n|move|p1a: Enamorus|Moonblast|p2a: Floatzel\n|-damage|p2a: Floatzel|14/100\n|\n|upkeep\n|turn|8\n|inactive|Time left: 300 sec this turn | 300 sec total\n|\n|t:|1783561370\n|switch|p1a: Glaceon|Glaceon, L94, M|275/275\n|move|p2a: Floatzel|Wave Crash|p1a: Glaceon\n|-damage|p1a: Glaceon|125/275\n|-damage|p2a: Floatzel|0 fnt|[from] Recoil\n|faint|p2a: Floatzel\n|\n|upkeep\n|\n|t:|1783561371\n|switch|p2a: Komala|Komala, L87, M|100/100\n|-ability|p2a: Komala|Comatose\n|turn|9\n|inactive|Time left: 300 sec this turn | 300 sec total\n|\n|t:|1783561372\n|move|p1a: Glaceon|Freeze-Dry|p2a: Komala\n|-crit|p2a: Komala\n|-damage|p2a: Komala|59/100\n|move|p2a: Komala|Body Slam|p1a: Glaceon\n|-damage|p1a: Glaceon|43/275\n|\n|upkeep\n|turn|10\n|inactive|Time left: 300 sec this turn | 300 sec total\n|\n|t:|1783561373\n|move|p1a: Glaceon|Protect|p1a: Glaceon\n|-singleturn|p1a: Glaceon|Protect\n|move|p2a: Komala|Rapid Spin|p1a: Glaceon\n|-activate|p1a: Glaceon|move: Protect\n|\n|upkeep\n|turn|11\n|inactive|Time left: 300 sec this turn | 300 sec total\n|\n|t:|1783561374\n|switch|p1a: Arceus|Arceus-Bug, L73|295/295\n|-activate|p1a: Arceus|move: Sticky Web\n|-unboost|p1a: Arceus|spe|1\n|move|p2a: Komala|Rapid Spin|p1a: Arceus\n|-damage|p1a: Arceus|238/295\n|-boost|p2a: Komala|spe|1\n|\n|upkeep\n|turn|12\n|inactive|Time left: 300 sec this turn | 300 sec total\n|\n|t:|1783561375\n|move|p2a: Komala|Body Slam|p1a: Arceus\n|-damage|p1a: Arceus|139/295\n|-status|p1a: Arceus|par\n|move|p1a: Arceus|Judgment|p2a: Komala\n|-damage|p2a: Komala|32/100\n|\n|upkeep\n|turn|13\n|inactive|Time left: 300 sec this turn | 300 sec total\n|\n|t:|1783561376\n|move|p2a: Komala|Body Slam|p1a: Arceus\n|-damage|p1a: Arceus|33/295 par\n|move|p1a: Arceus|Judgment|p2a: Komala\n|-damage|p2a: Komala|5/100\n|\n|upkeep\n|turn|14\n|inactive|Time left: 300 sec this turn | 300 sec total\n|\n|t:|1783561377\n|move|p2a: Komala|Rapid Spin|p1a: Arceus\n|-damage|p1a: Arceus|0 fnt\n|-boost|p2a: Komala|spe|1\n|faint|p1a: Arceus\n|\n|upkeep\n|inactive|Time left: 300 sec this turn | 300 sec total | 5 sec grace\n|\n|t:|1783561378\n|switch|p1a: Calyrex|Calyrex, L93|337/337\n|-ability|p1a: Calyrex|Unnerve\n|-activate|p1a: Calyrex|move: Sticky Web\n|-unboost|p1a: Calyrex|spe|1\n|turn|15\n|inactive|Time left: 300 sec this turn | 300 sec total\n|\n|t:|1783561379\n|move|p2a: Komala|Knock Off|p1a: Calyrex\n|-supereffective|p1a: Calyrex\n|-damage|p1a: Calyrex|183/337\n|-enditem|p1a: Calyrex|Leftovers|[from] move: Knock Off|[of] p2a: Komala\n|move|p1a: Calyrex|Psychic|p2a: Komala\n|-damage|p2a: Komala|0 fnt\n|faint|p2a: Komala\n|\n|upkeep\n|\n|t:|1783561380\n|switch|p2a: Shiftry|Shiftry, L89, M|91/100\n|turn|16\n|inactive|Time left: 300 sec this turn | 300 sec total\n|\n|t:|1783561380\n|move|p2a: Shiftry|Knock Off|p1a: Calyrex\n|-supereffective|p1a: Calyrex\n|-damage|p1a: Calyrex|0 fnt\n|faint|p1a: Calyrex\n|-damage|p2a: Shiftry|81/100|[from] item: Life Orb\n|\n|upkeep\n|inactive|Time left: 300 sec this turn | 300 sec total | 5 sec grace\n|\n|t:|1783561381\n|switch|p1a: Deoxys|Deoxys-Defense, L84|221/221\n|-activate|p1a: Deoxys|move: Sticky Web\n|-unboost|p1a: Deoxys|spe|1\n|-ability|p1a: Deoxys|Pressure\n|turn|17\n|inactive|Time left: 300 sec this turn | 300 sec total\n|\n|t:|1783561382\n|switch|p1a: Glaceon|Glaceon, L94, M|43/275\n|move|p2a: Shiftry|Swords Dance|p2a: Shiftry\n|-boost|p2a: Shiftry|atk|2\n|\n|upkeep\n|turn|18\n|inactive|Time left: 300 sec this turn | 300 sec total\n|\n|t:|1783561383\n|move|p1a: Glaceon|Protect|p1a: Glaceon\n|-singleturn|p1a: Glaceon|Protect\n|move|p2a: Shiftry|Leaf Blade|p1a: Glaceon\n|-activate|p1a: Glaceon|move: Protect\n|\n|upkeep\n|turn|19\n|inactive|Time left: 300 sec this turn | 300 sec total\n|\n|t:|1783561384\n|move|p1a: Glaceon|Protect|p1a: Glaceon\n|-singleturn|p1a: Glaceon|Protect\n|move|p2a: Shiftry|Knock Off|p1a: Glaceon\n|-activate|p1a: Glaceon|move: Protect\n|\n|upkeep\n|turn|20\n|inactive|Time left: 300 sec this turn | 300 sec total\n|\n|t:|1783561385\n|move|p1a: Glaceon|Protect||[still]\n|-fail|p1a: Glaceon\n|move|p2a: Shiftry|Leaf Blade|p1a: Glaceon\n|-damage|p1a: Glaceon|0 fnt\n|faint|p1a: Glaceon\n|-damage|p2a: Shiftry|71/100|[from] item: Life Orb\n|\n|upkeep\n|inactive|Time left: 300 sec this turn | 300 sec total | 5 sec grace\n|\n|t:|1783561386\n|switch|p1a: Pikachu|Pikachu-World, L93, M|216/216\n|-activate|p1a: Pikachu|move: Sticky Web\n|-unboost|p1a: Pikachu|spe|1\n|turn|21\n|inactive|Time left: 300 sec this turn | 300 sec total\n|\n|t:|1783561387\n|move|p1a: Pikachu|Fake Out|p2a: Shiftry\n|-damage|p2a: Shiftry|52/100\n|cant|p2a: Shiftry|flinch\n|\n|upkeep\n|turn|22\n|inactive|Time left: 300 sec this turn | 300 sec total\n|\n|t:|1783561388\n|switch|p1a: Enamorus|Enamorus-Therian, L83, F|22/259\n|move|p2a: Shiftry|Knock Off|p1a: Enamorus\n|-resisted|p1a: Enamorus\n|-damage|p1a: Enamorus|0 fnt\n|faint|p1a: Enamorus\n|-damage|p2a: Shiftry|42/100|[from] item: Life Orb\n|\n|upkeep\n|inactive|Time left: 300 sec this turn | 300 sec total | 5 sec grace\n|\n|t:|1783561389\n|switch|p1a: Deoxys|Deoxys-Defense, L84|221/221\n|-activate|p1a: Deoxys|move: Sticky Web\n|-unboost|p1a: Deoxys|spe|1\n|-ability|p1a: Deoxys|Pressure\n|turn|23\n|inactive|Time left: 300 sec this turn | 300 sec total\n|\n|t:|1783561390\n|-terastallize|p2a: Shiftry|Dark\n|-terastallize|p1a: Deoxys|Steel\n|move|p2a: Shiftry|Knock Off|p1a: Deoxys\n|-damage|p1a: Deoxys|0 fnt\n|-enditem|p1a: Deoxys|Leftovers|[from] move: Knock Off|[of] p2a: Shiftry\n|faint|p1a: Deoxys\n|-damage|p2a: Shiftry|33/100|[from] item: Life Orb\n|\n|upkeep\n|inactive|Time left: 300 sec this turn | 300 sec total | 5 sec grace\n|\n|t:|1783561391\n|switch|p1a: Pikachu|Pikachu-World, L93, M|216/216\n|-activate|p1a: Pikachu|move: Sticky Web\n|-unboost|p1a: Pikachu|spe|1\n|turn|24\n|inactive|Time left: 300 sec this turn | 300 sec total\n|\n|t:|1783561392\n|move|p1a: Pikachu|Fake Out|p2a: Shiftry\n|-damage|p2a: Shiftry|15/100\n|cant|p2a: Shiftry|flinch\n|\n|upkeep\n|turn|25\n|inactive|Time left: 300 sec this turn | 300 sec total\n|\n|t:|1783561393\n|move|p1a: Pikachu|Fake Out||[still]\n|-hint|Fake Out only works on your first turn out.\n|-fail|p1a: Pikachu\n|move|p2a: Shiftry|Knock Off|p1a: Pikachu\n|-damage|p1a: Pikachu|0 fnt\n|-enditem|p1a: Pikachu|Light Ball|[from] move: Knock Off|[of] p2a: Shiftry\n|faint|p1a: Pikachu\n|-damage|p2a: Shiftry|5/100|[from] item: Life Orb\n|\n|win|p0y1845aae5", "uploadtime": 1783561393, "views": 0, "rating": 0, "private": 0, "password": null, "_winner": "p0y1845aae5", "_our_name": "p0x1845151a"}