{"id": "battle-gen9randombattle-1528", "formatid": "gen9randombattle", "format": "[Gen 9] Random Battle", "players": ["p0x15282a26", "p0y15287b1e"], "log": "|init|battle\n|title|p0x15282a26 vs. p0y15287b1e\n|j|\u2606p0x15282a26\n|j|\u2606p0y15287b1e\n|t:|1783557767\n|gametype|singles\n|player|p1|p0x15282a26|266|\n|player|p2|p0y15287b1e|170|\n|gen|9\n|tier|[Gen 9] Random Battle\n|rule|Species Clause: Limit one of each Pok\u00e9mon\n|rule|HP Percentage Mod: HP is shown in percentages\n|rule|Sleep Clause Mod: Limit one foe put to sleep\n|rule|Illusion Level Mod: Illusion disguises the Pok\u00e9mon's true level\n|\n|t:|1783557767\n|teamsize|p1|6\n|teamsize|p2|6\n|start\n|switch|p1a: Crabominable|Crabominable, L90, M|100/100\n|switch|p2a: Arbok|Arbok, L87, M|246/246\n|-ability|p2a: Arbok|Intimidate|boost\n|-unboost|p1a: Crabominable|atk|1\n|turn|1\n|inactive|Battle timer is ON: inactive players will automatically lose when time's up. (requested by p0y15287b1e)\n|inactive|p0x15282a26 also wants the timer to be on.\n|\n|t:|1783557769\n|switch|p2a: Urshifu|Urshifu-Rapid-Strike, L75, F|274/274\n|move|p1a: Crabominable|Ice Hammer|p2a: Urshifu\n|-resisted|p2a: Urshifu\n|-damage|p2a: Urshifu|216/274\n|-unboost|p1a: Crabominable|spe|1\n|\n|upkeep\n|turn|2\n|inactive|Time left: 300 sec this turn | 300 sec total\n|\n|t:|1783557770\n|switch|p1a: Glimmora|Glimmora, L75, M|100/100\n|move|p2a: Urshifu|Swords Dance|p2a: Urshifu\n|-boost|p2a: Urshifu|atk|2\n|\n|upkeep\n|turn|3\n|inactive|Time left: 300 sec this turn | 300 sec total\n|\n|t:|1783557771\n|move|p2a: Urshifu|Close Combat|p1a: Glimmora\n|-damage|p1a: Glimmora|0 fnt\n|-unboost|p2a: Urshifu|def|1\n|-unboost|p2a: Urshifu|spd|1\n|-activate|p1a: Glimmora|ability: Toxic Debris\n|-sidestart|p2: p0y15287b1e|move: Toxic Spikes\n|faint|p1a: Glimmora\n|-damage|p2a: Urshifu|189/274|[from] item: Life Orb\n|\n|upkeep\n|\n|t:|1783557772\n|switch|p1a: Sawsbuck|Sawsbuck-Winter, L88, M|100/100\n|turn|4\n|inactive|Time left: 300 sec this turn | 300 sec total\n|\n|t:|1783557773\n|switch|p2a: Arbok|Arbok, L87, M|246/246\n|-sideend|p2: p0y15287b1e|move: Toxic Spikes|[of] p2a: Arbok\n|-ability|p2a: Arbok|Intimidate|boost\n|-unboost|p1a: Sawsbuck|atk|1\n|move|p1a: Sawsbuck|Horn Leech|p2a: Arbok\n|-resisted|p2a: Arbok\n|-damage|p2a: Arbok|203/246\n|-damage|p1a: Sawsbuck|91/100|[from] item: Life Orb\n|\n|upkeep\n|turn|5\n|inactive|Time left: 300 sec this turn | 300 sec total\n|\n|t:|1783557775\n|move|p1a: Sawsbuck|Swords Dance|p1a: Sawsbuck\n|-boost|p1a: Sawsbuck|atk|2\n|move|p2a: Arbok|Gunk Shot|p1a: Sawsbuck\n|-supereffective|p1a: Sawsbuck\n|-damage|p1a: Sawsbuck|0 fnt\n|faint|p1a: Sawsbuck\n|-damage|p2a: Arbok|179/246|[from] item: Life Orb\n|\n|upkeep\n|\n|t:|1783557776\n|switch|p1a: Falinks|Falinks, L84|100/100\n|turn|6\n|inactive|Time left: 300 sec this turn | 300 sec total\n|\n|t:|1783557777\n|move|p2a: Arbok|Gunk Shot|p1a: Falinks\n|-damage|p1a: Falinks|40/100\n|-status|p1a: Falinks|psn\n|-damage|p2a: Arbok|155/246|[from] item: Life Orb\n|move|p1a: Falinks|No Retreat|p1a: Falinks\n|-boost|p1a: Falinks|atk|1\n|-boost|p1a: Falinks|def|1\n|-boost|p1a: Falinks|spa|1\n|-boost|p1a: Falinks|spd|1\n|-boost|p1a: Falinks|spe|1\n|-start|p1a: Falinks|move: No Retreat\n|\n|-damage|p1a: Falinks|28/100 psn|[from] psn\n|upkeep\n|turn|7\n|inactive|Time left: 300 sec this turn | 300 sec total\n|\n|t:|1783557778\n|switch|p2a: Decidueye|Decidueye-Hisui, L87, F|295/295\n|move|p1a: Falinks|Close Combat|p2a: Decidueye\n|-damage|p2a: Decidueye|48/295\n|-unboost|p1a: Falinks|def|1\n|-unboost|p1a: Falinks|spd|1\n|-damage|p1a: Falinks|18/100 psn|[from] item: Life Orb\n|\n|-heal|p2a: Decidueye|66/295|[from] item: Leftovers\n|-damage|p1a: Falinks|6/100 psn|[from] psn\n|upkeep\n|turn|8\n|inactive|Time left: 300 sec this turn | 300 sec total\n|\n|t:|1783557779\n|move|p1a: Falinks|Close Combat|p2a: Decidueye\n|-damage|p2a: Decidueye|0 fnt\n|-unboost|p1a: Falinks|def|1\n|-unboost|p1a: Falinks|spd|1\n|faint|p2a: Decidueye\n|-damage|p1a: Falinks|0 fnt|[from] item: Life Orb\n|faint|p1a: Falinks\n|\n|upkeep\n|inactive|Time left: 300 sec this turn | 300 sec total | 5 sec grace\n|\n|t:|1783557779\n|switch|p1a: Crabominable|Crabominable, L90, M|100/100\n|switch|p2a: Urshifu|Urshifu-Rapid-Strike, L75, F|189/274\n|turn|9\n|inactive|Time left: 300 sec this turn | 300 sec total\n|\n|t:|1783557780\n|-terastallize|p1a: Crabominable|Water\n|move|p2a: Urshifu|Close Combat|p1a: Crabominable\n|-damage|p1a: Crabominable|48/100\n|-unboost|p2a: Urshifu|def|1\n|-unboost|p2a: Urshifu|spd|1\n|-damage|p2a: Urshifu|162/274|[from] item: Life Orb\n|move|p1a: Crabominable|Drain Punch|p2a: Urshifu\n|-crit|p2a: Urshifu\n|-damage|p2a: Urshifu|0 fnt\n|-heal|p1a: Crabominable|73/100|[from] drain|[of] p2a: Urshifu\n|faint|p2a: Urshifu\n|\n|upkeep\n|inactive|Time left: 300 sec this turn | 300 sec total | 5 sec grace\n|\n|t:|1783557781\n|switch|p2a: Arbok|Arbok, L87, M|155/246\n|-ability|p2a: Arbok|Intimidate|boost\n|-unboost|p1a: Crabominable|atk|1\n|turn|10\n|inactive|Time left: 300 sec this turn | 300 sec total\n|\n|t:|1783557782\n|switch|p2a: Bellossom|Bellossom, L84, M|263/263\n|move|p1a: Crabominable|Earthquake|p2a: Bellossom\n|-resisted|p2a: Bellossom\n|-damage|p2a: Bellossom|229/263\n|\n|-heal|p2a: Bellossom|245/263|[from] item: Leftovers\n|upkeep\n|turn|11\n|inactive|Time left: 300 sec this turn | 300 sec total\n|\n|t:|1783557783\n|move|p2a: Bellossom|Quiver Dance|p2a: Bellossom\n|-boost|p2a: Bellossom|spa|1\n|-boost|p2a: Bellossom|spd|1\n|-boost|p2a: Bellossom|spe|1\n|move|p1a: Crabominable|Ice Hammer|p2a: Bellossom\n|-supereffective|p2a: Bellossom\n|-damage|p2a: Bellossom|9/263\n|-unboost|p1a: Crabominable|spe|1\n|\n|-heal|p2a: Bellossom|25/263|[from] item: Leftovers\n|upkeep\n|turn|12\n|inactive|Time left: 300 sec this turn | 300 sec total\n|\n|t:|1783557784\n|move|p2a: Bellossom|Strength Sap|p1a: Crabominable\n|-unboost|p1a: Crabominable|atk|1\n|-heal|p2a: Bellossom|217/263\n|move|p1a: Crabominable|Ice Hammer|p2a: Bellossom\n|-supereffective|p2a: Bellossom\n|-damage|p2a: Bellossom|53/263\n|-unboost|p1a: Crabominable|spe|1\n|\n|-heal|p2a: Bellossom|69/263|[from] item: Leftovers\n|upkeep\n|turn|13\n|inactive|Time left: 300 sec this turn | 300 sec total\n|\n|t:|1783557785\n|move|p2a: Bellossom|Strength Sap|p1a: Crabominable\n|-unboost|p1a: Crabominable|atk|1\n|-heal|p2a: Bellossom|213/263\n|move|p1a: Crabominable|Ice Hammer|p2a: Bellossom\n|-supereffective|p2a: Bellossom\n|-damage|p2a: Bellossom|75/263\n|-unboost|p1a: Crabominable|spe|1\n|\n|-heal|p2a: Bellossom|91/263|[from] item: Leftovers\n|upkeep\n|turn|14\n|inactive|Time left: 300 sec this turn | 300 sec total\n|\n|t:|1783557785\n|switch|p1a: Wyrdeer|Wyrdeer, L87, F|100/100\n|-ability|p1a: Wyrdeer|Intimidate|boost\n|-unboost|p2a: Bellossom|atk|1\n|move|p2a: Bellossom|Strength Sap|p1a: Wyrdeer\n|-unboost|p1a: Wyrdeer|atk|1\n|-heal|p2a: Bellossom|263/263\n|\n|upkeep\n|turn|15\n|inactive|Time left: 300 sec this turn | 300 sec total\n|\n|t:|1783557786\n|move|p2a: Bellossom|Quiver Dance|p2a: Bellossom\n|-boost|p2a: Bellossom|spa|1\n|-boost|p2a: Bellossom|spd|1\n|-boost|p2a: Bellossom|spe|1\n|move|p1a: Wyrdeer|Psychic Noise|p2a: Bellossom\n|-damage|p2a: Bellossom|218/263\n|-start|p2a: Bellossom|move: Heal Block\n|\n|upkeep\n|turn|16\n|inactive|Time left: 300 sec this turn | 300 sec total\n|\n|t:|1783557787\n|switch|p1a: Crabominable|Crabominable, L90, M, tera:Water|73/100\n|move|p2a: Bellossom|Sludge Bomb|p1a: Crabominable\n|-crit|p1a: Crabominable\n|-damage|p1a: Crabominable|32/100\n|\n|-end|p2a: Bellossom|move: Heal Block\n|upkeep\n|turn|17\n|inactive|Time left: 300 sec this turn | 300 sec total\n|\n|t:|1783557788\n|move|p2a: Bellossom|Giga Drain|p1a: Crabominable\n|-supereffective|p1a: Crabominable\n|-damage|p1a: Crabominable|0 fnt\n|-heal|p2a: Bellossom|263/263|[from] drain|[of] p1a: Crabominable\n|faint|p1a: Crabominable\n|\n|upkeep\n|\n|t:|1783557789\n|switch|p1a: Wyrdeer|Wyrdeer, L87, F|100/100\n|-ability|p1a: Wyrdeer|Intimidate|boost\n|-unboost|p2a: Bellossom|atk|1\n|turn|18\n|inactive|Time left: 300 sec this turn | 300 sec total\n|\n|t:|1783557790\n|move|p2a: Bellossom|Giga Drain|p1a: Wyrdeer\n|-damage|p1a: Wyrdeer|53/100\n|move|p1a: Wyrdeer|Psychic Noise|p2a: Bellossom\n|-damage|p2a: Bellossom|218/263\n|-start|p2a: Bellossom|move: Heal Block\n|\n|-heal|p1a: Wyrdeer|59/100|[from] item: Leftovers\n|upkeep\n|turn|19\n|inactive|Time left: 300 sec this turn | 300 sec total\n|\n|t:|1783557791\n|-terastallize|p2a: Bellossom|Poison\n|move|p2a: Bellossom|Sludge Bomb|p1a: Wyrdeer\n|-damage|p1a: Wyrdeer|0 fnt\n|faint|p1a: Wyrdeer\n|\n|-end|p2a: Bellossom|move: Heal Block\n|upkeep\n|\n|t:|1783557791\n|switch|p1a: Kingdra|Kingdra, L84, F|100/100\n|turn|20\n|inactive|Time left: 300 sec this turn | 300 sec total\n|\n|t:|1783557792\n|move|p2a: Bellossom|Giga Drain|p1a: Kingdra\n|-damage|p1a: Kingdra|47/100\n|-heal|p2a: Bellossom|263/263|[from] drain|[of] p1a: Kingdra\n|move|p1a: Kingdra|Hurricane|p2a: Bellossom\n|-damage|p2a: Bellossom|219/263\n|-damage|p1a: Kingdra|37/100|[from] item: Life Orb\n|\n|-heal|p2a: Bellossom|235/263|[from] item: Leftovers\n|upkeep\n|turn|21\n|inactive|Time left: 300 sec this turn | 300 sec total\n|\n|t:|1783557793\n|move|p2a: Bellossom|Giga Drain|p1a: Kingdra\n|-damage|p1a: Kingdra|0 fnt\n|-heal|p2a: Bellossom|263/263|[from] drain|[of] p1a: Kingdra\n|faint|p1a: Kingdra\n|\n|win|p0y15287b1e", "uploadtime": 1783557793, "views": 0, "rating": 0, "private": 0, "password": null, "_winner": "p0y15287b1e", "_our_name": "p0y15287b1e"}