{"id": "battle-gen9randombattle-2693", "formatid": "gen9randombattle", "format": "[Gen 9] Random Battle", "players": ["p0x2693d11c", "p0y2693b6e0"], "log": "|init|battle\n|title|p0x2693d11c vs. p0y2693b6e0\n|j|\u2606p0x2693d11c\n|j|\u2606p0y2693b6e0\n|t:|1783570074\n|gametype|singles\n|player|p1|p0x2693d11c|101|\n|player|p2|p0y2693b6e0|101|\n|gen|9\n|tier|[Gen 9] Random Battle\n|rule|Species Clause: Limit one of each Pok\u00e9mon\n|rule|HP Percentage Mod: HP is shown in percentages\n|rule|Sleep Clause Mod: Limit one foe put to sleep\n|rule|Illusion Level Mod: Illusion disguises the Pok\u00e9mon's true level\n|\n|t:|1783570074\n|teamsize|p1|6\n|teamsize|p2|6\n|start\n|switch|p1a: Wyrdeer|Wyrdeer, L87, F|321/321\n|switch|p2a: Delibird|Delibird, F|100/100\n|-ability|p1a: Wyrdeer|Intimidate|boost\n|-unboost|p2a: Delibird|atk|1\n|turn|1\n|inactive|Battle timer is ON: inactive players will automatically lose when time's up. (requested by p0x2693d11c)\n|inactive|p0y2693b6e0 also wants the timer to be on.\n|\n|t:|1783570075\n|switch|p2a: Blastoise|Blastoise, L80, M|100/100\n|move|p1a: Wyrdeer|Psychic Noise|p2a: Blastoise\n|-damage|p2a: Blastoise|68/100\n|-start|p2a: Blastoise|move: Heal Block\n|\n|upkeep\n|turn|2\n|inactive|Time left: 300 sec this turn | 300 sec total\n|\n|t:|1783570076\n|move|p2a: Blastoise|Shell Smash|p2a: Blastoise\n|-unboost|p2a: Blastoise|def|1\n|-unboost|p2a: Blastoise|spd|1\n|-boost|p2a: Blastoise|atk|2\n|-boost|p2a: Blastoise|spa|2\n|-boost|p2a: Blastoise|spe|2\n|-enditem|p2a: Blastoise|White Herb\n|-clearnegativeboost|p2a: Blastoise|[silent]\n|move|p1a: Wyrdeer|Body Slam|p2a: Blastoise\n|-damage|p2a: Blastoise|33/100\n|\n|-end|p2a: Blastoise|move: Heal Block\n|upkeep\n|turn|3\n|inactive|Time left: 300 sec this turn | 300 sec total\n|\n|t:|1783570077\n|move|p2a: Blastoise|Hydro Pump|p1a: Wyrdeer\n|-damage|p1a: Wyrdeer|126/321\n|move|p1a: Wyrdeer|Body Slam|p2a: Blastoise\n|-damage|p2a: Blastoise|0 fnt\n|faint|p2a: Blastoise\n|\n|upkeep\n|\n|t:|1783570078\n|switch|p2a: Polteageist|Polteageist, L78|100/100\n|turn|4\n|inactive|Time left: 300 sec this turn | 300 sec total\n|\n|t:|1783570079\n|move|p1a: Wyrdeer|Psychic Noise|p2a: Polteageist\n|-damage|p2a: Polteageist|64/100\n|-start|p2a: Polteageist|move: Heal Block\n|-start|p1a: Wyrdeer|Disable|Psychic Noise|[from] ability: Cursed Body|[of] p2a: Polteageist\n|move|p2a: Polteageist|Shell Smash|p2a: Polteageist\n|-unboost|p2a: Polteageist|def|1\n|-unboost|p2a: Polteageist|spd|1\n|-boost|p2a: Polteageist|atk|2\n|-boost|p2a: Polteageist|spa|2\n|-boost|p2a: Polteageist|spe|2\n|-enditem|p2a: Polteageist|White Herb\n|-clearnegativeboost|p2a: Polteageist|[silent]\n|\n|upkeep\n|turn|5\n|inactive|Time left: 300 sec this turn | 300 sec total\n|\n|t:|1783570080\n|move|p2a: Polteageist|Stored Power|p1a: Wyrdeer\n|-resisted|p1a: Wyrdeer\n|-damage|p1a: Wyrdeer|42/321\n|move|p1a: Wyrdeer|Earthquake|p2a: Polteageist\n|-damage|p2a: Polteageist|14/100\n|\n|-end|p2a: Polteageist|move: Heal Block\n|upkeep\n|turn|6\n|inactive|Time left: 300 sec this turn | 300 sec total\n|\n|t:|1783570081\n|move|p2a: Polteageist|Strength Sap|p1a: Wyrdeer\n|-unboost|p1a: Wyrdeer|atk|1\n|-heal|p2a: Polteageist|100/100\n|move|p1a: Wyrdeer|Earthquake|p2a: Polteageist\n|-damage|p2a: Polteageist|70/100\n|\n|upkeep\n|turn|7\n|inactive|Time left: 300 sec this turn | 300 sec total\n|\n|t:|1783570082\n|move|p2a: Polteageist|Stored Power|p1a: Wyrdeer\n|-resisted|p1a: Wyrdeer\n|-damage|p1a: Wyrdeer|0 fnt\n|faint|p1a: Wyrdeer\n|\n|upkeep\n|inactive|Time left: 300 sec this turn | 300 sec total | 5 sec grace\n|\n|t:|1783570083\n|switch|p1a: Araquanid|Araquanid, L82, F|246/246\n|turn|8\n|inactive|Time left: 300 sec this turn | 300 sec total\n|\n|t:|1783570084\n|-terastallize|p2a: Polteageist|Psychic\n|move|p2a: Polteageist|Stored Power|p1a: Araquanid\n|-damage|p1a: Araquanid|0 fnt\n|faint|p1a: Araquanid\n|\n|upkeep\n|inactive|Time left: 300 sec this turn | 300 sec total | 5 sec grace\n|\n|t:|1783570085\n|switch|p1a: Lilligant|Lilligant, L86, F|261/261\n|turn|9\n|inactive|Time left: 300 sec this turn | 300 sec total\n|\n|t:|1783570086\n|move|p2a: Polteageist|Stored Power|p1a: Lilligant\n|-damage|p1a: Lilligant|0 fnt\n|faint|p1a: Lilligant\n|\n|upkeep\n|inactive|Time left: 300 sec this turn | 300 sec total | 5 sec grace\n|\n|t:|1783570087\n|switch|p1a: Venusaur|Venusaur, L84, M|272/272\n|turn|10\n|inactive|Time left: 300 sec this turn | 300 sec total\n|\n|t:|1783570088\n|move|p2a: Polteageist|Stored Power|p1a: Venusaur\n|-supereffective|p1a: Venusaur\n|-damage|p1a: Venusaur|0 fnt\n|faint|p1a: Venusaur\n|\n|upkeep\n|inactive|Time left: 300 sec this turn | 300 sec total | 5 sec grace\n|\n|t:|1783570088\n|switch|p1a: Diancie|Diancie, L82|216/216\n|turn|11\n|inactive|Time left: 300 sec this turn | 300 sec total\n|\n|t:|1783570089\n|-terastallize|p1a: Diancie|Fairy\n|move|p2a: Polteageist|Stored Power|p1a: Diancie\n|-damage|p1a: Diancie|0 fnt\n|faint|p1a: Diancie\n|\n|upkeep\n|inactive|Time left: 300 sec this turn | 300 sec total | 5 sec grace\n|\n|t:|1783570090\n|switch|p1a: Floatzel|Floatzel, L86, F|286/286\n|turn|12\n|inactive|Time left: 300 sec this turn | 300 sec total\n|\n|t:|1783570090\n|move|p2a: Polteageist|Stored Power|p1a: Floatzel\n|-damage|p1a: Floatzel|0 fnt\n|faint|p1a: Floatzel\n|\n|win|p0y2693b6e0", "uploadtime": 1783570090, "views": 0, "rating": 0, "private": 0, "password": null, "_winner": "p0y2693b6e0", "_our_name": "p0x2693d11c"}