{"id": "battle-gen9randombattle-1468", "formatid": "gen9randombattle", "format": "[Gen 9] Random Battle", "players": ["p0x1468adaa", "p0y1468198a"], "log": "|init|battle\n|title|p0x1468adaa vs. p0y1468198a\n|j|\u2606p0x1468adaa\n|j|\u2606p0y1468198a\n|t:|1783556169\n|gametype|singles\n|player|p1|p0x1468adaa|102|\n|player|p2|p0y1468198a|1|\n|gen|9\n|tier|[Gen 9] Random Battle\n|rule|Species Clause: Limit one of each Pok\u00e9mon\n|rule|HP Percentage Mod: HP is shown in percentages\n|rule|Sleep Clause Mod: Limit one foe put to sleep\n|rule|Illusion Level Mod: Illusion disguises the Pok\u00e9mon's true level\n|\n|t:|1783556169\n|teamsize|p1|6\n|teamsize|p2|6\n|start\n|switch|p1a: Baxcalibur|Baxcalibur, L75, M|100/100\n|switch|p2a: Staraptor|Staraptor, L79, F|263/263\n|turn|1\n|inactive|Battle timer is ON: inactive players will automatically lose when time's up. (requested by p0y1468198a)\n|\n|t:|1783556170\n|-terastallize|p2a: Staraptor|Flying\n|move|p2a: Staraptor|Brave Bird|p1a: Baxcalibur\n|-damage|p1a: Baxcalibur|0 fnt\n|faint|p1a: Baxcalibur\n|-damage|p2a: Staraptor|166/263|[from] Recoil\n|\n|upkeep\n|inactive|p0x1468adaa also wants the timer to be on.\n|\n|t:|1783556172\n|switch|p1a: Deoxys|Deoxys-Attack, L72|100/100\n|-ability|p1a: Deoxys|Pressure\n|turn|2\n|inactive|Time left: 300 sec this turn | 300 sec total\n|\n|t:|1783556173\n|move|p1a: Deoxys|Ice Beam|p2a: Staraptor\n|-supereffective|p2a: Staraptor\n|-damage|p2a: Staraptor|0 fnt\n|faint|p2a: Staraptor\n|-damage|p1a: Deoxys|91/100|[from] item: Life Orb\n|\n|upkeep\n|inactive|Time left: 300 sec this turn | 300 sec total | 5 sec grace\n|\n|t:|1783556174\n|switch|p2a: Gogoat|Gogoat, L88, M|360/360\n|turn|3\n|inactive|Time left: 300 sec this turn | 300 sec total\n|\n|t:|1783556175\n|switch|p1a: Vivillon|Vivillon-Continental, L83, M|100/100\n|move|p2a: Gogoat|Horn Leech|p1a: Vivillon\n|-resisted|p1a: Vivillon\n|-damage|p1a: Vivillon|89/100\n|\n|upkeep\n|turn|4\n|inactive|Time left: 300 sec this turn | 300 sec total\n|\n|t:|1783556176\n|switch|p2a: Torkoal|Torkoal, L88, F|266/266\n|-weather|SunnyDay|[from] ability: Drought|[of] p2a: Torkoal\n|move|p1a: Vivillon|Quiver Dance|p1a: Vivillon\n|-boost|p1a: Vivillon|spa|1\n|-boost|p1a: Vivillon|spd|1\n|-boost|p1a: Vivillon|spe|1\n|\n|-weather|SunnyDay|[upkeep]\n|upkeep\n|turn|5\n|inactive|Time left: 300 sec this turn | 300 sec total\n|\n|t:|1783556177\n|move|p1a: Vivillon|Quiver Dance|p1a: Vivillon\n|-boost|p1a: Vivillon|spa|1\n|-boost|p1a: Vivillon|spd|1\n|-boost|p1a: Vivillon|spe|1\n|move|p2a: Torkoal|Lava Plume|p1a: Vivillon\n|-supereffective|p1a: Vivillon\n|-damage|p1a: Vivillon|21/100\n|\n|-weather|SunnyDay|[upkeep]\n|upkeep\n|turn|6\n|inactive|Time left: 300 sec this turn | 300 sec total\n|\n|t:|1783556178\n|move|p1a: Vivillon|Sleep Powder|p2a: Torkoal\n|-status|p2a: Torkoal|slp|[from] move: Sleep Powder\n|cant|p2a: Torkoal|slp\n|\n|-weather|SunnyDay|[upkeep]\n|upkeep\n|turn|7\n|inactive|Time left: 300 sec this turn | 300 sec total\n|\n|t:|1783556179\n|move|p1a: Vivillon|Hurricane|p2a: Torkoal\n|-damage|p2a: Torkoal|17/266 slp\n|-curestatus|p2a: Torkoal|slp|[msg]\n|move|p2a: Torkoal|Lava Plume|p1a: Vivillon\n|-supereffective|p1a: Vivillon\n|-damage|p1a: Vivillon|0 fnt\n|faint|p1a: Vivillon\n|\n|-weather|SunnyDay|[upkeep]\n|upkeep\n|\n|t:|1783556180\n|switch|p1a: Torkoal|Torkoal, L88, F|100/100\n|turn|8\n|inactive|Time left: 300 sec this turn | 300 sec total\n|\n|t:|1783556181\n|switch|p2a: Misdreavus|Misdreavus, L90, F|254/254\n|move|p1a: Torkoal|Rapid Spin|p2a: Misdreavus\n|-immune|p2a: Misdreavus\n|\n|-weather|none\n|upkeep\n|turn|9\n|inactive|Time left: 300 sec this turn | 300 sec total\n|\n|t:|1783556182\n|move|p2a: Misdreavus|Shadow Ball|p1a: Torkoal\n|-damage|p1a: Torkoal|62/100\n|move|p1a: Torkoal|Lava Plume|p2a: Misdreavus\n|-damage|p2a: Misdreavus|203/254\n|-status|p2a: Misdreavus|brn\n|\n|-damage|p2a: Misdreavus|188/254 brn|[from] brn\n|upkeep\n|turn|10\n|inactive|Time left: 300 sec this turn | 300 sec total\n|\n|t:|1783556184\n|move|p2a: Misdreavus|Shadow Ball|p1a: Torkoal\n|-damage|p1a: Torkoal|26/100\n|move|p1a: Torkoal|Lava Plume|p2a: Misdreavus\n|-crit|p2a: Misdreavus\n|-damage|p2a: Misdreavus|101/254 brn\n|\n|-damage|p2a: Misdreavus|86/254 brn|[from] brn\n|upkeep\n|turn|11\n|inactive|Time left: 300 sec this turn | 300 sec total\n|\n|t:|1783556185\n|switch|p1a: Dipplin|Dipplin, L88, M|100/100\n|move|p2a: Misdreavus|Shadow Ball|p1a: Dipplin\n|-damage|p1a: Dipplin|78/100\n|\n|-damage|p2a: Misdreavus|71/254 brn|[from] brn\n|upkeep\n|turn|12\n|inactive|Time left: 300 sec this turn | 300 sec total\n|\n|t:|1783556186\n|switch|p2a: Gogoat|Gogoat, L88, M|360/360\n|move|p1a: Dipplin|Dragon Pulse|p2a: Gogoat\n|-damage|p2a: Gogoat|261/360\n|\n|-heal|p2a: Gogoat|283/360|[from] item: Leftovers\n|upkeep\n|turn|13\n|inactive|Time left: 300 sec this turn | 300 sec total\n|\n|t:|1783556187\n|move|p2a: Gogoat|Bulk Up|p2a: Gogoat\n|-boost|p2a: Gogoat|atk|1\n|-boost|p2a: Gogoat|def|1\n|move|p1a: Dipplin|Dragon Pulse|p2a: Gogoat\n|-damage|p2a: Gogoat|187/360\n|\n|-heal|p2a: Gogoat|209/360|[from] item: Leftovers\n|upkeep\n|turn|14\n|inactive|Time left: 300 sec this turn | 300 sec total\n|\n|t:|1783556188\n|move|p2a: Gogoat|Milk Drink|p2a: Gogoat\n|-heal|p2a: Gogoat|360/360\n|move|p1a: Dipplin|Recover|p1a: Dipplin\n|-heal|p1a: Dipplin|100/100\n|\n|upkeep\n|turn|15\n|inactive|Time left: 300 sec this turn | 300 sec total\n|\n|t:|1783556189\n|move|p2a: Gogoat|Earthquake|p1a: Dipplin\n|-resisted|p1a: Dipplin\n|-damage|p1a: Dipplin|89/100\n|move|p1a: Dipplin|Dragon Pulse|p2a: Gogoat\n|-damage|p2a: Gogoat|252/360\n|\n|-heal|p2a: Gogoat|274/360|[from] item: Leftovers\n|upkeep\n|turn|16\n|inactive|Time left: 300 sec this turn | 300 sec total\n|\n|t:|1783556190\n|move|p2a: Gogoat|Bulk Up|p2a: Gogoat\n|-boost|p2a: Gogoat|atk|1\n|-boost|p2a: Gogoat|def|1\n|move|p1a: Dipplin|Dragon Pulse|p2a: Gogoat\n|-damage|p2a: Gogoat|166/360\n|\n|-heal|p2a: Gogoat|188/360|[from] item: Leftovers\n|upkeep\n|turn|17\n|inactive|Time left: 300 sec this turn | 300 sec total\n|\n|t:|1783556192\n|move|p2a: Gogoat|Milk Drink|p2a: Gogoat\n|-heal|p2a: Gogoat|360/360\n|move|p1a: Dipplin|Dragon Pulse|p2a: Gogoat\n|-damage|p2a: Gogoat|266/360\n|\n|-heal|p2a: Gogoat|288/360|[from] item: Leftovers\n|upkeep\n|turn|18\n|inactive|Time left: 300 sec this turn | 300 sec total\n|\n|t:|1783556193\n|move|p2a: Gogoat|Earthquake|p1a: Dipplin\n|-resisted|p1a: Dipplin\n|-damage|p1a: Dipplin|73/100\n|move|p1a: Dipplin|Dragon Pulse|p2a: Gogoat\n|-damage|p2a: Gogoat|192/360\n|\n|-heal|p2a: Gogoat|214/360|[from] item: Leftovers\n|upkeep\n|turn|19\n|inactive|Time left: 300 sec this turn | 300 sec total\n|\n|t:|1783556194\n|move|p2a: Gogoat|Milk Drink|p2a: Gogoat\n|-heal|p2a: Gogoat|360/360\n|move|p1a: Dipplin|Dragon Pulse|p2a: Gogoat\n|-damage|p2a: Gogoat|261/360\n|\n|-heal|p2a: Gogoat|283/360|[from] item: Leftovers\n|upkeep\n|turn|20\n|inactive|Time left: 300 sec this turn | 300 sec total\n|\n|t:|1783556195\n|move|p2a: Gogoat|Earthquake|p1a: Dipplin\n|-resisted|p1a: Dipplin\n|-damage|p1a: Dipplin|59/100\n|move|p1a: Dipplin|Recover|p1a: Dipplin\n|-heal|p1a: Dipplin|100/100\n|\n|-heal|p2a: Gogoat|305/360|[from] item: Leftovers\n|upkeep\n|turn|21\n|inactive|Time left: 300 sec this turn | 300 sec total\n|\n|t:|1783556196\n|move|p2a: Gogoat|Earthquake|p1a: Dipplin\n|-resisted|p1a: Dipplin\n|-damage|p1a: Dipplin|86/100\n|move|p1a: Dipplin|Dragon Pulse|p2a: Gogoat\n|-damage|p2a: Gogoat|202/360\n|\n|-heal|p2a: Gogoat|224/360|[from] item: Leftovers\n|upkeep\n|turn|22\n|inactive|Time left: 300 sec this turn | 300 sec total\n|\n|t:|1783556197\n|move|p2a: Gogoat|Milk Drink|p2a: Gogoat\n|-heal|p2a: Gogoat|360/360\n|move|p1a: Dipplin|Dragon Pulse|p2a: Gogoat\n|-damage|p2a: Gogoat|252/360\n|\n|-heal|p2a: Gogoat|274/360|[from] item: Leftovers\n|upkeep\n|turn|23\n|inactive|Time left: 300 sec this turn | 300 sec total\n|\n|t:|1783556198\n|move|p2a: Gogoat|Earthquake|p1a: Dipplin\n|-resisted|p1a: Dipplin\n|-damage|p1a: Dipplin|71/100\n|move|p1a: Dipplin|Dragon Pulse|p2a: Gogoat\n|-damage|p2a: Gogoat|181/360\n|\n|-heal|p2a: Gogoat|203/360|[from] item: Leftovers\n|upkeep\n|turn|24\n|inactive|Time left: 300 sec this turn | 300 sec total\n|\n|t:|1783556200\n|move|p2a: Gogoat|Milk Drink|p2a: Gogoat\n|-heal|p2a: Gogoat|360/360\n|move|p1a: Dipplin|Dragon Pulse|p2a: Gogoat\n|-damage|p2a: Gogoat|261/360\n|\n|-heal|p2a: Gogoat|283/360|[from] item: Leftovers\n|upkeep\n|turn|25\n|inactive|Time left: 300 sec this turn | 300 sec total\n|\n|t:|1783556201\n|move|p2a: Gogoat|Earthquake|p1a: Dipplin\n|-resisted|p1a: Dipplin\n|-damage|p1a: Dipplin|57/100\n|move|p1a: Dipplin|Recover|p1a: Dipplin\n|-heal|p1a: Dipplin|100/100\n|\n|-heal|p2a: Gogoat|305/360|[from] item: Leftovers\n|upkeep\n|turn|26\n|inactive|Time left: 300 sec this turn | 300 sec total\n|\n|t:|1783556202\n|move|p2a: Gogoat|Bulk Up|p2a: Gogoat\n|-boost|p2a: Gogoat|atk|1\n|-boost|p2a: Gogoat|def|1\n|move|p1a: Dipplin|Dragon Pulse|p2a: Gogoat\n|-damage|p2a: Gogoat|214/360\n|\n|-heal|p2a: Gogoat|236/360|[from] item: Leftovers\n|upkeep\n|turn|27\n|inactive|Time left: 300 sec this turn | 300 sec total\n|\n|t:|1783556203\n|move|p2a: Gogoat|Earthquake|p1a: Dipplin\n|-resisted|p1a: Dipplin\n|-damage|p1a: Dipplin|80/100\n|move|p1a: Dipplin|Dragon Pulse|p2a: Gogoat\n|-damage|p2a: Gogoat|130/360\n|\n|-heal|p2a: Gogoat|152/360|[from] item: Leftovers\n|upkeep\n|turn|28\n|inactive|Time left: 300 sec this turn | 300 sec total\n|\n|t:|1783556204\n|move|p2a: Gogoat|Milk Drink|p2a: Gogoat\n|-heal|p2a: Gogoat|332/360\n|move|p1a: Dipplin|Dragon Pulse|p2a: Gogoat\n|-damage|p2a: Gogoat|233/360\n|\n|-heal|p2a: Gogoat|255/360|[from] item: Leftovers\n|upkeep\n|turn|29\n|inactive|Time left: 300 sec this turn | 300 sec total\n|\n|t:|1783556205\n|move|p2a: Gogoat|Earthquake|p1a: Dipplin\n|-resisted|p1a: Dipplin\n|-damage|p1a: Dipplin|62/100\n|move|p1a: Dipplin|Recover|p1a: Dipplin\n|-heal|p1a: Dipplin|100/100\n|\n|-heal|p2a: Gogoat|277/360|[from] item: Leftovers\n|upkeep\n|turn|30\n|inactive|Time left: 300 sec this turn | 300 sec total\n|\n|t:|1783556206\n|move|p2a: Gogoat|Earthquake|p1a: Dipplin\n|-resisted|p1a: Dipplin\n|-damage|p1a: Dipplin|82/100\n|move|p1a: Dipplin|Dragon Pulse|p2a: Gogoat\n|-damage|p2a: Gogoat|172/360\n|\n|-heal|p2a: Gogoat|194/360|[from] item: Leftovers\n|upkeep\n|turn|31\n|inactive|Time left: 300 sec this turn | 300 sec total\n|\n|t:|1783556207\n|move|p2a: Gogoat|Milk Drink|p2a: Gogoat\n|-heal|p2a: Gogoat|360/360\n|move|p1a: Dipplin|Dragon Pulse|p2a: Gogoat\n|-damage|p2a: Gogoat|269/360\n|\n|-heal|p2a: Gogoat|291/360|[from] item: Leftovers\n|upkeep\n|turn|32\n|inactive|Time left: 300 sec this turn | 300 sec total\n|\n|t:|1783556208\n|move|p2a: Gogoat|Earthquake|p1a: Dipplin\n|-resisted|p1a: Dipplin\n|-damage|p1a: Dipplin|62/100\n|move|p1a: Dipplin|Recover|p1a: Dipplin\n|-heal|p1a: Dipplin|100/100\n|\n|-heal|p2a: Gogoat|313/360|[from] item: Leftovers\n|upkeep\n|turn|33\n|inactive|Time left: 300 sec this turn | 300 sec total\n|\n|t:|1783556209\n|move|p2a: Gogoat|Horn Leech|p1a: Dipplin\n|-resisted|p1a: Dipplin\n|-damage|p1a: Dipplin|91/100\n|-heal|p2a: Gogoat|327/360|[from] drain|[of] p1a: Dipplin\n|move|p1a: Dipplin|Recover|p1a: Dipplin\n|-heal|p1a: Dipplin|100/100\n|\n|-heal|p2a: Gogoat|349/360|[from] item: Leftovers\n|upkeep\n|turn|34\n|inactive|Time left: 300 sec this turn | 300 sec total\n|\n|t:|1783556210\n|move|p1a: Dipplin|Sucker Punch|p2a: Gogoat\n|-damage|p2a: Gogoat|327/360\n|move|p2a: Gogoat|Earthquake|p1a: Dipplin\n|-resisted|p1a: Dipplin\n|-damage|p1a: Dipplin|83/100\n|\n|-heal|p2a: Gogoat|349/360|[from] item: Leftovers\n|upkeep\n|turn|35\n|inactive|Time left: 300 sec this turn | 300 sec total\n|\n|t:|1783556212\n|move|p2a: Gogoat|Earthquake|p1a: Dipplin\n|-resisted|p1a: Dipplin\n|-damage|p1a: Dipplin|64/100\n|move|p1a: Dipplin|Recover|p1a: Dipplin\n|-heal|p1a: Dipplin|100/100\n|\n|-heal|p2a: Gogoat|360/360|[from] item: Leftovers\n|upkeep\n|turn|36\n|inactive|Time left: 300 sec this turn | 300 sec total\n|\n|t:|1783556212\n|move|p1a: Dipplin|Sucker Punch|p2a: Gogoat\n|-damage|p2a: Gogoat|337/360\n|move|p2a: Gogoat|Earthquake|p1a: Dipplin\n|-resisted|p1a: Dipplin\n|-damage|p1a: Dipplin|82/100\n|\n|-heal|p2a: Gogoat|359/360|[from] item: Leftovers\n|upkeep\n|turn|37\n|inactive|Time left: 300 sec this turn | 300 sec total\n|\n|t:|1783556213\n|move|p2a: Gogoat|Bulk Up|p2a: Gogoat\n|-boost|p2a: Gogoat|atk|1\n|-boost|p2a: Gogoat|def|1\n|move|p1a: Dipplin|Recover|p1a: Dipplin\n|-heal|p1a: Dipplin|100/100\n|\n|-heal|p2a: Gogoat|360/360|[from] item: Leftovers\n|upkeep\n|turn|38\n|inactive|Time left: 300 sec this turn | 300 sec total\n|\n|t:|1783556214\n|move|p1a: Dipplin|Sucker Punch|p2a: Gogoat\n|-damage|p2a: Gogoat|339/360\n|move|p2a: Gogoat|Earthquake|p1a: Dipplin\n|-resisted|p1a: Dipplin\n|-damage|p1a: Dipplin|78/100\n|\n|-heal|p2a: Gogoat|360/360|[from] item: Leftovers\n|upkeep\n|turn|39\n|inactive|Time left: 300 sec this turn | 300 sec total\n|\n|t:|1783556214\n|move|p2a: Gogoat|Earthquake|p1a: Dipplin\n|-resisted|p1a: Dipplin\n|-damage|p1a: Dipplin|55/100\n|move|p1a: Dipplin|Giga Drain|p2a: Gogoat\n|-ability|p2a: Gogoat|Sap Sipper|boost\n|-boost|p2a: Gogoat|atk|1\n|\n|upkeep\n|turn|40\n|inactive|Time left: 300 sec this turn | 300 sec total\n|\n|t:|1783556215\n|move|p1a: Dipplin|Sucker Punch|p2a: Gogoat\n|-damage|p2a: Gogoat|341/360\n|move|p2a: Gogoat|Horn Leech|p1a: Dipplin\n|-resisted|p1a: Dipplin\n|-damage|p1a: Dipplin|41/100\n|-heal|p2a: Gogoat|360/360|[from] drain|[of] p1a: Dipplin\n|\n|upkeep\n|turn|41\n|inactive|Time left: 300 sec this turn | 300 sec total\n|\n|t:|1783556216\n|move|p1a: Dipplin|Sucker Punch|p2a: Gogoat\n|-damage|p2a: Gogoat|341/360\n|move|p2a: Gogoat|Horn Leech|p1a: Dipplin\n|-resisted|p1a: Dipplin\n|-damage|p1a: Dipplin|28/100\n|-heal|p2a: Gogoat|360/360|[from] drain|[of] p1a: Dipplin\n|\n|upkeep\n|turn|42\n|inactive|Time left: 300 sec this turn | 300 sec total\n|\n|t:|1783556217\n|move|p2a: Gogoat|Horn Leech|p1a: Dipplin\n|-resisted|p1a: Dipplin\n|-damage|p1a: Dipplin|13/100\n|move|p1a: Dipplin|Giga Drain|p2a: Gogoat\n|-ability|p2a: Gogoat|Sap Sipper|boost\n|-boost|p2a: Gogoat|atk|1\n|\n|upkeep\n|turn|43\n|inactive|Time left: 300 sec this turn | 300 sec total\n|\n|t:|1783556218\n|move|p2a: Gogoat|Horn Leech|p1a: Dipplin\n|-resisted|p1a: Dipplin\n|-damage|p1a: Dipplin|0 fnt\n|faint|p1a: Dipplin\n|\n|upkeep\n|\n|t:|1783556218\n|switch|p1a: Torkoal|Torkoal, L88, F|26/100\n|-weather|SunnyDay|[from] ability: Drought|[of] p1a: Torkoal\n|turn|44\n|inactive|Time left: 300 sec this turn | 300 sec total\n|\n|t:|1783556219\n|move|p2a: Gogoat|Horn Leech|p1a: Torkoal\n|-resisted|p1a: Torkoal\n|-damage|p1a: Torkoal|0 fnt\n|faint|p1a: Torkoal\n|\n|-weather|SunnyDay|[upkeep]\n|upkeep\n|\n|t:|1783556220\n|switch|p1a: Samurott|Samurott-Hisui, L77, F|100/100\n|turn|45\n|inactive|Time left: 300 sec this turn | 300 sec total\n|\n|t:|1783556221\n|-terastallize|p1a: Samurott|Poison\n|move|p1a: Samurott|Razor Shell|p2a: Gogoat|[miss]\n|-miss|p1a: Samurott|p2a: Gogoat\n|move|p2a: Gogoat|Horn Leech|p1a: Samurott\n|-resisted|p1a: Samurott\n|-damage|p1a: Samurott|20/100\n|\n|-weather|SunnyDay|[upkeep]\n|upkeep\n|turn|46\n|inactive|Time left: 300 sec this turn | 300 sec total\n|\n|t:|1783556222\n|move|p1a: Samurott|Razor Shell|p2a: Gogoat\n|-resisted|p2a: Gogoat\n|-damage|p2a: Gogoat|349/360\n|move|p2a: Gogoat|Horn Leech|p1a: Samurott\n|-resisted|p1a: Samurott\n|-damage|p1a: Samurott|0 fnt\n|-heal|p2a: Gogoat|360/360|[from] drain|[of] p1a: Samurott\n|faint|p1a: Samurott\n|\n|-weather|SunnyDay|[upkeep]\n|upkeep\n|\n|t:|1783556223\n|switch|p1a: Deoxys|Deoxys-Attack, L72|91/100\n|-ability|p1a: Deoxys|Pressure\n|turn|47\n|inactive|Time left: 300 sec this turn | 300 sec total\n|\n|t:|1783556224\n|move|p1a: Deoxys|Knock Off|p2a: Gogoat\n|-damage|p2a: Gogoat|317/360\n|-enditem|p2a: Gogoat|Leftovers|[from] move: Knock Off|[of] p1a: Deoxys\n|-damage|p1a: Deoxys|81/100|[from] item: Life Orb\n|move|p2a: Gogoat|Earthquake|p1a: Deoxys\n|-damage|p1a: Deoxys|0 fnt\n|faint|p1a: Deoxys\n|\n|win|p0y1468198a", "uploadtime": 1783556224, "views": 0, "rating": 0, "private": 0, "password": null, "_winner": "p0y1468198a", "_our_name": "p0y1468198a"}