{"id": "battle-gen9randombattle-35", "formatid": "gen9randombattle", "format": "[Gen 9] Random Battle", "players": ["p0x035c052", "p0y0351dc0"], "log": "|init|battle\n|title|p0x035c052 vs. p0y0351dc0\n|j|\u2606p0x035c052\n|j|\u2606p0y0351dc0\n|t:|1783533645\n|gametype|singles\n|player|p1|p0x035c052|265|\n|player|p2|p0y0351dc0|101|\n|gen|9\n|tier|[Gen 9] Random Battle\n|rule|Species Clause: Limit one of each Pok\u00e9mon\n|rule|HP Percentage Mod: HP is shown in percentages\n|rule|Sleep Clause Mod: Limit one foe put to sleep\n|rule|Illusion Level Mod: Illusion disguises the Pok\u00e9mon's true level\n|\n|t:|1783533645\n|teamsize|p1|6\n|teamsize|p2|6\n|start\n|switch|p1a: Kingambit|Kingambit, L74, M|100/100\n|switch|p2a: Entei|Entei, L78|307/307\n|turn|1\n|inactive|Battle timer is ON: inactive players will automatically lose when time's up. (requested by p0y0351dc0)\n|inactive|p0x035c052 also wants the timer to be on.\n|\n|t:|1783533646\n|-end|p1a: Kingambit|fallenundefined|[silent]\n|switch|p1a: Bellibolt|Bellibolt, L84, M|100/100\n|move|p2a: Entei|Sacred Fire|p1a: Bellibolt\n|-damage|p1a: Bellibolt|48/100\n|-start|p1a: Bellibolt|Charge|Sacred Fire|[from] ability: Electromorphosis\n|\n|-heal|p1a: Bellibolt|54/100|[from] item: Leftovers\n|upkeep\n|turn|2\n|inactive|Time left: 300 sec this turn | 300 sec total\n|\n|t:|1783533648\n|-terastallize|p2a: Entei|Fire\n|move|p2a: Entei|Sacred Fire|p1a: Bellibolt\n|-damage|p1a: Bellibolt|0 fnt\n|faint|p1a: Bellibolt\n|\n|upkeep\n|\n|t:|1783533648\n|switch|p1a: Moltres|Moltres-Galar, L79|100/100\n|turn|3\n|inactive|Time left: 300 sec this turn | 300 sec total\n|\n|t:|1783533650\n|move|p2a: Entei|Sacred Fire|p1a: Moltres\n|-damage|p1a: Moltres|14/100\n|-ability|p1a: Moltres|Berserk|boost\n|-boost|p1a: Moltres|spa|1\n|move|p1a: Moltres|Rest|p1a: Moltres\n|-status|p1a: Moltres|slp|[from] move: Rest\n|-heal|p1a: Moltres|100/100 slp|[silent]\n|-enditem|p1a: Moltres|Chesto Berry|[eat]\n|-curestatus|p1a: Moltres|slp|[msg]\n|\n|upkeep\n|turn|4\n|inactive|Time left: 300 sec this turn | 300 sec total\n|\n|t:|1783533651\n|move|p2a: Entei|Sacred Fire|p1a: Moltres\n|-damage|p1a: Moltres|13/100\n|-status|p1a: Moltres|brn\n|-ability|p1a: Moltres|Berserk|boost\n|-boost|p1a: Moltres|spa|1\n|move|p1a: Moltres|Hurricane|p2a: Entei\n|-damage|p2a: Entei|46/307\n|\n|-damage|p1a: Moltres|7/100 brn|[from] brn\n|upkeep\n|turn|5\n|inactive|Time left: 300 sec this turn | 300 sec total\n|\n|t:|1783533652\n|move|p2a: Entei|Sacred Fire|p1a: Moltres\n|-damage|p1a: Moltres|0 fnt\n|faint|p1a: Moltres\n|\n|upkeep\n|\n|t:|1783533653\n|switch|p1a: Kingambit|Kingambit, L74, M|100/100\n|-activate|p1a: Kingambit|ability: Supreme Overlord\n|-start|p1a: Kingambit|fallen2|[silent]\n|turn|6\n|inactive|Time left: 300 sec this turn | 300 sec total\n|\n|t:|1783533653\n|move|p1a: Kingambit|Sucker Punch|p2a: Entei\n|-damage|p2a: Entei|0 fnt\n|faint|p2a: Entei\n|\n|upkeep\n|inactive|Time left: 300 sec this turn | 300 sec total | 5 sec grace\n|\n|t:|1783533654\n|switch|p2a: Barraskewda|Barraskewda, L81, F|231/231\n|turn|7\n|inactive|Time left: 300 sec this turn | 300 sec total\n|\n|t:|1783533655\n|move|p1a: Kingambit|Sucker Punch|p2a: Barraskewda\n|-damage|p2a: Barraskewda|111/231\n|move|p2a: Barraskewda|Close Combat|p1a: Kingambit\n|-supereffective|p1a: Kingambit\n|-damage|p1a: Kingambit|0 fnt\n|-unboost|p2a: Barraskewda|def|1\n|-unboost|p2a: Barraskewda|spd|1\n|faint|p1a: Kingambit\n|-end|p1a: Kingambit|fallen2|[silent]\n|\n|upkeep\n|\n|t:|1783533657\n|switch|p1a: Kricketune|Kricketune, L99, F|100/100\n|turn|8\n|inactive|Time left: 300 sec this turn | 300 sec total\n|\n|t:|1783533658\n|switch|p2a: Kilowattrel|Kilowattrel, L83, F|252/252\n|move|p1a: Kricketune|Sticky Web|p2a: Kilowattrel\n|-sidestart|p2: p0y0351dc0|move: Sticky Web\n|\n|upkeep\n|turn|9\n|inactive|Time left: 300 sec this turn | 300 sec total\n|\n|t:|1783533659\n|move|p2a: Kilowattrel|Hurricane|p1a: Kricketune\n|-supereffective|p1a: Kricketune\n|-damage|p1a: Kricketune|4/100\n|move|p1a: Kricketune|Knock Off|p2a: Kilowattrel\n|-damage|p2a: Kilowattrel|137/252\n|-enditem|p2a: Kilowattrel|Heavy-Duty Boots|[from] move: Knock Off|[of] p1a: Kricketune\n|\n|upkeep\n|turn|10\n|inactive|Time left: 300 sec this turn | 300 sec total\n|\n|t:|1783533660\n|switch|p1a: Granbull|Granbull, L88, M|100/100\n|-ability|p1a: Granbull|Intimidate|boost\n|-unboost|p2a: Kilowattrel|atk|1\n|move|p2a: Kilowattrel|Discharge|p1a: Granbull\n|-damage|p1a: Granbull|66/100\n|\n|-heal|p1a: Granbull|72/100|[from] item: Leftovers\n|upkeep\n|turn|11\n|inactive|Time left: 300 sec this turn | 300 sec total\n|\n|t:|1783533661\n|move|p2a: Kilowattrel|Hurricane|p1a: Granbull\n|-damage|p1a: Granbull|25/100\n|move|p1a: Granbull|Play Rough|p2a: Kilowattrel|[miss]\n|-miss|p1a: Granbull|p2a: Kilowattrel\n|\n|-heal|p1a: Granbull|31/100|[from] item: Leftovers\n|upkeep\n|turn|12\n|inactive|Time left: 300 sec this turn | 300 sec total\n|\n|t:|1783533661\n|switch|p1a: Iron Hands|Iron Hands, L79|100/100\n|move|p2a: Kilowattrel|Hurricane|p1a: Iron Hands\n|-damage|p1a: Iron Hands|75/100\n|\n|upkeep\n|turn|13\n|inactive|Time left: 300 sec this turn | 300 sec total\n|\n|t:|1783533662\n|move|p2a: Kilowattrel|Roost|p2a: Kilowattrel\n|-heal|p2a: Kilowattrel|252/252\n|-singleturn|p2a: Kilowattrel|move: Roost\n|move|p1a: Iron Hands|Ice Punch|p2a: Kilowattrel\n|-damage|p2a: Kilowattrel|175/252\n|\n|upkeep\n|turn|14\n|inactive|Time left: 300 sec this turn | 300 sec total\n|\n|t:|1783533663\n|move|p2a: Kilowattrel|Hurricane|p1a: Iron Hands|[miss]\n|-miss|p2a: Kilowattrel|p1a: Iron Hands\n|move|p1a: Iron Hands|Ice Punch|p2a: Kilowattrel\n|-supereffective|p2a: Kilowattrel\n|-crit|p2a: Kilowattrel\n|-damage|p2a: Kilowattrel|0 fnt\n|faint|p2a: Kilowattrel\n|\n|upkeep\n|inactive|Time left: 300 sec this turn | 300 sec total | 5 sec grace\n|\n|t:|1783533664\n|switch|p2a: Bruxish|Bruxish, L85, M|254/254\n|-activate|p2a: Bruxish|move: Sticky Web\n|-unboost|p2a: Bruxish|spe|1\n|turn|15\n|inactive|Time left: 300 sec this turn | 300 sec total\n|\n|t:|1783533665\n|-terastallize|p1a: Iron Hands|Electric\n|move|p2a: Bruxish|Psychic Fangs|p1a: Iron Hands\n|-damage|p1a: Iron Hands|24/100\n|-damage|p2a: Bruxish|229/254|[from] item: Life Orb\n|move|p1a: Iron Hands|Wild Charge|p2a: Bruxish\n|-supereffective|p2a: Bruxish\n|-damage|p2a: Bruxish|0 fnt\n|faint|p2a: Bruxish\n|-damage|p1a: Iron Hands|8/100|[from] Recoil\n|\n|upkeep\n|inactive|Time left: 300 sec this turn | 300 sec total | 5 sec grace\n|\n|t:|1783533666\n|switch|p2a: Mewtwo|Mewtwo, L72|272/272\n|-activate|p2a: Mewtwo|move: Sticky Web\n|-unboost|p2a: Mewtwo|spe|1\n|-ability|p2a: Mewtwo|Pressure\n|turn|16\n|inactive|Time left: 300 sec this turn | 300 sec total\n|\n|t:|1783533667\n|move|p2a: Mewtwo|Psystrike|p1a: Iron Hands\n|-damage|p1a: Iron Hands|0 fnt\n|faint|p1a: Iron Hands\n|-end|p1a: Iron Hands|Quark Drive|[silent]\n|-damage|p2a: Mewtwo|245/272|[from] item: Life Orb\n|\n|upkeep\n|\n|t:|1783533668\n|switch|p1a: Kricketune|Kricketune, L99, F|4/100\n|turn|17\n|inactive|Time left: 300 sec this turn | 300 sec total\n|\n|t:|1783533669\n|move|p1a: Kricketune|Knock Off|p2a: Mewtwo\n|-supereffective|p2a: Mewtwo\n|-damage|p2a: Mewtwo|63/272\n|-enditem|p2a: Mewtwo|Life Orb|[from] move: Knock Off|[of] p1a: Kricketune\n|move|p2a: Mewtwo|Psystrike|p1a: Kricketune\n|-damage|p1a: Kricketune|0 fnt\n|faint|p1a: Kricketune\n|\n|upkeep\n|\n|t:|1783533670\n|switch|p1a: Granbull|Granbull, L88, M|31/100\n|-ability|p1a: Granbull|Intimidate|boost\n|-unboost|p2a: Mewtwo|atk|1\n|turn|18\n|inactive|Time left: 300 sec this turn | 300 sec total\n|\n|t:|1783533671\n|move|p2a: Mewtwo|Psystrike|p1a: Granbull\n|-damage|p1a: Granbull|0 fnt\n|faint|p1a: Granbull\n|\n|win|p0y0351dc0", "uploadtime": 1783533671, "views": 0, "rating": 0, "private": 0, "password": null, "_winner": "p0y0351dc0", "_our_name": "p0y0351dc0"}