{"id": "battle-gen9randombattle-653", "formatid": "gen9randombattle", "format": "[Gen 9] Random Battle", "players": ["p0x65399b1", "p0y653e8ff"], "log": "|init|battle\n|title|p0x65399b1 vs. p0y653e8ff\n|j|\u2606p0x65399b1\n|j|\u2606p0y653e8ff\n|t:|1783547391\n|gametype|singles\n|player|p1|p0x65399b1|265|\n|player|p2|p0y653e8ff|265|\n|gen|9\n|tier|[Gen 9] Random Battle\n|rule|Species Clause: Limit one of each Pok\u00e9mon\n|rule|HP Percentage Mod: HP is shown in percentages\n|rule|Sleep Clause Mod: Limit one foe put to sleep\n|rule|Illusion Level Mod: Illusion disguises the Pok\u00e9mon's true level\n|\n|t:|1783547391\n|teamsize|p1|6\n|teamsize|p2|6\n|start\n|switch|p1a: Salamence|Salamence, L77, F|100/100\n|switch|p2a: Virizion|Virizion, L82|283/283\n|-ability|p1a: Salamence|Intimidate|boost\n|-unboost|p2a: Virizion|atk|1\n|turn|1\n|inactive|Battle timer is ON: inactive players will automatically lose when time's up. (requested by p0y653e8ff)\n|inactive|p0x65399b1 also wants the timer to be on.\n|\n|t:|1783547393\n|switch|p2a: Stonjourner|Stonjourner, L91, M|330/330\n|move|p1a: Salamence|Outrage|p2a: Stonjourner\n|-damage|p2a: Stonjourner|231/330\n|\n|upkeep\n|turn|2\n|inactive|Time left: 300 sec this turn | 300 sec total\n|\n|t:|1783547394\n|move|p1a: Salamence|Outrage|p2a: Stonjourner|[from] lockedmove\n|-damage|p2a: Stonjourner|143/330\n|move|p2a: Stonjourner|Stone Edge|p1a: Salamence\n|-supereffective|p1a: Salamence\n|-damage|p1a: Salamence|0 fnt\n|faint|p1a: Salamence\n|-damage|p2a: Stonjourner|110/330|[from] item: Life Orb\n|\n|upkeep\n|\n|t:|1783547395\n|switch|p1a: Minior|Minior, L79|100/100\n|-formechange|p1a: Minior|Minior-Meteor||[from] ability: Shields Down\n|turn|3\n|inactive|Time left: 300 sec this turn | 300 sec total\n|\n|t:|1783547397\n|-terastallize|p1a: Minior|Ground\n|move|p2a: Stonjourner|Stone Edge|p1a: Minior\n|-resisted|p1a: Minior\n|-damage|p1a: Minior|59/100\n|-damage|p2a: Stonjourner|77/330|[from] item: Life Orb\n|move|p1a: Minior|Shell Smash|p1a: Minior\n|-unboost|p1a: Minior|def|1\n|-unboost|p1a: Minior|spd|1\n|-boost|p1a: Minior|atk|2\n|-boost|p1a: Minior|spa|2\n|-boost|p1a: Minior|spe|2\n|-enditem|p1a: Minior|White Herb\n|-clearnegativeboost|p1a: Minior|[silent]\n|\n|upkeep\n|turn|4\n|inactive|Time left: 300 sec this turn | 300 sec total\n|\n|t:|1783547398\n|move|p1a: Minior|Earthquake|p2a: Stonjourner\n|-supereffective|p2a: Stonjourner\n|-damage|p2a: Stonjourner|0 fnt\n|faint|p2a: Stonjourner\n|\n|upkeep\n|inactive|Time left: 300 sec this turn | 300 sec total | 5 sec grace\n|\n|t:|1783547399\n|switch|p2a: Tauros|Tauros, L82, M|257/257\n|turn|5\n|inactive|Time left: 300 sec this turn | 300 sec total\n|\n|t:|1783547400\n|move|p1a: Minior|Acrobatics|p2a: Tauros\n|-damage|p2a: Tauros|125/257\n|move|p2a: Tauros|Body Slam|p1a: Minior\n|-damage|p1a: Minior|0 fnt\n|faint|p1a: Minior\n|\n|upkeep\n|\n|t:|1783547401\n|switch|p1a: Hatterene|Hatterene, L85, F|100/100\n|turn|6\n|inactive|Time left: 300 sec this turn | 300 sec total\n|\n|t:|1783547403\n|move|p2a: Tauros|Body Slam|p1a: Hatterene\n|-damage|p1a: Hatterene|44/100\n|move|p1a: Hatterene|Psychic|p2a: Tauros\n|-damage|p2a: Tauros|0 fnt\n|faint|p2a: Tauros\n|\n|-heal|p1a: Hatterene|50/100|[from] item: Leftovers\n|upkeep\n|inactive|Time left: 300 sec this turn | 300 sec total | 5 sec grace\n|\n|t:|1783547404\n|switch|p2a: Fezandipiti|Fezandipiti, L82, M|278/278\n|turn|7\n|inactive|Time left: 300 sec this turn | 300 sec total\n|\n|t:|1783547405\n|switch|p1a: Metagross|Metagross, L79|100/100\n|move|p2a: Fezandipiti|Gunk Shot|p1a: Metagross\n|-immune|p1a: Metagross\n|\n|upkeep\n|turn|8\n|inactive|Time left: 300 sec this turn | 300 sec total\n|\n|t:|1783547406\n|switch|p2a: Mandibuzz|Mandibuzz, L85, F|326/326\n|move|p1a: Metagross|Heavy Slam|p2a: Mandibuzz\n|-damage|p2a: Mandibuzz|206/326\n|\n|upkeep\n|turn|9\n|inactive|Time left: 300 sec this turn | 300 sec total\n|\n|t:|1783547407\n|switch|p1a: Hatterene|Hatterene, L85, F|50/100\n|move|p2a: Mandibuzz|Foul Play|p1a: Hatterene\n|-damage|p1a: Hatterene|17/100\n|\n|-heal|p1a: Hatterene|23/100|[from] item: Leftovers\n|upkeep\n|turn|10\n|inactive|Time left: 300 sec this turn | 300 sec total\n|\n|t:|1783547408\n|switch|p1a: Lapras|Lapras, L87, M|100/100\n|move|p2a: Mandibuzz|Foul Play|p1a: Lapras\n|-damage|p1a: Lapras|71/100\n|\n|upkeep\n|turn|11\n|inactive|Time left: 300 sec this turn | 300 sec total\n|\n|t:|1783547409\n|move|p2a: Mandibuzz|Roost|p2a: Mandibuzz\n|-heal|p2a: Mandibuzz|326/326\n|-singleturn|p2a: Mandibuzz|move: Roost\n|move|p1a: Lapras|Dragon Dance|p1a: Lapras\n|-boost|p1a: Lapras|atk|1\n|-boost|p1a: Lapras|spe|1\n|\n|upkeep\n|turn|12\n|inactive|Time left: 300 sec this turn | 300 sec total\n|\n|t:|1783547410\n|-terastallize|p2a: Mandibuzz|Steel\n|move|p1a: Lapras|Icicle Spear|p2a: Mandibuzz\n|-resisted|p2a: Mandibuzz\n|-damage|p2a: Mandibuzz|310/326\n|-resisted|p2a: Mandibuzz\n|-damage|p2a: Mandibuzz|295/326\n|-resisted|p2a: Mandibuzz\n|-damage|p2a: Mandibuzz|277/326\n|-resisted|p2a: Mandibuzz\n|-damage|p2a: Mandibuzz|261/326\n|-resisted|p2a: Mandibuzz\n|-damage|p2a: Mandibuzz|245/326\n|-hitcount|p2a: Mandibuzz|5\n|move|p2a: Mandibuzz|Foul Play|p1a: Lapras\n|-damage|p1a: Lapras|33/100\n|\n|upkeep\n|turn|13\n|inactive|Time left: 300 sec this turn | 300 sec total\n|\n|t:|1783547412\n|move|p1a: Lapras|Earthquake|p2a: Mandibuzz\n|-supereffective|p2a: Mandibuzz\n|-damage|p2a: Mandibuzz|63/326\n|move|p2a: Mandibuzz|Foul Play|p1a: Lapras\n|-damage|p1a: Lapras|0 fnt\n|faint|p1a: Lapras\n|\n|upkeep\n|\n|t:|1783547413\n|switch|p1a: Dunsparce|Dunsparce, L86, M|100/100\n|turn|14\n|inactive|Time left: 300 sec this turn | 300 sec total\n|\n|t:|1783547414\n|move|p2a: Mandibuzz|Roost|p2a: Mandibuzz\n|-heal|p2a: Mandibuzz|226/326\n|move|p1a: Dunsparce|Coil|p1a: Dunsparce\n|-boost|p1a: Dunsparce|atk|1\n|-boost|p1a: Dunsparce|def|1\n|-boost|p1a: Dunsparce|accuracy|1\n|\n|upkeep\n|turn|15\n|inactive|Time left: 300 sec this turn | 300 sec total\n|\n|t:|1783547415\n|move|p2a: Mandibuzz|Toxic|p1a: Dunsparce\n|-status|p1a: Dunsparce|tox\n|move|p1a: Dunsparce|Coil|p1a: Dunsparce\n|-boost|p1a: Dunsparce|atk|1\n|-boost|p1a: Dunsparce|def|1\n|-boost|p1a: Dunsparce|accuracy|1\n|\n|-damage|p1a: Dunsparce|94/100 tox|[from] psn\n|upkeep\n|turn|16\n|inactive|Time left: 300 sec this turn | 300 sec total\n|\n|t:|1783547416\n|move|p2a: Mandibuzz|Roost|p2a: Mandibuzz\n|-heal|p2a: Mandibuzz|326/326\n|move|p1a: Dunsparce|Earthquake|p2a: Mandibuzz\n|-supereffective|p2a: Mandibuzz\n|-damage|p2a: Mandibuzz|118/326\n|\n|-damage|p1a: Dunsparce|82/100 tox|[from] psn\n|upkeep\n|turn|17\n|inactive|Time left: 300 sec this turn | 300 sec total\n|\n|t:|1783547417\n|move|p2a: Mandibuzz|Roost|p2a: Mandibuzz\n|-heal|p2a: Mandibuzz|281/326\n|move|p1a: Dunsparce|Earthquake|p2a: Mandibuzz\n|-supereffective|p2a: Mandibuzz\n|-damage|p2a: Mandibuzz|73/326\n|\n|-damage|p1a: Dunsparce|64/100 tox|[from] psn\n|upkeep\n|turn|18\n|inactive|Time left: 300 sec this turn | 300 sec total\n|\n|t:|1783547418\n|move|p2a: Mandibuzz|Roost|p2a: Mandibuzz\n|-heal|p2a: Mandibuzz|236/326\n|move|p1a: Dunsparce|Roost|p1a: Dunsparce\n|-heal|p1a: Dunsparce|100/100 tox\n|-singleturn|p1a: Dunsparce|move: Roost\n|\n|-damage|p1a: Dunsparce|76/100 tox|[from] psn\n|upkeep\n|turn|19\n|inactive|Time left: 300 sec this turn | 300 sec total\n|\n|t:|1783547419\n|move|p2a: Mandibuzz|Roost|p2a: Mandibuzz\n|-heal|p2a: Mandibuzz|326/326\n|move|p1a: Dunsparce|Earthquake|p2a: Mandibuzz\n|-supereffective|p2a: Mandibuzz\n|-damage|p2a: Mandibuzz|126/326\n|\n|-damage|p1a: Dunsparce|46/100 tox|[from] psn\n|upkeep\n|turn|20\n|inactive|Time left: 300 sec this turn | 300 sec total\n|\n|t:|1783547420\n|move|p2a: Mandibuzz|Roost|p2a: Mandibuzz\n|-heal|p2a: Mandibuzz|289/326\n|move|p1a: Dunsparce|Earthquake|p2a: Mandibuzz\n|-supereffective|p2a: Mandibuzz\n|-damage|p2a: Mandibuzz|75/326\n|\n|-damage|p1a: Dunsparce|9/100 tox|[from] psn\n|upkeep\n|turn|21\n|inactive|Time left: 300 sec this turn | 300 sec total\n|\n|t:|1783547421\n|move|p2a: Mandibuzz|Foul Play|p1a: Dunsparce\n|-damage|p1a: Dunsparce|0 fnt\n|faint|p1a: Dunsparce\n|\n|upkeep\n|\n|t:|1783547422\n|switch|p1a: Metagross|Metagross, L79|100/100\n|turn|22\n|inactive|Time left: 300 sec this turn | 300 sec total\n|\n|t:|1783547423\n|move|p2a: Mandibuzz|Foul Play|p1a: Metagross\n|-supereffective|p1a: Metagross\n|-damage|p1a: Metagross|20/100\n|move|p1a: Metagross|Knock Off|p2a: Mandibuzz\n|-damage|p2a: Mandibuzz|6/326\n|-enditem|p2a: Mandibuzz|Heavy-Duty Boots|[from] move: Knock Off|[of] p1a: Metagross\n|\n|-heal|p1a: Metagross|26/100|[from] item: Leftovers\n|upkeep\n|turn|23\n|inactive|Time left: 300 sec this turn | 300 sec total\n|\n|t:|1783547424\n|move|p1a: Metagross|Bullet Punch|p2a: Mandibuzz\n|-resisted|p2a: Mandibuzz\n|-damage|p2a: Mandibuzz|0 fnt\n|faint|p2a: Mandibuzz\n|\n|-heal|p1a: Metagross|33/100|[from] item: Leftovers\n|upkeep\n|inactive|Time left: 300 sec this turn | 300 sec total | 5 sec grace\n|\n|t:|1783547425\n|switch|p2a: Swanna|Swanna, L89, M|278/278\n|turn|24\n|inactive|Time left: 300 sec this turn | 300 sec total\n|\n|t:|1783547425\n|switch|p1a: Hatterene|Hatterene, L85, F|23/100\n|move|p2a: Swanna|Hydro Pump|p1a: Hatterene\n|-damage|p1a: Hatterene|0 fnt\n|faint|p1a: Hatterene\n|\n|upkeep\n|\n|t:|1783547426\n|switch|p1a: Metagross|Metagross, L79|33/100\n|turn|25\n|inactive|Time left: 300 sec this turn | 300 sec total\n|\n|t:|1783547427\n|move|p2a: Swanna|Hydro Pump|p1a: Metagross\n|-damage|p1a: Metagross|0 fnt\n|faint|p1a: Metagross\n|\n|win|p0y653e8ff", "uploadtime": 1783547427, "views": 0, "rating": 0, "private": 0, "password": null, "_winner": "p0y653e8ff", "_our_name": "p0y653e8ff"}