{"id": "battle-gen9randombattle-1575", "formatid": "gen9randombattle", "format": "[Gen 9] Random Battle", "players": ["p0x1575f1ea", "p0y1575cbec"], "log": "|init|battle\n|title|p0x1575f1ea vs. p0y1575cbec\n|j|\u2606p0x1575f1ea\n|j|\u2606p0y1575cbec\n|t:|1783558251\n|gametype|singles\n|player|p1|p0x1575f1ea|170|\n|player|p2|p0y1575cbec|266|\n|gen|9\n|tier|[Gen 9] Random Battle\n|rule|Species Clause: Limit one of each Pok\u00e9mon\n|rule|HP Percentage Mod: HP is shown in percentages\n|rule|Sleep Clause Mod: Limit one foe put to sleep\n|rule|Illusion Level Mod: Illusion disguises the Pok\u00e9mon's true level\n|\n|t:|1783558251\n|teamsize|p1|6\n|teamsize|p2|6\n|start\n|switch|p1a: Ogerpon|Ogerpon-Hearthflame, L74, F|100/100\n|switch|p2a: Volcanion|Volcanion, L79|255/255\n|-ability|p1a: Ogerpon|Mold Breaker\n|turn|1\n|inactive|Battle timer is ON: inactive players will automatically lose when time's up. (requested by p0x1575f1ea)\n|inactive|Time left: 300 sec this turn | 300 sec total | 60 sec grace\n|\n|t:|1783558252\n|move|p1a: Ogerpon|Swords Dance|p1a: Ogerpon\n|-boost|p1a: Ogerpon|atk|2\n|move|p2a: Volcanion|Steam Eruption|p1a: Ogerpon\n|-damage|p1a: Ogerpon|40/100\n|\n|upkeep\n|turn|2\n|inactive|Time left: 300 sec this turn | 300 sec total\n|inactive|p0y1575cbec also wants the timer to be on.\n|\n|t:|1783558253\n|move|p1a: Ogerpon|Power Whip|p2a: Volcanion\n|-damage|p2a: Volcanion|20/255\n|move|p2a: Volcanion|Flame Charge|p1a: Ogerpon\n|-damage|p1a: Ogerpon|13/100\n|-boost|p2a: Volcanion|spe|1\n|\n|upkeep\n|turn|3\n|inactive|Time left: 300 sec this turn | 300 sec total\n|\n|t:|1783558254\n|switch|p1a: Appletun|Appletun, L92, M|100/100\n|move|p2a: Volcanion|Flamethrower|p1a: Appletun\n|-damage|p1a: Appletun|86/100\n|\n|-heal|p1a: Appletun|92/100|[from] item: Leftovers\n|upkeep\n|turn|4\n|inactive|Time left: 300 sec this turn | 300 sec total\n|\n|t:|1783558255\n|move|p2a: Volcanion|Flamethrower|p1a: Appletun\n|-damage|p1a: Appletun|78/100\n|move|p1a: Appletun|Apple Acid|p2a: Volcanion\n|-damage|p2a: Volcanion|0 fnt\n|faint|p2a: Volcanion\n|\n|-heal|p1a: Appletun|84/100|[from] item: Leftovers\n|upkeep\n|inactive|Time left: 300 sec this turn | 300 sec total | 5 sec grace\n|\n|t:|1783558256\n|switch|p2a: Gliscor|Gliscor, L76, M|239/239\n|turn|5\n|inactive|Time left: 300 sec this turn | 300 sec total\n|\n|t:|1783558257\n|move|p2a: Gliscor|Substitute|p2a: Gliscor\n|-start|p2a: Gliscor|Substitute\n|-damage|p2a: Gliscor|180/239\n|move|p1a: Appletun|Apple Acid|p2a: Gliscor\n|-end|p2a: Gliscor|Substitute\n|\n|-heal|p1a: Appletun|90/100|[from] item: Leftovers\n|-status|p2a: Gliscor|tox|[from] item: Toxic Orb\n|upkeep\n|turn|6\n|inactive|Time left: 300 sec this turn | 300 sec total\n|\n|t:|1783558258\n|move|p2a: Gliscor|Protect|p2a: Gliscor\n|-singleturn|p2a: Gliscor|Protect\n|move|p1a: Appletun|Apple Acid|p2a: Gliscor\n|-activate|p2a: Gliscor|move: Protect\n|\n|-heal|p1a: Appletun|97/100|[from] item: Leftovers\n|-heal|p2a: Gliscor|209/239 tox|[from] ability: Poison Heal\n|upkeep\n|turn|7\n|inactive|Time left: 300 sec this turn | 300 sec total\n|\n|t:|1783558259\n|move|p2a: Gliscor|Toxic|p1a: Appletun\n|-status|p1a: Appletun|tox\n|move|p1a: Appletun|Apple Acid|p2a: Gliscor\n|-damage|p2a: Gliscor|89/239 tox\n|-unboost|p2a: Gliscor|spd|1\n|\n|-heal|p1a: Appletun|100/100 tox|[from] item: Leftovers\n|-heal|p2a: Gliscor|118/239 tox|[from] ability: Poison Heal\n|-damage|p1a: Appletun|94/100 tox|[from] psn\n|upkeep\n|turn|8\n|inactive|Time left: 300 sec this turn | 300 sec total\n|\n|t:|1783558260\n|move|p2a: Gliscor|Protect|p2a: Gliscor\n|-singleturn|p2a: Gliscor|Protect\n|move|p1a: Appletun|Apple Acid|p2a: Gliscor\n|-activate|p2a: Gliscor|move: Protect\n|\n|-heal|p1a: Appletun|100/100 tox|[from] item: Leftovers\n|-heal|p2a: Gliscor|147/239 tox|[from] ability: Poison Heal\n|-damage|p1a: Appletun|88/100 tox|[from] psn\n|upkeep\n|turn|9\n|inactive|Time left: 300 sec this turn | 300 sec total\n|\n|t:|1783558261\n|move|p2a: Gliscor|Substitute|p2a: Gliscor\n|-start|p2a: Gliscor|Substitute\n|-damage|p2a: Gliscor|88/239 tox\n|move|p1a: Appletun|Apple Acid|p2a: Gliscor\n|-end|p2a: Gliscor|Substitute\n|\n|-heal|p1a: Appletun|94/100 tox|[from] item: Leftovers\n|-heal|p2a: Gliscor|117/239 tox|[from] ability: Poison Heal\n|-damage|p1a: Appletun|75/100 tox|[from] psn\n|upkeep\n|turn|10\n|inactive|Time left: 300 sec this turn | 300 sec total\n|\n|t:|1783558262\n|move|p2a: Gliscor|Protect|p2a: Gliscor\n|-singleturn|p2a: Gliscor|Protect\n|move|p1a: Appletun|Apple Acid|p2a: Gliscor\n|-activate|p2a: Gliscor|move: Protect\n|\n|-heal|p1a: Appletun|82/100 tox|[from] item: Leftovers\n|-heal|p2a: Gliscor|146/239 tox|[from] ability: Poison Heal\n|-damage|p1a: Appletun|57/100 tox|[from] psn\n|upkeep\n|turn|11\n|inactive|Time left: 300 sec this turn | 300 sec total\n|\n|t:|1783558263\n|move|p2a: Gliscor|Substitute|p2a: Gliscor\n|-start|p2a: Gliscor|Substitute\n|-damage|p2a: Gliscor|87/239 tox\n|move|p1a: Appletun|Apple Acid|p2a: Gliscor\n|-end|p2a: Gliscor|Substitute\n|\n|-heal|p1a: Appletun|63/100 tox|[from] item: Leftovers\n|-heal|p2a: Gliscor|116/239 tox|[from] ability: Poison Heal\n|-damage|p1a: Appletun|32/100 tox|[from] psn\n|upkeep\n|turn|12\n|inactive|Time left: 300 sec this turn | 300 sec total\n|\n|t:|1783558264\n|switch|p2a: Kyogre|Kyogre, L71|259/259\n|-weather|RainDance|[from] ability: Drizzle|[of] p2a: Kyogre\n|move|p1a: Appletun|Draco Meteor|p2a: Kyogre\n|-damage|p2a: Kyogre|117/259\n|-unboost|p1a: Appletun|spa|2\n|\n|-weather|RainDance|[upkeep]\n|-heal|p1a: Appletun|38/100 tox|[from] item: Leftovers\n|-damage|p1a: Appletun|0 fnt|[from] psn\n|faint|p1a: Appletun\n|upkeep\n|\n|t:|1783558265\n|switch|p1a: Kingdra|Kingdra, L84, F|100/100\n|turn|13\n|inactive|Time left: 300 sec this turn | 300 sec total\n|\n|t:|1783558266\n|move|p2a: Kyogre|Origin Pulse|p1a: Kingdra\n|-resisted|p1a: Kingdra\n|-damage|p1a: Kingdra|86/100\n|move|p1a: Kingdra|Outrage|p2a: Kyogre\n|-damage|p2a: Kyogre|0 fnt\n|faint|p2a: Kyogre\n|\n|-weather|RainDance|[upkeep]\n|upkeep\n|inactive|Time left: 300 sec this turn | 300 sec total | 5 sec grace\n|\n|t:|1783558267\n|switch|p2a: Kyurem|Kyurem, L77|319/319\n|-ability|p2a: Kyurem|Pressure\n|turn|14\n|inactive|Time left: 300 sec this turn | 300 sec total\n|\n|t:|1783558268\n|-terastallize|p2a: Kyurem|Ground\n|move|p2a: Kyurem|Scale Shot|p1a: Kingdra\n|-supereffective|p1a: Kingdra\n|-damage|p1a: Kingdra|65/100\n|-supereffective|p1a: Kingdra\n|-damage|p1a: Kingdra|45/100\n|-supereffective|p1a: Kingdra\n|-damage|p1a: Kingdra|26/100\n|-supereffective|p1a: Kingdra\n|-damage|p1a: Kingdra|7/100\n|-hitcount|p1a: Kingdra|4\n|-unboost|p2a: Kyurem|def|1\n|-boost|p2a: Kyurem|spe|1\n|move|p1a: Kingdra|Outrage|p2a: Kyurem|[from] lockedmove\n|-damage|p2a: Kyurem|133/319\n|-start|p1a: Kingdra|confusion|[fatigue]\n|-enditem|p1a: Kingdra|Lum Berry|[eat]\n|-end|p1a: Kingdra|confusion\n|\n|-weather|RainDance|[upkeep]\n|upkeep\n|turn|15\n|inactive|Time left: 300 sec this turn | 300 sec total\n|\n|t:|1783558269\n|move|p2a: Kyurem|Icicle Spear|p1a: Kingdra\n|-damage|p1a: Kingdra|0 fnt\n|faint|p1a: Kingdra\n|-hitcount|p1: Kingdra|1\n|\n|-weather|RainDance|[upkeep]\n|upkeep\n|\n|t:|1783558270\n|switch|p1a: Kyogre|Kyogre, L71|100/100\n|turn|16\n|inactive|Time left: 300 sec this turn | 300 sec total\n|\n|t:|1783558271\n|move|p2a: Kyurem|Scale Shot|p1a: Kyogre\n|-damage|p1a: Kyogre|87/100\n|-damage|p1a: Kyogre|75/100\n|-damage|p1a: Kyogre|62/100\n|-damage|p1a: Kyogre|49/100\n|-damage|p1a: Kyogre|36/100\n|-hitcount|p1a: Kyogre|5\n|-unboost|p2a: Kyurem|def|1\n|-boost|p2a: Kyurem|spe|1\n|move|p1a: Kyogre|Origin Pulse|p2a: Kyurem\n|-supereffective|p2a: Kyurem\n|-damage|p2a: Kyurem|0 fnt\n|faint|p2a: Kyurem\n|\n|-weather|none\n|-heal|p1a: Kyogre|43/100|[from] item: Leftovers\n|upkeep\n|inactive|Time left: 300 sec this turn | 300 sec total | 5 sec grace\n|\n|t:|1783558272\n|switch|p2a: Electrode|Electrode-Hisui, L87|246/246\n|turn|17\n|inactive|Time left: 300 sec this turn | 300 sec total\n|\n|t:|1783558273\n|-terastallize|p1a: Kyogre|Steel\n|move|p2a: Electrode|Thunderbolt|p1a: Kyogre\n|-damage|p1a: Kyogre|4/100\n|-damage|p2a: Electrode|222/246|[from] item: Life Orb\n|move|p1a: Kyogre|Ice Beam|p2a: Electrode\n|-supereffective|p2a: Electrode\n|-damage|p2a: Electrode|96/246\n|\n|-heal|p1a: Kyogre|11/100|[from] item: Leftovers\n|upkeep\n|turn|18\n|inactive|Time left: 300 sec this turn | 300 sec total\n|\n|t:|1783558275\n|move|p2a: Electrode|Thunderbolt|p1a: Kyogre\n|-damage|p1a: Kyogre|0 fnt\n|faint|p1a: Kyogre\n|-damage|p2a: Electrode|72/246|[from] item: Life Orb\n|\n|upkeep\n|\n|t:|1783558276\n|switch|p1a: Magnezone|Magnezone, L85|100/100\n|turn|19\n|inactive|Time left: 300 sec this turn | 300 sec total\n|\n|t:|1783558277\n|move|p2a: Electrode|Leaf Storm|p1a: Magnezone\n|-resisted|p1a: Magnezone\n|-damage|p1a: Magnezone|70/100\n|-unboost|p2a: Electrode|spa|2\n|-damage|p2a: Electrode|48/246|[from] item: Life Orb\n|move|p1a: Magnezone|Iron Defense|p1a: Magnezone\n|-boost|p1a: Magnezone|def|2\n|\n|-heal|p1a: Magnezone|76/100|[from] item: Leftovers\n|upkeep\n|turn|20\n|inactive|Time left: 300 sec this turn | 300 sec total\n|\n|t:|1783558278\n|move|p2a: Electrode|Thunderbolt|p1a: Magnezone\n|-resisted|p1a: Magnezone\n|-damage|p1a: Magnezone|66/100\n|-damage|p2a: Electrode|24/246|[from] item: Life Orb\n|move|p1a: Magnezone|Flash Cannon|p2a: Electrode\n|-resisted|p2a: Electrode\n|-damage|p2a: Electrode|0 fnt\n|faint|p2a: Electrode\n|\n|-heal|p1a: Magnezone|73/100|[from] item: Leftovers\n|upkeep\n|inactive|Time left: 300 sec this turn | 300 sec total | 5 sec grace\n|\n|t:|1783558279\n|switch|p2a: Gliscor|Gliscor, L76, M|116/239 tox\n|turn|21\n|inactive|Time left: 300 sec this turn | 300 sec total\n|\n|t:|1783558280\n|move|p2a: Gliscor|Earthquake|p1a: Magnezone\n|-supereffective|p1a: Magnezone\n|-damage|p1a: Magnezone|20/100\n|move|p1a: Magnezone|Flash Cannon|p2a: Gliscor\n|-damage|p2a: Gliscor|0 fnt\n|faint|p2a: Gliscor\n|\n|-heal|p1a: Magnezone|26/100|[from] item: Leftovers\n|upkeep\n|inactive|Time left: 300 sec this turn | 300 sec total | 5 sec grace\n|\n|t:|1783558281\n|switch|p2a: Cinderace|Cinderace, L77, M|250/250\n|turn|22\n|inactive|Time left: 300 sec this turn | 300 sec total\n|\n|t:|1783558282\n|move|p2a: Cinderace|Pyro Ball|p1a: Magnezone\n|-supereffective|p1a: Magnezone\n|-damage|p1a: Magnezone|0 fnt\n|faint|p1a: Magnezone\n|\n|upkeep\n|\n|t:|1783558282\n|switch|p1a: Ogerpon|Ogerpon-Hearthflame, L74, F|13/100\n|-ability|p1a: Ogerpon|Mold Breaker\n|turn|23\n|inactive|Time left: 300 sec this turn | 300 sec total\n|\n|t:|1783558283\n|move|p2a: Cinderace|Pyro Ball|p1a: Ogerpon|[miss]\n|-miss|p2a: Cinderace|p1a: Ogerpon\n|move|p1a: Ogerpon|Knock Off|p2a: Cinderace\n|-damage|p2a: Cinderace|157/250\n|-enditem|p2a: Cinderace|Heavy-Duty Boots|[from] move: Knock Off|[of] p1a: Ogerpon\n|\n|upkeep\n|turn|24\n|inactive|Time left: 300 sec this turn | 300 sec total\n|\n|t:|1783558285\n|switch|p1a: Hitmonlee|Hitmonlee, L85, M|100/100\n|move|p2a: Cinderace|Pyro Ball|p1a: Hitmonlee|[miss]\n|-miss|p2a: Cinderace|p1a: Hitmonlee\n|\n|upkeep\n|turn|25\n|inactive|Time left: 300 sec this turn | 300 sec total\n|\n|t:|1783558285\n|move|p2a: Cinderace|Pyro Ball|p1a: Hitmonlee\n|-damage|p1a: Hitmonlee|25/100\n|move|p1a: Hitmonlee|Close Combat|p2a: Cinderace\n|-damage|p2a: Cinderace|0 fnt\n|-unboost|p1a: Hitmonlee|def|1\n|-unboost|p1a: Hitmonlee|spd|1\n|faint|p2a: Cinderace\n|-enditem|p1a: Hitmonlee|White Herb\n|-clearnegativeboost|p1a: Hitmonlee|[silent]\n|\n|win|p0x1575f1ea", "uploadtime": 1783558285, "views": 0, "rating": 0, "private": 0, "password": null, "_winner": "p0x1575f1ea", "_our_name": "p0y1575cbec"}