{"id": "battle-gen9randombattle-1477", "formatid": "gen9randombattle", "format": "[Gen 9] Random Battle", "players": ["p0x1477118a", "p0y1477aca4"], "log": "|init|battle\n|title|p0x1477118a vs. p0y1477aca4\n|j|\u2606p0x1477118a\n|j|\u2606p0y1477aca4\n|t:|1783556279\n|gametype|singles\n|player|p1|p0x1477118a|170|\n|player|p2|p0y1477aca4|1|\n|gen|9\n|tier|[Gen 9] Random Battle\n|rule|Species Clause: Limit one of each Pok\u00e9mon\n|rule|HP Percentage Mod: HP is shown in percentages\n|rule|Sleep Clause Mod: Limit one foe put to sleep\n|rule|Illusion Level Mod: Illusion disguises the Pok\u00e9mon's true level\n|\n|t:|1783556279\n|teamsize|p1|6\n|teamsize|p2|6\n|start\n|switch|p1a: Iron Bundle|Iron Bundle, L78|100/100\n|switch|p2a: Samurott|Samurott-Hisui, L77, M|265/265\n|turn|1\n|inactive|Battle timer is ON: inactive players will automatically lose when time's up. (requested by p0y1477aca4)\n|inactive|p0x1477118a also wants the timer to be on.\n|\n|t:|1783556281\n|move|p2a: Samurott|Ceaseless Edge|p1a: Iron Bundle\n|-damage|p1a: Iron Bundle|65/100\n|-sidestart|p1: p0x1477118a|Spikes\n|move|p1a: Iron Bundle|Freeze-Dry|p2a: Samurott\n|-supereffective|p2a: Samurott\n|-damage|p2a: Samurott|37/265\n|-status|p2a: Samurott|frz\n|\n|upkeep\n|turn|2\n|inactive|Time left: 300 sec this turn | 300 sec total\n|\n|t:|1783556282\n|-curestatus|p2a: Samurott|frz|[msg]\n|move|p2a: Samurott|Ceaseless Edge|p1a: Iron Bundle\n|-damage|p1a: Iron Bundle|26/100\n|-sidestart|p1: p0x1477118a|Spikes\n|move|p1a: Iron Bundle|Freeze-Dry|p2a: Samurott\n|-supereffective|p2a: Samurott\n|-damage|p2a: Samurott|0 fnt\n|faint|p2a: Samurott\n|\n|upkeep\n|inactive|Time left: 300 sec this turn | 300 sec total | 5 sec grace\n|\n|t:|1783556283\n|switch|p2a: Ribombee|Ribombee, L83, F|235/235\n|turn|3\n|inactive|Time left: 300 sec this turn | 300 sec total\n|\n|t:|1783556284\n|move|p1a: Iron Bundle|Hydro Pump|p2a: Ribombee\n|-damage|p2a: Ribombee|97/235\n|move|p2a: Ribombee|Sticky Web|p1a: Iron Bundle\n|-sidestart|p1: p0x1477118a|move: Sticky Web\n|\n|upkeep\n|turn|4\n|inactive|Time left: 300 sec this turn | 300 sec total\n|\n|t:|1783556285\n|switch|p2a: Lapras|Lapras, L87, F|368/368\n|move|p1a: Iron Bundle|Ice Beam|p2a: Lapras\n|-resisted|p2a: Lapras\n|-damage|p2a: Lapras|344/368\n|\n|upkeep\n|turn|5\n|inactive|Time left: 300 sec this turn | 300 sec total\n|\n|t:|1783556286\n|-end|p1a: Iron Bundle|Quark Drive|[silent]\n|switch|p1a: Cryogonal|Cryogonal, L89|100/100\n|move|p2a: Lapras|Freeze-Dry|p1a: Cryogonal\n|-resisted|p1a: Cryogonal\n|-damage|p1a: Cryogonal|92/100\n|\n|upkeep\n|turn|6\n|inactive|Time left: 300 sec this turn | 300 sec total\n|\n|t:|1783556288\n|switch|p2a: Trevenant|Trevenant, L89, F|296/296\n|move|p1a: Cryogonal|Rapid Spin|p2a: Trevenant\n|-immune|p2a: Trevenant\n|\n|upkeep\n|turn|7\n|inactive|Time left: 300 sec this turn | 300 sec total\n|\n|t:|1783556289\n|move|p1a: Cryogonal|Freeze-Dry|p2a: Trevenant\n|-supereffective|p2a: Trevenant\n|-damage|p2a: Trevenant|128/296\n|move|p2a: Trevenant|Poltergeist|p1a: Cryogonal\n|-activate|p1a: Cryogonal|move: Poltergeist|Heavy-Duty Boots\n|-damage|p1a: Cryogonal|0 fnt\n|faint|p1a: Cryogonal\n|-damage|p2a: Trevenant|99/296|[from] item: Life Orb\n|\n|upkeep\n|\n|t:|1783556290\n|switch|p1a: Iron Bundle|Iron Bundle, L78|26/100\n|turn|8\n|inactive|Time left: 300 sec this turn | 300 sec total\n|\n|t:|1783556291\n|switch|p2a: Lapras|Lapras, L87, F|344/368\n|move|p1a: Iron Bundle|Ice Beam|p2a: Lapras\n|-resisted|p2a: Lapras\n|-damage|p2a: Lapras|320/368\n|\n|upkeep\n|turn|9\n|inactive|Time left: 300 sec this turn | 300 sec total\n|\n|t:|1783556292\n|-end|p1a: Iron Bundle|Quark Drive|[silent]\n|switch|p1a: Greedent|Greedent, L86, F|100/100\n|-damage|p1a: Greedent|84/100|[from] Spikes\n|-activate|p1a: Greedent|move: Sticky Web\n|-unboost|p1a: Greedent|spe|1\n|move|p2a: Lapras|Sparkling Aria|p1a: Greedent\n|-damage|p1a: Greedent|54/100\n|\n|upkeep\n|turn|10\n|inactive|Time left: 300 sec this turn | 300 sec total\n|\n|t:|1783556294\n|move|p2a: Lapras|Freeze-Dry|p1a: Greedent\n|-damage|p1a: Greedent|28/100\n|-status|p1a: Greedent|frz\n|-enditem|p1a: Greedent|Sitrus Berry|[eat]\n|-heal|p1a: Greedent|53/100 frz|[from] item: Sitrus Berry\n|-heal|p1a: Greedent|86/100 frz|[from] ability: Cheek Pouch\n|cant|p1a: Greedent|frz\n|\n|upkeep\n|turn|11\n|inactive|Time left: 300 sec this turn | 300 sec total\n|\n|t:|1783556295\n|move|p2a: Lapras|Freeze-Dry|p1a: Greedent\n|-damage|p1a: Greedent|65/100 frz\n|-curestatus|p1a: Greedent|frz|[msg]\n|move|p1a: Greedent|Knock Off|p2a: Lapras\n|-damage|p2a: Lapras|249/368\n|-enditem|p2a: Lapras|Heavy-Duty Boots|[from] move: Knock Off|[of] p1a: Greedent\n|\n|upkeep\n|turn|12\n|inactive|Time left: 300 sec this turn | 300 sec total\n|\n|t:|1783556296\n|move|p2a: Lapras|Freeze-Dry|p1a: Greedent\n|-damage|p1a: Greedent|42/100\n|move|p1a: Greedent|Swords Dance|p1a: Greedent\n|-boost|p1a: Greedent|atk|2\n|\n|upkeep\n|turn|13\n|inactive|Time left: 300 sec this turn | 300 sec total\n|\n|t:|1783556297\n|move|p2a: Lapras|Freeze-Dry|p1a: Greedent\n|-damage|p1a: Greedent|19/100\n|move|p1a: Greedent|Double-Edge|p2a: Lapras\n|-damage|p2a: Lapras|0 fnt\n|faint|p2a: Lapras\n|-damage|p1a: Greedent|0 fnt|[from] Recoil\n|faint|p1a: Greedent\n|\n|upkeep\n|inactive|Time left: 300 sec this turn | 300 sec total | 5 sec grace\n|\n|t:|1783556298\n|switch|p2a: Roaring Moon|Roaring Moon, L72|270/270\n|switch|p1a: Iron Bundle|Iron Bundle, L78|26/100\n|-enditem|p2a: Roaring Moon|Booster Energy\n|-activate|p2a: Roaring Moon|ability: Protosynthesis|[fromitem]\n|-start|p2a: Roaring Moon|protosynthesisatk\n|turn|14\n|inactive|Time left: 300 sec this turn | 300 sec total\n|\n|t:|1783556299\n|-terastallize|p1a: Iron Bundle|Ice\n|move|p1a: Iron Bundle|Ice Beam|p2a: Roaring Moon\n|-supereffective|p2a: Roaring Moon\n|-damage|p2a: Roaring Moon|10/270\n|move|p2a: Roaring Moon|Dragon Dance|p2a: Roaring Moon\n|-boost|p2a: Roaring Moon|atk|1\n|-boost|p2a: Roaring Moon|spe|1\n|\n|upkeep\n|turn|15\n|inactive|Time left: 300 sec this turn | 300 sec total\n|\n|t:|1783556300\n|-end|p1a: Iron Bundle|Quark Drive|[silent]\n|switch|p1a: Skuntank|Skuntank, L84, M|100/100\n|-damage|p1a: Skuntank|84/100|[from] Spikes\n|-activate|p1a: Skuntank|move: Sticky Web\n|-unboost|p1a: Skuntank|spe|1\n|move|p2a: Roaring Moon|Outrage|p1a: Skuntank\n|-crit|p1a: Skuntank\n|-damage|p1a: Skuntank|0 fnt\n|-damage|p2a: Roaring Moon|0 fnt|[from] ability: Aftermath|[of] p1a: Skuntank\n|faint|p1a: Skuntank\n|faint|p2a: Roaring Moon\n|-end|p2a: Roaring Moon|Protosynthesis|[silent]\n|\n|upkeep\n|inactive|Time left: 300 sec this turn | 300 sec total | 5 sec grace\n|\n|t:|1783556301\n|switch|p2a: Ribombee|Ribombee, L83, F|97/235\n|switch|p1a: Iron Bundle|Iron Bundle, L78, tera:Ice|26/100\n|turn|16\n|inactive|Time left: 300 sec this turn | 300 sec total\n|\n|t:|1783556302\n|move|p1a: Iron Bundle|Ice Beam|p2a: Ribombee\n|-damage|p2a: Ribombee|0 fnt\n|faint|p2a: Ribombee\n|\n|upkeep\n|inactive|Time left: 300 sec this turn | 300 sec total | 5 sec grace\n|\n|t:|1783556303\n|switch|p2a: Hawlucha|Hawlucha, L80, M|256/256\n|turn|17\n|inactive|Time left: 300 sec this turn | 300 sec total\n|\n|t:|1783556304\n|move|p1a: Iron Bundle|Freeze-Dry|p2a: Hawlucha\n|-supereffective|p2a: Hawlucha\n|-damage|p2a: Hawlucha|0 fnt\n|faint|p2a: Hawlucha\n|\n|upkeep\n|inactive|Time left: 300 sec this turn | 300 sec total | 5 sec grace\n|\n|t:|1783556305\n|switch|p2a: Trevenant|Trevenant, L89, F|99/296\n|turn|18\n|inactive|Time left: 300 sec this turn | 300 sec total\n|\n|t:|1783556305\n|-terastallize|p2a: Trevenant|Fighting\n|move|p1a: Iron Bundle|Ice Beam|p2a: Trevenant\n|-damage|p2a: Trevenant|0 fnt\n|faint|p2a: Trevenant\n|\n|win|p0x1477118a", "uploadtime": 1783556305, "views": 0, "rating": 0, "private": 0, "password": null, "_winner": "p0x1477118a", "_our_name": "p0y1477aca4"}