{"id": "battle-gen9randombattle-1928", "formatid": "gen9randombattle", "format": "[Gen 9] Random Battle", "players": ["p0x192839d9", "p0y19282c80"], "log": "|init|battle\n|title|p0x192839d9 vs. p0y19282c80\n|j|\u2606p0x192839d9\n|j|\u2606p0y19282c80\n|t:|1783562294\n|gametype|singles\n|player|p1|p0x192839d9|102|\n|player|p2|p0y19282c80|2|\n|gen|9\n|tier|[Gen 9] Random Battle\n|rule|Species Clause: Limit one of each Pok\u00e9mon\n|rule|HP Percentage Mod: HP is shown in percentages\n|rule|Sleep Clause Mod: Limit one foe put to sleep\n|rule|Illusion Level Mod: Illusion disguises the Pok\u00e9mon's true level\n|\n|t:|1783562294\n|teamsize|p1|6\n|teamsize|p2|6\n|start\n|switch|p1a: Ditto|Ditto, L87|225/225\n|switch|p2a: Sandslash|Sandslash, L89, M|100/100\n|-transform|p1a: Ditto|p2a: Sandslash|[from] ability: Imposter\n|turn|1\n|inactive|Battle timer is ON: inactive players will automatically lose when time's up. (requested by p0y19282c80)\n|inactive|Time left: 300 sec this turn | 300 sec total | 60 sec grace\n|\n|t:|1783562294\n|switch|p1a: Wo-Chien|Wo-Chien, L83|277/277\n|-ability|p1a: Wo-Chien|Tablets of Ruin\n|move|p2a: Sandslash|Swords Dance|p2a: Sandslash\n|-boost|p2a: Sandslash|atk|2\n|\n|upkeep\n|turn|2\n|inactive|Time left: 300 sec this turn | 300 sec total\n|inactive|p0x192839d9 also wants the timer to be on.\n|\n|t:|1783562295\n|move|p2a: Sandslash|Swords Dance|p2a: Sandslash\n|-boost|p2a: Sandslash|atk|2\n|move|p1a: Wo-Chien|Giga Drain|p2a: Sandslash\n|-supereffective|p2a: Sandslash\n|-damage|p2a: Sandslash|22/100\n|\n|-heal|p2a: Sandslash|28/100|[from] item: Leftovers\n|upkeep\n|turn|3\n|inactive|Time left: 300 sec this turn | 300 sec total\n|\n|t:|1783562296\n|-terastallize|p2a: Sandslash|Dragon\n|move|p2a: Sandslash|Stone Edge|p1a: Wo-Chien\n|-damage|p1a: Wo-Chien|119/277\n|move|p1a: Wo-Chien|Giga Drain|p2a: Sandslash\n|-resisted|p2a: Sandslash\n|-damage|p2a: Sandslash|9/100\n|-heal|p1a: Wo-Chien|146/277|[from] drain|[of] p2a: Sandslash\n|\n|-heal|p2a: Sandslash|15/100|[from] item: Leftovers\n|-heal|p1a: Wo-Chien|163/277|[from] item: Leftovers\n|upkeep\n|turn|4\n|inactive|Time left: 300 sec this turn | 300 sec total\n|\n|t:|1783562297\n|move|p2a: Sandslash|Stone Edge|p1a: Wo-Chien\n|-damage|p1a: Wo-Chien|7/277\n|move|p1a: Wo-Chien|Knock Off|p2a: Sandslash\n|-damage|p2a: Sandslash|0 fnt\n|-enditem|p2a: Sandslash|Leftovers|[from] move: Knock Off|[of] p1a: Wo-Chien\n|faint|p2a: Sandslash\n|\n|-heal|p1a: Wo-Chien|24/277|[from] item: Leftovers\n|upkeep\n|\n|t:|1783562298\n|switch|p2a: Malamar|Malamar, L82, F|100/100\n|turn|5\n|inactive|Time left: 300 sec this turn | 300 sec total\n|\n|t:|1783562299\n|switch|p1a: Chandelure|Chandelure, L83, F|235/235\n|move|p2a: Malamar|Superpower|p1a: Chandelure\n|-immune|p1a: Chandelure\n|\n|upkeep\n|turn|6\n|inactive|Time left: 300 sec this turn | 300 sec total\n|\n|t:|1783562300\n|move|p1a: Chandelure|Fire Blast|p2a: Malamar\n|-damage|p2a: Malamar|30/100\n|move|p2a: Malamar|Knock Off|p1a: Chandelure\n|-supereffective|p1a: Chandelure\n|-damage|p1a: Chandelure|43/235\n|-enditem|p1a: Chandelure|Heavy-Duty Boots|[from] move: Knock Off|[of] p2a: Malamar\n|\n|upkeep\n|turn|7\n|inactive|Time left: 300 sec this turn | 300 sec total\n|\n|t:|1783562301\n|switch|p2a: Stantler|Stantler, L92, M|100/100\n|-ability|p2a: Stantler|Intimidate|boost\n|-unboost|p1a: Chandelure|atk|1\n|move|p1a: Chandelure|Fire Blast|p2a: Stantler|[miss]\n|-miss|p1a: Chandelure|p2a: Stantler\n|\n|upkeep\n|turn|8\n|inactive|Time left: 300 sec this turn | 300 sec total\n|\n|t:|1783562303\n|move|p2a: Stantler|Earth Power|p1a: Chandelure\n|-supereffective|p1a: Chandelure\n|-damage|p1a: Chandelure|0 fnt\n|faint|p1a: Chandelure\n|\n|upkeep\n|inactive|Time left: 300 sec this turn | 300 sec total | 5 sec grace\n|\n|t:|1783562304\n|switch|p1a: Altaria|Altaria, L89, F|278/278\n|turn|9\n|inactive|Time left: 300 sec this turn | 300 sec total\n|\n|t:|1783562305\n|move|p2a: Stantler|Calm Mind|p2a: Stantler\n|-boost|p2a: Stantler|spa|1\n|-boost|p2a: Stantler|spd|1\n|move|p1a: Altaria|Dragon Dance|p1a: Altaria\n|-boost|p1a: Altaria|atk|1\n|-boost|p1a: Altaria|spe|1\n|\n|upkeep\n|turn|10\n|inactive|Time left: 300 sec this turn | 300 sec total\n|\n|t:|1783562306\n|move|p1a: Altaria|Dragon Dance|p1a: Altaria\n|-boost|p1a: Altaria|atk|1\n|-boost|p1a: Altaria|spe|1\n|move|p2a: Stantler|Tera Blast|p1a: Altaria\n|-damage|p1a: Altaria|164/278\n|\n|upkeep\n|turn|11\n|inactive|Time left: 300 sec this turn | 300 sec total\n|\n|t:|1783562307\n|move|p1a: Altaria|Earthquake|p2a: Stantler\n|-damage|p2a: Stantler|64/100\n|move|p2a: Stantler|Tera Blast|p1a: Altaria\n|-damage|p1a: Altaria|56/278\n|\n|upkeep\n|turn|12\n|inactive|Time left: 300 sec this turn | 300 sec total\n|\n|t:|1783562308\n|move|p1a: Altaria|Roost|p1a: Altaria\n|-heal|p1a: Altaria|195/278\n|-singleturn|p1a: Altaria|move: Roost\n|move|p2a: Stantler|Tera Blast|p1a: Altaria\n|-damage|p1a: Altaria|84/278\n|\n|upkeep\n|turn|13\n|inactive|Time left: 300 sec this turn | 300 sec total\n|\n|t:|1783562309\n|move|p1a: Altaria|Roost|p1a: Altaria\n|-heal|p1a: Altaria|223/278\n|-singleturn|p1a: Altaria|move: Roost\n|move|p2a: Stantler|Tera Blast|p1a: Altaria\n|-damage|p1a: Altaria|118/278\n|\n|upkeep\n|turn|14\n|inactive|Time left: 300 sec this turn | 300 sec total\n|\n|t:|1783562310\n|move|p1a: Altaria|Roost|p1a: Altaria\n|-heal|p1a: Altaria|257/278\n|-singleturn|p1a: Altaria|move: Roost\n|move|p2a: Stantler|Tera Blast|p1a: Altaria\n|-damage|p1a: Altaria|148/278\n|\n|upkeep\n|turn|15\n|inactive|Time left: 300 sec this turn | 300 sec total\n|\n|t:|1783562311\n|move|p1a: Altaria|Brave Bird|p2a: Stantler\n|-damage|p2a: Stantler|7/100\n|-damage|p1a: Altaria|95/278|[from] Recoil\n|move|p2a: Stantler|Tera Blast|p1a: Altaria\n|-damage|p1a: Altaria|0 fnt\n|faint|p1a: Altaria\n|\n|upkeep\n|inactive|Time left: 300 sec this turn | 300 sec total | 5 sec grace\n|\n|t:|1783562312\n|switch|p1a: Rotom|Rotom-Mow, L87|229/229\n|turn|16\n|inactive|Time left: 300 sec this turn | 300 sec total\n|\n|t:|1783562313\n|switch|p2a: Frosmoth|Frosmoth, L82, F|100/100\n|move|p1a: Rotom|Volt Switch|p2a: Frosmoth\n|-damage|p2a: Frosmoth|84/100\n|inactive|Time left: 300 sec this turn | 300 sec total | 5 sec grace\n|\n|t:|1783562314\n|switch|p1a: Wo-Chien|Wo-Chien, L83|24/277|[from] Volt Switch\n|-ability|p1a: Wo-Chien|Tablets of Ruin\n|\n|-heal|p1a: Wo-Chien|41/277|[from] item: Leftovers\n|upkeep\n|turn|17\n|inactive|Time left: 300 sec this turn | 300 sec total\n|\n|t:|1783562315\n|move|p1a: Wo-Chien|Knock Off|p2a: Frosmoth\n|-damage|p2a: Frosmoth|32/100\n|-enditem|p2a: Frosmoth|Heavy-Duty Boots|[from] move: Knock Off|[of] p1a: Wo-Chien\n|move|p2a: Frosmoth|Quiver Dance|p2a: Frosmoth\n|-boost|p2a: Frosmoth|spa|1\n|-boost|p2a: Frosmoth|spd|1\n|-boost|p2a: Frosmoth|spe|1\n|\n|-heal|p1a: Wo-Chien|58/277|[from] item: Leftovers\n|upkeep\n|turn|18\n|inactive|Time left: 300 sec this turn | 300 sec total\n|\n|t:|1783562316\n|move|p2a: Frosmoth|Ice Beam|p1a: Wo-Chien\n|-supereffective|p1a: Wo-Chien\n|-damage|p1a: Wo-Chien|0 fnt\n|faint|p1a: Wo-Chien\n|\n|upkeep\n|inactive|Time left: 300 sec this turn | 300 sec total | 5 sec grace\n|\n|t:|1783562317\n|switch|p1a: Regieleki|Regieleki, L79|256/256\n|turn|19\n|inactive|Time left: 300 sec this turn | 300 sec total\n|\n|t:|1783562317\n|move|p1a: Regieleki|Thunderbolt|p2a: Frosmoth\n|-damage|p2a: Frosmoth|12/100\n|move|p2a: Frosmoth|Giga Drain|p1a: Regieleki\n|-damage|p1a: Regieleki|116/256\n|-heal|p2a: Frosmoth|40/100|[from] drain|[of] p1a: Regieleki\n|\n|upkeep\n|turn|20\n|inactive|Time left: 300 sec this turn | 300 sec total\n|\n|t:|1783562319\n|move|p1a: Regieleki|Explosion|p2a: Frosmoth\n|-damage|p2a: Frosmoth|0 fnt\n|faint|p1a: Regieleki\n|faint|p2a: Frosmoth\n|\n|upkeep\n|inactive|Time left: 300 sec this turn | 300 sec total | 5 sec grace\n|\n|t:|1783562320\n|switch|p1a: Rotom|Rotom-Mow, L87|229/229\n|switch|p2a: Donphan|Donphan, L84, F|100/100\n|turn|21\n|inactive|Time left: 300 sec this turn | 300 sec total\n|\n|t:|1783562321\n|move|p1a: Rotom|Leaf Storm|p2a: Donphan\n|-supereffective|p2a: Donphan\n|-ability|p2a: Donphan|Sturdy\n|-damage|p2a: Donphan|1/100\n|-unboost|p1a: Rotom|spa|2\n|move|p2a: Donphan|Knock Off|p1a: Rotom\n|-damage|p1a: Rotom|156/229\n|-enditem|p1a: Rotom|Choice Scarf|[from] move: Knock Off|[of] p2a: Donphan\n|\n|-heal|p2a: Donphan|7/100|[from] item: Leftovers\n|upkeep\n|turn|22\n|inactive|Time left: 300 sec this turn | 300 sec total\n|\n|t:|1783562322\n|move|p1a: Rotom|Leaf Storm|p2a: Donphan\n|-supereffective|p2a: Donphan\n|-damage|p2a: Donphan|0 fnt\n|-unboost|p1a: Rotom|spa|2\n|faint|p2a: Donphan\n|\n|upkeep\n|\n|t:|1783562323\n|switch|p2a: Malamar|Malamar, L82, F|30/100\n|turn|23\n|inactive|Time left: 300 sec this turn | 300 sec total\n|\n|t:|1783562324\n|move|p1a: Rotom|Trick|p2a: Malamar\n|-activate|p1a: Rotom|move: Trick|[of] p2a: Malamar\n|-enditem|p2a: Malamar|Chesto Berry|[silent]|[from] move: Trick\n|-item|p1a: Rotom|Chesto Berry|[from] move: Trick\n|move|p2a: Malamar|Rest|p2a: Malamar\n|-status|p2a: Malamar|slp|[from] move: Rest\n|-heal|p2a: Malamar|100/100 slp|[silent]\n|\n|upkeep\n|turn|24\n|inactive|Time left: 300 sec this turn | 300 sec total\n|\n|t:|1783562325\n|switch|p2a: Kilowattrel|Kilowattrel, L83, M|100/100\n|move|p1a: Rotom|Volt Switch|p2a: Kilowattrel\n|-immune|p2a: Kilowattrel|[from] ability: Volt Absorb\n|\n|upkeep\n|turn|25\n|inactive|Time left: 300 sec this turn | 300 sec total\n|\n|t:|1783562326\n|switch|p1a: Ditto|Ditto, L87|225/225\n|-transform|p1a: Ditto|p2a: Kilowattrel|[from] ability: Imposter\n|move|p2a: Kilowattrel|Hurricane|p1a: Ditto\n|-resisted|p1a: Ditto\n|-damage|p1a: Ditto|144/225\n|-start|p1a: Ditto|confusion\n|\n|upkeep\n|turn|26\n|inactive|Time left: 300 sec this turn | 300 sec total\n|\n|t:|1783562327\n|-activate|p1a: Ditto|confusion\n|move|p1a: Ditto|Roost|p1a: Ditto\n|-heal|p1a: Ditto|225/225\n|-singleturn|p1a: Ditto|move: Roost\n|move|p2a: Kilowattrel|Hurricane|p1a: Ditto\n|-resisted|p1a: Ditto\n|-damage|p1a: Ditto|147/225\n|\n|upkeep\n|turn|27\n|inactive|Time left: 300 sec this turn | 300 sec total\n|\n|t:|1783562328\n|-activate|p1a: Ditto|confusion\n|move|p1a: Ditto|Roost|p1a: Ditto\n|-heal|p1a: Ditto|225/225\n|-singleturn|p1a: Ditto|move: Roost\n|move|p2a: Kilowattrel|Hurricane|p1a: Ditto|[miss]\n|-miss|p2a: Kilowattrel|p1a: Ditto\n|\n|upkeep\n|turn|28\n|inactive|Time left: 300 sec this turn | 300 sec total\n|\n|t:|1783562329\n|-activate|p1a: Ditto|confusion\n|move|p1a: Ditto|Roost||[still]\n|-fail|p1a: Ditto|heal\n|move|p2a: Kilowattrel|Hurricane|p1a: Ditto|[miss]\n|-miss|p2a: Kilowattrel|p1a: Ditto\n|\n|upkeep\n|turn|29\n|inactive|Time left: 300 sec this turn | 300 sec total\n|\n|t:|1783562330\n|-activate|p1a: Ditto|confusion\n|move|p1a: Ditto|Roost||[still]\n|-fail|p1a: Ditto|heal\n|move|p2a: Kilowattrel|Hurricane|p1a: Ditto|[miss]\n|-miss|p2a: Kilowattrel|p1a: Ditto\n|\n|upkeep\n|turn|30\n|inactive|Time left: 300 sec this turn | 300 sec total\n|\n|t:|1783562331\n|-end|p1a: Ditto|confusion\n|move|p1a: Ditto|Roost||[still]\n|-fail|p1a: Ditto|heal\n|move|p2a: Kilowattrel|Hurricane|p1a: Ditto\n|-resisted|p1a: Ditto\n|-damage|p1a: Ditto|144/225\n|\n|upkeep\n|turn|31\n|inactive|Time left: 300 sec this turn | 300 sec total\n|\n|t:|1783562332\n|-activate|p1a: Ditto|move: Struggle\n|move|p1a: Ditto|Struggle|p2a: Kilowattrel\n|-damage|p2a: Kilowattrel|85/100\n|-damage|p1a: Ditto|88/225|[from] recoil\n|move|p2a: Kilowattrel|Hurricane|p1a: Ditto\n|-resisted|p1a: Ditto\n|-damage|p1a: Ditto|1/225\n|\n|upkeep\n|turn|32\n|inactive|Time left: 300 sec this turn | 300 sec total\n|\n|t:|1783562333\n|-activate|p1a: Ditto|move: Struggle\n|move|p1a: Ditto|Struggle|p2a: Kilowattrel\n|-damage|p2a: Kilowattrel|69/100\n|-damage|p1a: Ditto|0 fnt|[from] recoil\n|faint|p1a: Ditto\n|move|p2a: Kilowattrel|Hurricane|p1: Ditto|[notarget]\n|-fail|p2a: Kilowattrel\n|\n|upkeep\n|inactive|Time left: 300 sec this turn | 300 sec total | 5 sec grace\n|\n|t:|1783562334\n|switch|p1a: Rotom|Rotom-Mow, L87|156/229\n|turn|33\n|inactive|Time left: 300 sec this turn | 300 sec total\n|\n|t:|1783562335\n|move|p2a: Kilowattrel|Hurricane|p1a: Rotom\n|-damage|p1a: Rotom|54/229\n|move|p1a: Rotom|Thunderbolt|p2a: Kilowattrel\n|-heal|p2a: Kilowattrel|94/100|[from] ability: Volt Absorb|[of] p1a: Rotom\n|\n|upkeep\n|turn|34\n|inactive|Time left: 300 sec this turn | 300 sec total\n|\n|t:|1783562335\n|move|p2a: Kilowattrel|U-turn|p1a: Rotom\n|-supereffective|p1a: Rotom\n|-damage|p1a: Rotom|0 fnt\n|faint|p1a: Rotom\n|\n|win|p0y19282c80", "uploadtime": 1783562335, "views": 0, "rating": 0, "private": 0, "password": null, "_winner": "p0y19282c80", "_our_name": "p0x192839d9"}