{"id": "battle-gen9randombattle-1303", "formatid": "gen9randombattle", "format": "[Gen 9] Random Battle", "players": ["p0x1303a43f", "p0y1303d25f"], "log": "|init|battle\n|title|p0x1303a43f vs. p0y1303d25f\n|j|\u2606p0x1303a43f\n|j|\u2606p0y1303d25f\n|t:|1783555131\n|gametype|singles\n|player|p1|p0x1303a43f|170|\n|player|p2|p0y1303d25f|169|\n|gen|9\n|tier|[Gen 9] Random Battle\n|rule|Species Clause: Limit one of each Pok\u00e9mon\n|rule|HP Percentage Mod: HP is shown in percentages\n|rule|Sleep Clause Mod: Limit one foe put to sleep\n|rule|Illusion Level Mod: Illusion disguises the Pok\u00e9mon's true level\n|\n|t:|1783555131\n|teamsize|p1|6\n|teamsize|p2|6\n|start\n|switch|p1a: Raging Bolt|Raging Bolt, L78|323/323\n|switch|p2a: Copperajah|Copperajah, L86, F|100/100\n|turn|1\n|inactive|Battle timer is ON: inactive players will automatically lose when time's up. (requested by p0x1303a43f)\n|inactive|p0y1303d25f also wants the timer to be on.\n|\n|t:|1783555133\n|move|p1a: Raging Bolt|Calm Mind|p1a: Raging Bolt\n|-boost|p1a: Raging Bolt|spa|1\n|-boost|p1a: Raging Bolt|spd|1\n|move|p2a: Copperajah|Play Rough|p1a: Raging Bolt\n|-supereffective|p1a: Raging Bolt\n|-damage|p1a: Raging Bolt|21/323\n|\n|-heal|p1a: Raging Bolt|41/323|[from] item: Leftovers\n|upkeep\n|turn|2\n|inactive|Time left: 300 sec this turn | 300 sec total\n|\n|t:|1783555134\n|move|p1a: Raging Bolt|Thunderbolt|p2a: Copperajah\n|-damage|p2a: Copperajah|50/100\n|move|p2a: Copperajah|Earthquake|p1a: Raging Bolt\n|-supereffective|p1a: Raging Bolt\n|-damage|p1a: Raging Bolt|0 fnt\n|faint|p1a: Raging Bolt\n|-end|p1a: Raging Bolt|Protosynthesis|[silent]\n|-damage|p2a: Copperajah|40/100|[from] item: Life Orb\n|\n|upkeep\n|inactive|Time left: 300 sec this turn | 300 sec total | 5 sec grace\n|\n|t:|1783555135\n|switch|p1a: Calyrex|Calyrex-Shadow, L64|235/235\n|-ability|p1a: Calyrex|As One\n|-ability|p1a: Calyrex|Unnerve\n|turn|3\n|inactive|Time left: 300 sec this turn | 300 sec total\n|\n|t:|1783555137\n|switch|p2a: Slaking|Slaking, L84, F|100/100\n|move|p1a: Calyrex|Astral Barrage|p2a: Slaking\n|-immune|p2a: Slaking\n|\n|upkeep\n|turn|4\n|inactive|Time left: 300 sec this turn | 300 sec total\n|\n|t:|1783555138\n|move|p2a: Slaking|Knock Off|p1a: Calyrex\n|-supereffective|p1a: Calyrex\n|-damage|p1a: Calyrex|0 fnt\n|-enditem|p1a: Calyrex|Life Orb|[from] move: Knock Off|[of] p2a: Slaking\n|faint|p1a: Calyrex\n|\n|upkeep\n|inactive|Time left: 300 sec this turn | 300 sec total | 5 sec grace\n|\n|t:|1783555139\n|switch|p1a: Zangoose|Zangoose, L85, F|263/263\n|turn|5\n|inactive|Time left: 300 sec this turn | 300 sec total\n|\n|t:|1783555140\n|switch|p2a: Tauros|Tauros-Paldea-Blaze, L81, M|100/100\n|move|p1a: Zangoose|Swords Dance|p1a: Zangoose\n|-boost|p1a: Zangoose|atk|2\n|\n|-status|p1a: Zangoose|tox|[from] item: Toxic Orb\n|upkeep\n|turn|6\n|inactive|Time left: 300 sec this turn | 300 sec total\n|\n|t:|1783555141\n|switch|p1a: Clodsire|Clodsire, L81, M|343/343\n|move|p2a: Tauros|Close Combat|p1a: Clodsire\n|-resisted|p1a: Clodsire\n|-crit|p1a: Clodsire\n|-damage|p1a: Clodsire|217/343\n|-unboost|p2a: Tauros|def|1\n|-unboost|p2a: Tauros|spd|1\n|\n|-heal|p1a: Clodsire|238/343|[from] item: Leftovers\n|upkeep\n|turn|7\n|inactive|Time left: 300 sec this turn | 300 sec total\n|\n|t:|1783555142\n|switch|p2a: Slaking|Slaking, L84, F|100/100\n|move|p1a: Clodsire|Spikes|p2a: Slaking\n|-sidestart|p2: p0y1303d25f|Spikes\n|\n|-heal|p1a: Clodsire|259/343|[from] item: Leftovers\n|upkeep\n|turn|8\n|inactive|Time left: 300 sec this turn | 300 sec total\n|\n|t:|1783555143\n|switch|p1a: Snorlax|Snorlax, L82, F|397/397\n|move|p2a: Slaking|Giga Impact|p1a: Snorlax\n|-damage|p1a: Snorlax|114/397\n|-mustrecharge|p2a: Slaking\n|\n|-heal|p1a: Snorlax|138/397|[from] item: Leftovers\n|upkeep\n|turn|9\n|inactive|Time left: 300 sec this turn | 300 sec total\n|\n|t:|1783555145\n|cant|p2a: Slaking|recharge\n|move|p1a: Snorlax|Body Slam|p2a: Slaking\n|-damage|p2a: Slaking|78/100\n|-status|p2a: Slaking|par\n|\n|-heal|p1a: Snorlax|162/397|[from] item: Leftovers\n|upkeep\n|turn|10\n|inactive|Time left: 300 sec this turn | 300 sec total\n|\n|t:|1783555146\n|move|p2a: Slaking|Giga Impact|p1a: Snorlax\n|-damage|p1a: Snorlax|0 fnt\n|-mustrecharge|p2a: Slaking\n|faint|p1a: Snorlax\n|\n|upkeep\n|inactive|Time left: 300 sec this turn | 300 sec total | 5 sec grace\n|\n|t:|1783555147\n|switch|p1a: Zangoose|Zangoose, L85, F|263/263 tox\n|turn|11\n|inactive|Time left: 300 sec this turn | 300 sec total\n|\n|t:|1783555147\n|move|p1a: Zangoose|Swords Dance|p1a: Zangoose\n|-boost|p1a: Zangoose|atk|2\n|cant|p2a: Slaking|recharge\n|\n|-damage|p1a: Zangoose|247/263 tox|[from] psn\n|upkeep\n|turn|12\n|inactive|Time left: 300 sec this turn | 300 sec total\n|\n|t:|1783555148\n|move|p1a: Zangoose|Facade|p2a: Slaking\n|-damage|p2a: Slaking|0 fnt\n|faint|p2a: Slaking\n|\n|-damage|p1a: Zangoose|215/263 tox|[from] psn\n|upkeep\n|\n|t:|1783555149\n|switch|p2a: Tauros|Tauros-Paldea-Blaze, L81, M|100/100\n|-damage|p2a: Tauros|88/100|[from] Spikes\n|turn|13\n|inactive|Time left: 300 sec this turn | 300 sec total\n|\n|t:|1783555150\n|switch|p1a: Clodsire|Clodsire, L81, M|259/343\n|move|p2a: Tauros|Close Combat|p1a: Clodsire\n|-resisted|p1a: Clodsire\n|-damage|p1a: Clodsire|169/343\n|-unboost|p2a: Tauros|def|1\n|-unboost|p2a: Tauros|spd|1\n|\n|-heal|p1a: Clodsire|190/343|[from] item: Leftovers\n|upkeep\n|turn|14\n|inactive|Time left: 300 sec this turn | 300 sec total\n|\n|t:|1783555151\n|switch|p2a: Sandaconda|Sandaconda, L84, F|100/100\n|-damage|p2a: Sandaconda|88/100|[from] Spikes\n|move|p1a: Clodsire|Earthquake|p2a: Sandaconda\n|-damage|p2a: Sandaconda|64/100\n|\n|-heal|p1a: Clodsire|211/343|[from] item: Leftovers\n|upkeep\n|turn|15\n|inactive|Time left: 300 sec this turn | 300 sec total\n|\n|t:|1783555152\n|move|p2a: Sandaconda|Coil|p2a: Sandaconda\n|-boost|p2a: Sandaconda|atk|1\n|-boost|p2a: Sandaconda|def|1\n|-boost|p2a: Sandaconda|accuracy|1\n|move|p1a: Clodsire|Earthquake|p2a: Sandaconda\n|-damage|p2a: Sandaconda|48/100\n|\n|-heal|p1a: Clodsire|232/343|[from] item: Leftovers\n|upkeep\n|turn|16\n|inactive|Time left: 300 sec this turn | 300 sec total\n|\n|t:|1783555154\n|move|p2a: Sandaconda|Earthquake|p1a: Clodsire\n|-supereffective|p1a: Clodsire\n|-damage|p1a: Clodsire|0 fnt\n|faint|p1a: Clodsire\n|\n|upkeep\n|inactive|Time left: 300 sec this turn | 300 sec total | 5 sec grace\n|\n|t:|1783555155\n|switch|p1a: Zangoose|Zangoose, L85, F|215/263 tox\n|turn|17\n|inactive|Time left: 300 sec this turn | 300 sec total\n|\n|t:|1783555156\n|move|p1a: Zangoose|Facade|p2a: Sandaconda\n|-damage|p2a: Sandaconda|0 fnt\n|faint|p2a: Sandaconda\n|\n|-damage|p1a: Zangoose|199/263 tox|[from] psn\n|upkeep\n|\n|t:|1783555157\n|switch|p2a: Tauros|Tauros-Paldea-Blaze, L81, M|88/100\n|-damage|p2a: Tauros|76/100|[from] Spikes\n|turn|18\n|inactive|Time left: 300 sec this turn | 300 sec total\n|\n|t:|1783555158\n|switch|p1a: Regice|Regice, L88|284/284\n|move|p2a: Tauros|Close Combat|p1a: Regice\n|-supereffective|p1a: Regice\n|-damage|p1a: Regice|56/284\n|-unboost|p2a: Tauros|def|1\n|-unboost|p2a: Tauros|spd|1\n|\n|upkeep\n|turn|19\n|inactive|Time left: 300 sec this turn | 300 sec total\n|\n|t:|1783555159\n|move|p2a: Tauros|Close Combat|p1a: Regice\n|-supereffective|p1a: Regice\n|-damage|p1a: Regice|0 fnt\n|-unboost|p2a: Tauros|def|1\n|-unboost|p2a: Tauros|spd|1\n|faint|p1a: Regice\n|\n|upkeep\n|inactive|Time left: 300 sec this turn | 300 sec total | 5 sec grace\n|\n|t:|1783555160\n|switch|p1a: Zangoose|Zangoose, L85, F|199/263 tox\n|turn|20\n|inactive|Time left: 300 sec this turn | 300 sec total\n|\n|t:|1783555161\n|-terastallize|p2a: Tauros|Water\n|-terastallize|p1a: Zangoose|Normal\n|move|p2a: Tauros|Close Combat|p1a: Zangoose\n|-supereffective|p1a: Zangoose\n|-damage|p1a: Zangoose|0 fnt\n|-unboost|p2a: Tauros|def|1\n|-unboost|p2a: Tauros|spd|1\n|faint|p1a: Zangoose\n|\n|win|p0y1303d25f", "uploadtime": 1783555161, "views": 0, "rating": 0, "private": 0, "password": null, "_winner": "p0y1303d25f", "_our_name": "p0x1303a43f"}