{"id": "battle-gen9randombattle-1614", "formatid": "gen9randombattle", "format": "[Gen 9] Random Battle", "players": ["p0x16149e32", "p0y1614b801"], "log": "|init|battle\n|title|p0x16149e32 vs. p0y1614b801\n|j|\u2606p0x16149e32\n|j|\u2606p0y1614b801\n|t:|1783557902\n|gametype|singles\n|player|p1|p0x16149e32|2|\n|player|p2|p0y1614b801|266|\n|gen|9\n|tier|[Gen 9] Random Battle\n|rule|Species Clause: Limit one of each Pok\u00e9mon\n|rule|HP Percentage Mod: HP is shown in percentages\n|rule|Sleep Clause Mod: Limit one foe put to sleep\n|rule|Illusion Level Mod: Illusion disguises the Pok\u00e9mon's true level\n|\n|t:|1783557902\n|teamsize|p1|6\n|teamsize|p2|6\n|start\n|switch|p1a: Sceptile|Sceptile, L87, F|100/100\n|switch|p2a: Mudsdale|Mudsdale, L83, M|302/302\n|turn|1\n|inactive|Battle timer is ON: inactive players will automatically lose when time's up. (requested by p0x16149e32)\n|inactive|Time left: 300 sec this turn | 300 sec total | 60 sec grace\n|inactive|p0y1614b801 also wants the timer to be on.\n|\n|t:|1783557904\n|move|p1a: Sceptile|Leech Seed|p2a: Mudsdale\n|-start|p2a: Mudsdale|move: Leech Seed\n|move|p2a: Mudsdale|Heavy Slam|p1a: Sceptile\n|-damage|p1a: Sceptile|58/100\n|\n|-heal|p1a: Sceptile|64/100|[from] item: Leftovers\n|-damage|p2a: Mudsdale|265/302|[from] Leech Seed|[of] p1a: Sceptile\n|-heal|p1a: Sceptile|78/100|[silent]\n|upkeep\n|turn|2\n|inactive|Time left: 300 sec this turn | 300 sec total\n|\n|t:|1783557905\n|switch|p2a: Oricorio|Oricorio-Sensu, L85, F|266/266\n|move|p1a: Sceptile|Giga Drain|p2a: Oricorio\n|-resisted|p2a: Oricorio\n|-damage|p2a: Oricorio|212/266\n|-heal|p1a: Sceptile|88/100|[from] drain|[of] p2a: Oricorio\n|\n|-heal|p1a: Sceptile|94/100|[from] item: Leftovers\n|upkeep\n|turn|3\n|inactive|Time left: 300 sec this turn | 300 sec total\n|\n|t:|1783557906\n|switch|p1a: Drednaw|Drednaw, L81, F|100/100\n|move|p2a: Oricorio|Quiver Dance|p2a: Oricorio\n|-boost|p2a: Oricorio|spa|1\n|-boost|p2a: Oricorio|spd|1\n|-boost|p2a: Oricorio|spe|1\n|\n|upkeep\n|turn|4\n|inactive|Time left: 300 sec this turn | 300 sec total\n|\n|t:|1783557907\n|-terastallize|p2a: Oricorio|Fighting\n|move|p2a: Oricorio|Revelation Dance|p1a: Drednaw\n|-supereffective|p1a: Drednaw\n|-damage|p1a: Drednaw|0 fnt\n|faint|p1a: Drednaw\n|\n|upkeep\n|\n|t:|1783557908\n|switch|p1a: Golurk|Golurk, L87|100/100\n|turn|5\n|inactive|Time left: 300 sec this turn | 300 sec total\n|\n|t:|1783557909\n|move|p2a: Oricorio|Hurricane|p1a: Golurk\n|-damage|p1a: Golurk|41/100\n|move|p1a: Golurk|Poltergeist|p2a: Oricorio\n|-activate|p2a: Oricorio|move: Poltergeist|Heavy-Duty Boots\n|-damage|p2a: Oricorio|0 fnt\n|faint|p2a: Oricorio\n|-damage|p1a: Golurk|31/100|[from] item: Life Orb\n|\n|upkeep\n|inactive|Time left: 300 sec this turn | 300 sec total | 5 sec grace\n|\n|t:|1783557910\n|switch|p2a: Chandelure|Chandelure, L83, M|235/235\n|turn|6\n|inactive|Time left: 300 sec this turn | 300 sec total\n|\n|t:|1783557912\n|switch|p1a: Alcremie|Alcremie-Caramel-Swirl, L90, F|100/100\n|move|p2a: Chandelure|Fire Blast|p1a: Alcremie\n|-damage|p1a: Alcremie|58/100\n|\n|-heal|p1a: Alcremie|64/100|[from] item: Leftovers\n|upkeep\n|turn|7\n|inactive|Time left: 300 sec this turn | 300 sec total\n|\n|t:|1783557913\n|move|p2a: Chandelure|Fire Blast|p1a: Alcremie\n|-damage|p1a: Alcremie|17/100\n|move|p1a: Alcremie|Recover|p1a: Alcremie\n|-heal|p1a: Alcremie|67/100\n|\n|-heal|p1a: Alcremie|73/100|[from] item: Leftovers\n|upkeep\n|turn|8\n|inactive|Time left: 300 sec this turn | 300 sec total\n|\n|t:|1783557914\n|move|p2a: Chandelure|Fire Blast|p1a: Alcremie|[miss]\n|-miss|p2a: Chandelure|p1a: Alcremie\n|move|p1a: Alcremie|Calm Mind|p1a: Alcremie\n|-boost|p1a: Alcremie|spa|1\n|-boost|p1a: Alcremie|spd|1\n|\n|-heal|p1a: Alcremie|79/100|[from] item: Leftovers\n|upkeep\n|turn|9\n|inactive|Time left: 300 sec this turn | 300 sec total\n|\n|t:|1783557915\n|-terastallize|p1a: Alcremie|Ground\n|move|p2a: Chandelure|Calm Mind|p2a: Chandelure\n|-boost|p2a: Chandelure|spa|1\n|-boost|p2a: Chandelure|spd|1\n|move|p1a: Alcremie|Tera Blast|p2a: Chandelure|[anim] Tera Blast Ground\n|-supereffective|p2a: Chandelure\n|-damage|p2a: Chandelure|29/235\n|\n|-heal|p1a: Alcremie|85/100|[from] item: Leftovers\n|upkeep\n|turn|10\n|inactive|Time left: 300 sec this turn | 300 sec total\n|\n|t:|1783557916\n|move|p2a: Chandelure|Fire Blast|p1a: Alcremie\n|-damage|p1a: Alcremie|44/100\n|move|p1a: Alcremie|Tera Blast|p2a: Chandelure|[anim] Tera Blast Ground\n|-supereffective|p2a: Chandelure\n|-damage|p2a: Chandelure|0 fnt\n|faint|p2a: Chandelure\n|\n|-heal|p1a: Alcremie|50/100|[from] item: Leftovers\n|upkeep\n|inactive|Time left: 300 sec this turn | 300 sec total | 5 sec grace\n|\n|t:|1783557917\n|switch|p2a: Kommo-o|Kommo-o, L77, M|242/242\n|turn|11\n|inactive|Time left: 300 sec this turn | 300 sec total\n|\n|t:|1783557918\n|move|p2a: Kommo-o|Swords Dance|p2a: Kommo-o\n|-boost|p2a: Kommo-o|atk|2\n|move|p1a: Alcremie|Tera Blast|p2a: Kommo-o|[anim] Tera Blast Ground\n|-crit|p2a: Kommo-o\n|-damage|p2a: Kommo-o|22/242\n|\n|-heal|p1a: Alcremie|56/100|[from] item: Leftovers\n|upkeep\n|turn|12\n|inactive|Time left: 300 sec this turn | 300 sec total\n|\n|t:|1783557919\n|switch|p1a: Chimecho|Chimecho, L93, M|100/100\n|move|p2a: Kommo-o|Scale Shot|p1a: Chimecho\n|-damage|p1a: Chimecho|83/100\n|-damage|p1a: Chimecho|66/100\n|-damage|p1a: Chimecho|49/100\n|-damage|p1a: Chimecho|34/100\n|-damage|p1a: Chimecho|18/100\n|-hitcount|p1a: Chimecho|5\n|-unboost|p2a: Kommo-o|def|1\n|-boost|p2a: Kommo-o|spe|1\n|\n|-heal|p1a: Chimecho|24/100|[from] item: Leftovers\n|upkeep\n|turn|13\n|inactive|Time left: 300 sec this turn | 300 sec total\n|\n|t:|1783557920\n|move|p2a: Kommo-o|Iron Head|p1a: Chimecho\n|-damage|p1a: Chimecho|0 fnt\n|faint|p1a: Chimecho\n|\n|upkeep\n|\n|t:|1783557921\n|switch|p1a: Tsareena|Tsareena, L87, F|100/100\n|turn|14\n|inactive|Time left: 300 sec this turn | 300 sec total\n|\n|t:|1783557921\n|move|p2a: Kommo-o|Close Combat|p1a: Tsareena\n|-damage|p1a: Tsareena|18/100\n|-unboost|p2a: Kommo-o|def|1\n|-unboost|p2a: Kommo-o|spd|1\n|move|p1a: Tsareena|Triple Axel|p2a: Kommo-o\n|-supereffective|p2a: Kommo-o\n|-damage|p2a: Kommo-o|0 fnt\n|faint|p2a: Kommo-o\n|-hitcount|p2: Kommo-o|1\n|-damage|p1a: Tsareena|8/100|[from] item: Life Orb\n|\n|upkeep\n|inactive|Time left: 300 sec this turn | 300 sec total | 5 sec grace\n|\n|t:|1783557922\n|switch|p2a: Florges|Florges-Blue, L85, F|271/271\n|turn|15\n|inactive|Time left: 300 sec this turn | 300 sec total\n|\n|t:|1783557923\n|move|p2a: Florges|Moonblast|p1a: Tsareena\n|-damage|p1a: Tsareena|0 fnt\n|faint|p1a: Tsareena\n|\n|upkeep\n|\n|t:|1783557924\n|switch|p1a: Alcremie|Alcremie-Caramel-Swirl, L90, F, tera:Ground|56/100\n|turn|16\n|inactive|Time left: 300 sec this turn | 300 sec total\n|\n|t:|1783557925\n|move|p2a: Florges|Calm Mind|p2a: Florges\n|-boost|p2a: Florges|spa|1\n|-boost|p2a: Florges|spd|1\n|move|p1a: Alcremie|Calm Mind|p1a: Alcremie\n|-boost|p1a: Alcremie|spa|1\n|-boost|p1a: Alcremie|spd|1\n|\n|-heal|p1a: Alcremie|62/100|[from] item: Leftovers\n|upkeep\n|turn|17\n|inactive|Time left: 300 sec this turn | 300 sec total\n|\n|t:|1783557926\n|move|p2a: Florges|Calm Mind|p2a: Florges\n|-boost|p2a: Florges|spa|1\n|-boost|p2a: Florges|spd|1\n|move|p1a: Alcremie|Calm Mind|p1a: Alcremie\n|-boost|p1a: Alcremie|spa|1\n|-boost|p1a: Alcremie|spd|1\n|\n|-heal|p1a: Alcremie|68/100|[from] item: Leftovers\n|upkeep\n|turn|18\n|inactive|Time left: 300 sec this turn | 300 sec total\n|\n|t:|1783557926\n|move|p2a: Florges|Moonblast|p1a: Alcremie\n|-damage|p1a: Alcremie|38/100\n|-unboost|p1a: Alcremie|spa|1\n|move|p1a: Alcremie|Calm Mind|p1a: Alcremie\n|-boost|p1a: Alcremie|spa|1\n|-boost|p1a: Alcremie|spd|1\n|\n|-heal|p1a: Alcremie|44/100|[from] item: Leftovers\n|upkeep\n|turn|19\n|inactive|Time left: 300 sec this turn | 300 sec total\n|\n|t:|1783557927\n|move|p2a: Florges|Calm Mind|p2a: Florges\n|-boost|p2a: Florges|spa|1\n|-boost|p2a: Florges|spd|1\n|move|p1a: Alcremie|Recover|p1a: Alcremie\n|-heal|p1a: Alcremie|94/100\n|\n|-heal|p1a: Alcremie|100/100|[from] item: Leftovers\n|upkeep\n|turn|20\n|inactive|Time left: 300 sec this turn | 300 sec total\n|\n|t:|1783557928\n|move|p2a: Florges|Calm Mind|p2a: Florges\n|-boost|p2a: Florges|spa|1\n|-boost|p2a: Florges|spd|1\n|move|p1a: Alcremie|Calm Mind|p1a: Alcremie\n|-boost|p1a: Alcremie|spa|1\n|-boost|p1a: Alcremie|spd|1\n|\n|upkeep\n|turn|21\n|inactive|Time left: 300 sec this turn | 300 sec total\n|\n|t:|1783557929\n|move|p2a: Florges|Moonblast|p1a: Alcremie\n|-damage|p1a: Alcremie|68/100\n|move|p1a: Alcremie|Calm Mind|p1a: Alcremie\n|-boost|p1a: Alcremie|spa|1\n|-boost|p1a: Alcremie|spd|1\n|\n|-heal|p1a: Alcremie|74/100|[from] item: Leftovers\n|upkeep\n|turn|22\n|inactive|Time left: 300 sec this turn | 300 sec total\n|\n|t:|1783557930\n|move|p2a: Florges|Moonblast|p1a: Alcremie\n|-damage|p1a: Alcremie|45/100\n|move|p1a: Alcremie|Calm Mind|p1a: Alcremie\n|-boost|p1a: Alcremie|spa|1\n|-boost|p1a: Alcremie|spd|1\n|\n|-heal|p1a: Alcremie|51/100|[from] item: Leftovers\n|upkeep\n|turn|23\n|inactive|Time left: 300 sec this turn | 300 sec total\n|\n|t:|1783557931\n|move|p2a: Florges|Moonblast|p1a: Alcremie\n|-damage|p1a: Alcremie|25/100\n|-unboost|p1a: Alcremie|spa|1\n|move|p1a: Alcremie|Recover|p1a: Alcremie\n|-heal|p1a: Alcremie|75/100\n|\n|-heal|p1a: Alcremie|81/100|[from] item: Leftovers\n|upkeep\n|turn|24\n|inactive|Time left: 300 sec this turn | 300 sec total\n|\n|t:|1783557933\n|move|p2a: Florges|Calm Mind|p2a: Florges\n|-boost|p2a: Florges|spa|1\n|-boost|p2a: Florges|spd|1\n|move|p1a: Alcremie|Recover|p1a: Alcremie\n|-heal|p1a: Alcremie|100/100\n|\n|upkeep\n|turn|25\n|inactive|Time left: 300 sec this turn | 300 sec total\n|\n|t:|1783557933\n|move|p2a: Florges|Moonblast|p1a: Alcremie\n|-damage|p1a: Alcremie|74/100\n|-unboost|p1a: Alcremie|spa|1\n|move|p1a: Alcremie|Tera Blast|p2a: Florges|[anim] Tera Blast Ground\n|-crit|p2a: Florges\n|-damage|p2a: Florges|21/271\n|\n|-heal|p2a: Florges|37/271|[from] item: Leftovers\n|-heal|p1a: Alcremie|80/100|[from] item: Leftovers\n|upkeep\n|turn|26\n|inactive|Time left: 300 sec this turn | 300 sec total\n|\n|t:|1783557935\n|move|p2a: Florges|Protect|p2a: Florges\n|-singleturn|p2a: Florges|Protect\n|move|p1a: Alcremie|Calm Mind|p1a: Alcremie\n|-boost|p1a: Alcremie|spa|1\n|-boost|p1a: Alcremie|spd|0\n|\n|-heal|p2a: Florges|53/271|[from] item: Leftovers\n|-heal|p1a: Alcremie|86/100|[from] item: Leftovers\n|upkeep\n|turn|27\n|inactive|Time left: 300 sec this turn | 300 sec total\n|\n|t:|1783557936\n|move|p2a: Florges|Protect||[still]\n|-fail|p2a: Florges\n|move|p1a: Alcremie|Tera Blast|p2a: Florges|[anim] Tera Blast Ground\n|-damage|p2a: Florges|0 fnt\n|faint|p2a: Florges\n|\n|-heal|p1a: Alcremie|92/100|[from] item: Leftovers\n|upkeep\n|inactive|Time left: 300 sec this turn | 300 sec total | 5 sec grace\n|\n|t:|1783557936\n|switch|p2a: Avalugg|Avalugg-Hisui, L90, F|317/317\n|turn|28\n|inactive|Time left: 300 sec this turn | 300 sec total\n|\n|t:|1783557937\n|move|p1a: Alcremie|Tera Blast|p2a: Avalugg|[anim] Tera Blast Ground\n|-supereffective|p2a: Avalugg\n|-ability|p2a: Avalugg|Sturdy\n|-damage|p2a: Avalugg|1/317\n|move|p2a: Avalugg|Avalanche|p1a: Alcremie\n|-supereffective|p1a: Alcremie\n|-damage|p1a: Alcremie|0 fnt\n|faint|p1a: Alcremie\n|\n|upkeep\n|\n|t:|1783557938\n|switch|p1a: Sceptile|Sceptile, L87, F|94/100\n|turn|29\n|inactive|Time left: 300 sec this turn | 300 sec total\n|\n|t:|1783557939\n|move|p1a: Sceptile|Giga Drain|p2a: Avalugg\n|-supereffective|p2a: Avalugg\n|-damage|p2a: Avalugg|0 fnt\n|-heal|p1a: Sceptile|94/100|[from] drain|[of] p2a: Avalugg\n|faint|p2a: Avalugg\n|\n|-heal|p1a: Sceptile|100/100|[from] item: Leftovers\n|upkeep\n|inactive|Time left: 300 sec this turn | 300 sec total | 5 sec grace\n|\n|t:|1783557941\n|switch|p2a: Mudsdale|Mudsdale, L83, M|265/302\n|turn|30\n|inactive|Time left: 300 sec this turn | 300 sec total\n|\n|t:|1783557942\n|move|p1a: Sceptile|Giga Drain|p2a: Mudsdale\n|-supereffective|p2a: Mudsdale\n|-crit|p2a: Mudsdale\n|-damage|p2a: Mudsdale|1/302\n|-ability|p2a: Mudsdale|Stamina|boost\n|-boost|p2a: Mudsdale|def|1\n|move|p2a: Mudsdale|Earthquake|p1a: Sceptile\n|-resisted|p1a: Sceptile\n|-damage|p1a: Sceptile|70/100\n|\n|-heal|p1a: Sceptile|76/100|[from] item: Leftovers\n|-heal|p2a: Mudsdale|19/302|[from] item: Leftovers\n|upkeep\n|turn|31\n|inactive|Time left: 300 sec this turn | 300 sec total\n|\n|t:|1783557943\n|move|p1a: Sceptile|Giga Drain|p2a: Mudsdale\n|-supereffective|p2a: Mudsdale\n|-damage|p2a: Mudsdale|0 fnt\n|-heal|p1a: Sceptile|80/100|[from] drain|[of] p2a: Mudsdale\n|faint|p2a: Mudsdale\n|\n|win|p0x16149e32", "uploadtime": 1783557943, "views": 0, "rating": 0, "private": 0, "password": null, "_winner": "p0x16149e32", "_our_name": "p0y1614b801"}