{"id": "battle-gen9randombattle-1068", "formatid": "gen9randombattle", "format": "[Gen 9] Random Battle", "players": ["p0x1068add4", "p0y1068a65b"], "log": "|init|battle\n|title|p0x1068add4 vs. p0y1068a65b\n|j|\u2606p0x1068add4\n|j|\u2606p0y1068a65b\n|t:|1783551578\n|gametype|singles\n|player|p1|p0x1068add4|170|\n|player|p2|p0y1068a65b|170|\n|gen|9\n|tier|[Gen 9] Random Battle\n|rule|Species Clause: Limit one of each Pok\u00e9mon\n|rule|HP Percentage Mod: HP is shown in percentages\n|rule|Sleep Clause Mod: Limit one foe put to sleep\n|rule|Illusion Level Mod: Illusion disguises the Pok\u00e9mon's true level\n|\n|t:|1783551578\n|teamsize|p1|6\n|teamsize|p2|6\n|start\n|switch|p1a: Sandslash|Sandslash-Alola, L88, F|100/100\n|switch|p2a: Chansey|Chansey, L85, F|564/564\n|turn|1\n|inactive|Battle timer is ON: inactive players will automatically lose when time's up. (requested by p0y1068a65b)\n|inactive|p0x1068add4 also wants the timer to be on.\n|\n|t:|1783551579\n|move|p1a: Sandslash|Triple Axel|p2a: Chansey\n|-damage|p2a: Chansey|503/564\n|-damage|p2a: Chansey|400/564\n|-hitcount|p2a: Chansey|2\n|move|p2a: Chansey|Seismic Toss|p1a: Sandslash\n|-damage|p1a: Sandslash|70/100\n|\n|-heal|p1a: Sandslash|76/100|[from] item: Leftovers\n|upkeep\n|turn|2\n|inactive|Time left: 300 sec this turn | 300 sec total\n|\n|t:|1783551580\n|move|p1a: Sandslash|Triple Axel|p2a: Chansey\n|-damage|p2a: Chansey|343/564\n|-damage|p2a: Chansey|223/564\n|-damage|p2a: Chansey|48/564\n|-hitcount|p2a: Chansey|3\n|move|p2a: Chansey|Soft-Boiled|p2a: Chansey\n|-heal|p2a: Chansey|330/564\n|\n|-heal|p1a: Sandslash|82/100|[from] item: Leftovers\n|upkeep\n|turn|3\n|inactive|Time left: 300 sec this turn | 300 sec total\n|\n|t:|1783551581\n|switch|p2a: Empoleon|Empoleon, L84, M|278/278\n|move|p1a: Sandslash|Triple Axel|p2a: Empoleon\n|-resisted|p2a: Empoleon\n|-damage|p2a: Empoleon|272/278\n|-resisted|p2a: Empoleon\n|-damage|p2a: Empoleon|261/278\n|-resisted|p2a: Empoleon\n|-damage|p2a: Empoleon|242/278\n|-hitcount|p2a: Empoleon|3\n|\n|-heal|p1a: Sandslash|88/100|[from] item: Leftovers\n|-heal|p2a: Empoleon|259/278|[from] item: Leftovers\n|upkeep\n|turn|4\n|inactive|Time left: 300 sec this turn | 300 sec total\n|\n|t:|1783551582\n|move|p1a: Sandslash|Spikes|p2a: Empoleon\n|-sidestart|p2: p0y1068a65b|Spikes\n|move|p2a: Empoleon|Surf|p1a: Sandslash\n|-damage|p1a: Sandslash|46/100\n|\n|-heal|p1a: Sandslash|52/100|[from] item: Leftovers\n|-heal|p2a: Empoleon|276/278|[from] item: Leftovers\n|upkeep\n|turn|5\n|inactive|Time left: 300 sec this turn | 300 sec total\n|\n|t:|1783551583\n|move|p1a: Sandslash|Spikes|p2a: Empoleon\n|-sidestart|p2: p0y1068a65b|Spikes\n|move|p2a: Empoleon|Surf|p1a: Sandslash\n|-damage|p1a: Sandslash|4/100\n|\n|-heal|p1a: Sandslash|11/100|[from] item: Leftovers\n|-heal|p2a: Empoleon|278/278|[from] item: Leftovers\n|upkeep\n|turn|6\n|inactive|Time left: 300 sec this turn | 300 sec total\n|\n|t:|1783551585\n|move|p1a: Sandslash|Spikes|p2a: Empoleon\n|-sidestart|p2: p0y1068a65b|Spikes\n|move|p2a: Empoleon|Surf|p1a: Sandslash\n|-damage|p1a: Sandslash|0 fnt\n|faint|p1a: Sandslash\n|\n|upkeep\n|\n|t:|1783551585\n|switch|p1a: Serperior|Serperior, L79, F|100/100\n|turn|7\n|inactive|Time left: 300 sec this turn | 300 sec total\n|\n|t:|1783551587\n|move|p1a: Serperior|Leaf Storm|p2a: Empoleon\n|-damage|p2a: Empoleon|194/278\n|-boost|p1a: Serperior|spa|2\n|move|p2a: Empoleon|Stealth Rock|p1a: Serperior\n|-sidestart|p1: p0x1068add4|move: Stealth Rock\n|\n|-heal|p2a: Empoleon|211/278|[from] item: Leftovers\n|upkeep\n|turn|8\n|inactive|Time left: 300 sec this turn | 300 sec total\n|\n|t:|1783551588\n|move|p1a: Serperior|Leaf Storm|p2a: Empoleon\n|-damage|p2a: Empoleon|33/278\n|-boost|p1a: Serperior|spa|2\n|move|p2a: Empoleon|Roost|p2a: Empoleon\n|-heal|p2a: Empoleon|172/278\n|-singleturn|p2a: Empoleon|move: Roost\n|\n|-heal|p2a: Empoleon|189/278|[from] item: Leftovers\n|upkeep\n|turn|9\n|inactive|Time left: 300 sec this turn | 300 sec total\n|\n|t:|1783551589\n|switch|p2a: Ribombee|Ribombee, L83, M|235/235\n|move|p1a: Serperior|Leaf Storm|p2a: Ribombee\n|-resisted|p2a: Ribombee\n|-damage|p2a: Ribombee|67/235\n|-boost|p1a: Serperior|spa|2\n|\n|upkeep\n|turn|10\n|inactive|Time left: 300 sec this turn | 300 sec total\n|\n|t:|1783551591\n|move|p2a: Ribombee|Sticky Web|p1a: Serperior\n|-sidestart|p1: p0x1068add4|move: Sticky Web\n|move|p1a: Serperior|Leaf Storm|p2a: Ribombee\n|-resisted|p2a: Ribombee\n|-damage|p2a: Ribombee|0 fnt\n|faint|p2a: Ribombee\n|\n|upkeep\n|inactive|Time left: 300 sec this turn | 300 sec total | 5 sec grace\n|\n|t:|1783551592\n|switch|p2a: Hydreigon|Hydreigon, L79, F|275/275\n|turn|11\n|inactive|Time left: 300 sec this turn | 300 sec total\n|\n|t:|1783551593\n|-terastallize|p2a: Hydreigon|Fire\n|move|p1a: Serperior|Dragon Pulse|p2a: Hydreigon\n|-damage|p2a: Hydreigon|80/275\n|move|p2a: Hydreigon|Fire Blast|p1a: Serperior\n|-supereffective|p1a: Serperior\n|-damage|p1a: Serperior|0 fnt\n|faint|p1a: Serperior\n|\n|upkeep\n|\n|t:|1783551594\n|switch|p1a: Gyarados|Gyarados, L79, F|100/100\n|turn|12\n|inactive|Time left: 300 sec this turn | 300 sec total\n|\n|t:|1783551595\n|switch|p2a: Mesprit|Mesprit, L85|275/275\n|move|p1a: Gyarados|Dragon Dance|p1a: Gyarados\n|-boost|p1a: Gyarados|atk|1\n|-boost|p1a: Gyarados|spe|1\n|\n|upkeep\n|turn|13\n|inactive|Time left: 300 sec this turn | 300 sec total\n|\n|t:|1783551596\n|-terastallize|p1a: Gyarados|Flying\n|move|p1a: Gyarados|Tera Blast|p2a: Mesprit|[anim] Tera Blast Flying\n|-damage|p2a: Mesprit|117/275\n|move|p2a: Mesprit|Knock Off|p1a: Gyarados\n|-damage|p1a: Gyarados|70/100\n|-enditem|p1a: Gyarados|Heavy-Duty Boots|[from] move: Knock Off|[of] p2a: Mesprit\n|\n|-heal|p2a: Mesprit|134/275|[from] item: Leftovers\n|upkeep\n|turn|14\n|inactive|Time left: 300 sec this turn | 300 sec total\n|\n|t:|1783551598\n|switch|p2a: Chansey|Chansey, L85, F|330/564\n|-damage|p2a: Chansey|189/564|[from] Spikes\n|move|p1a: Gyarados|Tera Blast|p2a: Chansey|[anim] Tera Blast Flying\n|-damage|p2a: Chansey|0 fnt\n|faint|p2a: Chansey\n|-ability|p1a: Gyarados|Moxie|boost\n|-boost|p1a: Gyarados|atk|1\n|\n|upkeep\n|inactive|Time left: 300 sec this turn | 300 sec total | 5 sec grace\n|\n|t:|1783551598\n|switch|p2a: Mesprit|Mesprit, L85|134/275\n|turn|15\n|inactive|Time left: 300 sec this turn | 300 sec total\n|\n|t:|1783551599\n|switch|p2a: Noivern|Noivern, L82, M|274/274\n|move|p1a: Gyarados|Tera Blast|p2a: Noivern|[anim] Tera Blast Flying\n|-damage|p2a: Noivern|0 fnt\n|faint|p2a: Noivern\n|-ability|p1a: Gyarados|Moxie|boost\n|-boost|p1a: Gyarados|atk|1\n|\n|upkeep\n|inactive|Time left: 300 sec this turn | 300 sec total | 5 sec grace\n|\n|t:|1783551600\n|switch|p2a: Mesprit|Mesprit, L85|134/275\n|turn|16\n|inactive|Time left: 300 sec this turn | 300 sec total\n|\n|t:|1783551601\n|switch|p2a: Empoleon|Empoleon, L84, M|189/278\n|-damage|p2a: Empoleon|120/278|[from] Spikes\n|move|p1a: Gyarados|Waterfall|p2a: Empoleon\n|-resisted|p2a: Empoleon\n|-damage|p2a: Empoleon|8/278\n|\n|-heal|p2a: Empoleon|25/278|[from] item: Leftovers\n|upkeep\n|turn|17\n|inactive|Time left: 300 sec this turn | 300 sec total\n|\n|t:|1783551603\n|move|p1a: Gyarados|Waterfall|p2a: Empoleon\n|-resisted|p2a: Empoleon\n|-damage|p2a: Empoleon|0 fnt\n|faint|p2a: Empoleon\n|-ability|p1a: Gyarados|Moxie|boost\n|-boost|p1a: Gyarados|atk|1\n|\n|upkeep\n|inactive|Time left: 300 sec this turn | 300 sec total | 5 sec grace\n|\n|t:|1783551604\n|switch|p2a: Mesprit|Mesprit, L85|134/275\n|turn|18\n|inactive|Time left: 300 sec this turn | 300 sec total\n|\n|t:|1783551605\n|move|p1a: Gyarados|Tera Blast|p2a: Mesprit|[anim] Tera Blast Flying\n|-damage|p2a: Mesprit|0 fnt\n|faint|p2a: Mesprit\n|-ability|p1a: Gyarados|Moxie|boost\n|-boost|p1a: Gyarados|atk|1\n|\n|upkeep\n|inactive|Time left: 300 sec this turn | 300 sec total | 5 sec grace\n|\n|t:|1783551605\n|switch|p2a: Hydreigon|Hydreigon, L79, F, tera:Fire|80/275\n|turn|19\n|inactive|Time left: 300 sec this turn | 300 sec total\n|\n|t:|1783551606\n|move|p1a: Gyarados|Tera Blast|p2a: Hydreigon|[anim] Tera Blast Flying\n|-damage|p2a: Hydreigon|0 fnt\n|faint|p2a: Hydreigon\n|\n|win|p0x1068add4", "uploadtime": 1783551606, "views": 0, "rating": 0, "private": 0, "password": null, "_winner": "p0x1068add4", "_our_name": "p0y1068a65b"}