{"id": "battle-gen9randombattle-856", "formatid": "gen9randombattle", "format": "[Gen 9] Random Battle", "players": ["p0x856e3c4", "p0y8565d8f"], "log": "|init|battle\n|title|p0x856e3c4 vs. p0y8565d8f\n|j|\u2606p0x856e3c4\n|j|\u2606p0y8565d8f\n|t:|1783549061\n|gametype|singles\n|player|p1|p0x856e3c4|101|\n|player|p2|p0y8565d8f|265|\n|gen|9\n|tier|[Gen 9] Random Battle\n|rule|Species Clause: Limit one of each Pok\u00e9mon\n|rule|HP Percentage Mod: HP is shown in percentages\n|rule|Sleep Clause Mod: Limit one foe put to sleep\n|rule|Illusion Level Mod: Illusion disguises the Pok\u00e9mon's true level\n|\n|t:|1783549061\n|teamsize|p1|6\n|teamsize|p2|6\n|start\n|switch|p1a: Scyther|Scyther, L82, F|249/249\n|switch|p2a: Koraidon|Koraidon, L64|100/100\n|-weather|SunnyDay|[from] ability: Orichalcum Pulse|[of] p2a: Koraidon\n|-activate|p2a: Koraidon|Orichalcum Pulse|[source]\n|turn|1\n|inactive|Battle timer is ON: inactive players will automatically lose when time's up. (requested by p0x856e3c4)\n|inactive|p0y8565d8f also wants the timer to be on.\n|\n|t:|1783549063\n|-terastallize|p2a: Koraidon|Fire\n|move|p1a: Scyther|Dual Wingbeat|p2a: Koraidon\n|-damage|p2a: Koraidon|67/100\n|-damage|p2a: Koraidon|38/100\n|-hitcount|p2a: Koraidon|2\n|move|p2a: Koraidon|Outrage|p1a: Scyther\n|-damage|p1a: Scyther|44/249\n|\n|-weather|SunnyDay|[upkeep]\n|upkeep\n|turn|2\n|inactive|Time left: 300 sec this turn | 300 sec total\n|\n|t:|1783549064\n|move|p1a: Scyther|Dual Wingbeat|p2a: Koraidon\n|-crit|p2a: Koraidon\n|-damage|p2a: Koraidon|0 fnt\n|faint|p2a: Koraidon\n|-hitcount|p2: Koraidon|1\n|\n|-weather|SunnyDay|[upkeep]\n|upkeep\n|\n|t:|1783549065\n|switch|p2a: Banette|Banette, L93, M|100/100\n|turn|3\n|inactive|Time left: 300 sec this turn | 300 sec total\n|\n|t:|1783549066\n|move|p2a: Banette|Shadow Sneak|p1a: Scyther\n|-damage|p1a: Scyther|0 fnt\n|faint|p1a: Scyther\n|-damage|p2a: Banette|90/100|[from] item: Life Orb\n|\n|-weather|SunnyDay|[upkeep]\n|upkeep\n|inactive|Time left: 300 sec this turn | 300 sec total | 5 sec grace\n|\n|t:|1783549067\n|switch|p1a: Gouging Fire|Gouging Fire, L74|277/277\n|-activate|p1a: Gouging Fire|ability: Protosynthesis\n|-start|p1a: Gouging Fire|protosynthesisdef\n|turn|4\n|inactive|Time left: 300 sec this turn | 300 sec total\n|\n|t:|1783549068\n|switch|p2a: Tauros|Tauros-Paldea-Blaze, L81, M|100/100\n|-ability|p2a: Tauros|Intimidate|boost\n|-unboost|p1a: Gouging Fire|atk|1\n|move|p1a: Gouging Fire|Heat Crash|p2a: Tauros\n|-resisted|p2a: Tauros\n|-damage|p2a: Tauros|78/100\n|\n|-weather|SunnyDay|[upkeep]\n|upkeep\n|turn|5\n|inactive|Time left: 300 sec this turn | 300 sec total\n|\n|t:|1783549069\n|move|p2a: Tauros|Close Combat|p1a: Gouging Fire\n|-damage|p1a: Gouging Fire|142/277\n|-unboost|p2a: Tauros|def|1\n|-unboost|p2a: Tauros|spd|1\n|move|p1a: Gouging Fire|Dragon Dance|p1a: Gouging Fire\n|-boost|p1a: Gouging Fire|atk|1\n|-boost|p1a: Gouging Fire|spe|1\n|\n|-weather|none\n|-end|p1a: Gouging Fire|Protosynthesis\n|upkeep\n|turn|6\n|inactive|Time left: 300 sec this turn | 300 sec total\n|\n|t:|1783549070\n|move|p1a: Gouging Fire|Morning Sun|p1a: Gouging Fire\n|-heal|p1a: Gouging Fire|277/277\n|move|p2a: Tauros|Close Combat|p1a: Gouging Fire\n|-damage|p1a: Gouging Fire|108/277\n|-unboost|p2a: Tauros|def|1\n|-unboost|p2a: Tauros|spd|1\n|\n|upkeep\n|turn|7\n|inactive|Time left: 300 sec this turn | 300 sec total\n|\n|t:|1783549071\n|move|p1a: Gouging Fire|Outrage|p2a: Tauros\n|-damage|p2a: Tauros|0 fnt\n|faint|p2a: Tauros\n|\n|upkeep\n|\n|t:|1783549072\n|switch|p2a: Registeel|Registeel, L81|100/100\n|turn|8\n|inactive|Time left: 300 sec this turn | 300 sec total\n|\n|t:|1783549073\n|move|p1a: Gouging Fire|Outrage|p2a: Registeel|[from] lockedmove\n|-resisted|p2a: Registeel\n|-damage|p2a: Registeel|87/100\n|-start|p1a: Gouging Fire|confusion|[fatigue]\n|move|p2a: Registeel|Iron Defense|p2a: Registeel\n|-boost|p2a: Registeel|def|2\n|\n|upkeep\n|turn|9\n|inactive|Time left: 300 sec this turn | 300 sec total\n|\n|t:|1783549075\n|-activate|p1a: Gouging Fire|confusion\n|-damage|p1a: Gouging Fire|86/277|[from] confusion\n|move|p2a: Registeel|Body Press|p1a: Gouging Fire\n|-damage|p1a: Gouging Fire|0 fnt\n|faint|p1a: Gouging Fire\n|-end|p1a: Gouging Fire|Protosynthesis|[silent]\n|\n|upkeep\n|inactive|Time left: 300 sec this turn | 300 sec total | 5 sec grace\n|\n|t:|1783549076\n|switch|p1a: Gurdurr|Gurdurr, L85, M|283/283\n|turn|10\n|inactive|Time left: 300 sec this turn | 300 sec total\n|\n|t:|1783549077\n|move|p2a: Registeel|Body Press|p1a: Gurdurr\n|-damage|p1a: Gurdurr|179/283\n|move|p1a: Gurdurr|Bulk Up|p1a: Gurdurr\n|-boost|p1a: Gurdurr|atk|1\n|-boost|p1a: Gurdurr|def|1\n|\n|upkeep\n|turn|11\n|inactive|Time left: 300 sec this turn | 300 sec total\n|\n|t:|1783549078\n|move|p2a: Registeel|Iron Defense|p2a: Registeel\n|-boost|p2a: Registeel|def|2\n|move|p1a: Gurdurr|Bulk Up|p1a: Gurdurr\n|-boost|p1a: Gurdurr|atk|1\n|-boost|p1a: Gurdurr|def|1\n|\n|upkeep\n|turn|12\n|inactive|Time left: 300 sec this turn | 300 sec total\n|\n|t:|1783549079\n|move|p2a: Registeel|Body Press|p1a: Gurdurr\n|-damage|p1a: Gurdurr|105/283\n|move|p1a: Gurdurr|Drain Punch|p2a: Registeel\n|-supereffective|p2a: Registeel\n|-damage|p2a: Registeel|59/100\n|-heal|p1a: Gurdurr|142/283|[from] drain|[of] p2a: Registeel\n|\n|upkeep\n|turn|13\n|inactive|Time left: 300 sec this turn | 300 sec total\n|\n|t:|1783549080\n|move|p2a: Registeel|Body Press|p1a: Gurdurr\n|-damage|p1a: Gurdurr|72/283\n|move|p1a: Gurdurr|Drain Punch|p2a: Registeel\n|-supereffective|p2a: Registeel\n|-damage|p2a: Registeel|28/100\n|-heal|p1a: Gurdurr|112/283|[from] drain|[of] p2a: Registeel\n|\n|upkeep\n|turn|14\n|inactive|Time left: 300 sec this turn | 300 sec total\n|\n|t:|1783549081\n|move|p2a: Registeel|Rest|p2a: Registeel\n|-status|p2a: Registeel|slp|[from] move: Rest\n|-heal|p2a: Registeel|100/100 slp|[silent]\n|-enditem|p2a: Registeel|Chesto Berry|[eat]\n|-curestatus|p2a: Registeel|slp|[msg]\n|move|p1a: Gurdurr|Drain Punch|p2a: Registeel\n|-supereffective|p2a: Registeel\n|-damage|p2a: Registeel|68/100\n|-heal|p1a: Gurdurr|154/283|[from] drain|[of] p2a: Registeel\n|\n|upkeep\n|turn|15\n|inactive|Time left: 300 sec this turn | 300 sec total\n|\n|t:|1783549082\n|move|p2a: Registeel|Body Press|p1a: Gurdurr\n|-damage|p1a: Gurdurr|73/283\n|move|p1a: Gurdurr|Drain Punch|p2a: Registeel\n|-supereffective|p2a: Registeel\n|-damage|p2a: Registeel|38/100\n|-heal|p1a: Gurdurr|113/283|[from] drain|[of] p2a: Registeel\n|\n|upkeep\n|turn|16\n|inactive|Time left: 300 sec this turn | 300 sec total\n|\n|t:|1783549083\n|move|p2a: Registeel|Body Press|p1a: Gurdurr\n|-damage|p1a: Gurdurr|43/283\n|move|p1a: Gurdurr|Drain Punch|p2a: Registeel\n|-supereffective|p2a: Registeel\n|-damage|p2a: Registeel|8/100\n|-heal|p1a: Gurdurr|82/283|[from] drain|[of] p2a: Registeel\n|\n|upkeep\n|turn|17\n|inactive|Time left: 300 sec this turn | 300 sec total\n|\n|t:|1783549084\n|move|p1a: Gurdurr|Mach Punch|p2a: Registeel\n|-supereffective|p2a: Registeel\n|-damage|p2a: Registeel|0 fnt\n|faint|p2a: Registeel\n|\n|upkeep\n|\n|t:|1783549085\n|switch|p2a: Jumpluff|Jumpluff, L87, F|100/100\n|turn|18\n|inactive|Time left: 300 sec this turn | 300 sec total\n|\n|t:|1783549086\n|move|p2a: Jumpluff|Leech Seed|p1a: Gurdurr\n|-start|p1a: Gurdurr|move: Leech Seed\n|move|p1a: Gurdurr|Drain Punch|p2a: Jumpluff\n|-resisted|p2a: Jumpluff\n|-damage|p2a: Jumpluff|67/100\n|-heal|p1a: Gurdurr|128/283|[from] drain|[of] p2a: Jumpluff\n|\n|-damage|p1a: Gurdurr|93/283|[from] Leech Seed|[of] p2a: Jumpluff\n|-heal|p2a: Jumpluff|79/100|[silent]\n|upkeep\n|turn|19\n|inactive|Time left: 300 sec this turn | 300 sec total\n|\n|t:|1783549087\n|move|p2a: Jumpluff|Strength Sap|p1a: Gurdurr\n|-unboost|p1a: Gurdurr|atk|1\n|-heal|p2a: Jumpluff|100/100\n|move|p1a: Gurdurr|Drain Punch|p2a: Jumpluff\n|-resisted|p2a: Jumpluff\n|-damage|p2a: Jumpluff|74/100\n|-heal|p1a: Gurdurr|129/283|[from] drain|[of] p2a: Jumpluff\n|\n|-damage|p1a: Gurdurr|94/283|[from] Leech Seed|[of] p2a: Jumpluff\n|-heal|p2a: Jumpluff|87/100|[silent]\n|upkeep\n|turn|20\n|inactive|Time left: 300 sec this turn | 300 sec total\n|\n|t:|1783549088\n|move|p2a: Jumpluff|Strength Sap|p1a: Gurdurr\n|-unboost|p1a: Gurdurr|atk|1\n|-heal|p2a: Jumpluff|100/100\n|move|p1a: Gurdurr|Drain Punch|p2a: Jumpluff\n|-resisted|p2a: Jumpluff\n|-damage|p2a: Jumpluff|81/100\n|-heal|p1a: Gurdurr|121/283|[from] drain|[of] p2a: Jumpluff\n|\n|-damage|p1a: Gurdurr|86/283|[from] Leech Seed|[of] p2a: Jumpluff\n|-heal|p2a: Jumpluff|94/100|[silent]\n|upkeep\n|turn|21\n|inactive|Time left: 300 sec this turn | 300 sec total\n|\n|t:|1783549089\n|switch|p1a: Greninja|Greninja, L80, M|246/246\n|move|p2a: Jumpluff|Acrobatics|p1a: Greninja\n|-damage|p1a: Greninja|134/246\n|\n|upkeep\n|turn|22\n|inactive|Time left: 300 sec this turn | 300 sec total\n|\n|t:|1783549090\n|move|p1a: Greninja|Gunk Shot|p2a: Jumpluff|[miss]\n|-start|p1a: Greninja|typechange|Poison|[from] ability: Protean\n|-miss|p1a: Greninja|p2a: Jumpluff\n|move|p2a: Jumpluff|Acrobatics|p1a: Greninja\n|-damage|p1a: Greninja|22/246\n|\n|upkeep\n|turn|23\n|inactive|Time left: 300 sec this turn | 300 sec total\n|\n|t:|1783549091\n|move|p2a: Jumpluff|Acrobatics|p1a: Greninja\n|-damage|p1a: Greninja|0 fnt\n|faint|p1a: Greninja\n|\n|upkeep\n|inactive|Time left: 300 sec this turn | 300 sec total | 5 sec grace\n|\n|t:|1783549092\n|switch|p1a: Komala|Komala, L87, F|255/255\n|-ability|p1a: Komala|Comatose\n|turn|24\n|inactive|Time left: 300 sec this turn | 300 sec total\n|\n|t:|1783549093\n|move|p1a: Komala|Body Slam|p2a: Jumpluff\n|-damage|p2a: Jumpluff|49/100\n|move|p2a: Jumpluff|Acrobatics|p1a: Komala\n|-crit|p1a: Komala\n|-damage|p1a: Komala|108/255\n|\n|upkeep\n|turn|25\n|inactive|Time left: 300 sec this turn | 300 sec total\n|\n|t:|1783549094\n|move|p1a: Komala|Body Slam|p2a: Jumpluff\n|-damage|p2a: Jumpluff|0 fnt\n|faint|p2a: Jumpluff\n|\n|upkeep\n|\n|t:|1783549095\n|switch|p2a: Banette|Banette, L93, M|90/100\n|turn|26\n|inactive|Time left: 300 sec this turn | 300 sec total\n|\n|t:|1783549095\n|switch|p1a: Gurdurr|Gurdurr, L85, M|86/283\n|move|p2a: Banette|Swords Dance|p2a: Banette\n|-boost|p2a: Banette|atk|2\n|\n|upkeep\n|turn|27\n|inactive|Time left: 300 sec this turn | 300 sec total\n|\n|t:|1783549096\n|switch|p1a: Komala|Komala, L87, F|108/255\n|-ability|p1a: Komala|Comatose\n|move|p2a: Banette|Shadow Sneak|p1a: Komala\n|-immune|p1a: Komala\n|\n|upkeep\n|turn|28\n|inactive|Time left: 300 sec this turn | 300 sec total\n|\n|t:|1783549097\n|move|p1a: Komala|Knock Off|p2a: Banette\n|-supereffective|p2a: Banette\n|-damage|p2a: Banette|22/100\n|-enditem|p2a: Banette|Life Orb|[from] move: Knock Off|[of] p1a: Komala\n|move|p2a: Banette|Gunk Shot|p1a: Komala\n|-damage|p1a: Komala|0 fnt\n|faint|p1a: Komala\n|\n|upkeep\n|inactive|Time left: 300 sec this turn | 300 sec total | 5 sec grace\n|\n|t:|1783549098\n|switch|p1a: Volbeat|Volbeat, L90, M|263/263\n|turn|29\n|inactive|Time left: 300 sec this turn | 300 sec total\n|\n|t:|1783549099\n|move|p1a: Volbeat|U-turn|p2a: Banette\n|-resisted|p2a: Banette\n|-damage|p2a: Banette|6/100\n|-start|p1a: Volbeat|Disable|U-turn|[from] ability: Cursed Body|[of] p2a: Banette\n|inactive|Time left: 300 sec this turn | 300 sec total | 5 sec grace\n|\n|t:|1783549100\n|switch|p1a: Gurdurr|Gurdurr, L85, M|86/283|[from] U-turn\n|move|p2a: Banette|Poltergeist|p1a: Gurdurr|[miss]\n|-miss|p2a: Banette|p1a: Gurdurr\n|\n|upkeep\n|turn|30\n|inactive|Time left: 300 sec this turn | 300 sec total\n|\n|t:|1783549100\n|move|p2a: Banette|Poltergeist|p1a: Gurdurr\n|-activate|p1a: Gurdurr|move: Poltergeist|Eviolite\n|-damage|p1a: Gurdurr|0 fnt\n|faint|p1a: Gurdurr\n|\n|upkeep\n|inactive|Time left: 300 sec this turn | 300 sec total | 5 sec grace\n|\n|t:|1783549101\n|switch|p1a: Volbeat|Volbeat, L90, M|263/263\n|turn|31\n|inactive|Time left: 300 sec this turn | 300 sec total\n|\n|t:|1783549102\n|move|p1a: Volbeat|U-turn|p2a: Banette\n|-resisted|p2a: Banette\n|-damage|p2a: Banette|0 fnt\n|faint|p2a: Banette\n|\n|upkeep\n|\n|t:|1783549103\n|switch|p2a: Flareon|Flareon, L90, F|100/100\n|turn|32\n|inactive|Time left: 300 sec this turn | 300 sec total\n|\n|t:|1783549104\n|-terastallize|p1a: Volbeat|Water\n|move|p1a: Volbeat|Thunder Wave|p2a: Flareon\n|-status|p2a: Flareon|par\n|move|p2a: Flareon|Flare Blitz|p1a: Volbeat\n|-resisted|p1a: Volbeat\n|-damage|p1a: Volbeat|119/263\n|-damage|p2a: Flareon|82/100 par|[from] Recoil\n|\n|upkeep\n|turn|33\n|inactive|Time left: 300 sec this turn | 300 sec total\n|\n|t:|1783549105\n|move|p1a: Volbeat|Roost|p1a: Volbeat\n|-heal|p1a: Volbeat|251/263\n|cant|p2a: Flareon|par\n|\n|upkeep\n|turn|34\n|inactive|Time left: 300 sec this turn | 300 sec total\n|\n|t:|1783549106\n|move|p1a: Volbeat|Encore|p2a: Flareon\n|-start|p2a: Flareon|Encore\n|move|p2a: Flareon|Flare Blitz|p1a: Volbeat\n|-resisted|p1a: Volbeat\n|-damage|p1a: Volbeat|113/263\n|-damage|p2a: Flareon|65/100 par|[from] Recoil\n|\n|upkeep\n|turn|35\n|inactive|Time left: 300 sec this turn | 300 sec total\n|\n|t:|1783549106\n|move|p1a: Volbeat|Roost|p1a: Volbeat\n|-heal|p1a: Volbeat|245/263\n|move|p2a: Flareon|Flare Blitz|p1a: Volbeat\n|-resisted|p1a: Volbeat\n|-damage|p1a: Volbeat|87/263\n|-damage|p2a: Flareon|45/100 par|[from] Recoil\n|\n|upkeep\n|turn|36\n|inactive|Time left: 300 sec this turn | 300 sec total\n|\n|t:|1783549107\n|move|p1a: Volbeat|Roost|p1a: Volbeat\n|-heal|p1a: Volbeat|219/263\n|move|p2a: Flareon|Flare Blitz|p1a: Volbeat\n|-resisted|p1a: Volbeat\n|-damage|p1a: Volbeat|65/263\n|-damage|p2a: Flareon|26/100 par|[from] Recoil\n|\n|-end|p2a: Flareon|Encore\n|upkeep\n|turn|37\n|inactive|Time left: 300 sec this turn | 300 sec total\n|\n|t:|1783549108\n|move|p1a: Volbeat|U-turn|p2a: Flareon\n|-resisted|p2a: Flareon\n|-damage|p2a: Flareon|9/100 par\n|move|p2a: Flareon|Facade|p1a: Volbeat\n|-damage|p1a: Volbeat|0 fnt\n|faint|p1a: Volbeat\n|\n|win|p0y8565d8f", "uploadtime": 1783549108, "views": 0, "rating": 0, "private": 0, "password": null, "_winner": "p0y8565d8f", "_our_name": "p0x856e3c4"}