{"id": "battle-gen9randombattle-802", "formatid": "gen9randombattle", "format": "[Gen 9] Random Battle", "players": ["p0x802774c", "p0y8026d49"], "log": "|init|battle\n|title|p0x802774c vs. p0y8026d49\n|j|\u2606p0x802774c\n|j|\u2606p0y8026d49\n|t:|1783548448\n|gametype|singles\n|player|p1|p0x802774c|1|\n|player|p2|p0y8026d49|170|\n|gen|9\n|tier|[Gen 9] Random Battle\n|rule|Species Clause: Limit one of each Pok\u00e9mon\n|rule|HP Percentage Mod: HP is shown in percentages\n|rule|Sleep Clause Mod: Limit one foe put to sleep\n|rule|Illusion Level Mod: Illusion disguises the Pok\u00e9mon's true level\n|\n|t:|1783548448\n|teamsize|p1|6\n|teamsize|p2|6\n|start\n|switch|p1a: Heatran|Heatran, L79, F|100/100\n|switch|p2a: Regigigas|Regigigas, L84|322/322\n|-start|p2a: Regigigas|ability: Slow Start\n|-item|p1a: Heatran|Air Balloon\n|turn|1\n|inactive|Battle timer is ON: inactive players will automatically lose when time's up. (requested by p0y8026d49)\n|inactive|p0x802774c also wants the timer to be on.\n|\n|t:|1783548450\n|switch|p2a: Hariyama|Hariyama, L87, M|392/392\n|move|p1a: Heatran|Stealth Rock|p2a: Hariyama\n|-sidestart|p2: p0y8026d49|move: Stealth Rock\n|\n|-status|p2a: Hariyama|brn|[from] item: Flame Orb\n|upkeep\n|turn|2\n|inactive|Time left: 300 sec this turn | 300 sec total\n|\n|t:|1783548451\n|move|p1a: Heatran|Magma Storm|p2a: Hariyama\n|-crit|p2a: Hariyama\n|-damage|p2a: Hariyama|151/392 brn\n|-activate|p2a: Hariyama|move: Magma Storm|[of] p1a: Heatran\n|move|p2a: Hariyama|Close Combat|p1a: Heatran\n|-supereffective|p1a: Heatran\n|-damage|p1a: Heatran|0 fnt\n|-unboost|p2a: Hariyama|def|1\n|-unboost|p2a: Hariyama|spd|1\n|-enditem|p1a: Heatran|Air Balloon\n|faint|p1a: Heatran\n|\n|-damage|p2a: Hariyama|127/392 brn|[from] brn\n|-end|p2a: Hariyama|Magma Storm|[partiallytrapped]|[silent]\n|upkeep\n|\n|t:|1783548451\n|switch|p1a: Drednaw|Drednaw, L81, F|100/100\n|turn|3\n|inactive|Time left: 300 sec this turn | 300 sec total\n|\n|t:|1783548453\n|move|p1a: Drednaw|Liquidation|p2a: Hariyama\n|-damage|p2a: Hariyama|0 fnt\n|faint|p2a: Hariyama\n|\n|upkeep\n|inactive|Time left: 300 sec this turn | 300 sec total | 5 sec grace\n|\n|t:|1783548453\n|switch|p2a: Registeel|Registeel, L81|262/262\n|-damage|p2a: Registeel|246/262|[from] Stealth Rock\n|turn|4\n|inactive|Time left: 300 sec this turn | 300 sec total\n|\n|t:|1783548454\n|-terastallize|p1a: Drednaw|Ground\n|move|p1a: Drednaw|Shell Smash|p1a: Drednaw\n|-unboost|p1a: Drednaw|def|1\n|-unboost|p1a: Drednaw|spd|1\n|-boost|p1a: Drednaw|atk|2\n|-boost|p1a: Drednaw|spa|2\n|-boost|p1a: Drednaw|spe|2\n|-enditem|p1a: Drednaw|White Herb\n|-clearnegativeboost|p1a: Drednaw|[silent]\n|move|p2a: Registeel|Iron Defense|p2a: Registeel\n|-boost|p2a: Registeel|def|2\n|\n|-heal|p2a: Registeel|262/262|[from] item: Leftovers\n|upkeep\n|turn|5\n|inactive|Time left: 300 sec this turn | 300 sec total\n|\n|t:|1783548455\n|-terastallize|p2a: Registeel|Fighting\n|move|p1a: Drednaw|Earthquake|p2a: Registeel\n|-damage|p2a: Registeel|192/262\n|move|p2a: Registeel|Body Press|p1a: Drednaw\n|-damage|p1a: Drednaw|23/100\n|\n|-heal|p2a: Registeel|208/262|[from] item: Leftovers\n|upkeep\n|turn|6\n|inactive|Time left: 300 sec this turn | 300 sec total\n|\n|t:|1783548456\n|move|p1a: Drednaw|Earthquake|p2a: Registeel\n|-damage|p2a: Registeel|133/262\n|move|p2a: Registeel|Body Press|p1a: Drednaw\n|-damage|p1a: Drednaw|0 fnt\n|faint|p1a: Drednaw\n|\n|-heal|p2a: Registeel|149/262|[from] item: Leftovers\n|upkeep\n|\n|t:|1783548457\n|switch|p1a: Ceruledge|Ceruledge, L78, M|100/100\n|turn|7\n|inactive|Time left: 300 sec this turn | 300 sec total\n|\n|t:|1783548458\n|move|p1a: Ceruledge|Swords Dance|p1a: Ceruledge\n|-boost|p1a: Ceruledge|atk|2\n|move|p2a: Registeel|Thunder Wave|p1a: Ceruledge\n|-status|p1a: Ceruledge|par\n|\n|-heal|p2a: Registeel|165/262|[from] item: Leftovers\n|upkeep\n|turn|8\n|inactive|Time left: 300 sec this turn | 300 sec total\n|\n|t:|1783548459\n|move|p2a: Registeel|Iron Defense|p2a: Registeel\n|-boost|p2a: Registeel|def|2\n|cant|p1a: Ceruledge|par\n|\n|-heal|p2a: Registeel|181/262|[from] item: Leftovers\n|upkeep\n|turn|9\n|inactive|Time left: 300 sec this turn | 300 sec total\n|\n|t:|1783548460\n|move|p2a: Registeel|Thunder Wave|p1a: Ceruledge|[miss]\n|-miss|p2a: Registeel|p1a: Ceruledge\n|move|p1a: Ceruledge|Bitter Blade|p2a: Registeel\n|-damage|p2a: Registeel|138/262\n|\n|-heal|p2a: Registeel|154/262|[from] item: Leftovers\n|upkeep\n|turn|10\n|inactive|Time left: 300 sec this turn | 300 sec total\n|\n|t:|1783548461\n|move|p2a: Registeel|Iron Defense|p2a: Registeel\n|-boost|p2a: Registeel|def|2\n|move|p1a: Ceruledge|Bitter Blade|p2a: Registeel\n|-damage|p2a: Registeel|120/262\n|\n|-heal|p2a: Registeel|136/262|[from] item: Leftovers\n|upkeep\n|turn|11\n|inactive|Time left: 300 sec this turn | 300 sec total\n|\n|t:|1783548461\n|move|p2a: Registeel|Body Press|p1a: Ceruledge\n|-immune|p1a: Ceruledge\n|move|p1a: Ceruledge|Poltergeist|p2a: Registeel\n|-activate|p2a: Registeel|move: Poltergeist|Leftovers\n|-damage|p2a: Registeel|93/262\n|\n|-heal|p2a: Registeel|109/262|[from] item: Leftovers\n|upkeep\n|turn|12\n|inactive|Time left: 300 sec this turn | 300 sec total\n|\n|t:|1783548462\n|move|p2a: Registeel|Iron Defense|p2a: Registeel\n|-boost|p2a: Registeel|def|0\n|move|p1a: Ceruledge|Poltergeist|p2a: Registeel\n|-activate|p2a: Registeel|move: Poltergeist|Leftovers\n|-damage|p2a: Registeel|69/262\n|\n|-heal|p2a: Registeel|85/262|[from] item: Leftovers\n|upkeep\n|turn|13\n|inactive|Time left: 300 sec this turn | 300 sec total\n|\n|t:|1783548464\n|move|p2a: Registeel|Thunder Wave|p1a: Ceruledge\n|-fail|p1a: Ceruledge|par\n|move|p1a: Ceruledge|Swords Dance|p1a: Ceruledge\n|-boost|p1a: Ceruledge|atk|2\n|\n|-heal|p2a: Registeel|101/262|[from] item: Leftovers\n|upkeep\n|turn|14\n|inactive|Time left: 300 sec this turn | 300 sec total\n|\n|t:|1783548465\n|move|p2a: Registeel|Iron Defense|p2a: Registeel\n|-boost|p2a: Registeel|def|0\n|move|p1a: Ceruledge|Poltergeist|p2a: Registeel\n|-activate|p2a: Registeel|move: Poltergeist|Leftovers\n|-damage|p2a: Registeel|43/262\n|\n|-heal|p2a: Registeel|59/262|[from] item: Leftovers\n|upkeep\n|turn|15\n|inactive|Time left: 300 sec this turn | 300 sec total\n|\n|t:|1783548466\n|move|p2a: Registeel|Iron Defense|p2a: Registeel\n|-boost|p2a: Registeel|def|0\n|move|p1a: Ceruledge|Poltergeist|p2a: Registeel\n|-activate|p2a: Registeel|move: Poltergeist|Leftovers\n|-damage|p2a: Registeel|0 fnt\n|faint|p2a: Registeel\n|\n|upkeep\n|inactive|Time left: 300 sec this turn | 300 sec total | 5 sec grace\n|\n|t:|1783548467\n|switch|p2a: Maushold|Maushold-Four, L76|238/238\n|-damage|p2a: Maushold|209/238|[from] Stealth Rock\n|turn|16\n|inactive|Time left: 300 sec this turn | 300 sec total\n|\n|t:|1783548468\n|move|p2a: Maushold|Encore|p1a: Ceruledge\n|-start|p1a: Ceruledge|Encore\n|move|p1a: Ceruledge|Poltergeist|p2a: Maushold\n|-immune|p2a: Maushold\n|\n|upkeep\n|turn|17\n|inactive|Time left: 300 sec this turn | 300 sec total\n|\n|t:|1783548468\n|move|p2a: Maushold|Tidy Up|p2a: Maushold\n|-sideend|p2: p0y8026d49|Stealth Rock\n|-activate|p2a: Maushold|move: Tidy Up\n|-boost|p2a: Maushold|atk|1\n|-boost|p2a: Maushold|spe|1\n|cant|p1a: Ceruledge|par\n|\n|upkeep\n|turn|18\n|inactive|Time left: 300 sec this turn | 300 sec total\n|\n|t:|1783548469\n|switch|p1a: Dondozo|Dondozo, L78, F|100/100\n|move|p2a: Maushold|Bite|p1a: Dondozo\n|-damage|p1a: Dondozo|89/100\n|\n|-heal|p1a: Dondozo|96/100|[from] item: Leftovers\n|upkeep\n|turn|19\n|inactive|Time left: 300 sec this turn | 300 sec total\n|\n|t:|1783548471\n|move|p2a: Maushold|Population Bomb|p1a: Dondozo\n|-damage|p1a: Dondozo|89/100\n|-damage|p1a: Dondozo|83/100\n|-damage|p1a: Dondozo|78/100\n|-damage|p1a: Dondozo|72/100\n|-damage|p1a: Dondozo|67/100\n|-damage|p1a: Dondozo|61/100\n|-damage|p1a: Dondozo|56/100\n|-damage|p1a: Dondozo|51/100\n|-damage|p1a: Dondozo|46/100\n|-damage|p1a: Dondozo|39/100\n|-hitcount|p1a: Dondozo|10\n|move|p1a: Dondozo|Wave Crash|p2a: Maushold\n|-damage|p2a: Maushold|67/238\n|-damage|p1a: Dondozo|26/100|[from] Recoil\n|\n|-heal|p1a: Dondozo|33/100|[from] item: Leftovers\n|upkeep\n|turn|20\n|inactive|Time left: 300 sec this turn | 300 sec total\n|\n|t:|1783548472\n|switch|p1a: Ceruledge|Ceruledge, L78, M|100/100 par\n|move|p2a: Maushold|Population Bomb|p1a: Ceruledge\n|-immune|p1a: Ceruledge\n|\n|upkeep\n|turn|21\n|inactive|Time left: 300 sec this turn | 300 sec total\n|\n|t:|1783548473\n|move|p2a: Maushold|Bite|p1a: Ceruledge\n|-supereffective|p1a: Ceruledge\n|-damage|p1a: Ceruledge|44/100 par\n|-ability|p1a: Ceruledge|Weak Armor|boost\n|-unboost|p1a: Ceruledge|def|1\n|-boost|p1a: Ceruledge|spe|2\n|cant|p1a: Ceruledge|par\n|\n|upkeep\n|turn|22\n|inactive|Time left: 300 sec this turn | 300 sec total\n|\n|t:|1783548474\n|move|p2a: Maushold|Bite|p1a: Ceruledge\n|-supereffective|p1a: Ceruledge\n|-damage|p1a: Ceruledge|0 fnt\n|faint|p1a: Ceruledge\n|\n|upkeep\n|\n|t:|1783548475\n|switch|p1a: Groudon|Groudon, L72|100/100\n|-weather|SunnyDay|[from] ability: Drought|[of] p1a: Groudon\n|turn|23\n|inactive|Time left: 300 sec this turn | 300 sec total\n|\n|t:|1783548476\n|move|p2a: Maushold|Population Bomb|p1a: Groudon\n|-damage|p1a: Groudon|91/100\n|-damage|p1a: Groudon|81/100\n|-damage|p1a: Groudon|70/100\n|-damage|p1a: Groudon|60/100\n|-damage|p1a: Groudon|50/100\n|-damage|p1a: Groudon|40/100\n|-damage|p1a: Groudon|29/100\n|-damage|p1a: Groudon|19/100\n|-damage|p1a: Groudon|8/100\n|-damage|p1a: Groudon|0 fnt\n|faint|p1a: Groudon\n|-hitcount|p1: Groudon|10\n|\n|-weather|SunnyDay|[upkeep]\n|upkeep\n|\n|t:|1783548477\n|switch|p1a: Hydreigon|Hydreigon, L79, M|100/100\n|turn|24\n|inactive|Time left: 300 sec this turn | 300 sec total\n|\n|t:|1783548478\n|move|p2a: Maushold|Population Bomb|p1a: Hydreigon\n|-damage|p1a: Hydreigon|87/100\n|-damage|p1a: Hydreigon|75/100\n|-damage|p1a: Hydreigon|62/100\n|-damage|p1a: Hydreigon|49/100\n|-damage|p1a: Hydreigon|37/100\n|-damage|p1a: Hydreigon|24/100\n|-damage|p1a: Hydreigon|11/100\n|-damage|p1a: Hydreigon|0 fnt\n|faint|p1a: Hydreigon\n|-hitcount|p1: Hydreigon|8\n|\n|-weather|SunnyDay|[upkeep]\n|upkeep\n|\n|t:|1783548479\n|switch|p1a: Dondozo|Dondozo, L78, F|33/100\n|turn|25\n|inactive|Time left: 300 sec this turn | 300 sec total\n|\n|t:|1783548480\n|move|p2a: Maushold|Population Bomb|p1a: Dondozo\n|-damage|p1a: Dondozo|27/100\n|-damage|p1a: Dondozo|22/100\n|-damage|p1a: Dondozo|17/100\n|-damage|p1a: Dondozo|11/100\n|-damage|p1a: Dondozo|6/100\n|-damage|p1a: Dondozo|1/100\n|-damage|p1a: Dondozo|0 fnt\n|faint|p1a: Dondozo\n|-hitcount|p1: Dondozo|7\n|\n|win|p0y8026d49", "uploadtime": 1783548480, "views": 0, "rating": 0, "private": 0, "password": null, "_winner": "p0y8026d49", "_our_name": "p0y8026d49"}