{"id": "battle-gen9randombattle-667", "formatid": "gen9randombattle", "format": "[Gen 9] Random Battle", "players": ["p0x6674405", "p0y66769c4"], "log": "|init|battle\n|title|p0x6674405 vs. p0y66769c4\n|j|\u2606p0x6674405\n|j|\u2606p0y66769c4\n|t:|1783547576\n|gametype|singles\n|player|p1|p0x6674405|2|\n|player|p2|p0y66769c4|102|\n|gen|9\n|tier|[Gen 9] Random Battle\n|rule|Species Clause: Limit one of each Pok\u00e9mon\n|rule|HP Percentage Mod: HP is shown in percentages\n|rule|Sleep Clause Mod: Limit one foe put to sleep\n|rule|Illusion Level Mod: Illusion disguises the Pok\u00e9mon's true level\n|\n|t:|1783547576\n|teamsize|p1|6\n|teamsize|p2|6\n|start\n|switch|p1a: Chesnaught|Chesnaught, L84, M|285/285\n|switch|p2a: Azumarill|Azumarill, L82, M|100/100\n|turn|1\n|inactive|Battle timer is ON: inactive players will automatically lose when time's up. (requested by p0y66769c4)\n|inactive|Time left: 300 sec this turn | 300 sec total | 60 sec grace\n|inactive|p0x6674405 also wants the timer to be on.\n|\n|t:|1783547578\n|move|p1a: Chesnaught|Wood Hammer|p2a: Azumarill\n|-supereffective|p2a: Azumarill\n|-damage|p2a: Azumarill|3/100\n|-enditem|p2a: Azumarill|Sitrus Berry|[eat]\n|-heal|p2a: Azumarill|28/100|[from] item: Sitrus Berry\n|-damage|p1a: Chesnaught|189/285|[from] Recoil\n|move|p2a: Azumarill|Belly Drum||[still]\n|-fail|p2a: Azumarill\n|\n|upkeep\n|turn|2\n|inactive|Time left: 300 sec this turn | 300 sec total\n|\n|t:|1783547579\n|switch|p2a: Hatterene|Hatterene, L85, F|100/100\n|move|p1a: Chesnaught|Synthesis|p1a: Chesnaught\n|-heal|p1a: Chesnaught|285/285\n|\n|upkeep\n|turn|3\n|inactive|Time left: 300 sec this turn | 300 sec total\n|\n|t:|1783547580\n|switch|p1a: Slowbro|Slowbro, L85, M|300/300\n|move|p2a: Hatterene|Psychic|p1a: Slowbro\n|-resisted|p1a: Slowbro\n|-damage|p1a: Slowbro|231/300\n|-unboost|p1a: Slowbro|spd|1\n|\n|-heal|p1a: Slowbro|249/300|[from] item: Leftovers\n|upkeep\n|turn|4\n|inactive|Time left: 300 sec this turn | 300 sec total\n|\n|t:|1783547581\n|switch|p1a: Heatran|Heatran, L79, F|273/273\n|-item|p1a: Heatran|Air Balloon\n|move|p2a: Hatterene|Mystical Fire|p1a: Heatran\n|-start|p1a: Heatran|ability: Flash Fire\n|\n|upkeep\n|turn|5\n|inactive|Time left: 300 sec this turn | 300 sec total\n|\n|t:|1783547582\n|move|p1a: Heatran|Heavy Slam|p2a: Hatterene\n|-supereffective|p2a: Hatterene\n|-damage|p2a: Hatterene|23/100\n|move|p2a: Hatterene|Calm Mind|p2a: Hatterene\n|-boost|p2a: Hatterene|spa|1\n|-boost|p2a: Hatterene|spd|1\n|\n|-heal|p2a: Hatterene|29/100|[from] item: Leftovers\n|upkeep\n|turn|6\n|inactive|Time left: 300 sec this turn | 300 sec total\n|\n|t:|1783547583\n|switch|p2a: Emboar|Emboar, L84, F|100/100\n|move|p1a: Heatran|Magma Storm|p2a: Emboar|[miss]\n|-miss|p1a: Heatran|p2a: Emboar\n|\n|upkeep\n|turn|7\n|inactive|Time left: 300 sec this turn | 300 sec total\n|\n|t:|1783547584\n|move|p1a: Heatran|Stealth Rock|p2a: Emboar\n|-sidestart|p2: p0y66769c4|move: Stealth Rock\n|move|p2a: Emboar|Drain Punch|p1a: Heatran\n|-supereffective|p1a: Heatran\n|-damage|p1a: Heatran|105/273\n|-enditem|p1a: Heatran|Air Balloon\n|\n|upkeep\n|turn|8\n|inactive|Time left: 300 sec this turn | 300 sec total\n|\n|t:|1783547584\n|move|p1a: Heatran|Earth Power|p2a: Emboar\n|-supereffective|p2a: Emboar\n|-damage|p2a: Emboar|42/100\n|move|p2a: Emboar|Drain Punch|p1a: Heatran\n|-supereffective|p1a: Heatran\n|-damage|p1a: Heatran|0 fnt\n|-heal|p2a: Emboar|59/100|[from] drain|[of] p1a: Heatran\n|faint|p1a: Heatran\n|\n|-heal|p2a: Emboar|65/100|[from] item: Leftovers\n|upkeep\n|inactive|Time left: 300 sec this turn | 300 sec total | 5 sec grace\n|\n|t:|1783547585\n|switch|p1a: Slowbro|Slowbro, L85, M|300/300\n|turn|9\n|inactive|Time left: 300 sec this turn | 300 sec total\n|\n|t:|1783547586\n|switch|p2a: Toedscruel|Toedscruel, L87, F|100/100\n|-damage|p2a: Toedscruel|94/100|[from] Stealth Rock\n|move|p1a: Slowbro|Scald|p2a: Toedscruel\n|-damage|p2a: Toedscruel|68/100\n|\n|-heal|p2a: Toedscruel|75/100|[from] item: Leftovers\n|upkeep\n|turn|10\n|inactive|Time left: 300 sec this turn | 300 sec total\n|\n|t:|1783547587\n|move|p2a: Toedscruel|Rapid Spin|p1a: Slowbro\n|-damage|p1a: Slowbro|272/300\n|-boost|p2a: Toedscruel|spe|1\n|-sideend|p2: p0y66769c4|Stealth Rock|[from] move: Rapid Spin|[of] p2a: Toedscruel\n|move|p1a: Slowbro|Scald|p2a: Toedscruel\n|-damage|p2a: Toedscruel|50/100\n|-status|p2a: Toedscruel|brn\n|\n|-heal|p2a: Toedscruel|56/100 brn|[from] item: Leftovers\n|-heal|p1a: Slowbro|290/300|[from] item: Leftovers\n|-damage|p2a: Toedscruel|50/100 brn|[from] brn\n|upkeep\n|turn|11\n|inactive|Time left: 300 sec this turn | 300 sec total\n|\n|t:|1783547589\n|switch|p1a: Exeggutor|Exeggutor-Alola, L89, F|314/314\n|-item|p2a: Toedscruel|Leftovers|[from] ability: Frisk|[of] p1a: Exeggutor\n|move|p2a: Toedscruel|Spore|p1a: Exeggutor\n|-immune|p1a: Exeggutor\n|\n|-heal|p2a: Toedscruel|56/100 brn|[from] item: Leftovers\n|-damage|p2a: Toedscruel|50/100 brn|[from] brn\n|upkeep\n|turn|12\n|inactive|Time left: 300 sec this turn | 300 sec total\n|\n|t:|1783547590\n|switch|p2a: Emboar|Emboar, L84, F|65/100\n|move|p1a: Exeggutor|Giga Drain|p2a: Emboar\n|-resisted|p2a: Emboar\n|-damage|p2a: Emboar|35/100\n|\n|-heal|p2a: Emboar|41/100|[from] item: Leftovers\n|upkeep\n|turn|13\n|inactive|Time left: 300 sec this turn | 300 sec total\n|\n|t:|1783547591\n|move|p2a: Emboar|Drain Punch|p1a: Exeggutor\n|-damage|p1a: Exeggutor|217/314\n|-heal|p2a: Emboar|56/100|[from] drain|[of] p1a: Exeggutor\n|move|p1a: Exeggutor|Giga Drain|p2a: Emboar\n|-resisted|p2a: Emboar\n|-damage|p2a: Emboar|24/100\n|-heal|p1a: Exeggutor|270/314|[from] drain|[of] p2a: Emboar\n|\n|-heal|p2a: Emboar|30/100|[from] item: Leftovers\n|upkeep\n|turn|14\n|inactive|Time left: 300 sec this turn | 300 sec total\n|\n|t:|1783547592\n|move|p2a: Emboar|Drain Punch|p1a: Exeggutor\n|-damage|p1a: Exeggutor|176/314\n|-heal|p2a: Emboar|45/100|[from] drain|[of] p1a: Exeggutor\n|move|p1a: Exeggutor|Giga Drain|p2a: Emboar\n|-resisted|p2a: Emboar\n|-damage|p2a: Emboar|13/100\n|-heal|p1a: Exeggutor|228/314|[from] drain|[of] p2a: Emboar\n|\n|-heal|p2a: Emboar|19/100|[from] item: Leftovers\n|upkeep\n|turn|15\n|inactive|Time left: 300 sec this turn | 300 sec total\n|\n|t:|1783547594\n|move|p2a: Emboar|Flare Blitz|p1a: Exeggutor\n|-damage|p1a: Exeggutor|59/314\n|-damage|p2a: Emboar|1/100|[from] Recoil\n|move|p1a: Exeggutor|Giga Drain|p2a: Emboar\n|-resisted|p2a: Emboar\n|-damage|p2a: Emboar|0 fnt\n|-heal|p1a: Exeggutor|61/314|[from] drain|[of] p2a: Emboar\n|faint|p2a: Emboar\n|\n|upkeep\n|\n|t:|1783547594\n|switch|p2a: Meganium|Meganium, L90, M|100/100\n|turn|16\n|inactive|Time left: 300 sec this turn | 300 sec total\n|\n|t:|1783547595\n|switch|p1a: Chesnaught|Chesnaught, L84, M|285/285\n|move|p2a: Meganium|Knock Off|p1a: Chesnaught\n|-resisted|p1a: Chesnaught\n|-damage|p1a: Chesnaught|259/285\n|-damage|p2a: Meganium|84/100|[from] item: Rocky Helmet|[of] p1a: Chesnaught\n|-enditem|p1a: Chesnaught|Rocky Helmet|[from] move: Knock Off|[of] p2a: Meganium\n|\n|-heal|p2a: Meganium|90/100|[from] item: Leftovers\n|upkeep\n|turn|17\n|inactive|Time left: 300 sec this turn | 300 sec total\n|\n|t:|1783547596\n|move|p2a: Meganium|Swords Dance|p2a: Meganium\n|-boost|p2a: Meganium|atk|2\n|move|p1a: Chesnaught|Spikes|p2a: Meganium\n|-sidestart|p2: p0y66769c4|Spikes\n|\n|-heal|p2a: Meganium|96/100|[from] item: Leftovers\n|upkeep\n|turn|18\n|inactive|Time left: 300 sec this turn | 300 sec total\n|\n|t:|1783547597\n|move|p2a: Meganium|Swords Dance|p2a: Meganium\n|-boost|p2a: Meganium|atk|2\n|move|p1a: Chesnaught|Body Press|p2a: Meganium\n|-damage|p2a: Meganium|68/100\n|\n|-heal|p2a: Meganium|74/100|[from] item: Leftovers\n|upkeep\n|turn|19\n|inactive|Time left: 300 sec this turn | 300 sec total\n|\n|t:|1783547598\n|move|p2a: Meganium|Petal Blizzard|p1a: Chesnaught\n|-resisted|p1a: Chesnaught\n|-damage|p1a: Chesnaught|137/285\n|move|p1a: Chesnaught|Spikes|p2a: Meganium\n|-sidestart|p2: p0y66769c4|Spikes\n|\n|-heal|p2a: Meganium|80/100|[from] item: Leftovers\n|upkeep\n|turn|20\n|inactive|Time left: 300 sec this turn | 300 sec total\n|\n|t:|1783547599\n|move|p2a: Meganium|Petal Blizzard|p1a: Chesnaught\n|-resisted|p1a: Chesnaught\n|-damage|p1a: Chesnaught|28/285\n|move|p1a: Chesnaught|Synthesis|p1a: Chesnaught\n|-heal|p1a: Chesnaught|170/285\n|\n|-heal|p2a: Meganium|87/100|[from] item: Leftovers\n|upkeep\n|turn|21\n|inactive|Time left: 300 sec this turn | 300 sec total\n|\n|t:|1783547601\n|move|p2a: Meganium|Petal Blizzard|p1a: Chesnaught\n|-resisted|p1a: Chesnaught\n|-damage|p1a: Chesnaught|63/285\n|move|p1a: Chesnaught|Synthesis|p1a: Chesnaught\n|-heal|p1a: Chesnaught|205/285\n|\n|-heal|p2a: Meganium|93/100|[from] item: Leftovers\n|upkeep\n|turn|22\n|inactive|Time left: 300 sec this turn | 300 sec total\n|\n|t:|1783547601\n|move|p2a: Meganium|Petal Blizzard|p1a: Chesnaught\n|-resisted|p1a: Chesnaught\n|-damage|p1a: Chesnaught|91/285\n|move|p1a: Chesnaught|Synthesis|p1a: Chesnaught\n|-heal|p1a: Chesnaught|233/285\n|\n|-heal|p2a: Meganium|99/100|[from] item: Leftovers\n|upkeep\n|turn|23\n|inactive|Time left: 300 sec this turn | 300 sec total\n|\n|t:|1783547603\n|move|p2a: Meganium|Petal Blizzard|p1a: Chesnaught\n|-resisted|p1a: Chesnaught\n|-damage|p1a: Chesnaught|118/285\n|move|p1a: Chesnaught|Synthesis|p1a: Chesnaught\n|-heal|p1a: Chesnaught|260/285\n|\n|-heal|p2a: Meganium|100/100|[from] item: Leftovers\n|upkeep\n|turn|24\n|inactive|Time left: 300 sec this turn | 300 sec total\n|\n|t:|1783547604\n|move|p2a: Meganium|Petal Blizzard|p1a: Chesnaught\n|-resisted|p1a: Chesnaught\n|-damage|p1a: Chesnaught|155/285\n|move|p1a: Chesnaught|Synthesis|p1a: Chesnaught\n|-heal|p1a: Chesnaught|285/285\n|\n|upkeep\n|turn|25\n|inactive|Time left: 300 sec this turn | 300 sec total\n|\n|t:|1783547605\n|move|p2a: Meganium|Petal Blizzard|p1a: Chesnaught\n|-resisted|p1a: Chesnaught\n|-damage|p1a: Chesnaught|176/285\n|move|p1a: Chesnaught|Spikes|p2a: Meganium\n|-sidestart|p2: p0y66769c4|Spikes\n|\n|upkeep\n|turn|26\n|inactive|Time left: 300 sec this turn | 300 sec total\n|\n|t:|1783547606\n|move|p2a: Meganium|Petal Blizzard|p1a: Chesnaught\n|-resisted|p1a: Chesnaught\n|-damage|p1a: Chesnaught|69/285\n|move|p1a: Chesnaught|Synthesis|p1a: Chesnaught\n|-heal|p1a: Chesnaught|211/285\n|\n|upkeep\n|turn|27\n|inactive|Time left: 300 sec this turn | 300 sec total\n|\n|t:|1783547607\n|move|p2a: Meganium|Petal Blizzard|p1a: Chesnaught\n|-resisted|p1a: Chesnaught\n|-damage|p1a: Chesnaught|98/285\n|move|p1a: Chesnaught|Synthesis|p1a: Chesnaught\n|-heal|p1a: Chesnaught|240/285\n|\n|upkeep\n|turn|28\n|inactive|Time left: 300 sec this turn | 300 sec total\n|\n|t:|1783547609\n|move|p2a: Meganium|Petal Blizzard|p1a: Chesnaught\n|-resisted|p1a: Chesnaught\n|-damage|p1a: Chesnaught|123/285\n|move|p1a: Chesnaught|Body Press|p2a: Meganium\n|-damage|p2a: Meganium|71/100\n|\n|-heal|p2a: Meganium|77/100|[from] item: Leftovers\n|upkeep\n|turn|29\n|inactive|Time left: 300 sec this turn | 300 sec total\n|\n|t:|1783547610\n|move|p2a: Meganium|Petal Blizzard|p1a: Chesnaught\n|-resisted|p1a: Chesnaught\n|-damage|p1a: Chesnaught|9/285\n|move|p1a: Chesnaught|Body Press|p2a: Meganium\n|-damage|p2a: Meganium|48/100\n|\n|-heal|p2a: Meganium|55/100|[from] item: Leftovers\n|upkeep\n|turn|30\n|inactive|Time left: 300 sec this turn | 300 sec total\n|\n|t:|1783547611\n|move|p2a: Meganium|Petal Blizzard|p1a: Chesnaught\n|-resisted|p1a: Chesnaught\n|-damage|p1a: Chesnaught|0 fnt\n|faint|p1a: Chesnaught\n|\n|-heal|p2a: Meganium|61/100|[from] item: Leftovers\n|upkeep\n|inactive|Time left: 300 sec this turn | 300 sec total | 5 sec grace\n|\n|t:|1783547612\n|switch|p1a: Exeggutor|Exeggutor-Alola, L89, F|61/314\n|-item|p2a: Meganium|Leftovers|[from] ability: Frisk|[of] p1a: Exeggutor\n|turn|31\n|inactive|Time left: 300 sec this turn | 300 sec total\n|\n|t:|1783547613\n|move|p2a: Meganium|Knock Off|p1a: Exeggutor\n|-damage|p1a: Exeggutor|0 fnt\n|-enditem|p1a: Exeggutor|Choice Specs|[from] move: Knock Off|[of] p2a: Meganium\n|faint|p1a: Exeggutor\n|\n|-heal|p2a: Meganium|67/100|[from] item: Leftovers\n|upkeep\n|inactive|Time left: 300 sec this turn | 300 sec total | 5 sec grace\n|\n|t:|1783547615\n|switch|p1a: Hypno|Hypno, L95, M|315/315\n|turn|32\n|inactive|Time left: 300 sec this turn | 300 sec total\n|\n|t:|1783547616\n|-terastallize|p1a: Hypno|Steel\n|move|p2a: Meganium|Knock Off|p1a: Hypno\n|-damage|p1a: Hypno|102/315\n|-enditem|p1a: Hypno|Leftovers|[from] move: Knock Off|[of] p2a: Meganium\n|move|p1a: Hypno|Encore|p2a: Meganium\n|-start|p2a: Meganium|Encore\n|\n|-heal|p2a: Meganium|73/100|[from] item: Leftovers\n|upkeep\n|turn|33\n|inactive|Time left: 300 sec this turn | 300 sec total\n|\n|t:|1783547617\n|move|p2a: Meganium|Knock Off|p1a: Hypno\n|-damage|p1a: Hypno|0 fnt\n|faint|p1a: Hypno\n|\n|-heal|p2a: Meganium|79/100|[from] item: Leftovers\n|upkeep\n|inactive|Time left: 300 sec this turn | 300 sec total | 5 sec grace\n|\n|t:|1783547618\n|switch|p1a: Whiscash|Whiscash, L88, F|337/337\n|turn|34\n|inactive|Time left: 300 sec this turn | 300 sec total\n|\n|t:|1783547619\n|move|p2a: Meganium|Knock Off|p1a: Whiscash\n|-damage|p1a: Whiscash|115/337\n|-enditem|p1a: Whiscash|Life Orb|[from] move: Knock Off|[of] p2a: Meganium\n|move|p1a: Whiscash|Stone Edge|p2a: Meganium\n|-damage|p2a: Meganium|59/100\n|\n|-heal|p2a: Meganium|65/100|[from] item: Leftovers\n|upkeep\n|turn|35\n|inactive|Time left: 300 sec this turn | 300 sec total\n|\n|t:|1783547620\n|move|p2a: Meganium|Knock Off|p1a: Whiscash\n|-damage|p1a: Whiscash|0 fnt\n|faint|p1a: Whiscash\n|\n|-heal|p2a: Meganium|71/100|[from] item: Leftovers\n|-end|p2a: Meganium|Encore\n|upkeep\n|inactive|Time left: 300 sec this turn | 300 sec total | 5 sec grace\n|\n|t:|1783547621\n|switch|p1a: Slowbro|Slowbro, L85, M|300/300\n|turn|36\n|inactive|Time left: 300 sec this turn | 300 sec total\n|\n|t:|1783547622\n|move|p2a: Meganium|Knock Off|p1a: Slowbro\n|-supereffective|p1a: Slowbro\n|-damage|p1a: Slowbro|0 fnt\n|-enditem|p1a: Slowbro|Leftovers|[from] move: Knock Off|[of] p2a: Meganium\n|faint|p1a: Slowbro\n|\n|win|p0y66769c4", "uploadtime": 1783547622, "views": 0, "rating": 0, "private": 0, "password": null, "_winner": "p0y66769c4", "_our_name": "p0x6674405"}