{"id": "battle-gen9randombattle-285", "formatid": "gen9randombattle", "format": "[Gen 9] Random Battle", "players": ["p0x285c2a9", "p0y285132b"], "log": "|init|battle\n|title|p0x285c2a9 vs. p0y285132b\n|j|\u2606p0x285c2a9\n|j|\u2606p0y285132b\n|t:|1783542362\n|gametype|singles\n|player|p1|p0x285c2a9|266|\n|player|p2|p0y285132b|102|\n|gen|9\n|tier|[Gen 9] Random Battle\n|rule|Species Clause: Limit one of each Pok\u00e9mon\n|rule|HP Percentage Mod: HP is shown in percentages\n|rule|Sleep Clause Mod: Limit one foe put to sleep\n|rule|Illusion Level Mod: Illusion disguises the Pok\u00e9mon's true level\n|\n|t:|1783542362\n|teamsize|p1|6\n|teamsize|p2|6\n|start\n|switch|p1a: Basculegion|Basculegion-F, L83, F|100/100\n|switch|p2a: Metagross|Metagross, L79|256/256\n|turn|1\n|inactive|Battle timer is ON: inactive players will automatically lose when time's up. (requested by p0y285132b)\n|inactive|p0x285c2a9 also wants the timer to be on.\n|\n|t:|1783542363\n|move|p1a: Basculegion|Shadow Ball|p2a: Metagross\n|-supereffective|p2a: Metagross\n|-damage|p2a: Metagross|16/256\n|move|p2a: Metagross|Knock Off|p1a: Basculegion\n|-supereffective|p1a: Basculegion\n|-damage|p1a: Basculegion|15/100\n|-enditem|p1a: Basculegion|Assault Vest|[from] move: Knock Off|[of] p2a: Metagross\n|\n|upkeep\n|turn|2\n|inactive|Time left: 300 sec this turn | 300 sec total\n|\n|t:|1783542364\n|switch|p2a: Yanmega|Yanmega, L82, F|275/275\n|move|p1a: Basculegion|Shadow Ball|p2a: Yanmega\n|-damage|p2a: Yanmega|111/275\n|\n|upkeep\n|turn|3\n|inactive|Time left: 300 sec this turn | 300 sec total\n|\n|t:|1783542365\n|switch|p1a: Tyranitar|Tyranitar, L78, F|100/100\n|-weather|Sandstorm|[from] ability: Sand Stream|[of] p1a: Tyranitar\n|move|p2a: Yanmega|Bug Buzz|p1a: Tyranitar\n|-supereffective|p1a: Tyranitar\n|-damage|p1a: Tyranitar|69/100\n|-unboost|p1a: Tyranitar|spd|1\n|\n|-weather|Sandstorm|[upkeep]\n|-damage|p2a: Yanmega|94/275|[from] Sandstorm\n|-ability|p2a: Yanmega|Speed Boost|boost\n|-boost|p2a: Yanmega|spe|1\n|upkeep\n|turn|4\n|inactive|Time left: 300 sec this turn | 300 sec total\n|\n|t:|1783542367\n|move|p2a: Yanmega|Bug Buzz|p1a: Tyranitar\n|-supereffective|p1a: Tyranitar\n|-damage|p1a: Tyranitar|17/100\n|move|p1a: Tyranitar|Knock Off|p2a: Yanmega\n|-damage|p2a: Yanmega|0 fnt\n|-enditem|p2a: Yanmega|Heavy-Duty Boots|[from] move: Knock Off|[of] p1a: Tyranitar\n|faint|p2a: Yanmega\n|\n|-weather|Sandstorm|[upkeep]\n|upkeep\n|inactive|Time left: 300 sec this turn | 300 sec total | 5 sec grace\n|\n|t:|1783542368\n|switch|p2a: Arbok|Arbok, L87, M|246/246\n|-ability|p2a: Arbok|Intimidate|boost\n|-unboost|p1a: Tyranitar|atk|1\n|turn|5\n|inactive|Time left: 300 sec this turn | 300 sec total\n|\n|t:|1783542369\n|switch|p1a: Minior|Minior-Orange, L79|100/100\n|-formechange|p1a: Minior|Minior-Meteor||[from] ability: Shields Down\n|move|p2a: Arbok|Trailblaze|p1a: Minior\n|-damage|p1a: Minior|85/100\n|-boost|p2a: Arbok|spe|1\n|\n|-weather|Sandstorm|[upkeep]\n|-damage|p2a: Arbok|231/246|[from] Sandstorm\n|-heal|p2a: Arbok|246/246|[from] item: Leftovers\n|upkeep\n|turn|6\n|inactive|Time left: 300 sec this turn | 300 sec total\n|\n|t:|1783542371\n|move|p2a: Arbok|Coil|p2a: Arbok\n|-boost|p2a: Arbok|atk|1\n|-boost|p2a: Arbok|def|1\n|-boost|p2a: Arbok|accuracy|1\n|move|p1a: Minior|Shell Smash|p1a: Minior\n|-unboost|p1a: Minior|def|1\n|-unboost|p1a: Minior|spd|1\n|-boost|p1a: Minior|atk|2\n|-boost|p1a: Minior|spa|2\n|-boost|p1a: Minior|spe|2\n|-enditem|p1a: Minior|White Herb\n|-clearnegativeboost|p1a: Minior|[silent]\n|\n|-weather|Sandstorm|[upkeep]\n|-damage|p2a: Arbok|231/246|[from] Sandstorm\n|-heal|p2a: Arbok|246/246|[from] item: Leftovers\n|upkeep\n|turn|7\n|inactive|Time left: 300 sec this turn | 300 sec total\n|\n|t:|1783542372\n|-terastallize|p2a: Arbok|Ground\n|move|p2a: Arbok|Coil|p2a: Arbok\n|-boost|p2a: Arbok|atk|1\n|-boost|p2a: Arbok|def|1\n|-boost|p2a: Arbok|accuracy|1\n|move|p1a: Minior|Acrobatics|p2a: Arbok\n|-damage|p2a: Arbok|156/246\n|\n|-weather|none\n|-heal|p2a: Arbok|171/246|[from] item: Leftovers\n|upkeep\n|turn|8\n|inactive|Time left: 300 sec this turn | 300 sec total\n|\n|t:|1783542373\n|move|p2a: Arbok|Trailblaze|p1a: Minior\n|-damage|p1a: Minior|56/100\n|-boost|p2a: Arbok|spe|1\n|move|p1a: Minior|Acrobatics|p2a: Arbok\n|-damage|p2a: Arbok|81/246\n|\n|-heal|p2a: Arbok|96/246|[from] item: Leftovers\n|upkeep\n|turn|9\n|inactive|Time left: 300 sec this turn | 300 sec total\n|\n|t:|1783542374\n|move|p2a: Arbok|Gunk Shot|p1a: Minior\n|-resisted|p1a: Minior\n|-damage|p1a: Minior|0 fnt\n|faint|p1a: Minior\n|\n|-heal|p2a: Arbok|111/246|[from] item: Leftovers\n|upkeep\n|\n|t:|1783542375\n|switch|p1a: Articuno|Articuno-Galar, L84|100/100\n|turn|10\n|inactive|Time left: 300 sec this turn | 300 sec total\n|\n|t:|1783542376\n|move|p2a: Arbok|Gunk Shot|p1a: Articuno\n|-crit|p1a: Articuno\n|-damage|p1a: Articuno|0 fnt\n|faint|p1a: Articuno\n|\n|-heal|p2a: Arbok|126/246|[from] item: Leftovers\n|upkeep\n|\n|t:|1783542377\n|switch|p1a: Overqwil|Overqwil, L82, M|100/100\n|-ability|p1a: Overqwil|Intimidate|boost\n|-unboost|p2a: Arbok|atk|1\n|turn|11\n|inactive|Time left: 300 sec this turn | 300 sec total\n|\n|t:|1783542378\n|switch|p1a: Basculegion|Basculegion-F, L83, F|15/100\n|move|p2a: Arbok|Earthquake|p1a: Basculegion\n|-damage|p1a: Basculegion|0 fnt\n|faint|p1a: Basculegion\n|\n|-heal|p2a: Arbok|141/246|[from] item: Leftovers\n|upkeep\n|\n|t:|1783542379\n|switch|p1a: Hoopa|Hoopa, L85|100/100\n|turn|12\n|inactive|Time left: 300 sec this turn | 300 sec total\n|\n|t:|1783542380\n|move|p2a: Arbok|Earthquake|p1a: Hoopa\n|-crit|p1a: Hoopa\n|-damage|p1a: Hoopa|0 fnt\n|faint|p1a: Hoopa\n|\n|-heal|p2a: Arbok|156/246|[from] item: Leftovers\n|upkeep\n|\n|t:|1783542381\n|switch|p1a: Overqwil|Overqwil, L82, M|100/100\n|-ability|p1a: Overqwil|Intimidate|boost\n|-unboost|p2a: Arbok|atk|1\n|turn|13\n|inactive|Time left: 300 sec this turn | 300 sec total\n|\n|t:|1783542382\n|-terastallize|p1a: Overqwil|Dragon\n|move|p2a: Arbok|Earthquake|p1a: Overqwil\n|-damage|p1a: Overqwil|64/100\n|move|p1a: Overqwil|Swords Dance|p1a: Overqwil\n|-boost|p1a: Overqwil|atk|2\n|\n|-heal|p2a: Arbok|171/246|[from] item: Leftovers\n|upkeep\n|turn|14\n|inactive|Time left: 300 sec this turn | 300 sec total\n|\n|t:|1783542383\n|move|p2a: Arbok|Coil|p2a: Arbok\n|-boost|p2a: Arbok|atk|1\n|-boost|p2a: Arbok|def|1\n|-boost|p2a: Arbok|accuracy|1\n|move|p1a: Overqwil|Scale Shot|p2a: Arbok|[miss]\n|-miss|p1a: Overqwil|p2a: Arbok\n|\n|-heal|p2a: Arbok|186/246|[from] item: Leftovers\n|upkeep\n|turn|15\n|inactive|Time left: 300 sec this turn | 300 sec total\n|\n|t:|1783542384\n|switch|p1a: Tyranitar|Tyranitar, L78, F|17/100\n|-weather|Sandstorm|[from] ability: Sand Stream|[of] p1a: Tyranitar\n|move|p2a: Arbok|Gunk Shot|p1a: Tyranitar\n|-resisted|p1a: Tyranitar\n|-crit|p1a: Tyranitar\n|-damage|p1a: Tyranitar|0 fnt\n|faint|p1a: Tyranitar\n|\n|-weather|Sandstorm|[upkeep]\n|-heal|p2a: Arbok|201/246|[from] item: Leftovers\n|upkeep\n|\n|t:|1783542385\n|switch|p1a: Overqwil|Overqwil, L82, M, tera:Dragon|64/100\n|-ability|p1a: Overqwil|Intimidate|boost\n|-unboost|p2a: Arbok|atk|1\n|turn|16\n|inactive|Time left: 300 sec this turn | 300 sec total\n|\n|t:|1783542386\n|move|p2a: Arbok|Gunk Shot|p1a: Overqwil\n|-crit|p1a: Overqwil\n|-damage|p1a: Overqwil|0 fnt\n|faint|p1a: Overqwil\n|\n|win|p0y285132b", "uploadtime": 1783542386, "views": 0, "rating": 0, "private": 0, "password": null, "_winner": "p0y285132b", "_our_name": "p0y285132b"}