{"id": "battle-gen9randombattle-2615", "formatid": "gen9randombattle", "format": "[Gen 9] Random Battle", "players": ["p0x2615032b", "p0y26153642"], "log": "|init|battle\n|title|p0x2615032b vs. p0y26153642\n|j|\u2606p0x2615032b\n|j|\u2606p0y26153642\n|t:|1783569215\n|gametype|singles\n|player|p1|p0x2615032b|169|\n|player|p2|p0y26153642|2|\n|gen|9\n|tier|[Gen 9] Random Battle\n|rule|Species Clause: Limit one of each Pok\u00e9mon\n|rule|HP Percentage Mod: HP is shown in percentages\n|rule|Sleep Clause Mod: Limit one foe put to sleep\n|rule|Illusion Level Mod: Illusion disguises the Pok\u00e9mon's true level\n|\n|t:|1783569215\n|teamsize|p1|6\n|teamsize|p2|6\n|start\n|switch|p1a: Ceruledge|Ceruledge, L78, M|100/100\n|switch|p2a: Scovillain|Scovillain, L91, F|266/266\n|turn|1\n|inactive|Battle timer is ON: inactive players will automatically lose when time's up. (requested by p0y26153642)\n|inactive|p0x2615032b also wants the timer to be on.\n|\n|t:|1783569216\n|switch|p2a: Quagsire|Quagsire, L84, M|297/297\n|move|p1a: Ceruledge|Swords Dance|p1a: Ceruledge\n|-boost|p1a: Ceruledge|atk|2\n|\n|upkeep\n|turn|2\n|inactive|Time left: 300 sec this turn | 300 sec total\n|\n|t:|1783569218\n|move|p1a: Ceruledge|Poltergeist|p2a: Quagsire\n|-activate|p2a: Quagsire|move: Poltergeist|Leftovers\n|-damage|p2a: Quagsire|176/297\n|move|p2a: Quagsire|Earthquake|p1a: Ceruledge\n|-supereffective|p1a: Ceruledge\n|-damage|p1a: Ceruledge|16/100\n|-ability|p1a: Ceruledge|Weak Armor|boost\n|-unboost|p1a: Ceruledge|def|1\n|-boost|p1a: Ceruledge|spe|2\n|\n|-heal|p2a: Quagsire|194/297|[from] item: Leftovers\n|upkeep\n|turn|3\n|inactive|Time left: 300 sec this turn | 300 sec total\n|\n|t:|1783569218\n|move|p1a: Ceruledge|Poltergeist|p2a: Quagsire\n|-activate|p2a: Quagsire|move: Poltergeist|Leftovers\n|-damage|p2a: Quagsire|76/297\n|move|p2a: Quagsire|Earthquake|p1a: Ceruledge\n|-supereffective|p1a: Ceruledge\n|-damage|p1a: Ceruledge|0 fnt\n|faint|p1a: Ceruledge\n|\n|-heal|p2a: Quagsire|94/297|[from] item: Leftovers\n|upkeep\n|\n|t:|1783569219\n|switch|p1a: Grimmsnarl|Grimmsnarl, L83, M|100/100\n|turn|4\n|inactive|Time left: 300 sec this turn | 300 sec total\n|\n|t:|1783569220\n|move|p1a: Grimmsnarl|Spirit Break|p2a: Quagsire\n|-damage|p2a: Quagsire|7/297\n|-unboost|p2a: Quagsire|spa|1\n|move|p2a: Quagsire|Recover|p2a: Quagsire\n|-heal|p2a: Quagsire|156/297\n|\n|-heal|p2a: Quagsire|174/297|[from] item: Leftovers\n|upkeep\n|turn|5\n|inactive|Time left: 300 sec this turn | 300 sec total\n|\n|t:|1783569221\n|move|p1a: Grimmsnarl|Reflect|p1a: Grimmsnarl\n|-sidestart|p1: p0x2615032b|Reflect\n|move|p2a: Quagsire|Toxic|p1a: Grimmsnarl\n|-status|p1a: Grimmsnarl|tox\n|\n|-heal|p2a: Quagsire|192/297|[from] item: Leftovers\n|-damage|p1a: Grimmsnarl|94/100 tox|[from] psn\n|upkeep\n|turn|6\n|inactive|Time left: 300 sec this turn | 300 sec total\n|\n|t:|1783569222\n|move|p1a: Grimmsnarl|Light Screen|p1a: Grimmsnarl\n|-sidestart|p1: p0x2615032b|move: Light Screen\n|move|p2a: Quagsire|Spikes|p1a: Grimmsnarl\n|-sidestart|p1: p0x2615032b|Spikes\n|\n|-heal|p2a: Quagsire|210/297|[from] item: Leftovers\n|-damage|p1a: Grimmsnarl|82/100 tox|[from] psn\n|upkeep\n|turn|7\n|inactive|Time left: 300 sec this turn | 300 sec total\n|\n|t:|1783569223\n|move|p1a: Grimmsnarl|Parting Shot|p2a: Quagsire\n|-unboost|p2a: Quagsire|atk|1\n|-unboost|p2a: Quagsire|spa|1\n|\n|t:|1783569224\n|switch|p1a: Slither Wing|Slither Wing, L81|100/100|[from] Parting Shot\n|move|p2a: Quagsire|Recover|p2a: Quagsire\n|-heal|p2a: Quagsire|297/297\n|\n|upkeep\n|turn|8\n|inactive|Time left: 300 sec this turn | 300 sec total\n|\n|t:|1783569224\n|switch|p2a: Spidops|Spidops, L96, F|271/271\n|move|p1a: Slither Wing|Close Combat|p2a: Spidops\n|-resisted|p2a: Spidops\n|-crit|p2a: Spidops\n|-damage|p2a: Spidops|169/271\n|-unboost|p1a: Slither Wing|def|1\n|-unboost|p1a: Slither Wing|spd|1\n|\n|upkeep\n|turn|9\n|inactive|Time left: 300 sec this turn | 300 sec total\n|\n|t:|1783569225\n|move|p1a: Slither Wing|U-turn|p2a: Spidops\n|-damage|p2a: Spidops|97/271\n|\n|t:|1783569226\n|-end|p1a: Slither Wing|Protosynthesis|[silent]\n|switch|p1a: Smeargle|Smeargle, L95, F|100/100|[from] U-turn\n|-damage|p1a: Smeargle|88/100|[from] Spikes\n|move|p2a: Spidops|Sticky Web|p1a: Smeargle\n|-sidestart|p1: p0x2615032b|move: Sticky Web\n|\n|upkeep\n|turn|10\n|inactive|Time left: 300 sec this turn | 300 sec total\n|\n|t:|1783569226\n|move|p1a: Smeargle|Sticky Web|p2a: Spidops\n|-sidestart|p2: p0y26153642|move: Sticky Web\n|move|p2a: Spidops|Circle Throw|p1a: Smeargle\n|-supereffective|p1a: Smeargle\n|-damage|p1a: Smeargle|57/100\n|drag|p1a: Grimmsnarl|Grimmsnarl, L83, M|82/100 tox\n|-damage|p1a: Grimmsnarl|70/100 tox|[from] Spikes\n|-activate|p1a: Grimmsnarl|move: Sticky Web\n|-unboost|p1a: Grimmsnarl|spe|1\n|\n|-damage|p1a: Grimmsnarl|64/100 tox|[from] psn\n|upkeep\n|turn|11\n|inactive|Time left: 300 sec this turn | 300 sec total\n|\n|t:|1783569227\n|move|p2a: Spidops|Knock Off|p1a: Grimmsnarl\n|-resisted|p1a: Grimmsnarl\n|-damage|p1a: Grimmsnarl|60/100 tox\n|-enditem|p1a: Grimmsnarl|Light Clay|[from] move: Knock Off|[of] p2a: Spidops\n|move|p1a: Grimmsnarl|Spirit Break|p2a: Spidops\n|-damage|p2a: Spidops|21/271\n|-unboost|p2a: Spidops|spa|1\n|\n|-damage|p1a: Grimmsnarl|48/100 tox|[from] psn\n|upkeep\n|turn|12\n|inactive|Time left: 300 sec this turn | 300 sec total\n|\n|t:|1783569228\n|move|p2a: Spidops|Toxic Spikes|p1a: Grimmsnarl\n|-sidestart|p1: p0x2615032b|move: Toxic Spikes\n|move|p1a: Grimmsnarl|Spirit Break|p2a: Spidops\n|-damage|p2a: Spidops|0 fnt\n|faint|p2a: Spidops\n|\n|-damage|p1a: Grimmsnarl|29/100 tox|[from] psn\n|-sideend|p1: p0x2615032b|Reflect\n|upkeep\n|inactive|Time left: 300 sec this turn | 300 sec total | 5 sec grace\n|\n|t:|1783569228\n|switch|p2a: Zapdos|Zapdos-Galar, L77|265/265\n|turn|13\n|inactive|Time left: 300 sec this turn | 300 sec total\n|\n|t:|1783569229\n|move|p1a: Grimmsnarl|Reflect|p1a: Grimmsnarl\n|-sidestart|p1: p0x2615032b|Reflect\n|move|p2a: Zapdos|Bulk Up|p2a: Zapdos\n|-boost|p2a: Zapdos|atk|1\n|-boost|p2a: Zapdos|def|1\n|\n|-damage|p1a: Grimmsnarl|5/100 tox|[from] psn\n|-sideend|p1: p0x2615032b|move: Light Screen\n|upkeep\n|turn|14\n|inactive|Time left: 300 sec this turn | 300 sec total\n|\n|t:|1783569230\n|move|p1a: Grimmsnarl|Light Screen|p1a: Grimmsnarl\n|-sidestart|p1: p0x2615032b|move: Light Screen\n|move|p2a: Zapdos|Bulk Up|p2a: Zapdos\n|-boost|p2a: Zapdos|atk|1\n|-boost|p2a: Zapdos|def|1\n|\n|-damage|p1a: Grimmsnarl|0 fnt|[from] psn\n|faint|p1a: Grimmsnarl\n|upkeep\n|\n|t:|1783569231\n|switch|p1a: Zebstrika|Zebstrika, L87, M|100/100\n|-damage|p1a: Zebstrika|88/100|[from] Spikes\n|-activate|p1a: Zebstrika|move: Sticky Web\n|-unboost|p1a: Zebstrika|spe|1\n|-status|p1a: Zebstrika|psn\n|turn|15\n|inactive|Time left: 300 sec this turn | 300 sec total\n|\n|t:|1783569231\n|move|p2a: Zapdos|Knock Off|p1a: Zebstrika\n|-damage|p1a: Zebstrika|43/100 psn\n|-enditem|p1a: Zebstrika|Life Orb|[from] move: Knock Off|[of] p2a: Zapdos\n|-damage|p2a: Zapdos|239/265|[from] item: Life Orb\n|move|p1a: Zebstrika|Volt Switch|p2a: Zapdos\n|-supereffective|p2a: Zapdos\n|-damage|p2a: Zapdos|101/265\n|\n|t:|1783569232\n|switch|p1a: Slither Wing|Slither Wing, L81|100/100|[from] Volt Switch\n|\n|upkeep\n|turn|16\n|inactive|Time left: 300 sec this turn | 300 sec total\n|\n|t:|1783569233\n|move|p2a: Zapdos|Knock Off|p1a: Slither Wing\n|-resisted|p1a: Slither Wing\n|-damage|p1a: Slither Wing|83/100\n|-enditem|p1a: Slither Wing|Heavy-Duty Boots|[from] move: Knock Off|[of] p2a: Zapdos\n|-damage|p2a: Zapdos|75/265|[from] item: Life Orb\n|move|p1a: Slither Wing|Will-O-Wisp|p2a: Zapdos\n|-status|p2a: Zapdos|brn\n|\n|-damage|p2a: Zapdos|59/265 brn|[from] brn\n|upkeep\n|turn|17\n|inactive|Time left: 300 sec this turn | 300 sec total\n|\n|t:|1783569234\n|move|p2a: Zapdos|Brave Bird|p1a: Slither Wing\n|-supereffective|p1a: Slither Wing\n|-damage|p1a: Slither Wing|0 fnt\n|faint|p1a: Slither Wing\n|-end|p1a: Slither Wing|Protosynthesis|[silent]\n|-damage|p2a: Zapdos|0 fnt|[from] Recoil\n|faint|p2a: Zapdos\n|\n|-sideend|p1: p0x2615032b|Reflect\n|upkeep\n|inactive|Time left: 300 sec this turn | 300 sec total | 5 sec grace\n|\n|t:|1783569235\n|switch|p2a: Haxorus|Haxorus, L77, F|244/244\n|switch|p1a: Ting-Lu|Ting-Lu, L78|100/100\n|-activate|p2a: Haxorus|move: Sticky Web\n|-unboost|p2a: Haxorus|spe|1\n|-ability|p2a: Haxorus|Mold Breaker\n|-damage|p1a: Ting-Lu|88/100|[from] Spikes\n|-activate|p1a: Ting-Lu|move: Sticky Web\n|-unboost|p1a: Ting-Lu|spe|1\n|-status|p1a: Ting-Lu|psn\n|-ability|p1a: Ting-Lu|Vessel of Ruin\n|turn|18\n|inactive|Time left: 300 sec this turn | 300 sec total\n|\n|t:|1783569236\n|move|p2a: Haxorus|Dragon Dance|p2a: Haxorus\n|-boost|p2a: Haxorus|atk|1\n|-boost|p2a: Haxorus|spe|1\n|move|p1a: Ting-Lu|Earthquake|p2a: Haxorus\n|-damage|p2a: Haxorus|124/244\n|\n|-heal|p1a: Ting-Lu|94/100 psn|[from] item: Leftovers\n|-damage|p1a: Ting-Lu|82/100 psn|[from] psn\n|-sideend|p1: p0x2615032b|move: Light Screen\n|upkeep\n|turn|19\n|inactive|Time left: 300 sec this turn | 300 sec total\n|\n|t:|1783569237\n|-terastallize|p1a: Ting-Lu|Steel\n|move|p2a: Haxorus|Outrage|p1a: Ting-Lu\n|-resisted|p1a: Ting-Lu\n|-damage|p1a: Ting-Lu|59/100 psn\n|move|p1a: Ting-Lu|Heavy Slam|p2a: Haxorus\n|-damage|p2a: Haxorus|4/244\n|\n|-heal|p1a: Ting-Lu|65/100 psn|[from] item: Leftovers\n|-damage|p1a: Ting-Lu|53/100 psn|[from] psn\n|upkeep\n|turn|20\n|inactive|Time left: 300 sec this turn | 300 sec total\n|\n|t:|1783569238\n|move|p2a: Haxorus|Outrage|p1a: Ting-Lu|[from] lockedmove\n|-resisted|p1a: Ting-Lu\n|-damage|p1a: Ting-Lu|29/100 psn\n|-start|p2a: Haxorus|confusion|[fatigue]\n|-enditem|p2a: Haxorus|Lum Berry|[eat]\n|-end|p2a: Haxorus|confusion\n|move|p1a: Ting-Lu|Payback|p2a: Haxorus\n|-damage|p2a: Haxorus|0 fnt\n|faint|p2a: Haxorus\n|\n|-heal|p1a: Ting-Lu|35/100 psn|[from] item: Leftovers\n|-damage|p1a: Ting-Lu|22/100 psn|[from] psn\n|upkeep\n|inactive|Time left: 300 sec this turn | 300 sec total | 5 sec grace\n|\n|t:|1783569239\n|switch|p2a: Scovillain|Scovillain, L91, F|266/266\n|turn|21\n|inactive|Time left: 300 sec this turn | 300 sec total\n|\n|t:|1783569240\n|move|p2a: Scovillain|Stomping Tantrum|p1a: Ting-Lu\n|-supereffective|p1a: Ting-Lu\n|-damage|p1a: Ting-Lu|0 fnt\n|faint|p1a: Ting-Lu\n|\n|upkeep\n|\n|t:|1783569241\n|switch|p1a: Smeargle|Smeargle, L95, F|57/100\n|-damage|p1a: Smeargle|44/100|[from] Spikes\n|-activate|p1a: Smeargle|move: Sticky Web\n|-unboost|p1a: Smeargle|spe|1\n|-status|p1a: Smeargle|psn\n|turn|22\n|inactive|Time left: 300 sec this turn | 300 sec total\n|\n|t:|1783569242\n|move|p2a: Scovillain|Stomping Tantrum|p1a: Smeargle\n|-damage|p1a: Smeargle|5/100 psn\n|move|p1a: Smeargle|Ceaseless Edge|p2a: Scovillain\n|-damage|p2a: Scovillain|241/266\n|-sidestart|p2: p0y26153642|Spikes\n|\n|-damage|p1a: Smeargle|0 fnt|[from] psn\n|faint|p1a: Smeargle\n|upkeep\n|\n|t:|1783569243\n|switch|p1a: Zebstrika|Zebstrika, L87, M|43/100 psn\n|-damage|p1a: Zebstrika|31/100 psn|[from] Spikes\n|-activate|p1a: Zebstrika|move: Sticky Web\n|-unboost|p1a: Zebstrika|spe|1\n|turn|23\n|inactive|Time left: 300 sec this turn | 300 sec total\n|\n|t:|1783569244\n|move|p2a: Scovillain|Stomping Tantrum|p1a: Zebstrika\n|-supereffective|p1a: Zebstrika\n|-damage|p1a: Zebstrika|0 fnt\n|faint|p1a: Zebstrika\n|\n|win|p0y26153642", "uploadtime": 1783569244, "views": 0, "rating": 0, "private": 0, "password": null, "_winner": "p0y26153642", "_our_name": "p0y26153642"}