{"id": "battle-gen9randombattle-2195", "formatid": "gen9randombattle", "format": "[Gen 9] Random Battle", "players": ["p0x21950454", "p0y2195d603"], "log": "|init|battle\n|title|p0x21950454 vs. p0y2195d603\n|j|\u2606p0x21950454\n|j|\u2606p0y2195d603\n|t:|1783565448\n|gametype|singles\n|player|p1|p0x21950454|102|\n|player|p2|p0y2195d603|1|\n|gen|9\n|tier|[Gen 9] Random Battle\n|rule|Species Clause: Limit one of each Pok\u00e9mon\n|rule|HP Percentage Mod: HP is shown in percentages\n|rule|Sleep Clause Mod: Limit one foe put to sleep\n|rule|Illusion Level Mod: Illusion disguises the Pok\u00e9mon's true level\n|\n|t:|1783565448\n|teamsize|p1|6\n|teamsize|p2|6\n|start\n|switch|p1a: Slither Wing|Slither Wing, L81|270/270\n|switch|p2a: Gurdurr|Gurdurr, L85, M|100/100\n|turn|1\n|inactive|Battle timer is ON: inactive players will automatically lose when time's up. (requested by p0y2195d603)\n|inactive|Time left: 300 sec this turn | 300 sec total | 60 sec grace\n|inactive|p0x21950454 also wants the timer to be on.\n|\n|t:|1783565449\n|move|p1a: Slither Wing|Close Combat|p2a: Gurdurr\n|-damage|p2a: Gurdurr|54/100\n|-unboost|p1a: Slither Wing|def|1\n|-unboost|p1a: Slither Wing|spd|1\n|-damage|p1a: Slither Wing|243/270|[from] item: Life Orb\n|move|p2a: Gurdurr|Knock Off|p1a: Slither Wing\n|-resisted|p1a: Slither Wing\n|-damage|p1a: Slither Wing|174/270\n|-enditem|p1a: Slither Wing|Life Orb|[from] move: Knock Off|[of] p2a: Gurdurr\n|\n|upkeep\n|turn|2\n|inactive|Time left: 300 sec this turn | 300 sec total\n|\n|t:|1783565450\n|-end|p1a: Slither Wing|Protosynthesis|[silent]\n|switch|p1a: Necrozma|Necrozma-Dusk-Mane, L69|248/248\n|move|p2a: Gurdurr|Drain Punch|p1a: Necrozma\n|-damage|p1a: Necrozma|172/248\n|-heal|p2a: Gurdurr|67/100|[from] drain|[of] p1a: Necrozma\n|\n|upkeep\n|turn|3\n|inactive|Time left: 300 sec this turn | 300 sec total\n|\n|t:|1783565451\n|move|p1a: Necrozma|Dragon Dance|p1a: Necrozma\n|-boost|p1a: Necrozma|atk|1\n|-boost|p1a: Necrozma|spe|1\n|move|p2a: Gurdurr|Drain Punch|p1a: Necrozma\n|-damage|p1a: Necrozma|90/248\n|-heal|p2a: Gurdurr|81/100|[from] drain|[of] p1a: Necrozma\n|\n|upkeep\n|turn|4\n|inactive|Time left: 300 sec this turn | 300 sec total\n|\n|t:|1783565453\n|move|p1a: Necrozma|Morning Sun|p1a: Necrozma\n|-heal|p1a: Necrozma|214/248\n|move|p2a: Gurdurr|Knock Off|p1a: Necrozma\n|-supereffective|p1a: Necrozma\n|-damage|p1a: Necrozma|111/248\n|-enditem|p1a: Necrozma|Weakness Policy\n|-boost|p1a: Necrozma|atk|2|[from] item: Weakness Policy\n|-boost|p1a: Necrozma|spa|2|[from] item: Weakness Policy\n|\n|upkeep\n|turn|5\n|inactive|Time left: 300 sec this turn | 300 sec total\n|\n|t:|1783565453\n|move|p1a: Necrozma|Morning Sun|p1a: Necrozma\n|-heal|p1a: Necrozma|235/248\n|move|p2a: Gurdurr|Drain Punch|p1a: Necrozma\n|-damage|p1a: Necrozma|153/248\n|-heal|p2a: Gurdurr|96/100|[from] drain|[of] p1a: Necrozma\n|\n|upkeep\n|turn|6\n|inactive|Time left: 300 sec this turn | 300 sec total\n|\n|t:|1783565454\n|switch|p2a: Rotom|Rotom-Wash, L82|100/100\n|move|p1a: Necrozma|Sunsteel Strike|p2a: Rotom\n|-resisted|p2a: Rotom\n|-damage|p2a: Rotom|76/100\n|\n|-heal|p2a: Rotom|82/100|[from] item: Leftovers\n|upkeep\n|turn|7\n|inactive|Time left: 300 sec this turn | 300 sec total\n|\n|t:|1783565456\n|move|p1a: Necrozma|Morning Sun|p1a: Necrozma\n|-heal|p1a: Necrozma|248/248\n|move|p2a: Rotom|Will-O-Wisp|p1a: Necrozma\n|-status|p1a: Necrozma|brn\n|\n|-heal|p2a: Rotom|88/100|[from] item: Leftovers\n|-damage|p1a: Necrozma|233/248 brn|[from] brn\n|upkeep\n|turn|8\n|inactive|Time left: 300 sec this turn | 300 sec total\n|\n|t:|1783565456\n|move|p1a: Necrozma|Dragon Dance|p1a: Necrozma\n|-boost|p1a: Necrozma|atk|1\n|-boost|p1a: Necrozma|spe|1\n|move|p2a: Rotom|Thunderbolt|p1a: Necrozma\n|-damage|p1a: Necrozma|128/248 brn\n|\n|-heal|p2a: Rotom|94/100|[from] item: Leftovers\n|-damage|p1a: Necrozma|113/248 brn|[from] brn\n|upkeep\n|turn|9\n|inactive|Time left: 300 sec this turn | 300 sec total\n|\n|t:|1783565457\n|move|p1a: Necrozma|Morning Sun|p1a: Necrozma\n|-heal|p1a: Necrozma|237/248 brn\n|move|p2a: Rotom|Thunderbolt|p1a: Necrozma\n|-damage|p1a: Necrozma|135/248 brn\n|\n|-heal|p2a: Rotom|99/100|[from] item: Leftovers\n|-damage|p1a: Necrozma|120/248 brn|[from] brn\n|upkeep\n|turn|10\n|inactive|Time left: 300 sec this turn | 300 sec total\n|\n|t:|1783565458\n|move|p1a: Necrozma|Morning Sun|p1a: Necrozma\n|-heal|p1a: Necrozma|244/248 brn\n|move|p2a: Rotom|Hydro Pump|p1a: Necrozma\n|-damage|p1a: Necrozma|118/248 brn\n|\n|-heal|p2a: Rotom|100/100|[from] item: Leftovers\n|-damage|p1a: Necrozma|103/248 brn|[from] brn\n|upkeep\n|turn|11\n|inactive|Time left: 300 sec this turn | 300 sec total\n|\n|t:|1783565459\n|move|p1a: Necrozma|Morning Sun|p1a: Necrozma\n|-heal|p1a: Necrozma|227/248 brn\n|move|p2a: Rotom|Thunderbolt|p1a: Necrozma\n|-damage|p1a: Necrozma|136/248 brn\n|\n|-damage|p1a: Necrozma|121/248 brn|[from] brn\n|upkeep\n|turn|12\n|inactive|Time left: 300 sec this turn | 300 sec total\n|\n|t:|1783565460\n|move|p1a: Necrozma|Morning Sun|p1a: Necrozma\n|-heal|p1a: Necrozma|245/248 brn\n|move|p2a: Rotom|Hydro Pump|p1a: Necrozma\n|-damage|p1a: Necrozma|128/248 brn\n|\n|-damage|p1a: Necrozma|113/248 brn|[from] brn\n|upkeep\n|turn|13\n|inactive|Time left: 300 sec this turn | 300 sec total\n|\n|t:|1783565461\n|move|p1a: Necrozma|Morning Sun|p1a: Necrozma\n|-heal|p1a: Necrozma|237/248 brn\n|move|p2a: Rotom|Thunderbolt|p1a: Necrozma\n|-damage|p1a: Necrozma|144/248 brn\n|\n|-damage|p1a: Necrozma|129/248 brn|[from] brn\n|upkeep\n|turn|14\n|inactive|Time left: 300 sec this turn | 300 sec total\n|\n|t:|1783565462\n|move|p1a: Necrozma|Dragon Dance|p1a: Necrozma\n|-boost|p1a: Necrozma|atk|1\n|-boost|p1a: Necrozma|spe|1\n|move|p2a: Rotom|Hydro Pump|p1a: Necrozma|[miss]\n|-miss|p2a: Rotom|p1a: Necrozma\n|\n|-damage|p1a: Necrozma|114/248 brn|[from] brn\n|upkeep\n|turn|15\n|inactive|Time left: 300 sec this turn | 300 sec total\n|\n|t:|1783565463\n|move|p1a: Necrozma|Earthquake|p2a: Rotom\n|-immune|p2a: Rotom|[from] ability: Levitate\n|move|p2a: Rotom|Thunderbolt|p1a: Necrozma\n|-damage|p1a: Necrozma|11/248 brn\n|\n|-damage|p1a: Necrozma|0 fnt|[from] brn\n|faint|p1a: Necrozma\n|upkeep\n|inactive|Time left: 300 sec this turn | 300 sec total | 5 sec grace\n|\n|t:|1783565464\n|switch|p1a: Miraidon|Miraidon, L65|238/238\n|-fieldstart|move: Electric Terrain|[from] ability: Hadron Engine|[of] p1a: Miraidon\n|turn|16\n|inactive|Time left: 300 sec this turn | 300 sec total\n|\n|t:|1783565465\n|move|p1a: Miraidon|Electro Drift|p2a: Rotom\n|-damage|p2a: Rotom|9/100\n|move|p2a: Rotom|Pain Split|p1a: Miraidon\n|-sethp|p1a: Miraidon|128/238|[from] move: Pain Split|[silent]\n|-sethp|p2a: Rotom|60/100|[from] move: Pain Split\n|\n|-heal|p2a: Rotom|66/100|[from] item: Leftovers\n|upkeep\n|turn|17\n|inactive|Time left: 300 sec this turn | 300 sec total\n|\n|t:|1783565466\n|switch|p2a: Probopass|Probopass, L91, M|100/100\n|move|p1a: Miraidon|Electro Drift|p2a: Probopass\n|-damage|p2a: Probopass|46/100\n|\n|-heal|p2a: Probopass|52/100|[from] item: Leftovers\n|upkeep\n|turn|18\n|inactive|Time left: 300 sec this turn | 300 sec total\n|\n|t:|1783565467\n|move|p1a: Miraidon|Electro Drift|p2a: Probopass\n|-damage|p2a: Probopass|0 fnt\n|faint|p2a: Probopass\n|\n|upkeep\n|\n|t:|1783565468\n|switch|p2a: Kyogre|Kyogre, L71|100/100\n|-weather|RainDance|[from] ability: Drizzle|[of] p2a: Kyogre\n|turn|19\n|inactive|Time left: 300 sec this turn | 300 sec total\n|\n|t:|1783565469\n|-terastallize|p2a: Kyogre|Dragon\n|move|p1a: Miraidon|Electro Drift|p2a: Kyogre\n|-resisted|p2a: Kyogre\n|-damage|p2a: Kyogre|66/100\n|move|p2a: Kyogre|Calm Mind|p2a: Kyogre\n|-boost|p2a: Kyogre|spa|1\n|-boost|p2a: Kyogre|spd|1\n|\n|-weather|RainDance|[upkeep]\n|-heal|p2a: Kyogre|72/100|[from] item: Leftovers\n|upkeep\n|turn|20\n|inactive|Time left: 300 sec this turn | 300 sec total\n|\n|t:|1783565470\n|move|p1a: Miraidon|Electro Drift|p2a: Kyogre\n|-resisted|p2a: Kyogre\n|-damage|p2a: Kyogre|48/100\n|move|p2a: Kyogre|Ice Beam|p1a: Miraidon\n|-supereffective|p1a: Miraidon\n|-damage|p1a: Miraidon|0 fnt\n|faint|p1a: Miraidon\n|\n|-weather|RainDance|[upkeep]\n|-heal|p2a: Kyogre|54/100|[from] item: Leftovers\n|-fieldend|move: Electric Terrain\n|upkeep\n|inactive|Time left: 300 sec this turn | 300 sec total | 5 sec grace\n|\n|t:|1783565471\n|switch|p1a: Azelf|Azelf, L82|257/257\n|turn|21\n|inactive|Time left: 300 sec this turn | 300 sec total\n|\n|t:|1783565472\n|move|p1a: Azelf|Psyshock|p2a: Kyogre\n|-damage|p2a: Kyogre|0 fnt\n|faint|p2a: Kyogre\n|\n|-weather|RainDance|[upkeep]\n|upkeep\n|\n|t:|1783565473\n|switch|p2a: Bombirdier|Bombirdier, L85, F|100/100\n|turn|22\n|inactive|Time left: 300 sec this turn | 300 sec total\n|\n|t:|1783565474\n|switch|p1a: Dragalge|Dragalge, L88, F|258/258\n|move|p2a: Bombirdier|Knock Off|p1a: Dragalge\n|-damage|p1a: Dragalge|159/258\n|-enditem|p1a: Dragalge|Leftovers|[from] move: Knock Off|[of] p2a: Bombirdier\n|\n|-weather|RainDance|[upkeep]\n|upkeep\n|turn|23\n|inactive|Time left: 300 sec this turn | 300 sec total\n|\n|t:|1783565475\n|move|p2a: Bombirdier|Brave Bird|p1a: Dragalge\n|-damage|p1a: Dragalge|41/258\n|-damage|p2a: Bombirdier|85/100|[from] Recoil\n|move|p1a: Dragalge|Sludge Wave|p2a: Bombirdier\n|-damage|p2a: Bombirdier|25/100\n|\n|-weather|none\n|upkeep\n|turn|24\n|inactive|Time left: 300 sec this turn | 300 sec total\n|\n|t:|1783565476\n|move|p2a: Bombirdier|Brave Bird|p1a: Dragalge\n|-damage|p1a: Dragalge|0 fnt\n|faint|p1a: Dragalge\n|-damage|p2a: Bombirdier|19/100|[from] Recoil\n|\n|upkeep\n|inactive|Time left: 300 sec this turn | 300 sec total | 5 sec grace\n|\n|t:|1783565477\n|switch|p1a: Azelf|Azelf, L82|257/257\n|turn|25\n|inactive|Time left: 300 sec this turn | 300 sec total\n|\n|t:|1783565478\n|move|p1a: Azelf|Dazzling Gleam|p2a: Bombirdier\n|-supereffective|p2a: Bombirdier\n|-damage|p2a: Bombirdier|0 fnt\n|faint|p2a: Bombirdier\n|\n|upkeep\n|\n|t:|1783565480\n|switch|p2a: Rotom|Rotom-Wash, L82|66/100\n|turn|26\n|inactive|Time left: 300 sec this turn | 300 sec total\n|\n|t:|1783565481\n|move|p1a: Azelf|Dazzling Gleam|p2a: Rotom\n|-damage|p2a: Rotom|24/100\n|move|p2a: Rotom|Pain Split|p1a: Azelf\n|-sethp|p1a: Azelf|153/257|[from] move: Pain Split|[silent]\n|-sethp|p2a: Rotom|71/100|[from] move: Pain Split\n|\n|-heal|p2a: Rotom|77/100|[from] item: Leftovers\n|upkeep\n|turn|27\n|inactive|Time left: 300 sec this turn | 300 sec total\n|\n|t:|1783565482\n|move|p1a: Azelf|Dazzling Gleam|p2a: Rotom\n|-damage|p2a: Rotom|36/100\n|move|p2a: Rotom|Thunderbolt|p1a: Azelf\n|-damage|p1a: Azelf|36/257\n|\n|-heal|p2a: Rotom|42/100|[from] item: Leftovers\n|upkeep\n|turn|28\n|inactive|Time left: 300 sec this turn | 300 sec total\n|\n|t:|1783565483\n|switch|p2a: Weezing|Weezing, L88, F|100/100\n|move|p1a: Azelf|Dazzling Gleam|p2a: Weezing\n|-resisted|p2a: Weezing\n|-damage|p2a: Weezing|80/100\n|\n|-heal|p2a: Weezing|86/100|[from] item: Leftovers\n|upkeep\n|turn|29\n|inactive|Time left: 300 sec this turn | 300 sec total\n|\n|t:|1783565484\n|move|p1a: Azelf|Dazzling Gleam|p2a: Weezing\n|-resisted|p2a: Weezing\n|-damage|p2a: Weezing|65/100\n|move|p2a: Weezing|Sludge Bomb|p1a: Azelf\n|-damage|p1a: Azelf|0 fnt\n|faint|p1a: Azelf\n|\n|-heal|p2a: Weezing|71/100|[from] item: Leftovers\n|upkeep\n|inactive|Time left: 300 sec this turn | 300 sec total | 5 sec grace\n|\n|t:|1783565485\n|switch|p1a: Mamoswine|Mamoswine, L81, F|311/311\n|turn|30\n|inactive|Time left: 300 sec this turn | 300 sec total\n|\n|t:|1783565486\n|move|p1a: Mamoswine|Icicle Crash|p2a: Weezing\n|-damage|p2a: Weezing|32/100\n|-damage|p1a: Mamoswine|280/311|[from] item: Life Orb\n|move|p2a: Weezing|Will-O-Wisp|p1a: Mamoswine\n|-status|p1a: Mamoswine|brn\n|\n|-heal|p2a: Weezing|38/100|[from] item: Leftovers\n|-damage|p1a: Mamoswine|261/311 brn|[from] brn\n|upkeep\n|turn|31\n|inactive|Time left: 300 sec this turn | 300 sec total\n|\n|t:|1783565487\n|move|p1a: Mamoswine|Icicle Crash|p2a: Weezing\n|-damage|p2a: Weezing|19/100\n|-damage|p1a: Mamoswine|230/311 brn|[from] item: Life Orb\n|move|p2a: Weezing|Pain Split|p1a: Mamoswine\n|-sethp|p1a: Mamoswine|139/311 brn|[from] move: Pain Split|[silent]\n|-sethp|p2a: Weezing|54/100|[from] move: Pain Split\n|\n|-heal|p2a: Weezing|61/100|[from] item: Leftovers\n|-damage|p1a: Mamoswine|120/311 brn|[from] brn\n|upkeep\n|turn|32\n|inactive|Time left: 300 sec this turn | 300 sec total\n|\n|t:|1783565488\n|move|p1a: Mamoswine|Stealth Rock|p2a: Weezing\n|-sidestart|p2: p0y2195d603|move: Stealth Rock\n|move|p2a: Weezing|Fire Blast|p1a: Mamoswine\n|-supereffective|p1a: Mamoswine\n|-damage|p1a: Mamoswine|4/311 brn\n|\n|-heal|p2a: Weezing|67/100|[from] item: Leftovers\n|-damage|p1a: Mamoswine|0 fnt|[from] brn\n|faint|p1a: Mamoswine\n|upkeep\n|inactive|Time left: 300 sec this turn | 300 sec total | 5 sec grace\n|\n|t:|1783565489\n|switch|p1a: Slither Wing|Slither Wing, L81|174/270\n|turn|33\n|inactive|Time left: 300 sec this turn | 300 sec total\n|\n|t:|1783565490\n|-terastallize|p1a: Slither Wing|Fighting\n|move|p1a: Slither Wing|First Impression|p2a: Weezing\n|-resisted|p2a: Weezing\n|-damage|p2a: Weezing|49/100\n|move|p2a: Weezing|Sludge Bomb|p1a: Slither Wing\n|-damage|p1a: Slither Wing|80/270\n|-status|p1a: Slither Wing|psn\n|\n|-heal|p2a: Weezing|55/100|[from] item: Leftovers\n|-damage|p1a: Slither Wing|47/270 psn|[from] psn\n|upkeep\n|turn|34\n|inactive|Time left: 300 sec this turn | 300 sec total\n|\n|t:|1783565491\n|move|p1a: Slither Wing|First Impression||[still]\n|-hint|First Impression only works on your first turn out.\n|-fail|p1a: Slither Wing\n|move|p2a: Weezing|Pain Split|p1a: Slither Wing\n|-sethp|p1a: Slither Wing|94/270 psn|[from] move: Pain Split|[silent]\n|-sethp|p2a: Weezing|37/100|[from] move: Pain Split\n|\n|-heal|p2a: Weezing|43/100|[from] item: Leftovers\n|-damage|p1a: Slither Wing|61/270 psn|[from] psn\n|upkeep\n|turn|35\n|inactive|Time left: 300 sec this turn | 300 sec total\n|\n|t:|1783565492\n|move|p1a: Slither Wing|Close Combat|p2a: Weezing\n|-resisted|p2a: Weezing\n|-damage|p2a: Weezing|14/100\n|-unboost|p1a: Slither Wing|def|1\n|-unboost|p1a: Slither Wing|spd|1\n|move|p2a: Weezing|Sludge Bomb|p1a: Slither Wing\n|-damage|p1a: Slither Wing|0 fnt\n|faint|p1a: Slither Wing\n|-end|p1a: Slither Wing|Protosynthesis|[silent]\n|\n|win|p0y2195d603", "uploadtime": 1783565492, "views": 0, "rating": 0, "private": 0, "password": null, "_winner": "p0y2195d603", "_our_name": "p0x21950454"}