{"id": "battle-gen9randombattle-936", "formatid": "gen9randombattle", "format": "[Gen 9] Random Battle", "players": ["p0x936eb6e", "p0y93639d3"], "log": "|init|battle\n|title|p0x936eb6e vs. p0y93639d3\n|j|\u2606p0x936eb6e\n|j|\u2606p0y93639d3\n|t:|1783550000\n|gametype|singles\n|player|p1|p0x936eb6e|101|\n|player|p2|p0y93639d3|266|\n|gen|9\n|tier|[Gen 9] Random Battle\n|rule|Species Clause: Limit one of each Pok\u00e9mon\n|rule|HP Percentage Mod: HP is shown in percentages\n|rule|Sleep Clause Mod: Limit one foe put to sleep\n|rule|Illusion Level Mod: Illusion disguises the Pok\u00e9mon's true level\n|\n|t:|1783550000\n|teamsize|p1|6\n|teamsize|p2|6\n|start\n|switch|p1a: Flutter Mane|Flutter Mane, L74|203/203\n|switch|p2a: Goodra|Goodra, L85, M|100/100\n|turn|1\n|inactive|Battle timer is ON: inactive players will automatically lose when time's up. (requested by p0y93639d3)\n|inactive|Time left: 300 sec this turn | 300 sec total | 60 sec grace\n|inactive|p0x936eb6e also wants the timer to be on.\n|\n|t:|1783550001\n|move|p1a: Flutter Mane|Moonblast|p2a: Goodra\n|-supereffective|p2a: Goodra\n|-damage|p2a: Goodra|59/100\n|move|p2a: Goodra|Earthquake|p1a: Flutter Mane\n|-damage|p1a: Flutter Mane|77/203\n|\n|upkeep\n|turn|2\n|inactive|Time left: 300 sec this turn | 300 sec total\n|\n|t:|1783550003\n|move|p1a: Flutter Mane|Moonblast|p2a: Goodra\n|-supereffective|p2a: Goodra\n|-damage|p2a: Goodra|15/100\n|move|p2a: Goodra|Earthquake|p1a: Flutter Mane\n|-damage|p1a: Flutter Mane|0 fnt\n|faint|p1a: Flutter Mane\n|-end|p1a: Flutter Mane|Protosynthesis|[silent]\n|\n|upkeep\n|inactive|Time left: 300 sec this turn | 300 sec total | 5 sec grace\n|\n|t:|1783550004\n|switch|p1a: Leavanny|Leavanny, L86, M|269/269\n|turn|3\n|inactive|Time left: 300 sec this turn | 300 sec total\n|\n|t:|1783550005\n|move|p1a: Leavanny|Sticky Web|p2a: Goodra\n|-sidestart|p2: p0y93639d3|move: Sticky Web\n|move|p2a: Goodra|Draco Meteor|p1a: Leavanny\n|-damage|p1a: Leavanny|101/269\n|-unboost|p2a: Goodra|spa|2\n|\n|upkeep\n|turn|4\n|inactive|Time left: 300 sec this turn | 300 sec total\n|\n|t:|1783550007\n|switch|p2a: Malamar|Malamar, L82, M|100/100\n|-activate|p2a: Malamar|move: Sticky Web\n|-boost|p2a: Malamar|spe|1\n|move|p1a: Leavanny|Triple Axel|p2a: Malamar\n|-damage|p2a: Malamar|95/100\n|-damage|p2a: Malamar|83/100\n|-damage|p2a: Malamar|65/100\n|-hitcount|p2a: Malamar|3\n|\n|upkeep\n|turn|5\n|inactive|Time left: 300 sec this turn | 300 sec total\n|\n|t:|1783550008\n|switch|p1a: Sudowoodo|Sudowoodo, L94, F|284/284\n|move|p2a: Malamar|Superpower|p1a: Sudowoodo\n|-supereffective|p1a: Sudowoodo\n|-damage|p1a: Sudowoodo|170/284\n|-boost|p2a: Malamar|atk|1\n|-boost|p2a: Malamar|def|1\n|\n|upkeep\n|turn|6\n|inactive|Time left: 300 sec this turn | 300 sec total\n|\n|t:|1783550009\n|move|p2a: Malamar|Superpower|p1a: Sudowoodo\n|-supereffective|p1a: Sudowoodo\n|-damage|p1a: Sudowoodo|4/284\n|-boost|p2a: Malamar|atk|1\n|-boost|p2a: Malamar|def|1\n|move|p1a: Sudowoodo|Head Smash|p2a: Malamar\n|-damage|p2a: Malamar|11/100\n|\n|upkeep\n|turn|7\n|inactive|Time left: 300 sec this turn | 300 sec total\n|\n|t:|1783550010\n|move|p2a: Malamar|Superpower|p1a: Sudowoodo\n|-supereffective|p1a: Sudowoodo\n|-damage|p1a: Sudowoodo|0 fnt\n|-boost|p2a: Malamar|atk|1\n|-boost|p2a: Malamar|def|1\n|faint|p1a: Sudowoodo\n|\n|upkeep\n|inactive|Time left: 300 sec this turn | 300 sec total | 5 sec grace\n|\n|t:|1783550011\n|switch|p1a: Mamoswine|Mamoswine, L81, F|311/311\n|turn|8\n|inactive|Time left: 300 sec this turn | 300 sec total\n|\n|t:|1783550012\n|-terastallize|p1a: Mamoswine|Ice\n|move|p1a: Mamoswine|Ice Shard|p2a: Malamar\n|-damage|p2a: Malamar|0 fnt\n|faint|p2a: Malamar\n|-damage|p1a: Mamoswine|280/311|[from] item: Life Orb\n|\n|upkeep\n|\n|t:|1783550013\n|switch|p2a: Kleavor|Kleavor, L78, F|100/100\n|turn|9\n|inactive|Time left: 300 sec this turn | 300 sec total\n|\n|t:|1783550014\n|move|p2a: Kleavor|Stone Axe|p1a: Mamoswine\n|-supereffective|p1a: Mamoswine\n|-crit|p1a: Mamoswine\n|-damage|p1a: Mamoswine|0 fnt\n|-sidestart|p1: p0x936eb6e|move: Stealth Rock\n|faint|p1a: Mamoswine\n|\n|upkeep\n|inactive|Time left: 300 sec this turn | 300 sec total | 5 sec grace\n|\n|t:|1783550015\n|switch|p1a: Seviper|Seviper, L93, F|287/287\n|-damage|p1a: Seviper|252/287|[from] Stealth Rock\n|turn|10\n|inactive|Time left: 300 sec this turn | 300 sec total\n|\n|t:|1783550016\n|move|p2a: Kleavor|Stone Axe|p1a: Seviper\n|-damage|p1a: Seviper|107/287\n|move|p1a: Seviper|Knock Off|p2a: Kleavor\n|-damage|p2a: Kleavor|51/100\n|-enditem|p2a: Kleavor|Heavy-Duty Boots|[from] move: Knock Off|[of] p1a: Seviper\n|-damage|p1a: Seviper|79/287|[from] item: Life Orb\n|\n|upkeep\n|turn|11\n|inactive|Time left: 300 sec this turn | 300 sec total\n|\n|t:|1783550017\n|move|p2a: Kleavor|Stone Axe|p1a: Seviper\n|-damage|p1a: Seviper|0 fnt\n|faint|p1a: Seviper\n|\n|upkeep\n|inactive|Time left: 300 sec this turn | 300 sec total | 5 sec grace\n|\n|t:|1783550018\n|switch|p1a: Leavanny|Leavanny, L86, M|101/269\n|-damage|p1a: Leavanny|34/269|[from] Stealth Rock\n|turn|12\n|inactive|Time left: 300 sec this turn | 300 sec total\n|\n|t:|1783550019\n|-terastallize|p2a: Kleavor|Bug\n|move|p1a: Leavanny|Bullet Seed|p2a: Kleavor\n|-resisted|p2a: Kleavor\n|-damage|p2a: Kleavor|45/100\n|-resisted|p2a: Kleavor\n|-damage|p2a: Kleavor|38/100\n|-resisted|p2a: Kleavor\n|-damage|p2a: Kleavor|32/100\n|-resisted|p2a: Kleavor\n|-damage|p2a: Kleavor|25/100\n|-hitcount|p2a: Kleavor|4\n|move|p2a: Kleavor|U-turn|p1a: Leavanny\n|-supereffective|p1a: Leavanny\n|-damage|p1a: Leavanny|0 fnt\n|faint|p1a: Leavanny\n|\n|t:|1783550020\n|switch|p2a: Zapdos|Zapdos, L78|100/100|[from] U-turn\n|\n|upkeep\n|inactive|Time left: 300 sec this turn | 300 sec total | 10 sec grace\n|\n|t:|1783550021\n|switch|p1a: Drifblim|Drifblim, L86, M|396/396\n|-damage|p1a: Drifblim|297/396|[from] Stealth Rock\n|turn|13\n|inactive|Time left: 300 sec this turn | 300 sec total\n|\n|t:|1783550022\n|move|p2a: Zapdos|Thunderbolt|p1a: Drifblim\n|-supereffective|p1a: Drifblim\n|-damage|p1a: Drifblim|21/396\n|-enditem|p1a: Drifblim|Sitrus Berry|[eat]\n|-heal|p1a: Drifblim|120/396|[from] item: Sitrus Berry\n|move|p1a: Drifblim|Strength Sap|p2a: Zapdos\n|-unboost|p2a: Zapdos|atk|1\n|-heal|p1a: Drifblim|305/396\n|\n|upkeep\n|turn|14\n|inactive|Time left: 300 sec this turn | 300 sec total\n|\n|t:|1783550023\n|move|p1a: Drifblim|Air Slash|p2a: Zapdos\n|-resisted|p2a: Zapdos\n|-damage|p2a: Zapdos|86/100\n|cant|p2a: Zapdos|flinch\n|\n|upkeep\n|turn|15\n|inactive|Time left: 300 sec this turn | 300 sec total\n|\n|t:|1783550024\n|move|p1a: Drifblim|Air Slash|p2a: Zapdos\n|-resisted|p2a: Zapdos\n|-damage|p2a: Zapdos|69/100\n|cant|p2a: Zapdos|flinch\n|\n|upkeep\n|turn|16\n|inactive|Time left: 300 sec this turn | 300 sec total\n|\n|t:|1783550025\n|move|p1a: Drifblim|Air Slash|p2a: Zapdos\n|-resisted|p2a: Zapdos\n|-damage|p2a: Zapdos|52/100\n|move|p2a: Zapdos|Thunderbolt|p1a: Drifblim\n|-supereffective|p1a: Drifblim\n|-damage|p1a: Drifblim|9/396\n|\n|upkeep\n|turn|17\n|inactive|Time left: 300 sec this turn | 300 sec total\n|\n|t:|1783550027\n|move|p1a: Drifblim|Air Slash|p2a: Zapdos\n|-resisted|p2a: Zapdos\n|-damage|p2a: Zapdos|37/100\n|move|p2a: Zapdos|Thunderbolt|p1a: Drifblim\n|-supereffective|p1a: Drifblim\n|-damage|p1a: Drifblim|0 fnt\n|faint|p1a: Drifblim\n|\n|win|p0y93639d3", "uploadtime": 1783550027, "views": 0, "rating": 0, "private": 0, "password": null, "_winner": "p0y93639d3", "_our_name": "p0x936eb6e"}