{"id": "battle-gen9randombattle-1515", "formatid": "gen9randombattle", "format": "[Gen 9] Random Battle", "players": ["p0x151584c5", "p0y1515daaa"], "log": "|init|battle\n|title|p0x151584c5 vs. p0y1515daaa\n|j|\u2606p0x151584c5\n|j|\u2606p0y1515daaa\n|t:|1783556703\n|gametype|singles\n|player|p1|p0x151584c5|101|\n|player|p2|p0y1515daaa|266|\n|gen|9\n|tier|[Gen 9] Random Battle\n|rule|Species Clause: Limit one of each Pok\u00e9mon\n|rule|HP Percentage Mod: HP is shown in percentages\n|rule|Sleep Clause Mod: Limit one foe put to sleep\n|rule|Illusion Level Mod: Illusion disguises the Pok\u00e9mon's true level\n|\n|t:|1783556703\n|teamsize|p1|6\n|teamsize|p2|6\n|start\n|switch|p1a: Landorus|Landorus-Therian, L76, M|100/100\n|switch|p2a: Hitmontop|Hitmontop, L88, M|231/231\n|-ability|p1a: Landorus|Intimidate|boost\n|-unboost|p2a: Hitmontop|atk|1\n|-ability|p2a: Hitmontop|Intimidate|boost\n|-unboost|p1a: Landorus|atk|1\n|turn|1\n|inactive|Battle timer is ON: inactive players will automatically lose when time's up. (requested by p0y1515daaa)\n|inactive|p0x151584c5 also wants the timer to be on.\n|\n|t:|1783556705\n|switch|p1a: Cloyster|Cloyster, L80, M|100/100\n|switch|p2a: Braviary|Braviary-Hisui, L85, M|326/326\n|\n|upkeep\n|turn|2\n|inactive|Time left: 300 sec this turn | 300 sec total\n|\n|t:|1783556706\n|switch|p1a: Greninja|Greninja, L80, M|100/100\n|move|p2a: Braviary|Esper Wing|p1a: Greninja\n|-immune|p1a: Greninja\n|\n|upkeep\n|turn|3\n|inactive|Time left: 300 sec this turn | 300 sec total\n|\n|t:|1783556707\n|move|p1a: Greninja|Ice Beam|p2a: Braviary\n|-supereffective|p2a: Braviary\n|-damage|p2a: Braviary|139/326\n|-damage|p1a: Greninja|91/100|[from] item: Life Orb\n|move|p2a: Braviary|Esper Wing|p1a: Greninja\n|-immune|p1a: Greninja\n|\n|upkeep\n|turn|4\n|inactive|Time left: 300 sec this turn | 300 sec total\n|\n|t:|1783556708\n|switch|p2a: Hitmontop|Hitmontop, L88, M|231/231\n|-ability|p2a: Hitmontop|Intimidate|boost\n|-unboost|p1a: Greninja|atk|1\n|move|p1a: Greninja|Hydro Pump|p2a: Hitmontop\n|-damage|p2a: Hitmontop|152/231\n|-damage|p1a: Greninja|81/100|[from] item: Life Orb\n|\n|upkeep\n|turn|5\n|inactive|Time left: 300 sec this turn | 300 sec total\n|\n|t:|1783556710\n|switch|p1a: Landorus|Landorus-Therian, L76, M|100/100\n|-ability|p1a: Landorus|Intimidate|boost\n|-unboost|p2a: Hitmontop|atk|1\n|move|p2a: Hitmontop|Earthquake|p1a: Landorus\n|-immune|p1a: Landorus\n|\n|upkeep\n|turn|6\n|inactive|Time left: 300 sec this turn | 300 sec total\n|\n|t:|1783556711\n|switch|p2a: Braviary|Braviary-Hisui, L85, M|139/326\n|move|p1a: Landorus|Earthquake|p2a: Braviary\n|-immune|p2a: Braviary\n|\n|upkeep\n|turn|7\n|inactive|Time left: 300 sec this turn | 300 sec total\n|\n|t:|1783556712\n|move|p1a: Landorus|Stone Edge|p2a: Braviary\n|-supereffective|p2a: Braviary\n|-damage|p2a: Braviary|0 fnt\n|faint|p2a: Braviary\n|\n|upkeep\n|inactive|Time left: 300 sec this turn | 300 sec total | 5 sec grace\n|\n|t:|1783556713\n|switch|p2a: Houndstone|Houndstone, L86, F|264/264\n|turn|8\n|inactive|Time left: 300 sec this turn | 300 sec total\n|\n|t:|1783556714\n|move|p1a: Landorus|Earthquake|p2a: Houndstone\n|-damage|p2a: Houndstone|164/264\n|move|p2a: Houndstone|Poltergeist|p1a: Landorus\n|-activate|p1a: Landorus|move: Poltergeist|Leftovers\n|-crit|p1a: Landorus\n|-damage|p1a: Landorus|0 fnt\n|faint|p1a: Landorus\n|\n|upkeep\n|\n|t:|1783556715\n|switch|p1a: Cloyster|Cloyster, L80, M|100/100\n|turn|9\n|inactive|Time left: 300 sec this turn | 300 sec total\n|\n|t:|1783556716\n|move|p2a: Houndstone|Poltergeist|p1a: Cloyster\n|-activate|p1a: Cloyster|move: Poltergeist|White Herb\n|-damage|p1a: Cloyster|46/100\n|move|p1a: Cloyster|Shell Smash|p1a: Cloyster\n|-unboost|p1a: Cloyster|def|1\n|-unboost|p1a: Cloyster|spd|1\n|-boost|p1a: Cloyster|atk|2\n|-boost|p1a: Cloyster|spa|2\n|-boost|p1a: Cloyster|spe|2\n|-enditem|p1a: Cloyster|White Herb\n|-clearnegativeboost|p1a: Cloyster|[silent]\n|\n|upkeep\n|turn|10\n|inactive|Time left: 300 sec this turn | 300 sec total\n|\n|t:|1783556717\n|switch|p2a: Hitmontop|Hitmontop, L88, M|152/231\n|-ability|p2a: Hitmontop|Intimidate|boost\n|-unboost|p1a: Cloyster|atk|1\n|move|p1a: Cloyster|Icicle Spear|p2a: Hitmontop\n|-damage|p2a: Hitmontop|121/231\n|-damage|p2a: Hitmontop|90/231\n|-damage|p2a: Hitmontop|56/231\n|-damage|p2a: Hitmontop|23/231\n|-damage|p2a: Hitmontop|0 fnt\n|faint|p2a: Hitmontop\n|-hitcount|p2: Hitmontop|5\n|\n|upkeep\n|inactive|Time left: 300 sec this turn | 300 sec total | 5 sec grace\n|\n|t:|1783556718\n|switch|p2a: Umbreon|Umbreon, L84, F|297/297\n|turn|11\n|inactive|Time left: 300 sec this turn | 300 sec total\n|\n|t:|1783556719\n|move|p1a: Cloyster|Hydro Pump|p2a: Umbreon\n|-crit|p2a: Umbreon\n|-damage|p2a: Umbreon|83/297\n|move|p2a: Umbreon|Foul Play|p1a: Cloyster\n|-damage|p1a: Cloyster|6/100\n|\n|-heal|p2a: Umbreon|101/297|[from] item: Leftovers\n|upkeep\n|turn|12\n|inactive|Time left: 300 sec this turn | 300 sec total\n|\n|t:|1783556720\n|move|p1a: Cloyster|Icicle Spear|p2a: Umbreon\n|-damage|p2a: Umbreon|71/297\n|-damage|p2a: Umbreon|38/297\n|-damage|p2a: Umbreon|7/297\n|-damage|p2a: Umbreon|0 fnt\n|faint|p2a: Umbreon\n|-hitcount|p2: Umbreon|4\n|\n|upkeep\n|inactive|Time left: 300 sec this turn | 300 sec total | 5 sec grace\n|\n|t:|1783556721\n|switch|p2a: Houndstone|Houndstone, L86, F|164/264\n|turn|13\n|inactive|Time left: 300 sec this turn | 300 sec total\n|\n|t:|1783556722\n|move|p2a: Houndstone|Shadow Sneak|p1a: Cloyster\n|-damage|p1a: Cloyster|0 fnt\n|faint|p1a: Cloyster\n|\n|upkeep\n|\n|t:|1783556723\n|switch|p1a: Greninja|Greninja, L80, M|81/100\n|turn|14\n|inactive|Time left: 300 sec this turn | 300 sec total\n|\n|t:|1783556724\n|move|p2a: Houndstone|Shadow Sneak|p1a: Greninja\n|-resisted|p1a: Greninja\n|-damage|p1a: Greninja|63/100\n|move|p1a: Greninja|Dark Pulse|p2a: Houndstone\n|-supereffective|p2a: Houndstone\n|-damage|p2a: Houndstone|0 fnt\n|faint|p2a: Houndstone\n|-ability|p1a: Greninja|Battle Bond|boost\n|-boost|p1a: Greninja|atk|1\n|-boost|p1a: Greninja|spa|1\n|-boost|p1a: Greninja|spe|1\n|-activate|p1a: Greninja|ability: Battle Bond\n|-damage|p1a: Greninja|53/100|[from] item: Life Orb\n|\n|upkeep\n|inactive|Time left: 300 sec this turn | 300 sec total | 5 sec grace\n|\n|t:|1783556725\n|switch|p2a: Arbok|Arbok, L87, F|246/246\n|-ability|p2a: Arbok|Intimidate|boost\n|-unboost|p1a: Greninja|atk|1\n|turn|15\n|inactive|Time left: 300 sec this turn | 300 sec total\n|\n|t:|1783556726\n|move|p1a: Greninja|Dark Pulse|p2a: Arbok\n|-damage|p2a: Arbok|74/246\n|-damage|p1a: Greninja|43/100|[from] item: Life Orb\n|move|p2a: Arbok|Gunk Shot|p1a: Greninja\n|-damage|p1a: Greninja|0 fnt\n|faint|p1a: Greninja\n|\n|-heal|p2a: Arbok|89/246|[from] item: Leftovers\n|upkeep\n|\n|t:|1783556727\n|switch|p1a: Slowbro|Slowbro-Galar, L87, F|100/100\n|turn|16\n|inactive|Time left: 300 sec this turn | 300 sec total\n|\n|t:|1783556728\n|switch|p2a: Latios|Latios, L78, M|253/253\n|move|p1a: Slowbro|Psychic|p2a: Latios\n|-resisted|p2a: Latios\n|-damage|p2a: Latios|204/253\n|\n|upkeep\n|turn|17\n|inactive|Time left: 300 sec this turn | 300 sec total\n|\n|t:|1783556729\n|-terastallize|p1a: Slowbro|Dark\n|move|p2a: Latios|Calm Mind|p2a: Latios\n|-boost|p2a: Latios|spa|1\n|-boost|p2a: Latios|spd|1\n|move|p1a: Slowbro|Foul Play|p2a: Latios\n|-supereffective|p2a: Latios\n|-crit|p2a: Latios\n|-damage|p2a: Latios|0 fnt\n|faint|p2a: Latios\n|\n|upkeep\n|inactive|Time left: 300 sec this turn | 300 sec total | 5 sec grace\n|\n|t:|1783556730\n|switch|p2a: Arbok|Arbok, L87, F|89/246\n|-ability|p2a: Arbok|Intimidate|boost\n|-unboost|p1a: Slowbro|atk|1\n|turn|18\n|inactive|Time left: 300 sec this turn | 300 sec total\n|\n|t:|1783556731\n|move|p2a: Arbok|Gunk Shot|p1a: Slowbro\n|-damage|p1a: Slowbro|60/100\n|move|p1a: Slowbro|Psychic|p2a: Arbok\n|-supereffective|p2a: Arbok\n|-damage|p2a: Arbok|0 fnt\n|faint|p2a: Arbok\n|\n|win|p0x151584c5", "uploadtime": 1783556731, "views": 0, "rating": 0, "private": 0, "password": null, "_winner": "p0x151584c5", "_our_name": "p0y1515daaa"}