{"id": "battle-gen9randombattle-1635", "formatid": "gen9randombattle", "format": "[Gen 9] Random Battle", "players": ["p0x1635b102", "p0y1635cc5e"], "log": "|init|battle\n|title|p0x1635b102 vs. p0y1635cc5e\n|j|\u2606p0x1635b102\n|j|\u2606p0y1635cc5e\n|t:|1783558908\n|gametype|singles\n|player|p1|p0x1635b102|170|\n|player|p2|p0y1635cc5e|170|\n|gen|9\n|tier|[Gen 9] Random Battle\n|rule|Species Clause: Limit one of each Pok\u00e9mon\n|rule|HP Percentage Mod: HP is shown in percentages\n|rule|Sleep Clause Mod: Limit one foe put to sleep\n|rule|Illusion Level Mod: Illusion disguises the Pok\u00e9mon's true level\n|\n|t:|1783558908\n|teamsize|p1|6\n|teamsize|p2|6\n|start\n|switch|p1a: Bellibolt|Bellibolt, L84, M|100/100\n|switch|p2a: Flareon|Flareon, L90, F|263/263\n|turn|1\n|inactive|Battle timer is ON: inactive players will automatically lose when time's up. (requested by p0x1635b102)\n|inactive|Time left: 300 sec this turn | 300 sec total | 60 sec grace\n|inactive|p0y1635cc5e also wants the timer to be on.\n|\n|t:|1783558909\n|move|p2a: Flareon|Flare Blitz|p1a: Bellibolt\n|-damage|p1a: Bellibolt|45/100\n|-start|p1a: Bellibolt|Charge|Flare Blitz|[from] ability: Electromorphosis\n|-damage|p2a: Flareon|204/263|[from] Recoil\n|move|p1a: Bellibolt|Thunderbolt|p2a: Flareon\n|-damage|p2a: Flareon|56/263\n|-end|p1a: Bellibolt|Charge|[silent]\n|\n|-heal|p1a: Bellibolt|51/100|[from] item: Leftovers\n|-status|p2a: Flareon|tox|[from] item: Toxic Orb\n|upkeep\n|turn|2\n|inactive|Time left: 300 sec this turn | 300 sec total\n|\n|t:|1783558910\n|switch|p1a: Mimikyu|Mimikyu, L79, M|100/100\n|move|p2a: Flareon|Facade|p1a: Mimikyu\n|-immune|p1a: Mimikyu\n|\n|-damage|p2a: Flareon|40/263 tox|[from] psn\n|upkeep\n|turn|3\n|inactive|Time left: 300 sec this turn | 300 sec total\n|\n|t:|1783558911\n|switch|p2a: Overqwil|Overqwil, L82, F|274/274\n|-ability|p2a: Overqwil|Intimidate|boost\n|-unboost|p1a: Mimikyu|atk|1\n|move|p1a: Mimikyu|Swords Dance|p1a: Mimikyu\n|-boost|p1a: Mimikyu|atk|2\n|\n|upkeep\n|turn|4\n|inactive|Time left: 300 sec this turn | 300 sec total\n|\n|t:|1783558912\n|move|p1a: Mimikyu|Play Rough|p2a: Overqwil|[miss]\n|-miss|p1a: Mimikyu|p2a: Overqwil\n|move|p2a: Overqwil|Gunk Shot|p1a: Mimikyu\n|-activate|p1a: Mimikyu|ability: Disguise\n|-damage|p1a: Mimikyu|100/100\n|detailschange|p1a: Mimikyu|Mimikyu-Busted, L79, M\n|-damage|p1a: Mimikyu|88/100|[from] pokemon: Mimikyu-Busted\n|\n|upkeep\n|turn|5\n|inactive|Time left: 300 sec this turn | 300 sec total\n|\n|t:|1783558913\n|move|p1a: Mimikyu|Play Rough|p2a: Overqwil\n|-damage|p2a: Overqwil|110/274\n|-damage|p1a: Mimikyu|78/100|[from] item: Life Orb\n|move|p2a: Overqwil|Gunk Shot|p1a: Mimikyu\n|-damage|p1a: Mimikyu|4/100\n|\n|upkeep\n|turn|6\n|inactive|Time left: 300 sec this turn | 300 sec total\n|\n|t:|1783558914\n|switch|p2a: Gholdengo|Gholdengo, L77|261/261\n|move|p1a: Mimikyu|Drain Punch|p2a: Gholdengo\n|-immune|p2a: Gholdengo\n|\n|upkeep\n|turn|7\n|inactive|Time left: 300 sec this turn | 300 sec total\n|\n|t:|1783558915\n|move|p2a: Gholdengo|Shadow Ball|p1a: Mimikyu\n|-supereffective|p1a: Mimikyu\n|-damage|p1a: Mimikyu|0 fnt\n|faint|p1a: Mimikyu\n|\n|upkeep\n|\n|t:|1783558916\n|switch|p1a: Mightyena|Mightyena, L96, M|100/100\n|-ability|p1a: Mightyena|Intimidate|boost\n|-unboost|p2a: Gholdengo|atk|1\n|turn|8\n|inactive|Time left: 300 sec this turn | 300 sec total\n|\n|t:|1783558916\n|switch|p2a: Overqwil|Overqwil, L82, F|110/274\n|-ability|p2a: Overqwil|Intimidate|boost\n|-unboost|p1a: Mightyena|atk|1\n|move|p1a: Mightyena|Crunch|p2a: Overqwil\n|-resisted|p2a: Overqwil\n|-damage|p2a: Overqwil|64/274\n|-unboost|p2a: Overqwil|def|1\n|\n|upkeep\n|turn|9\n|inactive|Time left: 300 sec this turn | 300 sec total\n|\n|t:|1783558917\n|switch|p2a: Keldeo|Keldeo-Resolute, L79|273/273\n|move|p1a: Mightyena|Crunch|p2a: Keldeo\n|-resisted|p2a: Keldeo\n|-damage|p2a: Keldeo|219/273\n|-unboost|p2a: Keldeo|def|1\n|-ability|p2a: Keldeo|Justified|boost\n|-boost|p2a: Keldeo|atk|1\n|\n|-heal|p2a: Keldeo|236/273|[from] item: Leftovers\n|upkeep\n|turn|10\n|inactive|Time left: 300 sec this turn | 300 sec total\n|\n|t:|1783558918\n|switch|p1a: Solgaleo|Solgaleo, L74|100/100\n|move|p2a: Keldeo|Hydro Pump|p1a: Solgaleo\n|-damage|p1a: Solgaleo|54/100\n|\n|-heal|p2a: Keldeo|253/273|[from] item: Leftovers\n|upkeep\n|turn|11\n|inactive|Time left: 300 sec this turn | 300 sec total\n|\n|t:|1783558919\n|move|p2a: Keldeo|Hydro Pump|p1a: Solgaleo\n|-damage|p1a: Solgaleo|8/100\n|move|p1a: Solgaleo|Sunsteel Strike|p2a: Keldeo\n|-resisted|p2a: Keldeo\n|-damage|p2a: Keldeo|162/273\n|\n|-heal|p2a: Keldeo|179/273|[from] item: Leftovers\n|upkeep\n|turn|12\n|inactive|Time left: 300 sec this turn | 300 sec total\n|\n|t:|1783558921\n|move|p2a: Keldeo|Secret Sword|p1a: Solgaleo\n|-damage|p1a: Solgaleo|0 fnt\n|faint|p1a: Solgaleo\n|\n|-heal|p2a: Keldeo|196/273|[from] item: Leftovers\n|upkeep\n|\n|t:|1783558921\n|switch|p1a: Mightyena|Mightyena, L96, M|100/100\n|-ability|p1a: Mightyena|Intimidate|boost\n|-unboost|p2a: Keldeo|atk|1\n|turn|13\n|inactive|Time left: 300 sec this turn | 300 sec total\n|\n|t:|1783558922\n|move|p2a: Keldeo|Secret Sword|p1a: Mightyena\n|-supereffective|p1a: Mightyena\n|-damage|p1a: Mightyena|26/100\n|move|p1a: Mightyena|Play Rough|p2a: Keldeo\n|-supereffective|p2a: Keldeo\n|-damage|p2a: Keldeo|0 fnt\n|faint|p2a: Keldeo\n|\n|upkeep\n|inactive|Time left: 300 sec this turn | 300 sec total | 5 sec grace\n|\n|t:|1783558923\n|switch|p2a: Overqwil|Overqwil, L82, F|64/274\n|-ability|p2a: Overqwil|Intimidate|boost\n|-unboost|p1a: Mightyena|atk|1\n|turn|14\n|inactive|Time left: 300 sec this turn | 300 sec total\n|\n|t:|1783558924\n|move|p1a: Mightyena|Play Rough|p2a: Overqwil\n|-damage|p2a: Overqwil|0 fnt\n|faint|p2a: Overqwil\n|\n|upkeep\n|inactive|Time left: 300 sec this turn | 300 sec total | 5 sec grace\n|\n|t:|1783558925\n|switch|p2a: Spectrier|Spectrier, L75|274/274\n|turn|15\n|inactive|Time left: 300 sec this turn | 300 sec total\n|\n|t:|1783558926\n|move|p2a: Spectrier|Nasty Plot|p2a: Spectrier\n|-boost|p2a: Spectrier|spa|2\n|move|p1a: Mightyena|Play Rough|p2a: Spectrier\n|-damage|p2a: Spectrier|159/274\n|-unboost|p2a: Spectrier|atk|1\n|\n|-heal|p2a: Spectrier|176/274|[from] item: Leftovers\n|upkeep\n|turn|16\n|inactive|Time left: 300 sec this turn | 300 sec total\n|\n|t:|1783558927\n|switch|p1a: Blissey|Blissey, L85, F|100/100\n|move|p2a: Spectrier|Tera Blast|p1a: Blissey\n|-crit|p1a: Blissey\n|-damage|p1a: Blissey|78/100\n|\n|-heal|p2a: Spectrier|193/274|[from] item: Leftovers\n|-heal|p1a: Blissey|84/100|[from] item: Leftovers\n|upkeep\n|turn|17\n|inactive|Time left: 300 sec this turn | 300 sec total\n|\n|t:|1783558929\n|move|p2a: Spectrier|Substitute|p2a: Spectrier\n|-start|p2a: Spectrier|Substitute\n|-damage|p2a: Spectrier|125/274\n|move|p1a: Blissey|Thunder Wave||[still]\n|-fail|p1a: Blissey\n|\n|-heal|p2a: Spectrier|142/274|[from] item: Leftovers\n|-heal|p1a: Blissey|90/100|[from] item: Leftovers\n|upkeep\n|turn|18\n|inactive|Time left: 300 sec this turn | 300 sec total\n|\n|t:|1783558930\n|move|p2a: Spectrier|Nasty Plot|p2a: Spectrier\n|-boost|p2a: Spectrier|spa|2\n|move|p1a: Blissey|Soft-Boiled|p1a: Blissey\n|-heal|p1a: Blissey|100/100\n|\n|-heal|p2a: Spectrier|159/274|[from] item: Leftovers\n|upkeep\n|turn|19\n|inactive|Time left: 300 sec this turn | 300 sec total\n|\n|t:|1783558931\n|move|p2a: Spectrier|Nasty Plot|p2a: Spectrier\n|-boost|p2a: Spectrier|spa|2\n|move|p1a: Blissey|Seismic Toss|p2a: Spectrier\n|-immune|p2a: Spectrier\n|\n|-heal|p2a: Spectrier|176/274|[from] item: Leftovers\n|upkeep\n|turn|20\n|inactive|Time left: 300 sec this turn | 300 sec total\n|\n|t:|1783558932\n|move|p2a: Spectrier|Tera Blast|p1a: Blissey\n|-damage|p1a: Blissey|71/100\n|move|p1a: Blissey|Soft-Boiled|p1a: Blissey\n|-heal|p1a: Blissey|100/100\n|\n|-heal|p2a: Spectrier|193/274|[from] item: Leftovers\n|upkeep\n|turn|21\n|inactive|Time left: 300 sec this turn | 300 sec total\n|\n|t:|1783558933\n|move|p2a: Spectrier|Tera Blast|p1a: Blissey\n|-damage|p1a: Blissey|71/100\n|move|p1a: Blissey|Soft-Boiled|p1a: Blissey\n|-heal|p1a: Blissey|100/100\n|\n|-heal|p2a: Spectrier|210/274|[from] item: Leftovers\n|upkeep\n|turn|22\n|inactive|Time left: 300 sec this turn | 300 sec total\n|\n|t:|1783558934\n|move|p2a: Spectrier|Tera Blast|p1a: Blissey\n|-damage|p1a: Blissey|70/100\n|move|p1a: Blissey|Soft-Boiled|p1a: Blissey\n|-heal|p1a: Blissey|100/100\n|\n|-heal|p2a: Spectrier|227/274|[from] item: Leftovers\n|upkeep\n|turn|23\n|inactive|Time left: 300 sec this turn | 300 sec total\n|\n|t:|1783558935\n|move|p2a: Spectrier|Tera Blast|p1a: Blissey\n|-damage|p1a: Blissey|70/100\n|move|p1a: Blissey|Soft-Boiled|p1a: Blissey\n|-heal|p1a: Blissey|100/100\n|\n|-heal|p2a: Spectrier|244/274|[from] item: Leftovers\n|upkeep\n|turn|24\n|inactive|Time left: 300 sec this turn | 300 sec total\n|\n|t:|1783558936\n|move|p2a: Spectrier|Tera Blast|p1a: Blissey\n|-damage|p1a: Blissey|70/100\n|move|p1a: Blissey|Soft-Boiled|p1a: Blissey\n|-heal|p1a: Blissey|100/100\n|\n|-heal|p2a: Spectrier|261/274|[from] item: Leftovers\n|upkeep\n|turn|25\n|inactive|Time left: 300 sec this turn | 300 sec total\n|\n|t:|1783558937\n|-terastallize|p2a: Spectrier|Fighting\n|move|p2a: Spectrier|Tera Blast|p1a: Blissey|[anim] Tera Blast Fighting\n|-supereffective|p1a: Blissey\n|-damage|p1a: Blissey|13/100\n|move|p1a: Blissey|Soft-Boiled|p1a: Blissey\n|-heal|p1a: Blissey|63/100\n|\n|-heal|p2a: Spectrier|274/274|[from] item: Leftovers\n|-heal|p1a: Blissey|70/100|[from] item: Leftovers\n|upkeep\n|turn|26\n|inactive|Time left: 300 sec this turn | 300 sec total\n|\n|t:|1783558938\n|-terastallize|p1a: Blissey|Ghost\n|move|p2a: Spectrier|Tera Blast|p1a: Blissey|[anim] Tera Blast Fighting\n|-immune|p1a: Blissey\n|move|p1a: Blissey|Soft-Boiled|p1a: Blissey\n|-heal|p1a: Blissey|100/100\n|\n|upkeep\n|turn|27\n|inactive|Time left: 300 sec this turn | 300 sec total\n|\n|t:|1783558939\n|move|p2a: Spectrier|Shadow Ball|p1a: Blissey\n|-supereffective|p1a: Blissey\n|-damage|p1a: Blissey|5/100\n|move|p1a: Blissey|Seismic Toss|p2a: Spectrier\n|-end|p2a: Spectrier|Substitute\n|\n|-heal|p1a: Blissey|11/100|[from] item: Leftovers\n|upkeep\n|turn|28\n|inactive|Time left: 300 sec this turn | 300 sec total\n|\n|t:|1783558940\n|move|p2a: Spectrier|Shadow Ball|p1a: Blissey\n|-supereffective|p1a: Blissey\n|-damage|p1a: Blissey|0 fnt\n|faint|p1a: Blissey\n|\n|upkeep\n|\n|t:|1783558941\n|switch|p1a: Mightyena|Mightyena, L96, M|26/100\n|-ability|p1a: Mightyena|Intimidate|boost\n|-unboost|p2a: Spectrier|atk|1\n|turn|29\n|inactive|Time left: 300 sec this turn | 300 sec total\n|\n|t:|1783558942\n|move|p1a: Mightyena|Sucker Punch|p2a: Spectrier\n|-resisted|p2a: Spectrier\n|-damage|p2a: Spectrier|175/274\n|move|p2a: Spectrier|Shadow Ball|p1a: Mightyena\n|-resisted|p1a: Mightyena\n|-damage|p1a: Mightyena|0 fnt\n|faint|p1a: Mightyena\n|\n|-heal|p2a: Spectrier|192/274|[from] item: Leftovers\n|upkeep\n|\n|t:|1783558943\n|switch|p1a: Tauros|Tauros-Paldea-Combat, L82, M|100/100\n|-ability|p1a: Tauros|Intimidate|boost\n|-unboost|p2a: Spectrier|atk|1\n|turn|30\n|inactive|Time left: 300 sec this turn | 300 sec total\n|\n|t:|1783558944\n|move|p2a: Spectrier|Tera Blast|p1a: Tauros|[anim] Tera Blast Fighting\n|-damage|p1a: Tauros|0 fnt\n|faint|p1a: Tauros\n|\n|-heal|p2a: Spectrier|209/274|[from] item: Leftovers\n|upkeep\n|\n|t:|1783558945\n|switch|p1a: Bellibolt|Bellibolt, L84, M|51/100\n|turn|31\n|inactive|Time left: 300 sec this turn | 300 sec total\n|\n|t:|1783558946\n|move|p2a: Spectrier|Shadow Ball|p1a: Bellibolt\n|-damage|p1a: Bellibolt|0 fnt\n|faint|p1a: Bellibolt\n|\n|win|p0y1635cc5e", "uploadtime": 1783558946, "views": 0, "rating": 0, "private": 0, "password": null, "_winner": "p0y1635cc5e", "_our_name": "p0y1635cc5e"}