{"id": "battle-gen9randombattle-469", "formatid": "gen9randombattle", "format": "[Gen 9] Random Battle", "players": ["p0x469a75f", "p0y469b08b"], "log": "|init|battle\n|title|p0x469a75f vs. p0y469b08b\n|j|\u2606p0x469a75f\n|j|\u2606p0y469b08b\n|t:|1783544502\n|gametype|singles\n|player|p1|p0x469a75f|101|\n|player|p2|p0y469b08b|266|\n|gen|9\n|tier|[Gen 9] Random Battle\n|rule|Species Clause: Limit one of each Pok\u00e9mon\n|rule|HP Percentage Mod: HP is shown in percentages\n|rule|Sleep Clause Mod: Limit one foe put to sleep\n|rule|Illusion Level Mod: Illusion disguises the Pok\u00e9mon's true level\n|\n|t:|1783544502\n|teamsize|p1|6\n|teamsize|p2|6\n|start\n|switch|p1a: Flygon|Flygon, L82, M|265/265\n|switch|p2a: Landorus|Landorus-Therian, L76, M|100/100\n|-ability|p2a: Landorus|Intimidate|boost\n|-unboost|p1a: Flygon|atk|1\n|turn|1\n|inactive|Battle timer is ON: inactive players will automatically lose when time's up. (requested by p0y469b08b)\n|inactive|Time left: 300 sec this turn | 300 sec total | 60 sec grace\n|inactive|p0x469a75f also wants the timer to be on.\n|\n|t:|1783544503\n|move|p1a: Flygon|Dragon Dance|p1a: Flygon\n|-boost|p1a: Flygon|atk|1\n|-boost|p1a: Flygon|spe|1\n|move|p2a: Landorus|Stealth Rock|p1a: Flygon\n|-sidestart|p1: p0x469a75f|move: Stealth Rock\n|\n|upkeep\n|turn|2\n|inactive|Time left: 300 sec this turn | 300 sec total\n|\n|t:|1783544505\n|switch|p2a: Azumarill|Azumarill, L82, F|100/100\n|move|p1a: Flygon|Outrage|p2a: Azumarill\n|-immune|p2a: Azumarill\n|\n|upkeep\n|turn|3\n|inactive|Time left: 300 sec this turn | 300 sec total\n|\n|t:|1783544506\n|move|p1a: Flygon|Dragon Dance|p1a: Flygon\n|-boost|p1a: Flygon|atk|1\n|-boost|p1a: Flygon|spe|1\n|move|p2a: Azumarill|Play Rough|p1a: Flygon\n|-supereffective|p1a: Flygon\n|-damage|p1a: Flygon|0 fnt\n|faint|p1a: Flygon\n|\n|upkeep\n|inactive|Time left: 300 sec this turn | 300 sec total | 5 sec grace\n|\n|t:|1783544507\n|switch|p1a: Kricketune|Kricketune, L99, F|312/312\n|turn|4\n|inactive|Time left: 300 sec this turn | 300 sec total\n|\n|t:|1783544508\n|move|p1a: Kricketune|Sticky Web|p2a: Azumarill\n|-sidestart|p2: p0y469b08b|move: Sticky Web\n|move|p2a: Azumarill|Play Rough|p1a: Kricketune\n|-damage|p1a: Kricketune|114/312\n|\n|upkeep\n|turn|5\n|inactive|Time left: 300 sec this turn | 300 sec total\n|\n|t:|1783544509\n|switch|p1a: Slowking|Slowking-Galar, L85, M|300/300\n|-damage|p1a: Slowking|263/300|[from] Stealth Rock\n|move|p2a: Azumarill|Play Rough|p1a: Slowking\n|-resisted|p1a: Slowking\n|-damage|p1a: Slowking|170/300\n|\n|upkeep\n|turn|6\n|inactive|Time left: 300 sec this turn | 300 sec total\n|\n|t:|1783544510\n|move|p2a: Azumarill|Play Rough|p1a: Slowking\n|-resisted|p1a: Slowking\n|-damage|p1a: Slowking|81/300\n|move|p1a: Slowking|Sludge Bomb|p2a: Azumarill\n|-supereffective|p2a: Azumarill\n|-damage|p2a: Azumarill|26/100\n|\n|upkeep\n|turn|7\n|inactive|Time left: 300 sec this turn | 300 sec total\n|\n|t:|1783544511\n|switch|p1a: Kricketune|Kricketune, L99, F|114/312\n|move|p2a: Azumarill|Play Rough|p1a: Kricketune\n|-damage|p1a: Kricketune|0 fnt\n|faint|p1a: Kricketune\n|\n|upkeep\n|inactive|Time left: 300 sec this turn | 300 sec total | 5 sec grace\n|\n|t:|1783544512\n|switch|p1a: Zangoose|Zangoose, L85, F|263/263\n|-damage|p1a: Zangoose|231/263|[from] Stealth Rock\n|turn|8\n|inactive|Time left: 300 sec this turn | 300 sec total\n|\n|t:|1783544513\n|move|p1a: Zangoose|Facade|p2a: Azumarill\n|-damage|p2a: Azumarill|0 fnt\n|faint|p2a: Azumarill\n|\n|-status|p1a: Zangoose|tox|[from] item: Toxic Orb\n|upkeep\n|\n|t:|1783544514\n|switch|p2a: Landorus|Landorus-Therian, L76, M|100/100\n|-ability|p2a: Landorus|Intimidate|boost\n|-unboost|p1a: Zangoose|atk|1\n|turn|9\n|inactive|Time left: 300 sec this turn | 300 sec total\n|\n|t:|1783544515\n|move|p1a: Zangoose|Facade|p2a: Landorus\n|-damage|p2a: Landorus|27/100\n|move|p2a: Landorus|Earthquake|p1a: Zangoose\n|-damage|p1a: Zangoose|77/263 tox\n|\n|-heal|p2a: Landorus|33/100|[from] item: Leftovers\n|-damage|p1a: Zangoose|61/263 tox|[from] psn\n|upkeep\n|turn|10\n|inactive|Time left: 300 sec this turn | 300 sec total\n|\n|t:|1783544516\n|switch|p2a: Piloswine|Piloswine, L85, M|100/100\n|-activate|p2a: Piloswine|move: Sticky Web\n|-unboost|p2a: Piloswine|spe|1\n|move|p1a: Zangoose|Facade|p2a: Piloswine\n|-damage|p2a: Piloswine|63/100\n|\n|-damage|p1a: Zangoose|29/263 tox|[from] psn\n|upkeep\n|turn|11\n|inactive|Time left: 300 sec this turn | 300 sec total\n|\n|t:|1783544517\n|move|p2a: Piloswine|Ice Shard|p1a: Zangoose\n|-damage|p1a: Zangoose|0 fnt\n|faint|p1a: Zangoose\n|\n|upkeep\n|inactive|Time left: 300 sec this turn | 300 sec total | 5 sec grace\n|\n|t:|1783544518\n|switch|p1a: Slowking|Slowking-Galar, L85, M|181/300\n|-damage|p1a: Slowking|144/300|[from] Stealth Rock\n|turn|12\n|inactive|Time left: 300 sec this turn | 300 sec total\n|\n|t:|1783544519\n|switch|p1a: Palafin|Palafin, L77, M|281/281\n|-damage|p1a: Palafin|246/281|[from] Stealth Rock\n|move|p2a: Piloswine|Earthquake|p1a: Palafin\n|-damage|p1a: Palafin|110/281\n|\n|upkeep\n|turn|13\n|inactive|Time left: 300 sec this turn | 300 sec total\n|\n|t:|1783544520\n|move|p1a: Palafin|Flip Turn|p2a: Piloswine\n|-supereffective|p2a: Piloswine\n|-damage|p2a: Piloswine|32/100\n|inactive|Time left: 300 sec this turn | 300 sec total | 5 sec grace\n|\n|t:|1783544521\n|detailschange|p1a: Palafin|Palafin-Hero, L77, M\n|switch|p1a: Giratina|Giratina, L75|349/349|[from] Flip Turn\n|-damage|p1a: Giratina|306/349|[from] Stealth Rock\n|-ability|p1a: Giratina|Pressure\n|move|p2a: Piloswine|Earthquake|p1a: Giratina\n|-damage|p1a: Giratina|203/349\n|\n|-heal|p1a: Giratina|224/349|[from] item: Leftovers\n|upkeep\n|turn|14\n|inactive|Time left: 300 sec this turn | 300 sec total\n|\n|t:|1783544522\n|move|p1a: Giratina|Shadow Ball|p2a: Piloswine\n|-damage|p2a: Piloswine|11/100\n|move|p2a: Piloswine|Icicle Crash|p1a: Giratina\n|-supereffective|p1a: Giratina\n|-damage|p1a: Giratina|44/349\n|\n|-heal|p1a: Giratina|65/349|[from] item: Leftovers\n|upkeep\n|turn|15\n|inactive|Time left: 300 sec this turn | 300 sec total\n|\n|t:|1783544524\n|move|p2a: Piloswine|Ice Shard|p1a: Giratina\n|-supereffective|p1a: Giratina\n|-damage|p1a: Giratina|0 fnt\n|faint|p1a: Giratina\n|\n|upkeep\n|inactive|Time left: 300 sec this turn | 300 sec total | 5 sec grace\n|\n|t:|1783544525\n|switch|p1a: Palafin|Palafin-Hero, L77, M|110/281\n|-damage|p1a: Palafin|75/281|[from] Stealth Rock\n|-activate|p1a: Palafin|ability: Zero to Hero\n|turn|16\n|inactive|Time left: 300 sec this turn | 300 sec total\n|\n|t:|1783544526\n|switch|p2a: Slowking|Slowking, L88, F|100/100\n|move|p1a: Palafin|Jet Punch|p2a: Slowking\n|-resisted|p2a: Slowking\n|-damage|p2a: Slowking|81/100\n|\n|upkeep\n|turn|17\n|inactive|Time left: 300 sec this turn | 300 sec total\n|\n|t:|1783544526\n|move|p1a: Palafin|Jet Punch|p2a: Slowking\n|-resisted|p2a: Slowking\n|-damage|p2a: Slowking|61/100\n|move|p2a: Slowking|Psyshock|p1a: Palafin\n|-damage|p1a: Palafin|0 fnt\n|faint|p1a: Palafin\n|\n|upkeep\n|inactive|Time left: 300 sec this turn | 300 sec total | 5 sec grace\n|\n|t:|1783544527\n|switch|p1a: Slowking|Slowking-Galar, L85, M|244/300\n|-damage|p1a: Slowking|207/300|[from] Stealth Rock\n|turn|18\n|inactive|Time left: 300 sec this turn | 300 sec total\n|\n|t:|1783544528\n|move|p2a: Slowking|Psyshock|p1a: Slowking\n|-damage|p1a: Slowking|101/300\n|move|p1a: Slowking|Sludge Bomb|p2a: Slowking\n|-damage|p2a: Slowking|33/100\n|-status|p2a: Slowking|psn\n|\n|-damage|p2a: Slowking|21/100 psn|[from] psn\n|upkeep\n|turn|19\n|inactive|Time left: 300 sec this turn | 300 sec total\n|\n|t:|1783544529\n|move|p2a: Slowking|Psyshock|p1a: Slowking\n|-damage|p1a: Slowking|2/300\n|move|p1a: Slowking|Surf|p2a: Slowking\n|-resisted|p2a: Slowking\n|-damage|p2a: Slowking|11/100 psn\n|\n|-damage|p2a: Slowking|0 fnt|[from] psn\n|faint|p2a: Slowking\n|upkeep\n|\n|t:|1783544530\n|switch|p2a: Magmortar|Magmortar, L88, F|100/100\n|-activate|p2a: Magmortar|move: Sticky Web\n|-unboost|p2a: Magmortar|spe|1\n|turn|20\n|inactive|Time left: 300 sec this turn | 300 sec total\n|\n|t:|1783544531\n|-terastallize|p2a: Magmortar|Electric\n|-terastallize|p1a: Slowking|Fairy\n|move|p2a: Magmortar|Thunderbolt|p1a: Slowking\n|-damage|p1a: Slowking|0 fnt\n|faint|p1a: Slowking\n|\n|win|p0y469b08b", "uploadtime": 1783544531, "views": 0, "rating": 0, "private": 0, "password": null, "_winner": "p0y469b08b", "_our_name": "p0x469a75f"}