{"id": "battle-gen9randombattle-811", "formatid": "gen9randombattle", "format": "[Gen 9] Random Battle", "players": ["p0x81150cc", "p0y811aed8"], "log": "|init|battle\n|title|p0x81150cc vs. p0y811aed8\n|j|\u2606p0x81150cc\n|j|\u2606p0y811aed8\n|t:|1783548554\n|gametype|singles\n|player|p1|p0x81150cc|265|\n|player|p2|p0y811aed8|102|\n|gen|9\n|tier|[Gen 9] Random Battle\n|rule|Species Clause: Limit one of each Pok\u00e9mon\n|rule|HP Percentage Mod: HP is shown in percentages\n|rule|Sleep Clause Mod: Limit one foe put to sleep\n|rule|Illusion Level Mod: Illusion disguises the Pok\u00e9mon's true level\n|\n|t:|1783548554\n|teamsize|p1|6\n|teamsize|p2|6\n|start\n|switch|p1a: Copperajah|Copperajah, L86, F|100/100\n|switch|p2a: Mesprit|Mesprit, L85|275/275\n|turn|1\n|inactive|Battle timer is ON: inactive players will automatically lose when time's up. (requested by p0x81150cc)\n|inactive|Time left: 300 sec this turn | 300 sec total | 60 sec grace\n|inactive|p0y811aed8 also wants the timer to be on.\n|\n|t:|1783548556\n|move|p2a: Mesprit|Thunderbolt|p1a: Copperajah\n|-damage|p1a: Copperajah|64/100\n|move|p1a: Copperajah|Heavy Slam|p2a: Mesprit\n|-damage|p2a: Mesprit|64/275\n|\n|upkeep\n|turn|2\n|inactive|Time left: 300 sec this turn | 300 sec total\n|\n|t:|1783548557\n|move|p2a: Mesprit|Thunderbolt|p1a: Copperajah\n|-damage|p1a: Copperajah|32/100\n|move|p1a: Copperajah|Heavy Slam|p2a: Mesprit\n|-damage|p2a: Mesprit|0 fnt\n|faint|p2a: Mesprit\n|\n|upkeep\n|inactive|Time left: 300 sec this turn | 300 sec total | 5 sec grace\n|\n|t:|1783548558\n|switch|p2a: Staraptor|Staraptor, L79, M|263/263\n|turn|3\n|inactive|Time left: 300 sec this turn | 300 sec total\n|\n|t:|1783548559\n|move|p2a: Staraptor|Brave Bird|p1a: Copperajah\n|-resisted|p1a: Copperajah\n|-damage|p1a: Copperajah|0 fnt\n|faint|p1a: Copperajah\n|-damage|p2a: Staraptor|227/263|[from] Recoil\n|\n|upkeep\n|\n|t:|1783548561\n|switch|p1a: Ampharos|Ampharos, L88, F|100/100\n|turn|4\n|inactive|Time left: 300 sec this turn | 300 sec total\n|\n|t:|1783548562\n|switch|p2a: Magearna|Magearna, L77|250/250\n|move|p1a: Ampharos|Focus Blast|p2a: Magearna|[miss]\n|-miss|p1a: Ampharos|p2a: Magearna\n|\n|upkeep\n|turn|5\n|inactive|Time left: 300 sec this turn | 300 sec total\n|\n|t:|1783548563\n|move|p1a: Ampharos|Thunderbolt|p2a: Magearna\n|-damage|p2a: Magearna|120/250\n|-status|p2a: Magearna|par\n|-damage|p1a: Ampharos|91/100|[from] item: Life Orb\n|move|p2a: Magearna|Shift Gear|p2a: Magearna\n|-boost|p2a: Magearna|spe|2\n|-boost|p2a: Magearna|atk|1\n|\n|-heal|p2a: Magearna|135/250 par|[from] item: Leftovers\n|upkeep\n|turn|6\n|inactive|Time left: 300 sec this turn | 300 sec total\n|\n|t:|1783548565\n|move|p1a: Ampharos|Thunderbolt|p2a: Magearna\n|-crit|p2a: Magearna\n|-damage|p2a: Magearna|0 fnt\n|faint|p2a: Magearna\n|-damage|p1a: Ampharos|81/100|[from] item: Life Orb\n|\n|upkeep\n|inactive|Time left: 300 sec this turn | 300 sec total | 5 sec grace\n|\n|t:|1783548566\n|switch|p2a: Staraptor|Staraptor, L79, M|227/263\n|turn|7\n|inactive|Time left: 300 sec this turn | 300 sec total\n|\n|t:|1783548567\n|move|p2a: Staraptor|Double-Edge|p1a: Ampharos\n|-damage|p1a: Ampharos|0 fnt\n|-status|p2a: Staraptor|par|[from] ability: Static|[of] p1a: Ampharos\n|faint|p1a: Ampharos\n|-damage|p2a: Staraptor|147/263 par|[from] Recoil\n|\n|upkeep\n|\n|t:|1783548568\n|switch|p1a: Conkeldurr|Conkeldurr, L80, F|100/100\n|turn|8\n|inactive|Time left: 300 sec this turn | 300 sec total\n|\n|t:|1783548569\n|move|p1a: Conkeldurr|Close Combat|p2a: Staraptor\n|-damage|p2a: Staraptor|0 fnt\n|-unboost|p1a: Conkeldurr|def|1\n|-unboost|p1a: Conkeldurr|spd|1\n|faint|p2a: Staraptor\n|\n|-status|p1a: Conkeldurr|brn|[from] item: Flame Orb\n|upkeep\n|inactive|Time left: 300 sec this turn | 300 sec total | 5 sec grace\n|\n|t:|1783548570\n|switch|p2a: Noivern|Noivern, L82, M|274/274\n|turn|9\n|inactive|Time left: 300 sec this turn | 300 sec total\n|\n|t:|1783548571\n|switch|p1a: Grimmsnarl|Grimmsnarl, L83, M|100/100\n|-terastallize|p2a: Noivern|Normal\n|move|p2a: Noivern|Boomburst|p1a: Grimmsnarl\n|-damage|p1a: Grimmsnarl|19/100\n|\n|-heal|p1a: Grimmsnarl|25/100|[from] item: Leftovers\n|upkeep\n|turn|10\n|inactive|Time left: 300 sec this turn | 300 sec total\n|\n|t:|1783548572\n|move|p1a: Grimmsnarl|Thunder Wave|p2a: Noivern\n|-status|p2a: Noivern|par\n|cant|p2a: Noivern|par\n|\n|-heal|p1a: Grimmsnarl|32/100|[from] item: Leftovers\n|upkeep\n|turn|11\n|inactive|Time left: 300 sec this turn | 300 sec total\n|\n|t:|1783548573\n|move|p1a: Grimmsnarl|Spirit Break|p2a: Noivern\n|-damage|p2a: Noivern|180/274 par\n|-unboost|p2a: Noivern|spa|1\n|move|p2a: Noivern|Boomburst|p1a: Grimmsnarl\n|-damage|p1a: Grimmsnarl|0 fnt\n|faint|p1a: Grimmsnarl\n|\n|upkeep\n|\n|t:|1783548574\n|switch|p1a: Orthworm|Orthworm, L88, F|100/100\n|turn|12\n|inactive|Time left: 300 sec this turn | 300 sec total\n|\n|t:|1783548575\n|switch|p2a: Solgaleo|Solgaleo, L74|325/325\n|move|p1a: Orthworm|Coil|p1a: Orthworm\n|-boost|p1a: Orthworm|atk|1\n|-boost|p1a: Orthworm|def|1\n|-boost|p1a: Orthworm|accuracy|1\n|\n|upkeep\n|turn|13\n|inactive|Time left: 300 sec this turn | 300 sec total\n|\n|t:|1783548576\n|move|p2a: Solgaleo|Psychic Fangs|p1a: Orthworm\n|-resisted|p1a: Orthworm\n|-damage|p1a: Orthworm|93/100\n|move|p1a: Orthworm|Coil|p1a: Orthworm\n|-boost|p1a: Orthworm|atk|1\n|-boost|p1a: Orthworm|def|1\n|-boost|p1a: Orthworm|accuracy|1\n|\n|upkeep\n|turn|14\n|inactive|Time left: 300 sec this turn | 300 sec total\n|\n|t:|1783548577\n|move|p2a: Solgaleo|Sunsteel Strike|p1a: Orthworm\n|-resisted|p1a: Orthworm\n|-damage|p1a: Orthworm|86/100\n|move|p1a: Orthworm|Body Press|p2a: Solgaleo\n|-damage|p2a: Solgaleo|155/325\n|\n|-heal|p2a: Solgaleo|175/325|[from] item: Leftovers\n|upkeep\n|turn|15\n|inactive|Time left: 300 sec this turn | 300 sec total\n|\n|t:|1783548579\n|-terastallize|p1a: Orthworm|Fighting\n|move|p2a: Solgaleo|Morning Sun|p2a: Solgaleo\n|-heal|p2a: Solgaleo|325/325\n|move|p1a: Orthworm|Body Press|p2a: Solgaleo\n|-damage|p2a: Solgaleo|76/325\n|\n|-heal|p2a: Solgaleo|96/325|[from] item: Leftovers\n|upkeep\n|turn|16\n|inactive|Time left: 300 sec this turn | 300 sec total\n|\n|t:|1783548579\n|move|p2a: Solgaleo|Morning Sun|p2a: Solgaleo\n|-heal|p2a: Solgaleo|258/325\n|move|p1a: Orthworm|Body Press|p2a: Solgaleo\n|-damage|p2a: Solgaleo|0 fnt\n|faint|p2a: Solgaleo\n|\n|upkeep\n|inactive|Time left: 300 sec this turn | 300 sec total | 5 sec grace\n|\n|t:|1783548580\n|switch|p2a: Regice|Regice, L88|284/284\n|turn|17\n|inactive|Time left: 300 sec this turn | 300 sec total\n|\n|t:|1783548581\n|switch|p2a: Noivern|Noivern, L82, M, tera:Normal|180/274 par\n|move|p1a: Orthworm|Body Press|p2a: Noivern\n|-supereffective|p2a: Noivern\n|-damage|p2a: Noivern|0 fnt\n|faint|p2a: Noivern\n|\n|upkeep\n|inactive|Time left: 300 sec this turn | 300 sec total | 5 sec grace\n|\n|t:|1783548582\n|switch|p2a: Regice|Regice, L88|284/284\n|turn|18\n|inactive|Time left: 300 sec this turn | 300 sec total\n|\n|t:|1783548583\n|move|p1a: Orthworm|Body Press|p2a: Regice\n|-supereffective|p2a: Regice\n|-damage|p2a: Regice|0 fnt\n|faint|p2a: Regice\n|\n|win|p0x81150cc", "uploadtime": 1783548583, "views": 0, "rating": 0, "private": 0, "password": null, "_winner": "p0x81150cc", "_our_name": "p0y811aed8"}