{"id": "battle-gen9randombattle-49", "formatid": "gen9randombattle", "format": "[Gen 9] Random Battle", "players": ["p0x0495ba9", "p0y0494434"], "log": "|init|battle\n|title|p0x0495ba9 vs. p0y0494434\n|j|\u2606p0x0495ba9\n|j|\u2606p0y0494434\n|t:|1783540013\n|gametype|singles\n|player|p1|p0x0495ba9|102|\n|player|p2|p0y0494434|2|\n|gen|9\n|tier|[Gen 9] Random Battle\n|rule|Species Clause: Limit one of each Pok\u00e9mon\n|rule|HP Percentage Mod: HP is shown in percentages\n|rule|Sleep Clause Mod: Limit one foe put to sleep\n|rule|Illusion Level Mod: Illusion disguises the Pok\u00e9mon's true level\n|\n|t:|1783540013\n|teamsize|p1|6\n|teamsize|p2|6\n|start\n|switch|p1a: Luxray|Luxray, L88, M|283/283\n|switch|p2a: Zarude|Zarude-Dada, L77|100/100\n|turn|1\n|inactive|Battle timer is ON: inactive players will automatically lose when time's up. (requested by p0y0494434)\n|inactive|Time left: 300 sec this turn | 300 sec total | 60 sec grace\n|inactive|p0x0495ba9 also wants the timer to be on.\n|\n|t:|1783540014\n|move|p2a: Zarude|Knock Off|p1a: Luxray\n|-damage|p1a: Luxray|150/283\n|-enditem|p1a: Luxray|Flame Orb|[from] move: Knock Off|[of] p2a: Zarude\n|-damage|p2a: Zarude|91/100|[from] item: Life Orb\n|move|p1a: Luxray|Supercell Slam|p2a: Zarude\n|-resisted|p2a: Zarude\n|-damage|p2a: Zarude|66/100\n|\n|upkeep\n|turn|2\n|inactive|Time left: 300 sec this turn | 300 sec total\n|\n|t:|1783540016\n|switch|p1a: Swanna|Swanna, L89, M|278/278\n|move|p2a: Zarude|Power Whip|p1a: Swanna\n|-damage|p1a: Swanna|75/278\n|-damage|p2a: Zarude|57/100|[from] item: Life Orb\n|\n|upkeep\n|turn|3\n|inactive|Time left: 300 sec this turn | 300 sec total\n|\n|t:|1783540017\n|move|p1a: Swanna|Brave Bird|p2a: Zarude\n|-supereffective|p2a: Zarude\n|-damage|p2a: Zarude|0 fnt\n|faint|p2a: Zarude\n|-damage|p1a: Swanna|22/278|[from] Recoil\n|\n|upkeep\n|\n|t:|1783540018\n|switch|p2a: Kyogre|Kyogre, L71|100/100\n|-weather|RainDance|[from] ability: Drizzle|[of] p2a: Kyogre\n|turn|4\n|inactive|Time left: 300 sec this turn | 300 sec total\n|\n|t:|1783540019\n|move|p2a: Kyogre|Water Spout|p1a: Swanna\n|-resisted|p1a: Swanna\n|-damage|p1a: Swanna|0 fnt\n|faint|p1a: Swanna\n|\n|-weather|RainDance|[upkeep]\n|upkeep\n|inactive|Time left: 300 sec this turn | 300 sec total | 5 sec grace\n|\n|t:|1783540019\n|switch|p1a: Kyogre|Kyogre, L71|259/259\n|turn|5\n|inactive|Time left: 300 sec this turn | 300 sec total\n|\n|t:|1783540020\n|move|p2a: Kyogre|Water Spout|p1a: Kyogre\n|-resisted|p1a: Kyogre\n|-damage|p1a: Kyogre|162/259\n|move|p1a: Kyogre|Thunder|p2a: Kyogre\n|-supereffective|p2a: Kyogre\n|-damage|p2a: Kyogre|53/100\n|\n|-weather|RainDance|[upkeep]\n|-heal|p1a: Kyogre|178/259|[from] item: Leftovers\n|upkeep\n|turn|6\n|inactive|Time left: 300 sec this turn | 300 sec total\n|\n|t:|1783540022\n|move|p2a: Kyogre|Water Spout|p1a: Kyogre\n|-resisted|p1a: Kyogre\n|-damage|p1a: Kyogre|129/259\n|move|p1a: Kyogre|Thunder|p2a: Kyogre\n|-supereffective|p2a: Kyogre\n|-damage|p2a: Kyogre|2/100\n|-status|p2a: Kyogre|par\n|\n|-weather|RainDance|[upkeep]\n|-heal|p1a: Kyogre|145/259|[from] item: Leftovers\n|upkeep\n|turn|7\n|inactive|Time left: 300 sec this turn | 300 sec total\n|\n|t:|1783540023\n|move|p1a: Kyogre|Origin Pulse|p2a: Kyogre\n|-resisted|p2a: Kyogre\n|-damage|p2a: Kyogre|0 fnt\n|faint|p2a: Kyogre\n|\n|-weather|RainDance|[upkeep]\n|-heal|p1a: Kyogre|161/259|[from] item: Leftovers\n|upkeep\n|\n|t:|1783540024\n|switch|p2a: Oricorio|Oricorio-Pa'u, L87, F|100/100\n|turn|8\n|inactive|Time left: 300 sec this turn | 300 sec total\n|\n|t:|1783540025\n|move|p2a: Oricorio|Quiver Dance|p2a: Oricorio\n|-boost|p2a: Oricorio|spa|1\n|-boost|p2a: Oricorio|spd|1\n|-boost|p2a: Oricorio|spe|1\n|move|p1a: Kyogre|Origin Pulse|p2a: Oricorio\n|-damage|p2a: Oricorio|47/100\n|\n|-weather|none\n|-heal|p1a: Kyogre|177/259|[from] item: Leftovers\n|upkeep\n|turn|9\n|inactive|Time left: 300 sec this turn | 300 sec total\n|\n|t:|1783540026\n|move|p2a: Oricorio|Roost|p2a: Oricorio\n|-heal|p2a: Oricorio|97/100\n|-singleturn|p2a: Oricorio|move: Roost\n|move|p1a: Kyogre|Thunder|p2a: Oricorio|[miss]\n|-miss|p1a: Kyogre|p2a: Oricorio\n|\n|-heal|p1a: Kyogre|193/259|[from] item: Leftovers\n|upkeep\n|turn|10\n|inactive|Time left: 300 sec this turn | 300 sec total\n|\n|t:|1783540027\n|move|p2a: Oricorio|Quiver Dance|p2a: Oricorio\n|-boost|p2a: Oricorio|spa|1\n|-boost|p2a: Oricorio|spd|1\n|-boost|p2a: Oricorio|spe|1\n|move|p1a: Kyogre|Ice Beam|p2a: Oricorio\n|-supereffective|p2a: Oricorio\n|-damage|p2a: Oricorio|68/100\n|\n|-heal|p1a: Kyogre|209/259|[from] item: Leftovers\n|upkeep\n|turn|11\n|inactive|Time left: 300 sec this turn | 300 sec total\n|\n|t:|1783540029\n|move|p2a: Oricorio|Revelation Dance|p1a: Kyogre\n|-damage|p1a: Kyogre|41/259\n|move|p1a: Kyogre|Ice Beam|p2a: Oricorio\n|-supereffective|p2a: Oricorio\n|-damage|p2a: Oricorio|38/100\n|\n|-heal|p1a: Kyogre|57/259|[from] item: Leftovers\n|upkeep\n|turn|12\n|inactive|Time left: 300 sec this turn | 300 sec total\n|\n|t:|1783540030\n|switch|p1a: Hoopa|Hoopa, L85|275/275\n|move|p2a: Oricorio|Revelation Dance|p1a: Hoopa\n|-resisted|p1a: Hoopa\n|-damage|p1a: Hoopa|205/275\n|\n|upkeep\n|turn|13\n|inactive|Time left: 300 sec this turn | 300 sec total\n|\n|t:|1783540031\n|move|p2a: Oricorio|Roost|p2a: Oricorio\n|-heal|p2a: Oricorio|88/100\n|-singleturn|p2a: Oricorio|move: Roost\n|move|p1a: Hoopa|Shadow Ball|p2a: Oricorio\n|-supereffective|p2a: Oricorio\n|-damage|p2a: Oricorio|19/100\n|-damage|p1a: Hoopa|178/275|[from] item: Life Orb\n|\n|upkeep\n|turn|14\n|inactive|Time left: 300 sec this turn | 300 sec total\n|\n|t:|1783540032\n|move|p2a: Oricorio|Hurricane|p1a: Hoopa\n|-damage|p1a: Hoopa|4/275\n|move|p1a: Hoopa|Shadow Ball|p2a: Oricorio\n|-supereffective|p2a: Oricorio\n|-damage|p2a: Oricorio|0 fnt\n|faint|p2a: Oricorio\n|-damage|p1a: Hoopa|0 fnt|[from] item: Life Orb\n|faint|p1a: Hoopa\n|\n|upkeep\n|inactive|Time left: 300 sec this turn | 300 sec total | 5 sec grace\n|\n|t:|1783540033\n|switch|p2a: Tropius|Tropius, L91, M|100/100\n|switch|p1a: Umbreon|Umbreon, L84, F|297/297\n|turn|15\n|inactive|Time left: 300 sec this turn | 300 sec total\n|\n|t:|1783540034\n|move|p1a: Umbreon|Toxic|p2a: Tropius|[miss]\n|-miss|p1a: Umbreon|p2a: Tropius\n|move|p2a: Tropius|Dragon Dance|p2a: Tropius\n|-boost|p2a: Tropius|atk|1\n|-boost|p2a: Tropius|spe|1\n|\n|upkeep\n|turn|16\n|inactive|Time left: 300 sec this turn | 300 sec total\n|\n|t:|1783540035\n|move|p2a: Tropius|Dragon Dance|p2a: Tropius\n|-boost|p2a: Tropius|atk|1\n|-boost|p2a: Tropius|spe|1\n|move|p1a: Umbreon|Toxic|p2a: Tropius\n|-status|p2a: Tropius|tox\n|\n|-damage|p2a: Tropius|94/100 tox|[from] psn\n|upkeep\n|turn|17\n|inactive|Time left: 300 sec this turn | 300 sec total\n|\n|t:|1783540037\n|move|p2a: Tropius|Earthquake|p1a: Umbreon\n|-damage|p1a: Umbreon|194/297\n|move|p1a: Umbreon|Foul Play|p2a: Tropius\n|-damage|p2a: Tropius|49/100 tox\n|-enditem|p2a: Tropius|Sitrus Berry|[eat]\n|-heal|p2a: Tropius|74/100 tox|[from] item: Sitrus Berry\n|\n|-heal|p1a: Umbreon|212/297|[from] item: Leftovers\n|-damage|p2a: Tropius|62/100 tox|[from] psn\n|upkeep\n|turn|18\n|inactive|Time left: 300 sec this turn | 300 sec total\n|\n|t:|1783540038\n|move|p2a: Tropius|Synthesis|p2a: Tropius\n|-heal|p2a: Tropius|100/100 tox\n|move|p1a: Umbreon|Foul Play|p2a: Tropius\n|-damage|p2a: Tropius|53/100 tox\n|\n|-heal|p1a: Umbreon|230/297|[from] item: Leftovers\n|-damage|p2a: Tropius|35/100 tox|[from] psn\n|-item|p2a: Tropius|Sitrus Berry|[from] ability: Harvest\n|upkeep\n|-enditem|p2a: Tropius|Sitrus Berry|[eat]\n|-heal|p2a: Tropius|60/100 tox|[from] item: Sitrus Berry\n|turn|19\n|inactive|Time left: 300 sec this turn | 300 sec total\n|\n|t:|1783540039\n|move|p2a: Tropius|Synthesis|p2a: Tropius\n|-heal|p2a: Tropius|100/100 tox\n|move|p1a: Umbreon|Foul Play|p2a: Tropius\n|-damage|p2a: Tropius|55/100 tox\n|\n|-heal|p1a: Umbreon|248/297|[from] item: Leftovers\n|-damage|p2a: Tropius|31/100 tox|[from] psn\n|upkeep\n|turn|20\n|inactive|Time left: 300 sec this turn | 300 sec total\n|\n|t:|1783540040\n|move|p2a: Tropius|Synthesis|p2a: Tropius\n|-heal|p2a: Tropius|81/100 tox\n|move|p1a: Umbreon|Foul Play|p2a: Tropius\n|-damage|p2a: Tropius|29/100 tox\n|\n|-heal|p1a: Umbreon|266/297|[from] item: Leftovers\n|-damage|p2a: Tropius|0 fnt|[from] psn\n|faint|p2a: Tropius\n|upkeep\n|\n|t:|1783540041\n|switch|p2a: Comfey|Comfey, L85, F|100/100\n|turn|21\n|inactive|Time left: 300 sec this turn | 300 sec total\n|\n|t:|1783540042\n|move|p2a: Comfey|Calm Mind|p2a: Comfey\n|-boost|p2a: Comfey|spa|1\n|-boost|p2a: Comfey|spd|1\n|move|p1a: Umbreon|Toxic|p2a: Comfey\n|-status|p2a: Comfey|tox\n|\n|-heal|p1a: Umbreon|284/297|[from] item: Leftovers\n|-damage|p2a: Comfey|94/100 tox|[from] psn\n|upkeep\n|turn|22\n|inactive|Time left: 300 sec this turn | 300 sec total\n|\n|t:|1783540043\n|move|p2a: Comfey|Calm Mind|p2a: Comfey\n|-boost|p2a: Comfey|spa|1\n|-boost|p2a: Comfey|spd|1\n|move|p1a: Umbreon|Wish|p1a: Umbreon\n|\n|-heal|p2a: Comfey|100/100 tox|[from] item: Leftovers\n|-heal|p1a: Umbreon|297/297|[from] item: Leftovers\n|-damage|p2a: Comfey|88/100 tox|[from] psn\n|upkeep\n|turn|23\n|inactive|Time left: 300 sec this turn | 300 sec total\n|\n|t:|1783540044\n|switch|p1a: Luxray|Luxray, L88, M|150/283\n|move|p2a: Comfey|Calm Mind|p2a: Comfey\n|-boost|p2a: Comfey|spa|1\n|-boost|p2a: Comfey|spd|1\n|\n|-heal|p1a: Luxray|283/283|[from] move: Wish|[wisher] Umbreon\n|-heal|p2a: Comfey|94/100 tox|[from] item: Leftovers\n|-damage|p2a: Comfey|76/100 tox|[from] psn\n|upkeep\n|turn|24\n|inactive|Time left: 300 sec this turn | 300 sec total\n|\n|t:|1783540045\n|-terastallize|p2a: Comfey|Ground\n|move|p2a: Comfey|Tera Blast|p1a: Luxray|[anim] Tera Blast Ground\n|-supereffective|p1a: Luxray\n|-damage|p1a: Luxray|0 fnt\n|faint|p1a: Luxray\n|\n|-heal|p2a: Comfey|82/100 tox|[from] item: Leftovers\n|-damage|p2a: Comfey|57/100 tox|[from] psn\n|upkeep\n|inactive|Time left: 300 sec this turn | 300 sec total | 5 sec grace\n|\n|t:|1783540046\n|switch|p1a: Umbreon|Umbreon, L84, F|297/297\n|turn|25\n|inactive|Time left: 300 sec this turn | 300 sec total\n|\n|t:|1783540047\n|move|p1a: Umbreon|Protect|p1a: Umbreon\n|-singleturn|p1a: Umbreon|Protect\n|move|p2a: Comfey|Synthesis|p2a: Comfey\n|-heal|p2a: Comfey|100/100 tox\n|\n|-damage|p2a: Comfey|69/100 tox|[from] psn\n|upkeep\n|turn|26\n|inactive|Time left: 300 sec this turn | 300 sec total\n|\n|t:|1783540048\n|move|p2a: Comfey|Draining Kiss|p1a: Umbreon\n|-supereffective|p1a: Umbreon\n|-damage|p1a: Umbreon|115/297\n|-heal|p2a: Comfey|100/100 tox|[from] drain|[of] p1a: Umbreon\n|move|p1a: Umbreon|Foul Play|p2a: Comfey\n|-damage|p2a: Comfey|80/100 tox\n|\n|-heal|p2a: Comfey|86/100 tox|[from] item: Leftovers\n|-heal|p1a: Umbreon|133/297|[from] item: Leftovers\n|-damage|p2a: Comfey|49/100 tox|[from] psn\n|upkeep\n|turn|27\n|inactive|Time left: 300 sec this turn | 300 sec total\n|\n|t:|1783540048\n|move|p1a: Umbreon|Protect|p1a: Umbreon\n|-singleturn|p1a: Umbreon|Protect\n|move|p2a: Comfey|Tera Blast|p1a: Umbreon|[anim] Tera Blast Ground\n|-activate|p1a: Umbreon|move: Protect\n|\n|-heal|p2a: Comfey|55/100 tox|[from] item: Leftovers\n|-heal|p1a: Umbreon|151/297|[from] item: Leftovers\n|-damage|p2a: Comfey|12/100 tox|[from] psn\n|upkeep\n|turn|28\n|inactive|Time left: 300 sec this turn | 300 sec total\n|\n|t:|1783540049\n|move|p1a: Umbreon|Protect||[still]\n|-fail|p1a: Umbreon\n|move|p2a: Comfey|Draining Kiss|p1a: Umbreon\n|-supereffective|p1a: Umbreon\n|-damage|p1a: Umbreon|0 fnt\n|-heal|p2a: Comfey|62/100 tox|[from] drain|[of] p1a: Umbreon\n|faint|p1a: Umbreon\n|\n|-heal|p2a: Comfey|68/100 tox|[from] item: Leftovers\n|-damage|p2a: Comfey|18/100 tox|[from] psn\n|upkeep\n|inactive|Time left: 300 sec this turn | 300 sec total | 5 sec grace\n|\n|t:|1783540050\n|switch|p1a: Serperior|Serperior, L79, M|248/248\n|turn|29\n|inactive|Time left: 300 sec this turn | 300 sec total\n|\n|t:|1783540051\n|move|p2a: Comfey|Draining Kiss|p1a: Serperior\n|-damage|p1a: Serperior|128/248\n|-heal|p2a: Comfey|58/100 tox|[from] drain|[of] p1a: Serperior\n|move|p1a: Serperior|Synthesis|p1a: Serperior\n|-heal|p1a: Serperior|248/248\n|\n|-heal|p2a: Comfey|64/100 tox|[from] item: Leftovers\n|-damage|p2a: Comfey|8/100 tox|[from] psn\n|upkeep\n|turn|30\n|inactive|Time left: 300 sec this turn | 300 sec total\n|\n|t:|1783540052\n|move|p2a: Comfey|Draining Kiss|p1a: Serperior\n|-damage|p1a: Serperior|134/248\n|-heal|p2a: Comfey|47/100 tox|[from] drain|[of] p1a: Serperior\n|move|p1a: Serperior|Leaf Storm|p2a: Comfey\n|-supereffective|p2a: Comfey\n|-damage|p2a: Comfey|8/100 tox\n|-boost|p1a: Serperior|spa|2\n|-damage|p1a: Serperior|110/248|[from] item: Life Orb\n|\n|-heal|p2a: Comfey|14/100 tox|[from] item: Leftovers\n|-damage|p2a: Comfey|0 fnt|[from] psn\n|faint|p2a: Comfey\n|upkeep\n|\n|t:|1783540053\n|switch|p2a: Deoxys|Deoxys, L74|100/100\n|-ability|p2a: Deoxys|Pressure\n|turn|31\n|inactive|Time left: 300 sec this turn | 300 sec total\n|\n|t:|1783540054\n|switch|p1a: Kyogre|Kyogre, L71|57/259\n|-weather|RainDance|[from] ability: Drizzle|[of] p1a: Kyogre\n|move|p2a: Deoxys|Superpower|p1a: Kyogre\n|-damage|p1a: Kyogre|0 fnt\n|-unboost|p2a: Deoxys|atk|1\n|-unboost|p2a: Deoxys|def|1\n|faint|p1a: Kyogre\n|-damage|p2a: Deoxys|91/100|[from] item: Life Orb\n|\n|-weather|RainDance|[upkeep]\n|upkeep\n|inactive|Time left: 300 sec this turn | 300 sec total | 5 sec grace\n|\n|t:|1783540054\n|switch|p1a: Serperior|Serperior, L79, M|110/248\n|turn|32\n|inactive|Time left: 300 sec this turn | 300 sec total\n|\n|t:|1783540055\n|-terastallize|p1a: Serperior|Dragon\n|move|p2a: Deoxys|Psycho Boost|p1a: Serperior\n|-damage|p1a: Serperior|0 fnt\n|-unboost|p2a: Deoxys|spa|2\n|faint|p1a: Serperior\n|-damage|p2a: Deoxys|81/100|[from] item: Life Orb\n|\n|win|p0y0494434", "uploadtime": 1783540055, "views": 0, "rating": 0, "private": 0, "password": null, "_winner": "p0y0494434", "_our_name": "p0x0495ba9"}