{"id": "battle-gen9randombattle-2773", "formatid": "gen9randombattle", "format": "[Gen 9] Random Battle", "players": ["p0x27737da8", "p0y2773a358"], "log": "|init|battle\n|title|p0x27737da8 vs. p0y2773a358\n|j|\u2606p0x27737da8\n|j|\u2606p0y2773a358\n|t:|1783570950\n|gametype|singles\n|player|p1|p0x27737da8|266|\n|player|p2|p0y2773a358|102|\n|gen|9\n|tier|[Gen 9] Random Battle\n|rule|Species Clause: Limit one of each Pok\u00e9mon\n|rule|HP Percentage Mod: HP is shown in percentages\n|rule|Sleep Clause Mod: Limit one foe put to sleep\n|rule|Illusion Level Mod: Illusion disguises the Pok\u00e9mon's true level\n|\n|t:|1783570950\n|teamsize|p1|6\n|teamsize|p2|6\n|start\n|switch|p1a: Ampharos|Ampharos, L88, M|100/100\n|switch|p2a: Arceus|Arceus-Flying, L69|279/279\n|turn|1\n|inactive|Battle timer is ON: inactive players will automatically lose when time's up. (requested by p0x27737da8)\n|inactive|Time left: 300 sec this turn | 300 sec total | 60 sec grace\n|\n|t:|1783570951\n|switch|p2a: Luxray|Luxray, L88, F|283/283\n|move|p1a: Ampharos|Discharge|p2a: Luxray\n|-resisted|p2a: Luxray\n|-damage|p2a: Luxray|226/283\n|\n|-status|p2a: Luxray|brn|[from] item: Flame Orb\n|upkeep\n|turn|2\n|inactive|Time left: 300 sec this turn | 300 sec total\n|inactive|p0y2773a358 also wants the timer to be on.\n|\n|t:|1783570952\n|move|p2a: Luxray|Facade|p1a: Ampharos\n|-damage|p1a: Ampharos|43/100\n|move|p1a: Ampharos|Volt Switch|p2a: Luxray\n|-resisted|p2a: Luxray\n|-damage|p2a: Luxray|179/283 brn\n|\n|t:|1783570953\n|switch|p1a: Noivern|Noivern, L82, M|100/100|[from] Volt Switch\n|\n|-damage|p2a: Luxray|162/283 brn|[from] brn\n|upkeep\n|turn|3\n|inactive|Time left: 300 sec this turn | 300 sec total\n|\n|t:|1783570954\n|move|p1a: Noivern|Draco Meteor|p2a: Luxray|[miss]\n|-miss|p1a: Noivern|p2a: Luxray\n|move|p2a: Luxray|Supercell Slam|p1a: Noivern\n|-damage|p1a: Noivern|21/100\n|\n|-damage|p2a: Luxray|145/283 brn|[from] brn\n|upkeep\n|turn|4\n|inactive|Time left: 300 sec this turn | 300 sec total\n|\n|t:|1783570955\n|switch|p2a: Arceus|Arceus-Flying, L69|279/279\n|move|p1a: Noivern|Draco Meteor|p2a: Arceus\n|-damage|p2a: Arceus|104/279\n|-unboost|p1a: Noivern|spa|2\n|\n|upkeep\n|turn|5\n|inactive|Time left: 300 sec this turn | 300 sec total\n|\n|t:|1783570956\n|switch|p1a: Vikavolt|Vikavolt, L83, F|100/100\n|move|p2a: Arceus|Recover|p2a: Arceus\n|-heal|p2a: Arceus|244/279\n|\n|upkeep\n|turn|6\n|inactive|Time left: 300 sec this turn | 300 sec total\n|\n|t:|1783570957\n|move|p2a: Arceus|Calm Mind|p2a: Arceus\n|-boost|p2a: Arceus|spa|1\n|-boost|p2a: Arceus|spd|1\n|move|p1a: Vikavolt|Sticky Web|p2a: Arceus\n|-sidestart|p2: p0y2773a358|move: Sticky Web\n|\n|upkeep\n|turn|7\n|inactive|Time left: 300 sec this turn | 300 sec total\n|\n|t:|1783570958\n|-terastallize|p1a: Vikavolt|Electric\n|move|p2a: Arceus|Judgment|p1a: Vikavolt\n|-resisted|p1a: Vikavolt\n|-damage|p1a: Vikavolt|69/100\n|move|p1a: Vikavolt|Thunderbolt|p2a: Arceus\n|-supereffective|p2a: Arceus\n|-damage|p2a: Arceus|12/279\n|\n|upkeep\n|turn|8\n|inactive|Time left: 300 sec this turn | 300 sec total\n|\n|t:|1783570959\n|move|p2a: Arceus|Recover|p2a: Arceus\n|-heal|p2a: Arceus|152/279\n|move|p1a: Vikavolt|Thunderbolt|p2a: Arceus\n|-supereffective|p2a: Arceus\n|-damage|p2a: Arceus|0 fnt\n|faint|p2a: Arceus\n|\n|upkeep\n|inactive|Time left: 300 sec this turn | 300 sec total | 5 sec grace\n|\n|t:|1783570960\n|switch|p2a: Infernape|Infernape, L82, M|259/259\n|-activate|p2a: Infernape|move: Sticky Web\n|-unboost|p2a: Infernape|spe|1\n|turn|9\n|inactive|Time left: 300 sec this turn | 300 sec total\n|\n|t:|1783570962\n|move|p2a: Infernape|Flare Blitz|p1a: Vikavolt\n|-damage|p1a: Vikavolt|0 fnt\n|faint|p1a: Vikavolt\n|-damage|p2a: Infernape|200/259|[from] Recoil\n|\n|upkeep\n|\n|t:|1783570963\n|switch|p1a: Noivern|Noivern, L82, M|21/100\n|turn|10\n|inactive|Time left: 300 sec this turn | 300 sec total\n|\n|t:|1783570964\n|move|p1a: Noivern|Draco Meteor|p2a: Infernape\n|-damage|p2a: Infernape|0 fnt\n|-unboost|p1a: Noivern|spa|2\n|faint|p2a: Infernape\n|\n|upkeep\n|inactive|Time left: 300 sec this turn | 300 sec total | 5 sec grace\n|\n|t:|1783570965\n|switch|p2a: Hydrapple|Hydrapple, L83, M|312/312\n|-activate|p2a: Hydrapple|move: Sticky Web\n|-unboost|p2a: Hydrapple|spe|1\n|turn|11\n|inactive|Time left: 300 sec this turn | 300 sec total\n|\n|t:|1783570965\n|move|p1a: Noivern|Draco Meteor|p2a: Hydrapple\n|-supereffective|p2a: Hydrapple\n|-damage|p2a: Hydrapple|94/312\n|-unboost|p1a: Noivern|spa|2\n|move|p2a: Hydrapple|Nasty Plot|p2a: Hydrapple\n|-boost|p2a: Hydrapple|spa|2\n|\n|-heal|p2a: Hydrapple|113/312|[from] item: Leftovers\n|upkeep\n|turn|12\n|inactive|Time left: 300 sec this turn | 300 sec total\n|\n|t:|1783570966\n|move|p1a: Noivern|Draco Meteor|p2a: Hydrapple\n|-supereffective|p2a: Hydrapple\n|-damage|p2a: Hydrapple|0 fnt\n|-unboost|p1a: Noivern|spa|2\n|faint|p2a: Hydrapple\n|\n|upkeep\n|inactive|Time left: 300 sec this turn | 300 sec total | 5 sec grace\n|\n|t:|1783570967\n|switch|p2a: Electivire|Electivire, L84, F|263/263\n|-activate|p2a: Electivire|move: Sticky Web\n|-unboost|p2a: Electivire|spe|1\n|turn|13\n|inactive|Time left: 300 sec this turn | 300 sec total\n|\n|t:|1783570968\n|move|p1a: Noivern|Draco Meteor|p2a: Electivire\n|-damage|p2a: Electivire|214/263\n|move|p2a: Electivire|Bulk Up|p2a: Electivire\n|-boost|p2a: Electivire|atk|1\n|-boost|p2a: Electivire|def|1\n|\n|upkeep\n|turn|14\n|inactive|Time left: 300 sec this turn | 300 sec total\n|\n|t:|1783570969\n|move|p1a: Noivern|Draco Meteor|p2a: Electivire\n|-damage|p2a: Electivire|162/263\n|move|p2a: Electivire|Bulk Up|p2a: Electivire\n|-boost|p2a: Electivire|atk|1\n|-boost|p2a: Electivire|def|1\n|\n|upkeep\n|turn|15\n|inactive|Time left: 300 sec this turn | 300 sec total\n|\n|t:|1783570970\n|move|p1a: Noivern|Draco Meteor|p2a: Electivire\n|-damage|p2a: Electivire|110/263\n|move|p2a: Electivire|Supercell Slam|p1a: Noivern\n|-damage|p1a: Noivern|0 fnt\n|faint|p1a: Noivern\n|-damage|p2a: Electivire|84/263|[from] item: Life Orb\n|\n|upkeep\n|\n|t:|1783570970\n|switch|p1a: Kleavor|Kleavor, L78, M|100/100\n|turn|16\n|inactive|Time left: 300 sec this turn | 300 sec total\n|\n|t:|1783570971\n|move|p1a: Kleavor|X-Scissor|p2a: Electivire\n|-damage|p2a: Electivire|0 fnt\n|faint|p2a: Electivire\n|\n|upkeep\n|inactive|Time left: 300 sec this turn | 300 sec total | 5 sec grace\n|\n|t:|1783570972\n|switch|p2a: Tornadus|Tornadus, L82, M|263/263\n|turn|17\n|inactive|Time left: 300 sec this turn | 300 sec total\n|\n|t:|1783570973\n|-terastallize|p2a: Tornadus|Flying\n|move|p2a: Tornadus|Bleakwind Storm|p1a: Kleavor\n|-damage|p1a: Kleavor|0 fnt\n|faint|p1a: Kleavor\n|\n|upkeep\n|\n|t:|1783570973\n|switch|p1a: Tsareena|Tsareena, L87, F|100/100\n|turn|18\n|inactive|Time left: 300 sec this turn | 300 sec total\n|\n|t:|1783570974\n|move|p1a: Tsareena|Triple Axel|p2a: Tornadus\n|-supereffective|p2a: Tornadus\n|-damage|p2a: Tornadus|217/263\n|-supereffective|p2a: Tornadus\n|-damage|p2a: Tornadus|123/263\n|-supereffective|p2a: Tornadus\n|-damage|p2a: Tornadus|3/263\n|-hitcount|p2a: Tornadus|3\n|move|p2a: Tornadus|Bleakwind Storm|p1a: Tsareena\n|-supereffective|p1a: Tsareena\n|-damage|p1a: Tsareena|0 fnt\n|faint|p1a: Tsareena\n|\n|upkeep\n|\n|t:|1783570975\n|switch|p1a: Ampharos|Ampharos, L88, M|43/100\n|turn|19\n|inactive|Time left: 300 sec this turn | 300 sec total\n|\n|t:|1783570976\n|switch|p2a: Luxray|Luxray, L88, F|145/283 brn\n|-activate|p2a: Luxray|move: Sticky Web\n|-unboost|p2a: Luxray|spe|1\n|move|p1a: Ampharos|Volt Switch|p2a: Luxray\n|-resisted|p2a: Luxray\n|-damage|p2a: Luxray|94/283 brn\n|\n|t:|1783570977\n|switch|p1a: Virizion|Virizion, L82|100/100|[from] Volt Switch\n|\n|-damage|p2a: Luxray|77/283 brn|[from] brn\n|upkeep\n|turn|20\n|inactive|Time left: 300 sec this turn | 300 sec total\n|\n|t:|1783570977\n|move|p1a: Virizion|Leaf Blade|p2a: Luxray\n|-damage|p2a: Luxray|0 fnt\n|faint|p2a: Luxray\n|-damage|p1a: Virizion|91/100|[from] item: Life Orb\n|\n|upkeep\n|inactive|Time left: 300 sec this turn | 300 sec total | 5 sec grace\n|\n|t:|1783570978\n|switch|p2a: Tornadus|Tornadus, L82, M, tera:Flying|3/263\n|turn|21\n|inactive|Time left: 300 sec this turn | 300 sec total\n|\n|t:|1783570979\n|move|p2a: Tornadus|Bleakwind Storm|p1a: Virizion\n|-supereffective|p1a: Virizion\n|-damage|p1a: Virizion|0 fnt\n|faint|p1a: Virizion\n|\n|upkeep\n|\n|t:|1783570980\n|switch|p1a: Ampharos|Ampharos, L88, M|43/100\n|turn|22\n|inactive|Time left: 300 sec this turn | 300 sec total\n|\n|t:|1783570981\n|move|p2a: Tornadus|Bleakwind Storm|p1a: Ampharos\n|-resisted|p1a: Ampharos\n|-damage|p1a: Ampharos|15/100\n|move|p1a: Ampharos|Volt Switch|p2a: Tornadus\n|-supereffective|p2a: Tornadus\n|-damage|p2a: Tornadus|0 fnt\n|faint|p2a: Tornadus\n|\n|win|p0x27737da8", "uploadtime": 1783570981, "views": 0, "rating": 0, "private": 0, "password": null, "_winner": "p0x27737da8", "_our_name": "p0y2773a358"}