{"id": "battle-gen9randombattle-2871", "formatid": "gen9randombattle", "format": "[Gen 9] Random Battle", "players": ["p0x287166b6", "p0y2871d875"], "log": "|init|battle\n|title|p0x287166b6 vs. p0y2871d875\n|j|\u2606p0x287166b6\n|j|\u2606p0y2871d875\n|t:|1783573059\n|gametype|singles\n|player|p1|p0x287166b6|266|\n|player|p2|p0y2871d875|169|\n|gen|9\n|tier|[Gen 9] Random Battle\n|rule|Species Clause: Limit one of each Pok\u00e9mon\n|rule|HP Percentage Mod: HP is shown in percentages\n|rule|Sleep Clause Mod: Limit one foe put to sleep\n|rule|Illusion Level Mod: Illusion disguises the Pok\u00e9mon's true level\n|\n|t:|1783573059\n|teamsize|p1|6\n|teamsize|p2|6\n|start\n|switch|p1a: Arboliva|Arboliva, L91, M|288/288\n|switch|p2a: Frosmoth|Frosmoth, L82, F|100/100\n|turn|1\n|inactive|Battle timer is ON: inactive players will automatically lose when time's up. (requested by p0y2871d875)\n|inactive|Time left: 300 sec this turn | 300 sec total | 60 sec grace\n|inactive|p0x287166b6 also wants the timer to be on.\n|\n|t:|1783573061\n|move|p2a: Frosmoth|Quiver Dance|p2a: Frosmoth\n|-boost|p2a: Frosmoth|spa|1\n|-boost|p2a: Frosmoth|spd|1\n|-boost|p2a: Frosmoth|spe|1\n|move|p1a: Arboliva|Leech Seed|p2a: Frosmoth\n|-start|p2a: Frosmoth|move: Leech Seed\n|\n|-damage|p2a: Frosmoth|88/100|[from] Leech Seed|[of] p1a: Arboliva\n|upkeep\n|turn|2\n|inactive|Time left: 300 sec this turn | 300 sec total\n|\n|t:|1783573062\n|switch|p1a: Hitmonchan|Hitmonchan, L87, M|229/229\n|move|p2a: Frosmoth|Quiver Dance|p2a: Frosmoth\n|-boost|p2a: Frosmoth|spa|1\n|-boost|p2a: Frosmoth|spd|1\n|-boost|p2a: Frosmoth|spe|1\n|\n|-damage|p2a: Frosmoth|76/100|[from] Leech Seed|[of] p1a: Hitmonchan\n|upkeep\n|turn|3\n|inactive|Time left: 300 sec this turn | 300 sec total\n|\n|t:|1783573064\n|move|p2a: Frosmoth|Ice Beam|p1a: Hitmonchan\n|-damage|p1a: Hitmonchan|103/229\n|move|p1a: Hitmonchan|Drain Punch|p2a: Frosmoth\n|-damage|p2a: Frosmoth|20/100\n|-heal|p1a: Hitmonchan|173/229|[from] drain|[of] p2a: Frosmoth\n|\n|-damage|p2a: Frosmoth|7/100|[from] Leech Seed|[of] p1a: Hitmonchan\n|-heal|p1a: Hitmonchan|204/229|[silent]\n|upkeep\n|turn|4\n|inactive|Time left: 300 sec this turn | 300 sec total\n|\n|t:|1783573065\n|move|p2a: Frosmoth|Ice Beam|p1a: Hitmonchan\n|-damage|p1a: Hitmonchan|84/229\n|move|p1a: Hitmonchan|Poison Jab|p2a: Frosmoth\n|-damage|p2a: Frosmoth|0 fnt\n|faint|p2a: Frosmoth\n|\n|upkeep\n|\n|t:|1783573066\n|switch|p2a: Reuniclus|Reuniclus, L88, F|100/100\n|turn|5\n|inactive|Time left: 300 sec this turn | 300 sec total\n|\n|t:|1783573067\n|move|p1a: Hitmonchan|Knock Off|p2a: Reuniclus\n|-supereffective|p2a: Reuniclus\n|-damage|p2a: Reuniclus|53/100\n|-enditem|p2a: Reuniclus|Life Orb|[from] move: Knock Off|[of] p1a: Hitmonchan\n|move|p2a: Reuniclus|Psychic|p1a: Hitmonchan\n|-supereffective|p1a: Hitmonchan\n|-damage|p1a: Hitmonchan|0 fnt\n|faint|p1a: Hitmonchan\n|\n|upkeep\n|inactive|Time left: 300 sec this turn | 300 sec total | 5 sec grace\n|\n|t:|1783573068\n|switch|p1a: Arcanine|Arcanine-Hisui, L79, M|279/279\n|turn|6\n|inactive|Time left: 300 sec this turn | 300 sec total\n|\n|t:|1783573069\n|move|p1a: Arcanine|Flare Blitz|p2a: Reuniclus\n|-crit|p2a: Reuniclus\n|-damage|p2a: Reuniclus|0 fnt\n|faint|p2a: Reuniclus\n|\n|upkeep\n|\n|t:|1783573070\n|switch|p2a: Iron Hands|Iron Hands, L79|100/100\n|turn|7\n|inactive|Time left: 300 sec this turn | 300 sec total\n|\n|t:|1783573071\n|move|p1a: Arcanine|Flare Blitz|p2a: Iron Hands\n|-damage|p2a: Iron Hands|57/100\n|move|p2a: Iron Hands|Close Combat|p1a: Arcanine\n|-supereffective|p1a: Arcanine\n|-damage|p1a: Arcanine|0 fnt\n|-unboost|p2a: Iron Hands|def|1\n|-unboost|p2a: Iron Hands|spd|1\n|faint|p1a: Arcanine\n|\n|upkeep\n|inactive|Time left: 300 sec this turn | 300 sec total | 5 sec grace\n|\n|t:|1783573072\n|switch|p1a: Typhlosion|Typhlosion, L84, F|267/267\n|turn|8\n|inactive|Time left: 300 sec this turn | 300 sec total\n|\n|t:|1783573073\n|move|p1a: Typhlosion|Eruption|p2a: Iron Hands\n|-damage|p2a: Iron Hands|0 fnt\n|faint|p2a: Iron Hands\n|-end|p2a: Iron Hands|Quark Drive|[silent]\n|\n|upkeep\n|\n|t:|1783573074\n|switch|p2a: Sableye|Sableye, L88, M|100/100\n|turn|9\n|inactive|Time left: 300 sec this turn | 300 sec total\n|\n|t:|1783573075\n|move|p2a: Sableye|Thunder Wave|p1a: Typhlosion\n|-status|p1a: Typhlosion|par\n|cant|p1a: Typhlosion|par\n|\n|upkeep\n|turn|10\n|inactive|Time left: 300 sec this turn | 300 sec total\n|\n|t:|1783573076\n|cant|p1a: Typhlosion|par\n|move|p2a: Sableye|Knock Off|p1a: Typhlosion\n|-damage|p1a: Typhlosion|170/267 par\n|-enditem|p1a: Typhlosion|Choice Scarf|[from] move: Knock Off|[of] p2a: Sableye\n|\n|upkeep\n|turn|11\n|inactive|Time left: 300 sec this turn | 300 sec total\n|\n|t:|1783573077\n|move|p2a: Sableye|Knock Off|p1a: Typhlosion\n|-damage|p1a: Typhlosion|100/267 par\n|cant|p1a: Typhlosion|par\n|\n|upkeep\n|turn|12\n|inactive|Time left: 300 sec this turn | 300 sec total\n|\n|t:|1783573078\n|switch|p2a: Kyurem|Kyurem-Black, L71|100/100\n|-ability|p2a: Kyurem|Teravolt\n|move|p1a: Typhlosion|Fire Blast|p2a: Kyurem\n|-damage|p2a: Kyurem|49/100\n|\n|upkeep\n|turn|13\n|inactive|Time left: 300 sec this turn | 300 sec total\n|\n|t:|1783573079\n|move|p2a: Kyurem|Scale Shot|p1a: Typhlosion\n|-damage|p1a: Typhlosion|67/267 par\n|-damage|p1a: Typhlosion|36/267 par\n|-damage|p1a: Typhlosion|2/267 par\n|-damage|p1a: Typhlosion|0 fnt\n|faint|p1a: Typhlosion\n|-hitcount|p1: Typhlosion|4\n|-unboost|p2a: Kyurem|def|1\n|-boost|p2a: Kyurem|spe|1\n|\n|upkeep\n|inactive|Time left: 300 sec this turn | 300 sec total | 5 sec grace\n|\n|t:|1783573079\n|switch|p1a: Arboliva|Arboliva, L91, M|288/288\n|turn|14\n|inactive|Time left: 300 sec this turn | 300 sec total\n|\n|t:|1783573080\n|move|p2a: Kyurem|Icicle Spear|p1a: Arboliva\n|-supereffective|p1a: Arboliva\n|-damage|p1a: Arboliva|228/288\n|-supereffective|p1a: Arboliva\n|-damage|p1a: Arboliva|172/288\n|-supereffective|p1a: Arboliva\n|-damage|p1a: Arboliva|112/288\n|-enditem|p1a: Arboliva|Sitrus Berry|[eat]\n|-heal|p1a: Arboliva|184/288|[from] item: Sitrus Berry\n|-supereffective|p1a: Arboliva\n|-damage|p1a: Arboliva|128/288\n|-hitcount|p1a: Arboliva|4\n|move|p1a: Arboliva|Hyper Voice|p2a: Kyurem\n|-damage|p2a: Kyurem|0 fnt\n|faint|p2a: Kyurem\n|\n|-item|p1a: Arboliva|Sitrus Berry|[from] ability: Harvest\n|upkeep\n|-enditem|p1a: Arboliva|Sitrus Berry|[eat]\n|-heal|p1a: Arboliva|200/288|[from] item: Sitrus Berry\n|\n|t:|1783573081\n|switch|p2a: Rabsca|Rabsca, L91, M|100/100\n|turn|15\n|inactive|Time left: 300 sec this turn | 300 sec total\n|\n|t:|1783573082\n|move|p1a: Arboliva|Protect|p1a: Arboliva\n|-singleturn|p1a: Arboliva|Protect\n|move|p2a: Rabsca|Bug Buzz|p1a: Arboliva\n|-activate|p1a: Arboliva|move: Protect\n|\n|upkeep\n|turn|16\n|inactive|Time left: 300 sec this turn | 300 sec total\n|\n|t:|1783573083\n|-terastallize|p1a: Arboliva|Water\n|move|p1a: Arboliva|Leech Seed|p2a: Rabsca\n|-start|p2a: Rabsca|move: Leech Seed\n|move|p2a: Rabsca|Bug Buzz|p1a: Arboliva\n|-damage|p1a: Arboliva|103/288\n|\n|-damage|p2a: Rabsca|88/100|[from] Leech Seed|[of] p1a: Arboliva\n|-heal|p1a: Arboliva|138/288|[silent]\n|upkeep\n|turn|17\n|inactive|Time left: 300 sec this turn | 300 sec total\n|\n|t:|1783573084\n|switch|p2a: Sableye|Sableye, L88, M|100/100\n|move|p1a: Arboliva|Leech Seed|p2a: Sableye\n|-start|p2a: Sableye|move: Leech Seed\n|\n|-damage|p2a: Sableye|88/100|[from] Leech Seed|[of] p1a: Arboliva\n|-heal|p1a: Arboliva|166/288|[silent]\n|-item|p1a: Arboliva|Sitrus Berry|[from] ability: Harvest\n|upkeep\n|turn|18\n|inactive|Time left: 300 sec this turn | 300 sec total\n|\n|t:|1783573085\n|switch|p2a: Rabsca|Rabsca, L91, M|88/100\n|move|p1a: Arboliva|Protect||[still]\n|-fail|p1a: Arboliva\n|\n|upkeep\n|turn|19\n|inactive|Time left: 300 sec this turn | 300 sec total\n|\n|t:|1783573086\n|move|p1a: Arboliva|Leech Seed|p2a: Rabsca\n|-start|p2a: Rabsca|move: Leech Seed\n|move|p2a: Rabsca|Bug Buzz|p1a: Arboliva\n|-damage|p1a: Arboliva|72/288\n|-enditem|p1a: Arboliva|Sitrus Berry|[eat]\n|-heal|p1a: Arboliva|144/288|[from] item: Sitrus Berry\n|\n|-damage|p2a: Rabsca|76/100|[from] Leech Seed|[of] p1a: Arboliva\n|-heal|p1a: Arboliva|179/288|[silent]\n|-item|p1a: Arboliva|Sitrus Berry|[from] ability: Harvest\n|upkeep\n|turn|20\n|inactive|Time left: 300 sec this turn | 300 sec total\n|\n|t:|1783573087\n|switch|p2a: Sableye|Sableye, L88, M|88/100\n|move|p1a: Arboliva|Leech Seed|p2a: Sableye\n|-start|p2a: Sableye|move: Leech Seed\n|\n|-heal|p2a: Sableye|94/100|[from] item: Leftovers\n|-damage|p2a: Sableye|82/100|[from] Leech Seed|[of] p1a: Arboliva\n|-heal|p1a: Arboliva|207/288|[silent]\n|upkeep\n|turn|21\n|inactive|Time left: 300 sec this turn | 300 sec total\n|\n|t:|1783573088\n|move|p2a: Sableye|Knock Off|p1a: Arboliva\n|-damage|p1a: Arboliva|116/288\n|-enditem|p1a: Arboliva|Sitrus Berry|[from] move: Knock Off|[of] p2a: Sableye\n|move|p1a: Arboliva|Hyper Voice|p2a: Sableye\n|-immune|p2a: Sableye\n|\n|-heal|p2a: Sableye|88/100|[from] item: Leftovers\n|-damage|p2a: Sableye|76/100|[from] Leech Seed|[of] p1a: Arboliva\n|-heal|p1a: Arboliva|144/288|[silent]\n|upkeep\n|turn|22\n|inactive|Time left: 300 sec this turn | 300 sec total\n|\n|t:|1783573089\n|switch|p2a: Rabsca|Rabsca, L91, M|76/100\n|move|p1a: Arboliva|Leech Seed|p2a: Rabsca\n|-start|p2a: Rabsca|move: Leech Seed\n|\n|-damage|p2a: Rabsca|64/100|[from] Leech Seed|[of] p1a: Arboliva\n|-heal|p1a: Arboliva|179/288|[silent]\n|upkeep\n|turn|23\n|inactive|Time left: 300 sec this turn | 300 sec total\n|\n|t:|1783573090\n|switch|p2a: Sableye|Sableye, L88, M|76/100\n|move|p1a: Arboliva|Leech Seed|p2a: Sableye\n|-start|p2a: Sableye|move: Leech Seed\n|\n|-heal|p2a: Sableye|82/100|[from] item: Leftovers\n|-damage|p2a: Sableye|70/100|[from] Leech Seed|[of] p1a: Arboliva\n|-heal|p1a: Arboliva|207/288|[silent]\n|upkeep\n|turn|24\n|inactive|Time left: 300 sec this turn | 300 sec total\n|\n|t:|1783573091\n|move|p1a: Arboliva|Protect|p1a: Arboliva\n|-singleturn|p1a: Arboliva|Protect\n|move|p2a: Sableye|Thunder Wave|p1a: Arboliva\n|-activate|p1a: Arboliva|move: Protect\n|\n|-heal|p2a: Sableye|76/100|[from] item: Leftovers\n|-damage|p2a: Sableye|64/100|[from] Leech Seed|[of] p1a: Arboliva\n|-heal|p1a: Arboliva|235/288|[silent]\n|upkeep\n|turn|25\n|inactive|Time left: 300 sec this turn | 300 sec total\n|\n|t:|1783573092\n|move|p2a: Sableye|Knock Off|p1a: Arboliva\n|-damage|p1a: Arboliva|175/288\n|move|p1a: Arboliva|Hyper Voice|p2a: Sableye\n|-immune|p2a: Sableye\n|\n|-heal|p2a: Sableye|70/100|[from] item: Leftovers\n|-damage|p2a: Sableye|58/100|[from] Leech Seed|[of] p1a: Arboliva\n|-heal|p1a: Arboliva|203/288|[silent]\n|upkeep\n|turn|26\n|inactive|Time left: 300 sec this turn | 300 sec total\n|\n|t:|1783573093\n|switch|p2a: Rabsca|Rabsca, L91, M|64/100\n|move|p1a: Arboliva|Protect||[still]\n|-fail|p1a: Arboliva\n|\n|upkeep\n|turn|27\n|inactive|Time left: 300 sec this turn | 300 sec total\n|\n|t:|1783573094\n|move|p1a: Arboliva|Leech Seed|p2a: Rabsca\n|-start|p2a: Rabsca|move: Leech Seed\n|move|p2a: Rabsca|Bug Buzz|p1a: Arboliva\n|-damage|p1a: Arboliva|110/288\n|\n|-damage|p2a: Rabsca|51/100|[from] Leech Seed|[of] p1a: Arboliva\n|-heal|p1a: Arboliva|145/288|[silent]\n|upkeep\n|turn|28\n|inactive|Time left: 300 sec this turn | 300 sec total\n|\n|t:|1783573095\n|switch|p2a: Sableye|Sableye, L88, M|58/100\n|move|p1a: Arboliva|Leech Seed|p2a: Sableye\n|-start|p2a: Sableye|move: Leech Seed\n|\n|-heal|p2a: Sableye|64/100|[from] item: Leftovers\n|-damage|p2a: Sableye|52/100|[from] Leech Seed|[of] p1a: Arboliva\n|-heal|p1a: Arboliva|173/288|[silent]\n|upkeep\n|turn|29\n|inactive|Time left: 300 sec this turn | 300 sec total\n|\n|t:|1783573097\n|move|p2a: Sableye|Recover|p2a: Sableye\n|-heal|p2a: Sableye|100/100\n|move|p1a: Arboliva|Hyper Voice|p2a: Sableye\n|-immune|p2a: Sableye\n|\n|-damage|p2a: Sableye|88/100|[from] Leech Seed|[of] p1a: Arboliva\n|-heal|p1a: Arboliva|201/288|[silent]\n|upkeep\n|turn|30\n|inactive|Time left: 300 sec this turn | 300 sec total\n|\n|t:|1783573098\n|switch|p2a: Rabsca|Rabsca, L91, M|51/100\n|move|p1a: Arboliva|Leech Seed|p2a: Rabsca\n|-start|p2a: Rabsca|move: Leech Seed\n|\n|-damage|p2a: Rabsca|39/100|[from] Leech Seed|[of] p1a: Arboliva\n|-heal|p1a: Arboliva|236/288|[silent]\n|upkeep\n|turn|31\n|inactive|Time left: 300 sec this turn | 300 sec total\n|\n|t:|1783573098\n|switch|p2a: Sableye|Sableye, L88, M|88/100\n|move|p1a: Arboliva|Protect||[still]\n|-fail|p1a: Arboliva\n|\n|-heal|p2a: Sableye|94/100|[from] item: Leftovers\n|upkeep\n|turn|32\n|inactive|Time left: 300 sec this turn | 300 sec total\n|\n|t:|1783573099\n|move|p2a: Sableye|Knock Off|p1a: Arboliva\n|-damage|p1a: Arboliva|182/288\n|move|p1a: Arboliva|Leech Seed|p2a: Sableye\n|-start|p2a: Sableye|move: Leech Seed\n|\n|-heal|p2a: Sableye|100/100|[from] item: Leftovers\n|-damage|p2a: Sableye|88/100|[from] Leech Seed|[of] p1a: Arboliva\n|-heal|p1a: Arboliva|210/288|[silent]\n|upkeep\n|turn|33\n|inactive|Time left: 300 sec this turn | 300 sec total\n|\n|t:|1783573101\n|switch|p2a: Rabsca|Rabsca, L91, M|39/100\n|move|p1a: Arboliva|Protect||[still]\n|-fail|p1a: Arboliva\n|\n|upkeep\n|turn|34\n|inactive|Time left: 300 sec this turn | 300 sec total\n|\n|t:|1783573102\n|move|p1a: Arboliva|Leech Seed|p2a: Rabsca\n|-start|p2a: Rabsca|move: Leech Seed\n|move|p2a: Rabsca|Psychic|p1a: Arboliva\n|-damage|p1a: Arboliva|108/288\n|\n|-damage|p2a: Rabsca|27/100|[from] Leech Seed|[of] p1a: Arboliva\n|-heal|p1a: Arboliva|143/288|[silent]\n|upkeep\n|turn|35\n|inactive|Time left: 300 sec this turn | 300 sec total\n|\n|t:|1783573103\n|switch|p2a: Sableye|Sableye, L88, M|88/100\n|move|p1a: Arboliva|Protect||[still]\n|-fail|p1a: Arboliva\n|\n|-heal|p2a: Sableye|94/100|[from] item: Leftovers\n|upkeep\n|turn|36\n|inactive|Time left: 300 sec this turn | 300 sec total\n|\n|t:|1783573104\n|move|p2a: Sableye|Thunder Wave|p1a: Arboliva\n|-status|p1a: Arboliva|par\n|cant|p1a: Arboliva|par\n|\n|-heal|p2a: Sableye|100/100|[from] item: Leftovers\n|upkeep\n|turn|37\n|inactive|Time left: 300 sec this turn | 300 sec total\n|\n|t:|1783573105\n|move|p2a: Sableye|Encore|p1a: Arboliva\n|-start|p1a: Arboliva|Encore\n|move|p1a: Arboliva|Protect||[still]\n|-fail|p1a: Arboliva\n|\n|upkeep\n|turn|38\n|inactive|Time left: 300 sec this turn | 300 sec total\n|\n|t:|1783573105\n|move|p1a: Arboliva|Protect|p1a: Arboliva\n|-singleturn|p1a: Arboliva|Protect\n|move|p2a: Sableye|Knock Off|p1a: Arboliva\n|-activate|p1a: Arboliva|move: Protect\n|\n|upkeep\n|turn|39\n|inactive|Time left: 300 sec this turn | 300 sec total\n|\n|t:|1783573106\n|switch|p1a: Dodrio|Dodrio, L85, F|241/241\n|move|p2a: Sableye|Knock Off|p1a: Dodrio\n|-damage|p1a: Dodrio|139/241\n|-enditem|p1a: Dodrio|Heavy-Duty Boots|[from] move: Knock Off|[of] p2a: Sableye\n|\n|upkeep\n|turn|40\n|inactive|Time left: 300 sec this turn | 300 sec total\n|\n|t:|1783573107\n|move|p1a: Dodrio|Brave Bird|p2a: Sableye\n|-damage|p2a: Sableye|34/100\n|-damage|p1a: Dodrio|89/241|[from] Recoil\n|move|p2a: Sableye|Knock Off|p1a: Dodrio\n|-damage|p1a: Dodrio|20/241\n|\n|-heal|p2a: Sableye|40/100|[from] item: Leftovers\n|upkeep\n|turn|41\n|inactive|Time left: 300 sec this turn | 300 sec total\n|\n|t:|1783573108\n|move|p2a: Sableye|Recover|p2a: Sableye\n|-heal|p2a: Sableye|91/100\n|move|p1a: Dodrio|Brave Bird|p2a: Sableye\n|-damage|p2a: Sableye|26/100\n|-damage|p1a: Dodrio|0 fnt|[from] Recoil\n|faint|p1a: Dodrio\n|\n|-heal|p2a: Sableye|33/100|[from] item: Leftovers\n|upkeep\n|inactive|Time left: 300 sec this turn | 300 sec total | 5 sec grace\n|\n|t:|1783573109\n|switch|p1a: Azelf|Azelf, L82|257/257\n|turn|42\n|inactive|Time left: 300 sec this turn | 300 sec total\n|\n|t:|1783573110\n|move|p2a: Sableye|Recover|p2a: Sableye\n|-heal|p2a: Sableye|83/100\n|move|p1a: Azelf|Fire Blast|p2a: Sableye\n|-damage|p2a: Sableye|33/100\n|\n|-heal|p2a: Sableye|39/100|[from] item: Leftovers\n|upkeep\n|turn|43\n|inactive|Time left: 300 sec this turn | 300 sec total\n|\n|t:|1783573111\n|move|p2a: Sableye|Recover|p2a: Sableye\n|-heal|p2a: Sableye|90/100\n|move|p1a: Azelf|Fire Blast|p2a: Sableye\n|-damage|p2a: Sableye|42/100\n|\n|-heal|p2a: Sableye|48/100|[from] item: Leftovers\n|upkeep\n|turn|44\n|inactive|Time left: 300 sec this turn | 300 sec total\n|\n|t:|1783573112\n|move|p2a: Sableye|Recover|p2a: Sableye\n|-heal|p2a: Sableye|98/100\n|move|p1a: Azelf|Fire Blast|p2a: Sableye\n|-damage|p2a: Sableye|49/100\n|\n|-heal|p2a: Sableye|55/100|[from] item: Leftovers\n|upkeep\n|turn|45\n|inactive|Time left: 300 sec this turn | 300 sec total\n|\n|t:|1783573113\n|move|p2a: Sableye|Thunder Wave|p1a: Azelf\n|-status|p1a: Azelf|par\n|cant|p1a: Azelf|par\n|\n|-heal|p2a: Sableye|61/100|[from] item: Leftovers\n|upkeep\n|turn|46\n|inactive|Time left: 300 sec this turn | 300 sec total\n|\n|t:|1783573114\n|switch|p1a: Arboliva|Arboliva, L91, M, tera:Water|143/288 par\n|move|p2a: Sableye|Knock Off|p1a: Arboliva\n|-damage|p1a: Arboliva|85/288 par\n|\n|-heal|p2a: Sableye|67/100|[from] item: Leftovers\n|upkeep\n|turn|47\n|inactive|Time left: 300 sec this turn | 300 sec total\n|\n|t:|1783573115\n|move|p2a: Sableye|Knock Off|p1a: Arboliva\n|-damage|p1a: Arboliva|28/288 par\n|move|p1a: Arboliva|Leech Seed|p2a: Sableye\n|-start|p2a: Sableye|move: Leech Seed\n|\n|-heal|p2a: Sableye|73/100|[from] item: Leftovers\n|-damage|p2a: Sableye|61/100|[from] Leech Seed|[of] p1a: Arboliva\n|-heal|p1a: Arboliva|56/288 par|[silent]\n|upkeep\n|turn|48\n|inactive|Time left: 300 sec this turn | 300 sec total\n|\n|t:|1783573116\n|cant|p1a: Arboliva|par\n|move|p2a: Sableye|Knock Off|p1a: Arboliva\n|-crit|p1a: Arboliva\n|-damage|p1a: Arboliva|0 fnt\n|faint|p1a: Arboliva\n|\n|-heal|p2a: Sableye|67/100|[from] item: Leftovers\n|upkeep\n|inactive|Time left: 300 sec this turn | 300 sec total | 5 sec grace\n|\n|t:|1783573117\n|switch|p1a: Azelf|Azelf, L82|257/257 par\n|turn|49\n|inactive|Time left: 300 sec this turn | 300 sec total\n|\n|t:|1783573118\n|move|p2a: Sableye|Knock Off|p1a: Azelf\n|-supereffective|p1a: Azelf\n|-damage|p1a: Azelf|51/257 par\n|-enditem|p1a: Azelf|Assault Vest|[from] move: Knock Off|[of] p2a: Sableye\n|move|p1a: Azelf|Psychic|p2a: Sableye\n|-immune|p2a: Sableye\n|\n|-heal|p2a: Sableye|73/100|[from] item: Leftovers\n|-damage|p2a: Sableye|61/100|[from] Leech Seed|[of] p1a: Azelf\n|-heal|p1a: Azelf|79/257 par|[silent]\n|upkeep\n|turn|50\n|inactive|Time left: 300 sec this turn | 300 sec total\n|\n|t:|1783573119\n|move|p2a: Sableye|Knock Off|p1a: Azelf\n|-supereffective|p1a: Azelf\n|-damage|p1a: Azelf|0 fnt\n|faint|p1a: Azelf\n|\n|win|p0y2871d875", "uploadtime": 1783573119, "views": 0, "rating": 0, "private": 0, "password": null, "_winner": "p0y2871d875", "_our_name": "p0x287166b6"}