{"id": "battle-gen9randombattle-1757", "formatid": "gen9randombattle", "format": "[Gen 9] Random Battle", "players": ["p0x1757b4c0", "p0y17574524"], "log": "|init|battle\n|title|p0x1757b4c0 vs. p0y17574524\n|j|\u2606p0x1757b4c0\n|j|\u2606p0y17574524\n|t:|1783560302\n|gametype|singles\n|player|p1|p0x1757b4c0|169|\n|player|p2|p0y17574524|169|\n|gen|9\n|tier|[Gen 9] Random Battle\n|rule|Species Clause: Limit one of each Pok\u00e9mon\n|rule|HP Percentage Mod: HP is shown in percentages\n|rule|Sleep Clause Mod: Limit one foe put to sleep\n|rule|Illusion Level Mod: Illusion disguises the Pok\u00e9mon's true level\n|\n|t:|1783560302\n|teamsize|p1|6\n|teamsize|p2|6\n|start\n|switch|p1a: Farigiraf|Farigiraf, L90, M|362/362\n|switch|p2a: Kleavor|Kleavor, L78, M|100/100\n|turn|1\n|inactive|Battle timer is ON: inactive players will automatically lose when time's up. (requested by p0y17574524)\n|inactive|Time left: 300 sec this turn | 300 sec total | 60 sec grace\n|\n|t:|1783560303\n|move|p1a: Farigiraf|Protect|p1a: Farigiraf\n|-singleturn|p1a: Farigiraf|Protect\n|move|p2a: Kleavor|Stone Axe|p1a: Farigiraf\n|-activate|p1a: Farigiraf|move: Protect\n|\n|upkeep\n|turn|2\n|inactive|Time left: 300 sec this turn | 300 sec total\n|inactive|p0x1757b4c0 also wants the timer to be on.\n|\n|t:|1783560304\n|move|p2a: Kleavor|Stone Axe|p1a: Farigiraf\n|-damage|p1a: Farigiraf|224/362\n|-sidestart|p1: p0x1757b4c0|move: Stealth Rock\n|move|p1a: Farigiraf|Psychic Noise|p2a: Kleavor\n|-damage|p2a: Kleavor|50/100\n|-start|p2a: Kleavor|move: Heal Block\n|\n|-heal|p1a: Farigiraf|246/362|[from] item: Leftovers\n|upkeep\n|turn|3\n|inactive|Time left: 300 sec this turn | 300 sec total\n|\n|t:|1783560305\n|switch|p2a: Banette|Banette, L93, F|100/100\n|move|p1a: Farigiraf|Protect||[still]\n|-fail|p1a: Farigiraf\n|\n|-heal|p1a: Farigiraf|268/362|[from] item: Leftovers\n|upkeep\n|turn|4\n|inactive|Time left: 300 sec this turn | 300 sec total\n|\n|t:|1783560306\n|move|p2a: Banette|Swords Dance|p2a: Banette\n|-boost|p2a: Banette|atk|2\n|move|p1a: Farigiraf|Psychic Noise|p2a: Banette\n|-damage|p2a: Banette|57/100\n|-start|p2a: Banette|move: Heal Block\n|\n|-heal|p1a: Farigiraf|290/362|[from] item: Leftovers\n|upkeep\n|turn|5\n|inactive|Time left: 300 sec this turn | 300 sec total\n|\n|t:|1783560307\n|move|p2a: Banette|Gunk Shot|p1a: Farigiraf\n|-damage|p1a: Farigiraf|0 fnt\n|faint|p1a: Farigiraf\n|-damage|p2a: Banette|47/100|[from] item: Life Orb\n|\n|-end|p2a: Banette|move: Heal Block\n|upkeep\n|inactive|Time left: 300 sec this turn | 300 sec total | 5 sec grace\n|\n|t:|1783560307\n|switch|p1a: Toxtricity|Toxtricity, L82, M|257/257\n|-damage|p1a: Toxtricity|225/257|[from] Stealth Rock\n|turn|6\n|inactive|Time left: 300 sec this turn | 300 sec total\n|\n|t:|1783560308\n|move|p1a: Toxtricity|Overdrive|p2a: Banette\n|-damage|p2a: Banette|0 fnt\n|faint|p2a: Banette\n|\n|upkeep\n|\n|t:|1783560309\n|switch|p2a: Regidrago|Regidrago, L77|100/100\n|turn|7\n|inactive|Time left: 300 sec this turn | 300 sec total\n|\n|t:|1783560311\n|switch|p1a: Uxie|Uxie, L83|260/260\n|-damage|p1a: Uxie|228/260|[from] Stealth Rock\n|-terastallize|p2a: Regidrago|Dragon\n|move|p2a: Regidrago|Outrage|p1a: Uxie\n|-damage|p1a: Uxie|60/260\n|\n|-heal|p1a: Uxie|76/260|[from] item: Leftovers\n|upkeep\n|turn|8\n|inactive|Time left: 300 sec this turn | 300 sec total\n|\n|t:|1783560312\n|move|p2a: Regidrago|Outrage|p1a: Uxie|[from] lockedmove\n|-damage|p1a: Uxie|0 fnt\n|faint|p1a: Uxie\n|\n|upkeep\n|inactive|Time left: 300 sec this turn | 300 sec total | 5 sec grace\n|\n|t:|1783560313\n|switch|p1a: Gumshoos|Gumshoos, L95, M|321/321\n|-damage|p1a: Gumshoos|281/321|[from] Stealth Rock\n|turn|9\n|inactive|Time left: 300 sec this turn | 300 sec total\n|\n|t:|1783560314\n|move|p2a: Regidrago|Outrage|p1a: Gumshoos|[from] lockedmove\n|-damage|p1a: Gumshoos|31/321\n|-start|p2a: Regidrago|confusion|[fatigue]\n|move|p1a: Gumshoos|Double-Edge|p2a: Regidrago\n|-damage|p2a: Regidrago|8/100\n|-damage|p1a: Gumshoos|0 fnt|[from] Recoil\n|faint|p1a: Gumshoos\n|\n|upkeep\n|inactive|Time left: 300 sec this turn | 300 sec total | 5 sec grace\n|\n|t:|1783560315\n|switch|p1a: Toxtricity|Toxtricity, L82, M|225/257\n|-damage|p1a: Toxtricity|193/257|[from] Stealth Rock\n|turn|10\n|inactive|Time left: 300 sec this turn | 300 sec total\n|\n|t:|1783560315\n|move|p1a: Toxtricity|Boomburst|p2a: Regidrago\n|-crit|p2a: Regidrago\n|-damage|p2a: Regidrago|0 fnt\n|faint|p2a: Regidrago\n|\n|upkeep\n|\n|t:|1783560316\n|switch|p2a: Ursaluna|Ursaluna-Bloodmoon, L79, M|100/100\n|turn|11\n|inactive|Time left: 300 sec this turn | 300 sec total\n|\n|t:|1783560317\n|-terastallize|p1a: Toxtricity|Normal\n|move|p1a: Toxtricity|Boomburst|p2a: Ursaluna\n|-damage|p2a: Ursaluna|19/100\n|move|p2a: Ursaluna|Blood Moon|p1a: Toxtricity\n|-damage|p1a: Toxtricity|0 fnt\n|faint|p1a: Toxtricity\n|\n|-heal|p2a: Ursaluna|25/100|[from] item: Leftovers\n|upkeep\n|inactive|Time left: 300 sec this turn | 300 sec total | 5 sec grace\n|\n|t:|1783560318\n|switch|p1a: Electrode|Electrode-Hisui, L87|246/246\n|-damage|p1a: Electrode|216/246|[from] Stealth Rock\n|turn|12\n|inactive|Time left: 300 sec this turn | 300 sec total\n|\n|t:|1783560319\n|switch|p2a: Tropius|Tropius, L91, F|100/100\n|move|p1a: Electrode|Giga Drain|p2a: Tropius\n|-resisted|p2a: Tropius\n|-damage|p2a: Tropius|93/100\n|-heal|p1a: Electrode|228/246|[from] drain|[of] p2a: Tropius\n|-damage|p1a: Electrode|204/246|[from] item: Life Orb\n|\n|upkeep\n|turn|13\n|inactive|Time left: 300 sec this turn | 300 sec total\n|\n|t:|1783560320\n|move|p1a: Electrode|Thunder Wave|p2a: Tropius\n|-status|p2a: Tropius|par\n|move|p2a: Tropius|Air Slash|p1a: Electrode\n|-damage|p1a: Electrode|125/246\n|\n|upkeep\n|turn|14\n|inactive|Time left: 300 sec this turn | 300 sec total\n|\n|t:|1783560321\n|move|p1a: Electrode|Thunderbolt|p2a: Tropius\n|-damage|p2a: Tropius|59/100 par\n|-damage|p1a: Electrode|101/246|[from] item: Life Orb\n|move|p2a: Tropius|Air Slash|p1a: Electrode\n|-damage|p1a: Electrode|20/246\n|\n|upkeep\n|turn|15\n|inactive|Time left: 300 sec this turn | 300 sec total\n|\n|t:|1783560322\n|switch|p2a: Espeon|Espeon, L84, F|100/100\n|move|p1a: Electrode|Giga Drain|p2a: Espeon\n|-damage|p2a: Espeon|66/100\n|-heal|p1a: Electrode|63/246|[from] drain|[of] p2a: Espeon\n|-damage|p1a: Electrode|39/246|[from] item: Life Orb\n|\n|upkeep\n|turn|16\n|inactive|Time left: 300 sec this turn | 300 sec total\n|\n|t:|1783560323\n|move|p1a: Electrode|Giga Drain|p2a: Espeon\n|-damage|p2a: Espeon|31/100\n|-heal|p1a: Electrode|82/246|[from] drain|[of] p2a: Espeon\n|-damage|p1a: Electrode|58/246|[from] item: Life Orb\n|move|p2a: Espeon|Morning Sun|p2a: Espeon\n|-heal|p2a: Espeon|81/100\n|\n|upkeep\n|turn|17\n|inactive|Time left: 300 sec this turn | 300 sec total\n|\n|t:|1783560324\n|move|p1a: Electrode|Thunderbolt|p2a: Espeon\n|-damage|p2a: Espeon|40/100\n|-damage|p1a: Electrode|34/246|[from] item: Life Orb\n|move|p2a: Espeon|Morning Sun|p2a: Espeon\n|-heal|p2a: Espeon|90/100\n|\n|upkeep\n|turn|18\n|inactive|Time left: 300 sec this turn | 300 sec total\n|\n|t:|1783560326\n|move|p1a: Electrode|Giga Drain|p2a: Espeon\n|-damage|p2a: Espeon|54/100\n|-heal|p1a: Electrode|79/246|[from] drain|[of] p2a: Espeon\n|-damage|p1a: Electrode|55/246|[from] item: Life Orb\n|move|p2a: Espeon|Psychic|p1a: Electrode\n|-damage|p1a: Electrode|0 fnt\n|faint|p1a: Electrode\n|-damage|p2a: Espeon|44/100|[from] item: Life Orb\n|\n|upkeep\n|inactive|Time left: 300 sec this turn | 300 sec total | 5 sec grace\n|\n|t:|1783560327\n|switch|p1a: Jumpluff|Jumpluff, L87, F|271/271\n|-damage|p1a: Jumpluff|204/271|[from] Stealth Rock\n|turn|19\n|inactive|Time left: 300 sec this turn | 300 sec total\n|\n|t:|1783560328\n|move|p1a: Jumpluff|Acrobatics|p2a: Espeon\n|-damage|p2a: Espeon|3/100\n|move|p2a: Espeon|Psychic|p1a: Jumpluff\n|-damage|p1a: Jumpluff|55/271\n|-damage|p2a: Espeon|0 fnt|[from] item: Life Orb\n|faint|p2a: Espeon\n|\n|upkeep\n|\n|t:|1783560328\n|switch|p2a: Kleavor|Kleavor, L78, M|50/100\n|turn|20\n|inactive|Time left: 300 sec this turn | 300 sec total\n|\n|t:|1783560329\n|move|p2a: Kleavor|X-Scissor|p1a: Jumpluff\n|-damage|p1a: Jumpluff|0 fnt\n|faint|p1a: Jumpluff\n|\n|win|p0y17574524", "uploadtime": 1783560329, "views": 0, "rating": 0, "private": 0, "password": null, "_winner": "p0y17574524", "_our_name": "p0x1757b4c0"}