{"id": "battle-gen9randombattle-448", "formatid": "gen9randombattle", "format": "[Gen 9] Random Battle", "players": ["p0x4480dc0", "p0y448dbd0"], "log": "|init|battle\n|title|p0x4480dc0 vs. p0y448dbd0\n|j|\u2606p0x4480dc0\n|j|\u2606p0y448dbd0\n|t:|1783544247\n|gametype|singles\n|player|p1|p0x4480dc0|265|\n|player|p2|p0y448dbd0|265|\n|gen|9\n|tier|[Gen 9] Random Battle\n|rule|Species Clause: Limit one of each Pok\u00e9mon\n|rule|HP Percentage Mod: HP is shown in percentages\n|rule|Sleep Clause Mod: Limit one foe put to sleep\n|rule|Illusion Level Mod: Illusion disguises the Pok\u00e9mon's true level\n|\n|t:|1783544247\n|teamsize|p1|6\n|teamsize|p2|6\n|start\n|switch|p1a: Charizard|Charizard, L85, F|100/100\n|switch|p2a: Milotic|Milotic, L83, F|293/293\n|turn|1\n|inactive|Battle timer is ON: inactive players will automatically lose when time's up. (requested by p0x4480dc0)\n|inactive|Time left: 300 sec this turn | 300 sec total | 60 sec grace\n|inactive|p0y448dbd0 also wants the timer to be on.\n|\n|t:|1783544249\n|move|p1a: Charizard|Swords Dance|p1a: Charizard\n|-boost|p1a: Charizard|atk|2\n|move|p2a: Milotic|Scald|p1a: Charizard\n|-supereffective|p1a: Charizard\n|-damage|p1a: Charizard|40/100\n|\n|upkeep\n|turn|2\n|inactive|Time left: 300 sec this turn | 300 sec total\n|\n|t:|1783544250\n|-terastallize|p1a: Charizard|Dragon\n|move|p1a: Charizard|Outrage|p2a: Milotic\n|-damage|p2a: Milotic|31/293\n|move|p2a: Milotic|Scald|p1a: Charizard\n|-resisted|p1a: Charizard\n|-damage|p1a: Charizard|24/100\n|\n|-heal|p2a: Milotic|49/293|[from] item: Leftovers\n|upkeep\n|turn|3\n|inactive|Time left: 300 sec this turn | 300 sec total\n|\n|t:|1783544251\n|switch|p2a: Armarouge|Armarouge, L80, F|267/267\n|move|p1a: Charizard|Outrage|p2a: Armarouge|[from] lockedmove\n|-damage|p2a: Armarouge|26/267\n|-ability|p2a: Armarouge|Weak Armor|boost\n|-unboost|p2a: Armarouge|def|1\n|-boost|p2a: Armarouge|spe|2\n|-start|p1a: Charizard|confusion|[fatigue]\n|\n|upkeep\n|turn|4\n|inactive|Time left: 300 sec this turn | 300 sec total\n|\n|t:|1783544252\n|switch|p1a: Alcremie|Alcremie-Salted-Cream, L90, F|100/100\n|move|p2a: Armarouge|Meteor Beam||[still]\n|-prepare|p2a: Armarouge|Meteor Beam\n|-boost|p2a: Armarouge|spa|1\n|-enditem|p2a: Armarouge|Power Herb\n|-anim|p2a: Armarouge|Meteor Beam|p1a: Alcremie\n|-damage|p1a: Alcremie|60/100\n|\n|-heal|p1a: Alcremie|66/100|[from] item: Leftovers\n|upkeep\n|turn|5\n|inactive|Time left: 300 sec this turn | 300 sec total\n|\n|t:|1783544253\n|move|p2a: Armarouge|Psyshock|p1a: Alcremie\n|-damage|p1a: Alcremie|8/100\n|move|p1a: Alcremie|Psyshock|p2a: Armarouge\n|-resisted|p2a: Armarouge\n|-damage|p2a: Armarouge|0 fnt\n|faint|p2a: Armarouge\n|\n|-heal|p1a: Alcremie|15/100|[from] item: Leftovers\n|upkeep\n|inactive|Time left: 300 sec this turn | 300 sec total | 5 sec grace\n|\n|t:|1783544254\n|switch|p2a: Milotic|Milotic, L83, F|49/293\n|turn|6\n|inactive|Time left: 300 sec this turn | 300 sec total\n|\n|t:|1783544255\n|switch|p1a: Slaking|Slaking, L84, F|100/100\n|move|p2a: Milotic|Ice Beam|p1a: Slaking\n|-damage|p1a: Slaking|78/100\n|\n|-heal|p2a: Milotic|67/293|[from] item: Leftovers\n|upkeep\n|turn|7\n|inactive|Time left: 300 sec this turn | 300 sec total\n|\n|t:|1783544256\n|switch|p2a: Dunsparce|Dunsparce, L86, F|312/312\n|move|p1a: Slaking|Giga Impact|p2a: Dunsparce\n|-damage|p2a: Dunsparce|23/312\n|-mustrecharge|p1a: Slaking\n|\n|upkeep\n|turn|8\n|inactive|Time left: 300 sec this turn | 300 sec total\n|\n|t:|1783544257\n|cant|p1a: Slaking|recharge\n|move|p2a: Dunsparce|Body Slam|p1a: Slaking\n|-damage|p1a: Slaking|61/100\n|\n|upkeep\n|turn|9\n|inactive|Time left: 300 sec this turn | 300 sec total\n|\n|t:|1783544257\n|move|p1a: Slaking|Giga Impact|p2a: Dunsparce\n|-damage|p2a: Dunsparce|0 fnt\n|-mustrecharge|p1a: Slaking\n|faint|p2a: Dunsparce\n|\n|upkeep\n|inactive|Time left: 300 sec this turn | 300 sec total | 5 sec grace\n|\n|t:|1783544258\n|switch|p2a: Glaceon|Glaceon, L94, F|275/275\n|turn|10\n|inactive|Time left: 300 sec this turn | 300 sec total\n|\n|t:|1783544259\n|cant|p1a: Slaking|recharge\n|move|p2a: Glaceon|Freeze-Dry|p1a: Slaking\n|-damage|p1a: Slaking|24/100\n|\n|upkeep\n|turn|11\n|inactive|Time left: 300 sec this turn | 300 sec total\n|\n|t:|1783544260\n|move|p2a: Glaceon|Protect|p2a: Glaceon\n|-singleturn|p2a: Glaceon|Protect\n|move|p1a: Slaking|Giga Impact|p2a: Glaceon\n|-activate|p2a: Glaceon|move: Protect\n|\n|upkeep\n|turn|12\n|inactive|Time left: 300 sec this turn | 300 sec total\n|\n|t:|1783544261\n|switch|p1a: Meowstic|Meowstic, L89, M|100/100\n|move|p2a: Glaceon|Freeze-Dry|p1a: Meowstic\n|-damage|p1a: Meowstic|55/100\n|\n|upkeep\n|turn|13\n|inactive|Time left: 300 sec this turn | 300 sec total\n|\n|t:|1783544262\n|move|p1a: Meowstic|Light Screen|p1a: Meowstic\n|-sidestart|p1: p0x4480dc0|move: Light Screen\n|move|p2a: Glaceon|Freeze-Dry|p1a: Meowstic\n|-damage|p1a: Meowstic|33/100\n|\n|upkeep\n|turn|14\n|inactive|Time left: 300 sec this turn | 300 sec total\n|\n|t:|1783544263\n|move|p1a: Meowstic|Reflect|p1a: Meowstic\n|-sidestart|p1: p0x4480dc0|Reflect\n|move|p2a: Glaceon|Freeze-Dry|p1a: Meowstic\n|-damage|p1a: Meowstic|11/100\n|\n|upkeep\n|turn|15\n|inactive|Time left: 300 sec this turn | 300 sec total\n|\n|t:|1783544264\n|switch|p1a: Slaking|Slaking, L84, F|24/100\n|move|p2a: Glaceon|Freeze-Dry|p1a: Slaking\n|-damage|p1a: Slaking|7/100\n|\n|upkeep\n|turn|16\n|inactive|Time left: 300 sec this turn | 300 sec total\n|\n|t:|1783544266\n|move|p2a: Glaceon|Protect|p2a: Glaceon\n|-singleturn|p2a: Glaceon|Protect\n|move|p1a: Slaking|Giga Impact|p2a: Glaceon\n|-activate|p2a: Glaceon|move: Protect\n|\n|upkeep\n|turn|17\n|inactive|Time left: 300 sec this turn | 300 sec total\n|\n|t:|1783544267\n|switch|p1a: Alcremie|Alcremie-Salted-Cream, L90, F|15/100\n|move|p2a: Glaceon|Freeze-Dry|p1a: Alcremie\n|-damage|p1a: Alcremie|0 fnt\n|faint|p1a: Alcremie\n|\n|upkeep\n|\n|t:|1783544268\n|switch|p1a: Slaking|Slaking, L84, F|7/100\n|turn|18\n|inactive|Time left: 300 sec this turn | 300 sec total\n|\n|t:|1783544269\n|move|p2a: Glaceon|Protect|p2a: Glaceon\n|-singleturn|p2a: Glaceon|Protect\n|move|p1a: Slaking|Giga Impact|p2a: Glaceon\n|-activate|p2a: Glaceon|move: Protect\n|\n|upkeep\n|turn|19\n|inactive|Time left: 300 sec this turn | 300 sec total\n|\n|t:|1783544270\n|switch|p1a: Palossand|Palossand, L89, M|100/100\n|move|p2a: Glaceon|Freeze-Dry|p1a: Palossand\n|-supereffective|p1a: Palossand\n|-damage|p1a: Palossand|57/100\n|\n|-heal|p1a: Palossand|63/100|[from] item: Leftovers\n|upkeep\n|turn|20\n|inactive|Time left: 300 sec this turn | 300 sec total\n|\n|t:|1783544271\n|move|p2a: Glaceon|Freeze-Dry|p1a: Palossand\n|-supereffective|p1a: Palossand\n|-damage|p1a: Palossand|18/100\n|move|p1a: Palossand|Earth Power|p2a: Glaceon\n|-damage|p2a: Glaceon|181/275\n|\n|-heal|p1a: Palossand|24/100|[from] item: Leftovers\n|-sideend|p1: p0x4480dc0|move: Light Screen\n|upkeep\n|turn|21\n|inactive|Time left: 300 sec this turn | 300 sec total\n|\n|t:|1783544273\n|move|p2a: Glaceon|Freeze-Dry|p1a: Palossand\n|-supereffective|p1a: Palossand\n|-damage|p1a: Palossand|0 fnt\n|faint|p1a: Palossand\n|\n|-sideend|p1: p0x4480dc0|Reflect\n|upkeep\n|\n|t:|1783544274\n|switch|p1a: Slaking|Slaking, L84, F|7/100\n|turn|22\n|inactive|Time left: 300 sec this turn | 300 sec total\n|\n|t:|1783544275\n|move|p2a: Glaceon|Protect|p2a: Glaceon\n|-singleturn|p2a: Glaceon|Protect\n|move|p1a: Slaking|Giga Impact|p2a: Glaceon\n|-activate|p2a: Glaceon|move: Protect\n|\n|upkeep\n|turn|23\n|inactive|Time left: 300 sec this turn | 300 sec total\n|\n|t:|1783544276\n|switch|p1a: Meowstic|Meowstic, L89, M|11/100\n|move|p2a: Glaceon|Freeze-Dry|p1a: Meowstic\n|-damage|p1a: Meowstic|0 fnt\n|faint|p1a: Meowstic\n|\n|upkeep\n|\n|t:|1783544277\n|switch|p1a: Slaking|Slaking, L84, F|7/100\n|turn|24\n|inactive|Time left: 300 sec this turn | 300 sec total\n|\n|t:|1783544278\n|move|p2a: Glaceon|Protect|p2a: Glaceon\n|-singleturn|p2a: Glaceon|Protect\n|move|p1a: Slaking|Giga Impact|p2a: Glaceon\n|-activate|p2a: Glaceon|move: Protect\n|\n|upkeep\n|turn|25\n|inactive|Time left: 300 sec this turn | 300 sec total\n|\n|t:|1783544279\n|cant|p1a: Slaking|ability: Truant\n|move|p2a: Glaceon|Freeze-Dry|p1a: Slaking\n|-damage|p1a: Slaking|0 fnt\n|faint|p1a: Slaking\n|\n|upkeep\n|\n|t:|1783544280\n|switch|p1a: Sneasler|Sneasler, L74, M|100/100\n|turn|26\n|inactive|Time left: 300 sec this turn | 300 sec total\n|\n|t:|1783544281\n|-terastallize|p2a: Glaceon|Ground\n|move|p1a: Sneasler|Close Combat|p2a: Glaceon\n|-damage|p2a: Glaceon|93/275\n|-unboost|p1a: Sneasler|def|1\n|-unboost|p1a: Sneasler|spd|1\n|-enditem|p1a: Sneasler|White Herb\n|-clearnegativeboost|p1a: Sneasler|[silent]\n|move|p2a: Glaceon|Mud Shot|p1a: Sneasler\n|-supereffective|p1a: Sneasler\n|-damage|p1a: Sneasler|0 fnt\n|faint|p1a: Sneasler\n|\n|upkeep\n|\n|t:|1783544282\n|switch|p1a: Charizard|Charizard, L85, F, tera:Dragon|24/100\n|turn|27\n|inactive|Time left: 300 sec this turn | 300 sec total\n|\n|t:|1783544283\n|move|p1a: Charizard|Flare Blitz|p2a: Glaceon\n|-damage|p2a: Glaceon|0 fnt\n|faint|p2a: Glaceon\n|-damage|p1a: Charizard|13/100|[from] Recoil\n|\n|upkeep\n|inactive|Time left: 300 sec this turn | 300 sec total | 5 sec grace\n|\n|t:|1783544284\n|switch|p2a: Cresselia|Cresselia, L80, F|323/323\n|turn|28\n|inactive|Time left: 300 sec this turn | 300 sec total\n|\n|t:|1783544285\n|move|p1a: Charizard|Earthquake|p2a: Cresselia\n|-immune|p2a: Cresselia|[from] ability: Levitate\n|move|p2a: Cresselia|Psyshock|p1a: Charizard\n|-damage|p1a: Charizard|0 fnt\n|faint|p1a: Charizard\n|\n|win|p0y448dbd0", "uploadtime": 1783544285, "views": 0, "rating": 0, "private": 0, "password": null, "_winner": "p0y448dbd0", "_our_name": "p0y448dbd0"}