{"id": "battle-gen9randombattle-1627", "formatid": "gen9randombattle", "format": "[Gen 9] Random Battle", "players": ["p0x1627c439", "p0y16274413"], "log": "|init|battle\n|title|p0x1627c439 vs. p0y16274413\n|j|\u2606p0x1627c439\n|j|\u2606p0y16274413\n|t:|1783558823\n|gametype|singles\n|player|p1|p0x1627c439|102|\n|player|p2|p0y16274413|265|\n|gen|9\n|tier|[Gen 9] Random Battle\n|rule|Species Clause: Limit one of each Pok\u00e9mon\n|rule|HP Percentage Mod: HP is shown in percentages\n|rule|Sleep Clause Mod: Limit one foe put to sleep\n|rule|Illusion Level Mod: Illusion disguises the Pok\u00e9mon's true level\n|\n|t:|1783558823\n|teamsize|p1|6\n|teamsize|p2|6\n|start\n|switch|p1a: Pelipper|Pelipper, L86, M|243/243\n|switch|p2a: Meloetta|Meloetta, L82, shiny|100/100\n|-weather|RainDance|[from] ability: Drizzle|[of] p1a: Pelipper\n|turn|1\n|inactive|Battle timer is ON: inactive players will automatically lose when time's up. (requested by p0x1627c439)\n|inactive|p0y16274413 also wants the timer to be on.\n|\n|t:|1783558825\n|move|p2a: Meloetta|Relic Song|p1a: Pelipper\n|-damage|p1a: Pelipper|113/243\n|-formechange|p2a: Meloetta|Meloetta-Pirouette|[msg]\n|-damage|p2a: Meloetta|91/100|[from] item: Life Orb\n|move|p1a: Pelipper|Weather Ball|p2a: Meloetta\n|-damage|p2a: Meloetta|0 fnt\n|faint|p2a: Meloetta\n|\n|-weather|RainDance|[upkeep]\n|upkeep\n|\n|t:|1783558825\n|switch|p2a: Calyrex|Calyrex-Shadow, L64|100/100\n|-ability|p2a: Calyrex|As One\n|-ability|p2a: Calyrex|Unnerve\n|turn|2\n|inactive|Time left: 300 sec this turn | 300 sec total\n|\n|t:|1783558827\n|switch|p1a: Komala|Komala, L87, M|255/255\n|-ability|p1a: Komala|Comatose\n|move|p2a: Calyrex|Astral Barrage|p1a: Komala\n|-immune|p1a: Komala\n|\n|-weather|RainDance|[upkeep]\n|upkeep\n|turn|3\n|inactive|Time left: 300 sec this turn | 300 sec total\n|\n|t:|1783558828\n|switch|p2a: Regirock|Regirock, L83|100/100\n|move|p1a: Komala|Knock Off|p2a: Regirock\n|-damage|p2a: Regirock|85/100\n|-enditem|p2a: Regirock|Leftovers|[from] move: Knock Off|[of] p1a: Komala\n|\n|-weather|RainDance|[upkeep]\n|upkeep\n|turn|4\n|inactive|Time left: 300 sec this turn | 300 sec total\n|\n|t:|1783558829\n|switch|p1a: Ampharos|Ampharos, L88, F|302/302\n|move|p2a: Regirock|Stone Edge|p1a: Ampharos|[miss]\n|-miss|p2a: Regirock|p1a: Ampharos\n|\n|-weather|RainDance|[upkeep]\n|upkeep\n|turn|5\n|inactive|Time left: 300 sec this turn | 300 sec total\n|\n|t:|1783558830\n|move|p1a: Ampharos|Discharge|p2a: Regirock\n|-damage|p2a: Regirock|46/100\n|-status|p2a: Regirock|par\n|move|p2a: Regirock|Stealth Rock|p1a: Ampharos\n|-sidestart|p1: p0x1627c439|move: Stealth Rock\n|\n|-weather|none\n|upkeep\n|turn|6\n|inactive|Time left: 300 sec this turn | 300 sec total\n|\n|t:|1783558831\n|move|p1a: Ampharos|Discharge|p2a: Regirock\n|-damage|p2a: Regirock|8/100 par\n|move|p2a: Regirock|Body Press|p1a: Ampharos\n|-damage|p1a: Ampharos|199/302\n|\n|upkeep\n|turn|7\n|inactive|Time left: 300 sec this turn | 300 sec total\n|\n|t:|1783558832\n|switch|p2a: Emboar|Emboar, L84, F|100/100\n|move|p1a: Ampharos|Dazzling Gleam|p2a: Emboar\n|-damage|p2a: Emboar|73/100\n|\n|-heal|p2a: Emboar|79/100|[from] item: Leftovers\n|upkeep\n|turn|8\n|inactive|Time left: 300 sec this turn | 300 sec total\n|\n|t:|1783558832\n|move|p2a: Emboar|Bulk Up|p2a: Emboar\n|-boost|p2a: Emboar|atk|1\n|-boost|p2a: Emboar|def|1\n|move|p1a: Ampharos|Discharge|p2a: Emboar\n|-damage|p2a: Emboar|35/100\n|\n|-heal|p2a: Emboar|41/100|[from] item: Leftovers\n|upkeep\n|turn|9\n|inactive|Time left: 300 sec this turn | 300 sec total\n|\n|t:|1783558833\n|move|p2a: Emboar|Flare Blitz|p1a: Ampharos\n|-damage|p1a: Ampharos|0 fnt\n|faint|p1a: Ampharos\n|-damage|p2a: Emboar|20/100|[from] Recoil\n|\n|-heal|p2a: Emboar|27/100|[from] item: Leftovers\n|upkeep\n|inactive|Time left: 300 sec this turn | 300 sec total | 5 sec grace\n|\n|t:|1783558834\n|switch|p1a: Gallade|Gallade, L80, M|240/240\n|-damage|p1a: Gallade|225/240|[from] Stealth Rock\n|turn|10\n|inactive|Time left: 300 sec this turn | 300 sec total\n|\n|t:|1783558835\n|switch|p2a: Regirock|Regirock, L83|8/100 par\n|move|p1a: Gallade|Sacred Sword|p2a: Regirock\n|-supereffective|p2a: Regirock\n|-damage|p2a: Regirock|0 fnt\n|faint|p2a: Regirock\n|\n|upkeep\n|\n|t:|1783558836\n|switch|p2a: Calyrex|Calyrex-Shadow, L64|100/100\n|-ability|p2a: Calyrex|As One\n|-ability|p2a: Calyrex|Unnerve\n|turn|11\n|inactive|Time left: 300 sec this turn | 300 sec total\n|\n|t:|1783558836\n|switch|p1a: Mesprit|Mesprit, L85|275/275\n|-damage|p1a: Mesprit|241/275|[from] Stealth Rock\n|move|p2a: Calyrex|Psyshock|p1a: Mesprit\n|-resisted|p1a: Mesprit\n|-damage|p1a: Mesprit|190/275\n|\n|-heal|p1a: Mesprit|207/275|[from] item: Leftovers\n|upkeep\n|turn|12\n|inactive|Time left: 300 sec this turn | 300 sec total\n|\n|t:|1783558837\n|move|p2a: Calyrex|Psyshock|p1a: Mesprit\n|-resisted|p1a: Mesprit\n|-damage|p1a: Mesprit|160/275\n|move|p1a: Mesprit|Knock Off|p2a: Calyrex\n|-supereffective|p2a: Calyrex\n|-damage|p2a: Calyrex|0 fnt\n|-enditem|p2a: Calyrex|Choice Specs|[from] move: Knock Off|[of] p1a: Mesprit\n|faint|p2a: Calyrex\n|\n|-heal|p1a: Mesprit|177/275|[from] item: Leftovers\n|upkeep\n|\n|t:|1783558838\n|switch|p2a: Moltres|Moltres, L81|100/100\n|turn|13\n|inactive|Time left: 300 sec this turn | 300 sec total\n|\n|t:|1783558839\n|move|p2a: Moltres|Brave Bird|p1a: Mesprit\n|-damage|p1a: Mesprit|72/275\n|-damage|p2a: Moltres|88/100|[from] Recoil\n|move|p1a: Mesprit|Psychic Noise|p2a: Moltres\n|-damage|p2a: Moltres|55/100\n|-start|p2a: Moltres|move: Heal Block\n|\n|-heal|p1a: Mesprit|89/275|[from] item: Leftovers\n|upkeep\n|turn|14\n|inactive|Time left: 300 sec this turn | 300 sec total\n|\n|t:|1783558841\n|move|p2a: Moltres|Fire Blast|p1a: Mesprit|[miss]\n|-miss|p2a: Moltres|p1a: Mesprit\n|move|p1a: Mesprit|Psychic Noise|p2a: Moltres\n|-damage|p2a: Moltres|20/100\n|\n|-heal|p1a: Mesprit|106/275|[from] item: Leftovers\n|-end|p2a: Moltres|move: Heal Block\n|upkeep\n|turn|15\n|inactive|Time left: 300 sec this turn | 300 sec total\n|\n|t:|1783558842\n|move|p2a: Moltres|Fire Blast|p1a: Mesprit\n|-damage|p1a: Mesprit|0 fnt\n|faint|p1a: Mesprit\n|\n|upkeep\n|inactive|Time left: 300 sec this turn | 300 sec total | 5 sec grace\n|\n|t:|1783558842\n|switch|p1a: Gallade|Gallade, L80, M|225/240\n|-damage|p1a: Gallade|210/240|[from] Stealth Rock\n|turn|16\n|inactive|Time left: 300 sec this turn | 300 sec total\n|\n|t:|1783558843\n|move|p1a: Gallade|Psycho Cut|p2a: Moltres\n|-damage|p2a: Moltres|0 fnt\n|faint|p2a: Moltres\n|\n|upkeep\n|\n|t:|1783558844\n|switch|p2a: Illumise|Illumise, L91, F|100/100\n|turn|17\n|inactive|Time left: 300 sec this turn | 300 sec total\n|\n|t:|1783558845\n|move|p1a: Gallade|Psycho Cut|p2a: Illumise\n|-damage|p2a: Illumise|49/100\n|move|p2a: Illumise|Bug Buzz|p1a: Gallade\n|-damage|p1a: Gallade|125/240\n|\n|upkeep\n|turn|18\n|inactive|Time left: 300 sec this turn | 300 sec total\n|\n|t:|1783558846\n|move|p2a: Illumise|Roost|p2a: Illumise\n|-heal|p2a: Illumise|99/100\n|-singleturn|p2a: Illumise|move: Roost\n|move|p1a: Gallade|Psycho Cut|p2a: Illumise\n|-damage|p2a: Illumise|47/100\n|\n|upkeep\n|turn|19\n|inactive|Time left: 300 sec this turn | 300 sec total\n|\n|t:|1783558847\n|move|p2a: Illumise|Roost|p2a: Illumise\n|-heal|p2a: Illumise|97/100\n|-singleturn|p2a: Illumise|move: Roost\n|move|p1a: Gallade|Psycho Cut|p2a: Illumise\n|-damage|p2a: Illumise|45/100\n|\n|upkeep\n|turn|20\n|inactive|Time left: 300 sec this turn | 300 sec total\n|\n|t:|1783558848\n|move|p2a: Illumise|Roost|p2a: Illumise\n|-heal|p2a: Illumise|95/100\n|-singleturn|p2a: Illumise|move: Roost\n|move|p1a: Gallade|Psycho Cut|p2a: Illumise\n|-damage|p2a: Illumise|50/100\n|\n|upkeep\n|turn|21\n|inactive|Time left: 300 sec this turn | 300 sec total\n|\n|t:|1783558849\n|move|p2a: Illumise|Roost|p2a: Illumise\n|-heal|p2a: Illumise|99/100\n|-singleturn|p2a: Illumise|move: Roost\n|move|p1a: Gallade|Psycho Cut|p2a: Illumise\n|-damage|p2a: Illumise|49/100\n|\n|upkeep\n|turn|22\n|inactive|Time left: 300 sec this turn | 300 sec total\n|\n|t:|1783558850\n|move|p2a: Illumise|Roost|p2a: Illumise\n|-heal|p2a: Illumise|99/100\n|-singleturn|p2a: Illumise|move: Roost\n|move|p1a: Gallade|Psycho Cut|p2a: Illumise\n|-damage|p2a: Illumise|50/100\n|\n|upkeep\n|turn|23\n|inactive|Time left: 300 sec this turn | 300 sec total\n|\n|t:|1783558851\n|move|p2a: Illumise|Roost|p2a: Illumise\n|-heal|p2a: Illumise|99/100\n|-singleturn|p2a: Illumise|move: Roost\n|move|p1a: Gallade|Psycho Cut|p2a: Illumise\n|-crit|p2a: Illumise\n|-damage|p2a: Illumise|25/100\n|\n|upkeep\n|turn|24\n|inactive|Time left: 300 sec this turn | 300 sec total\n|\n|t:|1783558852\n|move|p2a: Illumise|Roost|p2a: Illumise\n|-heal|p2a: Illumise|75/100\n|-singleturn|p2a: Illumise|move: Roost\n|move|p1a: Gallade|Psycho Cut|p2a: Illumise\n|-damage|p2a: Illumise|28/100\n|\n|upkeep\n|turn|25\n|inactive|Time left: 300 sec this turn | 300 sec total\n|\n|t:|1783558853\n|move|p2a: Illumise|Roost|p2a: Illumise\n|-heal|p2a: Illumise|78/100\n|-singleturn|p2a: Illumise|move: Roost\n|move|p1a: Gallade|Psycho Cut|p2a: Illumise\n|-crit|p2a: Illumise\n|-damage|p2a: Illumise|4/100\n|\n|upkeep\n|turn|26\n|inactive|Time left: 300 sec this turn | 300 sec total\n|\n|t:|1783558854\n|move|p2a: Illumise|Thunder Wave|p1a: Gallade\n|-status|p1a: Gallade|par\n|move|p1a: Gallade|Psycho Cut|p2a: Illumise\n|-damage|p2a: Illumise|0 fnt\n|faint|p2a: Illumise\n|\n|upkeep\n|\n|t:|1783558855\n|switch|p2a: Emboar|Emboar, L84, F|27/100\n|turn|27\n|inactive|Time left: 300 sec this turn | 300 sec total\n|\n|t:|1783558856\n|-terastallize|p2a: Emboar|Grass\n|move|p2a: Emboar|Trailblaze|p1a: Gallade\n|-damage|p1a: Gallade|25/240 par\n|-boost|p2a: Emboar|spe|1\n|move|p1a: Gallade|Psycho Cut|p2a: Emboar\n|-damage|p2a: Emboar|0 fnt\n|faint|p2a: Emboar\n|\n|win|p0x1627c439", "uploadtime": 1783558856, "views": 0, "rating": 0, "private": 0, "password": null, "_winner": "p0x1627c439", "_our_name": "p0x1627c439"}