{"id": "battle-gen9randombattle-2757", "formatid": "gen9randombattle", "format": "[Gen 9] Random Battle", "players": ["p0x2757f865", "p0y2757d1c7"], "log": "|init|battle\n|title|p0x2757f865 vs. p0y2757d1c7\n|j|\u2606p0x2757f865\n|j|\u2606p0y2757d1c7\n|t:|1783570772\n|gametype|singles\n|player|p1|p0x2757f865|1|\n|player|p2|p0y2757d1c7|2|\n|gen|9\n|tier|[Gen 9] Random Battle\n|rule|Species Clause: Limit one of each Pok\u00e9mon\n|rule|HP Percentage Mod: HP is shown in percentages\n|rule|Sleep Clause Mod: Limit one foe put to sleep\n|rule|Illusion Level Mod: Illusion disguises the Pok\u00e9mon's true level\n|\n|t:|1783570772\n|teamsize|p1|6\n|teamsize|p2|6\n|start\n|switch|p1a: Toucannon|Toucannon, L88, M|100/100\n|switch|p2a: Garchomp|Garchomp, L74, F|282/282\n|turn|1\n|inactive|Battle timer is ON: inactive players will automatically lose when time's up. (requested by p0y2757d1c7)\n|inactive|p0x2757f865 also wants the timer to be on.\n|\n|t:|1783570773\n|move|p2a: Garchomp|Stealth Rock|p1a: Toucannon\n|-sidestart|p1: p0x2757f865|move: Stealth Rock\n|move|p1a: Toucannon|Boomburst|p2a: Garchomp\n|-damage|p2a: Garchomp|123/282\n|\n|upkeep\n|turn|2\n|inactive|Time left: 300 sec this turn | 300 sec total\n|\n|t:|1783570774\n|switch|p2a: Klawf|Klawf, L90, F|272/272\n|-singleturn|p1a: Toucannon|move: Beak Blast\n|move|p1a: Toucannon|Beak Blast|p2a: Klawf\n|-resisted|p2a: Klawf\n|-damage|p2a: Klawf|215/272\n|\n|upkeep\n|turn|3\n|inactive|Time left: 300 sec this turn | 300 sec total\n|\n|t:|1783570776\n|move|p2a: Klawf|Stone Edge|p1a: Toucannon\n|-supereffective|p1a: Toucannon\n|-damage|p1a: Toucannon|0 fnt\n|faint|p1a: Toucannon\n|\n|upkeep\n|\n|t:|1783570777\n|switch|p1a: Hitmontop|Hitmontop, L88, M|100/100\n|-damage|p1a: Hitmontop|94/100|[from] Stealth Rock\n|turn|4\n|inactive|Time left: 300 sec this turn | 300 sec total\n|\n|t:|1783570778\n|move|p2a: Klawf|Swords Dance|p2a: Klawf\n|-boost|p2a: Klawf|atk|2\n|move|p1a: Hitmontop|Rapid Spin|p2a: Klawf\n|-resisted|p2a: Klawf\n|-damage|p2a: Klawf|194/272\n|-boost|p1a: Hitmontop|spe|1\n|-sideend|p1: p0x2757f865|Stealth Rock|[from] move: Rapid Spin|[of] p1a: Hitmontop\n|\n|-heal|p1a: Hitmontop|100/100|[from] item: Leftovers\n|upkeep\n|turn|5\n|inactive|Time left: 300 sec this turn | 300 sec total\n|\n|t:|1783570779\n|-terastallize|p2a: Klawf|Ground\n|move|p1a: Hitmontop|Close Combat|p2a: Klawf\n|-damage|p2a: Klawf|97/272\n|-unboost|p1a: Hitmontop|def|1\n|-unboost|p1a: Hitmontop|spd|1\n|-ability|p2a: Klawf|Anger Shell|boost\n|-boost|p2a: Klawf|atk|1\n|-boost|p2a: Klawf|spa|1\n|-boost|p2a: Klawf|spe|1\n|-unboost|p2a: Klawf|def|1\n|-unboost|p2a: Klawf|spd|1\n|move|p2a: Klawf|High Horsepower|p1a: Hitmontop\n|-damage|p1a: Hitmontop|0 fnt\n|faint|p1a: Hitmontop\n|\n|upkeep\n|\n|t:|1783570780\n|switch|p1a: Delphox|Delphox, L84, F|100/100\n|turn|6\n|inactive|Time left: 300 sec this turn | 300 sec total\n|\n|t:|1783570781\n|move|p1a: Delphox|Fire Blast|p2a: Klawf|[miss]\n|-miss|p1a: Delphox|p2a: Klawf\n|move|p2a: Klawf|High Horsepower|p1a: Delphox\n|-supereffective|p1a: Delphox\n|-damage|p1a: Delphox|0 fnt\n|faint|p1a: Delphox\n|\n|upkeep\n|\n|t:|1783570781\n|switch|p1a: Enamorus|Enamorus-Therian, L83, F|100/100\n|turn|7\n|inactive|Time left: 300 sec this turn | 300 sec total\n|\n|t:|1783570782\n|-terastallize|p1a: Enamorus|Ground\n|move|p2a: Klawf|Stone Edge|p1a: Enamorus|[miss]\n|-miss|p2a: Klawf|p1a: Enamorus\n|move|p1a: Enamorus|Earth Power|p2a: Klawf\n|-damage|p2a: Klawf|0 fnt\n|faint|p2a: Klawf\n|\n|upkeep\n|inactive|Time left: 300 sec this turn | 300 sec total | 5 sec grace\n|\n|t:|1783570783\n|switch|p2a: Trevenant|Trevenant, L89, F|296/296\n|turn|8\n|inactive|Time left: 300 sec this turn | 300 sec total\n|\n|t:|1783570784\n|move|p2a: Trevenant|Wood Hammer|p1a: Enamorus\n|-supereffective|p1a: Enamorus\n|-damage|p1a: Enamorus|0 fnt\n|faint|p1a: Enamorus\n|-damage|p2a: Trevenant|211/296|[from] Recoil\n|-damage|p2a: Trevenant|182/296|[from] item: Life Orb\n|\n|upkeep\n|\n|t:|1783570785\n|switch|p1a: Muk|Muk, L86, M|100/100\n|turn|9\n|inactive|Time left: 300 sec this turn | 300 sec total\n|\n|t:|1783570786\n|move|p2a: Trevenant|Poltergeist|p1a: Muk\n|-activate|p1a: Muk|move: Poltergeist|Assault Vest\n|-damage|p1a: Muk|41/100\n|-damage|p2a: Trevenant|153/296|[from] item: Life Orb\n|move|p1a: Muk|Knock Off|p2a: Trevenant\n|-supereffective|p2a: Trevenant\n|-damage|p2a: Trevenant|0 fnt\n|-enditem|p2a: Trevenant|Life Orb|[from] move: Knock Off|[of] p1a: Muk\n|faint|p2a: Trevenant\n|\n|upkeep\n|inactive|Time left: 300 sec this turn | 300 sec total | 5 sec grace\n|\n|t:|1783570787\n|switch|p2a: Garchomp|Garchomp, L74, F|123/282\n|turn|10\n|inactive|Time left: 300 sec this turn | 300 sec total\n|\n|t:|1783570788\n|move|p1a: Muk|Shadow Sneak|p2a: Garchomp\n|-damage|p2a: Garchomp|91/282\n|-damage|p1a: Muk|28/100|[from] ability: Rough Skin|[of] p2a: Garchomp\n|-damage|p1a: Muk|12/100|[from] item: Rocky Helmet|[of] p2a: Garchomp\n|move|p2a: Garchomp|Outrage|p1a: Muk\n|-damage|p1a: Muk|0 fnt\n|faint|p1a: Muk\n|\n|upkeep\n|\n|t:|1783570789\n|switch|p1a: Iron Treads|Iron Treads, L77|100/100\n|turn|11\n|inactive|Time left: 300 sec this turn | 300 sec total\n|\n|t:|1783570790\n|move|p1a: Iron Treads|Stealth Rock|p2a: Garchomp\n|-sidestart|p2: p0y2757d1c7|move: Stealth Rock\n|move|p2a: Garchomp|Outrage|p1a: Iron Treads|[from] lockedmove\n|-resisted|p1a: Iron Treads\n|-damage|p1a: Iron Treads|81/100\n|\n|-heal|p1a: Iron Treads|87/100|[from] item: Leftovers\n|upkeep\n|turn|12\n|inactive|Time left: 300 sec this turn | 300 sec total\n|\n|t:|1783570791\n|move|p1a: Iron Treads|Stealth Rock||[still]\n|-fail|p1a: Iron Treads\n|move|p2a: Garchomp|Outrage|p1a: Iron Treads|[from] lockedmove\n|-resisted|p1a: Iron Treads\n|-damage|p1a: Iron Treads|66/100\n|-start|p2a: Garchomp|confusion|[fatigue]\n|\n|-heal|p1a: Iron Treads|72/100|[from] item: Leftovers\n|upkeep\n|turn|13\n|inactive|Time left: 300 sec this turn | 300 sec total\n|\n|t:|1783570792\n|move|p1a: Iron Treads|Stealth Rock||[still]\n|-fail|p1a: Iron Treads\n|-activate|p2a: Garchomp|confusion\n|move|p2a: Garchomp|Earthquake|p1a: Iron Treads\n|-supereffective|p1a: Iron Treads\n|-damage|p1a: Iron Treads|8/100\n|\n|-heal|p1a: Iron Treads|14/100|[from] item: Leftovers\n|upkeep\n|turn|14\n|inactive|Time left: 300 sec this turn | 300 sec total\n|\n|t:|1783570793\n|switch|p2a: Espeon|Espeon, L84, F|246/246\n|-damage|p2a: Espeon|216/246|[from] Stealth Rock\n|move|p1a: Iron Treads|Stealth Rock|p2a: Espeon\n|move|p2a: Espeon|Stealth Rock|p1a: Iron Treads|[from] ability: Magic Bounce\n|-sidestart|p1: p0x2757f865|move: Stealth Rock\n|\n|-heal|p1a: Iron Treads|20/100|[from] item: Leftovers\n|upkeep\n|turn|15\n|inactive|Time left: 300 sec this turn | 300 sec total\n|\n|t:|1783570794\n|move|p2a: Espeon|Psychic|p1a: Iron Treads\n|-resisted|p1a: Iron Treads\n|-damage|p1a: Iron Treads|0 fnt\n|faint|p1a: Iron Treads\n|-end|p1a: Iron Treads|Quark Drive|[silent]\n|\n|win|p0y2757d1c7", "uploadtime": 1783570794, "views": 0, "rating": 0, "private": 0, "password": null, "_winner": "p0y2757d1c7", "_our_name": "p0y2757d1c7"}