{"id": "battle-gen9randombattle-1222", "formatid": "gen9randombattle", "format": "[Gen 9] Random Battle", "players": ["p0x1222555e", "p0y1222a257"], "log": "|init|battle\n|title|p0x1222555e vs. p0y1222a257\n|j|\u2606p0x1222555e\n|j|\u2606p0y1222a257\n|t:|1783554146\n|gametype|singles\n|player|p1|p0x1222555e|1|\n|player|p2|p0y1222a257|265|\n|gen|9\n|tier|[Gen 9] Random Battle\n|rule|Species Clause: Limit one of each Pok\u00e9mon\n|rule|HP Percentage Mod: HP is shown in percentages\n|rule|Sleep Clause Mod: Limit one foe put to sleep\n|rule|Illusion Level Mod: Illusion disguises the Pok\u00e9mon's true level\n|\n|t:|1783554146\n|teamsize|p1|6\n|teamsize|p2|6\n|start\n|switch|p1a: Lunala|Lunala, L70|308/308\n|switch|p2a: Enamorus|Enamorus-Therian, L83, F|100/100\n|turn|1\n|inactive|Battle timer is ON: inactive players will automatically lose when time's up. (requested by p0x1222555e)\n|inactive|p0y1222a257 also wants the timer to be on.\n|\n|t:|1783554148\n|move|p1a: Lunala|Moongeist Beam|p2a: Enamorus\n|-damage|p2a: Enamorus|63/100\n|move|p2a: Enamorus|Agility|p2a: Enamorus\n|-boost|p2a: Enamorus|spe|2\n|\n|upkeep\n|turn|2\n|inactive|Time left: 300 sec this turn | 300 sec total\n|\n|t:|1783554149\n|move|p2a: Enamorus|Mystical Fire|p1a: Lunala\n|-damage|p1a: Lunala|274/308\n|-unboost|p1a: Lunala|spa|1\n|move|p1a: Lunala|Moongeist Beam|p2a: Enamorus\n|-damage|p2a: Enamorus|40/100\n|\n|-heal|p1a: Lunala|293/308|[from] item: Leftovers\n|upkeep\n|turn|3\n|inactive|Time left: 300 sec this turn | 300 sec total\n|\n|t:|1783554150\n|switch|p1a: Empoleon|Empoleon, L84, M|278/278\n|move|p2a: Enamorus|Moonblast|p1a: Empoleon\n|-resisted|p1a: Empoleon\n|-damage|p1a: Empoleon|225/278\n|\n|-heal|p1a: Empoleon|242/278|[from] item: Leftovers\n|upkeep\n|turn|4\n|inactive|Time left: 300 sec this turn | 300 sec total\n|\n|t:|1783554151\n|move|p2a: Enamorus|Earth Power|p1a: Empoleon\n|-supereffective|p1a: Empoleon\n|-damage|p1a: Empoleon|92/278\n|-unboost|p1a: Empoleon|spd|1\n|-ability|p1a: Empoleon|Competitive|boost\n|-boost|p1a: Empoleon|spa|2\n|move|p1a: Empoleon|Ice Beam|p2a: Enamorus\n|-supereffective|p2a: Enamorus\n|-damage|p2a: Enamorus|0 fnt\n|faint|p2a: Enamorus\n|\n|-heal|p1a: Empoleon|109/278|[from] item: Leftovers\n|upkeep\n|\n|t:|1783554153\n|switch|p2a: Rampardos|Rampardos, L90, F|100/100\n|turn|5\n|inactive|Time left: 300 sec this turn | 300 sec total\n|\n|t:|1783554154\n|switch|p1a: Vigoroth|Vigoroth, L85, F|275/275\n|move|p2a: Rampardos|Fire Punch|p1a: Vigoroth\n|-damage|p1a: Vigoroth|155/275\n|\n|upkeep\n|turn|6\n|inactive|Time left: 300 sec this turn | 300 sec total\n|\n|t:|1783554155\n|move|p1a: Vigoroth|Slack Off|p1a: Vigoroth\n|-heal|p1a: Vigoroth|275/275\n|move|p2a: Rampardos|Rock Slide|p1a: Vigoroth\n|-damage|p1a: Vigoroth|103/275\n|\n|upkeep\n|turn|7\n|inactive|Time left: 300 sec this turn | 300 sec total\n|\n|t:|1783554156\n|move|p1a: Vigoroth|Slack Off|p1a: Vigoroth\n|-heal|p1a: Vigoroth|241/275\n|move|p2a: Rampardos|Rock Slide|p1a: Vigoroth\n|-damage|p1a: Vigoroth|66/275\n|\n|upkeep\n|turn|8\n|inactive|Time left: 300 sec this turn | 300 sec total\n|\n|t:|1783554157\n|move|p1a: Vigoroth|Slack Off|p1a: Vigoroth\n|-heal|p1a: Vigoroth|204/275\n|move|p2a: Rampardos|Rock Slide|p1a: Vigoroth\n|-damage|p1a: Vigoroth|23/275\n|\n|upkeep\n|turn|9\n|inactive|Time left: 300 sec this turn | 300 sec total\n|\n|t:|1783554158\n|move|p1a: Vigoroth|Body Slam|p2a: Rampardos\n|-resisted|p2a: Rampardos\n|-damage|p2a: Rampardos|86/100\n|move|p2a: Rampardos|Rock Slide|p1a: Vigoroth\n|-crit|p1a: Vigoroth\n|-damage|p1a: Vigoroth|0 fnt\n|faint|p1a: Vigoroth\n|\n|upkeep\n|inactive|Time left: 300 sec this turn | 300 sec total | 5 sec grace\n|\n|t:|1783554159\n|switch|p1a: Metagross|Metagross, L79|256/256\n|turn|10\n|inactive|Time left: 300 sec this turn | 300 sec total\n|\n|t:|1783554160\n|-terastallize|p2a: Rampardos|Psychic\n|move|p1a: Metagross|Heavy Slam|p2a: Rampardos\n|-damage|p2a: Rampardos|34/100\n|move|p2a: Rampardos|Earthquake|p1a: Metagross\n|-supereffective|p1a: Metagross\n|-damage|p1a: Metagross|22/256\n|-enditem|p1a: Metagross|Weakness Policy\n|-boost|p1a: Metagross|atk|2|[from] item: Weakness Policy\n|-boost|p1a: Metagross|spa|2|[from] item: Weakness Policy\n|-damage|p2a: Rampardos|24/100|[from] item: Life Orb\n|\n|upkeep\n|turn|11\n|inactive|Time left: 300 sec this turn | 300 sec total\n|\n|t:|1783554162\n|move|p2a: Rampardos|Fire Punch|p1a: Metagross\n|-supereffective|p1a: Metagross\n|-damage|p1a: Metagross|0 fnt\n|faint|p1a: Metagross\n|\n|upkeep\n|inactive|Time left: 300 sec this turn | 300 sec total | 5 sec grace\n|\n|t:|1783554162\n|switch|p1a: Dedenne|Dedenne, L88, M|261/261\n|turn|12\n|inactive|Time left: 300 sec this turn | 300 sec total\n|\n|t:|1783554163\n|switch|p2a: Quagsire|Quagsire, L84, M|100/100\n|move|p1a: Dedenne|Dazzling Gleam|p2a: Quagsire\n|-damage|p2a: Quagsire|66/100\n|\n|-heal|p2a: Quagsire|72/100|[from] item: Leftovers\n|upkeep\n|turn|13\n|inactive|Time left: 300 sec this turn | 300 sec total\n|\n|t:|1783554165\n|switch|p1a: Arboliva|Arboliva, L91, F|290/290\n|move|p2a: Quagsire|Earthquake|p1a: Arboliva\n|-resisted|p1a: Arboliva\n|-damage|p1a: Arboliva|243/290\n|-fieldstart|move: Grassy Terrain|[from] ability: Seed Sower|[of] p1a: Arboliva\n|\n|-heal|p1a: Arboliva|261/290|[from] Grassy Terrain\n|-heal|p1a: Arboliva|279/290|[from] item: Leftovers\n|-heal|p2a: Quagsire|78/100|[from] Grassy Terrain\n|-heal|p2a: Quagsire|84/100|[from] item: Leftovers\n|upkeep\n|turn|14\n|inactive|Time left: 300 sec this turn | 300 sec total\n|\n|t:|1783554166\n|switch|p2a: Volcarona|Volcarona, L77, F|100/100\n|move|p1a: Arboliva|Energy Ball|p2a: Volcarona\n|-resisted|p2a: Volcarona\n|-damage|p2a: Volcarona|85/100\n|\n|-heal|p2a: Volcarona|92/100|[from] Grassy Terrain\n|-heal|p1a: Arboliva|290/290|[from] Grassy Terrain\n|upkeep\n|turn|15\n|inactive|Time left: 300 sec this turn | 300 sec total\n|\n|t:|1783554167\n|move|p2a: Volcarona|Quiver Dance|p2a: Volcarona\n|-boost|p2a: Volcarona|spa|1\n|-boost|p2a: Volcarona|spd|1\n|-boost|p2a: Volcarona|spe|1\n|move|p1a: Arboliva|Hyper Voice|p2a: Volcarona\n|-damage|p2a: Volcarona|55/100\n|\n|-heal|p2a: Volcarona|61/100|[from] Grassy Terrain\n|upkeep\n|turn|16\n|inactive|Time left: 300 sec this turn | 300 sec total\n|\n|t:|1783554168\n|move|p2a: Volcarona|Quiver Dance|p2a: Volcarona\n|-boost|p2a: Volcarona|spa|1\n|-boost|p2a: Volcarona|spd|1\n|-boost|p2a: Volcarona|spe|1\n|move|p1a: Arboliva|Hyper Voice|p2a: Volcarona\n|-damage|p2a: Volcarona|35/100\n|\n|-heal|p2a: Volcarona|41/100|[from] Grassy Terrain\n|upkeep\n|turn|17\n|inactive|Time left: 300 sec this turn | 300 sec total\n|\n|t:|1783554169\n|move|p2a: Volcarona|Fiery Dance|p1a: Arboliva\n|-supereffective|p1a: Arboliva\n|-damage|p1a: Arboliva|2/290\n|-boost|p2a: Volcarona|spa|1\n|move|p1a: Arboliva|Earth Power|p2a: Volcarona\n|-damage|p2a: Volcarona|24/100\n|\n|-heal|p2a: Volcarona|30/100|[from] Grassy Terrain\n|-heal|p1a: Arboliva|20/290|[from] Grassy Terrain\n|-heal|p1a: Arboliva|38/290|[from] item: Leftovers\n|-fieldend|move: Grassy Terrain\n|upkeep\n|turn|18\n|inactive|Time left: 300 sec this turn | 300 sec total\n|\n|t:|1783554170\n|move|p2a: Volcarona|Fiery Dance|p1a: Arboliva\n|-supereffective|p1a: Arboliva\n|-crit|p1a: Arboliva\n|-damage|p1a: Arboliva|0 fnt\n|-fieldstart|move: Grassy Terrain|[from] ability: Seed Sower|[of] p1a: Arboliva\n|faint|p1a: Arboliva\n|\n|-heal|p2a: Volcarona|37/100|[from] Grassy Terrain\n|upkeep\n|inactive|Time left: 300 sec this turn | 300 sec total | 5 sec grace\n|\n|t:|1783554171\n|switch|p1a: Lunala|Lunala, L70|293/308\n|turn|19\n|inactive|Time left: 300 sec this turn | 300 sec total\n|\n|t:|1783554172\n|move|p2a: Volcarona|Fiery Dance|p1a: Lunala\n|-damage|p1a: Lunala|67/308\n|move|p1a: Lunala|Moonlight|p1a: Lunala\n|-heal|p1a: Lunala|221/308\n|\n|-heal|p2a: Volcarona|43/100|[from] Grassy Terrain\n|-heal|p1a: Lunala|240/308|[from] Grassy Terrain\n|-heal|p1a: Lunala|259/308|[from] item: Leftovers\n|upkeep\n|turn|20\n|inactive|Time left: 300 sec this turn | 300 sec total\n|\n|t:|1783554173\n|move|p2a: Volcarona|Fiery Dance|p1a: Lunala\n|-damage|p1a: Lunala|4/308\n|move|p1a: Lunala|Psyshock|p2a: Volcarona\n|-damage|p2a: Volcarona|0 fnt\n|faint|p2a: Volcarona\n|\n|-heal|p1a: Lunala|23/308|[from] Grassy Terrain\n|-heal|p1a: Lunala|42/308|[from] item: Leftovers\n|upkeep\n|\n|t:|1783554174\n|switch|p2a: Cetitan|Cetitan, L82, F|100/100\n|turn|21\n|inactive|Time left: 300 sec this turn | 300 sec total\n|\n|t:|1783554175\n|move|p2a: Cetitan|Ice Shard|p1a: Lunala\n|-damage|p1a: Lunala|0 fnt\n|faint|p1a: Lunala\n|-damage|p2a: Cetitan|91/100|[from] item: Life Orb\n|\n|-heal|p2a: Cetitan|97/100|[from] Grassy Terrain\n|upkeep\n|inactive|Time left: 300 sec this turn | 300 sec total | 5 sec grace\n|\n|t:|1783554176\n|switch|p1a: Dedenne|Dedenne, L88, M|261/261\n|turn|22\n|inactive|Time left: 300 sec this turn | 300 sec total\n|\n|t:|1783554177\n|move|p1a: Dedenne|U-turn|p2a: Cetitan\n|-damage|p2a: Cetitan|86/100\n|inactive|Time left: 300 sec this turn | 300 sec total | 5 sec grace\n|\n|t:|1783554179\n|switch|p1a: Empoleon|Empoleon, L84, M|109/278|[from] U-turn\n|move|p2a: Cetitan|Icicle Crash|p1a: Empoleon\n|-resisted|p1a: Empoleon\n|-damage|p1a: Empoleon|66/278\n|\n|-heal|p2a: Cetitan|92/100|[from] Grassy Terrain\n|-heal|p1a: Empoleon|83/278|[from] Grassy Terrain\n|-heal|p1a: Empoleon|100/278|[from] item: Leftovers\n|-fieldend|move: Grassy Terrain\n|upkeep\n|turn|23\n|inactive|Time left: 300 sec this turn | 300 sec total\n|\n|t:|1783554180\n|move|p2a: Cetitan|Superpower|p1a: Empoleon\n|-supereffective|p1a: Empoleon\n|-damage|p1a: Empoleon|0 fnt\n|-unboost|p2a: Cetitan|atk|1\n|-unboost|p2a: Cetitan|def|1\n|faint|p1a: Empoleon\n|-damage|p2a: Cetitan|82/100|[from] item: Life Orb\n|\n|upkeep\n|inactive|Time left: 300 sec this turn | 300 sec total | 5 sec grace\n|\n|t:|1783554181\n|switch|p1a: Dedenne|Dedenne, L88, M|261/261\n|turn|24\n|inactive|Time left: 300 sec this turn | 300 sec total\n|\n|t:|1783554182\n|switch|p2a: Quagsire|Quagsire, L84, M|84/100\n|move|p1a: Dedenne|Thunderbolt|p2a: Quagsire\n|-immune|p2a: Quagsire\n|\n|-heal|p2a: Quagsire|90/100|[from] item: Leftovers\n|upkeep\n|turn|25\n|inactive|Time left: 300 sec this turn | 300 sec total\n|\n|t:|1783554183\n|-terastallize|p1a: Dedenne|Flying\n|move|p1a: Dedenne|Dazzling Gleam|p2a: Quagsire\n|-damage|p2a: Quagsire|55/100\n|move|p2a: Quagsire|Toxic|p1a: Dedenne|[miss]\n|-miss|p2a: Quagsire|p1a: Dedenne\n|\n|-heal|p2a: Quagsire|61/100|[from] item: Leftovers\n|upkeep\n|turn|26\n|inactive|Time left: 300 sec this turn | 300 sec total\n|\n|t:|1783554184\n|switch|p2a: Cetitan|Cetitan, L82, F|82/100\n|move|p1a: Dedenne|Dazzling Gleam|p2a: Cetitan\n|-damage|p2a: Cetitan|55/100\n|\n|upkeep\n|turn|27\n|inactive|Time left: 300 sec this turn | 300 sec total\n|\n|t:|1783554185\n|move|p1a: Dedenne|Nuzzle|p2a: Cetitan\n|-damage|p2a: Cetitan|49/100\n|-status|p2a: Cetitan|par\n|move|p2a: Cetitan|Icicle Crash|p1a: Dedenne\n|-supereffective|p1a: Dedenne\n|-damage|p1a: Dedenne|0 fnt\n|faint|p1a: Dedenne\n|\n|win|p0y1222a257", "uploadtime": 1783554185, "views": 0, "rating": 0, "private": 0, "password": null, "_winner": "p0y1222a257", "_our_name": "p0x1222555e"}