{"id": "battle-gen9randombattle-1262", "formatid": "gen9randombattle", "format": "[Gen 9] Random Battle", "players": ["p0x126234da", "p0y12623bdb"], "log": "|init|battle\n|title|p0x126234da vs. p0y12623bdb\n|j|\u2606p0x126234da\n|j|\u2606p0y12623bdb\n|t:|1783553745\n|gametype|singles\n|player|p1|p0x126234da|2|\n|player|p2|p0y12623bdb|2|\n|gen|9\n|tier|[Gen 9] Random Battle\n|rule|Species Clause: Limit one of each Pok\u00e9mon\n|rule|HP Percentage Mod: HP is shown in percentages\n|rule|Sleep Clause Mod: Limit one foe put to sleep\n|rule|Illusion Level Mod: Illusion disguises the Pok\u00e9mon's true level\n|\n|t:|1783553745\n|teamsize|p1|6\n|teamsize|p2|6\n|start\n|switch|p1a: Floatzel|Floatzel, L86, F|286/286\n|switch|p2a: Slither Wing|Slither Wing, L81|100/100\n|turn|1\n|inactive|Battle timer is ON: inactive players will automatically lose when time's up. (requested by p0y12623bdb)\n|inactive|Time left: 300 sec this turn | 300 sec total | 60 sec grace\n|inactive|p0x126234da also wants the timer to be on.\n|\n|t:|1783553747\n|-terastallize|p1a: Floatzel|Water\n|move|p1a: Floatzel|Wave Crash|p2a: Slither Wing\n|-damage|p2a: Slither Wing|0 fnt\n|faint|p2a: Slither Wing\n|-end|p2a: Slither Wing|Protosynthesis|[silent]\n|-damage|p1a: Floatzel|197/286|[from] Recoil\n|\n|upkeep\n|\n|t:|1783553748\n|switch|p2a: Kommo-o|Kommo-o, L77, M|100/100\n|turn|2\n|inactive|Time left: 300 sec this turn | 300 sec total\n|\n|t:|1783553750\n|move|p1a: Floatzel|Wave Crash|p2a: Kommo-o\n|-resisted|p2a: Kommo-o\n|-damage|p2a: Kommo-o|51/100\n|-damage|p1a: Floatzel|158/286|[from] Recoil\n|move|p2a: Kommo-o|Scale Shot|p1a: Floatzel\n|-damage|p1a: Floatzel|122/286\n|-damage|p1a: Floatzel|91/286\n|-damage|p1a: Floatzel|57/286\n|-damage|p1a: Floatzel|24/286\n|-hitcount|p1a: Floatzel|4\n|-unboost|p2a: Kommo-o|def|1\n|-boost|p2a: Kommo-o|spe|1\n|\n|upkeep\n|turn|3\n|inactive|Time left: 300 sec this turn | 300 sec total\n|\n|t:|1783553751\n|switch|p1a: Hariyama|Hariyama, L87, M|392/392\n|move|p2a: Kommo-o|Scale Shot|p1a: Hariyama\n|-damage|p1a: Hariyama|359/392\n|-damage|p1a: Hariyama|326/392\n|-damage|p1a: Hariyama|290/392\n|-damage|p1a: Hariyama|257/392\n|-damage|p1a: Hariyama|224/392\n|-hitcount|p1a: Hariyama|5\n|-unboost|p2a: Kommo-o|def|1\n|-boost|p2a: Kommo-o|spe|1\n|\n|-status|p1a: Hariyama|brn|[from] item: Flame Orb\n|upkeep\n|turn|4\n|inactive|Time left: 300 sec this turn | 300 sec total\n|\n|t:|1783553752\n|move|p2a: Kommo-o|Close Combat|p1a: Hariyama\n|-damage|p1a: Hariyama|71/392 brn\n|-unboost|p2a: Kommo-o|def|1\n|-unboost|p2a: Kommo-o|spd|1\n|move|p1a: Hariyama|Close Combat|p2a: Kommo-o\n|-damage|p2a: Kommo-o|0 fnt\n|-unboost|p1a: Hariyama|def|1\n|-unboost|p1a: Hariyama|spd|1\n|faint|p2a: Kommo-o\n|\n|-damage|p1a: Hariyama|47/392 brn|[from] brn\n|upkeep\n|\n|t:|1783553753\n|switch|p2a: Meloetta|Meloetta, L82|100/100\n|turn|5\n|inactive|Time left: 300 sec this turn | 300 sec total\n|\n|t:|1783553754\n|switch|p1a: Exeggutor|Exeggutor, L89, M|312/312\n|move|p2a: Meloetta|Hyper Voice|p1a: Exeggutor\n|-damage|p1a: Exeggutor|201/312\n|\n|upkeep\n|turn|6\n|inactive|Time left: 300 sec this turn | 300 sec total\n|\n|t:|1783553755\n|switch|p1a: Goodra|Goodra-Hisui, L82, M|265/265\n|move|p2a: Meloetta|Calm Mind|p2a: Meloetta\n|-boost|p2a: Meloetta|spa|1\n|-boost|p2a: Meloetta|spd|1\n|\n|upkeep\n|turn|7\n|inactive|Time left: 300 sec this turn | 300 sec total\n|\n|t:|1783553755\n|move|p2a: Meloetta|Focus Blast|p1a: Goodra\n|-supereffective|p1a: Goodra\n|-damage|p1a: Goodra|125/265\n|move|p1a: Goodra|Heavy Slam|p2a: Meloetta\n|-damage|p2a: Meloetta|54/100\n|\n|-heal|p2a: Meloetta|60/100|[from] item: Leftovers\n|upkeep\n|turn|8\n|inactive|Time left: 300 sec this turn | 300 sec total\n|\n|t:|1783553756\n|move|p2a: Meloetta|Focus Blast|p1a: Goodra|[miss]\n|-miss|p2a: Meloetta|p1a: Goodra\n|move|p1a: Goodra|Heavy Slam|p2a: Meloetta\n|-damage|p2a: Meloetta|12/100\n|\n|-heal|p2a: Meloetta|18/100|[from] item: Leftovers\n|upkeep\n|turn|9\n|inactive|Time left: 300 sec this turn | 300 sec total\n|\n|t:|1783553757\n|move|p2a: Meloetta|Focus Blast|p1a: Goodra\n|-supereffective|p1a: Goodra\n|-damage|p1a: Goodra|0 fnt\n|faint|p1a: Goodra\n|\n|-heal|p2a: Meloetta|24/100|[from] item: Leftovers\n|upkeep\n|inactive|Time left: 300 sec this turn | 300 sec total | 5 sec grace\n|\n|t:|1783553758\n|switch|p1a: Floatzel|Floatzel, L86, F, tera:Water|24/286\n|turn|10\n|inactive|Time left: 300 sec this turn | 300 sec total\n|\n|t:|1783553759\n|switch|p2a: Forretress|Forretress, L84, M|100/100\n|move|p1a: Floatzel|Crunch|p2a: Forretress\n|-damage|p2a: Forretress|74/100\n|-unboost|p2a: Forretress|def|1\n|\n|-heal|p2a: Forretress|80/100|[from] item: Leftovers\n|upkeep\n|turn|11\n|inactive|Time left: 300 sec this turn | 300 sec total\n|\n|t:|1783553760\n|move|p1a: Floatzel|Crunch|p2a: Forretress\n|-damage|p2a: Forretress|44/100\n|move|p2a: Forretress|Toxic Spikes|p1a: Floatzel\n|-sidestart|p1: p0x126234da|move: Toxic Spikes\n|\n|-heal|p2a: Forretress|50/100|[from] item: Leftovers\n|upkeep\n|turn|12\n|inactive|Time left: 300 sec this turn | 300 sec total\n|\n|t:|1783553760\n|move|p1a: Floatzel|Crunch|p2a: Forretress\n|-damage|p2a: Forretress|16/100\n|-unboost|p2a: Forretress|def|1\n|move|p2a: Forretress|Volt Switch|p1a: Floatzel\n|-supereffective|p1a: Floatzel\n|-damage|p1a: Floatzel|0 fnt\n|faint|p1a: Floatzel\n|\n|t:|1783553762\n|switch|p2a: Copperajah|Copperajah, L86, F|100/100|[from] Volt Switch\n|\n|upkeep\n|inactive|Time left: 300 sec this turn | 300 sec total | 10 sec grace\n|\n|t:|1783553763\n|switch|p1a: Hariyama|Hariyama, L87, M|47/392 brn\n|turn|13\n|inactive|Time left: 300 sec this turn | 300 sec total\n|\n|t:|1783553764\n|switch|p2a: Forretress|Forretress, L84, M|16/100\n|move|p1a: Hariyama|Close Combat|p2a: Forretress\n|-damage|p2a: Forretress|0 fnt\n|-unboost|p1a: Hariyama|def|1\n|-unboost|p1a: Hariyama|spd|1\n|faint|p2a: Forretress\n|\n|-damage|p1a: Hariyama|23/392 brn|[from] brn\n|upkeep\n|\n|t:|1783553765\n|switch|p2a: Meloetta|Meloetta, L82|24/100\n|turn|14\n|inactive|Time left: 300 sec this turn | 300 sec total\n|\n|t:|1783553765\n|switch|p1a: Exeggutor|Exeggutor, L89, M|201/312\n|-status|p1a: Exeggutor|psn\n|move|p2a: Meloetta|Hyper Voice|p1a: Exeggutor\n|-damage|p1a: Exeggutor|80/312 psn\n|-enditem|p1a: Exeggutor|Sitrus Berry|[eat]\n|-heal|p1a: Exeggutor|158/312 psn|[from] item: Sitrus Berry\n|\n|-heal|p2a: Meloetta|30/100|[from] item: Leftovers\n|-damage|p1a: Exeggutor|119/312 psn|[from] psn\n|-item|p1a: Exeggutor|Sitrus Berry|[from] ability: Harvest\n|upkeep\n|-enditem|p1a: Exeggutor|Sitrus Berry|[eat]\n|-heal|p1a: Exeggutor|197/312 psn|[from] item: Sitrus Berry\n|turn|15\n|inactive|Time left: 300 sec this turn | 300 sec total\n|\n|t:|1783553766\n|move|p2a: Meloetta|Calm Mind|p2a: Meloetta\n|-boost|p2a: Meloetta|spa|1\n|-boost|p2a: Meloetta|spd|1\n|move|p1a: Exeggutor|Giga Drain|p2a: Meloetta\n|-damage|p2a: Meloetta|12/100\n|-heal|p1a: Exeggutor|224/312 psn|[from] drain|[of] p2a: Meloetta\n|\n|-heal|p2a: Meloetta|18/100|[from] item: Leftovers\n|-damage|p1a: Exeggutor|185/312 psn|[from] psn\n|-item|p1a: Exeggutor|Sitrus Berry|[from] ability: Harvest\n|upkeep\n|turn|16\n|inactive|Time left: 300 sec this turn | 300 sec total\n|\n|t:|1783553767\n|move|p2a: Meloetta|Hyper Voice|p1a: Exeggutor\n|-crit|p1a: Exeggutor\n|-damage|p1a: Exeggutor|0 fnt\n|faint|p1a: Exeggutor\n|\n|-heal|p2a: Meloetta|24/100|[from] item: Leftovers\n|upkeep\n|inactive|Time left: 300 sec this turn | 300 sec total | 5 sec grace\n|\n|t:|1783553768\n|switch|p1a: Beartic|Beartic, L91, F|321/321\n|-status|p1a: Beartic|psn\n|turn|17\n|inactive|Time left: 300 sec this turn | 300 sec total\n|\n|t:|1783553769\n|move|p2a: Meloetta|Focus Blast|p1a: Beartic\n|-supereffective|p1a: Beartic\n|-damage|p1a: Beartic|23/321 psn\n|move|p1a: Beartic|Earthquake|p2a: Meloetta\n|-damage|p2a: Meloetta|0 fnt\n|faint|p2a: Meloetta\n|\n|-damage|p1a: Beartic|0 fnt|[from] psn\n|faint|p1a: Beartic\n|upkeep\n|inactive|Time left: 300 sec this turn | 300 sec total | 5 sec grace\n|\n|t:|1783553770\n|switch|p2a: Copperajah|Copperajah, L86, F|100/100\n|switch|p1a: Hariyama|Hariyama, L87, M|23/392 brn\n|turn|18\n|inactive|Time left: 300 sec this turn | 300 sec total\n|\n|t:|1783553771\n|switch|p2a: Sandaconda|Sandaconda, L84, F|100/100\n|move|p1a: Hariyama|Close Combat|p2a: Sandaconda\n|-damage|p2a: Sandaconda|32/100\n|-unboost|p1a: Hariyama|def|1\n|-unboost|p1a: Hariyama|spd|1\n|\n|-heal|p2a: Sandaconda|38/100|[from] item: Leftovers\n|-damage|p1a: Hariyama|0 fnt|[from] brn\n|faint|p1a: Hariyama\n|upkeep\n|inactive|Time left: 300 sec this turn | 300 sec total | 5 sec grace\n|\n|t:|1783553772\n|switch|p1a: Glaceon|Glaceon, L94, M|275/275\n|turn|19\n|inactive|Time left: 300 sec this turn | 300 sec total\n|\n|t:|1783553773\n|switch|p2a: Copperajah|Copperajah, L86, F|100/100\n|move|p1a: Glaceon|Mud Shot|p2a: Copperajah\n|-supereffective|p2a: Copperajah\n|-damage|p2a: Copperajah|59/100\n|-unboost|p2a: Copperajah|spe|1\n|\n|upkeep\n|turn|20\n|inactive|Time left: 300 sec this turn | 300 sec total\n|\n|t:|1783553774\n|move|p1a: Glaceon|Freeze-Dry|p2a: Copperajah\n|-resisted|p2a: Copperajah\n|-damage|p2a: Copperajah|40/100\n|-status|p2a: Copperajah|frz\n|-curestatus|p2a: Copperajah|frz|[msg]\n|move|p2a: Copperajah|Iron Head|p1a: Glaceon\n|-supereffective|p1a: Glaceon\n|-damage|p1a: Glaceon|0 fnt\n|faint|p1a: Glaceon\n|\n|win|p0y12623bdb", "uploadtime": 1783553774, "views": 0, "rating": 0, "private": 0, "password": null, "_winner": "p0y12623bdb", "_our_name": "p0x126234da"}