{"id": "battle-gen9randombattle-1015", "formatid": "gen9randombattle", "format": "[Gen 9] Random Battle", "players": ["p0x1015ea1a", "p0y1015c79c"], "log": "|init|battle\n|title|p0x1015ea1a vs. p0y1015c79c\n|j|\u2606p0x1015ea1a\n|j|\u2606p0y1015c79c\n|t:|1783551672\n|gametype|singles\n|player|p1|p0x1015ea1a|265|\n|player|p2|p0y1015c79c|170|\n|gen|9\n|tier|[Gen 9] Random Battle\n|rule|Species Clause: Limit one of each Pok\u00e9mon\n|rule|HP Percentage Mod: HP is shown in percentages\n|rule|Sleep Clause Mod: Limit one foe put to sleep\n|rule|Illusion Level Mod: Illusion disguises the Pok\u00e9mon's true level\n|\n|t:|1783551672\n|teamsize|p1|6\n|teamsize|p2|6\n|start\n|switch|p1a: Bombirdier|Bombirdier, L85, F|100/100\n|switch|p2a: Empoleon|Empoleon, L84, M|278/278\n|turn|1\n|inactive|Battle timer is ON: inactive players will automatically lose when time's up. (requested by p0x1015ea1a)\n|inactive|Time left: 300 sec this turn | 300 sec total | 60 sec grace\n|inactive|p0y1015c79c also wants the timer to be on.\n|\n|t:|1783551674\n|move|p1a: Bombirdier|Knock Off|p2a: Empoleon\n|-damage|p2a: Empoleon|173/278\n|-enditem|p2a: Empoleon|Leftovers|[from] move: Knock Off|[of] p1a: Bombirdier\n|move|p2a: Empoleon|Surf|p1a: Bombirdier\n|-damage|p1a: Bombirdier|61/100\n|\n|upkeep\n|turn|2\n|inactive|Time left: 300 sec this turn | 300 sec total\n|\n|t:|1783551675\n|move|p1a: Bombirdier|Roost|p1a: Bombirdier\n|-heal|p1a: Bombirdier|100/100\n|-singleturn|p1a: Bombirdier|move: Roost\n|move|p2a: Empoleon|Roost|p2a: Empoleon\n|-heal|p2a: Empoleon|278/278\n|-singleturn|p2a: Empoleon|move: Roost\n|\n|upkeep\n|turn|3\n|inactive|Time left: 300 sec this turn | 300 sec total\n|\n|t:|1783551676\n|move|p1a: Bombirdier|Knock Off|p2a: Empoleon\n|-damage|p2a: Empoleon|200/278\n|move|p2a: Empoleon|Surf|p1a: Bombirdier\n|-damage|p1a: Bombirdier|56/100\n|\n|upkeep\n|turn|4\n|inactive|Time left: 300 sec this turn | 300 sec total\n|\n|t:|1783551677\n|move|p1a: Bombirdier|Roost|p1a: Bombirdier\n|-heal|p1a: Bombirdier|100/100\n|-singleturn|p1a: Bombirdier|move: Roost\n|move|p2a: Empoleon|Surf|p1a: Bombirdier\n|-damage|p1a: Bombirdier|56/100\n|\n|upkeep\n|turn|5\n|inactive|Time left: 300 sec this turn | 300 sec total\n|\n|t:|1783551678\n|move|p1a: Bombirdier|Roost|p1a: Bombirdier\n|-heal|p1a: Bombirdier|100/100\n|-singleturn|p1a: Bombirdier|move: Roost\n|move|p2a: Empoleon|Surf|p1a: Bombirdier\n|-damage|p1a: Bombirdier|62/100\n|\n|upkeep\n|turn|6\n|inactive|Time left: 300 sec this turn | 300 sec total\n|\n|t:|1783551680\n|move|p1a: Bombirdier|Roost|p1a: Bombirdier\n|-heal|p1a: Bombirdier|100/100\n|-singleturn|p1a: Bombirdier|move: Roost\n|move|p2a: Empoleon|Surf|p1a: Bombirdier\n|-damage|p1a: Bombirdier|58/100\n|\n|upkeep\n|turn|7\n|inactive|Time left: 300 sec this turn | 300 sec total\n|\n|t:|1783551681\n|move|p1a: Bombirdier|Roost|p1a: Bombirdier\n|-heal|p1a: Bombirdier|100/100\n|-singleturn|p1a: Bombirdier|move: Roost\n|move|p2a: Empoleon|Surf|p1a: Bombirdier\n|-crit|p1a: Bombirdier\n|-damage|p1a: Bombirdier|39/100\n|\n|upkeep\n|turn|8\n|inactive|Time left: 300 sec this turn | 300 sec total\n|\n|t:|1783551682\n|move|p1a: Bombirdier|Roost|p1a: Bombirdier\n|-heal|p1a: Bombirdier|89/100\n|-singleturn|p1a: Bombirdier|move: Roost\n|move|p2a: Empoleon|Surf|p1a: Bombirdier\n|-damage|p1a: Bombirdier|49/100\n|\n|upkeep\n|turn|9\n|inactive|Time left: 300 sec this turn | 300 sec total\n|\n|t:|1783551683\n|move|p1a: Bombirdier|Roost|p1a: Bombirdier\n|-heal|p1a: Bombirdier|99/100\n|-singleturn|p1a: Bombirdier|move: Roost\n|move|p2a: Empoleon|Surf|p1a: Bombirdier\n|-damage|p1a: Bombirdier|57/100\n|\n|upkeep\n|turn|10\n|inactive|Time left: 300 sec this turn | 300 sec total\n|\n|t:|1783551684\n|move|p1a: Bombirdier|Roost|p1a: Bombirdier\n|-heal|p1a: Bombirdier|100/100\n|-singleturn|p1a: Bombirdier|move: Roost\n|move|p2a: Empoleon|Surf|p1a: Bombirdier\n|-damage|p1a: Bombirdier|56/100\n|\n|upkeep\n|turn|11\n|inactive|Time left: 300 sec this turn | 300 sec total\n|\n|t:|1783551685\n|move|p1a: Bombirdier|Knock Off|p2a: Empoleon\n|-damage|p2a: Empoleon|124/278\n|move|p2a: Empoleon|Surf|p1a: Bombirdier\n|-damage|p1a: Bombirdier|15/100\n|\n|upkeep\n|turn|12\n|inactive|Time left: 300 sec this turn | 300 sec total\n|\n|t:|1783551686\n|move|p1a: Bombirdier|Knock Off|p2a: Empoleon\n|-damage|p2a: Empoleon|48/278\n|move|p2a: Empoleon|Roost|p2a: Empoleon\n|-heal|p2a: Empoleon|187/278\n|-singleturn|p2a: Empoleon|move: Roost\n|\n|upkeep\n|turn|13\n|inactive|Time left: 300 sec this turn | 300 sec total\n|\n|t:|1783551687\n|switch|p1a: Porygon-Z|Porygon-Z, L83|100/100\n|move|p2a: Empoleon|Surf|p1a: Porygon-Z\n|-damage|p1a: Porygon-Z|53/100\n|\n|upkeep\n|turn|14\n|inactive|Time left: 300 sec this turn | 300 sec total\n|\n|t:|1783551688\n|move|p1a: Porygon-Z|Thunderbolt|p2a: Empoleon\n|-supereffective|p2a: Empoleon\n|-damage|p2a: Empoleon|0 fnt\n|faint|p2a: Empoleon\n|\n|upkeep\n|inactive|Time left: 300 sec this turn | 300 sec total | 5 sec grace\n|\n|t:|1783551689\n|switch|p2a: Clefable|Clefable, L83, M|293/293\n|turn|15\n|inactive|Time left: 300 sec this turn | 300 sec total\n|\n|t:|1783551691\n|move|p1a: Porygon-Z|Thunderbolt|p2a: Clefable\n|-damage|p2a: Clefable|168/293\n|move|p2a: Clefable|Moonblast|p1a: Porygon-Z\n|-damage|p1a: Porygon-Z|12/100\n|\n|-heal|p2a: Clefable|186/293|[from] item: Leftovers\n|upkeep\n|turn|16\n|inactive|Time left: 300 sec this turn | 300 sec total\n|\n|t:|1783551692\n|-terastallize|p1a: Porygon-Z|Electric\n|move|p1a: Porygon-Z|Thunderbolt|p2a: Clefable\n|-damage|p2a: Clefable|0 fnt\n|faint|p2a: Clefable\n|\n|upkeep\n|inactive|Time left: 300 sec this turn | 300 sec total | 5 sec grace\n|\n|t:|1783551693\n|switch|p2a: Lunala|Lunala, L70|308/308\n|turn|17\n|inactive|Time left: 300 sec this turn | 300 sec total\n|\n|t:|1783551694\n|move|p1a: Porygon-Z|Thunderbolt|p2a: Lunala\n|-damage|p2a: Lunala|177/308\n|-status|p2a: Lunala|par\n|move|p2a: Lunala|Calm Mind|p2a: Lunala\n|-boost|p2a: Lunala|spa|1\n|-boost|p2a: Lunala|spd|1\n|\n|-heal|p2a: Lunala|196/308 par|[from] item: Leftovers\n|upkeep\n|turn|18\n|inactive|Time left: 300 sec this turn | 300 sec total\n|\n|t:|1783551695\n|move|p1a: Porygon-Z|Thunderbolt|p2a: Lunala\n|-damage|p2a: Lunala|14/308 par\n|cant|p2a: Lunala|par\n|\n|-heal|p2a: Lunala|33/308 par|[from] item: Leftovers\n|upkeep\n|turn|19\n|inactive|Time left: 300 sec this turn | 300 sec total\n|\n|t:|1783551696\n|move|p1a: Porygon-Z|Thunderbolt|p2a: Lunala\n|-damage|p2a: Lunala|0 fnt\n|faint|p2a: Lunala\n|\n|upkeep\n|inactive|Time left: 300 sec this turn | 300 sec total | 5 sec grace\n|\n|t:|1783551697\n|switch|p2a: Chien-Pao|Chien-Pao, L72|234/234\n|-ability|p2a: Chien-Pao|Sword of Ruin\n|turn|20\n|inactive|Time left: 300 sec this turn | 300 sec total\n|\n|t:|1783551698\n|switch|p1a: Skuntank|Skuntank, L84, M|100/100\n|move|p2a: Chien-Pao|Ice Shard|p1a: Skuntank\n|-damage|p1a: Skuntank|79/100\n|\n|-heal|p1a: Skuntank|85/100|[from] item: Leftovers\n|upkeep\n|turn|21\n|inactive|Time left: 300 sec this turn | 300 sec total\n|\n|t:|1783551699\n|move|p2a: Chien-Pao|Swords Dance|p2a: Chien-Pao\n|-boost|p2a: Chien-Pao|atk|2\n|move|p1a: Skuntank|Knock Off|p2a: Chien-Pao\n|-resisted|p2a: Chien-Pao\n|-damage|p2a: Chien-Pao|167/234\n|-enditem|p2a: Chien-Pao|Heavy-Duty Boots|[from] move: Knock Off|[of] p1a: Skuntank\n|\n|-heal|p1a: Skuntank|91/100|[from] item: Leftovers\n|upkeep\n|turn|22\n|inactive|Time left: 300 sec this turn | 300 sec total\n|\n|t:|1783551701\n|-terastallize|p2a: Chien-Pao|Ice\n|move|p2a: Chien-Pao|Icicle Crash|p1a: Skuntank\n|-damage|p1a: Skuntank|0 fnt\n|faint|p1a: Skuntank\n|\n|upkeep\n|\n|t:|1783551702\n|switch|p1a: Inteleon|Inteleon, L81, F|100/100\n|turn|23\n|inactive|Time left: 300 sec this turn | 300 sec total\n|\n|t:|1783551703\n|move|p2a: Chien-Pao|Ice Shard|p1a: Inteleon\n|-resisted|p1a: Inteleon\n|-damage|p1a: Inteleon|68/100\n|move|p1a: Inteleon|Scald|p2a: Chien-Pao\n|-damage|p2a: Chien-Pao|0 fnt\n|faint|p2a: Chien-Pao\n|\n|upkeep\n|inactive|Time left: 300 sec this turn | 300 sec total | 5 sec grace\n|\n|t:|1783551704\n|switch|p2a: Luvdisc|Luvdisc, M|247/247\n|turn|24\n|inactive|Time left: 300 sec this turn | 300 sec total\n|\n|t:|1783551705\n|move|p2a: Luvdisc|Substitute|p2a: Luvdisc\n|-start|p2a: Luvdisc|Substitute\n|-damage|p2a: Luvdisc|186/247\n|move|p1a: Inteleon|Scald|p2a: Luvdisc\n|-resisted|p2a: Luvdisc\n|-end|p2a: Luvdisc|Substitute\n|\n|upkeep\n|turn|25\n|inactive|Time left: 300 sec this turn | 300 sec total\n|\n|t:|1783551706\n|move|p2a: Luvdisc|Surf|p1a: Inteleon\n|-resisted|p1a: Inteleon\n|-crit|p1a: Inteleon\n|-damage|p1a: Inteleon|38/100\n|move|p1a: Inteleon|Scald|p2a: Luvdisc\n|-resisted|p2a: Luvdisc\n|-damage|p2a: Luvdisc|111/247\n|-status|p2a: Luvdisc|brn\n|\n|-damage|p2a: Luvdisc|96/247 brn|[from] brn\n|upkeep\n|turn|26\n|inactive|Time left: 300 sec this turn | 300 sec total\n|\n|t:|1783551707\n|move|p2a: Luvdisc|Endeavor|p1a: Inteleon\n|-immune|p1a: Inteleon\n|move|p1a: Inteleon|Scald|p2a: Luvdisc\n|-resisted|p2a: Luvdisc\n|-damage|p2a: Luvdisc|15/247 brn\n|\n|-damage|p2a: Luvdisc|0 fnt|[from] brn\n|faint|p2a: Luvdisc\n|upkeep\n|inactive|Time left: 300 sec this turn | 300 sec total | 5 sec grace\n|\n|t:|1783551708\n|switch|p2a: Forretress|Forretress, L84, M|263/263\n|turn|27\n|inactive|Time left: 300 sec this turn | 300 sec total\n|\n|t:|1783551709\n|move|p1a: Inteleon|Scald|p2a: Forretress\n|-damage|p2a: Forretress|86/263\n|move|p2a: Forretress|Body Press|p1a: Inteleon\n|-damage|p1a: Inteleon|0 fnt\n|faint|p1a: Inteleon\n|\n|-heal|p2a: Forretress|102/263|[from] item: Leftovers\n|upkeep\n|\n|t:|1783551710\n|switch|p1a: Porygon-Z|Porygon-Z, L83, tera:Electric|12/100\n|turn|28\n|inactive|Time left: 300 sec this turn | 300 sec total\n|\n|t:|1783551711\n|move|p1a: Porygon-Z|Shadow Ball|p2a: Forretress\n|-damage|p2a: Forretress|0 fnt\n|faint|p2a: Forretress\n|\n|win|p0x1015ea1a", "uploadtime": 1783551711, "views": 0, "rating": 0, "private": 0, "password": null, "_winner": "p0x1015ea1a", "_our_name": "p0y1015c79c"}