{"id": "battle-gen9randombattle-190", "formatid": "gen9randombattle", "format": "[Gen 9] Random Battle", "players": ["p0x1906e2c", "p0y1907feb"], "log": "|init|battle\n|title|p0x1906e2c vs. p0y1907feb\n|j|\u2606p0x1906e2c\n|j|\u2606p0y1907feb\n|t:|1783535962\n|gametype|singles\n|player|p1|p0x1906e2c|169|\n|player|p2|p0y1907feb|1|\n|gen|9\n|tier|[Gen 9] Random Battle\n|rule|Species Clause: Limit one of each Pok\u00e9mon\n|rule|HP Percentage Mod: HP is shown in percentages\n|rule|Sleep Clause Mod: Limit one foe put to sleep\n|rule|Illusion Level Mod: Illusion disguises the Pok\u00e9mon's true level\n|\n|t:|1783535962\n|teamsize|p1|6\n|teamsize|p2|6\n|start\n|switch|p1a: Enamorus|Enamorus-Therian, L83, F|259/259\n|switch|p2a: Victreebel|Victreebel, L90, F|100/100\n|turn|1\n|inactive|Battle timer is ON: inactive players will automatically lose when time's up. (requested by p0x1906e2c)\n|inactive|p0y1907feb also wants the timer to be on.\n|\n|t:|1783535963\n|move|p2a: Victreebel|Poison Jab|p1a: Enamorus\n|-supereffective|p1a: Enamorus\n|-damage|p1a: Enamorus|46/259\n|-status|p1a: Enamorus|psn\n|-damage|p2a: Victreebel|90/100|[from] item: Life Orb\n|move|p1a: Enamorus|Mystical Fire|p2a: Victreebel\n|-supereffective|p2a: Victreebel\n|-damage|p2a: Victreebel|43/100\n|-unboost|p2a: Victreebel|spa|1\n|\n|-damage|p1a: Enamorus|14/259 psn|[from] psn\n|upkeep\n|turn|2\n|inactive|Time left: 300 sec this turn | 300 sec total\n|\n|t:|1783535965\n|move|p2a: Victreebel|Poison Jab|p1a: Enamorus\n|-supereffective|p1a: Enamorus\n|-damage|p1a: Enamorus|0 fnt\n|faint|p1a: Enamorus\n|-damage|p2a: Victreebel|33/100|[from] item: Life Orb\n|\n|upkeep\n|inactive|Time left: 300 sec this turn | 300 sec total | 5 sec grace\n|\n|t:|1783535966\n|switch|p1a: Gumshoos|Gumshoos, L95, M|321/321\n|turn|3\n|inactive|Time left: 300 sec this turn | 300 sec total\n|\n|t:|1783535967\n|move|p2a: Victreebel|Power Whip|p1a: Gumshoos\n|-damage|p1a: Gumshoos|75/321\n|-damage|p2a: Victreebel|23/100|[from] item: Life Orb\n|move|p1a: Gumshoos|Knock Off|p2a: Victreebel\n|-damage|p2a: Victreebel|0 fnt\n|-enditem|p2a: Victreebel|Life Orb|[from] move: Knock Off|[of] p1a: Gumshoos\n|faint|p2a: Victreebel\n|\n|upkeep\n|\n|t:|1783535968\n|switch|p2a: Lapras|Lapras, L87, M|100/100\n|turn|4\n|inactive|Time left: 300 sec this turn | 300 sec total\n|\n|t:|1783535969\n|switch|p1a: Appletun|Appletun, L92, M|352/352\n|move|p2a: Lapras|Ice Beam|p1a: Appletun\n|-supereffective|p1a: Appletun\n|-damage|p1a: Appletun|60/352\n|\n|-heal|p1a: Appletun|82/352|[from] item: Leftovers\n|upkeep\n|turn|5\n|inactive|Time left: 300 sec this turn | 300 sec total\n|\n|t:|1783535970\n|-terastallize|p1a: Appletun|Steel\n|move|p2a: Lapras|Ice Beam|p1a: Appletun\n|-resisted|p1a: Appletun\n|-damage|p1a: Appletun|50/352\n|move|p1a: Appletun|Apple Acid|p2a: Lapras\n|-supereffective|p2a: Lapras\n|-damage|p2a: Lapras|53/100\n|-unboost|p2a: Lapras|spd|1\n|\n|-heal|p1a: Appletun|72/352|[from] item: Leftovers\n|upkeep\n|turn|6\n|inactive|Time left: 300 sec this turn | 300 sec total\n|\n|t:|1783535971\n|switch|p2a: Fezandipiti|Fezandipiti, L82, M|100/100\n|move|p1a: Appletun|Recover|p1a: Appletun\n|-heal|p1a: Appletun|248/352\n|\n|-heal|p1a: Appletun|270/352|[from] item: Leftovers\n|upkeep\n|turn|7\n|inactive|Time left: 300 sec this turn | 300 sec total\n|\n|t:|1783535972\n|move|p2a: Fezandipiti|Swords Dance|p2a: Fezandipiti\n|-boost|p2a: Fezandipiti|atk|2\n|move|p1a: Appletun|Apple Acid|p2a: Fezandipiti\n|-resisted|p2a: Fezandipiti\n|-crit|p2a: Fezandipiti\n|-damage|p2a: Fezandipiti|79/100\n|-unboost|p2a: Fezandipiti|spd|1\n|\n|-heal|p2a: Fezandipiti|85/100|[from] item: Leftovers\n|-heal|p1a: Appletun|292/352|[from] item: Leftovers\n|upkeep\n|turn|8\n|inactive|Time left: 300 sec this turn | 300 sec total\n|\n|t:|1783535973\n|-terastallize|p2a: Fezandipiti|Ground\n|move|p2a: Fezandipiti|Tera Blast|p1a: Appletun|[anim] Tera Blast Ground\n|-supereffective|p1a: Appletun\n|-damage|p1a: Appletun|0 fnt\n|faint|p1a: Appletun\n|\n|-heal|p2a: Fezandipiti|92/100|[from] item: Leftovers\n|upkeep\n|inactive|Time left: 300 sec this turn | 300 sec total | 5 sec grace\n|\n|t:|1783535974\n|switch|p1a: Milotic|Milotic, L83, M|293/293\n|turn|9\n|inactive|Time left: 300 sec this turn | 300 sec total\n|\n|t:|1783535975\n|move|p2a: Fezandipiti|Gunk Shot|p1a: Milotic\n|-damage|p1a: Milotic|35/293\n|move|p1a: Milotic|Scald|p2a: Fezandipiti\n|-supereffective|p2a: Fezandipiti\n|-damage|p2a: Fezandipiti|20/100\n|\n|-heal|p2a: Fezandipiti|26/100|[from] item: Leftovers\n|-heal|p1a: Milotic|53/293|[from] item: Leftovers\n|upkeep\n|turn|10\n|inactive|Time left: 300 sec this turn | 300 sec total\n|\n|t:|1783535976\n|move|p2a: Fezandipiti|Play Rough|p1a: Milotic\n|-damage|p1a: Milotic|0 fnt\n|faint|p1a: Milotic\n|\n|-heal|p2a: Fezandipiti|33/100|[from] item: Leftovers\n|upkeep\n|inactive|Time left: 300 sec this turn | 300 sec total | 5 sec grace\n|\n|t:|1783535976\n|switch|p1a: Spectrier|Spectrier, L75|274/274\n|turn|11\n|inactive|Time left: 300 sec this turn | 300 sec total\n|\n|t:|1783535977\n|switch|p2a: Umbreon|Umbreon, L84, F|100/100\n|move|p1a: Spectrier|Shadow Ball|p2a: Umbreon\n|-resisted|p2a: Umbreon\n|-damage|p2a: Umbreon|85/100\n|-damage|p1a: Spectrier|247/274|[from] item: Life Orb\n|\n|-heal|p2a: Umbreon|91/100|[from] item: Leftovers\n|upkeep\n|turn|12\n|inactive|Time left: 300 sec this turn | 300 sec total\n|\n|t:|1783535978\n|move|p1a: Spectrier|Nasty Plot|p1a: Spectrier\n|-boost|p1a: Spectrier|spa|2\n|move|p2a: Umbreon|Foul Play|p1a: Spectrier\n|-supereffective|p1a: Spectrier\n|-damage|p1a: Spectrier|97/274\n|\n|-heal|p2a: Umbreon|97/100|[from] item: Leftovers\n|upkeep\n|turn|13\n|inactive|Time left: 300 sec this turn | 300 sec total\n|\n|t:|1783535979\n|move|p1a: Spectrier|Draining Kiss|p2a: Umbreon\n|-supereffective|p2a: Umbreon\n|-damage|p2a: Umbreon|43/100\n|-heal|p1a: Spectrier|216/274|[from] drain|[of] p2a: Umbreon\n|-damage|p1a: Spectrier|189/274|[from] item: Life Orb\n|move|p2a: Umbreon|Foul Play|p1a: Spectrier\n|-supereffective|p1a: Spectrier\n|-damage|p1a: Spectrier|37/274\n|\n|-heal|p2a: Umbreon|49/100|[from] item: Leftovers\n|upkeep\n|turn|14\n|inactive|Time left: 300 sec this turn | 300 sec total\n|\n|t:|1783535980\n|move|p2a: Umbreon|Protect|p2a: Umbreon\n|-singleturn|p2a: Umbreon|Protect\n|move|p1a: Spectrier|Draining Kiss|p2a: Umbreon\n|-activate|p2a: Umbreon|move: Protect\n|\n|-heal|p2a: Umbreon|55/100|[from] item: Leftovers\n|upkeep\n|turn|15\n|inactive|Time left: 300 sec this turn | 300 sec total\n|\n|t:|1783535981\n|move|p1a: Spectrier|Draining Kiss|p2a: Umbreon\n|-supereffective|p2a: Umbreon\n|-damage|p2a: Umbreon|3/100\n|-heal|p1a: Spectrier|154/274|[from] drain|[of] p2a: Umbreon\n|-damage|p1a: Spectrier|127/274|[from] item: Life Orb\n|move|p2a: Umbreon|Foul Play|p1a: Spectrier\n|-supereffective|p1a: Spectrier\n|-damage|p1a: Spectrier|0 fnt\n|faint|p1a: Spectrier\n|\n|-heal|p2a: Umbreon|9/100|[from] item: Leftovers\n|upkeep\n|inactive|Time left: 300 sec this turn | 300 sec total | 5 sec grace\n|\n|t:|1783535982\n|switch|p1a: Ho-Oh|Ho-Oh, L71|268/268\n|turn|16\n|inactive|Time left: 300 sec this turn | 300 sec total\n|\n|t:|1783535983\n|switch|p2a: Haxorus|Haxorus, L77, F|100/100\n|-ability|p2a: Haxorus|Mold Breaker\n|move|p1a: Ho-Oh|Brave Bird|p2a: Haxorus\n|-damage|p2a: Haxorus|52/100\n|-damage|p1a: Ho-Oh|229/268|[from] Recoil\n|\n|upkeep\n|turn|17\n|inactive|Time left: 300 sec this turn | 300 sec total\n|\n|t:|1783535984\n|move|p2a: Haxorus|Outrage|p1a: Ho-Oh\n|-damage|p1a: Ho-Oh|55/268\n|move|p1a: Ho-Oh|Recover|p1a: Ho-Oh\n|-heal|p1a: Ho-Oh|189/268\n|\n|upkeep\n|turn|18\n|inactive|Time left: 300 sec this turn | 300 sec total\n|\n|t:|1783535985\n|switch|p1a: Gumshoos|Gumshoos, L95, M|75/321\n|move|p2a: Haxorus|Outrage|p1a: Gumshoos|[from] lockedmove\n|-damage|p1a: Gumshoos|0 fnt\n|faint|p1a: Gumshoos\n|\n|upkeep\n|inactive|Time left: 300 sec this turn | 300 sec total | 5 sec grace\n|\n|t:|1783535986\n|switch|p1a: Ho-Oh|Ho-Oh, L71|268/268\n|turn|19\n|inactive|Time left: 300 sec this turn | 300 sec total\n|\n|t:|1783535987\n|move|p2a: Haxorus|Outrage|p1a: Ho-Oh|[from] lockedmove\n|-damage|p1a: Ho-Oh|100/268\n|-start|p2a: Haxorus|confusion|[fatigue]\n|-enditem|p2a: Haxorus|Lum Berry|[eat]\n|-end|p2a: Haxorus|confusion\n|move|p1a: Ho-Oh|Recover|p1a: Ho-Oh\n|-heal|p1a: Ho-Oh|234/268\n|\n|upkeep\n|turn|20\n|inactive|Time left: 300 sec this turn | 300 sec total\n|\n|t:|1783535988\n|move|p2a: Haxorus|Outrage|p1a: Ho-Oh\n|-damage|p1a: Ho-Oh|51/268\n|move|p1a: Ho-Oh|Brave Bird|p2a: Haxorus\n|-damage|p2a: Haxorus|0 fnt\n|faint|p2a: Haxorus\n|-damage|p1a: Ho-Oh|9/268|[from] Recoil\n|\n|upkeep\n|\n|t:|1783535988\n|switch|p2a: Espeon|Espeon, L84, F|100/100\n|turn|21\n|inactive|Time left: 300 sec this turn | 300 sec total\n|\n|t:|1783535989\n|move|p2a: Espeon|Psyshock|p1a: Ho-Oh\n|-damage|p1a: Ho-Oh|0 fnt\n|faint|p1a: Ho-Oh\n|\n|win|p0y1907feb", "uploadtime": 1783535989, "views": 0, "rating": 0, "private": 0, "password": null, "_winner": "p0y1907feb", "_our_name": "p0x1906e2c"}