{"id": "battle-gen9randombattle-2174", "formatid": "gen9randombattle", "format": "[Gen 9] Random Battle", "players": ["p0x21741504", "p0y21746a29"], "log": "|init|battle\n|title|p0x21741504 vs. p0y21746a29\n|j|\u2606p0x21741504\n|j|\u2606p0y21746a29\n|t:|1783564324\n|gametype|singles\n|player|p1|p0x21741504|170|\n|player|p2|p0y21746a29|265|\n|gen|9\n|tier|[Gen 9] Random Battle\n|rule|Species Clause: Limit one of each Pok\u00e9mon\n|rule|HP Percentage Mod: HP is shown in percentages\n|rule|Sleep Clause Mod: Limit one foe put to sleep\n|rule|Illusion Level Mod: Illusion disguises the Pok\u00e9mon's true level\n|\n|t:|1783564324\n|teamsize|p1|6\n|teamsize|p2|6\n|start\n|switch|p1a: Infernape|Infernape, L82, M|100/100\n|switch|p2a: Iron Jugulis|Iron Jugulis, L77|271/271\n|turn|1\n|inactive|Battle timer is ON: inactive players will automatically lose when time's up. (requested by p0x21741504)\n|inactive|Time left: 300 sec this turn | 300 sec total | 60 sec grace\n|inactive|p0y21746a29 also wants the timer to be on.\n|\n|t:|1783564325\n|move|p1a: Infernape|Flare Blitz|p2a: Iron Jugulis\n|-damage|p2a: Iron Jugulis|76/271\n|-status|p2a: Iron Jugulis|brn\n|-damage|p1a: Infernape|76/100|[from] Recoil\n|move|p2a: Iron Jugulis|Hurricane|p1a: Infernape\n|-supereffective|p1a: Infernape\n|-damage|p1a: Infernape|0 fnt\n|faint|p1a: Infernape\n|\n|-damage|p2a: Iron Jugulis|60/271 brn|[from] brn\n|upkeep\n|\n|t:|1783564326\n|switch|p1a: Roaring Moon|Roaring Moon, L72|100/100\n|-enditem|p1a: Roaring Moon|Booster Energy\n|-activate|p1a: Roaring Moon|ability: Protosynthesis|[fromitem]\n|-start|p1a: Roaring Moon|protosynthesisatk\n|turn|2\n|inactive|Time left: 300 sec this turn | 300 sec total\n|\n|t:|1783564327\n|-end|p2a: Iron Jugulis|Quark Drive|[silent]\n|switch|p2a: Ninetales|Ninetales-Alola, L78, M|242/242\n|-weather|Snowscape|[from] ability: Snow Warning|[of] p2a: Ninetales\n|move|p1a: Roaring Moon|Outrage|p2a: Ninetales\n|-immune|p2a: Ninetales\n|\n|-weather|Snowscape|[upkeep]\n|upkeep\n|turn|3\n|inactive|Time left: 300 sec this turn | 300 sec total\n|\n|t:|1783564328\n|-terastallize|p1a: Roaring Moon|Steel\n|move|p2a: Ninetales|Aurora Veil|p2a: Ninetales\n|-sidestart|p2: p0y21746a29|move: Aurora Veil\n|move|p1a: Roaring Moon|Iron Head|p2a: Ninetales\n|-supereffective|p2a: Ninetales\n|-damage|p2a: Ninetales|56/242\n|\n|-weather|Snowscape|[upkeep]\n|upkeep\n|turn|4\n|inactive|Time left: 300 sec this turn | 300 sec total\n|\n|t:|1783564329\n|switch|p2a: Hydrapple|Hydrapple, L83, F|312/312\n|move|p1a: Roaring Moon|Knock Off|p2a: Hydrapple\n|-damage|p2a: Hydrapple|255/312\n|-enditem|p2a: Hydrapple|Life Orb|[from] move: Knock Off|[of] p1a: Roaring Moon\n|\n|-weather|Snowscape|[upkeep]\n|upkeep\n|turn|5\n|inactive|Time left: 300 sec this turn | 300 sec total\n|\n|t:|1783564330\n|move|p1a: Roaring Moon|Outrage|p2a: Hydrapple\n|-supereffective|p2a: Hydrapple\n|-damage|p2a: Hydrapple|119/312\n|move|p2a: Hydrapple|Nasty Plot|p2a: Hydrapple\n|-boost|p2a: Hydrapple|spa|2\n|\n|-weather|Snowscape|[upkeep]\n|upkeep\n|turn|6\n|inactive|Time left: 300 sec this turn | 300 sec total\n|\n|t:|1783564331\n|-terastallize|p2a: Hydrapple|Steel\n|move|p1a: Roaring Moon|Outrage|p2a: Hydrapple|[from] lockedmove\n|-resisted|p2a: Hydrapple\n|-damage|p2a: Hydrapple|83/312\n|-start|p1a: Roaring Moon|confusion|[fatigue]\n|move|p2a: Hydrapple|Earth Power|p1a: Roaring Moon\n|-supereffective|p1a: Roaring Moon\n|-damage|p1a: Roaring Moon|0 fnt\n|faint|p1a: Roaring Moon\n|-end|p1a: Roaring Moon|Protosynthesis|[silent]\n|\n|-weather|none\n|upkeep\n|\n|t:|1783564332\n|switch|p1a: Masquerain|Masquerain, L87, F|100/100\n|-ability|p1a: Masquerain|Intimidate|boost\n|-unboost|p2a: Hydrapple|atk|1\n|turn|7\n|inactive|Time left: 300 sec this turn | 300 sec total\n|\n|t:|1783564333\n|move|p1a: Masquerain|Sticky Web|p2a: Hydrapple\n|-sidestart|p2: p0y21746a29|move: Sticky Web\n|move|p2a: Hydrapple|Fickle Beam|p1a: Masquerain\n|-damage|p1a: Masquerain|23/100\n|\n|upkeep\n|turn|8\n|inactive|Time left: 300 sec this turn | 300 sec total\n|\n|t:|1783564334\n|move|p1a: Masquerain|Hydro Pump|p2a: Hydrapple\n|-damage|p2a: Hydrapple|41/312\n|move|p2a: Hydrapple|Fickle Beam|p1a: Masquerain\n|-damage|p1a: Masquerain|0 fnt\n|faint|p1a: Masquerain\n|\n|upkeep\n|\n|t:|1783564335\n|switch|p1a: Spectrier|Spectrier, L75|100/100\n|turn|9\n|inactive|Time left: 300 sec this turn | 300 sec total\n|\n|t:|1783564335\n|switch|p2a: Alcremie|Alcremie-Mint-Cream, L90, F|263/263\n|-activate|p2a: Alcremie|move: Sticky Web\n|-unboost|p2a: Alcremie|spe|1\n|move|p1a: Spectrier|Shadow Ball|p2a: Alcremie\n|-damage|p2a: Alcremie|227/263\n|-unboost|p2a: Alcremie|spd|1\n|\n|-heal|p2a: Alcremie|243/263|[from] item: Leftovers\n|upkeep\n|turn|10\n|inactive|Time left: 300 sec this turn | 300 sec total\n|\n|t:|1783564336\n|move|p1a: Spectrier|Nasty Plot|p1a: Spectrier\n|-boost|p1a: Spectrier|spa|2\n|move|p2a: Alcremie|Calm Mind|p2a: Alcremie\n|-boost|p2a: Alcremie|spa|1\n|-boost|p2a: Alcremie|spd|1\n|\n|-heal|p2a: Alcremie|259/263|[from] item: Leftovers\n|-sideend|p2: p0y21746a29|move: Aurora Veil\n|upkeep\n|turn|11\n|inactive|Time left: 300 sec this turn | 300 sec total\n|\n|t:|1783564337\n|move|p1a: Spectrier|Shadow Ball|p2a: Alcremie\n|-damage|p2a: Alcremie|127/263\n|-unboost|p2a: Alcremie|spd|1\n|move|p2a: Alcremie|Alluring Voice|p1a: Spectrier\n|-damage|p1a: Spectrier|29/100\n|\n|-heal|p1a: Spectrier|35/100|[from] item: Leftovers\n|-heal|p2a: Alcremie|143/263|[from] item: Leftovers\n|upkeep\n|turn|12\n|inactive|Time left: 300 sec this turn | 300 sec total\n|\n|t:|1783564339\n|switch|p2a: Ninetales|Ninetales-Alola, L78, M|56/242\n|-activate|p2a: Ninetales|move: Sticky Web\n|-unboost|p2a: Ninetales|spe|1\n|-weather|Snowscape|[from] ability: Snow Warning|[of] p2a: Ninetales\n|move|p1a: Spectrier|Shadow Ball|p2a: Ninetales\n|-damage|p2a: Ninetales|0 fnt\n|faint|p2a: Ninetales\n|-ability|p1a: Spectrier|Grim Neigh|boost\n|-boost|p1a: Spectrier|spa|1\n|\n|-weather|Snowscape|[upkeep]\n|-heal|p1a: Spectrier|41/100|[from] item: Leftovers\n|upkeep\n|inactive|Time left: 300 sec this turn | 300 sec total | 5 sec grace\n|\n|t:|1783564340\n|switch|p2a: Eiscue|Eiscue, L88, M|274/274\n|-activate|p2a: Eiscue|move: Sticky Web\n|-unboost|p2a: Eiscue|spe|1\n|turn|13\n|inactive|Time left: 300 sec this turn | 300 sec total\n|\n|t:|1783564341\n|move|p1a: Spectrier|Draining Kiss|p2a: Eiscue\n|-damage|p2a: Eiscue|173/274\n|-heal|p1a: Spectrier|69/100|[from] drain|[of] p2a: Eiscue\n|move|p2a: Eiscue|Ice Spinner|p1a: Spectrier\n|-damage|p1a: Spectrier|23/100\n|\n|-weather|Snowscape|[upkeep]\n|-heal|p1a: Spectrier|29/100|[from] item: Leftovers\n|upkeep\n|turn|14\n|inactive|Time left: 300 sec this turn | 300 sec total\n|\n|t:|1783564342\n|switch|p2a: Iron Jugulis|Iron Jugulis, L77|60/271 brn\n|move|p1a: Spectrier|Shadow Ball|p2a: Iron Jugulis\n|-resisted|p2a: Iron Jugulis\n|-damage|p2a: Iron Jugulis|0 fnt\n|faint|p2a: Iron Jugulis\n|-end|p2a: Iron Jugulis|Quark Drive|[silent]\n|-ability|p1a: Spectrier|Grim Neigh|boost\n|-boost|p1a: Spectrier|spa|1\n|\n|-weather|Snowscape|[upkeep]\n|-heal|p1a: Spectrier|36/100|[from] item: Leftovers\n|upkeep\n|inactive|Time left: 300 sec this turn | 300 sec total | 5 sec grace\n|\n|t:|1783564343\n|switch|p2a: Hydrapple|Hydrapple, L83, F, tera:Steel|145/312\n|-activate|p2a: Hydrapple|move: Sticky Web\n|-unboost|p2a: Hydrapple|spe|1\n|turn|15\n|inactive|Time left: 300 sec this turn | 300 sec total\n|\n|t:|1783564344\n|move|p1a: Spectrier|Shadow Ball|p2a: Hydrapple\n|-crit|p2a: Hydrapple\n|-damage|p2a: Hydrapple|0 fnt\n|faint|p2a: Hydrapple\n|-ability|p1a: Spectrier|Grim Neigh|boost\n|-boost|p1a: Spectrier|spa|1\n|\n|-weather|Snowscape|[upkeep]\n|-heal|p1a: Spectrier|42/100|[from] item: Leftovers\n|upkeep\n|inactive|Time left: 300 sec this turn | 300 sec total | 5 sec grace\n|\n|t:|1783564345\n|switch|p2a: Alcremie|Alcremie-Mint-Cream, L90, F|143/263\n|-activate|p2a: Alcremie|move: Sticky Web\n|-unboost|p2a: Alcremie|spe|1\n|turn|16\n|inactive|Time left: 300 sec this turn | 300 sec total\n|\n|t:|1783564346\n|move|p1a: Spectrier|Shadow Ball|p2a: Alcremie\n|-damage|p2a: Alcremie|0 fnt\n|faint|p2a: Alcremie\n|-ability|p1a: Spectrier|Grim Neigh|boost\n|-boost|p1a: Spectrier|spa|1\n|\n|-weather|none\n|-heal|p1a: Spectrier|48/100|[from] item: Leftovers\n|upkeep\n|inactive|Time left: 300 sec this turn | 300 sec total | 5 sec grace\n|\n|t:|1783564347\n|switch|p2a: Bronzong|Bronzong, L88|261/261\n|turn|17\n|inactive|Time left: 300 sec this turn | 300 sec total\n|\n|t:|1783564348\n|move|p1a: Spectrier|Shadow Ball|p2a: Bronzong\n|-supereffective|p2a: Bronzong\n|-damage|p2a: Bronzong|0 fnt\n|faint|p2a: Bronzong\n|\n|-heal|p1a: Spectrier|54/100|[from] item: Leftovers\n|upkeep\n|inactive|Time left: 300 sec this turn | 300 sec total | 5 sec grace\n|\n|t:|1783564348\n|switch|p2a: Eiscue|Eiscue, L88, M|173/274\n|-activate|p2a: Eiscue|move: Sticky Web\n|-unboost|p2a: Eiscue|spe|1\n|turn|18\n|inactive|Time left: 300 sec this turn | 300 sec total\n|\n|t:|1783564349\n|move|p1a: Spectrier|Shadow Ball|p2a: Eiscue\n|-damage|p2a: Eiscue|0 fnt\n|faint|p2a: Eiscue\n|\n|win|p0x21741504", "uploadtime": 1783564349, "views": 0, "rating": 0, "private": 0, "password": null, "_winner": "p0x21741504", "_our_name": "p0y21746a29"}