{"id": "battle-gen9randombattle-2775", "formatid": "gen9randombattle", "format": "[Gen 9] Random Battle", "players": ["p0x27752b9d", "p0y27754ca7"], "log": "|init|battle\n|title|p0x27752b9d vs. p0y27754ca7\n|j|\u2606p0x27752b9d\n|j|\u2606p0y27754ca7\n|t:|1783571970\n|gametype|singles\n|player|p1|p0x27752b9d|169|\n|player|p2|p0y27754ca7|265|\n|gen|9\n|tier|[Gen 9] Random Battle\n|rule|Species Clause: Limit one of each Pok\u00e9mon\n|rule|HP Percentage Mod: HP is shown in percentages\n|rule|Sleep Clause Mod: Limit one foe put to sleep\n|rule|Illusion Level Mod: Illusion disguises the Pok\u00e9mon's true level\n|\n|t:|1783571970\n|teamsize|p1|6\n|teamsize|p2|6\n|start\n|switch|p1a: Overqwil|Overqwil, L82, F|100/100\n|switch|p2a: Exeggutor|Exeggutor-Alola, L89, F|314/314\n|-ability|p1a: Overqwil|Intimidate|boost\n|-unboost|p2a: Exeggutor|atk|1\n|-item|p1a: Overqwil|Choice Band|[from] ability: Frisk|[of] p2a: Exeggutor\n|turn|1\n|inactive|Battle timer is ON: inactive players will automatically lose when time's up. (requested by p0y27754ca7)\n|inactive|p0x27752b9d also wants the timer to be on.\n|\n|t:|1783571971\n|switch|p2a: Bisharp|Bisharp, L79, F|232/232\n|move|p1a: Overqwil|Gunk Shot|p2a: Bisharp\n|-immune|p2a: Bisharp\n|\n|upkeep\n|turn|2\n|inactive|Time left: 300 sec this turn | 300 sec total\n|\n|t:|1783571972\n|move|p1a: Overqwil|Gunk Shot|p2a: Bisharp\n|-immune|p2a: Bisharp\n|move|p2a: Bisharp|Stealth Rock|p1a: Overqwil\n|-sidestart|p1: p0x27752b9d|move: Stealth Rock\n|\n|upkeep\n|turn|3\n|inactive|Time left: 300 sec this turn | 300 sec total\n|\n|t:|1783571973\n|move|p1a: Overqwil|Gunk Shot|p2a: Bisharp\n|-immune|p2a: Bisharp\n|move|p2a: Bisharp|Throat Chop|p1a: Overqwil\n|-resisted|p1a: Overqwil\n|-damage|p1a: Overqwil|85/100\n|-start|p1a: Overqwil|Throat Chop|[silent]\n|\n|upkeep\n|turn|4\n|inactive|Time left: 300 sec this turn | 300 sec total\n|\n|t:|1783571974\n|move|p1a: Overqwil|Gunk Shot|p2a: Bisharp\n|-immune|p2a: Bisharp\n|move|p2a: Bisharp|Iron Head|p1a: Overqwil\n|-damage|p1a: Overqwil|50/100\n|\n|-end|p1a: Overqwil|Throat Chop|[silent]\n|upkeep\n|turn|5\n|inactive|Time left: 300 sec this turn | 300 sec total\n|\n|t:|1783571975\n|move|p1a: Overqwil|Gunk Shot|p2a: Bisharp\n|-immune|p2a: Bisharp\n|move|p2a: Bisharp|Throat Chop|p1a: Overqwil\n|-resisted|p1a: Overqwil\n|-damage|p1a: Overqwil|34/100\n|-start|p1a: Overqwil|Throat Chop|[silent]\n|\n|upkeep\n|turn|6\n|inactive|Time left: 300 sec this turn | 300 sec total\n|\n|t:|1783571976\n|move|p1a: Overqwil|Gunk Shot|p2a: Bisharp\n|-immune|p2a: Bisharp\n|move|p2a: Bisharp|Iron Head|p1a: Overqwil\n|-damage|p1a: Overqwil|2/100\n|\n|-end|p1a: Overqwil|Throat Chop|[silent]\n|upkeep\n|turn|7\n|inactive|Time left: 300 sec this turn | 300 sec total\n|\n|t:|1783571977\n|move|p1a: Overqwil|Gunk Shot|p2a: Bisharp\n|-immune|p2a: Bisharp\n|move|p2a: Bisharp|Throat Chop|p1a: Overqwil\n|-resisted|p1a: Overqwil\n|-damage|p1a: Overqwil|0 fnt\n|faint|p1a: Overqwil\n|\n|upkeep\n|\n|t:|1783571977\n|switch|p1a: Thundurus|Thundurus-Therian, L80, M|100/100\n|turn|8\n|inactive|Time left: 300 sec this turn | 300 sec total\n|\n|t:|1783571979\n|switch|p2a: Mesprit|Mesprit, L85|275/275\n|move|p1a: Thundurus|Nasty Plot|p1a: Thundurus\n|-boost|p1a: Thundurus|spa|2\n|\n|upkeep\n|turn|9\n|inactive|Time left: 300 sec this turn | 300 sec total\n|\n|t:|1783571980\n|move|p1a: Thundurus|Thunderbolt|p2a: Mesprit\n|-damage|p2a: Mesprit|136/275\n|move|p2a: Mesprit|Ice Beam|p1a: Thundurus\n|-supereffective|p1a: Thundurus\n|-damage|p1a: Thundurus|34/100\n|\n|upkeep\n|turn|10\n|inactive|Time left: 300 sec this turn | 300 sec total\n|\n|t:|1783571981\n|move|p1a: Thundurus|Thunderbolt|p2a: Mesprit\n|-damage|p2a: Mesprit|0 fnt\n|faint|p2a: Mesprit\n|\n|upkeep\n|inactive|Time left: 300 sec this turn | 300 sec total | 5 sec grace\n|\n|t:|1783571982\n|switch|p2a: Espeon|Espeon, L84, F|246/246\n|turn|11\n|inactive|Time left: 300 sec this turn | 300 sec total\n|\n|t:|1783571983\n|switch|p1a: Floatzel|Floatzel, L86, F|100/100\n|-damage|p1a: Floatzel|88/100|[from] Stealth Rock\n|move|p2a: Espeon|Psychic|p1a: Floatzel\n|-damage|p1a: Floatzel|12/100\n|-damage|p2a: Espeon|222/246|[from] item: Life Orb\n|\n|upkeep\n|turn|12\n|inactive|Time left: 300 sec this turn | 300 sec total\n|\n|t:|1783571984\n|switch|p2a: Dunsparce|Dunsparce, L86, F|312/312\n|move|p1a: Floatzel|Crunch|p2a: Dunsparce\n|-damage|p2a: Dunsparce|237/312\n|\n|upkeep\n|turn|13\n|inactive|Time left: 300 sec this turn | 300 sec total\n|\n|t:|1783571985\n|move|p1a: Floatzel|Crunch|p2a: Dunsparce\n|-damage|p2a: Dunsparce|162/312\n|move|p2a: Dunsparce|Coil|p2a: Dunsparce\n|-boost|p2a: Dunsparce|atk|1\n|-boost|p2a: Dunsparce|def|1\n|-boost|p2a: Dunsparce|accuracy|1\n|\n|upkeep\n|turn|14\n|inactive|Time left: 300 sec this turn | 300 sec total\n|\n|t:|1783571986\n|move|p1a: Floatzel|Crunch|p2a: Dunsparce\n|-damage|p2a: Dunsparce|116/312\n|move|p2a: Dunsparce|Roost|p2a: Dunsparce\n|-heal|p2a: Dunsparce|272/312\n|-singleturn|p2a: Dunsparce|move: Roost\n|\n|upkeep\n|turn|15\n|inactive|Time left: 300 sec this turn | 300 sec total\n|\n|t:|1783571987\n|move|p1a: Floatzel|Crunch|p2a: Dunsparce\n|-damage|p2a: Dunsparce|221/312\n|move|p2a: Dunsparce|Coil|p2a: Dunsparce\n|-boost|p2a: Dunsparce|atk|1\n|-boost|p2a: Dunsparce|def|1\n|-boost|p2a: Dunsparce|accuracy|1\n|\n|upkeep\n|turn|16\n|inactive|Time left: 300 sec this turn | 300 sec total\n|\n|t:|1783571988\n|move|p1a: Floatzel|Crunch|p2a: Dunsparce\n|-damage|p2a: Dunsparce|184/312\n|move|p2a: Dunsparce|Body Slam|p1a: Floatzel\n|-damage|p1a: Floatzel|0 fnt\n|faint|p1a: Floatzel\n|\n|upkeep\n|\n|t:|1783571989\n|switch|p1a: Glimmora|Glimmora, L75, M|100/100\n|-damage|p1a: Glimmora|88/100|[from] Stealth Rock\n|turn|17\n|inactive|Time left: 300 sec this turn | 300 sec total\n|\n|t:|1783571990\n|move|p1a: Glimmora|Meteor Beam||[still]\n|-prepare|p1a: Glimmora|Meteor Beam\n|-boost|p1a: Glimmora|spa|1\n|-enditem|p1a: Glimmora|Power Herb\n|-anim|p1a: Glimmora|Meteor Beam|p2a: Dunsparce\n|-damage|p2a: Dunsparce|15/312\n|move|p2a: Dunsparce|Roost|p2a: Dunsparce\n|-heal|p2a: Dunsparce|171/312\n|-singleturn|p2a: Dunsparce|move: Roost\n|\n|upkeep\n|turn|18\n|inactive|Time left: 300 sec this turn | 300 sec total\n|\n|t:|1783571991\n|-terastallize|p1a: Glimmora|Grass\n|move|p1a: Glimmora|Meteor Beam||[still]\n|-prepare|p1a: Glimmora|Meteor Beam\n|-boost|p1a: Glimmora|spa|1\n|move|p2a: Dunsparce|Roost|p2a: Dunsparce\n|-heal|p2a: Dunsparce|312/312\n|-singleturn|p2a: Dunsparce|move: Roost\n|\n|upkeep\n|turn|19\n|inactive|Time left: 300 sec this turn | 300 sec total\n|\n|t:|1783571992\n|move|p1a: Glimmora|Meteor Beam|p2a: Dunsparce|[from] lockedmove\n|-damage|p2a: Dunsparce|84/312\n|move|p2a: Dunsparce|Body Slam|p1a: Glimmora\n|-damage|p1a: Glimmora|19/100\n|-status|p1a: Glimmora|par\n|-activate|p1a: Glimmora|ability: Toxic Debris\n|-sidestart|p2: p0y27754ca7|move: Toxic Spikes\n|\n|upkeep\n|turn|20\n|inactive|Time left: 300 sec this turn | 300 sec total\n|\n|t:|1783571993\n|move|p2a: Dunsparce|Roost|p2a: Dunsparce\n|-heal|p2a: Dunsparce|240/312\n|-singleturn|p2a: Dunsparce|move: Roost\n|move|p1a: Glimmora|Sludge Wave|p2a: Dunsparce\n|-damage|p2a: Dunsparce|57/312\n|\n|upkeep\n|turn|21\n|inactive|Time left: 300 sec this turn | 300 sec total\n|\n|t:|1783571994\n|move|p2a: Dunsparce|Roost|p2a: Dunsparce\n|-heal|p2a: Dunsparce|213/312\n|-singleturn|p2a: Dunsparce|move: Roost\n|move|p1a: Glimmora|Sludge Wave|p2a: Dunsparce\n|-damage|p2a: Dunsparce|50/312\n|\n|upkeep\n|turn|22\n|inactive|Time left: 300 sec this turn | 300 sec total\n|\n|t:|1783571995\n|move|p2a: Dunsparce|Roost|p2a: Dunsparce\n|-heal|p2a: Dunsparce|206/312\n|-singleturn|p2a: Dunsparce|move: Roost\n|cant|p1a: Glimmora|par\n|\n|upkeep\n|turn|23\n|inactive|Time left: 300 sec this turn | 300 sec total\n|\n|t:|1783571996\n|move|p2a: Dunsparce|Earthquake|p1a: Glimmora\n|-resisted|p1a: Glimmora\n|-damage|p1a: Glimmora|0 fnt\n|-activate|p1a: Glimmora|ability: Toxic Debris\n|-sidestart|p2: p0y27754ca7|move: Toxic Spikes\n|faint|p1a: Glimmora\n|\n|upkeep\n|\n|t:|1783571997\n|switch|p1a: Serperior|Serperior, L79, F|100/100\n|-damage|p1a: Serperior|88/100|[from] Stealth Rock\n|turn|24\n|inactive|Time left: 300 sec this turn | 300 sec total\n|\n|t:|1783571998\n|move|p1a: Serperior|Substitute|p1a: Serperior\n|-start|p1a: Serperior|Substitute\n|-damage|p1a: Serperior|63/100\n|move|p2a: Dunsparce|Body Slam|p1a: Serperior\n|-end|p1a: Serperior|Substitute\n|\n|-heal|p1a: Serperior|69/100|[from] item: Leftovers\n|upkeep\n|turn|25\n|inactive|Time left: 300 sec this turn | 300 sec total\n|\n|t:|1783571999\n|move|p1a: Serperior|Leech Seed|p2a: Dunsparce\n|-start|p2a: Dunsparce|move: Leech Seed\n|move|p2a: Dunsparce|Body Slam|p1a: Serperior\n|-damage|p1a: Serperior|12/100\n|-status|p1a: Serperior|par\n|\n|-heal|p1a: Serperior|18/100 par|[from] item: Leftovers\n|-damage|p2a: Dunsparce|167/312|[from] Leech Seed|[of] p1a: Serperior\n|-heal|p1a: Serperior|34/100 par|[silent]\n|upkeep\n|turn|26\n|inactive|Time left: 300 sec this turn | 300 sec total\n|\n|t:|1783572000\n|move|p2a: Dunsparce|Body Slam|p1a: Serperior\n|-damage|p1a: Serperior|0 fnt\n|faint|p1a: Serperior\n|\n|upkeep\n|\n|t:|1783572001\n|switch|p1a: Dipplin|Dipplin, L88, M|100/100\n|-damage|p1a: Dipplin|88/100|[from] Stealth Rock\n|turn|27\n|inactive|Time left: 300 sec this turn | 300 sec total\n|\n|t:|1783572002\n|move|p2a: Dunsparce|Body Slam|p1a: Dipplin\n|-damage|p1a: Dipplin|62/100\n|move|p1a: Dipplin|Dragon Pulse|p2a: Dunsparce\n|-damage|p2a: Dunsparce|80/312\n|\n|-damage|p2a: Dunsparce|41/312|[from] Leech Seed|[of] p1a: Dipplin\n|-heal|p1a: Dipplin|76/100|[silent]\n|upkeep\n|turn|28\n|inactive|Time left: 300 sec this turn | 300 sec total\n|\n|t:|1783572003\n|move|p2a: Dunsparce|Roost|p2a: Dunsparce\n|-heal|p2a: Dunsparce|197/312\n|-singleturn|p2a: Dunsparce|move: Roost\n|move|p1a: Dipplin|Dragon Pulse|p2a: Dunsparce\n|-damage|p2a: Dunsparce|119/312\n|\n|-damage|p2a: Dunsparce|80/312|[from] Leech Seed|[of] p1a: Dipplin\n|-heal|p1a: Dipplin|90/100|[silent]\n|upkeep\n|turn|29\n|inactive|Time left: 300 sec this turn | 300 sec total\n|\n|t:|1783572004\n|move|p2a: Dunsparce|Body Slam|p1a: Dipplin\n|-damage|p1a: Dipplin|61/100\n|-status|p1a: Dipplin|par\n|move|p1a: Dipplin|Giga Drain|p2a: Dunsparce\n|-damage|p2a: Dunsparce|8/312\n|-heal|p1a: Dipplin|74/100 par|[from] drain|[of] p2a: Dunsparce\n|\n|-damage|p2a: Dunsparce|0 fnt|[from] Leech Seed|[of] p1a: Dipplin\n|-heal|p1a: Dipplin|77/100 par|[silent]\n|faint|p2a: Dunsparce\n|upkeep\n|inactive|Time left: 300 sec this turn | 300 sec total | 5 sec grace\n|\n|t:|1783572005\n|switch|p2a: Exeggutor|Exeggutor-Alola, L89, F|314/314\n|-status|p2a: Exeggutor|tox\n|-item|p1a: Dipplin|Eviolite|[from] ability: Frisk|[of] p2a: Exeggutor\n|turn|30\n|inactive|Time left: 300 sec this turn | 300 sec total\n|\n|t:|1783572006\n|move|p2a: Exeggutor|Draco Meteor|p1a: Dipplin\n|-supereffective|p1a: Dipplin\n|-damage|p1a: Dipplin|0 fnt\n|-unboost|p2a: Exeggutor|spa|2\n|faint|p1a: Dipplin\n|\n|-damage|p2a: Exeggutor|295/314 tox|[from] psn\n|upkeep\n|\n|t:|1783572007\n|switch|p1a: Thundurus|Thundurus-Therian, L80, M|34/100\n|turn|31\n|inactive|Time left: 300 sec this turn | 300 sec total\n|\n|t:|1783572008\n|move|p1a: Thundurus|Thunderbolt|p2a: Exeggutor\n|-resisted|p2a: Exeggutor\n|-damage|p2a: Exeggutor|265/314 tox\n|move|p2a: Exeggutor|Draco Meteor|p1a: Thundurus\n|-damage|p1a: Thundurus|0 fnt\n|-unboost|p2a: Exeggutor|spa|2\n|faint|p1a: Thundurus\n|\n|win|p0y27754ca7", "uploadtime": 1783572008, "views": 0, "rating": 0, "private": 0, "password": null, "_winner": "p0y27754ca7", "_our_name": "p0y27754ca7"}