{"id": "battle-gen9randombattle-2537", "formatid": "gen9randombattle", "format": "[Gen 9] Random Battle", "players": ["p0x2537eeac", "p0y2537c2f2"], "log": "|init|battle\n|title|p0x2537eeac vs. p0y2537c2f2\n|j|\u2606p0x2537eeac\n|j|\u2606p0y2537c2f2\n|t:|1783568393\n|gametype|singles\n|player|p1|p0x2537eeac|1|\n|player|p2|p0y2537c2f2|1|\n|gen|9\n|tier|[Gen 9] Random Battle\n|rule|Species Clause: Limit one of each Pok\u00e9mon\n|rule|HP Percentage Mod: HP is shown in percentages\n|rule|Sleep Clause Mod: Limit one foe put to sleep\n|rule|Illusion Level Mod: Illusion disguises the Pok\u00e9mon's true level\n|\n|t:|1783568393\n|teamsize|p1|6\n|teamsize|p2|6\n|start\n|switch|p1a: Houndoom|Houndoom, L87, M|100/100\n|switch|p2a: Roaring Moon|Roaring Moon, L72|270/270\n|turn|1\n|inactive|Battle timer is ON: inactive players will automatically lose when time's up. (requested by p0y2537c2f2)\n|inactive|p0x2537eeac also wants the timer to be on.\n|\n|t:|1783568395\n|switch|p1a: Ninetales|Ninetales-Alola, L78, M|100/100\n|-weather|Snowscape|[from] ability: Snow Warning|[of] p1a: Ninetales\n|move|p2a: Roaring Moon|Outrage|p1a: Ninetales\n|-immune|p1a: Ninetales\n|\n|-weather|Snowscape|[upkeep]\n|upkeep\n|turn|2\n|inactive|Time left: 300 sec this turn | 300 sec total\n|\n|t:|1783568396\n|-terastallize|p2a: Roaring Moon|Steel\n|move|p1a: Ninetales|Moonblast|p2a: Roaring Moon\n|-resisted|p2a: Roaring Moon\n|-damage|p2a: Roaring Moon|231/270\n|move|p2a: Roaring Moon|Dragon Dance|p2a: Roaring Moon\n|-boost|p2a: Roaring Moon|atk|1\n|-boost|p2a: Roaring Moon|spe|1\n|\n|-weather|Snowscape|[upkeep]\n|upkeep\n|turn|3\n|inactive|Time left: 300 sec this turn | 300 sec total\n|\n|t:|1783568397\n|move|p2a: Roaring Moon|Iron Head|p1a: Ninetales\n|-supereffective|p1a: Ninetales\n|-damage|p1a: Ninetales|0 fnt\n|faint|p1a: Ninetales\n|\n|-weather|Snowscape|[upkeep]\n|upkeep\n|\n|t:|1783568398\n|switch|p1a: Mudsdale|Mudsdale, L83, F|100/100\n|turn|4\n|inactive|Time left: 300 sec this turn | 300 sec total\n|\n|t:|1783568399\n|move|p2a: Roaring Moon|Iron Head|p1a: Mudsdale\n|-damage|p1a: Mudsdale|60/100\n|-ability|p1a: Mudsdale|Stamina|boost\n|-boost|p1a: Mudsdale|def|1\n|move|p1a: Mudsdale|Earthquake|p2a: Roaring Moon\n|-supereffective|p2a: Roaring Moon\n|-damage|p2a: Roaring Moon|0 fnt\n|faint|p2a: Roaring Moon\n|-end|p2a: Roaring Moon|Protosynthesis|[silent]\n|\n|-weather|Snowscape|[upkeep]\n|-heal|p1a: Mudsdale|66/100|[from] item: Leftovers\n|upkeep\n|inactive|Time left: 300 sec this turn | 300 sec total | 5 sec grace\n|\n|t:|1783568400\n|switch|p2a: Thundurus|Thundurus-Therian, L80, M|258/258\n|turn|5\n|inactive|Time left: 300 sec this turn | 300 sec total\n|\n|t:|1783568401\n|move|p2a: Thundurus|Nasty Plot|p2a: Thundurus\n|-boost|p2a: Thundurus|spa|2\n|move|p1a: Mudsdale|Stealth Rock|p2a: Thundurus\n|-sidestart|p2: p0y2537c2f2|move: Stealth Rock\n|\n|-weather|none\n|-heal|p1a: Mudsdale|72/100|[from] item: Leftovers\n|upkeep\n|turn|6\n|inactive|Time left: 300 sec this turn | 300 sec total\n|\n|t:|1783568402\n|move|p2a: Thundurus|Focus Blast|p1a: Mudsdale|[miss]\n|-miss|p2a: Thundurus|p1a: Mudsdale\n|move|p1a: Mudsdale|Roar|p2a: Thundurus\n|drag|p2a: Corviknight|Corviknight, L80, F|288/288\n|-damage|p2a: Corviknight|252/288|[from] Stealth Rock\n|\n|-heal|p2a: Corviknight|270/288|[from] item: Leftovers\n|-heal|p1a: Mudsdale|78/100|[from] item: Leftovers\n|upkeep\n|turn|7\n|inactive|Time left: 300 sec this turn | 300 sec total\n|\n|t:|1783568403\n|move|p2a: Corviknight|Defog|p1a: Mudsdale\n|-unboost|p1a: Mudsdale|evasion|1\n|-sideend|p2: p0y2537c2f2|Stealth Rock|[from] move: Defog|[of] p2a: Corviknight\n|move|p1a: Mudsdale|Stealth Rock|p2a: Corviknight\n|-sidestart|p2: p0y2537c2f2|move: Stealth Rock\n|\n|-heal|p2a: Corviknight|288/288|[from] item: Leftovers\n|-heal|p1a: Mudsdale|84/100|[from] item: Leftovers\n|upkeep\n|turn|8\n|inactive|Time left: 300 sec this turn | 300 sec total\n|\n|t:|1783568404\n|move|p2a: Corviknight|Defog|p1a: Mudsdale\n|-unboost|p1a: Mudsdale|evasion|1\n|-sideend|p2: p0y2537c2f2|Stealth Rock|[from] move: Defog|[of] p2a: Corviknight\n|move|p1a: Mudsdale|Roar|p2a: Corviknight\n|drag|p2a: Baxcalibur|Baxcalibur, L75, F|295/295\n|\n|-heal|p1a: Mudsdale|90/100|[from] item: Leftovers\n|upkeep\n|turn|9\n|inactive|Time left: 300 sec this turn | 300 sec total\n|\n|t:|1783568406\n|switch|p2a: Corviknight|Corviknight, L80, F|288/288\n|move|p1a: Mudsdale|Heavy Slam|p2a: Corviknight\n|-resisted|p2a: Corviknight\n|-damage|p2a: Corviknight|240/288\n|\n|-heal|p2a: Corviknight|258/288|[from] item: Leftovers\n|-heal|p1a: Mudsdale|96/100|[from] item: Leftovers\n|upkeep\n|turn|10\n|inactive|Time left: 300 sec this turn | 300 sec total\n|\n|t:|1783568407\n|move|p2a: Corviknight|Brave Bird|p1a: Mudsdale\n|-damage|p1a: Mudsdale|74/100\n|-ability|p1a: Mudsdale|Stamina|boost\n|-boost|p1a: Mudsdale|def|1\n|-damage|p2a: Corviknight|236/288|[from] Recoil\n|move|p1a: Mudsdale|Heavy Slam|p2a: Corviknight\n|-resisted|p2a: Corviknight\n|-damage|p2a: Corviknight|191/288\n|\n|-heal|p2a: Corviknight|209/288|[from] item: Leftovers\n|-heal|p1a: Mudsdale|80/100|[from] item: Leftovers\n|upkeep\n|turn|11\n|inactive|Time left: 300 sec this turn | 300 sec total\n|\n|t:|1783568408\n|move|p2a: Corviknight|Body Press|p1a: Mudsdale\n|-damage|p1a: Mudsdale|71/100\n|-ability|p1a: Mudsdale|Stamina|boost\n|-boost|p1a: Mudsdale|def|1\n|move|p1a: Mudsdale|Stealth Rock|p2a: Corviknight\n|-sidestart|p2: p0y2537c2f2|move: Stealth Rock\n|\n|-heal|p2a: Corviknight|227/288|[from] item: Leftovers\n|-heal|p1a: Mudsdale|77/100|[from] item: Leftovers\n|upkeep\n|turn|12\n|inactive|Time left: 300 sec this turn | 300 sec total\n|\n|t:|1783568409\n|move|p2a: Corviknight|Defog|p1a: Mudsdale\n|-unboost|p1a: Mudsdale|evasion|1\n|-sideend|p2: p0y2537c2f2|Stealth Rock|[from] move: Defog|[of] p2a: Corviknight\n|move|p1a: Mudsdale|Roar|p2a: Corviknight\n|drag|p2a: Thundurus|Thundurus-Therian, L80, M|258/258\n|\n|-heal|p1a: Mudsdale|83/100|[from] item: Leftovers\n|upkeep\n|turn|13\n|inactive|Time left: 300 sec this turn | 300 sec total\n|\n|t:|1783568410\n|move|p2a: Thundurus|Nasty Plot|p2a: Thundurus\n|-boost|p2a: Thundurus|spa|2\n|move|p1a: Mudsdale|Stealth Rock|p2a: Thundurus\n|-sidestart|p2: p0y2537c2f2|move: Stealth Rock\n|\n|-heal|p1a: Mudsdale|89/100|[from] item: Leftovers\n|upkeep\n|turn|14\n|inactive|Time left: 300 sec this turn | 300 sec total\n|\n|t:|1783568411\n|move|p2a: Thundurus|Focus Blast|p1a: Mudsdale\n|-damage|p1a: Mudsdale|14/100\n|-ability|p1a: Mudsdale|Stamina|boost\n|-boost|p1a: Mudsdale|def|1\n|move|p1a: Mudsdale|Roar|p2a: Thundurus\n|drag|p2a: Baxcalibur|Baxcalibur, L75, F|295/295\n|-damage|p2a: Baxcalibur|222/295|[from] Stealth Rock\n|\n|-heal|p1a: Mudsdale|20/100|[from] item: Leftovers\n|upkeep\n|turn|15\n|inactive|Time left: 300 sec this turn | 300 sec total\n|\n|t:|1783568412\n|-terastallize|p1a: Mudsdale|Steel\n|move|p2a: Baxcalibur|Icicle Spear|p1a: Mudsdale\n|-resisted|p1a: Mudsdale\n|-damage|p1a: Mudsdale|18/100\n|-ability|p1a: Mudsdale|Stamina|boost\n|-boost|p1a: Mudsdale|def|1\n|-resisted|p1a: Mudsdale\n|-damage|p1a: Mudsdale|17/100\n|-ability|p1a: Mudsdale|Stamina|boost\n|-boost|p1a: Mudsdale|def|1\n|-resisted|p1a: Mudsdale\n|-damage|p1a: Mudsdale|16/100\n|-resisted|p1a: Mudsdale\n|-damage|p1a: Mudsdale|15/100\n|-resisted|p1a: Mudsdale\n|-damage|p1a: Mudsdale|14/100\n|-hitcount|p1a: Mudsdale|5\n|move|p1a: Mudsdale|Heavy Slam|p2a: Baxcalibur\n|-supereffective|p2a: Baxcalibur\n|-damage|p2a: Baxcalibur|0 fnt\n|faint|p2a: Baxcalibur\n|\n|-heal|p1a: Mudsdale|20/100|[from] item: Leftovers\n|upkeep\n|inactive|Time left: 300 sec this turn | 300 sec total | 5 sec grace\n|\n|t:|1783568413\n|switch|p2a: Thundurus|Thundurus-Therian, L80, M|258/258\n|turn|16\n|inactive|Time left: 300 sec this turn | 300 sec total\n|\n|t:|1783568414\n|move|p2a: Thundurus|Thunderbolt|p1a: Mudsdale\n|-damage|p1a: Mudsdale|0 fnt\n|faint|p1a: Mudsdale\n|\n|upkeep\n|\n|t:|1783568415\n|switch|p1a: Houndoom|Houndoom, L87, M|100/100\n|turn|17\n|inactive|Time left: 300 sec this turn | 300 sec total\n|\n|t:|1783568416\n|move|p1a: Houndoom|Nasty Plot|p1a: Houndoom\n|-boost|p1a: Houndoom|spa|2\n|move|p2a: Thundurus|Focus Blast|p1a: Houndoom|[miss]\n|-miss|p2a: Thundurus|p1a: Houndoom\n|\n|upkeep\n|turn|18\n|inactive|Time left: 300 sec this turn | 300 sec total\n|\n|t:|1783568417\n|move|p1a: Houndoom|Fire Blast|p2a: Thundurus\n|-damage|p2a: Thundurus|0 fnt\n|faint|p2a: Thundurus\n|\n|upkeep\n|inactive|Time left: 300 sec this turn | 300 sec total | 5 sec grace\n|\n|t:|1783568418\n|switch|p2a: Hatterene|Hatterene, L85, F|236/236\n|-damage|p2a: Hatterene|207/236|[from] Stealth Rock\n|turn|19\n|inactive|Time left: 300 sec this turn | 300 sec total\n|\n|t:|1783568419\n|move|p1a: Houndoom|Fire Blast|p2a: Hatterene\n|-damage|p2a: Hatterene|0 fnt\n|faint|p2a: Hatterene\n|\n|upkeep\n|inactive|Time left: 300 sec this turn | 300 sec total | 5 sec grace\n|\n|t:|1783568420\n|switch|p2a: Perrserker|Perrserker, L89, M|269/269\n|-damage|p2a: Perrserker|253/269|[from] Stealth Rock\n|turn|20\n|inactive|Time left: 300 sec this turn | 300 sec total\n|\n|t:|1783568421\n|move|p1a: Houndoom|Fire Blast|p2a: Perrserker\n|-supereffective|p2a: Perrserker\n|-damage|p2a: Perrserker|0 fnt\n|faint|p2a: Perrserker\n|\n|upkeep\n|inactive|Time left: 300 sec this turn | 300 sec total | 5 sec grace\n|\n|t:|1783568422\n|switch|p2a: Corviknight|Corviknight, L80, F|227/288\n|-damage|p2a: Corviknight|191/288|[from] Stealth Rock\n|turn|21\n|inactive|Time left: 300 sec this turn | 300 sec total\n|\n|t:|1783568423\n|move|p1a: Houndoom|Dark Pulse|p2a: Corviknight\n|-damage|p2a: Corviknight|0 fnt\n|faint|p2a: Corviknight\n|\n|win|p0x2537eeac", "uploadtime": 1783568423, "views": 0, "rating": 0, "private": 0, "password": null, "_winner": "p0x2537eeac", "_our_name": "p0y2537c2f2"}