{"id": "battle-gen9randombattle-2326", "formatid": "gen9randombattle", "format": "[Gen 9] Random Battle", "players": ["p0x2326e47a", "p0y2326b688"], "log": "|init|battle\n|title|p0x2326e47a vs. p0y2326b688\n|j|\u2606p0x2326e47a\n|j|\u2606p0y2326b688\n|t:|1783565989\n|gametype|singles\n|player|p1|p0x2326e47a|2|\n|player|p2|p0y2326b688|170|\n|gen|9\n|tier|[Gen 9] Random Battle\n|rule|Species Clause: Limit one of each Pok\u00e9mon\n|rule|HP Percentage Mod: HP is shown in percentages\n|rule|Sleep Clause Mod: Limit one foe put to sleep\n|rule|Illusion Level Mod: Illusion disguises the Pok\u00e9mon's true level\n|\n|t:|1783565989\n|teamsize|p1|6\n|teamsize|p2|6\n|start\n|switch|p1a: Charizard|Charizard, L85, F|100/100\n|switch|p2a: Cyclizar|Cyclizar, L84, F|255/255\n|turn|1\n|inactive|Battle timer is ON: inactive players will automatically lose when time's up. (requested by p0y2326b688)\n|inactive|p0x2326e47a also wants the timer to be on.\n|\n|t:|1783565990\n|move|p2a: Cyclizar|Knock Off|p1a: Charizard\n|-damage|p1a: Charizard|72/100\n|-enditem|p1a: Charizard|Heavy-Duty Boots|[from] move: Knock Off|[of] p2a: Cyclizar\n|move|p1a: Charizard|Swords Dance|p1a: Charizard\n|-boost|p1a: Charizard|atk|2\n|\n|upkeep\n|turn|2\n|inactive|Time left: 300 sec this turn | 300 sec total\n|\n|t:|1783565991\n|move|p2a: Cyclizar|Shed Tail|p2a: Cyclizar\n|-start|p2a: Cyclizar|Substitute|[from] move: Shed Tail\n|-damage|p2a: Cyclizar|127/255\n|inactive|Time left: 300 sec this turn | 300 sec total | 5 sec grace\n|\n|t:|1783565992\n|switch|p2a: Scream Tail|Scream Tail, L84|330/330|[from] Shed Tail\n|move|p1a: Charizard|Outrage|p2a: Scream Tail\n|-immune|p2a: Scream Tail\n|\n|upkeep\n|turn|3\n|inactive|Time left: 300 sec this turn | 300 sec total\n|\n|t:|1783565993\n|move|p2a: Scream Tail|Play Rough|p1a: Charizard\n|-resisted|p1a: Charizard\n|-damage|p1a: Charizard|57/100\n|move|p1a: Charizard|Swords Dance|p1a: Charizard\n|-boost|p1a: Charizard|atk|2\n|\n|upkeep\n|turn|4\n|inactive|Time left: 300 sec this turn | 300 sec total\n|\n|t:|1783565994\n|move|p2a: Scream Tail|Play Rough|p1a: Charizard\n|-resisted|p1a: Charizard\n|-damage|p1a: Charizard|43/100\n|move|p1a: Charizard|Earthquake|p2a: Scream Tail\n|-end|p2a: Scream Tail|Substitute\n|\n|upkeep\n|turn|5\n|inactive|Time left: 300 sec this turn | 300 sec total\n|\n|t:|1783565995\n|-end|p2a: Scream Tail|Protosynthesis|[silent]\n|switch|p2a: Azelf|Azelf, L82|257/257\n|move|p1a: Charizard|Earthquake|p2a: Azelf\n|-immune|p2a: Azelf|[from] ability: Levitate\n|\n|upkeep\n|turn|6\n|inactive|Time left: 300 sec this turn | 300 sec total\n|\n|t:|1783565996\n|move|p2a: Azelf|Psychic|p1a: Charizard\n|-damage|p1a: Charizard|0 fnt\n|faint|p1a: Charizard\n|-damage|p2a: Azelf|232/257|[from] item: Life Orb\n|\n|upkeep\n|\n|t:|1783565997\n|switch|p1a: Bombirdier|Bombirdier, L85, F|100/100\n|turn|7\n|inactive|Time left: 300 sec this turn | 300 sec total\n|\n|t:|1783565998\n|move|p2a: Azelf|U-turn|p1a: Bombirdier\n|-damage|p1a: Bombirdier|73/100\n|-damage|p2a: Azelf|207/257|[from] item: Life Orb\n|inactive|Time left: 300 sec this turn | 300 sec total | 5 sec grace\n|\n|t:|1783566000\n|switch|p2a: Scream Tail|Scream Tail, L84|330/330|[from] U-turn\n|move|p1a: Bombirdier|Knock Off|p2a: Scream Tail\n|-damage|p2a: Scream Tail|228/330\n|-enditem|p2a: Scream Tail|Leftovers|[from] move: Knock Off|[of] p1a: Bombirdier\n|\n|upkeep\n|turn|8\n|inactive|Time left: 300 sec this turn | 300 sec total\n|\n|t:|1783566001\n|move|p2a: Scream Tail|Play Rough|p1a: Bombirdier\n|-supereffective|p1a: Bombirdier\n|-damage|p1a: Bombirdier|14/100\n|-unboost|p1a: Bombirdier|atk|1\n|move|p1a: Bombirdier|Knock Off|p2a: Scream Tail\n|-damage|p2a: Scream Tail|183/330\n|\n|upkeep\n|turn|9\n|inactive|Time left: 300 sec this turn | 300 sec total\n|\n|t:|1783566002\n|switch|p1a: Cloyster|Cloyster, L80, F|100/100\n|move|p2a: Scream Tail|Play Rough|p1a: Cloyster\n|-damage|p1a: Cloyster|82/100\n|-unboost|p1a: Cloyster|atk|1\n|-enditem|p1a: Cloyster|White Herb\n|-clearnegativeboost|p1a: Cloyster|[silent]\n|\n|upkeep\n|turn|10\n|inactive|Time left: 300 sec this turn | 300 sec total\n|\n|t:|1783566003\n|-end|p2a: Scream Tail|Protosynthesis|[silent]\n|switch|p2a: Palkia|Palkia, L75|259/259\n|-ability|p2a: Palkia|Pressure\n|move|p1a: Cloyster|Shell Smash|p1a: Cloyster\n|-unboost|p1a: Cloyster|def|1\n|-unboost|p1a: Cloyster|spd|1\n|-boost|p1a: Cloyster|atk|2\n|-boost|p1a: Cloyster|spa|2\n|-boost|p1a: Cloyster|spe|2\n|\n|upkeep\n|turn|11\n|inactive|Time left: 300 sec this turn | 300 sec total\n|\n|t:|1783566004\n|move|p1a: Cloyster|Icicle Spear|p2a: Palkia\n|-damage|p2a: Palkia|213/259\n|-damage|p2a: Palkia|161/259\n|-crit|p2a: Palkia\n|-damage|p2a: Palkia|80/259\n|-damage|p2a: Palkia|29/259\n|-damage|p2a: Palkia|0 fnt\n|faint|p2a: Palkia\n|-hitcount|p2: Palkia|5\n|\n|upkeep\n|inactive|Time left: 300 sec this turn | 300 sec total | 5 sec grace\n|\n|t:|1783566005\n|switch|p2a: Toxapex|Toxapex, L82, F|216/216\n|turn|12\n|inactive|Time left: 300 sec this turn | 300 sec total\n|\n|t:|1783566006\n|move|p1a: Cloyster|Icicle Spear|p2a: Toxapex\n|-resisted|p2a: Toxapex\n|-damage|p2a: Toxapex|200/216\n|-resisted|p2a: Toxapex\n|-crit|p2a: Toxapex\n|-damage|p2a: Toxapex|174/216\n|-resisted|p2a: Toxapex\n|-damage|p2a: Toxapex|159/216\n|-resisted|p2a: Toxapex\n|-damage|p2a: Toxapex|144/216\n|-resisted|p2a: Toxapex\n|-damage|p2a: Toxapex|127/216\n|-hitcount|p2a: Toxapex|5\n|move|p2a: Toxapex|Haze|p2a: Toxapex\n|-clearallboost\n|\n|-heal|p2a: Toxapex|140/216|[from] item: Leftovers\n|upkeep\n|turn|13\n|inactive|Time left: 300 sec this turn | 300 sec total\n|\n|t:|1783566007\n|move|p1a: Cloyster|Shell Smash|p1a: Cloyster\n|-unboost|p1a: Cloyster|def|1\n|-unboost|p1a: Cloyster|spd|1\n|-boost|p1a: Cloyster|atk|2\n|-boost|p1a: Cloyster|spa|2\n|-boost|p1a: Cloyster|spe|2\n|move|p2a: Toxapex|Haze|p2a: Toxapex\n|-clearallboost\n|\n|-heal|p2a: Toxapex|153/216|[from] item: Leftovers\n|upkeep\n|turn|14\n|inactive|Time left: 300 sec this turn | 300 sec total\n|\n|t:|1783566008\n|move|p1a: Cloyster|Shell Smash|p1a: Cloyster\n|-unboost|p1a: Cloyster|def|1\n|-unboost|p1a: Cloyster|spd|1\n|-boost|p1a: Cloyster|atk|2\n|-boost|p1a: Cloyster|spa|2\n|-boost|p1a: Cloyster|spe|2\n|move|p2a: Toxapex|Haze|p2a: Toxapex\n|-clearallboost\n|\n|-heal|p2a: Toxapex|166/216|[from] item: Leftovers\n|upkeep\n|turn|15\n|inactive|Time left: 300 sec this turn | 300 sec total\n|\n|t:|1783566009\n|move|p1a: Cloyster|Shell Smash|p1a: Cloyster\n|-unboost|p1a: Cloyster|def|1\n|-unboost|p1a: Cloyster|spd|1\n|-boost|p1a: Cloyster|atk|2\n|-boost|p1a: Cloyster|spa|2\n|-boost|p1a: Cloyster|spe|2\n|move|p2a: Toxapex|Toxic|p1a: Cloyster\n|-status|p1a: Cloyster|tox\n|\n|-heal|p2a: Toxapex|179/216|[from] item: Leftovers\n|-damage|p1a: Cloyster|75/100 tox|[from] psn\n|upkeep\n|turn|16\n|inactive|Time left: 300 sec this turn | 300 sec total\n|\n|t:|1783566010\n|-terastallize|p1a: Cloyster|Ground\n|move|p1a: Cloyster|Drill Run|p2a: Toxapex\n|-supereffective|p2a: Toxapex\n|-crit|p2a: Toxapex\n|-damage|p2a: Toxapex|0 fnt\n|faint|p2a: Toxapex\n|\n|-damage|p1a: Cloyster|63/100 tox|[from] psn\n|upkeep\n|inactive|Time left: 300 sec this turn | 300 sec total | 5 sec grace\n|\n|t:|1783566011\n|switch|p2a: Scream Tail|Scream Tail, L84|183/330\n|turn|17\n|inactive|Time left: 300 sec this turn | 300 sec total\n|\n|t:|1783566012\n|move|p2a: Scream Tail|Protect|p2a: Scream Tail\n|-singleturn|p2a: Scream Tail|Protect\n|move|p1a: Cloyster|Icicle Spear|p2a: Scream Tail\n|-activate|p2a: Scream Tail|move: Protect\n|\n|-damage|p1a: Cloyster|45/100 tox|[from] psn\n|upkeep\n|turn|18\n|inactive|Time left: 300 sec this turn | 300 sec total\n|\n|t:|1783566013\n|move|p1a: Cloyster|Icicle Spear|p2a: Scream Tail\n|-damage|p2a: Scream Tail|137/330\n|-damage|p2a: Scream Tail|88/330\n|-damage|p2a: Scream Tail|46/330\n|-damage|p2a: Scream Tail|3/330\n|-damage|p2a: Scream Tail|0 fnt\n|faint|p2a: Scream Tail\n|-end|p2a: Scream Tail|Protosynthesis|[silent]\n|-hitcount|p2: Scream Tail|5\n|\n|-damage|p1a: Cloyster|20/100 tox|[from] psn\n|upkeep\n|inactive|Time left: 300 sec this turn | 300 sec total | 5 sec grace\n|\n|t:|1783566014\n|switch|p2a: Regice|Regice, L88|284/284\n|turn|19\n|inactive|Time left: 300 sec this turn | 300 sec total\n|\n|t:|1783566015\n|switch|p2a: Azelf|Azelf, L82|207/257\n|move|p1a: Cloyster|Rock Blast|p2a: Azelf\n|-damage|p2a: Azelf|166/257\n|-damage|p2a: Azelf|125/257\n|-damage|p2a: Azelf|87/257\n|-damage|p2a: Azelf|47/257\n|-damage|p2a: Azelf|5/257\n|-hitcount|p2a: Azelf|5\n|\n|-damage|p1a: Cloyster|0 fnt|[from] psn\n|faint|p1a: Cloyster\n|upkeep\n|\n|t:|1783566016\n|switch|p1a: Rhyperior|Rhyperior, L82, F|100/100\n|turn|20\n|inactive|Time left: 300 sec this turn | 300 sec total\n|\n|t:|1783566017\n|move|p2a: Azelf|Psychic|p1a: Rhyperior\n|-damage|p1a: Rhyperior|59/100\n|-damage|p2a: Azelf|0 fnt|[from] item: Life Orb\n|faint|p2a: Azelf\n|move|p1a: Rhyperior|Stone Edge|p2: Azelf|[notarget]\n|-fail|p1a: Rhyperior\n|\n|upkeep\n|inactive|Time left: 300 sec this turn | 300 sec total | 5 sec grace\n|\n|t:|1783566018\n|switch|p2a: Regice|Regice, L88|284/284\n|turn|21\n|inactive|Time left: 300 sec this turn | 300 sec total\n|\n|t:|1783566019\n|move|p2a: Regice|Ice Beam|p1a: Rhyperior\n|-supereffective|p1a: Rhyperior\n|-crit|p1a: Rhyperior\n|-damage|p1a: Rhyperior|0 fnt\n|faint|p1a: Rhyperior\n|\n|upkeep\n|\n|t:|1783566020\n|switch|p1a: Bombirdier|Bombirdier, L85, F|14/100\n|turn|22\n|inactive|Time left: 300 sec this turn | 300 sec total\n|\n|t:|1783566021\n|move|p1a: Bombirdier|Knock Off|p2a: Regice\n|-damage|p2a: Regice|190/284\n|-enditem|p2a: Regice|Heavy-Duty Boots|[from] move: Knock Off|[of] p1a: Bombirdier\n|move|p2a: Regice|Thunder Wave|p1a: Bombirdier\n|-status|p1a: Bombirdier|par\n|\n|upkeep\n|turn|23\n|inactive|Time left: 300 sec this turn | 300 sec total\n|\n|t:|1783566022\n|move|p2a: Regice|Ice Beam|p1a: Bombirdier\n|-supereffective|p1a: Bombirdier\n|-damage|p1a: Bombirdier|0 fnt\n|faint|p1a: Bombirdier\n|\n|upkeep\n|\n|t:|1783566023\n|switch|p1a: Blaziken|Blaziken, L76, F|100/100\n|turn|24\n|inactive|Time left: 300 sec this turn | 300 sec total\n|\n|t:|1783566024\n|-terastallize|p2a: Regice|Electric\n|move|p1a: Blaziken|Swords Dance|p1a: Blaziken\n|-boost|p1a: Blaziken|atk|2\n|move|p2a: Regice|Thunderbolt|p1a: Blaziken\n|-damage|p1a: Blaziken|45/100\n|\n|-ability|p1a: Blaziken|Speed Boost|boost\n|-boost|p1a: Blaziken|spe|1\n|upkeep\n|turn|25\n|inactive|Time left: 300 sec this turn | 300 sec total\n|\n|t:|1783566025\n|move|p1a: Blaziken|Close Combat|p2a: Regice\n|-damage|p2a: Regice|0 fnt\n|-unboost|p1a: Blaziken|def|1\n|-unboost|p1a: Blaziken|spd|1\n|faint|p2a: Regice\n|-damage|p1a: Blaziken|35/100|[from] item: Life Orb\n|\n|-ability|p1a: Blaziken|Speed Boost|boost\n|-boost|p1a: Blaziken|spe|1\n|upkeep\n|inactive|Time left: 300 sec this turn | 300 sec total | 5 sec grace\n|\n|t:|1783566026\n|switch|p2a: Cyclizar|Cyclizar, L84, F|212/255\n|turn|26\n|inactive|Time left: 300 sec this turn | 300 sec total\n|\n|t:|1783566026\n|move|p1a: Blaziken|Close Combat|p2a: Cyclizar\n|-supereffective|p2a: Cyclizar\n|-damage|p2a: Cyclizar|0 fnt\n|-unboost|p1a: Blaziken|def|1\n|-unboost|p1a: Blaziken|spd|1\n|faint|p2a: Cyclizar\n|-damage|p1a: Blaziken|25/100|[from] item: Life Orb\n|\n|win|p0x2326e47a", "uploadtime": 1783566026, "views": 0, "rating": 0, "private": 0, "password": null, "_winner": "p0x2326e47a", "_our_name": "p0y2326b688"}