{"id": "battle-gen9randombattle-2961", "formatid": "gen9randombattle", "format": "[Gen 9] Random Battle", "players": ["p0x29611f24", "p0y2961da47"], "log": "|init|battle\n|title|p0x29611f24 vs. p0y2961da47\n|j|\u2606p0x29611f24\n|j|\u2606p0y2961da47\n|t:|1783574072\n|gametype|singles\n|player|p1|p0x29611f24|2|\n|player|p2|p0y2961da47|266|\n|gen|9\n|tier|[Gen 9] Random Battle\n|rule|Species Clause: Limit one of each Pok\u00e9mon\n|rule|HP Percentage Mod: HP is shown in percentages\n|rule|Sleep Clause Mod: Limit one foe put to sleep\n|rule|Illusion Level Mod: Illusion disguises the Pok\u00e9mon's true level\n|\n|t:|1783574072\n|teamsize|p1|6\n|teamsize|p2|6\n|start\n|switch|p1a: Serperior|Serperior, L79, M|248/248\n|switch|p2a: Maushold|Maushold-Four, L76|100/100\n|turn|1\n|inactive|Battle timer is ON: inactive players will automatically lose when time's up. (requested by p0y2961da47)\n|inactive|Time left: 300 sec this turn | 300 sec total | 60 sec grace\n|inactive|p0x29611f24 also wants the timer to be on.\n|\n|t:|1783574074\n|move|p1a: Serperior|Leaf Storm|p2a: Maushold\n|-damage|p2a: Maushold|48/100\n|-boost|p1a: Serperior|spa|2\n|move|p2a: Maushold|Population Bomb|p1a: Serperior\n|-damage|p1a: Serperior|224/248\n|-damage|p1a: Serperior|203/248\n|-damage|p1a: Serperior|182/248\n|-damage|p1a: Serperior|157/248\n|-damage|p1a: Serperior|135/248\n|-damage|p1a: Serperior|111/248\n|-damage|p1a: Serperior|87/248\n|-damage|p1a: Serperior|65/248\n|-damage|p1a: Serperior|41/248\n|-damage|p1a: Serperior|19/248\n|-hitcount|p1a: Serperior|10\n|\n|-heal|p1a: Serperior|34/248|[from] item: Leftovers\n|upkeep\n|turn|2\n|inactive|Time left: 300 sec this turn | 300 sec total\n|\n|t:|1783574075\n|switch|p2a: Raikou|Raikou, L81|100/100\n|-ability|p2a: Raikou|Pressure\n|move|p1a: Serperior|Leaf Storm|p2a: Raikou\n|-damage|p2a: Raikou|33/100\n|-boost|p1a: Serperior|spa|2\n|\n|-heal|p1a: Serperior|49/248|[from] item: Leftovers\n|upkeep\n|turn|3\n|inactive|Time left: 300 sec this turn | 300 sec total\n|\n|t:|1783574076\n|switch|p1a: Gumshoos|Gumshoos, L95, F|321/321\n|move|p2a: Raikou|Volt Switch|p1a: Gumshoos\n|-crit|p1a: Gumshoos\n|-damage|p1a: Gumshoos|104/321\n|\n|t:|1783574077\n|switch|p2a: Koraidon|Koraidon, L64|100/100|[from] Volt Switch\n|-weather|SunnyDay|[from] ability: Orichalcum Pulse|[of] p2a: Koraidon\n|-activate|p2a: Koraidon|Orichalcum Pulse|[source]\n|\n|-weather|SunnyDay|[upkeep]\n|upkeep\n|turn|4\n|inactive|Time left: 300 sec this turn | 300 sec total\n|\n|t:|1783574078\n|switch|p1a: Dachsbun|Dachsbun, L92, F|254/254\n|move|p2a: Koraidon|Collision Course|p1a: Dachsbun\n|-resisted|p1a: Dachsbun\n|-damage|p1a: Dachsbun|212/254\n|\n|-weather|SunnyDay|[upkeep]\n|-heal|p1a: Dachsbun|227/254|[from] item: Leftovers\n|upkeep\n|turn|5\n|inactive|Time left: 300 sec this turn | 300 sec total\n|\n|t:|1783574079\n|switch|p2a: Golduck|Golduck, L90, M|100/100\n|-ability|p2a: Golduck|Cloud Nine\n|move|p1a: Dachsbun|Play Rough|p2a: Golduck\n|-damage|p2a: Golduck|67/100\n|\n|-weather|SunnyDay|[upkeep]\n|-heal|p1a: Dachsbun|242/254|[from] item: Leftovers\n|upkeep\n|turn|6\n|inactive|Time left: 300 sec this turn | 300 sec total\n|\n|t:|1783574080\n|move|p1a: Dachsbun|Play Rough|p2a: Golduck\n|-damage|p2a: Golduck|34/100\n|move|p2a: Golduck|Hydro Pump|p1a: Dachsbun\n|-damage|p1a: Dachsbun|77/254\n|-damage|p2a: Golduck|24/100|[from] item: Life Orb\n|\n|-weather|SunnyDay|[upkeep]\n|-heal|p1a: Dachsbun|92/254|[from] item: Leftovers\n|upkeep\n|turn|7\n|inactive|Time left: 300 sec this turn | 300 sec total\n|\n|t:|1783574081\n|move|p1a: Dachsbun|Play Rough|p2a: Golduck\n|-damage|p2a: Golduck|0 fnt\n|faint|p2a: Golduck\n|\n|-weather|none\n|-heal|p1a: Dachsbun|107/254|[from] item: Leftovers\n|upkeep\n|\n|t:|1783574082\n|switch|p2a: Raikou|Raikou, L81|33/100\n|-ability|p2a: Raikou|Pressure\n|turn|8\n|inactive|Time left: 300 sec this turn | 300 sec total\n|\n|t:|1783574083\n|switch|p1a: Giratina|Giratina, L75|349/349\n|-ability|p1a: Giratina|Pressure\n|move|p2a: Raikou|Thunderbolt|p1a: Giratina\n|-resisted|p1a: Giratina\n|-damage|p1a: Giratina|281/349\n|\n|-heal|p1a: Giratina|302/349|[from] item: Leftovers\n|upkeep\n|turn|9\n|inactive|Time left: 300 sec this turn | 300 sec total\n|\n|t:|1783574083\n|move|p2a: Raikou|Thunderbolt|p1a: Giratina\n|-resisted|p1a: Giratina\n|-damage|p1a: Giratina|230/349\n|-status|p1a: Giratina|par\n|move|p1a: Giratina|Calm Mind|p1a: Giratina\n|-boost|p1a: Giratina|spa|1\n|-boost|p1a: Giratina|spd|1\n|\n|-heal|p1a: Giratina|251/349 par|[from] item: Leftovers\n|upkeep\n|turn|10\n|inactive|Time left: 300 sec this turn | 300 sec total\n|\n|t:|1783574084\n|switch|p2a: Sylveon|Sylveon, L85, M|100/100\n|move|p1a: Giratina|Dragon Pulse|p2a: Sylveon\n|-immune|p2a: Sylveon\n|\n|-heal|p1a: Giratina|272/349 par|[from] item: Leftovers\n|upkeep\n|turn|11\n|inactive|Time left: 300 sec this turn | 300 sec total\n|\n|t:|1783574085\n|move|p2a: Sylveon|Calm Mind|p2a: Sylveon\n|-boost|p2a: Sylveon|spa|1\n|-boost|p2a: Sylveon|spd|1\n|move|p1a: Giratina|Calm Mind|p1a: Giratina\n|-boost|p1a: Giratina|spa|1\n|-boost|p1a: Giratina|spd|1\n|\n|-heal|p1a: Giratina|293/349 par|[from] item: Leftovers\n|upkeep\n|turn|12\n|inactive|Time left: 300 sec this turn | 300 sec total\n|\n|t:|1783574086\n|move|p2a: Sylveon|Hyper Voice|p1a: Giratina\n|-supereffective|p1a: Giratina\n|-damage|p1a: Giratina|125/349 par\n|move|p1a: Giratina|Rest|p1a: Giratina\n|-status|p1a: Giratina|slp|[from] move: Rest\n|-heal|p1a: Giratina|349/349 slp|[silent]\n|\n|upkeep\n|turn|13\n|inactive|Time left: 300 sec this turn | 300 sec total\n|\n|t:|1783574087\n|cant|p1a: Giratina|slp\n|move|p1a: Giratina|Sleep Talk|p1a: Giratina\n|move|p1a: Giratina|Calm Mind|p1a: Giratina|[from] move: Sleep Talk\n|-boost|p1a: Giratina|spa|1\n|-boost|p1a: Giratina|spd|1\n|move|p2a: Sylveon|Hyper Voice|p1a: Giratina\n|-supereffective|p1a: Giratina\n|-damage|p1a: Giratina|209/349 slp\n|\n|-heal|p1a: Giratina|230/349 slp|[from] item: Leftovers\n|upkeep\n|turn|14\n|inactive|Time left: 300 sec this turn | 300 sec total\n|\n|t:|1783574088\n|cant|p1a: Giratina|slp\n|move|p1a: Giratina|Sleep Talk|p1a: Giratina\n|move|p1a: Giratina|Calm Mind|p1a: Giratina|[from] move: Sleep Talk\n|-boost|p1a: Giratina|spa|1\n|-boost|p1a: Giratina|spd|1\n|move|p2a: Sylveon|Hyper Voice|p1a: Giratina\n|-supereffective|p1a: Giratina\n|-damage|p1a: Giratina|122/349 slp\n|\n|-heal|p1a: Giratina|143/349 slp|[from] item: Leftovers\n|upkeep\n|turn|15\n|inactive|Time left: 300 sec this turn | 300 sec total\n|\n|t:|1783574089\n|-curestatus|p1a: Giratina|slp|[msg]\n|move|p1a: Giratina|Rest|p1a: Giratina\n|-status|p1a: Giratina|slp|[from] move: Rest\n|-heal|p1a: Giratina|349/349 slp|[silent]\n|move|p2a: Sylveon|Calm Mind|p2a: Sylveon\n|-boost|p2a: Sylveon|spa|1\n|-boost|p2a: Sylveon|spd|1\n|\n|upkeep\n|turn|16\n|inactive|Time left: 300 sec this turn | 300 sec total\n|\n|t:|1783574090\n|cant|p1a: Giratina|slp\n|move|p2a: Sylveon|Hyper Voice|p1a: Giratina\n|-supereffective|p1a: Giratina\n|-damage|p1a: Giratina|193/349 slp\n|\n|-heal|p1a: Giratina|214/349 slp|[from] item: Leftovers\n|upkeep\n|turn|17\n|inactive|Time left: 300 sec this turn | 300 sec total\n|\n|t:|1783574091\n|cant|p1a: Giratina|slp\n|move|p2a: Sylveon|Hyper Voice|p1a: Giratina\n|-supereffective|p1a: Giratina\n|-damage|p1a: Giratina|52/349 slp\n|\n|-heal|p1a: Giratina|73/349 slp|[from] item: Leftovers\n|upkeep\n|turn|18\n|inactive|Time left: 300 sec this turn | 300 sec total\n|\n|t:|1783574092\n|-curestatus|p1a: Giratina|slp|[msg]\n|move|p1a: Giratina|Rest|p1a: Giratina\n|-status|p1a: Giratina|slp|[from] move: Rest\n|-heal|p1a: Giratina|349/349 slp|[silent]\n|move|p2a: Sylveon|Hyper Voice|p1a: Giratina\n|-supereffective|p1a: Giratina\n|-damage|p1a: Giratina|181/349 slp\n|\n|-heal|p1a: Giratina|202/349 slp|[from] item: Leftovers\n|upkeep\n|turn|19\n|inactive|Time left: 300 sec this turn | 300 sec total\n|\n|t:|1783574093\n|cant|p1a: Giratina|slp\n|move|p1a: Giratina|Sleep Talk|p1a: Giratina\n|move|p1a: Giratina|Dragon Pulse|p2a: Sylveon|[from] move: Sleep Talk\n|-immune|p2a: Sylveon\n|move|p2a: Sylveon|Hyper Voice|p1a: Giratina\n|-supereffective|p1a: Giratina\n|-damage|p1a: Giratina|62/349 slp\n|\n|-heal|p1a: Giratina|83/349 slp|[from] item: Leftovers\n|upkeep\n|turn|20\n|inactive|Time left: 300 sec this turn | 300 sec total\n|\n|t:|1783574094\n|-terastallize|p1a: Giratina|Fairy\n|cant|p1a: Giratina|slp\n|move|p2a: Sylveon|Hyper Voice|p1a: Giratina\n|-damage|p1a: Giratina|4/349 slp\n|\n|-heal|p1a: Giratina|25/349 slp|[from] item: Leftovers\n|upkeep\n|turn|21\n|inactive|Time left: 300 sec this turn | 300 sec total\n|\n|t:|1783574095\n|-curestatus|p1a: Giratina|slp|[msg]\n|move|p1a: Giratina|Rest|p1a: Giratina\n|-status|p1a: Giratina|slp|[from] move: Rest\n|-heal|p1a: Giratina|349/349 slp|[silent]\n|move|p2a: Sylveon|Calm Mind|p2a: Sylveon\n|-boost|p2a: Sylveon|spa|1\n|-boost|p2a: Sylveon|spd|1\n|\n|upkeep\n|turn|22\n|inactive|Time left: 300 sec this turn | 300 sec total\n|\n|t:|1783574096\n|cant|p1a: Giratina|slp\n|move|p1a: Giratina|Sleep Talk|p1a: Giratina\n|move|p1a: Giratina|Rest||[from] move: Sleep Talk|[still]\n|-fail|p1a: Giratina\n|move|p2a: Sylveon|Calm Mind|p2a: Sylveon\n|-boost|p2a: Sylveon|spa|1\n|-boost|p2a: Sylveon|spd|1\n|\n|upkeep\n|turn|23\n|inactive|Time left: 300 sec this turn | 300 sec total\n|\n|t:|1783574097\n|cant|p1a: Giratina|slp\n|move|p2a: Sylveon|Wish|p2a: Sylveon\n|\n|upkeep\n|turn|24\n|inactive|Time left: 300 sec this turn | 300 sec total\n|\n|t:|1783574098\n|move|p2a: Sylveon|Protect|p2a: Sylveon\n|-singleturn|p2a: Sylveon|Protect\n|-curestatus|p1a: Giratina|slp|[msg]\n|move|p1a: Giratina|Calm Mind|p1a: Giratina\n|-boost|p1a: Giratina|spa|1\n|-boost|p1a: Giratina|spd|1\n|\n|upkeep\n|turn|25\n|inactive|Time left: 300 sec this turn | 300 sec total\n|\n|t:|1783574099\n|move|p1a: Giratina|Dragon Pulse|p2a: Sylveon\n|-immune|p2a: Sylveon\n|move|p2a: Sylveon|Calm Mind|p2a: Sylveon\n|-boost|p2a: Sylveon|spa|1\n|-boost|p2a: Sylveon|spd|1\n|\n|upkeep\n|turn|26\n|inactive|Time left: 300 sec this turn | 300 sec total\n|\n|t:|1783574100\n|move|p1a: Giratina|Dragon Pulse|p2a: Sylveon\n|-immune|p2a: Sylveon\n|move|p2a: Sylveon|Wish|p2a: Sylveon\n|\n|upkeep\n|turn|27\n|inactive|Time left: 300 sec this turn | 300 sec total\n|\n|t:|1783574101\n|move|p2a: Sylveon|Protect|p2a: Sylveon\n|-singleturn|p2a: Sylveon|Protect\n|move|p1a: Giratina|Dragon Pulse|p2a: Sylveon\n|-activate|p2a: Sylveon|move: Protect\n|\n|upkeep\n|turn|28\n|inactive|Time left: 300 sec this turn | 300 sec total\n|\n|t:|1783574102\n|move|p2a: Sylveon|Protect||[still]\n|-fail|p2a: Sylveon\n|move|p1a: Giratina|Sleep Talk||[still]\n|-fail|p1a: Giratina\n|\n|upkeep\n|turn|29\n|inactive|Time left: 300 sec this turn | 300 sec total\n|\n|t:|1783574103\n|move|p1a: Giratina|Sleep Talk||[still]\n|-fail|p1a: Giratina\n|move|p2a: Sylveon|Wish|p2a: Sylveon\n|\n|upkeep\n|turn|30\n|inactive|Time left: 300 sec this turn | 300 sec total\n|\n|t:|1783574104\n|move|p1a: Giratina|Calm Mind|p1a: Giratina\n|-boost|p1a: Giratina|spa|1\n|-boost|p1a: Giratina|spd|1\n|move|p2a: Sylveon|Calm Mind|p2a: Sylveon\n|-boost|p2a: Sylveon|spa|1\n|-boost|p2a: Sylveon|spd|1\n|\n|upkeep\n|turn|31\n|inactive|Time left: 300 sec this turn | 300 sec total\n|\n|t:|1783574105\n|move|p1a: Giratina|Dragon Pulse|p2a: Sylveon\n|-immune|p2a: Sylveon\n|move|p2a: Sylveon|Calm Mind|p2a: Sylveon\n|-boost|p2a: Sylveon|spa|0\n|-boost|p2a: Sylveon|spd|0\n|\n|upkeep\n|turn|32\n|inactive|Time left: 300 sec this turn | 300 sec total\n|\n|t:|1783574106\n|move|p1a: Giratina|Calm Mind|p1a: Giratina\n|-boost|p1a: Giratina|spa|0\n|-boost|p1a: Giratina|spd|0\n|move|p2a: Sylveon|Wish|p2a: Sylveon\n|\n|upkeep\n|turn|33\n|inactive|Time left: 300 sec this turn | 300 sec total\n|\n|t:|1783574107\n|move|p1a: Giratina|Dragon Pulse|p2a: Sylveon\n|-immune|p2a: Sylveon\n|move|p2a: Sylveon|Calm Mind|p2a: Sylveon\n|-boost|p2a: Sylveon|spa|0\n|-boost|p2a: Sylveon|spd|0\n|\n|upkeep\n|turn|34\n|inactive|Time left: 300 sec this turn | 300 sec total\n|\n|t:|1783574108\n|move|p1a: Giratina|Dragon Pulse|p2a: Sylveon\n|-immune|p2a: Sylveon\n|move|p2a: Sylveon|Calm Mind|p2a: Sylveon\n|-boost|p2a: Sylveon|spa|0\n|-boost|p2a: Sylveon|spd|0\n|\n|upkeep\n|turn|35\n|inactive|Time left: 300 sec this turn | 300 sec total\n|\n|t:|1783574109\n|move|p1a: Giratina|Dragon Pulse|p2a: Sylveon\n|-immune|p2a: Sylveon\n|move|p2a: Sylveon|Wish|p2a: Sylveon\n|\n|upkeep\n|turn|36\n|inactive|Time left: 300 sec this turn | 300 sec total\n|\n|t:|1783574110\n|move|p1a: Giratina|Dragon Pulse|p2a: Sylveon\n|-immune|p2a: Sylveon\n|move|p2a: Sylveon|Wish||[still]\n|-fail|p2a: Sylveon\n|\n|upkeep\n|turn|37\n|inactive|Time left: 300 sec this turn | 300 sec total\n|\n|t:|1783574111\n|move|p2a: Sylveon|Protect|p2a: Sylveon\n|-singleturn|p2a: Sylveon|Protect\n|move|p1a: Giratina|Dragon Pulse|p2a: Sylveon\n|-activate|p2a: Sylveon|move: Protect\n|\n|upkeep\n|turn|38\n|inactive|Time left: 300 sec this turn | 300 sec total\n|\n|t:|1783574111\n|move|p1a: Giratina|Calm Mind|p1a: Giratina\n|-boost|p1a: Giratina|spa|0\n|-boost|p1a: Giratina|spd|0\n|move|p2a: Sylveon|Calm Mind|p2a: Sylveon\n|-boost|p2a: Sylveon|spa|0\n|-boost|p2a: Sylveon|spd|0\n|\n|upkeep\n|turn|39\n|inactive|Time left: 300 sec this turn | 300 sec total\n|\n|t:|1783574112\n|move|p1a: Giratina|Dragon Pulse|p2a: Sylveon\n|-immune|p2a: Sylveon\n|move|p2a: Sylveon|Wish|p2a: Sylveon\n|\n|upkeep\n|turn|40\n|inactive|Time left: 300 sec this turn | 300 sec total\n|\n|t:|1783574114\n|move|p1a: Giratina|Dragon Pulse|p2a: Sylveon\n|-immune|p2a: Sylveon\n|move|p2a: Sylveon|Calm Mind|p2a: Sylveon\n|-boost|p2a: Sylveon|spa|0\n|-boost|p2a: Sylveon|spd|0\n|\n|upkeep\n|turn|41\n|inactive|Time left: 300 sec this turn | 300 sec total\n|\n|t:|1783574115\n|move|p1a: Giratina|Dragon Pulse|p2a: Sylveon\n|-immune|p2a: Sylveon\n|move|p2a: Sylveon|Calm Mind|p2a: Sylveon\n|-boost|p2a: Sylveon|spa|0\n|-boost|p2a: Sylveon|spd|0\n|\n|upkeep\n|turn|42\n|inactive|Time left: 300 sec this turn | 300 sec total\n|\n|t:|1783574116\n|move|p2a: Sylveon|Protect|p2a: Sylveon\n|-singleturn|p2a: Sylveon|Protect\n|move|p1a: Giratina|Sleep Talk||[still]\n|-fail|p1a: Giratina\n|\n|upkeep\n|turn|43\n|inactive|Time left: 300 sec this turn | 300 sec total\n|\n|t:|1783574117\n|move|p2a: Sylveon|Protect|p2a: Sylveon\n|-singleturn|p2a: Sylveon|Protect\n|move|p1a: Giratina|Dragon Pulse|p2a: Sylveon\n|-activate|p2a: Sylveon|move: Protect\n|\n|upkeep\n|turn|44\n|inactive|Time left: 300 sec this turn | 300 sec total\n|\n|t:|1783574117\n|move|p2a: Sylveon|Protect||[still]\n|-fail|p2a: Sylveon\n|move|p1a: Giratina|Dragon Pulse|p2a: Sylveon\n|-immune|p2a: Sylveon\n|\n|upkeep\n|turn|45\n|inactive|Time left: 300 sec this turn | 300 sec total\n|\n|t:|1783574118\n|move|p1a: Giratina|Calm Mind|p1a: Giratina\n|-boost|p1a: Giratina|spa|0\n|-boost|p1a: Giratina|spd|0\n|move|p2a: Sylveon|Wish|p2a: Sylveon\n|\n|upkeep\n|turn|46\n|inactive|Time left: 300 sec this turn | 300 sec total\n|\n|t:|1783574119\n|move|p2a: Sylveon|Protect|p2a: Sylveon\n|-singleturn|p2a: Sylveon|Protect\n|move|p1a: Giratina|Calm Mind|p1a: Giratina\n|-boost|p1a: Giratina|spa|0\n|-boost|p1a: Giratina|spd|0\n|\n|upkeep\n|turn|47\n|inactive|Time left: 300 sec this turn | 300 sec total\n|\n|t:|1783574120\n|move|p1a: Giratina|Dragon Pulse|p2a: Sylveon\n|-immune|p2a: Sylveon\n|move|p2a: Sylveon|Calm Mind|p2a: Sylveon\n|-boost|p2a: Sylveon|spa|0\n|-boost|p2a: Sylveon|spd|0\n|\n|upkeep\n|turn|48\n|inactive|Time left: 300 sec this turn | 300 sec total\n|\n|t:|1783574121\n|move|p1a: Giratina|Sleep Talk||[still]\n|-fail|p1a: Giratina\n|move|p2a: Sylveon|Wish|p2a: Sylveon\n|\n|upkeep\n|turn|49\n|inactive|Time left: 300 sec this turn | 300 sec total\n|\n|t:|1783574122\n|move|p1a: Giratina|Sleep Talk||[still]\n|-fail|p1a: Giratina\n|move|p2a: Sylveon|Wish||[still]\n|-fail|p2a: Sylveon\n|\n|upkeep\n|turn|50\n|inactive|Time left: 300 sec this turn | 300 sec total\n|\n|t:|1783574124\n|move|p1a: Giratina|Calm Mind|p1a: Giratina\n|-boost|p1a: Giratina|spa|0\n|-boost|p1a: Giratina|spd|0\n|move|p2a: Sylveon|Calm Mind|p2a: Sylveon\n|-boost|p2a: Sylveon|spa|0\n|-boost|p2a: Sylveon|spd|0\n|\n|upkeep\n|turn|51\n|inactive|Time left: 300 sec this turn | 300 sec total\n|\n|t:|1783574125\n|move|p1a: Giratina|Calm Mind|p1a: Giratina\n|-boost|p1a: Giratina|spa|0\n|-boost|p1a: Giratina|spd|0\n|move|p2a: Sylveon|Wish|p2a: Sylveon\n|\n|upkeep\n|turn|52\n|inactive|Time left: 300 sec this turn | 300 sec total\n|\n|t:|1783574126\n|move|p2a: Sylveon|Protect|p2a: Sylveon\n|-singleturn|p2a: Sylveon|Protect\n|move|p1a: Giratina|Sleep Talk||[still]\n|-fail|p1a: Giratina\n|\n|upkeep\n|turn|53\n|inactive|Time left: 300 sec this turn | 300 sec total\n|\n|t:|1783574127\n|move|p1a: Giratina|Calm Mind|p1a: Giratina\n|-boost|p1a: Giratina|spa|0\n|-boost|p1a: Giratina|spd|0\n|move|p2a: Sylveon|Calm Mind|p2a: Sylveon\n|-boost|p2a: Sylveon|spa|0\n|-boost|p2a: Sylveon|spd|0\n|\n|upkeep\n|turn|54\n|inactive|Time left: 300 sec this turn | 300 sec total\n|\n|t:|1783574128\n|move|p1a: Giratina|Sleep Talk||[still]\n|-fail|p1a: Giratina\n|move|p2a: Sylveon|Calm Mind|p2a: Sylveon\n|-boost|p2a: Sylveon|spa|0\n|-boost|p2a: Sylveon|spd|0\n|\n|upkeep\n|turn|55\n|inactive|Time left: 300 sec this turn | 300 sec total\n|\n|t:|1783574129\n|move|p1a: Giratina|Rest|p1a: Giratina\n|-fail|p1a: Giratina|heal\n|move|p2a: Sylveon|Calm Mind|p2a: Sylveon\n|-boost|p2a: Sylveon|spa|0\n|-boost|p2a: Sylveon|spd|0\n|\n|upkeep\n|turn|56\n|inactive|Time left: 300 sec this turn | 300 sec total\n|\n|t:|1783574130\n|move|p1a: Giratina|Calm Mind|p1a: Giratina\n|-boost|p1a: Giratina|spa|0\n|-boost|p1a: Giratina|spd|0\n|move|p2a: Sylveon|Wish|p2a: Sylveon\n|\n|upkeep\n|turn|57\n|inactive|Time left: 300 sec this turn | 300 sec total\n|\n|t:|1783574131\n|move|p1a: Giratina|Rest|p1a: Giratina\n|-fail|p1a: Giratina|heal\n|move|p2a: Sylveon|Calm Mind|p2a: Sylveon\n|-boost|p2a: Sylveon|spa|0\n|-boost|p2a: Sylveon|spd|0\n|\n|upkeep\n|turn|58\n|inactive|Time left: 300 sec this turn | 300 sec total\n|\n|t:|1783574132\n|move|p2a: Sylveon|Protect|p2a: Sylveon\n|-singleturn|p2a: Sylveon|Protect\n|move|p1a: Giratina|Sleep Talk||[still]\n|-fail|p1a: Giratina\n|\n|upkeep\n|turn|59\n|inactive|Time left: 300 sec this turn | 300 sec total\n|\n|t:|1783574133\n|move|p2a: Sylveon|Protect||[still]\n|-fail|p2a: Sylveon\n|move|p1a: Giratina|Sleep Talk||[still]\n|-fail|p1a: Giratina\n|\n|upkeep\n|turn|60\n|inactive|Time left: 300 sec this turn | 300 sec total\n|\n|t:|1783574134\n|move|p2a: Sylveon|Protect|p2a: Sylveon\n|-singleturn|p2a: Sylveon|Protect\n|move|p1a: Giratina|Rest|p1a: Giratina\n|-fail|p1a: Giratina|heal\n|\n|upkeep\n|turn|61\n|inactive|Time left: 300 sec this turn | 300 sec total\n|\n|t:|1783574135\n|move|p1a: Giratina|Calm Mind|p1a: Giratina\n|-boost|p1a: Giratina|spa|0\n|-boost|p1a: Giratina|spd|0\n|move|p2a: Sylveon|Wish|p2a: Sylveon\n|\n|upkeep\n|turn|62\n|inactive|Time left: 300 sec this turn | 300 sec total\n|\n|t:|1783574136\n|move|p1a: Giratina|Calm Mind|p1a: Giratina\n|-boost|p1a: Giratina|spa|0\n|-boost|p1a: Giratina|spd|0\n|move|p2a: Sylveon|Wish||[still]\n|-fail|p2a: Sylveon\n|\n|upkeep\n|turn|63\n|inactive|Time left: 300 sec this turn | 300 sec total\n|\n|t:|1783574137\n|move|p2a: Sylveon|Protect|p2a: Sylveon\n|-singleturn|p2a: Sylveon|Protect\n|move|p1a: Giratina|Calm Mind|p1a: Giratina\n|-boost|p1a: Giratina|spa|0\n|-boost|p1a: Giratina|spd|0\n|\n|upkeep\n|turn|64\n|inactive|Time left: 300 sec this turn | 300 sec total\n|\n|t:|1783574138\n|move|p1a: Giratina|Calm Mind|p1a: Giratina\n|-boost|p1a: Giratina|spa|0\n|-boost|p1a: Giratina|spd|0\n|move|p2a: Sylveon|Calm Mind|p2a: Sylveon\n|-boost|p2a: Sylveon|spa|0\n|-boost|p2a: Sylveon|spd|0\n|\n|upkeep\n|turn|65\n|inactive|Time left: 300 sec this turn | 300 sec total\n|\n|t:|1783574139\n|move|p2a: Sylveon|Protect|p2a: Sylveon\n|-singleturn|p2a: Sylveon|Protect\n|move|p1a: Giratina|Calm Mind|p1a: Giratina\n|-boost|p1a: Giratina|spa|0\n|-boost|p1a: Giratina|spd|0\n|\n|upkeep\n|turn|66\n|inactive|Time left: 300 sec this turn | 300 sec total\n|\n|t:|1783574140\n|move|p1a: Giratina|Calm Mind|p1a: Giratina\n|-boost|p1a: Giratina|spa|0\n|-boost|p1a: Giratina|spd|0\n|move|p2a: Sylveon|Wish|p2a: Sylveon\n|\n|upkeep\n|turn|67\n|inactive|Time left: 300 sec this turn | 300 sec total\n|\n|t:|1783574141\n|move|p1a: Giratina|Sleep Talk||[still]\n|-fail|p1a: Giratina\n|move|p2a: Sylveon|Calm Mind|p2a: Sylveon\n|-boost|p2a: Sylveon|spa|0\n|-boost|p2a: Sylveon|spd|0\n|\n|upkeep\n|turn|68\n|inactive|Time left: 300 sec this turn | 300 sec total\n|\n|t:|1783574142\n|move|p2a: Sylveon|Protect|p2a: Sylveon\n|-singleturn|p2a: Sylveon|Protect\n|move|p1a: Giratina|Sleep Talk||[still]\n|-fail|p1a: Giratina\n|\n|upkeep\n|turn|69\n|inactive|Time left: 300 sec this turn | 300 sec total\n|\n|t:|1783574143\n|move|p1a: Giratina|Calm Mind|p1a: Giratina\n|-boost|p1a: Giratina|spa|0\n|-boost|p1a: Giratina|spd|0\n|move|p2a: Sylveon|Calm Mind|p2a: Sylveon\n|-boost|p2a: Sylveon|spa|0\n|-boost|p2a: Sylveon|spd|0\n|\n|upkeep\n|turn|70\n|inactive|Time left: 300 sec this turn | 300 sec total\n|\n|t:|1783574144\n|move|p1a: Giratina|Calm Mind|p1a: Giratina\n|-boost|p1a: Giratina|spa|0\n|-boost|p1a: Giratina|spd|0\n|move|p2a: Sylveon|Calm Mind|p2a: Sylveon\n|-boost|p2a: Sylveon|spa|0\n|-boost|p2a: Sylveon|spd|0\n|\n|upkeep\n|turn|71\n|inactive|Time left: 300 sec this turn | 300 sec total\n|\n|t:|1783574145\n|move|p1a: Giratina|Calm Mind|p1a: Giratina\n|-boost|p1a: Giratina|spa|0\n|-boost|p1a: Giratina|spd|0\n|move|p2a: Sylveon|Wish|p2a: Sylveon\n|\n|upkeep\n|turn|72\n|inactive|Time left: 300 sec this turn | 300 sec total\n|\n|t:|1783574146\n|switch|p2a: Raikou|Raikou, L81|33/100\n|-ability|p2a: Raikou|Pressure\n|move|p1a: Giratina|Calm Mind|p1a: Giratina\n|-boost|p1a: Giratina|spa|0\n|-boost|p1a: Giratina|spd|0\n|\n|-heal|p2a: Raikou|87/100|[from] move: Wish|[wisher] Sylveon\n|upkeep\n|turn|73\n|inactive|Time left: 300 sec this turn | 300 sec total\n|\n|t:|1783574147\n|move|p2a: Raikou|Thunderbolt|p1a: Giratina\n|-damage|p1a: Giratina|316/349\n|move|p1a: Giratina|Calm Mind|p1a: Giratina\n|-boost|p1a: Giratina|spa|0\n|-boost|p1a: Giratina|spd|0\n|\n|-heal|p1a: Giratina|337/349|[from] item: Leftovers\n|upkeep\n|turn|74\n|inactive|Time left: 300 sec this turn | 300 sec total\n|\n|t:|1783574148\n|move|p2a: Raikou|Thunderbolt|p1a: Giratina\n|-damage|p1a: Giratina|301/349\n|move|p1a: Giratina|Calm Mind|p1a: Giratina\n|-boost|p1a: Giratina|spa|0\n|-boost|p1a: Giratina|spd|0\n|\n|-heal|p1a: Giratina|322/349|[from] item: Leftovers\n|upkeep\n|turn|75\n|inactive|Time left: 300 sec this turn | 300 sec total\n|\n|t:|1783574148\n|move|p2a: Raikou|Thunderbolt|p1a: Giratina\n|-damage|p1a: Giratina|291/349\n|move|p1a: Giratina|Calm Mind|p1a: Giratina\n|-boost|p1a: Giratina|spa|0\n|-boost|p1a: Giratina|spd|0\n|\n|-heal|p1a: Giratina|312/349|[from] item: Leftovers\n|upkeep\n|turn|76\n|inactive|Time left: 300 sec this turn | 300 sec total\n|\n|t:|1783574149\n|move|p2a: Raikou|Thunderbolt|p1a: Giratina\n|-damage|p1a: Giratina|278/349\n|move|p1a: Giratina|Calm Mind|p1a: Giratina\n|-boost|p1a: Giratina|spa|0\n|-boost|p1a: Giratina|spd|0\n|\n|-heal|p1a: Giratina|299/349|[from] item: Leftovers\n|upkeep\n|turn|77\n|inactive|Time left: 300 sec this turn | 300 sec total\n|\n|t:|1783574150\n|move|p2a: Raikou|Thunderbolt|p1a: Giratina\n|-damage|p1a: Giratina|262/349\n|-status|p1a: Giratina|par\n|move|p1a: Giratina|Calm Mind|p1a: Giratina\n|-boost|p1a: Giratina|spa|0\n|-boost|p1a: Giratina|spd|0\n|\n|-heal|p1a: Giratina|283/349 par|[from] item: Leftovers\n|upkeep\n|turn|78\n|inactive|Time left: 300 sec this turn | 300 sec total\n|\n|t:|1783574150\n|move|p2a: Raikou|Thunderbolt|p1a: Giratina\n|-damage|p1a: Giratina|250/349 par\n|move|p1a: Giratina|Calm Mind|p1a: Giratina\n|-boost|p1a: Giratina|spa|0\n|-boost|p1a: Giratina|spd|0\n|\n|-heal|p1a: Giratina|271/349 par|[from] item: Leftovers\n|upkeep\n|turn|79\n|inactive|Time left: 300 sec this turn | 300 sec total\n|\n|t:|1783574151\n|move|p2a: Raikou|Thunderbolt|p1a: Giratina\n|-damage|p1a: Giratina|240/349 par\n|move|p1a: Giratina|Calm Mind|p1a: Giratina\n|-boost|p1a: Giratina|spa|0\n|-boost|p1a: Giratina|spd|0\n|\n|-heal|p1a: Giratina|261/349 par|[from] item: Leftovers\n|upkeep\n|turn|80\n|inactive|Time left: 300 sec this turn | 300 sec total\n|\n|t:|1783574152\n|move|p2a: Raikou|Thunderbolt|p1a: Giratina\n|-damage|p1a: Giratina|225/349 par\n|move|p1a: Giratina|Rest|p1a: Giratina\n|-status|p1a: Giratina|slp|[from] move: Rest\n|-heal|p1a: Giratina|349/349 slp|[silent]\n|\n|upkeep\n|turn|81\n|inactive|Time left: 300 sec this turn | 300 sec total\n|\n|t:|1783574152\n|move|p2a: Raikou|Thunderbolt|p1a: Giratina\n|-damage|p1a: Giratina|315/349 slp\n|cant|p1a: Giratina|slp\n|move|p1a: Giratina|Sleep Talk|p1a: Giratina\n|move|p1a: Giratina|Calm Mind|p1a: Giratina|[from] move: Sleep Talk\n|-boost|p1a: Giratina|spa|0\n|-boost|p1a: Giratina|spd|0\n|\n|-heal|p1a: Giratina|336/349 slp|[from] item: Leftovers\n|upkeep\n|turn|82\n|inactive|Time left: 300 sec this turn | 300 sec total\n|\n|t:|1783574153\n|move|p2a: Raikou|Thunderbolt|p1a: Giratina\n|-damage|p1a: Giratina|305/349 slp\n|cant|p1a: Giratina|slp\n|\n|-heal|p1a: Giratina|326/349 slp|[from] item: Leftovers\n|upkeep\n|turn|83\n|inactive|Time left: 300 sec this turn | 300 sec total\n|\n|t:|1783574154\n|switch|p2a: Hariyama|Hariyama, L87, F|100/100\n|-curestatus|p1a: Giratina|slp|[msg]\n|move|p1a: Giratina|Calm Mind|p1a: Giratina\n|-boost|p1a: Giratina|spa|0\n|-boost|p1a: Giratina|spd|0\n|\n|-heal|p1a: Giratina|347/349|[from] item: Leftovers\n|upkeep\n|turn|84\n|inactive|Time left: 300 sec this turn | 300 sec total\n|\n|t:|1783574155\n|switch|p1a: Oricorio|Oricorio, L84, M|263/263\n|move|p2a: Hariyama|Heavy Slam|p1a: Oricorio\n|-resisted|p1a: Oricorio\n|-damage|p1a: Oricorio|203/263\n|\n|upkeep\n|turn|85\n|inactive|Time left: 300 sec this turn | 300 sec total\n|\n|t:|1783574156\n|move|p1a: Oricorio|Quiver Dance|p1a: Oricorio\n|-boost|p1a: Oricorio|spa|1\n|-boost|p1a: Oricorio|spd|1\n|-boost|p1a: Oricorio|spe|1\n|move|p2a: Hariyama|Knock Off|p1a: Oricorio\n|-damage|p1a: Oricorio|95/263\n|-enditem|p1a: Oricorio|Heavy-Duty Boots|[from] move: Knock Off|[of] p2a: Hariyama\n|\n|upkeep\n|turn|86\n|inactive|Time left: 300 sec this turn | 300 sec total\n|\n|t:|1783574157\n|move|p1a: Oricorio|Hurricane|p2a: Hariyama\n|-supereffective|p2a: Hariyama\n|-damage|p2a: Hariyama|31/100\n|move|p2a: Hariyama|Close Combat|p1a: Oricorio\n|-resisted|p1a: Oricorio\n|-damage|p1a: Oricorio|4/263\n|-unboost|p2a: Hariyama|def|1\n|-unboost|p2a: Hariyama|spd|1\n|\n|upkeep\n|turn|87\n|inactive|Time left: 300 sec this turn | 300 sec total\n|\n|t:|1783574157\n|move|p2a: Hariyama|Bullet Punch|p1a: Oricorio\n|-resisted|p1a: Oricorio\n|-damage|p1a: Oricorio|0 fnt\n|faint|p1a: Oricorio\n|\n|upkeep\n|inactive|Time left: 300 sec this turn | 300 sec total | 5 sec grace\n|\n|t:|1783574158\n|switch|p1a: Haxorus|Haxorus, L77, F|244/244\n|-ability|p1a: Haxorus|Mold Breaker\n|turn|88\n|inactive|Time left: 300 sec this turn | 300 sec total\n|\n|t:|1783574159\n|switch|p2a: Sylveon|Sylveon, L85, M|100/100\n|move|p1a: Haxorus|Outrage|p2a: Sylveon\n|-immune|p2a: Sylveon\n|\n|upkeep\n|turn|89\n|inactive|Time left: 300 sec this turn | 300 sec total\n|\n|t:|1783574160\n|move|p1a: Haxorus|Outrage|p2a: Sylveon\n|-immune|p2a: Sylveon\n|move|p2a: Sylveon|Calm Mind|p2a: Sylveon\n|-boost|p2a: Sylveon|spa|1\n|-boost|p2a: Sylveon|spd|1\n|\n|upkeep\n|turn|90\n|inactive|Time left: 300 sec this turn | 300 sec total\n|\n|t:|1783574161\n|move|p1a: Haxorus|Outrage|p2a: Sylveon\n|-immune|p2a: Sylveon\n|move|p2a: Sylveon|Calm Mind|p2a: Sylveon\n|-boost|p2a: Sylveon|spa|1\n|-boost|p2a: Sylveon|spd|1\n|\n|upkeep\n|turn|91\n|inactive|Time left: 300 sec this turn | 300 sec total\n|\n|t:|1783574162\n|switch|p2a: Hariyama|Hariyama, L87, F|31/100\n|move|p1a: Haxorus|Dragon Dance|p1a: Haxorus\n|-boost|p1a: Haxorus|atk|1\n|-boost|p1a: Haxorus|spe|1\n|\n|upkeep\n|turn|92\n|inactive|Time left: 300 sec this turn | 300 sec total\n|\n|t:|1783574163\n|move|p1a: Haxorus|Outrage|p2a: Hariyama\n|-damage|p2a: Hariyama|0 fnt\n|faint|p2a: Hariyama\n|\n|upkeep\n|\n|t:|1783574164\n|switch|p2a: Koraidon|Koraidon, L64|100/100\n|-weather|SunnyDay|[from] ability: Orichalcum Pulse|[of] p2a: Koraidon\n|-activate|p2a: Koraidon|Orichalcum Pulse|[source]\n|turn|93\n|inactive|Time left: 300 sec this turn | 300 sec total\n|\n|t:|1783574165\n|-terastallize|p2a: Koraidon|Fire\n|move|p1a: Haxorus|Outrage|p2a: Koraidon|[from] lockedmove\n|-damage|p2a: Koraidon|0 fnt\n|faint|p2a: Koraidon\n|\n|-weather|SunnyDay|[upkeep]\n|upkeep\n|\n|t:|1783574167\n|switch|p2a: Raikou|Raikou, L81|87/100\n|-ability|p2a: Raikou|Pressure\n|turn|94\n|inactive|Time left: 300 sec this turn | 300 sec total\n|\n|t:|1783574168\n|switch|p2a: Maushold|Maushold-Four, L76|48/100\n|move|p1a: Haxorus|Outrage|p2a: Maushold|[from] lockedmove\n|-damage|p2a: Maushold|0 fnt\n|faint|p2a: Maushold\n|-start|p1a: Haxorus|confusion|[fatigue]\n|-enditem|p1a: Haxorus|Lum Berry|[eat]\n|-end|p1a: Haxorus|confusion\n|\n|-weather|SunnyDay|[upkeep]\n|upkeep\n|\n|t:|1783574168\n|switch|p2a: Raikou|Raikou, L81|87/100\n|-ability|p2a: Raikou|Pressure\n|turn|95\n|inactive|Time left: 300 sec this turn | 300 sec total\n|\n|t:|1783574169\n|switch|p2a: Sylveon|Sylveon, L85, M|100/100\n|move|p1a: Haxorus|Outrage|p2a: Sylveon\n|-immune|p2a: Sylveon\n|\n|-weather|SunnyDay|[upkeep]\n|upkeep\n|turn|96\n|inactive|Time left: 300 sec this turn | 300 sec total\n|\n|t:|1783574170\n|move|p1a: Haxorus|Outrage|p2a: Sylveon\n|-immune|p2a: Sylveon\n|move|p2a: Sylveon|Calm Mind|p2a: Sylveon\n|-boost|p2a: Sylveon|spa|1\n|-boost|p2a: Sylveon|spd|1\n|\n|-weather|SunnyDay|[upkeep]\n|upkeep\n|turn|97\n|inactive|Time left: 300 sec this turn | 300 sec total\n|\n|t:|1783574171\n|move|p1a: Haxorus|Outrage|p2a: Sylveon\n|-immune|p2a: Sylveon\n|move|p2a: Sylveon|Calm Mind|p2a: Sylveon\n|-boost|p2a: Sylveon|spa|1\n|-boost|p2a: Sylveon|spd|1\n|\n|-weather|none\n|upkeep\n|turn|98\n|inactive|Time left: 300 sec this turn | 300 sec total\n|\n|t:|1783574172\n|move|p2a: Sylveon|Protect|p2a: Sylveon\n|-singleturn|p2a: Sylveon|Protect\n|move|p1a: Haxorus|Outrage|p2a: Sylveon\n|-activate|p2a: Sylveon|move: Protect\n|\n|upkeep\n|turn|99\n|inactive|Time left: 300 sec this turn | 300 sec total\n|\n|t:|1783574173\n|move|p1a: Haxorus|Dragon Dance|p1a: Haxorus\n|-boost|p1a: Haxorus|atk|1\n|-boost|p1a: Haxorus|spe|1\n|move|p2a: Sylveon|Calm Mind|p2a: Sylveon\n|-boost|p2a: Sylveon|spa|1\n|-boost|p2a: Sylveon|spd|1\n|\n|upkeep\n|turn|100\n|inactive|Time left: 300 sec this turn | 300 sec total\n|\n|t:|1783574174\n|switch|p2a: Raikou|Raikou, L81|87/100\n|-ability|p2a: Raikou|Pressure\n|move|p1a: Haxorus|Close Combat|p2a: Raikou\n|-damage|p2a: Raikou|8/100\n|-unboost|p1a: Haxorus|def|1\n|-unboost|p1a: Haxorus|spd|1\n|\n|upkeep\n|turn|101\n|inactive|Time left: 300 sec this turn | 300 sec total\n|\n|t:|1783574175\n|move|p1a: Haxorus|Iron Head|p2a: Raikou\n|-resisted|p2a: Raikou\n|-damage|p2a: Raikou|0 fnt\n|faint|p2a: Raikou\n|\n|upkeep\n|\n|t:|1783574176\n|switch|p2a: Sylveon|Sylveon, L85, M|100/100\n|turn|102\n|inactive|Time left: 300 sec this turn | 300 sec total\n|\n|t:|1783574177\n|move|p1a: Haxorus|Iron Head|p2a: Sylveon\n|-supereffective|p2a: Sylveon\n|-damage|p2a: Sylveon|0 fnt\n|faint|p2a: Sylveon\n|\n|win|p0x29611f24", "uploadtime": 1783574177, "views": 0, "rating": 0, "private": 0, "password": null, "_winner": "p0x29611f24", "_our_name": "p0x29611f24"}