{"id": "battle-gen9randombattle-250", "formatid": "gen9randombattle", "format": "[Gen 9] Random Battle", "players": ["p0x25066ac", "p0y250ea6c"], "log": "|init|battle\n|title|p0x25066ac vs. p0y250ea6c\n|j|\u2606p0x25066ac\n|j|\u2606p0y250ea6c\n|t:|1783541995\n|gametype|singles\n|player|p1|p0x25066ac|170|\n|player|p2|p0y250ea6c|102|\n|gen|9\n|tier|[Gen 9] Random Battle\n|rule|Species Clause: Limit one of each Pok\u00e9mon\n|rule|HP Percentage Mod: HP is shown in percentages\n|rule|Sleep Clause Mod: Limit one foe put to sleep\n|rule|Illusion Level Mod: Illusion disguises the Pok\u00e9mon's true level\n|\n|t:|1783541995\n|teamsize|p1|6\n|teamsize|p2|6\n|start\n|switch|p1a: Zangoose|Zangoose, L85, F|263/263\n|switch|p2a: Meloetta|Meloetta, L82|100/100\n|turn|1\n|inactive|Battle timer is ON: inactive players will automatically lose when time's up. (requested by p0y250ea6c)\n|inactive|Time left: 300 sec this turn | 300 sec total | 60 sec grace\n|inactive|p0x25066ac also wants the timer to be on.\n|\n|t:|1783541996\n|move|p1a: Zangoose|Knock Off|p2a: Meloetta\n|-supereffective|p2a: Meloetta\n|-damage|p2a: Meloetta|43/100\n|-enditem|p2a: Meloetta|Life Orb|[from] move: Knock Off|[of] p1a: Zangoose\n|move|p2a: Meloetta|Relic Song|p1a: Zangoose\n|-damage|p1a: Zangoose|139/263\n|-formechange|p2a: Meloetta|Meloetta-Pirouette|[msg]\n|\n|-status|p1a: Zangoose|tox|[from] item: Toxic Orb\n|upkeep\n|turn|2\n|inactive|Time left: 300 sec this turn | 300 sec total\n|\n|t:|1783541998\n|switch|p1a: Skeledirge|Skeledirge, L79, M|294/294\n|move|p2a: Meloetta|Close Combat|p1a: Skeledirge\n|-immune|p1a: Skeledirge\n|\n|upkeep\n|turn|3\n|inactive|Time left: 300 sec this turn | 300 sec total\n|\n|t:|1783541999\n|move|p2a: Meloetta|Knock Off|p1a: Skeledirge\n|-supereffective|p1a: Skeledirge\n|-damage|p1a: Skeledirge|150/294\n|-enditem|p1a: Skeledirge|Heavy-Duty Boots|[from] move: Knock Off|[of] p2a: Meloetta\n|move|p1a: Skeledirge|Torch Song|p2a: Meloetta\n|-damage|p2a: Meloetta|14/100\n|-boost|p1a: Skeledirge|spa|1\n|\n|upkeep\n|turn|4\n|inactive|Time left: 300 sec this turn | 300 sec total\n|\n|t:|1783542000\n|move|p2a: Meloetta|Knock Off|p1a: Skeledirge\n|-supereffective|p1a: Skeledirge\n|-damage|p1a: Skeledirge|54/294\n|move|p1a: Skeledirge|Slack Off|p1a: Skeledirge\n|-heal|p1a: Skeledirge|201/294\n|\n|upkeep\n|turn|5\n|inactive|Time left: 300 sec this turn | 300 sec total\n|\n|t:|1783542001\n|move|p2a: Meloetta|Knock Off|p1a: Skeledirge\n|-supereffective|p1a: Skeledirge\n|-damage|p1a: Skeledirge|103/294\n|move|p1a: Skeledirge|Torch Song|p2a: Meloetta\n|-damage|p2a: Meloetta|0 fnt\n|-boost|p1a: Skeledirge|spa|1\n|faint|p2a: Meloetta\n|\n|upkeep\n|\n|t:|1783542002\n|switch|p2a: Dragonite|Dragonite, L74, M|100/100\n|turn|6\n|inactive|Time left: 300 sec this turn | 300 sec total\n|\n|t:|1783542003\n|move|p2a: Dragonite|Earthquake|p1a: Skeledirge\n|-supereffective|p1a: Skeledirge\n|-damage|p1a: Skeledirge|0 fnt\n|faint|p1a: Skeledirge\n|\n|upkeep\n|inactive|Time left: 300 sec this turn | 300 sec total | 5 sec grace\n|\n|t:|1783542004\n|switch|p1a: Cloyster|Cloyster, L80, M|211/211\n|turn|7\n|inactive|Time left: 300 sec this turn | 300 sec total\n|\n|t:|1783542005\n|-terastallize|p2a: Dragonite|Steel\n|move|p2a: Dragonite|Outrage|p1a: Cloyster\n|-damage|p1a: Cloyster|135/211\n|move|p1a: Cloyster|Shell Smash|p1a: Cloyster\n|-unboost|p1a: Cloyster|def|1\n|-unboost|p1a: Cloyster|spd|1\n|-boost|p1a: Cloyster|atk|2\n|-boost|p1a: Cloyster|spa|2\n|-boost|p1a: Cloyster|spe|2\n|-enditem|p1a: Cloyster|White Herb\n|-clearnegativeboost|p1a: Cloyster|[silent]\n|\n|upkeep\n|turn|8\n|inactive|Time left: 300 sec this turn | 300 sec total\n|\n|t:|1783542006\n|-terastallize|p1a: Cloyster|Ice\n|move|p1a: Cloyster|Icicle Spear|p2a: Dragonite\n|-resisted|p2a: Dragonite\n|-damage|p2a: Dragonite|93/100\n|-resisted|p2a: Dragonite\n|-damage|p2a: Dragonite|80/100\n|-resisted|p2a: Dragonite\n|-damage|p2a: Dragonite|67/100\n|-resisted|p2a: Dragonite\n|-damage|p2a: Dragonite|53/100\n|-resisted|p2a: Dragonite\n|-damage|p2a: Dragonite|39/100\n|-hitcount|p2a: Dragonite|5\n|move|p2a: Dragonite|Outrage|p1a: Cloyster|[from] lockedmove\n|-damage|p1a: Cloyster|56/211\n|-start|p2a: Dragonite|confusion|[fatigue]\n|\n|upkeep\n|turn|9\n|inactive|Time left: 300 sec this turn | 300 sec total\n|\n|t:|1783542007\n|move|p1a: Cloyster|Icicle Spear|p2a: Dragonite\n|-resisted|p2a: Dragonite\n|-damage|p2a: Dragonite|25/100\n|-resisted|p2a: Dragonite\n|-damage|p2a: Dragonite|12/100\n|-resisted|p2a: Dragonite\n|-crit|p2a: Dragonite\n|-damage|p2a: Dragonite|0 fnt\n|faint|p2a: Dragonite\n|-hitcount|p2: Dragonite|3\n|\n|upkeep\n|\n|t:|1783542008\n|switch|p2a: Arbok|Arbok, L87, F|100/100\n|-ability|p2a: Arbok|Intimidate|boost\n|-unboost|p1a: Cloyster|atk|1\n|turn|10\n|inactive|Time left: 300 sec this turn | 300 sec total\n|\n|t:|1783542009\n|switch|p2a: Ceruledge|Ceruledge, L78, F|100/100\n|move|p1a: Cloyster|Icicle Spear|p2a: Ceruledge\n|-resisted|p2a: Ceruledge\n|-damage|p2a: Ceruledge|88/100\n|-ability|p2a: Ceruledge|Weak Armor|boost\n|-unboost|p2a: Ceruledge|def|1\n|-boost|p2a: Ceruledge|spe|2\n|-resisted|p2a: Ceruledge\n|-damage|p2a: Ceruledge|72/100\n|-ability|p2a: Ceruledge|Weak Armor|boost\n|-unboost|p2a: Ceruledge|def|1\n|-boost|p2a: Ceruledge|spe|2\n|-resisted|p2a: Ceruledge\n|-damage|p2a: Ceruledge|49/100\n|-ability|p2a: Ceruledge|Weak Armor|boost\n|-unboost|p2a: Ceruledge|def|1\n|-boost|p2a: Ceruledge|spe|2\n|-resisted|p2a: Ceruledge\n|-damage|p2a: Ceruledge|23/100\n|-ability|p2a: Ceruledge|Weak Armor|boost\n|-unboost|p2a: Ceruledge|def|1\n|-resisted|p2a: Ceruledge\n|-damage|p2a: Ceruledge|0 fnt\n|faint|p2a: Ceruledge\n|-hitcount|p2: Ceruledge|5\n|\n|upkeep\n|\n|t:|1783542010\n|switch|p2a: Arbok|Arbok, L87, F|100/100\n|-ability|p2a: Arbok|Intimidate|boost\n|-unboost|p1a: Cloyster|atk|1\n|turn|11\n|inactive|Time left: 300 sec this turn | 300 sec total\n|\n|t:|1783542010\n|move|p1a: Cloyster|Icicle Spear|p2a: Arbok\n|-damage|p2a: Arbok|86/100\n|-damage|p2a: Arbok|70/100\n|-damage|p2a: Arbok|56/100\n|-damage|p2a: Arbok|40/100\n|-damage|p2a: Arbok|26/100\n|-hitcount|p2a: Arbok|5\n|move|p2a: Arbok|Gunk Shot|p1a: Cloyster\n|-damage|p1a: Cloyster|0 fnt\n|faint|p1a: Cloyster\n|\n|-heal|p2a: Arbok|32/100|[from] item: Leftovers\n|upkeep\n|inactive|Time left: 300 sec this turn | 300 sec total | 5 sec grace\n|\n|t:|1783542011\n|switch|p1a: Oricorio|Oricorio, L84, M|263/263\n|turn|12\n|inactive|Time left: 300 sec this turn | 300 sec total\n|\n|t:|1783542012\n|move|p1a: Oricorio|Quiver Dance|p1a: Oricorio\n|-boost|p1a: Oricorio|spa|1\n|-boost|p1a: Oricorio|spd|1\n|-boost|p1a: Oricorio|spe|1\n|move|p2a: Arbok|Gunk Shot|p1a: Oricorio\n|-damage|p1a: Oricorio|98/263\n|-status|p1a: Oricorio|psn\n|\n|-heal|p2a: Arbok|38/100|[from] item: Leftovers\n|-damage|p1a: Oricorio|66/263 psn|[from] psn\n|upkeep\n|turn|13\n|inactive|Time left: 300 sec this turn | 300 sec total\n|\n|t:|1783542013\n|move|p1a: Oricorio|Revelation Dance|p2a: Arbok\n|-damage|p2a: Arbok|0 fnt\n|faint|p2a: Arbok\n|\n|-damage|p1a: Oricorio|34/263 psn|[from] psn\n|upkeep\n|\n|t:|1783542014\n|switch|p2a: Palossand|Palossand, L89, F|100/100\n|turn|14\n|inactive|Time left: 300 sec this turn | 300 sec total\n|\n|t:|1783542015\n|move|p1a: Oricorio|Roost|p1a: Oricorio\n|-heal|p1a: Oricorio|166/263 psn\n|-singleturn|p1a: Oricorio|move: Roost\n|move|p2a: Palossand|Sludge Bomb|p1a: Oricorio\n|-damage|p1a: Oricorio|112/263 psn\n|\n|-damage|p1a: Oricorio|80/263 psn|[from] psn\n|upkeep\n|turn|15\n|inactive|Time left: 300 sec this turn | 300 sec total\n|\n|t:|1783542016\n|move|p1a: Oricorio|Roost|p1a: Oricorio\n|-heal|p1a: Oricorio|212/263 psn\n|-singleturn|p1a: Oricorio|move: Roost\n|move|p2a: Palossand|Shadow Ball|p1a: Oricorio\n|-damage|p1a: Oricorio|137/263 psn\n|\n|-damage|p1a: Oricorio|105/263 psn|[from] psn\n|upkeep\n|turn|16\n|inactive|Time left: 300 sec this turn | 300 sec total\n|\n|t:|1783542017\n|move|p1a: Oricorio|Revelation Dance|p2a: Palossand\n|-damage|p2a: Palossand|47/100\n|move|p2a: Palossand|Shadow Ball|p1a: Oricorio\n|-damage|p1a: Oricorio|33/263 psn\n|\n|-heal|p2a: Palossand|54/100|[from] item: Leftovers\n|-damage|p1a: Oricorio|1/263 psn|[from] psn\n|upkeep\n|turn|17\n|inactive|Time left: 300 sec this turn | 300 sec total\n|\n|t:|1783542018\n|move|p1a: Oricorio|Hurricane|p2a: Palossand\n|-damage|p2a: Palossand|0 fnt\n|faint|p2a: Palossand\n|\n|-damage|p1a: Oricorio|0 fnt|[from] psn\n|faint|p1a: Oricorio\n|upkeep\n|inactive|Time left: 300 sec this turn | 300 sec total | 5 sec grace\n|\n|t:|1783542019\n|switch|p1a: Walking Wake|Walking Wake, L79|286/286\n|switch|p2a: Excadrill|Excadrill, L79, F|100/100\n|-ability|p2a: Excadrill|Mold Breaker\n|turn|18\n|inactive|Time left: 300 sec this turn | 300 sec total\n|\n|t:|1783542020\n|move|p1a: Walking Wake|Hydro Pump|p2a: Excadrill\n|-supereffective|p2a: Excadrill\n|-damage|p2a: Excadrill|0 fnt\n|faint|p2a: Excadrill\n|\n|win|p0x25066ac", "uploadtime": 1783542020, "views": 0, "rating": 0, "private": 0, "password": null, "_winner": "p0x25066ac", "_our_name": "p0x25066ac"}