{"id": "battle-gen9randombattle-530", "formatid": "gen9randombattle", "format": "[Gen 9] Random Battle", "players": ["p0x5307021", "p0y5302960"], "log": "|init|battle\n|title|p0x5307021 vs. p0y5302960\n|j|\u2606p0x5307021\n|j|\u2606p0y5302960\n|t:|1783545196\n|gametype|singles\n|player|p1|p0x5307021|101|\n|player|p2|p0y5302960|266|\n|gen|9\n|tier|[Gen 9] Random Battle\n|rule|Species Clause: Limit one of each Pok\u00e9mon\n|rule|HP Percentage Mod: HP is shown in percentages\n|rule|Sleep Clause Mod: Limit one foe put to sleep\n|rule|Illusion Level Mod: Illusion disguises the Pok\u00e9mon's true level\n|\n|t:|1783545196\n|teamsize|p1|6\n|teamsize|p2|6\n|start\n|switch|p1a: Flareon|Flareon, L90, F|100/100\n|switch|p2a: Minior|Minior, L79|224/224\n|-formechange|p2a: Minior|Minior-Meteor||[from] ability: Shields Down\n|turn|1\n|inactive|Battle timer is ON: inactive players will automatically lose when time's up. (requested by p0x5307021)\n|inactive|Time left: 300 sec this turn | 300 sec total | 60 sec grace\n|inactive|p0y5302960 also wants the timer to be on.\n|\n|t:|1783545198\n|move|p1a: Flareon|Flare Blitz|p2a: Minior\n|-resisted|p2a: Minior\n|-damage|p2a: Minior|137/224\n|-damage|p1a: Flareon|89/100|[from] Recoil\n|move|p2a: Minior|Shell Smash|p2a: Minior\n|-unboost|p2a: Minior|def|1\n|-unboost|p2a: Minior|spd|1\n|-boost|p2a: Minior|atk|2\n|-boost|p2a: Minior|spa|2\n|-boost|p2a: Minior|spe|2\n|-enditem|p2a: Minior|White Herb\n|-clearnegativeboost|p2a: Minior|[silent]\n|\n|-status|p1a: Flareon|tox|[from] item: Toxic Orb\n|upkeep\n|turn|2\n|inactive|Time left: 300 sec this turn | 300 sec total\n|\n|t:|1783545199\n|-terastallize|p1a: Flareon|Normal\n|move|p2a: Minior|Acrobatics|p1a: Flareon\n|-damage|p1a: Flareon|26/100 tox\n|move|p1a: Flareon|Facade|p2a: Minior\n|-resisted|p2a: Minior\n|-damage|p2a: Minior|0 fnt\n|faint|p2a: Minior\n|\n|-damage|p1a: Flareon|20/100 tox|[from] psn\n|upkeep\n|inactive|Time left: 300 sec this turn | 300 sec total | 5 sec grace\n|\n|t:|1783545200\n|switch|p2a: Zamazenta|Zamazenta-Crowned, L68|238/238\n|-ability|p2a: Zamazenta|Dauntless Shield|boost\n|-boost|p2a: Zamazenta|def|1\n|turn|3\n|inactive|Time left: 300 sec this turn | 300 sec total\n|\n|t:|1783545201\n|switch|p1a: Vaporeon|Vaporeon, L86, M|100/100\n|move|p2a: Zamazenta|Stone Edge|p1a: Vaporeon\n|-damage|p1a: Vaporeon|82/100\n|\n|-heal|p1a: Vaporeon|88/100|[from] item: Leftovers\n|upkeep\n|turn|4\n|inactive|Time left: 300 sec this turn | 300 sec total\n|\n|t:|1783545202\n|move|p2a: Zamazenta|Body Press|p1a: Vaporeon\n|-damage|p1a: Vaporeon|50/100\n|move|p1a: Vaporeon|Scald|p2a: Zamazenta\n|-damage|p2a: Zamazenta|153/238\n|\n|-heal|p1a: Vaporeon|56/100|[from] item: Leftovers\n|upkeep\n|turn|5\n|inactive|Time left: 300 sec this turn | 300 sec total\n|\n|t:|1783545203\n|move|p2a: Zamazenta|Body Press|p1a: Vaporeon\n|-damage|p1a: Vaporeon|18/100\n|move|p1a: Vaporeon|Scald|p2a: Zamazenta\n|-damage|p2a: Zamazenta|66/238\n|-status|p2a: Zamazenta|brn\n|\n|-heal|p1a: Vaporeon|24/100|[from] item: Leftovers\n|-damage|p2a: Zamazenta|52/238 brn|[from] brn\n|upkeep\n|turn|6\n|inactive|Time left: 300 sec this turn | 300 sec total\n|\n|t:|1783545204\n|move|p2a: Zamazenta|Iron Defense|p2a: Zamazenta\n|-boost|p2a: Zamazenta|def|2\n|move|p1a: Vaporeon|Ice Beam|p2a: Zamazenta\n|-resisted|p2a: Zamazenta\n|-damage|p2a: Zamazenta|19/238 brn\n|\n|-heal|p1a: Vaporeon|30/100|[from] item: Leftovers\n|-damage|p2a: Zamazenta|5/238 brn|[from] brn\n|upkeep\n|turn|7\n|inactive|Time left: 300 sec this turn | 300 sec total\n|\n|t:|1783545205\n|move|p1a: Vaporeon|Protect|p1a: Vaporeon\n|-singleturn|p1a: Vaporeon|Protect\n|move|p2a: Zamazenta|Body Press|p1a: Vaporeon\n|-activate|p1a: Vaporeon|move: Protect\n|\n|-heal|p1a: Vaporeon|36/100|[from] item: Leftovers\n|-damage|p2a: Zamazenta|0 fnt|[from] brn\n|faint|p2a: Zamazenta\n|upkeep\n|inactive|Time left: 300 sec this turn | 300 sec total | 5 sec grace\n|\n|t:|1783545206\n|switch|p2a: Pawmot|Pawmot, L80, F|243/243\n|turn|8\n|inactive|Time left: 300 sec this turn | 300 sec total\n|\n|t:|1783545208\n|switch|p1a: Rillaboom|Rillaboom, L79, F|100/100\n|-fieldstart|move: Grassy Terrain|[from] ability: Grassy Surge|[of] p1a: Rillaboom\n|move|p2a: Pawmot|Double Shock|p1a: Rillaboom\n|-resisted|p1a: Rillaboom\n|-damage|p1a: Rillaboom|72/100\n|-start|p2a: Pawmot|typechange|???/Fighting|[from] move: Double Shock\n|-damage|p2a: Pawmot|219/243|[from] item: Life Orb\n|\n|-heal|p2a: Pawmot|234/243|[from] Grassy Terrain\n|-heal|p1a: Rillaboom|78/100|[from] Grassy Terrain\n|upkeep\n|turn|9\n|inactive|Time left: 300 sec this turn | 300 sec total\n|\n|t:|1783545209\n|move|p2a: Pawmot|Ice Punch|p1a: Rillaboom\n|-supereffective|p1a: Rillaboom\n|-damage|p1a: Rillaboom|15/100\n|-damage|p2a: Pawmot|210/243|[from] item: Life Orb\n|move|p1a: Rillaboom|Wood Hammer|p2a: Pawmot\n|-damage|p2a: Pawmot|0 fnt\n|faint|p2a: Pawmot\n|-damage|p1a: Rillaboom|0 fnt|[from] Recoil\n|faint|p1a: Rillaboom\n|\n|upkeep\n|inactive|Time left: 300 sec this turn | 300 sec total | 5 sec grace\n|\n|t:|1783545210\n|switch|p2a: Espeon|Espeon, L84, M|246/246\n|switch|p1a: Cloyster|Cloyster, L80, M|100/100\n|turn|10\n|inactive|Time left: 300 sec this turn | 300 sec total\n|\n|t:|1783545211\n|-terastallize|p2a: Espeon|Fairy\n|move|p2a: Espeon|Alluring Voice|p1a: Cloyster\n|-damage|p1a: Cloyster|0 fnt\n|faint|p1a: Cloyster\n|-damage|p2a: Espeon|222/246|[from] item: Life Orb\n|\n|-heal|p2a: Espeon|237/246|[from] Grassy Terrain\n|upkeep\n|\n|t:|1783545212\n|switch|p1a: Vaporeon|Vaporeon, L86, M|36/100\n|turn|11\n|inactive|Time left: 300 sec this turn | 300 sec total\n|\n|t:|1783545213\n|move|p1a: Vaporeon|Protect|p1a: Vaporeon\n|-singleturn|p1a: Vaporeon|Protect\n|move|p2a: Espeon|Psyshock|p1a: Vaporeon\n|-activate|p1a: Vaporeon|move: Protect\n|\n|-heal|p2a: Espeon|246/246|[from] Grassy Terrain\n|-heal|p1a: Vaporeon|42/100|[from] Grassy Terrain\n|-heal|p1a: Vaporeon|48/100|[from] item: Leftovers\n|upkeep\n|turn|12\n|inactive|Time left: 300 sec this turn | 300 sec total\n|\n|t:|1783545214\n|move|p2a: Espeon|Psyshock|p1a: Vaporeon\n|-damage|p1a: Vaporeon|0 fnt\n|faint|p1a: Vaporeon\n|-damage|p2a: Espeon|222/246|[from] item: Life Orb\n|\n|-heal|p2a: Espeon|237/246|[from] Grassy Terrain\n|-fieldend|move: Grassy Terrain\n|upkeep\n|\n|t:|1783545215\n|switch|p1a: Flareon|Flareon, L90, F, tera:Normal|20/100 tox\n|turn|13\n|inactive|Time left: 300 sec this turn | 300 sec total\n|\n|t:|1783545216\n|move|p2a: Espeon|Psyshock|p1a: Flareon\n|-damage|p1a: Flareon|0 fnt\n|faint|p1a: Flareon\n|-damage|p2a: Espeon|213/246|[from] item: Life Orb\n|\n|upkeep\n|\n|t:|1783545217\n|switch|p1a: Malamar|Malamar, L82, F|100/100\n|turn|14\n|inactive|Time left: 300 sec this turn | 300 sec total\n|\n|t:|1783545218\n|move|p2a: Espeon|Alluring Voice|p1a: Malamar\n|-supereffective|p1a: Malamar\n|-crit|p1a: Malamar\n|-damage|p1a: Malamar|0 fnt\n|faint|p1a: Malamar\n|-damage|p2a: Espeon|189/246|[from] item: Life Orb\n|\n|upkeep\n|\n|t:|1783545219\n|switch|p1a: Grimmsnarl|Grimmsnarl, L83, M|100/100\n|turn|15\n|inactive|Time left: 300 sec this turn | 300 sec total\n|\n|t:|1783545220\n|move|p1a: Grimmsnarl|Taunt|p2a: Espeon\n|move|p2a: Espeon|Taunt|p1a: Grimmsnarl|[from] ability: Magic Bounce\n|-start|p1a: Grimmsnarl|move: Taunt\n|move|p2a: Espeon|Alluring Voice|p1a: Grimmsnarl\n|-supereffective|p1a: Grimmsnarl\n|-damage|p1a: Grimmsnarl|0 fnt\n|faint|p1a: Grimmsnarl\n|-damage|p2a: Espeon|165/246|[from] item: Life Orb\n|\n|win|p0y5302960", "uploadtime": 1783545220, "views": 0, "rating": 0, "private": 0, "password": null, "_winner": "p0y5302960", "_our_name": "p0y5302960"}