{"id": "battle-gen9randombattle-155", "formatid": "gen9randombattle", "format": "[Gen 9] Random Battle", "players": ["p0x15566ad", "p0y155493e"], "log": "|init|battle\n|title|p0x15566ad vs. p0y155493e\n|j|\u2606p0x15566ad\n|j|\u2606p0y155493e\n|t:|1783540947\n|gametype|singles\n|player|p1|p0x15566ad|102|\n|player|p2|p0y155493e|170|\n|gen|9\n|tier|[Gen 9] Random Battle\n|rule|Species Clause: Limit one of each Pok\u00e9mon\n|rule|HP Percentage Mod: HP is shown in percentages\n|rule|Sleep Clause Mod: Limit one foe put to sleep\n|rule|Illusion Level Mod: Illusion disguises the Pok\u00e9mon's true level\n|\n|t:|1783540947\n|teamsize|p1|6\n|teamsize|p2|6\n|start\n|switch|p1a: Gastrodon|Gastrodon-East, L86, F|100/100\n|switch|p2a: Vivillon|Vivillon-Sandstorm, L83, F|268/268\n|turn|1\n|inactive|Battle timer is ON: inactive players will automatically lose when time's up. (requested by p0x15566ad)\n|inactive|Time left: 300 sec this turn | 300 sec total | 60 sec grace\n|inactive|p0y155493e also wants the timer to be on.\n|\n|t:|1783540948\n|move|p2a: Vivillon|Quiver Dance|p2a: Vivillon\n|-boost|p2a: Vivillon|spa|1\n|-boost|p2a: Vivillon|spd|1\n|-boost|p2a: Vivillon|spe|1\n|move|p1a: Gastrodon|Sludge Bomb|p2a: Vivillon\n|-damage|p2a: Vivillon|206/268\n|\n|upkeep\n|turn|2\n|inactive|Time left: 300 sec this turn | 300 sec total\n|\n|t:|1783540950\n|move|p2a: Vivillon|Quiver Dance|p2a: Vivillon\n|-boost|p2a: Vivillon|spa|1\n|-boost|p2a: Vivillon|spd|1\n|-boost|p2a: Vivillon|spe|1\n|move|p1a: Gastrodon|Sludge Bomb|p2a: Vivillon\n|-damage|p2a: Vivillon|161/268\n|\n|upkeep\n|turn|3\n|inactive|Time left: 300 sec this turn | 300 sec total\n|\n|t:|1783540951\n|move|p2a: Vivillon|Hurricane|p1a: Gastrodon\n|-damage|p1a: Gastrodon|33/100\n|move|p1a: Gastrodon|Surf|p2a: Vivillon\n|-damage|p2a: Vivillon|86/268\n|\n|-heal|p1a: Gastrodon|39/100|[from] item: Leftovers\n|upkeep\n|turn|4\n|inactive|Time left: 300 sec this turn | 300 sec total\n|\n|t:|1783540952\n|switch|p1a: Gholdengo|Gholdengo, L77|100/100\n|move|p2a: Vivillon|Hurricane|p1a: Gholdengo\n|-resisted|p1a: Gholdengo\n|-damage|p1a: Gholdengo|54/100\n|-start|p1a: Gholdengo|confusion\n|\n|-heal|p1a: Gholdengo|60/100|[from] item: Leftovers\n|upkeep\n|turn|5\n|inactive|Time left: 300 sec this turn | 300 sec total\n|\n|t:|1783540953\n|move|p2a: Vivillon|Hurricane|p1a: Gholdengo|[miss]\n|-miss|p2a: Vivillon|p1a: Gholdengo\n|-activate|p1a: Gholdengo|confusion\n|move|p1a: Gholdengo|Make It Rain|p2a: Vivillon\n|-damage|p2a: Vivillon|0 fnt\n|-unboost|p1a: Gholdengo|spa|1\n|faint|p2a: Vivillon\n|\n|-heal|p1a: Gholdengo|66/100|[from] item: Leftovers\n|upkeep\n|inactive|Time left: 300 sec this turn | 300 sec total | 5 sec grace\n|\n|t:|1783540953\n|switch|p2a: Araquanid|Araquanid, L82, F|246/246\n|turn|6\n|inactive|Time left: 300 sec this turn | 300 sec total\n|\n|t:|1783540954\n|switch|p1a: Gastrodon|Gastrodon-East, L86, F|39/100\n|move|p2a: Araquanid|Sticky Web|p1a: Gastrodon\n|-sidestart|p1: p0x15566ad|move: Sticky Web\n|\n|-heal|p1a: Gastrodon|45/100|[from] item: Leftovers\n|upkeep\n|turn|7\n|inactive|Time left: 300 sec this turn | 300 sec total\n|\n|t:|1783540955\n|switch|p2a: Bronzong|Bronzong, L88|261/261\n|move|p1a: Gastrodon|Recover|p1a: Gastrodon\n|-heal|p1a: Gastrodon|95/100\n|\n|-heal|p1a: Gastrodon|100/100|[from] item: Leftovers\n|upkeep\n|turn|8\n|inactive|Time left: 300 sec this turn | 300 sec total\n|\n|t:|1783540957\n|move|p1a: Gastrodon|Surf|p2a: Bronzong\n|-damage|p2a: Bronzong|183/261\n|move|p2a: Bronzong|Stealth Rock|p1a: Gastrodon\n|-sidestart|p1: p0x15566ad|move: Stealth Rock\n|\n|-heal|p2a: Bronzong|199/261|[from] item: Leftovers\n|upkeep\n|turn|9\n|inactive|Time left: 300 sec this turn | 300 sec total\n|\n|t:|1783540958\n|move|p1a: Gastrodon|Surf|p2a: Bronzong\n|-damage|p2a: Bronzong|129/261\n|move|p2a: Bronzong|Earthquake|p1a: Gastrodon\n|-damage|p1a: Gastrodon|72/100\n|\n|-heal|p1a: Gastrodon|78/100|[from] item: Leftovers\n|-heal|p2a: Bronzong|145/261|[from] item: Leftovers\n|upkeep\n|turn|10\n|inactive|Time left: 300 sec this turn | 300 sec total\n|\n|t:|1783540959\n|move|p1a: Gastrodon|Surf|p2a: Bronzong\n|-damage|p2a: Bronzong|76/261\n|move|p2a: Bronzong|Earthquake|p1a: Gastrodon\n|-damage|p1a: Gastrodon|55/100\n|\n|-heal|p1a: Gastrodon|61/100|[from] item: Leftovers\n|-heal|p2a: Bronzong|92/261|[from] item: Leftovers\n|upkeep\n|turn|11\n|inactive|Time left: 300 sec this turn | 300 sec total\n|\n|t:|1783540960\n|move|p1a: Gastrodon|Surf|p2a: Bronzong\n|-damage|p2a: Bronzong|16/261\n|move|p2a: Bronzong|Earthquake|p1a: Gastrodon\n|-damage|p1a: Gastrodon|36/100\n|\n|-heal|p1a: Gastrodon|42/100|[from] item: Leftovers\n|-heal|p2a: Bronzong|32/261|[from] item: Leftovers\n|upkeep\n|turn|12\n|inactive|Time left: 300 sec this turn | 300 sec total\n|\n|t:|1783540961\n|move|p1a: Gastrodon|Surf|p2a: Bronzong\n|-damage|p2a: Bronzong|0 fnt\n|faint|p2a: Bronzong\n|\n|-heal|p1a: Gastrodon|48/100|[from] item: Leftovers\n|upkeep\n|inactive|Time left: 300 sec this turn | 300 sec total | 5 sec grace\n|\n|t:|1783540962\n|switch|p2a: Dusknoir|Dusknoir, L89, M|225/225\n|-item|p1a: Gastrodon|Leftovers|[from] ability: Frisk|[of] p2a: Dusknoir\n|turn|13\n|inactive|Time left: 300 sec this turn | 300 sec total\n|\n|t:|1783540963\n|move|p2a: Dusknoir|Poltergeist|p1a: Gastrodon\n|-activate|p1a: Gastrodon|move: Poltergeist|Leftovers\n|-damage|p1a: Gastrodon|0 fnt\n|faint|p1a: Gastrodon\n|\n|upkeep\n|\n|t:|1783540964\n|switch|p1a: Mabosstiff|Mabosstiff, L86, M|100/100\n|-activate|p1a: Mabosstiff|move: Sticky Web\n|-unboost|p1a: Mabosstiff|spe|1\n|-damage|p1a: Mabosstiff|88/100|[from] Stealth Rock\n|turn|14\n|inactive|Time left: 300 sec this turn | 300 sec total\n|\n|t:|1783540965\n|move|p2a: Dusknoir|Will-O-Wisp|p1a: Mabosstiff\n|-status|p1a: Mabosstiff|brn\n|move|p1a: Mabosstiff|Crunch|p2a: Dusknoir\n|-supereffective|p2a: Dusknoir\n|-damage|p2a: Dusknoir|125/225\n|\n|-heal|p2a: Dusknoir|139/225|[from] item: Leftovers\n|-damage|p1a: Mabosstiff|82/100 brn|[from] brn\n|upkeep\n|turn|15\n|inactive|Time left: 300 sec this turn | 300 sec total\n|\n|t:|1783540966\n|switch|p2a: Okidogi|Okidogi, L77, M|262/262\n|move|p1a: Mabosstiff|Crunch|p2a: Okidogi\n|-resisted|p2a: Okidogi\n|-damage|p2a: Okidogi|196/262\n|\n|-heal|p2a: Okidogi|212/262|[from] item: Leftovers\n|-damage|p1a: Mabosstiff|76/100 brn|[from] brn\n|upkeep\n|turn|16\n|inactive|Time left: 300 sec this turn | 300 sec total\n|\n|t:|1783540967\n|move|p2a: Okidogi|Bulk Up|p2a: Okidogi\n|-boost|p2a: Okidogi|atk|1\n|-boost|p2a: Okidogi|def|1\n|move|p1a: Mabosstiff|Crunch|p2a: Okidogi\n|-resisted|p2a: Okidogi\n|-damage|p2a: Okidogi|190/262\n|\n|-heal|p2a: Okidogi|206/262|[from] item: Leftovers\n|-damage|p1a: Mabosstiff|70/100 brn|[from] brn\n|upkeep\n|turn|17\n|inactive|Time left: 300 sec this turn | 300 sec total\n|\n|t:|1783540968\n|move|p2a: Okidogi|Bulk Up|p2a: Okidogi\n|-boost|p2a: Okidogi|atk|1\n|-boost|p2a: Okidogi|def|1\n|move|p1a: Mabosstiff|Crunch|p2a: Okidogi\n|-resisted|p2a: Okidogi\n|-damage|p2a: Okidogi|189/262\n|\n|-heal|p2a: Okidogi|205/262|[from] item: Leftovers\n|-damage|p1a: Mabosstiff|64/100 brn|[from] brn\n|upkeep\n|turn|18\n|inactive|Time left: 300 sec this turn | 300 sec total\n|\n|t:|1783540969\n|move|p2a: Okidogi|Bulk Up|p2a: Okidogi\n|-boost|p2a: Okidogi|atk|1\n|-boost|p2a: Okidogi|def|1\n|move|p1a: Mabosstiff|Crunch|p2a: Okidogi\n|-resisted|p2a: Okidogi\n|-damage|p2a: Okidogi|192/262\n|\n|-heal|p2a: Okidogi|208/262|[from] item: Leftovers\n|-damage|p1a: Mabosstiff|58/100 brn|[from] brn\n|upkeep\n|turn|19\n|inactive|Time left: 300 sec this turn | 300 sec total\n|\n|t:|1783540970\n|move|p2a: Okidogi|Drain Punch|p1a: Mabosstiff\n|-supereffective|p1a: Mabosstiff\n|-damage|p1a: Mabosstiff|0 fnt\n|-heal|p2a: Okidogi|262/262|[from] drain|[of] p1a: Mabosstiff\n|faint|p1a: Mabosstiff\n|\n|upkeep\n|\n|t:|1783540971\n|switch|p1a: Arceus|Arceus-Fire, L72|100/100\n|-activate|p1a: Arceus|move: Sticky Web\n|-unboost|p1a: Arceus|spe|1\n|-damage|p1a: Arceus|76/100|[from] Stealth Rock\n|turn|20\n|inactive|Time left: 300 sec this turn | 300 sec total\n|\n|t:|1783540972\n|move|p2a: Okidogi|Gunk Shot|p1a: Arceus\n|-damage|p1a: Arceus|0 fnt\n|faint|p1a: Arceus\n|\n|upkeep\n|\n|t:|1783540973\n|switch|p1a: Raikou|Raikou, L81|100/100\n|-activate|p1a: Raikou|move: Sticky Web\n|-unboost|p1a: Raikou|spe|1\n|-damage|p1a: Raikou|88/100|[from] Stealth Rock\n|-ability|p1a: Raikou|Pressure\n|turn|21\n|inactive|Time left: 300 sec this turn | 300 sec total\n|\n|t:|1783540974\n|move|p2a: Okidogi|Knock Off|p1a: Raikou\n|-damage|p1a: Raikou|12/100\n|-enditem|p1a: Raikou|Choice Specs|[from] move: Knock Off|[of] p2a: Okidogi\n|move|p1a: Raikou|Scald|p2a: Okidogi\n|-damage|p2a: Okidogi|191/262\n|\n|-heal|p2a: Okidogi|207/262|[from] item: Leftovers\n|upkeep\n|turn|22\n|inactive|Time left: 300 sec this turn | 300 sec total\n|\n|t:|1783540975\n|move|p2a: Okidogi|Knock Off|p1a: Raikou\n|-damage|p1a: Raikou|0 fnt\n|faint|p1a: Raikou\n|\n|-heal|p2a: Okidogi|223/262|[from] item: Leftovers\n|upkeep\n|\n|t:|1783540977\n|switch|p1a: Chien-Pao|Chien-Pao, L72|100/100\n|-activate|p1a: Chien-Pao|move: Sticky Web\n|-unboost|p1a: Chien-Pao|spe|1\n|-damage|p1a: Chien-Pao|76/100|[from] Stealth Rock\n|-ability|p1a: Chien-Pao|Sword of Ruin\n|turn|23\n|inactive|Time left: 300 sec this turn | 300 sec total\n|\n|t:|1783540978\n|switch|p1a: Gholdengo|Gholdengo, L77|66/100\n|-activate|p1a: Gholdengo|move: Sticky Web\n|-unboost|p1a: Gholdengo|spe|1\n|-damage|p1a: Gholdengo|60/100|[from] Stealth Rock\n|move|p2a: Okidogi|Drain Punch|p1a: Gholdengo\n|-immune|p1a: Gholdengo\n|\n|-heal|p2a: Okidogi|239/262|[from] item: Leftovers\n|-heal|p1a: Gholdengo|66/100|[from] item: Leftovers\n|upkeep\n|turn|24\n|inactive|Time left: 300 sec this turn | 300 sec total\n|\n|t:|1783540978\n|switch|p1a: Chien-Pao|Chien-Pao, L72|76/100\n|-activate|p1a: Chien-Pao|move: Sticky Web\n|-unboost|p1a: Chien-Pao|spe|1\n|-damage|p1a: Chien-Pao|51/100|[from] Stealth Rock\n|-ability|p1a: Chien-Pao|Sword of Ruin\n|-terastallize|p2a: Okidogi|Dark\n|move|p2a: Okidogi|Knock Off|p1a: Chien-Pao\n|-resisted|p1a: Chien-Pao\n|-damage|p1a: Chien-Pao|0 fnt\n|-enditem|p1a: Chien-Pao|Choice Band|[from] move: Knock Off|[of] p2a: Okidogi\n|faint|p1a: Chien-Pao\n|\n|-heal|p2a: Okidogi|255/262|[from] item: Leftovers\n|upkeep\n|\n|t:|1783540979\n|switch|p1a: Gholdengo|Gholdengo, L77|66/100\n|-activate|p1a: Gholdengo|move: Sticky Web\n|-unboost|p1a: Gholdengo|spe|1\n|-damage|p1a: Gholdengo|60/100|[from] Stealth Rock\n|turn|25\n|inactive|Time left: 300 sec this turn | 300 sec total\n|\n|t:|1783540980\n|move|p2a: Okidogi|Knock Off|p1a: Gholdengo\n|-supereffective|p1a: Gholdengo\n|-damage|p1a: Gholdengo|0 fnt\n|-enditem|p1a: Gholdengo|Leftovers|[from] move: Knock Off|[of] p2a: Okidogi\n|faint|p1a: Gholdengo\n|\n|win|p0y155493e", "uploadtime": 1783540980, "views": 0, "rating": 0, "private": 0, "password": null, "_winner": "p0y155493e", "_our_name": "p0y155493e"}