{"id": "battle-gen9randombattle-1375", "formatid": "gen9randombattle", "format": "[Gen 9] Random Battle", "players": ["p0x1375af1c", "p0y1375c45a"], "log": "|init|battle\n|title|p0x1375af1c vs. p0y1375c45a\n|j|\u2606p0x1375af1c\n|j|\u2606p0y1375c45a\n|t:|1783555077\n|gametype|singles\n|player|p1|p0x1375af1c|266|\n|player|p2|p0y1375c45a|1|\n|gen|9\n|tier|[Gen 9] Random Battle\n|rule|Species Clause: Limit one of each Pok\u00e9mon\n|rule|HP Percentage Mod: HP is shown in percentages\n|rule|Sleep Clause Mod: Limit one foe put to sleep\n|rule|Illusion Level Mod: Illusion disguises the Pok\u00e9mon's true level\n|\n|t:|1783555077\n|teamsize|p1|6\n|teamsize|p2|6\n|start\n|switch|p1a: Moltres|Moltres-Galar, L79|100/100\n|switch|p2a: Regirock|Regirock, L83|268/268\n|turn|1\n|inactive|Battle timer is ON: inactive players will automatically lose when time's up. (requested by p0x1375af1c)\n|inactive|Time left: 300 sec this turn | 300 sec total | 60 sec grace\n|inactive|p0y1375c45a also wants the timer to be on.\n|\n|t:|1783555078\n|move|p1a: Moltres|Nasty Plot|p1a: Moltres\n|-boost|p1a: Moltres|spa|2\n|move|p2a: Regirock|Body Press|p1a: Moltres\n|-damage|p1a: Moltres|61/100\n|\n|upkeep\n|turn|2\n|inactive|Time left: 300 sec this turn | 300 sec total\n|\n|t:|1783555079\n|move|p1a: Moltres|Fiery Wrath|p2a: Regirock\n|-damage|p2a: Regirock|100/268\n|move|p2a: Regirock|Stone Edge|p1a: Moltres\n|-supereffective|p1a: Moltres\n|-damage|p1a: Moltres|0 fnt\n|faint|p1a: Moltres\n|\n|-heal|p2a: Regirock|116/268|[from] item: Leftovers\n|upkeep\n|\n|t:|1783555080\n|switch|p1a: Lilligant|Lilligant, L86, F|100/100\n|turn|3\n|inactive|Time left: 300 sec this turn | 300 sec total\n|\n|t:|1783555081\n|move|p1a: Lilligant|Petal Dance|p2a: Regirock\n|-supereffective|p2a: Regirock\n|-damage|p2a: Regirock|0 fnt\n|faint|p2a: Regirock\n|-damage|p1a: Lilligant|91/100|[from] item: Life Orb\n|\n|upkeep\n|inactive|Time left: 300 sec this turn | 300 sec total | 5 sec grace\n|\n|t:|1783555082\n|switch|p2a: Kyurem|Kyurem-Black, L71|295/295\n|-ability|p2a: Kyurem|Teravolt\n|turn|4\n|inactive|Time left: 300 sec this turn | 300 sec total\n|\n|t:|1783555083\n|move|p1a: Lilligant|Petal Dance|p2a: Kyurem|[from] lockedmove\n|-resisted|p2a: Kyurem\n|-damage|p2a: Kyurem|191/295\n|-damage|p1a: Lilligant|81/100|[from] item: Life Orb\n|move|p2a: Kyurem|Icicle Spear|p1a: Lilligant\n|-supereffective|p1a: Lilligant\n|-damage|p1a: Lilligant|52/100\n|-supereffective|p1a: Lilligant\n|-damage|p1a: Lilligant|27/100\n|-supereffective|p1a: Lilligant\n|-damage|p1a: Lilligant|0 fnt\n|faint|p1a: Lilligant\n|-hitcount|p1: Lilligant|3\n|\n|upkeep\n|\n|t:|1783555084\n|switch|p1a: Toxicroak|Toxicroak, L84, M|100/100\n|turn|5\n|inactive|Time left: 300 sec this turn | 300 sec total\n|\n|t:|1783555085\n|move|p1a: Toxicroak|Close Combat|p2a: Kyurem\n|-supereffective|p2a: Kyurem\n|-damage|p2a: Kyurem|0 fnt\n|-unboost|p1a: Toxicroak|def|1\n|-unboost|p1a: Toxicroak|spd|1\n|faint|p2a: Kyurem\n|-damage|p1a: Toxicroak|91/100|[from] item: Life Orb\n|\n|upkeep\n|inactive|Time left: 300 sec this turn | 300 sec total | 5 sec grace\n|\n|t:|1783555086\n|switch|p2a: Enamorus|Enamorus, L79, F|247/247\n|turn|6\n|inactive|Time left: 300 sec this turn | 300 sec total\n|\n|t:|1783555086\n|switch|p1a: Tentacruel|Tentacruel, L84, M|100/100\n|move|p2a: Enamorus|Zen Headbutt|p1a: Tentacruel\n|-supereffective|p1a: Tentacruel\n|-damage|p1a: Tentacruel|48/100\n|\n|upkeep\n|turn|7\n|inactive|Time left: 300 sec this turn | 300 sec total\n|\n|t:|1783555087\n|move|p1a: Tentacruel|Sludge Bomb|p2a: Enamorus\n|-supereffective|p2a: Enamorus\n|-damage|p2a: Enamorus|67/247\n|move|p2a: Enamorus|Zen Headbutt|p1a: Tentacruel\n|-supereffective|p1a: Tentacruel\n|-damage|p1a: Tentacruel|0 fnt\n|faint|p1a: Tentacruel\n|\n|-heal|p2a: Enamorus|82/247|[from] item: Leftovers\n|upkeep\n|\n|t:|1783555088\n|switch|p1a: Houndoom|Houndoom, L87, M|100/100\n|turn|8\n|inactive|Time left: 300 sec this turn | 300 sec total\n|\n|t:|1783555089\n|switch|p2a: Clawitzer|Clawitzer, L87, M|265/265\n|move|p1a: Houndoom|Sludge Bomb|p2a: Clawitzer\n|-damage|p2a: Clawitzer|190/265\n|\n|upkeep\n|turn|9\n|inactive|Time left: 300 sec this turn | 300 sec total\n|\n|t:|1783555090\n|move|p1a: Houndoom|Dark Pulse|p2a: Clawitzer\n|-damage|p2a: Clawitzer|90/265\n|move|p2a: Clawitzer|Aura Sphere|p1a: Houndoom\n|-supereffective|p1a: Houndoom\n|-damage|p1a: Houndoom|0 fnt\n|faint|p1a: Houndoom\n|\n|upkeep\n|\n|t:|1783555091\n|switch|p1a: Dragonite|Dragonite, L74, F|100/100\n|turn|10\n|inactive|Time left: 300 sec this turn | 300 sec total\n|\n|t:|1783555092\n|switch|p2a: Enamorus|Enamorus, L79, F|82/247\n|move|p1a: Dragonite|Dragon Dance|p1a: Dragonite\n|-boost|p1a: Dragonite|atk|1\n|-boost|p1a: Dragonite|spe|1\n|\n|-heal|p2a: Enamorus|97/247|[from] item: Leftovers\n|upkeep\n|turn|11\n|inactive|Time left: 300 sec this turn | 300 sec total\n|\n|t:|1783555092\n|switch|p2a: Cobalion|Cobalion, L80|277/277\n|move|p1a: Dragonite|Iron Head|p2a: Cobalion\n|-resisted|p2a: Cobalion\n|-damage|p2a: Cobalion|246/277\n|\n|-heal|p2a: Cobalion|263/277|[from] item: Leftovers\n|upkeep\n|turn|12\n|inactive|Time left: 300 sec this turn | 300 sec total\n|\n|t:|1783555093\n|switch|p2a: Enamorus|Enamorus, L79, F|97/247\n|move|p1a: Dragonite|Dragon Dance|p1a: Dragonite\n|-boost|p1a: Dragonite|atk|1\n|-boost|p1a: Dragonite|spe|1\n|\n|-heal|p2a: Enamorus|112/247|[from] item: Leftovers\n|upkeep\n|turn|13\n|inactive|Time left: 300 sec this turn | 300 sec total\n|\n|t:|1783555094\n|switch|p2a: Cobalion|Cobalion, L80|263/277\n|move|p1a: Dragonite|Iron Head|p2a: Cobalion\n|-resisted|p2a: Cobalion\n|-damage|p2a: Cobalion|217/277\n|\n|-heal|p2a: Cobalion|234/277|[from] item: Leftovers\n|upkeep\n|turn|14\n|inactive|Time left: 300 sec this turn | 300 sec total\n|\n|t:|1783555095\n|switch|p2a: Enamorus|Enamorus, L79, F|112/247\n|move|p1a: Dragonite|Earthquake|p2a: Enamorus\n|-immune|p2a: Enamorus\n|\n|-heal|p2a: Enamorus|127/247|[from] item: Leftovers\n|upkeep\n|turn|15\n|inactive|Time left: 300 sec this turn | 300 sec total\n|\n|t:|1783555096\n|switch|p2a: Clawitzer|Clawitzer, L87, M|90/265\n|move|p1a: Dragonite|Iron Head|p2a: Clawitzer\n|-resisted|p2a: Clawitzer\n|-damage|p2a: Clawitzer|39/265\n|\n|upkeep\n|turn|16\n|inactive|Time left: 300 sec this turn | 300 sec total\n|\n|t:|1783555097\n|switch|p2a: Enamorus|Enamorus, L79, F|127/247\n|move|p1a: Dragonite|Iron Head|p2a: Enamorus\n|-supereffective|p2a: Enamorus\n|-damage|p2a: Enamorus|0 fnt\n|faint|p2a: Enamorus\n|\n|upkeep\n|inactive|Time left: 300 sec this turn | 300 sec total | 5 sec grace\n|\n|t:|1783555098\n|switch|p2a: Arbok|Arbok, L87, M|246/246\n|-ability|p2a: Arbok|Intimidate|boost\n|-unboost|p1a: Dragonite|atk|1\n|turn|17\n|inactive|Time left: 300 sec this turn | 300 sec total\n|\n|t:|1783555099\n|switch|p2a: Clawitzer|Clawitzer, L87, M|39/265\n|move|p1a: Dragonite|Earthquake|p2a: Clawitzer\n|-damage|p2a: Clawitzer|0 fnt\n|faint|p2a: Clawitzer\n|\n|upkeep\n|inactive|Time left: 300 sec this turn | 300 sec total | 5 sec grace\n|\n|t:|1783555100\n|switch|p2a: Arbok|Arbok, L87, M|246/246\n|-ability|p2a: Arbok|Intimidate|boost\n|-unboost|p1a: Dragonite|atk|1\n|turn|18\n|inactive|Time left: 300 sec this turn | 300 sec total\n|\n|t:|1783555101\n|switch|p2a: Cobalion|Cobalion, L80|234/277\n|move|p1a: Dragonite|Dragon Dance|p1a: Dragonite\n|-boost|p1a: Dragonite|atk|1\n|-boost|p1a: Dragonite|spe|1\n|\n|-heal|p2a: Cobalion|251/277|[from] item: Leftovers\n|upkeep\n|turn|19\n|inactive|Time left: 300 sec this turn | 300 sec total\n|\n|t:|1783555102\n|move|p1a: Dragonite|Earthquake|p2a: Cobalion\n|-supereffective|p2a: Cobalion\n|-damage|p2a: Cobalion|87/277\n|move|p2a: Cobalion|Swords Dance|p2a: Cobalion\n|-boost|p2a: Cobalion|atk|2\n|\n|-heal|p2a: Cobalion|104/277|[from] item: Leftovers\n|upkeep\n|turn|20\n|inactive|Time left: 300 sec this turn | 300 sec total\n|\n|t:|1783555103\n|move|p1a: Dragonite|Earthquake|p2a: Cobalion\n|-supereffective|p2a: Cobalion\n|-damage|p2a: Cobalion|0 fnt\n|faint|p2a: Cobalion\n|\n|upkeep\n|inactive|Time left: 300 sec this turn | 300 sec total | 5 sec grace\n|\n|t:|1783555104\n|switch|p2a: Arbok|Arbok, L87, M|246/246\n|-ability|p2a: Arbok|Intimidate|boost\n|-unboost|p1a: Dragonite|atk|1\n|turn|21\n|inactive|Time left: 300 sec this turn | 300 sec total\n|\n|t:|1783555105\n|-terastallize|p2a: Arbok|Ground\n|move|p1a: Dragonite|Outrage|p2a: Arbok\n|-damage|p2a: Arbok|104/246\n|move|p2a: Arbok|Glare|p1a: Dragonite\n|-status|p1a: Dragonite|par\n|\n|upkeep\n|turn|22\n|inactive|Time left: 300 sec this turn | 300 sec total\n|\n|t:|1783555106\n|move|p1a: Dragonite|Outrage|p2a: Arbok|[from] lockedmove\n|-damage|p2a: Arbok|0 fnt\n|faint|p2a: Arbok\n|\n|win|p0x1375af1c", "uploadtime": 1783555106, "views": 0, "rating": 0, "private": 0, "password": null, "_winner": "p0x1375af1c", "_our_name": "p0y1375c45a"}