{"id": "battle-gen9randombattle-1742", "formatid": "gen9randombattle", "format": "[Gen 9] Random Battle", "players": ["p0x17427777", "p0y1742a5c2"], "log": "|init|battle\n|title|p0x17427777 vs. p0y1742a5c2\n|j|\u2606p0x17427777\n|j|\u2606p0y1742a5c2\n|t:|1783559417\n|gametype|singles\n|player|p1|p0x17427777|265|\n|player|p2|p0y1742a5c2|170|\n|gen|9\n|tier|[Gen 9] Random Battle\n|rule|Species Clause: Limit one of each Pok\u00e9mon\n|rule|HP Percentage Mod: HP is shown in percentages\n|rule|Sleep Clause Mod: Limit one foe put to sleep\n|rule|Illusion Level Mod: Illusion disguises the Pok\u00e9mon's true level\n|\n|t:|1783559417\n|teamsize|p1|6\n|teamsize|p2|6\n|start\n|switch|p1a: Drifblim|Drifblim, L86, M|396/396\n|switch|p2a: Milotic|Milotic, L83, M|100/100\n|turn|1\n|inactive|Battle timer is ON: inactive players will automatically lose when time's up. (requested by p0x17427777)\n|inactive|p0y1742a5c2 also wants the timer to be on.\n|\n|t:|1783559418\n|move|p1a: Drifblim|Calm Mind|p1a: Drifblim\n|-boost|p1a: Drifblim|spa|1\n|-boost|p1a: Drifblim|spd|1\n|move|p2a: Milotic|Ice Beam|p1a: Drifblim\n|-supereffective|p1a: Drifblim\n|-damage|p1a: Drifblim|266/396\n|\n|upkeep\n|turn|2\n|inactive|Time left: 300 sec this turn | 300 sec total\n|\n|t:|1783559420\n|move|p1a: Drifblim|Air Slash|p2a: Milotic\n|-damage|p2a: Milotic|69/100\n|move|p2a: Milotic|Ice Beam|p1a: Drifblim\n|-supereffective|p1a: Drifblim\n|-damage|p1a: Drifblim|144/396\n|-enditem|p1a: Drifblim|Sitrus Berry|[eat]\n|-heal|p1a: Drifblim|243/396|[from] item: Sitrus Berry\n|\n|-heal|p2a: Milotic|75/100|[from] item: Leftovers\n|upkeep\n|turn|3\n|inactive|Time left: 300 sec this turn | 300 sec total\n|\n|t:|1783559421\n|move|p1a: Drifblim|Air Slash|p2a: Milotic\n|-damage|p2a: Milotic|43/100\n|cant|p2a: Milotic|flinch\n|\n|-heal|p2a: Milotic|49/100|[from] item: Leftovers\n|upkeep\n|turn|4\n|inactive|Time left: 300 sec this turn | 300 sec total\n|\n|t:|1783559422\n|move|p1a: Drifblim|Air Slash|p2a: Milotic\n|-damage|p2a: Milotic|20/100\n|move|p2a: Milotic|Recover|p2a: Milotic\n|-heal|p2a: Milotic|70/100\n|\n|-heal|p2a: Milotic|77/100|[from] item: Leftovers\n|upkeep\n|turn|5\n|inactive|Time left: 300 sec this turn | 300 sec total\n|\n|t:|1783559423\n|move|p1a: Drifblim|Air Slash|p2a: Milotic\n|-damage|p2a: Milotic|45/100\n|move|p2a: Milotic|Dragon Tail|p1a: Drifblim\n|-damage|p1a: Drifblim|197/396\n|drag|p1a: Torterra|Torterra, L78, M|276/276\n|\n|-heal|p2a: Milotic|51/100|[from] item: Leftovers\n|upkeep\n|turn|6\n|inactive|Time left: 300 sec this turn | 300 sec total\n|\n|t:|1783559424\n|move|p2a: Milotic|Ice Beam|p1a: Torterra\n|-supereffective|p1a: Torterra\n|-damage|p1a: Torterra|0 fnt\n|faint|p1a: Torterra\n|\n|-heal|p2a: Milotic|57/100|[from] item: Leftovers\n|upkeep\n|inactive|Time left: 300 sec this turn | 300 sec total | 5 sec grace\n|\n|t:|1783559425\n|switch|p1a: Gallade|Gallade, L80, M|240/240\n|turn|7\n|inactive|Time left: 300 sec this turn | 300 sec total\n|\n|t:|1783559427\n|move|p2a: Milotic|Scald|p1a: Gallade\n|-damage|p1a: Gallade|162/240\n|move|p1a: Gallade|Sacred Sword|p2a: Milotic\n|-damage|p2a: Milotic|0 fnt\n|faint|p2a: Milotic\n|-damage|p1a: Gallade|138/240|[from] item: Life Orb\n|\n|upkeep\n|\n|t:|1783559428\n|switch|p2a: Florges|Florges-Yellow, L85, F|100/100\n|turn|8\n|inactive|Time left: 300 sec this turn | 300 sec total\n|\n|t:|1783559429\n|switch|p1a: Carbink|Carbink, L90|236/236\n|move|p2a: Florges|Moonblast|p1a: Carbink\n|-damage|p1a: Carbink|166/236\n|\n|upkeep\n|turn|9\n|inactive|Time left: 300 sec this turn | 300 sec total\n|\n|t:|1783559430\n|move|p2a: Florges|Calm Mind|p2a: Florges\n|-boost|p2a: Florges|spa|1\n|-boost|p2a: Florges|spd|1\n|move|p1a: Carbink|Iron Defense|p1a: Carbink\n|-boost|p1a: Carbink|def|2\n|\n|upkeep\n|turn|10\n|inactive|Time left: 300 sec this turn | 300 sec total\n|\n|t:|1783559431\n|move|p2a: Florges|Moonblast|p1a: Carbink\n|-damage|p1a: Carbink|64/236\n|-unboost|p1a: Carbink|spa|1\n|move|p1a: Carbink|Rest|p1a: Carbink\n|-status|p1a: Carbink|slp|[from] move: Rest\n|-heal|p1a: Carbink|236/236 slp|[silent]\n|-enditem|p1a: Carbink|Chesto Berry|[eat]\n|-curestatus|p1a: Carbink|slp|[msg]\n|\n|upkeep\n|turn|11\n|inactive|Time left: 300 sec this turn | 300 sec total\n|\n|t:|1783559432\n|move|p2a: Florges|Moonblast|p1a: Carbink\n|-damage|p1a: Carbink|121/236\n|move|p1a: Carbink|Body Press|p2a: Florges\n|-resisted|p2a: Florges\n|-damage|p2a: Florges|60/100\n|\n|-heal|p2a: Florges|66/100|[from] item: Leftovers\n|upkeep\n|turn|12\n|inactive|Time left: 300 sec this turn | 300 sec total\n|\n|t:|1783559432\n|move|p2a: Florges|Calm Mind|p2a: Florges\n|-boost|p2a: Florges|spa|1\n|-boost|p2a: Florges|spd|1\n|move|p1a: Carbink|Body Press|p2a: Florges\n|-resisted|p2a: Florges\n|-damage|p2a: Florges|26/100\n|\n|-heal|p2a: Florges|32/100|[from] item: Leftovers\n|upkeep\n|turn|13\n|inactive|Time left: 300 sec this turn | 300 sec total\n|\n|t:|1783559433\n|move|p2a: Florges|Moonblast|p1a: Carbink\n|-damage|p1a: Carbink|0 fnt\n|faint|p1a: Carbink\n|\n|-heal|p2a: Florges|38/100|[from] item: Leftovers\n|upkeep\n|inactive|Time left: 300 sec this turn | 300 sec total | 5 sec grace\n|\n|t:|1783559434\n|switch|p1a: Wo-Chien|Wo-Chien, L83|277/277\n|-ability|p1a: Wo-Chien|Tablets of Ruin\n|turn|14\n|inactive|Time left: 300 sec this turn | 300 sec total\n|\n|t:|1783559435\n|-terastallize|p1a: Wo-Chien|Poison\n|move|p2a: Florges|Moonblast|p1a: Wo-Chien\n|-resisted|p1a: Wo-Chien\n|-damage|p1a: Wo-Chien|193/277\n|move|p1a: Wo-Chien|Leech Seed|p2a: Florges\n|-start|p2a: Florges|move: Leech Seed\n|\n|-heal|p2a: Florges|44/100|[from] item: Leftovers\n|-heal|p1a: Wo-Chien|210/277|[from] item: Leftovers\n|-damage|p2a: Florges|31/100|[from] Leech Seed|[of] p1a: Wo-Chien\n|-heal|p1a: Wo-Chien|243/277|[silent]\n|upkeep\n|turn|15\n|inactive|Time left: 300 sec this turn | 300 sec total\n|\n|t:|1783559436\n|switch|p2a: Krookodile|Krookodile, L79, F|100/100\n|-ability|p2a: Krookodile|Intimidate|boost\n|-unboost|p1a: Wo-Chien|atk|1\n|move|p1a: Wo-Chien|Knock Off|p2a: Krookodile\n|-resisted|p2a: Krookodile\n|-damage|p2a: Krookodile|89/100\n|-enditem|p2a: Krookodile|Life Orb|[from] move: Knock Off|[of] p1a: Wo-Chien\n|\n|-heal|p1a: Wo-Chien|260/277|[from] item: Leftovers\n|upkeep\n|turn|16\n|inactive|Time left: 300 sec this turn | 300 sec total\n|\n|t:|1783559437\n|move|p2a: Krookodile|Earthquake|p1a: Wo-Chien\n|-supereffective|p1a: Wo-Chien\n|-damage|p1a: Wo-Chien|102/277\n|move|p1a: Wo-Chien|Giga Drain|p2a: Krookodile\n|-supereffective|p2a: Krookodile\n|-damage|p2a: Krookodile|22/100\n|-heal|p1a: Wo-Chien|196/277|[from] drain|[of] p2a: Krookodile\n|\n|-heal|p1a: Wo-Chien|213/277|[from] item: Leftovers\n|upkeep\n|turn|17\n|inactive|Time left: 300 sec this turn | 300 sec total\n|\n|t:|1783559438\n|move|p2a: Krookodile|Earthquake|p1a: Wo-Chien\n|-supereffective|p1a: Wo-Chien\n|-damage|p1a: Wo-Chien|75/277\n|move|p1a: Wo-Chien|Giga Drain|p2a: Krookodile\n|-supereffective|p2a: Krookodile\n|-damage|p2a: Krookodile|0 fnt\n|-heal|p1a: Wo-Chien|105/277|[from] drain|[of] p2a: Krookodile\n|faint|p2a: Krookodile\n|\n|-heal|p1a: Wo-Chien|122/277|[from] item: Leftovers\n|upkeep\n|\n|t:|1783559439\n|switch|p2a: Florges|Florges-Yellow, L85, F|31/100\n|turn|18\n|inactive|Time left: 300 sec this turn | 300 sec total\n|\n|t:|1783559440\n|move|p2a: Florges|Calm Mind|p2a: Florges\n|-boost|p2a: Florges|spa|1\n|-boost|p2a: Florges|spd|1\n|move|p1a: Wo-Chien|Leech Seed|p2a: Florges|[miss]\n|-miss|p1a: Wo-Chien|p2a: Florges\n|\n|-heal|p2a: Florges|37/100|[from] item: Leftovers\n|-heal|p1a: Wo-Chien|139/277|[from] item: Leftovers\n|upkeep\n|turn|19\n|inactive|Time left: 300 sec this turn | 300 sec total\n|\n|t:|1783559441\n|move|p2a: Florges|Moonblast|p1a: Wo-Chien\n|-resisted|p1a: Wo-Chien\n|-damage|p1a: Wo-Chien|71/277\n|move|p1a: Wo-Chien|Leech Seed|p2a: Florges\n|-start|p2a: Florges|move: Leech Seed\n|\n|-heal|p2a: Florges|43/100|[from] item: Leftovers\n|-heal|p1a: Wo-Chien|88/277|[from] item: Leftovers\n|-damage|p2a: Florges|31/100|[from] Leech Seed|[of] p1a: Wo-Chien\n|-heal|p1a: Wo-Chien|121/277|[silent]\n|upkeep\n|turn|20\n|inactive|Time left: 300 sec this turn | 300 sec total\n|\n|t:|1783559442\n|switch|p2a: Magnezone|Magnezone, L85|100/100\n|move|p1a: Wo-Chien|Knock Off|p2a: Magnezone\n|-damage|p2a: Magnezone|83/100\n|-enditem|p2a: Magnezone|Leftovers|[from] move: Knock Off|[of] p1a: Wo-Chien\n|\n|-heal|p1a: Wo-Chien|138/277|[from] item: Leftovers\n|upkeep\n|turn|21\n|inactive|Time left: 300 sec this turn | 300 sec total\n|\n|t:|1783559443\n|move|p1a: Wo-Chien|Leech Seed|p2a: Magnezone\n|-start|p2a: Magnezone|move: Leech Seed\n|move|p2a: Magnezone|Thunderbolt|p1a: Wo-Chien\n|-damage|p1a: Wo-Chien|29/277\n|-status|p1a: Wo-Chien|par\n|\n|-heal|p1a: Wo-Chien|46/277 par|[from] item: Leftovers\n|-damage|p2a: Magnezone|70/100|[from] Leech Seed|[of] p1a: Wo-Chien\n|-heal|p1a: Wo-Chien|78/277 par|[silent]\n|upkeep\n|turn|22\n|inactive|Time left: 300 sec this turn | 300 sec total\n|\n|t:|1783559445\n|switch|p2a: Florges|Florges-Yellow, L85, F|31/100\n|move|p1a: Wo-Chien|Leech Seed|p2a: Florges\n|-start|p2a: Florges|move: Leech Seed\n|\n|-heal|p2a: Florges|37/100|[from] item: Leftovers\n|-heal|p1a: Wo-Chien|95/277 par|[from] item: Leftovers\n|-damage|p2a: Florges|25/100|[from] Leech Seed|[of] p1a: Wo-Chien\n|-heal|p1a: Wo-Chien|128/277 par|[silent]\n|upkeep\n|turn|23\n|inactive|Time left: 300 sec this turn | 300 sec total\n|\n|t:|1783559446\n|switch|p2a: Zapdos|Zapdos, L78|100/100\n|move|p1a: Wo-Chien|Knock Off|p2a: Zapdos\n|-damage|p2a: Zapdos|73/100\n|-enditem|p2a: Zapdos|Heavy-Duty Boots|[from] move: Knock Off|[of] p1a: Wo-Chien\n|\n|-heal|p1a: Wo-Chien|145/277 par|[from] item: Leftovers\n|upkeep\n|turn|24\n|inactive|Time left: 300 sec this turn | 300 sec total\n|\n|t:|1783559447\n|move|p2a: Zapdos|Discharge|p1a: Wo-Chien\n|-damage|p1a: Wo-Chien|78/277 par\n|move|p1a: Wo-Chien|Leech Seed|p2a: Zapdos\n|-start|p2a: Zapdos|move: Leech Seed\n|\n|-heal|p1a: Wo-Chien|95/277 par|[from] item: Leftovers\n|-damage|p2a: Zapdos|60/100|[from] Leech Seed|[of] p1a: Wo-Chien\n|-heal|p1a: Wo-Chien|128/277 par|[silent]\n|upkeep\n|turn|25\n|inactive|Time left: 300 sec this turn | 300 sec total\n|\n|t:|1783559448\n|move|p2a: Zapdos|U-turn|p1a: Wo-Chien\n|-resisted|p1a: Wo-Chien\n|-damage|p1a: Wo-Chien|114/277 par\n|\n|t:|1783559449\n|switch|p2a: Florges|Florges-Yellow, L85, F|25/100|[from] U-turn\n|move|p1a: Wo-Chien|Leech Seed|p2a: Florges\n|-start|p2a: Florges|move: Leech Seed\n|\n|-heal|p2a: Florges|31/100|[from] item: Leftovers\n|-heal|p1a: Wo-Chien|131/277 par|[from] item: Leftovers\n|-damage|p2a: Florges|19/100|[from] Leech Seed|[of] p1a: Wo-Chien\n|-heal|p1a: Wo-Chien|164/277 par|[silent]\n|upkeep\n|turn|26\n|inactive|Time left: 300 sec this turn | 300 sec total\n|\n|t:|1783559450\n|switch|p2a: Magnezone|Magnezone, L85|70/100\n|move|p1a: Wo-Chien|Giga Drain|p2a: Magnezone\n|-resisted|p2a: Magnezone\n|-damage|p2a: Magnezone|56/100\n|-heal|p1a: Wo-Chien|182/277 par|[from] drain|[of] p2a: Magnezone\n|\n|-heal|p1a: Wo-Chien|199/277 par|[from] item: Leftovers\n|upkeep\n|turn|27\n|inactive|Time left: 300 sec this turn | 300 sec total\n|\n|t:|1783559451\n|move|p2a: Magnezone|Thunderbolt|p1a: Wo-Chien\n|-damage|p1a: Wo-Chien|109/277 par\n|move|p1a: Wo-Chien|Leech Seed|p2a: Magnezone\n|-start|p2a: Magnezone|move: Leech Seed\n|\n|-heal|p1a: Wo-Chien|126/277 par|[from] item: Leftovers\n|-damage|p2a: Magnezone|44/100|[from] Leech Seed|[of] p1a: Wo-Chien\n|-heal|p1a: Wo-Chien|158/277 par|[silent]\n|upkeep\n|turn|28\n|inactive|Time left: 300 sec this turn | 300 sec total\n|\n|t:|1783559452\n|switch|p2a: Florges|Florges-Yellow, L85, F|19/100\n|cant|p1a: Wo-Chien|par\n|\n|-heal|p2a: Florges|24/100|[from] item: Leftovers\n|-heal|p1a: Wo-Chien|175/277 par|[from] item: Leftovers\n|upkeep\n|turn|29\n|inactive|Time left: 300 sec this turn | 300 sec total\n|\n|t:|1783559453\n|move|p2a: Florges|Wish|p2a: Florges\n|move|p1a: Wo-Chien|Leech Seed|p2a: Florges\n|-start|p2a: Florges|move: Leech Seed\n|\n|-heal|p2a: Florges|30/100|[from] item: Leftovers\n|-heal|p1a: Wo-Chien|192/277 par|[from] item: Leftovers\n|-damage|p2a: Florges|18/100|[from] Leech Seed|[of] p1a: Wo-Chien\n|-heal|p1a: Wo-Chien|225/277 par|[silent]\n|upkeep\n|turn|30\n|inactive|Time left: 300 sec this turn | 300 sec total\n|\n|t:|1783559454\n|switch|p2a: Magnezone|Magnezone, L85|44/100\n|switch|p1a: Drifblim|Drifblim, L86, M|197/396\n|\n|-heal|p2a: Magnezone|96/100|[from] move: Wish|[wisher] Florges\n|upkeep\n|turn|31\n|inactive|Time left: 300 sec this turn | 300 sec total\n|\n|t:|1783559455\n|move|p1a: Drifblim|Strength Sap|p2a: Magnezone\n|-unboost|p2a: Magnezone|atk|1\n|-heal|p1a: Drifblim|321/396\n|move|p2a: Magnezone|Thunderbolt|p1a: Drifblim\n|-supereffective|p1a: Drifblim\n|-damage|p1a: Drifblim|0 fnt\n|faint|p1a: Drifblim\n|\n|upkeep\n|inactive|Time left: 300 sec this turn | 300 sec total | 5 sec grace\n|\n|t:|1783559456\n|switch|p1a: Gallade|Gallade, L80, M|138/240\n|turn|32\n|inactive|Time left: 300 sec this turn | 300 sec total\n|\n|t:|1783559457\n|switch|p2a: Zapdos|Zapdos, L78|60/100\n|move|p1a: Gallade|Sacred Sword|p2a: Zapdos\n|-resisted|p2a: Zapdos\n|-damage|p2a: Zapdos|20/100\n|-damage|p1a: Gallade|114/240|[from] item: Life Orb\n|\n|upkeep\n|turn|33\n|inactive|Time left: 300 sec this turn | 300 sec total\n|\n|t:|1783559458\n|move|p2a: Zapdos|Hurricane|p1a: Gallade|[miss]\n|-miss|p2a: Zapdos|p1a: Gallade\n|move|p1a: Gallade|Sacred Sword|p2a: Zapdos\n|-resisted|p2a: Zapdos\n|-damage|p2a: Zapdos|0 fnt\n|faint|p2a: Zapdos\n|-damage|p1a: Gallade|90/240|[from] item: Life Orb\n|\n|upkeep\n|\n|t:|1783559459\n|switch|p2a: Florges|Florges-Yellow, L85, F|18/100\n|turn|34\n|inactive|Time left: 300 sec this turn | 300 sec total\n|\n|t:|1783559460\n|switch|p1a: Wo-Chien|Wo-Chien, L83, tera:Poison|225/277 par\n|-ability|p1a: Wo-Chien|Tablets of Ruin\n|move|p2a: Florges|Moonblast|p1a: Wo-Chien\n|-resisted|p1a: Wo-Chien\n|-damage|p1a: Wo-Chien|183/277 par\n|\n|-heal|p2a: Florges|24/100|[from] item: Leftovers\n|-heal|p1a: Wo-Chien|200/277 par|[from] item: Leftovers\n|upkeep\n|turn|35\n|inactive|Time left: 300 sec this turn | 300 sec total\n|\n|t:|1783559461\n|move|p2a: Florges|Wish|p2a: Florges\n|move|p1a: Wo-Chien|Knock Off|p2a: Florges\n|-resisted|p2a: Florges\n|-damage|p2a: Florges|5/100\n|-enditem|p2a: Florges|Leftovers|[from] move: Knock Off|[of] p1a: Wo-Chien\n|\n|-heal|p1a: Wo-Chien|217/277 par|[from] item: Leftovers\n|upkeep\n|turn|36\n|inactive|Time left: 300 sec this turn | 300 sec total\n|\n|t:|1783559462\n|move|p2a: Florges|Protect|p2a: Florges\n|-singleturn|p2a: Florges|Protect\n|move|p1a: Wo-Chien|Giga Drain|p2a: Florges\n|-activate|p2a: Florges|move: Protect\n|\n|-heal|p2a: Florges|55/100|[from] move: Wish|[wisher] Florges\n|-heal|p1a: Wo-Chien|234/277 par|[from] item: Leftovers\n|upkeep\n|turn|37\n|inactive|Time left: 300 sec this turn | 300 sec total\n|\n|t:|1783559463\n|move|p2a: Florges|Calm Mind|p2a: Florges\n|-boost|p2a: Florges|spa|1\n|-boost|p2a: Florges|spd|1\n|move|p1a: Wo-Chien|Leech Seed|p2a: Florges\n|-start|p2a: Florges|move: Leech Seed\n|\n|-heal|p1a: Wo-Chien|251/277 par|[from] item: Leftovers\n|-damage|p2a: Florges|43/100|[from] Leech Seed|[of] p1a: Wo-Chien\n|-heal|p1a: Wo-Chien|277/277 par|[silent]\n|upkeep\n|turn|38\n|inactive|Time left: 300 sec this turn | 300 sec total\n|\n|t:|1783559464\n|move|p2a: Florges|Wish|p2a: Florges\n|move|p1a: Wo-Chien|Knock Off|p2a: Florges\n|-resisted|p2a: Florges\n|-damage|p2a: Florges|29/100\n|\n|-damage|p2a: Florges|17/100|[from] Leech Seed|[of] p1a: Wo-Chien\n|upkeep\n|turn|39\n|inactive|Time left: 300 sec this turn | 300 sec total\n|\n|t:|1783559465\n|move|p2a: Florges|Calm Mind|p2a: Florges\n|-boost|p2a: Florges|spa|1\n|-boost|p2a: Florges|spd|1\n|move|p1a: Wo-Chien|Knock Off|p2a: Florges\n|-resisted|p2a: Florges\n|-damage|p2a: Florges|4/100\n|\n|-heal|p2a: Florges|54/100|[from] move: Wish|[wisher] Florges\n|-damage|p2a: Florges|42/100|[from] Leech Seed|[of] p1a: Wo-Chien\n|upkeep\n|turn|40\n|inactive|Time left: 300 sec this turn | 300 sec total\n|\n|t:|1783559466\n|move|p2a: Florges|Wish|p2a: Florges\n|move|p1a: Wo-Chien|Knock Off|p2a: Florges\n|-resisted|p2a: Florges\n|-damage|p2a: Florges|28/100\n|\n|-damage|p2a: Florges|16/100|[from] Leech Seed|[of] p1a: Wo-Chien\n|upkeep\n|turn|41\n|inactive|Time left: 300 sec this turn | 300 sec total\n|\n|t:|1783559467\n|move|p2a: Florges|Moonblast|p1a: Wo-Chien\n|-resisted|p1a: Wo-Chien\n|-damage|p1a: Wo-Chien|186/277 par\n|move|p1a: Wo-Chien|Knock Off|p2a: Florges\n|-resisted|p2a: Florges\n|-damage|p2a: Florges|1/100\n|\n|-heal|p2a: Florges|51/100|[from] move: Wish|[wisher] Florges\n|-heal|p1a: Wo-Chien|203/277 par|[from] item: Leftovers\n|-damage|p2a: Florges|39/100|[from] Leech Seed|[of] p1a: Wo-Chien\n|-heal|p1a: Wo-Chien|236/277 par|[silent]\n|upkeep\n|turn|42\n|inactive|Time left: 300 sec this turn | 300 sec total\n|\n|t:|1783559469\n|move|p2a: Florges|Wish|p2a: Florges\n|cant|p1a: Wo-Chien|par\n|\n|-heal|p1a: Wo-Chien|253/277 par|[from] item: Leftovers\n|-damage|p2a: Florges|27/100|[from] Leech Seed|[of] p1a: Wo-Chien\n|-heal|p1a: Wo-Chien|277/277 par|[silent]\n|upkeep\n|turn|43\n|inactive|Time left: 300 sec this turn | 300 sec total\n|\n|t:|1783559470\n|move|p2a: Florges|Moonblast|p1a: Wo-Chien\n|-resisted|p1a: Wo-Chien\n|-damage|p1a: Wo-Chien|197/277 par\n|-unboost|p1a: Wo-Chien|spa|1\n|move|p1a: Wo-Chien|Knock Off|p2a: Florges\n|-resisted|p2a: Florges\n|-damage|p2a: Florges|13/100\n|\n|-heal|p2a: Florges|63/100|[from] move: Wish|[wisher] Florges\n|-heal|p1a: Wo-Chien|214/277 par|[from] item: Leftovers\n|-damage|p2a: Florges|51/100|[from] Leech Seed|[of] p1a: Wo-Chien\n|-heal|p1a: Wo-Chien|247/277 par|[silent]\n|upkeep\n|turn|44\n|inactive|Time left: 300 sec this turn | 300 sec total\n|\n|t:|1783559471\n|move|p2a: Florges|Wish|p2a: Florges\n|move|p1a: Wo-Chien|Knock Off|p2a: Florges\n|-resisted|p2a: Florges\n|-damage|p2a: Florges|37/100\n|\n|-heal|p1a: Wo-Chien|264/277 par|[from] item: Leftovers\n|-damage|p2a: Florges|25/100|[from] Leech Seed|[of] p1a: Wo-Chien\n|-heal|p1a: Wo-Chien|277/277 par|[silent]\n|upkeep\n|turn|45\n|inactive|Time left: 300 sec this turn | 300 sec total\n|\n|t:|1783559472\n|move|p2a: Florges|Moonblast|p1a: Wo-Chien\n|-resisted|p1a: Wo-Chien\n|-damage|p1a: Wo-Chien|196/277 par\n|move|p1a: Wo-Chien|Knock Off|p2a: Florges\n|-resisted|p2a: Florges\n|-damage|p2a: Florges|12/100\n|\n|-heal|p2a: Florges|62/100|[from] move: Wish|[wisher] Florges\n|-heal|p1a: Wo-Chien|213/277 par|[from] item: Leftovers\n|-damage|p2a: Florges|50/100|[from] Leech Seed|[of] p1a: Wo-Chien\n|-heal|p1a: Wo-Chien|246/277 par|[silent]\n|upkeep\n|turn|46\n|inactive|Time left: 300 sec this turn | 300 sec total\n|\n|t:|1783559473\n|move|p2a: Florges|Wish|p2a: Florges\n|move|p1a: Wo-Chien|Knock Off|p2a: Florges\n|-resisted|p2a: Florges\n|-damage|p2a: Florges|36/100\n|\n|-heal|p1a: Wo-Chien|263/277 par|[from] item: Leftovers\n|-damage|p2a: Florges|24/100|[from] Leech Seed|[of] p1a: Wo-Chien\n|-heal|p1a: Wo-Chien|277/277 par|[silent]\n|upkeep\n|turn|47\n|inactive|Time left: 300 sec this turn | 300 sec total\n|\n|t:|1783559474\n|move|p2a: Florges|Moonblast|p1a: Wo-Chien\n|-resisted|p1a: Wo-Chien\n|-damage|p1a: Wo-Chien|193/277 par\n|-unboost|p1a: Wo-Chien|spa|1\n|cant|p1a: Wo-Chien|par\n|\n|-heal|p2a: Florges|74/100|[from] move: Wish|[wisher] Florges\n|-heal|p1a: Wo-Chien|210/277 par|[from] item: Leftovers\n|-damage|p2a: Florges|62/100|[from] Leech Seed|[of] p1a: Wo-Chien\n|-heal|p1a: Wo-Chien|243/277 par|[silent]\n|upkeep\n|turn|48\n|inactive|Time left: 300 sec this turn | 300 sec total\n|\n|t:|1783559475\n|move|p2a: Florges|Wish|p2a: Florges\n|move|p1a: Wo-Chien|Knock Off|p2a: Florges\n|-resisted|p2a: Florges\n|-damage|p2a: Florges|48/100\n|\n|-heal|p1a: Wo-Chien|260/277 par|[from] item: Leftovers\n|-damage|p2a: Florges|36/100|[from] Leech Seed|[of] p1a: Wo-Chien\n|-heal|p1a: Wo-Chien|277/277 par|[silent]\n|upkeep\n|turn|49\n|inactive|Time left: 300 sec this turn | 300 sec total\n|\n|t:|1783559476\n|move|p2a: Florges|Moonblast|p1a: Wo-Chien\n|-resisted|p1a: Wo-Chien\n|-damage|p1a: Wo-Chien|196/277 par\n|move|p1a: Wo-Chien|Knock Off|p2a: Florges\n|-resisted|p2a: Florges\n|-damage|p2a: Florges|22/100\n|\n|-heal|p2a: Florges|72/100|[from] move: Wish|[wisher] Florges\n|-heal|p1a: Wo-Chien|213/277 par|[from] item: Leftovers\n|-damage|p2a: Florges|60/100|[from] Leech Seed|[of] p1a: Wo-Chien\n|-heal|p1a: Wo-Chien|246/277 par|[silent]\n|upkeep\n|turn|50\n|inactive|Time left: 300 sec this turn | 300 sec total\n|\n|t:|1783559477\n|move|p2a: Florges|Moonblast|p1a: Wo-Chien\n|-resisted|p1a: Wo-Chien\n|-damage|p1a: Wo-Chien|161/277 par\n|move|p1a: Wo-Chien|Knock Off|p2a: Florges\n|-resisted|p2a: Florges\n|-damage|p2a: Florges|46/100\n|\n|-heal|p1a: Wo-Chien|178/277 par|[from] item: Leftovers\n|-damage|p2a: Florges|34/100|[from] Leech Seed|[of] p1a: Wo-Chien\n|-heal|p1a: Wo-Chien|211/277 par|[silent]\n|upkeep\n|turn|51\n|inactive|Time left: 300 sec this turn | 300 sec total\n|\n|t:|1783559479\n|move|p2a: Florges|Wish|p2a: Florges\n|move|p1a: Wo-Chien|Knock Off|p2a: Florges\n|-resisted|p2a: Florges\n|-damage|p2a: Florges|20/100\n|\n|-heal|p1a: Wo-Chien|228/277 par|[from] item: Leftovers\n|-damage|p2a: Florges|8/100|[from] Leech Seed|[of] p1a: Wo-Chien\n|-heal|p1a: Wo-Chien|261/277 par|[silent]\n|upkeep\n|turn|52\n|inactive|Time left: 300 sec this turn | 300 sec total\n|\n|t:|1783559480\n|move|p2a: Florges|Protect|p2a: Florges\n|-singleturn|p2a: Florges|Protect\n|move|p1a: Wo-Chien|Knock Off|p2a: Florges\n|-activate|p2a: Florges|move: Protect\n|\n|-heal|p2a: Florges|58/100|[from] move: Wish|[wisher] Florges\n|-heal|p1a: Wo-Chien|277/277 par|[from] item: Leftovers\n|-damage|p2a: Florges|46/100|[from] Leech Seed|[of] p1a: Wo-Chien\n|upkeep\n|turn|53\n|inactive|Time left: 300 sec this turn | 300 sec total\n|\n|t:|1783559481\n|move|p2a: Florges|Wish|p2a: Florges\n|cant|p1a: Wo-Chien|par\n|\n|-damage|p2a: Florges|33/100|[from] Leech Seed|[of] p1a: Wo-Chien\n|upkeep\n|turn|54\n|inactive|Time left: 300 sec this turn | 300 sec total\n|\n|t:|1783559482\n|move|p2a: Florges|Moonblast|p1a: Wo-Chien\n|-resisted|p1a: Wo-Chien\n|-damage|p1a: Wo-Chien|193/277 par\n|-unboost|p1a: Wo-Chien|spa|1\n|move|p1a: Wo-Chien|Knock Off|p2a: Florges\n|-resisted|p2a: Florges\n|-damage|p2a: Florges|20/100\n|\n|-heal|p2a: Florges|70/100|[from] move: Wish|[wisher] Florges\n|-heal|p1a: Wo-Chien|210/277 par|[from] item: Leftovers\n|-damage|p2a: Florges|57/100|[from] Leech Seed|[of] p1a: Wo-Chien\n|-heal|p1a: Wo-Chien|243/277 par|[silent]\n|upkeep\n|turn|55\n|inactive|Time left: 300 sec this turn | 300 sec total\n|\n|t:|1783559483\n|switch|p1a: Gallade|Gallade, L80, M|90/240\n|move|p2a: Florges|Wish|p2a: Florges\n|\n|-damage|p2a: Florges|45/100|[from] Leech Seed|[of] p1a: Gallade\n|-heal|p1a: Gallade|123/240|[silent]\n|upkeep\n|turn|56\n|inactive|Time left: 300 sec this turn | 300 sec total\n|\n|t:|1783559484\n|switch|p1a: Wo-Chien|Wo-Chien, L83, tera:Poison|243/277 par\n|-ability|p1a: Wo-Chien|Tablets of Ruin\n|move|p2a: Florges|Moonblast|p1a: Wo-Chien\n|-resisted|p1a: Wo-Chien\n|-damage|p1a: Wo-Chien|154/277 par\n|\n|-heal|p2a: Florges|95/100|[from] move: Wish|[wisher] Florges\n|-heal|p1a: Wo-Chien|171/277 par|[from] item: Leftovers\n|-damage|p2a: Florges|83/100|[from] Leech Seed|[of] p1a: Wo-Chien\n|-heal|p1a: Wo-Chien|204/277 par|[silent]\n|upkeep\n|turn|57\n|inactive|Time left: 300 sec this turn | 300 sec total\n|\n|t:|1783559485\n|move|p2a: Florges|Wish|p2a: Florges\n|cant|p1a: Wo-Chien|par\n|\n|-heal|p1a: Wo-Chien|221/277 par|[from] item: Leftovers\n|-damage|p2a: Florges|71/100|[from] Leech Seed|[of] p1a: Wo-Chien\n|-heal|p1a: Wo-Chien|254/277 par|[silent]\n|upkeep\n|turn|58\n|inactive|Time left: 300 sec this turn | 300 sec total\n|\n|t:|1783559486\n|move|p2a: Florges|Moonblast|p1a: Wo-Chien\n|-resisted|p1a: Wo-Chien\n|-crit|p1a: Wo-Chien\n|-damage|p1a: Wo-Chien|134/277 par\n|cant|p1a: Wo-Chien|par\n|\n|-heal|p2a: Florges|100/100|[from] move: Wish|[wisher] Florges\n|-heal|p1a: Wo-Chien|151/277 par|[from] item: Leftovers\n|-damage|p2a: Florges|88/100|[from] Leech Seed|[of] p1a: Wo-Chien\n|-heal|p1a: Wo-Chien|184/277 par|[silent]\n|upkeep\n|turn|59\n|inactive|Time left: 300 sec this turn | 300 sec total\n|\n|t:|1783559487\n|move|p2a: Florges|Moonblast|p1a: Wo-Chien\n|-resisted|p1a: Wo-Chien\n|-damage|p1a: Wo-Chien|107/277 par\n|-unboost|p1a: Wo-Chien|spa|1\n|move|p1a: Wo-Chien|Giga Drain|p2a: Florges\n|-damage|p2a: Florges|82/100\n|-heal|p1a: Wo-Chien|115/277 par|[from] drain|[of] p2a: Florges\n|\n|-heal|p1a: Wo-Chien|132/277 par|[from] item: Leftovers\n|-damage|p2a: Florges|70/100|[from] Leech Seed|[of] p1a: Wo-Chien\n|-heal|p1a: Wo-Chien|165/277 par|[silent]\n|upkeep\n|turn|60\n|inactive|Time left: 300 sec this turn | 300 sec total\n|\n|t:|1783559487\n|move|p2a: Florges|Moonblast|p1a: Wo-Chien\n|-resisted|p1a: Wo-Chien\n|-damage|p1a: Wo-Chien|87/277 par\n|-unboost|p1a: Wo-Chien|spa|1\n|move|p1a: Wo-Chien|Knock Off|p2a: Florges\n|-resisted|p2a: Florges\n|-damage|p2a: Florges|56/100\n|\n|-heal|p1a: Wo-Chien|104/277 par|[from] item: Leftovers\n|-damage|p2a: Florges|44/100|[from] Leech Seed|[of] p1a: Wo-Chien\n|-heal|p1a: Wo-Chien|137/277 par|[silent]\n|upkeep\n|turn|61\n|inactive|Time left: 300 sec this turn | 300 sec total\n|\n|t:|1783559488\n|move|p2a: Florges|Moonblast|p1a: Wo-Chien\n|-resisted|p1a: Wo-Chien\n|-damage|p1a: Wo-Chien|59/277 par\n|-unboost|p1a: Wo-Chien|spa|1\n|cant|p1a: Wo-Chien|par\n|\n|-heal|p1a: Wo-Chien|76/277 par|[from] item: Leftovers\n|-damage|p2a: Florges|32/100|[from] Leech Seed|[of] p1a: Wo-Chien\n|-heal|p1a: Wo-Chien|109/277 par|[silent]\n|upkeep\n|turn|62\n|inactive|Time left: 300 sec this turn | 300 sec total\n|\n|t:|1783559489\n|move|p2a: Florges|Wish|p2a: Florges\n|cant|p1a: Wo-Chien|par\n|\n|-heal|p1a: Wo-Chien|126/277 par|[from] item: Leftovers\n|-damage|p2a: Florges|20/100|[from] Leech Seed|[of] p1a: Wo-Chien\n|-heal|p1a: Wo-Chien|159/277 par|[silent]\n|upkeep\n|turn|63\n|inactive|Time left: 300 sec this turn | 300 sec total\n|\n|t:|1783559490\n|move|p2a: Florges|Moonblast|p1a: Wo-Chien\n|-resisted|p1a: Wo-Chien\n|-damage|p1a: Wo-Chien|76/277 par\n|move|p1a: Wo-Chien|Knock Off|p2a: Florges\n|-resisted|p2a: Florges\n|-damage|p2a: Florges|6/100\n|\n|-heal|p2a: Florges|56/100|[from] move: Wish|[wisher] Florges\n|-heal|p1a: Wo-Chien|93/277 par|[from] item: Leftovers\n|-damage|p2a: Florges|44/100|[from] Leech Seed|[of] p1a: Wo-Chien\n|-heal|p1a: Wo-Chien|126/277 par|[silent]\n|upkeep\n|turn|64\n|inactive|Time left: 300 sec this turn | 300 sec total\n|\n|t:|1783559491\n|move|p2a: Florges|Wish|p2a: Florges\n|cant|p1a: Wo-Chien|par\n|\n|-heal|p1a: Wo-Chien|143/277 par|[from] item: Leftovers\n|-damage|p2a: Florges|32/100|[from] Leech Seed|[of] p1a: Wo-Chien\n|-heal|p1a: Wo-Chien|176/277 par|[silent]\n|upkeep\n|turn|65\n|inactive|Time left: 300 sec this turn | 300 sec total\n|\n|t:|1783559492\n|move|p1a: Wo-Chien|Protect|p1a: Wo-Chien\n|-singleturn|p1a: Wo-Chien|Protect\n|move|p2a: Florges|Moonblast|p1a: Wo-Chien\n|-activate|p1a: Wo-Chien|move: Protect\n|\n|-heal|p2a: Florges|82/100|[from] move: Wish|[wisher] Florges\n|-heal|p1a: Wo-Chien|193/277 par|[from] item: Leftovers\n|-damage|p2a: Florges|70/100|[from] Leech Seed|[of] p1a: Wo-Chien\n|-heal|p1a: Wo-Chien|226/277 par|[silent]\n|upkeep\n|turn|66\n|inactive|Time left: 300 sec this turn | 300 sec total\n|\n|t:|1783559493\n|move|p2a: Florges|Moonblast|p1a: Wo-Chien\n|-resisted|p1a: Wo-Chien\n|-damage|p1a: Wo-Chien|142/277 par\n|-unboost|p1a: Wo-Chien|spa|1\n|move|p1a: Wo-Chien|Knock Off|p2a: Florges\n|-resisted|p2a: Florges\n|-damage|p2a: Florges|56/100\n|\n|-heal|p1a: Wo-Chien|159/277 par|[from] item: Leftovers\n|-damage|p2a: Florges|44/100|[from] Leech Seed|[of] p1a: Wo-Chien\n|-heal|p1a: Wo-Chien|192/277 par|[silent]\n|upkeep\n|turn|67\n|inactive|Time left: 300 sec this turn | 300 sec total\n|\n|t:|1783559494\n|move|p2a: Florges|Moonblast|p1a: Wo-Chien\n|-resisted|p1a: Wo-Chien\n|-crit|p1a: Wo-Chien\n|-damage|p1a: Wo-Chien|55/277 par\n|-unboost|p1a: Wo-Chien|spa|1\n|move|p1a: Wo-Chien|Knock Off|p2a: Florges\n|-resisted|p2a: Florges\n|-damage|p2a: Florges|30/100\n|\n|-heal|p1a: Wo-Chien|72/277 par|[from] item: Leftovers\n|-damage|p2a: Florges|18/100|[from] Leech Seed|[of] p1a: Wo-Chien\n|-heal|p1a: Wo-Chien|105/277 par|[silent]\n|upkeep\n|turn|68\n|inactive|Time left: 300 sec this turn | 300 sec total\n|\n|t:|1783559495\n|move|p2a: Florges|Wish|p2a: Florges\n|move|p1a: Wo-Chien|Knock Off|p2a: Florges\n|-resisted|p2a: Florges\n|-damage|p2a: Florges|5/100\n|\n|-heal|p1a: Wo-Chien|122/277 par|[from] item: Leftovers\n|-damage|p2a: Florges|0 fnt|[from] Leech Seed|[of] p1a: Wo-Chien\n|-heal|p1a: Wo-Chien|133/277 par|[silent]\n|faint|p2a: Florges\n|upkeep\n|\n|t:|1783559496\n|switch|p2a: Magnezone|Magnezone, L85|96/100\n|turn|69\n|inactive|Time left: 300 sec this turn | 300 sec total\n|\n|t:|1783559497\n|move|p2a: Magnezone|Flash Cannon|p1a: Wo-Chien\n|-damage|p1a: Wo-Chien|51/277 par\n|move|p1a: Wo-Chien|Leech Seed|p2a: Magnezone\n|-start|p2a: Magnezone|move: Leech Seed\n|\n|-heal|p2a: Magnezone|100/100|[from] move: Wish|[wisher] Florges\n|-heal|p1a: Wo-Chien|68/277 par|[from] item: Leftovers\n|-damage|p2a: Magnezone|88/100|[from] Leech Seed|[of] p1a: Wo-Chien\n|-heal|p1a: Wo-Chien|100/277 par|[silent]\n|upkeep\n|turn|70\n|inactive|Time left: 300 sec this turn | 300 sec total\n|\n|t:|1783559498\n|switch|p1a: Palkia|Palkia-Origin, L72|249/249\n|-ability|p1a: Palkia|Pressure\n|move|p2a: Magnezone|Thunderbolt|p1a: Palkia\n|-damage|p1a: Palkia|101/249\n|\n|-damage|p2a: Magnezone|76/100|[from] Leech Seed|[of] p1a: Palkia\n|-heal|p1a: Palkia|133/249|[silent]\n|upkeep\n|turn|71\n|inactive|Time left: 300 sec this turn | 300 sec total\n|\n|t:|1783559499\n|move|p1a: Palkia|Hydro Pump|p2a: Magnezone\n|-damage|p2a: Magnezone|20/100\n|move|p2a: Magnezone|Thunderbolt|p1a: Palkia\n|-crit|p1a: Palkia\n|-damage|p1a: Palkia|0 fnt\n|faint|p1a: Palkia\n|\n|upkeep\n|inactive|Time left: 300 sec this turn | 300 sec total | 5 sec grace\n|\n|t:|1783559500\n|switch|p1a: Gallade|Gallade, L80, M|123/240\n|turn|72\n|inactive|Time left: 300 sec this turn | 300 sec total\n|\n|t:|1783559501\n|move|p1a: Gallade|Sacred Sword|p2a: Magnezone\n|-supereffective|p2a: Magnezone\n|-damage|p2a: Magnezone|0 fnt\n|faint|p2a: Magnezone\n|-damage|p1a: Gallade|99/240|[from] item: Life Orb\n|\n|upkeep\n|\n|t:|1783559502\n|switch|p2a: Gurdurr|Gurdurr, L85, F|100/100\n|turn|73\n|inactive|Time left: 300 sec this turn | 300 sec total\n|\n|t:|1783559503\n|move|p1a: Gallade|Sacred Sword|p2a: Gurdurr\n|-damage|p2a: Gurdurr|54/100\n|-damage|p1a: Gallade|75/240|[from] item: Life Orb\n|move|p2a: Gurdurr|Drain Punch|p1a: Gallade\n|-resisted|p1a: Gallade\n|-damage|p1a: Gallade|21/240\n|-heal|p2a: Gurdurr|63/100|[from] drain|[of] p1a: Gallade\n|\n|upkeep\n|turn|74\n|inactive|Time left: 300 sec this turn | 300 sec total\n|\n|t:|1783559504\n|move|p2a: Gurdurr|Mach Punch|p1a: Gallade\n|-resisted|p1a: Gallade\n|-damage|p1a: Gallade|0 fnt\n|faint|p1a: Gallade\n|\n|upkeep\n|inactive|Time left: 300 sec this turn | 300 sec total | 5 sec grace\n|\n|t:|1783559505\n|switch|p1a: Wo-Chien|Wo-Chien, L83, tera:Poison|100/277 par\n|-ability|p1a: Wo-Chien|Tablets of Ruin\n|turn|75\n|inactive|Time left: 300 sec this turn | 300 sec total\n|\n|t:|1783559506\n|move|p2a: Gurdurr|Knock Off|p1a: Wo-Chien\n|-damage|p1a: Wo-Chien|52/277 par\n|-enditem|p1a: Wo-Chien|Leftovers|[from] move: Knock Off|[of] p2a: Gurdurr\n|cant|p1a: Wo-Chien|par\n|\n|upkeep\n|turn|76\n|inactive|Time left: 300 sec this turn | 300 sec total\n|\n|t:|1783559507\n|-terastallize|p2a: Gurdurr|Steel\n|move|p2a: Gurdurr|Knock Off|p1a: Wo-Chien\n|-damage|p1a: Wo-Chien|14/277 par\n|move|p1a: Wo-Chien|Leech Seed|p2a: Gurdurr\n|-start|p2a: Gurdurr|move: Leech Seed\n|\n|-damage|p2a: Gurdurr|51/100|[from] Leech Seed|[of] p1a: Wo-Chien\n|-heal|p1a: Wo-Chien|49/277 par|[silent]\n|upkeep\n|turn|77\n|inactive|Time left: 300 sec this turn | 300 sec total\n|\n|t:|1783559508\n|move|p2a: Gurdurr|Knock Off|p1a: Wo-Chien\n|-damage|p1a: Wo-Chien|15/277 par\n|cant|p1a: Wo-Chien|par\n|\n|-damage|p2a: Gurdurr|38/100|[from] Leech Seed|[of] p1a: Wo-Chien\n|-heal|p1a: Wo-Chien|50/277 par|[silent]\n|upkeep\n|turn|78\n|inactive|Time left: 300 sec this turn | 300 sec total\n|\n|t:|1783559509\n|move|p2a: Gurdurr|Knock Off|p1a: Wo-Chien\n|-damage|p1a: Wo-Chien|15/277 par\n|move|p1a: Wo-Chien|Giga Drain|p2a: Gurdurr\n|-resisted|p2a: Gurdurr\n|-damage|p2a: Gurdurr|25/100\n|-heal|p1a: Wo-Chien|34/277 par|[from] drain|[of] p2a: Gurdurr\n|\n|-damage|p2a: Gurdurr|13/100|[from] Leech Seed|[of] p1a: Wo-Chien\n|-heal|p1a: Wo-Chien|69/277 par|[silent]\n|upkeep\n|turn|79\n|inactive|Time left: 300 sec this turn | 300 sec total\n|\n|t:|1783559510\n|move|p2a: Gurdurr|Knock Off|p1a: Wo-Chien\n|-damage|p1a: Wo-Chien|32/277 par\n|move|p1a: Wo-Chien|Giga Drain|p2a: Gurdurr\n|-resisted|p2a: Gurdurr\n|-damage|p2a: Gurdurr|0 fnt\n|-heal|p1a: Wo-Chien|50/277 par|[from] drain|[of] p2a: Gurdurr\n|faint|p2a: Gurdurr\n|\n|win|p0x17427777", "uploadtime": 1783559510, "views": 0, "rating": 0, "private": 0, "password": null, "_winner": "p0x17427777", "_our_name": "p0x17427777"}