{"id": "battle-gen9randombattle-680", "formatid": "gen9randombattle", "format": "[Gen 9] Random Battle", "players": ["p0x6802132", "p0y6807772"], "log": "|init|battle\n|title|p0x6802132 vs. p0y6807772\n|j|\u2606p0x6802132\n|j|\u2606p0y6807772\n|t:|1783547717\n|gametype|singles\n|player|p1|p0x6802132|102|\n|player|p2|p0y6807772|266|\n|gen|9\n|tier|[Gen 9] Random Battle\n|rule|Species Clause: Limit one of each Pok\u00e9mon\n|rule|HP Percentage Mod: HP is shown in percentages\n|rule|Sleep Clause Mod: Limit one foe put to sleep\n|rule|Illusion Level Mod: Illusion disguises the Pok\u00e9mon's true level\n|\n|t:|1783547717\n|teamsize|p1|6\n|teamsize|p2|6\n|start\n|switch|p1a: Vespiquen|Vespiquen, L99, F|100/100\n|switch|p2a: Pikachu|Pikachu, L93, M|216/216\n|-ability|p1a: Vespiquen|Pressure\n|turn|1\n|inactive|Battle timer is ON: inactive players will automatically lose when time's up. (requested by p0y6807772)\n|inactive|p0x6802132 also wants the timer to be on.\n|\n|t:|1783547719\n|move|p2a: Pikachu|Volt Tackle|p1a: Vespiquen\n|-supereffective|p1a: Vespiquen\n|-damage|p1a: Vespiquen|0 fnt\n|faint|p1a: Vespiquen\n|-damage|p2a: Pikachu|117/216|[from] Recoil\n|\n|upkeep\n|\n|t:|1783547720\n|switch|p1a: Salazzle|Salazzle, L83, F|100/100\n|turn|2\n|inactive|Time left: 300 sec this turn | 300 sec total\n|\n|t:|1783547722\n|switch|p2a: Overqwil|Overqwil, L82, F|274/274\n|-ability|p2a: Overqwil|Intimidate|boost\n|-unboost|p1a: Salazzle|atk|1\n|move|p1a: Salazzle|Sludge Wave|p2a: Overqwil\n|-resisted|p2a: Overqwil\n|-damage|p2a: Overqwil|203/274\n|\n|upkeep\n|turn|3\n|inactive|Time left: 300 sec this turn | 300 sec total\n|\n|t:|1783547723\n|move|p1a: Salazzle|Fire Blast|p2a: Overqwil\n|-damage|p2a: Overqwil|50/274\n|move|p2a: Overqwil|Crunch|p1a: Salazzle\n|-damage|p1a: Salazzle|49/100\n|\n|upkeep\n|turn|4\n|inactive|Time left: 300 sec this turn | 300 sec total\n|\n|t:|1783547724\n|switch|p2a: Luxray|Luxray, L88, M|284/284\n|-ability|p2a: Luxray|Intimidate|boost\n|-unboost|p1a: Salazzle|atk|1\n|move|p1a: Salazzle|Fire Blast|p2a: Luxray\n|-damage|p2a: Luxray|202/284\n|\n|upkeep\n|turn|5\n|inactive|Time left: 300 sec this turn | 300 sec total\n|\n|t:|1783547725\n|switch|p1a: Granbull|Granbull, L88, M|100/100\n|-ability|p1a: Granbull|Intimidate|boost\n|-unboost|p2a: Luxray|atk|1\n|move|p2a: Luxray|Wild Charge|p1a: Granbull\n|-damage|p1a: Granbull|71/100\n|-damage|p2a: Luxray|180/284|[from] Recoil\n|\n|-heal|p1a: Granbull|77/100|[from] item: Leftovers\n|upkeep\n|turn|6\n|inactive|Time left: 300 sec this turn | 300 sec total\n|\n|t:|1783547727\n|move|p2a: Luxray|Volt Switch|p1a: Granbull\n|-damage|p1a: Granbull|43/100\n|inactive|Time left: 300 sec this turn | 300 sec total | 5 sec grace\n|\n|t:|1783547728\n|switch|p2a: Overqwil|Overqwil, L82, F|50/274|[from] Volt Switch\n|-ability|p2a: Overqwil|Intimidate|boost\n|-unboost|p1a: Granbull|atk|1\n|move|p1a: Granbull|Play Rough|p2a: Overqwil\n|-damage|p2a: Overqwil|0 fnt\n|faint|p2a: Overqwil\n|\n|-heal|p1a: Granbull|49/100|[from] item: Leftovers\n|upkeep\n|inactive|Time left: 300 sec this turn | 300 sec total | 10 sec grace\n|\n|t:|1783547728\n|switch|p2a: Floatzel|Floatzel, L86, F|286/286\n|turn|7\n|inactive|Time left: 300 sec this turn | 300 sec total\n|\n|t:|1783547729\n|switch|p1a: Miraidon|Miraidon, L65|100/100\n|-fieldstart|move: Electric Terrain|[from] ability: Hadron Engine|[of] p1a: Miraidon\n|move|p2a: Floatzel|Wave Crash|p1a: Miraidon\n|-resisted|p1a: Miraidon\n|-damage|p1a: Miraidon|53/100\n|-damage|p2a: Floatzel|248/286|[from] Recoil\n|\n|upkeep\n|turn|8\n|inactive|Time left: 300 sec this turn | 300 sec total\n|\n|t:|1783547730\n|move|p2a: Floatzel|Wave Crash|p1a: Miraidon\n|-resisted|p1a: Miraidon\n|-damage|p1a: Miraidon|0 fnt\n|faint|p1a: Miraidon\n|-damage|p2a: Floatzel|207/286|[from] Recoil\n|\n|upkeep\n|\n|t:|1783547731\n|switch|p1a: Sceptile|Sceptile, L87, F|100/100\n|turn|9\n|inactive|Time left: 300 sec this turn | 300 sec total\n|\n|t:|1783547732\n|switch|p2a: Beartic|Beartic, L91, M|321/321\n|move|p1a: Sceptile|Leaf Storm|p2a: Beartic\n|-crit|p2a: Beartic\n|-damage|p2a: Beartic|8/321\n|-unboost|p1a: Sceptile|spa|2\n|-damage|p1a: Sceptile|91/100|[from] item: Life Orb\n|\n|upkeep\n|turn|10\n|inactive|Time left: 300 sec this turn | 300 sec total\n|\n|t:|1783547733\n|switch|p1a: Carbink|Carbink, L90|100/100\n|move|p2a: Beartic|Icicle Crash|p1a: Carbink\n|-damage|p1a: Carbink|65/100\n|\n|upkeep\n|turn|11\n|inactive|Time left: 300 sec this turn | 300 sec total\n|\n|t:|1783547734\n|move|p2a: Beartic|Earthquake|p1a: Carbink\n|-supereffective|p1a: Carbink\n|-damage|p1a: Carbink|14/100\n|move|p1a: Carbink|Body Press|p2a: Beartic\n|-supereffective|p2a: Beartic\n|-damage|p2a: Beartic|0 fnt\n|faint|p2a: Beartic\n|\n|-fieldend|move: Electric Terrain\n|upkeep\n|inactive|Time left: 300 sec this turn | 300 sec total | 5 sec grace\n|\n|t:|1783547735\n|switch|p2a: Floatzel|Floatzel, L86, F|207/286\n|turn|12\n|inactive|Time left: 300 sec this turn | 300 sec total\n|\n|t:|1783547736\n|switch|p1a: Granbull|Granbull, L88, M|49/100\n|-ability|p1a: Granbull|Intimidate|boost\n|-unboost|p2a: Floatzel|atk|1\n|move|p2a: Floatzel|Wave Crash|p1a: Granbull\n|-damage|p1a: Granbull|0 fnt\n|faint|p1a: Granbull\n|-damage|p2a: Floatzel|159/286|[from] Recoil\n|\n|upkeep\n|\n|t:|1783547737\n|switch|p1a: Sceptile|Sceptile, L87, F|91/100\n|turn|13\n|inactive|Time left: 300 sec this turn | 300 sec total\n|\n|t:|1783547738\n|switch|p2a: Jumpluff|Jumpluff, L87, M|271/271\n|move|p1a: Sceptile|Earthquake|p2a: Jumpluff\n|-immune|p2a: Jumpluff\n|\n|upkeep\n|turn|14\n|inactive|Time left: 300 sec this turn | 300 sec total\n|\n|t:|1783547739\n|switch|p1a: Carbink|Carbink, L90|14/100\n|move|p2a: Jumpluff|Acrobatics|p1a: Carbink\n|-resisted|p1a: Carbink\n|-damage|p1a: Carbink|4/100\n|\n|upkeep\n|turn|15\n|inactive|Time left: 300 sec this turn | 300 sec total\n|\n|t:|1783547740\n|move|p2a: Jumpluff|Acrobatics|p1a: Carbink\n|-resisted|p1a: Carbink\n|-damage|p1a: Carbink|0 fnt\n|faint|p1a: Carbink\n|\n|upkeep\n|\n|t:|1783547741\n|switch|p1a: Salazzle|Salazzle, L83, F|49/100\n|turn|16\n|inactive|Time left: 300 sec this turn | 300 sec total\n|\n|t:|1783547742\n|switch|p2a: Floatzel|Floatzel, L86, F|159/286\n|move|p1a: Salazzle|Sludge Wave|p2a: Floatzel\n|-damage|p2a: Floatzel|0 fnt\n|faint|p2a: Floatzel\n|\n|upkeep\n|inactive|Time left: 300 sec this turn | 300 sec total | 5 sec grace\n|\n|t:|1783547743\n|switch|p2a: Luxray|Luxray, L88, M|180/284\n|-ability|p2a: Luxray|Intimidate|boost\n|-unboost|p1a: Salazzle|atk|1\n|turn|17\n|inactive|Time left: 300 sec this turn | 300 sec total\n|\n|t:|1783547744\n|move|p1a: Salazzle|Sludge Wave|p2a: Luxray\n|-damage|p2a: Luxray|101/284\n|move|p2a: Luxray|Throat Chop|p1a: Salazzle\n|-damage|p1a: Salazzle|10/100\n|-start|p1a: Salazzle|Throat Chop|[silent]\n|\n|upkeep\n|turn|18\n|inactive|Time left: 300 sec this turn | 300 sec total\n|\n|t:|1783547745\n|move|p1a: Salazzle|Sludge Wave|p2a: Luxray\n|-damage|p2a: Luxray|26/284\n|-status|p2a: Luxray|psn\n|move|p2a: Luxray|Volt Switch|p1a: Salazzle\n|-damage|p1a: Salazzle|0 fnt\n|faint|p1a: Salazzle\n|inactive|Time left: 300 sec this turn | 300 sec total | 5 sec grace\n|\n|t:|1783547746\n|switch|p2a: Jumpluff|Jumpluff, L87, M|271/271|[from] Volt Switch\n|\n|upkeep\n|\n|t:|1783547747\n|switch|p1a: Sceptile|Sceptile, L87, F|91/100\n|turn|19\n|inactive|Time left: 300 sec this turn | 300 sec total\n|\n|t:|1783547748\n|-terastallize|p1a: Sceptile|Ground\n|-terastallize|p2a: Jumpluff|Steel\n|move|p1a: Sceptile|Rock Slide|p2a: Jumpluff|[miss]\n|-miss|p1a: Sceptile|p2a: Jumpluff\n|move|p2a: Jumpluff|Acrobatics|p1a: Sceptile\n|-damage|p1a: Sceptile|54/100\n|\n|upkeep\n|turn|20\n|inactive|Time left: 300 sec this turn | 300 sec total\n|\n|t:|1783547749\n|switch|p2a: Luxray|Luxray, L88, M|26/284 psn\n|-ability|p2a: Luxray|Intimidate|boost\n|-unboost|p1a: Sceptile|atk|1\n|move|p1a: Sceptile|Rock Slide|p2a: Luxray\n|-damage|p2a: Luxray|0 fnt\n|faint|p2a: Luxray\n|-damage|p1a: Sceptile|44/100|[from] item: Life Orb\n|\n|upkeep\n|inactive|Time left: 300 sec this turn | 300 sec total | 5 sec grace\n|\n|t:|1783547750\n|switch|p2a: Jumpluff|Jumpluff, L87, M, tera:Steel|271/271\n|turn|21\n|inactive|Time left: 300 sec this turn | 300 sec total\n|\n|t:|1783547751\n|move|p1a: Sceptile|Earthquake|p2a: Jumpluff\n|-supereffective|p2a: Jumpluff\n|-damage|p2a: Jumpluff|68/271\n|-damage|p1a: Sceptile|35/100|[from] item: Life Orb\n|move|p2a: Jumpluff|Acrobatics|p1a: Sceptile\n|-damage|p1a: Sceptile|0 fnt\n|faint|p1a: Sceptile\n|\n|win|p0y6807772", "uploadtime": 1783547751, "views": 0, "rating": 0, "private": 0, "password": null, "_winner": "p0y6807772", "_our_name": "p0y6807772"}