{"id": "battle-gen9randombattle-960", "formatid": "gen9randombattle", "format": "[Gen 9] Random Battle", "players": ["p0x9600ab3", "p0y9604489"], "log": "|init|battle\n|title|p0x9600ab3 vs. p0y9604489\n|j|\u2606p0x9600ab3\n|j|\u2606p0y9604489\n|t:|1783551007\n|gametype|singles\n|player|p1|p0x9600ab3|102|\n|player|p2|p0y9604489|2|\n|gen|9\n|tier|[Gen 9] Random Battle\n|rule|Species Clause: Limit one of each Pok\u00e9mon\n|rule|HP Percentage Mod: HP is shown in percentages\n|rule|Sleep Clause Mod: Limit one foe put to sleep\n|rule|Illusion Level Mod: Illusion disguises the Pok\u00e9mon's true level\n|\n|t:|1783551007\n|teamsize|p1|6\n|teamsize|p2|6\n|start\n|switch|p1a: Perrserker|Perrserker, L89, M|269/269\n|switch|p2a: Lanturn|Lanturn, L89, M|100/100\n|turn|1\n|inactive|Battle timer is ON: inactive players will automatically lose when time's up. (requested by p0x9600ab3)\n|inactive|p0y9604489 also wants the timer to be on.\n|\n|t:|1783551009\n|move|p2a: Lanturn|Scald|p1a: Perrserker\n|-damage|p1a: Perrserker|175/269\n|-status|p1a: Perrserker|brn\n|move|p1a: Perrserker|Stealth Rock|p2a: Lanturn\n|-sidestart|p2: p0y9604489|move: Stealth Rock\n|\n|-damage|p1a: Perrserker|159/269 brn|[from] brn\n|upkeep\n|turn|2\n|inactive|Time left: 300 sec this turn | 300 sec total\n|\n|t:|1783551010\n|move|p2a: Lanturn|Scald|p1a: Perrserker\n|-crit|p1a: Perrserker\n|-damage|p1a: Perrserker|17/269 brn\n|move|p1a: Perrserker|Close Combat|p2a: Lanturn\n|-damage|p2a: Lanturn|71/100\n|-unboost|p1a: Perrserker|def|1\n|-unboost|p1a: Perrserker|spd|1\n|-damage|p1a: Perrserker|0 fnt|[from] item: Life Orb\n|faint|p1a: Perrserker\n|\n|upkeep\n|inactive|Time left: 300 sec this turn | 300 sec total | 5 sec grace\n|\n|t:|1783551011\n|switch|p1a: Alcremie|Alcremie-Ruby-Swirl, L90, F|263/263\n|turn|3\n|inactive|Time left: 300 sec this turn | 300 sec total\n|\n|t:|1783551012\n|move|p2a: Lanturn|Thunder Wave|p1a: Alcremie\n|-status|p1a: Alcremie|par\n|move|p1a: Alcremie|Calm Mind|p1a: Alcremie\n|-boost|p1a: Alcremie|spa|1\n|-boost|p1a: Alcremie|spd|1\n|\n|upkeep\n|turn|4\n|inactive|Time left: 300 sec this turn | 300 sec total\n|\n|t:|1783551013\n|switch|p2a: Cresselia|Cresselia, L80, F|100/100\n|-damage|p2a: Cresselia|88/100|[from] Stealth Rock\n|move|p1a: Alcremie|Alluring Voice|p2a: Cresselia\n|-damage|p2a: Cresselia|49/100\n|\n|-heal|p2a: Cresselia|55/100|[from] item: Leftovers\n|upkeep\n|turn|5\n|inactive|Time left: 300 sec this turn | 300 sec total\n|\n|t:|1783551014\n|move|p2a: Cresselia|Calm Mind|p2a: Cresselia\n|-boost|p2a: Cresselia|spa|1\n|-boost|p2a: Cresselia|spd|1\n|move|p1a: Alcremie|Calm Mind|p1a: Alcremie\n|-boost|p1a: Alcremie|spa|1\n|-boost|p1a: Alcremie|spd|1\n|\n|-heal|p2a: Cresselia|61/100|[from] item: Leftovers\n|upkeep\n|turn|6\n|inactive|Time left: 300 sec this turn | 300 sec total\n|\n|t:|1783551015\n|move|p2a: Cresselia|Calm Mind|p2a: Cresselia\n|-boost|p2a: Cresselia|spa|1\n|-boost|p2a: Cresselia|spd|1\n|move|p1a: Alcremie|Alluring Voice|p2a: Cresselia\n|-damage|p2a: Cresselia|33/100\n|-start|p2a: Cresselia|confusion\n|\n|-heal|p2a: Cresselia|40/100|[from] item: Leftovers\n|upkeep\n|turn|7\n|inactive|Time left: 300 sec this turn | 300 sec total\n|\n|t:|1783551016\n|-activate|p2a: Cresselia|confusion\n|move|p2a: Cresselia|Moonlight|p2a: Cresselia\n|-heal|p2a: Cresselia|89/100\n|move|p1a: Alcremie|Alluring Voice|p2a: Cresselia\n|-damage|p2a: Cresselia|61/100\n|\n|-heal|p2a: Cresselia|68/100|[from] item: Leftovers\n|upkeep\n|turn|8\n|inactive|Time left: 300 sec this turn | 300 sec total\n|\n|t:|1783551017\n|-end|p2a: Cresselia|confusion\n|move|p2a: Cresselia|Psyshock|p1a: Alcremie\n|-damage|p1a: Alcremie|118/263 par\n|cant|p1a: Alcremie|par\n|\n|-heal|p2a: Cresselia|74/100|[from] item: Leftovers\n|-heal|p1a: Alcremie|134/263 par|[from] item: Leftovers\n|upkeep\n|turn|9\n|inactive|Time left: 300 sec this turn | 300 sec total\n|\n|t:|1783551019\n|-terastallize|p1a: Alcremie|Steel\n|move|p2a: Cresselia|Psyshock|p1a: Alcremie\n|-resisted|p1a: Alcremie\n|-crit|p1a: Alcremie\n|-damage|p1a: Alcremie|32/263 par\n|move|p1a: Alcremie|Recover|p1a: Alcremie\n|-heal|p1a: Alcremie|164/263 par\n|\n|-heal|p2a: Cresselia|80/100|[from] item: Leftovers\n|-heal|p1a: Alcremie|180/263 par|[from] item: Leftovers\n|upkeep\n|turn|10\n|inactive|Time left: 300 sec this turn | 300 sec total\n|\n|t:|1783551020\n|move|p2a: Cresselia|Calm Mind|p2a: Cresselia\n|-boost|p2a: Cresselia|spa|1\n|-boost|p2a: Cresselia|spd|1\n|move|p1a: Alcremie|Psyshock|p2a: Cresselia\n|-resisted|p2a: Cresselia\n|-damage|p2a: Cresselia|59/100\n|\n|-heal|p2a: Cresselia|65/100|[from] item: Leftovers\n|-heal|p1a: Alcremie|196/263 par|[from] item: Leftovers\n|upkeep\n|turn|11\n|inactive|Time left: 300 sec this turn | 300 sec total\n|\n|t:|1783551021\n|move|p2a: Cresselia|Psyshock|p1a: Alcremie\n|-resisted|p1a: Alcremie\n|-crit|p1a: Alcremie\n|-damage|p1a: Alcremie|71/263 par\n|move|p1a: Alcremie|Alluring Voice|p2a: Cresselia\n|-damage|p2a: Cresselia|44/100\n|\n|-heal|p2a: Cresselia|51/100|[from] item: Leftovers\n|-heal|p1a: Alcremie|87/263 par|[from] item: Leftovers\n|upkeep\n|turn|12\n|inactive|Time left: 300 sec this turn | 300 sec total\n|\n|t:|1783551022\n|move|p2a: Cresselia|Psyshock|p1a: Alcremie\n|-resisted|p1a: Alcremie\n|-damage|p1a: Alcremie|4/263 par\n|move|p1a: Alcremie|Recover|p1a: Alcremie\n|-heal|p1a: Alcremie|136/263 par\n|\n|-heal|p2a: Cresselia|57/100|[from] item: Leftovers\n|-heal|p1a: Alcremie|152/263 par|[from] item: Leftovers\n|upkeep\n|turn|13\n|inactive|Time left: 300 sec this turn | 300 sec total\n|\n|t:|1783551023\n|move|p2a: Cresselia|Psyshock|p1a: Alcremie\n|-resisted|p1a: Alcremie\n|-damage|p1a: Alcremie|74/263 par\n|move|p1a: Alcremie|Recover|p1a: Alcremie\n|-heal|p1a: Alcremie|206/263 par\n|\n|-heal|p2a: Cresselia|63/100|[from] item: Leftovers\n|-heal|p1a: Alcremie|222/263 par|[from] item: Leftovers\n|upkeep\n|turn|14\n|inactive|Time left: 300 sec this turn | 300 sec total\n|\n|t:|1783551024\n|move|p2a: Cresselia|Moonlight|p2a: Cresselia\n|-heal|p2a: Cresselia|100/100\n|cant|p1a: Alcremie|par\n|\n|-heal|p1a: Alcremie|238/263 par|[from] item: Leftovers\n|upkeep\n|turn|15\n|inactive|Time left: 300 sec this turn | 300 sec total\n|\n|t:|1783551025\n|move|p2a: Cresselia|Moonblast|p1a: Alcremie\n|-resisted|p1a: Alcremie\n|-damage|p1a: Alcremie|214/263 par\n|-unboost|p1a: Alcremie|spa|1\n|move|p1a: Alcremie|Calm Mind|p1a: Alcremie\n|-boost|p1a: Alcremie|spa|1\n|-boost|p1a: Alcremie|spd|1\n|\n|-heal|p1a: Alcremie|230/263 par|[from] item: Leftovers\n|upkeep\n|turn|16\n|inactive|Time left: 300 sec this turn | 300 sec total\n|\n|t:|1783551027\n|move|p2a: Cresselia|Calm Mind|p2a: Cresselia\n|-boost|p2a: Cresselia|spa|1\n|-boost|p2a: Cresselia|spd|1\n|move|p1a: Alcremie|Calm Mind|p1a: Alcremie\n|-boost|p1a: Alcremie|spa|1\n|-boost|p1a: Alcremie|spd|1\n|\n|-heal|p1a: Alcremie|246/263 par|[from] item: Leftovers\n|upkeep\n|turn|17\n|inactive|Time left: 300 sec this turn | 300 sec total\n|\n|t:|1783551028\n|move|p2a: Cresselia|Psyshock|p1a: Alcremie\n|-resisted|p1a: Alcremie\n|-damage|p1a: Alcremie|145/263 par\n|move|p1a: Alcremie|Alluring Voice|p2a: Cresselia\n|-damage|p2a: Cresselia|76/100\n|\n|-heal|p2a: Cresselia|83/100|[from] item: Leftovers\n|-heal|p1a: Alcremie|161/263 par|[from] item: Leftovers\n|upkeep\n|turn|18\n|inactive|Time left: 300 sec this turn | 300 sec total\n|\n|t:|1783551029\n|move|p2a: Cresselia|Psyshock|p1a: Alcremie\n|-resisted|p1a: Alcremie\n|-damage|p1a: Alcremie|57/263 par\n|move|p1a: Alcremie|Recover|p1a: Alcremie\n|-heal|p1a: Alcremie|189/263 par\n|\n|-heal|p2a: Cresselia|89/100|[from] item: Leftovers\n|-heal|p1a: Alcremie|205/263 par|[from] item: Leftovers\n|upkeep\n|turn|19\n|inactive|Time left: 300 sec this turn | 300 sec total\n|\n|t:|1783551030\n|move|p2a: Cresselia|Psyshock|p1a: Alcremie\n|-resisted|p1a: Alcremie\n|-damage|p1a: Alcremie|109/263 par\n|cant|p1a: Alcremie|par\n|\n|-heal|p2a: Cresselia|95/100|[from] item: Leftovers\n|-heal|p1a: Alcremie|125/263 par|[from] item: Leftovers\n|upkeep\n|turn|20\n|inactive|Time left: 300 sec this turn | 300 sec total\n|\n|t:|1783551031\n|move|p2a: Cresselia|Psyshock|p1a: Alcremie\n|-resisted|p1a: Alcremie\n|-damage|p1a: Alcremie|31/263 par\n|move|p1a: Alcremie|Recover|p1a: Alcremie\n|-heal|p1a: Alcremie|163/263 par\n|\n|-heal|p2a: Cresselia|100/100|[from] item: Leftovers\n|-heal|p1a: Alcremie|179/263 par|[from] item: Leftovers\n|upkeep\n|turn|21\n|inactive|Time left: 300 sec this turn | 300 sec total\n|\n|t:|1783551032\n|move|p2a: Cresselia|Psyshock|p1a: Alcremie\n|-resisted|p1a: Alcremie\n|-damage|p1a: Alcremie|73/263 par\n|move|p1a: Alcremie|Recover|p1a: Alcremie\n|-heal|p1a: Alcremie|205/263 par\n|\n|-heal|p1a: Alcremie|221/263 par|[from] item: Leftovers\n|upkeep\n|turn|22\n|inactive|Time left: 300 sec this turn | 300 sec total\n|\n|t:|1783551033\n|move|p2a: Cresselia|Psyshock|p1a: Alcremie\n|-resisted|p1a: Alcremie\n|-damage|p1a: Alcremie|127/263 par\n|move|p1a: Alcremie|Alluring Voice|p2a: Cresselia\n|-damage|p2a: Cresselia|78/100\n|\n|-heal|p2a: Cresselia|84/100|[from] item: Leftovers\n|-heal|p1a: Alcremie|143/263 par|[from] item: Leftovers\n|upkeep\n|turn|23\n|inactive|Time left: 300 sec this turn | 300 sec total\n|\n|t:|1783551034\n|move|p2a: Cresselia|Psyshock|p1a: Alcremie\n|-resisted|p1a: Alcremie\n|-damage|p1a: Alcremie|35/263 par\n|move|p1a: Alcremie|Recover|p1a: Alcremie\n|-heal|p1a: Alcremie|167/263 par\n|\n|-heal|p2a: Cresselia|90/100|[from] item: Leftovers\n|-heal|p1a: Alcremie|183/263 par|[from] item: Leftovers\n|upkeep\n|turn|24\n|inactive|Time left: 300 sec this turn | 300 sec total\n|\n|t:|1783551036\n|move|p2a: Cresselia|Psyshock|p1a: Alcremie\n|-resisted|p1a: Alcremie\n|-damage|p1a: Alcremie|86/263 par\n|move|p1a: Alcremie|Recover|p1a: Alcremie\n|-heal|p1a: Alcremie|218/263 par\n|\n|-heal|p2a: Cresselia|96/100|[from] item: Leftovers\n|-heal|p1a: Alcremie|234/263 par|[from] item: Leftovers\n|upkeep\n|turn|25\n|inactive|Time left: 300 sec this turn | 300 sec total\n|\n|t:|1783551037\n|move|p2a: Cresselia|Psyshock|p1a: Alcremie\n|-resisted|p1a: Alcremie\n|-damage|p1a: Alcremie|138/263 par\n|move|p1a: Alcremie|Psyshock|p2a: Cresselia\n|-resisted|p2a: Cresselia\n|-damage|p2a: Cresselia|74/100\n|\n|-heal|p2a: Cresselia|80/100|[from] item: Leftovers\n|-heal|p1a: Alcremie|154/263 par|[from] item: Leftovers\n|upkeep\n|turn|26\n|inactive|Time left: 300 sec this turn | 300 sec total\n|\n|t:|1783551038\n|move|p2a: Cresselia|Psyshock|p1a: Alcremie\n|-resisted|p1a: Alcremie\n|-damage|p1a: Alcremie|58/263 par\n|move|p1a: Alcremie|Psyshock|p2a: Cresselia\n|-resisted|p2a: Cresselia\n|-damage|p2a: Cresselia|55/100\n|\n|-heal|p2a: Cresselia|61/100|[from] item: Leftovers\n|-heal|p1a: Alcremie|74/263 par|[from] item: Leftovers\n|upkeep\n|turn|27\n|inactive|Time left: 300 sec this turn | 300 sec total\n|\n|t:|1783551039\n|switch|p1a: Solgaleo|Solgaleo, L74|325/325\n|move|p2a: Cresselia|Psyshock|p1a: Solgaleo\n|-resisted|p1a: Solgaleo\n|-damage|p1a: Solgaleo|280/325\n|\n|-heal|p2a: Cresselia|67/100|[from] item: Leftovers\n|upkeep\n|turn|28\n|inactive|Time left: 300 sec this turn | 300 sec total\n|\n|t:|1783551041\n|move|p1a: Solgaleo|Flame Charge|p2a: Cresselia\n|-damage|p2a: Cresselia|57/100\n|-boost|p1a: Solgaleo|spe|1\n|move|p2a: Cresselia|Moonblast|p1a: Solgaleo\n|-resisted|p1a: Solgaleo\n|-damage|p1a: Solgaleo|193/325\n|\n|-heal|p2a: Cresselia|63/100|[from] item: Leftovers\n|upkeep\n|turn|29\n|inactive|Time left: 300 sec this turn | 300 sec total\n|\n|t:|1783551042\n|move|p1a: Solgaleo|Sunsteel Strike|p2a: Cresselia\n|-damage|p2a: Cresselia|35/100\n|move|p2a: Cresselia|Moonlight|p2a: Cresselia\n|-heal|p2a: Cresselia|85/100\n|\n|-heal|p2a: Cresselia|92/100|[from] item: Leftovers\n|upkeep\n|turn|30\n|inactive|Time left: 300 sec this turn | 300 sec total\n|\n|t:|1783551043\n|move|p1a: Solgaleo|Sunsteel Strike|p2a: Cresselia\n|-damage|p2a: Cresselia|64/100\n|move|p2a: Cresselia|Moonblast|p1a: Solgaleo\n|-resisted|p1a: Solgaleo\n|-crit|p1a: Solgaleo\n|-damage|p1a: Solgaleo|56/325\n|\n|-heal|p2a: Cresselia|70/100|[from] item: Leftovers\n|upkeep\n|turn|31\n|inactive|Time left: 300 sec this turn | 300 sec total\n|\n|t:|1783551044\n|switch|p1a: Alcremie|Alcremie-Ruby-Swirl, L90, F, tera:Steel|74/263 par\n|move|p2a: Cresselia|Moonblast|p1a: Alcremie\n|-resisted|p1a: Alcremie\n|-damage|p1a: Alcremie|16/263 par\n|\n|-heal|p2a: Cresselia|77/100|[from] item: Leftovers\n|-heal|p1a: Alcremie|32/263 par|[from] item: Leftovers\n|upkeep\n|turn|32\n|inactive|Time left: 300 sec this turn | 300 sec total\n|\n|t:|1783551045\n|move|p2a: Cresselia|Moonblast|p1a: Alcremie\n|-resisted|p1a: Alcremie\n|-damage|p1a: Alcremie|0 fnt\n|faint|p1a: Alcremie\n|\n|-heal|p2a: Cresselia|83/100|[from] item: Leftovers\n|upkeep\n|inactive|Time left: 300 sec this turn | 300 sec total | 5 sec grace\n|\n|t:|1783551046\n|switch|p1a: Vivillon|Vivillon-River, L83, F|268/268\n|turn|33\n|inactive|Time left: 300 sec this turn | 300 sec total\n|\n|t:|1783551047\n|move|p1a: Vivillon|Sleep Powder|p2a: Cresselia\n|-status|p2a: Cresselia|slp|[from] move: Sleep Powder\n|cant|p2a: Cresselia|slp\n|\n|-heal|p2a: Cresselia|89/100 slp|[from] item: Leftovers\n|upkeep\n|turn|34\n|inactive|Time left: 300 sec this turn | 300 sec total\n|\n|t:|1783551048\n|move|p1a: Vivillon|Quiver Dance|p1a: Vivillon\n|-boost|p1a: Vivillon|spa|1\n|-boost|p1a: Vivillon|spd|1\n|-boost|p1a: Vivillon|spe|1\n|-curestatus|p2a: Cresselia|slp|[msg]\n|move|p2a: Cresselia|Moonblast|p1a: Vivillon\n|-damage|p1a: Vivillon|107/268\n|\n|-heal|p2a: Cresselia|95/100|[from] item: Leftovers\n|upkeep\n|turn|35\n|inactive|Time left: 300 sec this turn | 300 sec total\n|\n|t:|1783551049\n|move|p1a: Vivillon|Sleep Powder|p2a: Cresselia\n|-status|p2a: Cresselia|slp|[from] move: Sleep Powder\n|cant|p2a: Cresselia|slp\n|\n|-heal|p2a: Cresselia|100/100 slp|[from] item: Leftovers\n|upkeep\n|turn|36\n|inactive|Time left: 300 sec this turn | 300 sec total\n|\n|t:|1783551050\n|move|p1a: Vivillon|Quiver Dance|p1a: Vivillon\n|-boost|p1a: Vivillon|spa|1\n|-boost|p1a: Vivillon|spd|1\n|-boost|p1a: Vivillon|spe|1\n|cant|p2a: Cresselia|slp\n|\n|upkeep\n|turn|37\n|inactive|Time left: 300 sec this turn | 300 sec total\n|\n|t:|1783551051\n|move|p1a: Vivillon|Quiver Dance|p1a: Vivillon\n|-boost|p1a: Vivillon|spa|1\n|-boost|p1a: Vivillon|spd|1\n|-boost|p1a: Vivillon|spe|1\n|cant|p2a: Cresselia|slp\n|\n|upkeep\n|turn|38\n|inactive|Time left: 300 sec this turn | 300 sec total\n|\n|t:|1783551052\n|move|p1a: Vivillon|Hurricane|p2a: Cresselia|[miss]\n|-miss|p1a: Vivillon|p2a: Cresselia\n|-curestatus|p2a: Cresselia|slp|[msg]\n|move|p2a: Cresselia|Moonblast|p1a: Vivillon\n|-damage|p1a: Vivillon|10/268\n|\n|upkeep\n|turn|39\n|inactive|Time left: 300 sec this turn | 300 sec total\n|\n|t:|1783551053\n|move|p1a: Vivillon|Sleep Powder|p2a: Cresselia\n|-status|p2a: Cresselia|slp|[from] move: Sleep Powder\n|cant|p2a: Cresselia|slp\n|\n|upkeep\n|turn|40\n|inactive|Time left: 300 sec this turn | 300 sec total\n|\n|t:|1783551054\n|move|p1a: Vivillon|Hurricane|p2a: Cresselia\n|-damage|p2a: Cresselia|76/100 slp\n|-curestatus|p2a: Cresselia|slp|[msg]\n|move|p2a: Cresselia|Moonblast|p1a: Vivillon\n|-damage|p1a: Vivillon|0 fnt\n|faint|p1a: Vivillon\n|\n|-heal|p2a: Cresselia|82/100|[from] item: Leftovers\n|upkeep\n|inactive|Time left: 300 sec this turn | 300 sec total | 5 sec grace\n|\n|t:|1783551055\n|switch|p1a: Jolteon|Jolteon, L84, M|246/246\n|turn|41\n|inactive|Time left: 300 sec this turn | 300 sec total\n|\n|t:|1783551056\n|move|p1a: Jolteon|Calm Mind|p1a: Jolteon\n|-boost|p1a: Jolteon|spa|1\n|-boost|p1a: Jolteon|spd|1\n|move|p2a: Cresselia|Moonblast|p1a: Jolteon\n|-damage|p1a: Jolteon|145/246\n|-unboost|p1a: Jolteon|spa|1\n|\n|-heal|p2a: Cresselia|88/100|[from] item: Leftovers\n|upkeep\n|turn|42\n|inactive|Time left: 300 sec this turn | 300 sec total\n|\n|t:|1783551057\n|move|p1a: Jolteon|Calm Mind|p1a: Jolteon\n|-boost|p1a: Jolteon|spa|1\n|-boost|p1a: Jolteon|spd|1\n|move|p2a: Cresselia|Moonblast|p1a: Jolteon\n|-crit|p1a: Jolteon\n|-damage|p1a: Jolteon|0 fnt\n|faint|p1a: Jolteon\n|\n|-heal|p2a: Cresselia|95/100|[from] item: Leftovers\n|upkeep\n|inactive|Time left: 300 sec this turn | 300 sec total | 5 sec grace\n|\n|t:|1783551058\n|switch|p1a: Solgaleo|Solgaleo, L74|56/325\n|turn|43\n|inactive|Time left: 300 sec this turn | 300 sec total\n|\n|t:|1783551059\n|switch|p1a: Gothitelle|Gothitelle, L90, F|272/272\n|move|p2a: Cresselia|Moonblast|p1a: Gothitelle\n|-damage|p1a: Gothitelle|153/272\n|-unboost|p1a: Gothitelle|spa|1\n|\n|-heal|p2a: Cresselia|100/100|[from] item: Leftovers\n|upkeep\n|turn|44\n|inactive|Time left: 300 sec this turn | 300 sec total\n|\n|t:|1783551060\n|move|p1a: Gothitelle|Focus Blast|p2a: Cresselia\n|-resisted|p2a: Cresselia\n|-damage|p2a: Cresselia|98/100\n|-unboost|p2a: Cresselia|spd|1\n|move|p2a: Cresselia|Moonblast|p1a: Gothitelle\n|-damage|p1a: Gothitelle|41/272\n|\n|-heal|p2a: Cresselia|100/100|[from] item: Leftovers\n|upkeep\n|turn|45\n|inactive|Time left: 300 sec this turn | 300 sec total\n|\n|t:|1783551061\n|move|p1a: Gothitelle|Focus Blast|p2a: Cresselia\n|-resisted|p2a: Cresselia\n|-crit|p2a: Cresselia\n|-damage|p2a: Cresselia|82/100\n|-unboost|p2a: Cresselia|spd|1\n|move|p2a: Cresselia|Moonblast|p1a: Gothitelle\n|-damage|p1a: Gothitelle|0 fnt\n|faint|p1a: Gothitelle\n|\n|-heal|p2a: Cresselia|88/100|[from] item: Leftovers\n|upkeep\n|inactive|Time left: 300 sec this turn | 300 sec total | 5 sec grace\n|\n|t:|1783551062\n|switch|p1a: Solgaleo|Solgaleo, L74|56/325\n|turn|46\n|inactive|Time left: 300 sec this turn | 300 sec total\n|\n|t:|1783551063\n|-terastallize|p2a: Cresselia|Poison\n|move|p1a: Solgaleo|Earthquake|p2a: Cresselia\n|-immune|p2a: Cresselia|[from] ability: Levitate\n|move|p2a: Cresselia|Moonblast|p1a: Solgaleo\n|-resisted|p1a: Solgaleo\n|-damage|p1a: Solgaleo|0 fnt\n|faint|p1a: Solgaleo\n|\n|win|p0y9604489", "uploadtime": 1783551063, "views": 0, "rating": 0, "private": 0, "password": null, "_winner": "p0y9604489", "_our_name": "p0x9600ab3"}