{"id": "battle-gen9randombattle-415", "formatid": "gen9randombattle", "format": "[Gen 9] Random Battle", "players": ["p0x415bdba", "p0y415b289"], "log": "|init|battle\n|title|p0x415bdba vs. p0y415b289\n|j|\u2606p0x415bdba\n|j|\u2606p0y415b289\n|t:|1783543869\n|gametype|singles\n|player|p1|p0x415bdba|1|\n|player|p2|p0y415b289|266|\n|gen|9\n|tier|[Gen 9] Random Battle\n|rule|Species Clause: Limit one of each Pok\u00e9mon\n|rule|HP Percentage Mod: HP is shown in percentages\n|rule|Sleep Clause Mod: Limit one foe put to sleep\n|rule|Illusion Level Mod: Illusion disguises the Pok\u00e9mon's true level\n|\n|t:|1783543869\n|teamsize|p1|6\n|teamsize|p2|6\n|start\n|switch|p1a: Cobalion|Cobalion, L80|100/100\n|switch|p2a: Flapple|Flapple, L88, M|266/266\n|turn|1\n|inactive|Battle timer is ON: inactive players will automatically lose when time's up. (requested by p0y415b289)\n|inactive|p0x415bdba also wants the timer to be on.\n|\n|t:|1783543870\n|move|p1a: Cobalion|Swords Dance|p1a: Cobalion\n|-boost|p1a: Cobalion|atk|2\n|move|p2a: Flapple|Dragon Dance|p2a: Flapple\n|-boost|p2a: Flapple|atk|1\n|-boost|p2a: Flapple|spe|1\n|\n|upkeep\n|turn|2\n|inactive|Time left: 300 sec this turn | 300 sec total\n|\n|t:|1783543871\n|move|p2a: Flapple|Outrage|p1a: Cobalion\n|-resisted|p1a: Cobalion\n|-damage|p1a: Cobalion|49/100\n|move|p1a: Cobalion|Iron Head|p2a: Flapple\n|-damage|p2a: Flapple|121/266\n|\n|-heal|p1a: Cobalion|55/100|[from] item: Leftovers\n|upkeep\n|turn|3\n|inactive|Time left: 300 sec this turn | 300 sec total\n|\n|t:|1783543872\n|move|p2a: Flapple|Outrage|p1a: Cobalion|[from] lockedmove\n|-resisted|p1a: Cobalion\n|-crit|p1a: Cobalion\n|-damage|p1a: Cobalion|0 fnt\n|faint|p1a: Cobalion\n|-start|p2a: Flapple|confusion|[fatigue]\n|-enditem|p2a: Flapple|Lum Berry|[eat]\n|-end|p2a: Flapple|confusion\n|\n|upkeep\n|\n|t:|1783543873\n|switch|p1a: Farigiraf|Farigiraf, L90, M|100/100\n|turn|4\n|inactive|Time left: 300 sec this turn | 300 sec total\n|\n|t:|1783543874\n|move|p2a: Flapple|Outrage|p1a: Farigiraf\n|-crit|p1a: Farigiraf\n|-damage|p1a: Farigiraf|0 fnt\n|faint|p1a: Farigiraf\n|\n|upkeep\n|\n|t:|1783543875\n|switch|p1a: Sunflora|Sunflora, F|100/100\n|turn|5\n|inactive|Time left: 300 sec this turn | 300 sec total\n|\n|t:|1783543876\n|move|p2a: Flapple|Outrage|p1a: Sunflora|[from] lockedmove\n|-damage|p1a: Sunflora|0 fnt\n|faint|p1a: Sunflora\n|\n|upkeep\n|\n|t:|1783543877\n|switch|p1a: Typhlosion|Typhlosion-Hisui, L83, M|100/100\n|turn|6\n|inactive|Time left: 300 sec this turn | 300 sec total\n|\n|t:|1783543878\n|move|p2a: Flapple|Outrage|p1a: Typhlosion|[from] lockedmove|[miss]\n|-miss|p2a: Flapple|p1a: Typhlosion\n|-start|p2a: Flapple|confusion|[fatigue]\n|move|p1a: Typhlosion|Fire Blast|p2a: Flapple\n|-damage|p2a: Flapple|0 fnt\n|faint|p2a: Flapple\n|\n|upkeep\n|inactive|Time left: 300 sec this turn | 300 sec total | 5 sec grace\n|\n|t:|1783543879\n|switch|p2a: Swampert|Swampert, L83, M|302/302\n|turn|7\n|inactive|Time left: 300 sec this turn | 300 sec total\n|\n|t:|1783543880\n|move|p1a: Typhlosion|Will-O-Wisp|p2a: Swampert\n|-status|p2a: Swampert|brn\n|move|p2a: Swampert|Earthquake|p1a: Typhlosion\n|-supereffective|p1a: Typhlosion\n|-damage|p1a: Typhlosion|51/100\n|\n|-damage|p2a: Swampert|284/302 brn|[from] brn\n|upkeep\n|turn|8\n|inactive|Time left: 300 sec this turn | 300 sec total\n|\n|t:|1783543881\n|switch|p1a: Ho-Oh|Ho-Oh, L71|100/100\n|move|p2a: Swampert|Earthquake|p1a: Ho-Oh\n|-immune|p1a: Ho-Oh\n|\n|-heal|p2a: Swampert|302/302 brn|[from] item: Leftovers\n|-damage|p2a: Swampert|284/302 brn|[from] brn\n|upkeep\n|turn|9\n|inactive|Time left: 300 sec this turn | 300 sec total\n|\n|t:|1783543883\n|move|p1a: Ho-Oh|Sacred Fire|p2a: Swampert\n|-resisted|p2a: Swampert\n|-damage|p2a: Swampert|237/302 brn\n|move|p2a: Swampert|Flip Turn|p1a: Ho-Oh\n|-supereffective|p1a: Ho-Oh\n|-damage|p1a: Ho-Oh|72/100\n|inactive|Time left: 300 sec this turn | 300 sec total | 5 sec grace\n|\n|t:|1783543884\n|switch|p2a: Zamazenta|Zamazenta, L71, shiny|248/248|[from] Flip Turn\n|-ability|p2a: Zamazenta|Dauntless Shield|boost\n|-boost|p2a: Zamazenta|def|1\n|\n|upkeep\n|turn|10\n|inactive|Time left: 300 sec this turn | 300 sec total\n|\n|t:|1783543885\n|move|p2a: Zamazenta|Stone Edge|p1a: Ho-Oh\n|-supereffective|p1a: Ho-Oh\n|-damage|p1a: Ho-Oh|0 fnt\n|faint|p1a: Ho-Oh\n|\n|upkeep\n|\n|t:|1783543886\n|switch|p1a: Typhlosion|Typhlosion-Hisui, L83, M|51/100\n|turn|11\n|inactive|Time left: 300 sec this turn | 300 sec total\n|\n|t:|1783543887\n|-terastallize|p1a: Typhlosion|Ghost\n|move|p2a: Zamazenta|Stone Edge|p1a: Typhlosion\n|-damage|p1a: Typhlosion|11/100\n|move|p1a: Typhlosion|Will-O-Wisp|p2a: Zamazenta\n|-status|p2a: Zamazenta|brn\n|\n|-damage|p2a: Zamazenta|233/248 brn|[from] brn\n|upkeep\n|turn|12\n|inactive|Time left: 300 sec this turn | 300 sec total\n|\n|t:|1783543888\n|switch|p1a: Meloetta|Meloetta, L82|100/100\n|move|p2a: Zamazenta|Stone Edge|p1a: Meloetta\n|-damage|p1a: Meloetta|83/100\n|\n|-damage|p2a: Zamazenta|218/248 brn|[from] brn\n|upkeep\n|turn|13\n|inactive|Time left: 300 sec this turn | 300 sec total\n|\n|t:|1783543889\n|move|p2a: Zamazenta|Stone Edge|p1a: Meloetta\n|-damage|p1a: Meloetta|65/100\n|move|p1a: Meloetta|Relic Song|p2a: Zamazenta\n|-damage|p2a: Zamazenta|100/248 brn\n|-formechange|p1a: Meloetta|Meloetta-Pirouette|[msg]\n|-damage|p1a: Meloetta|55/100|[from] item: Life Orb\n|\n|-damage|p2a: Zamazenta|85/248 brn|[from] brn\n|upkeep\n|turn|14\n|inactive|Time left: 300 sec this turn | 300 sec total\n|\n|t:|1783543890\n|switch|p2a: Carbink|Carbink, L90|236/236\n|move|p1a: Meloetta|Triple Axel|p2a: Carbink|[miss]\n|-miss|p1a: Meloetta|p2a: Carbink\n|\n|upkeep\n|turn|15\n|inactive|Time left: 300 sec this turn | 300 sec total\n|\n|t:|1783543891\n|move|p1a: Meloetta|Relic Song|p2a: Carbink\n|-resisted|p2a: Carbink\n|-damage|p2a: Carbink|213/236\n|-formechange|p1a: Meloetta|Meloetta|[msg]\n|-damage|p1a: Meloetta|45/100|[from] item: Life Orb\n|move|p2a: Carbink|Moonblast|p1a: Meloetta\n|-damage|p1a: Meloetta|28/100\n|\n|-heal|p2a: Carbink|227/236|[from] item: Leftovers\n|upkeep\n|turn|16\n|inactive|Time left: 300 sec this turn | 300 sec total\n|\n|t:|1783543892\n|move|p1a: Meloetta|Relic Song|p2a: Carbink\n|-resisted|p2a: Carbink\n|-damage|p2a: Carbink|193/236\n|-formechange|p1a: Meloetta|Meloetta-Pirouette|[msg]\n|-damage|p1a: Meloetta|18/100|[from] item: Life Orb\n|move|p2a: Carbink|Moonblast|p1a: Meloetta\n|-supereffective|p1a: Meloetta\n|-damage|p1a: Meloetta|0 fnt\n|faint|p1a: Meloetta\n|\n|-heal|p2a: Carbink|207/236|[from] item: Leftovers\n|upkeep\n|\n|t:|1783543893\n|switch|p1a: Typhlosion|Typhlosion-Hisui, L83, M, tera:Ghost|11/100\n|turn|17\n|inactive|Time left: 300 sec this turn | 300 sec total\n|\n|t:|1783543893\n|-terastallize|p2a: Carbink|Fighting\n|move|p1a: Typhlosion|Calm Mind|p1a: Typhlosion\n|-boost|p1a: Typhlosion|spa|1\n|-boost|p1a: Typhlosion|spd|1\n|move|p2a: Carbink|Moonblast|p1a: Typhlosion\n|-damage|p1a: Typhlosion|0 fnt\n|faint|p1a: Typhlosion\n|\n|win|p0y415b289", "uploadtime": 1783543893, "views": 0, "rating": 0, "private": 0, "password": null, "_winner": "p0y415b289", "_our_name": "p0y415b289"}