{"id": "battle-gen9randombattle-1832", "formatid": "gen9randombattle", "format": "[Gen 9] Random Battle", "players": ["p0x1832753c", "p0y1832c05c"], "log": "|init|battle\n|title|p0x1832753c vs. p0y1832c05c\n|j|\u2606p0x1832753c\n|j|\u2606p0y1832c05c\n|t:|1783561188\n|gametype|singles\n|player|p1|p0x1832753c|101|\n|player|p2|p0y1832c05c|101|\n|gen|9\n|tier|[Gen 9] Random Battle\n|rule|Species Clause: Limit one of each Pok\u00e9mon\n|rule|HP Percentage Mod: HP is shown in percentages\n|rule|Sleep Clause Mod: Limit one foe put to sleep\n|rule|Illusion Level Mod: Illusion disguises the Pok\u00e9mon's true level\n|\n|t:|1783561188\n|teamsize|p1|6\n|teamsize|p2|6\n|start\n|switch|p1a: Staraptor|Staraptor, L79, M|263/263\n|switch|p2a: Polteageist|Polteageist, L78|100/100\n|turn|1\n|inactive|Battle timer is ON: inactive players will automatically lose when time's up. (requested by p0x1832753c)\n|inactive|p0y1832c05c also wants the timer to be on.\n|\n|t:|1783561190\n|move|p1a: Staraptor|Brave Bird|p2a: Polteageist\n|-damage|p2a: Polteageist|0 fnt\n|faint|p2a: Polteageist\n|-damage|p1a: Staraptor|190/263|[from] Recoil\n|\n|upkeep\n|\n|t:|1783561191\n|switch|p2a: Terrakion|Terrakion, L79|100/100\n|turn|2\n|inactive|Time left: 300 sec this turn | 300 sec total\n|\n|t:|1783561193\n|switch|p1a: Brambleghast|Brambleghast, L88, M|240/240\n|move|p2a: Terrakion|Close Combat|p1a: Brambleghast\n|-immune|p1a: Brambleghast\n|\n|upkeep\n|turn|3\n|inactive|Time left: 300 sec this turn | 300 sec total\n|\n|t:|1783561194\n|move|p2a: Terrakion|Close Combat|p1a: Brambleghast\n|-immune|p1a: Brambleghast\n|move|p1a: Brambleghast|Power Whip|p2a: Terrakion\n|-supereffective|p2a: Terrakion\n|-damage|p2a: Terrakion|0 fnt\n|faint|p2a: Terrakion\n|\n|upkeep\n|\n|t:|1783561195\n|switch|p2a: Flareon|Flareon, L90, M|100/100\n|turn|4\n|inactive|Time left: 300 sec this turn | 300 sec total\n|\n|t:|1783561196\n|move|p1a: Brambleghast|Power Whip|p2a: Flareon\n|-resisted|p2a: Flareon\n|-damage|p2a: Flareon|64/100\n|move|p2a: Flareon|Flare Blitz|p1a: Brambleghast\n|-supereffective|p1a: Brambleghast\n|-damage|p1a: Brambleghast|0 fnt\n|faint|p1a: Brambleghast\n|-damage|p2a: Flareon|34/100|[from] Recoil\n|\n|-status|p2a: Flareon|tox|[from] item: Toxic Orb\n|upkeep\n|inactive|Time left: 300 sec this turn | 300 sec total | 5 sec grace\n|\n|t:|1783561196\n|switch|p1a: Flygon|Flygon, L82, F|265/265\n|turn|5\n|inactive|Time left: 300 sec this turn | 300 sec total\n|\n|t:|1783561198\n|switch|p2a: Sinistcha|Sinistcha, L83|100/100\n|move|p1a: Flygon|Outrage|p2a: Sinistcha\n|-damage|p2a: Sinistcha|36/100\n|\n|-heal|p2a: Sinistcha|42/100|[from] item: Leftovers\n|upkeep\n|turn|6\n|inactive|Time left: 300 sec this turn | 300 sec total\n|\n|t:|1783561199\n|-terastallize|p2a: Sinistcha|Steel\n|move|p1a: Flygon|Outrage|p2a: Sinistcha|[from] lockedmove\n|-resisted|p2a: Sinistcha\n|-damage|p2a: Sinistcha|13/100\n|-start|p1a: Flygon|confusion|[fatigue]\n|move|p2a: Sinistcha|Strength Sap|p1a: Flygon\n|-unboost|p1a: Flygon|atk|1\n|-heal|p2a: Sinistcha|96/100\n|\n|-heal|p2a: Sinistcha|100/100|[from] item: Leftovers\n|upkeep\n|turn|7\n|inactive|Time left: 300 sec this turn | 300 sec total\n|\n|t:|1783561200\n|switch|p1a: Volcarona|Volcarona, L77, M|257/257\n|move|p2a: Sinistcha|Calm Mind|p2a: Sinistcha\n|-boost|p2a: Sinistcha|spa|1\n|-boost|p2a: Sinistcha|spd|1\n|\n|upkeep\n|turn|8\n|inactive|Time left: 300 sec this turn | 300 sec total\n|\n|t:|1783561201\n|move|p1a: Volcarona|Quiver Dance|p1a: Volcarona\n|-boost|p1a: Volcarona|spa|1\n|-boost|p1a: Volcarona|spd|1\n|-boost|p1a: Volcarona|spe|1\n|move|p2a: Sinistcha|Calm Mind|p2a: Sinistcha\n|-boost|p2a: Sinistcha|spa|1\n|-boost|p2a: Sinistcha|spd|1\n|\n|upkeep\n|turn|9\n|inactive|Time left: 300 sec this turn | 300 sec total\n|\n|t:|1783561202\n|move|p1a: Volcarona|Quiver Dance|p1a: Volcarona\n|-boost|p1a: Volcarona|spa|1\n|-boost|p1a: Volcarona|spd|1\n|-boost|p1a: Volcarona|spe|1\n|move|p2a: Sinistcha|Shadow Ball|p1a: Volcarona\n|-damage|p1a: Volcarona|164/257\n|\n|upkeep\n|turn|10\n|inactive|Time left: 300 sec this turn | 300 sec total\n|\n|t:|1783561203\n|move|p1a: Volcarona|Quiver Dance|p1a: Volcarona\n|-boost|p1a: Volcarona|spa|1\n|-boost|p1a: Volcarona|spd|1\n|-boost|p1a: Volcarona|spe|1\n|move|p2a: Sinistcha|Strength Sap|p1a: Volcarona\n|-unboost|p1a: Volcarona|atk|1\n|\n|upkeep\n|turn|11\n|inactive|Time left: 300 sec this turn | 300 sec total\n|\n|t:|1783561204\n|move|p1a: Volcarona|Fire Blast|p2a: Sinistcha\n|-supereffective|p2a: Sinistcha\n|-damage|p2a: Sinistcha|34/100\n|move|p2a: Sinistcha|Strength Sap|p1a: Volcarona\n|-unboost|p1a: Volcarona|atk|1\n|-heal|p2a: Sinistcha|59/100\n|\n|-heal|p2a: Sinistcha|65/100|[from] item: Leftovers\n|upkeep\n|turn|12\n|inactive|Time left: 300 sec this turn | 300 sec total\n|\n|t:|1783561205\n|move|p1a: Volcarona|Fire Blast|p2a: Sinistcha\n|-supereffective|p2a: Sinistcha\n|-damage|p2a: Sinistcha|2/100\n|move|p2a: Sinistcha|Strength Sap|p1a: Volcarona\n|-unboost|p1a: Volcarona|atk|1\n|-heal|p2a: Sinistcha|21/100\n|\n|-heal|p2a: Sinistcha|27/100|[from] item: Leftovers\n|upkeep\n|turn|13\n|inactive|Time left: 300 sec this turn | 300 sec total\n|\n|t:|1783561206\n|move|p1a: Volcarona|Fire Blast|p2a: Sinistcha|[miss]\n|-miss|p1a: Volcarona|p2a: Sinistcha\n|move|p2a: Sinistcha|Strength Sap|p1a: Volcarona\n|-unboost|p1a: Volcarona|atk|1\n|-heal|p2a: Sinistcha|42/100\n|\n|-heal|p2a: Sinistcha|48/100|[from] item: Leftovers\n|upkeep\n|turn|14\n|inactive|Time left: 300 sec this turn | 300 sec total\n|\n|t:|1783561207\n|move|p1a: Volcarona|Fire Blast|p2a: Sinistcha\n|-supereffective|p2a: Sinistcha\n|-damage|p2a: Sinistcha|0 fnt\n|faint|p2a: Sinistcha\n|\n|upkeep\n|\n|t:|1783561208\n|switch|p2a: Kingdra|Kingdra, L84, M|100/100\n|turn|15\n|inactive|Time left: 300 sec this turn | 300 sec total\n|\n|t:|1783561210\n|move|p1a: Volcarona|Bug Buzz|p2a: Kingdra\n|-damage|p2a: Kingdra|1/100\n|move|p2a: Kingdra|Wave Crash|p1a: Volcarona\n|-supereffective|p1a: Volcarona\n|-damage|p1a: Volcarona|0 fnt\n|faint|p1a: Volcarona\n|-damage|p2a: Kingdra|0 fnt|[from] Recoil\n|faint|p2a: Kingdra\n|\n|upkeep\n|inactive|Time left: 300 sec this turn | 300 sec total | 5 sec grace\n|\n|t:|1783561211\n|switch|p1a: Flygon|Flygon, L82, F|265/265\n|switch|p2a: Flareon|Flareon, L90, M|34/100 tox\n|turn|16\n|inactive|Time left: 300 sec this turn | 300 sec total\n|\n|t:|1783561212\n|move|p1a: Flygon|Outrage|p2a: Flareon\n|-crit|p2a: Flareon\n|-damage|p2a: Flareon|0 fnt\n|faint|p2a: Flareon\n|\n|upkeep\n|\n|t:|1783561213\n|switch|p2a: Veluza|Veluza, L85, M|100/100\n|turn|17\n|inactive|Time left: 300 sec this turn | 300 sec total\n|\n|t:|1783561214\n|move|p1a: Flygon|Outrage|p2a: Veluza|[from] lockedmove\n|-damage|p2a: Veluza|29/100\n|-enditem|p2a: Veluza|Sitrus Berry|[eat]\n|-heal|p2a: Veluza|54/100|[from] item: Sitrus Berry\n|-start|p1a: Flygon|confusion|[fatigue]\n|move|p2a: Veluza|Psycho Cut|p1a: Flygon\n|-damage|p1a: Flygon|136/265\n|\n|upkeep\n|turn|18\n|inactive|Time left: 300 sec this turn | 300 sec total\n|\n|t:|1783561215\n|-activate|p1a: Flygon|confusion\n|move|p1a: Flygon|Outrage|p2a: Veluza\n|-damage|p2a: Veluza|0 fnt\n|faint|p2a: Veluza\n|\n|win|p0x1832753c", "uploadtime": 1783561215, "views": 0, "rating": 0, "private": 0, "password": null, "_winner": "p0x1832753c", "_our_name": "p0x1832753c"}