{"id": "battle-gen9randombattle-1707", "formatid": "gen9randombattle", "format": "[Gen 9] Random Battle", "players": ["p0x1707acd9", "p0y17077ee6"], "log": "|init|battle\n|title|p0x1707acd9 vs. p0y17077ee6\n|j|\u2606p0x1707acd9\n|j|\u2606p0y17077ee6\n|t:|1783558984\n|gametype|singles\n|player|p1|p0x1707acd9|266|\n|player|p2|p0y17077ee6|1|\n|gen|9\n|tier|[Gen 9] Random Battle\n|rule|Species Clause: Limit one of each Pok\u00e9mon\n|rule|HP Percentage Mod: HP is shown in percentages\n|rule|Sleep Clause Mod: Limit one foe put to sleep\n|rule|Illusion Level Mod: Illusion disguises the Pok\u00e9mon's true level\n|\n|t:|1783558984\n|teamsize|p1|6\n|teamsize|p2|6\n|start\n|switch|p1a: Mew|Mew, L82|298/298\n|switch|p2a: Urshifu|Urshifu, L74, F|100/100\n|turn|1\n|inactive|Battle timer is ON: inactive players will automatically lose when time's up. (requested by p0y17077ee6)\n|inactive|Time left: 300 sec this turn | 300 sec total | 60 sec grace\n|\n|t:|1783558985\n|switch|p1a: Ninetales|Ninetales-Alola, L78, F|242/242\n|-weather|Snowscape|[from] ability: Snow Warning|[of] p1a: Ninetales\n|move|p2a: Urshifu|Wicked Blow|p1a: Ninetales\n|-resisted|p1a: Ninetales\n|-crit|p1a: Ninetales\n|-damage|p1a: Ninetales|173/242\n|\n|-weather|Snowscape|[upkeep]\n|upkeep\n|turn|2\n|inactive|p0x1707acd9 also wants the timer to be on.\n|inactive|Time left: 300 sec this turn | 300 sec total\n|\n|t:|1783558986\n|switch|p2a: Drednaw|Drednaw, L81, M|100/100\n|move|p1a: Ninetales|Aurora Veil|p1a: Ninetales\n|-sidestart|p1: p0x1707acd9|move: Aurora Veil\n|\n|-weather|Snowscape|[upkeep]\n|upkeep\n|turn|3\n|inactive|Time left: 300 sec this turn | 300 sec total\n|\n|t:|1783558987\n|move|p1a: Ninetales|Moonblast|p2a: Drednaw\n|-damage|p2a: Drednaw|67/100\n|-unboost|p2a: Drednaw|spa|1\n|-enditem|p2a: Drednaw|White Herb\n|-clearnegativeboost|p2a: Drednaw|[silent]\n|move|p2a: Drednaw|Shell Smash|p2a: Drednaw\n|-unboost|p2a: Drednaw|def|1\n|-unboost|p2a: Drednaw|spd|1\n|-boost|p2a: Drednaw|atk|2\n|-boost|p2a: Drednaw|spa|2\n|-boost|p2a: Drednaw|spe|2\n|\n|-weather|Snowscape|[upkeep]\n|upkeep\n|turn|4\n|inactive|Time left: 300 sec this turn | 300 sec total\n|\n|t:|1783558988\n|move|p2a: Drednaw|Stone Edge|p1a: Ninetales\n|-supereffective|p1a: Ninetales\n|-damage|p1a: Ninetales|0 fnt\n|faint|p1a: Ninetales\n|\n|-weather|Snowscape|[upkeep]\n|upkeep\n|inactive|Time left: 300 sec this turn | 300 sec total | 5 sec grace\n|\n|t:|1783558989\n|switch|p1a: Zekrom|Zekrom, L71|259/259\n|-ability|p1a: Zekrom|Teravolt\n|turn|5\n|inactive|Time left: 300 sec this turn | 300 sec total\n|\n|t:|1783558990\n|move|p2a: Drednaw|Stone Edge|p1a: Zekrom\n|-damage|p1a: Zekrom|163/259\n|move|p1a: Zekrom|Outrage|p2a: Drednaw\n|-damage|p2a: Drednaw|0 fnt\n|faint|p2a: Drednaw\n|\n|-weather|none\n|-heal|p1a: Zekrom|179/259|[from] item: Leftovers\n|upkeep\n|\n|t:|1783558991\n|switch|p2a: Urshifu|Urshifu, L74, F|100/100\n|turn|6\n|inactive|Time left: 300 sec this turn | 300 sec total\n|\n|t:|1783558992\n|move|p2a: Urshifu|Wicked Blow|p1a: Zekrom\n|-crit|p1a: Zekrom\n|-damage|p1a: Zekrom|5/259\n|move|p1a: Zekrom|Outrage|p2a: Urshifu|[from] lockedmove\n|-damage|p2a: Urshifu|47/100\n|-start|p1a: Zekrom|confusion|[fatigue]\n|\n|-heal|p1a: Zekrom|21/259|[from] item: Leftovers\n|upkeep\n|turn|7\n|inactive|Time left: 300 sec this turn | 300 sec total\n|\n|t:|1783558993\n|move|p2a: Urshifu|Wicked Blow|p1a: Zekrom\n|-crit|p1a: Zekrom\n|-damage|p1a: Zekrom|0 fnt\n|faint|p1a: Zekrom\n|\n|upkeep\n|inactive|Time left: 300 sec this turn | 300 sec total | 5 sec grace\n|\n|t:|1783558994\n|switch|p1a: Spidops|Spidops, L96, F|271/271\n|turn|8\n|inactive|Time left: 300 sec this turn | 300 sec total\n|\n|t:|1783558995\n|move|p2a: Urshifu|Wicked Blow|p1a: Spidops\n|-crit|p1a: Spidops\n|-damage|p1a: Spidops|126/271\n|move|p1a: Spidops|Sticky Web|p2a: Urshifu\n|-sidestart|p2: p0y17077ee6|move: Sticky Web\n|\n|upkeep\n|turn|9\n|inactive|Time left: 300 sec this turn | 300 sec total\n|\n|t:|1783558996\n|switch|p1a: Tauros|Tauros-Paldea-Combat, L82, M|257/257\n|-ability|p1a: Tauros|Intimidate|boost\n|-unboost|p2a: Urshifu|atk|1\n|move|p2a: Urshifu|Wicked Blow|p1a: Tauros\n|-resisted|p1a: Tauros\n|-crit|p1a: Tauros\n|-damage|p1a: Tauros|177/257\n|\n|-sideend|p1: p0x1707acd9|move: Aurora Veil\n|upkeep\n|turn|10\n|inactive|Time left: 300 sec this turn | 300 sec total\n|\n|t:|1783558997\n|move|p1a: Tauros|Bulk Up|p1a: Tauros\n|-boost|p1a: Tauros|atk|1\n|-boost|p1a: Tauros|def|1\n|move|p2a: Urshifu|Wicked Blow|p1a: Tauros\n|-resisted|p1a: Tauros\n|-crit|p1a: Tauros\n|-damage|p1a: Tauros|103/257\n|\n|upkeep\n|turn|11\n|inactive|Time left: 300 sec this turn | 300 sec total\n|\n|t:|1783558998\n|move|p1a: Tauros|Earthquake|p2a: Urshifu\n|-damage|p2a: Urshifu|0 fnt\n|faint|p2a: Urshifu\n|-damage|p1a: Tauros|78/257|[from] item: Life Orb\n|\n|upkeep\n|\n|t:|1783558999\n|switch|p2a: Delphox|Delphox, L84, F|100/100\n|turn|12\n|inactive|Time left: 300 sec this turn | 300 sec total\n|\n|t:|1783559000\n|switch|p1a: Mew|Mew, L82|298/298\n|move|p2a: Delphox|Fire Blast|p1a: Mew\n|-damage|p1a: Mew|171/298\n|\n|upkeep\n|turn|13\n|inactive|Time left: 300 sec this turn | 300 sec total\n|\n|t:|1783559002\n|move|p2a: Delphox|Nasty Plot|p2a: Delphox\n|-boost|p2a: Delphox|spa|2\n|move|p1a: Mew|Hydro Pump|p2a: Delphox\n|-supereffective|p2a: Delphox\n|-damage|p2a: Delphox|27/100\n|-damage|p1a: Mew|142/298|[from] item: Life Orb\n|\n|upkeep\n|turn|14\n|inactive|Time left: 300 sec this turn | 300 sec total\n|\n|t:|1783559003\n|move|p2a: Delphox|Fire Blast|p1a: Mew|[miss]\n|-miss|p2a: Delphox|p1a: Mew\n|move|p1a: Mew|Hydro Pump|p2a: Delphox|[miss]\n|-miss|p1a: Mew|p2a: Delphox\n|\n|upkeep\n|turn|15\n|inactive|Time left: 300 sec this turn | 300 sec total\n|\n|t:|1783559004\n|move|p2a: Delphox|Fire Blast|p1a: Mew\n|-damage|p1a: Mew|0 fnt\n|faint|p1a: Mew\n|\n|upkeep\n|inactive|Time left: 300 sec this turn | 300 sec total | 5 sec grace\n|\n|t:|1783559005\n|switch|p1a: Cyclizar|Cyclizar, L84, F|255/255\n|turn|16\n|inactive|Time left: 300 sec this turn | 300 sec total\n|\n|t:|1783559006\n|move|p1a: Cyclizar|Draco Meteor|p2a: Delphox\n|-damage|p2a: Delphox|0 fnt\n|-unboost|p1a: Cyclizar|spa|2\n|faint|p2a: Delphox\n|\n|upkeep\n|\n|t:|1783559007\n|switch|p2a: Vivillon|Vivillon-Tundra, L83, F|100/100\n|turn|17\n|inactive|Time left: 300 sec this turn | 300 sec total\n|\n|t:|1783559008\n|move|p1a: Cyclizar|Shed Tail|p1a: Cyclizar\n|-start|p1a: Cyclizar|Substitute|[from] move: Shed Tail\n|-damage|p1a: Cyclizar|127/255\n|inactive|Time left: 300 sec this turn | 300 sec total | 5 sec grace\n|\n|t:|1783559009\n|switch|p1a: Spidops|Spidops, L96, F|126/271|[from] Shed Tail\n|move|p2a: Vivillon|Quiver Dance|p2a: Vivillon\n|-boost|p2a: Vivillon|spa|1\n|-boost|p2a: Vivillon|spd|1\n|-boost|p2a: Vivillon|spe|1\n|\n|upkeep\n|turn|18\n|inactive|Time left: 300 sec this turn | 300 sec total\n|\n|t:|1783559010\n|move|p2a: Vivillon|Hurricane|p1a: Spidops|[miss]\n|-miss|p2a: Vivillon|p1a: Spidops\n|move|p1a: Spidops|Circle Throw|p2a: Vivillon\n|-resisted|p2a: Vivillon\n|-damage|p2a: Vivillon|94/100\n|drag|p2a: Snorlax|Snorlax, L82, F|100/100\n|-activate|p2a: Snorlax|move: Sticky Web\n|-unboost|p2a: Snorlax|spe|1\n|\n|upkeep\n|turn|19\n|inactive|Time left: 300 sec this turn | 300 sec total\n|\n|t:|1783559011\n|move|p1a: Spidops|Knock Off|p2a: Snorlax\n|-damage|p2a: Snorlax|76/100\n|-enditem|p2a: Snorlax|Chesto Berry|[from] move: Knock Off|[of] p1a: Spidops\n|move|p2a: Snorlax|Body Slam|p1a: Spidops\n|-end|p1a: Spidops|Substitute\n|\n|upkeep\n|turn|20\n|inactive|Time left: 300 sec this turn | 300 sec total\n|\n|t:|1783559012\n|move|p1a: Spidops|Knock Off|p2a: Snorlax\n|-damage|p2a: Snorlax|59/100\n|move|p2a: Snorlax|Body Slam|p1a: Spidops\n|-damage|p1a: Spidops|42/271\n|\n|upkeep\n|turn|21\n|inactive|Time left: 300 sec this turn | 300 sec total\n|\n|t:|1783559013\n|switch|p1a: Tauros|Tauros-Paldea-Combat, L82, M|78/257\n|-ability|p1a: Tauros|Intimidate|boost\n|-unboost|p2a: Snorlax|atk|1\n|move|p2a: Snorlax|Body Slam|p1a: Tauros\n|-damage|p1a: Tauros|15/257\n|\n|upkeep\n|turn|22\n|inactive|Time left: 300 sec this turn | 300 sec total\n|\n|t:|1783559014\n|switch|p1a: Cyclizar|Cyclizar, L84, F|212/255\n|switch|p2a: Vivillon|Vivillon-Tundra, L83, F|94/100\n|\n|upkeep\n|turn|23\n|inactive|Time left: 300 sec this turn | 300 sec total\n|\n|t:|1783559015\n|move|p1a: Cyclizar|Draco Meteor|p2a: Vivillon|[miss]\n|-miss|p1a: Cyclizar|p2a: Vivillon\n|move|p2a: Vivillon|Quiver Dance|p2a: Vivillon\n|-boost|p2a: Vivillon|spa|1\n|-boost|p2a: Vivillon|spd|1\n|-boost|p2a: Vivillon|spe|1\n|\n|upkeep\n|turn|24\n|inactive|Time left: 300 sec this turn | 300 sec total\n|\n|t:|1783559016\n|switch|p1a: Tauros|Tauros-Paldea-Combat, L82, M|15/257\n|-ability|p1a: Tauros|Intimidate|boost\n|-unboost|p2a: Vivillon|atk|1\n|move|p2a: Vivillon|Hurricane|p1a: Tauros\n|-supereffective|p1a: Tauros\n|-damage|p1a: Tauros|0 fnt\n|faint|p1a: Tauros\n|\n|upkeep\n|inactive|Time left: 300 sec this turn | 300 sec total | 5 sec grace\n|\n|t:|1783559017\n|switch|p1a: Cyclizar|Cyclizar, L84, F|255/255\n|turn|25\n|inactive|Time left: 300 sec this turn | 300 sec total\n|\n|t:|1783559018\n|move|p2a: Vivillon|Hurricane|p1a: Cyclizar\n|-damage|p1a: Cyclizar|41/255\n|-start|p1a: Cyclizar|confusion\n|-activate|p1a: Cyclizar|confusion\n|-damage|p1a: Cyclizar|2/255|[from] confusion\n|\n|upkeep\n|turn|26\n|inactive|Time left: 300 sec this turn | 300 sec total\n|\n|t:|1783559019\n|switch|p1a: Spidops|Spidops, L96, F|42/271\n|move|p2a: Vivillon|Tera Blast|p1a: Spidops\n|-damage|p1a: Spidops|0 fnt\n|faint|p1a: Spidops\n|\n|upkeep\n|inactive|Time left: 300 sec this turn | 300 sec total | 5 sec grace\n|\n|t:|1783559020\n|switch|p1a: Cyclizar|Cyclizar, L84, F|87/255\n|turn|27\n|inactive|Time left: 300 sec this turn | 300 sec total\n|\n|t:|1783559021\n|-terastallize|p2a: Vivillon|Ground\n|-terastallize|p1a: Cyclizar|Ghost\n|move|p2a: Vivillon|Tera Blast|p1a: Cyclizar|[anim] Tera Blast Ground\n|-damage|p1a: Cyclizar|0 fnt\n|faint|p1a: Cyclizar\n|\n|win|p0y17077ee6", "uploadtime": 1783559021, "views": 0, "rating": 0, "private": 0, "password": null, "_winner": "p0y17077ee6", "_our_name": "p0x1707acd9"}