{"id": "battle-gen9randombattle-51", "formatid": "gen9randombattle", "format": "[Gen 9] Random Battle", "players": ["p0x05177a7", "p0y0518a4c"], "log": "|init|battle\n|title|p0x05177a7 vs. p0y0518a4c\n|j|\u2606p0x05177a7\n|j|\u2606p0y0518a4c\n|t:|1783534371\n|gametype|singles\n|player|p1|p0x05177a7|2|\n|player|p2|p0y0518a4c|265|\n|gen|9\n|tier|[Gen 9] Random Battle\n|rule|Species Clause: Limit one of each Pok\u00e9mon\n|rule|HP Percentage Mod: HP is shown in percentages\n|rule|Sleep Clause Mod: Limit one foe put to sleep\n|rule|Illusion Level Mod: Illusion disguises the Pok\u00e9mon's true level\n|\n|t:|1783534371\n|teamsize|p1|6\n|teamsize|p2|6\n|start\n|switch|p1a: Blastoise|Blastoise, L80, F|100/100\n|switch|p2a: Beartic|Beartic, L91, F|321/321\n|turn|1\n|inactive|Battle timer is ON: inactive players will automatically lose when time's up. (requested by p0x05177a7)\n|inactive|Time left: 300 sec this turn | 300 sec total | 60 sec grace\n|inactive|p0y0518a4c also wants the timer to be on.\n|\n|t:|1783534372\n|move|p1a: Blastoise|Shell Smash|p1a: Blastoise\n|-unboost|p1a: Blastoise|def|1\n|-unboost|p1a: Blastoise|spd|1\n|-boost|p1a: Blastoise|atk|2\n|-boost|p1a: Blastoise|spa|2\n|-boost|p1a: Blastoise|spe|2\n|-enditem|p1a: Blastoise|White Herb\n|-clearnegativeboost|p1a: Blastoise|[silent]\n|move|p2a: Beartic|Swords Dance|p2a: Beartic\n|-boost|p2a: Beartic|atk|2\n|\n|upkeep\n|turn|2\n|inactive|Time left: 300 sec this turn | 300 sec total\n|\n|t:|1783534374\n|-terastallize|p2a: Beartic|Fighting\n|move|p1a: Blastoise|Hydro Pump|p2a: Beartic\n|-damage|p2a: Beartic|111/321\n|move|p2a: Beartic|Close Combat|p1a: Blastoise\n|-damage|p1a: Blastoise|0 fnt\n|-unboost|p2a: Beartic|def|1\n|-unboost|p2a: Beartic|spd|1\n|faint|p1a: Blastoise\n|\n|upkeep\n|\n|t:|1783534375\n|switch|p1a: Luxray|Luxray, L88, F|100/100\n|turn|3\n|inactive|Time left: 300 sec this turn | 300 sec total\n|\n|t:|1783534376\n|switch|p2a: Salamence|Salamence, L77, F|273/273\n|-ability|p2a: Salamence|Intimidate|boost\n|-unboost|p1a: Luxray|atk|1\n|move|p1a: Luxray|Supercell Slam|p2a: Salamence\n|-damage|p2a: Salamence|164/273\n|\n|-status|p1a: Luxray|brn|[from] item: Flame Orb\n|upkeep\n|turn|4\n|inactive|Time left: 300 sec this turn | 300 sec total\n|\n|t:|1783534377\n|-terastallize|p1a: Luxray|Normal\n|move|p2a: Salamence|Outrage|p1a: Luxray\n|-damage|p1a: Luxray|50/100 brn\n|move|p1a: Luxray|Facade|p2a: Salamence\n|-damage|p2a: Salamence|0 fnt\n|faint|p2a: Salamence\n|\n|-damage|p1a: Luxray|44/100 brn|[from] brn\n|upkeep\n|inactive|Time left: 300 sec this turn | 300 sec total | 5 sec grace\n|\n|t:|1783534378\n|switch|p2a: Entei|Entei, L78|307/307\n|turn|5\n|inactive|Time left: 300 sec this turn | 300 sec total\n|\n|t:|1783534379\n|switch|p1a: Tyranitar|Tyranitar, L78, F|100/100\n|-weather|Sandstorm|[from] ability: Sand Stream|[of] p1a: Tyranitar\n|move|p2a: Entei|Sacred Fire|p1a: Tyranitar\n|-resisted|p1a: Tyranitar\n|-damage|p1a: Tyranitar|77/100\n|-status|p1a: Tyranitar|brn\n|\n|-weather|Sandstorm|[upkeep]\n|-damage|p2a: Entei|288/307|[from] Sandstorm\n|-damage|p1a: Tyranitar|71/100 brn|[from] brn\n|upkeep\n|turn|6\n|inactive|Time left: 300 sec this turn | 300 sec total\n|\n|t:|1783534381\n|switch|p2a: Corviknight|Corviknight, L80, M|288/288\n|-ability|p2a: Corviknight|Pressure\n|move|p1a: Tyranitar|Knock Off|p2a: Corviknight\n|-damage|p2a: Corviknight|240/288\n|-damage|p1a: Tyranitar|55/100 brn|[from] item: Rocky Helmet|[of] p2a: Corviknight\n|-enditem|p2a: Corviknight|Rocky Helmet|[from] move: Knock Off|[of] p1a: Tyranitar\n|\n|-weather|Sandstorm|[upkeep]\n|-damage|p1a: Tyranitar|49/100 brn|[from] brn\n|upkeep\n|turn|7\n|inactive|Time left: 300 sec this turn | 300 sec total\n|\n|t:|1783534382\n|move|p2a: Corviknight|Body Press|p1a: Tyranitar\n|-supereffective|p1a: Tyranitar\n|-damage|p1a: Tyranitar|0 fnt\n|faint|p1a: Tyranitar\n|\n|-weather|Sandstorm|[upkeep]\n|upkeep\n|\n|t:|1783534383\n|switch|p1a: Malamar|Malamar, L82, M|100/100\n|turn|8\n|inactive|Time left: 300 sec this turn | 300 sec total\n|\n|t:|1783534384\n|move|p1a: Malamar|Superpower|p2a: Corviknight\n|-damage|p2a: Corviknight|168/288\n|-boost|p1a: Malamar|atk|1\n|-boost|p1a: Malamar|def|1\n|move|p2a: Corviknight|Brave Bird|p1a: Malamar\n|-damage|p1a: Malamar|72/100\n|-damage|p2a: Corviknight|142/288|[from] Recoil\n|\n|-weather|Sandstorm|[upkeep]\n|-damage|p1a: Malamar|66/100|[from] Sandstorm\n|upkeep\n|turn|9\n|inactive|Time left: 300 sec this turn | 300 sec total\n|\n|t:|1783534385\n|move|p1a: Malamar|Superpower|p2a: Corviknight\n|-damage|p2a: Corviknight|45/288\n|-boost|p1a: Malamar|atk|1\n|-boost|p1a: Malamar|def|1\n|move|p2a: Corviknight|Roost|p2a: Corviknight\n|-heal|p2a: Corviknight|189/288\n|-singleturn|p2a: Corviknight|move: Roost\n|\n|-weather|none\n|upkeep\n|turn|10\n|inactive|Time left: 300 sec this turn | 300 sec total\n|\n|t:|1783534386\n|move|p1a: Malamar|Superpower|p2a: Corviknight\n|-damage|p2a: Corviknight|54/288\n|-boost|p1a: Malamar|atk|1\n|-boost|p1a: Malamar|def|1\n|move|p2a: Corviknight|Roost|p2a: Corviknight\n|-heal|p2a: Corviknight|198/288\n|-singleturn|p2a: Corviknight|move: Roost\n|\n|upkeep\n|turn|11\n|inactive|Time left: 300 sec this turn | 300 sec total\n|\n|t:|1783534387\n|move|p1a: Malamar|Superpower|p2a: Corviknight\n|-damage|p2a: Corviknight|27/288\n|-boost|p1a: Malamar|atk|1\n|-boost|p1a: Malamar|def|1\n|move|p2a: Corviknight|Roost|p2a: Corviknight\n|-heal|p2a: Corviknight|171/288\n|-singleturn|p2a: Corviknight|move: Roost\n|\n|upkeep\n|turn|12\n|inactive|Time left: 300 sec this turn | 300 sec total\n|\n|t:|1783534388\n|move|p1a: Malamar|Knock Off|p2a: Corviknight\n|-damage|p2a: Corviknight|0 fnt\n|faint|p2a: Corviknight\n|\n|upkeep\n|inactive|Time left: 300 sec this turn | 300 sec total | 5 sec grace\n|\n|t:|1783534389\n|switch|p2a: Pachirisu|Pachirisu, L96, M|271/271\n|turn|13\n|inactive|Time left: 300 sec this turn | 300 sec total\n|\n|t:|1783534390\n|move|p2a: Pachirisu|U-turn|p1a: Malamar\n|-supereffective|p1a: Malamar\n|-damage|p1a: Malamar|44/100\n|inactive|Time left: 300 sec this turn | 300 sec total | 5 sec grace\n|\n|t:|1783534390\n|switch|p2a: Entei|Entei, L78|288/307|[from] U-turn\n|move|p1a: Malamar|Knock Off|p2a: Entei\n|-damage|p2a: Entei|0 fnt\n|-enditem|p2a: Entei|Choice Band|[from] move: Knock Off|[of] p1a: Malamar\n|faint|p2a: Entei\n|\n|upkeep\n|inactive|Time left: 300 sec this turn | 300 sec total | 10 sec grace\n|\n|t:|1783534391\n|switch|p2a: Beartic|Beartic, L91, F, tera:Fighting|111/321\n|turn|14\n|inactive|Time left: 300 sec this turn | 300 sec total\n|\n|t:|1783534392\n|move|p1a: Malamar|Knock Off|p2a: Beartic\n|-resisted|p2a: Beartic\n|-damage|p2a: Beartic|0 fnt\n|-enditem|p2a: Beartic|Heavy-Duty Boots|[from] move: Knock Off|[of] p1a: Malamar\n|faint|p2a: Beartic\n|\n|upkeep\n|inactive|Time left: 300 sec this turn | 300 sec total | 5 sec grace\n|\n|t:|1783534392\n|switch|p2a: Pachirisu|Pachirisu, L96, M|271/271\n|turn|15\n|inactive|Time left: 300 sec this turn | 300 sec total\n|\n|t:|1783534393\n|move|p2a: Pachirisu|Nuzzle|p1a: Malamar\n|-damage|p1a: Malamar|42/100\n|-status|p1a: Malamar|par\n|move|p1a: Malamar|Knock Off|p2a: Pachirisu\n|-damage|p2a: Pachirisu|0 fnt\n|-enditem|p2a: Pachirisu|Assault Vest|[from] move: Knock Off|[of] p1a: Malamar\n|faint|p2a: Pachirisu\n|\n|upkeep\n|inactive|Time left: 300 sec this turn | 300 sec total | 5 sec grace\n|\n|t:|1783534393\n|switch|p2a: Deoxys|Deoxys-Defense, L84|221/221\n|-ability|p2a: Deoxys|Pressure\n|turn|16\n|inactive|Time left: 300 sec this turn | 300 sec total\n|\n|t:|1783534394\n|move|p2a: Deoxys|Spikes|p1a: Malamar\n|-sidestart|p1: p0x05177a7|Spikes\n|cant|p1a: Malamar|par\n|\n|upkeep\n|turn|17\n|inactive|Time left: 300 sec this turn | 300 sec total\n|\n|t:|1783534395\n|move|p2a: Deoxys|Psychic Noise|p1a: Malamar\n|-immune|p1a: Malamar\n|move|p1a: Malamar|Knock Off|p2a: Deoxys\n|-supereffective|p2a: Deoxys\n|-damage|p2a: Deoxys|0 fnt\n|-damage|p1a: Malamar|26/100 par|[from] item: Rocky Helmet|[of] p2a: Deoxys\n|-enditem|p2a: Deoxys|Rocky Helmet|[from] move: Knock Off|[of] p1a: Malamar\n|faint|p2a: Deoxys\n|\n|win|p0x05177a7", "uploadtime": 1783534395, "views": 0, "rating": 0, "private": 0, "password": null, "_winner": "p0x05177a7", "_our_name": "p0y0518a4c"}