{"id": "battle-gen9randombattle-581", "formatid": "gen9randombattle", "format": "[Gen 9] Random Battle", "players": ["p0x5810c4e", "p0y5813821"], "log": "|init|battle\n|title|p0x5810c4e vs. p0y5813821\n|j|\u2606p0x5810c4e\n|j|\u2606p0y5813821\n|t:|1783545804\n|gametype|singles\n|player|p1|p0x5810c4e|170|\n|player|p2|p0y5813821|170|\n|gen|9\n|tier|[Gen 9] Random Battle\n|rule|Species Clause: Limit one of each Pok\u00e9mon\n|rule|HP Percentage Mod: HP is shown in percentages\n|rule|Sleep Clause Mod: Limit one foe put to sleep\n|rule|Illusion Level Mod: Illusion disguises the Pok\u00e9mon's true level\n|\n|t:|1783545804\n|teamsize|p1|6\n|teamsize|p2|6\n|start\n|switch|p1a: Tornadus|Tornadus, L82, M|100/100\n|switch|p2a: Banette|Banette, L93, F|270/270\n|turn|1\n|inactive|Battle timer is ON: inactive players will automatically lose when time's up. (requested by p0x5810c4e)\n|inactive|Time left: 300 sec this turn | 300 sec total | 60 sec grace\n|\n|t:|1783545806\n|move|p1a: Tornadus|Bleakwind Storm|p2a: Banette\n|-damage|p2a: Banette|117/270\n|move|p2a: Banette|Poltergeist|p1a: Tornadus\n|-activate|p1a: Tornadus|move: Poltergeist|Heavy-Duty Boots\n|-damage|p1a: Tornadus|3/100\n|-damage|p2a: Banette|90/270|[from] item: Life Orb\n|\n|upkeep\n|turn|2\n|inactive|Time left: 300 sec this turn | 300 sec total\n|inactive|p0y5813821 also wants the timer to be on.\n|\n|t:|1783545807\n|switch|p2a: Espathra|Espathra, L80, F|283/283\n|move|p1a: Tornadus|Bleakwind Storm|p2a: Espathra\n|-damage|p2a: Espathra|124/283\n|\n|-heal|p2a: Espathra|141/283|[from] item: Leftovers\n|upkeep\n|turn|3\n|inactive|Time left: 300 sec this turn | 300 sec total\n|\n|t:|1783545809\n|move|p2a: Espathra|Protect|p2a: Espathra\n|-singleturn|p2a: Espathra|Protect\n|move|p1a: Tornadus|Bleakwind Storm|p2a: Espathra\n|-activate|p2a: Espathra|move: Protect\n|\n|-heal|p2a: Espathra|158/283|[from] item: Leftovers\n|-ability|p2a: Espathra|Speed Boost|boost\n|-boost|p2a: Espathra|spe|1\n|upkeep\n|turn|4\n|inactive|Time left: 300 sec this turn | 300 sec total\n|\n|t:|1783545810\n|switch|p1a: Cinderace|Cinderace, L77, M|100/100\n|move|p2a: Espathra|Calm Mind|p2a: Espathra\n|-boost|p2a: Espathra|spa|1\n|-boost|p2a: Espathra|spd|1\n|\n|-heal|p2a: Espathra|175/283|[from] item: Leftovers\n|-ability|p2a: Espathra|Speed Boost|boost\n|-boost|p2a: Espathra|spe|1\n|upkeep\n|turn|5\n|inactive|Time left: 300 sec this turn | 300 sec total\n|\n|t:|1783545811\n|move|p2a: Espathra|Protect|p2a: Espathra\n|-singleturn|p2a: Espathra|Protect\n|move|p1a: Cinderace|Pyro Ball|p2a: Espathra\n|-activate|p2a: Espathra|move: Protect\n|\n|-heal|p2a: Espathra|192/283|[from] item: Leftovers\n|-ability|p2a: Espathra|Speed Boost|boost\n|-boost|p2a: Espathra|spe|1\n|upkeep\n|turn|6\n|inactive|Time left: 300 sec this turn | 300 sec total\n|\n|t:|1783545812\n|move|p2a: Espathra|Stored Power|p1a: Cinderace\n|-damage|p1a: Cinderace|11/100\n|move|p1a: Cinderace|Pyro Ball|p2a: Espathra|[miss]\n|-miss|p1a: Cinderace|p2a: Espathra\n|\n|-heal|p2a: Espathra|209/283|[from] item: Leftovers\n|-ability|p2a: Espathra|Speed Boost|boost\n|-boost|p2a: Espathra|spe|1\n|upkeep\n|turn|7\n|inactive|Time left: 300 sec this turn | 300 sec total\n|\n|t:|1783545813\n|move|p2a: Espathra|Stored Power|p1a: Cinderace\n|-damage|p1a: Cinderace|0 fnt\n|faint|p1a: Cinderace\n|\n|-heal|p2a: Espathra|226/283|[from] item: Leftovers\n|-ability|p2a: Espathra|Speed Boost|boost\n|-boost|p2a: Espathra|spe|1\n|upkeep\n|\n|t:|1783545814\n|switch|p1a: Malamar|Malamar, L82, M|100/100\n|turn|8\n|inactive|Time left: 300 sec this turn | 300 sec total\n|\n|t:|1783545815\n|-terastallize|p2a: Espathra|Fairy\n|-terastallize|p1a: Malamar|Steel\n|move|p2a: Espathra|Dazzling Gleam|p1a: Malamar\n|-resisted|p1a: Malamar\n|-damage|p1a: Malamar|75/100\n|move|p1a: Malamar|Knock Off|p2a: Espathra\n|-resisted|p2a: Espathra\n|-damage|p2a: Espathra|167/283\n|-enditem|p2a: Espathra|Leftovers|[from] move: Knock Off|[of] p1a: Malamar\n|\n|-ability|p2a: Espathra|Speed Boost|boost\n|-boost|p2a: Espathra|spe|1\n|upkeep\n|turn|9\n|inactive|Time left: 300 sec this turn | 300 sec total\n|\n|t:|1783545817\n|move|p2a: Espathra|Calm Mind|p2a: Espathra\n|-boost|p2a: Espathra|spa|1\n|-boost|p2a: Espathra|spd|1\n|move|p1a: Malamar|Psycho Cut|p2a: Espathra\n|-damage|p2a: Espathra|68/283\n|\n|upkeep\n|turn|10\n|inactive|Time left: 300 sec this turn | 300 sec total\n|\n|t:|1783545818\n|switch|p1a: Tornadus|Tornadus, L82, M|3/100\n|move|p2a: Espathra|Stored Power|p1a: Tornadus\n|-damage|p1a: Tornadus|0 fnt\n|faint|p1a: Tornadus\n|\n|upkeep\n|\n|t:|1783545819\n|switch|p1a: Diancie|Diancie, L82|100/100\n|turn|11\n|inactive|Time left: 300 sec this turn | 300 sec total\n|\n|t:|1783545820\n|switch|p1a: Malamar|Malamar, L82, M, tera:Steel|75/100\n|move|p2a: Espathra|Stored Power|p1a: Malamar\n|-resisted|p1a: Malamar\n|-damage|p1a: Malamar|0 fnt\n|faint|p1a: Malamar\n|\n|upkeep\n|\n|t:|1783545821\n|switch|p1a: Pincurchin|Pincurchin, F|100/100\n|-fieldstart|move: Electric Terrain|[from] ability: Electric Surge|[of] p1a: Pincurchin\n|turn|12\n|inactive|Time left: 300 sec this turn | 300 sec total\n|\n|t:|1783545822\n|move|p2a: Espathra|Stored Power|p1a: Pincurchin\n|-damage|p1a: Pincurchin|0 fnt\n|faint|p1a: Pincurchin\n|\n|upkeep\n|\n|t:|1783545823\n|switch|p1a: Glalie|Glalie, L96, M|100/100\n|turn|13\n|inactive|Time left: 300 sec this turn | 300 sec total\n|\n|t:|1783545824\n|switch|p1a: Diancie|Diancie, L82|100/100\n|move|p2a: Espathra|Stored Power|p1a: Diancie\n|-damage|p1a: Diancie|0 fnt\n|faint|p1a: Diancie\n|\n|upkeep\n|\n|t:|1783545825\n|switch|p1a: Glalie|Glalie, L96, M|100/100\n|turn|14\n|inactive|Time left: 300 sec this turn | 300 sec total\n|\n|t:|1783545826\n|move|p2a: Espathra|Stored Power|p1a: Glalie\n|-damage|p1a: Glalie|0 fnt\n|faint|p1a: Glalie\n|\n|win|p0y5813821", "uploadtime": 1783545826, "views": 0, "rating": 0, "private": 0, "password": null, "_winner": "p0y5813821", "_our_name": "p0y5813821"}