{"id": "battle-gen9randombattle-1467", "formatid": "gen9randombattle", "format": "[Gen 9] Random Battle", "players": ["p0x146782ed", "p0y1467acb9"], "log": "|init|battle\n|title|p0x146782ed vs. p0y1467acb9\n|j|\u2606p0x146782ed\n|j|\u2606p0y1467acb9\n|t:|1783556160\n|gametype|singles\n|player|p1|p0x146782ed|170|\n|player|p2|p0y1467acb9|266|\n|gen|9\n|tier|[Gen 9] Random Battle\n|rule|Species Clause: Limit one of each Pok\u00e9mon\n|rule|HP Percentage Mod: HP is shown in percentages\n|rule|Sleep Clause Mod: Limit one foe put to sleep\n|rule|Illusion Level Mod: Illusion disguises the Pok\u00e9mon's true level\n|\n|t:|1783556160\n|teamsize|p1|6\n|teamsize|p2|6\n|start\n|switch|p1a: Dragonite|Dragonite, L74, M|100/100\n|switch|p2a: Muk|Muk-Alola, L82, F|306/306\n|turn|1\n|inactive|Battle timer is ON: inactive players will automatically lose when time's up. (requested by p0y1467acb9)\n|\n|t:|1783556162\n|move|p1a: Dragonite|Outrage|p2a: Muk\n|-damage|p2a: Muk|155/306\n|move|p2a: Muk|Knock Off|p1a: Dragonite\n|-damage|p1a: Dragonite|78/100\n|-enditem|p1a: Dragonite|Heavy-Duty Boots|[from] move: Knock Off|[of] p2a: Muk\n|\n|upkeep\n|turn|2\n|inactive|Time left: 300 sec this turn | 300 sec total\n|inactive|p0x146782ed also wants the timer to be on.\n|\n|t:|1783556163\n|switch|p2a: Sandslash|Sandslash-Alola, L88, M|275/275\n|move|p1a: Dragonite|Outrage|p2a: Sandslash|[from] lockedmove\n|-resisted|p2a: Sandslash\n|-damage|p2a: Sandslash|227/275\n|-start|p1a: Dragonite|confusion|[fatigue]\n|\n|upkeep\n|turn|3\n|inactive|Time left: 300 sec this turn | 300 sec total\n|\n|t:|1783556164\n|switch|p1a: Zamazenta|Zamazenta, L71|100/100\n|-ability|p1a: Zamazenta|Dauntless Shield|boost\n|-boost|p1a: Zamazenta|def|1\n|move|p2a: Sandslash|Triple Axel|p1a: Zamazenta\n|-damage|p1a: Zamazenta|93/100\n|-damage|p1a: Zamazenta|81/100\n|-hitcount|p1a: Zamazenta|2\n|\n|upkeep\n|turn|4\n|inactive|Time left: 300 sec this turn | 300 sec total\n|\n|t:|1783556165\n|switch|p2a: Skeledirge|Skeledirge, L79, M|294/294\n|move|p1a: Zamazenta|Close Combat|p2a: Skeledirge\n|-immune|p2a: Skeledirge\n|\n|upkeep\n|turn|5\n|inactive|Time left: 300 sec this turn | 300 sec total\n|\n|t:|1783556166\n|switch|p1a: Gastrodon|Gastrodon, L86, F|100/100\n|move|p2a: Skeledirge|Torch Song|p1a: Gastrodon\n|-resisted|p1a: Gastrodon\n|-damage|p1a: Gastrodon|89/100\n|-boost|p2a: Skeledirge|spa|1\n|\n|-heal|p1a: Gastrodon|95/100|[from] item: Leftovers\n|upkeep\n|turn|6\n|inactive|Time left: 300 sec this turn | 300 sec total\n|\n|t:|1783556168\n|move|p2a: Skeledirge|Torch Song|p1a: Gastrodon\n|-resisted|p1a: Gastrodon\n|-damage|p1a: Gastrodon|77/100\n|-boost|p2a: Skeledirge|spa|1\n|move|p1a: Gastrodon|Surf|p2a: Skeledirge\n|-supereffective|p2a: Skeledirge\n|-damage|p2a: Skeledirge|48/294\n|\n|-heal|p1a: Gastrodon|83/100|[from] item: Leftovers\n|upkeep\n|turn|7\n|inactive|Time left: 300 sec this turn | 300 sec total\n|\n|t:|1783556169\n|move|p2a: Skeledirge|Hex|p1a: Gastrodon\n|-damage|p1a: Gastrodon|40/100\n|move|p1a: Gastrodon|Surf|p2a: Skeledirge\n|-supereffective|p2a: Skeledirge\n|-damage|p2a: Skeledirge|0 fnt\n|faint|p2a: Skeledirge\n|\n|-heal|p1a: Gastrodon|46/100|[from] item: Leftovers\n|upkeep\n|inactive|Time left: 300 sec this turn | 300 sec total | 5 sec grace\n|\n|t:|1783556170\n|switch|p2a: Sandslash|Sandslash-Alola, L88, M|227/275\n|turn|8\n|inactive|Time left: 300 sec this turn | 300 sec total\n|\n|t:|1783556171\n|switch|p1a: Zamazenta|Zamazenta, L71|81/100\n|move|p2a: Sandslash|Triple Axel|p1a: Zamazenta\n|-damage|p1a: Zamazenta|70/100\n|-hitcount|p1a: Zamazenta|1\n|\n|upkeep\n|turn|9\n|inactive|Time left: 300 sec this turn | 300 sec total\n|\n|t:|1783556172\n|-terastallize|p2a: Sandslash|Flying\n|move|p1a: Zamazenta|Close Combat|p2a: Sandslash\n|-resisted|p2a: Sandslash\n|-damage|p2a: Sandslash|167/275\n|-unboost|p1a: Zamazenta|def|1\n|-unboost|p1a: Zamazenta|spd|1\n|move|p2a: Sandslash|Triple Axel|p1a: Zamazenta|[miss]\n|-miss|p2a: Sandslash|p1a: Zamazenta\n|\n|upkeep\n|turn|10\n|inactive|Time left: 300 sec this turn | 300 sec total\n|\n|t:|1783556173\n|switch|p1a: Gholdengo|Gholdengo, L77|100/100\n|move|p2a: Sandslash|Triple Axel|p1a: Gholdengo\n|-resisted|p1a: Gholdengo\n|-damage|p1a: Gholdengo|96/100\n|-resisted|p1a: Gholdengo\n|-damage|p1a: Gholdengo|86/100\n|-resisted|p1a: Gholdengo\n|-damage|p1a: Gholdengo|74/100\n|-hitcount|p1a: Gholdengo|3\n|\n|upkeep\n|turn|11\n|inactive|Time left: 300 sec this turn | 300 sec total\n|\n|t:|1783556174\n|move|p1a: Gholdengo|Shadow Ball|p2a: Sandslash\n|-damage|p2a: Sandslash|100/275\n|move|p2a: Sandslash|Earthquake|p1a: Gholdengo\n|-supereffective|p1a: Gholdengo\n|-damage|p1a: Gholdengo|16/100\n|\n|upkeep\n|turn|12\n|inactive|Time left: 300 sec this turn | 300 sec total\n|\n|t:|1783556175\n|move|p1a: Gholdengo|Shadow Ball|p2a: Sandslash\n|-damage|p2a: Sandslash|21/275\n|move|p2a: Sandslash|Triple Axel|p1a: Gholdengo\n|-resisted|p1a: Gholdengo\n|-damage|p1a: Gholdengo|12/100\n|-resisted|p1a: Gholdengo\n|-damage|p1a: Gholdengo|2/100\n|-resisted|p1a: Gholdengo\n|-damage|p1a: Gholdengo|0 fnt\n|faint|p1a: Gholdengo\n|-hitcount|p1: Gholdengo|3\n|\n|upkeep\n|\n|t:|1783556176\n|switch|p1a: Zamazenta|Zamazenta, L71|70/100\n|turn|13\n|inactive|Time left: 300 sec this turn | 300 sec total\n|\n|t:|1783556177\n|move|p1a: Zamazenta|Close Combat|p2a: Sandslash\n|-resisted|p2a: Sandslash\n|-damage|p2a: Sandslash|0 fnt\n|-unboost|p1a: Zamazenta|def|1\n|-unboost|p1a: Zamazenta|spd|1\n|faint|p2a: Sandslash\n|\n|upkeep\n|inactive|Time left: 300 sec this turn | 300 sec total | 5 sec grace\n|\n|t:|1783556178\n|switch|p2a: Spectrier|Spectrier, L75|274/274\n|turn|14\n|inactive|Time left: 300 sec this turn | 300 sec total\n|\n|t:|1783556179\n|switch|p1a: Tentacruel|Tentacruel, L84, M|100/100\n|move|p2a: Spectrier|Nasty Plot|p2a: Spectrier\n|-boost|p2a: Spectrier|spa|2\n|\n|upkeep\n|turn|15\n|inactive|Time left: 300 sec this turn | 300 sec total\n|\n|t:|1783556180\n|move|p2a: Spectrier|Shadow Ball|p1a: Tentacruel\n|-damage|p1a: Tentacruel|51/100\n|-damage|p2a: Spectrier|247/274|[from] item: Life Orb\n|move|p1a: Tentacruel|Knock Off|p2a: Spectrier\n|-supereffective|p2a: Spectrier\n|-damage|p2a: Spectrier|81/274\n|-enditem|p2a: Spectrier|Life Orb|[from] move: Knock Off|[of] p1a: Tentacruel\n|\n|upkeep\n|turn|16\n|inactive|Time left: 300 sec this turn | 300 sec total\n|\n|t:|1783556181\n|move|p2a: Spectrier|Shadow Ball|p1a: Tentacruel\n|-damage|p1a: Tentacruel|13/100\n|move|p1a: Tentacruel|Surf|p2a: Spectrier\n|-damage|p2a: Spectrier|0 fnt\n|faint|p2a: Spectrier\n|\n|upkeep\n|inactive|Time left: 300 sec this turn | 300 sec total | 5 sec grace\n|\n|t:|1783556182\n|switch|p2a: Muk|Muk-Alola, L82, F|155/306\n|turn|17\n|inactive|Time left: 300 sec this turn | 300 sec total\n|\n|t:|1783556183\n|move|p1a: Tentacruel|Rapid Spin|p2a: Muk\n|-damage|p2a: Muk|125/306\n|-boost|p1a: Tentacruel|spe|1\n|move|p2a: Muk|Poison Jab|p1a: Tentacruel\n|-resisted|p1a: Tentacruel\n|-crit|p1a: Tentacruel\n|-damage|p1a: Tentacruel|0 fnt\n|faint|p1a: Tentacruel\n|\n|upkeep\n|\n|t:|1783556184\n|switch|p1a: Dragonite|Dragonite, L74, M|78/100\n|turn|18\n|inactive|Time left: 300 sec this turn | 300 sec total\n|\n|t:|1783556186\n|switch|p2a: Cetitan|Cetitan, L82, M|412/412\n|move|p1a: Dragonite|Outrage|p2a: Cetitan\n|-damage|p2a: Cetitan|259/412\n|\n|upkeep\n|turn|19\n|inactive|Time left: 300 sec this turn | 300 sec total\n|\n|t:|1783556187\n|move|p2a: Cetitan|Ice Spinner|p1a: Dragonite\n|-supereffective|p1a: Dragonite\n|-damage|p1a: Dragonite|0 fnt\n|faint|p1a: Dragonite\n|\n|upkeep\n|\n|t:|1783556188\n|switch|p1a: Zamazenta|Zamazenta, L71|70/100\n|turn|20\n|inactive|Time left: 300 sec this turn | 300 sec total\n|\n|t:|1783556189\n|switch|p2a: Cramorant|Cramorant, L86, M|261/261\n|move|p1a: Zamazenta|Close Combat|p2a: Cramorant\n|-resisted|p2a: Cramorant\n|-damage|p2a: Cramorant|156/261\n|-unboost|p1a: Zamazenta|def|1\n|-unboost|p1a: Zamazenta|spd|1\n|\n|upkeep\n|turn|21\n|inactive|Time left: 300 sec this turn | 300 sec total\n|\n|t:|1783556190\n|switch|p1a: Gastrodon|Gastrodon, L86, F|46/100\n|move|p2a: Cramorant|Surf|p1a: Gastrodon\n|-ability|p1a: Gastrodon|Storm Drain|boost\n|-boost|p1a: Gastrodon|spa|1\n|\n|-heal|p1a: Gastrodon|52/100|[from] item: Leftovers\n|upkeep\n|turn|22\n|inactive|Time left: 300 sec this turn | 300 sec total\n|\n|t:|1783556191\n|move|p2a: Cramorant|Brave Bird|p1a: Gastrodon\n|-damage|p1a: Gastrodon|13/100\n|-damage|p2a: Cramorant|112/261|[from] Recoil\n|move|p1a: Gastrodon|Recover|p1a: Gastrodon\n|-heal|p1a: Gastrodon|63/100\n|\n|-heal|p1a: Gastrodon|69/100|[from] item: Leftovers\n|upkeep\n|turn|23\n|inactive|Time left: 300 sec this turn | 300 sec total\n|\n|t:|1783556192\n|move|p2a: Cramorant|Roost|p2a: Cramorant\n|-heal|p2a: Cramorant|243/261\n|-singleturn|p2a: Cramorant|move: Roost\n|move|p1a: Gastrodon|Recover|p1a: Gastrodon\n|-heal|p1a: Gastrodon|100/100\n|\n|upkeep\n|turn|24\n|inactive|Time left: 300 sec this turn | 300 sec total\n|\n|t:|1783556193\n|move|p2a: Cramorant|Brave Bird|p1a: Gastrodon\n|-damage|p1a: Gastrodon|61/100\n|-damage|p2a: Cramorant|199/261|[from] Recoil\n|move|p1a: Gastrodon|Sludge Bomb|p2a: Cramorant\n|-damage|p2a: Cramorant|116/261\n|\n|-heal|p1a: Gastrodon|67/100|[from] item: Leftovers\n|upkeep\n|turn|25\n|inactive|Time left: 300 sec this turn | 300 sec total\n|\n|t:|1783556194\n|move|p2a: Cramorant|Roost|p2a: Cramorant\n|-heal|p2a: Cramorant|247/261\n|-singleturn|p2a: Cramorant|move: Roost\n|move|p1a: Gastrodon|Sludge Bomb|p2a: Cramorant\n|-damage|p2a: Cramorant|165/261\n|-status|p2a: Cramorant|psn\n|\n|-heal|p1a: Gastrodon|73/100|[from] item: Leftovers\n|-damage|p2a: Cramorant|133/261 psn|[from] psn\n|upkeep\n|turn|26\n|inactive|Time left: 300 sec this turn | 300 sec total\n|\n|t:|1783556195\n|move|p2a: Cramorant|Roost|p2a: Cramorant\n|-heal|p2a: Cramorant|261/261 psn\n|-singleturn|p2a: Cramorant|move: Roost\n|move|p1a: Gastrodon|Recover|p1a: Gastrodon\n|-heal|p1a: Gastrodon|100/100\n|\n|-damage|p2a: Cramorant|229/261 psn|[from] psn\n|upkeep\n|turn|27\n|inactive|Time left: 300 sec this turn | 300 sec total\n|\n|t:|1783556197\n|switch|p2a: Cetitan|Cetitan, L82, M|259/412\n|move|p1a: Gastrodon|Earthquake|p2a: Cetitan\n|-damage|p2a: Cetitan|129/412\n|-enditem|p2a: Cetitan|Sitrus Berry|[eat]\n|-heal|p2a: Cetitan|232/412|[from] item: Sitrus Berry\n|\n|upkeep\n|turn|28\n|inactive|Time left: 300 sec this turn | 300 sec total\n|\n|t:|1783556198\n|move|p2a: Cetitan|Ice Spinner|p1a: Gastrodon\n|-damage|p1a: Gastrodon|65/100\n|move|p1a: Gastrodon|Earthquake|p2a: Cetitan\n|-damage|p2a: Cetitan|117/412\n|\n|-heal|p1a: Gastrodon|71/100|[from] item: Leftovers\n|upkeep\n|turn|29\n|inactive|Time left: 300 sec this turn | 300 sec total\n|\n|t:|1783556199\n|move|p2a: Cetitan|Ice Spinner|p1a: Gastrodon\n|-damage|p1a: Gastrodon|36/100\n|move|p1a: Gastrodon|Sludge Bomb|p2a: Cetitan\n|-damage|p2a: Cetitan|0 fnt\n|faint|p2a: Cetitan\n|\n|-heal|p1a: Gastrodon|42/100|[from] item: Leftovers\n|upkeep\n|inactive|Time left: 300 sec this turn | 300 sec total | 5 sec grace\n|\n|t:|1783556200\n|switch|p2a: Cramorant|Cramorant, L86, M|229/261 psn\n|turn|30\n|inactive|Time left: 300 sec this turn | 300 sec total\n|\n|t:|1783556201\n|move|p2a: Cramorant|Brave Bird|p1a: Gastrodon\n|-damage|p1a: Gastrodon|0 fnt\n|faint|p1a: Gastrodon\n|-damage|p2a: Cramorant|183/261 psn|[from] Recoil\n|\n|-damage|p2a: Cramorant|151/261 psn|[from] psn\n|upkeep\n|\n|t:|1783556202\n|switch|p1a: Zamazenta|Zamazenta, L71|70/100\n|turn|31\n|inactive|Time left: 300 sec this turn | 300 sec total\n|\n|t:|1783556203\n|move|p1a: Zamazenta|Stone Edge|p2a: Cramorant\n|-supereffective|p2a: Cramorant\n|-damage|p2a: Cramorant|0 fnt\n|faint|p2a: Cramorant\n|\n|upkeep\n|inactive|Time left: 300 sec this turn | 300 sec total | 5 sec grace\n|\n|t:|1783556205\n|switch|p2a: Muk|Muk-Alola, L82, F|125/306\n|turn|32\n|inactive|Time left: 300 sec this turn | 300 sec total\n|\n|t:|1783556206\n|move|p1a: Zamazenta|Stone Edge|p2a: Muk|[miss]\n|-miss|p1a: Zamazenta|p2a: Muk\n|move|p2a: Muk|Drain Punch|p1a: Zamazenta\n|-damage|p1a: Zamazenta|51/100\n|-heal|p2a: Muk|149/306|[from] drain|[of] p1a: Zamazenta\n|-status|p1a: Zamazenta|psn|[from] ability: Poison Touch|[of] p2a: Muk\n|\n|-damage|p1a: Zamazenta|38/100 psn|[from] psn\n|upkeep\n|turn|33\n|inactive|Time left: 300 sec this turn | 300 sec total\n|\n|t:|1783556207\n|move|p1a: Zamazenta|Stone Edge|p2a: Muk\n|-damage|p2a: Muk|40/306\n|move|p2a: Muk|Knock Off|p1a: Zamazenta\n|-resisted|p1a: Zamazenta\n|-damage|p1a: Zamazenta|18/100 psn\n|-enditem|p1a: Zamazenta|Choice Band|[from] move: Knock Off|[of] p2a: Muk\n|\n|-damage|p1a: Zamazenta|6/100 psn|[from] psn\n|upkeep\n|turn|34\n|inactive|Time left: 300 sec this turn | 300 sec total\n|\n|t:|1783556208\n|move|p2a: Muk|Shadow Sneak|p1a: Zamazenta\n|-damage|p1a: Zamazenta|0 fnt\n|faint|p1a: Zamazenta\n|\n|upkeep\n|\n|t:|1783556208\n|switch|p1a: Sinistcha|Sinistcha, L83|100/100\n|turn|35\n|inactive|Time left: 300 sec this turn | 300 sec total\n|\n|t:|1783556209\n|move|p1a: Sinistcha|Shadow Ball|p2a: Muk\n|-resisted|p2a: Muk\n|-damage|p2a: Muk|10/306\n|-unboost|p2a: Muk|spd|1\n|move|p2a: Muk|Knock Off|p1a: Sinistcha\n|-supereffective|p1a: Sinistcha\n|-damage|p1a: Sinistcha|30/100\n|-status|p1a: Sinistcha|psn|[from] ability: Poison Touch|[of] p2a: Muk\n|-enditem|p1a: Sinistcha|Leftovers|[from] move: Knock Off|[of] p2a: Muk\n|\n|-damage|p1a: Sinistcha|17/100 psn|[from] psn\n|upkeep\n|turn|36\n|inactive|Time left: 300 sec this turn | 300 sec total\n|\n|t:|1783556210\n|-terastallize|p1a: Sinistcha|Steel\n|move|p1a: Sinistcha|Strength Sap|p2a: Muk\n|-unboost|p2a: Muk|atk|1\n|-heal|p1a: Sinistcha|100/100 psn\n|move|p2a: Muk|Knock Off|p1a: Sinistcha\n|-damage|p1a: Sinistcha|85/100 psn\n|\n|-damage|p1a: Sinistcha|73/100 psn|[from] psn\n|upkeep\n|turn|37\n|inactive|Time left: 300 sec this turn | 300 sec total\n|\n|t:|1783556211\n|move|p1a: Sinistcha|Shadow Ball|p2a: Muk\n|-resisted|p2a: Muk\n|-damage|p2a: Muk|0 fnt\n|faint|p2a: Muk\n|\n|win|p0x146782ed", "uploadtime": 1783556211, "views": 0, "rating": 0, "private": 0, "password": null, "_winner": "p0x146782ed", "_our_name": "p0y1467acb9"}