{"id": "battle-gen9randombattle-2319", "formatid": "gen9randombattle", "format": "[Gen 9] Random Battle", "players": ["p0x2318d86e", "p0y2318cdb1"], "log": "|init|battle\n|title|p0x2318d86e vs. p0y2318cdb1\n|j|\u2606p0x2318d86e\n|j|\u2606p0y2318cdb1\n|t:|1783565894\n|gametype|singles\n|player|p1|p0x2318d86e|266|\n|player|p2|p0y2318cdb1|265|\n|gen|9\n|tier|[Gen 9] Random Battle\n|rule|Species Clause: Limit one of each Pok\u00e9mon\n|rule|HP Percentage Mod: HP is shown in percentages\n|rule|Sleep Clause Mod: Limit one foe put to sleep\n|rule|Illusion Level Mod: Illusion disguises the Pok\u00e9mon's true level\n|\n|t:|1783565894\n|teamsize|p1|6\n|teamsize|p2|6\n|start\n|switch|p1a: Tsareena|Tsareena, L87, F|267/267\n|switch|p2a: Volcanion|Volcanion, L79|100/100\n|turn|1\n|inactive|Battle timer is ON: inactive players will automatically lose when time's up. (requested by p0y2318cdb1)\n|inactive|Time left: 300 sec this turn | 300 sec total | 60 sec grace\n|inactive|p0x2318d86e also wants the timer to be on.\n|\n|t:|1783565896\n|move|p2a: Volcanion|Steam Eruption|p1a: Tsareena\n|-resisted|p1a: Tsareena\n|-damage|p1a: Tsareena|210/267\n|move|p1a: Tsareena|Power Whip|p2a: Volcanion\n|-damage|p2a: Volcanion|32/100\n|-damage|p1a: Tsareena|184/267|[from] item: Life Orb\n|\n|upkeep\n|turn|2\n|inactive|Time left: 300 sec this turn | 300 sec total\n|\n|t:|1783565897\n|move|p2a: Volcanion|Steam Eruption|p1a: Tsareena\n|-resisted|p1a: Tsareena\n|-damage|p1a: Tsareena|126/267\n|-status|p1a: Tsareena|brn\n|move|p1a: Tsareena|Power Whip|p2a: Volcanion\n|-damage|p2a: Volcanion|1/100\n|-damage|p1a: Tsareena|100/267 brn|[from] item: Life Orb\n|\n|-damage|p1a: Tsareena|84/267 brn|[from] brn\n|upkeep\n|turn|3\n|inactive|Time left: 300 sec this turn | 300 sec total\n|\n|t:|1783565899\n|move|p2a: Volcanion|Steam Eruption|p1a: Tsareena\n|-resisted|p1a: Tsareena\n|-crit|p1a: Tsareena\n|-damage|p1a: Tsareena|0 fnt\n|faint|p1a: Tsareena\n|\n|upkeep\n|inactive|Time left: 300 sec this turn | 300 sec total | 5 sec grace\n|\n|t:|1783565900\n|switch|p1a: Misdreavus|Misdreavus, L90, M|254/254\n|turn|4\n|inactive|Time left: 300 sec this turn | 300 sec total\n|\n|t:|1783565901\n|move|p2a: Volcanion|Steam Eruption|p1a: Misdreavus\n|-damage|p1a: Misdreavus|175/254\n|-status|p1a: Misdreavus|brn\n|move|p1a: Misdreavus|Calm Mind|p1a: Misdreavus\n|-boost|p1a: Misdreavus|spa|1\n|-boost|p1a: Misdreavus|spd|1\n|\n|-damage|p1a: Misdreavus|160/254 brn|[from] brn\n|upkeep\n|turn|5\n|inactive|Time left: 300 sec this turn | 300 sec total\n|\n|t:|1783565902\n|move|p2a: Volcanion|Steam Eruption|p1a: Misdreavus\n|-damage|p1a: Misdreavus|102/254 brn\n|move|p1a: Misdreavus|Shadow Ball|p2a: Volcanion\n|-damage|p2a: Volcanion|0 fnt\n|faint|p2a: Volcanion\n|\n|-damage|p1a: Misdreavus|87/254 brn|[from] brn\n|upkeep\n|\n|t:|1783565903\n|switch|p2a: Clefable|Clefable, L83, F|100/100\n|turn|6\n|inactive|Time left: 300 sec this turn | 300 sec total\n|\n|t:|1783565904\n|move|p1a: Misdreavus|Shadow Ball|p2a: Clefable\n|-damage|p2a: Clefable|72/100\n|-unboost|p2a: Clefable|spd|1\n|move|p2a: Clefable|Moonblast|p1a: Misdreavus\n|-damage|p1a: Misdreavus|23/254 brn\n|\n|-heal|p2a: Clefable|78/100|[from] item: Leftovers\n|-damage|p1a: Misdreavus|8/254 brn|[from] brn\n|upkeep\n|turn|7\n|inactive|Time left: 300 sec this turn | 300 sec total\n|\n|t:|1783565905\n|move|p1a: Misdreavus|Draining Kiss|p2a: Clefable\n|-damage|p2a: Clefable|58/100\n|-heal|p1a: Misdreavus|52/254 brn|[from] drain|[of] p2a: Clefable\n|move|p2a: Clefable|Moonlight|p2a: Clefable\n|-heal|p2a: Clefable|100/100\n|\n|-damage|p1a: Misdreavus|37/254 brn|[from] brn\n|upkeep\n|turn|8\n|inactive|Time left: 300 sec this turn | 300 sec total\n|\n|t:|1783565907\n|move|p1a: Misdreavus|Shadow Ball|p2a: Clefable\n|-damage|p2a: Clefable|57/100\n|move|p2a: Clefable|Moonblast|p1a: Misdreavus\n|-damage|p1a: Misdreavus|0 fnt\n|faint|p1a: Misdreavus\n|\n|-heal|p2a: Clefable|64/100|[from] item: Leftovers\n|upkeep\n|inactive|Time left: 300 sec this turn | 300 sec total | 5 sec grace\n|\n|t:|1783565908\n|switch|p1a: Iron Crown|Iron Crown, L78|268/268\n|turn|9\n|inactive|Time left: 300 sec this turn | 300 sec total\n|\n|t:|1783565909\n|switch|p2a: Perrserker|Perrserker, L89, M|100/100\n|move|p1a: Iron Crown|Tachyon Cutter|p2a: Perrserker\n|-resisted|p2a: Perrserker\n|-damage|p2a: Perrserker|81/100\n|-resisted|p2a: Perrserker\n|-damage|p2a: Perrserker|62/100\n|-hitcount|p2a: Perrserker|2\n|\n|upkeep\n|turn|10\n|inactive|Time left: 300 sec this turn | 300 sec total\n|\n|t:|1783565910\n|move|p1a: Iron Crown|Tachyon Cutter|p2a: Perrserker\n|-resisted|p2a: Perrserker\n|-damage|p2a: Perrserker|41/100\n|-resisted|p2a: Perrserker\n|-damage|p2a: Perrserker|21/100\n|-hitcount|p2a: Perrserker|2\n|move|p2a: Perrserker|Knock Off|p1a: Iron Crown\n|-supereffective|p1a: Iron Crown\n|-damage|p1a: Iron Crown|0 fnt\n|-enditem|p1a: Iron Crown|Choice Specs|[from] move: Knock Off|[of] p2a: Perrserker\n|faint|p1a: Iron Crown\n|-end|p1a: Iron Crown|Quark Drive|[silent]\n|-damage|p2a: Perrserker|11/100|[from] item: Life Orb\n|\n|upkeep\n|inactive|Time left: 300 sec this turn | 300 sec total | 5 sec grace\n|\n|t:|1783565911\n|switch|p1a: Okidogi|Okidogi, L77, M|262/262\n|turn|11\n|inactive|Time left: 300 sec this turn | 300 sec total\n|\n|t:|1783565912\n|move|p1a: Okidogi|Drain Punch|p2a: Perrserker\n|-supereffective|p2a: Perrserker\n|-damage|p2a: Perrserker|0 fnt\n|faint|p2a: Perrserker\n|\n|upkeep\n|\n|t:|1783565913\n|switch|p2a: Forretress|Forretress, L84, M|100/100\n|turn|12\n|inactive|Time left: 300 sec this turn | 300 sec total\n|\n|t:|1783565914\n|move|p1a: Okidogi|Knock Off|p2a: Forretress\n|-damage|p2a: Forretress|81/100\n|-enditem|p2a: Forretress|Leftovers|[from] move: Knock Off|[of] p1a: Okidogi\n|move|p2a: Forretress|Thunder Wave|p1a: Okidogi\n|-status|p1a: Okidogi|par\n|\n|upkeep\n|turn|13\n|inactive|Time left: 300 sec this turn | 300 sec total\n|\n|t:|1783565915\n|move|p2a: Forretress|Rapid Spin|p1a: Okidogi\n|-damage|p1a: Okidogi|229/262 par\n|-boost|p2a: Forretress|spe|1\n|move|p1a: Okidogi|Knock Off|p2a: Forretress\n|-damage|p2a: Forretress|69/100\n|\n|upkeep\n|turn|14\n|inactive|Time left: 300 sec this turn | 300 sec total\n|\n|t:|1783565916\n|move|p2a: Forretress|Rapid Spin|p1a: Okidogi\n|-damage|p1a: Okidogi|198/262 par\n|-boost|p2a: Forretress|spe|1\n|move|p1a: Okidogi|Drain Punch|p2a: Forretress\n|-damage|p2a: Forretress|47/100\n|-heal|p1a: Okidogi|228/262 par|[from] drain|[of] p2a: Forretress\n|\n|upkeep\n|turn|15\n|inactive|Time left: 300 sec this turn | 300 sec total\n|\n|t:|1783565917\n|move|p2a: Forretress|Iron Head|p1a: Okidogi\n|-damage|p1a: Okidogi|161/262 par\n|cant|p1a: Okidogi|par\n|\n|upkeep\n|turn|16\n|inactive|Time left: 300 sec this turn | 300 sec total\n|\n|t:|1783565918\n|switch|p1a: Dunsparce|Dunsparce, L86, M|312/312\n|move|p2a: Forretress|Iron Head|p1a: Dunsparce\n|-damage|p1a: Dunsparce|249/312\n|\n|upkeep\n|turn|17\n|inactive|Time left: 300 sec this turn | 300 sec total\n|\n|t:|1783565919\n|move|p2a: Forretress|Iron Head|p1a: Dunsparce\n|-damage|p1a: Dunsparce|191/312\n|cant|p1a: Dunsparce|flinch\n|\n|upkeep\n|turn|18\n|inactive|Time left: 300 sec this turn | 300 sec total\n|\n|t:|1783565920\n|move|p2a: Forretress|Thunder Wave|p1a: Dunsparce\n|-status|p1a: Dunsparce|par\n|move|p1a: Dunsparce|Coil|p1a: Dunsparce\n|-boost|p1a: Dunsparce|atk|1\n|-boost|p1a: Dunsparce|def|1\n|-boost|p1a: Dunsparce|accuracy|1\n|\n|upkeep\n|turn|19\n|inactive|Time left: 300 sec this turn | 300 sec total\n|\n|t:|1783565921\n|move|p2a: Forretress|Spikes|p1a: Dunsparce\n|-sidestart|p1: p0x2318d86e|Spikes\n|cant|p1a: Dunsparce|par\n|\n|upkeep\n|turn|20\n|inactive|Time left: 300 sec this turn | 300 sec total\n|\n|t:|1783565922\n|move|p2a: Forretress|Spikes|p1a: Dunsparce\n|-sidestart|p1: p0x2318d86e|Spikes\n|move|p1a: Dunsparce|Coil|p1a: Dunsparce\n|-boost|p1a: Dunsparce|atk|1\n|-boost|p1a: Dunsparce|def|1\n|-boost|p1a: Dunsparce|accuracy|1\n|\n|upkeep\n|turn|21\n|inactive|Time left: 300 sec this turn | 300 sec total\n|\n|t:|1783565923\n|move|p2a: Forretress|Spikes|p1a: Dunsparce\n|-sidestart|p1: p0x2318d86e|Spikes\n|move|p1a: Dunsparce|Body Slam|p2a: Forretress\n|-resisted|p2a: Forretress\n|-damage|p2a: Forretress|26/100\n|-status|p2a: Forretress|par\n|\n|upkeep\n|turn|22\n|inactive|Time left: 300 sec this turn | 300 sec total\n|\n|t:|1783565924\n|move|p2a: Forretress|Iron Head|p1a: Dunsparce\n|-damage|p1a: Dunsparce|160/312 par\n|cant|p1a: Dunsparce|par\n|\n|upkeep\n|turn|23\n|inactive|Time left: 300 sec this turn | 300 sec total\n|\n|t:|1783565925\n|cant|p2a: Forretress|par\n|move|p1a: Dunsparce|Earthquake|p2a: Forretress\n|-damage|p2a: Forretress|0 fnt\n|faint|p2a: Forretress\n|\n|upkeep\n|\n|t:|1783565926\n|switch|p2a: Gengar|Gengar, L81, F|100/100\n|turn|24\n|inactive|Time left: 300 sec this turn | 300 sec total\n|\n|t:|1783565926\n|move|p2a: Gengar|Focus Blast|p1a: Dunsparce|[miss]\n|-miss|p2a: Gengar|p1a: Dunsparce\n|move|p1a: Dunsparce|Earthquake|p2a: Gengar\n|-supereffective|p2a: Gengar\n|-damage|p2a: Gengar|0 fnt\n|-start|p1a: Dunsparce|Disable|Earthquake|[from] ability: Cursed Body|[of] p2a: Gengar\n|faint|p2a: Gengar\n|\n|upkeep\n|\n|t:|1783565927\n|switch|p2a: Clefable|Clefable, L83, F|64/100\n|turn|25\n|inactive|Time left: 300 sec this turn | 300 sec total\n|\n|t:|1783565928\n|move|p2a: Clefable|Knock Off|p1a: Dunsparce\n|-damage|p1a: Dunsparce|116/312 par\n|-enditem|p1a: Dunsparce|Eviolite|[from] move: Knock Off|[of] p2a: Clefable\n|cant|p1a: Dunsparce|par\n|\n|-heal|p2a: Clefable|70/100|[from] item: Leftovers\n|upkeep\n|turn|26\n|inactive|Time left: 300 sec this turn | 300 sec total\n|\n|t:|1783565929\n|move|p2a: Clefable|Moonblast|p1a: Dunsparce\n|-damage|p1a: Dunsparce|1/312 par\n|move|p1a: Dunsparce|Roost|p1a: Dunsparce\n|-heal|p1a: Dunsparce|157/312 par\n|-singleturn|p1a: Dunsparce|move: Roost\n|\n|-heal|p2a: Clefable|76/100|[from] item: Leftovers\n|upkeep\n|turn|27\n|inactive|Time left: 300 sec this turn | 300 sec total\n|\n|t:|1783565930\n|move|p2a: Clefable|Moonblast|p1a: Dunsparce\n|-damage|p1a: Dunsparce|45/312 par\n|-unboost|p1a: Dunsparce|spa|1\n|move|p1a: Dunsparce|Roost|p1a: Dunsparce\n|-heal|p1a: Dunsparce|201/312 par\n|-singleturn|p1a: Dunsparce|move: Roost\n|\n|-heal|p2a: Clefable|82/100|[from] item: Leftovers\n|-end|p1a: Dunsparce|Disable\n|upkeep\n|turn|28\n|inactive|Time left: 300 sec this turn | 300 sec total\n|\n|t:|1783565931\n|move|p2a: Clefable|Moonblast|p1a: Dunsparce\n|-damage|p1a: Dunsparce|81/312 par\n|cant|p1a: Dunsparce|par\n|\n|-heal|p2a: Clefable|88/100|[from] item: Leftovers\n|upkeep\n|turn|29\n|inactive|Time left: 300 sec this turn | 300 sec total\n|\n|t:|1783565932\n|move|p2a: Clefable|Moonblast|p1a: Dunsparce\n|-damage|p1a: Dunsparce|0 fnt\n|faint|p1a: Dunsparce\n|\n|-heal|p2a: Clefable|94/100|[from] item: Leftovers\n|upkeep\n|inactive|Time left: 300 sec this turn | 300 sec total | 5 sec grace\n|\n|t:|1783565933\n|switch|p1a: Qwilfish|Qwilfish-Hisui, L83, M|244/244\n|-damage|p1a: Qwilfish|183/244|[from] Spikes\n|-ability|p1a: Qwilfish|Intimidate|boost\n|-unboost|p2a: Clefable|atk|1\n|turn|30\n|inactive|Time left: 300 sec this turn | 300 sec total\n|\n|t:|1783565934\n|-terastallize|p2a: Clefable|Steel\n|move|p1a: Qwilfish|Gunk Shot|p2a: Clefable\n|-immune|p2a: Clefable\n|move|p2a: Clefable|Moonblast|p1a: Qwilfish\n|-damage|p1a: Qwilfish|93/244\n|\n|-heal|p2a: Clefable|100/100|[from] item: Leftovers\n|upkeep\n|turn|31\n|inactive|Time left: 300 sec this turn | 300 sec total\n|\n|t:|1783565935\n|move|p1a: Qwilfish|Crunch|p2a: Clefable\n|-damage|p2a: Clefable|67/100\n|-unboost|p2a: Clefable|def|1\n|move|p2a: Clefable|Moonblast|p1a: Qwilfish\n|-damage|p1a: Qwilfish|8/244\n|\n|-heal|p2a: Clefable|73/100|[from] item: Leftovers\n|upkeep\n|turn|32\n|inactive|Time left: 300 sec this turn | 300 sec total\n|\n|t:|1783565936\n|move|p1a: Qwilfish|Crunch|p2a: Clefable\n|-damage|p2a: Clefable|21/100\n|move|p2a: Clefable|Moonblast|p1a: Qwilfish\n|-damage|p1a: Qwilfish|0 fnt\n|faint|p1a: Qwilfish\n|\n|-heal|p2a: Clefable|27/100|[from] item: Leftovers\n|upkeep\n|inactive|Time left: 300 sec this turn | 300 sec total | 5 sec grace\n|\n|t:|1783565937\n|switch|p1a: Okidogi|Okidogi, L77, M|161/262 par\n|-damage|p1a: Okidogi|96/262 par|[from] Spikes\n|turn|33\n|inactive|Time left: 300 sec this turn | 300 sec total\n|\n|t:|1783565938\n|move|p2a: Clefable|Moonblast|p1a: Okidogi\n|-damage|p1a: Okidogi|26/262 par\n|move|p1a: Okidogi|Drain Punch|p2a: Clefable\n|-supereffective|p2a: Clefable\n|-crit|p2a: Clefable\n|-damage|p2a: Clefable|0 fnt\n|-heal|p1a: Okidogi|65/262 par|[from] drain|[of] p2a: Clefable\n|faint|p2a: Clefable\n|\n|upkeep\n|\n|t:|1783565939\n|switch|p2a: Delibird|Delibird, M|100/100\n|turn|34\n|inactive|Time left: 300 sec this turn | 300 sec total\n|\n|t:|1783565940\n|-terastallize|p1a: Okidogi|Dark\n|move|p2a: Delibird|Brave Bird|p1a: Okidogi\n|-damage|p1a: Okidogi|0 fnt\n|faint|p1a: Okidogi\n|-damage|p2a: Delibird|92/100|[from] Recoil\n|\n|win|p0y2318cdb1", "uploadtime": 1783565940, "views": 0, "rating": 0, "private": 0, "password": null, "_winner": "p0y2318cdb1", "_our_name": "p0x2318d86e"}