{"id": "battle-gen9randombattle-226", "formatid": "gen9randombattle", "format": "[Gen 9] Random Battle", "players": ["p0x22648ec", "p0y22678cf"], "log": "|init|battle\n|title|p0x22648ec vs. p0y22678cf\n|j|\u2606p0x22648ec\n|j|\u2606p0y22678cf\n|t:|1783541740\n|gametype|singles\n|player|p1|p0x22648ec|2|\n|player|p2|p0y22678cf|101|\n|gen|9\n|tier|[Gen 9] Random Battle\n|rule|Species Clause: Limit one of each Pok\u00e9mon\n|rule|HP Percentage Mod: HP is shown in percentages\n|rule|Sleep Clause Mod: Limit one foe put to sleep\n|rule|Illusion Level Mod: Illusion disguises the Pok\u00e9mon's true level\n|\n|t:|1783541740\n|teamsize|p1|6\n|teamsize|p2|6\n|start\n|switch|p1a: Klefki|Klefki, L84, F|100/100\n|switch|p2a: Rayquaza|Rayquaza, L72|270/270\n|-ability|p2a: Rayquaza|Air Lock\n|turn|1\n|inactive|Battle timer is ON: inactive players will automatically lose when time's up. (requested by p0y22678cf)\n|inactive|p0x22648ec also wants the timer to be on.\n|\n|t:|1783541741\n|move|p2a: Rayquaza|Earthquake|p1a: Klefki\n|-supereffective|p1a: Klefki\n|-damage|p1a: Klefki|35/100\n|move|p1a: Klefki|Dazzling Gleam|p2a: Rayquaza\n|-supereffective|p2a: Rayquaza\n|-damage|p2a: Rayquaza|102/270\n|\n|-heal|p1a: Klefki|41/100|[from] item: Leftovers\n|upkeep\n|turn|2\n|inactive|Time left: 300 sec this turn | 300 sec total\n|\n|t:|1783541742\n|move|p1a: Klefki|Thunder Wave|p2a: Rayquaza\n|-status|p2a: Rayquaza|par\n|move|p2a: Rayquaza|Earthquake|p1a: Klefki\n|-supereffective|p1a: Klefki\n|-crit|p1a: Klefki\n|-damage|p1a: Klefki|0 fnt\n|faint|p1a: Klefki\n|\n|upkeep\n|\n|t:|1783541743\n|switch|p1a: Klawf|Klawf, L90, M|100/100\n|turn|3\n|inactive|Time left: 300 sec this turn | 300 sec total\n|\n|t:|1783541744\n|switch|p2a: Glastrier|Glastrier, L86|311/311\n|move|p1a: Klawf|Swords Dance|p1a: Klawf\n|-boost|p1a: Klawf|atk|2\n|\n|upkeep\n|turn|4\n|inactive|Time left: 300 sec this turn | 300 sec total\n|\n|t:|1783541745\n|-terastallize|p2a: Glastrier|Fighting\n|move|p1a: Klawf|Stone Edge|p2a: Glastrier\n|-resisted|p2a: Glastrier\n|-damage|p2a: Glastrier|226/311\n|move|p2a: Glastrier|Close Combat|p1a: Klawf\n|-supereffective|p1a: Klawf\n|-damage|p1a: Klawf|0 fnt\n|-unboost|p2a: Glastrier|def|1\n|-unboost|p2a: Glastrier|spd|1\n|faint|p1a: Klawf\n|-ability|p2a: Glastrier|Chilling Neigh|boost\n|-boost|p2a: Glastrier|atk|1\n|\n|upkeep\n|\n|t:|1783541746\n|switch|p1a: Slowking|Slowking, L88, M|100/100\n|turn|5\n|inactive|Time left: 300 sec this turn | 300 sec total\n|\n|t:|1783541747\n|move|p1a: Slowking|Psychic|p2a: Glastrier\n|-supereffective|p2a: Glastrier\n|-damage|p2a: Glastrier|0 fnt\n|faint|p2a: Glastrier\n|-damage|p1a: Slowking|91/100|[from] item: Life Orb\n|\n|upkeep\n|inactive|Time left: 300 sec this turn | 300 sec total | 5 sec grace\n|\n|t:|1783541748\n|switch|p2a: Greedent|Greedent, L86, M|347/347\n|turn|6\n|inactive|Time left: 300 sec this turn | 300 sec total\n|\n|t:|1783541750\n|move|p1a: Slowking|Nasty Plot|p1a: Slowking\n|-boost|p1a: Slowking|spa|2\n|move|p2a: Greedent|Swords Dance|p2a: Greedent\n|-boost|p2a: Greedent|atk|2\n|\n|upkeep\n|turn|7\n|inactive|Time left: 300 sec this turn | 300 sec total\n|\n|t:|1783541751\n|move|p1a: Slowking|Dark Pulse|p2a: Greedent\n|-damage|p2a: Greedent|70/347\n|-enditem|p2a: Greedent|Sitrus Berry|[eat]\n|-heal|p2a: Greedent|156/347|[from] item: Sitrus Berry\n|-heal|p2a: Greedent|271/347|[from] ability: Cheek Pouch\n|-damage|p1a: Slowking|81/100|[from] item: Life Orb\n|move|p2a: Greedent|Earthquake|p1a: Slowking\n|-damage|p1a: Slowking|4/100\n|replace|p1a: Zoroark|Zoroark, L83, F\n|-end|p1a: Zoroark|Illusion\n|-hint|Illusion Level Mod is active, so this Pok\u00e9mon's true level was hidden.\n|\n|upkeep\n|turn|8\n|inactive|Time left: 300 sec this turn | 300 sec total\n|\n|t:|1783541752\n|switch|p2a: Rayquaza|Rayquaza, L72|102/270 par\n|-ability|p2a: Rayquaza|Air Lock\n|move|p1a: Zoroark|Dark Pulse|p2a: Rayquaza\n|-damage|p2a: Rayquaza|0 fnt\n|faint|p2a: Rayquaza\n|-damage|p1a: Zoroark|0 fnt|[from] item: Life Orb\n|faint|p1a: Zoroark\n|\n|upkeep\n|inactive|Time left: 300 sec this turn | 300 sec total | 5 sec grace\n|\n|t:|1783541753\n|switch|p1a: Wo-Chien|Wo-Chien, L83|100/100\n|switch|p2a: Mismagius|Mismagius, L86, F|243/243\n|-ability|p1a: Wo-Chien|Tablets of Ruin\n|turn|9\n|inactive|Time left: 300 sec this turn | 300 sec total\n|\n|t:|1783541754\n|switch|p2a: Meganium|Meganium, L90, F|290/290\n|move|p1a: Wo-Chien|Knock Off|p2a: Meganium\n|-damage|p2a: Meganium|215/290\n|-enditem|p2a: Meganium|Leftovers|[from] move: Knock Off|[of] p1a: Wo-Chien\n|\n|upkeep\n|turn|10\n|inactive|Time left: 300 sec this turn | 300 sec total\n|\n|t:|1783541755\n|move|p2a: Meganium|Swords Dance|p2a: Meganium\n|-boost|p2a: Meganium|atk|2\n|move|p1a: Wo-Chien|Knock Off|p2a: Meganium\n|-damage|p2a: Meganium|166/290\n|\n|upkeep\n|turn|11\n|inactive|Time left: 300 sec this turn | 300 sec total\n|\n|t:|1783541756\n|move|p2a: Meganium|Swords Dance|p2a: Meganium\n|-boost|p2a: Meganium|atk|2\n|move|p1a: Wo-Chien|Giga Drain|p2a: Meganium\n|-resisted|p2a: Meganium\n|-crit|p2a: Meganium\n|-damage|p2a: Meganium|120/290\n|\n|upkeep\n|turn|12\n|inactive|Time left: 300 sec this turn | 300 sec total\n|\n|t:|1783541757\n|move|p2a: Meganium|Knock Off|p1a: Wo-Chien\n|-resisted|p1a: Wo-Chien\n|-crit|p1a: Wo-Chien\n|-damage|p1a: Wo-Chien|62/100\n|-enditem|p1a: Wo-Chien|Leftovers|[from] move: Knock Off|[of] p2a: Meganium\n|move|p1a: Wo-Chien|Knock Off|p2a: Meganium\n|-damage|p2a: Meganium|68/290\n|\n|upkeep\n|turn|13\n|inactive|Time left: 300 sec this turn | 300 sec total\n|\n|t:|1783541758\n|move|p2a: Meganium|Petal Blizzard|p1a: Wo-Chien\n|-resisted|p1a: Wo-Chien\n|-damage|p1a: Wo-Chien|12/100\n|move|p1a: Wo-Chien|Knock Off|p2a: Meganium\n|-damage|p2a: Meganium|14/290\n|\n|upkeep\n|turn|14\n|inactive|Time left: 300 sec this turn | 300 sec total\n|\n|t:|1783541759\n|move|p2a: Meganium|Earthquake|p1a: Wo-Chien\n|-resisted|p1a: Wo-Chien\n|-damage|p1a: Wo-Chien|0 fnt\n|faint|p1a: Wo-Chien\n|\n|upkeep\n|\n|t:|1783541760\n|switch|p1a: Luvdisc|Luvdisc, F|100/100\n|turn|15\n|inactive|Time left: 300 sec this turn | 300 sec total\n|\n|t:|1783541761\n|move|p1a: Luvdisc|Flip Turn|p2a: Meganium\n|-resisted|p2a: Meganium\n|-damage|p2a: Meganium|0 fnt\n|faint|p2a: Meganium\n|\n|t:|1783541762\n|switch|p1a: Slowking|Slowking, L88, M|100/100|[from] Flip Turn\n|\n|upkeep\n|inactive|Time left: 300 sec this turn | 300 sec total | 10 sec grace\n|\n|t:|1783541763\n|switch|p2a: Mismagius|Mismagius, L86, F|243/243\n|turn|16\n|inactive|Time left: 300 sec this turn | 300 sec total\n|\n|t:|1783541764\n|move|p2a: Mismagius|Nasty Plot|p2a: Mismagius\n|-boost|p2a: Mismagius|spa|2\n|move|p1a: Slowking|Scald|p2a: Mismagius\n|-damage|p2a: Mismagius|153/243\n|\n|upkeep\n|turn|17\n|inactive|Time left: 300 sec this turn | 300 sec total\n|\n|t:|1783541765\n|-terastallize|p1a: Slowking|Fairy\n|move|p2a: Mismagius|Shadow Ball|p1a: Slowking\n|-damage|p1a: Slowking|42/100\n|-damage|p2a: Mismagius|129/243|[from] item: Life Orb\n|move|p1a: Slowking|Scald|p2a: Mismagius\n|-damage|p2a: Mismagius|44/243\n|\n|upkeep\n|turn|18\n|inactive|Time left: 300 sec this turn | 300 sec total\n|\n|t:|1783541767\n|move|p2a: Mismagius|Shadow Ball|p1a: Slowking\n|-damage|p1a: Slowking|0 fnt\n|faint|p1a: Slowking\n|-damage|p2a: Mismagius|20/243|[from] item: Life Orb\n|\n|upkeep\n|\n|t:|1783541768\n|switch|p1a: Luvdisc|Luvdisc, F|100/100\n|turn|19\n|inactive|Time left: 300 sec this turn | 300 sec total\n|\n|t:|1783541769\n|switch|p2a: Houndstone|Houndstone, L86, M|264/264\n|move|p1a: Luvdisc|Surf|p2a: Houndstone\n|-damage|p2a: Houndstone|218/264\n|\n|upkeep\n|turn|20\n|inactive|Time left: 300 sec this turn | 300 sec total\n|\n|t:|1783541770\n|move|p1a: Luvdisc|Substitute|p1a: Luvdisc\n|-start|p1a: Luvdisc|Substitute\n|-damage|p1a: Luvdisc|76/100\n|move|p2a: Houndstone|Poltergeist|p1a: Luvdisc\n|-activate|p1a: Luvdisc|move: Poltergeist|Heavy-Duty Boots\n|-end|p1a: Luvdisc|Substitute\n|\n|upkeep\n|turn|21\n|inactive|Time left: 300 sec this turn | 300 sec total\n|\n|t:|1783541771\n|move|p1a: Luvdisc|Substitute|p1a: Luvdisc\n|-start|p1a: Luvdisc|Substitute\n|-damage|p1a: Luvdisc|51/100\n|move|p2a: Houndstone|Poltergeist|p1a: Luvdisc\n|-activate|p1a: Luvdisc|move: Poltergeist|Heavy-Duty Boots\n|-end|p1a: Luvdisc|Substitute\n|\n|upkeep\n|turn|22\n|inactive|Time left: 300 sec this turn | 300 sec total\n|\n|t:|1783541772\n|move|p1a: Luvdisc|Substitute|p1a: Luvdisc\n|-start|p1a: Luvdisc|Substitute\n|-damage|p1a: Luvdisc|26/100\n|move|p2a: Houndstone|Body Press|p1a: Luvdisc\n|-end|p1a: Luvdisc|Substitute\n|\n|upkeep\n|turn|23\n|inactive|Time left: 300 sec this turn | 300 sec total\n|\n|t:|1783541773\n|move|p1a: Luvdisc|Substitute|p1a: Luvdisc\n|-start|p1a: Luvdisc|Substitute\n|-damage|p1a: Luvdisc|2/100\n|move|p2a: Houndstone|Body Press|p1a: Luvdisc\n|-end|p1a: Luvdisc|Substitute\n|\n|upkeep\n|turn|24\n|inactive|Time left: 300 sec this turn | 300 sec total\n|\n|t:|1783541774\n|move|p2a: Houndstone|Shadow Sneak|p1a: Luvdisc\n|-damage|p1a: Luvdisc|0 fnt\n|faint|p1a: Luvdisc\n|\n|win|p0y22678cf", "uploadtime": 1783541774, "views": 0, "rating": 0, "private": 0, "password": null, "_winner": "p0y22678cf", "_our_name": "p0y22678cf"}