{"id": "battle-gen9randombattle-930", "formatid": "gen9randombattle", "format": "[Gen 9] Random Battle", "players": ["p0x930aedc", "p0y9305d75"], "log": "|init|battle\n|title|p0x930aedc vs. p0y9305d75\n|j|\u2606p0x930aedc\n|j|\u2606p0y9305d75\n|t:|1783550685\n|gametype|singles\n|player|p1|p0x930aedc|2|\n|player|p2|p0y9305d75|102|\n|gen|9\n|tier|[Gen 9] Random Battle\n|rule|Species Clause: Limit one of each Pok\u00e9mon\n|rule|HP Percentage Mod: HP is shown in percentages\n|rule|Sleep Clause Mod: Limit one foe put to sleep\n|rule|Illusion Level Mod: Illusion disguises the Pok\u00e9mon's true level\n|\n|t:|1783550685\n|teamsize|p1|6\n|teamsize|p2|6\n|start\n|switch|p1a: Zangoose|Zangoose, L85, M|100/100\n|switch|p2a: Dugtrio|Dugtrio-Alola, L84, M|196/196\n|turn|1\n|inactive|Battle timer is ON: inactive players will automatically lose when time's up. (requested by p0y9305d75)\n|inactive|p0x930aedc also wants the timer to be on.\n|\n|t:|1783550686\n|move|p2a: Dugtrio|Earthquake|p1a: Zangoose\n|-damage|p1a: Zangoose|35/100\n|-damage|p2a: Dugtrio|177/196|[from] item: Life Orb\n|move|p1a: Zangoose|Close Combat|p2a: Dugtrio\n|-supereffective|p2a: Dugtrio\n|-damage|p2a: Dugtrio|0 fnt\n|-unboost|p1a: Zangoose|def|1\n|-unboost|p1a: Zangoose|spd|1\n|-ability|p2a: Dugtrio|Tangling Hair\n|-unboost|p1a: Zangoose|spe|1\n|faint|p2a: Dugtrio\n|\n|-status|p1a: Zangoose|tox|[from] item: Toxic Orb\n|upkeep\n|inactive|Time left: 300 sec this turn | 300 sec total | 65 sec grace\n|\n|t:|1783550688\n|switch|p2a: Veluza|Veluza, L85, M|292/292\n|turn|2\n|inactive|Time left: 300 sec this turn | 300 sec total\n|\n|t:|1783550689\n|switch|p1a: Meowscarada|Meowscarada, L78, M|100/100\n|move|p2a: Veluza|Aqua Cutter|p1a: Meowscarada\n|-resisted|p1a: Meowscarada\n|-damage|p1a: Meowscarada|54/100\n|\n|upkeep\n|turn|3\n|inactive|Time left: 300 sec this turn | 300 sec total\n|\n|t:|1783550690\n|switch|p2a: Dondozo|Dondozo, L78, M|362/362\n|move|p1a: Meowscarada|Flower Trick|p2a: Dondozo\n|-start|p1a: Meowscarada|typechange|Grass|[from] ability: Protean\n|-supereffective|p2a: Dondozo\n|-crit|p2a: Dondozo\n|-damage|p2a: Dondozo|98/362\n|\n|-heal|p2a: Dondozo|120/362|[from] item: Leftovers\n|upkeep\n|turn|4\n|inactive|Time left: 300 sec this turn | 300 sec total\n|\n|t:|1783550691\n|move|p1a: Meowscarada|Flower Trick|p2a: Dondozo\n|-supereffective|p2a: Dondozo\n|-crit|p2a: Dondozo\n|-damage|p2a: Dondozo|0 fnt\n|faint|p2a: Dondozo\n|\n|upkeep\n|inactive|Time left: 300 sec this turn | 300 sec total | 5 sec grace\n|\n|t:|1783550692\n|switch|p2a: Ogerpon|Ogerpon-Cornerstone, L76, F|247/247\n|turn|5\n|inactive|Time left: 300 sec this turn | 300 sec total\n|\n|t:|1783550693\n|move|p1a: Meowscarada|Flower Trick|p2a: Ogerpon\n|-crit|p2a: Ogerpon\n|-damage|p2a: Ogerpon|64/247\n|move|p2a: Ogerpon|Ivy Cudgel|p1a: Meowscarada|[anim] Ivy Cudgel Rock\n|-damage|p1a: Meowscarada|0 fnt\n|faint|p1a: Meowscarada\n|\n|upkeep\n|\n|t:|1783550694\n|switch|p1a: Mismagius|Mismagius, L86, M|100/100\n|turn|6\n|inactive|Time left: 300 sec this turn | 300 sec total\n|\n|t:|1783550695\n|move|p1a: Mismagius|Shadow Ball|p2a: Ogerpon\n|-damage|p2a: Ogerpon|0 fnt\n|faint|p2a: Ogerpon\n|\n|upkeep\n|inactive|Time left: 300 sec this turn | 300 sec total | 5 sec grace\n|\n|t:|1783550696\n|switch|p2a: Veluza|Veluza, L85, M|292/292\n|turn|7\n|inactive|Time left: 300 sec this turn | 300 sec total\n|\n|t:|1783550697\n|-terastallize|p2a: Veluza|Water\n|move|p1a: Mismagius|Shadow Ball|p2a: Veluza\n|-damage|p2a: Veluza|106/292\n|move|p2a: Veluza|Aqua Cutter|p1a: Mismagius\n|-damage|p1a: Mismagius|0 fnt\n|faint|p1a: Mismagius\n|\n|upkeep\n|\n|t:|1783550698\n|switch|p1a: Azelf|Azelf, L82|100/100\n|turn|8\n|inactive|Time left: 300 sec this turn | 300 sec total\n|\n|t:|1783550699\n|move|p1a: Azelf|Psychic|p2a: Veluza\n|-crit|p2a: Veluza\n|-damage|p2a: Veluza|0 fnt\n|faint|p2a: Veluza\n|\n|upkeep\n|inactive|Time left: 300 sec this turn | 300 sec total | 5 sec grace\n|\n|t:|1783550700\n|switch|p2a: Donphan|Donphan, L84, F|288/288\n|turn|9\n|inactive|Time left: 300 sec this turn | 300 sec total\n|\n|t:|1783550700\n|-terastallize|p1a: Azelf|Fire\n|move|p1a: Azelf|Fire Blast|p2a: Donphan\n|-damage|p2a: Donphan|174/288\n|-status|p2a: Donphan|brn\n|move|p2a: Donphan|Knock Off|p1a: Azelf\n|-damage|p1a: Azelf|82/100\n|-enditem|p1a: Azelf|Assault Vest|[from] move: Knock Off|[of] p2a: Donphan\n|\n|-damage|p2a: Donphan|156/288 brn|[from] brn\n|upkeep\n|turn|10\n|inactive|Time left: 300 sec this turn | 300 sec total\n|\n|t:|1783550701\n|move|p1a: Azelf|Fire Blast|p2a: Donphan\n|-damage|p2a: Donphan|27/288 brn\n|move|p2a: Donphan|Rapid Spin|p1a: Azelf\n|-damage|p1a: Azelf|72/100\n|-boost|p2a: Donphan|spe|1\n|\n|-damage|p2a: Donphan|9/288 brn|[from] brn\n|upkeep\n|turn|11\n|inactive|Time left: 300 sec this turn | 300 sec total\n|\n|t:|1783550702\n|move|p1a: Azelf|U-turn|p2a: Donphan\n|-damage|p2a: Donphan|0 fnt\n|faint|p2a: Donphan\n|\n|t:|1783550703\n|switch|p1a: Zangoose|Zangoose, L85, M|35/100 tox|[from] U-turn\n|\n|-damage|p1a: Zangoose|29/100 tox|[from] psn\n|upkeep\n|inactive|Time left: 300 sec this turn | 300 sec total | 10 sec grace\n|\n|t:|1783550703\n|switch|p2a: Maushold|Maushold, L76|238/238\n|turn|12\n|inactive|Time left: 300 sec this turn | 300 sec total\n|\n|t:|1783550704\n|move|p2a: Maushold|Population Bomb|p1a: Zangoose\n|-damage|p1a: Zangoose|17/100 tox\n|-damage|p1a: Zangoose|6/100 tox\n|-damage|p1a: Zangoose|0 fnt\n|faint|p1a: Zangoose\n|-hitcount|p1: Zangoose|3\n|\n|upkeep\n|\n|t:|1783550705\n|switch|p1a: Calyrex|Calyrex-Ice, L72|100/100\n|-ability|p1a: Calyrex|As One\n|-ability|p1a: Calyrex|Unnerve\n|turn|13\n|inactive|Time left: 300 sec this turn | 300 sec total\n|\n|t:|1783550706\n|move|p2a: Maushold|Bite|p1a: Calyrex\n|-supereffective|p1a: Calyrex\n|-damage|p1a: Calyrex|74/100\n|cant|p1a: Calyrex|flinch\n|\n|upkeep\n|turn|14\n|inactive|Time left: 300 sec this turn | 300 sec total\n|\n|t:|1783550706\n|move|p2a: Maushold|Bite|p1a: Calyrex\n|-supereffective|p1a: Calyrex\n|-damage|p1a: Calyrex|47/100\n|cant|p1a: Calyrex|flinch\n|\n|upkeep\n|turn|15\n|inactive|Time left: 300 sec this turn | 300 sec total\n|\n|t:|1783550707\n|move|p2a: Maushold|Population Bomb|p1a: Calyrex\n|-damage|p1a: Calyrex|40/100\n|-damage|p1a: Calyrex|34/100\n|-damage|p1a: Calyrex|27/100\n|-damage|p1a: Calyrex|21/100\n|-damage|p1a: Calyrex|15/100\n|-damage|p1a: Calyrex|8/100\n|-damage|p1a: Calyrex|2/100\n|-damage|p1a: Calyrex|0 fnt\n|faint|p1a: Calyrex\n|-hitcount|p1: Calyrex|8\n|\n|upkeep\n|\n|t:|1783550708\n|switch|p1a: Azelf|Azelf, L82, tera:Fire|72/100\n|turn|16\n|inactive|Time left: 300 sec this turn | 300 sec total\n|\n|t:|1783550709\n|move|p1a: Azelf|Fire Blast|p2a: Maushold\n|-damage|p2a: Maushold|76/238\n|move|p2a: Maushold|Tidy Up|p2a: Maushold\n|-boost|p2a: Maushold|atk|1\n|-boost|p2a: Maushold|spe|1\n|\n|upkeep\n|turn|17\n|inactive|Time left: 300 sec this turn | 300 sec total\n|\n|t:|1783550710\n|move|p2a: Maushold|Population Bomb|p1a: Azelf\n|-damage|p1a: Azelf|55/100\n|-damage|p1a: Azelf|40/100\n|-damage|p1a: Azelf|23/100\n|-damage|p1a: Azelf|8/100\n|-damage|p1a: Azelf|0 fnt\n|faint|p1a: Azelf\n|-hitcount|p1: Azelf|5\n|\n|upkeep\n|\n|t:|1783550711\n|switch|p1a: Toxapex|Toxapex, L82, M|100/100\n|turn|18\n|inactive|Time left: 300 sec this turn | 300 sec total\n|\n|t:|1783550712\n|move|p2a: Maushold|Bite|p1a: Toxapex\n|-damage|p1a: Toxapex|81/100\n|move|p1a: Toxapex|Liquidation|p2a: Maushold\n|-damage|p2a: Maushold|0 fnt\n|faint|p2a: Maushold\n|\n|win|p0x930aedc", "uploadtime": 1783550712, "views": 0, "rating": 0, "private": 0, "password": null, "_winner": "p0x930aedc", "_our_name": "p0y9305d75"}