{"id": "battle-gen9randombattle-2655", "formatid": "gen9randombattle", "format": "[Gen 9] Random Battle", "players": ["p0x2655e5e1", "p0y26552ce8"], "log": "|init|battle\n|title|p0x2655e5e1 vs. p0y26552ce8\n|j|\u2606p0x2655e5e1\n|j|\u2606p0y26552ce8\n|t:|1783570650\n|gametype|singles\n|player|p1|p0x2655e5e1|266|\n|player|p2|p0y26552ce8|1|\n|gen|9\n|tier|[Gen 9] Random Battle\n|rule|Species Clause: Limit one of each Pok\u00e9mon\n|rule|HP Percentage Mod: HP is shown in percentages\n|rule|Sleep Clause Mod: Limit one foe put to sleep\n|rule|Illusion Level Mod: Illusion disguises the Pok\u00e9mon's true level\n|\n|t:|1783570650\n|teamsize|p1|6\n|teamsize|p2|6\n|start\n|switch|p1a: Groudon|Groudon, L72|100/100\n|switch|p2a: Garchomp|Garchomp, L74, F|282/282\n|-weather|SunnyDay|[from] ability: Drought|[of] p1a: Groudon\n|turn|1\n|inactive|Battle timer is ON: inactive players will automatically lose when time's up. (requested by p0x2655e5e1)\n|inactive|Time left: 300 sec this turn | 300 sec total | 60 sec grace\n|inactive|p0y26552ce8 also wants the timer to be on.\n|\n|t:|1783570652\n|move|p2a: Garchomp|Outrage|p1a: Groudon\n|-crit|p1a: Groudon\n|-damage|p1a: Groudon|40/100\n|move|p1a: Groudon|Precipice Blades|p2a: Garchomp\n|-damage|p2a: Garchomp|144/282\n|\n|-weather|SunnyDay|[upkeep]\n|-heal|p1a: Groudon|46/100|[from] item: Leftovers\n|upkeep\n|turn|2\n|inactive|Time left: 300 sec this turn | 300 sec total\n|\n|t:|1783570653\n|move|p2a: Garchomp|Outrage|p1a: Groudon|[from] lockedmove\n|-damage|p1a: Groudon|4/100\n|-start|p2a: Garchomp|confusion|[fatigue]\n|move|p1a: Groudon|Precipice Blades|p2a: Garchomp\n|-damage|p2a: Garchomp|0 fnt\n|faint|p2a: Garchomp\n|\n|-weather|SunnyDay|[upkeep]\n|-heal|p1a: Groudon|10/100|[from] item: Leftovers\n|upkeep\n|inactive|Time left: 300 sec this turn | 300 sec total | 5 sec grace\n|\n|t:|1783570653\n|switch|p2a: Emboar|Emboar, L84, M|322/322\n|turn|3\n|inactive|Time left: 300 sec this turn | 300 sec total\n|\n|t:|1783570655\n|move|p2a: Emboar|Flare Blitz|p1a: Groudon\n|-damage|p1a: Groudon|0 fnt\n|faint|p1a: Groudon\n|-damage|p2a: Emboar|313/322|[from] Recoil\n|\n|-weather|SunnyDay|[upkeep]\n|upkeep\n|\n|t:|1783570656\n|switch|p1a: Lycanroc|Lycanroc-Midnight, L89, M|100/100\n|turn|4\n|inactive|Time left: 300 sec this turn | 300 sec total\n|\n|t:|1783570657\n|move|p2a: Emboar|Flare Blitz|p1a: Lycanroc\n|-resisted|p1a: Lycanroc\n|-damage|p1a: Lycanroc|52/100\n|-damage|p2a: Emboar|265/322|[from] Recoil\n|move|p1a: Lycanroc|Stone Edge|p2a: Emboar\n|-damage|p2a: Emboar|45/322\n|-damage|p1a: Lycanroc|42/100|[from] item: Life Orb\n|\n|-weather|SunnyDay|[upkeep]\n|upkeep\n|turn|5\n|inactive|Time left: 300 sec this turn | 300 sec total\n|\n|t:|1783570658\n|switch|p1a: Ampharos|Ampharos, L88, F|100/100\n|move|p2a: Emboar|Flare Blitz|p1a: Ampharos\n|-damage|p1a: Ampharos|5/100\n|-status|p2a: Emboar|par|[from] ability: Static|[of] p1a: Ampharos\n|-damage|p2a: Emboar|0 fnt|[from] Recoil\n|faint|p2a: Emboar\n|\n|-weather|none\n|upkeep\n|inactive|Time left: 300 sec this turn | 300 sec total | 5 sec grace\n|\n|t:|1783570659\n|switch|p2a: Chesnaught|Chesnaught, L84, F|285/285\n|turn|6\n|inactive|Time left: 300 sec this turn | 300 sec total\n|\n|t:|1783570660\n|move|p2a: Chesnaught|Trailblaze|p1a: Ampharos\n|-damage|p1a: Ampharos|0 fnt\n|-boost|p2a: Chesnaught|spe|1\n|faint|p1a: Ampharos\n|\n|upkeep\n|\n|t:|1783570661\n|switch|p1a: Ludicolo|Ludicolo, L90, M|100/100\n|turn|7\n|inactive|Time left: 300 sec this turn | 300 sec total\n|\n|t:|1783570662\n|move|p2a: Chesnaught|Body Press|p1a: Ludicolo\n|-damage|p1a: Ludicolo|59/100\n|move|p1a: Ludicolo|Ice Beam|p2a: Chesnaught\n|-supereffective|p2a: Chesnaught\n|-damage|p2a: Chesnaught|69/285\n|-damage|p1a: Ludicolo|49/100|[from] item: Life Orb\n|\n|-heal|p2a: Chesnaught|86/285|[from] item: Leftovers\n|upkeep\n|turn|8\n|inactive|Time left: 300 sec this turn | 300 sec total\n|\n|t:|1783570663\n|move|p2a: Chesnaught|Synthesis|p2a: Chesnaught\n|-heal|p2a: Chesnaught|228/285\n|move|p1a: Ludicolo|Ice Beam|p2a: Chesnaught\n|-supereffective|p2a: Chesnaught\n|-damage|p2a: Chesnaught|38/285\n|-status|p2a: Chesnaught|frz\n|-damage|p1a: Ludicolo|39/100|[from] item: Life Orb\n|\n|-heal|p2a: Chesnaught|55/285 frz|[from] item: Leftovers\n|upkeep\n|turn|9\n|inactive|Time left: 300 sec this turn | 300 sec total\n|\n|t:|1783570664\n|cant|p2a: Chesnaught|frz\n|move|p1a: Ludicolo|Giga Drain|p2a: Chesnaught\n|-resisted|p2a: Chesnaught\n|-damage|p2a: Chesnaught|0 fnt\n|-heal|p1a: Ludicolo|48/100|[from] drain|[of] p2a: Chesnaught\n|faint|p2a: Chesnaught\n|-damage|p1a: Ludicolo|38/100|[from] item: Life Orb\n|\n|upkeep\n|inactive|Time left: 300 sec this turn | 300 sec total | 5 sec grace\n|\n|t:|1783570665\n|switch|p2a: Eternatus|Eternatus, L69|308/308\n|-ability|p2a: Eternatus|Pressure\n|turn|10\n|inactive|Time left: 300 sec this turn | 300 sec total\n|\n|t:|1783570666\n|move|p2a: Eternatus|Sludge Bomb|p1a: Ludicolo\n|-supereffective|p1a: Ludicolo\n|-damage|p1a: Ludicolo|0 fnt\n|faint|p1a: Ludicolo\n|\n|upkeep\n|\n|t:|1783570667\n|switch|p1a: Chien-Pao|Chien-Pao, L72|100/100\n|-ability|p1a: Chien-Pao|Sword of Ruin\n|turn|11\n|inactive|Time left: 300 sec this turn | 300 sec total\n|\n|t:|1783570668\n|switch|p2a: Wigglytuff|Wigglytuff, L96, F|424/424\n|move|p1a: Chien-Pao|Icicle Crash|p2a: Wigglytuff\n|-damage|p2a: Wigglytuff|213/424\n|\n|-heal|p2a: Wigglytuff|239/424|[from] item: Leftovers\n|upkeep\n|turn|12\n|inactive|Time left: 300 sec this turn | 300 sec total\n|\n|t:|1783570670\n|move|p1a: Chien-Pao|Icicle Crash|p2a: Wigglytuff\n|-damage|p2a: Wigglytuff|38/424\n|cant|p2a: Wigglytuff|flinch\n|\n|-heal|p2a: Wigglytuff|64/424|[from] item: Leftovers\n|upkeep\n|turn|13\n|inactive|Time left: 300 sec this turn | 300 sec total\n|\n|t:|1783570671\n|move|p1a: Chien-Pao|Icicle Crash|p2a: Wigglytuff\n|-damage|p2a: Wigglytuff|0 fnt\n|faint|p2a: Wigglytuff\n|\n|upkeep\n|inactive|Time left: 300 sec this turn | 300 sec total | 5 sec grace\n|\n|t:|1783570671\n|switch|p2a: Camerupt|Camerupt, L91, F|275/275\n|turn|14\n|inactive|Time left: 300 sec this turn | 300 sec total\n|\n|t:|1783570672\n|move|p1a: Chien-Pao|Icicle Crash|p2a: Camerupt\n|-damage|p2a: Camerupt|107/275\n|move|p2a: Camerupt|Overheat|p1a: Chien-Pao\n|-supereffective|p1a: Chien-Pao\n|-damage|p1a: Chien-Pao|0 fnt\n|-unboost|p2a: Camerupt|spa|2\n|faint|p1a: Chien-Pao\n|\n|-heal|p2a: Camerupt|124/275|[from] item: Leftovers\n|upkeep\n|\n|t:|1783570673\n|switch|p1a: Lycanroc|Lycanroc-Midnight, L89, M|42/100\n|turn|15\n|inactive|Time left: 300 sec this turn | 300 sec total\n|\n|t:|1783570674\n|switch|p2a: Eternatus|Eternatus, L69|308/308\n|-ability|p2a: Eternatus|Pressure\n|move|p1a: Lycanroc|Stone Edge|p2a: Eternatus\n|-damage|p2a: Eternatus|105/308\n|-damage|p1a: Lycanroc|32/100|[from] item: Life Orb\n|\n|upkeep\n|turn|16\n|inactive|Time left: 300 sec this turn | 300 sec total\n|\n|t:|1783570675\n|switch|p1a: Bellibolt|Bellibolt, L84, M|100/100\n|move|p2a: Eternatus|Dynamax Cannon|p1a: Bellibolt\n|-damage|p1a: Bellibolt|69/100\n|-start|p1a: Bellibolt|Charge|Dynamax Cannon|[from] ability: Electromorphosis\n|\n|-heal|p1a: Bellibolt|75/100|[from] item: Leftovers\n|upkeep\n|turn|17\n|inactive|Time left: 300 sec this turn | 300 sec total\n|\n|t:|1783570676\n|-terastallize|p1a: Bellibolt|Water\n|move|p2a: Eternatus|Recover|p2a: Eternatus\n|-heal|p2a: Eternatus|259/308\n|move|p1a: Bellibolt|Thunderbolt|p2a: Eternatus\n|-resisted|p2a: Eternatus\n|-damage|p2a: Eternatus|149/308\n|-end|p1a: Bellibolt|Charge|[silent]\n|\n|-heal|p1a: Bellibolt|81/100|[from] item: Leftovers\n|upkeep\n|turn|18\n|inactive|Time left: 300 sec this turn | 300 sec total\n|\n|t:|1783570677\n|move|p2a: Eternatus|Recover|p2a: Eternatus\n|-heal|p2a: Eternatus|303/308\n|move|p1a: Bellibolt|Thunderbolt|p2a: Eternatus\n|-resisted|p2a: Eternatus\n|-damage|p2a: Eternatus|250/308\n|\n|-heal|p1a: Bellibolt|87/100|[from] item: Leftovers\n|upkeep\n|turn|19\n|inactive|Time left: 300 sec this turn | 300 sec total\n|\n|t:|1783570678\n|move|p2a: Eternatus|Sludge Bomb|p1a: Bellibolt\n|-damage|p1a: Bellibolt|61/100\n|-start|p1a: Bellibolt|Charge|Sludge Bomb|[from] ability: Electromorphosis\n|move|p1a: Bellibolt|Slack Off|p1a: Bellibolt\n|-heal|p1a: Bellibolt|100/100\n|\n|upkeep\n|turn|20\n|inactive|Time left: 300 sec this turn | 300 sec total\n|\n|t:|1783570679\n|move|p2a: Eternatus|Sludge Bomb|p1a: Bellibolt\n|-damage|p1a: Bellibolt|73/100\n|-start|p1a: Bellibolt|Charge|Sludge Bomb|[from] ability: Electromorphosis\n|move|p1a: Bellibolt|Thunderbolt|p2a: Eternatus\n|-resisted|p2a: Eternatus\n|-damage|p2a: Eternatus|134/308\n|-status|p2a: Eternatus|par\n|-end|p1a: Bellibolt|Charge|[silent]\n|\n|-heal|p1a: Bellibolt|79/100|[from] item: Leftovers\n|upkeep\n|turn|21\n|inactive|Time left: 300 sec this turn | 300 sec total\n|\n|t:|1783570680\n|move|p1a: Bellibolt|Thunderbolt|p2a: Eternatus\n|-resisted|p2a: Eternatus\n|-damage|p2a: Eternatus|76/308 par\n|cant|p2a: Eternatus|par\n|\n|-heal|p1a: Bellibolt|85/100|[from] item: Leftovers\n|upkeep\n|turn|22\n|inactive|Time left: 300 sec this turn | 300 sec total\n|\n|t:|1783570681\n|move|p1a: Bellibolt|Volt Switch|p2a: Eternatus\n|-resisted|p2a: Eternatus\n|-damage|p2a: Eternatus|31/308 par\n|\n|t:|1783570682\n|switch|p1a: Lycanroc|Lycanroc-Midnight, L89, M|32/100|[from] Volt Switch\n|cant|p2a: Eternatus|par\n|\n|upkeep\n|turn|23\n|inactive|Time left: 300 sec this turn | 300 sec total\n|\n|t:|1783570683\n|-terastallize|p2a: Eternatus|Dragon\n|move|p1a: Lycanroc|Stone Edge|p2a: Eternatus\n|-damage|p2a: Eternatus|0 fnt\n|faint|p2a: Eternatus\n|-damage|p1a: Lycanroc|22/100|[from] item: Life Orb\n|\n|upkeep\n|inactive|Time left: 300 sec this turn | 300 sec total | 5 sec grace\n|\n|t:|1783570683\n|switch|p2a: Camerupt|Camerupt, L91, F|124/275\n|turn|24\n|inactive|Time left: 300 sec this turn | 300 sec total\n|\n|t:|1783570684\n|move|p1a: Lycanroc|Close Combat|p2a: Camerupt\n|-damage|p2a: Camerupt|0 fnt\n|-unboost|p1a: Lycanroc|def|1\n|-unboost|p1a: Lycanroc|spd|1\n|faint|p2a: Camerupt\n|-damage|p1a: Lycanroc|12/100|[from] item: Life Orb\n|\n|win|p0x2655e5e1", "uploadtime": 1783570684, "views": 0, "rating": 0, "private": 0, "password": null, "_winner": "p0x2655e5e1", "_our_name": "p0y26552ce8"}