{"id": "battle-gen9randombattle-924", "formatid": "gen9randombattle", "format": "[Gen 9] Random Battle", "players": ["p0x9247d8b", "p0y9246e6a"], "log": "|init|battle\n|title|p0x9247d8b vs. p0y9246e6a\n|j|\u2606p0x9247d8b\n|j|\u2606p0y9246e6a\n|t:|1783549867\n|gametype|singles\n|player|p1|p0x9247d8b|169|\n|player|p2|p0y9246e6a|170|\n|gen|9\n|tier|[Gen 9] Random Battle\n|rule|Species Clause: Limit one of each Pok\u00e9mon\n|rule|HP Percentage Mod: HP is shown in percentages\n|rule|Sleep Clause Mod: Limit one foe put to sleep\n|rule|Illusion Level Mod: Illusion disguises the Pok\u00e9mon's true level\n|\n|t:|1783549867\n|teamsize|p1|6\n|teamsize|p2|6\n|start\n|switch|p1a: Oinkologne|Oinkologne, L92, M|100/100\n|switch|p2a: Dragapult|Dragapult, L77, F|262/262\n|turn|1\n|inactive|Battle timer is ON: inactive players will automatically lose when time's up. (requested by p0x9247d8b)\n|inactive|Time left: 300 sec this turn | 300 sec total | 60 sec grace\n|inactive|p0y9246e6a also wants the timer to be on.\n|\n|t:|1783549869\n|move|p2a: Dragapult|Dragon Dance|p2a: Dragapult\n|-boost|p2a: Dragapult|atk|1\n|-boost|p2a: Dragapult|spe|1\n|move|p1a: Oinkologne|Lash Out|p2a: Dragapult\n|-supereffective|p2a: Dragapult\n|-damage|p2a: Dragapult|90/262\n|\n|upkeep\n|turn|2\n|inactive|Time left: 300 sec this turn | 300 sec total\n|\n|t:|1783549869\n|move|p2a: Dragapult|Dragon Darts|p1a: Oinkologne\n|-crit|p1a: Oinkologne\n|-damage|p1a: Oinkologne|58/100\n|-anim|p2a: Dragapult|Dragon Darts|p1a: Oinkologne\n|-damage|p1a: Oinkologne|27/100\n|-damage|p2a: Dragapult|64/262|[from] item: Life Orb\n|move|p1a: Oinkologne|Lash Out|p2a: Dragapult\n|-supereffective|p2a: Dragapult\n|-damage|p2a: Dragapult|0 fnt\n|faint|p2a: Dragapult\n|\n|-heal|p1a: Oinkologne|33/100|[from] item: Leftovers\n|upkeep\n|inactive|Time left: 300 sec this turn | 300 sec total | 5 sec grace\n|\n|t:|1783549870\n|switch|p2a: Metagross|Metagross, L79|256/256\n|turn|3\n|inactive|Time left: 300 sec this turn | 300 sec total\n|\n|t:|1783549871\n|move|p1a: Oinkologne|Lash Out|p2a: Metagross\n|-supereffective|p2a: Metagross\n|-damage|p2a: Metagross|160/256\n|move|p2a: Metagross|Heavy Slam|p1a: Oinkologne\n|-damage|p1a: Oinkologne|0 fnt\n|faint|p1a: Oinkologne\n|\n|upkeep\n|\n|t:|1783549872\n|switch|p1a: Medicham|Medicham, L86, M|100/100\n|turn|4\n|inactive|Time left: 300 sec this turn | 300 sec total\n|\n|t:|1783549874\n|move|p1a: Medicham|Close Combat|p2a: Metagross\n|-damage|p2a: Metagross|0 fnt\n|-unboost|p1a: Medicham|def|1\n|-unboost|p1a: Medicham|spd|1\n|faint|p2a: Metagross\n|\n|upkeep\n|inactive|Time left: 300 sec this turn | 300 sec total | 5 sec grace\n|\n|t:|1783549875\n|switch|p2a: Donphan|Donphan, L84, M|288/288\n|turn|5\n|inactive|Time left: 300 sec this turn | 300 sec total\n|\n|t:|1783549876\n|move|p1a: Medicham|Close Combat|p2a: Donphan\n|-damage|p2a: Donphan|56/288\n|-unboost|p1a: Medicham|def|1\n|-unboost|p1a: Medicham|spd|1\n|move|p2a: Donphan|Earthquake|p1a: Medicham\n|-damage|p1a: Medicham|0 fnt\n|faint|p1a: Medicham\n|\n|-heal|p2a: Donphan|74/288|[from] item: Leftovers\n|upkeep\n|\n|t:|1783549877\n|switch|p1a: Flareon|Flareon, L90, M|100/100\n|turn|6\n|inactive|Time left: 300 sec this turn | 300 sec total\n|\n|t:|1783549878\n|switch|p2a: Delphox|Delphox, L84, M|263/263\n|move|p1a: Flareon|Flare Blitz|p2a: Delphox\n|-resisted|p2a: Delphox\n|-crit|p2a: Delphox\n|-damage|p2a: Delphox|97/263\n|-damage|p1a: Flareon|80/100|[from] Recoil\n|\n|-status|p1a: Flareon|tox|[from] item: Toxic Orb\n|upkeep\n|turn|7\n|inactive|Time left: 300 sec this turn | 300 sec total\n|\n|t:|1783549879\n|move|p2a: Delphox|Psyshock|p1a: Flareon\n|-damage|p1a: Flareon|35/100 tox\n|move|p1a: Flareon|Facade|p2a: Delphox\n|-damage|p2a: Delphox|0 fnt\n|faint|p2a: Delphox\n|\n|-damage|p1a: Flareon|29/100 tox|[from] psn\n|upkeep\n|inactive|Time left: 300 sec this turn | 300 sec total | 5 sec grace\n|\n|t:|1783549880\n|switch|p2a: Oricorio|Oricorio, L84, M|263/263\n|turn|8\n|inactive|Time left: 300 sec this turn | 300 sec total\n|\n|t:|1783549881\n|move|p2a: Oricorio|Hurricane|p1a: Flareon\n|-damage|p1a: Flareon|0 fnt\n|faint|p1a: Flareon\n|\n|upkeep\n|\n|t:|1783549882\n|switch|p1a: Kleavor|Kleavor, L78, F|100/100\n|turn|9\n|inactive|Time left: 300 sec this turn | 300 sec total\n|\n|t:|1783549883\n|-terastallize|p2a: Oricorio|Ground\n|move|p2a: Oricorio|Quiver Dance|p2a: Oricorio\n|-boost|p2a: Oricorio|spa|1\n|-boost|p2a: Oricorio|spd|1\n|-boost|p2a: Oricorio|spe|1\n|move|p1a: Kleavor|Stone Axe|p2a: Oricorio\n|-resisted|p2a: Oricorio\n|-damage|p2a: Oricorio|195/263\n|-sidestart|p2: p0y9246e6a|move: Stealth Rock\n|\n|upkeep\n|turn|10\n|inactive|Time left: 300 sec this turn | 300 sec total\n|\n|t:|1783549884\n|move|p2a: Oricorio|Revelation Dance|p1a: Kleavor\n|-damage|p1a: Kleavor|25/100\n|move|p1a: Kleavor|X-Scissor|p2a: Oricorio\n|-damage|p2a: Oricorio|20/263\n|\n|upkeep\n|turn|11\n|inactive|Time left: 300 sec this turn | 300 sec total\n|\n|t:|1783549885\n|move|p2a: Oricorio|Revelation Dance|p1a: Kleavor\n|-damage|p1a: Kleavor|0 fnt\n|faint|p1a: Kleavor\n|\n|upkeep\n|\n|t:|1783549886\n|switch|p1a: Mandibuzz|Mandibuzz, L85, F|100/100\n|turn|12\n|inactive|Time left: 300 sec this turn | 300 sec total\n|\n|t:|1783549887\n|move|p2a: Oricorio|Roost|p2a: Oricorio\n|-heal|p2a: Oricorio|152/263\n|move|p1a: Mandibuzz|Toxic|p2a: Oricorio\n|-status|p2a: Oricorio|tox\n|\n|-damage|p2a: Oricorio|136/263 tox|[from] psn\n|upkeep\n|turn|13\n|inactive|Time left: 300 sec this turn | 300 sec total\n|\n|t:|1783549888\n|move|p2a: Oricorio|Roost|p2a: Oricorio\n|-heal|p2a: Oricorio|263/263 tox\n|move|p1a: Mandibuzz|Foul Play|p2a: Oricorio\n|-damage|p2a: Oricorio|191/263 tox\n|\n|-damage|p2a: Oricorio|159/263 tox|[from] psn\n|upkeep\n|turn|14\n|inactive|Time left: 300 sec this turn | 300 sec total\n|\n|t:|1783549889\n|move|p2a: Oricorio|Roost|p2a: Oricorio\n|-heal|p2a: Oricorio|263/263 tox\n|move|p1a: Mandibuzz|Foul Play|p2a: Oricorio\n|-crit|p2a: Oricorio\n|-damage|p2a: Oricorio|158/263 tox\n|\n|-damage|p2a: Oricorio|110/263 tox|[from] psn\n|upkeep\n|turn|15\n|inactive|Time left: 300 sec this turn | 300 sec total\n|\n|t:|1783549891\n|move|p2a: Oricorio|Roost|p2a: Oricorio\n|-heal|p2a: Oricorio|242/263 tox\n|move|p1a: Mandibuzz|Foul Play|p2a: Oricorio\n|-damage|p2a: Oricorio|169/263 tox\n|\n|-damage|p2a: Oricorio|105/263 tox|[from] psn\n|upkeep\n|turn|16\n|inactive|Time left: 300 sec this turn | 300 sec total\n|\n|t:|1783549892\n|move|p2a: Oricorio|Roost|p2a: Oricorio\n|-heal|p2a: Oricorio|237/263 tox\n|move|p1a: Mandibuzz|Foul Play|p2a: Oricorio\n|-damage|p2a: Oricorio|162/263 tox\n|\n|-damage|p2a: Oricorio|82/263 tox|[from] psn\n|upkeep\n|turn|17\n|inactive|Time left: 300 sec this turn | 300 sec total\n|\n|t:|1783549893\n|move|p2a: Oricorio|Roost|p2a: Oricorio\n|-heal|p2a: Oricorio|214/263 tox\n|move|p1a: Mandibuzz|Foul Play|p2a: Oricorio\n|-damage|p2a: Oricorio|138/263 tox\n|\n|-damage|p2a: Oricorio|42/263 tox|[from] psn\n|upkeep\n|turn|18\n|inactive|Time left: 300 sec this turn | 300 sec total\n|\n|t:|1783549893\n|move|p2a: Oricorio|Hurricane|p1a: Mandibuzz\n|-damage|p1a: Mandibuzz|50/100\n|move|p1a: Mandibuzz|Toxic|p2a: Oricorio\n|-fail|p2a: Oricorio|tox\n|\n|-damage|p2a: Oricorio|0 fnt|[from] psn\n|faint|p2a: Oricorio\n|upkeep\n|inactive|Time left: 300 sec this turn | 300 sec total | 5 sec grace\n|\n|t:|1783549894\n|switch|p2a: Quagsire|Quagsire, L84, F|297/297\n|-damage|p2a: Quagsire|279/297|[from] Stealth Rock\n|turn|19\n|inactive|Time left: 300 sec this turn | 300 sec total\n|\n|t:|1783549895\n|switch|p1a: Meowscarada|Meowscarada, L78, F|100/100\n|move|p2a: Quagsire|Toxic|p1a: Meowscarada\n|-status|p1a: Meowscarada|tox\n|\n|-heal|p2a: Quagsire|297/297|[from] item: Leftovers\n|-damage|p1a: Meowscarada|94/100 tox|[from] psn\n|upkeep\n|turn|20\n|inactive|Time left: 300 sec this turn | 300 sec total\n|\n|t:|1783549896\n|-terastallize|p1a: Meowscarada|Grass\n|move|p1a: Meowscarada|Flower Trick|p2a: Quagsire\n|-supereffective|p2a: Quagsire\n|-crit|p2a: Quagsire\n|-damage|p2a: Quagsire|0 fnt\n|faint|p2a: Quagsire\n|\n|-damage|p1a: Meowscarada|82/100 tox|[from] psn\n|upkeep\n|inactive|Time left: 300 sec this turn | 300 sec total | 5 sec grace\n|\n|t:|1783549897\n|switch|p2a: Donphan|Donphan, L84, M|74/288\n|-damage|p2a: Donphan|56/288|[from] Stealth Rock\n|turn|21\n|inactive|Time left: 300 sec this turn | 300 sec total\n|\n|t:|1783549898\n|move|p1a: Meowscarada|Flower Trick|p2a: Donphan\n|-supereffective|p2a: Donphan\n|-crit|p2a: Donphan\n|-damage|p2a: Donphan|0 fnt\n|faint|p2a: Donphan\n|\n|win|p0x9247d8b", "uploadtime": 1783549898, "views": 0, "rating": 0, "private": 0, "password": null, "_winner": "p0x9247d8b", "_our_name": "p0y9246e6a"}