{"id": "battle-gen9randombattle-917", "formatid": "gen9randombattle", "format": "[Gen 9] Random Battle", "players": ["p0x9177ae2", "p0y9172d37"], "log": "|init|battle\n|title|p0x9177ae2 vs. p0y9172d37\n|j|\u2606p0x9177ae2\n|j|\u2606p0y9172d37\n|t:|1783550525\n|gametype|singles\n|player|p1|p0x9177ae2|102|\n|player|p2|p0y9172d37|1|\n|gen|9\n|tier|[Gen 9] Random Battle\n|rule|Species Clause: Limit one of each Pok\u00e9mon\n|rule|HP Percentage Mod: HP is shown in percentages\n|rule|Sleep Clause Mod: Limit one foe put to sleep\n|rule|Illusion Level Mod: Illusion disguises the Pok\u00e9mon's true level\n|\n|t:|1783550525\n|teamsize|p1|6\n|teamsize|p2|6\n|start\n|switch|p1a: Lunala|Lunala, L70|308/308\n|switch|p2a: Baxcalibur|Baxcalibur, L75, F|100/100\n|turn|1\n|inactive|Battle timer is ON: inactive players will automatically lose when time's up. (requested by p0x9177ae2)\n|inactive|p0y9172d37 also wants the timer to be on.\n|\n|t:|1783550527\n|move|p1a: Lunala|Calm Mind|p1a: Lunala\n|-boost|p1a: Lunala|spa|1\n|-boost|p1a: Lunala|spd|1\n|move|p2a: Baxcalibur|Swords Dance|p2a: Baxcalibur\n|-boost|p2a: Baxcalibur|atk|2\n|\n|upkeep\n|turn|2\n|inactive|Time left: 300 sec this turn | 300 sec total\n|\n|t:|1783550528\n|-terastallize|p1a: Lunala|Fairy\n|move|p1a: Lunala|Moonblast|p2a: Baxcalibur\n|-supereffective|p2a: Baxcalibur\n|-damage|p2a: Baxcalibur|0 fnt\n|faint|p2a: Baxcalibur\n|\n|upkeep\n|\n|t:|1783550529\n|switch|p2a: Florges|Florges-Orange, L85, F|100/100\n|turn|3\n|inactive|Time left: 300 sec this turn | 300 sec total\n|\n|t:|1783550530\n|move|p1a: Lunala|Calm Mind|p1a: Lunala\n|-boost|p1a: Lunala|spa|1\n|-boost|p1a: Lunala|spd|1\n|move|p2a: Florges|Calm Mind|p2a: Florges\n|-boost|p2a: Florges|spa|1\n|-boost|p2a: Florges|spd|1\n|\n|upkeep\n|turn|4\n|inactive|Time left: 300 sec this turn | 300 sec total\n|\n|t:|1783550531\n|move|p1a: Lunala|Calm Mind|p1a: Lunala\n|-boost|p1a: Lunala|spa|1\n|-boost|p1a: Lunala|spd|1\n|move|p2a: Florges|Calm Mind|p2a: Florges\n|-boost|p2a: Florges|spa|1\n|-boost|p2a: Florges|spd|1\n|\n|upkeep\n|turn|5\n|inactive|Time left: 300 sec this turn | 300 sec total\n|\n|t:|1783550532\n|move|p1a: Lunala|Calm Mind|p1a: Lunala\n|-boost|p1a: Lunala|spa|1\n|-boost|p1a: Lunala|spd|1\n|move|p2a: Florges|Calm Mind|p2a: Florges\n|-boost|p2a: Florges|spa|1\n|-boost|p2a: Florges|spd|1\n|\n|upkeep\n|turn|6\n|inactive|Time left: 300 sec this turn | 300 sec total\n|\n|t:|1783550533\n|move|p1a: Lunala|Calm Mind|p1a: Lunala\n|-boost|p1a: Lunala|spa|1\n|-boost|p1a: Lunala|spd|1\n|move|p2a: Florges|Calm Mind|p2a: Florges\n|-boost|p2a: Florges|spa|1\n|-boost|p2a: Florges|spd|1\n|\n|upkeep\n|turn|7\n|inactive|Time left: 300 sec this turn | 300 sec total\n|\n|t:|1783550534\n|move|p1a: Lunala|Moongeist Beam|p2a: Florges\n|-damage|p2a: Florges|72/100\n|move|p2a: Florges|Calm Mind|p2a: Florges\n|-boost|p2a: Florges|spa|1\n|-boost|p2a: Florges|spd|1\n|\n|-heal|p2a: Florges|78/100|[from] item: Leftovers\n|upkeep\n|turn|8\n|inactive|Time left: 300 sec this turn | 300 sec total\n|\n|t:|1783550535\n|move|p1a: Lunala|Moonblast|p2a: Florges\n|-damage|p2a: Florges|57/100\n|move|p2a: Florges|Moonblast|p1a: Lunala\n|-damage|p1a: Lunala|249/308\n|\n|-heal|p1a: Lunala|268/308|[from] item: Leftovers\n|-heal|p2a: Florges|63/100|[from] item: Leftovers\n|upkeep\n|turn|9\n|inactive|Time left: 300 sec this turn | 300 sec total\n|\n|t:|1783550537\n|move|p1a: Lunala|Moongeist Beam|p2a: Florges\n|-damage|p2a: Florges|39/100\n|move|p2a: Florges|Moonblast|p1a: Lunala\n|-damage|p1a: Lunala|147/308\n|\n|-heal|p1a: Lunala|166/308|[from] item: Leftovers\n|-heal|p2a: Florges|45/100|[from] item: Leftovers\n|upkeep\n|turn|10\n|inactive|Time left: 300 sec this turn | 300 sec total\n|\n|t:|1783550538\n|move|p1a: Lunala|Moonlight|p1a: Lunala\n|-heal|p1a: Lunala|308/308\n|move|p2a: Florges|Moonblast|p1a: Lunala\n|-damage|p1a: Lunala|254/308\n|-unboost|p1a: Lunala|spa|1\n|\n|-heal|p1a: Lunala|273/308|[from] item: Leftovers\n|-heal|p2a: Florges|51/100|[from] item: Leftovers\n|upkeep\n|turn|11\n|inactive|Time left: 300 sec this turn | 300 sec total\n|\n|t:|1783550539\n|move|p1a: Lunala|Moonblast|p2a: Florges\n|-damage|p2a: Florges|30/100\n|move|p2a: Florges|Moonblast|p1a: Lunala\n|-damage|p1a: Lunala|164/308\n|\n|-heal|p1a: Lunala|183/308|[from] item: Leftovers\n|-heal|p2a: Florges|36/100|[from] item: Leftovers\n|upkeep\n|turn|12\n|inactive|Time left: 300 sec this turn | 300 sec total\n|\n|t:|1783550540\n|move|p1a: Lunala|Moonlight|p1a: Lunala\n|-heal|p1a: Lunala|308/308\n|move|p2a: Florges|Moonblast|p1a: Lunala\n|-damage|p1a: Lunala|252/308\n|\n|-heal|p1a: Lunala|271/308|[from] item: Leftovers\n|-heal|p2a: Florges|42/100|[from] item: Leftovers\n|upkeep\n|turn|13\n|inactive|Time left: 300 sec this turn | 300 sec total\n|\n|t:|1783550541\n|move|p1a: Lunala|Moonblast|p2a: Florges\n|-damage|p2a: Florges|23/100\n|move|p2a: Florges|Moonblast|p1a: Lunala\n|-damage|p1a: Lunala|154/308\n|-unboost|p1a: Lunala|spa|1\n|\n|-heal|p1a: Lunala|173/308|[from] item: Leftovers\n|-heal|p2a: Florges|29/100|[from] item: Leftovers\n|upkeep\n|turn|14\n|inactive|Time left: 300 sec this turn | 300 sec total\n|\n|t:|1783550542\n|move|p1a: Lunala|Moonlight|p1a: Lunala\n|-heal|p1a: Lunala|308/308\n|move|p2a: Florges|Moonblast|p1a: Lunala\n|-damage|p1a: Lunala|245/308\n|\n|-heal|p1a: Lunala|264/308|[from] item: Leftovers\n|-heal|p2a: Florges|35/100|[from] item: Leftovers\n|upkeep\n|turn|15\n|inactive|Time left: 300 sec this turn | 300 sec total\n|\n|t:|1783550543\n|move|p1a: Lunala|Moongeist Beam|p2a: Florges\n|-damage|p2a: Florges|17/100\n|move|p2a: Florges|Moonblast|p1a: Lunala\n|-damage|p1a: Lunala|137/308\n|\n|-heal|p1a: Lunala|156/308|[from] item: Leftovers\n|-heal|p2a: Florges|23/100|[from] item: Leftovers\n|upkeep\n|turn|16\n|inactive|Time left: 300 sec this turn | 300 sec total\n|\n|t:|1783550544\n|move|p1a: Lunala|Moongeist Beam|p2a: Florges\n|-damage|p2a: Florges|6/100\n|move|p2a: Florges|Synthesis|p2a: Florges\n|-heal|p2a: Florges|56/100\n|\n|-heal|p1a: Lunala|175/308|[from] item: Leftovers\n|-heal|p2a: Florges|62/100|[from] item: Leftovers\n|upkeep\n|turn|17\n|inactive|Time left: 300 sec this turn | 300 sec total\n|\n|t:|1783550545\n|move|p1a: Lunala|Moonlight|p1a: Lunala\n|-heal|p1a: Lunala|308/308\n|move|p2a: Florges|Moonblast|p1a: Lunala\n|-damage|p1a: Lunala|243/308\n|-unboost|p1a: Lunala|spa|1\n|\n|-heal|p1a: Lunala|262/308|[from] item: Leftovers\n|-heal|p2a: Florges|68/100|[from] item: Leftovers\n|upkeep\n|turn|18\n|inactive|Time left: 300 sec this turn | 300 sec total\n|\n|t:|1783550547\n|move|p1a: Lunala|Moonlight|p1a: Lunala\n|-heal|p1a: Lunala|308/308\n|move|p2a: Florges|Moonblast|p1a: Lunala\n|-damage|p1a: Lunala|251/308\n|\n|-heal|p1a: Lunala|270/308|[from] item: Leftovers\n|-heal|p2a: Florges|74/100|[from] item: Leftovers\n|upkeep\n|turn|19\n|inactive|Time left: 300 sec this turn | 300 sec total\n|\n|t:|1783550548\n|move|p1a: Lunala|Moonlight|p1a: Lunala\n|-heal|p1a: Lunala|308/308\n|move|p2a: Florges|Moonblast|p1a: Lunala\n|-damage|p1a: Lunala|252/308\n|\n|-heal|p1a: Lunala|271/308|[from] item: Leftovers\n|-heal|p2a: Florges|80/100|[from] item: Leftovers\n|upkeep\n|turn|20\n|inactive|Time left: 300 sec this turn | 300 sec total\n|\n|t:|1783550549\n|move|p1a: Lunala|Calm Mind|p1a: Lunala\n|-boost|p1a: Lunala|spa|1\n|-boost|p1a: Lunala|spd|1\n|move|p2a: Florges|Moonblast|p1a: Lunala\n|-damage|p1a: Lunala|172/308\n|\n|-heal|p1a: Lunala|191/308|[from] item: Leftovers\n|-heal|p2a: Florges|86/100|[from] item: Leftovers\n|upkeep\n|turn|21\n|inactive|Time left: 300 sec this turn | 300 sec total\n|\n|t:|1783550550\n|move|p1a: Lunala|Moonlight|p1a: Lunala\n|-heal|p1a: Lunala|308/308\n|move|p2a: Florges|Moonblast|p1a: Lunala\n|-damage|p1a: Lunala|257/308\n|\n|-heal|p1a: Lunala|276/308|[from] item: Leftovers\n|-heal|p2a: Florges|92/100|[from] item: Leftovers\n|upkeep\n|turn|22\n|inactive|Time left: 300 sec this turn | 300 sec total\n|\n|t:|1783550551\n|move|p1a: Lunala|Moonblast|p2a: Florges\n|-damage|p2a: Florges|75/100\n|move|p2a: Florges|Moonblast|p1a: Lunala\n|-damage|p1a: Lunala|165/308\n|\n|-heal|p1a: Lunala|184/308|[from] item: Leftovers\n|-heal|p2a: Florges|81/100|[from] item: Leftovers\n|upkeep\n|turn|23\n|inactive|Time left: 300 sec this turn | 300 sec total\n|\n|t:|1783550552\n|move|p1a: Lunala|Moonlight|p1a: Lunala\n|-heal|p1a: Lunala|308/308\n|move|p2a: Florges|Moonblast|p1a: Lunala\n|-damage|p1a: Lunala|254/308\n|\n|-heal|p1a: Lunala|273/308|[from] item: Leftovers\n|-heal|p2a: Florges|87/100|[from] item: Leftovers\n|upkeep\n|turn|24\n|inactive|Time left: 300 sec this turn | 300 sec total\n|\n|t:|1783550553\n|move|p1a: Lunala|Moonblast|p2a: Florges\n|-damage|p2a: Florges|71/100\n|move|p2a: Florges|Moonblast|p1a: Lunala\n|-damage|p1a: Lunala|171/308\n|\n|-heal|p1a: Lunala|190/308|[from] item: Leftovers\n|-heal|p2a: Florges|77/100|[from] item: Leftovers\n|upkeep\n|turn|25\n|inactive|Time left: 300 sec this turn | 300 sec total\n|\n|t:|1783550554\n|move|p1a: Lunala|Moonblast|p2a: Florges\n|-damage|p2a: Florges|60/100\n|move|p2a: Florges|Moonblast|p1a: Lunala\n|-damage|p1a: Lunala|94/308\n|-unboost|p1a: Lunala|spa|1\n|\n|-heal|p1a: Lunala|113/308|[from] item: Leftovers\n|-heal|p2a: Florges|65/100|[from] item: Leftovers\n|upkeep\n|turn|26\n|inactive|Time left: 300 sec this turn | 300 sec total\n|\n|t:|1783550554\n|move|p1a: Lunala|Moongeist Beam|p2a: Florges\n|-damage|p2a: Florges|53/100\n|move|p2a: Florges|Moonblast|p1a: Lunala\n|-damage|p1a: Lunala|5/308\n|-unboost|p1a: Lunala|spa|1\n|\n|-heal|p1a: Lunala|24/308|[from] item: Leftovers\n|-heal|p2a: Florges|59/100|[from] item: Leftovers\n|upkeep\n|turn|27\n|inactive|Time left: 300 sec this turn | 300 sec total\n|\n|t:|1783550555\n|move|p1a: Lunala|Moongeist Beam|p2a: Florges\n|-damage|p2a: Florges|48/100\n|move|p2a: Florges|Moonblast|p1a: Lunala\n|-damage|p1a: Lunala|0 fnt\n|faint|p1a: Lunala\n|\n|-heal|p2a: Florges|54/100|[from] item: Leftovers\n|upkeep\n|inactive|Time left: 300 sec this turn | 300 sec total | 5 sec grace\n|\n|t:|1783550556\n|switch|p1a: Weavile|Weavile, L79, F|240/240\n|turn|28\n|inactive|Time left: 300 sec this turn | 300 sec total\n|\n|t:|1783550557\n|move|p1a: Weavile|Triple Axel|p2a: Florges\n|-damage|p2a: Florges|44/100\n|-damage|p2a: Florges|23/100\n|-damage|p2a: Florges|0 fnt\n|faint|p2a: Florges\n|-hitcount|p2: Florges|3\n|\n|upkeep\n|\n|t:|1783550557\n|switch|p2a: Mimikyu|Mimikyu, L79, M|100/100\n|turn|29\n|inactive|Time left: 300 sec this turn | 300 sec total\n|\n|t:|1783550558\n|switch|p1a: Farigiraf|Farigiraf, L90, M|362/362\n|move|p2a: Mimikyu|Play Rough|p1a: Farigiraf\n|-damage|p1a: Farigiraf|244/362\n|-damage|p2a: Mimikyu|91/100|[from] item: Life Orb\n|\n|-heal|p1a: Farigiraf|266/362|[from] item: Leftovers\n|upkeep\n|turn|30\n|inactive|Time left: 300 sec this turn | 300 sec total\n|\n|t:|1783550560\n|move|p2a: Mimikyu|Swords Dance|p2a: Mimikyu\n|-boost|p2a: Mimikyu|atk|2\n|move|p1a: Farigiraf|Psychic Noise|p2a: Mimikyu\n|-activate|p2a: Mimikyu|ability: Disguise\n|-damage|p2a: Mimikyu|91/100\n|-start|p2a: Mimikyu|move: Heal Block\n|detailschange|p2a: Mimikyu|Mimikyu-Busted, L79, M\n|-damage|p2a: Mimikyu|78/100|[from] pokemon: Mimikyu-Busted\n|\n|-heal|p1a: Farigiraf|288/362|[from] item: Leftovers\n|upkeep\n|turn|31\n|inactive|Time left: 300 sec this turn | 300 sec total\n|\n|t:|1783550560\n|move|p2a: Mimikyu|Play Rough|p1a: Farigiraf\n|-damage|p1a: Farigiraf|64/362\n|-damage|p2a: Mimikyu|69/100|[from] item: Life Orb\n|move|p1a: Farigiraf|Psychic Noise|p2a: Mimikyu\n|-damage|p2a: Mimikyu|24/100\n|\n|-heal|p1a: Farigiraf|86/362|[from] item: Leftovers\n|-end|p2a: Mimikyu|move: Heal Block\n|upkeep\n|turn|32\n|inactive|Time left: 300 sec this turn | 300 sec total\n|\n|t:|1783550561\n|move|p2a: Mimikyu|Play Rough|p1a: Farigiraf\n|-damage|p1a: Farigiraf|0 fnt\n|faint|p1a: Farigiraf\n|-damage|p2a: Mimikyu|14/100|[from] item: Life Orb\n|\n|upkeep\n|inactive|Time left: 300 sec this turn | 300 sec total | 5 sec grace\n|\n|t:|1783550562\n|switch|p1a: Chi-Yu|Chi-Yu, L77|211/211\n|-ability|p1a: Chi-Yu|Beads of Ruin\n|turn|33\n|inactive|Time left: 300 sec this turn | 300 sec total\n|\n|t:|1783550563\n|move|p1a: Chi-Yu|Psychic|p2a: Mimikyu\n|-damage|p2a: Mimikyu|0 fnt\n|faint|p2a: Mimikyu\n|\n|upkeep\n|\n|t:|1783550564\n|switch|p2a: Toedscruel|Toedscruel, L87, F|100/100\n|turn|34\n|inactive|Time left: 300 sec this turn | 300 sec total\n|\n|t:|1783550565\n|switch|p1a: Hitmontop|Hitmontop, L88, M|231/231\n|move|p2a: Toedscruel|Earth Power|p1a: Hitmontop\n|-damage|p1a: Hitmontop|155/231\n|\n|-heal|p1a: Hitmontop|169/231|[from] item: Leftovers\n|upkeep\n|turn|35\n|inactive|Time left: 300 sec this turn | 300 sec total\n|\n|t:|1783550566\n|move|p1a: Hitmontop|Triple Axel|p2a: Toedscruel\n|-supereffective|p2a: Toedscruel\n|-damage|p2a: Toedscruel|56/100\n|-supereffective|p2a: Toedscruel\n|-damage|p2a: Toedscruel|0 fnt\n|faint|p2a: Toedscruel\n|-hitcount|p2: Toedscruel|2\n|\n|-heal|p1a: Hitmontop|183/231|[from] item: Leftovers\n|upkeep\n|\n|t:|1783550567\n|switch|p2a: Munkidori|Munkidori, L79, M|100/100\n|turn|36\n|inactive|Time left: 300 sec this turn | 300 sec total\n|\n|t:|1783550568\n|move|p2a: Munkidori|Sludge Wave|p1a: Hitmontop\n|-damage|p1a: Hitmontop|93/231\n|move|p1a: Hitmontop|Triple Axel|p2a: Munkidori\n|-damage|p2a: Munkidori|89/100\n|-damage|p2a: Munkidori|67/100\n|-damage|p2a: Munkidori|32/100\n|-hitcount|p2a: Munkidori|3\n|\n|-heal|p1a: Hitmontop|107/231|[from] item: Leftovers\n|upkeep\n|turn|37\n|inactive|Time left: 300 sec this turn | 300 sec total\n|\n|t:|1783550569\n|switch|p1a: Rotom|Rotom, L88|231/231\n|move|p2a: Munkidori|Psychic Noise|p1a: Rotom\n|-damage|p1a: Rotom|141/231\n|-start|p1a: Rotom|move: Heal Block\n|\n|upkeep\n|turn|38\n|inactive|Time left: 300 sec this turn | 300 sec total\n|\n|t:|1783550570\n|move|p1a: Rotom|Shadow Ball|p2a: Munkidori\n|-supereffective|p2a: Munkidori\n|-damage|p2a: Munkidori|0 fnt\n|faint|p2a: Munkidori\n|\n|-end|p1a: Rotom|move: Heal Block\n|upkeep\n|\n|t:|1783550571\n|switch|p2a: Sunflora|Sunflora, F|100/100\n|turn|39\n|inactive|Time left: 300 sec this turn | 300 sec total\n|\n|t:|1783550573\n|move|p1a: Rotom|Shadow Ball|p2a: Sunflora\n|-damage|p2a: Sunflora|76/100\n|-unboost|p2a: Sunflora|spd|1\n|move|p2a: Sunflora|Sunny Day|p2a: Sunflora\n|-weather|SunnyDay\n|\n|-weather|SunnyDay|[upkeep]\n|upkeep\n|turn|40\n|inactive|Time left: 300 sec this turn | 300 sec total\n|\n|t:|1783550574\n|-terastallize|p2a: Sunflora|Fire\n|move|p1a: Rotom|Shadow Ball|p2a: Sunflora\n|-damage|p2a: Sunflora|40/100\n|move|p2a: Sunflora|Weather Ball|p1a: Rotom\n|-damage|p1a: Rotom|0 fnt\n|faint|p1a: Rotom\n|-damage|p2a: Sunflora|30/100|[from] item: Life Orb\n|\n|-weather|SunnyDay|[upkeep]\n|upkeep\n|inactive|Time left: 300 sec this turn | 300 sec total | 5 sec grace\n|\n|t:|1783550575\n|switch|p1a: Weavile|Weavile, L79, F|240/240\n|turn|41\n|inactive|Time left: 300 sec this turn | 300 sec total\n|\n|t:|1783550576\n|move|p1a: Weavile|Knock Off|p2a: Sunflora\n|-damage|p2a: Sunflora|0 fnt\n|-enditem|p2a: Sunflora|Life Orb|[from] move: Knock Off|[of] p1a: Weavile\n|faint|p2a: Sunflora\n|\n|win|p0x9177ae2", "uploadtime": 1783550576, "views": 0, "rating": 0, "private": 0, "password": null, "_winner": "p0x9177ae2", "_our_name": "p0x9177ae2"}