{"id": "battle-gen9randombattle-1489", "formatid": "gen9randombattle", "format": "[Gen 9] Random Battle", "players": ["p0x14896c38", "p0y14899ca6"], "log": "|init|battle\n|title|p0x14896c38 vs. p0y14899ca6\n|j|\u2606p0x14896c38\n|j|\u2606p0y14899ca6\n|t:|1783556419\n|gametype|singles\n|player|p1|p0x14896c38|169|\n|player|p2|p0y14899ca6|2|\n|gen|9\n|tier|[Gen 9] Random Battle\n|rule|Species Clause: Limit one of each Pok\u00e9mon\n|rule|HP Percentage Mod: HP is shown in percentages\n|rule|Sleep Clause Mod: Limit one foe put to sleep\n|rule|Illusion Level Mod: Illusion disguises the Pok\u00e9mon's true level\n|\n|t:|1783556420\n|teamsize|p1|6\n|teamsize|p2|6\n|start\n|switch|p1a: Spidops|Spidops, L96, M|100/100\n|switch|p2a: Alcremie|Alcremie-Ruby-Cream, L90, F|263/263\n|turn|1\n|inactive|Battle timer is ON: inactive players will automatically lose when time's up. (requested by p0y14899ca6)\n|inactive|p0x14896c38 also wants the timer to be on.\n|\n|t:|1783556421\n|move|p2a: Alcremie|Alluring Voice|p1a: Spidops\n|-damage|p1a: Spidops|64/100\n|move|p1a: Spidops|Sticky Web|p2a: Alcremie\n|-sidestart|p2: p0y14899ca6|move: Sticky Web\n|\n|upkeep\n|turn|2\n|inactive|Time left: 300 sec this turn | 300 sec total\n|\n|t:|1783556423\n|move|p2a: Alcremie|Calm Mind|p2a: Alcremie\n|-boost|p2a: Alcremie|spa|1\n|-boost|p2a: Alcremie|spd|1\n|move|p1a: Spidops|Toxic Spikes|p2a: Alcremie\n|-sidestart|p2: p0y14899ca6|move: Toxic Spikes\n|\n|upkeep\n|turn|3\n|inactive|Time left: 300 sec this turn | 300 sec total\n|\n|t:|1783556423\n|move|p2a: Alcremie|Alluring Voice|p1a: Spidops\n|-damage|p1a: Spidops|13/100\n|move|p1a: Spidops|Circle Throw|p2a: Alcremie\n|-resisted|p2a: Alcremie\n|-damage|p2a: Alcremie|239/263\n|drag|p2a: Walking Wake|Walking Wake, L79|286/286\n|-activate|p2a: Walking Wake|move: Sticky Web\n|-unboost|p2a: Walking Wake|spe|1\n|-status|p2a: Walking Wake|psn\n|\n|-damage|p2a: Walking Wake|251/286 psn|[from] psn\n|upkeep\n|turn|4\n|inactive|Time left: 300 sec this turn | 300 sec total\n|\n|t:|1783556425\n|switch|p1a: Lumineon|Lumineon, L93, F|100/100\n|move|p2a: Walking Wake|Flamethrower|p1a: Lumineon\n|-resisted|p1a: Lumineon\n|-damage|p1a: Lumineon|87/100\n|-damage|p2a: Walking Wake|223/286 psn|[from] item: Life Orb\n|\n|-damage|p2a: Walking Wake|188/286 psn|[from] psn\n|upkeep\n|turn|5\n|inactive|Time left: 300 sec this turn | 300 sec total\n|\n|t:|1783556426\n|-end|p2a: Walking Wake|Protosynthesis|[silent]\n|switch|p2a: Magearna|Magearna-Original, L77|250/250\n|-activate|p2a: Magearna|move: Sticky Web\n|-unboost|p2a: Magearna|spe|1\n|move|p1a: Lumineon|Alluring Voice|p2a: Magearna\n|-resisted|p2a: Magearna\n|-damage|p2a: Magearna|218/250\n|-damage|p1a: Lumineon|77/100|[from] item: Life Orb\n|\n|-heal|p2a: Magearna|233/250|[from] item: Leftovers\n|upkeep\n|turn|6\n|inactive|Time left: 300 sec this turn | 300 sec total\n|\n|t:|1783556427\n|move|p1a: Lumineon|Hydro Pump|p2a: Magearna|[miss]\n|-miss|p1a: Lumineon|p2a: Magearna\n|move|p2a: Magearna|Shift Gear|p2a: Magearna\n|-boost|p2a: Magearna|spe|2\n|-boost|p2a: Magearna|atk|1\n|\n|-heal|p2a: Magearna|248/250|[from] item: Leftovers\n|upkeep\n|turn|7\n|inactive|Time left: 300 sec this turn | 300 sec total\n|\n|t:|1783556428\n|move|p1a: Lumineon|Encore|p2a: Magearna\n|-start|p2a: Magearna|Encore\n|move|p2a: Magearna|Shift Gear|p2a: Magearna\n|-boost|p2a: Magearna|spe|2\n|-boost|p2a: Magearna|atk|1\n|\n|-heal|p2a: Magearna|250/250|[from] item: Leftovers\n|upkeep\n|turn|8\n|inactive|Time left: 300 sec this turn | 300 sec total\n|\n|t:|1783556429\n|switch|p1a: Poliwrath|Poliwrath, L88, M|100/100\n|move|p2a: Magearna|Shift Gear|p2a: Magearna\n|-boost|p2a: Magearna|spe|2\n|-boost|p2a: Magearna|atk|1\n|\n|upkeep\n|turn|9\n|inactive|Time left: 300 sec this turn | 300 sec total\n|\n|t:|1783556430\n|move|p2a: Magearna|Shift Gear|p2a: Magearna\n|-boost|p2a: Magearna|spe|1\n|-boost|p2a: Magearna|atk|1\n|move|p1a: Poliwrath|Circle Throw|p2a: Magearna\n|-damage|p2a: Magearna|184/250\n|drag|p2a: Alcremie|Alcremie-Ruby-Cream, L90, F|239/263\n|-activate|p2a: Alcremie|move: Sticky Web\n|-unboost|p2a: Alcremie|spe|1\n|-status|p2a: Alcremie|psn\n|\n|-heal|p2a: Alcremie|255/263 psn|[from] item: Leftovers\n|-damage|p2a: Alcremie|223/263 psn|[from] psn\n|upkeep\n|turn|10\n|inactive|Time left: 300 sec this turn | 300 sec total\n|\n|t:|1783556432\n|move|p1a: Poliwrath|Liquidation|p2a: Alcremie\n|-damage|p2a: Alcremie|115/263 psn\n|move|p2a: Alcremie|Alluring Voice|p1a: Poliwrath\n|-supereffective|p1a: Poliwrath\n|-crit|p1a: Poliwrath\n|-damage|p1a: Poliwrath|30/100\n|\n|-heal|p2a: Alcremie|131/263 psn|[from] item: Leftovers\n|-damage|p2a: Alcremie|99/263 psn|[from] psn\n|upkeep\n|turn|11\n|inactive|Time left: 300 sec this turn | 300 sec total\n|\n|t:|1783556433\n|move|p1a: Poliwrath|Liquidation|p2a: Alcremie\n|-damage|p2a: Alcremie|0 fnt\n|faint|p2a: Alcremie\n|\n|upkeep\n|inactive|Time left: 300 sec this turn | 300 sec total | 5 sec grace\n|\n|t:|1783556434\n|switch|p2a: Magearna|Magearna-Original, L77|184/250\n|-activate|p2a: Magearna|move: Sticky Web\n|-unboost|p2a: Magearna|spe|1\n|turn|12\n|inactive|Time left: 300 sec this turn | 300 sec total\n|\n|t:|1783556435\n|move|p2a: Magearna|Shift Gear|p2a: Magearna\n|-boost|p2a: Magearna|spe|2\n|-boost|p2a: Magearna|atk|1\n|move|p1a: Poliwrath|Circle Throw|p2a: Magearna\n|-damage|p2a: Magearna|120/250\n|drag|p2a: Chansey|Chansey, L85, F|564/564\n|-activate|p2a: Chansey|move: Sticky Web\n|-unboost|p2a: Chansey|spe|1\n|-status|p2a: Chansey|psn\n|\n|-damage|p2a: Chansey|494/564 psn|[from] psn\n|upkeep\n|turn|13\n|inactive|Time left: 300 sec this turn | 300 sec total\n|\n|t:|1783556436\n|-curestatus|p2a: Chansey|psn|[from] ability: Natural Cure|[silent]\n|switch|p2a: Magearna|Magearna-Original, L77|120/250\n|-activate|p2a: Magearna|move: Sticky Web\n|-unboost|p2a: Magearna|spe|1\n|move|p1a: Poliwrath|Close Combat|p2a: Magearna\n|-damage|p2a: Magearna|0 fnt\n|-unboost|p1a: Poliwrath|def|1\n|-unboost|p1a: Poliwrath|spd|1\n|faint|p2a: Magearna\n|\n|upkeep\n|inactive|Time left: 300 sec this turn | 300 sec total | 5 sec grace\n|\n|t:|1783556437\n|switch|p2a: Empoleon|Empoleon, L84, F|278/278\n|-activate|p2a: Empoleon|move: Sticky Web\n|-unboost|p2a: Empoleon|spe|1\n|-ability|p2a: Empoleon|Competitive|boost\n|-boost|p2a: Empoleon|spa|2\n|turn|14\n|inactive|Time left: 300 sec this turn | 300 sec total\n|\n|t:|1783556438\n|-terastallize|p2a: Empoleon|Flying\n|move|p2a: Empoleon|Stealth Rock|p1a: Poliwrath\n|-sidestart|p1: p0x14896c38|move: Stealth Rock\n|move|p1a: Poliwrath|Circle Throw|p2a: Empoleon|[miss]\n|-miss|p1a: Poliwrath|p2a: Empoleon\n|\n|upkeep\n|turn|15\n|inactive|Time left: 300 sec this turn | 300 sec total\n|\n|t:|1783556439\n|move|p2a: Empoleon|Roost||[still]\n|-fail|p2a: Empoleon|heal\n|move|p1a: Poliwrath|Circle Throw|p2a: Empoleon\n|-resisted|p2a: Empoleon\n|-damage|p2a: Empoleon|246/278\n|drag|p2a: Walking Wake|Walking Wake, L79|188/286 psn\n|-activate|p2a: Walking Wake|move: Sticky Web\n|-unboost|p2a: Walking Wake|spe|1\n|\n|-damage|p2a: Walking Wake|153/286 psn|[from] psn\n|upkeep\n|turn|16\n|inactive|Time left: 300 sec this turn | 300 sec total\n|\n|t:|1783556440\n|move|p1a: Poliwrath|Knock Off|p2a: Walking Wake\n|-damage|p2a: Walking Wake|75/286 psn\n|-enditem|p2a: Walking Wake|Life Orb|[from] move: Knock Off|[of] p1a: Poliwrath\n|move|p2a: Walking Wake|Draco Meteor|p1a: Poliwrath\n|-damage|p1a: Poliwrath|0 fnt\n|-unboost|p2a: Walking Wake|spa|2\n|faint|p1a: Poliwrath\n|\n|-damage|p2a: Walking Wake|40/286 psn|[from] psn\n|upkeep\n|\n|t:|1783556441\n|switch|p1a: Pecharunt|Pecharunt, L77|100/100\n|-damage|p1a: Pecharunt|88/100|[from] Stealth Rock\n|turn|17\n|inactive|Time left: 300 sec this turn | 300 sec total\n|\n|t:|1783556442\n|move|p1a: Pecharunt|Nasty Plot|p1a: Pecharunt\n|-boost|p1a: Pecharunt|spa|2\n|move|p2a: Walking Wake|Flamethrower|p1a: Pecharunt\n|-damage|p1a: Pecharunt|73/100\n|\n|-heal|p1a: Pecharunt|80/100|[from] item: Leftovers\n|-damage|p2a: Walking Wake|5/286 psn|[from] psn\n|upkeep\n|turn|18\n|inactive|Time left: 300 sec this turn | 300 sec total\n|\n|t:|1783556443\n|move|p1a: Pecharunt|Nasty Plot|p1a: Pecharunt\n|-boost|p1a: Pecharunt|spa|2\n|move|p2a: Walking Wake|Draco Meteor|p1a: Pecharunt\n|-damage|p1a: Pecharunt|51/100\n|-unboost|p2a: Walking Wake|spa|2\n|\n|-heal|p1a: Pecharunt|57/100|[from] item: Leftovers\n|-damage|p2a: Walking Wake|0 fnt|[from] psn\n|faint|p2a: Walking Wake\n|-end|p2a: Walking Wake|Protosynthesis|[silent]\n|upkeep\n|inactive|Time left: 300 sec this turn | 300 sec total | 5 sec grace\n|\n|t:|1783556444\n|switch|p2a: Sandy Shocks|Sandy Shocks, L80|267/267\n|-activate|p2a: Sandy Shocks|move: Sticky Web\n|-unboost|p2a: Sandy Shocks|spe|1\n|-status|p2a: Sandy Shocks|psn\n|turn|19\n|inactive|Time left: 300 sec this turn | 300 sec total\n|\n|t:|1783556445\n|-terastallize|p1a: Pecharunt|Dark\n|move|p1a: Pecharunt|Shadow Ball|p2a: Sandy Shocks\n|-damage|p2a: Sandy Shocks|66/267 psn\n|move|p2a: Sandy Shocks|Earth Power|p1a: Pecharunt\n|-damage|p1a: Pecharunt|12/100\n|\n|-heal|p1a: Pecharunt|18/100|[from] item: Leftovers\n|-heal|p2a: Sandy Shocks|82/267 psn|[from] item: Leftovers\n|-damage|p2a: Sandy Shocks|49/267 psn|[from] psn\n|upkeep\n|turn|20\n|inactive|Time left: 300 sec this turn | 300 sec total\n|\n|t:|1783556446\n|move|p1a: Pecharunt|Recover|p1a: Pecharunt\n|-heal|p1a: Pecharunt|68/100\n|move|p2a: Sandy Shocks|Thunderbolt|p1a: Pecharunt\n|-damage|p1a: Pecharunt|27/100\n|\n|-heal|p1a: Pecharunt|33/100|[from] item: Leftovers\n|-heal|p2a: Sandy Shocks|65/267 psn|[from] item: Leftovers\n|-damage|p2a: Sandy Shocks|32/267 psn|[from] psn\n|upkeep\n|turn|21\n|inactive|Time left: 300 sec this turn | 300 sec total\n|\n|t:|1783556447\n|move|p1a: Pecharunt|Recover|p1a: Pecharunt\n|-heal|p1a: Pecharunt|83/100\n|move|p2a: Sandy Shocks|Earth Power|p1a: Pecharunt\n|-damage|p1a: Pecharunt|38/100\n|\n|-heal|p1a: Pecharunt|44/100|[from] item: Leftovers\n|-heal|p2a: Sandy Shocks|48/267 psn|[from] item: Leftovers\n|-damage|p2a: Sandy Shocks|15/267 psn|[from] psn\n|upkeep\n|turn|22\n|inactive|Time left: 300 sec this turn | 300 sec total\n|\n|t:|1783556448\n|move|p1a: Pecharunt|Shadow Ball|p2a: Sandy Shocks\n|-damage|p2a: Sandy Shocks|0 fnt\n|faint|p2a: Sandy Shocks\n|-end|p2a: Sandy Shocks|Protosynthesis|[silent]\n|\n|-heal|p1a: Pecharunt|50/100|[from] item: Leftovers\n|upkeep\n|inactive|Time left: 300 sec this turn | 300 sec total | 5 sec grace\n|\n|t:|1783556449\n|switch|p2a: Chansey|Chansey, L85, F|494/564\n|-activate|p2a: Chansey|move: Sticky Web\n|-unboost|p2a: Chansey|spe|1\n|-status|p2a: Chansey|psn\n|turn|23\n|inactive|Time left: 300 sec this turn | 300 sec total\n|\n|t:|1783556450\n|move|p1a: Pecharunt|Recover|p1a: Pecharunt\n|-heal|p1a: Pecharunt|99/100\n|move|p2a: Chansey|Seismic Toss|p1a: Pecharunt\n|-damage|p1a: Pecharunt|67/100\n|\n|-heal|p1a: Pecharunt|73/100|[from] item: Leftovers\n|-damage|p2a: Chansey|424/564 psn|[from] psn\n|upkeep\n|turn|24\n|inactive|Time left: 300 sec this turn | 300 sec total\n|\n|t:|1783556451\n|move|p1a: Pecharunt|Malignant Chain|p2a: Chansey\n|-damage|p2a: Chansey|289/564 psn\n|move|p2a: Chansey|Soft-Boiled|p2a: Chansey\n|-heal|p2a: Chansey|564/564 psn\n|\n|-heal|p1a: Pecharunt|80/100|[from] item: Leftovers\n|-damage|p2a: Chansey|494/564 psn|[from] psn\n|upkeep\n|turn|25\n|inactive|Time left: 300 sec this turn | 300 sec total\n|\n|t:|1783556452\n|move|p1a: Pecharunt|Nasty Plot|p1a: Pecharunt\n|-boost|p1a: Pecharunt|spa|2\n|move|p2a: Chansey|Heal Bell|p2a: Chansey\n|-activate|p2a: Chansey|move: Heal Bell\n|-curestatus|p2a: Chansey|psn|[msg]\n|\n|-heal|p1a: Pecharunt|86/100|[from] item: Leftovers\n|upkeep\n|turn|26\n|inactive|Time left: 300 sec this turn | 300 sec total\n|\n|t:|1783556453\n|move|p1a: Pecharunt|Malignant Chain|p2a: Chansey\n|-damage|p2a: Chansey|305/564\n|-status|p2a: Chansey|tox\n|-start|p2a: Chansey|confusion|[from] ability: Poison Puppeteer|[of] p1a: Pecharunt\n|-activate|p2a: Chansey|confusion\n|-damage|p2a: Chansey|297/564 tox|[from] confusion\n|\n|-heal|p1a: Pecharunt|92/100|[from] item: Leftovers\n|-damage|p2a: Chansey|262/564 tox|[from] psn\n|upkeep\n|turn|27\n|inactive|Time left: 300 sec this turn | 300 sec total\n|\n|t:|1783556454\n|move|p1a: Pecharunt|Malignant Chain|p2a: Chansey\n|-damage|p2a: Chansey|84/564 tox\n|-activate|p2a: Chansey|confusion\n|-damage|p2a: Chansey|77/564 tox|[from] confusion\n|\n|-heal|p1a: Pecharunt|98/100|[from] item: Leftovers\n|-damage|p2a: Chansey|7/564 tox|[from] psn\n|upkeep\n|turn|28\n|inactive|Time left: 300 sec this turn | 300 sec total\n|\n|t:|1783556455\n|-curestatus|p2a: Chansey|tox|[from] ability: Natural Cure|[silent]\n|switch|p2a: Empoleon|Empoleon, L84, F, tera:Flying|246/278\n|move|p1a: Pecharunt|Malignant Chain|p2a: Empoleon\n|-damage|p2a: Empoleon|0 fnt\n|faint|p2a: Empoleon\n|\n|-heal|p1a: Pecharunt|100/100|[from] item: Leftovers\n|upkeep\n|inactive|Time left: 300 sec this turn | 300 sec total | 5 sec grace\n|\n|t:|1783556456\n|switch|p2a: Chansey|Chansey, L85, F|7/564\n|-activate|p2a: Chansey|move: Sticky Web\n|-unboost|p2a: Chansey|spe|1\n|-status|p2a: Chansey|psn\n|turn|29\n|inactive|Time left: 300 sec this turn | 300 sec total\n|\n|t:|1783556457\n|move|p1a: Pecharunt|Malignant Chain|p2a: Chansey\n|-crit|p2a: Chansey\n|-damage|p2a: Chansey|0 fnt\n|faint|p2a: Chansey\n|\n|win|p0x14896c38", "uploadtime": 1783556457, "views": 0, "rating": 0, "private": 0, "password": null, "_winner": "p0x14896c38", "_our_name": "p0y14899ca6"}