{"id": "battle-gen9randombattle-2403", "formatid": "gen9randombattle", "format": "[Gen 9] Random Battle", "players": ["p0x2403306f", "p0y2403e461"], "log": "|init|battle\n|title|p0x2403306f vs. p0y2403e461\n|j|\u2606p0x2403306f\n|j|\u2606p0y2403e461\n|t:|1783566885\n|gametype|singles\n|player|p1|p0x2403306f|169|\n|player|p2|p0y2403e461|266|\n|gen|9\n|tier|[Gen 9] Random Battle\n|rule|Species Clause: Limit one of each Pok\u00e9mon\n|rule|HP Percentage Mod: HP is shown in percentages\n|rule|Sleep Clause Mod: Limit one foe put to sleep\n|rule|Illusion Level Mod: Illusion disguises the Pok\u00e9mon's true level\n|\n|t:|1783566885\n|teamsize|p1|6\n|teamsize|p2|6\n|start\n|switch|p1a: Veluza|Veluza, L85, F|100/100\n|switch|p2a: Iron Boulder|Iron Boulder, L77|265/265\n|turn|1\n|inactive|Battle timer is ON: inactive players will automatically lose when time's up. (requested by p0y2403e461)\n|inactive|p0x2403306f also wants the timer to be on.\n|\n|t:|1783566886\n|-end|p2a: Iron Boulder|Quark Drive|[silent]\n|switch|p2a: Wyrdeer|Wyrdeer, L87, F|321/321\n|-ability|p2a: Wyrdeer|Intimidate|boost\n|-unboost|p1a: Veluza|atk|1\n|move|p1a: Veluza|Aqua Cutter|p2a: Wyrdeer\n|-crit|p2a: Wyrdeer\n|-damage|p2a: Wyrdeer|116/321\n|\n|-heal|p2a: Wyrdeer|136/321|[from] item: Leftovers\n|upkeep\n|turn|2\n|inactive|Time left: 300 sec this turn | 300 sec total\n|\n|t:|1783566887\n|move|p1a: Veluza|Aqua Cutter|p2a: Wyrdeer\n|-damage|p2a: Wyrdeer|42/321\n|move|p2a: Wyrdeer|Megahorn|p1a: Veluza\n|-supereffective|p1a: Veluza\n|-crit|p1a: Veluza\n|-damage|p1a: Veluza|0 fnt\n|faint|p1a: Veluza\n|\n|-heal|p2a: Wyrdeer|62/321|[from] item: Leftovers\n|upkeep\n|\n|t:|1783566888\n|switch|p1a: Flapple|Flapple, L88, F|100/100\n|turn|3\n|inactive|Time left: 300 sec this turn | 300 sec total\n|\n|t:|1783566889\n|move|p1a: Flapple|Outrage|p2a: Wyrdeer\n|-damage|p2a: Wyrdeer|0 fnt\n|faint|p2a: Wyrdeer\n|\n|upkeep\n|inactive|Time left: 300 sec this turn | 300 sec total | 5 sec grace\n|\n|t:|1783566890\n|switch|p2a: Froslass|Froslass, L87, F|263/263\n|turn|4\n|inactive|Time left: 300 sec this turn | 300 sec total\n|\n|t:|1783566891\n|move|p2a: Froslass|Triple Axel|p1a: Flapple\n|-supereffective|p1a: Flapple\n|-damage|p1a: Flapple|72/100\n|-supereffective|p1a: Flapple\n|-damage|p1a: Flapple|13/100\n|-supereffective|p1a: Flapple\n|-damage|p1a: Flapple|0 fnt\n|faint|p1a: Flapple\n|-hitcount|p1: Flapple|3\n|\n|upkeep\n|\n|t:|1783566892\n|switch|p1a: Klefki|Klefki, L84, F|100/100\n|turn|5\n|inactive|Time left: 300 sec this turn | 300 sec total\n|\n|t:|1783566893\n|move|p1a: Klefki|Spikes|p2a: Froslass\n|-sidestart|p2: p0y2403e461|Spikes\n|move|p2a: Froslass|Poltergeist|p1a: Klefki\n|-activate|p1a: Klefki|move: Poltergeist|Leftovers\n|-damage|p1a: Klefki|56/100\n|\n|-heal|p1a: Klefki|62/100|[from] item: Leftovers\n|upkeep\n|turn|6\n|inactive|Time left: 300 sec this turn | 300 sec total\n|\n|t:|1783566894\n|move|p2a: Froslass|Poltergeist|p1a: Klefki\n|-activate|p1a: Klefki|move: Poltergeist|Leftovers\n|-damage|p1a: Klefki|20/100\n|move|p1a: Klefki|Foul Play|p2a: Froslass\n|-supereffective|p2a: Froslass\n|-damage|p2a: Froslass|117/263\n|\n|-heal|p1a: Klefki|26/100|[from] item: Leftovers\n|upkeep\n|turn|7\n|inactive|Time left: 300 sec this turn | 300 sec total\n|\n|t:|1783566895\n|move|p1a: Klefki|Spikes|p2a: Froslass\n|-sidestart|p2: p0y2403e461|Spikes\n|move|p2a: Froslass|Poltergeist|p1a: Klefki\n|-activate|p1a: Klefki|move: Poltergeist|Leftovers\n|-damage|p1a: Klefki|0 fnt\n|faint|p1a: Klefki\n|\n|upkeep\n|\n|t:|1783566896\n|switch|p1a: Glalie|Glalie, L96, M|100/100\n|turn|8\n|inactive|Time left: 300 sec this turn | 300 sec total\n|\n|t:|1783566897\n|move|p2a: Froslass|Will-O-Wisp|p1a: Glalie\n|-status|p1a: Glalie|brn\n|move|p1a: Glalie|Earthquake|p2a: Froslass\n|-damage|p2a: Froslass|73/263\n|\n|-damage|p1a: Glalie|94/100 brn|[from] brn\n|upkeep\n|turn|9\n|inactive|Time left: 300 sec this turn | 300 sec total\n|\n|t:|1783566899\n|move|p2a: Froslass|Poltergeist|p1a: Glalie\n|-activate|p1a: Glalie|move: Poltergeist|Heavy-Duty Boots\n|-damage|p1a: Glalie|59/100 brn\n|move|p1a: Glalie|Freeze-Dry|p2a: Froslass\n|-resisted|p2a: Froslass\n|-damage|p2a: Froslass|28/263\n|\n|-damage|p1a: Glalie|53/100 brn|[from] brn\n|upkeep\n|turn|10\n|inactive|Time left: 300 sec this turn | 300 sec total\n|\n|t:|1783566900\n|move|p2a: Froslass|Poltergeist|p1a: Glalie\n|-activate|p1a: Glalie|move: Poltergeist|Heavy-Duty Boots\n|-damage|p1a: Glalie|22/100 brn\n|move|p1a: Glalie|Freeze-Dry|p2a: Froslass\n|-resisted|p2a: Froslass\n|-damage|p2a: Froslass|0 fnt\n|faint|p2a: Froslass\n|\n|-damage|p1a: Glalie|16/100 brn|[from] brn\n|upkeep\n|inactive|Time left: 300 sec this turn | 300 sec total | 5 sec grace\n|\n|t:|1783566901\n|switch|p2a: Kilowattrel|Kilowattrel, L83, F|252/252\n|turn|11\n|inactive|Time left: 300 sec this turn | 300 sec total\n|\n|t:|1783566902\n|move|p2a: Kilowattrel|Thunderbolt|p1a: Glalie\n|-damage|p1a: Glalie|0 fnt\n|faint|p1a: Glalie\n|\n|upkeep\n|\n|t:|1783566903\n|switch|p1a: Cinccino|Cinccino, L83, M|100/100\n|turn|12\n|inactive|Time left: 300 sec this turn | 300 sec total\n|\n|t:|1783566904\n|-terastallize|p2a: Kilowattrel|Steel\n|move|p2a: Kilowattrel|Thunderbolt|p1a: Cinccino\n|-damage|p1a: Cinccino|46/100\n|move|p1a: Cinccino|Triple Axel|p2a: Kilowattrel\n|-resisted|p2a: Kilowattrel\n|-damage|p2a: Kilowattrel|238/252\n|-resisted|p2a: Kilowattrel\n|-damage|p2a: Kilowattrel|210/252\n|-resisted|p2a: Kilowattrel\n|-damage|p2a: Kilowattrel|169/252\n|-hitcount|p2a: Kilowattrel|3\n|\n|upkeep\n|turn|13\n|inactive|Time left: 300 sec this turn | 300 sec total\n|\n|t:|1783566905\n|switch|p1a: Latias|Latias, L79, F|100/100\n|move|p2a: Kilowattrel|Thunderbolt|p1a: Latias\n|-resisted|p1a: Latias\n|-damage|p1a: Latias|84/100\n|-status|p1a: Latias|par\n|\n|upkeep\n|turn|14\n|inactive|Time left: 300 sec this turn | 300 sec total\n|\n|t:|1783566906\n|move|p2a: Kilowattrel|Hurricane|p1a: Latias\n|-damage|p1a: Latias|50/100 par\n|move|p1a: Latias|Calm Mind|p1a: Latias\n|-boost|p1a: Latias|spa|1\n|-boost|p1a: Latias|spd|1\n|\n|upkeep\n|turn|15\n|inactive|Time left: 300 sec this turn | 300 sec total\n|\n|t:|1783566907\n|move|p2a: Kilowattrel|Hurricane|p1a: Latias|[miss]\n|-miss|p2a: Kilowattrel|p1a: Latias\n|move|p1a: Latias|Recover|p1a: Latias\n|-heal|p1a: Latias|99/100 par\n|\n|upkeep\n|turn|16\n|inactive|Time left: 300 sec this turn | 300 sec total\n|\n|t:|1783566908\n|move|p2a: Kilowattrel|Roost|p2a: Kilowattrel\n|-heal|p2a: Kilowattrel|252/252\n|move|p1a: Latias|Calm Mind|p1a: Latias\n|-boost|p1a: Latias|spa|1\n|-boost|p1a: Latias|spd|1\n|\n|upkeep\n|turn|17\n|inactive|Time left: 300 sec this turn | 300 sec total\n|\n|t:|1783566909\n|move|p2a: Kilowattrel|Hurricane|p1a: Latias|[miss]\n|-miss|p2a: Kilowattrel|p1a: Latias\n|move|p1a: Latias|Psyshock|p2a: Kilowattrel\n|-resisted|p2a: Kilowattrel\n|-damage|p2a: Kilowattrel|130/252\n|\n|upkeep\n|turn|18\n|inactive|Time left: 300 sec this turn | 300 sec total\n|\n|t:|1783566910\n|move|p2a: Kilowattrel|Roost|p2a: Kilowattrel\n|-heal|p2a: Kilowattrel|252/252\n|move|p1a: Latias|Psyshock|p2a: Kilowattrel\n|-resisted|p2a: Kilowattrel\n|-damage|p2a: Kilowattrel|120/252\n|\n|upkeep\n|turn|19\n|inactive|Time left: 300 sec this turn | 300 sec total\n|\n|t:|1783566911\n|move|p2a: Kilowattrel|Roost|p2a: Kilowattrel\n|-heal|p2a: Kilowattrel|246/252\n|move|p1a: Latias|Psyshock|p2a: Kilowattrel\n|-resisted|p2a: Kilowattrel\n|-damage|p2a: Kilowattrel|118/252\n|\n|upkeep\n|turn|20\n|inactive|Time left: 300 sec this turn | 300 sec total\n|\n|t:|1783566912\n|move|p2a: Kilowattrel|Roost|p2a: Kilowattrel\n|-heal|p2a: Kilowattrel|244/252\n|move|p1a: Latias|Psyshock|p2a: Kilowattrel\n|-resisted|p2a: Kilowattrel\n|-damage|p2a: Kilowattrel|122/252\n|\n|upkeep\n|turn|21\n|inactive|Time left: 300 sec this turn | 300 sec total\n|\n|t:|1783566913\n|move|p2a: Kilowattrel|Roost|p2a: Kilowattrel\n|-heal|p2a: Kilowattrel|248/252\n|cant|p1a: Latias|par\n|\n|upkeep\n|turn|22\n|inactive|Time left: 300 sec this turn | 300 sec total\n|\n|t:|1783566914\n|move|p2a: Kilowattrel|Hurricane|p1a: Latias\n|-damage|p1a: Latias|81/100 par\n|-start|p1a: Latias|confusion\n|-activate|p1a: Latias|confusion\n|move|p1a: Latias|Psyshock|p2a: Kilowattrel\n|-resisted|p2a: Kilowattrel\n|-damage|p2a: Kilowattrel|116/252\n|\n|upkeep\n|turn|23\n|inactive|Time left: 300 sec this turn | 300 sec total\n|\n|t:|1783566915\n|move|p2a: Kilowattrel|Roost|p2a: Kilowattrel\n|-heal|p2a: Kilowattrel|242/252\n|-end|p1a: Latias|confusion\n|move|p1a: Latias|Psyshock|p2a: Kilowattrel\n|-resisted|p2a: Kilowattrel\n|-damage|p2a: Kilowattrel|101/252\n|\n|upkeep\n|turn|24\n|inactive|Time left: 300 sec this turn | 300 sec total\n|\n|t:|1783566916\n|move|p2a: Kilowattrel|Roost|p2a: Kilowattrel\n|-heal|p2a: Kilowattrel|227/252\n|move|p1a: Latias|Psyshock|p2a: Kilowattrel\n|-resisted|p2a: Kilowattrel\n|-damage|p2a: Kilowattrel|86/252\n|\n|upkeep\n|turn|25\n|inactive|Time left: 300 sec this turn | 300 sec total\n|\n|t:|1783566917\n|move|p2a: Kilowattrel|Roost|p2a: Kilowattrel\n|-heal|p2a: Kilowattrel|212/252\n|move|p1a: Latias|Psyshock|p2a: Kilowattrel\n|-resisted|p2a: Kilowattrel\n|-damage|p2a: Kilowattrel|87/252\n|\n|upkeep\n|turn|26\n|inactive|Time left: 300 sec this turn | 300 sec total\n|\n|t:|1783566918\n|move|p2a: Kilowattrel|Hurricane|p1a: Latias\n|-damage|p1a: Latias|60/100 par\n|move|p1a: Latias|Psyshock|p2a: Kilowattrel\n|-resisted|p2a: Kilowattrel\n|-damage|p2a: Kilowattrel|0 fnt\n|faint|p2a: Kilowattrel\n|\n|upkeep\n|inactive|Time left: 300 sec this turn | 300 sec total | 5 sec grace\n|\n|t:|1783566920\n|switch|p2a: Floatzel|Floatzel, L86, M|286/286\n|-damage|p2a: Floatzel|239/286|[from] Spikes\n|turn|27\n|inactive|Time left: 300 sec this turn | 300 sec total\n|\n|t:|1783566921\n|move|p2a: Floatzel|Crunch|p1a: Latias\n|-supereffective|p1a: Latias\n|-damage|p1a: Latias|0 fnt\n|faint|p1a: Latias\n|\n|upkeep\n|\n|t:|1783566921\n|switch|p1a: Cinccino|Cinccino, L83, M|46/100\n|turn|28\n|inactive|Time left: 300 sec this turn | 300 sec total\n|\n|t:|1783566922\n|-terastallize|p1a: Cinccino|Grass\n|move|p2a: Floatzel|Crunch|p1a: Cinccino\n|-damage|p1a: Cinccino|0 fnt\n|faint|p1a: Cinccino\n|\n|win|p0y2403e461", "uploadtime": 1783566922, "views": 0, "rating": 0, "private": 0, "password": null, "_winner": "p0y2403e461", "_our_name": "p0y2403e461"}