{"id": "battle-gen9randombattle-979", "formatid": "gen9randombattle", "format": "[Gen 9] Random Battle", "players": ["p0x979eafd", "p0y979b687"], "log": "|init|battle\n|title|p0x979eafd vs. p0y979b687\n|j|\u2606p0x979eafd\n|j|\u2606p0y979b687\n|t:|1783551263\n|gametype|singles\n|player|p1|p0x979eafd|169|\n|player|p2|p0y979b687|265|\n|gen|9\n|tier|[Gen 9] Random Battle\n|rule|Species Clause: Limit one of each Pok\u00e9mon\n|rule|HP Percentage Mod: HP is shown in percentages\n|rule|Sleep Clause Mod: Limit one foe put to sleep\n|rule|Illusion Level Mod: Illusion disguises the Pok\u00e9mon's true level\n|\n|t:|1783551263\n|teamsize|p1|6\n|teamsize|p2|6\n|start\n|switch|p1a: Ursaluna|Ursaluna-Bloodmoon, L79, M|308/308\n|switch|p2a: Snorlax|Snorlax, L82, M|100/100\n|turn|1\n|inactive|Battle timer is ON: inactive players will automatically lose when time's up. (requested by p0y979b687)\n|inactive|Time left: 300 sec this turn | 300 sec total | 60 sec grace\n|inactive|p0x979eafd also wants the timer to be on.\n|\n|t:|1783551265\n|switch|p2a: Abomasnow|Abomasnow, L84, F|100/100\n|-weather|Snowscape|[from] ability: Snow Warning|[of] p2a: Abomasnow\n|move|p1a: Ursaluna|Blood Moon|p2a: Abomasnow\n|-damage|p2a: Abomasnow|36/100\n|\n|-weather|Snowscape|[upkeep]\n|upkeep\n|turn|2\n|inactive|Time left: 300 sec this turn | 300 sec total\n|\n|t:|1783551266\n|move|p2a: Abomasnow|Aurora Veil|p2a: Abomasnow\n|-sidestart|p2: p0y979b687|move: Aurora Veil\n|move|p1a: Ursaluna|Calm Mind|p1a: Ursaluna\n|-boost|p1a: Ursaluna|spa|1\n|-boost|p1a: Ursaluna|spd|1\n|\n|-weather|Snowscape|[upkeep]\n|upkeep\n|turn|3\n|inactive|Time left: 300 sec this turn | 300 sec total\n|\n|t:|1783551267\n|move|p2a: Abomasnow|Blizzard|p1a: Ursaluna\n|-supereffective|p1a: Ursaluna\n|-damage|p1a: Ursaluna|102/308\n|-status|p1a: Ursaluna|frz\n|cant|p1a: Ursaluna|frz\n|\n|-weather|Snowscape|[upkeep]\n|-heal|p1a: Ursaluna|121/308 frz|[from] item: Leftovers\n|upkeep\n|turn|4\n|inactive|Time left: 300 sec this turn | 300 sec total\n|\n|t:|1783551268\n|move|p2a: Abomasnow|Blizzard|p1a: Ursaluna\n|-supereffective|p1a: Ursaluna\n|-damage|p1a: Ursaluna|0 fnt\n|faint|p1a: Ursaluna\n|\n|-weather|Snowscape|[upkeep]\n|upkeep\n|inactive|Time left: 300 sec this turn | 300 sec total | 5 sec grace\n|\n|t:|1783551269\n|switch|p1a: Abomasnow|Abomasnow, L84, F|287/287\n|turn|5\n|inactive|Time left: 300 sec this turn | 300 sec total\n|\n|t:|1783551270\n|switch|p2a: Ho-Oh|Ho-Oh, L71|100/100\n|move|p1a: Abomasnow|Aurora Veil|p1a: Abomasnow\n|-sidestart|p1: p0x979eafd|move: Aurora Veil\n|\n|-weather|none\n|upkeep\n|turn|6\n|inactive|Time left: 300 sec this turn | 300 sec total\n|\n|t:|1783551271\n|switch|p1a: Luxray|Luxray, L88, M|284/284\n|-ability|p1a: Luxray|Intimidate|boost\n|-unboost|p2a: Ho-Oh|atk|1\n|move|p2a: Ho-Oh|Sacred Fire|p1a: Luxray\n|-damage|p1a: Luxray|248/284\n|-status|p1a: Luxray|brn\n|\n|-damage|p1a: Luxray|231/284 brn|[from] brn\n|upkeep\n|turn|7\n|inactive|Time left: 300 sec this turn | 300 sec total\n|\n|t:|1783551272\n|switch|p1a: Wigglytuff|Wigglytuff, L96, F|424/424\n|move|p2a: Ho-Oh|Sacred Fire|p1a: Wigglytuff\n|-damage|p1a: Wigglytuff|382/424\n|\n|-heal|p1a: Wigglytuff|408/424|[from] item: Leftovers\n|upkeep\n|turn|8\n|inactive|Time left: 300 sec this turn | 300 sec total\n|\n|t:|1783551273\n|switch|p2a: Piloswine|Piloswine, L85, F|100/100\n|move|p1a: Wigglytuff|Thunder Wave|p2a: Piloswine\n|-immune|p2a: Piloswine\n|\n|-heal|p1a: Wigglytuff|424/424|[from] item: Leftovers\n|upkeep\n|turn|9\n|inactive|Time left: 300 sec this turn | 300 sec total\n|\n|t:|1783551274\n|move|p1a: Wigglytuff|Alluring Voice|p2a: Piloswine\n|-damage|p2a: Piloswine|86/100\n|move|p2a: Piloswine|Stealth Rock|p1a: Wigglytuff\n|-sidestart|p1: p0x979eafd|move: Stealth Rock\n|\n|-sideend|p2: p0y979b687|move: Aurora Veil\n|upkeep\n|turn|10\n|inactive|Time left: 300 sec this turn | 300 sec total\n|\n|t:|1783551275\n|switch|p2a: Ho-Oh|Ho-Oh, L71|100/100\n|move|p1a: Wigglytuff|Fire Blast|p2a: Ho-Oh\n|-resisted|p2a: Ho-Oh\n|-damage|p2a: Ho-Oh|87/100\n|\n|upkeep\n|turn|11\n|inactive|Time left: 300 sec this turn | 300 sec total\n|\n|t:|1783551276\n|move|p2a: Ho-Oh|Sacred Fire|p1a: Wigglytuff\n|-damage|p1a: Wigglytuff|359/424\n|-status|p1a: Wigglytuff|brn\n|move|p1a: Wigglytuff|Knock Off|p2a: Ho-Oh\n|-damage|p2a: Ho-Oh|72/100\n|-enditem|p2a: Ho-Oh|Heavy-Duty Boots|[from] move: Knock Off|[of] p1a: Wigglytuff\n|\n|-heal|p1a: Wigglytuff|385/424 brn|[from] item: Leftovers\n|-damage|p1a: Wigglytuff|359/424 brn|[from] brn\n|upkeep\n|turn|12\n|inactive|Time left: 300 sec this turn | 300 sec total\n|\n|t:|1783551278\n|move|p2a: Ho-Oh|Sacred Fire|p1a: Wigglytuff\n|-damage|p1a: Wigglytuff|287/424 brn\n|move|p1a: Wigglytuff|Thunder Wave|p2a: Ho-Oh\n|-status|p2a: Ho-Oh|par\n|\n|-heal|p1a: Wigglytuff|313/424 brn|[from] item: Leftovers\n|-damage|p1a: Wigglytuff|287/424 brn|[from] brn\n|-sideend|p1: p0x979eafd|move: Aurora Veil\n|upkeep\n|turn|13\n|inactive|Time left: 300 sec this turn | 300 sec total\n|\n|t:|1783551279\n|move|p1a: Wigglytuff|Alluring Voice|p2a: Ho-Oh\n|-resisted|p2a: Ho-Oh\n|-damage|p2a: Ho-Oh|58/100 par\n|move|p2a: Ho-Oh|Sacred Fire|p1a: Wigglytuff\n|-damage|p1a: Wigglytuff|157/424 brn\n|\n|-heal|p1a: Wigglytuff|183/424 brn|[from] item: Leftovers\n|-damage|p1a: Wigglytuff|157/424 brn|[from] brn\n|upkeep\n|turn|14\n|inactive|Time left: 300 sec this turn | 300 sec total\n|\n|t:|1783551280\n|move|p1a: Wigglytuff|Fire Blast|p2a: Ho-Oh\n|-resisted|p2a: Ho-Oh\n|-damage|p2a: Ho-Oh|45/100 par\n|move|p2a: Ho-Oh|Recover|p2a: Ho-Oh\n|-heal|p2a: Ho-Oh|95/100 par\n|\n|-heal|p1a: Wigglytuff|183/424 brn|[from] item: Leftovers\n|-damage|p1a: Wigglytuff|157/424 brn|[from] brn\n|upkeep\n|turn|15\n|inactive|Time left: 300 sec this turn | 300 sec total\n|\n|t:|1783551281\n|switch|p1a: Luxray|Luxray, L88, M|231/284 brn\n|-damage|p1a: Luxray|196/284 brn|[from] Stealth Rock\n|-ability|p1a: Luxray|Intimidate|boost\n|-unboost|p2a: Ho-Oh|atk|1\n|move|p2a: Ho-Oh|Sacred Fire|p1a: Luxray\n|-damage|p1a: Luxray|126/284 brn\n|\n|-damage|p1a: Luxray|109/284 brn|[from] brn\n|upkeep\n|turn|16\n|inactive|Time left: 300 sec this turn | 300 sec total\n|\n|t:|1783551282\n|switch|p2a: Abomasnow|Abomasnow, L84, F|36/100\n|-weather|Snowscape|[from] ability: Snow Warning|[of] p2a: Abomasnow\n|move|p1a: Luxray|Play Rough|p2a: Abomasnow\n|-damage|p2a: Abomasnow|25/100\n|\n|-weather|Snowscape|[upkeep]\n|-damage|p1a: Luxray|92/284 brn|[from] brn\n|upkeep\n|turn|17\n|inactive|Time left: 300 sec this turn | 300 sec total\n|\n|t:|1783551284\n|move|p1a: Luxray|Volt Switch|p2a: Abomasnow\n|-resisted|p2a: Abomasnow\n|-damage|p2a: Abomasnow|9/100\n|inactive|Time left: 300 sec this turn | 300 sec total | 5 sec grace\n|\n|t:|1783551285\n|switch|p1a: Abomasnow|Abomasnow, L84, F|287/287|[from] Volt Switch\n|-damage|p1a: Abomasnow|216/287|[from] Stealth Rock\n|move|p2a: Abomasnow|Aurora Veil|p2a: Abomasnow\n|-sidestart|p2: p0y979b687|move: Aurora Veil\n|\n|-weather|Snowscape|[upkeep]\n|upkeep\n|turn|18\n|inactive|Time left: 300 sec this turn | 300 sec total\n|\n|t:|1783551286\n|move|p2a: Abomasnow|Ice Shard|p1a: Abomasnow\n|-damage|p1a: Abomasnow|186/287\n|move|p1a: Abomasnow|Aurora Veil|p1a: Abomasnow\n|-sidestart|p1: p0x979eafd|move: Aurora Veil\n|\n|-weather|Snowscape|[upkeep]\n|upkeep\n|turn|19\n|inactive|Time left: 300 sec this turn | 300 sec total\n|\n|t:|1783551287\n|switch|p2a: Ho-Oh|Ho-Oh, L71|100/100 par\n|move|p1a: Abomasnow|Blizzard|p2a: Ho-Oh\n|-damage|p2a: Ho-Oh|84/100 par\n|\n|-weather|Snowscape|[upkeep]\n|upkeep\n|turn|20\n|inactive|Time left: 300 sec this turn | 300 sec total\n|\n|t:|1783551288\n|switch|p1a: Luxray|Luxray, L88, M|92/284 brn\n|-damage|p1a: Luxray|57/284 brn|[from] Stealth Rock\n|-ability|p1a: Luxray|Intimidate|boost\n|-unboost|p2a: Ho-Oh|atk|1\n|move|p2a: Ho-Oh|Sacred Fire|p1a: Luxray\n|-damage|p1a: Luxray|24/284 brn\n|\n|-weather|none\n|-damage|p1a: Luxray|7/284 brn|[from] brn\n|upkeep\n|turn|21\n|inactive|Time left: 300 sec this turn | 300 sec total\n|\n|t:|1783551289\n|switch|p2a: Snorlax|Snorlax, L82, M|100/100\n|move|p1a: Luxray|Volt Switch|p2a: Snorlax\n|-damage|p2a: Snorlax|92/100\n|inactive|Time left: 300 sec this turn | 300 sec total | 5 sec grace\n|\n|t:|1783551290\n|switch|p1a: Hawlucha|Hawlucha, L80, M|256/256|[from] Volt Switch\n|-damage|p1a: Hawlucha|224/256|[from] Stealth Rock\n|\n|-heal|p2a: Snorlax|98/100|[from] item: Leftovers\n|upkeep\n|turn|22\n|inactive|Time left: 300 sec this turn | 300 sec total\n|\n|t:|1783551291\n|move|p1a: Hawlucha|Swords Dance|p1a: Hawlucha\n|-boost|p1a: Hawlucha|atk|2\n|move|p2a: Snorlax|Body Slam|p1a: Hawlucha\n|-damage|p1a: Hawlucha|171/256\n|\n|-heal|p2a: Snorlax|100/100|[from] item: Leftovers\n|upkeep\n|turn|23\n|inactive|Time left: 300 sec this turn | 300 sec total\n|\n|t:|1783551292\n|move|p1a: Hawlucha|Close Combat|p2a: Snorlax\n|-supereffective|p2a: Snorlax\n|-damage|p2a: Snorlax|23/100\n|-unboost|p1a: Hawlucha|def|1\n|-unboost|p1a: Hawlucha|spd|1\n|-enditem|p1a: Hawlucha|White Herb\n|-clearnegativeboost|p1a: Hawlucha|[silent]\n|move|p2a: Snorlax|Body Slam|p1a: Hawlucha\n|-damage|p1a: Hawlucha|117/256\n|\n|-heal|p2a: Snorlax|29/100|[from] item: Leftovers\n|upkeep\n|turn|24\n|inactive|Time left: 300 sec this turn | 300 sec total\n|\n|t:|1783551293\n|switch|p2a: Ho-Oh|Ho-Oh, L71|100/100 par\n|move|p1a: Hawlucha|Acrobatics|p2a: Ho-Oh\n|-damage|p2a: Ho-Oh|52/100 par\n|\n|-sideend|p2: p0y979b687|move: Aurora Veil\n|upkeep\n|turn|25\n|inactive|Time left: 300 sec this turn | 300 sec total\n|\n|t:|1783551294\n|switch|p2a: Abomasnow|Abomasnow, L84, F|9/100\n|-weather|Snowscape|[from] ability: Snow Warning|[of] p2a: Abomasnow\n|move|p1a: Hawlucha|Acrobatics|p2a: Abomasnow\n|-supereffective|p2a: Abomasnow\n|-damage|p2a: Abomasnow|0 fnt\n|faint|p2a: Abomasnow\n|\n|-weather|Snowscape|[upkeep]\n|-sideend|p1: p0x979eafd|move: Aurora Veil\n|upkeep\n|\n|t:|1783551295\n|switch|p2a: Piloswine|Piloswine, L85, F|86/100\n|turn|26\n|inactive|Time left: 300 sec this turn | 300 sec total\n|\n|t:|1783551296\n|move|p1a: Hawlucha|Close Combat|p2a: Piloswine\n|-supereffective|p2a: Piloswine\n|-damage|p2a: Piloswine|22/100\n|-unboost|p1a: Hawlucha|def|1\n|-unboost|p1a: Hawlucha|spd|1\n|move|p2a: Piloswine|Icicle Crash|p1a: Hawlucha\n|-supereffective|p1a: Hawlucha\n|-damage|p1a: Hawlucha|0 fnt\n|faint|p1a: Hawlucha\n|\n|-weather|Snowscape|[upkeep]\n|upkeep\n|inactive|Time left: 300 sec this turn | 300 sec total | 5 sec grace\n|\n|t:|1783551298\n|switch|p1a: Abomasnow|Abomasnow, L84, F|186/287\n|-damage|p1a: Abomasnow|115/287|[from] Stealth Rock\n|turn|27\n|inactive|Time left: 300 sec this turn | 300 sec total\n|\n|t:|1783551299\n|move|p1a: Abomasnow|Aurora Veil|p1a: Abomasnow\n|-sidestart|p1: p0x979eafd|move: Aurora Veil\n|move|p2a: Piloswine|Icicle Crash|p1a: Abomasnow\n|-damage|p1a: Abomasnow|78/287\n|\n|-weather|Snowscape|[upkeep]\n|upkeep\n|turn|28\n|inactive|Time left: 300 sec this turn | 300 sec total\n|\n|t:|1783551300\n|switch|p2a: Ho-Oh|Ho-Oh, L71|86/100 par\n|move|p1a: Abomasnow|Wood Hammer|p2a: Ho-Oh\n|-resisted|p2a: Ho-Oh\n|-damage|p2a: Ho-Oh|72/100 par\n|-damage|p1a: Abomasnow|66/287|[from] Recoil\n|\n|-weather|Snowscape|[upkeep]\n|upkeep\n|turn|29\n|inactive|Time left: 300 sec this turn | 300 sec total\n|\n|t:|1783551301\n|move|p1a: Abomasnow|Blizzard|p2a: Ho-Oh\n|-damage|p2a: Ho-Oh|37/100 par\n|move|p2a: Ho-Oh|Sacred Fire|p1a: Abomasnow\n|-supereffective|p1a: Abomasnow\n|-damage|p1a: Abomasnow|0 fnt\n|faint|p1a: Abomasnow\n|\n|-weather|none\n|upkeep\n|inactive|Time left: 300 sec this turn | 300 sec total | 5 sec grace\n|\n|t:|1783551302\n|switch|p1a: Mesprit|Mesprit, L85|275/275\n|-damage|p1a: Mesprit|241/275|[from] Stealth Rock\n|turn|30\n|inactive|Time left: 300 sec this turn | 300 sec total\n|\n|t:|1783551303\n|switch|p2a: Snorlax|Snorlax, L82, M|29/100\n|move|p1a: Mesprit|Nasty Plot|p1a: Mesprit\n|-boost|p1a: Mesprit|spa|2\n|\n|-heal|p2a: Snorlax|35/100|[from] item: Leftovers\n|upkeep\n|turn|31\n|inactive|Time left: 300 sec this turn | 300 sec total\n|\n|t:|1783551304\n|switch|p2a: Piloswine|Piloswine, L85, F|22/100\n|move|p1a: Mesprit|Psychic|p2a: Piloswine\n|-damage|p2a: Piloswine|0 fnt\n|faint|p2a: Piloswine\n|-damage|p1a: Mesprit|214/275|[from] item: Life Orb\n|\n|upkeep\n|\n|t:|1783551305\n|switch|p2a: Ho-Oh|Ho-Oh, L71|71/100 par\n|turn|32\n|inactive|Time left: 300 sec this turn | 300 sec total\n|\n|t:|1783551306\n|switch|p2a: Snorlax|Snorlax, L82, M|35/100\n|move|p1a: Mesprit|Psychic|p2a: Snorlax\n|-damage|p2a: Snorlax|0 fnt\n|faint|p2a: Snorlax\n|-damage|p1a: Mesprit|187/275|[from] item: Life Orb\n|\n|upkeep\n|\n|t:|1783551307\n|switch|p2a: Ho-Oh|Ho-Oh, L71|100/100 par\n|turn|33\n|inactive|Time left: 300 sec this turn | 300 sec total\n|\n|t:|1783551308\n|move|p1a: Mesprit|Thunderbolt|p2a: Ho-Oh\n|-supereffective|p2a: Ho-Oh\n|-damage|p2a: Ho-Oh|0 fnt\n|faint|p2a: Ho-Oh\n|-damage|p1a: Mesprit|160/275|[from] item: Life Orb\n|\n|upkeep\n|\n|t:|1783551309\n|switch|p2a: Barraskewda|Barraskewda, L81, F|100/100\n|turn|34\n|inactive|Time left: 300 sec this turn | 300 sec total\n|\n|t:|1783551310\n|move|p2a: Barraskewda|Flip Turn|p1a: Mesprit\n|-damage|p1a: Mesprit|114/275\n|\n|t:|1783551311\n|switch|p2a: Cinderace|Cinderace, L77, F|100/100|[from] Flip Turn\n|move|p1a: Mesprit|Psychic|p2a: Cinderace\n|-damage|p2a: Cinderace|0 fnt\n|faint|p2a: Cinderace\n|-damage|p1a: Mesprit|87/275|[from] item: Life Orb\n|\n|-sideend|p1: p0x979eafd|move: Aurora Veil\n|upkeep\n|\n|t:|1783551312\n|switch|p2a: Barraskewda|Barraskewda, L81, F|100/100\n|turn|35\n|inactive|Time left: 300 sec this turn | 300 sec total\n|\n|t:|1783551313\n|switch|p1a: Luxray|Luxray, L88, M|7/284 brn\n|-damage|p1a: Luxray|0 fnt|[from] Stealth Rock\n|faint|p1a: Luxray\n|-terastallize|p2a: Barraskewda|Fighting\n|move|p2a: Barraskewda|Waterfall|p1: Luxray|[notarget]\n|-fail|p2a: Barraskewda\n|\n|upkeep\n|inactive|Time left: 300 sec this turn | 300 sec total | 5 sec grace\n|\n|t:|1783551314\n|switch|p1a: Wigglytuff|Wigglytuff, L96, F|157/424 brn\n|-damage|p1a: Wigglytuff|104/424 brn|[from] Stealth Rock\n|turn|36\n|inactive|Time left: 300 sec this turn | 300 sec total\n|\n|t:|1783551315\n|move|p2a: Barraskewda|Waterfall|p1a: Wigglytuff\n|-damage|p1a: Wigglytuff|0 fnt\n|faint|p1a: Wigglytuff\n|\n|upkeep\n|inactive|Time left: 300 sec this turn | 300 sec total | 5 sec grace\n|\n|t:|1783551315\n|switch|p1a: Mesprit|Mesprit, L85|87/275\n|-damage|p1a: Mesprit|53/275|[from] Stealth Rock\n|turn|37\n|inactive|Time left: 300 sec this turn | 300 sec total\n|\n|t:|1783551316\n|move|p2a: Barraskewda|Waterfall|p1a: Mesprit\n|-damage|p1a: Mesprit|0 fnt\n|faint|p1a: Mesprit\n|\n|win|p0y979b687", "uploadtime": 1783551316, "views": 0, "rating": 0, "private": 0, "password": null, "_winner": "p0y979b687", "_our_name": "p0x979eafd"}