{"id": "battle-gen9randombattle-796", "formatid": "gen9randombattle", "format": "[Gen 9] Random Battle", "players": ["p0x7967b49", "p0y796488b"], "log": "|init|battle\n|title|p0x7967b49 vs. p0y796488b\n|j|\u2606p0x7967b49\n|j|\u2606p0y796488b\n|t:|1783548366\n|gametype|singles\n|player|p1|p0x7967b49|266|\n|player|p2|p0y796488b|102|\n|gen|9\n|tier|[Gen 9] Random Battle\n|rule|Species Clause: Limit one of each Pok\u00e9mon\n|rule|HP Percentage Mod: HP is shown in percentages\n|rule|Sleep Clause Mod: Limit one foe put to sleep\n|rule|Illusion Level Mod: Illusion disguises the Pok\u00e9mon's true level\n|\n|t:|1783548366\n|teamsize|p1|6\n|teamsize|p2|6\n|start\n|switch|p1a: Clodsire|Clodsire, L81, F|100/100\n|switch|p2a: Malamar|Malamar, L82, F|275/275\n|turn|1\n|inactive|Battle timer is ON: inactive players will automatically lose when time's up. (requested by p0x7967b49)\n|inactive|Time left: 300 sec this turn | 300 sec total | 60 sec grace\n|inactive|p0y796488b also wants the timer to be on.\n|\n|t:|1783548367\n|move|p2a: Malamar|Superpower|p1a: Clodsire\n|-resisted|p1a: Clodsire\n|-crit|p1a: Clodsire\n|-damage|p1a: Clodsire|80/100\n|-boost|p2a: Malamar|atk|1\n|-boost|p2a: Malamar|def|1\n|move|p1a: Clodsire|Earthquake|p2a: Malamar\n|-damage|p2a: Malamar|215/275\n|\n|-heal|p1a: Clodsire|86/100|[from] item: Leftovers\n|upkeep\n|turn|2\n|inactive|Time left: 300 sec this turn | 300 sec total\n|\n|t:|1783548369\n|switch|p1a: Pelipper|Pelipper, L86, M|100/100\n|-weather|RainDance|[from] ability: Drizzle|[of] p1a: Pelipper\n|move|p2a: Malamar|Superpower|p1a: Pelipper\n|-resisted|p1a: Pelipper\n|-damage|p1a: Pelipper|78/100\n|-boost|p2a: Malamar|atk|1\n|-boost|p2a: Malamar|def|1\n|\n|-weather|RainDance|[upkeep]\n|upkeep\n|turn|3\n|inactive|Time left: 300 sec this turn | 300 sec total\n|\n|t:|1783548370\n|-terastallize|p1a: Pelipper|Water\n|move|p2a: Malamar|Knock Off|p1a: Pelipper\n|-damage|p1a: Pelipper|14/100\n|-enditem|p1a: Pelipper|Heavy-Duty Boots|[from] move: Knock Off|[of] p2a: Malamar\n|move|p1a: Pelipper|Hydro Pump|p2a: Malamar\n|-damage|p2a: Malamar|0 fnt\n|faint|p2a: Malamar\n|\n|-weather|RainDance|[upkeep]\n|upkeep\n|inactive|Time left: 300 sec this turn | 300 sec total | 5 sec grace\n|\n|t:|1783548371\n|switch|p2a: Bombirdier|Bombirdier, L85, M|258/258\n|turn|4\n|inactive|Time left: 300 sec this turn | 300 sec total\n|\n|t:|1783548372\n|move|p2a: Bombirdier|Knock Off|p1a: Pelipper\n|-damage|p1a: Pelipper|0 fnt\n|faint|p1a: Pelipper\n|\n|-weather|RainDance|[upkeep]\n|upkeep\n|\n|t:|1783548373\n|switch|p1a: Roaring Moon|Roaring Moon, L72|100/100\n|-enditem|p1a: Roaring Moon|Booster Energy\n|-activate|p1a: Roaring Moon|ability: Protosynthesis|[fromitem]\n|-start|p1a: Roaring Moon|protosynthesisatk\n|turn|5\n|inactive|Time left: 300 sec this turn | 300 sec total\n|\n|t:|1783548374\n|switch|p2a: Carbink|Carbink, L90|236/236\n|move|p1a: Roaring Moon|Outrage|p2a: Carbink\n|-immune|p2a: Carbink\n|\n|-weather|RainDance|[upkeep]\n|upkeep\n|turn|6\n|inactive|Time left: 300 sec this turn | 300 sec total\n|\n|t:|1783548376\n|move|p1a: Roaring Moon|Knock Off|p2a: Carbink\n|-resisted|p2a: Carbink\n|-damage|p2a: Carbink|198/236\n|-enditem|p2a: Carbink|Leftovers|[from] move: Knock Off|[of] p1a: Roaring Moon\n|move|p2a: Carbink|Moonblast|p1a: Roaring Moon\n|-supereffective|p1a: Roaring Moon\n|-damage|p1a: Roaring Moon|0 fnt\n|faint|p1a: Roaring Moon\n|-end|p1a: Roaring Moon|Protosynthesis|[silent]\n|\n|-weather|none\n|upkeep\n|\n|t:|1783548376\n|switch|p1a: Victreebel|Victreebel, L90, F|100/100\n|turn|7\n|inactive|Time left: 300 sec this turn | 300 sec total\n|\n|t:|1783548377\n|switch|p2a: Bombirdier|Bombirdier, L85, M|258/258\n|move|p1a: Victreebel|Power Whip|p2a: Bombirdier\n|-resisted|p2a: Bombirdier\n|-damage|p2a: Bombirdier|164/258\n|-damage|p1a: Victreebel|90/100|[from] item: Life Orb\n|\n|upkeep\n|turn|8\n|inactive|Time left: 300 sec this turn | 300 sec total\n|\n|t:|1783548378\n|switch|p1a: Clodsire|Clodsire, L81, F|86/100\n|move|p2a: Bombirdier|Knock Off|p1a: Clodsire\n|-damage|p1a: Clodsire|21/100\n|-enditem|p1a: Clodsire|Leftovers|[from] move: Knock Off|[of] p2a: Bombirdier\n|\n|upkeep\n|turn|9\n|inactive|Time left: 300 sec this turn | 300 sec total\n|\n|t:|1783548379\n|move|p2a: Bombirdier|Knock Off|p1a: Clodsire\n|-crit|p1a: Clodsire\n|-damage|p1a: Clodsire|0 fnt\n|faint|p1a: Clodsire\n|\n|upkeep\n|\n|t:|1783548381\n|switch|p1a: Chi-Yu|Chi-Yu, L77|100/100\n|-ability|p1a: Chi-Yu|Beads of Ruin\n|turn|10\n|inactive|Time left: 300 sec this turn | 300 sec total\n|\n|t:|1783548382\n|switch|p2a: Carbink|Carbink, L90|198/236\n|move|p1a: Chi-Yu|Overheat|p2a: Carbink\n|-resisted|p2a: Carbink\n|-damage|p2a: Carbink|135/236\n|-unboost|p1a: Chi-Yu|spa|2\n|\n|upkeep\n|turn|11\n|inactive|Time left: 300 sec this turn | 300 sec total\n|\n|t:|1783548383\n|switch|p1a: Victreebel|Victreebel, L90, F|90/100\n|move|p2a: Carbink|Iron Defense|p2a: Carbink\n|-boost|p2a: Carbink|def|2\n|\n|upkeep\n|turn|12\n|inactive|Time left: 300 sec this turn | 300 sec total\n|\n|t:|1783548384\n|move|p1a: Victreebel|Sludge Wave|p2a: Carbink\n|-damage|p2a: Carbink|34/236\n|-damage|p1a: Victreebel|80/100|[from] item: Life Orb\n|move|p2a: Carbink|Body Press|p1a: Victreebel\n|-resisted|p1a: Victreebel\n|-damage|p1a: Victreebel|42/100\n|\n|upkeep\n|turn|13\n|inactive|Time left: 300 sec this turn | 300 sec total\n|\n|t:|1783548385\n|move|p1a: Victreebel|Sludge Wave|p2a: Carbink\n|-damage|p2a: Carbink|0 fnt\n|faint|p2a: Carbink\n|-damage|p1a: Victreebel|32/100|[from] item: Life Orb\n|\n|upkeep\n|inactive|Time left: 300 sec this turn | 300 sec total | 5 sec grace\n|\n|t:|1783548386\n|switch|p2a: Bombirdier|Bombirdier, L85, M|164/258\n|turn|14\n|inactive|Time left: 300 sec this turn | 300 sec total\n|\n|t:|1783548387\n|move|p2a: Bombirdier|Knock Off|p1a: Victreebel\n|-damage|p1a: Victreebel|0 fnt\n|-enditem|p1a: Victreebel|Life Orb|[from] move: Knock Off|[of] p2a: Bombirdier\n|faint|p1a: Victreebel\n|\n|upkeep\n|\n|t:|1783548389\n|switch|p1a: Chi-Yu|Chi-Yu, L77|100/100\n|-ability|p1a: Chi-Yu|Beads of Ruin\n|turn|15\n|inactive|Time left: 300 sec this turn | 300 sec total\n|\n|t:|1783548390\n|switch|p2a: Probopass|Probopass, L91, F|257/257\n|move|p1a: Chi-Yu|Flamethrower|p2a: Probopass\n|-damage|p2a: Probopass|176/257\n|\n|-heal|p2a: Probopass|192/257|[from] item: Leftovers\n|upkeep\n|turn|16\n|inactive|Time left: 300 sec this turn | 300 sec total\n|\n|t:|1783548391\n|-terastallize|p2a: Probopass|Fighting\n|move|p1a: Chi-Yu|Flamethrower|p2a: Probopass\n|-damage|p2a: Probopass|104/257\n|move|p2a: Probopass|Body Press|p1a: Chi-Yu\n|-supereffective|p1a: Chi-Yu\n|-damage|p1a: Chi-Yu|0 fnt\n|faint|p1a: Chi-Yu\n|\n|-heal|p2a: Probopass|120/257|[from] item: Leftovers\n|upkeep\n|\n|t:|1783548392\n|switch|p1a: Camerupt|Camerupt, L91, F|100/100\n|turn|17\n|inactive|Time left: 300 sec this turn | 300 sec total\n|\n|t:|1783548393\n|move|p1a: Camerupt|Will-O-Wisp|p2a: Probopass\n|-status|p2a: Probopass|brn\n|move|p2a: Probopass|Body Press|p1a: Camerupt\n|-damage|p1a: Camerupt|75/100\n|\n|-heal|p1a: Camerupt|81/100|[from] item: Leftovers\n|-heal|p2a: Probopass|136/257 brn|[from] item: Leftovers\n|-damage|p2a: Probopass|120/257 brn|[from] brn\n|upkeep\n|turn|18\n|inactive|Time left: 300 sec this turn | 300 sec total\n|\n|t:|1783548394\n|move|p2a: Probopass|Power Gem|p1a: Camerupt\n|-damage|p1a: Camerupt|48/100\n|move|p1a: Camerupt|Earthquake|p2a: Probopass\n|-damage|p2a: Probopass|44/257 brn\n|\n|-heal|p2a: Probopass|60/257 brn|[from] item: Leftovers\n|-heal|p1a: Camerupt|54/100|[from] item: Leftovers\n|-damage|p2a: Probopass|44/257 brn|[from] brn\n|upkeep\n|turn|19\n|inactive|Time left: 300 sec this turn | 300 sec total\n|\n|t:|1783548395\n|move|p1a: Camerupt|Stealth Rock|p2a: Probopass\n|-sidestart|p2: p0y796488b|move: Stealth Rock\n|move|p2a: Probopass|Power Gem|p1a: Camerupt\n|-damage|p1a: Camerupt|22/100\n|\n|-heal|p1a: Camerupt|28/100|[from] item: Leftovers\n|-heal|p2a: Probopass|60/257 brn|[from] item: Leftovers\n|-damage|p2a: Probopass|44/257 brn|[from] brn\n|upkeep\n|turn|20\n|inactive|Time left: 300 sec this turn | 300 sec total\n|\n|t:|1783548396\n|move|p1a: Camerupt|Overheat|p2a: Probopass\n|-damage|p2a: Probopass|0 fnt\n|-unboost|p1a: Camerupt|spa|2\n|faint|p2a: Probopass\n|\n|-heal|p1a: Camerupt|34/100|[from] item: Leftovers\n|upkeep\n|inactive|Time left: 300 sec this turn | 300 sec total | 5 sec grace\n|\n|t:|1783548397\n|switch|p2a: Bombirdier|Bombirdier, L85, M|164/258\n|-damage|p2a: Bombirdier|100/258|[from] Stealth Rock\n|turn|21\n|inactive|Time left: 300 sec this turn | 300 sec total\n|\n|t:|1783548398\n|move|p2a: Bombirdier|Knock Off|p1a: Camerupt\n|-damage|p1a: Camerupt|0 fnt\n|-enditem|p1a: Camerupt|Leftovers|[from] move: Knock Off|[of] p2a: Bombirdier\n|faint|p1a: Camerupt\n|\n|win|p0y796488b", "uploadtime": 1783548398, "views": 0, "rating": 0, "private": 0, "password": null, "_winner": "p0y796488b", "_our_name": "p0y796488b"}