{"id": "battle-gen9randombattle-93", "formatid": "gen9randombattle", "format": "[Gen 9] Random Battle", "players": ["p0x093b46e", "p0y0936b2a"], "log": "|init|battle\n|title|p0x093b46e vs. p0y0936b2a\n|j|\u2606p0x093b46e\n|j|\u2606p0y0936b2a\n|t:|1783534847\n|gametype|singles\n|player|p1|p0x093b46e|266|\n|player|p2|p0y0936b2a|169|\n|gen|9\n|tier|[Gen 9] Random Battle\n|rule|Species Clause: Limit one of each Pok\u00e9mon\n|rule|HP Percentage Mod: HP is shown in percentages\n|rule|Sleep Clause Mod: Limit one foe put to sleep\n|rule|Illusion Level Mod: Illusion disguises the Pok\u00e9mon's true level\n|\n|t:|1783534847\n|teamsize|p1|6\n|teamsize|p2|6\n|start\n|switch|p1a: Hawlucha|Hawlucha, L80, F|256/256\n|switch|p2a: Gyarados|Gyarados, L79, F|100/100\n|-ability|p2a: Gyarados|Intimidate|boost\n|-unboost|p1a: Hawlucha|atk|1\n|-enditem|p1a: Hawlucha|White Herb\n|-clearnegativeboost|p1a: Hawlucha|[silent]\n|turn|1\n|inactive|Battle timer is ON: inactive players will automatically lose when time's up. (requested by p0y0936b2a)\n|inactive|Time left: 300 sec this turn | 300 sec total | 60 sec grace\n|inactive|p0x093b46e also wants the timer to be on.\n|\n|t:|1783534848\n|switch|p2a: Rhydon|Rhydon, L85, M|100/100\n|move|p1a: Hawlucha|Swords Dance|p1a: Hawlucha\n|-boost|p1a: Hawlucha|atk|2\n|\n|upkeep\n|turn|2\n|inactive|Time left: 300 sec this turn | 300 sec total\n|\n|t:|1783534849\n|move|p1a: Hawlucha|Swords Dance|p1a: Hawlucha\n|-boost|p1a: Hawlucha|atk|2\n|move|p2a: Rhydon|Stone Edge|p1a: Hawlucha\n|-damage|p1a: Hawlucha|78/256\n|\n|upkeep\n|turn|3\n|inactive|Time left: 300 sec this turn | 300 sec total\n|\n|t:|1783534850\n|-terastallize|p2a: Rhydon|Fairy\n|move|p1a: Hawlucha|Close Combat|p2a: Rhydon\n|-resisted|p2a: Rhydon\n|-damage|p2a: Rhydon|74/100\n|-unboost|p1a: Hawlucha|def|1\n|-unboost|p1a: Hawlucha|spd|1\n|move|p2a: Rhydon|Stone Edge|p1a: Hawlucha|[miss]\n|-miss|p2a: Rhydon|p1a: Hawlucha\n|\n|upkeep\n|turn|4\n|inactive|Time left: 300 sec this turn | 300 sec total\n|\n|t:|1783534851\n|move|p1a: Hawlucha|Acrobatics|p2a: Rhydon\n|-damage|p2a: Rhydon|24/100\n|move|p2a: Rhydon|Stone Edge|p1a: Hawlucha\n|-damage|p1a: Hawlucha|0 fnt\n|faint|p1a: Hawlucha\n|\n|upkeep\n|inactive|Time left: 300 sec this turn | 300 sec total | 5 sec grace\n|\n|t:|1783534852\n|switch|p1a: Cacturne|Cacturne, L92, F|278/278\n|turn|5\n|inactive|Time left: 300 sec this turn | 300 sec total\n|\n|t:|1783534853\n|move|p1a: Cacturne|Seed Bomb|p2a: Rhydon\n|-damage|p2a: Rhydon|0 fnt\n|faint|p2a: Rhydon\n|-damage|p1a: Cacturne|251/278|[from] item: Life Orb\n|\n|upkeep\n|\n|t:|1783534854\n|switch|p2a: Blaziken|Blaziken, L76, M|100/100\n|turn|6\n|inactive|Time left: 300 sec this turn | 300 sec total\n|\n|t:|1783534855\n|switch|p1a: Donphan|Donphan, L84, M|288/288\n|move|p2a: Blaziken|Close Combat|p1a: Donphan\n|-damage|p1a: Donphan|158/288\n|-unboost|p2a: Blaziken|def|1\n|-unboost|p2a: Blaziken|spd|1\n|-damage|p2a: Blaziken|91/100|[from] item: Life Orb\n|\n|-ability|p2a: Blaziken|Speed Boost|boost\n|-boost|p2a: Blaziken|spe|1\n|upkeep\n|turn|7\n|inactive|Time left: 300 sec this turn | 300 sec total\n|\n|t:|1783534856\n|switch|p2a: Gyarados|Gyarados, L79, F|100/100\n|-ability|p2a: Gyarados|Intimidate|boost\n|-unboost|p1a: Donphan|atk|1\n|move|p1a: Donphan|Earthquake|p2a: Gyarados\n|-immune|p2a: Gyarados\n|\n|upkeep\n|turn|8\n|inactive|Time left: 300 sec this turn | 300 sec total\n|\n|t:|1783534857\n|switch|p1a: Cacturne|Cacturne, L92, F|251/278\n|move|p2a: Gyarados|Dragon Dance|p2a: Gyarados\n|-boost|p2a: Gyarados|atk|1\n|-boost|p2a: Gyarados|spe|1\n|\n|upkeep\n|turn|9\n|inactive|Time left: 300 sec this turn | 300 sec total\n|\n|t:|1783534858\n|switch|p2a: Blaziken|Blaziken, L76, M|91/100\n|move|p1a: Cacturne|Knock Off|p2a: Blaziken\n|-resisted|p2a: Blaziken\n|-damage|p2a: Blaziken|40/100\n|-enditem|p2a: Blaziken|Life Orb|[from] move: Knock Off|[of] p1a: Cacturne\n|-damage|p1a: Cacturne|224/278|[from] item: Life Orb\n|\n|upkeep\n|turn|10\n|inactive|Time left: 300 sec this turn | 300 sec total\n|\n|t:|1783534859\n|switch|p1a: Reshiram|Reshiram, L76|277/277\n|-ability|p1a: Reshiram|Turboblaze\n|move|p2a: Blaziken|Close Combat|p1a: Reshiram\n|-damage|p1a: Reshiram|151/277\n|-unboost|p2a: Blaziken|def|1\n|-unboost|p2a: Blaziken|spd|1\n|\n|-ability|p2a: Blaziken|Speed Boost|boost\n|-boost|p2a: Blaziken|spe|1\n|upkeep\n|turn|11\n|inactive|Time left: 300 sec this turn | 300 sec total\n|\n|t:|1783534860\n|move|p2a: Blaziken|Close Combat|p1a: Reshiram\n|-damage|p1a: Reshiram|34/277\n|-unboost|p2a: Blaziken|def|1\n|-unboost|p2a: Blaziken|spd|1\n|move|p1a: Reshiram|Outrage|p2a: Blaziken\n|-damage|p2a: Blaziken|0 fnt\n|faint|p2a: Blaziken\n|\n|upkeep\n|\n|t:|1783534861\n|switch|p2a: Lugia|Lugia, L73|100/100\n|turn|12\n|inactive|Time left: 300 sec this turn | 300 sec total\n|\n|t:|1783534862\n|move|p2a: Lugia|Aeroblast|p1a: Reshiram\n|-crit|p1a: Reshiram\n|-damage|p1a: Reshiram|0 fnt\n|faint|p1a: Reshiram\n|\n|upkeep\n|inactive|Time left: 300 sec this turn | 300 sec total | 5 sec grace\n|\n|t:|1783534862\n|switch|p1a: Cacturne|Cacturne, L92, F|224/278\n|turn|13\n|inactive|Time left: 300 sec this turn | 300 sec total\n|\n|t:|1783534863\n|move|p2a: Lugia|Aeroblast|p1a: Cacturne\n|-supereffective|p1a: Cacturne\n|-damage|p1a: Cacturne|30/278\n|move|p1a: Cacturne|Knock Off|p2a: Lugia\n|-supereffective|p2a: Lugia\n|-damage|p2a: Lugia|45/100\n|-enditem|p2a: Lugia|Heavy-Duty Boots|[from] move: Knock Off|[of] p1a: Cacturne\n|-damage|p1a: Cacturne|3/278|[from] item: Life Orb\n|\n|upkeep\n|turn|14\n|inactive|Time left: 300 sec this turn | 300 sec total\n|\n|t:|1783534864\n|move|p2a: Lugia|Recover|p2a: Lugia\n|-heal|p2a: Lugia|95/100\n|move|p1a: Cacturne|Knock Off|p2a: Lugia\n|-supereffective|p2a: Lugia\n|-damage|p2a: Lugia|21/100\n|-damage|p1a: Cacturne|0 fnt|[from] item: Life Orb\n|faint|p1a: Cacturne\n|\n|upkeep\n|inactive|Time left: 300 sec this turn | 300 sec total | 5 sec grace\n|\n|t:|1783534865\n|switch|p1a: Heracross|Heracross, L80, M|259/259\n|turn|15\n|inactive|Time left: 300 sec this turn | 300 sec total\n|\n|t:|1783534866\n|switch|p2a: Mudsdale|Mudsdale, L83, M|100/100\n|move|p1a: Heracross|Stone Edge|p2a: Mudsdale\n|-resisted|p2a: Mudsdale\n|-damage|p2a: Mudsdale|88/100\n|-ability|p2a: Mudsdale|Stamina|boost\n|-boost|p2a: Mudsdale|def|1\n|\n|-heal|p2a: Mudsdale|94/100|[from] item: Leftovers\n|upkeep\n|turn|16\n|inactive|Time left: 300 sec this turn | 300 sec total\n|\n|t:|1783534867\n|switch|p1a: Skarmory|Skarmory, L80, F|235/235\n|move|p2a: Mudsdale|Earthquake|p1a: Skarmory\n|-immune|p1a: Skarmory\n|\n|-heal|p2a: Mudsdale|99/100|[from] item: Leftovers\n|upkeep\n|turn|17\n|inactive|Time left: 300 sec this turn | 300 sec total\n|\n|t:|1783534868\n|move|p1a: Skarmory|Iron Defense|p1a: Skarmory\n|-boost|p1a: Skarmory|def|2\n|move|p2a: Mudsdale|Stealth Rock|p1a: Skarmory\n|-sidestart|p1: p0x093b46e|move: Stealth Rock\n|\n|-heal|p2a: Mudsdale|100/100|[from] item: Leftovers\n|upkeep\n|turn|18\n|inactive|Time left: 300 sec this turn | 300 sec total\n|\n|t:|1783534869\n|move|p1a: Skarmory|Body Press|p2a: Mudsdale\n|-damage|p2a: Mudsdale|70/100\n|-ability|p2a: Mudsdale|Stamina|boost\n|-boost|p2a: Mudsdale|def|1\n|move|p2a: Mudsdale|Roar|p1a: Skarmory\n|drag|p1a: Donphan|Donphan, L84, M|158/288\n|-damage|p1a: Donphan|140/288|[from] Stealth Rock\n|\n|-heal|p2a: Mudsdale|76/100|[from] item: Leftovers\n|upkeep\n|turn|19\n|inactive|Time left: 300 sec this turn | 300 sec total\n|\n|t:|1783534870\n|move|p1a: Donphan|Rapid Spin|p2a: Mudsdale\n|-damage|p2a: Mudsdale|70/100\n|-boost|p1a: Donphan|spe|1\n|-ability|p2a: Mudsdale|Stamina|boost\n|-boost|p2a: Mudsdale|def|1\n|-sideend|p1: p0x093b46e|Stealth Rock|[from] move: Rapid Spin|[of] p1a: Donphan\n|move|p2a: Mudsdale|Earthquake|p1a: Donphan\n|-damage|p1a: Donphan|40/288\n|\n|-heal|p2a: Mudsdale|76/100|[from] item: Leftovers\n|upkeep\n|turn|20\n|inactive|Time left: 300 sec this turn | 300 sec total\n|\n|t:|1783534872\n|switch|p1a: Skarmory|Skarmory, L80, F|235/235\n|move|p2a: Mudsdale|Earthquake|p1a: Skarmory\n|-immune|p1a: Skarmory\n|\n|-heal|p2a: Mudsdale|82/100|[from] item: Leftovers\n|upkeep\n|turn|21\n|inactive|Time left: 300 sec this turn | 300 sec total\n|\n|t:|1783534872\n|move|p1a: Skarmory|Iron Defense|p1a: Skarmory\n|-boost|p1a: Skarmory|def|2\n|move|p2a: Mudsdale|Stealth Rock|p1a: Skarmory\n|-sidestart|p1: p0x093b46e|move: Stealth Rock\n|\n|-heal|p2a: Mudsdale|88/100|[from] item: Leftovers\n|upkeep\n|turn|22\n|inactive|Time left: 300 sec this turn | 300 sec total\n|\n|t:|1783534873\n|move|p1a: Skarmory|Body Press|p2a: Mudsdale\n|-damage|p2a: Mudsdale|69/100\n|-ability|p2a: Mudsdale|Stamina|boost\n|-boost|p2a: Mudsdale|def|1\n|move|p2a: Mudsdale|Roar|p1a: Skarmory\n|drag|p1a: Donphan|Donphan, L84, M|40/288\n|-damage|p1a: Donphan|22/288|[from] Stealth Rock\n|\n|-heal|p2a: Mudsdale|75/100|[from] item: Leftovers\n|upkeep\n|turn|23\n|inactive|Time left: 300 sec this turn | 300 sec total\n|\n|t:|1783534874\n|move|p1a: Donphan|Rapid Spin|p2a: Mudsdale\n|-damage|p2a: Mudsdale|71/100\n|-boost|p1a: Donphan|spe|1\n|-ability|p2a: Mudsdale|Stamina|boost\n|-boost|p2a: Mudsdale|def|1\n|-sideend|p1: p0x093b46e|Stealth Rock|[from] move: Rapid Spin|[of] p1a: Donphan\n|move|p2a: Mudsdale|Heavy Slam|p1a: Donphan\n|-damage|p1a: Donphan|0 fnt\n|faint|p1a: Donphan\n|\n|-heal|p2a: Mudsdale|77/100|[from] item: Leftovers\n|upkeep\n|inactive|Time left: 300 sec this turn | 300 sec total | 5 sec grace\n|\n|t:|1783534875\n|switch|p1a: Skarmory|Skarmory, L80, F|235/235\n|turn|24\n|inactive|Time left: 300 sec this turn | 300 sec total\n|\n|t:|1783534876\n|move|p1a: Skarmory|Iron Defense|p1a: Skarmory\n|-boost|p1a: Skarmory|def|2\n|move|p2a: Mudsdale|Roar|p1a: Skarmory\n|drag|p1a: Heracross|Heracross, L80, M|259/259\n|\n|-heal|p2a: Mudsdale|83/100|[from] item: Leftovers\n|upkeep\n|turn|25\n|inactive|Time left: 300 sec this turn | 300 sec total\n|\n|t:|1783534877\n|move|p1a: Heracross|Knock Off|p2a: Mudsdale\n|-damage|p2a: Mudsdale|75/100\n|-ability|p2a: Mudsdale|Stamina|boost\n|-boost|p2a: Mudsdale|def|1\n|-enditem|p2a: Mudsdale|Leftovers|[from] move: Knock Off|[of] p1a: Heracross\n|move|p2a: Mudsdale|Heavy Slam|p1a: Heracross\n|-damage|p1a: Heracross|148/259\n|\n|upkeep\n|turn|26\n|inactive|Time left: 300 sec this turn | 300 sec total\n|\n|t:|1783534878\n|switch|p1a: Skarmory|Skarmory, L80, F|235/235\n|move|p2a: Mudsdale|Heavy Slam|p1a: Skarmory\n|-resisted|p1a: Skarmory\n|-damage|p1a: Skarmory|195/235\n|\n|-heal|p1a: Skarmory|209/235|[from] item: Leftovers\n|upkeep\n|turn|27\n|inactive|Time left: 300 sec this turn | 300 sec total\n|\n|t:|1783534880\n|move|p1a: Skarmory|Iron Defense|p1a: Skarmory\n|-boost|p1a: Skarmory|def|2\n|move|p2a: Mudsdale|Stealth Rock|p1a: Skarmory\n|-sidestart|p1: p0x093b46e|move: Stealth Rock\n|\n|-heal|p1a: Skarmory|223/235|[from] item: Leftovers\n|upkeep\n|turn|28\n|inactive|Time left: 300 sec this turn | 300 sec total\n|\n|t:|1783534880\n|move|p1a: Skarmory|Body Press|p2a: Mudsdale\n|-damage|p2a: Mudsdale|64/100\n|move|p2a: Mudsdale|Roar|p1a: Skarmory\n|drag|p1a: Heracross|Heracross, L80, M|148/259\n|-damage|p1a: Heracross|116/259|[from] Stealth Rock\n|\n|upkeep\n|turn|29\n|inactive|Time left: 300 sec this turn | 300 sec total\n|\n|t:|1783534881\n|move|p1a: Heracross|Megahorn|p2a: Mudsdale|[miss]\n|-miss|p1a: Heracross|p2a: Mudsdale\n|move|p2a: Mudsdale|Heavy Slam|p1a: Heracross\n|-damage|p1a: Heracross|0 fnt\n|faint|p1a: Heracross\n|\n|upkeep\n|inactive|Time left: 300 sec this turn | 300 sec total | 5 sec grace\n|\n|t:|1783534882\n|switch|p1a: Skarmory|Skarmory, L80, F|223/235\n|-damage|p1a: Skarmory|194/235|[from] Stealth Rock\n|turn|30\n|inactive|Time left: 300 sec this turn | 300 sec total\n|\n|t:|1783534883\n|move|p1a: Skarmory|Iron Defense|p1a: Skarmory\n|-boost|p1a: Skarmory|def|2\n|move|p2a: Mudsdale|Heavy Slam|p1a: Skarmory\n|-resisted|p1a: Skarmory\n|-damage|p1a: Skarmory|176/235\n|\n|-heal|p1a: Skarmory|190/235|[from] item: Leftovers\n|upkeep\n|turn|31\n|inactive|Time left: 300 sec this turn | 300 sec total\n|\n|t:|1783534884\n|move|p1a: Skarmory|Iron Defense|p1a: Skarmory\n|-boost|p1a: Skarmory|def|2\n|move|p2a: Mudsdale|Heavy Slam|p1a: Skarmory\n|-resisted|p1a: Skarmory\n|-damage|p1a: Skarmory|177/235\n|\n|-heal|p1a: Skarmory|191/235|[from] item: Leftovers\n|upkeep\n|turn|32\n|inactive|Time left: 300 sec this turn | 300 sec total\n|\n|t:|1783534885\n|move|p1a: Skarmory|Body Press|p2a: Mudsdale\n|-damage|p2a: Mudsdale|48/100\n|move|p2a: Mudsdale|Roar||[still]\n|-fail|p2a: Mudsdale\n|\n|-heal|p1a: Skarmory|205/235|[from] item: Leftovers\n|upkeep\n|turn|33\n|inactive|Time left: 300 sec this turn | 300 sec total\n|\n|t:|1783534886\n|move|p1a: Skarmory|Body Press|p2a: Mudsdale\n|-damage|p2a: Mudsdale|33/100\n|move|p2a: Mudsdale|Stealth Rock||[still]\n|-fail|p2a: Mudsdale\n|\n|-heal|p1a: Skarmory|219/235|[from] item: Leftovers\n|upkeep\n|turn|34\n|inactive|Time left: 300 sec this turn | 300 sec total\n|\n|t:|1783534888\n|move|p1a: Skarmory|Body Press|p2a: Mudsdale\n|-damage|p2a: Mudsdale|17/100\n|move|p2a: Mudsdale|Stealth Rock||[still]\n|-fail|p2a: Mudsdale\n|\n|-heal|p1a: Skarmory|233/235|[from] item: Leftovers\n|upkeep\n|turn|35\n|inactive|Time left: 300 sec this turn | 300 sec total\n|\n|t:|1783534889\n|move|p1a: Skarmory|Body Press|p2a: Mudsdale\n|-damage|p2a: Mudsdale|1/100\n|move|p2a: Mudsdale|Stealth Rock||[still]\n|-fail|p2a: Mudsdale\n|\n|-heal|p1a: Skarmory|235/235|[from] item: Leftovers\n|upkeep\n|turn|36\n|inactive|Time left: 300 sec this turn | 300 sec total\n|\n|t:|1783534890\n|switch|p2a: Gyarados|Gyarados, L79, F|100/100\n|-ability|p2a: Gyarados|Intimidate|boost\n|-unboost|p1a: Skarmory|atk|1\n|move|p1a: Skarmory|Body Press|p2a: Gyarados\n|-resisted|p2a: Gyarados\n|-damage|p2a: Gyarados|61/100\n|\n|upkeep\n|turn|37\n|inactive|Time left: 300 sec this turn | 300 sec total\n|\n|t:|1783534891\n|switch|p2a: Mudsdale|Mudsdale, L83, M|1/100\n|move|p1a: Skarmory|Brave Bird|p2a: Mudsdale\n|-damage|p2a: Mudsdale|0 fnt\n|faint|p2a: Mudsdale\n|-damage|p1a: Skarmory|234/235|[from] Recoil\n|\n|-heal|p1a: Skarmory|235/235|[from] item: Leftovers\n|upkeep\n|\n|t:|1783534892\n|switch|p2a: Lugia|Lugia, L73|21/100\n|turn|38\n|inactive|Time left: 300 sec this turn | 300 sec total\n|\n|t:|1783534893\n|move|p2a: Lugia|Recover|p2a: Lugia\n|-heal|p2a: Lugia|71/100\n|move|p1a: Skarmory|Brave Bird|p2a: Lugia\n|-damage|p2a: Lugia|51/100\n|-damage|p1a: Skarmory|217/235|[from] Recoil\n|\n|-heal|p1a: Skarmory|231/235|[from] item: Leftovers\n|upkeep\n|turn|39\n|inactive|Time left: 300 sec this turn | 300 sec total\n|\n|t:|1783534894\n|move|p2a: Lugia|Recover|p2a: Lugia\n|-heal|p2a: Lugia|100/100\n|move|p1a: Skarmory|Brave Bird|p2a: Lugia\n|-damage|p2a: Lugia|91/100\n|-damage|p1a: Skarmory|222/235|[from] Recoil\n|\n|-heal|p1a: Skarmory|235/235|[from] item: Leftovers\n|upkeep\n|turn|40\n|inactive|Time left: 300 sec this turn | 300 sec total\n|\n|t:|1783534895\n|move|p2a: Lugia|Calm Mind|p2a: Lugia\n|-boost|p2a: Lugia|spa|1\n|-boost|p2a: Lugia|spd|1\n|move|p1a: Skarmory|Brave Bird|p2a: Lugia\n|-damage|p2a: Lugia|70/100\n|-damage|p1a: Skarmory|216/235|[from] Recoil\n|\n|-heal|p1a: Skarmory|230/235|[from] item: Leftovers\n|upkeep\n|turn|41\n|inactive|Time left: 300 sec this turn | 300 sec total\n|\n|t:|1783534896\n|move|p2a: Lugia|Calm Mind|p2a: Lugia\n|-boost|p2a: Lugia|spa|1\n|-boost|p2a: Lugia|spd|1\n|move|p1a: Skarmory|Brave Bird|p2a: Lugia\n|-damage|p2a: Lugia|50/100\n|-damage|p1a: Skarmory|212/235|[from] Recoil\n|\n|-heal|p1a: Skarmory|226/235|[from] item: Leftovers\n|upkeep\n|turn|42\n|inactive|Time left: 300 sec this turn | 300 sec total\n|\n|t:|1783534897\n|move|p2a: Lugia|Psychic Noise|p1a: Skarmory\n|-resisted|p1a: Skarmory\n|-damage|p1a: Skarmory|157/235\n|-start|p1a: Skarmory|move: Heal Block\n|move|p1a: Skarmory|Body Press|p2a: Lugia\n|-resisted|p2a: Lugia\n|-damage|p2a: Lugia|34/100\n|\n|upkeep\n|turn|43\n|inactive|Time left: 300 sec this turn | 300 sec total\n|\n|t:|1783534898\n|move|p2a: Lugia|Aeroblast|p1a: Skarmory\n|-resisted|p1a: Skarmory\n|-damage|p1a: Skarmory|61/235\n|move|p1a: Skarmory|Body Press|p2a: Lugia\n|-resisted|p2a: Lugia\n|-damage|p2a: Lugia|19/100\n|\n|-end|p1a: Skarmory|move: Heal Block\n|upkeep\n|turn|44\n|inactive|Time left: 300 sec this turn | 300 sec total\n|\n|t:|1783534899\n|-terastallize|p1a: Skarmory|Fighting\n|move|p2a: Lugia|Psychic Noise|p1a: Skarmory\n|-supereffective|p1a: Skarmory\n|-damage|p1a: Skarmory|0 fnt\n|faint|p1a: Skarmory\n|\n|win|p0y0936b2a", "uploadtime": 1783534899, "views": 0, "rating": 0, "private": 0, "password": null, "_winner": "p0y0936b2a", "_our_name": "p0x093b46e"}