{"id": "battle-gen9randombattle-1254", "formatid": "gen9randombattle", "format": "[Gen 9] Random Battle", "players": ["p0x1254b23c", "p0y1254d1f0"], "log": "|init|battle\n|title|p0x1254b23c vs. p0y1254d1f0\n|j|\u2606p0x1254b23c\n|j|\u2606p0y1254d1f0\n|t:|1783554530\n|gametype|singles\n|player|p1|p0x1254b23c|101|\n|player|p2|p0y1254d1f0|102|\n|gen|9\n|tier|[Gen 9] Random Battle\n|rule|Species Clause: Limit one of each Pok\u00e9mon\n|rule|HP Percentage Mod: HP is shown in percentages\n|rule|Sleep Clause Mod: Limit one foe put to sleep\n|rule|Illusion Level Mod: Illusion disguises the Pok\u00e9mon's true level\n|\n|t:|1783554530\n|teamsize|p1|6\n|teamsize|p2|6\n|start\n|switch|p1a: Gyarados|Gyarados, L79, F|280/280\n|switch|p2a: Froslass|Froslass, L87, F|100/100\n|turn|1\n|inactive|Battle timer is ON: inactive players will automatically lose when time's up. (requested by p0x1254b23c)\n|inactive|p0y1254d1f0 also wants the timer to be on.\n|\n|t:|1783554531\n|switch|p1a: Clawitzer|Clawitzer, L87, M|265/265\n|move|p2a: Froslass|Triple Axel|p1a: Clawitzer\n|-resisted|p1a: Clawitzer\n|-damage|p1a: Clawitzer|255/265\n|-resisted|p1a: Clawitzer\n|-crit|p1a: Clawitzer\n|-damage|p1a: Clawitzer|228/265\n|-resisted|p1a: Clawitzer\n|-damage|p1a: Clawitzer|198/265\n|-hitcount|p1a: Clawitzer|3\n|\n|upkeep\n|turn|2\n|inactive|Time left: 300 sec this turn | 300 sec total\n|\n|t:|1783554532\n|move|p2a: Froslass|Poltergeist|p1a: Clawitzer\n|-activate|p1a: Clawitzer|move: Poltergeist|Choice Specs\n|-damage|p1a: Clawitzer|104/265\n|move|p1a: Clawitzer|Dark Pulse|p2a: Froslass\n|-supereffective|p2a: Froslass\n|-damage|p2a: Froslass|0 fnt\n|faint|p2a: Froslass\n|\n|upkeep\n|\n|t:|1783554534\n|switch|p2a: Mamoswine|Mamoswine, L81, M|100/100\n|turn|3\n|inactive|Time left: 300 sec this turn | 300 sec total\n|\n|t:|1783554535\n|move|p2a: Mamoswine|Earthquake|p1a: Clawitzer\n|-damage|p1a: Clawitzer|0 fnt\n|faint|p1a: Clawitzer\n|\n|upkeep\n|inactive|Time left: 300 sec this turn | 300 sec total | 5 sec grace\n|\n|t:|1783554536\n|switch|p1a: Serperior|Serperior, L79, M|248/248\n|turn|4\n|inactive|Time left: 300 sec this turn | 300 sec total\n|\n|t:|1783554537\n|switch|p2a: Entei|Entei, L78|100/100\n|move|p1a: Serperior|Leaf Storm|p2a: Entei\n|-resisted|p2a: Entei\n|-damage|p2a: Entei|74/100\n|-boost|p1a: Serperior|spa|2\n|-damage|p1a: Serperior|224/248|[from] item: Life Orb\n|\n|upkeep\n|turn|5\n|inactive|Time left: 300 sec this turn | 300 sec total\n|\n|t:|1783554539\n|-terastallize|p1a: Serperior|Fire\n|move|p1a: Serperior|Leaf Storm|p2a: Entei\n|-resisted|p2a: Entei\n|-damage|p2a: Entei|21/100\n|-boost|p1a: Serperior|spa|2\n|-damage|p1a: Serperior|200/248|[from] item: Life Orb\n|move|p2a: Entei|Sacred Fire|p1a: Serperior\n|-resisted|p1a: Serperior\n|-damage|p1a: Serperior|114/248\n|\n|upkeep\n|turn|6\n|inactive|Time left: 300 sec this turn | 300 sec total\n|\n|t:|1783554540\n|move|p1a: Serperior|Leaf Storm|p2a: Entei\n|-resisted|p2a: Entei\n|-damage|p2a: Entei|0 fnt\n|-boost|p1a: Serperior|spa|2\n|faint|p2a: Entei\n|-damage|p1a: Serperior|90/248|[from] item: Life Orb\n|\n|upkeep\n|\n|t:|1783554541\n|switch|p2a: Magmortar|Magmortar, L88, F|100/100\n|turn|7\n|inactive|Time left: 300 sec this turn | 300 sec total\n|\n|t:|1783554542\n|move|p1a: Serperior|Synthesis|p1a: Serperior\n|-heal|p1a: Serperior|214/248\n|move|p2a: Magmortar|Scorching Sands|p1a: Serperior\n|-supereffective|p1a: Serperior\n|-damage|p1a: Serperior|82/248\n|\n|upkeep\n|turn|8\n|inactive|Time left: 300 sec this turn | 300 sec total\n|\n|t:|1783554543\n|move|p1a: Serperior|Synthesis|p1a: Serperior\n|-heal|p1a: Serperior|206/248\n|move|p2a: Magmortar|Scorching Sands|p1a: Serperior\n|-supereffective|p1a: Serperior\n|-damage|p1a: Serperior|74/248\n|\n|upkeep\n|turn|9\n|inactive|Time left: 300 sec this turn | 300 sec total\n|\n|t:|1783554544\n|move|p1a: Serperior|Leaf Storm|p2a: Magmortar\n|-resisted|p2a: Magmortar\n|-damage|p2a: Magmortar|15/100\n|-damage|p1a: Serperior|50/248|[from] item: Life Orb\n|move|p2a: Magmortar|Scorching Sands|p1a: Serperior\n|-supereffective|p1a: Serperior\n|-damage|p1a: Serperior|0 fnt\n|faint|p1a: Serperior\n|\n|upkeep\n|inactive|Time left: 300 sec this turn | 300 sec total | 5 sec grace\n|\n|t:|1783554545\n|switch|p1a: Gyarados|Gyarados, L79, F|280/280\n|turn|10\n|inactive|Time left: 300 sec this turn | 300 sec total\n|\n|t:|1783554546\n|move|p2a: Magmortar|Knock Off|p1a: Gyarados\n|-damage|p1a: Gyarados|193/280\n|-enditem|p1a: Gyarados|Heavy-Duty Boots|[from] move: Knock Off|[of] p2a: Magmortar\n|move|p1a: Gyarados|Dragon Dance|p1a: Gyarados\n|-boost|p1a: Gyarados|atk|1\n|-boost|p1a: Gyarados|spe|1\n|\n|upkeep\n|turn|11\n|inactive|Time left: 300 sec this turn | 300 sec total\n|\n|t:|1783554548\n|switch|p2a: Chimecho|Chimecho, L93, F|100/100\n|move|p1a: Gyarados|Earthquake|p2a: Chimecho\n|-immune|p2a: Chimecho|[from] ability: Levitate\n|\n|upkeep\n|turn|12\n|inactive|Time left: 300 sec this turn | 300 sec total\n|\n|t:|1783554549\n|move|p1a: Gyarados|Waterfall|p2a: Chimecho\n|-damage|p2a: Chimecho|54/100\n|move|p2a: Chimecho|Cosmic Power|p2a: Chimecho\n|-boost|p2a: Chimecho|def|1\n|-boost|p2a: Chimecho|spd|1\n|\n|-heal|p2a: Chimecho|60/100|[from] item: Leftovers\n|upkeep\n|turn|13\n|inactive|Time left: 300 sec this turn | 300 sec total\n|\n|t:|1783554550\n|move|p1a: Gyarados|Waterfall|p2a: Chimecho\n|-damage|p2a: Chimecho|30/100\n|move|p2a: Chimecho|Dazzling Gleam|p1a: Gyarados\n|-damage|p1a: Gyarados|122/280\n|\n|-heal|p2a: Chimecho|36/100|[from] item: Leftovers\n|upkeep\n|turn|14\n|inactive|Time left: 300 sec this turn | 300 sec total\n|\n|t:|1783554552\n|move|p1a: Gyarados|Waterfall|p2a: Chimecho\n|-damage|p2a: Chimecho|7/100\n|move|p2a: Chimecho|Recover|p2a: Chimecho\n|-heal|p2a: Chimecho|57/100\n|\n|-heal|p2a: Chimecho|63/100|[from] item: Leftovers\n|upkeep\n|turn|15\n|inactive|Time left: 300 sec this turn | 300 sec total\n|\n|t:|1783554553\n|move|p1a: Gyarados|Waterfall|p2a: Chimecho\n|-damage|p2a: Chimecho|30/100\n|move|p2a: Chimecho|Dazzling Gleam|p1a: Gyarados\n|-damage|p1a: Gyarados|53/280\n|\n|-heal|p2a: Chimecho|36/100|[from] item: Leftovers\n|upkeep\n|turn|16\n|inactive|Time left: 300 sec this turn | 300 sec total\n|\n|t:|1783554554\n|move|p1a: Gyarados|Waterfall|p2a: Chimecho\n|-damage|p2a: Chimecho|8/100\n|move|p2a: Chimecho|Recover|p2a: Chimecho\n|-heal|p2a: Chimecho|58/100\n|\n|-heal|p2a: Chimecho|64/100|[from] item: Leftovers\n|upkeep\n|turn|17\n|inactive|Time left: 300 sec this turn | 300 sec total\n|\n|t:|1783554556\n|move|p1a: Gyarados|Waterfall|p2a: Chimecho\n|-damage|p2a: Chimecho|32/100\n|cant|p2a: Chimecho|flinch\n|\n|-heal|p2a: Chimecho|38/100|[from] item: Leftovers\n|upkeep\n|turn|18\n|inactive|Time left: 300 sec this turn | 300 sec total\n|\n|t:|1783554557\n|move|p1a: Gyarados|Waterfall|p2a: Chimecho\n|-damage|p2a: Chimecho|6/100\n|move|p2a: Chimecho|Recover|p2a: Chimecho\n|-heal|p2a: Chimecho|56/100\n|\n|-heal|p2a: Chimecho|63/100|[from] item: Leftovers\n|upkeep\n|turn|19\n|inactive|Time left: 300 sec this turn | 300 sec total\n|\n|t:|1783554558\n|move|p1a: Gyarados|Waterfall|p2a: Chimecho\n|-damage|p2a: Chimecho|31/100\n|move|p2a: Chimecho|Dazzling Gleam|p1a: Gyarados\n|-damage|p1a: Gyarados|0 fnt\n|faint|p1a: Gyarados\n|\n|-heal|p2a: Chimecho|37/100|[from] item: Leftovers\n|upkeep\n|inactive|Time left: 300 sec this turn | 300 sec total | 5 sec grace\n|\n|t:|1783554559\n|switch|p1a: Necrozma|Necrozma, L80|286/286\n|turn|20\n|inactive|Time left: 300 sec this turn | 300 sec total\n|\n|t:|1783554560\n|move|p2a: Chimecho|Recover|p2a: Chimecho\n|-heal|p2a: Chimecho|87/100\n|move|p1a: Necrozma|Calm Mind|p1a: Necrozma\n|-boost|p1a: Necrozma|spa|1\n|-boost|p1a: Necrozma|spd|1\n|\n|-heal|p2a: Chimecho|94/100|[from] item: Leftovers\n|upkeep\n|turn|21\n|inactive|Time left: 300 sec this turn | 300 sec total\n|\n|t:|1783554561\n|move|p2a: Chimecho|Cosmic Power|p2a: Chimecho\n|-boost|p2a: Chimecho|def|1\n|-boost|p2a: Chimecho|spd|1\n|move|p1a: Necrozma|Calm Mind|p1a: Necrozma\n|-boost|p1a: Necrozma|spa|1\n|-boost|p1a: Necrozma|spd|1\n|\n|-heal|p2a: Chimecho|99/100|[from] item: Leftovers\n|upkeep\n|turn|22\n|inactive|Time left: 300 sec this turn | 300 sec total\n|\n|t:|1783554563\n|move|p2a: Chimecho|Cosmic Power|p2a: Chimecho\n|-boost|p2a: Chimecho|def|1\n|-boost|p2a: Chimecho|spd|1\n|move|p1a: Necrozma|Calm Mind|p1a: Necrozma\n|-boost|p1a: Necrozma|spa|1\n|-boost|p1a: Necrozma|spd|1\n|\n|-heal|p2a: Chimecho|100/100|[from] item: Leftovers\n|upkeep\n|turn|23\n|inactive|Time left: 300 sec this turn | 300 sec total\n|\n|t:|1783554564\n|move|p2a: Chimecho|Cosmic Power|p2a: Chimecho\n|-boost|p2a: Chimecho|def|1\n|-boost|p2a: Chimecho|spd|1\n|move|p1a: Necrozma|Calm Mind|p1a: Necrozma\n|-boost|p1a: Necrozma|spa|1\n|-boost|p1a: Necrozma|spd|1\n|\n|upkeep\n|turn|24\n|inactive|Time left: 300 sec this turn | 300 sec total\n|\n|t:|1783554565\n|move|p2a: Chimecho|Stored Power|p1a: Necrozma\n|-resisted|p1a: Necrozma\n|-damage|p1a: Necrozma|246/286\n|move|p1a: Necrozma|Heat Wave|p2a: Chimecho\n|-damage|p2a: Chimecho|79/100\n|\n|-heal|p2a: Chimecho|85/100|[from] item: Leftovers\n|-heal|p1a: Necrozma|263/286|[from] item: Leftovers\n|upkeep\n|turn|25\n|inactive|Time left: 300 sec this turn | 300 sec total\n|\n|t:|1783554566\n|move|p2a: Chimecho|Stored Power|p1a: Necrozma\n|-resisted|p1a: Necrozma\n|-crit|p1a: Necrozma\n|-damage|p1a: Necrozma|76/286\n|move|p1a: Necrozma|Heat Wave|p2a: Chimecho|[miss]\n|-miss|p1a: Necrozma|p2a: Chimecho\n|\n|-heal|p2a: Chimecho|91/100|[from] item: Leftovers\n|-heal|p1a: Necrozma|93/286|[from] item: Leftovers\n|upkeep\n|turn|26\n|inactive|Time left: 300 sec this turn | 300 sec total\n|\n|t:|1783554567\n|move|p2a: Chimecho|Stored Power|p1a: Necrozma\n|-resisted|p1a: Necrozma\n|-damage|p1a: Necrozma|56/286\n|move|p1a: Necrozma|Moonlight|p1a: Necrozma\n|-heal|p1a: Necrozma|199/286\n|\n|-heal|p2a: Chimecho|97/100|[from] item: Leftovers\n|-heal|p1a: Necrozma|216/286|[from] item: Leftovers\n|upkeep\n|turn|27\n|inactive|Time left: 300 sec this turn | 300 sec total\n|\n|t:|1783554568\n|move|p2a: Chimecho|Dazzling Gleam|p1a: Necrozma\n|-damage|p1a: Necrozma|191/286\n|move|p1a: Necrozma|Moonlight|p1a: Necrozma\n|-heal|p1a: Necrozma|286/286\n|\n|-heal|p2a: Chimecho|100/100|[from] item: Leftovers\n|upkeep\n|turn|28\n|inactive|Time left: 300 sec this turn | 300 sec total\n|\n|t:|1783554569\n|move|p2a: Chimecho|Stored Power|p1a: Necrozma\n|-resisted|p1a: Necrozma\n|-damage|p1a: Necrozma|245/286\n|move|p1a: Necrozma|Heat Wave|p2a: Chimecho\n|-damage|p2a: Chimecho|77/100\n|\n|-heal|p2a: Chimecho|83/100|[from] item: Leftovers\n|-heal|p1a: Necrozma|262/286|[from] item: Leftovers\n|upkeep\n|turn|29\n|inactive|Time left: 300 sec this turn | 300 sec total\n|\n|t:|1783554570\n|move|p2a: Chimecho|Stored Power|p1a: Necrozma\n|-resisted|p1a: Necrozma\n|-damage|p1a: Necrozma|220/286\n|move|p1a: Necrozma|Heat Wave|p2a: Chimecho\n|-crit|p2a: Chimecho\n|-damage|p2a: Chimecho|0 fnt\n|faint|p2a: Chimecho\n|\n|-heal|p1a: Necrozma|237/286|[from] item: Leftovers\n|upkeep\n|\n|t:|1783554570\n|switch|p2a: Mamoswine|Mamoswine, L81, M|100/100\n|turn|30\n|inactive|Time left: 300 sec this turn | 300 sec total\n|\n|t:|1783554571\n|-terastallize|p2a: Mamoswine|Ice\n|move|p2a: Mamoswine|Icicle Crash|p1a: Necrozma\n|-crit|p1a: Necrozma\n|-damage|p1a: Necrozma|0 fnt\n|faint|p1a: Necrozma\n|\n|upkeep\n|inactive|Time left: 300 sec this turn | 300 sec total | 5 sec grace\n|\n|t:|1783554572\n|switch|p1a: Bronzong|Bronzong, L88|261/261\n|turn|31\n|inactive|Time left: 300 sec this turn | 300 sec total\n|\n|t:|1783554573\n|switch|p2a: Magmortar|Magmortar, L88, F|15/100\n|move|p1a: Bronzong|Psychic Noise|p2a: Magmortar\n|-crit|p2a: Magmortar\n|-damage|p2a: Magmortar|0 fnt\n|faint|p2a: Magmortar\n|\n|upkeep\n|\n|t:|1783554574\n|switch|p2a: Mamoswine|Mamoswine, L81, M, tera:Ice|100/100\n|turn|32\n|inactive|Time left: 300 sec this turn | 300 sec total\n|\n|t:|1783554575\n|move|p2a: Mamoswine|Knock Off|p1a: Bronzong\n|-supereffective|p1a: Bronzong\n|-damage|p1a: Bronzong|85/261\n|-enditem|p1a: Bronzong|Chesto Berry|[from] move: Knock Off|[of] p2a: Mamoswine\n|move|p1a: Bronzong|Iron Defense|p1a: Bronzong\n|-boost|p1a: Bronzong|def|2\n|\n|upkeep\n|turn|33\n|inactive|Time left: 300 sec this turn | 300 sec total\n|\n|t:|1783554576\n|move|p2a: Mamoswine|Knock Off|p1a: Bronzong\n|-supereffective|p1a: Bronzong\n|-damage|p1a: Bronzong|23/261\n|move|p1a: Bronzong|Body Press|p2a: Mamoswine\n|-supereffective|p2a: Mamoswine\n|-damage|p2a: Mamoswine|7/100\n|\n|upkeep\n|turn|34\n|inactive|Time left: 300 sec this turn | 300 sec total\n|\n|t:|1783554577\n|move|p2a: Mamoswine|Knock Off|p1a: Bronzong\n|-supereffective|p1a: Bronzong\n|-damage|p1a: Bronzong|0 fnt\n|faint|p1a: Bronzong\n|\n|upkeep\n|inactive|Time left: 300 sec this turn | 300 sec total | 5 sec grace\n|\n|t:|1783554578\n|switch|p1a: Jumpluff|Jumpluff, L87, M|271/271\n|turn|35\n|inactive|Time left: 300 sec this turn | 300 sec total\n|\n|t:|1783554579\n|move|p1a: Jumpluff|Substitute|p1a: Jumpluff\n|-start|p1a: Jumpluff|Substitute\n|-damage|p1a: Jumpluff|204/271\n|move|p2a: Mamoswine|Knock Off|p1a: Jumpluff\n|-end|p1a: Jumpluff|Substitute\n|\n|upkeep\n|turn|36\n|inactive|Time left: 300 sec this turn | 300 sec total\n|\n|t:|1783554580\n|switch|p2a: Phione|Phione, L91|100/100\n|move|p1a: Jumpluff|Substitute|p1a: Jumpluff\n|-start|p1a: Jumpluff|Substitute\n|-damage|p1a: Jumpluff|137/271\n|\n|upkeep\n|turn|37\n|inactive|Time left: 300 sec this turn | 300 sec total\n|\n|t:|1783554581\n|move|p1a: Jumpluff|Leech Seed|p2a: Phione\n|-start|p2a: Phione|move: Leech Seed\n|move|p2a: Phione|Ice Beam|p1a: Jumpluff\n|-supereffective|p1a: Jumpluff\n|-end|p1a: Jumpluff|Substitute\n|\n|-damage|p2a: Phione|88/100|[from] Leech Seed|[of] p1a: Jumpluff\n|-heal|p1a: Jumpluff|173/271|[silent]\n|upkeep\n|turn|38\n|inactive|Time left: 300 sec this turn | 300 sec total\n|\n|t:|1783554582\n|move|p1a: Jumpluff|Substitute|p1a: Jumpluff\n|-start|p1a: Jumpluff|Substitute\n|-damage|p1a: Jumpluff|106/271\n|move|p2a: Phione|Ice Beam|p1a: Jumpluff\n|-supereffective|p1a: Jumpluff\n|-end|p1a: Jumpluff|Substitute\n|\n|-heal|p2a: Phione|94/100|[from] item: Leftovers\n|-damage|p2a: Phione|82/100|[from] Leech Seed|[of] p1a: Jumpluff\n|-heal|p1a: Jumpluff|142/271|[silent]\n|upkeep\n|turn|39\n|inactive|Time left: 300 sec this turn | 300 sec total\n|\n|t:|1783554583\n|move|p1a: Jumpluff|Substitute|p1a: Jumpluff\n|-start|p1a: Jumpluff|Substitute\n|-damage|p1a: Jumpluff|75/271\n|move|p2a: Phione|Ice Beam|p1a: Jumpluff\n|-supereffective|p1a: Jumpluff\n|-end|p1a: Jumpluff|Substitute\n|\n|-heal|p2a: Phione|88/100|[from] item: Leftovers\n|-damage|p2a: Phione|76/100|[from] Leech Seed|[of] p1a: Jumpluff\n|-heal|p1a: Jumpluff|111/271|[silent]\n|upkeep\n|turn|40\n|inactive|Time left: 300 sec this turn | 300 sec total\n|\n|t:|1783554584\n|move|p1a: Jumpluff|Substitute|p1a: Jumpluff\n|-start|p1a: Jumpluff|Substitute\n|-damage|p1a: Jumpluff|44/271\n|move|p2a: Phione|Ice Beam|p1a: Jumpluff\n|-supereffective|p1a: Jumpluff\n|-end|p1a: Jumpluff|Substitute\n|\n|-heal|p2a: Phione|82/100|[from] item: Leftovers\n|-damage|p2a: Phione|70/100|[from] Leech Seed|[of] p1a: Jumpluff\n|-heal|p1a: Jumpluff|80/271|[silent]\n|upkeep\n|turn|41\n|inactive|Time left: 300 sec this turn | 300 sec total\n|\n|t:|1783554584\n|move|p1a: Jumpluff|Substitute|p1a: Jumpluff\n|-start|p1a: Jumpluff|Substitute\n|-damage|p1a: Jumpluff|13/271\n|move|p2a: Phione|Ice Beam|p1a: Jumpluff\n|-supereffective|p1a: Jumpluff\n|-end|p1a: Jumpluff|Substitute\n|\n|-heal|p2a: Phione|76/100|[from] item: Leftovers\n|-damage|p2a: Phione|64/100|[from] Leech Seed|[of] p1a: Jumpluff\n|-heal|p1a: Jumpluff|49/271|[silent]\n|upkeep\n|turn|42\n|inactive|Time left: 300 sec this turn | 300 sec total\n|\n|t:|1783554585\n|move|p1a: Jumpluff|Strength Sap|p2a: Phione\n|-unboost|p2a: Phione|atk|1\n|-heal|p1a: Jumpluff|199/271\n|move|p2a: Phione|Ice Beam|p1a: Jumpluff\n|-supereffective|p1a: Jumpluff\n|-damage|p1a: Jumpluff|0 fnt\n|faint|p1a: Jumpluff\n|\n|win|p0y1254d1f0", "uploadtime": 1783554585, "views": 0, "rating": 0, "private": 0, "password": null, "_winner": "p0y1254d1f0", "_our_name": "p0x1254b23c"}