{"id": "battle-gen9randombattle-2085", "formatid": "gen9randombattle", "format": "[Gen 9] Random Battle", "players": ["p0x20856056", "p0y2085fb1d"], "log": "|init|battle\n|title|p0x20856056 vs. p0y2085fb1d\n|j|\u2606p0x20856056\n|j|\u2606p0y2085fb1d\n|t:|1783564155\n|gametype|singles\n|player|p1|p0x20856056|102|\n|player|p2|p0y2085fb1d|101|\n|gen|9\n|tier|[Gen 9] Random Battle\n|rule|Species Clause: Limit one of each Pok\u00e9mon\n|rule|HP Percentage Mod: HP is shown in percentages\n|rule|Sleep Clause Mod: Limit one foe put to sleep\n|rule|Illusion Level Mod: Illusion disguises the Pok\u00e9mon's true level\n|\n|t:|1783564155\n|teamsize|p1|6\n|teamsize|p2|6\n|start\n|switch|p1a: Lucario|Lucario, L84, M|100/100\n|switch|p2a: Blissey|Blissey, L85, F|572/572\n|turn|1\n|inactive|Battle timer is ON: inactive players will automatically lose when time's up. (requested by p0y2085fb1d)\n|inactive|p0x20856056 also wants the timer to be on.\n|\n|t:|1783564156\n|move|p1a: Lucario|Nasty Plot|p1a: Lucario\n|-boost|p1a: Lucario|spa|2\n|move|p2a: Blissey|Stealth Rock|p1a: Lucario\n|-sidestart|p1: p0x20856056|move: Stealth Rock\n|\n|upkeep\n|turn|2\n|inactive|Time left: 300 sec this turn | 300 sec total\n|\n|t:|1783564157\n|move|p1a: Lucario|Focus Blast|p2a: Blissey\n|-supereffective|p2a: Blissey\n|-damage|p2a: Blissey|57/572\n|-damage|p1a: Lucario|91/100|[from] item: Life Orb\n|move|p2a: Blissey|Seismic Toss|p1a: Lucario\n|-damage|p1a: Lucario|57/100\n|\n|-heal|p2a: Blissey|92/572|[from] item: Leftovers\n|upkeep\n|turn|3\n|inactive|Time left: 300 sec this turn | 300 sec total\n|\n|t:|1783564158\n|move|p1a: Lucario|Flash Cannon|p2a: Blissey\n|-damage|p2a: Blissey|0 fnt\n|faint|p2a: Blissey\n|-damage|p1a: Lucario|48/100|[from] item: Life Orb\n|\n|upkeep\n|inactive|Time left: 300 sec this turn | 300 sec total | 5 sec grace\n|\n|t:|1783564159\n|switch|p2a: Dragapult|Dragapult, L77, M|262/262\n|turn|4\n|inactive|Time left: 300 sec this turn | 300 sec total\n|\n|t:|1783564161\n|move|p2a: Dragapult|Shadow Ball|p1a: Lucario\n|-damage|p1a: Lucario|0 fnt\n|faint|p1a: Lucario\n|\n|upkeep\n|\n|t:|1783564162\n|switch|p1a: Bellossom|Bellossom, L84, F|100/100\n|-damage|p1a: Bellossom|88/100|[from] Stealth Rock\n|turn|5\n|inactive|Time left: 300 sec this turn | 300 sec total\n|\n|t:|1783564163\n|move|p2a: Dragapult|Shadow Ball|p1a: Bellossom\n|-damage|p1a: Bellossom|54/100\n|move|p1a: Bellossom|Quiver Dance|p1a: Bellossom\n|-boost|p1a: Bellossom|spa|1\n|-boost|p1a: Bellossom|spd|1\n|-boost|p1a: Bellossom|spe|1\n|\n|-heal|p1a: Bellossom|60/100|[from] item: Leftovers\n|upkeep\n|turn|6\n|inactive|Time left: 300 sec this turn | 300 sec total\n|\n|t:|1783564164\n|switch|p2a: Leavanny|Leavanny, L86, M|269/269\n|move|p1a: Bellossom|Quiver Dance|p1a: Bellossom\n|-boost|p1a: Bellossom|spa|1\n|-boost|p1a: Bellossom|spd|1\n|-boost|p1a: Bellossom|spe|1\n|\n|-heal|p1a: Bellossom|66/100|[from] item: Leftovers\n|upkeep\n|turn|7\n|inactive|Time left: 300 sec this turn | 300 sec total\n|\n|t:|1783564165\n|move|p1a: Bellossom|Strength Sap|p2a: Leavanny\n|-unboost|p2a: Leavanny|atk|1\n|-heal|p1a: Bellossom|100/100\n|move|p2a: Leavanny|Sticky Web|p1a: Bellossom\n|-sidestart|p1: p0x20856056|move: Sticky Web\n|\n|upkeep\n|turn|8\n|inactive|Time left: 300 sec this turn | 300 sec total\n|\n|t:|1783564166\n|switch|p2a: Registeel|Registeel, L81|262/262\n|move|p1a: Bellossom|Quiver Dance|p1a: Bellossom\n|-boost|p1a: Bellossom|spa|1\n|-boost|p1a: Bellossom|spd|1\n|-boost|p1a: Bellossom|spe|1\n|\n|upkeep\n|turn|9\n|inactive|Time left: 300 sec this turn | 300 sec total\n|\n|t:|1783564167\n|move|p1a: Bellossom|Quiver Dance|p1a: Bellossom\n|-boost|p1a: Bellossom|spa|1\n|-boost|p1a: Bellossom|spd|1\n|-boost|p1a: Bellossom|spe|1\n|move|p2a: Registeel|Iron Defense|p2a: Registeel\n|-boost|p2a: Registeel|def|2\n|\n|upkeep\n|turn|10\n|inactive|Time left: 300 sec this turn | 300 sec total\n|\n|t:|1783564168\n|move|p1a: Bellossom|Giga Drain|p2a: Registeel\n|-resisted|p2a: Registeel\n|-damage|p2a: Registeel|193/262\n|move|p2a: Registeel|Body Press|p1a: Bellossom\n|-damage|p1a: Bellossom|44/100\n|\n|-heal|p1a: Bellossom|50/100|[from] item: Leftovers\n|upkeep\n|turn|11\n|inactive|Time left: 300 sec this turn | 300 sec total\n|\n|t:|1783564169\n|move|p1a: Bellossom|Giga Drain|p2a: Registeel\n|-resisted|p2a: Registeel\n|-damage|p2a: Registeel|119/262\n|-heal|p1a: Bellossom|64/100|[from] drain|[of] p2a: Registeel\n|move|p2a: Registeel|Body Press|p1a: Bellossom\n|-damage|p1a: Bellossom|8/100\n|\n|-heal|p1a: Bellossom|15/100|[from] item: Leftovers\n|upkeep\n|turn|12\n|inactive|Time left: 300 sec this turn | 300 sec total\n|\n|t:|1783564170\n|move|p1a: Bellossom|Strength Sap|p2a: Registeel\n|-fail|p2a: Registeel|unboost|[from] ability: Clear Body|[of] p2a: Registeel\n|-heal|p1a: Bellossom|78/100\n|move|p2a: Registeel|Body Press|p1a: Bellossom\n|-damage|p1a: Bellossom|23/100\n|\n|-heal|p1a: Bellossom|29/100|[from] item: Leftovers\n|upkeep\n|turn|13\n|inactive|Time left: 300 sec this turn | 300 sec total\n|\n|t:|1783564171\n|move|p1a: Bellossom|Strength Sap|p2a: Registeel\n|-fail|p2a: Registeel|unboost|[from] ability: Clear Body|[of] p2a: Registeel\n|-heal|p1a: Bellossom|93/100\n|move|p2a: Registeel|Body Press|p1a: Bellossom\n|-damage|p1a: Bellossom|37/100\n|\n|-heal|p1a: Bellossom|43/100|[from] item: Leftovers\n|upkeep\n|turn|14\n|inactive|Time left: 300 sec this turn | 300 sec total\n|\n|t:|1783564172\n|move|p1a: Bellossom|Strength Sap|p2a: Registeel\n|-fail|p2a: Registeel|unboost|[from] ability: Clear Body|[of] p2a: Registeel\n|-heal|p1a: Bellossom|100/100\n|move|p2a: Registeel|Rest|p2a: Registeel\n|-status|p2a: Registeel|slp|[from] move: Rest\n|-heal|p2a: Registeel|262/262 slp|[silent]\n|-enditem|p2a: Registeel|Chesto Berry|[eat]\n|-curestatus|p2a: Registeel|slp|[msg]\n|\n|upkeep\n|turn|15\n|inactive|Time left: 300 sec this turn | 300 sec total\n|\n|t:|1783564173\n|move|p1a: Bellossom|Giga Drain|p2a: Registeel\n|-resisted|p2a: Registeel\n|-damage|p2a: Registeel|188/262\n|move|p2a: Registeel|Iron Defense|p2a: Registeel\n|-boost|p2a: Registeel|def|2\n|\n|upkeep\n|turn|16\n|inactive|Time left: 300 sec this turn | 300 sec total\n|\n|t:|1783564174\n|-terastallize|p2a: Registeel|Fighting\n|move|p1a: Bellossom|Giga Drain|p2a: Registeel\n|-damage|p2a: Registeel|31/262\n|move|p2a: Registeel|Body Press|p1a: Bellossom\n|-damage|p1a: Bellossom|0 fnt\n|faint|p1a: Bellossom\n|\n|upkeep\n|\n|t:|1783564175\n|switch|p1a: Greninja|Greninja, L80, M|100/100\n|-damage|p1a: Greninja|88/100|[from] Stealth Rock\n|-activate|p1a: Greninja|move: Sticky Web\n|-unboost|p1a: Greninja|spe|1\n|turn|17\n|inactive|Time left: 300 sec this turn | 300 sec total\n|\n|t:|1783564176\n|move|p1a: Greninja|Ice Beam|p2a: Registeel\n|-damage|p2a: Registeel|0 fnt\n|faint|p2a: Registeel\n|-ability|p1a: Greninja|Battle Bond|boost\n|-boost|p1a: Greninja|atk|1\n|-boost|p1a: Greninja|spa|1\n|-boost|p1a: Greninja|spe|1\n|-activate|p1a: Greninja|ability: Battle Bond\n|-damage|p1a: Greninja|79/100|[from] item: Life Orb\n|\n|upkeep\n|inactive|Time left: 300 sec this turn | 300 sec total | 5 sec grace\n|\n|t:|1783564177\n|switch|p2a: Dragapult|Dragapult, L77, M|262/262\n|turn|18\n|inactive|Time left: 300 sec this turn | 300 sec total\n|\n|t:|1783564178\n|move|p2a: Dragapult|Draco Meteor|p1a: Greninja\n|-damage|p1a: Greninja|0 fnt\n|-unboost|p2a: Dragapult|spa|2\n|faint|p1a: Greninja\n|\n|upkeep\n|\n|t:|1783564179\n|switch|p1a: Basculegion|Basculegion, L80, M|100/100\n|-damage|p1a: Basculegion|88/100|[from] Stealth Rock\n|-activate|p1a: Basculegion|move: Sticky Web\n|-unboost|p1a: Basculegion|spe|1\n|turn|19\n|inactive|Time left: 300 sec this turn | 300 sec total\n|\n|t:|1783564180\n|switch|p2a: Leavanny|Leavanny, L86, M|269/269\n|move|p1a: Basculegion|Flip Turn|p2a: Leavanny\n|-resisted|p2a: Leavanny\n|-damage|p2a: Leavanny|219/269\n|\n|t:|1783564181\n|switch|p1a: Dodrio|Dodrio, L85, F|100/100|[from] Flip Turn\n|-damage|p1a: Dodrio|76/100|[from] Stealth Rock\n|\n|upkeep\n|turn|20\n|inactive|Time left: 300 sec this turn | 300 sec total\n|\n|t:|1783564181\n|move|p1a: Dodrio|Brave Bird|p2a: Leavanny\n|-supereffective|p2a: Leavanny\n|-damage|p2a: Leavanny|0 fnt\n|faint|p2a: Leavanny\n|-damage|p1a: Dodrio|46/100|[from] Recoil\n|\n|upkeep\n|inactive|Time left: 300 sec this turn | 300 sec total | 5 sec grace\n|\n|t:|1783564182\n|switch|p2a: Dragapult|Dragapult, L77, M|262/262\n|turn|21\n|inactive|Time left: 300 sec this turn | 300 sec total\n|\n|t:|1783564183\n|move|p2a: Dragapult|Draco Meteor|p1a: Dodrio\n|-damage|p1a: Dodrio|0 fnt\n|-unboost|p2a: Dragapult|spa|2\n|faint|p1a: Dodrio\n|\n|upkeep\n|\n|t:|1783564183\n|switch|p1a: Basculegion|Basculegion, L80, M|88/100\n|-damage|p1a: Basculegion|76/100|[from] Stealth Rock\n|-activate|p1a: Basculegion|move: Sticky Web\n|-unboost|p1a: Basculegion|spe|1\n|turn|22\n|inactive|Time left: 300 sec this turn | 300 sec total\n|\n|t:|1783564184\n|switch|p2a: Quaquaval|Quaquaval, L79, M|264/264\n|move|p1a: Basculegion|Shadow Ball|p2a: Quaquaval\n|-damage|p2a: Quaquaval|160/264\n|-unboost|p2a: Quaquaval|spd|1\n|\n|-heal|p2a: Quaquaval|176/264|[from] item: Leftovers\n|upkeep\n|turn|23\n|inactive|Time left: 300 sec this turn | 300 sec total\n|\n|t:|1783564185\n|move|p2a: Quaquaval|Roost|p2a: Quaquaval\n|-heal|p2a: Quaquaval|264/264\n|-singleturn|p2a: Quaquaval|move: Roost\n|move|p1a: Basculegion|Shadow Ball|p2a: Quaquaval\n|-damage|p2a: Quaquaval|102/264\n|\n|-heal|p2a: Quaquaval|118/264|[from] item: Leftovers\n|upkeep\n|turn|24\n|inactive|Time left: 300 sec this turn | 300 sec total\n|\n|t:|1783564185\n|move|p2a: Quaquaval|Roost|p2a: Quaquaval\n|-heal|p2a: Quaquaval|250/264\n|-singleturn|p2a: Quaquaval|move: Roost\n|move|p1a: Basculegion|Shadow Ball|p2a: Quaquaval\n|-damage|p2a: Quaquaval|94/264\n|\n|-heal|p2a: Quaquaval|110/264|[from] item: Leftovers\n|upkeep\n|turn|25\n|inactive|Time left: 300 sec this turn | 300 sec total\n|\n|t:|1783564187\n|move|p2a: Quaquaval|Roost|p2a: Quaquaval\n|-heal|p2a: Quaquaval|242/264\n|-singleturn|p2a: Quaquaval|move: Roost\n|move|p1a: Basculegion|Shadow Ball|p2a: Quaquaval\n|-damage|p2a: Quaquaval|72/264\n|\n|-heal|p2a: Quaquaval|88/264|[from] item: Leftovers\n|upkeep\n|turn|26\n|inactive|Time left: 300 sec this turn | 300 sec total\n|\n|t:|1783564188\n|move|p2a: Quaquaval|Roost|p2a: Quaquaval\n|-heal|p2a: Quaquaval|220/264\n|-singleturn|p2a: Quaquaval|move: Roost\n|move|p1a: Basculegion|Shadow Ball|p2a: Quaquaval\n|-damage|p2a: Quaquaval|66/264\n|\n|-heal|p2a: Quaquaval|82/264|[from] item: Leftovers\n|upkeep\n|turn|27\n|inactive|Time left: 300 sec this turn | 300 sec total\n|\n|t:|1783564188\n|move|p2a: Quaquaval|Roost|p2a: Quaquaval\n|-heal|p2a: Quaquaval|214/264\n|-singleturn|p2a: Quaquaval|move: Roost\n|move|p1a: Basculegion|Shadow Ball|p2a: Quaquaval\n|-damage|p2a: Quaquaval|62/264\n|-unboost|p2a: Quaquaval|spd|1\n|\n|-heal|p2a: Quaquaval|78/264|[from] item: Leftovers\n|upkeep\n|turn|28\n|inactive|Time left: 300 sec this turn | 300 sec total\n|\n|t:|1783564189\n|move|p2a: Quaquaval|Aqua Step|p1a: Basculegion\n|-resisted|p1a: Basculegion\n|-damage|p1a: Basculegion|59/100\n|-boost|p2a: Quaquaval|spe|1\n|move|p1a: Basculegion|Shadow Ball|p2a: Quaquaval\n|-damage|p2a: Quaquaval|0 fnt\n|faint|p2a: Quaquaval\n|\n|upkeep\n|inactive|Time left: 300 sec this turn | 300 sec total | 5 sec grace\n|\n|t:|1783564190\n|switch|p2a: Kyurem|Kyurem-Black, L71|295/295\n|-ability|p2a: Kyurem|Teravolt\n|turn|29\n|inactive|Time left: 300 sec this turn | 300 sec total\n|\n|t:|1783564191\n|move|p2a: Kyurem|Dragon Dance|p2a: Kyurem\n|-boost|p2a: Kyurem|atk|1\n|-boost|p2a: Kyurem|spe|1\n|move|p1a: Basculegion|Shadow Ball|p2a: Kyurem\n|-damage|p2a: Kyurem|185/295\n|\n|upkeep\n|turn|30\n|inactive|Time left: 300 sec this turn | 300 sec total\n|\n|t:|1783564192\n|move|p2a: Kyurem|Scale Shot|p1a: Basculegion\n|-damage|p1a: Basculegion|42/100\n|-damage|p1a: Basculegion|25/100\n|-damage|p1a: Basculegion|7/100\n|-damage|p1a: Basculegion|0 fnt\n|faint|p1a: Basculegion\n|-hitcount|p1: Basculegion|4\n|-unboost|p2a: Kyurem|def|1\n|-boost|p2a: Kyurem|spe|1\n|\n|upkeep\n|\n|t:|1783564193\n|switch|p1a: Ditto|Ditto, L87|100/100\n|-damage|p1a: Ditto|88/100|[from] Stealth Rock\n|-activate|p1a: Ditto|move: Sticky Web\n|-unboost|p1a: Ditto|spe|1\n|-transform|p1a: Ditto|p2a: Kyurem|[from] ability: Imposter\n|-ability|p1a: Ditto|Teravolt\n|turn|31\n|inactive|Time left: 300 sec this turn | 300 sec total\n|\n|t:|1783564194\n|move|p1a: Ditto|Scale Shot|p2a: Kyurem\n|-supereffective|p2a: Kyurem\n|-damage|p2a: Kyurem|11/295\n|-supereffective|p2a: Kyurem\n|-damage|p2a: Kyurem|0 fnt\n|faint|p2a: Kyurem\n|-hitcount|p2: Kyurem|2\n|-unboost|p1a: Ditto|def|1\n|-boost|p1a: Ditto|spe|1\n|\n|upkeep\n|inactive|Time left: 300 sec this turn | 300 sec total | 5 sec grace\n|\n|t:|1783564195\n|switch|p2a: Dragapult|Dragapult, L77, M|262/262\n|turn|32\n|inactive|Time left: 300 sec this turn | 300 sec total\n|\n|t:|1783564196\n|move|p1a: Ditto|Scale Shot|p2a: Dragapult\n|-supereffective|p2a: Dragapult\n|-damage|p2a: Dragapult|124/262\n|-supereffective|p2a: Dragapult\n|-damage|p2a: Dragapult|0 fnt\n|faint|p2a: Dragapult\n|-hitcount|p2: Dragapult|2\n|\n|win|p0x20856056", "uploadtime": 1783564196, "views": 0, "rating": 0, "private": 0, "password": null, "_winner": "p0x20856056", "_our_name": "p0y2085fb1d"}