{"id": "battle-gen9randombattle-2848", "formatid": "gen9randombattle", "format": "[Gen 9] Random Battle", "players": ["p0x2848a141", "p0y28489aeb"], "log": "|init|battle\n|title|p0x2848a141 vs. p0y28489aeb\n|j|\u2606p0x2848a141\n|j|\u2606p0y28489aeb\n|t:|1783571835\n|gametype|singles\n|player|p1|p0x2848a141|1|\n|player|p2|p0y28489aeb|170|\n|gen|9\n|tier|[Gen 9] Random Battle\n|rule|Species Clause: Limit one of each Pok\u00e9mon\n|rule|HP Percentage Mod: HP is shown in percentages\n|rule|Sleep Clause Mod: Limit one foe put to sleep\n|rule|Illusion Level Mod: Illusion disguises the Pok\u00e9mon's true level\n|\n|t:|1783571835\n|teamsize|p1|6\n|teamsize|p2|6\n|start\n|switch|p1a: Zebstrika|Zebstrika, L87, M|100/100\n|switch|p2a: Perrserker|Perrserker, L89, M|269/269\n|turn|1\n|inactive|Battle timer is ON: inactive players will automatically lose when time's up. (requested by p0x2848a141)\n|inactive|Time left: 300 sec this turn | 300 sec total | 60 sec grace\n|inactive|p0y28489aeb also wants the timer to be on.\n|\n|t:|1783571837\n|move|p1a: Zebstrika|Supercell Slam|p2a: Perrserker\n|-damage|p2a: Perrserker|139/269\n|-damage|p1a: Zebstrika|91/100|[from] item: Life Orb\n|move|p2a: Perrserker|Stealth Rock|p1a: Zebstrika\n|-sidestart|p1: p0x2848a141|move: Stealth Rock\n|\n|upkeep\n|turn|2\n|inactive|Time left: 300 sec this turn | 300 sec total\n|\n|t:|1783571838\n|switch|p2a: Flapple|Flapple, L88, F|266/266\n|move|p1a: Zebstrika|High Horsepower|p2a: Flapple\n|-resisted|p2a: Flapple\n|-damage|p2a: Flapple|215/266\n|-damage|p1a: Zebstrika|81/100|[from] item: Life Orb\n|\n|upkeep\n|turn|3\n|inactive|Time left: 300 sec this turn | 300 sec total\n|\n|t:|1783571839\n|move|p1a: Zebstrika|Overheat|p2a: Flapple|[miss]\n|-miss|p1a: Zebstrika|p2a: Flapple\n|move|p2a: Flapple|Outrage|p1a: Zebstrika\n|-damage|p1a: Zebstrika|0 fnt\n|faint|p1a: Zebstrika\n|\n|upkeep\n|\n|t:|1783571840\n|switch|p1a: Hawlucha|Hawlucha, L80, F|100/100\n|-damage|p1a: Hawlucha|88/100|[from] Stealth Rock\n|turn|4\n|inactive|Time left: 300 sec this turn | 300 sec total\n|\n|t:|1783571841\n|move|p1a: Hawlucha|Brave Bird|p2a: Flapple\n|-supereffective|p2a: Flapple\n|-damage|p2a: Flapple|0 fnt\n|faint|p2a: Flapple\n|-damage|p1a: Hawlucha|60/100|[from] Recoil\n|\n|upkeep\n|inactive|Time left: 300 sec this turn | 300 sec total | 5 sec grace\n|\n|t:|1783571842\n|switch|p2a: Mismagius|Mismagius, L86, M|243/243\n|turn|5\n|inactive|Time left: 300 sec this turn | 300 sec total\n|\n|t:|1783571843\n|move|p1a: Hawlucha|Throat Chop|p2a: Mismagius\n|-supereffective|p2a: Mismagius\n|-damage|p2a: Mismagius|103/243\n|-start|p2a: Mismagius|Throat Chop|[silent]\n|move|p2a: Mismagius|Shadow Ball|p1a: Hawlucha\n|-damage|p1a: Hawlucha|0 fnt\n|faint|p1a: Hawlucha\n|\n|upkeep\n|\n|t:|1783571844\n|switch|p1a: Tyranitar|Tyranitar, L78, M|100/100\n|-damage|p1a: Tyranitar|88/100|[from] Stealth Rock\n|-weather|Sandstorm|[from] ability: Sand Stream|[of] p1a: Tyranitar\n|turn|6\n|inactive|Time left: 300 sec this turn | 300 sec total\n|\n|t:|1783571846\n|switch|p2a: Drednaw|Drednaw, L81, M|278/278\n|move|p1a: Tyranitar|Knock Off|p2a: Drednaw\n|-damage|p2a: Drednaw|163/278\n|-enditem|p2a: Drednaw|White Herb|[from] move: Knock Off|[of] p1a: Tyranitar\n|\n|-weather|Sandstorm|[upkeep]\n|upkeep\n|turn|7\n|inactive|Time left: 300 sec this turn | 300 sec total\n|\n|t:|1783571847\n|move|p2a: Drednaw|Stone Edge|p1a: Tyranitar|[miss]\n|-miss|p2a: Drednaw|p1a: Tyranitar\n|move|p1a: Tyranitar|Earthquake|p2a: Drednaw\n|-supereffective|p2a: Drednaw\n|-damage|p2a: Drednaw|0 fnt\n|faint|p2a: Drednaw\n|\n|-weather|Sandstorm|[upkeep]\n|upkeep\n|inactive|Time left: 300 sec this turn | 300 sec total | 5 sec grace\n|\n|t:|1783571848\n|switch|p2a: Perrserker|Perrserker, L89, M|139/269\n|turn|8\n|inactive|Time left: 300 sec this turn | 300 sec total\n|\n|t:|1783571849\n|move|p2a: Perrserker|Iron Head|p1a: Tyranitar\n|-supereffective|p1a: Tyranitar\n|-damage|p1a: Tyranitar|0 fnt\n|faint|p1a: Tyranitar\n|-damage|p2a: Perrserker|113/269|[from] item: Life Orb\n|\n|-weather|Sandstorm|[upkeep]\n|upkeep\n|\n|t:|1783571849\n|switch|p1a: Beartic|Beartic, L91, F|100/100\n|turn|9\n|inactive|Time left: 300 sec this turn | 300 sec total\n|\n|t:|1783571850\n|switch|p2a: Mismagius|Mismagius, L86, M|103/243\n|move|p1a: Beartic|Earthquake|p2a: Mismagius\n|-immune|p2a: Mismagius|[from] ability: Levitate\n|\n|-weather|Sandstorm|[upkeep]\n|-damage|p2a: Mismagius|88/243|[from] Sandstorm\n|-damage|p1a: Beartic|94/100|[from] Sandstorm\n|upkeep\n|turn|10\n|inactive|Time left: 300 sec this turn | 300 sec total\n|\n|t:|1783571851\n|move|p2a: Mismagius|Shadow Ball|p1a: Beartic\n|-damage|p1a: Beartic|50/100\n|move|p1a: Beartic|Icicle Crash|p2a: Mismagius\n|-damage|p2a: Mismagius|0 fnt\n|faint|p2a: Mismagius\n|\n|-weather|none\n|upkeep\n|inactive|Time left: 300 sec this turn | 300 sec total | 5 sec grace\n|\n|t:|1783571852\n|switch|p2a: Skarmory|Skarmory, L80, M|235/235\n|turn|11\n|inactive|Time left: 300 sec this turn | 300 sec total\n|\n|t:|1783571853\n|switch|p1a: Calyrex|Calyrex, L93|100/100\n|-ability|p1a: Calyrex|Unnerve\n|-damage|p1a: Calyrex|88/100|[from] Stealth Rock\n|move|p2a: Skarmory|Body Press|p1a: Calyrex\n|-resisted|p1a: Calyrex\n|-damage|p1a: Calyrex|79/100\n|\n|-heal|p1a: Calyrex|85/100|[from] item: Leftovers\n|upkeep\n|turn|12\n|inactive|Time left: 300 sec this turn | 300 sec total\n|\n|t:|1783571854\n|move|p1a: Calyrex|Calm Mind|p1a: Calyrex\n|-boost|p1a: Calyrex|spa|1\n|-boost|p1a: Calyrex|spd|1\n|move|p2a: Skarmory|Brave Bird|p1a: Calyrex\n|-supereffective|p1a: Calyrex\n|-damage|p1a: Calyrex|21/100\n|-damage|p2a: Skarmory|164/235|[from] Recoil\n|\n|-heal|p1a: Calyrex|27/100|[from] item: Leftovers\n|upkeep\n|turn|13\n|inactive|Time left: 300 sec this turn | 300 sec total\n|\n|t:|1783571855\n|move|p1a: Calyrex|Psychic|p2a: Skarmory\n|-resisted|p2a: Skarmory\n|-damage|p2a: Skarmory|76/235\n|move|p2a: Skarmory|Brave Bird|p1a: Calyrex\n|-supereffective|p1a: Calyrex\n|-damage|p1a: Calyrex|0 fnt\n|faint|p1a: Calyrex\n|-damage|p2a: Skarmory|47/235|[from] Recoil\n|\n|upkeep\n|\n|t:|1783571857\n|switch|p1a: Spiritomb|Spiritomb, L89, M|100/100\n|-damage|p1a: Spiritomb|88/100|[from] Stealth Rock\n|turn|14\n|inactive|Time left: 300 sec this turn | 300 sec total\n|\n|t:|1783571858\n|move|p2a: Skarmory|Roost|p2a: Skarmory\n|-heal|p2a: Skarmory|165/235\n|-singleturn|p2a: Skarmory|move: Roost\n|move|p1a: Spiritomb|Poltergeist|p2a: Skarmory\n|-activate|p2a: Skarmory|move: Poltergeist|Rocky Helmet\n|-damage|p2a: Skarmory|69/235\n|\n|-heal|p1a: Spiritomb|94/100|[from] item: Leftovers\n|upkeep\n|turn|15\n|inactive|Time left: 300 sec this turn | 300 sec total\n|\n|t:|1783571859\n|move|p2a: Skarmory|Roost|p2a: Skarmory\n|-heal|p2a: Skarmory|187/235\n|-singleturn|p2a: Skarmory|move: Roost\n|move|p1a: Spiritomb|Poltergeist|p2a: Skarmory\n|-activate|p2a: Skarmory|move: Poltergeist|Rocky Helmet\n|-damage|p2a: Skarmory|97/235\n|\n|-heal|p1a: Spiritomb|99/100|[from] item: Leftovers\n|upkeep\n|turn|16\n|inactive|Time left: 300 sec this turn | 300 sec total\n|\n|t:|1783571860\n|move|p2a: Skarmory|Roost|p2a: Skarmory\n|-heal|p2a: Skarmory|215/235\n|-singleturn|p2a: Skarmory|move: Roost\n|move|p1a: Spiritomb|Poltergeist|p2a: Skarmory|[miss]\n|-miss|p1a: Spiritomb|p2a: Skarmory\n|\n|-heal|p1a: Spiritomb|100/100|[from] item: Leftovers\n|upkeep\n|turn|17\n|inactive|Time left: 300 sec this turn | 300 sec total\n|\n|t:|1783571861\n|move|p2a: Skarmory|Brave Bird|p1a: Spiritomb\n|-damage|p1a: Spiritomb|66/100\n|-damage|p2a: Skarmory|188/235|[from] Recoil\n|move|p1a: Spiritomb|Poltergeist|p2a: Skarmory\n|-activate|p2a: Skarmory|move: Poltergeist|Rocky Helmet\n|-damage|p2a: Skarmory|94/235\n|\n|-heal|p1a: Spiritomb|72/100|[from] item: Leftovers\n|upkeep\n|turn|18\n|inactive|Time left: 300 sec this turn | 300 sec total\n|\n|t:|1783571862\n|move|p2a: Skarmory|Roost|p2a: Skarmory\n|-heal|p2a: Skarmory|212/235\n|-singleturn|p2a: Skarmory|move: Roost\n|move|p1a: Spiritomb|Poltergeist|p2a: Skarmory\n|-activate|p2a: Skarmory|move: Poltergeist|Rocky Helmet\n|-damage|p2a: Skarmory|125/235\n|\n|-heal|p1a: Spiritomb|78/100|[from] item: Leftovers\n|upkeep\n|turn|19\n|inactive|Time left: 300 sec this turn | 300 sec total\n|\n|t:|1783571863\n|move|p2a: Skarmory|Roost|p2a: Skarmory\n|-heal|p2a: Skarmory|235/235\n|-singleturn|p2a: Skarmory|move: Roost\n|move|p1a: Spiritomb|Poltergeist|p2a: Skarmory\n|-activate|p2a: Skarmory|move: Poltergeist|Rocky Helmet\n|-damage|p2a: Skarmory|141/235\n|\n|-heal|p1a: Spiritomb|84/100|[from] item: Leftovers\n|upkeep\n|turn|20\n|inactive|Time left: 300 sec this turn | 300 sec total\n|\n|t:|1783571864\n|move|p2a: Skarmory|Roost|p2a: Skarmory\n|-heal|p2a: Skarmory|235/235\n|-singleturn|p2a: Skarmory|move: Roost\n|move|p1a: Spiritomb|Poltergeist|p2a: Skarmory\n|-activate|p2a: Skarmory|move: Poltergeist|Rocky Helmet\n|-damage|p2a: Skarmory|139/235\n|\n|-heal|p1a: Spiritomb|90/100|[from] item: Leftovers\n|upkeep\n|turn|21\n|inactive|Time left: 300 sec this turn | 300 sec total\n|\n|t:|1783571865\n|move|p2a: Skarmory|Roost|p2a: Skarmory\n|-heal|p2a: Skarmory|235/235\n|-singleturn|p2a: Skarmory|move: Roost\n|move|p1a: Spiritomb|Poltergeist|p2a: Skarmory\n|-activate|p2a: Skarmory|move: Poltergeist|Rocky Helmet\n|-damage|p2a: Skarmory|142/235\n|\n|-heal|p1a: Spiritomb|96/100|[from] item: Leftovers\n|upkeep\n|turn|22\n|inactive|Time left: 300 sec this turn | 300 sec total\n|\n|t:|1783571866\n|move|p2a: Skarmory|Roost|p2a: Skarmory\n|-heal|p2a: Skarmory|235/235\n|-singleturn|p2a: Skarmory|move: Roost\n|move|p1a: Spiritomb|Foul Play|p2a: Skarmory\n|-damage|p2a: Skarmory|172/235\n|-damage|p1a: Spiritomb|79/100|[from] item: Rocky Helmet|[of] p2a: Skarmory\n|\n|-heal|p1a: Spiritomb|85/100|[from] item: Leftovers\n|upkeep\n|turn|23\n|inactive|Time left: 300 sec this turn | 300 sec total\n|\n|t:|1783571867\n|move|p2a: Skarmory|Brave Bird|p1a: Spiritomb\n|-damage|p1a: Spiritomb|50/100\n|-damage|p2a: Skarmory|145/235|[from] Recoil\n|move|p1a: Spiritomb|Foul Play|p2a: Skarmory\n|-damage|p2a: Skarmory|85/235\n|-damage|p1a: Spiritomb|33/100|[from] item: Rocky Helmet|[of] p2a: Skarmory\n|\n|-heal|p1a: Spiritomb|39/100|[from] item: Leftovers\n|upkeep\n|turn|24\n|inactive|Time left: 300 sec this turn | 300 sec total\n|\n|t:|1783571868\n|move|p2a: Skarmory|Brave Bird|p1a: Spiritomb\n|-damage|p1a: Spiritomb|2/100\n|-damage|p2a: Skarmory|56/235|[from] Recoil\n|move|p1a: Spiritomb|Pain Split|p2a: Skarmory\n|-sethp|p2a: Skarmory|29/235|[from] move: Pain Split|[silent]\n|-sethp|p1a: Spiritomb|13/100|[from] move: Pain Split\n|\n|-heal|p1a: Spiritomb|19/100|[from] item: Leftovers\n|upkeep\n|turn|25\n|inactive|Time left: 300 sec this turn | 300 sec total\n|\n|t:|1783571869\n|switch|p1a: Beartic|Beartic, L91, F|50/100\n|move|p2a: Skarmory|Brave Bird|p1a: Beartic\n|-damage|p1a: Beartic|17/100\n|-damage|p2a: Skarmory|0 fnt|[from] Recoil\n|faint|p2a: Skarmory\n|\n|upkeep\n|inactive|Time left: 300 sec this turn | 300 sec total | 5 sec grace\n|\n|t:|1783571870\n|switch|p2a: Arceus|Arceus-Psychic, L70|284/284\n|turn|26\n|inactive|Time left: 300 sec this turn | 300 sec total\n|\n|t:|1783571871\n|switch|p1a: Spiritomb|Spiritomb, L89, M|19/100\n|-damage|p1a: Spiritomb|6/100|[from] Stealth Rock\n|move|p2a: Arceus|Cosmic Power|p2a: Arceus\n|-boost|p2a: Arceus|def|1\n|-boost|p2a: Arceus|spd|1\n|\n|-heal|p1a: Spiritomb|12/100|[from] item: Leftovers\n|upkeep\n|turn|27\n|inactive|Time left: 300 sec this turn | 300 sec total\n|\n|t:|1783571871\n|switch|p2a: Perrserker|Perrserker, L89, M|113/269\n|move|p1a: Spiritomb|Foul Play|p2a: Perrserker\n|-damage|p2a: Perrserker|8/269\n|\n|-heal|p1a: Spiritomb|18/100|[from] item: Leftovers\n|upkeep\n|turn|28\n|inactive|Time left: 300 sec this turn | 300 sec total\n|\n|t:|1783571872\n|switch|p2a: Arceus|Arceus-Psychic, L70|284/284\n|switch|p1a: Beartic|Beartic, L91, F|17/100\n|\n|upkeep\n|turn|29\n|inactive|Time left: 300 sec this turn | 300 sec total\n|\n|t:|1783571873\n|switch|p1a: Spiritomb|Spiritomb, L89, M|18/100\n|-damage|p1a: Spiritomb|6/100|[from] Stealth Rock\n|move|p2a: Arceus|Cosmic Power|p2a: Arceus\n|-boost|p2a: Arceus|def|1\n|-boost|p2a: Arceus|spd|1\n|\n|-heal|p1a: Spiritomb|12/100|[from] item: Leftovers\n|upkeep\n|turn|30\n|inactive|Time left: 300 sec this turn | 300 sec total\n|\n|t:|1783571874\n|move|p2a: Arceus|Cosmic Power|p2a: Arceus\n|-boost|p2a: Arceus|def|1\n|-boost|p2a: Arceus|spd|1\n|move|p1a: Spiritomb|Pain Split|p2a: Arceus\n|-sethp|p2a: Arceus|155/284|[from] move: Pain Split|[silent]\n|-sethp|p1a: Spiritomb|67/100|[from] move: Pain Split\n|\n|-heal|p1a: Spiritomb|73/100|[from] item: Leftovers\n|upkeep\n|turn|31\n|inactive|Time left: 300 sec this turn | 300 sec total\n|\n|t:|1783571875\n|-terastallize|p2a: Arceus|Steel\n|move|p2a: Arceus|Cosmic Power|p2a: Arceus\n|-boost|p2a: Arceus|def|1\n|-boost|p2a: Arceus|spd|1\n|move|p1a: Spiritomb|Foul Play|p2a: Arceus\n|-damage|p2a: Arceus|122/284\n|\n|-heal|p1a: Spiritomb|79/100|[from] item: Leftovers\n|upkeep\n|turn|32\n|inactive|Time left: 300 sec this turn | 300 sec total\n|\n|t:|1783571876\n|move|p2a: Arceus|Recover|p2a: Arceus\n|-heal|p2a: Arceus|264/284\n|move|p1a: Spiritomb|Foul Play|p2a: Arceus\n|-damage|p2a: Arceus|233/284\n|\n|-heal|p1a: Spiritomb|85/100|[from] item: Leftovers\n|upkeep\n|turn|33\n|inactive|Time left: 300 sec this turn | 300 sec total\n|\n|t:|1783571877\n|move|p2a: Arceus|Cosmic Power|p2a: Arceus\n|-boost|p2a: Arceus|def|1\n|-boost|p2a: Arceus|spd|1\n|move|p1a: Spiritomb|Pain Split|p2a: Arceus\n|-sethp|p2a: Arceus|215/284|[from] move: Pain Split|[silent]\n|-sethp|p1a: Spiritomb|92/100|[from] move: Pain Split\n|\n|-heal|p1a: Spiritomb|98/100|[from] item: Leftovers\n|upkeep\n|turn|34\n|inactive|Time left: 300 sec this turn | 300 sec total\n|\n|t:|1783571878\n|move|p2a: Arceus|Recover|p2a: Arceus\n|-heal|p2a: Arceus|284/284\n|move|p1a: Spiritomb|Pain Split|p2a: Arceus\n|-sethp|p2a: Arceus|256/284|[from] move: Pain Split|[silent]\n|-sethp|p1a: Spiritomb|100/100|[from] move: Pain Split\n|\n|upkeep\n|turn|35\n|inactive|Time left: 300 sec this turn | 300 sec total\n|\n|t:|1783571879\n|move|p2a: Arceus|Stored Power|p1a: Spiritomb\n|-immune|p1a: Spiritomb\n|move|p1a: Spiritomb|Foul Play|p2a: Arceus\n|-damage|p2a: Arceus|228/284\n|\n|upkeep\n|turn|36\n|inactive|Time left: 300 sec this turn | 300 sec total\n|\n|t:|1783571880\n|move|p2a: Arceus|Stored Power|p1a: Spiritomb\n|-immune|p1a: Spiritomb\n|move|p1a: Spiritomb|Foul Play|p2a: Arceus\n|-damage|p2a: Arceus|198/284\n|\n|upkeep\n|turn|37\n|inactive|Time left: 300 sec this turn | 300 sec total\n|\n|t:|1783571881\n|move|p2a: Arceus|Recover|p2a: Arceus\n|-heal|p2a: Arceus|284/284\n|move|p1a: Spiritomb|Foul Play|p2a: Arceus\n|-damage|p2a: Arceus|257/284\n|\n|upkeep\n|turn|38\n|inactive|Time left: 300 sec this turn | 300 sec total\n|\n|t:|1783571882\n|move|p2a: Arceus|Cosmic Power|p2a: Arceus\n|-boost|p2a: Arceus|def|1\n|-boost|p2a: Arceus|spd|1\n|move|p1a: Spiritomb|Foul Play|p2a: Arceus\n|-damage|p2a: Arceus|233/284\n|\n|upkeep\n|turn|39\n|inactive|Time left: 300 sec this turn | 300 sec total\n|\n|t:|1783571883\n|move|p2a: Arceus|Body Press|p1a: Spiritomb\n|-immune|p1a: Spiritomb\n|move|p1a: Spiritomb|Foul Play|p2a: Arceus\n|-damage|p2a: Arceus|211/284\n|\n|upkeep\n|turn|40\n|inactive|Time left: 300 sec this turn | 300 sec total\n|\n|t:|1783571884\n|move|p2a: Arceus|Recover|p2a: Arceus\n|-heal|p2a: Arceus|284/284\n|move|p1a: Spiritomb|Toxic|p2a: Arceus|[miss]\n|-miss|p1a: Spiritomb|p2a: Arceus\n|\n|upkeep\n|turn|41\n|inactive|Time left: 300 sec this turn | 300 sec total\n|\n|t:|1783571885\n|move|p2a: Arceus|Cosmic Power|p2a: Arceus\n|-boost|p2a: Arceus|def|1\n|-boost|p2a: Arceus|spd|1\n|move|p1a: Spiritomb|Pain Split|p2a: Arceus\n|-sethp|p2a: Arceus|259/284|[from] move: Pain Split|[silent]\n|-sethp|p1a: Spiritomb|100/100|[from] move: Pain Split\n|\n|upkeep\n|turn|42\n|inactive|Time left: 300 sec this turn | 300 sec total\n|\n|t:|1783571886\n|move|p2a: Arceus|Stored Power|p1a: Spiritomb\n|-immune|p1a: Spiritomb\n|move|p1a: Spiritomb|Pain Split|p2a: Arceus\n|-sethp|p2a: Arceus|246/284|[from] move: Pain Split|[silent]\n|-sethp|p1a: Spiritomb|100/100|[from] move: Pain Split\n|\n|upkeep\n|turn|43\n|inactive|Time left: 300 sec this turn | 300 sec total\n|\n|t:|1783571887\n|move|p2a: Arceus|Stored Power|p1a: Spiritomb\n|-immune|p1a: Spiritomb\n|move|p1a: Spiritomb|Foul Play|p2a: Arceus\n|-damage|p2a: Arceus|224/284\n|\n|upkeep\n|turn|44\n|inactive|Time left: 300 sec this turn | 300 sec total\n|\n|t:|1783571888\n|move|p2a: Arceus|Recover|p2a: Arceus\n|-heal|p2a: Arceus|284/284\n|move|p1a: Spiritomb|Toxic|p2a: Arceus\n|-immune|p2a: Arceus\n|\n|upkeep\n|turn|45\n|inactive|Time left: 300 sec this turn | 300 sec total\n|\n|t:|1783571889\n|move|p2a: Arceus|Body Press|p1a: Spiritomb\n|-immune|p1a: Spiritomb\n|move|p1a: Spiritomb|Pain Split|p2a: Arceus\n|-sethp|p2a: Arceus|259/284|[from] move: Pain Split|[silent]\n|-sethp|p1a: Spiritomb|100/100|[from] move: Pain Split\n|\n|upkeep\n|turn|46\n|inactive|Time left: 300 sec this turn | 300 sec total\n|\n|t:|1783571890\n|move|p2a: Arceus|Stored Power|p1a: Spiritomb\n|-immune|p1a: Spiritomb\n|move|p1a: Spiritomb|Toxic|p2a: Arceus\n|-immune|p2a: Arceus\n|\n|upkeep\n|turn|47\n|inactive|Time left: 300 sec this turn | 300 sec total\n|\n|t:|1783571891\n|move|p2a: Arceus|Body Press|p1a: Spiritomb\n|-immune|p1a: Spiritomb\n|move|p1a: Spiritomb|Pain Split|p2a: Arceus\n|-sethp|p2a: Arceus|246/284|[from] move: Pain Split|[silent]\n|-sethp|p1a: Spiritomb|100/100|[from] move: Pain Split\n|\n|upkeep\n|turn|48\n|inactive|Time left: 300 sec this turn | 300 sec total\n|\n|t:|1783571892\n|move|p2a: Arceus|Stored Power|p1a: Spiritomb\n|-immune|p1a: Spiritomb\n|move|p1a: Spiritomb|Foul Play|p2a: Arceus\n|-damage|p2a: Arceus|225/284\n|\n|upkeep\n|turn|49\n|inactive|Time left: 300 sec this turn | 300 sec total\n|\n|t:|1783571893\n|move|p2a: Arceus|Stored Power|p1a: Spiritomb\n|-immune|p1a: Spiritomb\n|move|p1a: Spiritomb|Foul Play|p2a: Arceus\n|-damage|p2a: Arceus|203/284\n|\n|upkeep\n|turn|50\n|inactive|Time left: 300 sec this turn | 300 sec total\n|\n|t:|1783571894\n|move|p2a: Arceus|Stored Power|p1a: Spiritomb\n|-immune|p1a: Spiritomb\n|move|p1a: Spiritomb|Foul Play|p2a: Arceus\n|-damage|p2a: Arceus|181/284\n|\n|upkeep\n|turn|51\n|inactive|Time left: 300 sec this turn | 300 sec total\n|\n|t:|1783571895\n|move|p2a: Arceus|Recover|p2a: Arceus\n|-heal|p2a: Arceus|284/284\n|move|p1a: Spiritomb|Foul Play|p2a: Arceus\n|-damage|p2a: Arceus|262/284\n|\n|upkeep\n|turn|52\n|inactive|Time left: 300 sec this turn | 300 sec total\n|\n|t:|1783571896\n|move|p2a: Arceus|Body Press|p1a: Spiritomb\n|-immune|p1a: Spiritomb\n|move|p1a: Spiritomb|Foul Play|p2a: Arceus\n|-damage|p2a: Arceus|240/284\n|\n|upkeep\n|turn|53\n|inactive|Time left: 300 sec this turn | 300 sec total\n|\n|t:|1783571897\n|move|p2a: Arceus|Stored Power|p1a: Spiritomb\n|-immune|p1a: Spiritomb\n|move|p1a: Spiritomb|Foul Play|p2a: Arceus\n|-damage|p2a: Arceus|219/284\n|\n|upkeep\n|turn|54\n|inactive|Time left: 300 sec this turn | 300 sec total\n|\n|t:|1783571898\n|move|p2a: Arceus|Stored Power|p1a: Spiritomb\n|-immune|p1a: Spiritomb\n|move|p1a: Spiritomb|Toxic|p2a: Arceus\n|-immune|p2a: Arceus\n|\n|upkeep\n|turn|55\n|inactive|Time left: 300 sec this turn | 300 sec total\n|\n|t:|1783571899\n|move|p2a: Arceus|Stored Power|p1a: Spiritomb\n|-immune|p1a: Spiritomb\n|move|p1a: Spiritomb|Toxic|p2a: Arceus\n|-immune|p2a: Arceus\n|\n|upkeep\n|turn|56\n|inactive|Time left: 300 sec this turn | 300 sec total\n|\n|t:|1783571900\n|move|p2a: Arceus|Recover|p2a: Arceus\n|-heal|p2a: Arceus|284/284\n|move|p1a: Spiritomb|Toxic|p2a: Arceus\n|-immune|p2a: Arceus\n|\n|upkeep\n|turn|57\n|inactive|Time left: 300 sec this turn | 300 sec total\n|\n|t:|1783571901\n|move|p2a: Arceus|Body Press|p1a: Spiritomb\n|-immune|p1a: Spiritomb\n|move|p1a: Spiritomb|Toxic|p2a: Arceus\n|-immune|p2a: Arceus\n|\n|upkeep\n|turn|58\n|inactive|Time left: 300 sec this turn | 300 sec total\n|\n|t:|1783571902\n|move|p2a: Arceus|Stored Power|p1a: Spiritomb\n|-immune|p1a: Spiritomb\n|move|p1a: Spiritomb|Foul Play|p2a: Arceus\n|-damage|p2a: Arceus|263/284\n|\n|upkeep\n|turn|59\n|inactive|Time left: 300 sec this turn | 300 sec total\n|\n|t:|1783571903\n|move|p2a: Arceus|Body Press|p1a: Spiritomb\n|-immune|p1a: Spiritomb\n|move|p1a: Spiritomb|Pain Split|p2a: Arceus\n|-sethp|p2a: Arceus|248/284|[from] move: Pain Split|[silent]\n|-sethp|p1a: Spiritomb|100/100|[from] move: Pain Split\n|\n|upkeep\n|turn|60\n|inactive|Time left: 300 sec this turn | 300 sec total\n|\n|t:|1783571904\n|move|p2a: Arceus|Stored Power|p1a: Spiritomb\n|-immune|p1a: Spiritomb\n|move|p1a: Spiritomb|Foul Play|p2a: Arceus\n|-damage|p2a: Arceus|229/284\n|\n|upkeep\n|turn|61\n|inactive|Time left: 300 sec this turn | 300 sec total\n|\n|t:|1783571905\n|move|p2a: Arceus|Stored Power|p1a: Spiritomb\n|-immune|p1a: Spiritomb\n|move|p1a: Spiritomb|Foul Play|p2a: Arceus\n|-damage|p2a: Arceus|207/284\n|\n|upkeep\n|turn|62\n|inactive|Time left: 300 sec this turn | 300 sec total\n|\n|t:|1783571906\n|move|p2a: Arceus|Recover|p2a: Arceus\n|-heal|p2a: Arceus|284/284\n|move|p1a: Spiritomb|Pain Split|p2a: Arceus\n|-sethp|p2a: Arceus|259/284|[from] move: Pain Split|[silent]\n|-sethp|p1a: Spiritomb|100/100|[from] move: Pain Split\n|\n|upkeep\n|turn|63\n|inactive|Time left: 300 sec this turn | 300 sec total\n|\n|t:|1783571907\n|move|p2a: Arceus|Stored Power|p1a: Spiritomb\n|-immune|p1a: Spiritomb\n|move|p1a: Spiritomb|Foul Play|p2a: Arceus\n|-damage|p2a: Arceus|237/284\n|\n|upkeep\n|turn|64\n|inactive|Time left: 300 sec this turn | 300 sec total\n|\n|t:|1783571908\n|move|p2a: Arceus|Cosmic Power|p2a: Arceus\n|-boost|p2a: Arceus|def|0\n|-boost|p2a: Arceus|spd|0\n|move|p1a: Spiritomb|Foul Play|p2a: Arceus\n|-damage|p2a: Arceus|218/284\n|\n|upkeep\n|turn|65\n|inactive|Time left: 300 sec this turn | 300 sec total\n|\n|t:|1783571908\n|move|p2a: Arceus|Cosmic Power|p2a: Arceus\n|-boost|p2a: Arceus|def|0\n|-boost|p2a: Arceus|spd|0\n|move|p1a: Spiritomb|Toxic|p2a: Arceus\n|-immune|p2a: Arceus\n|\n|upkeep\n|turn|66\n|inactive|Time left: 300 sec this turn | 300 sec total\n|\n|t:|1783571909\n|move|p2a: Arceus|Body Press|p1a: Spiritomb\n|-immune|p1a: Spiritomb\n|move|p1a: Spiritomb|Pain Split|p2a: Arceus\n|-sethp|p2a: Arceus|226/284|[from] move: Pain Split|[silent]\n|-sethp|p1a: Spiritomb|97/100|[from] move: Pain Split\n|\n|-heal|p1a: Spiritomb|100/100|[from] item: Leftovers\n|upkeep\n|turn|67\n|inactive|Time left: 300 sec this turn | 300 sec total\n|\n|t:|1783571910\n|move|p2a: Arceus|Cosmic Power|p2a: Arceus\n|-boost|p2a: Arceus|def|0\n|-boost|p2a: Arceus|spd|0\n|move|p1a: Spiritomb|Pain Split|p2a: Arceus\n|-sethp|p2a: Arceus|230/284|[from] move: Pain Split|[silent]\n|-sethp|p1a: Spiritomb|99/100|[from] move: Pain Split\n|\n|-heal|p1a: Spiritomb|100/100|[from] item: Leftovers\n|upkeep\n|turn|68\n|inactive|Time left: 300 sec this turn | 300 sec total\n|\n|t:|1783571911\n|move|p2a: Arceus|Body Press|p1a: Spiritomb\n|-immune|p1a: Spiritomb\n|move|p1a: Spiritomb|Toxic|p2a: Arceus\n|-immune|p2a: Arceus\n|\n|upkeep\n|turn|69\n|inactive|Time left: 300 sec this turn | 300 sec total\n|\n|t:|1783571912\n|move|p2a: Arceus|Body Press|p1a: Spiritomb\n|-immune|p1a: Spiritomb\n|move|p1a: Spiritomb|Toxic|p2a: Arceus\n|-immune|p2a: Arceus\n|\n|upkeep\n|turn|70\n|inactive|Time left: 300 sec this turn | 300 sec total\n|\n|t:|1783571913\n|move|p2a: Arceus|Body Press|p1a: Spiritomb\n|-immune|p1a: Spiritomb\n|move|p1a: Spiritomb|Pain Split|p2a: Arceus\n|-sethp|p2a: Arceus|232/284|[from] move: Pain Split|[silent]\n|-sethp|p1a: Spiritomb|99/100|[from] move: Pain Split\n|\n|-heal|p1a: Spiritomb|100/100|[from] item: Leftovers\n|upkeep\n|turn|71\n|inactive|Time left: 300 sec this turn | 300 sec total\n|\n|t:|1783571914\n|move|p2a: Arceus|Body Press|p1a: Spiritomb\n|-immune|p1a: Spiritomb\n|move|p1a: Spiritomb|Pain Split|p2a: Arceus\n|-sethp|p2a: Arceus|233/284|[from] move: Pain Split|[silent]\n|-sethp|p1a: Spiritomb|99/100|[from] move: Pain Split\n|\n|-heal|p1a: Spiritomb|100/100|[from] item: Leftovers\n|upkeep\n|turn|72\n|inactive|Time left: 300 sec this turn | 300 sec total\n|\n|t:|1783571915\n|move|p2a: Arceus|Body Press|p1a: Spiritomb\n|-immune|p1a: Spiritomb\n|move|p1a: Spiritomb|Pain Split|p2a: Arceus\n|-sethp|p2a: Arceus|233/284|[from] move: Pain Split|[silent]\n|-sethp|p1a: Spiritomb|99/100|[from] move: Pain Split\n|\n|-heal|p1a: Spiritomb|100/100|[from] item: Leftovers\n|upkeep\n|turn|73\n|inactive|Time left: 300 sec this turn | 300 sec total\n|\n|t:|1783571916\n|move|p2a: Arceus|Body Press|p1a: Spiritomb\n|-immune|p1a: Spiritomb\n|move|p1a: Spiritomb|Foul Play|p2a: Arceus\n|-damage|p2a: Arceus|212/284\n|\n|upkeep\n|turn|74\n|inactive|Time left: 300 sec this turn | 300 sec total\n|\n|t:|1783571917\n|move|p2a: Arceus|Body Press|p1a: Spiritomb\n|-immune|p1a: Spiritomb\n|move|p1a: Spiritomb|Foul Play|p2a: Arceus\n|-damage|p2a: Arceus|191/284\n|\n|upkeep\n|turn|75\n|inactive|Time left: 300 sec this turn | 300 sec total\n|\n|t:|1783571918\n|move|p2a: Arceus|Cosmic Power|p2a: Arceus\n|-boost|p2a: Arceus|def|0\n|-boost|p2a: Arceus|spd|0\n|move|p1a: Spiritomb|Toxic|p2a: Arceus\n|-immune|p2a: Arceus\n|\n|upkeep\n|turn|76\n|inactive|Time left: 300 sec this turn | 300 sec total\n|\n|t:|1783571919\n|move|p2a: Arceus|Cosmic Power|p2a: Arceus\n|-boost|p2a: Arceus|def|0\n|-boost|p2a: Arceus|spd|0\n|move|p1a: Spiritomb|Toxic|p2a: Arceus\n|-immune|p2a: Arceus\n|\n|upkeep\n|turn|77\n|inactive|Time left: 300 sec this turn | 300 sec total\n|\n|t:|1783571920\n|move|p2a: Arceus|Body Press|p1a: Spiritomb\n|-immune|p1a: Spiritomb\n|move|p1a: Spiritomb|Toxic|p2a: Arceus\n|-immune|p2a: Arceus\n|\n|upkeep\n|turn|78\n|inactive|Time left: 300 sec this turn | 300 sec total\n|\n|t:|1783571921\n|move|p2a: Arceus|Cosmic Power|p2a: Arceus\n|-boost|p2a: Arceus|def|0\n|-boost|p2a: Arceus|spd|0\n|move|p1a: Spiritomb|Toxic|p2a: Arceus\n|-immune|p2a: Arceus\n|\n|upkeep\n|turn|79\n|inactive|Time left: 300 sec this turn | 300 sec total\n|\n|t:|1783571922\n|move|p2a: Arceus|Cosmic Power|p2a: Arceus\n|-boost|p2a: Arceus|def|0\n|-boost|p2a: Arceus|spd|0\n|move|p1a: Spiritomb|Toxic|p2a: Arceus\n|-immune|p2a: Arceus\n|\n|upkeep\n|turn|80\n|inactive|Time left: 300 sec this turn | 300 sec total\n|\n|t:|1783571923\n|move|p2a: Arceus|Cosmic Power|p2a: Arceus\n|-boost|p2a: Arceus|def|0\n|-boost|p2a: Arceus|spd|0\n|move|p1a: Spiritomb|Toxic|p2a: Arceus\n|-immune|p2a: Arceus\n|\n|upkeep\n|turn|81\n|inactive|Time left: 300 sec this turn | 300 sec total\n|\n|t:|1783571924\n|move|p2a: Arceus|Cosmic Power|p2a: Arceus\n|-boost|p2a: Arceus|def|0\n|-boost|p2a: Arceus|spd|0\n|move|p1a: Spiritomb|Pain Split|p2a: Arceus\n|-sethp|p2a: Arceus|212/284|[from] move: Pain Split|[silent]\n|-sethp|p1a: Spiritomb|91/100|[from] move: Pain Split\n|\n|-heal|p1a: Spiritomb|97/100|[from] item: Leftovers\n|upkeep\n|turn|82\n|inactive|Time left: 300 sec this turn | 300 sec total\n|\n|t:|1783571925\n|move|p2a: Arceus|Cosmic Power|p2a: Arceus\n|-boost|p2a: Arceus|def|0\n|-boost|p2a: Arceus|spd|0\n|move|p1a: Spiritomb|Pain Split|p2a: Arceus\n|-sethp|p2a: Arceus|219/284|[from] move: Pain Split|[silent]\n|-sethp|p1a: Spiritomb|94/100|[from] move: Pain Split\n|\n|-heal|p1a: Spiritomb|99/100|[from] item: Leftovers\n|upkeep\n|turn|83\n|inactive|Time left: 300 sec this turn | 300 sec total\n|\n|t:|1783571926\n|move|p2a: Arceus|Cosmic Power|p2a: Arceus\n|-boost|p2a: Arceus|def|0\n|-boost|p2a: Arceus|spd|0\n|move|p1a: Spiritomb|Pain Split|p2a: Arceus\n|-sethp|p2a: Arceus|226/284|[from] move: Pain Split|[silent]\n|-sethp|p1a: Spiritomb|97/100|[from] move: Pain Split\n|\n|-heal|p1a: Spiritomb|100/100|[from] item: Leftovers\n|upkeep\n|turn|84\n|inactive|Time left: 300 sec this turn | 300 sec total\n|\n|t:|1783571927\n|move|p2a: Arceus|Cosmic Power|p2a: Arceus\n|-boost|p2a: Arceus|def|0\n|-boost|p2a: Arceus|spd|0\n|move|p1a: Spiritomb|Pain Split|p2a: Arceus\n|-sethp|p2a: Arceus|230/284|[from] move: Pain Split|[silent]\n|-sethp|p1a: Spiritomb|99/100|[from] move: Pain Split\n|\n|-heal|p1a: Spiritomb|100/100|[from] item: Leftovers\n|upkeep\n|turn|85\n|inactive|Time left: 300 sec this turn | 300 sec total\n|\n|t:|1783571928\n|move|p2a: Arceus|Cosmic Power|p2a: Arceus\n|-boost|p2a: Arceus|def|0\n|-boost|p2a: Arceus|spd|0\n|move|p1a: Spiritomb|Pain Split|p2a: Arceus\n|-sethp|p2a: Arceus|232/284|[from] move: Pain Split|[silent]\n|-sethp|p1a: Spiritomb|99/100|[from] move: Pain Split\n|\n|-heal|p1a: Spiritomb|100/100|[from] item: Leftovers\n|upkeep\n|turn|86\n|inactive|Time left: 300 sec this turn | 300 sec total\n|\n|t:|1783571928\n|move|p2a: Arceus|Cosmic Power|p2a: Arceus\n|-boost|p2a: Arceus|def|0\n|-boost|p2a: Arceus|spd|0\n|move|p1a: Spiritomb|Pain Split|p2a: Arceus\n|-sethp|p2a: Arceus|233/284|[from] move: Pain Split|[silent]\n|-sethp|p1a: Spiritomb|99/100|[from] move: Pain Split\n|\n|-heal|p1a: Spiritomb|100/100|[from] item: Leftovers\n|upkeep\n|turn|87\n|inactive|Time left: 300 sec this turn | 300 sec total\n|\n|t:|1783571929\n|move|p2a: Arceus|Cosmic Power|p2a: Arceus\n|-boost|p2a: Arceus|def|0\n|-boost|p2a: Arceus|spd|0\n|move|p1a: Spiritomb|Pain Split|p2a: Arceus\n|-sethp|p2a: Arceus|233/284|[from] move: Pain Split|[silent]\n|-sethp|p1a: Spiritomb|99/100|[from] move: Pain Split\n|\n|-heal|p1a: Spiritomb|100/100|[from] item: Leftovers\n|upkeep\n|turn|88\n|inactive|Time left: 300 sec this turn | 300 sec total\n|\n|t:|1783571930\n|move|p2a: Arceus|Cosmic Power|p2a: Arceus\n|-boost|p2a: Arceus|def|0\n|-boost|p2a: Arceus|spd|0\n|move|p1a: Spiritomb|Pain Split|p2a: Arceus\n|-sethp|p2a: Arceus|233/284|[from] move: Pain Split|[silent]\n|-sethp|p1a: Spiritomb|99/100|[from] move: Pain Split\n|\n|-heal|p1a: Spiritomb|100/100|[from] item: Leftovers\n|upkeep\n|turn|89\n|inactive|Time left: 300 sec this turn | 300 sec total\n|\n|t:|1783571931\n|move|p2a: Arceus|Cosmic Power|p2a: Arceus\n|-boost|p2a: Arceus|def|0\n|-boost|p2a: Arceus|spd|0\n|move|p1a: Spiritomb|Pain Split|p2a: Arceus\n|-sethp|p2a: Arceus|233/284|[from] move: Pain Split|[silent]\n|-sethp|p1a: Spiritomb|99/100|[from] move: Pain Split\n|\n|-heal|p1a: Spiritomb|100/100|[from] item: Leftovers\n|upkeep\n|turn|90\n|inactive|Time left: 300 sec this turn | 300 sec total\n|\n|t:|1783571932\n|move|p2a: Arceus|Cosmic Power|p2a: Arceus\n|-boost|p2a: Arceus|def|0\n|-boost|p2a: Arceus|spd|0\n|move|p1a: Spiritomb|Pain Split|p2a: Arceus\n|-sethp|p2a: Arceus|233/284|[from] move: Pain Split|[silent]\n|-sethp|p1a: Spiritomb|99/100|[from] move: Pain Split\n|\n|-heal|p1a: Spiritomb|100/100|[from] item: Leftovers\n|upkeep\n|turn|91\n|inactive|Time left: 300 sec this turn | 300 sec total\n|\n|t:|1783571933\n|move|p2a: Arceus|Cosmic Power|p2a: Arceus\n|-boost|p2a: Arceus|def|0\n|-boost|p2a: Arceus|spd|0\n|move|p1a: Spiritomb|Pain Split|p2a: Arceus\n|-sethp|p2a: Arceus|233/284|[from] move: Pain Split|[silent]\n|-sethp|p1a: Spiritomb|99/100|[from] move: Pain Split\n|\n|-heal|p1a: Spiritomb|100/100|[from] item: Leftovers\n|upkeep\n|turn|92\n|inactive|Time left: 300 sec this turn | 300 sec total\n|\n|t:|1783571934\n|move|p2a: Arceus|Cosmic Power|p2a: Arceus\n|-boost|p2a: Arceus|def|0\n|-boost|p2a: Arceus|spd|0\n|move|p1a: Spiritomb|Pain Split|p2a: Arceus\n|-sethp|p2a: Arceus|233/284|[from] move: Pain Split|[silent]\n|-sethp|p1a: Spiritomb|99/100|[from] move: Pain Split\n|\n|-heal|p1a: Spiritomb|100/100|[from] item: Leftovers\n|upkeep\n|turn|93\n|inactive|Time left: 300 sec this turn | 300 sec total\n|\n|t:|1783571935\n|move|p2a: Arceus|Cosmic Power|p2a: Arceus\n|-boost|p2a: Arceus|def|0\n|-boost|p2a: Arceus|spd|0\n|move|p1a: Spiritomb|Pain Split|p2a: Arceus\n|-sethp|p2a: Arceus|233/284|[from] move: Pain Split|[silent]\n|-sethp|p1a: Spiritomb|99/100|[from] move: Pain Split\n|\n|-heal|p1a: Spiritomb|100/100|[from] item: Leftovers\n|upkeep\n|turn|94\n|inactive|Time left: 300 sec this turn | 300 sec total\n|\n|t:|1783571936\n|move|p2a: Arceus|Body Press|p1a: Spiritomb\n|-immune|p1a: Spiritomb\n|move|p1a: Spiritomb|Pain Split|p2a: Arceus\n|-sethp|p2a: Arceus|233/284|[from] move: Pain Split|[silent]\n|-sethp|p1a: Spiritomb|99/100|[from] move: Pain Split\n|\n|-heal|p1a: Spiritomb|100/100|[from] item: Leftovers\n|upkeep\n|turn|95\n|inactive|Time left: 300 sec this turn | 300 sec total\n|\n|t:|1783571937\n|move|p2a: Arceus|Cosmic Power|p2a: Arceus\n|-boost|p2a: Arceus|def|0\n|-boost|p2a: Arceus|spd|0\n|move|p1a: Spiritomb|Pain Split|p2a: Arceus\n|-sethp|p2a: Arceus|233/284|[from] move: Pain Split|[silent]\n|-sethp|p1a: Spiritomb|99/100|[from] move: Pain Split\n|\n|-heal|p1a: Spiritomb|100/100|[from] item: Leftovers\n|upkeep\n|turn|96\n|inactive|Time left: 300 sec this turn | 300 sec total\n|\n|t:|1783571938\n|move|p2a: Arceus|Stored Power|p1a: Spiritomb\n|-immune|p1a: Spiritomb\n|move|p1a: Spiritomb|Pain Split|p2a: Arceus\n|-sethp|p2a: Arceus|233/284|[from] move: Pain Split|[silent]\n|-sethp|p1a: Spiritomb|99/100|[from] move: Pain Split\n|\n|-heal|p1a: Spiritomb|100/100|[from] item: Leftovers\n|upkeep\n|turn|97\n|inactive|Time left: 300 sec this turn | 300 sec total\n|\n|t:|1783571940\n|switch|p2a: Perrserker|Perrserker, L89, M|8/269\n|switch|p1a: Beartic|Beartic, L91, F|17/100\n|\n|upkeep\n|turn|98\n|inactive|Time left: 300 sec this turn | 300 sec total\n|\n|t:|1783571940\n|-terastallize|p1a: Beartic|Fighting\n|move|p1a: Beartic|Close Combat|p2a: Perrserker\n|-supereffective|p2a: Perrserker\n|-damage|p2a: Perrserker|0 fnt\n|-unboost|p1a: Beartic|def|1\n|-unboost|p1a: Beartic|spd|1\n|faint|p2a: Perrserker\n|\n|upkeep\n|inactive|Time left: 300 sec this turn | 300 sec total | 5 sec grace\n|\n|t:|1783571941\n|switch|p2a: Arceus|Arceus-Psychic, L70, tera:Steel|233/284\n|turn|99\n|inactive|Time left: 300 sec this turn | 300 sec total\n|\n|t:|1783571942\n|move|p2a: Arceus|Cosmic Power|p2a: Arceus\n|-boost|p2a: Arceus|def|1\n|-boost|p2a: Arceus|spd|1\n|move|p1a: Beartic|Close Combat|p2a: Arceus\n|-supereffective|p2a: Arceus\n|-damage|p2a: Arceus|0 fnt\n|-unboost|p1a: Beartic|def|1\n|-unboost|p1a: Beartic|spd|1\n|faint|p2a: Arceus\n|\n|win|p0x2848a141", "uploadtime": 1783571942, "views": 0, "rating": 0, "private": 0, "password": null, "_winner": "p0x2848a141", "_our_name": "p0y28489aeb"}