{"id": "battle-gen9randombattle-561", "formatid": "gen9randombattle", "format": "[Gen 9] Random Battle", "players": ["p0x561a6a5", "p0y561ca0f"], "log": "|init|battle\n|title|p0x561a6a5 vs. p0y561ca0f\n|j|\u2606p0x561a6a5\n|j|\u2606p0y561ca0f\n|t:|1783546301\n|gametype|singles\n|player|p1|p0x561a6a5|102|\n|player|p2|p0y561ca0f|169|\n|gen|9\n|tier|[Gen 9] Random Battle\n|rule|Species Clause: Limit one of each Pok\u00e9mon\n|rule|HP Percentage Mod: HP is shown in percentages\n|rule|Sleep Clause Mod: Limit one foe put to sleep\n|rule|Illusion Level Mod: Illusion disguises the Pok\u00e9mon's true level\n|\n|t:|1783546301\n|teamsize|p1|6\n|teamsize|p2|6\n|start\n|switch|p1a: Luvdisc|Luvdisc, F|247/247\n|switch|p2a: Suicune|Suicune, L82|100/100\n|-ability|p2a: Suicune|Pressure\n|turn|1\n|inactive|Battle timer is ON: inactive players will automatically lose when time's up. (requested by p0x561a6a5)\n|inactive|p0y561ca0f also wants the timer to be on.\n|\n|t:|1783546303\n|switch|p1a: Slaking|Slaking, L84, F|389/389\n|move|p2a: Suicune|Calm Mind|p2a: Suicune\n|-boost|p2a: Suicune|spa|1\n|-boost|p2a: Suicune|spd|1\n|\n|upkeep\n|turn|2\n|inactive|Time left: 300 sec this turn | 300 sec total\n|\n|t:|1783546303\n|move|p1a: Slaking|Giga Impact|p2a: Suicune\n|-damage|p2a: Suicune|0 fnt\n|-mustrecharge|p1a: Slaking\n|faint|p2a: Suicune\n|\n|upkeep\n|\n|t:|1783546304\n|switch|p2a: Serperior|Serperior, L79, M|100/100\n|turn|3\n|inactive|Time left: 300 sec this turn | 300 sec total\n|\n|t:|1783546305\n|move|p2a: Serperior|Substitute|p2a: Serperior\n|-start|p2a: Serperior|Substitute\n|-damage|p2a: Serperior|75/100\n|cant|p1a: Slaking|recharge\n|\n|-heal|p2a: Serperior|82/100|[from] item: Leftovers\n|upkeep\n|turn|4\n|inactive|Time left: 300 sec this turn | 300 sec total\n|\n|t:|1783546306\n|move|p2a: Serperior|Leaf Storm|p1a: Slaking\n|-damage|p1a: Slaking|260/389\n|-boost|p2a: Serperior|spa|2\n|move|p1a: Slaking|Giga Impact|p2a: Serperior\n|-end|p2a: Serperior|Substitute\n|-mustrecharge|p1a: Slaking\n|\n|-heal|p2a: Serperior|88/100|[from] item: Leftovers\n|upkeep\n|turn|5\n|inactive|Time left: 300 sec this turn | 300 sec total\n|\n|t:|1783546306\n|move|p2a: Serperior|Leaf Storm|p1a: Slaking\n|-damage|p1a: Slaking|1/389\n|-boost|p2a: Serperior|spa|2\n|cant|p1a: Slaking|recharge\n|\n|-heal|p2a: Serperior|94/100|[from] item: Leftovers\n|upkeep\n|turn|6\n|inactive|Time left: 300 sec this turn | 300 sec total\n|\n|t:|1783546307\n|move|p2a: Serperior|Leaf Storm|p1a: Slaking\n|-damage|p1a: Slaking|0 fnt\n|-boost|p2a: Serperior|spa|2\n|faint|p1a: Slaking\n|\n|-heal|p2a: Serperior|99/100|[from] item: Leftovers\n|upkeep\n|inactive|Time left: 300 sec this turn | 300 sec total | 5 sec grace\n|\n|t:|1783546308\n|switch|p1a: Dewgong|Dewgong, L94, F|322/322\n|turn|7\n|inactive|Time left: 300 sec this turn | 300 sec total\n|\n|t:|1783546309\n|-terastallize|p1a: Dewgong|Dragon\n|move|p2a: Serperior|Leaf Storm|p1a: Dewgong\n|-resisted|p1a: Dewgong\n|-damage|p1a: Dewgong|163/322\n|move|p1a: Dewgong|Triple Axel|p2a: Serperior\n|-supereffective|p2a: Serperior\n|-crit|p2a: Serperior\n|-damage|p2a: Serperior|72/100\n|-supereffective|p2a: Serperior\n|-damage|p2a: Serperior|36/100\n|-supereffective|p2a: Serperior\n|-crit|p2a: Serperior\n|-damage|p2a: Serperior|0 fnt\n|faint|p2a: Serperior\n|-hitcount|p2: Serperior|3\n|\n|upkeep\n|\n|t:|1783546311\n|switch|p2a: Garchomp|Garchomp, L74, F|100/100\n|turn|8\n|inactive|Time left: 300 sec this turn | 300 sec total\n|\n|t:|1783546312\n|move|p2a: Garchomp|Outrage|p1a: Dewgong\n|-supereffective|p1a: Dewgong\n|-damage|p1a: Dewgong|0 fnt\n|faint|p1a: Dewgong\n|\n|upkeep\n|inactive|Time left: 300 sec this turn | 300 sec total | 5 sec grace\n|\n|t:|1783546313\n|switch|p1a: Glimmora|Glimmora, L75, F|248/248\n|turn|9\n|inactive|Time left: 300 sec this turn | 300 sec total\n|\n|t:|1783546314\n|move|p2a: Garchomp|Outrage|p1a: Glimmora|[from] lockedmove\n|-damage|p1a: Glimmora|101/248\n|-activate|p1a: Glimmora|ability: Toxic Debris\n|-sidestart|p2: p0y561ca0f|move: Toxic Spikes\n|-start|p2a: Garchomp|confusion|[fatigue]\n|move|p1a: Glimmora|Earth Power|p2a: Garchomp\n|-damage|p2a: Garchomp|75/100\n|\n|upkeep\n|turn|10\n|inactive|Time left: 300 sec this turn | 300 sec total\n|\n|t:|1783546315\n|-activate|p2a: Garchomp|confusion\n|-damage|p2a: Garchomp|65/100|[from] confusion\n|move|p1a: Glimmora|Meteor Beam||[still]\n|-prepare|p1a: Glimmora|Meteor Beam\n|-boost|p1a: Glimmora|spa|1\n|-enditem|p1a: Glimmora|Power Herb\n|-anim|p1a: Glimmora|Meteor Beam|p2a: Garchomp\n|-resisted|p2a: Garchomp\n|-damage|p2a: Garchomp|26/100\n|\n|upkeep\n|turn|11\n|inactive|Time left: 300 sec this turn | 300 sec total\n|\n|t:|1783546316\n|-activate|p2a: Garchomp|confusion\n|move|p2a: Garchomp|Earthquake|p1a: Glimmora\n|-supereffective|p1a: Glimmora\n|-damage|p1a: Glimmora|0 fnt\n|-activate|p1a: Glimmora|ability: Toxic Debris\n|-sidestart|p2: p0y561ca0f|move: Toxic Spikes\n|faint|p1a: Glimmora\n|\n|upkeep\n|inactive|Time left: 300 sec this turn | 300 sec total | 5 sec grace\n|\n|t:|1783546317\n|switch|p1a: Sawsbuck|Sawsbuck-Autumn, L88, M|284/284\n|turn|12\n|inactive|Time left: 300 sec this turn | 300 sec total\n|\n|t:|1783546318\n|move|p1a: Sawsbuck|Swords Dance|p1a: Sawsbuck\n|-boost|p1a: Sawsbuck|atk|2\n|-activate|p2a: Garchomp|confusion\n|move|p2a: Garchomp|Outrage|p1a: Sawsbuck\n|-damage|p1a: Sawsbuck|152/284\n|\n|upkeep\n|turn|13\n|inactive|Time left: 300 sec this turn | 300 sec total\n|\n|t:|1783546319\n|move|p1a: Sawsbuck|Horn Leech|p2a: Garchomp\n|-damage|p2a: Garchomp|0 fnt\n|-heal|p1a: Sawsbuck|188/284|[from] drain|[of] p2a: Garchomp\n|-damage|p1a: Sawsbuck|153/284|[from] ability: Rough Skin|[of] p2a: Garchomp\n|-damage|p1a: Sawsbuck|106/284|[from] item: Rocky Helmet|[of] p2a: Garchomp\n|faint|p2a: Garchomp\n|-damage|p1a: Sawsbuck|78/284|[from] item: Life Orb\n|\n|upkeep\n|\n|t:|1783546320\n|switch|p2a: Hawlucha|Hawlucha, L80, M|100/100\n|turn|14\n|inactive|Time left: 300 sec this turn | 300 sec total\n|\n|t:|1783546321\n|switch|p1a: Talonflame|Talonflame, L83, M|265/265\n|move|p2a: Hawlucha|Brave Bird|p1a: Talonflame\n|-damage|p1a: Talonflame|132/265\n|-damage|p2a: Hawlucha|83/100|[from] Recoil\n|\n|upkeep\n|turn|15\n|inactive|Time left: 300 sec this turn | 300 sec total\n|\n|t:|1783546322\n|-terastallize|p2a: Hawlucha|Flying\n|move|p1a: Talonflame|Brave Bird|p2a: Hawlucha\n|-damage|p2a: Hawlucha|32/100\n|-damage|p1a: Talonflame|88/265|[from] Recoil\n|move|p2a: Hawlucha|Brave Bird|p1a: Talonflame\n|-damage|p1a: Talonflame|0 fnt\n|-status|p2a: Hawlucha|brn|[from] ability: Flame Body|[of] p1a: Talonflame\n|faint|p1a: Talonflame\n|-damage|p2a: Hawlucha|20/100 brn|[from] Recoil\n|\n|-damage|p2a: Hawlucha|14/100 brn|[from] brn\n|upkeep\n|inactive|Time left: 300 sec this turn | 300 sec total | 5 sec grace\n|\n|t:|1783546324\n|switch|p1a: Luvdisc|Luvdisc, F|247/247\n|turn|16\n|inactive|Time left: 300 sec this turn | 300 sec total\n|\n|t:|1783546325\n|switch|p2a: Scrafty|Scrafty, L83, M|100/100\n|-status|p2a: Scrafty|tox\n|move|p1a: Luvdisc|Whirlpool|p2a: Scrafty|[miss]\n|-miss|p1a: Luvdisc|p2a: Scrafty\n|\n|-activate|p2a: Scrafty|ability: Shed Skin\n|-curestatus|p2a: Scrafty|tox|[msg]\n|upkeep\n|turn|17\n|inactive|Time left: 300 sec this turn | 300 sec total\n|\n|t:|1783546326\n|move|p1a: Luvdisc|Surf|p2a: Scrafty\n|-damage|p2a: Scrafty|73/100\n|move|p2a: Scrafty|Bulk Up|p2a: Scrafty\n|-boost|p2a: Scrafty|atk|1\n|-boost|p2a: Scrafty|def|1\n|\n|-heal|p2a: Scrafty|80/100|[from] item: Leftovers\n|upkeep\n|turn|18\n|inactive|Time left: 300 sec this turn | 300 sec total\n|\n|t:|1783546327\n|move|p1a: Luvdisc|Substitute|p1a: Luvdisc\n|-start|p1a: Luvdisc|Substitute\n|-damage|p1a: Luvdisc|186/247\n|move|p2a: Scrafty|Drain Punch|p1a: Luvdisc\n|-end|p1a: Luvdisc|Substitute\n|-heal|p2a: Scrafty|92/100|[from] drain|[of] p1a: Luvdisc\n|\n|-heal|p2a: Scrafty|98/100|[from] item: Leftovers\n|upkeep\n|turn|19\n|inactive|Time left: 300 sec this turn | 300 sec total\n|\n|t:|1783546328\n|move|p1a: Luvdisc|Substitute|p1a: Luvdisc\n|-start|p1a: Luvdisc|Substitute\n|-damage|p1a: Luvdisc|125/247\n|move|p2a: Scrafty|Drain Punch|p1a: Luvdisc\n|-end|p1a: Luvdisc|Substitute\n|-heal|p2a: Scrafty|100/100|[from] drain|[of] p1a: Luvdisc\n|\n|upkeep\n|turn|20\n|inactive|Time left: 300 sec this turn | 300 sec total\n|\n|t:|1783546329\n|move|p1a: Luvdisc|Substitute|p1a: Luvdisc\n|-start|p1a: Luvdisc|Substitute\n|-damage|p1a: Luvdisc|64/247\n|move|p2a: Scrafty|Knock Off|p1a: Luvdisc\n|-end|p1a: Luvdisc|Substitute\n|\n|upkeep\n|turn|21\n|inactive|Time left: 300 sec this turn | 300 sec total\n|\n|t:|1783546330\n|move|p1a: Luvdisc|Substitute|p1a: Luvdisc\n|-start|p1a: Luvdisc|Substitute\n|-damage|p1a: Luvdisc|3/247\n|move|p2a: Scrafty|Drain Punch|p1a: Luvdisc\n|-end|p1a: Luvdisc|Substitute\n|\n|upkeep\n|turn|22\n|inactive|Time left: 300 sec this turn | 300 sec total\n|\n|t:|1783546331\n|move|p1a: Luvdisc|Endeavor|p2a: Scrafty\n|-damage|p2a: Scrafty|2/100\n|move|p2a: Scrafty|Knock Off|p1a: Luvdisc\n|-damage|p1a: Luvdisc|0 fnt\n|-enditem|p1a: Luvdisc|Heavy-Duty Boots|[from] move: Knock Off|[of] p2a: Scrafty\n|faint|p1a: Luvdisc\n|\n|-heal|p2a: Scrafty|8/100|[from] item: Leftovers\n|upkeep\n|inactive|Time left: 300 sec this turn | 300 sec total | 5 sec grace\n|\n|t:|1783546332\n|switch|p1a: Sawsbuck|Sawsbuck-Autumn, L88, M|78/284\n|turn|23\n|inactive|Time left: 300 sec this turn | 300 sec total\n|\n|t:|1783546333\n|move|p1a: Sawsbuck|High Horsepower|p2a: Scrafty\n|-damage|p2a: Scrafty|0 fnt\n|faint|p2a: Scrafty\n|-damage|p1a: Sawsbuck|50/284|[from] item: Life Orb\n|\n|upkeep\n|\n|t:|1783546334\n|switch|p2a: Hawlucha|Hawlucha, L80, M, tera:Flying|14/100 brn\n|turn|24\n|inactive|Time left: 300 sec this turn | 300 sec total\n|\n|t:|1783546335\n|move|p2a: Hawlucha|Brave Bird|p1a: Sawsbuck\n|-supereffective|p1a: Sawsbuck\n|-damage|p1a: Sawsbuck|0 fnt\n|faint|p1a: Sawsbuck\n|-damage|p2a: Hawlucha|8/100 brn|[from] Recoil\n|\n|win|p0y561ca0f", "uploadtime": 1783546335, "views": 0, "rating": 0, "private": 0, "password": null, "_winner": "p0y561ca0f", "_our_name": "p0x561a6a5"}