{"id": "battle-gen9randombattle-1657", "formatid": "gen9randombattle", "format": "[Gen 9] Random Battle", "players": ["p0x1657a1eb", "p0y16578fb2"], "log": "|init|battle\n|title|p0x1657a1eb vs. p0y16578fb2\n|j|\u2606p0x1657a1eb\n|j|\u2606p0y16578fb2\n|t:|1783559173\n|gametype|singles\n|player|p1|p0x1657a1eb|2|\n|player|p2|p0y16578fb2|170|\n|gen|9\n|tier|[Gen 9] Random Battle\n|rule|Species Clause: Limit one of each Pok\u00e9mon\n|rule|HP Percentage Mod: HP is shown in percentages\n|rule|Sleep Clause Mod: Limit one foe put to sleep\n|rule|Illusion Level Mod: Illusion disguises the Pok\u00e9mon's true level\n|\n|t:|1783559173\n|teamsize|p1|6\n|teamsize|p2|6\n|start\n|switch|p1a: Amoonguss|Amoonguss, L82, F|321/321\n|switch|p2a: Bronzong|Bronzong, L88|100/100\n|turn|1\n|inactive|Battle timer is ON: inactive players will automatically lose when time's up. (requested by p0y16578fb2)\n|inactive|Time left: 300 sec this turn | 300 sec total | 60 sec grace\n|inactive|p0x1657a1eb also wants the timer to be on.\n|\n|t:|1783559175\n|move|p2a: Bronzong|Iron Defense|p2a: Bronzong\n|-boost|p2a: Bronzong|def|2\n|move|p1a: Amoonguss|Spore|p2a: Bronzong\n|-status|p2a: Bronzong|slp|[from] move: Spore\n|-enditem|p2a: Bronzong|Chesto Berry|[eat]\n|-curestatus|p2a: Bronzong|slp|[msg]\n|\n|upkeep\n|turn|2\n|inactive|Time left: 300 sec this turn | 300 sec total\n|\n|t:|1783559176\n|move|p2a: Bronzong|Iron Head|p1a: Amoonguss\n|-damage|p1a: Amoonguss|213/321\n|move|p1a: Amoonguss|Spore|p2a: Bronzong\n|-status|p2a: Bronzong|slp|[from] move: Spore\n|\n|-heal|p1a: Amoonguss|233/321|[from] item: Leftovers\n|upkeep\n|turn|3\n|inactive|Time left: 300 sec this turn | 300 sec total\n|\n|t:|1783559177\n|switch|p2a: Slaking|Slaking, L84, F|100/100\n|switch|p1a: Garchomp|Garchomp, L74, F|282/282\n|\n|upkeep\n|turn|4\n|inactive|Time left: 300 sec this turn | 300 sec total\n|\n|t:|1783559178\n|switch|p1a: Sableye|Sableye, L88, F|231/231\n|move|p2a: Slaking|Giga Impact|p1a: Sableye\n|-immune|p1a: Sableye\n|\n|upkeep\n|turn|5\n|inactive|Time left: 300 sec this turn | 300 sec total\n|\n|t:|1783559180\n|switch|p2a: Clawitzer|Clawitzer, L87, M|100/100\n|move|p1a: Sableye|Knock Off|p2a: Clawitzer\n|-damage|p2a: Clawitzer|65/100\n|-enditem|p2a: Clawitzer|Choice Specs|[from] move: Knock Off|[of] p1a: Sableye\n|\n|upkeep\n|turn|6\n|inactive|Time left: 300 sec this turn | 300 sec total\n|\n|t:|1783559181\n|move|p2a: Clawitzer|Water Pulse|p1a: Sableye\n|-damage|p1a: Sableye|84/231\n|move|p1a: Sableye|Knock Off|p2a: Clawitzer\n|-damage|p2a: Clawitzer|40/100\n|\n|-heal|p1a: Sableye|98/231|[from] item: Leftovers\n|upkeep\n|turn|7\n|inactive|Time left: 300 sec this turn | 300 sec total\n|\n|t:|1783559182\n|move|p1a: Sableye|Recover|p1a: Sableye\n|-heal|p1a: Sableye|214/231\n|move|p2a: Clawitzer|Water Pulse|p1a: Sableye\n|-damage|p1a: Sableye|78/231\n|\n|-heal|p1a: Sableye|92/231|[from] item: Leftovers\n|upkeep\n|turn|8\n|inactive|Time left: 300 sec this turn | 300 sec total\n|\n|t:|1783559183\n|move|p1a: Sableye|Recover|p1a: Sableye\n|-heal|p1a: Sableye|208/231\n|move|p2a: Clawitzer|Water Pulse|p1a: Sableye\n|-crit|p1a: Sableye\n|-damage|p1a: Sableye|3/231\n|-start|p1a: Sableye|confusion\n|\n|-heal|p1a: Sableye|17/231|[from] item: Leftovers\n|upkeep\n|turn|9\n|inactive|Time left: 300 sec this turn | 300 sec total\n|\n|t:|1783559184\n|-activate|p1a: Sableye|confusion\n|-damage|p1a: Sableye|0 fnt|[from] confusion\n|faint|p1a: Sableye\n|move|p2a: Clawitzer|Dragon Pulse|p1: Sableye|[notarget]\n|-fail|p2a: Clawitzer\n|\n|upkeep\n|inactive|Time left: 300 sec this turn | 300 sec total | 5 sec grace\n|\n|t:|1783559185\n|switch|p1a: Crabominable|Crabominable, L90, M|321/321\n|turn|10\n|inactive|Time left: 300 sec this turn | 300 sec total\n|\n|t:|1783559186\n|move|p2a: Clawitzer|Water Pulse|p1a: Crabominable\n|-damage|p1a: Crabominable|228/321\n|move|p1a: Crabominable|Drain Punch|p2a: Clawitzer\n|-damage|p2a: Clawitzer|0 fnt\n|-heal|p1a: Crabominable|280/321|[from] drain|[of] p2a: Clawitzer\n|faint|p2a: Clawitzer\n|\n|upkeep\n|\n|t:|1783559187\n|switch|p2a: Slaking|Slaking, L84, F|100/100\n|turn|11\n|inactive|Time left: 300 sec this turn | 300 sec total\n|\n|t:|1783559188\n|move|p2a: Slaking|Giga Impact|p1a: Crabominable\n|-damage|p1a: Crabominable|0 fnt\n|-mustrecharge|p2a: Slaking\n|faint|p1a: Crabominable\n|\n|upkeep\n|inactive|Time left: 300 sec this turn | 300 sec total | 5 sec grace\n|\n|t:|1783559189\n|switch|p1a: Amoonguss|Amoonguss, L82, F|321/321\n|turn|12\n|inactive|Time left: 300 sec this turn | 300 sec total\n|\n|t:|1783559190\n|cant|p2a: Slaking|recharge\n|move|p1a: Amoonguss|Sludge Bomb|p2a: Slaking\n|-damage|p2a: Slaking|77/100\n|\n|upkeep\n|turn|13\n|inactive|Time left: 300 sec this turn | 300 sec total\n|\n|t:|1783559191\n|-terastallize|p1a: Amoonguss|Steel\n|move|p2a: Slaking|Giga Impact|p1a: Amoonguss\n|-resisted|p1a: Amoonguss\n|-damage|p1a: Amoonguss|93/321\n|-mustrecharge|p2a: Slaking\n|move|p1a: Amoonguss|Sludge Bomb|p2a: Slaking\n|-damage|p2a: Slaking|49/100\n|-status|p2a: Slaking|psn\n|\n|-heal|p1a: Amoonguss|113/321|[from] item: Leftovers\n|-damage|p2a: Slaking|36/100 psn|[from] psn\n|upkeep\n|turn|14\n|inactive|Time left: 300 sec this turn | 300 sec total\n|\n|t:|1783559192\n|cant|p2a: Slaking|recharge\n|move|p1a: Amoonguss|Sludge Bomb|p2a: Slaking\n|-damage|p2a: Slaking|10/100 psn\n|\n|-heal|p1a: Amoonguss|133/321|[from] item: Leftovers\n|-damage|p2a: Slaking|0 fnt|[from] psn\n|faint|p2a: Slaking\n|upkeep\n|\n|t:|1783559193\n|switch|p2a: Hitmontop|Hitmontop, L88, M|100/100\n|turn|15\n|inactive|Time left: 300 sec this turn | 300 sec total\n|\n|t:|1783559194\n|move|p2a: Hitmontop|Bulk Up|p2a: Hitmontop\n|-boost|p2a: Hitmontop|atk|1\n|-boost|p2a: Hitmontop|def|1\n|move|p1a: Amoonguss|Clear Smog|p2a: Hitmontop\n|-damage|p2a: Hitmontop|84/100\n|-clearboost|p2a: Hitmontop\n|\n|-heal|p2a: Hitmontop|91/100|[from] item: Leftovers\n|-heal|p1a: Amoonguss|153/321|[from] item: Leftovers\n|upkeep\n|turn|16\n|inactive|Time left: 300 sec this turn | 300 sec total\n|\n|t:|1783559195\n|switch|p1a: Garchomp|Garchomp, L74, F|282/282\n|move|p2a: Hitmontop|Close Combat|p1a: Garchomp\n|-damage|p1a: Garchomp|131/282\n|-unboost|p2a: Hitmontop|def|1\n|-unboost|p2a: Hitmontop|spd|1\n|-damage|p2a: Hitmontop|78/100|[from] ability: Rough Skin|[of] p1a: Garchomp\n|-damage|p2a: Hitmontop|62/100|[from] item: Rocky Helmet|[of] p1a: Garchomp\n|\n|-heal|p2a: Hitmontop|68/100|[from] item: Leftovers\n|upkeep\n|turn|17\n|inactive|Time left: 300 sec this turn | 300 sec total\n|\n|t:|1783559196\n|switch|p2a: Shaymin|Shaymin, L82|100/100\n|move|p1a: Garchomp|Outrage|p2a: Shaymin\n|-damage|p2a: Shaymin|62/100\n|\n|-heal|p2a: Shaymin|68/100|[from] item: Leftovers\n|upkeep\n|turn|18\n|inactive|Time left: 300 sec this turn | 300 sec total\n|\n|t:|1783559196\n|move|p2a: Shaymin|Seed Flare|p1a: Garchomp\n|-damage|p1a: Garchomp|0 fnt\n|faint|p1a: Garchomp\n|\n|-heal|p2a: Shaymin|74/100|[from] item: Leftovers\n|upkeep\n|inactive|Time left: 300 sec this turn | 300 sec total | 5 sec grace\n|\n|t:|1783559197\n|switch|p1a: Eternatus|Eternatus, L69|308/308\n|-ability|p1a: Eternatus|Pressure\n|turn|19\n|inactive|Time left: 300 sec this turn | 300 sec total\n|\n|t:|1783559198\n|move|p1a: Eternatus|Sludge Bomb|p2a: Shaymin\n|-supereffective|p2a: Shaymin\n|-damage|p2a: Shaymin|23/100\n|move|p2a: Shaymin|Earth Power|p1a: Eternatus\n|-supereffective|p1a: Eternatus\n|-damage|p1a: Eternatus|172/308\n|\n|-heal|p1a: Eternatus|191/308|[from] item: Leftovers\n|-heal|p2a: Shaymin|29/100|[from] item: Leftovers\n|upkeep\n|turn|20\n|inactive|Time left: 300 sec this turn | 300 sec total\n|\n|t:|1783559200\n|switch|p2a: Hitmontop|Hitmontop, L88, M|68/100\n|move|p1a: Eternatus|Fire Blast|p2a: Hitmontop\n|-damage|p2a: Hitmontop|40/100\n|\n|-heal|p1a: Eternatus|210/308|[from] item: Leftovers\n|-heal|p2a: Hitmontop|46/100|[from] item: Leftovers\n|upkeep\n|turn|21\n|inactive|Time left: 300 sec this turn | 300 sec total\n|\n|t:|1783559201\n|move|p1a: Eternatus|Sludge Bomb|p2a: Hitmontop\n|-damage|p2a: Hitmontop|13/100\n|-status|p2a: Hitmontop|psn\n|move|p2a: Hitmontop|Triple Axel|p1a: Eternatus\n|-supereffective|p1a: Eternatus\n|-damage|p1a: Eternatus|160/308\n|-hitcount|p1a: Eternatus|1\n|\n|-heal|p1a: Eternatus|179/308|[from] item: Leftovers\n|-heal|p2a: Hitmontop|20/100 psn|[from] item: Leftovers\n|-damage|p2a: Hitmontop|7/100 psn|[from] psn\n|upkeep\n|turn|22\n|inactive|Time left: 300 sec this turn | 300 sec total\n|\n|t:|1783559202\n|switch|p2a: Bronzong|Bronzong, L88|100/100 slp\n|move|p1a: Eternatus|Sludge Bomb|p2a: Bronzong\n|-immune|p2a: Bronzong\n|\n|-heal|p1a: Eternatus|198/308|[from] item: Leftovers\n|upkeep\n|turn|23\n|inactive|Time left: 300 sec this turn | 300 sec total\n|\n|t:|1783559203\n|move|p1a: Eternatus|Fire Blast|p2a: Bronzong\n|-supereffective|p2a: Bronzong\n|-damage|p2a: Bronzong|55/100 slp\n|cant|p2a: Bronzong|slp\n|\n|-heal|p1a: Eternatus|217/308|[from] item: Leftovers\n|upkeep\n|turn|24\n|inactive|Time left: 300 sec this turn | 300 sec total\n|\n|t:|1783559204\n|move|p1a: Eternatus|Fire Blast|p2a: Bronzong\n|-supereffective|p2a: Bronzong\n|-damage|p2a: Bronzong|15/100 slp\n|cant|p2a: Bronzong|slp\n|\n|-heal|p1a: Eternatus|236/308|[from] item: Leftovers\n|upkeep\n|turn|25\n|inactive|Time left: 300 sec this turn | 300 sec total\n|\n|t:|1783559205\n|move|p1a: Eternatus|Fire Blast|p2a: Bronzong|[miss]\n|-miss|p1a: Eternatus|p2a: Bronzong\n|cant|p2a: Bronzong|slp\n|\n|-heal|p1a: Eternatus|255/308|[from] item: Leftovers\n|upkeep\n|turn|26\n|inactive|Time left: 300 sec this turn | 300 sec total\n|\n|t:|1783559206\n|move|p1a: Eternatus|Fire Blast|p2a: Bronzong\n|-supereffective|p2a: Bronzong\n|-damage|p2a: Bronzong|0 fnt\n|faint|p2a: Bronzong\n|\n|-heal|p1a: Eternatus|274/308|[from] item: Leftovers\n|upkeep\n|\n|t:|1783559207\n|switch|p2a: Scyther|Scyther, L82, F|100/100\n|turn|27\n|inactive|Time left: 300 sec this turn | 300 sec total\n|\n|t:|1783559208\n|move|p1a: Eternatus|Sludge Bomb|p2a: Scyther\n|-damage|p2a: Scyther|61/100\n|-status|p2a: Scyther|psn\n|move|p2a: Scyther|Dual Wingbeat|p1a: Eternatus\n|-damage|p1a: Eternatus|193/308\n|-damage|p1a: Eternatus|112/308\n|-hitcount|p1a: Eternatus|2\n|\n|-heal|p1a: Eternatus|131/308|[from] item: Leftovers\n|-damage|p2a: Scyther|48/100 psn|[from] psn\n|upkeep\n|turn|28\n|inactive|Time left: 300 sec this turn | 300 sec total\n|\n|t:|1783559209\n|move|p1a: Eternatus|Recover|p1a: Eternatus\n|-heal|p1a: Eternatus|285/308\n|move|p2a: Scyther|Dual Wingbeat|p1a: Eternatus\n|-damage|p1a: Eternatus|210/308\n|-damage|p1a: Eternatus|138/308\n|-hitcount|p1a: Eternatus|2\n|\n|-heal|p1a: Eternatus|157/308|[from] item: Leftovers\n|-damage|p2a: Scyther|36/100 psn|[from] psn\n|upkeep\n|turn|29\n|inactive|Time left: 300 sec this turn | 300 sec total\n|\n|t:|1783559210\n|switch|p2a: Hitmontop|Hitmontop, L88, M|7/100 psn\n|move|p1a: Eternatus|Sludge Bomb|p2a: Hitmontop\n|-damage|p2a: Hitmontop|0 fnt\n|faint|p2a: Hitmontop\n|\n|-heal|p1a: Eternatus|176/308|[from] item: Leftovers\n|upkeep\n|\n|t:|1783559211\n|switch|p2a: Shaymin|Shaymin, L82|29/100\n|turn|30\n|inactive|Time left: 300 sec this turn | 300 sec total\n|\n|t:|1783559212\n|-terastallize|p2a: Shaymin|Steel\n|move|p1a: Eternatus|Fire Blast|p2a: Shaymin|[miss]\n|-miss|p1a: Eternatus|p2a: Shaymin\n|move|p2a: Shaymin|Earth Power|p1a: Eternatus\n|-supereffective|p1a: Eternatus\n|-damage|p1a: Eternatus|40/308\n|\n|-heal|p1a: Eternatus|59/308|[from] item: Leftovers\n|-heal|p2a: Shaymin|35/100|[from] item: Leftovers\n|upkeep\n|turn|31\n|inactive|Time left: 300 sec this turn | 300 sec total\n|\n|t:|1783559213\n|switch|p2a: Scyther|Scyther, L82, F|36/100 psn\n|move|p1a: Eternatus|Fire Blast|p2a: Scyther|[miss]\n|-miss|p1a: Eternatus|p2a: Scyther\n|\n|-heal|p1a: Eternatus|78/308|[from] item: Leftovers\n|-damage|p2a: Scyther|23/100 psn|[from] psn\n|upkeep\n|turn|32\n|inactive|Time left: 300 sec this turn | 300 sec total\n|\n|t:|1783559214\n|switch|p2a: Shaymin|Shaymin, L82, tera:Steel|35/100\n|move|p1a: Eternatus|Dynamax Cannon|p2a: Shaymin\n|-resisted|p2a: Shaymin\n|-damage|p2a: Shaymin|19/100\n|\n|-heal|p1a: Eternatus|97/308|[from] item: Leftovers\n|-heal|p2a: Shaymin|25/100|[from] item: Leftovers\n|upkeep\n|turn|33\n|inactive|Time left: 300 sec this turn | 300 sec total\n|\n|t:|1783559215\n|switch|p2a: Scyther|Scyther, L82, F|23/100 psn\n|move|p1a: Eternatus|Fire Blast|p2a: Scyther|[miss]\n|-miss|p1a: Eternatus|p2a: Scyther\n|\n|-heal|p1a: Eternatus|116/308|[from] item: Leftovers\n|-damage|p2a: Scyther|11/100 psn|[from] psn\n|upkeep\n|turn|34\n|inactive|Time left: 300 sec this turn | 300 sec total\n|\n|t:|1783559216\n|move|p1a: Eternatus|Recover|p1a: Eternatus\n|-heal|p1a: Eternatus|270/308\n|move|p2a: Scyther|U-turn|p1a: Eternatus\n|-resisted|p1a: Eternatus\n|-damage|p1a: Eternatus|225/308\n|\n|t:|1783559217\n|switch|p2a: Shaymin|Shaymin, L82, tera:Steel|25/100|[from] U-turn\n|\n|-heal|p1a: Eternatus|244/308|[from] item: Leftovers\n|-heal|p2a: Shaymin|31/100|[from] item: Leftovers\n|upkeep\n|turn|35\n|inactive|Time left: 300 sec this turn | 300 sec total\n|\n|t:|1783559219\n|move|p1a: Eternatus|Dynamax Cannon|p2a: Shaymin\n|-resisted|p2a: Shaymin\n|-damage|p2a: Shaymin|17/100\n|move|p2a: Shaymin|Synthesis|p2a: Shaymin\n|-heal|p2a: Shaymin|67/100\n|\n|-heal|p1a: Eternatus|263/308|[from] item: Leftovers\n|-heal|p2a: Shaymin|73/100|[from] item: Leftovers\n|upkeep\n|turn|36\n|inactive|Time left: 300 sec this turn | 300 sec total\n|\n|t:|1783559220\n|move|p1a: Eternatus|Recover|p1a: Eternatus\n|-heal|p1a: Eternatus|308/308\n|move|p2a: Shaymin|Earth Power|p1a: Eternatus\n|-supereffective|p1a: Eternatus\n|-damage|p1a: Eternatus|178/308\n|\n|-heal|p1a: Eternatus|197/308|[from] item: Leftovers\n|-heal|p2a: Shaymin|79/100|[from] item: Leftovers\n|upkeep\n|turn|37\n|inactive|Time left: 300 sec this turn | 300 sec total\n|\n|t:|1783559221\n|move|p1a: Eternatus|Recover|p1a: Eternatus\n|-heal|p1a: Eternatus|308/308\n|move|p2a: Shaymin|Earth Power|p1a: Eternatus\n|-supereffective|p1a: Eternatus\n|-damage|p1a: Eternatus|168/308\n|\n|-heal|p1a: Eternatus|187/308|[from] item: Leftovers\n|-heal|p2a: Shaymin|85/100|[from] item: Leftovers\n|upkeep\n|turn|38\n|inactive|Time left: 300 sec this turn | 300 sec total\n|\n|t:|1783559222\n|move|p1a: Eternatus|Recover|p1a: Eternatus\n|-heal|p1a: Eternatus|308/308\n|move|p2a: Shaymin|Earth Power|p1a: Eternatus\n|-supereffective|p1a: Eternatus\n|-damage|p1a: Eternatus|168/308\n|\n|-heal|p1a: Eternatus|187/308|[from] item: Leftovers\n|-heal|p2a: Shaymin|91/100|[from] item: Leftovers\n|upkeep\n|turn|39\n|inactive|Time left: 300 sec this turn | 300 sec total\n|\n|t:|1783559223\n|move|p1a: Eternatus|Recover|p1a: Eternatus\n|-heal|p1a: Eternatus|308/308\n|move|p2a: Shaymin|Earth Power|p1a: Eternatus\n|-supereffective|p1a: Eternatus\n|-damage|p1a: Eternatus|164/308\n|\n|-heal|p1a: Eternatus|183/308|[from] item: Leftovers\n|-heal|p2a: Shaymin|97/100|[from] item: Leftovers\n|upkeep\n|turn|40\n|inactive|Time left: 300 sec this turn | 300 sec total\n|\n|t:|1783559224\n|move|p1a: Eternatus|Recover|p1a: Eternatus\n|-heal|p1a: Eternatus|308/308\n|move|p2a: Shaymin|Earth Power|p1a: Eternatus\n|-supereffective|p1a: Eternatus\n|-damage|p1a: Eternatus|158/308\n|\n|-heal|p1a: Eternatus|177/308|[from] item: Leftovers\n|-heal|p2a: Shaymin|100/100|[from] item: Leftovers\n|upkeep\n|turn|41\n|inactive|Time left: 300 sec this turn | 300 sec total\n|\n|t:|1783559225\n|move|p1a: Eternatus|Recover|p1a: Eternatus\n|-heal|p1a: Eternatus|308/308\n|move|p2a: Shaymin|Earth Power|p1a: Eternatus\n|-supereffective|p1a: Eternatus\n|-damage|p1a: Eternatus|172/308\n|-unboost|p1a: Eternatus|spd|1\n|\n|-heal|p1a: Eternatus|191/308|[from] item: Leftovers\n|upkeep\n|turn|42\n|inactive|Time left: 300 sec this turn | 300 sec total\n|\n|t:|1783559226\n|switch|p1a: Amoonguss|Amoonguss, L82, F, tera:Steel|260/321\n|move|p2a: Shaymin|Seed Flare|p1a: Amoonguss\n|-resisted|p1a: Amoonguss\n|-damage|p1a: Amoonguss|191/321\n|-unboost|p1a: Amoonguss|spd|2\n|\n|-heal|p1a: Amoonguss|211/321|[from] item: Leftovers\n|upkeep\n|turn|43\n|inactive|Time left: 300 sec this turn | 300 sec total\n|\n|t:|1783559227\n|switch|p1a: Eternatus|Eternatus, L69|191/308\n|-ability|p1a: Eternatus|Pressure\n|move|p2a: Shaymin|Seed Flare|p1a: Eternatus\n|-resisted|p1a: Eternatus\n|-damage|p1a: Eternatus|157/308\n|-unboost|p1a: Eternatus|spd|2\n|\n|-heal|p1a: Eternatus|176/308|[from] item: Leftovers\n|upkeep\n|turn|44\n|inactive|Time left: 300 sec this turn | 300 sec total\n|\n|t:|1783559228\n|switch|p1a: Amoonguss|Amoonguss, L82, F, tera:Steel|318/321\n|move|p2a: Shaymin|Seed Flare|p1a: Amoonguss|[miss]\n|-miss|p2a: Shaymin|p1a: Amoonguss\n|\n|-heal|p1a: Amoonguss|321/321|[from] item: Leftovers\n|upkeep\n|turn|45\n|inactive|Time left: 300 sec this turn | 300 sec total\n|\n|t:|1783559229\n|move|p2a: Shaymin|Air Slash|p1a: Amoonguss\n|-resisted|p1a: Amoonguss\n|-crit|p1a: Amoonguss\n|-damage|p1a: Amoonguss|278/321\n|move|p1a: Amoonguss|Spore|p2a: Shaymin\n|-status|p2a: Shaymin|slp|[from] move: Spore\n|\n|-heal|p1a: Amoonguss|298/321|[from] item: Leftovers\n|upkeep\n|turn|46\n|inactive|Time left: 300 sec this turn | 300 sec total\n|\n|t:|1783559230\n|switch|p1a: Eternatus|Eternatus, L69|176/308\n|-ability|p1a: Eternatus|Pressure\n|cant|p2a: Shaymin|slp\n|\n|-heal|p1a: Eternatus|195/308|[from] item: Leftovers\n|upkeep\n|turn|47\n|inactive|Time left: 300 sec this turn | 300 sec total\n|\n|t:|1783559231\n|move|p1a: Eternatus|Sludge Bomb|p2a: Shaymin\n|-immune|p2a: Shaymin\n|cant|p2a: Shaymin|slp\n|\n|-heal|p1a: Eternatus|214/308|[from] item: Leftovers\n|upkeep\n|turn|48\n|inactive|Time left: 300 sec this turn | 300 sec total\n|\n|t:|1783559232\n|switch|p1a: Amoonguss|Amoonguss, L82, F, tera:Steel|321/321\n|-curestatus|p2a: Shaymin|slp|[msg]\n|move|p2a: Shaymin|Seed Flare|p1a: Amoonguss|[miss]\n|-miss|p2a: Shaymin|p1a: Amoonguss\n|\n|upkeep\n|turn|49\n|inactive|Time left: 300 sec this turn | 300 sec total\n|\n|t:|1783559233\n|move|p2a: Shaymin|Air Slash|p1a: Amoonguss\n|-resisted|p1a: Amoonguss\n|-damage|p1a: Amoonguss|294/321\n|move|p1a: Amoonguss|Spore|p2a: Shaymin\n|-status|p2a: Shaymin|slp|[from] move: Spore\n|\n|-heal|p1a: Amoonguss|314/321|[from] item: Leftovers\n|upkeep\n|turn|50\n|inactive|Time left: 300 sec this turn | 300 sec total\n|\n|t:|1783559234\n|switch|p1a: Eternatus|Eternatus, L69|214/308\n|-ability|p1a: Eternatus|Pressure\n|cant|p2a: Shaymin|slp\n|\n|-heal|p1a: Eternatus|233/308|[from] item: Leftovers\n|upkeep\n|turn|51\n|inactive|Time left: 300 sec this turn | 300 sec total\n|\n|t:|1783559235\n|move|p1a: Eternatus|Dynamax Cannon|p2a: Shaymin\n|-resisted|p2a: Shaymin\n|-damage|p2a: Shaymin|85/100 slp\n|cant|p2a: Shaymin|slp\n|\n|-heal|p1a: Eternatus|252/308|[from] item: Leftovers\n|-heal|p2a: Shaymin|91/100 slp|[from] item: Leftovers\n|upkeep\n|turn|52\n|inactive|Time left: 300 sec this turn | 300 sec total\n|\n|t:|1783559236\n|move|p1a: Eternatus|Dynamax Cannon|p2a: Shaymin\n|-resisted|p2a: Shaymin\n|-damage|p2a: Shaymin|75/100 slp\n|-curestatus|p2a: Shaymin|slp|[msg]\n|move|p2a: Shaymin|Air Slash|p1a: Eternatus\n|-damage|p1a: Eternatus|189/308\n|\n|-heal|p1a: Eternatus|208/308|[from] item: Leftovers\n|-heal|p2a: Shaymin|81/100|[from] item: Leftovers\n|upkeep\n|turn|53\n|inactive|Time left: 300 sec this turn | 300 sec total\n|\n|t:|1783559238\n|switch|p1a: Amoonguss|Amoonguss, L82, F, tera:Steel|321/321\n|move|p2a: Shaymin|Seed Flare|p1a: Amoonguss\n|-resisted|p1a: Amoonguss\n|-damage|p1a: Amoonguss|249/321\n|-unboost|p1a: Amoonguss|spd|2\n|\n|-heal|p2a: Shaymin|87/100|[from] item: Leftovers\n|-heal|p1a: Amoonguss|269/321|[from] item: Leftovers\n|upkeep\n|turn|54\n|inactive|Time left: 300 sec this turn | 300 sec total\n|\n|t:|1783559239\n|move|p2a: Shaymin|Air Slash|p1a: Amoonguss|[miss]\n|-miss|p2a: Shaymin|p1a: Amoonguss\n|move|p1a: Amoonguss|Spore|p2a: Shaymin\n|-status|p2a: Shaymin|slp|[from] move: Spore\n|\n|-heal|p2a: Shaymin|93/100 slp|[from] item: Leftovers\n|-heal|p1a: Amoonguss|289/321|[from] item: Leftovers\n|upkeep\n|turn|55\n|inactive|Time left: 300 sec this turn | 300 sec total\n|\n|t:|1783559240\n|switch|p1a: Eternatus|Eternatus, L69|208/308\n|-ability|p1a: Eternatus|Pressure\n|cant|p2a: Shaymin|slp\n|\n|-heal|p1a: Eternatus|227/308|[from] item: Leftovers\n|-heal|p2a: Shaymin|99/100 slp|[from] item: Leftovers\n|upkeep\n|turn|56\n|inactive|Time left: 300 sec this turn | 300 sec total\n|\n|t:|1783559241\n|move|p1a: Eternatus|Dynamax Cannon|p2a: Shaymin\n|-resisted|p2a: Shaymin\n|-damage|p2a: Shaymin|85/100 slp\n|cant|p2a: Shaymin|slp\n|\n|-heal|p1a: Eternatus|246/308|[from] item: Leftovers\n|-heal|p2a: Shaymin|91/100 slp|[from] item: Leftovers\n|upkeep\n|turn|57\n|inactive|Time left: 300 sec this turn | 300 sec total\n|\n|t:|1783559242\n|move|p1a: Eternatus|Sludge Bomb|p2a: Shaymin\n|-immune|p2a: Shaymin\n|cant|p2a: Shaymin|slp\n|\n|-heal|p1a: Eternatus|265/308|[from] item: Leftovers\n|-heal|p2a: Shaymin|97/100 slp|[from] item: Leftovers\n|upkeep\n|turn|58\n|inactive|Time left: 300 sec this turn | 300 sec total\n|\n|t:|1783559243\n|switch|p1a: Amoonguss|Amoonguss, L82, F, tera:Steel|321/321\n|-curestatus|p2a: Shaymin|slp|[msg]\n|move|p2a: Shaymin|Air Slash|p1a: Amoonguss\n|-resisted|p1a: Amoonguss\n|-damage|p1a: Amoonguss|295/321\n|\n|-heal|p2a: Shaymin|100/100|[from] item: Leftovers\n|-heal|p1a: Amoonguss|315/321|[from] item: Leftovers\n|upkeep\n|turn|59\n|inactive|Time left: 300 sec this turn | 300 sec total\n|\n|t:|1783559244\n|move|p2a: Shaymin|Air Slash|p1a: Amoonguss\n|-resisted|p1a: Amoonguss\n|-damage|p1a: Amoonguss|284/321\n|move|p1a: Amoonguss|Spore|p2a: Shaymin\n|-status|p2a: Shaymin|slp|[from] move: Spore\n|\n|-heal|p1a: Amoonguss|304/321|[from] item: Leftovers\n|upkeep\n|turn|60\n|inactive|Time left: 300 sec this turn | 300 sec total\n|\n|t:|1783559245\n|switch|p1a: Eternatus|Eternatus, L69|265/308\n|-ability|p1a: Eternatus|Pressure\n|cant|p2a: Shaymin|slp\n|\n|-heal|p1a: Eternatus|284/308|[from] item: Leftovers\n|upkeep\n|turn|61\n|inactive|Time left: 300 sec this turn | 300 sec total\n|\n|t:|1783559246\n|move|p1a: Eternatus|Dynamax Cannon|p2a: Shaymin\n|-resisted|p2a: Shaymin\n|-crit|p2a: Shaymin\n|-damage|p2a: Shaymin|77/100 slp\n|-curestatus|p2a: Shaymin|slp|[msg]\n|move|p2a: Shaymin|Air Slash|p1a: Eternatus\n|-damage|p1a: Eternatus|226/308\n|\n|-heal|p1a: Eternatus|245/308|[from] item: Leftovers\n|-heal|p2a: Shaymin|83/100|[from] item: Leftovers\n|upkeep\n|turn|62\n|inactive|Time left: 300 sec this turn | 300 sec total\n|\n|t:|1783559247\n|switch|p1a: Amoonguss|Amoonguss, L82, F, tera:Steel|321/321\n|move|p2a: Shaymin|Air Slash|p1a: Amoonguss\n|-resisted|p1a: Amoonguss\n|-damage|p1a: Amoonguss|294/321\n|\n|-heal|p2a: Shaymin|89/100|[from] item: Leftovers\n|-heal|p1a: Amoonguss|314/321|[from] item: Leftovers\n|upkeep\n|turn|63\n|inactive|Time left: 300 sec this turn | 300 sec total\n|\n|t:|1783559248\n|move|p2a: Shaymin|Air Slash|p1a: Amoonguss\n|-resisted|p1a: Amoonguss\n|-damage|p1a: Amoonguss|285/321\n|cant|p1a: Amoonguss|flinch\n|\n|-heal|p2a: Shaymin|95/100|[from] item: Leftovers\n|-heal|p1a: Amoonguss|305/321|[from] item: Leftovers\n|upkeep\n|turn|64\n|inactive|Time left: 300 sec this turn | 300 sec total\n|\n|t:|1783559249\n|move|p2a: Shaymin|Air Slash|p1a: Amoonguss\n|-resisted|p1a: Amoonguss\n|-damage|p1a: Amoonguss|279/321\n|cant|p1a: Amoonguss|flinch\n|\n|-heal|p2a: Shaymin|100/100|[from] item: Leftovers\n|-heal|p1a: Amoonguss|299/321|[from] item: Leftovers\n|upkeep\n|turn|65\n|inactive|Time left: 300 sec this turn | 300 sec total\n|\n|t:|1783559250\n|move|p2a: Shaymin|Air Slash|p1a: Amoonguss\n|-resisted|p1a: Amoonguss\n|-damage|p1a: Amoonguss|271/321\n|cant|p1a: Amoonguss|flinch\n|\n|-heal|p1a: Amoonguss|291/321|[from] item: Leftovers\n|upkeep\n|turn|66\n|inactive|Time left: 300 sec this turn | 300 sec total\n|\n|t:|1783559251\n|move|p2a: Shaymin|Air Slash|p1a: Amoonguss\n|-resisted|p1a: Amoonguss\n|-damage|p1a: Amoonguss|261/321\n|move|p1a: Amoonguss|Spore|p2a: Shaymin\n|-status|p2a: Shaymin|slp|[from] move: Spore\n|\n|-heal|p1a: Amoonguss|281/321|[from] item: Leftovers\n|upkeep\n|turn|67\n|inactive|Time left: 300 sec this turn | 300 sec total\n|\n|t:|1783559252\n|switch|p1a: Eternatus|Eternatus, L69|245/308\n|-ability|p1a: Eternatus|Pressure\n|cant|p2a: Shaymin|slp\n|\n|-heal|p1a: Eternatus|264/308|[from] item: Leftovers\n|upkeep\n|turn|68\n|inactive|Time left: 300 sec this turn | 300 sec total\n|\n|t:|1783559253\n|switch|p1a: Amoonguss|Amoonguss, L82, F, tera:Steel|321/321\n|cant|p2a: Shaymin|slp\n|\n|upkeep\n|turn|69\n|inactive|Time left: 300 sec this turn | 300 sec total\n|\n|t:|1783559254\n|cant|p2a: Shaymin|slp\n|move|p1a: Amoonguss|Spore|p2a: Shaymin\n|-fail|p2a: Shaymin|slp\n|\n|upkeep\n|turn|70\n|inactive|Time left: 300 sec this turn | 300 sec total\n|\n|t:|1783559255\n|-curestatus|p2a: Shaymin|slp|[msg]\n|move|p2a: Shaymin|Air Slash|p1a: Amoonguss\n|-resisted|p1a: Amoonguss\n|-damage|p1a: Amoonguss|294/321\n|move|p1a: Amoonguss|Spore|p2a: Shaymin\n|-status|p2a: Shaymin|slp|[from] move: Spore\n|\n|-heal|p1a: Amoonguss|314/321|[from] item: Leftovers\n|upkeep\n|turn|71\n|inactive|Time left: 300 sec this turn | 300 sec total\n|\n|t:|1783559256\n|switch|p1a: Eternatus|Eternatus, L69|264/308\n|-ability|p1a: Eternatus|Pressure\n|cant|p2a: Shaymin|slp\n|\n|-heal|p1a: Eternatus|283/308|[from] item: Leftovers\n|upkeep\n|turn|72\n|inactive|Time left: 300 sec this turn | 300 sec total\n|\n|t:|1783559257\n|move|p1a: Eternatus|Dynamax Cannon|p2a: Shaymin\n|-resisted|p2a: Shaymin\n|-damage|p2a: Shaymin|85/100 slp\n|-curestatus|p2a: Shaymin|slp|[msg]\n|move|p2a: Shaymin|Air Slash|p1a: Eternatus\n|-damage|p1a: Eternatus|227/308\n|\n|-heal|p1a: Eternatus|246/308|[from] item: Leftovers\n|-heal|p2a: Shaymin|91/100|[from] item: Leftovers\n|upkeep\n|turn|73\n|inactive|Time left: 300 sec this turn | 300 sec total\n|\n|t:|1783559258\n|switch|p1a: Amoonguss|Amoonguss, L82, F, tera:Steel|321/321\n|move|p2a: Shaymin|Air Slash|p1a: Amoonguss\n|-resisted|p1a: Amoonguss\n|-damage|p1a: Amoonguss|293/321\n|\n|-heal|p2a: Shaymin|97/100|[from] item: Leftovers\n|-heal|p1a: Amoonguss|313/321|[from] item: Leftovers\n|upkeep\n|turn|74\n|inactive|Time left: 300 sec this turn | 300 sec total\n|\n|t:|1783559259\n|move|p2a: Shaymin|Air Slash|p1a: Amoonguss|[miss]\n|-miss|p2a: Shaymin|p1a: Amoonguss\n|move|p1a: Amoonguss|Spore|p2a: Shaymin\n|-status|p2a: Shaymin|slp|[from] move: Spore\n|\n|-heal|p2a: Shaymin|100/100 slp|[from] item: Leftovers\n|-heal|p1a: Amoonguss|321/321|[from] item: Leftovers\n|upkeep\n|turn|75\n|inactive|Time left: 300 sec this turn | 300 sec total\n|\n|t:|1783559260\n|cant|p2a: Shaymin|slp\n|move|p1a: Amoonguss|Sludge Bomb|p2a: Shaymin\n|-immune|p2a: Shaymin\n|\n|upkeep\n|turn|76\n|inactive|Time left: 300 sec this turn | 300 sec total\n|\n|t:|1783559261\n|cant|p2a: Shaymin|slp\n|move|p1a: Amoonguss|Spore|p2a: Shaymin\n|-fail|p2a: Shaymin|slp\n|\n|upkeep\n|turn|77\n|inactive|Time left: 300 sec this turn | 300 sec total\n|\n|t:|1783559262\n|-curestatus|p2a: Shaymin|slp|[msg]\n|move|p2a: Shaymin|Synthesis|p2a: Shaymin\n|-fail|p2a: Shaymin|heal\n|move|p1a: Amoonguss|Spore|p2a: Shaymin\n|-status|p2a: Shaymin|slp|[from] move: Spore\n|\n|upkeep\n|turn|78\n|inactive|Time left: 300 sec this turn | 300 sec total\n|\n|t:|1783559263\n|switch|p1a: Eternatus|Eternatus, L69|246/308\n|-ability|p1a: Eternatus|Pressure\n|cant|p2a: Shaymin|slp\n|\n|-heal|p1a: Eternatus|265/308|[from] item: Leftovers\n|upkeep\n|turn|79\n|inactive|Time left: 300 sec this turn | 300 sec total\n|\n|t:|1783559264\n|move|p1a: Eternatus|Sludge Bomb|p2a: Shaymin\n|-immune|p2a: Shaymin\n|cant|p2a: Shaymin|slp\n|\n|-heal|p1a: Eternatus|284/308|[from] item: Leftovers\n|upkeep\n|turn|80\n|inactive|Time left: 300 sec this turn | 300 sec total\n|\n|t:|1783559265\n|switch|p1a: Amoonguss|Amoonguss, L82, F, tera:Steel|321/321\n|-curestatus|p2a: Shaymin|slp|[msg]\n|move|p2a: Shaymin|Air Slash|p1a: Amoonguss\n|-resisted|p1a: Amoonguss\n|-damage|p1a: Amoonguss|290/321\n|\n|-heal|p1a: Amoonguss|310/321|[from] item: Leftovers\n|upkeep\n|turn|81\n|inactive|Time left: 300 sec this turn | 300 sec total\n|\n|t:|1783559266\n|move|p2a: Shaymin|Air Slash|p1a: Amoonguss\n|-resisted|p1a: Amoonguss\n|-damage|p1a: Amoonguss|284/321\n|move|p1a: Amoonguss|Spore|p2a: Shaymin\n|-status|p2a: Shaymin|slp|[from] move: Spore\n|\n|-heal|p1a: Amoonguss|304/321|[from] item: Leftovers\n|upkeep\n|turn|82\n|inactive|Time left: 300 sec this turn | 300 sec total\n|\n|t:|1783559267\n|cant|p2a: Shaymin|slp\n|move|p1a: Amoonguss|Giga Drain|p2a: Shaymin\n|-resisted|p2a: Shaymin\n|-damage|p2a: Shaymin|89/100 slp\n|-heal|p1a: Amoonguss|321/321|[from] drain|[of] p2a: Shaymin\n|\n|-heal|p2a: Shaymin|95/100 slp|[from] item: Leftovers\n|upkeep\n|turn|83\n|inactive|Time left: 300 sec this turn | 300 sec total\n|\n|t:|1783559268\n|cant|p2a: Shaymin|slp\n|move|p1a: Amoonguss|Spore|p2a: Shaymin\n|-fail|p2a: Shaymin|slp\n|\n|-heal|p2a: Shaymin|100/100 slp|[from] item: Leftovers\n|upkeep\n|turn|84\n|inactive|Time left: 300 sec this turn | 300 sec total\n|\n|t:|1783559269\n|cant|p2a: Shaymin|slp\n|move|p1a: Amoonguss|Spore|p2a: Shaymin\n|-fail|p2a: Shaymin|slp\n|\n|upkeep\n|turn|85\n|inactive|Time left: 300 sec this turn | 300 sec total\n|\n|t:|1783559270\n|-curestatus|p2a: Shaymin|slp|[msg]\n|move|p2a: Shaymin|Air Slash|p1a: Amoonguss\n|-resisted|p1a: Amoonguss\n|-damage|p1a: Amoonguss|291/321\n|cant|p1a: Amoonguss|flinch\n|\n|-heal|p1a: Amoonguss|311/321|[from] item: Leftovers\n|upkeep\n|turn|86\n|inactive|Time left: 300 sec this turn | 300 sec total\n|\n|t:|1783559271\n|move|p2a: Shaymin|Air Slash|p1a: Amoonguss\n|-resisted|p1a: Amoonguss\n|-damage|p1a: Amoonguss|281/321\n|cant|p1a: Amoonguss|flinch\n|\n|-heal|p1a: Amoonguss|301/321|[from] item: Leftovers\n|upkeep\n|turn|87\n|inactive|Time left: 300 sec this turn | 300 sec total\n|\n|t:|1783559272\n|move|p2a: Shaymin|Synthesis|p2a: Shaymin\n|-fail|p2a: Shaymin|heal\n|move|p1a: Amoonguss|Spore|p2a: Shaymin\n|-status|p2a: Shaymin|slp|[from] move: Spore\n|\n|-heal|p1a: Amoonguss|321/321|[from] item: Leftovers\n|upkeep\n|turn|88\n|inactive|Time left: 300 sec this turn | 300 sec total\n|\n|t:|1783559273\n|switch|p1a: Eternatus|Eternatus, L69|284/308\n|-ability|p1a: Eternatus|Pressure\n|cant|p2a: Shaymin|slp\n|\n|-heal|p1a: Eternatus|303/308|[from] item: Leftovers\n|upkeep\n|turn|89\n|inactive|Time left: 300 sec this turn | 300 sec total\n|\n|t:|1783559274\n|move|p1a: Eternatus|Dynamax Cannon|p2a: Shaymin\n|-resisted|p2a: Shaymin\n|-damage|p2a: Shaymin|84/100 slp\n|cant|p2a: Shaymin|slp\n|\n|-heal|p1a: Eternatus|308/308|[from] item: Leftovers\n|-heal|p2a: Shaymin|90/100 slp|[from] item: Leftovers\n|upkeep\n|turn|90\n|inactive|Time left: 300 sec this turn | 300 sec total\n|\n|t:|1783559275\n|switch|p1a: Amoonguss|Amoonguss, L82, F, tera:Steel|321/321\n|-curestatus|p2a: Shaymin|slp|[msg]\n|move|p2a: Shaymin|Air Slash|p1a: Amoonguss\n|-resisted|p1a: Amoonguss\n|-damage|p1a: Amoonguss|292/321\n|\n|-heal|p2a: Shaymin|96/100|[from] item: Leftovers\n|-heal|p1a: Amoonguss|312/321|[from] item: Leftovers\n|upkeep\n|turn|91\n|inactive|Time left: 300 sec this turn | 300 sec total\n|\n|t:|1783559276\n|move|p2a: Shaymin|Synthesis|p2a: Shaymin\n|-heal|p2a: Shaymin|100/100\n|move|p1a: Amoonguss|Spore|p2a: Shaymin\n|-status|p2a: Shaymin|slp|[from] move: Spore\n|\n|-heal|p1a: Amoonguss|321/321|[from] item: Leftovers\n|upkeep\n|turn|92\n|inactive|Time left: 300 sec this turn | 300 sec total\n|\n|t:|1783559277\n|cant|p2a: Shaymin|slp\n|move|p1a: Amoonguss|Clear Smog|p2a: Shaymin\n|-immune|p2a: Shaymin\n|\n|upkeep\n|turn|93\n|inactive|Time left: 300 sec this turn | 300 sec total\n|\n|t:|1783559278\n|cant|p2a: Shaymin|slp\n|move|p1a: Amoonguss|Spore|p2a: Shaymin\n|-fail|p2a: Shaymin|slp\n|\n|upkeep\n|turn|94\n|inactive|Time left: 300 sec this turn | 300 sec total\n|\n|t:|1783559279\n|cant|p2a: Shaymin|slp\n|move|p1a: Amoonguss|Clear Smog|p2a: Shaymin\n|-immune|p2a: Shaymin\n|\n|upkeep\n|turn|95\n|inactive|Time left: 300 sec this turn | 300 sec total\n|\n|t:|1783559280\n|-curestatus|p2a: Shaymin|slp|[msg]\n|move|p2a: Shaymin|Synthesis|p2a: Shaymin\n|-fail|p2a: Shaymin|heal\n|move|p1a: Amoonguss|Spore|p2a: Shaymin\n|-status|p2a: Shaymin|slp|[from] move: Spore\n|\n|upkeep\n|turn|96\n|inactive|Time left: 300 sec this turn | 300 sec total\n|\n|t:|1783559281\n|switch|p1a: Eternatus|Eternatus, L69|308/308\n|-ability|p1a: Eternatus|Pressure\n|cant|p2a: Shaymin|slp\n|\n|upkeep\n|turn|97\n|inactive|Time left: 300 sec this turn | 300 sec total\n|\n|t:|1783559282\n|switch|p1a: Amoonguss|Amoonguss, L82, F, tera:Steel|321/321\n|cant|p2a: Shaymin|slp\n|\n|upkeep\n|turn|98\n|inactive|Time left: 300 sec this turn | 300 sec total\n|\n|t:|1783559284\n|cant|p2a: Shaymin|slp\n|move|p1a: Amoonguss|Clear Smog|p2a: Shaymin\n|-immune|p2a: Shaymin\n|\n|upkeep\n|turn|99\n|inactive|Time left: 300 sec this turn | 300 sec total\n|\n|t:|1783559285\n|switch|p1a: Eternatus|Eternatus, L69|308/308\n|-ability|p1a: Eternatus|Pressure\n|-curestatus|p2a: Shaymin|slp|[msg]\n|move|p2a: Shaymin|Synthesis|p2a: Shaymin\n|-fail|p2a: Shaymin|heal\n|\n|upkeep\n|turn|100\n|inactive|Time left: 300 sec this turn | 300 sec total\n|\n|t:|1783559286\n|move|p1a: Eternatus|Sludge Bomb|p2a: Shaymin\n|-immune|p2a: Shaymin\n|move|p2a: Shaymin|Synthesis|p2a: Shaymin\n|-fail|p2a: Shaymin|heal\n|\n|upkeep\n|turn|101\n|inactive|Time left: 300 sec this turn | 300 sec total\n|\n|t:|1783559287\n|switch|p1a: Amoonguss|Amoonguss, L82, F, tera:Steel|321/321\n|move|p2a: Shaymin|Seed Flare|p1a: Amoonguss\n|-resisted|p1a: Amoonguss\n|-damage|p1a: Amoonguss|252/321\n|\n|-heal|p1a: Amoonguss|272/321|[from] item: Leftovers\n|upkeep\n|turn|102\n|inactive|Time left: 300 sec this turn | 300 sec total\n|\n|t:|1783559288\n|switch|p1a: Ambipom|Ambipom, L84, M|263/263\n|move|p2a: Shaymin|Synthesis|p2a: Shaymin\n|-fail|p2a: Shaymin|heal\n|\n|upkeep\n|turn|103\n|inactive|Time left: 300 sec this turn | 300 sec total\n|\n|t:|1783559289\n|move|p1a: Ambipom|Fake Out|p2a: Shaymin\n|-resisted|p2a: Shaymin\n|-crit|p2a: Shaymin\n|-damage|p2a: Shaymin|81/100\n|cant|p2a: Shaymin|flinch\n|\n|-heal|p2a: Shaymin|87/100|[from] item: Leftovers\n|upkeep\n|turn|104\n|inactive|Time left: 300 sec this turn | 300 sec total\n|\n|t:|1783559289\n|switch|p2a: Scyther|Scyther, L82, F|11/100 psn\n|move|p1a: Ambipom|Knock Off|p2a: Scyther\n|-damage|p2a: Scyther|0 fnt\n|-enditem|p2a: Scyther|Heavy-Duty Boots|[from] move: Knock Off|[of] p1a: Ambipom\n|faint|p2a: Scyther\n|\n|upkeep\n|\n|t:|1783559290\n|switch|p2a: Shaymin|Shaymin, L82, tera:Steel|87/100\n|turn|105\n|inactive|Time left: 300 sec this turn | 300 sec total\n|\n|t:|1783559291\n|move|p1a: Ambipom|Knock Off|p2a: Shaymin\n|-damage|p2a: Shaymin|65/100\n|-enditem|p2a: Shaymin|Leftovers|[from] move: Knock Off|[of] p1a: Ambipom\n|-activate|p2a: Shaymin|move: Struggle\n|move|p2a: Shaymin|Struggle|p1a: Ambipom\n|-damage|p1a: Ambipom|227/263\n|-damage|p2a: Shaymin|40/100|[from] recoil\n|\n|upkeep\n|turn|106\n|inactive|Time left: 300 sec this turn | 300 sec total\n|\n|t:|1783559292\n|move|p1a: Ambipom|Double-Edge|p2a: Shaymin\n|-resisted|p2a: Shaymin\n|-damage|p2a: Shaymin|16/100\n|-damage|p1a: Ambipom|203/263|[from] Recoil\n|-activate|p2a: Shaymin|move: Struggle\n|move|p2a: Shaymin|Struggle|p1a: Ambipom\n|-damage|p1a: Ambipom|166/263\n|-damage|p2a: Shaymin|0 fnt|[from] recoil\n|faint|p2a: Shaymin\n|\n|win|p0x1657a1eb", "uploadtime": 1783559292, "views": 0, "rating": 0, "private": 0, "password": null, "_winner": "p0x1657a1eb", "_our_name": "p0x1657a1eb"}