{"id": "battle-gen9randombattle-1096", "formatid": "gen9randombattle", "format": "[Gen 9] Random Battle", "players": ["p0x1096d274", "p0y10967e65"], "log": "|init|battle\n|title|p0x1096d274 vs. p0y10967e65\n|j|\u2606p0x1096d274\n|j|\u2606p0y10967e65\n|t:|1783552673\n|gametype|singles\n|player|p1|p0x1096d274|1|\n|player|p2|p0y10967e65|170|\n|gen|9\n|tier|[Gen 9] Random Battle\n|rule|Species Clause: Limit one of each Pok\u00e9mon\n|rule|HP Percentage Mod: HP is shown in percentages\n|rule|Sleep Clause Mod: Limit one foe put to sleep\n|rule|Illusion Level Mod: Illusion disguises the Pok\u00e9mon's true level\n|\n|t:|1783552673\n|teamsize|p1|6\n|teamsize|p2|6\n|start\n|switch|p1a: Florges|Florges-Orange, L85, F|271/271\n|switch|p2a: Dudunsparce|Dudunsparce-Three-Segment, L83, M|100/100\n|turn|1\n|inactive|Battle timer is ON: inactive players will automatically lose when time's up. (requested by p0y10967e65)\n|inactive|Time left: 300 sec this turn | 300 sec total | 60 sec grace\n|inactive|p0x1096d274 also wants the timer to be on.\n|\n|t:|1783552675\n|switch|p2a: Lurantis|Lurantis, L87, F|100/100\n|move|p1a: Florges|Calm Mind|p1a: Florges\n|-boost|p1a: Florges|spa|1\n|-boost|p1a: Florges|spd|1\n|\n|upkeep\n|turn|2\n|inactive|Time left: 300 sec this turn | 300 sec total\n|\n|t:|1783552676\n|move|p1a: Florges|Moonblast|p2a: Lurantis\n|-damage|p2a: Lurantis|61/100\n|move|p2a: Lurantis|Superpower|p1a: Florges\n|-resisted|p1a: Florges\n|-damage|p1a: Florges|212/271\n|-boost|p2a: Lurantis|atk|1\n|-boost|p2a: Lurantis|def|1\n|\n|-heal|p1a: Florges|228/271|[from] item: Leftovers\n|upkeep\n|turn|3\n|inactive|Time left: 300 sec this turn | 300 sec total\n|\n|t:|1783552677\n|move|p1a: Florges|Moonblast|p2a: Lurantis\n|-damage|p2a: Lurantis|16/100\n|move|p2a: Lurantis|Superpower|p1a: Florges\n|-resisted|p1a: Florges\n|-damage|p1a: Florges|142/271\n|-boost|p2a: Lurantis|atk|1\n|-boost|p2a: Lurantis|def|1\n|\n|-heal|p1a: Florges|158/271|[from] item: Leftovers\n|upkeep\n|turn|4\n|inactive|Time left: 300 sec this turn | 300 sec total\n|\n|t:|1783552678\n|move|p1a: Florges|Moonblast|p2a: Lurantis\n|-damage|p2a: Lurantis|0 fnt\n|faint|p2a: Lurantis\n|\n|-heal|p1a: Florges|174/271|[from] item: Leftovers\n|upkeep\n|\n|t:|1783552679\n|switch|p2a: Medicham|Medicham, L86, F|100/100\n|turn|5\n|inactive|Time left: 300 sec this turn | 300 sec total\n|\n|t:|1783552680\n|move|p2a: Medicham|Poison Jab|p1a: Florges\n|-supereffective|p1a: Florges\n|-damage|p1a: Florges|0 fnt\n|faint|p1a: Florges\n|\n|upkeep\n|inactive|Time left: 300 sec this turn | 300 sec total | 5 sec grace\n|\n|t:|1783552681\n|switch|p1a: Arcanine|Arcanine-Hisui, L79, M|279/279\n|turn|6\n|inactive|Time left: 300 sec this turn | 300 sec total\n|\n|t:|1783552683\n|switch|p2a: Conkeldurr|Conkeldurr, L80, M|100/100\n|move|p1a: Arcanine|Flare Blitz|p2a: Conkeldurr\n|-damage|p2a: Conkeldurr|38/100\n|\n|-status|p2a: Conkeldurr|brn|[from] item: Flame Orb\n|upkeep\n|turn|7\n|inactive|Time left: 300 sec this turn | 300 sec total\n|\n|t:|1783552684\n|switch|p2a: Manaphy|Manaphy, L78|100/100\n|move|p1a: Arcanine|Flare Blitz|p2a: Manaphy\n|-resisted|p2a: Manaphy\n|-damage|p2a: Manaphy|70/100\n|\n|-heal|p2a: Manaphy|76/100|[from] item: Leftovers\n|upkeep\n|turn|8\n|inactive|Time left: 300 sec this turn | 300 sec total\n|\n|t:|1783552685\n|switch|p1a: Weavile|Weavile, L79, M|239/239\n|move|p2a: Manaphy|Tail Glow|p2a: Manaphy\n|-boost|p2a: Manaphy|spa|3\n|\n|-heal|p2a: Manaphy|82/100|[from] item: Leftovers\n|upkeep\n|turn|9\n|inactive|Time left: 300 sec this turn | 300 sec total\n|\n|t:|1783552687\n|move|p1a: Weavile|Knock Off|p2a: Manaphy\n|-damage|p2a: Manaphy|22/100\n|-enditem|p2a: Manaphy|Leftovers|[from] move: Knock Off|[of] p1a: Weavile\n|move|p2a: Manaphy|Hydro Pump|p1a: Weavile\n|-damage|p1a: Weavile|0 fnt\n|faint|p1a: Weavile\n|\n|upkeep\n|inactive|Time left: 300 sec this turn | 300 sec total | 5 sec grace\n|\n|t:|1783552688\n|switch|p1a: Arcanine|Arcanine-Hisui, L79, M|279/279\n|turn|10\n|inactive|Time left: 300 sec this turn | 300 sec total\n|\n|t:|1783552689\n|move|p1a: Arcanine|Extreme Speed|p2a: Manaphy\n|-damage|p2a: Manaphy|0 fnt\n|faint|p2a: Manaphy\n|\n|upkeep\n|\n|t:|1783552690\n|switch|p2a: Medicham|Medicham, L86, F|100/100\n|turn|11\n|inactive|Time left: 300 sec this turn | 300 sec total\n|\n|t:|1783552691\n|switch|p1a: Magearna|Magearna, L77|250/250\n|move|p2a: Medicham|Close Combat|p1a: Magearna\n|-damage|p1a: Magearna|82/250\n|-unboost|p2a: Medicham|def|1\n|-unboost|p2a: Medicham|spd|1\n|\n|-heal|p1a: Magearna|97/250|[from] item: Leftovers\n|upkeep\n|turn|12\n|inactive|Time left: 300 sec this turn | 300 sec total\n|\n|t:|1783552692\n|move|p2a: Medicham|Close Combat|p1a: Magearna\n|-damage|p1a: Magearna|0 fnt\n|-unboost|p2a: Medicham|def|1\n|-unboost|p2a: Medicham|spd|1\n|faint|p1a: Magearna\n|\n|upkeep\n|inactive|Time left: 300 sec this turn | 300 sec total | 5 sec grace\n|\n|t:|1783552693\n|switch|p1a: Malamar|Malamar, L82, M|275/275\n|turn|13\n|inactive|Time left: 300 sec this turn | 300 sec total\n|\n|t:|1783552694\n|move|p2a: Medicham|Close Combat|p1a: Malamar\n|-damage|p1a: Malamar|95/275\n|-unboost|p2a: Medicham|def|1\n|-unboost|p2a: Medicham|spd|1\n|move|p1a: Malamar|Knock Off|p2a: Medicham\n|-damage|p2a: Medicham|0 fnt\n|-enditem|p2a: Medicham|Choice Scarf|[from] move: Knock Off|[of] p1a: Malamar\n|faint|p2a: Medicham\n|\n|-heal|p1a: Malamar|112/275|[from] item: Leftovers\n|upkeep\n|\n|t:|1783552695\n|switch|p2a: Greninja|Greninja, L80, M|100/100\n|turn|14\n|inactive|Time left: 300 sec this turn | 300 sec total\n|\n|t:|1783552696\n|move|p2a: Greninja|Hydro Pump|p1a: Malamar\n|-damage|p1a: Malamar|0 fnt\n|faint|p1a: Malamar\n|-ability|p2a: Greninja|Battle Bond|boost\n|-boost|p2a: Greninja|atk|1\n|-boost|p2a: Greninja|spa|1\n|-boost|p2a: Greninja|spe|1\n|-activate|p2a: Greninja|ability: Battle Bond\n|-damage|p2a: Greninja|91/100|[from] item: Life Orb\n|\n|upkeep\n|inactive|Time left: 300 sec this turn | 300 sec total | 5 sec grace\n|\n|t:|1783552696\n|switch|p1a: Arcanine|Arcanine-Hisui, L79, M|279/279\n|turn|15\n|inactive|Time left: 300 sec this turn | 300 sec total\n|\n|t:|1783552697\n|move|p1a: Arcanine|Extreme Speed|p2a: Greninja\n|-damage|p2a: Greninja|45/100\n|move|p2a: Greninja|Hydro Pump|p1a: Arcanine\n|-supereffective|p1a: Arcanine\n|-damage|p1a: Arcanine|0 fnt\n|faint|p1a: Arcanine\n|-damage|p2a: Greninja|35/100|[from] item: Life Orb\n|\n|upkeep\n|inactive|Time left: 300 sec this turn | 300 sec total | 5 sec grace\n|\n|t:|1783552698\n|switch|p1a: Lycanroc|Lycanroc-Dusk, L81, M|254/254\n|turn|16\n|inactive|Time left: 300 sec this turn | 300 sec total\n|\n|t:|1783552699\n|move|p1a: Lycanroc|Accelerock|p2a: Greninja\n|-damage|p2a: Greninja|0 fnt\n|faint|p2a: Greninja\n|-damage|p1a: Lycanroc|229/254|[from] item: Life Orb\n|\n|upkeep\n|\n|t:|1783552700\n|switch|p2a: Dudunsparce|Dudunsparce-Three-Segment, L83, M|100/100\n|turn|17\n|inactive|Time left: 300 sec this turn | 300 sec total\n|\n|t:|1783552701\n|-terastallize|p1a: Lycanroc|Fighting\n|-terastallize|p2a: Dudunsparce|Ground\n|move|p1a: Lycanroc|Close Combat|p2a: Dudunsparce\n|-damage|p2a: Dudunsparce|28/100\n|-unboost|p1a: Lycanroc|def|1\n|-unboost|p1a: Lycanroc|spd|1\n|-damage|p1a: Lycanroc|204/254|[from] item: Life Orb\n|move|p2a: Dudunsparce|Earthquake|p1a: Lycanroc\n|-damage|p1a: Lycanroc|0 fnt\n|faint|p1a: Lycanroc\n|\n|win|p0y10967e65", "uploadtime": 1783552701, "views": 0, "rating": 0, "private": 0, "password": null, "_winner": "p0y10967e65", "_our_name": "p0x1096d274"}