{"id": "battle-gen9randombattle-1447", "formatid": "gen9randombattle", "format": "[Gen 9] Random Battle", "players": ["p0x144766e4", "p0y144726ab"], "log": "|init|battle\n|title|p0x144766e4 vs. p0y144726ab\n|j|\u2606p0x144766e4\n|j|\u2606p0y144726ab\n|t:|1783555909\n|gametype|singles\n|player|p1|p0x144766e4|266|\n|player|p2|p0y144726ab|266|\n|gen|9\n|tier|[Gen 9] Random Battle\n|rule|Species Clause: Limit one of each Pok\u00e9mon\n|rule|HP Percentage Mod: HP is shown in percentages\n|rule|Sleep Clause Mod: Limit one foe put to sleep\n|rule|Illusion Level Mod: Illusion disguises the Pok\u00e9mon's true level\n|\n|t:|1783555909\n|teamsize|p1|6\n|teamsize|p2|6\n|start\n|switch|p1a: Skarmory|Skarmory, L80, F|235/235\n|switch|p2a: Arcanine|Arcanine-Hisui, L79, F|100/100\n|turn|1\n|inactive|Battle timer is ON: inactive players will automatically lose when time's up. (requested by p0x144766e4)\n|inactive|p0y144726ab also wants the timer to be on.\n|\n|t:|1783555911\n|move|p2a: Arcanine|Flare Blitz|p1a: Skarmory\n|-supereffective|p1a: Skarmory\n|-damage|p1a: Skarmory|31/235\n|-damage|p2a: Arcanine|84/100|[from] item: Rocky Helmet|[of] p1a: Skarmory\n|move|p1a: Skarmory|Body Press|p2a: Arcanine\n|-supereffective|p2a: Arcanine\n|-damage|p2a: Arcanine|31/100\n|\n|upkeep\n|turn|2\n|inactive|Time left: 300 sec this turn | 300 sec total\n|\n|t:|1783555912\n|move|p2a: Arcanine|Flare Blitz|p1a: Skarmory\n|-supereffective|p1a: Skarmory\n|-damage|p1a: Skarmory|0 fnt\n|-damage|p2a: Arcanine|15/100|[from] item: Rocky Helmet|[of] p1a: Skarmory\n|faint|p1a: Skarmory\n|\n|upkeep\n|inactive|Time left: 300 sec this turn | 300 sec total | 5 sec grace\n|\n|t:|1783555914\n|switch|p1a: Heracross|Heracross, L80, F|259/259\n|turn|3\n|inactive|Time left: 300 sec this turn | 300 sec total\n|\n|t:|1783555915\n|move|p1a: Heracross|Megahorn|p2a: Arcanine\n|-resisted|p2a: Arcanine\n|-damage|p2a: Arcanine|0 fnt\n|faint|p2a: Arcanine\n|-ability|p1a: Heracross|Moxie|boost\n|-boost|p1a: Heracross|atk|1\n|\n|upkeep\n|\n|t:|1783555916\n|switch|p2a: Torkoal|Torkoal, L88, M|100/100\n|-weather|SunnyDay|[from] ability: Drought|[of] p2a: Torkoal\n|turn|4\n|inactive|Time left: 300 sec this turn | 300 sec total\n|\n|t:|1783555917\n|move|p1a: Heracross|Megahorn|p2a: Torkoal\n|-resisted|p2a: Torkoal\n|-damage|p2a: Torkoal|76/100\n|move|p2a: Torkoal|Lava Plume|p1a: Heracross\n|-supereffective|p1a: Heracross\n|-damage|p1a: Heracross|7/259\n|\n|-weather|SunnyDay|[upkeep]\n|upkeep\n|turn|5\n|inactive|Time left: 300 sec this turn | 300 sec total\n|\n|t:|1783555918\n|move|p1a: Heracross|Megahorn|p2a: Torkoal\n|-resisted|p2a: Torkoal\n|-damage|p2a: Torkoal|48/100\n|move|p2a: Torkoal|Lava Plume|p1a: Heracross\n|-supereffective|p1a: Heracross\n|-damage|p1a: Heracross|0 fnt\n|faint|p1a: Heracross\n|\n|-weather|SunnyDay|[upkeep]\n|upkeep\n|inactive|Time left: 300 sec this turn | 300 sec total | 5 sec grace\n|\n|t:|1783555919\n|switch|p1a: Ludicolo|Ludicolo, L90, F|290/290\n|turn|6\n|inactive|Time left: 300 sec this turn | 300 sec total\n|\n|t:|1783555920\n|move|p1a: Ludicolo|Hydro Pump|p2a: Torkoal\n|-supereffective|p2a: Torkoal\n|-damage|p2a: Torkoal|0 fnt\n|faint|p2a: Torkoal\n|\n|-weather|SunnyDay|[upkeep]\n|upkeep\n|\n|t:|1783555921\n|switch|p2a: Crawdaunt|Crawdaunt, L84, M|100/100\n|turn|7\n|inactive|Time left: 300 sec this turn | 300 sec total\n|\n|t:|1783555923\n|switch|p1a: Sandslash|Sandslash, L89, F|278/278\n|move|p2a: Crawdaunt|Knock Off|p1a: Sandslash\n|-damage|p1a: Sandslash|99/278\n|-enditem|p1a: Sandslash|Leftovers|[from] move: Knock Off|[of] p2a: Crawdaunt\n|-damage|p2a: Crawdaunt|91/100|[from] item: Life Orb\n|\n|-weather|SunnyDay|[upkeep]\n|upkeep\n|turn|8\n|inactive|Time left: 300 sec this turn | 300 sec total\n|\n|t:|1783555923\n|move|p1a: Sandslash|Earthquake|p2a: Crawdaunt\n|-damage|p2a: Crawdaunt|41/100\n|move|p2a: Crawdaunt|Dragon Dance|p2a: Crawdaunt\n|-boost|p2a: Crawdaunt|atk|1\n|-boost|p2a: Crawdaunt|spe|1\n|\n|-weather|none\n|upkeep\n|turn|9\n|inactive|Time left: 300 sec this turn | 300 sec total\n|\n|t:|1783555924\n|move|p2a: Crawdaunt|Knock Off|p1a: Sandslash\n|-damage|p1a: Sandslash|0 fnt\n|faint|p1a: Sandslash\n|-damage|p2a: Crawdaunt|31/100|[from] item: Life Orb\n|\n|upkeep\n|inactive|Time left: 300 sec this turn | 300 sec total | 5 sec grace\n|\n|t:|1783555926\n|switch|p1a: Raichu|Raichu, L88, F|249/249\n|turn|10\n|inactive|Time left: 300 sec this turn | 300 sec total\n|\n|t:|1783555927\n|move|p2a: Crawdaunt|Aqua Jet|p1a: Raichu\n|-damage|p1a: Raichu|75/249\n|-damage|p2a: Crawdaunt|21/100|[from] item: Life Orb\n|move|p1a: Raichu|Thunderbolt|p2a: Crawdaunt\n|-supereffective|p2a: Crawdaunt\n|-damage|p2a: Crawdaunt|0 fnt\n|faint|p2a: Crawdaunt\n|-damage|p1a: Raichu|51/249|[from] item: Life Orb\n|\n|upkeep\n|\n|t:|1783555929\n|switch|p2a: Wigglytuff|Wigglytuff, L96, M|100/100\n|turn|11\n|inactive|Time left: 300 sec this turn | 300 sec total\n|\n|t:|1783555930\n|switch|p1a: Ludicolo|Ludicolo, L90, F|290/290\n|move|p2a: Wigglytuff|Alluring Voice|p1a: Ludicolo\n|-damage|p1a: Ludicolo|208/290\n|\n|upkeep\n|turn|12\n|inactive|Time left: 300 sec this turn | 300 sec total\n|\n|t:|1783555931\n|move|p2a: Wigglytuff|Protect|p2a: Wigglytuff\n|-singleturn|p2a: Wigglytuff|Protect\n|move|p1a: Ludicolo|Hydro Pump|p2a: Wigglytuff\n|-activate|p2a: Wigglytuff|move: Protect\n|\n|upkeep\n|turn|13\n|inactive|Time left: 300 sec this turn | 300 sec total\n|\n|t:|1783555932\n|move|p1a: Ludicolo|Hydro Pump|p2a: Wigglytuff\n|-damage|p2a: Wigglytuff|45/100\n|move|p2a: Wigglytuff|Wish|p2a: Wigglytuff\n|\n|-heal|p2a: Wigglytuff|51/100|[from] item: Leftovers\n|upkeep\n|turn|14\n|inactive|Time left: 300 sec this turn | 300 sec total\n|\n|t:|1783555933\n|move|p2a: Wigglytuff|Protect|p2a: Wigglytuff\n|-singleturn|p2a: Wigglytuff|Protect\n|move|p1a: Ludicolo|Hydro Pump|p2a: Wigglytuff\n|-activate|p2a: Wigglytuff|move: Protect\n|\n|-heal|p2a: Wigglytuff|100/100|[from] move: Wish|[wisher] Wigglytuff\n|upkeep\n|turn|15\n|inactive|Time left: 300 sec this turn | 300 sec total\n|\n|t:|1783555934\n|move|p1a: Ludicolo|Hydro Pump|p2a: Wigglytuff\n|-damage|p2a: Wigglytuff|41/100\n|move|p2a: Wigglytuff|Wish|p2a: Wigglytuff\n|\n|-heal|p2a: Wigglytuff|47/100|[from] item: Leftovers\n|upkeep\n|turn|16\n|inactive|Time left: 300 sec this turn | 300 sec total\n|\n|t:|1783555935\n|move|p2a: Wigglytuff|Protect|p2a: Wigglytuff\n|-singleturn|p2a: Wigglytuff|Protect\n|move|p1a: Ludicolo|Hydro Pump|p2a: Wigglytuff\n|-activate|p2a: Wigglytuff|move: Protect\n|\n|-heal|p2a: Wigglytuff|97/100|[from] move: Wish|[wisher] Wigglytuff\n|-heal|p2a: Wigglytuff|100/100|[from] item: Leftovers\n|upkeep\n|turn|17\n|inactive|Time left: 300 sec this turn | 300 sec total\n|\n|t:|1783555936\n|switch|p2a: Slowbro|Slowbro, L85, M|100/100\n|move|p1a: Ludicolo|Hydro Pump|p2a: Slowbro\n|-resisted|p2a: Slowbro\n|-damage|p2a: Slowbro|69/100\n|\n|upkeep\n|turn|18\n|inactive|Time left: 300 sec this turn | 300 sec total\n|\n|t:|1783555937\n|move|p1a: Ludicolo|Hydro Pump|p2a: Slowbro\n|-resisted|p2a: Slowbro\n|-damage|p2a: Slowbro|34/100\n|move|p2a: Slowbro|Slack Off|p2a: Slowbro\n|-heal|p2a: Slowbro|84/100\n|\n|upkeep\n|turn|19\n|inactive|Time left: 300 sec this turn | 300 sec total\n|\n|t:|1783555938\n|switch|p1a: Illumise|Illumise, L91, F|266/266\n|move|p2a: Slowbro|Scald|p1a: Illumise\n|-crit|p1a: Illumise\n|-damage|p1a: Illumise|137/266\n|-status|p1a: Illumise|brn\n|\n|-damage|p1a: Illumise|121/266 brn|[from] brn\n|upkeep\n|turn|20\n|inactive|Time left: 300 sec this turn | 300 sec total\n|\n|t:|1783555940\n|switch|p1a: Ludicolo|Ludicolo, L90, F|208/290\n|switch|p2a: Wigglytuff|Wigglytuff, L96, M|100/100\n|\n|upkeep\n|turn|21\n|inactive|Time left: 300 sec this turn | 300 sec total\n|\n|t:|1783555941\n|move|p2a: Wigglytuff|Protect|p2a: Wigglytuff\n|-singleturn|p2a: Wigglytuff|Protect\n|move|p1a: Ludicolo|Giga Drain|p2a: Wigglytuff\n|-activate|p2a: Wigglytuff|move: Protect\n|\n|upkeep\n|turn|22\n|inactive|Time left: 300 sec this turn | 300 sec total\n|\n|t:|1783555941\n|move|p1a: Ludicolo|Giga Drain|p2a: Wigglytuff\n|-damage|p2a: Wigglytuff|58/100\n|-heal|p1a: Ludicolo|290/290|[from] drain|[of] p2a: Wigglytuff\n|move|p2a: Wigglytuff|Wish|p2a: Wigglytuff\n|\n|-heal|p2a: Wigglytuff|64/100|[from] item: Leftovers\n|upkeep\n|turn|23\n|inactive|Time left: 300 sec this turn | 300 sec total\n|\n|t:|1783555943\n|move|p1a: Ludicolo|Giga Drain|p2a: Wigglytuff\n|-damage|p2a: Wigglytuff|26/100\n|move|p2a: Wigglytuff|Alluring Voice|p1a: Ludicolo\n|-damage|p1a: Ludicolo|211/290\n|\n|-heal|p2a: Wigglytuff|76/100|[from] move: Wish|[wisher] Wigglytuff\n|-heal|p2a: Wigglytuff|82/100|[from] item: Leftovers\n|upkeep\n|turn|24\n|inactive|Time left: 300 sec this turn | 300 sec total\n|\n|t:|1783555944\n|move|p2a: Wigglytuff|Protect|p2a: Wigglytuff\n|-singleturn|p2a: Wigglytuff|Protect\n|move|p1a: Ludicolo|Giga Drain|p2a: Wigglytuff\n|-activate|p2a: Wigglytuff|move: Protect\n|\n|-heal|p2a: Wigglytuff|88/100|[from] item: Leftovers\n|upkeep\n|turn|25\n|inactive|Time left: 300 sec this turn | 300 sec total\n|\n|t:|1783555945\n|move|p1a: Ludicolo|Giga Drain|p2a: Wigglytuff\n|-damage|p2a: Wigglytuff|46/100\n|-heal|p1a: Ludicolo|290/290|[from] drain|[of] p2a: Wigglytuff\n|move|p2a: Wigglytuff|Wish|p2a: Wigglytuff\n|\n|-heal|p2a: Wigglytuff|52/100|[from] item: Leftovers\n|upkeep\n|turn|26\n|inactive|Time left: 300 sec this turn | 300 sec total\n|\n|t:|1783555946\n|-terastallize|p2a: Wigglytuff|Steel\n|move|p1a: Ludicolo|Giga Drain|p2a: Wigglytuff\n|-resisted|p2a: Wigglytuff\n|-damage|p2a: Wigglytuff|32/100\n|move|p2a: Wigglytuff|Alluring Voice|p1a: Ludicolo\n|-crit|p1a: Ludicolo\n|-damage|p1a: Ludicolo|169/290\n|\n|-heal|p2a: Wigglytuff|82/100|[from] move: Wish|[wisher] Wigglytuff\n|-heal|p2a: Wigglytuff|88/100|[from] item: Leftovers\n|upkeep\n|turn|27\n|inactive|Time left: 300 sec this turn | 300 sec total\n|\n|t:|1783555947\n|move|p1a: Ludicolo|Giga Drain|p2a: Wigglytuff\n|-resisted|p2a: Wigglytuff\n|-damage|p2a: Wigglytuff|67/100\n|-heal|p1a: Ludicolo|214/290|[from] drain|[of] p2a: Wigglytuff\n|move|p2a: Wigglytuff|Alluring Voice|p1a: Ludicolo\n|-damage|p1a: Ludicolo|123/290\n|\n|-heal|p2a: Wigglytuff|73/100|[from] item: Leftovers\n|upkeep\n|turn|28\n|inactive|Time left: 300 sec this turn | 300 sec total\n|\n|t:|1783555948\n|move|p1a: Ludicolo|Giga Drain|p2a: Wigglytuff\n|-resisted|p2a: Wigglytuff\n|-damage|p2a: Wigglytuff|52/100\n|-heal|p1a: Ludicolo|166/290|[from] drain|[of] p2a: Wigglytuff\n|move|p2a: Wigglytuff|Wish|p2a: Wigglytuff\n|\n|-heal|p2a: Wigglytuff|59/100|[from] item: Leftovers\n|upkeep\n|turn|29\n|inactive|Time left: 300 sec this turn | 300 sec total\n|\n|t:|1783555949\n|move|p1a: Ludicolo|Giga Drain|p2a: Wigglytuff\n|-resisted|p2a: Wigglytuff\n|-damage|p2a: Wigglytuff|40/100\n|-heal|p1a: Ludicolo|205/290|[from] drain|[of] p2a: Wigglytuff\n|move|p2a: Wigglytuff|Alluring Voice|p1a: Ludicolo\n|-crit|p1a: Ludicolo\n|-damage|p1a: Ludicolo|81/290\n|\n|-heal|p2a: Wigglytuff|90/100|[from] move: Wish|[wisher] Wigglytuff\n|-heal|p2a: Wigglytuff|96/100|[from] item: Leftovers\n|upkeep\n|turn|30\n|inactive|Time left: 300 sec this turn | 300 sec total\n|\n|t:|1783555950\n|move|p1a: Ludicolo|Giga Drain|p2a: Wigglytuff\n|-resisted|p2a: Wigglytuff\n|-damage|p2a: Wigglytuff|75/100\n|-heal|p1a: Ludicolo|127/290|[from] drain|[of] p2a: Wigglytuff\n|move|p2a: Wigglytuff|Alluring Voice|p1a: Ludicolo\n|-damage|p1a: Ludicolo|40/290\n|\n|-heal|p2a: Wigglytuff|81/100|[from] item: Leftovers\n|upkeep\n|turn|31\n|inactive|Time left: 300 sec this turn | 300 sec total\n|\n|t:|1783555951\n|move|p1a: Ludicolo|Giga Drain|p2a: Wigglytuff\n|-resisted|p2a: Wigglytuff\n|-damage|p2a: Wigglytuff|61/100\n|-heal|p1a: Ludicolo|82/290|[from] drain|[of] p2a: Wigglytuff\n|move|p2a: Wigglytuff|Alluring Voice|p1a: Ludicolo\n|-damage|p1a: Ludicolo|0 fnt\n|faint|p1a: Ludicolo\n|\n|-heal|p2a: Wigglytuff|67/100|[from] item: Leftovers\n|upkeep\n|inactive|Time left: 300 sec this turn | 300 sec total | 5 sec grace\n|\n|t:|1783555952\n|switch|p1a: Raichu|Raichu, L88, F|51/249\n|turn|32\n|inactive|Time left: 300 sec this turn | 300 sec total\n|\n|t:|1783555953\n|move|p1a: Raichu|Focus Blast|p2a: Wigglytuff|[miss]\n|-miss|p1a: Raichu|p2a: Wigglytuff\n|move|p2a: Wigglytuff|Alluring Voice|p1a: Raichu\n|-damage|p1a: Raichu|0 fnt\n|faint|p1a: Raichu\n|\n|-heal|p2a: Wigglytuff|73/100|[from] item: Leftovers\n|upkeep\n|inactive|Time left: 300 sec this turn | 300 sec total | 5 sec grace\n|\n|t:|1783555954\n|switch|p1a: Illumise|Illumise, L91, F|121/266 brn\n|turn|33\n|inactive|Time left: 300 sec this turn | 300 sec total\n|\n|t:|1783555955\n|move|p1a: Illumise|Roost|p1a: Illumise\n|-heal|p1a: Illumise|254/266 brn\n|-singleturn|p1a: Illumise|move: Roost\n|move|p2a: Wigglytuff|Fire Blast|p1a: Illumise\n|-supereffective|p1a: Illumise\n|-damage|p1a: Illumise|90/266 brn\n|\n|-heal|p2a: Wigglytuff|80/100|[from] item: Leftovers\n|-damage|p1a: Illumise|74/266 brn|[from] brn\n|upkeep\n|turn|34\n|inactive|Time left: 300 sec this turn | 300 sec total\n|\n|t:|1783555956\n|-terastallize|p1a: Illumise|Steel\n|move|p1a: Illumise|Roost|p1a: Illumise\n|-heal|p1a: Illumise|207/266 brn\n|move|p2a: Wigglytuff|Fire Blast|p1a: Illumise\n|-supereffective|p1a: Illumise\n|-damage|p1a: Illumise|29/266 brn\n|\n|-heal|p2a: Wigglytuff|86/100|[from] item: Leftovers\n|-damage|p1a: Illumise|13/266 brn|[from] brn\n|upkeep\n|turn|35\n|inactive|Time left: 300 sec this turn | 300 sec total\n|\n|t:|1783555957\n|move|p1a: Illumise|Roost|p1a: Illumise\n|-heal|p1a: Illumise|146/266 brn\n|move|p2a: Wigglytuff|Fire Blast|p1a: Illumise\n|-supereffective|p1a: Illumise\n|-damage|p1a: Illumise|0 fnt\n|faint|p1a: Illumise\n|\n|win|p0y144726ab", "uploadtime": 1783555957, "views": 0, "rating": 0, "private": 0, "password": null, "_winner": "p0y144726ab", "_our_name": "p0x144766e4"}