{"id": "battle-gen9randombattle-1987", "formatid": "gen9randombattle", "format": "[Gen 9] Random Battle", "players": ["p0x19874ddf", "p0y1987cb70"], "log": "|init|battle\n|title|p0x19874ddf vs. p0y1987cb70\n|j|\u2606p0x19874ddf\n|j|\u2606p0y1987cb70\n|t:|1783562238\n|gametype|singles\n|player|p1|p0x19874ddf|170|\n|player|p2|p0y1987cb70|265|\n|gen|9\n|tier|[Gen 9] Random Battle\n|rule|Species Clause: Limit one of each Pok\u00e9mon\n|rule|HP Percentage Mod: HP is shown in percentages\n|rule|Sleep Clause Mod: Limit one foe put to sleep\n|rule|Illusion Level Mod: Illusion disguises the Pok\u00e9mon's true level\n|\n|t:|1783562238\n|teamsize|p1|6\n|teamsize|p2|6\n|start\n|switch|p1a: Swampert|Swampert, L83, F|100/100\n|switch|p2a: Scrafty|Scrafty, L83, F|244/244\n|-ability|p2a: Scrafty|Intimidate|boost\n|-unboost|p1a: Swampert|atk|1\n|turn|1\n|inactive|Battle timer is ON: inactive players will automatically lose when time's up. (requested by p0x19874ddf)\n|inactive|Time left: 300 sec this turn | 300 sec total | 60 sec grace\n|inactive|p0y1987cb70 also wants the timer to be on.\n|\n|t:|1783562239\n|move|p1a: Swampert|Stealth Rock|p2a: Scrafty\n|-sidestart|p2: p0y1987cb70|move: Stealth Rock\n|move|p2a: Scrafty|Knock Off|p1a: Swampert\n|-damage|p1a: Swampert|71/100\n|-enditem|p1a: Swampert|Leftovers|[from] move: Knock Off|[of] p2a: Scrafty\n|\n|upkeep\n|turn|2\n|inactive|Time left: 300 sec this turn | 300 sec total\n|\n|t:|1783562241\n|switch|p1a: Porygon2|Porygon2, L81|100/100\n|-ability|p1a: Porygon2|Download|boost\n|-boost|p1a: Porygon2|spa|1\n|move|p2a: Scrafty|Dragon Dance|p2a: Scrafty\n|-boost|p2a: Scrafty|atk|1\n|-boost|p2a: Scrafty|spe|1\n|\n|upkeep\n|turn|3\n|inactive|Time left: 300 sec this turn | 300 sec total\n|\n|t:|1783562242\n|move|p2a: Scrafty|Knock Off|p1a: Porygon2\n|-damage|p1a: Porygon2|64/100\n|-enditem|p1a: Porygon2|Eviolite|[from] move: Knock Off|[of] p2a: Scrafty\n|move|p1a: Porygon2|Tri Attack|p2a: Scrafty\n|-damage|p2a: Scrafty|139/244\n|\n|-heal|p2a: Scrafty|154/244|[from] item: Leftovers\n|upkeep\n|turn|4\n|inactive|Time left: 300 sec this turn | 300 sec total\n|\n|t:|1783562243\n|-terastallize|p1a: Porygon2|Ghost\n|move|p2a: Scrafty|Drain Punch|p1a: Porygon2\n|-immune|p1a: Porygon2\n|move|p1a: Porygon2|Tri Attack|p2a: Scrafty\n|-damage|p2a: Scrafty|46/244\n|\n|-heal|p2a: Scrafty|61/244|[from] item: Leftovers\n|upkeep\n|turn|5\n|inactive|Time left: 300 sec this turn | 300 sec total\n|\n|t:|1783562244\n|switch|p1a: Urshifu|Urshifu-Rapid-Strike, L75, F|100/100\n|move|p2a: Scrafty|Knock Off|p1a: Urshifu\n|-resisted|p1a: Urshifu\n|-damage|p1a: Urshifu|74/100\n|-enditem|p1a: Urshifu|Choice Scarf|[from] move: Knock Off|[of] p2a: Scrafty\n|\n|-heal|p2a: Scrafty|76/244|[from] item: Leftovers\n|upkeep\n|turn|6\n|inactive|Time left: 300 sec this turn | 300 sec total\n|\n|t:|1783562245\n|move|p2a: Scrafty|Drain Punch|p1a: Urshifu\n|-damage|p1a: Urshifu|33/100\n|-heal|p2a: Scrafty|133/244|[from] drain|[of] p1a: Urshifu\n|move|p1a: Urshifu|Surging Strikes|p2a: Scrafty\n|-crit|p2a: Scrafty\n|-damage|p2a: Scrafty|94/244\n|-crit|p2a: Scrafty\n|-damage|p2a: Scrafty|60/244\n|-crit|p2a: Scrafty\n|-damage|p2a: Scrafty|20/244\n|-hitcount|p2a: Scrafty|3\n|\n|-heal|p2a: Scrafty|35/244|[from] item: Leftovers\n|upkeep\n|turn|7\n|inactive|Time left: 300 sec this turn | 300 sec total\n|\n|t:|1783562246\n|switch|p1a: Flutter Mane|Flutter Mane, L74|100/100\n|move|p2a: Scrafty|Drain Punch|p1a: Flutter Mane\n|-immune|p1a: Flutter Mane\n|\n|-heal|p2a: Scrafty|50/244|[from] item: Leftovers\n|upkeep\n|turn|8\n|inactive|Time left: 300 sec this turn | 300 sec total\n|\n|t:|1783562247\n|move|p1a: Flutter Mane|Mystical Fire|p2a: Scrafty\n|-damage|p2a: Scrafty|0 fnt\n|faint|p2a: Scrafty\n|-damage|p1a: Flutter Mane|91/100|[from] item: Life Orb\n|\n|upkeep\n|inactive|Time left: 300 sec this turn | 300 sec total | 5 sec grace\n|\n|t:|1783562248\n|switch|p2a: Arbok|Arbok, L87, F|246/246\n|-damage|p2a: Arbok|216/246|[from] Stealth Rock\n|-ability|p2a: Arbok|Intimidate|boost\n|-unboost|p1a: Flutter Mane|atk|1\n|turn|9\n|inactive|Time left: 300 sec this turn | 300 sec total\n|\n|t:|1783562249\n|-end|p1a: Flutter Mane|Protosynthesis|[silent]\n|switch|p1a: Mew|Mew, L82|100/100\n|move|p2a: Arbok|Gunk Shot|p1a: Mew\n|-damage|p1a: Mew|47/100\n|-damage|p2a: Arbok|192/246|[from] item: Life Orb\n|\n|upkeep\n|turn|10\n|inactive|Time left: 300 sec this turn | 300 sec total\n|\n|t:|1783562250\n|move|p1a: Mew|Psyshock|p2a: Arbok\n|-supereffective|p2a: Arbok\n|-damage|p2a: Arbok|0 fnt\n|faint|p2a: Arbok\n|-damage|p1a: Mew|37/100|[from] item: Life Orb\n|\n|upkeep\n|inactive|Time left: 300 sec this turn | 300 sec total | 5 sec grace\n|\n|t:|1783562251\n|switch|p2a: Lokix|Lokix, L82, F|251/251\n|-damage|p2a: Lokix|189/251|[from] Stealth Rock\n|turn|11\n|inactive|Time left: 300 sec this turn | 300 sec total\n|\n|t:|1783562252\n|switch|p1a: Swampert|Swampert, L83, F|71/100\n|move|p2a: Lokix|First Impression|p1a: Swampert\n|-damage|p1a: Swampert|32/100\n|\n|upkeep\n|turn|12\n|inactive|Time left: 300 sec this turn | 300 sec total\n|\n|t:|1783562253\n|move|p2a: Lokix|Knock Off|p1a: Swampert\n|-damage|p1a: Swampert|10/100\n|move|p1a: Swampert|Ice Beam|p2a: Lokix\n|-damage|p2a: Lokix|101/251\n|\n|upkeep\n|turn|13\n|inactive|Time left: 300 sec this turn | 300 sec total\n|\n|t:|1783562255\n|move|p2a: Lokix|Knock Off|p1a: Swampert\n|-damage|p1a: Swampert|0 fnt\n|faint|p1a: Swampert\n|\n|upkeep\n|\n|t:|1783562256\n|switch|p1a: Porygon2|Porygon2, L81, tera:Ghost|64/100\n|-ability|p1a: Porygon2|Download|boost\n|-boost|p1a: Porygon2|spa|1\n|turn|14\n|inactive|Time left: 300 sec this turn | 300 sec total\n|\n|t:|1783562257\n|move|p2a: Lokix|Knock Off|p1a: Porygon2\n|-supereffective|p1a: Porygon2\n|-damage|p1a: Porygon2|10/100\n|move|p1a: Porygon2|Recover|p1a: Porygon2\n|-heal|p1a: Porygon2|60/100\n|\n|upkeep\n|turn|15\n|inactive|Time left: 300 sec this turn | 300 sec total\n|\n|t:|1783562258\n|move|p2a: Lokix|Knock Off|p1a: Porygon2\n|-supereffective|p1a: Porygon2\n|-damage|p1a: Porygon2|6/100\n|move|p1a: Porygon2|Recover|p1a: Porygon2\n|-heal|p1a: Porygon2|56/100\n|\n|upkeep\n|turn|16\n|inactive|Time left: 300 sec this turn | 300 sec total\n|\n|t:|1783562259\n|move|p2a: Lokix|Knock Off|p1a: Porygon2\n|-supereffective|p1a: Porygon2\n|-damage|p1a: Porygon2|5/100\n|move|p1a: Porygon2|Recover|p1a: Porygon2\n|-heal|p1a: Porygon2|55/100\n|\n|upkeep\n|turn|17\n|inactive|Time left: 300 sec this turn | 300 sec total\n|\n|t:|1783562260\n|move|p2a: Lokix|Knock Off|p1a: Porygon2\n|-supereffective|p1a: Porygon2\n|-damage|p1a: Porygon2|6/100\n|move|p1a: Porygon2|Recover|p1a: Porygon2\n|-heal|p1a: Porygon2|56/100\n|\n|upkeep\n|turn|18\n|inactive|Time left: 300 sec this turn | 300 sec total\n|\n|t:|1783562260\n|move|p2a: Lokix|Knock Off|p1a: Porygon2\n|-supereffective|p1a: Porygon2\n|-damage|p1a: Porygon2|2/100\n|move|p1a: Porygon2|Recover|p1a: Porygon2\n|-heal|p1a: Porygon2|52/100\n|\n|upkeep\n|turn|19\n|inactive|Time left: 300 sec this turn | 300 sec total\n|\n|t:|1783562261\n|move|p2a: Lokix|Knock Off|p1a: Porygon2\n|-supereffective|p1a: Porygon2\n|-damage|p1a: Porygon2|0 fnt\n|faint|p1a: Porygon2\n|\n|upkeep\n|\n|t:|1783562262\n|switch|p1a: Flutter Mane|Flutter Mane, L74|91/100\n|turn|20\n|inactive|Time left: 300 sec this turn | 300 sec total\n|\n|t:|1783562263\n|switch|p2a: Goodra|Goodra-Hisui, L82, M|265/265\n|-damage|p2a: Goodra|249/265|[from] Stealth Rock\n|move|p1a: Flutter Mane|Mystical Fire|p2a: Goodra\n|-damage|p2a: Goodra|220/265\n|-unboost|p2a: Goodra|spa|1\n|-damage|p1a: Flutter Mane|81/100|[from] item: Life Orb\n|\n|upkeep\n|turn|21\n|inactive|Time left: 300 sec this turn | 300 sec total\n|\n|t:|1783562264\n|-end|p1a: Flutter Mane|Protosynthesis|[silent]\n|switch|p1a: Urshifu|Urshifu-Rapid-Strike, L75, F|33/100\n|move|p2a: Goodra|Heavy Slam|p1a: Urshifu\n|-resisted|p1a: Urshifu\n|-crit|p1a: Urshifu\n|-damage|p1a: Urshifu|11/100\n|\n|upkeep\n|turn|22\n|inactive|Time left: 300 sec this turn | 300 sec total\n|\n|t:|1783562264\n|switch|p2a: Jumpluff|Jumpluff, L87, M|271/271\n|-damage|p2a: Jumpluff|204/271|[from] Stealth Rock\n|move|p1a: Urshifu|Close Combat|p2a: Jumpluff\n|-resisted|p2a: Jumpluff\n|-damage|p2a: Jumpluff|126/271\n|-unboost|p1a: Urshifu|def|1\n|-unboost|p1a: Urshifu|spd|1\n|\n|upkeep\n|turn|23\n|inactive|Time left: 300 sec this turn | 300 sec total\n|\n|t:|1783562265\n|move|p2a: Jumpluff|Strength Sap|p1a: Urshifu\n|-unboost|p1a: Urshifu|atk|1\n|-heal|p2a: Jumpluff|271/271\n|move|p1a: Urshifu|Ice Spinner|p2a: Jumpluff\n|-supereffective|p2a: Jumpluff\n|-damage|p2a: Jumpluff|91/271\n|\n|upkeep\n|turn|24\n|inactive|Time left: 300 sec this turn | 300 sec total\n|\n|t:|1783562266\n|move|p2a: Jumpluff|Strength Sap|p1a: Urshifu\n|-unboost|p1a: Urshifu|atk|1\n|-heal|p2a: Jumpluff|250/271\n|move|p1a: Urshifu|Ice Spinner|p2a: Jumpluff\n|-supereffective|p2a: Jumpluff\n|-damage|p2a: Jumpluff|114/271\n|\n|upkeep\n|turn|25\n|inactive|Time left: 300 sec this turn | 300 sec total\n|\n|t:|1783562267\n|move|p2a: Jumpluff|Strength Sap|p1a: Urshifu\n|-unboost|p1a: Urshifu|atk|1\n|-heal|p2a: Jumpluff|233/271\n|move|p1a: Urshifu|U-turn|p2a: Jumpluff\n|-damage|p2a: Jumpluff|208/271\n|\n|t:|1783562268\n|switch|p1a: Flutter Mane|Flutter Mane, L74|81/100|[from] U-turn\n|\n|upkeep\n|turn|26\n|inactive|Time left: 300 sec this turn | 300 sec total\n|\n|t:|1783562269\n|move|p1a: Flutter Mane|Mystical Fire|p2a: Jumpluff\n|-supereffective|p2a: Jumpluff\n|-damage|p2a: Jumpluff|83/271\n|-unboost|p2a: Jumpluff|spa|1\n|-damage|p1a: Flutter Mane|71/100|[from] item: Life Orb\n|move|p2a: Jumpluff|Acrobatics|p1a: Flutter Mane\n|-damage|p1a: Flutter Mane|13/100\n|\n|upkeep\n|turn|27\n|inactive|Time left: 300 sec this turn | 300 sec total\n|\n|t:|1783562270\n|switch|p2a: Coalossal|Coalossal, L89, M|341/341\n|move|p1a: Flutter Mane|Mystical Fire|p2a: Coalossal\n|-resisted|p2a: Coalossal\n|-damage|p2a: Coalossal|324/341\n|-unboost|p2a: Coalossal|spa|1\n|-damage|p1a: Flutter Mane|3/100|[from] item: Life Orb\n|\n|upkeep\n|turn|28\n|inactive|Time left: 300 sec this turn | 300 sec total\n|\n|t:|1783562271\n|switch|p2a: Goodra|Goodra-Hisui, L82, M|220/265\n|-damage|p2a: Goodra|204/265|[from] Stealth Rock\n|move|p1a: Flutter Mane|Shadow Ball|p2a: Goodra\n|-damage|p2a: Goodra|153/265\n|-damage|p1a: Flutter Mane|0 fnt|[from] item: Life Orb\n|faint|p1a: Flutter Mane\n|-end|p1a: Flutter Mane|Protosynthesis|[silent]\n|\n|upkeep\n|\n|t:|1783562272\n|switch|p1a: Urshifu|Urshifu-Rapid-Strike, L75, F|11/100\n|turn|29\n|inactive|Time left: 300 sec this turn | 300 sec total\n|\n|t:|1783562273\n|move|p1a: Urshifu|Close Combat|p2a: Goodra\n|-supereffective|p2a: Goodra\n|-damage|p2a: Goodra|0 fnt\n|-unboost|p1a: Urshifu|def|1\n|-unboost|p1a: Urshifu|spd|1\n|faint|p2a: Goodra\n|\n|upkeep\n|inactive|Time left: 300 sec this turn | 300 sec total | 5 sec grace\n|\n|t:|1783562274\n|switch|p2a: Jumpluff|Jumpluff, L87, M|83/271\n|-damage|p2a: Jumpluff|16/271|[from] Stealth Rock\n|turn|30\n|inactive|Time left: 300 sec this turn | 300 sec total\n|\n|t:|1783562275\n|move|p2a: Jumpluff|Strength Sap|p1a: Urshifu\n|-unboost|p1a: Urshifu|atk|1\n|-heal|p2a: Jumpluff|255/271\n|move|p1a: Urshifu|Ice Spinner|p2a: Jumpluff\n|-supereffective|p2a: Jumpluff\n|-damage|p2a: Jumpluff|83/271\n|\n|upkeep\n|turn|31\n|inactive|Time left: 300 sec this turn | 300 sec total\n|\n|t:|1783562276\n|move|p2a: Jumpluff|Strength Sap|p1a: Urshifu\n|-unboost|p1a: Urshifu|atk|1\n|-heal|p2a: Jumpluff|242/271\n|move|p1a: Urshifu|Ice Spinner|p2a: Jumpluff\n|-supereffective|p2a: Jumpluff\n|-damage|p2a: Jumpluff|114/271\n|\n|upkeep\n|turn|32\n|inactive|Time left: 300 sec this turn | 300 sec total\n|\n|t:|1783562277\n|move|p2a: Jumpluff|Sleep Powder|p1a: Urshifu\n|-status|p1a: Urshifu|slp|[from] move: Sleep Powder\n|cant|p1a: Urshifu|slp\n|\n|upkeep\n|turn|33\n|inactive|Time left: 300 sec this turn | 300 sec total\n|\n|t:|1783562278\n|switch|p1a: Mew|Mew, L82|37/100\n|move|p2a: Jumpluff|Strength Sap|p1a: Mew\n|-unboost|p1a: Mew|atk|1\n|-heal|p2a: Jumpluff|271/271\n|\n|upkeep\n|turn|34\n|inactive|Time left: 300 sec this turn | 300 sec total\n|\n|t:|1783562279\n|switch|p1a: Urshifu|Urshifu-Rapid-Strike, L75, F|11/100 slp\n|move|p2a: Jumpluff|Acrobatics|p1a: Urshifu\n|-supereffective|p1a: Urshifu\n|-crit|p1a: Urshifu\n|-damage|p1a: Urshifu|0 fnt\n|faint|p1a: Urshifu\n|\n|upkeep\n|\n|t:|1783562280\n|switch|p1a: Cacturne|Cacturne, L92, M|100/100\n|turn|35\n|inactive|Time left: 300 sec this turn | 300 sec total\n|\n|t:|1783562281\n|move|p2a: Jumpluff|Acrobatics|p1a: Cacturne\n|-supereffective|p1a: Cacturne\n|-crit|p1a: Cacturne\n|-damage|p1a: Cacturne|0 fnt\n|faint|p1a: Cacturne\n|\n|upkeep\n|\n|t:|1783562282\n|switch|p1a: Mew|Mew, L82|37/100\n|turn|36\n|inactive|Time left: 300 sec this turn | 300 sec total\n|\n|t:|1783562283\n|-terastallize|p2a: Jumpluff|Steel\n|move|p2a: Jumpluff|Acrobatics|p1a: Mew\n|-damage|p1a: Mew|12/100\n|move|p1a: Mew|Nasty Plot|p1a: Mew\n|-boost|p1a: Mew|spa|2\n|\n|upkeep\n|turn|37\n|inactive|Time left: 300 sec this turn | 300 sec total\n|\n|t:|1783562284\n|move|p2a: Jumpluff|U-turn|p1a: Mew\n|-supereffective|p1a: Mew\n|-damage|p1a: Mew|0 fnt\n|faint|p1a: Mew\n|\n|win|p0y1987cb70", "uploadtime": 1783562284, "views": 0, "rating": 0, "private": 0, "password": null, "_winner": "p0y1987cb70", "_our_name": "p0y1987cb70"}