{"id": "battle-gen9randombattle-793", "formatid": "gen9randombattle", "format": "[Gen 9] Random Battle", "players": ["p0x793c0b2", "p0y7936091"], "log": "|init|battle\n|title|p0x793c0b2 vs. p0y7936091\n|j|\u2606p0x793c0b2\n|j|\u2606p0y7936091\n|t:|1783548332\n|gametype|singles\n|player|p1|p0x793c0b2|266|\n|player|p2|p0y7936091|266|\n|gen|9\n|tier|[Gen 9] Random Battle\n|rule|Species Clause: Limit one of each Pok\u00e9mon\n|rule|HP Percentage Mod: HP is shown in percentages\n|rule|Sleep Clause Mod: Limit one foe put to sleep\n|rule|Illusion Level Mod: Illusion disguises the Pok\u00e9mon's true level\n|\n|t:|1783548332\n|teamsize|p1|6\n|teamsize|p2|6\n|start\n|switch|p1a: Falinks|Falinks, L84|100/100\n|switch|p2a: Chansey|Chansey, L85, F|564/564\n|turn|1\n|inactive|Battle timer is ON: inactive players will automatically lose when time's up. (requested by p0x793c0b2)\n|inactive|Time left: 300 sec this turn | 300 sec total | 60 sec grace\n|inactive|p0y7936091 also wants the timer to be on.\n|\n|t:|1783548334\n|switch|p2a: Stonjourner|Stonjourner, L91, F|330/330\n|move|p1a: Falinks|No Retreat|p1a: Falinks\n|-boost|p1a: Falinks|atk|1\n|-boost|p1a: Falinks|def|1\n|-boost|p1a: Falinks|spa|1\n|-boost|p1a: Falinks|spd|1\n|-boost|p1a: Falinks|spe|1\n|-start|p1a: Falinks|move: No Retreat\n|\n|upkeep\n|turn|2\n|inactive|Time left: 300 sec this turn | 300 sec total\n|\n|t:|1783548336\n|-terastallize|p2a: Stonjourner|Ground\n|move|p1a: Falinks|Close Combat|p2a: Stonjourner\n|-damage|p2a: Stonjourner|155/330\n|-unboost|p1a: Falinks|def|1\n|-unboost|p1a: Falinks|spd|1\n|-damage|p1a: Falinks|91/100|[from] item: Life Orb\n|move|p2a: Stonjourner|Earthquake|p1a: Falinks\n|-damage|p1a: Falinks|17/100\n|-damage|p2a: Stonjourner|122/330|[from] item: Life Orb\n|\n|upkeep\n|turn|3\n|inactive|Time left: 300 sec this turn | 300 sec total\n|\n|t:|1783548337\n|switch|p2a: Spiritomb|Spiritomb, L89, F|234/234\n|move|p1a: Falinks|Close Combat|p2a: Spiritomb\n|-immune|p2a: Spiritomb\n|\n|upkeep\n|turn|4\n|inactive|Time left: 300 sec this turn | 300 sec total\n|\n|t:|1783548338\n|move|p1a: Falinks|Knock Off|p2a: Spiritomb\n|-damage|p2a: Spiritomb|127/234\n|-enditem|p2a: Spiritomb|Leftovers|[from] move: Knock Off|[of] p1a: Falinks\n|-damage|p1a: Falinks|7/100|[from] item: Life Orb\n|move|p2a: Spiritomb|Foul Play|p1a: Falinks\n|-resisted|p1a: Falinks\n|-damage|p1a: Falinks|0 fnt\n|faint|p1a: Falinks\n|\n|upkeep\n|\n|t:|1783548339\n|switch|p1a: Espeon|Espeon, L84, F|100/100\n|turn|5\n|inactive|Time left: 300 sec this turn | 300 sec total\n|\n|t:|1783548340\n|move|p1a: Espeon|Alluring Voice|p2a: Spiritomb\n|-supereffective|p2a: Spiritomb\n|-damage|p2a: Spiritomb|0 fnt\n|faint|p2a: Spiritomb\n|-damage|p1a: Espeon|91/100|[from] item: Life Orb\n|\n|upkeep\n|inactive|Time left: 300 sec this turn | 300 sec total | 5 sec grace\n|\n|t:|1783548341\n|switch|p2a: Swampert|Swampert, L83, F|302/302\n|turn|6\n|inactive|Time left: 300 sec this turn | 300 sec total\n|\n|t:|1783548342\n|move|p1a: Espeon|Calm Mind|p1a: Espeon\n|-boost|p1a: Espeon|spa|1\n|-boost|p1a: Espeon|spd|1\n|move|p2a: Swampert|Knock Off|p1a: Espeon\n|-supereffective|p1a: Espeon\n|-damage|p1a: Espeon|14/100\n|-enditem|p1a: Espeon|Life Orb|[from] move: Knock Off|[of] p2a: Swampert\n|\n|upkeep\n|turn|7\n|inactive|Time left: 300 sec this turn | 300 sec total\n|\n|t:|1783548343\n|move|p1a: Espeon|Psychic|p2a: Swampert\n|-damage|p2a: Swampert|133/302\n|move|p2a: Swampert|Earthquake|p1a: Espeon\n|-damage|p1a: Espeon|0 fnt\n|faint|p1a: Espeon\n|\n|-heal|p2a: Swampert|151/302|[from] item: Leftovers\n|upkeep\n|\n|t:|1783548345\n|switch|p1a: Sawsbuck|Sawsbuck-Winter, L88, F|100/100\n|turn|8\n|inactive|Time left: 300 sec this turn | 300 sec total\n|\n|t:|1783548346\n|move|p1a: Sawsbuck|Swords Dance|p1a: Sawsbuck\n|-boost|p1a: Sawsbuck|atk|2\n|move|p2a: Swampert|Knock Off|p1a: Sawsbuck\n|-damage|p1a: Sawsbuck|68/100\n|-enditem|p1a: Sawsbuck|Life Orb|[from] move: Knock Off|[of] p2a: Swampert\n|\n|-heal|p2a: Swampert|169/302|[from] item: Leftovers\n|upkeep\n|turn|9\n|inactive|Time left: 300 sec this turn | 300 sec total\n|\n|t:|1783548347\n|switch|p2a: Galvantula|Galvantula, L82, F|249/249\n|move|p1a: Sawsbuck|Horn Leech|p2a: Galvantula\n|-resisted|p2a: Galvantula\n|-crit|p2a: Galvantula\n|-damage|p2a: Galvantula|73/249\n|-heal|p1a: Sawsbuck|99/100|[from] drain|[of] p2a: Galvantula\n|\n|upkeep\n|turn|10\n|inactive|Time left: 300 sec this turn | 300 sec total\n|\n|t:|1783548348\n|move|p2a: Galvantula|Sticky Web|p1a: Sawsbuck\n|-sidestart|p1: p0x793c0b2|move: Sticky Web\n|move|p1a: Sawsbuck|Horn Leech|p2a: Galvantula\n|-resisted|p2a: Galvantula\n|-crit|p2a: Galvantula\n|-damage|p2a: Galvantula|0 fnt\n|-heal|p1a: Sawsbuck|100/100|[from] drain|[of] p2a: Galvantula\n|faint|p2a: Galvantula\n|\n|upkeep\n|inactive|Time left: 300 sec this turn | 300 sec total | 5 sec grace\n|\n|t:|1783548349\n|switch|p2a: Chansey|Chansey, L85, F|564/564\n|turn|11\n|inactive|Time left: 300 sec this turn | 300 sec total\n|\n|t:|1783548350\n|move|p1a: Sawsbuck|Double-Edge|p2a: Chansey\n|-damage|p2a: Chansey|0 fnt\n|faint|p2a: Chansey\n|-damage|p1a: Sawsbuck|35/100|[from] Recoil\n|\n|upkeep\n|inactive|Time left: 300 sec this turn | 300 sec total | 5 sec grace\n|\n|t:|1783548351\n|switch|p2a: Tatsugiri|Tatsugiri, L87, F|260/260\n|turn|12\n|inactive|Time left: 300 sec this turn | 300 sec total\n|\n|t:|1783548352\n|move|p1a: Sawsbuck|Double-Edge|p2a: Tatsugiri\n|-damage|p2a: Tatsugiri|0 fnt\n|faint|p2a: Tatsugiri\n|-damage|p1a: Sawsbuck|5/100|[from] Recoil\n|\n|upkeep\n|inactive|Time left: 300 sec this turn | 300 sec total | 5 sec grace\n|\n|t:|1783548352\n|switch|p2a: Swampert|Swampert, L83, F|169/302\n|turn|13\n|inactive|Time left: 300 sec this turn | 300 sec total\n|\n|t:|1783548353\n|move|p1a: Sawsbuck|Horn Leech|p2a: Swampert\n|-supereffective|p2a: Swampert\n|-damage|p2a: Swampert|0 fnt\n|-heal|p1a: Sawsbuck|35/100|[from] drain|[of] p2a: Swampert\n|faint|p2a: Swampert\n|\n|upkeep\n|inactive|Time left: 300 sec this turn | 300 sec total | 5 sec grace\n|\n|t:|1783548354\n|switch|p2a: Stonjourner|Stonjourner, L91, F, tera:Ground|122/330\n|turn|14\n|inactive|Time left: 300 sec this turn | 300 sec total\n|\n|t:|1783548355\n|-terastallize|p1a: Sawsbuck|Normal\n|move|p1a: Sawsbuck|Double-Edge|p2a: Stonjourner\n|-damage|p2a: Stonjourner|0 fnt\n|faint|p2a: Stonjourner\n|-damage|p1a: Sawsbuck|21/100|[from] Recoil\n|\n|win|p0x793c0b2", "uploadtime": 1783548355, "views": 0, "rating": 0, "private": 0, "password": null, "_winner": "p0x793c0b2", "_our_name": "p0y7936091"}