{"id": "battle-gen9randombattle-2258", "formatid": "gen9randombattle", "format": "[Gen 9] Random Battle", "players": ["p0x2258c3d5", "p0y22585a93"], "log": "|init|battle\n|title|p0x2258c3d5 vs. p0y22585a93\n|j|\u2606p0x2258c3d5\n|j|\u2606p0y22585a93\n|t:|1783566172\n|gametype|singles\n|player|p1|p0x2258c3d5|101|\n|player|p2|p0y22585a93|102|\n|gen|9\n|tier|[Gen 9] Random Battle\n|rule|Species Clause: Limit one of each Pok\u00e9mon\n|rule|HP Percentage Mod: HP is shown in percentages\n|rule|Sleep Clause Mod: Limit one foe put to sleep\n|rule|Illusion Level Mod: Illusion disguises the Pok\u00e9mon's true level\n|\n|t:|1783566172\n|teamsize|p1|6\n|teamsize|p2|6\n|start\n|switch|p1a: Landorus|Landorus-Therian, L76, M|100/100\n|switch|p2a: Amoonguss|Amoonguss, L82, F|321/321\n|-ability|p1a: Landorus|Intimidate|boost\n|-unboost|p2a: Amoonguss|atk|1\n|turn|1\n|inactive|Battle timer is ON: inactive players will automatically lose when time's up. (requested by p0y22585a93)\n|inactive|p0x2258c3d5 also wants the timer to be on.\n|\n|t:|1783566174\n|move|p1a: Landorus|Stealth Rock|p2a: Amoonguss\n|-sidestart|p2: p0y22585a93|move: Stealth Rock\n|move|p2a: Amoonguss|Giga Drain|p1a: Landorus\n|-damage|p1a: Landorus|69/100\n|\n|-heal|p1a: Landorus|75/100|[from] item: Leftovers\n|upkeep\n|turn|2\n|inactive|Time left: 300 sec this turn | 300 sec total\n|\n|t:|1783566175\n|move|p1a: Landorus|Earthquake|p2a: Amoonguss\n|-damage|p2a: Amoonguss|173/321\n|move|p2a: Amoonguss|Spore|p1a: Landorus\n|-status|p1a: Landorus|slp|[from] move: Spore\n|\n|-heal|p1a: Landorus|82/100 slp|[from] item: Leftovers\n|upkeep\n|turn|3\n|inactive|Time left: 300 sec this turn | 300 sec total\n|\n|t:|1783566176\n|switch|p1a: Frosmoth|Frosmoth, L82, F|100/100\n|switch|p2a: Hoopa|Hoopa-Unbound, L80|259/259\n|-damage|p2a: Hoopa|227/259|[from] Stealth Rock\n|\n|upkeep\n|turn|4\n|inactive|Time left: 300 sec this turn | 300 sec total\n|\n|t:|1783566177\n|move|p2a: Hoopa|Hyperspace Fury|p1a: Frosmoth\n|-damage|p1a: Frosmoth|0 fnt\n|-unboost|p2a: Hoopa|def|1\n|faint|p1a: Frosmoth\n|\n|upkeep\n|\n|t:|1783566178\n|switch|p1a: Fezandipiti|Fezandipiti, L82, M|100/100\n|turn|5\n|inactive|Time left: 300 sec this turn | 300 sec total\n|\n|t:|1783566180\n|switch|p2a: Crabominable|Crabominable, L90, F|321/321\n|-damage|p2a: Crabominable|281/321|[from] Stealth Rock\n|move|p1a: Fezandipiti|Gunk Shot|p2a: Crabominable|[miss]\n|-miss|p1a: Fezandipiti|p2a: Crabominable\n|\n|upkeep\n|turn|6\n|inactive|Time left: 300 sec this turn | 300 sec total\n|\n|t:|1783566181\n|move|p1a: Fezandipiti|Moonblast|p2a: Crabominable\n|-supereffective|p2a: Crabominable\n|-damage|p2a: Crabominable|119/321\n|-unboost|p2a: Crabominable|spa|1\n|-status|p2a: Crabominable|tox|[from] ability: Toxic Chain|[of] p1a: Fezandipiti\n|move|p2a: Crabominable|Ice Hammer|p1a: Fezandipiti\n|-damage|p1a: Fezandipiti|0 fnt\n|-unboost|p2a: Crabominable|spe|1\n|faint|p1a: Fezandipiti\n|\n|-damage|p2a: Crabominable|99/321 tox|[from] psn\n|upkeep\n|\n|t:|1783566182\n|switch|p1a: Groudon|Groudon, L72|100/100\n|-weather|SunnyDay|[from] ability: Drought|[of] p1a: Groudon\n|turn|7\n|inactive|Time left: 300 sec this turn | 300 sec total\n|\n|t:|1783566183\n|move|p1a: Groudon|Heat Crash|p2a: Crabominable\n|-supereffective|p2a: Crabominable\n|-damage|p2a: Crabominable|0 fnt\n|faint|p2a: Crabominable\n|\n|-weather|SunnyDay|[upkeep]\n|upkeep\n|inactive|Time left: 300 sec this turn | 300 sec total | 5 sec grace\n|\n|t:|1783566183\n|switch|p2a: Hoopa|Hoopa-Unbound, L80|227/259\n|-damage|p2a: Hoopa|195/259|[from] Stealth Rock\n|turn|8\n|inactive|Time left: 300 sec this turn | 300 sec total\n|\n|t:|1783566184\n|move|p2a: Hoopa|Hyperspace Fury|p1a: Groudon\n|-damage|p1a: Groudon|37/100\n|-unboost|p2a: Hoopa|def|1\n|move|p1a: Groudon|Precipice Blades|p2a: Hoopa\n|-damage|p2a: Hoopa|0 fnt\n|faint|p2a: Hoopa\n|\n|-weather|SunnyDay|[upkeep]\n|-heal|p1a: Groudon|43/100|[from] item: Leftovers\n|upkeep\n|inactive|Time left: 300 sec this turn | 300 sec total | 5 sec grace\n|\n|t:|1783566185\n|switch|p2a: Spectrier|Spectrier, L75|274/274\n|-damage|p2a: Spectrier|240/274|[from] Stealth Rock\n|turn|9\n|inactive|Time left: 300 sec this turn | 300 sec total\n|\n|t:|1783566186\n|switch|p1a: Umbreon|Umbreon, L84, F|100/100\n|move|p2a: Spectrier|Shadow Ball|p1a: Umbreon\n|-resisted|p1a: Umbreon\n|-damage|p1a: Umbreon|85/100\n|-damage|p2a: Spectrier|213/274|[from] item: Life Orb\n|\n|-weather|SunnyDay|[upkeep]\n|-heal|p1a: Umbreon|91/100|[from] item: Leftovers\n|upkeep\n|turn|10\n|inactive|Time left: 300 sec this turn | 300 sec total\n|\n|t:|1783566187\n|move|p2a: Spectrier|Nasty Plot|p2a: Spectrier\n|-boost|p2a: Spectrier|spa|2\n|move|p1a: Umbreon|Foul Play|p2a: Spectrier\n|-supereffective|p2a: Spectrier\n|-damage|p2a: Spectrier|69/274\n|\n|-weather|SunnyDay|[upkeep]\n|-heal|p1a: Umbreon|97/100|[from] item: Leftovers\n|upkeep\n|turn|11\n|inactive|Time left: 300 sec this turn | 300 sec total\n|\n|t:|1783566188\n|move|p2a: Spectrier|Will-O-Wisp|p1a: Umbreon|[miss]\n|-miss|p2a: Spectrier|p1a: Umbreon\n|move|p1a: Umbreon|Foul Play|p2a: Spectrier\n|-supereffective|p2a: Spectrier\n|-damage|p2a: Spectrier|0 fnt\n|faint|p2a: Spectrier\n|\n|-weather|none\n|-heal|p1a: Umbreon|100/100|[from] item: Leftovers\n|upkeep\n|inactive|Time left: 300 sec this turn | 300 sec total | 5 sec grace\n|\n|t:|1783566189\n|switch|p2a: Amoonguss|Amoonguss, L82, F|280/321\n|-damage|p2a: Amoonguss|240/321|[from] Stealth Rock\n|turn|12\n|inactive|Time left: 300 sec this turn | 300 sec total\n|\n|t:|1783566189\n|move|p1a: Umbreon|Foul Play|p2a: Amoonguss\n|-damage|p2a: Amoonguss|126/321\n|-damage|p1a: Umbreon|84/100|[from] item: Rocky Helmet|[of] p2a: Amoonguss\n|move|p2a: Amoonguss|Giga Drain|p1a: Umbreon\n|-damage|p1a: Umbreon|67/100\n|-heal|p2a: Amoonguss|152/321|[from] drain|[of] p1a: Umbreon\n|\n|-heal|p1a: Umbreon|73/100|[from] item: Leftovers\n|upkeep\n|turn|13\n|inactive|Time left: 300 sec this turn | 300 sec total\n|\n|t:|1783566190\n|switch|p2a: Honchkrow|Honchkrow, L86, M|312/312\n|move|p1a: Umbreon|Wish|p1a: Umbreon\n|\n|-heal|p1a: Umbreon|79/100|[from] item: Leftovers\n|upkeep\n|turn|14\n|inactive|Time left: 300 sec this turn | 300 sec total\n|\n|t:|1783566191\n|move|p2a: Honchkrow|Thunder Wave|p1a: Umbreon\n|-status|p1a: Umbreon|par\n|-activate|p1a: Umbreon|ability: Synchronize\n|-status|p2a: Honchkrow|par\n|move|p1a: Umbreon|Toxic||[still]\n|-fail|p1a: Umbreon\n|\n|-heal|p1a: Umbreon|100/100 par|[from] move: Wish|[wisher] Umbreon\n|upkeep\n|turn|15\n|inactive|Time left: 300 sec this turn | 300 sec total\n|\n|t:|1783566192\n|move|p2a: Honchkrow|Brave Bird|p1a: Umbreon\n|-damage|p1a: Umbreon|53/100 par\n|-damage|p2a: Honchkrow|265/312 par|[from] Recoil\n|cant|p1a: Umbreon|par\n|\n|-heal|p1a: Umbreon|59/100 par|[from] item: Leftovers\n|upkeep\n|turn|16\n|inactive|Time left: 300 sec this turn | 300 sec total\n|\n|t:|1783566192\n|move|p2a: Honchkrow|Brave Bird|p1a: Umbreon\n|-damage|p1a: Umbreon|10/100 par\n|-damage|p2a: Honchkrow|217/312 par|[from] Recoil\n|cant|p1a: Umbreon|par\n|\n|-heal|p1a: Umbreon|16/100 par|[from] item: Leftovers\n|upkeep\n|turn|17\n|inactive|Time left: 300 sec this turn | 300 sec total\n|\n|t:|1783566193\n|move|p2a: Honchkrow|Brave Bird|p1a: Umbreon\n|-damage|p1a: Umbreon|0 fnt\n|faint|p1a: Umbreon\n|-ability|p2a: Honchkrow|Moxie|boost\n|-boost|p2a: Honchkrow|atk|1\n|-damage|p2a: Honchkrow|201/312 par|[from] Recoil\n|\n|upkeep\n|\n|t:|1783566194\n|switch|p1a: Snorlax|Snorlax, L82, M|100/100\n|turn|18\n|inactive|Time left: 300 sec this turn | 300 sec total\n|\n|t:|1783566195\n|move|p1a: Snorlax|Body Slam|p2a: Honchkrow\n|-damage|p2a: Honchkrow|71/312 par\n|cant|p2a: Honchkrow|par\n|\n|upkeep\n|turn|19\n|inactive|Time left: 300 sec this turn | 300 sec total\n|\n|t:|1783566196\n|move|p2a: Honchkrow|Sucker Punch|p1a: Snorlax\n|-damage|p1a: Snorlax|53/100\n|move|p1a: Snorlax|Body Slam|p2a: Honchkrow\n|-damage|p2a: Honchkrow|0 fnt\n|faint|p2a: Honchkrow\n|\n|-heal|p1a: Snorlax|59/100|[from] item: Leftovers\n|upkeep\n|inactive|Time left: 300 sec this turn | 300 sec total | 5 sec grace\n|\n|t:|1783566197\n|switch|p2a: Amoonguss|Amoonguss, L82, F|259/321\n|-damage|p2a: Amoonguss|219/321|[from] Stealth Rock\n|turn|20\n|inactive|Time left: 300 sec this turn | 300 sec total\n|\n|t:|1783566198\n|move|p1a: Snorlax|Body Slam|p2a: Amoonguss\n|-damage|p2a: Amoonguss|105/321\n|-status|p2a: Amoonguss|par\n|-damage|p1a: Snorlax|43/100|[from] item: Rocky Helmet|[of] p2a: Amoonguss\n|move|p2a: Amoonguss|Giga Drain|p1a: Snorlax\n|-damage|p1a: Snorlax|27/100\n|-heal|p2a: Amoonguss|136/321 par|[from] drain|[of] p1a: Snorlax\n|\n|-heal|p1a: Snorlax|33/100|[from] item: Leftovers\n|upkeep\n|turn|21\n|inactive|Time left: 300 sec this turn | 300 sec total\n|\n|t:|1783566199\n|move|p1a: Snorlax|Rest|p1a: Snorlax\n|-status|p1a: Snorlax|slp|[from] move: Rest\n|-heal|p1a: Snorlax|100/100 slp|[silent]\n|move|p2a: Amoonguss|Giga Drain|p1a: Snorlax\n|-damage|p1a: Snorlax|85/100 slp\n|-heal|p2a: Amoonguss|166/321 par|[from] drain|[of] p1a: Snorlax\n|\n|-heal|p1a: Snorlax|91/100 slp|[from] item: Leftovers\n|upkeep\n|turn|22\n|inactive|Time left: 300 sec this turn | 300 sec total\n|\n|t:|1783566200\n|switch|p2a: Dugtrio|Dugtrio, L84, M|196/196\n|-damage|p2a: Dugtrio|184/196|[from] Stealth Rock\n|cant|p1a: Snorlax|slp\n|move|p1a: Snorlax|Sleep Talk|p1a: Snorlax\n|move|p1a: Snorlax|Rest||[from] move: Sleep Talk|[still]\n|-fail|p1a: Snorlax\n|\n|-heal|p1a: Snorlax|97/100 slp|[from] item: Leftovers\n|upkeep\n|turn|23\n|inactive|Time left: 300 sec this turn | 300 sec total\n|\n|t:|1783566201\n|move|p2a: Dugtrio|Swords Dance|p2a: Dugtrio\n|-boost|p2a: Dugtrio|atk|2\n|cant|p1a: Snorlax|slp\n|move|p1a: Snorlax|Sleep Talk|p1a: Snorlax\n|move|p1a: Snorlax|Rest||[from] move: Sleep Talk|[still]\n|-fail|p1a: Snorlax\n|\n|-heal|p1a: Snorlax|100/100 slp|[from] item: Leftovers\n|upkeep\n|turn|24\n|inactive|Time left: 300 sec this turn | 300 sec total\n|\n|t:|1783566202\n|move|p2a: Dugtrio|Earthquake|p1a: Snorlax\n|-damage|p1a: Snorlax|6/100 slp\n|-damage|p2a: Dugtrio|165/196|[from] item: Life Orb\n|-curestatus|p1a: Snorlax|slp|[msg]\n|move|p1a: Snorlax|Body Slam|p2a: Dugtrio\n|-damage|p2a: Dugtrio|30/196\n|-status|p2a: Dugtrio|par\n|\n|-heal|p1a: Snorlax|12/100|[from] item: Leftovers\n|upkeep\n|turn|25\n|inactive|Time left: 300 sec this turn | 300 sec total\n|\n|t:|1783566204\n|cant|p2a: Dugtrio|par\n|move|p1a: Snorlax|Body Slam|p2a: Dugtrio\n|-damage|p2a: Dugtrio|0 fnt\n|faint|p2a: Dugtrio\n|\n|-heal|p1a: Snorlax|18/100|[from] item: Leftovers\n|upkeep\n|inactive|Time left: 300 sec this turn | 300 sec total | 5 sec grace\n|\n|t:|1783566205\n|switch|p2a: Amoonguss|Amoonguss, L82, F|273/321 par\n|-damage|p2a: Amoonguss|233/321 par|[from] Stealth Rock\n|turn|26\n|inactive|Time left: 300 sec this turn | 300 sec total\n|\n|t:|1783566205\n|move|p1a: Snorlax|Body Slam|p2a: Amoonguss\n|-damage|p2a: Amoonguss|124/321 par\n|-damage|p1a: Snorlax|2/100|[from] item: Rocky Helmet|[of] p2a: Amoonguss\n|move|p2a: Amoonguss|Giga Drain|p1a: Snorlax\n|-damage|p1a: Snorlax|0 fnt\n|-heal|p2a: Amoonguss|127/321 par|[from] drain|[of] p1a: Snorlax\n|faint|p1a: Snorlax\n|\n|upkeep\n|\n|t:|1783566206\n|switch|p1a: Groudon|Groudon, L72|43/100\n|-weather|SunnyDay|[from] ability: Drought|[of] p1a: Groudon\n|turn|27\n|inactive|Time left: 300 sec this turn | 300 sec total\n|\n|t:|1783566207\n|-terastallize|p2a: Amoonguss|Water\n|move|p1a: Groudon|Heat Crash|p2a: Amoonguss\n|-resisted|p2a: Amoonguss\n|-damage|p2a: Amoonguss|48/321 par\n|-damage|p1a: Groudon|26/100|[from] item: Rocky Helmet|[of] p2a: Amoonguss\n|move|p2a: Amoonguss|Giga Drain|p1a: Groudon\n|-supereffective|p1a: Groudon\n|-damage|p1a: Groudon|0 fnt\n|-heal|p2a: Amoonguss|82/321 par|[from] drain|[of] p1a: Groudon\n|faint|p1a: Groudon\n|\n|-weather|SunnyDay|[upkeep]\n|upkeep\n|\n|t:|1783566208\n|switch|p1a: Landorus|Landorus-Therian, L76, M|82/100 slp\n|-ability|p1a: Landorus|Intimidate|boost\n|-unboost|p2a: Amoonguss|atk|1\n|turn|28\n|inactive|Time left: 300 sec this turn | 300 sec total\n|\n|t:|1783566209\n|cant|p1a: Landorus|slp\n|cant|p2a: Amoonguss|par\n|\n|-weather|SunnyDay|[upkeep]\n|-heal|p1a: Landorus|88/100 slp|[from] item: Leftovers\n|upkeep\n|turn|29\n|inactive|Time left: 300 sec this turn | 300 sec total\n|\n|t:|1783566210\n|-curestatus|p1a: Landorus|slp|[msg]\n|move|p1a: Landorus|Earthquake|p2a: Amoonguss\n|-crit|p2a: Amoonguss\n|-damage|p2a: Amoonguss|0 fnt\n|faint|p2a: Amoonguss\n|\n|win|p0x2258c3d5", "uploadtime": 1783566210, "views": 0, "rating": 0, "private": 0, "password": null, "_winner": "p0x2258c3d5", "_our_name": "p0y22585a93"}