{"id": "battle-gen9randombattle-164", "formatid": "gen9randombattle", "format": "[Gen 9] Random Battle", "players": ["p0x16424dc", "p0y16453c9"], "log": "|init|battle\n|title|p0x16424dc vs. p0y16453c9\n|j|\u2606p0x16424dc\n|j|\u2606p0y16453c9\n|t:|1783541035\n|gametype|singles\n|player|p1|p0x16424dc|102|\n|player|p2|p0y16453c9|1|\n|gen|9\n|tier|[Gen 9] Random Battle\n|rule|Species Clause: Limit one of each Pok\u00e9mon\n|rule|HP Percentage Mod: HP is shown in percentages\n|rule|Sleep Clause Mod: Limit one foe put to sleep\n|rule|Illusion Level Mod: Illusion disguises the Pok\u00e9mon's true level\n|\n|t:|1783541035\n|teamsize|p1|6\n|teamsize|p2|6\n|start\n|switch|p1a: Feraligatr|Feraligatr, L79, M|100/100\n|switch|p2a: Braviary|Braviary-Hisui, L85, M|326/326\n|turn|1\n|inactive|Battle timer is ON: inactive players will automatically lose when time's up. (requested by p0x16424dc)\n|inactive|Time left: 300 sec this turn | 300 sec total | 60 sec grace\n|inactive|p0y16453c9 also wants the timer to be on.\n|\n|t:|1783541036\n|move|p1a: Feraligatr|Crunch|p2a: Braviary\n|-supereffective|p2a: Braviary\n|-damage|p2a: Braviary|100/326\n|move|p2a: Braviary|Hurricane|p1a: Feraligatr\n|-damage|p1a: Feraligatr|5/100\n|\n|upkeep\n|turn|2\n|inactive|Time left: 300 sec this turn | 300 sec total\n|\n|t:|1783541038\n|switch|p2a: Vikavolt|Vikavolt, L83, M|263/263\n|move|p1a: Feraligatr|Liquidation|p2a: Vikavolt\n|-damage|p2a: Vikavolt|130/263\n|\n|upkeep\n|turn|3\n|inactive|Time left: 300 sec this turn | 300 sec total\n|\n|t:|1783541039\n|switch|p2a: Arceus|Arceus-Grass, L73|296/296\n|move|p1a: Feraligatr|Liquidation|p2a: Arceus\n|-resisted|p2a: Arceus\n|-damage|p2a: Arceus|234/296\n|\n|upkeep\n|turn|4\n|inactive|Time left: 300 sec this turn | 300 sec total\n|\n|t:|1783541041\n|move|p2a: Arceus|Calm Mind|p2a: Arceus\n|-boost|p2a: Arceus|spa|1\n|-boost|p2a: Arceus|spd|1\n|move|p1a: Feraligatr|Liquidation|p2a: Arceus\n|-resisted|p2a: Arceus\n|-damage|p2a: Arceus|176/296\n|\n|upkeep\n|turn|5\n|inactive|Time left: 300 sec this turn | 300 sec total\n|\n|t:|1783541042\n|move|p2a: Arceus|Judgment|p1a: Feraligatr\n|-supereffective|p1a: Feraligatr\n|-damage|p1a: Feraligatr|0 fnt\n|faint|p1a: Feraligatr\n|\n|upkeep\n|\n|t:|1783541043\n|switch|p1a: Noivern|Noivern, L82, F|100/100\n|turn|6\n|inactive|Time left: 300 sec this turn | 300 sec total\n|\n|t:|1783541044\n|move|p1a: Noivern|Hurricane|p2a: Arceus\n|-supereffective|p2a: Arceus\n|-damage|p2a: Arceus|0 fnt\n|faint|p2a: Arceus\n|\n|upkeep\n|inactive|Time left: 300 sec this turn | 300 sec total | 5 sec grace\n|\n|t:|1783541045\n|switch|p2a: Bruxish|Bruxish, L85, M|254/254\n|turn|7\n|inactive|Time left: 300 sec this turn | 300 sec total\n|\n|t:|1783541046\n|move|p1a: Noivern|Hurricane|p2a: Bruxish\n|-damage|p2a: Bruxish|61/254\n|move|p2a: Bruxish|Psychic Fangs|p1a: Noivern\n|-damage|p1a: Noivern|5/100\n|\n|upkeep\n|turn|8\n|inactive|Time left: 300 sec this turn | 300 sec total\n|\n|t:|1783541047\n|move|p1a: Noivern|Hurricane|p2a: Bruxish\n|-damage|p2a: Bruxish|0 fnt\n|faint|p2a: Bruxish\n|\n|upkeep\n|inactive|Time left: 300 sec this turn | 300 sec total | 5 sec grace\n|\n|t:|1783541048\n|switch|p2a: Regieleki|Regieleki, L79|256/256\n|turn|9\n|inactive|Time left: 300 sec this turn | 300 sec total\n|\n|t:|1783541049\n|switch|p1a: Breloom|Breloom, L83, F|100/100\n|move|p2a: Regieleki|Volt Switch|p1a: Breloom\n|-resisted|p1a: Breloom\n|-damage|p1a: Breloom|73/100\n|inactive|Time left: 300 sec this turn | 300 sec total | 5 sec grace\n|\n|t:|1783541051\n|switch|p2a: Venomoth|Venomoth, L84, F|255/255|[from] Volt Switch\n|\n|upkeep\n|turn|10\n|inactive|Time left: 300 sec this turn | 300 sec total\n|\n|t:|1783541052\n|-terastallize|p1a: Breloom|Fighting\n|move|p2a: Venomoth|Sludge Wave|p1a: Breloom\n|-damage|p1a: Breloom|15/100\n|move|p1a: Breloom|Rock Tomb|p2a: Venomoth\n|-supereffective|p2a: Venomoth\n|-damage|p2a: Venomoth|5/255\n|-unboost|p2a: Venomoth|spe|1\n|-damage|p1a: Breloom|6/100|[from] item: Life Orb\n|\n|upkeep\n|turn|11\n|inactive|Time left: 300 sec this turn | 300 sec total\n|\n|t:|1783541053\n|switch|p1a: Gholdengo|Gholdengo, L77|100/100\n|move|p2a: Venomoth|Sludge Wave|p1a: Gholdengo\n|-immune|p1a: Gholdengo\n|\n|upkeep\n|turn|12\n|inactive|Time left: 300 sec this turn | 300 sec total\n|\n|t:|1783541054\n|move|p1a: Gholdengo|Nasty Plot|p1a: Gholdengo\n|-boost|p1a: Gholdengo|spa|2\n|move|p2a: Venomoth|Quiver Dance|p2a: Venomoth\n|-boost|p2a: Venomoth|spa|1\n|-boost|p2a: Venomoth|spd|1\n|-boost|p2a: Venomoth|spe|1\n|\n|upkeep\n|turn|13\n|inactive|Time left: 300 sec this turn | 300 sec total\n|\n|t:|1783541055\n|move|p2a: Venomoth|Bug Buzz|p1a: Gholdengo\n|-resisted|p1a: Gholdengo\n|-damage|p1a: Gholdengo|73/100\n|move|p1a: Gholdengo|Shadow Ball|p2a: Venomoth\n|-damage|p2a: Venomoth|0 fnt\n|faint|p2a: Venomoth\n|\n|-heal|p1a: Gholdengo|79/100|[from] item: Leftovers\n|upkeep\n|inactive|Time left: 300 sec this turn | 300 sec total | 5 sec grace\n|\n|t:|1783541056\n|switch|p2a: Regieleki|Regieleki, L79|256/256\n|turn|14\n|inactive|Time left: 300 sec this turn | 300 sec total\n|\n|t:|1783541057\n|move|p2a: Regieleki|Volt Switch|p1a: Gholdengo\n|-crit|p1a: Gholdengo\n|-damage|p1a: Gholdengo|20/100\n|inactive|Time left: 300 sec this turn | 300 sec total | 5 sec grace\n|\n|t:|1783541058\n|switch|p2a: Braviary|Braviary-Hisui, L85, M|100/326|[from] Volt Switch\n|move|p1a: Gholdengo|Focus Blast|p2a: Braviary\n|-resisted|p2a: Braviary\n|-damage|p2a: Braviary|44/326\n|\n|-heal|p1a: Gholdengo|27/100|[from] item: Leftovers\n|upkeep\n|turn|15\n|inactive|Time left: 300 sec this turn | 300 sec total\n|\n|t:|1783541059\n|move|p1a: Gholdengo|Make It Rain|p2a: Braviary\n|-damage|p2a: Braviary|0 fnt\n|-unboost|p1a: Gholdengo|spa|1\n|faint|p2a: Braviary\n|\n|-heal|p1a: Gholdengo|33/100|[from] item: Leftovers\n|upkeep\n|inactive|Time left: 300 sec this turn | 300 sec total | 5 sec grace\n|\n|t:|1783541060\n|switch|p2a: Regieleki|Regieleki, L79|256/256\n|turn|16\n|inactive|Time left: 300 sec this turn | 300 sec total\n|\n|t:|1783541061\n|switch|p1a: Noivern|Noivern, L82, F|5/100\n|move|p2a: Regieleki|Volt Switch|p1a: Noivern\n|-damage|p1a: Noivern|0 fnt\n|faint|p1a: Noivern\n|inactive|Time left: 300 sec this turn | 300 sec total | 5 sec grace\n|\n|t:|1783541061\n|switch|p2a: Vikavolt|Vikavolt, L83, M|130/263|[from] Volt Switch\n|\n|upkeep\n|\n|t:|1783541062\n|switch|p1a: Breloom|Breloom, L83, F, tera:Fighting|6/100\n|turn|17\n|inactive|Time left: 300 sec this turn | 300 sec total\n|\n|t:|1783541063\n|-terastallize|p2a: Vikavolt|Electric\n|move|p1a: Breloom|Bullet Seed|p2a: Vikavolt\n|-damage|p2a: Vikavolt|64/263\n|-damage|p2a: Vikavolt|4/263\n|-hitcount|p2a: Vikavolt|2\n|-damage|p1a: Breloom|0 fnt|[from] item: Life Orb\n|faint|p1a: Breloom\n|move|p2a: Vikavolt|Sticky Web|p1: Breloom\n|-sidestart|p1: p0x16424dc|move: Sticky Web\n|\n|upkeep\n|\n|t:|1783541064\n|switch|p1a: Iron Bundle|Iron Bundle, L78|100/100\n|turn|18\n|inactive|Time left: 300 sec this turn | 300 sec total\n|\n|t:|1783541065\n|move|p1a: Iron Bundle|Encore|p2a: Vikavolt\n|-start|p2a: Vikavolt|Encore\n|move|p2a: Vikavolt|Sticky Web||[still]\n|-fail|p2a: Vikavolt\n|\n|upkeep\n|turn|19\n|inactive|Time left: 300 sec this turn | 300 sec total\n|\n|t:|1783541066\n|switch|p2a: Regieleki|Regieleki, L79|256/256\n|move|p1a: Iron Bundle|Flip Turn|p2a: Regieleki\n|-damage|p2a: Regieleki|184/256\n|\n|t:|1783541067\n|-end|p1a: Iron Bundle|Quark Drive|[silent]\n|switch|p1a: Gholdengo|Gholdengo, L77|33/100|[from] Flip Turn\n|-activate|p1a: Gholdengo|move: Sticky Web\n|-unboost|p1a: Gholdengo|spe|1\n|\n|-heal|p1a: Gholdengo|39/100|[from] item: Leftovers\n|upkeep\n|turn|20\n|inactive|Time left: 300 sec this turn | 300 sec total\n|\n|t:|1783541068\n|move|p2a: Regieleki|Thunderbolt|p1a: Gholdengo\n|-damage|p1a: Gholdengo|0 fnt\n|faint|p1a: Gholdengo\n|\n|upkeep\n|\n|t:|1783541069\n|switch|p1a: Iron Bundle|Iron Bundle, L78|100/100\n|turn|21\n|inactive|Time left: 300 sec this turn | 300 sec total\n|\n|t:|1783541070\n|move|p2a: Regieleki|Thunderbolt|p1a: Iron Bundle\n|-supereffective|p1a: Iron Bundle\n|-damage|p1a: Iron Bundle|0 fnt\n|faint|p1a: Iron Bundle\n|-end|p1a: Iron Bundle|Quark Drive|[silent]\n|\n|upkeep\n|\n|t:|1783541071\n|switch|p1a: Tornadus|Tornadus-Therian, L79, M|100/100\n|turn|22\n|inactive|Time left: 300 sec this turn | 300 sec total\n|\n|t:|1783541071\n|move|p2a: Regieleki|Thunderbolt|p1a: Tornadus\n|-supereffective|p1a: Tornadus\n|-damage|p1a: Tornadus|0 fnt\n|faint|p1a: Tornadus\n|\n|win|p0y16453c9", "uploadtime": 1783541072, "views": 0, "rating": 0, "private": 0, "password": null, "_winner": "p0y16453c9", "_our_name": "p0y16453c9"}