{"id": "battle-gen9randombattle-23", "formatid": "gen9randombattle", "format": "[Gen 9] Random Battle", "players": ["p0x0234975", "p0y0230e5a"], "log": "|init|battle\n|title|p0x0234975 vs. p0y0230e5a\n|j|\u2606p0x0234975\n|j|\u2606p0y0230e5a\n|t:|1783539442\n|gametype|singles\n|player|p1|p0x0234975|102|\n|player|p2|p0y0230e5a|266|\n|gen|9\n|tier|[Gen 9] Random Battle\n|rule|Species Clause: Limit one of each Pok\u00e9mon\n|rule|HP Percentage Mod: HP is shown in percentages\n|rule|Sleep Clause Mod: Limit one foe put to sleep\n|rule|Illusion Level Mod: Illusion disguises the Pok\u00e9mon's true level\n|\n|t:|1783539442\n|teamsize|p1|6\n|teamsize|p2|6\n|start\n|switch|p1a: Kommo-o|Kommo-o, L77, F|100/100\n|switch|p2a: Incineroar|Incineroar, L82, M|290/290\n|-ability|p2a: Incineroar|Intimidate|boost\n|-unboost|p1a: Kommo-o|atk|1\n|turn|1\n|inactive|Battle timer is ON: inactive players will automatically lose when time's up. (requested by p0y0230e5a)\n|inactive|p0x0234975 also wants the timer to be on.\n|\n|t:|1783539443\n|switch|p2a: Wyrdeer|Wyrdeer, L87, F|321/321\n|-ability|p2a: Wyrdeer|Intimidate|boost\n|-unboost|p1a: Kommo-o|atk|1\n|move|p1a: Kommo-o|Swords Dance|p1a: Kommo-o\n|-boost|p1a: Kommo-o|atk|2\n|\n|upkeep\n|turn|2\n|inactive|Time left: 300 sec this turn | 300 sec total\n|\n|t:|1783539444\n|move|p1a: Kommo-o|Swords Dance|p1a: Kommo-o\n|-boost|p1a: Kommo-o|atk|2\n|move|p2a: Wyrdeer|Earthquake|p1a: Kommo-o\n|-damage|p1a: Kommo-o|74/100\n|\n|upkeep\n|turn|3\n|inactive|Time left: 300 sec this turn | 300 sec total\n|\n|t:|1783539446\n|move|p1a: Kommo-o|Scale Shot|p2a: Wyrdeer\n|-damage|p2a: Wyrdeer|263/321\n|-damage|p2a: Wyrdeer|205/321\n|-damage|p2a: Wyrdeer|148/321\n|-damage|p2a: Wyrdeer|93/321\n|-hitcount|p2a: Wyrdeer|4\n|-unboost|p1a: Kommo-o|def|1\n|-boost|p1a: Kommo-o|spe|1\n|move|p2a: Wyrdeer|Earthquake|p1a: Kommo-o\n|-crit|p1a: Kommo-o\n|-damage|p1a: Kommo-o|9/100\n|\n|-heal|p2a: Wyrdeer|113/321|[from] item: Leftovers\n|upkeep\n|turn|4\n|inactive|Time left: 300 sec this turn | 300 sec total\n|\n|t:|1783539447\n|move|p1a: Kommo-o|Close Combat|p2a: Wyrdeer\n|-damage|p2a: Wyrdeer|0 fnt\n|-unboost|p1a: Kommo-o|def|1\n|-unboost|p1a: Kommo-o|spd|1\n|faint|p2a: Wyrdeer\n|\n|upkeep\n|inactive|Time left: 300 sec this turn | 300 sec total | 5 sec grace\n|\n|t:|1783539447\n|switch|p2a: Dragapult|Dragapult, L77, M|262/262\n|turn|5\n|inactive|Time left: 300 sec this turn | 300 sec total\n|\n|t:|1783539449\n|switch|p1a: Falinks|Falinks, L84|100/100\n|move|p2a: Dragapult|Dragon Darts|p1a: Falinks\n|-damage|p1a: Falinks|82/100\n|-anim|p2a: Dragapult|Dragon Darts|p1a: Falinks\n|-damage|p1a: Falinks|62/100\n|\n|upkeep\n|turn|6\n|inactive|Time left: 300 sec this turn | 300 sec total\n|\n|t:|1783539450\n|move|p2a: Dragapult|Will-O-Wisp|p1a: Falinks\n|-status|p1a: Falinks|brn\n|move|p1a: Falinks|No Retreat|p1a: Falinks\n|-boost|p1a: Falinks|atk|1\n|-boost|p1a: Falinks|def|1\n|-boost|p1a: Falinks|spa|1\n|-boost|p1a: Falinks|spd|1\n|-boost|p1a: Falinks|spe|1\n|-start|p1a: Falinks|move: No Retreat\n|\n|-damage|p1a: Falinks|56/100 brn|[from] brn\n|upkeep\n|turn|7\n|inactive|Time left: 300 sec this turn | 300 sec total\n|\n|t:|1783539451\n|move|p2a: Dragapult|Hex|p1a: Falinks\n|-damage|p1a: Falinks|11/100 brn\n|move|p1a: Falinks|Knock Off|p2a: Dragapult\n|-supereffective|p2a: Dragapult\n|-damage|p2a: Dragapult|84/262\n|-enditem|p2a: Dragapult|Heavy-Duty Boots|[from] move: Knock Off|[of] p1a: Falinks\n|-damage|p1a: Falinks|1/100 brn|[from] item: Life Orb\n|\n|-damage|p1a: Falinks|0 fnt|[from] brn\n|faint|p1a: Falinks\n|upkeep\n|\n|t:|1783539452\n|switch|p1a: Dusknoir|Dusknoir, L89, F|100/100\n|turn|8\n|inactive|Time left: 300 sec this turn | 300 sec total\n|\n|t:|1783539453\n|move|p1a: Dusknoir|Shadow Sneak|p2a: Dragapult\n|-supereffective|p2a: Dragapult\n|-damage|p2a: Dragapult|0 fnt\n|faint|p2a: Dragapult\n|\n|upkeep\n|inactive|Time left: 300 sec this turn | 300 sec total | 5 sec grace\n|\n|t:|1783539454\n|switch|p2a: Torterra|Torterra, L78, F|276/276\n|turn|9\n|inactive|Time left: 300 sec this turn | 300 sec total\n|\n|t:|1783539455\n|move|p1a: Dusknoir|Shadow Sneak|p2a: Torterra\n|-crit|p2a: Torterra\n|-damage|p2a: Torterra|170/276\n|move|p2a: Torterra|Shell Smash|p2a: Torterra\n|-unboost|p2a: Torterra|def|1\n|-unboost|p2a: Torterra|spd|1\n|-boost|p2a: Torterra|atk|2\n|-boost|p2a: Torterra|spa|2\n|-boost|p2a: Torterra|spe|2\n|\n|upkeep\n|turn|10\n|inactive|Time left: 300 sec this turn | 300 sec total\n|\n|t:|1783539456\n|move|p1a: Dusknoir|Shadow Sneak|p2a: Torterra\n|-damage|p2a: Torterra|73/276\n|move|p2a: Torterra|Headlong Rush|p1a: Dusknoir\n|-damage|p1a: Dusknoir|25/100\n|-unboost|p2a: Torterra|def|1\n|-unboost|p2a: Torterra|spd|1\n|\n|upkeep\n|turn|11\n|inactive|Time left: 300 sec this turn | 300 sec total\n|\n|t:|1783539457\n|switch|p2a: Noctowl|Noctowl, L95, F|344/344\n|move|p1a: Dusknoir|Shadow Sneak|p2a: Noctowl\n|-immune|p2a: Noctowl\n|\n|upkeep\n|turn|12\n|inactive|Time left: 300 sec this turn | 300 sec total\n|\n|t:|1783539459\n|switch|p1a: Kommo-o|Kommo-o, L77, F|9/100\n|move|p2a: Noctowl|Hurricane|p1a: Kommo-o|[miss]\n|-miss|p2a: Noctowl|p1a: Kommo-o\n|\n|upkeep\n|turn|13\n|inactive|Time left: 300 sec this turn | 300 sec total\n|\n|t:|1783539460\n|move|p2a: Noctowl|Hurricane|p1a: Kommo-o\n|-supereffective|p1a: Kommo-o\n|-damage|p1a: Kommo-o|0 fnt\n|faint|p1a: Kommo-o\n|\n|upkeep\n|\n|t:|1783539460\n|switch|p1a: Grafaiai|Grafaiai, L86, M|100/100\n|turn|14\n|inactive|Time left: 300 sec this turn | 300 sec total\n|\n|t:|1783539461\n|switch|p2a: Incineroar|Incineroar, L82, M|290/290\n|-ability|p2a: Incineroar|Intimidate|boost\n|-unboost|p1a: Grafaiai|atk|1\n|move|p1a: Grafaiai|Swords Dance|p1a: Grafaiai\n|-boost|p1a: Grafaiai|atk|2\n|\n|upkeep\n|turn|15\n|inactive|Time left: 300 sec this turn | 300 sec total\n|\n|t:|1783539462\n|move|p1a: Grafaiai|Gunk Shot|p2a: Incineroar\n|-damage|p2a: Incineroar|47/290\n|-status|p2a: Incineroar|psn\n|-damage|p1a: Grafaiai|91/100|[from] item: Life Orb\n|move|p2a: Incineroar|Knock Off|p1a: Grafaiai\n|-damage|p1a: Grafaiai|37/100\n|-enditem|p1a: Grafaiai|Life Orb|[from] move: Knock Off|[of] p2a: Incineroar\n|\n|-damage|p2a: Incineroar|11/290 psn|[from] psn\n|upkeep\n|turn|16\n|inactive|Time left: 300 sec this turn | 300 sec total\n|\n|t:|1783539463\n|move|p1a: Grafaiai|Knock Off|p2a: Incineroar\n|-resisted|p2a: Incineroar\n|-damage|p2a: Incineroar|0 fnt\n|-enditem|p2a: Incineroar|Heavy-Duty Boots|[from] move: Knock Off|[of] p1a: Grafaiai\n|faint|p2a: Incineroar\n|\n|upkeep\n|inactive|Time left: 300 sec this turn | 300 sec total | 5 sec grace\n|\n|t:|1783539464\n|switch|p2a: Noctowl|Noctowl, L95, F|344/344\n|turn|17\n|inactive|Time left: 300 sec this turn | 300 sec total\n|\n|t:|1783539465\n|move|p1a: Grafaiai|Gunk Shot|p2a: Noctowl\n|-damage|p2a: Noctowl|68/344\n|move|p2a: Noctowl|Hyper Voice|p1a: Grafaiai\n|-damage|p1a: Grafaiai|0 fnt\n|faint|p1a: Grafaiai\n|\n|upkeep\n|\n|t:|1783539466\n|switch|p1a: Noivern|Noivern, L82, F|100/100\n|turn|18\n|inactive|Time left: 300 sec this turn | 300 sec total\n|\n|t:|1783539467\n|move|p1a: Noivern|Hurricane|p2a: Noctowl\n|-crit|p2a: Noctowl\n|-damage|p2a: Noctowl|0 fnt\n|faint|p2a: Noctowl\n|\n|upkeep\n|inactive|Time left: 300 sec this turn | 300 sec total | 5 sec grace\n|\n|t:|1783539468\n|switch|p2a: Galvantula|Galvantula, L82, M|249/249\n|turn|19\n|inactive|Time left: 300 sec this turn | 300 sec total\n|\n|t:|1783539469\n|-terastallize|p2a: Galvantula|Electric\n|move|p1a: Noivern|Flamethrower|p2a: Galvantula\n|-damage|p2a: Galvantula|168/249\n|move|p2a: Galvantula|Thunder|p1a: Noivern\n|-damage|p1a: Noivern|42/100\n|-status|p1a: Noivern|par\n|\n|upkeep\n|turn|20\n|inactive|Time left: 300 sec this turn | 300 sec total\n|\n|t:|1783539470\n|switch|p1a: Trevenant|Trevenant, L89, F|100/100\n|move|p2a: Galvantula|Thunder|p1a: Trevenant|[miss]\n|-miss|p2a: Galvantula|p1a: Trevenant\n|\n|upkeep\n|turn|21\n|inactive|Time left: 300 sec this turn | 300 sec total\n|\n|t:|1783539471\n|move|p2a: Galvantula|Thunder|p1a: Trevenant\n|-resisted|p1a: Trevenant\n|-damage|p1a: Trevenant|76/100\n|move|p1a: Trevenant|Poltergeist|p2a: Galvantula\n|-activate|p2a: Galvantula|move: Poltergeist|Heavy-Duty Boots\n|-damage|p2a: Galvantula|0 fnt\n|faint|p2a: Galvantula\n|\n|upkeep\n|inactive|Time left: 300 sec this turn | 300 sec total | 5 sec grace\n|\n|t:|1783539472\n|switch|p2a: Torterra|Torterra, L78, F|73/276\n|turn|22\n|inactive|Time left: 300 sec this turn | 300 sec total\n|\n|t:|1783539473\n|move|p1a: Trevenant|Poltergeist|p2a: Torterra\n|-activate|p2a: Torterra|move: Poltergeist|Loaded Dice\n|-damage|p2a: Torterra|0 fnt\n|faint|p2a: Torterra\n|\n|win|p0x0234975", "uploadtime": 1783539473, "views": 0, "rating": 0, "private": 0, "password": null, "_winner": "p0x0234975", "_our_name": "p0y0230e5a"}