{"id": "battle-gen9randombattle-225", "formatid": "gen9randombattle", "format": "[Gen 9] Random Battle", "players": ["p0x2259227", "p0y2252770"], "log": "|init|battle\n|title|p0x2259227 vs. p0y2252770\n|j|\u2606p0x2259227\n|j|\u2606p0y2252770\n|t:|1783542179\n|gametype|singles\n|player|p1|p0x2259227|101|\n|player|p2|p0y2252770|101|\n|gen|9\n|tier|[Gen 9] Random Battle\n|rule|Species Clause: Limit one of each Pok\u00e9mon\n|rule|HP Percentage Mod: HP is shown in percentages\n|rule|Sleep Clause Mod: Limit one foe put to sleep\n|rule|Illusion Level Mod: Illusion disguises the Pok\u00e9mon's true level\n|\n|t:|1783542179\n|teamsize|p1|6\n|teamsize|p2|6\n|start\n|switch|p1a: Jirachi|Jirachi, L80|100/100\n|switch|p2a: Illumise|Illumise, L91, F|266/266\n|turn|1\n|inactive|Battle timer is ON: inactive players will automatically lose when time's up. (requested by p0x2259227)\n|inactive|Time left: 300 sec this turn | 300 sec total | 60 sec grace\n|inactive|p0y2252770 also wants the timer to be on.\n|\n|t:|1783542180\n|move|p2a: Illumise|Thunder Wave|p1a: Jirachi\n|-status|p1a: Jirachi|par\n|cant|p1a: Jirachi|par\n|\n|upkeep\n|turn|2\n|inactive|Time left: 300 sec this turn | 300 sec total\n|\n|t:|1783542181\n|switch|p2a: Samurott|Samurott, L88, F|310/310\n|move|p1a: Jirachi|Iron Head|p2a: Samurott\n|-resisted|p2a: Samurott\n|-damage|p2a: Samurott|271/310\n|\n|upkeep\n|turn|3\n|inactive|Time left: 300 sec this turn | 300 sec total\n|\n|t:|1783542182\n|move|p2a: Samurott|Swords Dance|p2a: Samurott\n|-boost|p2a: Samurott|atk|2\n|move|p1a: Jirachi|Body Slam|p2a: Samurott\n|-damage|p2a: Samurott|214/310\n|-status|p2a: Samurott|par\n|\n|upkeep\n|turn|4\n|inactive|Time left: 300 sec this turn | 300 sec total\n|\n|t:|1783542183\n|move|p1a: Jirachi|Protect|p1a: Jirachi\n|-singleturn|p1a: Jirachi|Protect\n|move|p2a: Samurott|Knock Off|p1a: Jirachi\n|-activate|p1a: Jirachi|move: Protect\n|\n|upkeep\n|turn|5\n|inactive|Time left: 300 sec this turn | 300 sec total\n|\n|t:|1783542184\n|switch|p1a: Iron Valiant|Iron Valiant, L78|100/100\n|move|p2a: Samurott|Liquidation|p1a: Iron Valiant\n|-damage|p1a: Iron Valiant|0 fnt\n|faint|p1a: Iron Valiant\n|-end|p1a: Iron Valiant|Quark Drive|[silent]\n|-damage|p2a: Samurott|183/310 par|[from] item: Life Orb\n|\n|upkeep\n|\n|t:|1783542185\n|switch|p1a: Ogerpon|Ogerpon-Hearthflame, L74, F|100/100\n|-ability|p1a: Ogerpon|Mold Breaker\n|turn|6\n|inactive|Time left: 300 sec this turn | 300 sec total\n|\n|t:|1783542187\n|move|p1a: Ogerpon|Power Whip|p2a: Samurott\n|-supereffective|p2a: Samurott\n|-damage|p2a: Samurott|0 fnt\n|faint|p2a: Samurott\n|\n|upkeep\n|inactive|Time left: 300 sec this turn | 300 sec total | 5 sec grace\n|\n|t:|1783542188\n|switch|p2a: Ogerpon|Ogerpon-Cornerstone, L76, F|247/247\n|turn|7\n|inactive|Time left: 300 sec this turn | 300 sec total\n|\n|t:|1783542189\n|switch|p1a: Solgaleo|Solgaleo, L74|100/100\n|move|p2a: Ogerpon|Ivy Cudgel|p1a: Solgaleo|[anim] Ivy Cudgel Rock\n|-resisted|p1a: Solgaleo\n|-damage|p1a: Solgaleo|81/100\n|\n|upkeep\n|turn|8\n|inactive|Time left: 300 sec this turn | 300 sec total\n|\n|t:|1783542190\n|switch|p2a: Zekrom|Zekrom, L71|259/259\n|-ability|p2a: Zekrom|Teravolt\n|move|p1a: Solgaleo|Sunsteel Strike|p2a: Zekrom\n|-resisted|p2a: Zekrom\n|-damage|p2a: Zekrom|209/259\n|\n|-heal|p2a: Zekrom|225/259|[from] item: Leftovers\n|upkeep\n|turn|9\n|inactive|Time left: 300 sec this turn | 300 sec total\n|\n|t:|1783542192\n|move|p1a: Solgaleo|Psychic|p2a: Zekrom\n|-damage|p2a: Zekrom|128/259\n|move|p2a: Zekrom|Dragon Dance|p2a: Zekrom\n|-boost|p2a: Zekrom|atk|1\n|-boost|p2a: Zekrom|spe|1\n|\n|-heal|p2a: Zekrom|144/259|[from] item: Leftovers\n|upkeep\n|turn|10\n|inactive|Time left: 300 sec this turn | 300 sec total\n|\n|t:|1783542193\n|move|p2a: Zekrom|Outrage|p1a: Solgaleo\n|-resisted|p1a: Solgaleo\n|-damage|p1a: Solgaleo|51/100\n|move|p1a: Solgaleo|Psychic|p2a: Zekrom\n|-crit|p2a: Zekrom\n|-damage|p2a: Zekrom|9/259\n|-unboost|p2a: Zekrom|spd|1\n|\n|-heal|p2a: Zekrom|25/259|[from] item: Leftovers\n|upkeep\n|turn|11\n|inactive|Time left: 300 sec this turn | 300 sec total\n|\n|t:|1783542194\n|move|p2a: Zekrom|Outrage|p1a: Solgaleo|[from] lockedmove\n|-resisted|p1a: Solgaleo\n|-damage|p1a: Solgaleo|24/100\n|-start|p2a: Zekrom|confusion|[fatigue]\n|move|p1a: Solgaleo|Psychic|p2a: Zekrom\n|-damage|p2a: Zekrom|0 fnt\n|faint|p2a: Zekrom\n|\n|upkeep\n|inactive|Time left: 300 sec this turn | 300 sec total | 5 sec grace\n|\n|t:|1783542195\n|switch|p2a: Rayquaza|Rayquaza, L72|270/270\n|-ability|p2a: Rayquaza|Air Lock\n|turn|12\n|inactive|Time left: 300 sec this turn | 300 sec total\n|\n|t:|1783542196\n|move|p1a: Solgaleo|Sunsteel Strike|p2a: Rayquaza\n|-damage|p2a: Rayquaza|150/270\n|move|p2a: Rayquaza|Dragon Dance|p2a: Rayquaza\n|-boost|p2a: Rayquaza|atk|1\n|-boost|p2a: Rayquaza|spe|1\n|\n|upkeep\n|turn|13\n|inactive|Time left: 300 sec this turn | 300 sec total\n|\n|t:|1783542197\n|switch|p1a: Jirachi|Jirachi, L80|100/100 par\n|move|p2a: Rayquaza|Outrage|p1a: Jirachi\n|-resisted|p1a: Jirachi\n|-damage|p1a: Jirachi|68/100 par\n|\n|-heal|p1a: Jirachi|74/100 par|[from] item: Leftovers\n|upkeep\n|turn|14\n|inactive|Time left: 300 sec this turn | 300 sec total\n|\n|t:|1783542199\n|move|p2a: Rayquaza|Outrage|p1a: Jirachi|[from] lockedmove\n|-resisted|p1a: Jirachi\n|-damage|p1a: Jirachi|41/100 par\n|move|p1a: Jirachi|Iron Head|p2a: Rayquaza\n|-damage|p2a: Rayquaza|54/270\n|\n|-heal|p1a: Jirachi|47/100 par|[from] item: Leftovers\n|upkeep\n|turn|15\n|inactive|Time left: 300 sec this turn | 300 sec total\n|\n|t:|1783542200\n|move|p2a: Rayquaza|Outrage|p1a: Jirachi|[from] lockedmove\n|-resisted|p1a: Jirachi\n|-crit|p1a: Jirachi\n|-damage|p1a: Jirachi|0 fnt\n|faint|p1a: Jirachi\n|-start|p2a: Rayquaza|confusion|[fatigue]\n|\n|upkeep\n|\n|t:|1783542201\n|switch|p1a: Inteleon|Inteleon, L81, F|100/100\n|turn|16\n|inactive|Time left: 300 sec this turn | 300 sec total\n|\n|t:|1783542202\n|-activate|p2a: Rayquaza|confusion\n|move|p2a: Rayquaza|Outrage|p1a: Inteleon\n|-damage|p1a: Inteleon|0 fnt\n|faint|p1a: Inteleon\n|\n|upkeep\n|\n|t:|1783542203\n|switch|p1a: Toedscruel|Toedscruel, L87, F|100/100\n|turn|17\n|inactive|Time left: 300 sec this turn | 300 sec total\n|\n|t:|1783542204\n|-end|p2a: Rayquaza|confusion\n|move|p2a: Rayquaza|Outrage|p1a: Toedscruel|[from] lockedmove\n|-damage|p1a: Toedscruel|10/100\n|move|p1a: Toedscruel|Rapid Spin|p2a: Rayquaza\n|-damage|p2a: Rayquaza|16/270\n|-boost|p1a: Toedscruel|spe|1\n|\n|-heal|p1a: Toedscruel|16/100|[from] item: Leftovers\n|upkeep\n|turn|18\n|inactive|Time left: 300 sec this turn | 300 sec total\n|\n|t:|1783542206\n|move|p1a: Toedscruel|Giga Drain|p2a: Rayquaza\n|-resisted|p2a: Rayquaza\n|-damage|p2a: Rayquaza|0 fnt\n|-heal|p1a: Toedscruel|19/100|[from] drain|[of] p2a: Rayquaza\n|faint|p2a: Rayquaza\n|\n|-heal|p1a: Toedscruel|25/100|[from] item: Leftovers\n|upkeep\n|inactive|Time left: 300 sec this turn | 300 sec total | 5 sec grace\n|\n|t:|1783542207\n|switch|p2a: Ogerpon|Ogerpon-Cornerstone, L76, F|247/247\n|turn|19\n|inactive|Time left: 300 sec this turn | 300 sec total\n|\n|t:|1783542208\n|move|p1a: Toedscruel|Giga Drain|p2a: Ogerpon\n|-damage|p2a: Ogerpon|168/247\n|-heal|p1a: Toedscruel|39/100|[from] drain|[of] p2a: Ogerpon\n|move|p2a: Ogerpon|Ivy Cudgel|p1a: Toedscruel|[anim] Ivy Cudgel Rock\n|-resisted|p1a: Toedscruel\n|-damage|p1a: Toedscruel|12/100\n|\n|-heal|p1a: Toedscruel|18/100|[from] item: Leftovers\n|upkeep\n|turn|20\n|inactive|Time left: 300 sec this turn | 300 sec total\n|\n|t:|1783542209\n|move|p1a: Toedscruel|Giga Drain|p2a: Ogerpon\n|-damage|p2a: Ogerpon|99/247\n|-heal|p1a: Toedscruel|30/100|[from] drain|[of] p2a: Ogerpon\n|move|p2a: Ogerpon|Power Whip|p1a: Toedscruel|[miss]\n|-miss|p2a: Ogerpon|p1a: Toedscruel\n|\n|-heal|p1a: Toedscruel|36/100|[from] item: Leftovers\n|upkeep\n|turn|21\n|inactive|Time left: 300 sec this turn | 300 sec total\n|\n|t:|1783542210\n|move|p1a: Toedscruel|Giga Drain|p2a: Ogerpon\n|-damage|p2a: Ogerpon|26/247\n|-heal|p1a: Toedscruel|49/100|[from] drain|[of] p2a: Ogerpon\n|move|p2a: Ogerpon|Power Whip|p1a: Toedscruel\n|-damage|p1a: Toedscruel|0 fnt\n|faint|p1a: Toedscruel\n|\n|upkeep\n|\n|t:|1783542211\n|switch|p1a: Solgaleo|Solgaleo, L74|24/100\n|turn|22\n|inactive|Time left: 300 sec this turn | 300 sec total\n|\n|t:|1783542212\n|-terastallize|p2a: Ogerpon|Rock\n|detailschange|p2a: Ogerpon|Ogerpon-Cornerstone-Tera, L76, F, tera:Rock\n|-ability|p2a: Ogerpon|Embody Aspect (Cornerstone)|boost\n|-boost|p2a: Ogerpon|def|1\n|move|p2a: Ogerpon|Ivy Cudgel|p1a: Solgaleo|[anim] Ivy Cudgel Rock\n|-resisted|p1a: Solgaleo\n|-damage|p1a: Solgaleo|0 fnt\n|faint|p1a: Solgaleo\n|\n|upkeep\n|\n|t:|1783542212\n|switch|p1a: Ogerpon|Ogerpon-Hearthflame, L74, F|100/100\n|-ability|p1a: Ogerpon|Mold Breaker\n|turn|23\n|inactive|Time left: 300 sec this turn | 300 sec total\n|\n|t:|1783542213\n|move|p2a: Ogerpon|Ivy Cudgel|p1a: Ogerpon|[anim] Ivy Cudgel Rock\n|-supereffective|p1a: Ogerpon\n|-damage|p1a: Ogerpon|0 fnt\n|faint|p1a: Ogerpon\n|\n|win|p0y2252770", "uploadtime": 1783542213, "views": 0, "rating": 0, "private": 0, "password": null, "_winner": "p0y2252770", "_our_name": "p0y2252770"}