{"id": "battle-gen9randombattle-2865", "formatid": "gen9randombattle", "format": "[Gen 9] Random Battle", "players": ["p0x2865e969", "p0y28651b19"], "log": "|init|battle\n|title|p0x2865e969 vs. p0y28651b19\n|j|\u2606p0x2865e969\n|j|\u2606p0y28651b19\n|t:|1783572042\n|gametype|singles\n|player|p1|p0x2865e969|2|\n|player|p2|p0y28651b19|101|\n|gen|9\n|tier|[Gen 9] Random Battle\n|rule|Species Clause: Limit one of each Pok\u00e9mon\n|rule|HP Percentage Mod: HP is shown in percentages\n|rule|Sleep Clause Mod: Limit one foe put to sleep\n|rule|Illusion Level Mod: Illusion disguises the Pok\u00e9mon's true level\n|\n|t:|1783572042\n|teamsize|p1|6\n|teamsize|p2|6\n|start\n|switch|p1a: Iron Leaves|Iron Leaves, L80|275/275\n|switch|p2a: Gumshoos|Gumshoos, L95, M|100/100\n|turn|1\n|inactive|Battle timer is ON: inactive players will automatically lose when time's up. (requested by p0y28651b19)\n|inactive|Time left: 300 sec this turn | 300 sec total | 60 sec grace\n|inactive|p0x2865e969 also wants the timer to be on.\n|\n|t:|1783572044\n|-terastallize|p1a: Iron Leaves|Fighting\n|move|p1a: Iron Leaves|Close Combat|p2a: Gumshoos\n|-supereffective|p2a: Gumshoos\n|-damage|p2a: Gumshoos|0 fnt\n|-unboost|p1a: Iron Leaves|def|1\n|-unboost|p1a: Iron Leaves|spd|1\n|faint|p2a: Gumshoos\n|-damage|p1a: Iron Leaves|248/275|[from] item: Life Orb\n|\n|upkeep\n|\n|t:|1783572045\n|switch|p2a: Mimikyu|Mimikyu, L79, M|100/100\n|turn|2\n|inactive|Time left: 300 sec this turn | 300 sec total\n|\n|t:|1783572046\n|-end|p1a: Iron Leaves|Quark Drive|[silent]\n|switch|p1a: Piloswine|Piloswine, L85, F|309/309\n|move|p2a: Mimikyu|Swords Dance|p2a: Mimikyu\n|-boost|p2a: Mimikyu|atk|2\n|\n|upkeep\n|turn|3\n|inactive|Time left: 300 sec this turn | 300 sec total\n|\n|t:|1783572047\n|move|p2a: Mimikyu|Play Rough|p1a: Piloswine\n|-damage|p1a: Piloswine|149/309\n|-damage|p2a: Mimikyu|91/100|[from] item: Life Orb\n|move|p1a: Piloswine|Roar|p2a: Mimikyu\n|drag|p2a: Houndoom|Houndoom, L87, F|100/100\n|\n|upkeep\n|turn|4\n|inactive|Time left: 300 sec this turn | 300 sec total\n|\n|t:|1783572049\n|switch|p2a: Gastrodon|Gastrodon, L86, M|100/100\n|move|p1a: Piloswine|Earthquake|p2a: Gastrodon\n|-damage|p2a: Gastrodon|61/100\n|\n|-heal|p2a: Gastrodon|67/100|[from] item: Leftovers\n|upkeep\n|turn|5\n|inactive|Time left: 300 sec this turn | 300 sec total\n|\n|t:|1783572050\n|move|p1a: Piloswine|Earthquake|p2a: Gastrodon\n|-damage|p2a: Gastrodon|26/100\n|move|p2a: Gastrodon|Surf|p1a: Piloswine\n|-supereffective|p1a: Piloswine\n|-damage|p1a: Piloswine|0 fnt\n|faint|p1a: Piloswine\n|\n|-heal|p2a: Gastrodon|32/100|[from] item: Leftovers\n|upkeep\n|inactive|Time left: 300 sec this turn | 300 sec total | 5 sec grace\n|\n|t:|1783572051\n|switch|p1a: Gouging Fire|Gouging Fire, L74|277/277\n|turn|6\n|inactive|Time left: 300 sec this turn | 300 sec total\n|\n|t:|1783572052\n|switch|p2a: Avalugg|Avalugg-Hisui, L90, F|100/100\n|move|p1a: Gouging Fire|Outrage|p2a: Avalugg\n|-damage|p2a: Avalugg|81/100\n|\n|upkeep\n|turn|7\n|inactive|Time left: 300 sec this turn | 300 sec total\n|\n|t:|1783572053\n|move|p1a: Gouging Fire|Outrage|p2a: Avalugg|[from] lockedmove\n|-damage|p2a: Avalugg|64/100\n|-start|p1a: Gouging Fire|confusion|[fatigue]\n|move|p2a: Avalugg|Stone Edge|p1a: Gouging Fire\n|-supereffective|p1a: Gouging Fire\n|-damage|p1a: Gouging Fire|0 fnt\n|faint|p1a: Gouging Fire\n|-end|p1a: Gouging Fire|Protosynthesis|[silent]\n|\n|upkeep\n|inactive|Time left: 300 sec this turn | 300 sec total | 5 sec grace\n|\n|t:|1783572054\n|switch|p1a: Iron Leaves|Iron Leaves, L80, tera:Fighting|248/275\n|turn|8\n|inactive|Time left: 300 sec this turn | 300 sec total\n|\n|t:|1783572055\n|-terastallize|p2a: Avalugg|Flying\n|move|p1a: Iron Leaves|Swords Dance|p1a: Iron Leaves\n|-boost|p1a: Iron Leaves|atk|2\n|move|p2a: Avalugg|Body Press|p1a: Iron Leaves\n|-damage|p1a: Iron Leaves|126/275\n|\n|upkeep\n|turn|9\n|inactive|Time left: 300 sec this turn | 300 sec total\n|\n|t:|1783572056\n|move|p1a: Iron Leaves|Swords Dance|p1a: Iron Leaves\n|-boost|p1a: Iron Leaves|atk|2\n|move|p2a: Avalugg|Body Press|p1a: Iron Leaves\n|-damage|p1a: Iron Leaves|7/275\n|\n|upkeep\n|turn|10\n|inactive|Time left: 300 sec this turn | 300 sec total\n|\n|t:|1783572057\n|move|p1a: Iron Leaves|Psyblade|p2a: Avalugg\n|-damage|p2a: Avalugg|2/100\n|-damage|p1a: Iron Leaves|0 fnt|[from] item: Life Orb\n|faint|p1a: Iron Leaves\n|-end|p1a: Iron Leaves|Quark Drive|[silent]\n|move|p2a: Avalugg|Recover|p2a: Avalugg\n|-heal|p2a: Avalugg|53/100\n|\n|upkeep\n|inactive|Time left: 300 sec this turn | 300 sec total | 5 sec grace\n|\n|t:|1783572058\n|switch|p1a: Victreebel|Victreebel, L90, F|290/290\n|turn|11\n|inactive|Time left: 300 sec this turn | 300 sec total\n|\n|t:|1783572059\n|switch|p2a: Houndoom|Houndoom, L87, F|100/100\n|move|p1a: Victreebel|Sludge Wave|p2a: Houndoom\n|-damage|p2a: Houndoom|43/100\n|-damage|p1a: Victreebel|261/290|[from] item: Life Orb\n|\n|upkeep\n|turn|12\n|inactive|Time left: 300 sec this turn | 300 sec total\n|\n|t:|1783572060\n|switch|p1a: Wugtrio|Wugtrio, L91, M|212/212\n|move|p2a: Houndoom|Fire Blast|p1a: Wugtrio\n|-resisted|p1a: Wugtrio\n|-damage|p1a: Wugtrio|137/212\n|\n|upkeep\n|turn|13\n|inactive|Time left: 300 sec this turn | 300 sec total\n|\n|t:|1783572061\n|switch|p2a: Avalugg|Avalugg-Hisui, L90, F, tera:Flying|53/100\n|move|p1a: Wugtrio|Liquidation|p2a: Avalugg\n|-damage|p2a: Avalugg|24/100\n|\n|upkeep\n|turn|14\n|inactive|Time left: 300 sec this turn | 300 sec total\n|\n|t:|1783572062\n|switch|p2a: Gastrodon|Gastrodon, L86, M|32/100\n|move|p1a: Wugtrio|Liquidation|p2a: Gastrodon\n|-ability|p2a: Gastrodon|Storm Drain|boost\n|-boost|p2a: Gastrodon|spa|1\n|\n|-heal|p2a: Gastrodon|38/100|[from] item: Leftovers\n|upkeep\n|turn|15\n|inactive|Time left: 300 sec this turn | 300 sec total\n|\n|t:|1783572063\n|switch|p1a: Victreebel|Victreebel, L90, F|261/290\n|move|p2a: Gastrodon|Earthquake|p1a: Victreebel\n|-damage|p1a: Victreebel|137/290\n|\n|-heal|p2a: Gastrodon|44/100|[from] item: Leftovers\n|upkeep\n|turn|16\n|inactive|Time left: 300 sec this turn | 300 sec total\n|\n|t:|1783572064\n|switch|p2a: Avalugg|Avalugg-Hisui, L90, F, tera:Flying|24/100\n|move|p1a: Victreebel|Power Whip|p2a: Avalugg\n|-resisted|p2a: Avalugg\n|-damage|p2a: Avalugg|6/100\n|-damage|p1a: Victreebel|108/290|[from] item: Life Orb\n|\n|upkeep\n|turn|17\n|inactive|Time left: 300 sec this turn | 300 sec total\n|\n|t:|1783572065\n|move|p1a: Victreebel|Power Whip|p2a: Avalugg|[miss]\n|-miss|p1a: Victreebel|p2a: Avalugg\n|move|p2a: Avalugg|Recover|p2a: Avalugg\n|-heal|p2a: Avalugg|56/100\n|\n|upkeep\n|turn|18\n|inactive|Time left: 300 sec this turn | 300 sec total\n|\n|t:|1783572066\n|switch|p2a: Gastrodon|Gastrodon, L86, M|44/100\n|move|p1a: Victreebel|Sludge Wave|p2a: Gastrodon\n|-resisted|p2a: Gastrodon\n|-damage|p2a: Gastrodon|20/100\n|-damage|p1a: Victreebel|79/290|[from] item: Life Orb\n|\n|-heal|p2a: Gastrodon|26/100|[from] item: Leftovers\n|upkeep\n|turn|19\n|inactive|Time left: 300 sec this turn | 300 sec total\n|\n|t:|1783572067\n|move|p1a: Victreebel|Power Whip|p2a: Gastrodon|[miss]\n|-miss|p1a: Victreebel|p2a: Gastrodon\n|move|p2a: Gastrodon|Recover|p2a: Gastrodon\n|-heal|p2a: Gastrodon|77/100\n|\n|-heal|p2a: Gastrodon|83/100|[from] item: Leftovers\n|upkeep\n|turn|20\n|inactive|Time left: 300 sec this turn | 300 sec total\n|\n|t:|1783572068\n|switch|p2a: Mimikyu|Mimikyu, L79, M|91/100\n|move|p1a: Victreebel|Power Whip|p2a: Mimikyu|[miss]\n|-miss|p1a: Victreebel|p2a: Mimikyu\n|\n|upkeep\n|turn|21\n|inactive|Time left: 300 sec this turn | 300 sec total\n|\n|t:|1783572069\n|move|p2a: Mimikyu|Shadow Claw|p1a: Victreebel\n|-damage|p1a: Victreebel|0 fnt\n|faint|p1a: Victreebel\n|-damage|p2a: Mimikyu|81/100|[from] item: Life Orb\n|\n|upkeep\n|inactive|Time left: 300 sec this turn | 300 sec total | 5 sec grace\n|\n|t:|1783572070\n|switch|p1a: Wugtrio|Wugtrio, L91, M|137/212\n|turn|22\n|inactive|Time left: 300 sec this turn | 300 sec total\n|\n|t:|1783572070\n|move|p1a: Wugtrio|Liquidation|p2a: Mimikyu\n|-activate|p2a: Mimikyu|ability: Disguise\n|-damage|p2a: Mimikyu|81/100\n|detailschange|p2a: Mimikyu|Mimikyu-Busted, L79, M\n|-damage|p2a: Mimikyu|69/100|[from] pokemon: Mimikyu-Busted\n|move|p2a: Mimikyu|Play Rough|p1a: Wugtrio\n|-damage|p1a: Wugtrio|4/212\n|-ability|p1a: Wugtrio|Gooey\n|-unboost|p2a: Mimikyu|spe|1\n|-damage|p2a: Mimikyu|59/100|[from] item: Life Orb\n|\n|upkeep\n|turn|23\n|inactive|Time left: 300 sec this turn | 300 sec total\n|\n|t:|1783572071\n|switch|p2a: Gastrodon|Gastrodon, L86, M|83/100\n|move|p1a: Wugtrio|Liquidation|p2a: Gastrodon\n|-ability|p2a: Gastrodon|Storm Drain|boost\n|-boost|p2a: Gastrodon|spa|1\n|\n|-heal|p2a: Gastrodon|89/100|[from] item: Leftovers\n|upkeep\n|turn|24\n|inactive|Time left: 300 sec this turn | 300 sec total\n|\n|t:|1783572072\n|move|p1a: Wugtrio|Liquidation|p2a: Gastrodon\n|-ability|p2a: Gastrodon|Storm Drain|boost\n|-boost|p2a: Gastrodon|spa|1\n|move|p2a: Gastrodon|Surf|p1a: Wugtrio\n|-resisted|p1a: Wugtrio\n|-damage|p1a: Wugtrio|0 fnt\n|faint|p1a: Wugtrio\n|\n|-heal|p2a: Gastrodon|95/100|[from] item: Leftovers\n|upkeep\n|inactive|Time left: 300 sec this turn | 300 sec total | 5 sec grace\n|\n|t:|1783572073\n|switch|p1a: Hawlucha|Hawlucha, L80, F|256/256\n|turn|25\n|inactive|Time left: 300 sec this turn | 300 sec total\n|\n|t:|1783572074\n|move|p1a: Hawlucha|Close Combat|p2a: Gastrodon\n|-damage|p2a: Gastrodon|54/100\n|-unboost|p1a: Hawlucha|def|1\n|-unboost|p1a: Hawlucha|spd|1\n|-enditem|p1a: Hawlucha|White Herb\n|-clearnegativeboost|p1a: Hawlucha|[silent]\n|move|p2a: Gastrodon|Surf|p1a: Hawlucha\n|-damage|p1a: Hawlucha|0 fnt\n|faint|p1a: Hawlucha\n|\n|win|p0y28651b19", "uploadtime": 1783572074, "views": 0, "rating": 0, "private": 0, "password": null, "_winner": "p0y28651b19", "_our_name": "p0x2865e969"}