{"id": "battle-gen9randombattle-1358", "formatid": "gen9randombattle", "format": "[Gen 9] Random Battle", "players": ["p0x135872dc", "p0y1358291b"], "log": "|init|battle\n|title|p0x135872dc vs. p0y1358291b\n|j|\u2606p0x135872dc\n|j|\u2606p0y1358291b\n|t:|1783554898\n|gametype|singles\n|player|p1|p0x135872dc|265|\n|player|p2|p0y1358291b|1|\n|gen|9\n|tier|[Gen 9] Random Battle\n|rule|Species Clause: Limit one of each Pok\u00e9mon\n|rule|HP Percentage Mod: HP is shown in percentages\n|rule|Sleep Clause Mod: Limit one foe put to sleep\n|rule|Illusion Level Mod: Illusion disguises the Pok\u00e9mon's true level\n|\n|t:|1783554898\n|teamsize|p1|6\n|teamsize|p2|6\n|start\n|switch|p1a: Qwilfish|Qwilfish, L86, M|252/252\n|switch|p2a: Corviknight|Corviknight, L80, M|100/100\n|-ability|p1a: Qwilfish|Intimidate|boost\n|-ability|p2a: Corviknight|Mirror Armor\n|-unboost|p1a: Qwilfish|atk|1\n|turn|1\n|inactive|Battle timer is ON: inactive players will automatically lose when time's up. (requested by p0x135872dc)\n|inactive|p0y1358291b also wants the timer to be on.\n|\n|t:|1783554899\n|switch|p1a: Lunala|Lunala, L70|308/308\n|move|p2a: Corviknight|Brave Bird|p1a: Lunala\n|-damage|p1a: Lunala|244/308\n|-damage|p2a: Corviknight|93/100|[from] Recoil\n|\n|-heal|p1a: Lunala|263/308|[from] item: Leftovers\n|-heal|p2a: Corviknight|99/100|[from] item: Leftovers\n|upkeep\n|turn|2\n|inactive|Time left: 300 sec this turn | 300 sec total\n|\n|t:|1783554900\n|switch|p2a: Porygon2|Porygon2, L81|100/100\n|-ability|p2a: Porygon2|Download|boost\n|-boost|p2a: Porygon2|atk|1\n|move|p1a: Lunala|Calm Mind|p1a: Lunala\n|-boost|p1a: Lunala|spa|1\n|-boost|p1a: Lunala|spd|1\n|\n|-heal|p1a: Lunala|282/308|[from] item: Leftovers\n|upkeep\n|turn|3\n|inactive|Time left: 300 sec this turn | 300 sec total\n|\n|t:|1783554901\n|move|p1a: Lunala|Calm Mind|p1a: Lunala\n|-boost|p1a: Lunala|spa|1\n|-boost|p1a: Lunala|spd|1\n|move|p2a: Porygon2|Shadow Ball|p1a: Lunala\n|-supereffective|p1a: Lunala\n|-damage|p1a: Lunala|174/308\n|\n|-heal|p1a: Lunala|193/308|[from] item: Leftovers\n|upkeep\n|turn|4\n|inactive|Time left: 300 sec this turn | 300 sec total\n|\n|t:|1783554902\n|move|p1a: Lunala|Moonlight|p1a: Lunala\n|-heal|p1a: Lunala|308/308\n|move|p2a: Porygon2|Shadow Ball|p1a: Lunala\n|-supereffective|p1a: Lunala\n|-damage|p1a: Lunala|248/308\n|\n|-heal|p1a: Lunala|267/308|[from] item: Leftovers\n|upkeep\n|turn|5\n|inactive|Time left: 300 sec this turn | 300 sec total\n|\n|t:|1783554903\n|move|p1a: Lunala|Moonblast|p2a: Porygon2\n|-damage|p2a: Porygon2|68/100\n|move|p2a: Porygon2|Thunder Wave|p1a: Lunala\n|-status|p1a: Lunala|par\n|\n|-heal|p1a: Lunala|286/308 par|[from] item: Leftovers\n|upkeep\n|turn|6\n|inactive|Time left: 300 sec this turn | 300 sec total\n|\n|t:|1783554904\n|move|p2a: Porygon2|Shadow Ball|p1a: Lunala\n|-supereffective|p1a: Lunala\n|-damage|p1a: Lunala|158/308 par\n|move|p1a: Lunala|Moonblast|p2a: Porygon2\n|-damage|p2a: Porygon2|39/100\n|\n|-heal|p1a: Lunala|177/308 par|[from] item: Leftovers\n|upkeep\n|turn|7\n|inactive|Time left: 300 sec this turn | 300 sec total\n|\n|t:|1783554905\n|move|p2a: Porygon2|Recover|p2a: Porygon2\n|-heal|p2a: Porygon2|89/100\n|move|p1a: Lunala|Moonlight|p1a: Lunala\n|-heal|p1a: Lunala|308/308 par\n|\n|upkeep\n|turn|8\n|inactive|Time left: 300 sec this turn | 300 sec total\n|\n|t:|1783554907\n|move|p2a: Porygon2|Shadow Ball|p1a: Lunala\n|-supereffective|p1a: Lunala\n|-damage|p1a: Lunala|248/308 par\n|move|p1a: Lunala|Moonblast|p2a: Porygon2\n|-damage|p2a: Porygon2|57/100\n|\n|-heal|p1a: Lunala|267/308 par|[from] item: Leftovers\n|upkeep\n|turn|9\n|inactive|Time left: 300 sec this turn | 300 sec total\n|\n|t:|1783554908\n|move|p2a: Porygon2|Shadow Ball|p1a: Lunala\n|-supereffective|p1a: Lunala\n|-damage|p1a: Lunala|139/308 par\n|cant|p1a: Lunala|par\n|\n|-heal|p1a: Lunala|158/308 par|[from] item: Leftovers\n|upkeep\n|turn|10\n|inactive|Time left: 300 sec this turn | 300 sec total\n|\n|t:|1783554909\n|move|p2a: Porygon2|Shadow Ball|p1a: Lunala\n|-supereffective|p1a: Lunala\n|-damage|p1a: Lunala|42/308 par\n|move|p1a: Lunala|Moonlight|p1a: Lunala\n|-heal|p1a: Lunala|196/308 par\n|\n|-heal|p1a: Lunala|215/308 par|[from] item: Leftovers\n|upkeep\n|turn|11\n|inactive|Time left: 300 sec this turn | 300 sec total\n|\n|t:|1783554910\n|move|p2a: Porygon2|Recover|p2a: Porygon2\n|-heal|p2a: Porygon2|100/100\n|move|p1a: Lunala|Moonblast|p2a: Porygon2\n|-damage|p2a: Porygon2|72/100\n|\n|-heal|p1a: Lunala|234/308 par|[from] item: Leftovers\n|upkeep\n|turn|12\n|inactive|Time left: 300 sec this turn | 300 sec total\n|\n|t:|1783554911\n|move|p2a: Porygon2|Shadow Ball|p1a: Lunala\n|-supereffective|p1a: Lunala\n|-damage|p1a: Lunala|122/308 par\n|cant|p1a: Lunala|par\n|\n|-heal|p1a: Lunala|141/308 par|[from] item: Leftovers\n|upkeep\n|turn|13\n|inactive|Time left: 300 sec this turn | 300 sec total\n|\n|t:|1783554911\n|move|p2a: Porygon2|Shadow Ball|p1a: Lunala\n|-supereffective|p1a: Lunala\n|-damage|p1a: Lunala|25/308 par\n|move|p1a: Lunala|Moonlight|p1a: Lunala\n|-heal|p1a: Lunala|179/308 par\n|\n|-heal|p1a: Lunala|198/308 par|[from] item: Leftovers\n|upkeep\n|turn|14\n|inactive|Time left: 300 sec this turn | 300 sec total\n|\n|t:|1783554912\n|move|p2a: Porygon2|Shadow Ball|p1a: Lunala\n|-supereffective|p1a: Lunala\n|-damage|p1a: Lunala|90/308 par\n|cant|p1a: Lunala|par\n|\n|-heal|p1a: Lunala|109/308 par|[from] item: Leftovers\n|upkeep\n|turn|15\n|inactive|Time left: 300 sec this turn | 300 sec total\n|\n|t:|1783554913\n|-terastallize|p1a: Lunala|Fairy\n|move|p2a: Porygon2|Shadow Ball|p1a: Lunala\n|-crit|p1a: Lunala\n|-damage|p1a: Lunala|18/308 par\n|move|p1a: Lunala|Moonblast|p2a: Porygon2\n|-damage|p2a: Porygon2|26/100\n|-unboost|p2a: Porygon2|spa|1\n|\n|-heal|p1a: Lunala|37/308 par|[from] item: Leftovers\n|upkeep\n|turn|16\n|inactive|Time left: 300 sec this turn | 300 sec total\n|\n|t:|1783554914\n|-terastallize|p2a: Porygon2|Fighting\n|move|p2a: Porygon2|Tera Blast|p1a: Lunala|[anim] Tera Blast Fighting\n|-resisted|p1a: Lunala\n|-damage|p1a: Lunala|0 fnt\n|faint|p1a: Lunala\n|\n|upkeep\n|inactive|Time left: 300 sec this turn | 300 sec total | 5 sec grace\n|\n|t:|1783554915\n|switch|p1a: Delphox|Delphox, L84, M|263/263\n|turn|17\n|inactive|Time left: 300 sec this turn | 300 sec total\n|\n|t:|1783554916\n|switch|p2a: Uxie|Uxie, L83|100/100\n|move|p1a: Delphox|Fire Blast|p2a: Uxie|[miss]\n|-miss|p1a: Delphox|p2a: Uxie\n|\n|upkeep\n|turn|18\n|inactive|Time left: 300 sec this turn | 300 sec total\n|\n|t:|1783554918\n|move|p1a: Delphox|Fire Blast|p2a: Uxie|[miss]\n|-miss|p1a: Delphox|p2a: Uxie\n|move|p2a: Uxie|Thunder Wave|p1a: Delphox|[miss]\n|-miss|p2a: Uxie|p1a: Delphox\n|\n|upkeep\n|turn|19\n|inactive|Time left: 300 sec this turn | 300 sec total\n|\n|t:|1783554919\n|move|p1a: Delphox|Fire Blast|p2a: Uxie\n|-damage|p2a: Uxie|64/100\n|move|p2a: Uxie|Thunder Wave|p1a: Delphox\n|-status|p1a: Delphox|par\n|\n|-heal|p2a: Uxie|70/100|[from] item: Leftovers\n|upkeep\n|turn|20\n|inactive|Time left: 300 sec this turn | 300 sec total\n|\n|t:|1783554920\n|move|p2a: Uxie|Psychic Noise|p1a: Delphox\n|-resisted|p1a: Delphox\n|-damage|p1a: Delphox|233/263 par\n|-start|p1a: Delphox|move: Heal Block\n|cant|p1a: Delphox|par\n|\n|-heal|p2a: Uxie|77/100|[from] item: Leftovers\n|upkeep\n|turn|21\n|inactive|Time left: 300 sec this turn | 300 sec total\n|\n|t:|1783554921\n|move|p2a: Uxie|Psychic Noise|p1a: Delphox\n|-resisted|p1a: Delphox\n|-damage|p1a: Delphox|204/263 par\n|move|p1a: Delphox|Fire Blast|p2a: Uxie\n|-damage|p2a: Uxie|37/100\n|\n|-heal|p2a: Uxie|43/100|[from] item: Leftovers\n|-end|p1a: Delphox|move: Heal Block\n|upkeep\n|turn|22\n|inactive|Time left: 300 sec this turn | 300 sec total\n|\n|t:|1783554922\n|move|p2a: Uxie|U-turn|p1a: Delphox\n|-damage|p1a: Delphox|155/263 par\n|\n|t:|1783554923\n|switch|p2a: Porygon2|Porygon2, L81, tera:Fighting|26/100|[from] U-turn\n|-ability|p2a: Porygon2|Download|boost\n|-boost|p2a: Porygon2|atk|1\n|move|p1a: Delphox|Fire Blast|p2a: Porygon2\n|-damage|p2a: Porygon2|0 fnt\n|faint|p2a: Porygon2\n|\n|upkeep\n|\n|t:|1783554924\n|switch|p2a: Gengar|Gengar, L81, F|100/100\n|turn|23\n|inactive|Time left: 300 sec this turn | 300 sec total\n|\n|t:|1783554925\n|move|p2a: Gengar|Shadow Ball|p1a: Delphox\n|-supereffective|p1a: Delphox\n|-damage|p1a: Delphox|0 fnt\n|faint|p1a: Delphox\n|\n|upkeep\n|inactive|Time left: 300 sec this turn | 300 sec total | 5 sec grace\n|\n|t:|1783554927\n|switch|p1a: Zangoose|Zangoose, L85, F|263/263\n|turn|24\n|inactive|Time left: 300 sec this turn | 300 sec total\n|\n|t:|1783554928\n|switch|p2a: Skarmory|Skarmory, L80, F|100/100\n|move|p1a: Zangoose|Swords Dance|p1a: Zangoose\n|-boost|p1a: Zangoose|atk|2\n|\n|-status|p1a: Zangoose|tox|[from] item: Toxic Orb\n|upkeep\n|turn|25\n|inactive|Time left: 300 sec this turn | 300 sec total\n|\n|t:|1783554929\n|move|p1a: Zangoose|Knock Off|p2a: Skarmory\n|-damage|p2a: Skarmory|29/100\n|-damage|p1a: Zangoose|220/263 tox|[from] item: Rocky Helmet|[of] p2a: Skarmory\n|-enditem|p2a: Skarmory|Rocky Helmet|[from] move: Knock Off|[of] p1a: Zangoose\n|move|p2a: Skarmory|Body Press|p1a: Zangoose\n|-supereffective|p1a: Zangoose\n|-damage|p1a: Zangoose|30/263 tox\n|\n|-damage|p1a: Zangoose|14/263 tox|[from] psn\n|upkeep\n|turn|26\n|inactive|Time left: 300 sec this turn | 300 sec total\n|\n|t:|1783554930\n|move|p1a: Zangoose|Knock Off|p2a: Skarmory\n|-damage|p2a: Skarmory|0 fnt\n|faint|p2a: Skarmory\n|\n|-damage|p1a: Zangoose|0 fnt|[from] psn\n|faint|p1a: Zangoose\n|upkeep\n|inactive|Time left: 300 sec this turn | 300 sec total | 5 sec grace\n|\n|t:|1783554931\n|switch|p1a: Noivern|Noivern, L82, F|274/274\n|switch|p2a: Gengar|Gengar, L81, F|100/100\n|turn|27\n|inactive|Time left: 300 sec this turn | 300 sec total\n|\n|t:|1783554932\n|move|p1a: Noivern|Hurricane|p2a: Gengar\n|-damage|p2a: Gengar|49/100\n|move|p2a: Gengar|Sludge Wave|p1a: Noivern\n|-damage|p1a: Noivern|66/274\n|\n|upkeep\n|turn|28\n|inactive|Time left: 300 sec this turn | 300 sec total\n|\n|t:|1783554933\n|switch|p2a: Corviknight|Corviknight, L80, M|99/100\n|move|p1a: Noivern|Hurricane|p2a: Corviknight\n|-resisted|p2a: Corviknight\n|-damage|p2a: Corviknight|77/100\n|\n|-heal|p2a: Corviknight|83/100|[from] item: Leftovers\n|upkeep\n|turn|29\n|inactive|Time left: 300 sec this turn | 300 sec total\n|\n|t:|1783554934\n|move|p1a: Noivern|Flamethrower|p2a: Corviknight\n|-supereffective|p2a: Corviknight\n|-damage|p2a: Corviknight|35/100\n|move|p2a: Corviknight|Brave Bird|p1a: Noivern\n|-damage|p1a: Noivern|0 fnt\n|faint|p1a: Noivern\n|-damage|p2a: Corviknight|27/100|[from] Recoil\n|\n|-heal|p2a: Corviknight|33/100|[from] item: Leftovers\n|upkeep\n|inactive|Time left: 300 sec this turn | 300 sec total | 5 sec grace\n|\n|t:|1783554934\n|switch|p1a: Electrode|Electrode-Hisui, L87|246/246\n|turn|30\n|inactive|Time left: 300 sec this turn | 300 sec total\n|\n|t:|1783554935\n|move|p1a: Electrode|Thunderbolt|p2a: Corviknight\n|-supereffective|p2a: Corviknight\n|-damage|p2a: Corviknight|0 fnt\n|faint|p2a: Corviknight\n|-damage|p1a: Electrode|222/246|[from] item: Life Orb\n|\n|upkeep\n|\n|t:|1783554936\n|switch|p2a: Gothitelle|Gothitelle, L90, F|100/100\n|turn|31\n|inactive|Time left: 300 sec this turn | 300 sec total\n|\n|t:|1783554937\n|move|p1a: Electrode|Thunderbolt|p2a: Gothitelle\n|-damage|p2a: Gothitelle|66/100\n|-damage|p1a: Electrode|198/246|[from] item: Life Orb\n|move|p2a: Gothitelle|Calm Mind|p2a: Gothitelle\n|-boost|p2a: Gothitelle|spa|1\n|-boost|p2a: Gothitelle|spd|1\n|\n|-heal|p2a: Gothitelle|72/100|[from] item: Leftovers\n|upkeep\n|turn|32\n|inactive|Time left: 300 sec this turn | 300 sec total\n|\n|t:|1783554938\n|move|p1a: Electrode|Thunderbolt|p2a: Gothitelle\n|-damage|p2a: Gothitelle|50/100\n|-damage|p1a: Electrode|174/246|[from] item: Life Orb\n|move|p2a: Gothitelle|Psychic Noise|p1a: Electrode\n|-damage|p1a: Electrode|29/246\n|-start|p1a: Electrode|move: Heal Block\n|\n|-heal|p2a: Gothitelle|57/100|[from] item: Leftovers\n|upkeep\n|turn|33\n|inactive|Time left: 300 sec this turn | 300 sec total\n|\n|t:|1783554940\n|move|p1a: Electrode|Leaf Storm|p2a: Gothitelle\n|-damage|p2a: Gothitelle|22/100\n|-unboost|p1a: Electrode|spa|2\n|-damage|p1a: Electrode|5/246|[from] item: Life Orb\n|move|p2a: Gothitelle|Dark Pulse|p1a: Electrode\n|-damage|p1a: Electrode|0 fnt\n|faint|p1a: Electrode\n|\n|-heal|p2a: Gothitelle|28/100|[from] item: Leftovers\n|upkeep\n|inactive|Time left: 300 sec this turn | 300 sec total | 5 sec grace\n|\n|t:|1783554941\n|switch|p1a: Qwilfish|Qwilfish, L86, M|252/252\n|-ability|p1a: Qwilfish|Intimidate|boost\n|-unboost|p2a: Gothitelle|atk|1\n|turn|34\n|inactive|Time left: 300 sec this turn | 300 sec total\n|\n|t:|1783554942\n|move|p1a: Qwilfish|Gunk Shot|p2a: Gothitelle\n|-damage|p2a: Gothitelle|0 fnt\n|faint|p2a: Gothitelle\n|\n|upkeep\n|\n|t:|1783554942\n|switch|p2a: Gengar|Gengar, L81, F|49/100\n|turn|35\n|inactive|Time left: 300 sec this turn | 300 sec total\n|\n|t:|1783554943\n|move|p2a: Gengar|Shadow Ball|p1a: Qwilfish\n|-damage|p1a: Qwilfish|41/252\n|move|p1a: Qwilfish|Thunder Wave|p2a: Gengar\n|-status|p2a: Gengar|par\n|\n|upkeep\n|turn|36\n|inactive|Time left: 300 sec this turn | 300 sec total\n|\n|t:|1783554944\n|move|p1a: Qwilfish|Flip Turn|p2a: Gengar\n|-damage|p2a: Gengar|14/100 par\n|cant|p2a: Gengar|par\n|\n|upkeep\n|turn|37\n|inactive|Time left: 300 sec this turn | 300 sec total\n|\n|t:|1783554946\n|move|p1a: Qwilfish|Flip Turn|p2a: Gengar\n|-damage|p2a: Gengar|0 fnt\n|faint|p2a: Gengar\n|\n|upkeep\n|\n|t:|1783554947\n|switch|p2a: Uxie|Uxie, L83|43/100\n|turn|38\n|inactive|Time left: 300 sec this turn | 300 sec total\n|\n|t:|1783554947\n|move|p2a: Uxie|Psychic Noise|p1a: Qwilfish\n|-supereffective|p1a: Qwilfish\n|-damage|p1a: Qwilfish|0 fnt\n|faint|p1a: Qwilfish\n|\n|win|p0y1358291b", "uploadtime": 1783554947, "views": 0, "rating": 0, "private": 0, "password": null, "_winner": "p0y1358291b", "_our_name": "p0x135872dc"}