{"id": "battle-gen9randombattle-1434", "formatid": "gen9randombattle", "format": "[Gen 9] Random Battle", "players": ["p0x14345d7f", "p0y143460da"], "log": "|init|battle\n|title|p0x14345d7f vs. p0y143460da\n|j|\u2606p0x14345d7f\n|j|\u2606p0y143460da\n|t:|1783556701\n|gametype|singles\n|player|p1|p0x14345d7f|2|\n|player|p2|p0y143460da|101|\n|gen|9\n|tier|[Gen 9] Random Battle\n|rule|Species Clause: Limit one of each Pok\u00e9mon\n|rule|HP Percentage Mod: HP is shown in percentages\n|rule|Sleep Clause Mod: Limit one foe put to sleep\n|rule|Illusion Level Mod: Illusion disguises the Pok\u00e9mon's true level\n|\n|t:|1783556701\n|teamsize|p1|6\n|teamsize|p2|6\n|start\n|switch|p1a: Klawf|Klawf, L90, F|272/272\n|switch|p2a: Walking Wake|Walking Wake, L79|100/100\n|turn|1\n|inactive|Battle timer is ON: inactive players will automatically lose when time's up. (requested by p0x14345d7f)\n|inactive|p0y143460da also wants the timer to be on.\n|\n|t:|1783556703\n|move|p1a: Klawf|Knock Off|p2a: Walking Wake\n|-damage|p2a: Walking Wake|69/100\n|-enditem|p2a: Walking Wake|Choice Specs|[from] move: Knock Off|[of] p1a: Klawf\n|move|p2a: Walking Wake|Hydro Pump|p1a: Klawf\n|-supereffective|p1a: Klawf\n|-damage|p1a: Klawf|0 fnt\n|faint|p1a: Klawf\n|\n|upkeep\n|inactive|Time left: 300 sec this turn | 300 sec total | 65 sec grace\n|\n|t:|1783556704\n|switch|p1a: Florges|Florges-Yellow, L85, F|271/271\n|turn|2\n|inactive|Time left: 300 sec this turn | 300 sec total\n|\n|t:|1783556706\n|-end|p2a: Walking Wake|Protosynthesis|[silent]\n|switch|p2a: Reuniclus|Reuniclus, L88, F|100/100\n|move|p1a: Florges|Moonblast|p2a: Reuniclus\n|-damage|p2a: Reuniclus|67/100\n|-unboost|p2a: Reuniclus|spa|1\n|\n|upkeep\n|turn|3\n|inactive|Time left: 300 sec this turn | 300 sec total\n|\n|t:|1783556707\n|move|p1a: Florges|Moonblast|p2a: Reuniclus\n|-damage|p2a: Reuniclus|30/100\n|-unboost|p2a: Reuniclus|spa|1\n|move|p2a: Reuniclus|Calm Mind|p2a: Reuniclus\n|-boost|p2a: Reuniclus|spa|1\n|-boost|p2a: Reuniclus|spd|1\n|\n|upkeep\n|turn|4\n|inactive|Time left: 300 sec this turn | 300 sec total\n|\n|t:|1783556708\n|move|p1a: Florges|Moonblast|p2a: Reuniclus\n|-damage|p2a: Reuniclus|6/100\n|move|p2a: Reuniclus|Recover|p2a: Reuniclus\n|-heal|p2a: Reuniclus|56/100\n|\n|upkeep\n|turn|5\n|inactive|Time left: 300 sec this turn | 300 sec total\n|\n|t:|1783556709\n|move|p1a: Florges|Calm Mind|p1a: Florges\n|-boost|p1a: Florges|spa|1\n|-boost|p1a: Florges|spd|1\n|move|p2a: Reuniclus|Calm Mind|p2a: Reuniclus\n|-boost|p2a: Reuniclus|spa|1\n|-boost|p2a: Reuniclus|spd|1\n|\n|upkeep\n|turn|6\n|inactive|Time left: 300 sec this turn | 300 sec total\n|\n|t:|1783556710\n|move|p1a: Florges|Calm Mind|p1a: Florges\n|-boost|p1a: Florges|spa|1\n|-boost|p1a: Florges|spd|1\n|move|p2a: Reuniclus|Recover|p2a: Reuniclus\n|-heal|p2a: Reuniclus|100/100\n|\n|upkeep\n|turn|7\n|inactive|Time left: 300 sec this turn | 300 sec total\n|\n|t:|1783556711\n|move|p1a: Florges|Moonblast|p2a: Reuniclus\n|-damage|p2a: Reuniclus|65/100\n|move|p2a: Reuniclus|Calm Mind|p2a: Reuniclus\n|-boost|p2a: Reuniclus|spa|1\n|-boost|p2a: Reuniclus|spd|1\n|\n|upkeep\n|turn|8\n|inactive|Time left: 300 sec this turn | 300 sec total\n|\n|t:|1783556712\n|move|p1a: Florges|Moonblast|p2a: Reuniclus\n|-damage|p2a: Reuniclus|35/100\n|move|p2a: Reuniclus|Recover|p2a: Reuniclus\n|-heal|p2a: Reuniclus|85/100\n|\n|upkeep\n|turn|9\n|inactive|Time left: 300 sec this turn | 300 sec total\n|\n|t:|1783556713\n|move|p1a: Florges|Moonblast|p2a: Reuniclus\n|-damage|p2a: Reuniclus|60/100\n|move|p2a: Reuniclus|Calm Mind|p2a: Reuniclus\n|-boost|p2a: Reuniclus|spa|1\n|-boost|p2a: Reuniclus|spd|1\n|\n|upkeep\n|turn|10\n|inactive|Time left: 300 sec this turn | 300 sec total\n|\n|t:|1783556714\n|move|p1a: Florges|Moonblast|p2a: Reuniclus\n|-damage|p2a: Reuniclus|38/100\n|move|p2a: Reuniclus|Recover|p2a: Reuniclus\n|-heal|p2a: Reuniclus|88/100\n|\n|upkeep\n|turn|11\n|inactive|Time left: 300 sec this turn | 300 sec total\n|\n|t:|1783556715\n|move|p1a: Florges|Protect|p1a: Florges\n|-singleturn|p1a: Florges|Protect\n|move|p2a: Reuniclus|Psychic|p1a: Florges\n|-activate|p1a: Florges|move: Protect\n|\n|upkeep\n|turn|12\n|inactive|Time left: 300 sec this turn | 300 sec total\n|\n|t:|1783556716\n|move|p1a: Florges|Calm Mind|p1a: Florges\n|-boost|p1a: Florges|spa|1\n|-boost|p1a: Florges|spd|1\n|move|p2a: Reuniclus|Calm Mind|p2a: Reuniclus\n|-boost|p2a: Reuniclus|spa|1\n|-boost|p2a: Reuniclus|spd|1\n|\n|upkeep\n|turn|13\n|inactive|Time left: 300 sec this turn | 300 sec total\n|\n|t:|1783556717\n|move|p1a: Florges|Moonblast|p2a: Reuniclus\n|-damage|p2a: Reuniclus|65/100\n|move|p2a: Reuniclus|Calm Mind|p2a: Reuniclus\n|-boost|p2a: Reuniclus|spa|1\n|-boost|p2a: Reuniclus|spd|1\n|\n|upkeep\n|turn|14\n|inactive|Time left: 300 sec this turn | 300 sec total\n|\n|t:|1783556718\n|move|p1a: Florges|Calm Mind|p1a: Florges\n|-boost|p1a: Florges|spa|1\n|-boost|p1a: Florges|spd|1\n|move|p2a: Reuniclus|Psychic|p1a: Florges\n|-damage|p1a: Florges|166/271\n|\n|-heal|p1a: Florges|182/271|[from] item: Leftovers\n|upkeep\n|turn|15\n|inactive|Time left: 300 sec this turn | 300 sec total\n|\n|t:|1783556719\n|move|p1a: Florges|Moonblast|p2a: Reuniclus\n|-damage|p2a: Reuniclus|37/100\n|-unboost|p2a: Reuniclus|spa|1\n|move|p2a: Reuniclus|Recover|p2a: Reuniclus\n|-heal|p2a: Reuniclus|87/100\n|\n|-heal|p1a: Florges|198/271|[from] item: Leftovers\n|upkeep\n|turn|16\n|inactive|Time left: 300 sec this turn | 300 sec total\n|\n|t:|1783556720\n|move|p1a: Florges|Wish|p1a: Florges\n|move|p2a: Reuniclus|Psychic|p1a: Florges\n|-damage|p1a: Florges|107/271\n|\n|-heal|p1a: Florges|123/271|[from] item: Leftovers\n|upkeep\n|turn|17\n|inactive|Time left: 300 sec this turn | 300 sec total\n|\n|t:|1783556720\n|move|p1a: Florges|Moonblast|p2a: Reuniclus\n|-damage|p2a: Reuniclus|62/100\n|move|p2a: Reuniclus|Psychic|p1a: Florges\n|-damage|p1a: Florges|33/271\n|\n|-heal|p1a: Florges|168/271|[from] move: Wish|[wisher] Florges\n|-heal|p1a: Florges|184/271|[from] item: Leftovers\n|upkeep\n|turn|18\n|inactive|Time left: 300 sec this turn | 300 sec total\n|\n|t:|1783556721\n|move|p1a: Florges|Moonblast|p2a: Reuniclus\n|-damage|p2a: Reuniclus|38/100\n|move|p2a: Reuniclus|Recover|p2a: Reuniclus\n|-heal|p2a: Reuniclus|88/100\n|\n|-heal|p1a: Florges|200/271|[from] item: Leftovers\n|upkeep\n|turn|19\n|inactive|Time left: 300 sec this turn | 300 sec total\n|\n|t:|1783556722\n|move|p1a: Florges|Moonblast|p2a: Reuniclus\n|-damage|p2a: Reuniclus|64/100\n|move|p2a: Reuniclus|Psychic|p1a: Florges\n|-damage|p1a: Florges|114/271\n|-unboost|p1a: Florges|spd|1\n|\n|-heal|p1a: Florges|130/271|[from] item: Leftovers\n|upkeep\n|turn|20\n|inactive|Time left: 300 sec this turn | 300 sec total\n|\n|t:|1783556723\n|move|p1a: Florges|Moonblast|p2a: Reuniclus\n|-damage|p2a: Reuniclus|36/100\n|move|p2a: Reuniclus|Psychic|p1a: Florges\n|-damage|p1a: Florges|21/271\n|\n|-heal|p1a: Florges|37/271|[from] item: Leftovers\n|upkeep\n|turn|21\n|inactive|Time left: 300 sec this turn | 300 sec total\n|\n|t:|1783556724\n|move|p1a: Florges|Moonblast|p2a: Reuniclus\n|-damage|p2a: Reuniclus|11/100\n|move|p2a: Reuniclus|Recover|p2a: Reuniclus\n|-heal|p2a: Reuniclus|61/100\n|\n|-heal|p1a: Florges|53/271|[from] item: Leftovers\n|upkeep\n|turn|22\n|inactive|Time left: 300 sec this turn | 300 sec total\n|\n|t:|1783556725\n|move|p1a: Florges|Moonblast|p2a: Reuniclus\n|-damage|p2a: Reuniclus|37/100\n|move|p2a: Reuniclus|Psychic|p1a: Florges\n|-damage|p1a: Florges|0 fnt\n|faint|p1a: Florges\n|\n|upkeep\n|inactive|Time left: 300 sec this turn | 300 sec total | 5 sec grace\n|\n|t:|1783556726\n|switch|p1a: Zangoose|Zangoose, L85, F|263/263\n|turn|23\n|inactive|Time left: 300 sec this turn | 300 sec total\n|\n|t:|1783556727\n|-terastallize|p2a: Reuniclus|Fighting\n|move|p1a: Zangoose|Knock Off|p2a: Reuniclus\n|-resisted|p2a: Reuniclus\n|-damage|p2a: Reuniclus|24/100\n|-enditem|p2a: Reuniclus|Life Orb|[from] move: Knock Off|[of] p1a: Zangoose\n|move|p2a: Reuniclus|Psychic|p1a: Zangoose\n|-damage|p1a: Zangoose|0 fnt\n|faint|p1a: Zangoose\n|\n|upkeep\n|inactive|Time left: 300 sec this turn | 300 sec total | 5 sec grace\n|\n|t:|1783556728\n|switch|p1a: Gouging Fire|Gouging Fire, L74|277/277\n|turn|24\n|inactive|Time left: 300 sec this turn | 300 sec total\n|\n|t:|1783556729\n|move|p1a: Gouging Fire|Outrage|p2a: Reuniclus\n|-damage|p2a: Reuniclus|0 fnt\n|faint|p2a: Reuniclus\n|\n|upkeep\n|\n|t:|1783556730\n|switch|p2a: Masquerain|Masquerain, L87, F|100/100\n|-ability|p2a: Masquerain|Intimidate|boost\n|-unboost|p1a: Gouging Fire|atk|1\n|turn|25\n|inactive|Time left: 300 sec this turn | 300 sec total\n|\n|t:|1783556731\n|move|p2a: Masquerain|Quiver Dance|p2a: Masquerain\n|-boost|p2a: Masquerain|spa|1\n|-boost|p2a: Masquerain|spd|1\n|-boost|p2a: Masquerain|spe|1\n|move|p1a: Gouging Fire|Outrage|p2a: Masquerain|[from] lockedmove\n|-damage|p2a: Masquerain|63/100\n|\n|upkeep\n|turn|26\n|inactive|Time left: 300 sec this turn | 300 sec total\n|\n|t:|1783556732\n|move|p2a: Masquerain|Hurricane|p1a: Gouging Fire\n|-damage|p1a: Gouging Fire|63/277\n|move|p1a: Gouging Fire|Outrage|p2a: Masquerain|[from] lockedmove\n|-damage|p2a: Masquerain|26/100\n|-start|p1a: Gouging Fire|confusion|[fatigue]\n|\n|upkeep\n|turn|27\n|inactive|Time left: 300 sec this turn | 300 sec total\n|\n|t:|1783556733\n|move|p2a: Masquerain|Bug Buzz|p1a: Gouging Fire\n|-resisted|p1a: Gouging Fire\n|-damage|p1a: Gouging Fire|0 fnt\n|faint|p1a: Gouging Fire\n|-end|p1a: Gouging Fire|Protosynthesis|[silent]\n|\n|upkeep\n|inactive|Time left: 300 sec this turn | 300 sec total | 5 sec grace\n|\n|t:|1783556734\n|switch|p1a: Delphox|Delphox, L84, M|263/263\n|turn|28\n|inactive|Time left: 300 sec this turn | 300 sec total\n|\n|t:|1783556735\n|move|p2a: Masquerain|Hydro Pump|p1a: Delphox\n|-supereffective|p1a: Delphox\n|-damage|p1a: Delphox|33/263\n|move|p1a: Delphox|Psyshock|p2a: Masquerain\n|-damage|p2a: Masquerain|0 fnt\n|faint|p2a: Masquerain\n|\n|upkeep\n|\n|t:|1783556736\n|switch|p2a: Thundurus|Thundurus, L80, M|100/100\n|turn|29\n|inactive|Time left: 300 sec this turn | 300 sec total\n|\n|t:|1783556737\n|move|p2a: Thundurus|Thunderbolt|p1a: Delphox\n|-damage|p1a: Delphox|0 fnt\n|faint|p1a: Delphox\n|\n|upkeep\n|inactive|Time left: 300 sec this turn | 300 sec total | 5 sec grace\n|\n|t:|1783556739\n|switch|p1a: Inteleon|Inteleon, L81, M|246/246\n|turn|30\n|inactive|Time left: 300 sec this turn | 300 sec total\n|\n|t:|1783556740\n|-terastallize|p1a: Inteleon|Water\n|move|p1a: Inteleon|Hydro Pump|p2a: Thundurus\n|-damage|p2a: Thundurus|0 fnt\n|faint|p2a: Thundurus\n|\n|upkeep\n|\n|t:|1783556741\n|switch|p2a: Palkia|Palkia-Origin, L72|100/100\n|-ability|p2a: Palkia|Pressure\n|turn|31\n|inactive|Time left: 300 sec this turn | 300 sec total\n|\n|t:|1783556741\n|move|p1a: Inteleon|Hydro Pump|p2a: Palkia\n|-resisted|p2a: Palkia\n|-damage|p2a: Palkia|75/100\n|move|p2a: Palkia|Draco Meteor|p1a: Inteleon|[miss]\n|-miss|p2a: Palkia|p1a: Inteleon\n|\n|upkeep\n|turn|32\n|inactive|Time left: 300 sec this turn | 300 sec total\n|\n|t:|1783556742\n|move|p1a: Inteleon|Hydro Pump|p2a: Palkia\n|-resisted|p2a: Palkia\n|-damage|p2a: Palkia|51/100\n|move|p2a: Palkia|Draco Meteor|p1a: Inteleon\n|-damage|p1a: Inteleon|6/246\n|-unboost|p2a: Palkia|spa|2\n|\n|upkeep\n|turn|33\n|inactive|Time left: 300 sec this turn | 300 sec total\n|\n|t:|1783556743\n|move|p1a: Inteleon|Hydro Pump|p2a: Palkia\n|-resisted|p2a: Palkia\n|-damage|p2a: Palkia|15/100\n|move|p2a: Palkia|Fire Blast|p1a: Inteleon|[miss]\n|-miss|p2a: Palkia|p1a: Inteleon\n|\n|upkeep\n|turn|34\n|inactive|Time left: 300 sec this turn | 300 sec total\n|\n|t:|1783556744\n|move|p1a: Inteleon|Hydro Pump|p2a: Palkia\n|-resisted|p2a: Palkia\n|-damage|p2a: Palkia|0 fnt\n|faint|p2a: Palkia\n|\n|upkeep\n|\n|t:|1783556745\n|switch|p2a: Walking Wake|Walking Wake, L79|69/100\n|turn|35\n|inactive|Time left: 300 sec this turn | 300 sec total\n|\n|t:|1783556746\n|-activate|p1a: Inteleon|move: Struggle\n|move|p1a: Inteleon|Struggle|p2a: Walking Wake\n|-damage|p2a: Walking Wake|57/100\n|-damage|p1a: Inteleon|0 fnt|[from] recoil\n|faint|p1a: Inteleon\n|\n|win|p0y143460da", "uploadtime": 1783556746, "views": 0, "rating": 0, "private": 0, "password": null, "_winner": "p0y143460da", "_our_name": "p0x14345d7f"}