{"id": "battle-gen9randombattle-1470", "formatid": "gen9randombattle", "format": "[Gen 9] Random Battle", "players": ["p0x14704d59", "p0y14701fb7"], "log": "|init|battle\n|title|p0x14704d59 vs. p0y14701fb7\n|j|\u2606p0x14704d59\n|j|\u2606p0y14701fb7\n|t:|1783557127\n|gametype|singles\n|player|p1|p0x14704d59|1|\n|player|p2|p0y14701fb7|170|\n|gen|9\n|tier|[Gen 9] Random Battle\n|rule|Species Clause: Limit one of each Pok\u00e9mon\n|rule|HP Percentage Mod: HP is shown in percentages\n|rule|Sleep Clause Mod: Limit one foe put to sleep\n|rule|Illusion Level Mod: Illusion disguises the Pok\u00e9mon's true level\n|\n|t:|1783557127\n|teamsize|p1|6\n|teamsize|p2|6\n|start\n|switch|p1a: Slowking|Slowking, L88, F|100/100\n|switch|p2a: Heracross|Heracross, L80, M|259/259\n|turn|1\n|inactive|Battle timer is ON: inactive players will automatically lose when time's up. (requested by p0y14701fb7)\n|inactive|p0x14704d59 also wants the timer to be on.\n|\n|t:|1783557128\n|move|p2a: Heracross|Megahorn|p1a: Slowking\n|-supereffective|p1a: Slowking\n|-damage|p1a: Slowking|0 fnt\n|faint|p1a: Slowking\n|-ability|p2a: Heracross|Moxie|boost\n|-boost|p2a: Heracross|atk|1\n|\n|upkeep\n|\n|t:|1783557129\n|switch|p1a: Fezandipiti|Fezandipiti, L82, M|100/100\n|turn|2\n|inactive|Time left: 300 sec this turn | 300 sec total\n|\n|t:|1783557130\n|move|p1a: Fezandipiti|Moonblast|p2a: Heracross\n|-supereffective|p2a: Heracross\n|-damage|p2a: Heracross|121/259\n|move|p2a: Heracross|Megahorn|p1a: Fezandipiti\n|-resisted|p1a: Fezandipiti\n|-damage|p1a: Fezandipiti|68/100\n|\n|-heal|p1a: Fezandipiti|75/100|[from] item: Leftovers\n|upkeep\n|turn|3\n|inactive|Time left: 300 sec this turn | 300 sec total\n|\n|t:|1783557131\n|switch|p2a: Coalossal|Coalossal, L89, F|341/341\n|move|p1a: Fezandipiti|Moonblast|p2a: Coalossal\n|-resisted|p2a: Coalossal\n|-damage|p2a: Coalossal|306/341\n|\n|-heal|p1a: Fezandipiti|81/100|[from] item: Leftovers\n|upkeep\n|turn|4\n|inactive|Time left: 300 sec this turn | 300 sec total\n|\n|t:|1783557132\n|move|p1a: Fezandipiti|Moonblast|p2a: Coalossal\n|-resisted|p2a: Coalossal\n|-damage|p2a: Coalossal|269/341\n|move|p2a: Coalossal|Will-O-Wisp|p1a: Fezandipiti|[miss]\n|-miss|p2a: Coalossal|p1a: Fezandipiti\n|\n|-heal|p1a: Fezandipiti|87/100|[from] item: Leftovers\n|upkeep\n|turn|5\n|inactive|Time left: 300 sec this turn | 300 sec total\n|\n|t:|1783557133\n|move|p1a: Fezandipiti|Gunk Shot|p2a: Coalossal\n|-resisted|p2a: Coalossal\n|-damage|p2a: Coalossal|230/341\n|-status|p2a: Coalossal|psn\n|move|p2a: Coalossal|Stone Edge|p1a: Fezandipiti\n|-damage|p1a: Fezandipiti|45/100\n|\n|-heal|p1a: Fezandipiti|52/100|[from] item: Leftovers\n|-damage|p2a: Coalossal|188/341 psn|[from] psn\n|upkeep\n|turn|6\n|inactive|Time left: 300 sec this turn | 300 sec total\n|\n|t:|1783557134\n|move|p1a: Fezandipiti|Roost|p1a: Fezandipiti\n|-heal|p1a: Fezandipiti|100/100\n|-singleturn|p1a: Fezandipiti|move: Roost\n|move|p2a: Coalossal|Will-O-Wisp|p1a: Fezandipiti\n|-status|p1a: Fezandipiti|brn\n|\n|-damage|p2a: Coalossal|146/341 psn|[from] psn\n|-damage|p1a: Fezandipiti|94/100 brn|[from] brn\n|upkeep\n|turn|7\n|inactive|Time left: 300 sec this turn | 300 sec total\n|\n|t:|1783557135\n|move|p1a: Fezandipiti|Moonblast|p2a: Coalossal\n|-resisted|p2a: Coalossal\n|-damage|p2a: Coalossal|113/341 psn\n|move|p2a: Coalossal|Stone Edge|p1a: Fezandipiti\n|-damage|p1a: Fezandipiti|56/100 brn\n|\n|-heal|p1a: Fezandipiti|62/100 brn|[from] item: Leftovers\n|-damage|p2a: Coalossal|71/341 psn|[from] psn\n|-damage|p1a: Fezandipiti|56/100 brn|[from] brn\n|upkeep\n|turn|8\n|inactive|Time left: 300 sec this turn | 300 sec total\n|\n|t:|1783557136\n|switch|p2a: Gengar|Gengar, L81, M|230/230\n|move|p1a: Fezandipiti|Moonblast|p2a: Gengar\n|-resisted|p2a: Gengar\n|-damage|p2a: Gengar|186/230\n|\n|-heal|p1a: Fezandipiti|62/100 brn|[from] item: Leftovers\n|-damage|p1a: Fezandipiti|56/100 brn|[from] brn\n|upkeep\n|turn|9\n|inactive|Time left: 300 sec this turn | 300 sec total\n|\n|t:|1783557137\n|move|p2a: Gengar|Nasty Plot|p2a: Gengar\n|-boost|p2a: Gengar|spa|2\n|move|p1a: Fezandipiti|Moonblast|p2a: Gengar\n|-resisted|p2a: Gengar\n|-damage|p2a: Gengar|141/230\n|-unboost|p2a: Gengar|spa|1\n|-start|p1a: Fezandipiti|Disable|Moonblast|[from] ability: Cursed Body|[of] p2a: Gengar\n|\n|-heal|p1a: Fezandipiti|62/100 brn|[from] item: Leftovers\n|-damage|p1a: Fezandipiti|56/100 brn|[from] brn\n|upkeep\n|turn|10\n|inactive|Time left: 300 sec this turn | 300 sec total\n|\n|t:|1783557138\n|move|p2a: Gengar|Sludge Wave|p1a: Fezandipiti\n|-damage|p1a: Fezandipiti|0 fnt\n|faint|p1a: Fezandipiti\n|-damage|p2a: Gengar|118/230|[from] item: Life Orb\n|\n|upkeep\n|\n|t:|1783557139\n|switch|p1a: Volcarona|Volcarona, L77, M|100/100\n|turn|11\n|inactive|Time left: 300 sec this turn | 300 sec total\n|\n|t:|1783557141\n|move|p2a: Gengar|Shadow Ball|p1a: Volcarona\n|-damage|p1a: Volcarona|27/100\n|-damage|p2a: Gengar|95/230|[from] item: Life Orb\n|move|p1a: Volcarona|Fire Blast|p2a: Gengar|[miss]\n|-miss|p1a: Volcarona|p2a: Gengar\n|\n|upkeep\n|turn|12\n|inactive|Time left: 300 sec this turn | 300 sec total\n|\n|t:|1783557142\n|move|p2a: Gengar|Shadow Ball|p1a: Volcarona\n|-damage|p1a: Volcarona|0 fnt\n|faint|p1a: Volcarona\n|-damage|p2a: Gengar|72/230|[from] item: Life Orb\n|\n|upkeep\n|\n|t:|1783557143\n|switch|p1a: Cetitan|Cetitan, L82, F|100/100\n|turn|13\n|inactive|Time left: 300 sec this turn | 300 sec total\n|\n|t:|1783557144\n|move|p1a: Cetitan|Ice Shard|p2a: Gengar\n|-crit|p2a: Gengar\n|-damage|p2a: Gengar|0 fnt\n|-start|p1a: Cetitan|Disable|Ice Shard|[from] ability: Cursed Body|[of] p2a: Gengar\n|faint|p2a: Gengar\n|-damage|p1a: Cetitan|91/100|[from] item: Life Orb\n|\n|upkeep\n|inactive|Time left: 300 sec this turn | 300 sec total | 5 sec grace\n|\n|t:|1783557145\n|switch|p2a: Heracross|Heracross, L80, M|121/259\n|turn|14\n|inactive|Time left: 300 sec this turn | 300 sec total\n|\n|t:|1783557146\n|switch|p1a: Alcremie|Alcremie-Ruby-Cream, L90, F|100/100\n|move|p2a: Heracross|Close Combat|p1a: Alcremie\n|-resisted|p1a: Alcremie\n|-damage|p1a: Alcremie|61/100\n|-unboost|p2a: Heracross|def|1\n|-unboost|p2a: Heracross|spd|1\n|\n|-heal|p1a: Alcremie|67/100|[from] item: Leftovers\n|upkeep\n|turn|15\n|inactive|Time left: 300 sec this turn | 300 sec total\n|\n|t:|1783557147\n|move|p2a: Heracross|Close Combat|p1a: Alcremie\n|-resisted|p1a: Alcremie\n|-damage|p1a: Alcremie|27/100\n|-unboost|p2a: Heracross|def|1\n|-unboost|p2a: Heracross|spd|1\n|move|p1a: Alcremie|Alluring Voice|p2a: Heracross\n|-supereffective|p2a: Heracross\n|-damage|p2a: Heracross|0 fnt\n|faint|p2a: Heracross\n|\n|-heal|p1a: Alcremie|33/100|[from] item: Leftovers\n|upkeep\n|inactive|Time left: 300 sec this turn | 300 sec total | 5 sec grace\n|\n|t:|1783557148\n|switch|p2a: Kleavor|Kleavor, L78, F|237/237\n|turn|16\n|inactive|Time left: 300 sec this turn | 300 sec total\n|\n|t:|1783557149\n|switch|p1a: Kommo-o|Kommo-o, L77, M|100/100\n|move|p2a: Kleavor|Stone Axe|p1a: Kommo-o\n|-resisted|p1a: Kommo-o\n|-damage|p1a: Kommo-o|82/100\n|-sidestart|p1: p0x14704d59|move: Stealth Rock\n|\n|upkeep\n|turn|17\n|inactive|Time left: 300 sec this turn | 300 sec total\n|\n|t:|1783557150\n|move|p2a: Kleavor|Swords Dance|p2a: Kleavor\n|-boost|p2a: Kleavor|atk|2\n|move|p1a: Kommo-o|Swords Dance|p1a: Kommo-o\n|-boost|p1a: Kommo-o|atk|2\n|\n|upkeep\n|turn|18\n|inactive|Time left: 300 sec this turn | 300 sec total\n|\n|t:|1783557151\n|move|p2a: Kleavor|Close Combat|p1a: Kommo-o\n|-damage|p1a: Kommo-o|11/100\n|-unboost|p2a: Kleavor|def|1\n|-unboost|p2a: Kleavor|spd|1\n|move|p1a: Kommo-o|Scale Shot|p2a: Kleavor\n|-damage|p2a: Kleavor|167/237\n|-damage|p2a: Kleavor|92/237\n|-damage|p2a: Kleavor|20/237\n|-damage|p2a: Kleavor|0 fnt\n|faint|p2a: Kleavor\n|-hitcount|p2: Kleavor|4\n|-unboost|p1a: Kommo-o|def|1\n|-boost|p1a: Kommo-o|spe|1\n|\n|upkeep\n|inactive|Time left: 300 sec this turn | 300 sec total | 5 sec grace\n|\n|t:|1783557152\n|switch|p2a: Spiritomb|Spiritomb, L89, F|234/234\n|turn|19\n|inactive|Time left: 300 sec this turn | 300 sec total\n|\n|t:|1783557153\n|move|p2a: Spiritomb|Shadow Sneak|p1a: Kommo-o\n|-damage|p1a: Kommo-o|0 fnt\n|faint|p1a: Kommo-o\n|\n|upkeep\n|\n|t:|1783557154\n|switch|p1a: Alcremie|Alcremie-Ruby-Cream, L90, F|33/100\n|-damage|p1a: Alcremie|21/100|[from] Stealth Rock\n|turn|20\n|inactive|Time left: 300 sec this turn | 300 sec total\n|\n|t:|1783557155\n|-terastallize|p2a: Spiritomb|Ghost\n|move|p2a: Spiritomb|Shadow Sneak|p1a: Alcremie\n|-damage|p1a: Alcremie|0 fnt\n|faint|p1a: Alcremie\n|\n|upkeep\n|\n|t:|1783557156\n|switch|p1a: Cetitan|Cetitan, L82, F|91/100\n|-damage|p1a: Cetitan|66/100|[from] Stealth Rock\n|turn|21\n|inactive|Time left: 300 sec this turn | 300 sec total\n|\n|t:|1783557157\n|-terastallize|p1a: Cetitan|Water\n|move|p1a: Cetitan|Liquidation|p2a: Spiritomb\n|-damage|p2a: Spiritomb|112/234\n|move|p2a: Spiritomb|Poltergeist|p1a: Cetitan\n|-activate|p1a: Cetitan|move: Poltergeist|Life Orb\n|-damage|p1a: Cetitan|11/100\n|\n|-heal|p2a: Spiritomb|126/234|[from] item: Leftovers\n|upkeep\n|turn|22\n|inactive|Time left: 300 sec this turn | 300 sec total\n|\n|t:|1783557158\n|move|p2a: Spiritomb|Shadow Sneak|p1a: Cetitan\n|-damage|p1a: Cetitan|0 fnt\n|faint|p1a: Cetitan\n|\n|win|p0y14701fb7", "uploadtime": 1783557158, "views": 0, "rating": 0, "private": 0, "password": null, "_winner": "p0y14701fb7", "_our_name": "p0y14701fb7"}