{"id": "battle-gen9randombattle-1038", "formatid": "gen9randombattle", "format": "[Gen 9] Random Battle", "players": ["p0x10385df3", "p0y1038f71d"], "log": "|init|battle\n|title|p0x10385df3 vs. p0y1038f71d\n|j|\u2606p0x10385df3\n|j|\u2606p0y1038f71d\n|t:|1783551217\n|gametype|singles\n|player|p1|p0x10385df3|169|\n|player|p2|p0y1038f71d|170|\n|gen|9\n|tier|[Gen 9] Random Battle\n|rule|Species Clause: Limit one of each Pok\u00e9mon\n|rule|HP Percentage Mod: HP is shown in percentages\n|rule|Sleep Clause Mod: Limit one foe put to sleep\n|rule|Illusion Level Mod: Illusion disguises the Pok\u00e9mon's true level\n|\n|t:|1783551217\n|teamsize|p1|6\n|teamsize|p2|6\n|start\n|switch|p1a: Bellossom|Bellossom, L84, M|100/100\n|switch|p2a: Electivire|Electivire, L84, M|263/263\n|turn|1\n|inactive|Battle timer is ON: inactive players will automatically lose when time's up. (requested by p0x10385df3)\n|inactive|Time left: 300 sec this turn | 300 sec total | 60 sec grace\n|inactive|p0y1038f71d also wants the timer to be on.\n|\n|t:|1783551218\n|move|p2a: Electivire|Ice Punch|p1a: Bellossom\n|-supereffective|p1a: Bellossom\n|-damage|p1a: Bellossom|27/100\n|move|p1a: Bellossom|Quiver Dance|p1a: Bellossom\n|-boost|p1a: Bellossom|spa|1\n|-boost|p1a: Bellossom|spd|1\n|-boost|p1a: Bellossom|spe|1\n|\n|-heal|p1a: Bellossom|34/100|[from] item: Leftovers\n|upkeep\n|turn|2\n|inactive|Time left: 300 sec this turn | 300 sec total\n|\n|t:|1783551219\n|-terastallize|p1a: Bellossom|Fire\n|move|p2a: Electivire|Ice Punch|p1a: Bellossom\n|-resisted|p1a: Bellossom\n|-damage|p1a: Bellossom|17/100\n|move|p1a: Bellossom|Quiver Dance|p1a: Bellossom\n|-boost|p1a: Bellossom|spa|1\n|-boost|p1a: Bellossom|spd|1\n|-boost|p1a: Bellossom|spe|1\n|\n|-heal|p1a: Bellossom|23/100|[from] item: Leftovers\n|upkeep\n|turn|3\n|inactive|Time left: 300 sec this turn | 300 sec total\n|\n|t:|1783551220\n|move|p1a: Bellossom|Strength Sap|p2a: Electivire\n|-unboost|p2a: Electivire|atk|1\n|-heal|p1a: Bellossom|100/100\n|move|p2a: Electivire|Ice Punch|p1a: Bellossom\n|-resisted|p1a: Bellossom\n|-damage|p1a: Bellossom|89/100\n|\n|-heal|p1a: Bellossom|96/100|[from] item: Leftovers\n|upkeep\n|turn|4\n|inactive|Time left: 300 sec this turn | 300 sec total\n|\n|t:|1783551221\n|switch|p2a: Latios|Latios, L78, M|253/253\n|move|p1a: Bellossom|Tera Blast|p2a: Latios|[anim] Tera Blast Fire\n|-resisted|p2a: Latios\n|-damage|p2a: Latios|175/253\n|\n|-heal|p1a: Bellossom|100/100|[from] item: Leftovers\n|upkeep\n|turn|5\n|inactive|Time left: 300 sec this turn | 300 sec total\n|\n|t:|1783551223\n|move|p1a: Bellossom|Tera Blast|p2a: Latios|[anim] Tera Blast Fire\n|-resisted|p2a: Latios\n|-damage|p2a: Latios|97/253\n|move|p2a: Latios|Recover|p2a: Latios\n|-heal|p2a: Latios|224/253\n|\n|upkeep\n|turn|6\n|inactive|Time left: 300 sec this turn | 300 sec total\n|\n|t:|1783551224\n|move|p1a: Bellossom|Tera Blast|p2a: Latios|[anim] Tera Blast Fire\n|-resisted|p2a: Latios\n|-damage|p2a: Latios|150/253\n|move|p2a: Latios|Recover|p2a: Latios\n|-heal|p2a: Latios|253/253\n|\n|upkeep\n|turn|7\n|inactive|Time left: 300 sec this turn | 300 sec total\n|\n|t:|1783551225\n|move|p1a: Bellossom|Tera Blast|p2a: Latios|[anim] Tera Blast Fire\n|-resisted|p2a: Latios\n|-damage|p2a: Latios|184/253\n|move|p2a: Latios|Recover|p2a: Latios\n|-heal|p2a: Latios|253/253\n|\n|upkeep\n|turn|8\n|inactive|Time left: 300 sec this turn | 300 sec total\n|\n|t:|1783551226\n|move|p1a: Bellossom|Tera Blast|p2a: Latios|[anim] Tera Blast Fire\n|-resisted|p2a: Latios\n|-damage|p2a: Latios|184/253\n|move|p2a: Latios|Recover|p2a: Latios\n|-heal|p2a: Latios|253/253\n|\n|upkeep\n|turn|9\n|inactive|Time left: 300 sec this turn | 300 sec total\n|\n|t:|1783551227\n|move|p1a: Bellossom|Quiver Dance|p1a: Bellossom\n|-boost|p1a: Bellossom|spa|1\n|-boost|p1a: Bellossom|spd|1\n|-boost|p1a: Bellossom|spe|1\n|move|p2a: Latios|Recover||[still]\n|-fail|p2a: Latios|heal\n|\n|upkeep\n|turn|10\n|inactive|Time left: 300 sec this turn | 300 sec total\n|\n|t:|1783551228\n|move|p1a: Bellossom|Tera Blast|p2a: Latios|[anim] Tera Blast Fire\n|-resisted|p2a: Latios\n|-damage|p2a: Latios|159/253\n|move|p2a: Latios|Recover|p2a: Latios\n|-heal|p2a: Latios|253/253\n|\n|upkeep\n|turn|11\n|inactive|Time left: 300 sec this turn | 300 sec total\n|\n|t:|1783551229\n|move|p1a: Bellossom|Tera Blast|p2a: Latios|[anim] Tera Blast Fire\n|-resisted|p2a: Latios\n|-damage|p2a: Latios|162/253\n|move|p2a: Latios|Recover|p2a: Latios\n|-heal|p2a: Latios|253/253\n|\n|upkeep\n|turn|12\n|inactive|Time left: 300 sec this turn | 300 sec total\n|\n|t:|1783551230\n|move|p1a: Bellossom|Tera Blast|p2a: Latios|[anim] Tera Blast Fire\n|-resisted|p2a: Latios\n|-damage|p2a: Latios|169/253\n|move|p2a: Latios|Recover|p2a: Latios\n|-heal|p2a: Latios|253/253\n|\n|upkeep\n|turn|13\n|inactive|Time left: 300 sec this turn | 300 sec total\n|\n|t:|1783551231\n|move|p1a: Bellossom|Tera Blast|p2a: Latios|[anim] Tera Blast Fire\n|-resisted|p2a: Latios\n|-damage|p2a: Latios|156/253\n|move|p2a: Latios|Aura Sphere|p1a: Bellossom\n|-damage|p1a: Bellossom|91/100\n|\n|-heal|p1a: Bellossom|97/100|[from] item: Leftovers\n|upkeep\n|turn|14\n|inactive|Time left: 300 sec this turn | 300 sec total\n|\n|t:|1783551232\n|move|p1a: Bellossom|Tera Blast|p2a: Latios|[anim] Tera Blast Fire\n|-resisted|p2a: Latios\n|-damage|p2a: Latios|71/253\n|move|p2a: Latios|Draco Meteor|p1a: Bellossom\n|-damage|p1a: Bellossom|71/100\n|-unboost|p2a: Latios|spa|2\n|\n|-heal|p1a: Bellossom|77/100|[from] item: Leftovers\n|upkeep\n|turn|15\n|inactive|Time left: 300 sec this turn | 300 sec total\n|\n|t:|1783551233\n|move|p1a: Bellossom|Giga Drain|p2a: Latios\n|-resisted|p2a: Latios\n|-damage|p2a: Latios|0 fnt\n|-heal|p1a: Bellossom|91/100|[from] drain|[of] p2a: Latios\n|faint|p2a: Latios\n|\n|-heal|p1a: Bellossom|97/100|[from] item: Leftovers\n|upkeep\n|inactive|Time left: 300 sec this turn | 300 sec total | 5 sec grace\n|\n|t:|1783551234\n|switch|p2a: Electivire|Electivire, L84, M|263/263\n|turn|16\n|inactive|Time left: 300 sec this turn | 300 sec total\n|\n|t:|1783551235\n|move|p1a: Bellossom|Giga Drain|p2a: Electivire\n|-damage|p2a: Electivire|86/263\n|-heal|p1a: Bellossom|100/100|[from] drain|[of] p2a: Electivire\n|move|p2a: Electivire|Earthquake|p1a: Bellossom\n|-supereffective|p1a: Bellossom\n|-damage|p1a: Bellossom|5/100\n|\n|-heal|p1a: Bellossom|11/100|[from] item: Leftovers\n|upkeep\n|turn|17\n|inactive|Time left: 300 sec this turn | 300 sec total\n|\n|t:|1783551237\n|switch|p2a: Hydrapple|Hydrapple, L83, M|312/312\n|move|p1a: Bellossom|Tera Blast|p2a: Hydrapple|[anim] Tera Blast Fire\n|-damage|p2a: Hydrapple|110/312\n|\n|-heal|p1a: Bellossom|17/100|[from] item: Leftovers\n|upkeep\n|turn|18\n|inactive|Time left: 300 sec this turn | 300 sec total\n|\n|t:|1783551238\n|move|p1a: Bellossom|Tera Blast|p2a: Hydrapple|[anim] Tera Blast Fire\n|-damage|p2a: Hydrapple|0 fnt\n|faint|p2a: Hydrapple\n|\n|-heal|p1a: Bellossom|23/100|[from] item: Leftovers\n|upkeep\n|inactive|Time left: 300 sec this turn | 300 sec total | 5 sec grace\n|\n|t:|1783551238\n|switch|p2a: Slither Wing|Slither Wing, L81|270/270\n|-enditem|p2a: Slither Wing|Booster Energy\n|-activate|p2a: Slither Wing|ability: Protosynthesis|[fromitem]\n|-start|p2a: Slither Wing|protosynthesisatk\n|turn|19\n|inactive|Time left: 300 sec this turn | 300 sec total\n|\n|t:|1783551239\n|-terastallize|p2a: Slither Wing|Electric\n|move|p1a: Bellossom|Strength Sap|p2a: Slither Wing\n|-unboost|p2a: Slither Wing|atk|1\n|-heal|p1a: Bellossom|100/100\n|move|p2a: Slither Wing|Bulk Up|p2a: Slither Wing\n|-boost|p2a: Slither Wing|atk|1\n|-boost|p2a: Slither Wing|def|1\n|\n|upkeep\n|turn|20\n|inactive|Time left: 300 sec this turn | 300 sec total\n|\n|t:|1783551240\n|move|p1a: Bellossom|Tera Blast|p2a: Slither Wing|[anim] Tera Blast Fire\n|-damage|p2a: Slither Wing|101/270\n|move|p2a: Slither Wing|Close Combat|p1a: Bellossom\n|-damage|p1a: Bellossom|23/100\n|-unboost|p2a: Slither Wing|def|1\n|-unboost|p2a: Slither Wing|spd|1\n|\n|-heal|p1a: Bellossom|29/100|[from] item: Leftovers\n|upkeep\n|turn|21\n|inactive|Time left: 300 sec this turn | 300 sec total\n|\n|t:|1783551242\n|move|p1a: Bellossom|Giga Drain|p2a: Slither Wing\n|-damage|p2a: Slither Wing|0 fnt\n|-heal|p1a: Bellossom|48/100|[from] drain|[of] p2a: Slither Wing\n|faint|p2a: Slither Wing\n|-end|p2a: Slither Wing|Protosynthesis|[silent]\n|\n|-heal|p1a: Bellossom|54/100|[from] item: Leftovers\n|upkeep\n|inactive|Time left: 300 sec this turn | 300 sec total | 5 sec grace\n|\n|t:|1783551243\n|switch|p2a: Klefki|Klefki, L84, M|233/233\n|turn|22\n|inactive|Time left: 300 sec this turn | 300 sec total\n|\n|t:|1783551244\n|move|p2a: Klefki|Thunder Wave|p1a: Bellossom\n|-status|p1a: Bellossom|par\n|move|p1a: Bellossom|Giga Drain|p2a: Klefki\n|-resisted|p2a: Klefki\n|-damage|p2a: Klefki|146/233\n|-heal|p1a: Bellossom|71/100 par|[from] drain|[of] p2a: Klefki\n|\n|-heal|p2a: Klefki|160/233|[from] item: Leftovers\n|-heal|p1a: Bellossom|77/100 par|[from] item: Leftovers\n|upkeep\n|turn|23\n|inactive|Time left: 300 sec this turn | 300 sec total\n|\n|t:|1783551245\n|move|p2a: Klefki|Spikes|p1a: Bellossom\n|-sidestart|p1: p0x10385df3|Spikes\n|cant|p1a: Bellossom|par\n|\n|-heal|p2a: Klefki|174/233|[from] item: Leftovers\n|-heal|p1a: Bellossom|83/100 par|[from] item: Leftovers\n|upkeep\n|turn|24\n|inactive|Time left: 300 sec this turn | 300 sec total\n|\n|t:|1783551246\n|move|p2a: Klefki|Spikes|p1a: Bellossom\n|-sidestart|p1: p0x10385df3|Spikes\n|cant|p1a: Bellossom|par\n|\n|-heal|p2a: Klefki|188/233|[from] item: Leftovers\n|-heal|p1a: Bellossom|89/100 par|[from] item: Leftovers\n|upkeep\n|turn|25\n|inactive|Time left: 300 sec this turn | 300 sec total\n|\n|t:|1783551247\n|move|p2a: Klefki|Foul Play|p1a: Bellossom\n|-damage|p1a: Bellossom|73/100 par\n|move|p1a: Bellossom|Giga Drain|p2a: Klefki\n|-resisted|p2a: Klefki\n|-damage|p2a: Klefki|91/233\n|-heal|p1a: Bellossom|92/100 par|[from] drain|[of] p2a: Klefki\n|\n|-heal|p2a: Klefki|105/233|[from] item: Leftovers\n|-heal|p1a: Bellossom|98/100 par|[from] item: Leftovers\n|upkeep\n|turn|26\n|inactive|Time left: 300 sec this turn | 300 sec total\n|\n|t:|1783551248\n|move|p2a: Klefki|Spikes|p1a: Bellossom\n|-sidestart|p1: p0x10385df3|Spikes\n|move|p1a: Bellossom|Quiver Dance|p1a: Bellossom\n|-boost|p1a: Bellossom|spa|1\n|-boost|p1a: Bellossom|spd|1\n|-boost|p1a: Bellossom|spe|1\n|\n|-heal|p1a: Bellossom|100/100 par|[from] item: Leftovers\n|-heal|p2a: Klefki|119/233|[from] item: Leftovers\n|upkeep\n|turn|27\n|inactive|Time left: 300 sec this turn | 300 sec total\n|\n|t:|1783551249\n|move|p1a: Bellossom|Giga Drain|p2a: Klefki\n|-resisted|p2a: Klefki\n|-damage|p2a: Klefki|14/233\n|move|p2a: Klefki|Foul Play|p1a: Bellossom\n|-damage|p1a: Bellossom|86/100 par\n|\n|-heal|p1a: Bellossom|92/100 par|[from] item: Leftovers\n|-heal|p2a: Klefki|28/233|[from] item: Leftovers\n|upkeep\n|turn|28\n|inactive|Time left: 300 sec this turn | 300 sec total\n|\n|t:|1783551250\n|move|p1a: Bellossom|Tera Blast|p2a: Klefki|[anim] Tera Blast Fire\n|-supereffective|p2a: Klefki\n|-damage|p2a: Klefki|0 fnt\n|faint|p2a: Klefki\n|\n|-heal|p1a: Bellossom|98/100 par|[from] item: Leftovers\n|upkeep\n|inactive|Time left: 300 sec this turn | 300 sec total | 5 sec grace\n|\n|t:|1783551251\n|switch|p2a: Electivire|Electivire, L84, M|86/263\n|turn|29\n|inactive|Time left: 300 sec this turn | 300 sec total\n|\n|t:|1783551252\n|move|p2a: Electivire|Earthquake|p1a: Bellossom\n|-supereffective|p1a: Bellossom\n|-damage|p1a: Bellossom|8/100 par\n|cant|p1a: Bellossom|par\n|\n|-heal|p1a: Bellossom|14/100 par|[from] item: Leftovers\n|upkeep\n|turn|30\n|inactive|Time left: 300 sec this turn | 300 sec total\n|\n|t:|1783551254\n|move|p2a: Electivire|Earthquake|p1a: Bellossom\n|-supereffective|p1a: Bellossom\n|-damage|p1a: Bellossom|0 fnt\n|faint|p1a: Bellossom\n|\n|upkeep\n|\n|t:|1783551255\n|switch|p1a: Tropius|Tropius, L91, F|100/100\n|turn|31\n|inactive|Time left: 300 sec this turn | 300 sec total\n|\n|t:|1783551256\n|switch|p2a: Glimmora|Glimmora, L75, M|248/248\n|move|p1a: Tropius|Leech Seed|p2a: Glimmora|[miss]\n|-miss|p1a: Tropius|p2a: Glimmora\n|\n|upkeep\n|turn|32\n|inactive|Time left: 300 sec this turn | 300 sec total\n|\n|t:|1783551257\n|move|p1a: Tropius|Protect|p1a: Tropius\n|-singleturn|p1a: Tropius|Protect\n|move|p2a: Glimmora|Stealth Rock|p1a: Tropius\n|-sidestart|p1: p0x10385df3|move: Stealth Rock\n|\n|upkeep\n|turn|33\n|inactive|Time left: 300 sec this turn | 300 sec total\n|\n|t:|1783551258\n|move|p2a: Glimmora|Sludge Wave|p1a: Tropius\n|-supereffective|p1a: Tropius\n|-damage|p1a: Tropius|40/100\n|-enditem|p1a: Tropius|Sitrus Berry|[eat]\n|-heal|p1a: Tropius|65/100|[from] item: Sitrus Berry\n|move|p1a: Tropius|Leech Seed|p2a: Glimmora\n|-start|p2a: Glimmora|move: Leech Seed\n|\n|-damage|p2a: Glimmora|217/248|[from] Leech Seed|[of] p1a: Tropius\n|-heal|p1a: Tropius|75/100|[silent]\n|upkeep\n|turn|34\n|inactive|Time left: 300 sec this turn | 300 sec total\n|\n|t:|1783551260\n|switch|p2a: Electivire|Electivire, L84, M|86/263\n|move|p1a: Tropius|Leech Seed|p2a: Electivire\n|-start|p2a: Electivire|move: Leech Seed\n|\n|-damage|p2a: Electivire|54/263|[from] Leech Seed|[of] p1a: Tropius\n|-heal|p1a: Tropius|84/100|[silent]\n|upkeep\n|turn|35\n|inactive|Time left: 300 sec this turn | 300 sec total\n|\n|t:|1783551261\n|move|p1a: Tropius|Protect|p1a: Tropius\n|-singleturn|p1a: Tropius|Protect\n|move|p2a: Electivire|Ice Punch|p1a: Tropius\n|-activate|p1a: Tropius|move: Protect\n|\n|-damage|p2a: Electivire|22/263|[from] Leech Seed|[of] p1a: Tropius\n|-heal|p1a: Tropius|94/100|[silent]\n|-item|p1a: Tropius|Sitrus Berry|[from] ability: Harvest\n|upkeep\n|turn|36\n|inactive|Time left: 300 sec this turn | 300 sec total\n|\n|t:|1783551262\n|switch|p2a: Glimmora|Glimmora, L75, M|217/248\n|switch|p1a: Dunsparce|Dunsparce, L86, M|100/100\n|-damage|p1a: Dunsparce|75/100|[from] Spikes\n|-damage|p1a: Dunsparce|63/100|[from] Stealth Rock\n|\n|upkeep\n|turn|37\n|inactive|Time left: 300 sec this turn | 300 sec total\n|\n|t:|1783551263\n|move|p2a: Glimmora|Earth Power|p1a: Dunsparce\n|-damage|p1a: Dunsparce|46/100\n|move|p1a: Dunsparce|Earthquake|p2a: Glimmora\n|-supereffective|p2a: Glimmora\n|-damage|p2a: Glimmora|0 fnt\n|-activate|p2a: Glimmora|ability: Toxic Debris\n|-sidestart|p1: p0x10385df3|move: Toxic Spikes\n|faint|p2a: Glimmora\n|\n|upkeep\n|inactive|Time left: 300 sec this turn | 300 sec total | 5 sec grace\n|\n|t:|1783551264\n|switch|p2a: Electivire|Electivire, L84, M|22/263\n|turn|38\n|inactive|Time left: 300 sec this turn | 300 sec total\n|\n|t:|1783551265\n|move|p2a: Electivire|Supercell Slam|p1a: Dunsparce\n|-damage|p1a: Dunsparce|0 fnt\n|faint|p1a: Dunsparce\n|\n|upkeep\n|\n|t:|1783551266\n|switch|p1a: Sandaconda|Sandaconda, L84, M|100/100\n|-damage|p1a: Sandaconda|76/100|[from] Spikes\n|-damage|p1a: Sandaconda|69/100|[from] Stealth Rock\n|-status|p1a: Sandaconda|psn\n|turn|39\n|inactive|Time left: 300 sec this turn | 300 sec total\n|\n|t:|1783551267\n|move|p2a: Electivire|Supercell Slam|p1a: Sandaconda\n|-immune|p1a: Sandaconda\n|-damage|p2a: Electivire|0 fnt|[from] supercellslam\n|faint|p2a: Electivire\n|\n|win|p0x10385df3", "uploadtime": 1783551267, "views": 0, "rating": 0, "private": 0, "password": null, "_winner": "p0x10385df3", "_our_name": "p0y1038f71d"}