{"id": "battle-gen9randombattle-972", "formatid": "gen9randombattle", "format": "[Gen 9] Random Battle", "players": ["p0x972559b", "p0y9725930"], "log": "|init|battle\n|title|p0x972559b vs. p0y9725930\n|j|\u2606p0x972559b\n|j|\u2606p0y9725930\n|t:|1783551161\n|gametype|singles\n|player|p1|p0x972559b|1|\n|player|p2|p0y9725930|265|\n|gen|9\n|tier|[Gen 9] Random Battle\n|rule|Species Clause: Limit one of each Pok\u00e9mon\n|rule|HP Percentage Mod: HP is shown in percentages\n|rule|Sleep Clause Mod: Limit one foe put to sleep\n|rule|Illusion Level Mod: Illusion disguises the Pok\u00e9mon's true level\n|\n|t:|1783551161\n|teamsize|p1|6\n|teamsize|p2|6\n|start\n|switch|p1a: Dewgong|Dewgong, L94, F|100/100\n|switch|p2a: Skuntank|Skuntank, L84, M|310/310\n|turn|1\n|inactive|Battle timer is ON: inactive players will automatically lose when time's up. (requested by p0y9725930)\n|inactive|p0x972559b also wants the timer to be on.\n|\n|t:|1783551163\n|move|p2a: Skuntank|Knock Off|p1a: Dewgong\n|-damage|p1a: Dewgong|71/100\n|-enditem|p1a: Dewgong|Heavy-Duty Boots|[from] move: Knock Off|[of] p2a: Skuntank\n|move|p1a: Dewgong|Triple Axel|p2a: Skuntank\n|-damage|p2a: Skuntank|283/310\n|-crit|p2a: Skuntank\n|-damage|p2a: Skuntank|208/310\n|-hitcount|p2a: Skuntank|2\n|\n|upkeep\n|turn|2\n|inactive|Time left: 300 sec this turn | 300 sec total\n|\n|t:|1783551164\n|move|p2a: Skuntank|Knock Off|p1a: Dewgong\n|-damage|p1a: Dewgong|50/100\n|move|p1a: Dewgong|Triple Axel|p2a: Skuntank\n|-damage|p2a: Skuntank|181/310\n|-damage|p2a: Skuntank|133/310\n|-damage|p2a: Skuntank|51/310\n|-hitcount|p2a: Skuntank|3\n|\n|upkeep\n|turn|3\n|inactive|Time left: 300 sec this turn | 300 sec total\n|\n|t:|1783551166\n|move|p2a: Skuntank|Toxic Spikes|p1a: Dewgong\n|-sidestart|p1: p0x972559b|move: Toxic Spikes\n|move|p1a: Dewgong|Surf|p2a: Skuntank\n|-damage|p2a: Skuntank|0 fnt\n|faint|p2a: Skuntank\n|\n|upkeep\n|inactive|Time left: 300 sec this turn | 300 sec total | 5 sec grace\n|\n|t:|1783551167\n|switch|p2a: Appletun|Appletun, L92, M|352/352\n|turn|4\n|inactive|Time left: 300 sec this turn | 300 sec total\n|\n|t:|1783551168\n|switch|p1a: Slowking|Slowking-Galar, L85, F|100/100\n|-sideend|p1: p0x972559b|move: Toxic Spikes|[of] p1a: Slowking\n|move|p2a: Appletun|Apple Acid|p1a: Slowking\n|-resisted|p1a: Slowking\n|-damage|p1a: Slowking|86/100\n|-unboost|p1a: Slowking|spd|1\n|\n|-heal|p1a: Slowking|92/100|[from] item: Leftovers\n|upkeep\n|turn|5\n|inactive|Time left: 300 sec this turn | 300 sec total\n|\n|t:|1783551169\n|move|p2a: Appletun|Leech Seed|p1a: Slowking|[miss]\n|-miss|p2a: Appletun|p1a: Slowking\n|move|p1a: Slowking|Sludge Bomb|p2a: Appletun\n|-supereffective|p2a: Appletun\n|-damage|p2a: Appletun|130/352\n|-status|p2a: Appletun|psn\n|\n|-heal|p2a: Appletun|152/352 psn|[from] item: Leftovers\n|-heal|p1a: Slowking|98/100|[from] item: Leftovers\n|-damage|p2a: Appletun|108/352 psn|[from] psn\n|upkeep\n|turn|6\n|inactive|Time left: 300 sec this turn | 300 sec total\n|\n|t:|1783551171\n|move|p2a: Appletun|Recover|p2a: Appletun\n|-heal|p2a: Appletun|284/352 psn\n|move|p1a: Slowking|Sludge Bomb|p2a: Appletun\n|-supereffective|p2a: Appletun\n|-damage|p2a: Appletun|80/352 psn\n|\n|-heal|p2a: Appletun|102/352 psn|[from] item: Leftovers\n|-heal|p1a: Slowking|100/100|[from] item: Leftovers\n|-damage|p2a: Appletun|58/352 psn|[from] psn\n|upkeep\n|turn|7\n|inactive|Time left: 300 sec this turn | 300 sec total\n|\n|t:|1783551172\n|move|p2a: Appletun|Recover|p2a: Appletun\n|-heal|p2a: Appletun|234/352 psn\n|move|p1a: Slowking|Sludge Bomb|p2a: Appletun\n|-supereffective|p2a: Appletun\n|-damage|p2a: Appletun|28/352 psn\n|\n|-heal|p2a: Appletun|50/352 psn|[from] item: Leftovers\n|-damage|p2a: Appletun|6/352 psn|[from] psn\n|upkeep\n|turn|8\n|inactive|Time left: 300 sec this turn | 300 sec total\n|\n|t:|1783551173\n|move|p2a: Appletun|Recover|p2a: Appletun\n|-heal|p2a: Appletun|182/352 psn\n|move|p1a: Slowking|Sludge Bomb|p2a: Appletun\n|-supereffective|p2a: Appletun\n|-damage|p2a: Appletun|0 fnt\n|faint|p2a: Appletun\n|\n|upkeep\n|inactive|Time left: 300 sec this turn | 300 sec total | 5 sec grace\n|\n|t:|1783551174\n|switch|p2a: Piloswine|Piloswine, L85, M|309/309\n|turn|9\n|inactive|Time left: 300 sec this turn | 300 sec total\n|\n|t:|1783551175\n|switch|p1a: Primarina|Primarina, L83, F|100/100\n|move|p2a: Piloswine|Stealth Rock|p1a: Primarina\n|-sidestart|p1: p0x972559b|move: Stealth Rock\n|\n|upkeep\n|turn|10\n|inactive|Time left: 300 sec this turn | 300 sec total\n|\n|t:|1783551177\n|move|p1a: Primarina|Moonblast|p2a: Piloswine\n|-damage|p2a: Piloswine|137/309\n|move|p2a: Piloswine|Earthquake|p1a: Primarina\n|-damage|p1a: Primarina|53/100\n|\n|upkeep\n|turn|11\n|inactive|Time left: 300 sec this turn | 300 sec total\n|\n|t:|1783551178\n|switch|p2a: Emboar|Emboar, L84, F|322/322\n|move|p1a: Primarina|Moonblast|p2a: Emboar\n|-damage|p2a: Emboar|163/322\n|-unboost|p2a: Emboar|spa|1\n|\n|upkeep\n|turn|12\n|inactive|Time left: 300 sec this turn | 300 sec total\n|\n|t:|1783551179\n|move|p2a: Emboar|Wild Charge|p1a: Primarina\n|-supereffective|p1a: Primarina\n|-damage|p1a: Primarina|0 fnt\n|faint|p1a: Primarina\n|-damage|p2a: Emboar|128/322|[from] Recoil\n|\n|upkeep\n|\n|t:|1783551181\n|switch|p1a: Coalossal|Coalossal, L89, F|100/100\n|turn|13\n|inactive|Time left: 300 sec this turn | 300 sec total\n|\n|t:|1783551182\n|move|p2a: Emboar|Close Combat|p1a: Coalossal\n|-supereffective|p1a: Coalossal\n|-damage|p1a: Coalossal|31/100\n|-unboost|p2a: Emboar|def|1\n|-unboost|p2a: Emboar|spd|1\n|move|p1a: Coalossal|Rapid Spin|p2a: Emboar\n|-damage|p2a: Emboar|61/322\n|-boost|p1a: Coalossal|spe|1\n|-sideend|p1: p0x972559b|Stealth Rock|[from] move: Rapid Spin|[of] p1a: Coalossal\n|\n|upkeep\n|turn|14\n|inactive|Time left: 300 sec this turn | 300 sec total\n|\n|t:|1783551183\n|move|p2a: Emboar|Close Combat|p1a: Coalossal\n|-supereffective|p1a: Coalossal\n|-damage|p1a: Coalossal|0 fnt\n|-unboost|p2a: Emboar|def|1\n|-unboost|p2a: Emboar|spd|1\n|faint|p1a: Coalossal\n|\n|upkeep\n|\n|t:|1783551184\n|switch|p1a: Pikachu|Pikachu-World, L93, M|100/100\n|turn|15\n|inactive|Time left: 300 sec this turn | 300 sec total\n|\n|t:|1783551185\n|switch|p2a: Piloswine|Piloswine, L85, M|137/309\n|move|p1a: Pikachu|Surf|p2a: Piloswine\n|-supereffective|p2a: Piloswine\n|-damage|p2a: Piloswine|0 fnt\n|faint|p2a: Piloswine\n|\n|upkeep\n|inactive|Time left: 300 sec this turn | 300 sec total | 5 sec grace\n|\n|t:|1783551186\n|switch|p2a: Inteleon|Inteleon, L81, M|246/246\n|turn|16\n|inactive|Time left: 300 sec this turn | 300 sec total\n|\n|t:|1783551187\n|-terastallize|p1a: Pikachu|Water\n|move|p2a: Inteleon|Hydro Pump|p1a: Pikachu\n|-resisted|p1a: Pikachu\n|-damage|p1a: Pikachu|42/100\n|move|p1a: Pikachu|Volt Switch|p2a: Inteleon\n|-supereffective|p2a: Inteleon\n|-damage|p2a: Inteleon|0 fnt\n|faint|p2a: Inteleon\n|\n|t:|1783551188\n|switch|p1a: Slowking|Slowking-Galar, L85, F|100/100|[from] Volt Switch\n|\n|upkeep\n|inactive|Time left: 300 sec this turn | 300 sec total | 10 sec grace\n|\n|t:|1783551189\n|switch|p2a: Persian|Persian, L92, F|269/269\n|turn|17\n|inactive|Time left: 300 sec this turn | 300 sec total\n|\n|t:|1783551190\n|move|p2a: Persian|Fake Out|p1a: Slowking\n|-damage|p1a: Slowking|76/100\n|cant|p1a: Slowking|flinch\n|\n|-heal|p1a: Slowking|82/100|[from] item: Leftovers\n|upkeep\n|turn|18\n|inactive|Time left: 300 sec this turn | 300 sec total\n|\n|t:|1783551191\n|move|p2a: Persian|Knock Off|p1a: Slowking\n|-supereffective|p1a: Slowking\n|-damage|p1a: Slowking|34/100\n|-enditem|p1a: Slowking|Leftovers|[from] move: Knock Off|[of] p2a: Persian\n|move|p1a: Slowking|Slack Off|p1a: Slowking\n|-heal|p1a: Slowking|84/100\n|\n|upkeep\n|turn|19\n|inactive|Time left: 300 sec this turn | 300 sec total\n|\n|t:|1783551192\n|move|p2a: Persian|Double-Edge|p1a: Slowking\n|-damage|p1a: Slowking|37/100\n|-damage|p2a: Persian|222/269|[from] Recoil\n|move|p1a: Slowking|Sludge Bomb|p2a: Persian\n|-damage|p2a: Persian|104/269\n|\n|upkeep\n|turn|20\n|inactive|Time left: 300 sec this turn | 300 sec total\n|\n|t:|1783551193\n|switch|p1a: Dewgong|Dewgong, L94, F|50/100\n|move|p2a: Persian|Double-Edge|p1a: Dewgong\n|-damage|p1a: Dewgong|5/100\n|-damage|p2a: Persian|56/269|[from] Recoil\n|\n|upkeep\n|turn|21\n|inactive|Time left: 300 sec this turn | 300 sec total\n|\n|t:|1783551195\n|move|p2a: Persian|Double-Edge|p1a: Dewgong\n|-damage|p1a: Dewgong|0 fnt\n|faint|p1a: Dewgong\n|-damage|p2a: Persian|51/269|[from] Recoil\n|\n|upkeep\n|\n|t:|1783551196\n|switch|p1a: Slowking|Slowking-Galar, L85, F|70/100\n|turn|22\n|inactive|Time left: 300 sec this turn | 300 sec total\n|\n|t:|1783551197\n|move|p2a: Persian|Knock Off|p1a: Slowking\n|-supereffective|p1a: Slowking\n|-damage|p1a: Slowking|38/100\n|move|p1a: Slowking|Psyshock|p2a: Persian\n|-damage|p2a: Persian|0 fnt\n|faint|p2a: Persian\n|\n|upkeep\n|inactive|Time left: 300 sec this turn | 300 sec total | 5 sec grace\n|\n|t:|1783551198\n|switch|p2a: Emboar|Emboar, L84, F|61/322\n|turn|23\n|inactive|Time left: 300 sec this turn | 300 sec total\n|\n|t:|1783551199\n|move|p2a: Emboar|Sucker Punch|p1a: Slowking\n|-supereffective|p1a: Slowking\n|-damage|p1a: Slowking|0 fnt\n|faint|p1a: Slowking\n|\n|upkeep\n|\n|t:|1783551200\n|switch|p1a: Mewtwo|Mewtwo, L72|100/100\n|-ability|p1a: Mewtwo|Pressure\n|turn|24\n|inactive|Time left: 300 sec this turn | 300 sec total\n|\n|t:|1783551201\n|move|p2a: Emboar|Sucker Punch|p1a: Mewtwo\n|-supereffective|p1a: Mewtwo\n|-damage|p1a: Mewtwo|48/100\n|move|p1a: Mewtwo|Psystrike|p2a: Emboar\n|-supereffective|p2a: Emboar\n|-damage|p2a: Emboar|0 fnt\n|faint|p2a: Emboar\n|-damage|p1a: Mewtwo|38/100|[from] item: Life Orb\n|\n|win|p0x972559b", "uploadtime": 1783551201, "views": 0, "rating": 0, "private": 0, "password": null, "_winner": "p0x972559b", "_our_name": "p0y9725930"}