{"id": "battle-gen9randombattle-2110", "formatid": "gen9randombattle", "format": "[Gen 9] Random Battle", "players": ["p0x21102be8", "p0y2110aa85"], "log": "|init|battle\n|title|p0x21102be8 vs. p0y2110aa85\n|j|\u2606p0x21102be8\n|j|\u2606p0y2110aa85\n|t:|1783563623\n|gametype|singles\n|player|p1|p0x21102be8|1|\n|player|p2|p0y2110aa85|101|\n|gen|9\n|tier|[Gen 9] Random Battle\n|rule|Species Clause: Limit one of each Pok\u00e9mon\n|rule|HP Percentage Mod: HP is shown in percentages\n|rule|Sleep Clause Mod: Limit one foe put to sleep\n|rule|Illusion Level Mod: Illusion disguises the Pok\u00e9mon's true level\n|\n|t:|1783563623\n|teamsize|p1|6\n|teamsize|p2|6\n|start\n|switch|p1a: Chi-Yu|Chi-Yu, L77|211/211\n|switch|p2a: Hypno|Hypno, L95, F|100/100\n|-ability|p1a: Chi-Yu|Beads of Ruin\n|turn|1\n|inactive|Battle timer is ON: inactive players will automatically lose when time's up. (requested by p0x21102be8)\n|inactive|p0y2110aa85 also wants the timer to be on.\n|\n|t:|1783563625\n|move|p1a: Chi-Yu|Dark Pulse|p2a: Hypno\n|-supereffective|p2a: Hypno\n|-damage|p2a: Hypno|18/100\n|move|p2a: Hypno|Knock Off|p1a: Chi-Yu\n|-resisted|p1a: Chi-Yu\n|-damage|p1a: Chi-Yu|168/211\n|-enditem|p1a: Chi-Yu|Choice Specs|[from] move: Knock Off|[of] p2a: Hypno\n|\n|-heal|p2a: Hypno|24/100|[from] item: Leftovers\n|upkeep\n|turn|2\n|inactive|Time left: 300 sec this turn | 300 sec total\n|\n|t:|1783563626\n|switch|p2a: Basculegion|Basculegion, L80, M|100/100\n|move|p1a: Chi-Yu|Flamethrower|p2a: Basculegion\n|-resisted|p2a: Basculegion\n|-damage|p2a: Basculegion|85/100\n|\n|upkeep\n|turn|3\n|inactive|Time left: 300 sec this turn | 300 sec total\n|\n|t:|1783563628\n|switch|p1a: Lumineon|Lumineon, L93, M|279/279\n|move|p2a: Basculegion|Flip Turn|p1a: Lumineon\n|-ability|p1a: Lumineon|Storm Drain|boost\n|-boost|p1a: Lumineon|spa|1\n|\n|upkeep\n|turn|4\n|inactive|Time left: 300 sec this turn | 300 sec total\n|\n|t:|1783563629\n|move|p1a: Lumineon|Ice Beam|p2a: Basculegion\n|-resisted|p2a: Basculegion\n|-crit|p2a: Basculegion\n|-damage|p2a: Basculegion|69/100\n|move|p2a: Basculegion|Shadow Ball|p1a: Lumineon\n|-damage|p1a: Lumineon|193/279\n|-unboost|p1a: Lumineon|spd|1\n|\n|upkeep\n|turn|5\n|inactive|Time left: 300 sec this turn | 300 sec total\n|\n|t:|1783563630\n|move|p1a: Lumineon|Hydro Pump|p2a: Basculegion|[miss]\n|-miss|p1a: Lumineon|p2a: Basculegion\n|move|p2a: Basculegion|Shadow Ball|p1a: Lumineon\n|-damage|p1a: Lumineon|67/279\n|\n|upkeep\n|turn|6\n|inactive|Time left: 300 sec this turn | 300 sec total\n|\n|t:|1783563631\n|move|p1a: Lumineon|Ice Beam|p2a: Basculegion\n|-resisted|p2a: Basculegion\n|-crit|p2a: Basculegion\n|-damage|p2a: Basculegion|52/100\n|move|p2a: Basculegion|Shadow Ball|p1a: Lumineon\n|-damage|p1a: Lumineon|0 fnt\n|faint|p1a: Lumineon\n|\n|upkeep\n|inactive|Time left: 300 sec this turn | 300 sec total | 5 sec grace\n|\n|t:|1783563632\n|switch|p1a: Chi-Yu|Chi-Yu, L77|168/211\n|-ability|p1a: Chi-Yu|Beads of Ruin\n|turn|7\n|inactive|Time left: 300 sec this turn | 300 sec total\n|\n|t:|1783563633\n|move|p2a: Basculegion|Aqua Jet|p1a: Chi-Yu\n|-supereffective|p1a: Chi-Yu\n|-damage|p1a: Chi-Yu|40/211\n|move|p1a: Chi-Yu|Dark Pulse|p2a: Basculegion\n|-supereffective|p2a: Basculegion\n|-damage|p2a: Basculegion|0 fnt\n|faint|p2a: Basculegion\n|\n|upkeep\n|\n|t:|1783563634\n|switch|p2a: Leafeon|Leafeon, L88, M|100/100\n|turn|8\n|inactive|Time left: 300 sec this turn | 300 sec total\n|\n|t:|1783563635\n|move|p2a: Leafeon|Leaf Blade|p1a: Chi-Yu\n|-resisted|p1a: Chi-Yu\n|-damage|p1a: Chi-Yu|0 fnt\n|faint|p1a: Chi-Yu\n|-damage|p2a: Leafeon|91/100|[from] item: Life Orb\n|\n|upkeep\n|inactive|Time left: 300 sec this turn | 300 sec total | 5 sec grace\n|\n|t:|1783563636\n|switch|p1a: Noivern|Noivern, L82, F|274/274\n|turn|9\n|inactive|Time left: 300 sec this turn | 300 sec total\n|\n|t:|1783563637\n|switch|p2a: Mudsdale|Mudsdale, L83, F|100/100\n|move|p1a: Noivern|Hurricane|p2a: Mudsdale|[miss]\n|-miss|p1a: Noivern|p2a: Mudsdale\n|\n|upkeep\n|turn|10\n|inactive|Time left: 300 sec this turn | 300 sec total\n|\n|t:|1783563638\n|move|p1a: Noivern|Hurricane|p2a: Mudsdale\n|-damage|p2a: Mudsdale|61/100\n|-ability|p2a: Mudsdale|Stamina|boost\n|-boost|p2a: Mudsdale|def|1\n|move|p2a: Mudsdale|Heavy Slam|p1a: Noivern\n|-damage|p1a: Noivern|170/274\n|\n|-heal|p2a: Mudsdale|67/100|[from] item: Leftovers\n|upkeep\n|turn|11\n|inactive|Time left: 300 sec this turn | 300 sec total\n|\n|t:|1783563639\n|move|p1a: Noivern|Roost|p1a: Noivern\n|-heal|p1a: Noivern|274/274\n|-singleturn|p1a: Noivern|move: Roost\n|move|p2a: Mudsdale|Heavy Slam|p1a: Noivern\n|-damage|p1a: Noivern|170/274\n|\n|-heal|p2a: Mudsdale|73/100|[from] item: Leftovers\n|upkeep\n|turn|12\n|inactive|Time left: 300 sec this turn | 300 sec total\n|\n|t:|1783563640\n|move|p1a: Noivern|Hurricane|p2a: Mudsdale\n|-damage|p2a: Mudsdale|37/100\n|-start|p2a: Mudsdale|confusion\n|-ability|p2a: Mudsdale|Stamina|boost\n|-boost|p2a: Mudsdale|def|1\n|-activate|p2a: Mudsdale|confusion\n|move|p2a: Mudsdale|Heavy Slam|p1a: Noivern\n|-damage|p1a: Noivern|48/274\n|\n|-heal|p2a: Mudsdale|43/100|[from] item: Leftovers\n|upkeep\n|turn|13\n|inactive|Time left: 300 sec this turn | 300 sec total\n|\n|t:|1783563641\n|move|p1a: Noivern|Roost|p1a: Noivern\n|-heal|p1a: Noivern|185/274\n|-singleturn|p1a: Noivern|move: Roost\n|-activate|p2a: Mudsdale|confusion\n|move|p2a: Mudsdale|Heavy Slam|p1a: Noivern\n|-damage|p1a: Noivern|71/274\n|\n|-heal|p2a: Mudsdale|49/100|[from] item: Leftovers\n|upkeep\n|turn|14\n|inactive|Time left: 300 sec this turn | 300 sec total\n|\n|t:|1783563642\n|move|p1a: Noivern|Roost|p1a: Noivern\n|-heal|p1a: Noivern|208/274\n|-singleturn|p1a: Noivern|move: Roost\n|-end|p2a: Mudsdale|confusion\n|move|p2a: Mudsdale|Heavy Slam|p1a: Noivern\n|-damage|p1a: Noivern|97/274\n|\n|-heal|p2a: Mudsdale|55/100|[from] item: Leftovers\n|upkeep\n|turn|15\n|inactive|Time left: 300 sec this turn | 300 sec total\n|\n|t:|1783563642\n|move|p1a: Noivern|Roost|p1a: Noivern\n|-heal|p1a: Noivern|234/274\n|-singleturn|p1a: Noivern|move: Roost\n|move|p2a: Mudsdale|Heavy Slam|p1a: Noivern\n|-damage|p1a: Noivern|115/274\n|\n|-heal|p2a: Mudsdale|61/100|[from] item: Leftovers\n|upkeep\n|turn|16\n|inactive|Time left: 300 sec this turn | 300 sec total\n|\n|t:|1783563643\n|move|p1a: Noivern|Roost|p1a: Noivern\n|-heal|p1a: Noivern|252/274\n|-singleturn|p1a: Noivern|move: Roost\n|move|p2a: Mudsdale|Heavy Slam|p1a: Noivern\n|-damage|p1a: Noivern|138/274\n|\n|-heal|p2a: Mudsdale|67/100|[from] item: Leftovers\n|upkeep\n|turn|17\n|inactive|Time left: 300 sec this turn | 300 sec total\n|\n|t:|1783563644\n|move|p1a: Noivern|Roost|p1a: Noivern\n|-heal|p1a: Noivern|274/274\n|-singleturn|p1a: Noivern|move: Roost\n|move|p2a: Mudsdale|Heavy Slam|p1a: Noivern\n|-damage|p1a: Noivern|155/274\n|\n|-heal|p2a: Mudsdale|73/100|[from] item: Leftovers\n|upkeep\n|turn|18\n|inactive|Time left: 300 sec this turn | 300 sec total\n|\n|t:|1783563645\n|move|p1a: Noivern|Hurricane|p2a: Mudsdale\n|-damage|p2a: Mudsdale|38/100\n|-start|p2a: Mudsdale|confusion\n|-ability|p2a: Mudsdale|Stamina|boost\n|-boost|p2a: Mudsdale|def|1\n|-activate|p2a: Mudsdale|confusion\n|-damage|p2a: Mudsdale|33/100|[from] confusion\n|\n|-heal|p2a: Mudsdale|39/100|[from] item: Leftovers\n|upkeep\n|turn|19\n|inactive|Time left: 300 sec this turn | 300 sec total\n|\n|t:|1783563646\n|switch|p2a: Arboliva|Arboliva, L91, M|100/100\n|move|p1a: Noivern|Roost|p1a: Noivern\n|-heal|p1a: Noivern|274/274\n|-singleturn|p1a: Noivern|move: Roost\n|\n|upkeep\n|turn|20\n|inactive|Time left: 300 sec this turn | 300 sec total\n|\n|t:|1783563647\n|move|p1a: Noivern|Hurricane|p2a: Arboliva\n|-supereffective|p2a: Arboliva\n|-damage|p2a: Arboliva|42/100\n|-fieldstart|move: Grassy Terrain|[from] ability: Seed Sower|[of] p2a: Arboliva\n|move|p2a: Arboliva|Hyper Voice|p1a: Noivern\n|-damage|p1a: Noivern|129/274\n|\n|-heal|p2a: Arboliva|48/100|[from] Grassy Terrain\n|-heal|p2a: Arboliva|54/100|[from] item: Leftovers\n|upkeep\n|turn|21\n|inactive|Time left: 300 sec this turn | 300 sec total\n|\n|t:|1783563648\n|move|p1a: Noivern|Hurricane|p2a: Arboliva|[miss]\n|-miss|p1a: Noivern|p2a: Arboliva\n|move|p2a: Arboliva|Hyper Voice|p1a: Noivern\n|-damage|p1a: Noivern|0 fnt\n|faint|p1a: Noivern\n|\n|-heal|p2a: Arboliva|60/100|[from] Grassy Terrain\n|-heal|p2a: Arboliva|67/100|[from] item: Leftovers\n|upkeep\n|inactive|Time left: 300 sec this turn | 300 sec total | 5 sec grace\n|\n|t:|1783563649\n|switch|p1a: Gothitelle|Gothitelle, L90, F|272/272\n|turn|22\n|inactive|Time left: 300 sec this turn | 300 sec total\n|\n|t:|1783563650\n|move|p1a: Gothitelle|Calm Mind|p1a: Gothitelle\n|-boost|p1a: Gothitelle|spa|1\n|-boost|p1a: Gothitelle|spd|1\n|move|p2a: Arboliva|Strength Sap|p1a: Gothitelle\n|-unboost|p1a: Gothitelle|atk|1\n|-heal|p2a: Arboliva|100/100\n|\n|upkeep\n|turn|23\n|inactive|Time left: 300 sec this turn | 300 sec total\n|\n|t:|1783563651\n|-terastallize|p2a: Arboliva|Grass\n|move|p1a: Gothitelle|Calm Mind|p1a: Gothitelle\n|-boost|p1a: Gothitelle|spa|1\n|-boost|p1a: Gothitelle|spd|1\n|move|p2a: Arboliva|Energy Ball|p1a: Gothitelle\n|-damage|p1a: Gothitelle|182/272\n|\n|-heal|p1a: Gothitelle|199/272|[from] Grassy Terrain\n|-heal|p1a: Gothitelle|216/272|[from] item: Leftovers\n|upkeep\n|turn|24\n|inactive|Time left: 300 sec this turn | 300 sec total\n|\n|t:|1783563652\n|move|p1a: Gothitelle|Psychic Noise|p2a: Arboliva\n|-damage|p2a: Arboliva|53/100\n|-start|p2a: Arboliva|move: Heal Block\n|move|p2a: Arboliva|Energy Ball|p1a: Gothitelle\n|-damage|p1a: Gothitelle|126/272\n|\n|-heal|p1a: Gothitelle|143/272|[from] Grassy Terrain\n|-heal|p1a: Gothitelle|160/272|[from] item: Leftovers\n|-fieldend|move: Grassy Terrain\n|upkeep\n|turn|25\n|inactive|Time left: 300 sec this turn | 300 sec total\n|\n|t:|1783563653\n|move|p1a: Gothitelle|Psychic Noise|p2a: Arboliva\n|-damage|p2a: Arboliva|5/100\n|-fieldstart|move: Grassy Terrain|[from] ability: Seed Sower|[of] p2a: Arboliva\n|move|p2a: Arboliva|Energy Ball|p1a: Gothitelle\n|-damage|p1a: Gothitelle|64/272\n|\n|-heal|p1a: Gothitelle|81/272|[from] Grassy Terrain\n|-heal|p1a: Gothitelle|98/272|[from] item: Leftovers\n|-end|p2a: Arboliva|move: Heal Block\n|upkeep\n|turn|26\n|inactive|Time left: 300 sec this turn | 300 sec total\n|\n|t:|1783563654\n|move|p1a: Gothitelle|Calm Mind|p1a: Gothitelle\n|-boost|p1a: Gothitelle|spa|1\n|-boost|p1a: Gothitelle|spd|1\n|move|p2a: Arboliva|Strength Sap|p1a: Gothitelle\n|-unboost|p1a: Gothitelle|atk|1\n|-heal|p2a: Arboliva|29/100\n|\n|-heal|p1a: Gothitelle|115/272|[from] Grassy Terrain\n|-heal|p1a: Gothitelle|132/272|[from] item: Leftovers\n|-heal|p2a: Arboliva|35/100|[from] Grassy Terrain\n|-heal|p2a: Arboliva|42/100|[from] item: Leftovers\n|upkeep\n|turn|27\n|inactive|Time left: 300 sec this turn | 300 sec total\n|\n|t:|1783563655\n|move|p1a: Gothitelle|Thunderbolt|p2a: Arboliva\n|-resisted|p2a: Arboliva\n|-damage|p2a: Arboliva|17/100\n|move|p2a: Arboliva|Energy Ball|p1a: Gothitelle\n|-damage|p1a: Gothitelle|60/272\n|\n|-heal|p1a: Gothitelle|77/272|[from] Grassy Terrain\n|-heal|p1a: Gothitelle|94/272|[from] item: Leftovers\n|-heal|p2a: Arboliva|23/100|[from] Grassy Terrain\n|-heal|p2a: Arboliva|29/100|[from] item: Leftovers\n|upkeep\n|turn|28\n|inactive|Time left: 300 sec this turn | 300 sec total\n|\n|t:|1783563656\n|move|p1a: Gothitelle|Calm Mind|p1a: Gothitelle\n|-boost|p1a: Gothitelle|spa|1\n|-boost|p1a: Gothitelle|spd|1\n|move|p2a: Arboliva|Energy Ball|p1a: Gothitelle\n|-damage|p1a: Gothitelle|28/272\n|\n|-heal|p1a: Gothitelle|45/272|[from] Grassy Terrain\n|-heal|p1a: Gothitelle|62/272|[from] item: Leftovers\n|-heal|p2a: Arboliva|36/100|[from] Grassy Terrain\n|-heal|p2a: Arboliva|42/100|[from] item: Leftovers\n|upkeep\n|turn|29\n|inactive|Time left: 300 sec this turn | 300 sec total\n|\n|t:|1783563657\n|move|p1a: Gothitelle|Calm Mind|p1a: Gothitelle\n|-boost|p1a: Gothitelle|spa|1\n|-boost|p1a: Gothitelle|spd|1\n|move|p2a: Arboliva|Energy Ball|p1a: Gothitelle\n|-damage|p1a: Gothitelle|6/272\n|\n|-heal|p1a: Gothitelle|23/272|[from] Grassy Terrain\n|-heal|p1a: Gothitelle|40/272|[from] item: Leftovers\n|-heal|p2a: Arboliva|48/100|[from] Grassy Terrain\n|-heal|p2a: Arboliva|54/100|[from] item: Leftovers\n|-fieldend|move: Grassy Terrain\n|upkeep\n|turn|30\n|inactive|Time left: 300 sec this turn | 300 sec total\n|\n|t:|1783563658\n|move|p1a: Gothitelle|Psychic Noise|p2a: Arboliva\n|-damage|p2a: Arboliva|0 fnt\n|-fieldstart|move: Grassy Terrain|[from] ability: Seed Sower|[of] p2a: Arboliva\n|faint|p2a: Arboliva\n|\n|-heal|p1a: Gothitelle|57/272|[from] Grassy Terrain\n|-heal|p1a: Gothitelle|74/272|[from] item: Leftovers\n|upkeep\n|\n|t:|1783563659\n|switch|p2a: Leafeon|Leafeon, L88, M|91/100\n|turn|31\n|inactive|Time left: 300 sec this turn | 300 sec total\n|\n|t:|1783563660\n|switch|p1a: Solgaleo|Solgaleo, L74|325/325\n|move|p2a: Leafeon|Leaf Blade|p1a: Solgaleo\n|-resisted|p1a: Solgaleo\n|-damage|p1a: Solgaleo|230/325\n|-damage|p2a: Leafeon|81/100|[from] item: Life Orb\n|\n|-heal|p2a: Leafeon|87/100|[from] Grassy Terrain\n|-heal|p1a: Solgaleo|250/325|[from] Grassy Terrain\n|upkeep\n|turn|32\n|inactive|Time left: 300 sec this turn | 300 sec total\n|\n|t:|1783563661\n|move|p2a: Leafeon|Swords Dance|p2a: Leafeon\n|-boost|p2a: Leafeon|atk|2\n|move|p1a: Solgaleo|Flame Charge|p2a: Leafeon\n|-supereffective|p2a: Leafeon\n|-damage|p2a: Leafeon|66/100\n|-boost|p1a: Solgaleo|spe|1\n|\n|-heal|p1a: Solgaleo|270/325|[from] Grassy Terrain\n|-heal|p2a: Leafeon|72/100|[from] Grassy Terrain\n|upkeep\n|turn|33\n|inactive|Time left: 300 sec this turn | 300 sec total\n|\n|t:|1783563662\n|move|p1a: Solgaleo|Psychic|p2a: Leafeon\n|-damage|p2a: Leafeon|30/100\n|move|p2a: Leafeon|Knock Off|p1a: Solgaleo\n|-supereffective|p1a: Solgaleo\n|-damage|p1a: Solgaleo|0 fnt\n|-enditem|p1a: Solgaleo|Weakness Policy|[from] move: Knock Off|[of] p2a: Leafeon\n|faint|p1a: Solgaleo\n|-damage|p2a: Leafeon|20/100|[from] item: Life Orb\n|\n|-heal|p2a: Leafeon|26/100|[from] Grassy Terrain\n|upkeep\n|inactive|Time left: 300 sec this turn | 300 sec total | 5 sec grace\n|\n|t:|1783563663\n|switch|p1a: Gothitelle|Gothitelle, L90, F|74/272\n|turn|34\n|inactive|Time left: 300 sec this turn | 300 sec total\n|\n|t:|1783563664\n|-terastallize|p1a: Gothitelle|Fairy\n|move|p2a: Leafeon|Leaf Blade|p1a: Gothitelle\n|-damage|p1a: Gothitelle|0 fnt\n|faint|p1a: Gothitelle\n|-damage|p2a: Leafeon|17/100|[from] item: Life Orb\n|\n|-heal|p2a: Leafeon|23/100|[from] Grassy Terrain\n|-fieldend|move: Grassy Terrain\n|upkeep\n|inactive|Time left: 300 sec this turn | 300 sec total | 5 sec grace\n|\n|t:|1783563665\n|switch|p1a: Smeargle|Smeargle, L95, M|258/258\n|turn|35\n|inactive|Time left: 300 sec this turn | 300 sec total\n|\n|t:|1783563666\n|move|p2a: Leafeon|Double-Edge|p1a: Smeargle\n|-damage|p1a: Smeargle|0 fnt\n|faint|p1a: Smeargle\n|-damage|p2a: Leafeon|0 fnt|[from] Recoil\n|faint|p2a: Leafeon\n|\n|win|p0y2110aa85", "uploadtime": 1783563666, "views": 0, "rating": 0, "private": 0, "password": null, "_winner": "p0y2110aa85", "_our_name": "p0x21102be8"}