{"id": "battle-gen9randombattle-1743", "formatid": "gen9randombattle", "format": "[Gen 9] Random Battle", "players": ["p0x17438e64", "p0y1743675a"], "log": "|init|battle\n|title|p0x17438e64 vs. p0y1743675a\n|j|\u2606p0x17438e64\n|j|\u2606p0y1743675a\n|t:|1783560138\n|gametype|singles\n|player|p1|p0x17438e64|101|\n|player|p2|p0y1743675a|266|\n|gen|9\n|tier|[Gen 9] Random Battle\n|rule|Species Clause: Limit one of each Pok\u00e9mon\n|rule|HP Percentage Mod: HP is shown in percentages\n|rule|Sleep Clause Mod: Limit one foe put to sleep\n|rule|Illusion Level Mod: Illusion disguises the Pok\u00e9mon's true level\n|\n|t:|1783560138\n|teamsize|p1|6\n|teamsize|p2|6\n|start\n|switch|p1a: Blastoise|Blastoise, L80, F|100/100\n|switch|p2a: Yanmega|Yanmega, L82, F|275/275\n|turn|1\n|inactive|Battle timer is ON: inactive players will automatically lose when time's up. (requested by p0x17438e64)\n|inactive|Time left: 300 sec this turn | 300 sec total | 60 sec grace\n|inactive|p0y1743675a also wants the timer to be on.\n|\n|t:|1783560140\n|move|p2a: Yanmega|Air Slash|p1a: Blastoise\n|-damage|p1a: Blastoise|71/100\n|move|p1a: Blastoise|Shell Smash|p1a: Blastoise\n|-unboost|p1a: Blastoise|def|1\n|-unboost|p1a: Blastoise|spd|1\n|-boost|p1a: Blastoise|atk|2\n|-boost|p1a: Blastoise|spa|2\n|-boost|p1a: Blastoise|spe|2\n|-enditem|p1a: Blastoise|White Herb\n|-clearnegativeboost|p1a: Blastoise|[silent]\n|\n|-ability|p2a: Yanmega|Speed Boost|boost\n|-boost|p2a: Yanmega|spe|1\n|upkeep\n|turn|2\n|inactive|Time left: 300 sec this turn | 300 sec total\n|\n|t:|1783560141\n|switch|p2a: Eelektross|Eelektross, L87, M|290/290\n|move|p1a: Blastoise|Ice Beam|p2a: Eelektross\n|-damage|p2a: Eelektross|188/290\n|\n|-heal|p2a: Eelektross|206/290|[from] item: Leftovers\n|upkeep\n|turn|3\n|inactive|Time left: 300 sec this turn | 300 sec total\n|\n|t:|1783560142\n|move|p1a: Blastoise|Hydro Pump|p2a: Eelektross\n|-damage|p2a: Eelektross|19/290\n|move|p2a: Eelektross|Supercell Slam|p1a: Blastoise|[miss]\n|-miss|p2a: Eelektross|p1a: Blastoise\n|-damage|p2a: Eelektross|0 fnt|[from] supercellslam\n|faint|p2a: Eelektross\n|\n|upkeep\n|inactive|Time left: 300 sec this turn | 300 sec total | 5 sec grace\n|\n|t:|1783560143\n|switch|p2a: Regieleki|Regieleki, L79|256/256\n|turn|4\n|inactive|Time left: 300 sec this turn | 300 sec total\n|\n|t:|1783560144\n|-terastallize|p1a: Blastoise|Grass\n|move|p2a: Regieleki|Thunderbolt|p1a: Blastoise\n|-resisted|p1a: Blastoise\n|-damage|p1a: Blastoise|48/100\n|-status|p1a: Blastoise|par\n|move|p1a: Blastoise|Hydro Pump|p2a: Regieleki\n|-damage|p2a: Regieleki|0 fnt\n|faint|p2a: Regieleki\n|\n|upkeep\n|inactive|Time left: 300 sec this turn | 300 sec total | 5 sec grace\n|\n|t:|1783560145\n|switch|p2a: Yanmega|Yanmega, L82, F|275/275\n|turn|5\n|inactive|Time left: 300 sec this turn | 300 sec total\n|\n|t:|1783560146\n|move|p2a: Yanmega|Bug Buzz|p1a: Blastoise\n|-supereffective|p1a: Blastoise\n|-damage|p1a: Blastoise|0 fnt\n|faint|p1a: Blastoise\n|\n|-ability|p2a: Yanmega|Speed Boost|boost\n|-boost|p2a: Yanmega|spe|1\n|upkeep\n|\n|t:|1783560147\n|switch|p1a: Salamence|Salamence, L77, M|100/100\n|-ability|p1a: Salamence|Intimidate|boost\n|-unboost|p2a: Yanmega|atk|1\n|turn|6\n|inactive|Time left: 300 sec this turn | 300 sec total\n|\n|t:|1783560148\n|switch|p2a: Porygon-Z|Porygon-Z, L83|277/277\n|move|p1a: Salamence|Outrage|p2a: Porygon-Z\n|-damage|p2a: Porygon-Z|112/277\n|\n|upkeep\n|turn|7\n|inactive|Time left: 300 sec this turn | 300 sec total\n|\n|t:|1783560149\n|move|p2a: Porygon-Z|Ice Beam|p1a: Salamence\n|-supereffective|p1a: Salamence\n|-damage|p1a: Salamence|0 fnt\n|faint|p1a: Salamence\n|\n|upkeep\n|\n|t:|1783560150\n|switch|p1a: Emboar|Emboar, L84, M|100/100\n|turn|8\n|inactive|Time left: 300 sec this turn | 300 sec total\n|\n|t:|1783560151\n|switch|p2a: Pelipper|Pelipper, L86, F|243/243\n|-weather|RainDance|[from] ability: Drizzle|[of] p2a: Pelipper\n|move|p1a: Emboar|Flare Blitz|p2a: Pelipper\n|-resisted|p2a: Pelipper\n|-damage|p2a: Pelipper|206/243\n|-damage|p1a: Emboar|97/100|[from] Recoil\n|\n|-weather|RainDance|[upkeep]\n|upkeep\n|turn|9\n|inactive|Time left: 300 sec this turn | 300 sec total\n|\n|t:|1783560152\n|move|p2a: Pelipper|Weather Ball|p1a: Emboar\n|-supereffective|p1a: Emboar\n|-damage|p1a: Emboar|0 fnt\n|faint|p1a: Emboar\n|\n|-weather|RainDance|[upkeep]\n|upkeep\n|\n|t:|1783560153\n|switch|p1a: Venusaur|Venusaur, L84, F|100/100\n|turn|10\n|inactive|Time left: 300 sec this turn | 300 sec total\n|\n|t:|1783560154\n|switch|p2a: Flygon|Flygon, L82, F|265/265\n|move|p1a: Venusaur|Sludge Bomb|p2a: Flygon\n|-resisted|p2a: Flygon\n|-damage|p2a: Flygon|215/265\n|-status|p2a: Flygon|psn\n|-enditem|p2a: Flygon|Lum Berry|[eat]\n|-curestatus|p2a: Flygon|psn|[msg]\n|\n|-weather|RainDance|[upkeep]\n|upkeep\n|turn|11\n|inactive|Time left: 300 sec this turn | 300 sec total\n|\n|t:|1783560155\n|-terastallize|p2a: Flygon|Steel\n|move|p2a: Flygon|Dragon Dance|p2a: Flygon\n|-boost|p2a: Flygon|atk|1\n|-boost|p2a: Flygon|spe|1\n|move|p1a: Venusaur|Sleep Powder|p2a: Flygon\n|-status|p2a: Flygon|slp|[from] move: Sleep Powder\n|\n|-weather|RainDance|[upkeep]\n|upkeep\n|turn|12\n|inactive|Time left: 300 sec this turn | 300 sec total\n|\n|t:|1783560156\n|cant|p2a: Flygon|slp\n|move|p1a: Venusaur|Leech Seed|p2a: Flygon\n|-start|p2a: Flygon|move: Leech Seed\n|\n|-weather|none\n|-damage|p2a: Flygon|182/265 slp|[from] Leech Seed|[of] p1a: Venusaur\n|upkeep\n|turn|13\n|inactive|Time left: 300 sec this turn | 300 sec total\n|\n|t:|1783560157\n|cant|p2a: Flygon|slp\n|move|p1a: Venusaur|Substitute|p1a: Venusaur\n|-start|p1a: Venusaur|Substitute\n|-damage|p1a: Venusaur|75/100\n|\n|-heal|p1a: Venusaur|82/100|[from] item: Leftovers\n|-damage|p2a: Flygon|149/265 slp|[from] Leech Seed|[of] p1a: Venusaur\n|-heal|p1a: Venusaur|94/100|[silent]\n|upkeep\n|turn|14\n|inactive|Time left: 300 sec this turn | 300 sec total\n|\n|t:|1783560158\n|-curestatus|p2a: Flygon|slp|[msg]\n|move|p2a: Flygon|Earthquake|p1a: Venusaur\n|-end|p1a: Venusaur|Substitute\n|move|p1a: Venusaur|Sleep Powder|p2a: Flygon\n|-status|p2a: Flygon|slp|[from] move: Sleep Powder\n|\n|-heal|p1a: Venusaur|99/100|[from] item: Leftovers\n|-damage|p2a: Flygon|116/265 slp|[from] Leech Seed|[of] p1a: Venusaur\n|-heal|p1a: Venusaur|100/100|[silent]\n|upkeep\n|turn|15\n|inactive|Time left: 300 sec this turn | 300 sec total\n|\n|t:|1783560158\n|switch|p2a: Yanmega|Yanmega, L82, F|275/275\n|move|p1a: Venusaur|Substitute|p1a: Venusaur\n|-start|p1a: Venusaur|Substitute\n|-damage|p1a: Venusaur|75/100\n|\n|-heal|p1a: Venusaur|82/100|[from] item: Leftovers\n|upkeep\n|turn|16\n|inactive|Time left: 300 sec this turn | 300 sec total\n|\n|t:|1783560159\n|move|p2a: Yanmega|Protect|p2a: Yanmega\n|-singleturn|p2a: Yanmega|Protect\n|move|p1a: Venusaur|Sludge Bomb|p2a: Yanmega\n|-activate|p2a: Yanmega|move: Protect\n|\n|-heal|p1a: Venusaur|88/100|[from] item: Leftovers\n|-ability|p2a: Yanmega|Speed Boost|boost\n|-boost|p2a: Yanmega|spe|1\n|upkeep\n|turn|17\n|inactive|Time left: 300 sec this turn | 300 sec total\n|\n|t:|1783560160\n|move|p2a: Yanmega|Air Slash|p1a: Venusaur|[miss]\n|-miss|p2a: Yanmega|p1a: Venusaur\n|move|p1a: Venusaur|Sludge Bomb|p2a: Yanmega\n|-damage|p2a: Yanmega|131/275\n|\n|-heal|p1a: Venusaur|94/100|[from] item: Leftovers\n|-ability|p2a: Yanmega|Speed Boost|boost\n|-boost|p2a: Yanmega|spe|1\n|upkeep\n|turn|18\n|inactive|Time left: 300 sec this turn | 300 sec total\n|\n|t:|1783560161\n|move|p2a: Yanmega|Protect|p2a: Yanmega\n|-singleturn|p2a: Yanmega|Protect\n|move|p1a: Venusaur|Sludge Bomb|p2a: Yanmega\n|-activate|p2a: Yanmega|move: Protect\n|\n|-heal|p1a: Venusaur|100/100|[from] item: Leftovers\n|-ability|p2a: Yanmega|Speed Boost|boost\n|-boost|p2a: Yanmega|spe|1\n|upkeep\n|turn|19\n|inactive|Time left: 300 sec this turn | 300 sec total\n|\n|t:|1783560161\n|switch|p2a: Flygon|Flygon, L82, F, tera:Steel|116/265 slp\n|move|p1a: Venusaur|Sludge Bomb|p2a: Flygon\n|-immune|p2a: Flygon\n|\n|upkeep\n|turn|20\n|inactive|Time left: 300 sec this turn | 300 sec total\n|\n|t:|1783560162\n|cant|p2a: Flygon|slp\n|move|p1a: Venusaur|Leech Seed|p2a: Flygon\n|-start|p2a: Flygon|move: Leech Seed\n|\n|-damage|p2a: Flygon|83/265 slp|[from] Leech Seed|[of] p1a: Venusaur\n|upkeep\n|turn|21\n|inactive|Time left: 300 sec this turn | 300 sec total\n|\n|t:|1783560163\n|-curestatus|p2a: Flygon|slp|[msg]\n|move|p2a: Flygon|Earthquake|p1a: Venusaur\n|-end|p1a: Venusaur|Substitute\n|move|p1a: Venusaur|Sludge Bomb|p2a: Flygon\n|-immune|p2a: Flygon\n|\n|-damage|p2a: Flygon|50/265|[from] Leech Seed|[of] p1a: Venusaur\n|upkeep\n|turn|22\n|inactive|Time left: 300 sec this turn | 300 sec total\n|\n|t:|1783560164\n|move|p2a: Flygon|Outrage|p1a: Venusaur\n|-damage|p1a: Venusaur|56/100\n|move|p1a: Venusaur|Sleep Powder|p2a: Flygon\n|-status|p2a: Flygon|slp|[from] move: Sleep Powder\n|\n|-heal|p1a: Venusaur|62/100|[from] item: Leftovers\n|-damage|p2a: Flygon|17/265 slp|[from] Leech Seed|[of] p1a: Venusaur\n|-heal|p1a: Venusaur|74/100|[silent]\n|upkeep\n|turn|23\n|inactive|Time left: 300 sec this turn | 300 sec total\n|\n|t:|1783560165\n|cant|p2a: Flygon|slp\n|move|p1a: Venusaur|Substitute|p1a: Venusaur\n|-start|p1a: Venusaur|Substitute\n|-damage|p1a: Venusaur|49/100\n|\n|-heal|p1a: Venusaur|56/100|[from] item: Leftovers\n|-damage|p2a: Flygon|0 fnt|[from] Leech Seed|[of] p1a: Venusaur\n|-heal|p1a: Venusaur|62/100|[silent]\n|faint|p2a: Flygon\n|upkeep\n|inactive|Time left: 300 sec this turn | 300 sec total | 5 sec grace\n|\n|t:|1783560166\n|switch|p2a: Porygon-Z|Porygon-Z, L83|112/277\n|turn|24\n|inactive|Time left: 300 sec this turn | 300 sec total\n|\n|t:|1783560167\n|move|p2a: Porygon-Z|Tri Attack|p1a: Venusaur\n|-end|p1a: Venusaur|Substitute\n|move|p1a: Venusaur|Sludge Bomb|p2a: Porygon-Z\n|-damage|p2a: Porygon-Z|0 fnt\n|faint|p2a: Porygon-Z\n|\n|-heal|p1a: Venusaur|68/100|[from] item: Leftovers\n|upkeep\n|inactive|Time left: 300 sec this turn | 300 sec total | 5 sec grace\n|\n|t:|1783560168\n|switch|p2a: Yanmega|Yanmega, L82, F|131/275\n|turn|25\n|inactive|Time left: 300 sec this turn | 300 sec total\n|\n|t:|1783560169\n|move|p2a: Yanmega|Air Slash|p1a: Venusaur\n|-supereffective|p1a: Venusaur\n|-damage|p1a: Venusaur|13/100\n|move|p1a: Venusaur|Sludge Bomb|p2a: Yanmega\n|-damage|p2a: Yanmega|0 fnt\n|faint|p2a: Yanmega\n|\n|-heal|p1a: Venusaur|19/100|[from] item: Leftovers\n|upkeep\n|inactive|Time left: 300 sec this turn | 300 sec total | 5 sec grace\n|\n|t:|1783560170\n|switch|p2a: Pelipper|Pelipper, L86, F|206/243\n|-weather|RainDance|[from] ability: Drizzle|[of] p2a: Pelipper\n|turn|26\n|inactive|Time left: 300 sec this turn | 300 sec total\n|\n|t:|1783560171\n|move|p1a: Venusaur|Sludge Bomb|p2a: Pelipper\n|-damage|p2a: Pelipper|98/243\n|move|p2a: Pelipper|Hydro Pump|p1a: Venusaur\n|-resisted|p1a: Venusaur\n|-damage|p1a: Venusaur|0 fnt\n|faint|p1a: Venusaur\n|\n|-weather|RainDance|[upkeep]\n|upkeep\n|\n|t:|1783560172\n|switch|p1a: Scyther|Scyther, L82, F|100/100\n|turn|27\n|inactive|Time left: 300 sec this turn | 300 sec total\n|\n|t:|1783560173\n|move|p1a: Scyther|Dual Wingbeat|p2a: Pelipper\n|-damage|p2a: Pelipper|34/243\n|-damage|p2a: Pelipper|0 fnt\n|faint|p2a: Pelipper\n|-hitcount|p2: Pelipper|2\n|\n|win|p0x17438e64", "uploadtime": 1783560173, "views": 0, "rating": 0, "private": 0, "password": null, "_winner": "p0x17438e64", "_our_name": "p0y1743675a"}