{"id": "battle-gen9randombattle-1524", "formatid": "gen9randombattle", "format": "[Gen 9] Random Battle", "players": ["p0x1524ecda", "p0y1524bc64"], "log": "|init|battle\n|title|p0x1524ecda vs. p0y1524bc64\n|j|\u2606p0x1524ecda\n|j|\u2606p0y1524bc64\n|t:|1783557723\n|gametype|singles\n|player|p1|p0x1524ecda|1|\n|player|p2|p0y1524bc64|1|\n|gen|9\n|tier|[Gen 9] Random Battle\n|rule|Species Clause: Limit one of each Pok\u00e9mon\n|rule|HP Percentage Mod: HP is shown in percentages\n|rule|Sleep Clause Mod: Limit one foe put to sleep\n|rule|Illusion Level Mod: Illusion disguises the Pok\u00e9mon's true level\n|\n|t:|1783557723\n|teamsize|p1|6\n|teamsize|p2|6\n|start\n|switch|p1a: Gholdengo|Gholdengo, L77|261/261\n|switch|p2a: Typhlosion|Typhlosion, L84, F|100/100\n|turn|1\n|inactive|Battle timer is ON: inactive players will automatically lose when time's up. (requested by p0y1524bc64)\n|inactive|Time left: 300 sec this turn | 300 sec total | 60 sec grace\n|inactive|p0x1524ecda also wants the timer to be on.\n|\n|t:|1783557725\n|switch|p1a: Wugtrio|Wugtrio, L91, M|212/212\n|move|p2a: Typhlosion|Eruption|p1a: Wugtrio\n|-resisted|p1a: Wugtrio\n|-damage|p1a: Wugtrio|72/212\n|\n|upkeep\n|turn|2\n|inactive|Time left: 300 sec this turn | 300 sec total\n|\n|t:|1783557726\n|switch|p2a: Lilligant|Lilligant-Hisui, L79, F|100/100\n|move|p1a: Wugtrio|Liquidation|p2a: Lilligant\n|-resisted|p2a: Lilligant\n|-damage|p2a: Lilligant|62/100\n|-unboost|p2a: Lilligant|def|1\n|\n|upkeep\n|turn|3\n|inactive|Time left: 300 sec this turn | 300 sec total\n|\n|t:|1783557727\n|move|p1a: Wugtrio|Liquidation|p2a: Lilligant\n|-resisted|p2a: Lilligant\n|-damage|p2a: Lilligant|2/100\n|move|p2a: Lilligant|Victory Dance|p2a: Lilligant\n|-boost|p2a: Lilligant|atk|1\n|-boost|p2a: Lilligant|def|1\n|-boost|p2a: Lilligant|spe|1\n|\n|upkeep\n|turn|4\n|inactive|Time left: 300 sec this turn | 300 sec total\n|\n|t:|1783557728\n|move|p2a: Lilligant|Leaf Blade|p1a: Wugtrio|[miss]\n|-miss|p2a: Lilligant|p1a: Wugtrio\n|move|p1a: Wugtrio|Liquidation|p2a: Lilligant\n|-resisted|p2a: Lilligant\n|-damage|p2a: Lilligant|0 fnt\n|faint|p2a: Lilligant\n|\n|upkeep\n|\n|t:|1783557729\n|switch|p2a: Scyther|Scyther, L82, M|100/100\n|turn|5\n|inactive|Time left: 300 sec this turn | 300 sec total\n|\n|t:|1783557730\n|move|p1a: Wugtrio|Liquidation|p2a: Scyther\n|-damage|p2a: Scyther|31/100\n|-unboost|p2a: Scyther|def|1\n|move|p2a: Scyther|U-turn|p1a: Wugtrio\n|-damage|p1a: Wugtrio|0 fnt\n|-ability|p1a: Wugtrio|Gooey\n|-unboost|p2a: Scyther|spe|1\n|faint|p1a: Wugtrio\n|\n|t:|1783557731\n|switch|p2a: Magmortar|Magmortar, L88, M|100/100|[from] U-turn\n|\n|upkeep\n|inactive|Time left: 300 sec this turn | 300 sec total | 10 sec grace\n|\n|t:|1783557732\n|switch|p1a: Morpeko|Morpeko, L88, F|245/245\n|turn|6\n|inactive|Time left: 300 sec this turn | 300 sec total\n|\n|t:|1783557734\n|move|p1a: Morpeko|Parting Shot|p2a: Magmortar\n|-unboost|p2a: Magmortar|atk|1\n|-unboost|p2a: Magmortar|spa|1\n|inactive|Time left: 300 sec this turn | 300 sec total | 5 sec grace\n|\n|t:|1783557735\n|switch|p1a: Drifblim|Drifblim, L86, F|396/396|[from] Parting Shot\n|move|p2a: Magmortar|Fire Blast|p1a: Drifblim\n|-damage|p1a: Drifblim|246/396\n|\n|upkeep\n|turn|7\n|inactive|Time left: 300 sec this turn | 300 sec total\n|\n|t:|1783557736\n|switch|p2a: Typhlosion|Typhlosion, L84, F|100/100\n|move|p1a: Drifblim|Strength Sap|p2a: Typhlosion\n|-unboost|p2a: Typhlosion|atk|1\n|-heal|p1a: Drifblim|392/396\n|\n|upkeep\n|turn|8\n|inactive|Time left: 300 sec this turn | 300 sec total\n|\n|t:|1783557737\n|move|p2a: Typhlosion|Eruption|p1a: Drifblim\n|-damage|p1a: Drifblim|23/396\n|-enditem|p1a: Drifblim|Sitrus Berry|[eat]\n|-heal|p1a: Drifblim|122/396|[from] item: Sitrus Berry\n|move|p1a: Drifblim|Calm Mind|p1a: Drifblim\n|-boost|p1a: Drifblim|spa|1\n|-boost|p1a: Drifblim|spd|1\n|\n|upkeep\n|turn|9\n|inactive|Time left: 300 sec this turn | 300 sec total\n|\n|t:|1783557738\n|move|p1a: Drifblim|Shadow Ball|p2a: Typhlosion\n|-damage|p2a: Typhlosion|54/100\n|move|p2a: Typhlosion|Eruption|p1a: Drifblim\n|-damage|p1a: Drifblim|1/396\n|\n|upkeep\n|turn|10\n|inactive|Time left: 300 sec this turn | 300 sec total\n|\n|t:|1783557739\n|move|p1a: Drifblim|Air Slash|p2a: Typhlosion\n|-damage|p2a: Typhlosion|11/100\n|move|p2a: Typhlosion|Eruption|p1a: Drifblim\n|-damage|p1a: Drifblim|0 fnt\n|faint|p1a: Drifblim\n|\n|upkeep\n|inactive|Time left: 300 sec this turn | 300 sec total | 5 sec grace\n|\n|t:|1783557740\n|switch|p1a: Morpeko|Morpeko, L88, F|245/245\n|turn|11\n|inactive|Time left: 300 sec this turn | 300 sec total\n|\n|t:|1783557741\n|switch|p2a: Dedenne|Dedenne, L88, M|100/100\n|move|p1a: Morpeko|Aura Wheel|p2a: Dedenne\n|-resisted|p2a: Dedenne\n|-damage|p2a: Dedenne|72/100\n|-boost|p1a: Morpeko|spe|1\n|\n|-formechange|p1a: Morpeko|Morpeko-Hangry||[from] ability: Hunger Switch\n|upkeep\n|turn|12\n|inactive|Time left: 300 sec this turn | 300 sec total\n|\n|t:|1783557742\n|move|p1a: Morpeko|Protect|p1a: Morpeko\n|-singleturn|p1a: Morpeko|Protect\n|move|p2a: Dedenne|Super Fang|p1a: Morpeko\n|-activate|p1a: Morpeko|move: Protect\n|\n|-formechange|p1a: Morpeko|Morpeko||[from] ability: Hunger Switch\n|upkeep\n|turn|13\n|inactive|Time left: 300 sec this turn | 300 sec total\n|\n|t:|1783557743\n|move|p1a: Morpeko|Parting Shot|p2a: Dedenne\n|-unboost|p2a: Dedenne|atk|1\n|-unboost|p2a: Dedenne|spa|1\n|inactive|Time left: 300 sec this turn | 300 sec total | 5 sec grace\n|\n|t:|1783557744\n|switch|p1a: Bronzong|Bronzong, L88|261/261|[from] Parting Shot\n|move|p2a: Dedenne|Dazzling Gleam|p1a: Bronzong\n|-resisted|p1a: Bronzong\n|-damage|p1a: Bronzong|240/261\n|\n|upkeep\n|turn|14\n|inactive|Time left: 300 sec this turn | 300 sec total\n|\n|t:|1783557745\n|switch|p2a: Magmortar|Magmortar, L88, M|100/100\n|move|p1a: Bronzong|Body Press|p2a: Magmortar\n|-damage|p2a: Magmortar|68/100\n|\n|upkeep\n|turn|15\n|inactive|Time left: 300 sec this turn | 300 sec total\n|\n|t:|1783557746\n|move|p2a: Magmortar|Fire Blast|p1a: Bronzong\n|-supereffective|p1a: Bronzong\n|-damage|p1a: Bronzong|0 fnt\n|faint|p1a: Bronzong\n|\n|upkeep\n|inactive|Time left: 300 sec this turn | 300 sec total | 5 sec grace\n|\n|t:|1783557747\n|switch|p1a: Morpeko|Morpeko, L88, F|245/245\n|turn|16\n|inactive|Time left: 300 sec this turn | 300 sec total\n|\n|t:|1783557748\n|-terastallize|p1a: Morpeko|Electric\n|move|p1a: Morpeko|Aura Wheel|p2a: Magmortar\n|-crit|p2a: Magmortar\n|-damage|p2a: Magmortar|0 fnt\n|-boost|p1a: Morpeko|spe|1\n|faint|p2a: Magmortar\n|\n|upkeep\n|\n|t:|1783557749\n|switch|p2a: Dedenne|Dedenne, L88, M|72/100\n|turn|17\n|inactive|Time left: 300 sec this turn | 300 sec total\n|\n|t:|1783557750\n|move|p1a: Morpeko|Aura Wheel|p2a: Dedenne\n|-resisted|p2a: Dedenne\n|-crit|p2a: Dedenne\n|-damage|p2a: Dedenne|7/100\n|-boost|p1a: Morpeko|spe|1\n|-enditem|p2a: Dedenne|Sitrus Berry|[eat]\n|-heal|p2a: Dedenne|32/100|[from] item: Sitrus Berry\n|-heal|p2a: Dedenne|66/100|[from] ability: Cheek Pouch\n|move|p2a: Dedenne|Dazzling Gleam|p1a: Morpeko\n|-damage|p1a: Morpeko|133/245\n|\n|upkeep\n|turn|18\n|inactive|Time left: 300 sec this turn | 300 sec total\n|\n|t:|1783557750\n|move|p1a: Morpeko|Aura Wheel|p2a: Dedenne\n|-resisted|p2a: Dedenne\n|-damage|p2a: Dedenne|25/100\n|-boost|p1a: Morpeko|spe|1\n|move|p2a: Dedenne|Dazzling Gleam|p1a: Morpeko\n|-damage|p1a: Morpeko|30/245\n|\n|upkeep\n|turn|19\n|inactive|Time left: 300 sec this turn | 300 sec total\n|\n|t:|1783557751\n|move|p1a: Morpeko|Aura Wheel|p2a: Dedenne\n|-resisted|p2a: Dedenne\n|-damage|p2a: Dedenne|0 fnt\n|-boost|p1a: Morpeko|spe|1\n|faint|p2a: Dedenne\n|\n|upkeep\n|\n|t:|1783557752\n|switch|p2a: Luvdisc|Luvdisc, F|100/100\n|turn|20\n|inactive|Time left: 300 sec this turn | 300 sec total\n|\n|t:|1783557753\n|-terastallize|p2a: Luvdisc|Ghost\n|move|p1a: Morpeko|Aura Wheel|p2a: Luvdisc\n|-damage|p2a: Luvdisc|18/100\n|-boost|p1a: Morpeko|spe|1\n|move|p2a: Luvdisc|Flip Turn|p1a: Morpeko\n|-damage|p1a: Morpeko|0 fnt\n|faint|p1a: Morpeko\n|\n|t:|1783557754\n|switch|p2a: Typhlosion|Typhlosion, L84, F|11/100|[from] Flip Turn\n|\n|upkeep\n|inactive|Time left: 300 sec this turn | 300 sec total | 10 sec grace\n|\n|t:|1783557754\n|switch|p1a: Mandibuzz|Mandibuzz, L85, F|326/326\n|turn|21\n|inactive|Time left: 300 sec this turn | 300 sec total\n|\n|t:|1783557755\n|move|p2a: Typhlosion|Fire Blast|p1a: Mandibuzz\n|-damage|p1a: Mandibuzz|137/326\n|move|p1a: Mandibuzz|Foul Play|p2a: Typhlosion\n|-damage|p2a: Typhlosion|0 fnt\n|faint|p2a: Typhlosion\n|\n|upkeep\n|\n|t:|1783557756\n|switch|p2a: Luvdisc|Luvdisc, F, tera:Ghost|18/100\n|turn|22\n|inactive|Time left: 300 sec this turn | 300 sec total\n|\n|t:|1783557757\n|move|p2a: Luvdisc|Endeavor|p1a: Mandibuzz\n|-damage|p1a: Mandibuzz|43/326\n|move|p1a: Mandibuzz|Foul Play|p2a: Luvdisc\n|-supereffective|p2a: Luvdisc\n|-damage|p2a: Luvdisc|0 fnt\n|faint|p2a: Luvdisc\n|\n|upkeep\n|\n|t:|1783557758\n|switch|p2a: Scyther|Scyther, L82, M|31/100\n|turn|23\n|inactive|Time left: 300 sec this turn | 300 sec total\n|\n|t:|1783557759\n|move|p2a: Scyther|Dual Wingbeat|p1a: Mandibuzz|[miss]\n|-miss|p2a: Scyther|p1a: Mandibuzz\n|move|p1a: Mandibuzz|Foul Play|p2a: Scyther\n|-damage|p2a: Scyther|0 fnt\n|faint|p2a: Scyther\n|\n|win|p0x1524ecda", "uploadtime": 1783557759, "views": 0, "rating": 0, "private": 0, "password": null, "_winner": "p0x1524ecda", "_our_name": "p0x1524ecda"}