{"id": "battle-gen9randombattle-2017", "formatid": "gen9randombattle", "format": "[Gen 9] Random Battle", "players": ["p0x20172c74", "p0y201743ef"], "log": "|init|battle\n|title|p0x20172c74 vs. p0y201743ef\n|j|\u2606p0x20172c74\n|j|\u2606p0y201743ef\n|t:|1783562606\n|gametype|singles\n|player|p1|p0x20172c74|266|\n|player|p2|p0y201743ef|170|\n|gen|9\n|tier|[Gen 9] Random Battle\n|rule|Species Clause: Limit one of each Pok\u00e9mon\n|rule|HP Percentage Mod: HP is shown in percentages\n|rule|Sleep Clause Mod: Limit one foe put to sleep\n|rule|Illusion Level Mod: Illusion disguises the Pok\u00e9mon's true level\n|\n|t:|1783562606\n|teamsize|p1|6\n|teamsize|p2|6\n|start\n|switch|p1a: Whiscash|Whiscash, L88, M|100/100\n|switch|p2a: Honchkrow|Honchkrow, L86, M|312/312\n|turn|1\n|inactive|Battle timer is ON: inactive players will automatically lose when time's up. (requested by p0y201743ef)\n|inactive|p0x20172c74 also wants the timer to be on.\n|\n|t:|1783562608\n|move|p2a: Honchkrow|Brave Bird|p1a: Whiscash\n|-damage|p1a: Whiscash|52/100\n|-damage|p2a: Honchkrow|258/312|[from] Recoil\n|move|p1a: Whiscash|Ice Beam|p2a: Honchkrow\n|-supereffective|p2a: Honchkrow\n|-damage|p2a: Honchkrow|90/312\n|-status|p2a: Honchkrow|frz\n|\n|-heal|p1a: Whiscash|58/100|[from] item: Leftovers\n|upkeep\n|turn|2\n|inactive|Time left: 300 sec this turn | 300 sec total\n|\n|t:|1783562609\n|switch|p2a: Ariados|Ariados, L95, M|287/287\n|move|p1a: Whiscash|Stealth Rock|p2a: Ariados\n|-sidestart|p2: p0y201743ef|move: Stealth Rock\n|\n|-heal|p1a: Whiscash|64/100|[from] item: Leftovers\n|upkeep\n|turn|3\n|inactive|Time left: 300 sec this turn | 300 sec total\n|\n|t:|1783562610\n|move|p1a: Whiscash|Earthquake|p2a: Ariados\n|-damage|p2a: Ariados|190/287\n|move|p2a: Ariados|Sticky Web|p1a: Whiscash\n|-sidestart|p1: p0x20172c74|move: Sticky Web\n|\n|-heal|p1a: Whiscash|70/100|[from] item: Leftovers\n|upkeep\n|turn|4\n|inactive|Time left: 300 sec this turn | 300 sec total\n|\n|t:|1783562611\n|move|p1a: Whiscash|Earthquake|p2a: Ariados\n|-damage|p2a: Ariados|91/287\n|move|p2a: Ariados|Megahorn|p1a: Whiscash|[miss]\n|-miss|p2a: Ariados|p1a: Whiscash\n|\n|-heal|p1a: Whiscash|76/100|[from] item: Leftovers\n|upkeep\n|turn|5\n|inactive|Time left: 300 sec this turn | 300 sec total\n|\n|t:|1783562612\n|switch|p2a: Manaphy|Manaphy, L78|284/284\n|-damage|p2a: Manaphy|249/284|[from] Stealth Rock\n|move|p1a: Whiscash|Earthquake|p2a: Manaphy\n|-damage|p2a: Manaphy|147/284\n|\n|-heal|p2a: Manaphy|164/284|[from] item: Leftovers\n|-heal|p1a: Whiscash|83/100|[from] item: Leftovers\n|upkeep\n|turn|6\n|inactive|Time left: 300 sec this turn | 300 sec total\n|\n|t:|1783562613\n|move|p2a: Manaphy|Tail Glow|p2a: Manaphy\n|-boost|p2a: Manaphy|spa|3\n|move|p1a: Whiscash|Earthquake|p2a: Manaphy\n|-damage|p2a: Manaphy|67/284\n|\n|-heal|p2a: Manaphy|84/284|[from] item: Leftovers\n|-heal|p1a: Whiscash|89/100|[from] item: Leftovers\n|upkeep\n|turn|7\n|inactive|Time left: 300 sec this turn | 300 sec total\n|\n|t:|1783562614\n|-terastallize|p1a: Whiscash|Steel\n|move|p2a: Manaphy|Energy Ball|p1a: Whiscash\n|-resisted|p1a: Whiscash\n|-damage|p1a: Whiscash|67/100\n|move|p1a: Whiscash|Earthquake|p2a: Manaphy\n|-damage|p2a: Manaphy|0 fnt\n|faint|p2a: Manaphy\n|\n|-heal|p1a: Whiscash|73/100|[from] item: Leftovers\n|upkeep\n|inactive|Time left: 300 sec this turn | 300 sec total | 5 sec grace\n|\n|t:|1783562615\n|switch|p2a: Excadrill|Excadrill, L79, M|303/303\n|-damage|p2a: Excadrill|294/303|[from] Stealth Rock\n|-ability|p2a: Excadrill|Mold Breaker\n|turn|8\n|inactive|Time left: 300 sec this turn | 300 sec total\n|\n|t:|1783562616\n|switch|p1a: Spidops|Spidops, L96, M|100/100\n|move|p2a: Excadrill|Earthquake|p1a: Spidops\n|-resisted|p1a: Spidops\n|-damage|p1a: Spidops|79/100\n|\n|-heal|p2a: Excadrill|303/303|[from] item: Leftovers\n|upkeep\n|turn|9\n|inactive|Time left: 300 sec this turn | 300 sec total\n|\n|t:|1783562618\n|move|p2a: Excadrill|Rapid Spin|p1a: Spidops\n|-damage|p1a: Spidops|67/100\n|-boost|p2a: Excadrill|spe|1\n|-sideend|p2: p0y201743ef|Stealth Rock|[from] move: Rapid Spin|[of] p2a: Excadrill\n|move|p1a: Spidops|Circle Throw|p2a: Excadrill\n|-supereffective|p2a: Excadrill\n|-damage|p2a: Excadrill|173/303\n|drag|p2a: Porygon-Z|Porygon-Z, L83|277/277\n|\n|upkeep\n|turn|10\n|inactive|Time left: 300 sec this turn | 300 sec total\n|\n|t:|1783562619\n|move|p2a: Porygon-Z|Tera Blast|p1a: Spidops\n|-damage|p1a: Spidops|3/100\n|-damage|p2a: Porygon-Z|250/277|[from] item: Life Orb\n|move|p1a: Spidops|Sticky Web|p2a: Porygon-Z\n|-sidestart|p2: p0y201743ef|move: Sticky Web\n|\n|upkeep\n|turn|11\n|inactive|Time left: 300 sec this turn | 300 sec total\n|\n|t:|1783562620\n|move|p2a: Porygon-Z|Tera Blast|p1a: Spidops\n|-damage|p1a: Spidops|0 fnt\n|faint|p1a: Spidops\n|-damage|p2a: Porygon-Z|223/277|[from] item: Life Orb\n|\n|upkeep\n|\n|t:|1783562621\n|switch|p1a: Armarouge|Armarouge, L80, F|100/100\n|-activate|p1a: Armarouge|move: Sticky Web\n|-unboost|p1a: Armarouge|spe|1\n|turn|12\n|inactive|Time left: 300 sec this turn | 300 sec total\n|\n|t:|1783562622\n|move|p2a: Porygon-Z|Nasty Plot|p2a: Porygon-Z\n|-boost|p2a: Porygon-Z|spa|2\n|move|p1a: Armarouge|Armor Cannon|p2a: Porygon-Z\n|-damage|p2a: Porygon-Z|0 fnt\n|-unboost|p1a: Armarouge|def|1\n|-unboost|p1a: Armarouge|spd|1\n|faint|p2a: Porygon-Z\n|\n|upkeep\n|inactive|Time left: 300 sec this turn | 300 sec total | 5 sec grace\n|\n|t:|1783562623\n|switch|p2a: Excadrill|Excadrill, L79, M|173/303\n|-activate|p2a: Excadrill|move: Sticky Web\n|-unboost|p2a: Excadrill|spe|1\n|-ability|p2a: Excadrill|Mold Breaker\n|turn|13\n|inactive|Time left: 300 sec this turn | 300 sec total\n|\n|t:|1783562624\n|switch|p1a: Oricorio|Oricorio-Pom-Pom, L82, M|100/100\n|move|p2a: Excadrill|Earthquake|p1a: Oricorio\n|-immune|p1a: Oricorio\n|\n|-heal|p2a: Excadrill|191/303|[from] item: Leftovers\n|upkeep\n|turn|14\n|inactive|Time left: 300 sec this turn | 300 sec total\n|\n|t:|1783562625\n|move|p1a: Oricorio|Quiver Dance|p1a: Oricorio\n|-boost|p1a: Oricorio|spa|1\n|-boost|p1a: Oricorio|spd|1\n|-boost|p1a: Oricorio|spe|1\n|move|p2a: Excadrill|Rapid Spin|p1a: Oricorio\n|-damage|p1a: Oricorio|79/100\n|-boost|p2a: Excadrill|spe|1\n|-sideend|p2: p0y201743ef|Sticky Web|[from] move: Rapid Spin|[of] p2a: Excadrill\n|\n|-heal|p2a: Excadrill|209/303|[from] item: Leftovers\n|upkeep\n|turn|15\n|inactive|Time left: 300 sec this turn | 300 sec total\n|\n|t:|1783562626\n|move|p1a: Oricorio|Quiver Dance|p1a: Oricorio\n|-boost|p1a: Oricorio|spa|1\n|-boost|p1a: Oricorio|spd|1\n|-boost|p1a: Oricorio|spe|1\n|move|p2a: Excadrill|Swords Dance|p2a: Excadrill\n|-boost|p2a: Excadrill|atk|2\n|-activate|p1a: Oricorio|ability: Dancer\n|move|p1a: Oricorio|Swords Dance|p1a: Oricorio|[from] ability: Dancer\n|-boost|p1a: Oricorio|atk|2\n|\n|-heal|p2a: Excadrill|227/303|[from] item: Leftovers\n|upkeep\n|turn|16\n|inactive|Time left: 300 sec this turn | 300 sec total\n|\n|t:|1783562627\n|move|p1a: Oricorio|Hurricane|p2a: Excadrill\n|-resisted|p2a: Excadrill\n|-damage|p2a: Excadrill|68/303\n|-start|p2a: Excadrill|confusion\n|-activate|p2a: Excadrill|confusion\n|move|p2a: Excadrill|Iron Head|p1a: Oricorio\n|-resisted|p1a: Oricorio\n|-damage|p1a: Oricorio|35/100\n|\n|-heal|p2a: Excadrill|86/303|[from] item: Leftovers\n|upkeep\n|turn|17\n|inactive|Time left: 300 sec this turn | 300 sec total\n|\n|t:|1783562628\n|move|p1a: Oricorio|Hurricane|p2a: Excadrill|[miss]\n|-miss|p1a: Oricorio|p2a: Excadrill\n|-activate|p2a: Excadrill|confusion\n|move|p2a: Excadrill|Earthquake|p1a: Oricorio\n|-immune|p1a: Oricorio\n|\n|-heal|p2a: Excadrill|104/303|[from] item: Leftovers\n|upkeep\n|turn|18\n|inactive|Time left: 300 sec this turn | 300 sec total\n|\n|t:|1783562629\n|move|p1a: Oricorio|Hurricane|p2a: Excadrill\n|-resisted|p2a: Excadrill\n|-damage|p2a: Excadrill|0 fnt\n|faint|p2a: Excadrill\n|\n|upkeep\n|inactive|Time left: 300 sec this turn | 300 sec total | 5 sec grace\n|\n|t:|1783562630\n|switch|p2a: Ariados|Ariados, L95, M|91/287\n|turn|19\n|inactive|Time left: 300 sec this turn | 300 sec total\n|\n|t:|1783562630\n|move|p1a: Oricorio|Revelation Dance|p2a: Ariados\n|-damage|p2a: Ariados|0 fnt\n|faint|p2a: Ariados\n|\n|upkeep\n|inactive|Time left: 300 sec this turn | 300 sec total | 5 sec grace\n|\n|t:|1783562631\n|switch|p2a: Vigoroth|Vigoroth, L85, M|275/275\n|turn|20\n|inactive|Time left: 300 sec this turn | 300 sec total\n|\n|t:|1783562632\n|move|p1a: Oricorio|Roost|p1a: Oricorio\n|-heal|p1a: Oricorio|85/100\n|-singleturn|p1a: Oricorio|move: Roost\n|move|p2a: Vigoroth|Body Slam|p1a: Oricorio\n|-damage|p1a: Oricorio|50/100\n|\n|upkeep\n|turn|21\n|inactive|Time left: 300 sec this turn | 300 sec total\n|\n|t:|1783562633\n|move|p1a: Oricorio|Hurricane|p2a: Vigoroth|[miss]\n|-miss|p1a: Oricorio|p2a: Vigoroth\n|move|p2a: Vigoroth|Body Slam|p1a: Oricorio\n|-damage|p1a: Oricorio|11/100\n|\n|upkeep\n|turn|22\n|inactive|Time left: 300 sec this turn | 300 sec total\n|\n|t:|1783562634\n|move|p1a: Oricorio|Roost|p1a: Oricorio\n|-heal|p1a: Oricorio|61/100\n|-singleturn|p1a: Oricorio|move: Roost\n|move|p2a: Vigoroth|Body Slam|p1a: Oricorio\n|-damage|p1a: Oricorio|25/100\n|\n|upkeep\n|turn|23\n|inactive|Time left: 300 sec this turn | 300 sec total\n|\n|t:|1783562634\n|move|p1a: Oricorio|Roost|p1a: Oricorio\n|-heal|p1a: Oricorio|76/100\n|-singleturn|p1a: Oricorio|move: Roost\n|move|p2a: Vigoroth|Body Slam|p1a: Oricorio\n|-damage|p1a: Oricorio|37/100\n|\n|upkeep\n|turn|24\n|inactive|Time left: 300 sec this turn | 300 sec total\n|\n|t:|1783562635\n|move|p1a: Oricorio|Roost|p1a: Oricorio\n|-heal|p1a: Oricorio|87/100\n|-singleturn|p1a: Oricorio|move: Roost\n|move|p2a: Vigoroth|Body Slam|p1a: Oricorio\n|-damage|p1a: Oricorio|48/100\n|\n|upkeep\n|turn|25\n|inactive|Time left: 300 sec this turn | 300 sec total\n|\n|t:|1783562636\n|move|p1a: Oricorio|Hurricane|p2a: Vigoroth\n|-crit|p2a: Vigoroth\n|-damage|p2a: Vigoroth|0 fnt\n|faint|p2a: Vigoroth\n|\n|upkeep\n|inactive|Time left: 300 sec this turn | 300 sec total | 5 sec grace\n|\n|t:|1783562637\n|switch|p2a: Honchkrow|Honchkrow, L86, M|90/312 frz\n|turn|26\n|inactive|Time left: 300 sec this turn | 300 sec total\n|\n|t:|1783562638\n|-curestatus|p2a: Honchkrow|frz|[msg]\n|move|p2a: Honchkrow|Sucker Punch|p1a: Oricorio\n|-damage|p1a: Oricorio|6/100\n|move|p1a: Oricorio|Revelation Dance|p2a: Honchkrow\n|-supereffective|p2a: Honchkrow\n|-damage|p2a: Honchkrow|0 fnt\n|faint|p2a: Honchkrow\n|\n|win|p0x20172c74", "uploadtime": 1783562638, "views": 0, "rating": 0, "private": 0, "password": null, "_winner": "p0x20172c74", "_our_name": "p0y201743ef"}