{"id": "battle-gen9randombattle-2112", "formatid": "gen9randombattle", "format": "[Gen 9] Random Battle", "players": ["p0x2112c909", "p0y21120cc2"], "log": "|init|battle\n|title|p0x2112c909 vs. p0y21120cc2\n|j|\u2606p0x2112c909\n|j|\u2606p0y21120cc2\n|t:|1783564459\n|gametype|singles\n|player|p1|p0x2112c909|266|\n|player|p2|p0y21120cc2|102|\n|gen|9\n|tier|[Gen 9] Random Battle\n|rule|Species Clause: Limit one of each Pok\u00e9mon\n|rule|HP Percentage Mod: HP is shown in percentages\n|rule|Sleep Clause Mod: Limit one foe put to sleep\n|rule|Illusion Level Mod: Illusion disguises the Pok\u00e9mon's true level\n|\n|t:|1783564459\n|teamsize|p1|6\n|teamsize|p2|6\n|start\n|switch|p1a: Morpeko|Morpeko, L88, M|100/100\n|switch|p2a: Venomoth|Venomoth, L84, F|255/255\n|turn|1\n|inactive|Battle timer is ON: inactive players will automatically lose when time's up. (requested by p0y21120cc2)\n|inactive|p0x2112c909 also wants the timer to be on.\n|\n|t:|1783564460\n|move|p1a: Morpeko|Aura Wheel|p2a: Venomoth\n|-damage|p2a: Venomoth|99/255\n|-boost|p1a: Morpeko|spe|1\n|move|p2a: Venomoth|Bug Buzz|p1a: Morpeko\n|-supereffective|p1a: Morpeko\n|-damage|p1a: Morpeko|5/100\n|\n|-formechange|p1a: Morpeko|Morpeko-Hangry||[from] ability: Hunger Switch\n|upkeep\n|turn|2\n|inactive|Time left: 300 sec this turn | 300 sec total\n|\n|t:|1783564461\n|switch|p2a: Kyurem|Kyurem, L77|319/319\n|-ability|p2a: Kyurem|Pressure\n|move|p1a: Morpeko|Aura Wheel|p2a: Kyurem\n|-damage|p2a: Kyurem|183/319\n|-boost|p1a: Morpeko|spe|1\n|\n|-formechange|p1a: Morpeko|Morpeko||[from] ability: Hunger Switch\n|upkeep\n|turn|3\n|inactive|Time left: 300 sec this turn | 300 sec total\n|\n|t:|1783564462\n|move|p1a: Morpeko|Protect|p1a: Morpeko\n|-singleturn|p1a: Morpeko|Protect\n|move|p2a: Kyurem|Freeze-Dry|p1a: Morpeko\n|-activate|p1a: Morpeko|move: Protect\n|\n|-formechange|p1a: Morpeko|Morpeko-Hangry||[from] ability: Hunger Switch\n|upkeep\n|turn|4\n|inactive|Time left: 300 sec this turn | 300 sec total\n|\n|t:|1783564463\n|move|p1a: Morpeko|Aura Wheel|p2a: Kyurem\n|-damage|p2a: Kyurem|47/319\n|-boost|p1a: Morpeko|spe|1\n|move|p2a: Kyurem|Freeze-Dry|p1a: Morpeko\n|-damage|p1a: Morpeko|0 fnt\n|faint|p1a: Morpeko\n|\n|upkeep\n|\n|t:|1783564464\n|switch|p1a: Hydreigon|Hydreigon, L79, M|100/100\n|turn|5\n|inactive|Time left: 300 sec this turn | 300 sec total\n|\n|t:|1783564465\n|switch|p2a: Mienshao|Mienshao, L83, M|243/243\n|move|p1a: Hydreigon|Dark Pulse|p2a: Mienshao\n|-resisted|p2a: Mienshao\n|-damage|p2a: Mienshao|144/243\n|\n|upkeep\n|turn|6\n|inactive|Time left: 300 sec this turn | 300 sec total\n|\n|t:|1783564467\n|move|p2a: Mienshao|High Jump Kick|p1a: Hydreigon\n|-supereffective|p1a: Hydreigon\n|-damage|p1a: Hydreigon|0 fnt\n|faint|p1a: Hydreigon\n|\n|upkeep\n|\n|t:|1783564468\n|switch|p1a: Banette|Banette, L93, F|100/100\n|turn|7\n|inactive|Time left: 300 sec this turn | 300 sec total\n|\n|t:|1783564469\n|switch|p2a: Rampardos|Rampardos, L90, F|321/321\n|move|p1a: Banette|Poltergeist|p2a: Rampardos\n|-activate|p2a: Rampardos|move: Poltergeist|Choice Scarf\n|-damage|p2a: Rampardos|52/321\n|-damage|p1a: Banette|90/100|[from] item: Life Orb\n|\n|upkeep\n|turn|8\n|inactive|Time left: 300 sec this turn | 300 sec total\n|\n|t:|1783564470\n|move|p1a: Banette|Shadow Sneak|p2a: Rampardos\n|-damage|p2a: Rampardos|0 fnt\n|faint|p2a: Rampardos\n|-damage|p1a: Banette|80/100|[from] item: Life Orb\n|\n|upkeep\n|inactive|Time left: 300 sec this turn | 300 sec total | 5 sec grace\n|\n|t:|1783564470\n|switch|p2a: Mienshao|Mienshao, L83, M|144/243\n|turn|9\n|inactive|Time left: 300 sec this turn | 300 sec total\n|\n|t:|1783564472\n|switch|p1a: Tinkaton|Tinkaton, L82, F|100/100\n|-ability|p1a: Tinkaton|Mold Breaker\n|move|p2a: Mienshao|Knock Off|p1a: Tinkaton\n|-resisted|p1a: Tinkaton\n|-damage|p1a: Tinkaton|77/100\n|-enditem|p1a: Tinkaton|Leftovers|[from] move: Knock Off|[of] p2a: Mienshao\n|\n|upkeep\n|turn|10\n|inactive|Time left: 300 sec this turn | 300 sec total\n|\n|t:|1783564473\n|switch|p2a: Ogerpon|Ogerpon-Wellspring, L76, F|247/247\n|move|p1a: Tinkaton|Gigaton Hammer|p2a: Ogerpon\n|-resisted|p2a: Ogerpon\n|-damage|p2a: Ogerpon|169/247\n|\n|upkeep\n|turn|11\n|inactive|Time left: 300 sec this turn | 300 sec total\n|\n|t:|1783564474\n|switch|p1a: Goodra|Goodra, L85, F|100/100\n|move|p2a: Ogerpon|Ivy Cudgel|p1a: Goodra|[anim] Ivy Cudgel Water\n|-resisted|p1a: Goodra\n|-damage|p1a: Goodra|75/100\n|\n|upkeep\n|turn|12\n|inactive|Time left: 300 sec this turn | 300 sec total\n|\n|t:|1783564475\n|move|p2a: Ogerpon|Ivy Cudgel|p1a: Goodra|[anim] Ivy Cudgel Water\n|-resisted|p1a: Goodra\n|-damage|p1a: Goodra|51/100\n|move|p1a: Goodra|Sludge Bomb|p2a: Ogerpon\n|-supereffective|p2a: Ogerpon\n|-damage|p2a: Ogerpon|13/247\n|-status|p2a: Ogerpon|psn\n|\n|-damage|p2a: Ogerpon|0 fnt|[from] psn\n|faint|p2a: Ogerpon\n|upkeep\n|inactive|Time left: 300 sec this turn | 300 sec total | 5 sec grace\n|\n|t:|1783564476\n|switch|p2a: Mienshao|Mienshao, L83, M|144/243\n|turn|13\n|inactive|Time left: 300 sec this turn | 300 sec total\n|\n|t:|1783564477\n|switch|p1a: Tinkaton|Tinkaton, L82, F|77/100\n|-ability|p1a: Tinkaton|Mold Breaker\n|move|p2a: Mienshao|Knock Off|p1a: Tinkaton\n|-resisted|p1a: Tinkaton\n|-damage|p1a: Tinkaton|59/100\n|\n|upkeep\n|turn|14\n|inactive|Time left: 300 sec this turn | 300 sec total\n|\n|t:|1783564478\n|switch|p2a: Houndstone|Houndstone, L86, M|264/264\n|move|p1a: Tinkaton|Gigaton Hammer|p2a: Houndstone\n|-damage|p2a: Houndstone|140/264\n|\n|upkeep\n|turn|15\n|inactive|Time left: 300 sec this turn | 300 sec total\n|\n|t:|1783564479\n|move|p2a: Houndstone|Shadow Sneak|p1a: Tinkaton\n|-damage|p1a: Tinkaton|38/100\n|move|p1a: Tinkaton|Knock Off|p2a: Houndstone\n|-supereffective|p2a: Houndstone\n|-crit|p2a: Houndstone\n|-damage|p2a: Houndstone|0 fnt\n|-enditem|p2a: Houndstone|Assault Vest|[from] move: Knock Off|[of] p1a: Tinkaton\n|faint|p2a: Houndstone\n|\n|upkeep\n|inactive|Time left: 300 sec this turn | 300 sec total | 5 sec grace\n|\n|t:|1783564480\n|switch|p2a: Mienshao|Mienshao, L83, M|144/243\n|turn|16\n|inactive|Time left: 300 sec this turn | 300 sec total\n|\n|t:|1783564481\n|move|p2a: Mienshao|High Jump Kick|p1a: Tinkaton\n|-damage|p1a: Tinkaton|0 fnt\n|faint|p1a: Tinkaton\n|\n|upkeep\n|\n|t:|1783564482\n|switch|p1a: Banette|Banette, L93, F|80/100\n|turn|17\n|inactive|Time left: 300 sec this turn | 300 sec total\n|\n|t:|1783564483\n|switch|p2a: Kyurem|Kyurem, L77|47/319\n|-ability|p2a: Kyurem|Pressure\n|move|p1a: Banette|Thunder Wave|p2a: Kyurem\n|-status|p2a: Kyurem|par\n|\n|upkeep\n|turn|18\n|inactive|Time left: 300 sec this turn | 300 sec total\n|\n|t:|1783564484\n|move|p1a: Banette|Poltergeist|p2a: Kyurem|[miss]\n|-miss|p1a: Banette|p2a: Kyurem\n|cant|p2a: Kyurem|par\n|\n|upkeep\n|turn|19\n|inactive|Time left: 300 sec this turn | 300 sec total\n|\n|t:|1783564485\n|move|p1a: Banette|Poltergeist|p2a: Kyurem\n|-activate|p2a: Kyurem|move: Poltergeist|Heavy-Duty Boots\n|-damage|p2a: Kyurem|0 fnt\n|faint|p2a: Kyurem\n|-damage|p1a: Banette|70/100|[from] item: Life Orb\n|\n|upkeep\n|inactive|Time left: 300 sec this turn | 300 sec total | 5 sec grace\n|\n|t:|1783564486\n|switch|p2a: Mienshao|Mienshao, L83, M|144/243\n|turn|20\n|inactive|Time left: 300 sec this turn | 300 sec total\n|\n|t:|1783564487\n|-terastallize|p1a: Banette|Ghost\n|move|p1a: Banette|Shadow Sneak|p2a: Mienshao\n|-damage|p2a: Mienshao|9/243\n|-damage|p1a: Banette|60/100|[from] item: Life Orb\n|move|p2a: Mienshao|Knock Off|p1a: Banette\n|-supereffective|p1a: Banette\n|-damage|p1a: Banette|0 fnt\n|-enditem|p1a: Banette|Life Orb|[from] move: Knock Off|[of] p2a: Mienshao\n|faint|p1a: Banette\n|\n|upkeep\n|\n|t:|1783564488\n|switch|p1a: Coalossal|Coalossal, L89, M|100/100\n|turn|21\n|inactive|Time left: 300 sec this turn | 300 sec total\n|\n|t:|1783564489\n|switch|p2a: Venomoth|Venomoth, L84, F|99/255\n|move|p1a: Coalossal|Spikes|p2a: Venomoth\n|-sidestart|p2: p0y21120cc2|Spikes\n|\n|upkeep\n|turn|22\n|inactive|Time left: 300 sec this turn | 300 sec total\n|\n|t:|1783564490\n|switch|p1a: Goodra|Goodra, L85, F|51/100\n|move|p2a: Venomoth|Sleep Powder|p1a: Goodra\n|-ability|p1a: Goodra|Sap Sipper|boost\n|-boost|p1a: Goodra|atk|1\n|\n|upkeep\n|turn|23\n|inactive|Time left: 300 sec this turn | 300 sec total\n|\n|t:|1783564491\n|switch|p2a: Mienshao|Mienshao, L83, M|9/243\n|-damage|p2a: Mienshao|0 fnt|[from] Spikes\n|faint|p2a: Mienshao\n|move|p1a: Goodra|Earthquake|p2: Mienshao|[notarget]\n|-fail|p1a: Goodra\n|\n|upkeep\n|inactive|Time left: 300 sec this turn | 300 sec total | 5 sec grace\n|\n|t:|1783564492\n|switch|p2a: Venomoth|Venomoth, L84, F|99/255\n|turn|24\n|inactive|Time left: 300 sec this turn | 300 sec total\n|\n|t:|1783564492\n|move|p2a: Venomoth|Sleep Powder|p1a: Goodra\n|-ability|p1a: Goodra|Sap Sipper|boost\n|-boost|p1a: Goodra|atk|1\n|move|p1a: Goodra|Knock Off|p2a: Venomoth\n|-damage|p2a: Venomoth|0 fnt\n|-enditem|p2a: Venomoth|Heavy-Duty Boots|[from] move: Knock Off|[of] p1a: Goodra\n|faint|p2a: Venomoth\n|\n|win|p0x2112c909", "uploadtime": 1783564492, "views": 0, "rating": 0, "private": 0, "password": null, "_winner": "p0x2112c909", "_our_name": "p0y21120cc2"}