{"id": "battle-gen9randombattle-1997", "formatid": "gen9randombattle", "format": "[Gen 9] Random Battle", "players": ["p0x1997ebb4", "p0y1997e0fb"], "log": "|init|battle\n|title|p0x1997ebb4 vs. p0y1997e0fb\n|j|\u2606p0x1997ebb4\n|j|\u2606p0y1997e0fb\n|t:|1783562376\n|gametype|singles\n|player|p1|p0x1997ebb4|102|\n|player|p2|p0y1997e0fb|101|\n|gen|9\n|tier|[Gen 9] Random Battle\n|rule|Species Clause: Limit one of each Pok\u00e9mon\n|rule|HP Percentage Mod: HP is shown in percentages\n|rule|Sleep Clause Mod: Limit one foe put to sleep\n|rule|Illusion Level Mod: Illusion disguises the Pok\u00e9mon's true level\n|\n|t:|1783562376\n|teamsize|p1|6\n|teamsize|p2|6\n|start\n|switch|p1a: Scizor|Scizor, L79, M|100/100\n|switch|p2a: Grumpig|Grumpig, L92, M|297/297\n|turn|1\n|inactive|Battle timer is ON: inactive players will automatically lose when time's up. (requested by p0x1997ebb4)\n|inactive|Time left: 300 sec this turn | 300 sec total | 60 sec grace\n|inactive|p0y1997e0fb also wants the timer to be on.\n|\n|t:|1783562378\n|move|p2a: Grumpig|Nasty Plot|p2a: Grumpig\n|-boost|p2a: Grumpig|spa|2\n|move|p1a: Scizor|U-turn|p2a: Grumpig\n|-supereffective|p2a: Grumpig\n|-damage|p2a: Grumpig|111/297\n|\n|t:|1783562378\n|switch|p1a: Staraptor|Staraptor, L79, M|100/100|[from] U-turn\n|\n|-heal|p2a: Grumpig|129/297|[from] item: Leftovers\n|upkeep\n|turn|2\n|inactive|Time left: 300 sec this turn | 300 sec total\n|\n|t:|1783562379\n|switch|p2a: Minior|Minior-Indigo, L79|224/224\n|-formechange|p2a: Minior|Minior-Meteor||[from] ability: Shields Down\n|move|p1a: Staraptor|Double-Edge|p2a: Minior\n|-resisted|p2a: Minior\n|-damage|p2a: Minior|106/224\n|-damage|p1a: Staraptor|86/100|[from] Recoil\n|\n|-formechange|p2a: Minior|Minior-Indigo||[from] ability: Shields Down\n|upkeep\n|turn|3\n|inactive|Time left: 300 sec this turn | 300 sec total\n|\n|t:|1783562380\n|move|p2a: Minior|Power Gem|p1a: Staraptor\n|-supereffective|p1a: Staraptor\n|-damage|p1a: Staraptor|1/100\n|move|p1a: Staraptor|Double-Edge|p2a: Minior\n|-resisted|p2a: Minior\n|-damage|p2a: Minior|0 fnt\n|faint|p2a: Minior\n|-damage|p1a: Staraptor|0 fnt|[from] Recoil\n|faint|p1a: Staraptor\n|\n|upkeep\n|inactive|Time left: 300 sec this turn | 300 sec total | 5 sec grace\n|\n|t:|1783562381\n|switch|p2a: Politoed|Politoed, L88, M|302/302\n|switch|p1a: Mabosstiff|Mabosstiff, L86, M|100/100\n|-weather|RainDance|[from] ability: Drizzle|[of] p2a: Politoed\n|turn|4\n|inactive|Time left: 300 sec this turn | 300 sec total\n|\n|t:|1783562383\n|move|p1a: Mabosstiff|Crunch|p2a: Politoed\n|-damage|p2a: Politoed|146/302\n|move|p2a: Politoed|Surf|p1a: Mabosstiff\n|-damage|p1a: Mabosstiff|36/100\n|\n|-weather|RainDance|[upkeep]\n|upkeep\n|turn|5\n|inactive|Time left: 300 sec this turn | 300 sec total\n|\n|t:|1783562384\n|switch|p2a: Zapdos|Zapdos-Galar, L77|265/265\n|move|p1a: Mabosstiff|Crunch|p2a: Zapdos\n|-resisted|p2a: Zapdos\n|-damage|p2a: Zapdos|97/265\n|\n|-weather|RainDance|[upkeep]\n|upkeep\n|turn|6\n|inactive|Time left: 300 sec this turn | 300 sec total\n|\n|t:|1783562385\n|move|p2a: Zapdos|Close Combat|p1a: Mabosstiff\n|-supereffective|p1a: Mabosstiff\n|-damage|p1a: Mabosstiff|0 fnt\n|-unboost|p2a: Zapdos|def|1\n|-unboost|p2a: Zapdos|spd|1\n|faint|p1a: Mabosstiff\n|\n|-weather|RainDance|[upkeep]\n|upkeep\n|\n|t:|1783562386\n|switch|p1a: Chimecho|Chimecho, L93, M|100/100\n|turn|7\n|inactive|Time left: 300 sec this turn | 300 sec total\n|\n|t:|1783562386\n|switch|p2a: Grumpig|Grumpig, L92, M|129/297\n|move|p1a: Chimecho|Cosmic Power|p1a: Chimecho\n|-boost|p1a: Chimecho|def|1\n|-boost|p1a: Chimecho|spd|1\n|\n|-weather|RainDance|[upkeep]\n|-heal|p2a: Grumpig|147/297|[from] item: Leftovers\n|upkeep\n|turn|8\n|inactive|Time left: 300 sec this turn | 300 sec total\n|\n|t:|1783562387\n|move|p2a: Grumpig|Nasty Plot|p2a: Grumpig\n|-boost|p2a: Grumpig|spa|2\n|move|p1a: Chimecho|Cosmic Power|p1a: Chimecho\n|-boost|p1a: Chimecho|def|1\n|-boost|p1a: Chimecho|spd|1\n|\n|-weather|none\n|-heal|p2a: Grumpig|165/297|[from] item: Leftovers\n|upkeep\n|turn|9\n|inactive|Time left: 300 sec this turn | 300 sec total\n|\n|t:|1783562388\n|move|p2a: Grumpig|Nasty Plot|p2a: Grumpig\n|-boost|p2a: Grumpig|spa|2\n|move|p1a: Chimecho|Cosmic Power|p1a: Chimecho\n|-boost|p1a: Chimecho|def|1\n|-boost|p1a: Chimecho|spd|1\n|\n|-heal|p2a: Grumpig|183/297|[from] item: Leftovers\n|upkeep\n|turn|10\n|inactive|Time left: 300 sec this turn | 300 sec total\n|\n|t:|1783562389\n|move|p2a: Grumpig|Shadow Ball|p1a: Chimecho\n|-supereffective|p1a: Chimecho\n|-damage|p1a: Chimecho|49/100\n|move|p1a: Chimecho|Stored Power|p2a: Grumpig\n|-resisted|p2a: Grumpig\n|-damage|p2a: Grumpig|118/297\n|\n|-heal|p2a: Grumpig|136/297|[from] item: Leftovers\n|-heal|p1a: Chimecho|56/100|[from] item: Leftovers\n|upkeep\n|turn|11\n|inactive|Time left: 300 sec this turn | 300 sec total\n|\n|t:|1783562390\n|move|p2a: Grumpig|Shadow Ball|p1a: Chimecho\n|-supereffective|p1a: Chimecho\n|-damage|p1a: Chimecho|11/100\n|move|p1a: Chimecho|Recover|p1a: Chimecho\n|-heal|p1a: Chimecho|61/100\n|\n|-heal|p2a: Grumpig|154/297|[from] item: Leftovers\n|-heal|p1a: Chimecho|67/100|[from] item: Leftovers\n|upkeep\n|turn|12\n|inactive|Time left: 300 sec this turn | 300 sec total\n|\n|t:|1783562392\n|move|p2a: Grumpig|Shadow Ball|p1a: Chimecho\n|-supereffective|p1a: Chimecho\n|-damage|p1a: Chimecho|16/100\n|-unboost|p1a: Chimecho|spd|1\n|move|p1a: Chimecho|Recover|p1a: Chimecho\n|-heal|p1a: Chimecho|66/100\n|\n|-heal|p2a: Grumpig|172/297|[from] item: Leftovers\n|-heal|p1a: Chimecho|72/100|[from] item: Leftovers\n|upkeep\n|turn|13\n|inactive|Time left: 300 sec this turn | 300 sec total\n|\n|t:|1783562393\n|move|p2a: Grumpig|Shadow Ball|p1a: Chimecho\n|-supereffective|p1a: Chimecho\n|-damage|p1a: Chimecho|17/100\n|move|p1a: Chimecho|Recover|p1a: Chimecho\n|-heal|p1a: Chimecho|67/100\n|\n|-heal|p2a: Grumpig|190/297|[from] item: Leftovers\n|-heal|p1a: Chimecho|73/100|[from] item: Leftovers\n|upkeep\n|turn|14\n|inactive|Time left: 300 sec this turn | 300 sec total\n|\n|t:|1783562394\n|move|p2a: Grumpig|Shadow Ball|p1a: Chimecho\n|-supereffective|p1a: Chimecho\n|-damage|p1a: Chimecho|12/100\n|move|p1a: Chimecho|Recover|p1a: Chimecho\n|-heal|p1a: Chimecho|62/100\n|\n|-heal|p2a: Grumpig|208/297|[from] item: Leftovers\n|-heal|p1a: Chimecho|68/100|[from] item: Leftovers\n|upkeep\n|turn|15\n|inactive|Time left: 300 sec this turn | 300 sec total\n|\n|t:|1783562395\n|move|p2a: Grumpig|Shadow Ball|p1a: Chimecho\n|-supereffective|p1a: Chimecho\n|-damage|p1a: Chimecho|13/100\n|move|p1a: Chimecho|Recover|p1a: Chimecho\n|-heal|p1a: Chimecho|63/100\n|\n|-heal|p2a: Grumpig|226/297|[from] item: Leftovers\n|-heal|p1a: Chimecho|69/100|[from] item: Leftovers\n|upkeep\n|turn|16\n|inactive|Time left: 300 sec this turn | 300 sec total\n|\n|t:|1783562396\n|move|p2a: Grumpig|Shadow Ball|p1a: Chimecho\n|-supereffective|p1a: Chimecho\n|-damage|p1a: Chimecho|6/100\n|move|p1a: Chimecho|Recover|p1a: Chimecho\n|-heal|p1a: Chimecho|56/100\n|\n|-heal|p2a: Grumpig|244/297|[from] item: Leftovers\n|-heal|p1a: Chimecho|62/100|[from] item: Leftovers\n|upkeep\n|turn|17\n|inactive|Time left: 300 sec this turn | 300 sec total\n|\n|t:|1783562398\n|move|p2a: Grumpig|Shadow Ball|p1a: Chimecho\n|-supereffective|p1a: Chimecho\n|-damage|p1a: Chimecho|7/100\n|move|p1a: Chimecho|Recover|p1a: Chimecho\n|-heal|p1a: Chimecho|57/100\n|\n|-heal|p2a: Grumpig|262/297|[from] item: Leftovers\n|-heal|p1a: Chimecho|63/100|[from] item: Leftovers\n|upkeep\n|turn|18\n|inactive|Time left: 300 sec this turn | 300 sec total\n|\n|t:|1783562399\n|move|p2a: Grumpig|Shadow Ball|p1a: Chimecho\n|-supereffective|p1a: Chimecho\n|-damage|p1a: Chimecho|7/100\n|move|p1a: Chimecho|Recover|p1a: Chimecho\n|-heal|p1a: Chimecho|57/100\n|\n|-heal|p2a: Grumpig|280/297|[from] item: Leftovers\n|-heal|p1a: Chimecho|63/100|[from] item: Leftovers\n|upkeep\n|turn|19\n|inactive|Time left: 300 sec this turn | 300 sec total\n|\n|t:|1783562400\n|move|p2a: Grumpig|Shadow Ball|p1a: Chimecho\n|-supereffective|p1a: Chimecho\n|-damage|p1a: Chimecho|9/100\n|move|p1a: Chimecho|Stored Power|p2a: Grumpig\n|-resisted|p2a: Grumpig\n|-damage|p2a: Grumpig|217/297\n|\n|-heal|p2a: Grumpig|235/297|[from] item: Leftovers\n|-heal|p1a: Chimecho|16/100|[from] item: Leftovers\n|upkeep\n|turn|20\n|inactive|Time left: 300 sec this turn | 300 sec total\n|\n|t:|1783562402\n|move|p2a: Grumpig|Psyshock|p1a: Chimecho\n|-resisted|p1a: Chimecho\n|-damage|p1a: Chimecho|0 fnt\n|faint|p1a: Chimecho\n|\n|-heal|p2a: Grumpig|253/297|[from] item: Leftovers\n|upkeep\n|\n|t:|1783562403\n|switch|p1a: Sableye|Sableye, L88, F|100/100\n|turn|21\n|inactive|Time left: 300 sec this turn | 300 sec total\n|\n|t:|1783562404\n|move|p1a: Sableye|Encore|p2a: Grumpig\n|-start|p2a: Grumpig|Encore\n|move|p2a: Grumpig|Psyshock|p1a: Sableye\n|-immune|p1a: Sableye\n|\n|-heal|p2a: Grumpig|271/297|[from] item: Leftovers\n|upkeep\n|turn|22\n|inactive|Time left: 300 sec this turn | 300 sec total\n|\n|t:|1783562405\n|move|p2a: Grumpig|Psyshock|p1a: Sableye\n|-immune|p1a: Sableye\n|move|p1a: Sableye|Knock Off|p2a: Grumpig\n|-supereffective|p2a: Grumpig\n|-damage|p2a: Grumpig|73/297\n|-enditem|p2a: Grumpig|Leftovers|[from] move: Knock Off|[of] p1a: Sableye\n|\n|upkeep\n|turn|23\n|inactive|Time left: 300 sec this turn | 300 sec total\n|\n|t:|1783562406\n|move|p2a: Grumpig|Psyshock|p1a: Sableye\n|-immune|p1a: Sableye\n|move|p1a: Sableye|Knock Off|p2a: Grumpig\n|-supereffective|p2a: Grumpig\n|-damage|p2a: Grumpig|0 fnt\n|faint|p2a: Grumpig\n|\n|upkeep\n|inactive|Time left: 300 sec this turn | 300 sec total | 5 sec grace\n|\n|t:|1783562407\n|switch|p2a: Serperior|Serperior, L79, M|248/248\n|turn|24\n|inactive|Time left: 300 sec this turn | 300 sec total\n|\n|t:|1783562408\n|switch|p1a: Scizor|Scizor, L79, M|100/100\n|move|p2a: Serperior|Leaf Storm|p1a: Scizor\n|-resisted|p1a: Scizor\n|-damage|p1a: Scizor|89/100\n|-boost|p2a: Serperior|spa|2\n|\n|-heal|p1a: Scizor|95/100|[from] item: Leftovers\n|upkeep\n|turn|25\n|inactive|Time left: 300 sec this turn | 300 sec total\n|\n|t:|1783562409\n|move|p2a: Serperior|Substitute|p2a: Serperior\n|-start|p2a: Serperior|Substitute\n|-damage|p2a: Serperior|186/248\n|move|p1a: Scizor|U-turn|p2a: Serperior\n|-supereffective|p2a: Serperior\n|-end|p2a: Serperior|Substitute\n|\n|t:|1783562410\n|switch|p1a: Sableye|Sableye, L88, F|100/100|[from] U-turn\n|\n|-heal|p2a: Serperior|201/248|[from] item: Leftovers\n|upkeep\n|turn|26\n|inactive|Time left: 300 sec this turn | 300 sec total\n|\n|t:|1783562411\n|move|p1a: Sableye|Encore|p2a: Serperior\n|-start|p2a: Serperior|Encore\n|move|p2a: Serperior|Substitute|p2a: Serperior\n|-start|p2a: Serperior|Substitute\n|-damage|p2a: Serperior|139/248\n|\n|-heal|p2a: Serperior|154/248|[from] item: Leftovers\n|upkeep\n|turn|27\n|inactive|Time left: 300 sec this turn | 300 sec total\n|\n|t:|1783562411\n|switch|p1a: Magcargo|Magcargo, L95, F|100/100\n|move|p2a: Serperior|Substitute|p2a: Serperior\n|-fail|p2a: Serperior|move: Substitute\n|\n|-heal|p2a: Serperior|169/248|[from] item: Leftovers\n|upkeep\n|turn|28\n|inactive|Time left: 300 sec this turn | 300 sec total\n|\n|t:|1783562412\n|switch|p2a: Politoed|Politoed, L88, M|146/302\n|-weather|RainDance|[from] ability: Drizzle|[of] p2a: Politoed\n|move|p1a: Magcargo|Power Gem|p2a: Politoed\n|-damage|p2a: Politoed|50/302\n|\n|-weather|RainDance|[upkeep]\n|upkeep\n|turn|29\n|inactive|Time left: 300 sec this turn | 300 sec total\n|\n|t:|1783562413\n|-terastallize|p1a: Magcargo|Dragon\n|move|p2a: Politoed|Surf|p1a: Magcargo\n|-resisted|p1a: Magcargo\n|-damage|p1a: Magcargo|72/100\n|move|p1a: Magcargo|Power Gem|p2a: Politoed\n|-damage|p2a: Politoed|0 fnt\n|faint|p2a: Politoed\n|\n|-weather|RainDance|[upkeep]\n|upkeep\n|inactive|Time left: 300 sec this turn | 300 sec total | 5 sec grace\n|\n|t:|1783562414\n|switch|p2a: Espeon|Espeon, L84, F|246/246\n|turn|30\n|inactive|Time left: 300 sec this turn | 300 sec total\n|\n|t:|1783562415\n|switch|p1a: Scizor|Scizor, L79, M|95/100\n|move|p2a: Espeon|Calm Mind|p2a: Espeon\n|-boost|p2a: Espeon|spa|1\n|-boost|p2a: Espeon|spd|1\n|\n|-weather|RainDance|[upkeep]\n|-heal|p1a: Scizor|100/100|[from] item: Leftovers\n|upkeep\n|turn|31\n|inactive|Time left: 300 sec this turn | 300 sec total\n|\n|t:|1783562416\n|move|p2a: Espeon|Psychic|p1a: Scizor\n|-resisted|p1a: Scizor\n|-damage|p1a: Scizor|41/100\n|-damage|p2a: Espeon|222/246|[from] item: Life Orb\n|move|p1a: Scizor|U-turn|p2a: Espeon\n|-supereffective|p2a: Espeon\n|-damage|p2a: Espeon|10/246\n|\n|t:|1783562417\n|switch|p1a: Sableye|Sableye, L88, F|100/100|[from] U-turn\n|\n|-weather|RainDance|[upkeep]\n|upkeep\n|turn|32\n|inactive|Time left: 300 sec this turn | 300 sec total\n|\n|t:|1783562418\n|switch|p1a: Scizor|Scizor, L79, M|41/100\n|move|p2a: Espeon|Alluring Voice|p1a: Scizor\n|-resisted|p1a: Scizor\n|-damage|p1a: Scizor|5/100\n|-damage|p2a: Espeon|0 fnt|[from] item: Life Orb\n|faint|p2a: Espeon\n|\n|-weather|none\n|-heal|p1a: Scizor|12/100|[from] item: Leftovers\n|upkeep\n|inactive|Time left: 300 sec this turn | 300 sec total | 5 sec grace\n|\n|t:|1783562419\n|switch|p2a: Serperior|Serperior, L79, M|169/248\n|turn|33\n|inactive|Time left: 300 sec this turn | 300 sec total\n|\n|t:|1783562420\n|-terastallize|p2a: Serperior|Grass\n|move|p2a: Serperior|Leaf Storm|p1a: Scizor\n|-resisted|p1a: Scizor\n|-damage|p1a: Scizor|0 fnt\n|-boost|p2a: Serperior|spa|2\n|faint|p1a: Scizor\n|\n|-heal|p2a: Serperior|184/248|[from] item: Leftovers\n|upkeep\n|\n|t:|1783562421\n|switch|p1a: Magcargo|Magcargo, L95, F, tera:Dragon|72/100\n|turn|34\n|inactive|Time left: 300 sec this turn | 300 sec total\n|\n|t:|1783562422\n|move|p2a: Serperior|Substitute|p2a: Serperior\n|-start|p2a: Serperior|Substitute\n|-damage|p2a: Serperior|122/248\n|move|p1a: Magcargo|Lava Plume|p2a: Serperior\n|-supereffective|p2a: Serperior\n|-crit|p2a: Serperior\n|-end|p2a: Serperior|Substitute\n|\n|-heal|p2a: Serperior|137/248|[from] item: Leftovers\n|upkeep\n|turn|35\n|inactive|Time left: 300 sec this turn | 300 sec total\n|\n|t:|1783562423\n|move|p2a: Serperior|Dragon Pulse|p1a: Magcargo\n|-supereffective|p1a: Magcargo\n|-damage|p1a: Magcargo|11/100\n|move|p1a: Magcargo|Lava Plume|p2a: Serperior\n|-supereffective|p2a: Serperior\n|-damage|p2a: Serperior|0 fnt\n|faint|p2a: Serperior\n|\n|upkeep\n|inactive|Time left: 300 sec this turn | 300 sec total | 5 sec grace\n|\n|t:|1783562424\n|switch|p2a: Zapdos|Zapdos-Galar, L77|97/265\n|turn|36\n|inactive|Time left: 300 sec this turn | 300 sec total\n|\n|t:|1783562424\n|move|p2a: Zapdos|U-turn|p1a: Magcargo\n|-damage|p1a: Magcargo|0 fnt\n|faint|p1a: Magcargo\n|\n|upkeep\n|\n|t:|1783562425\n|switch|p1a: Sableye|Sableye, L88, F|100/100\n|turn|37\n|inactive|Time left: 300 sec this turn | 300 sec total\n|\n|t:|1783562426\n|move|p2a: Zapdos|U-turn|p1a: Sableye\n|-damage|p1a: Sableye|78/100\n|move|p1a: Sableye|Knock Off|p2a: Zapdos\n|-resisted|p2a: Zapdos\n|-damage|p2a: Zapdos|43/265\n|-enditem|p2a: Zapdos|Choice Scarf|[from] move: Knock Off|[of] p1a: Sableye\n|\n|-heal|p1a: Sableye|84/100|[from] item: Leftovers\n|upkeep\n|turn|38\n|inactive|Time left: 300 sec this turn | 300 sec total\n|\n|t:|1783562427\n|move|p1a: Sableye|Will-O-Wisp|p2a: Zapdos\n|-status|p2a: Zapdos|brn\n|move|p2a: Zapdos|Knock Off|p1a: Sableye\n|-damage|p1a: Sableye|69/100\n|-enditem|p1a: Sableye|Leftovers|[from] move: Knock Off|[of] p2a: Zapdos\n|\n|-damage|p2a: Zapdos|27/265 brn|[from] brn\n|upkeep\n|turn|39\n|inactive|Time left: 300 sec this turn | 300 sec total\n|\n|t:|1783562428\n|move|p1a: Sableye|Recover|p1a: Sableye\n|-heal|p1a: Sableye|100/100\n|move|p2a: Zapdos|U-turn|p1a: Sableye\n|-damage|p1a: Sableye|89/100\n|\n|-damage|p2a: Zapdos|11/265 brn|[from] brn\n|upkeep\n|turn|40\n|inactive|Time left: 300 sec this turn | 300 sec total\n|\n|t:|1783562429\n|move|p1a: Sableye|Will-O-Wisp|p2a: Zapdos\n|-fail|p2a: Zapdos|brn\n|move|p2a: Zapdos|Close Combat|p1a: Sableye\n|-immune|p1a: Sableye\n|\n|-damage|p2a: Zapdos|0 fnt|[from] brn\n|faint|p2a: Zapdos\n|\n|win|p0x1997ebb4", "uploadtime": 1783562429, "views": 0, "rating": 0, "private": 0, "password": null, "_winner": "p0x1997ebb4", "_our_name": "p0y1997e0fb"}