{"id": "battle-gen9randombattle-2628", "formatid": "gen9randombattle", "format": "[Gen 9] Random Battle", "players": ["p0x2628aefd", "p0y2628c19e"], "log": "|init|battle\n|title|p0x2628aefd vs. p0y2628c19e\n|j|\u2606p0x2628aefd\n|j|\u2606p0y2628c19e\n|t:|1783570347\n|gametype|singles\n|player|p1|p0x2628aefd|102|\n|player|p2|p0y2628c19e|169|\n|gen|9\n|tier|[Gen 9] Random Battle\n|rule|Species Clause: Limit one of each Pok\u00e9mon\n|rule|HP Percentage Mod: HP is shown in percentages\n|rule|Sleep Clause Mod: Limit one foe put to sleep\n|rule|Illusion Level Mod: Illusion disguises the Pok\u00e9mon's true level\n|\n|t:|1783570347\n|teamsize|p1|6\n|teamsize|p2|6\n|start\n|switch|p1a: Annihilape|Annihilape, L76, M|100/100\n|switch|p2a: Porygon2|Porygon2, L81|270/270\n|-ability|p2a: Porygon2|Download|boost\n|-boost|p2a: Porygon2|atk|1\n|turn|1\n|inactive|Battle timer is ON: inactive players will automatically lose when time's up. (requested by p0x2628aefd)\n|inactive|Time left: 300 sec this turn | 300 sec total | 60 sec grace\n|\n|t:|1783570348\n|move|p1a: Annihilape|Bulk Up|p1a: Annihilape\n|-boost|p1a: Annihilape|atk|1\n|-boost|p1a: Annihilape|def|1\n|move|p2a: Porygon2|Tri Attack|p1a: Annihilape\n|-immune|p1a: Annihilape\n|\n|upkeep\n|turn|2\n|inactive|Time left: 300 sec this turn | 300 sec total\n|inactive|p0y2628c19e also wants the timer to be on.\n|\n|t:|1783570350\n|move|p1a: Annihilape|Drain Punch|p2a: Porygon2\n|-supereffective|p2a: Porygon2\n|-damage|p2a: Porygon2|112/270\n|move|p2a: Porygon2|Ice Beam|p1a: Annihilape\n|-damage|p1a: Annihilape|77/100\n|\n|upkeep\n|turn|3\n|inactive|Time left: 300 sec this turn | 300 sec total\n|\n|t:|1783570351\n|switch|p2a: Sunflora|Sunflora, F|312/312\n|move|p1a: Annihilape|Drain Punch|p2a: Sunflora\n|-damage|p2a: Sunflora|183/312\n|-heal|p1a: Annihilape|99/100|[from] drain|[of] p2a: Sunflora\n|\n|upkeep\n|turn|4\n|inactive|Time left: 300 sec this turn | 300 sec total\n|\n|t:|1783570352\n|move|p1a: Annihilape|Drain Punch|p2a: Sunflora\n|-damage|p2a: Sunflora|42/312\n|-heal|p1a: Annihilape|100/100|[from] drain|[of] p2a: Sunflora\n|move|p2a: Sunflora|Leaf Storm|p1a: Annihilape\n|-damage|p1a: Annihilape|0 fnt\n|-unboost|p2a: Sunflora|spa|2\n|faint|p1a: Annihilape\n|\n|upkeep\n|\n|t:|1783570353\n|switch|p1a: Shiftry|Shiftry, L89, M|100/100\n|turn|5\n|inactive|Time left: 300 sec this turn | 300 sec total\n|\n|t:|1783570354\n|switch|p2a: Porygon2|Porygon2, L81|112/270\n|-ability|p2a: Porygon2|Download|boost\n|-boost|p2a: Porygon2|spa|1\n|move|p1a: Shiftry|Knock Off|p2a: Porygon2\n|-damage|p2a: Porygon2|7/270\n|-enditem|p2a: Porygon2|Eviolite|[from] move: Knock Off|[of] p1a: Shiftry\n|-damage|p1a: Shiftry|91/100|[from] item: Life Orb\n|\n|upkeep\n|turn|6\n|inactive|Time left: 300 sec this turn | 300 sec total\n|\n|t:|1783570355\n|move|p1a: Shiftry|Knock Off|p2a: Porygon2\n|-damage|p2a: Porygon2|0 fnt\n|faint|p2a: Porygon2\n|-damage|p1a: Shiftry|81/100|[from] item: Life Orb\n|\n|upkeep\n|inactive|Time left: 300 sec this turn | 300 sec total | 5 sec grace\n|\n|t:|1783570356\n|switch|p2a: Hydreigon|Hydreigon, L79, M|275/275\n|turn|7\n|inactive|Time left: 300 sec this turn | 300 sec total\n|\n|t:|1783570357\n|move|p2a: Hydreigon|Draco Meteor|p1a: Shiftry\n|-damage|p1a: Shiftry|0 fnt\n|-unboost|p2a: Hydreigon|spa|2\n|faint|p1a: Shiftry\n|\n|upkeep\n|\n|t:|1783570358\n|switch|p1a: Skarmory|Skarmory, L80, F|100/100\n|turn|8\n|inactive|Time left: 300 sec this turn | 300 sec total\n|\n|t:|1783570359\n|switch|p2a: Goodra|Goodra, L85, F|292/292\n|move|p1a: Skarmory|Stealth Rock|p2a: Goodra\n|-sidestart|p2: p0y2628c19e|move: Stealth Rock\n|\n|upkeep\n|turn|9\n|inactive|Time left: 300 sec this turn | 300 sec total\n|\n|t:|1783570360\n|switch|p1a: Mightyena|Mightyena, L96, M|100/100\n|-ability|p1a: Mightyena|Intimidate|boost\n|-unboost|p2a: Goodra|atk|1\n|move|p2a: Goodra|Fire Blast|p1a: Mightyena\n|-damage|p1a: Mightyena|67/100\n|\n|-heal|p1a: Mightyena|73/100|[from] item: Leftovers\n|upkeep\n|turn|10\n|inactive|Time left: 300 sec this turn | 300 sec total\n|\n|t:|1783570362\n|switch|p2a: Iron Treads|Iron Treads, L77|265/265\n|-damage|p2a: Iron Treads|257/265|[from] Stealth Rock\n|move|p1a: Mightyena|Crunch|p2a: Iron Treads\n|-damage|p2a: Iron Treads|163/265\n|\n|-heal|p1a: Mightyena|79/100|[from] item: Leftovers\n|upkeep\n|turn|11\n|inactive|Time left: 300 sec this turn | 300 sec total\n|\n|t:|1783570363\n|move|p2a: Iron Treads|Rapid Spin|p1a: Mightyena\n|-damage|p1a: Mightyena|68/100\n|-boost|p2a: Iron Treads|spe|1\n|-sideend|p2: p0y2628c19e|Stealth Rock|[from] move: Rapid Spin|[of] p2a: Iron Treads\n|move|p1a: Mightyena|Crunch|p2a: Iron Treads\n|-damage|p2a: Iron Treads|78/265\n|-unboost|p2a: Iron Treads|def|1\n|\n|-heal|p1a: Mightyena|74/100|[from] item: Leftovers\n|upkeep\n|turn|12\n|inactive|Time left: 300 sec this turn | 300 sec total\n|\n|t:|1783570364\n|-end|p2a: Iron Treads|Quark Drive|[silent]\n|switch|p2a: Scizor|Scizor, L79, F|240/240\n|move|p1a: Mightyena|Crunch|p2a: Scizor\n|-damage|p2a: Scizor|147/240\n|\n|-heal|p1a: Mightyena|80/100|[from] item: Leftovers\n|upkeep\n|turn|13\n|inactive|Time left: 300 sec this turn | 300 sec total\n|\n|t:|1783570365\n|switch|p1a: Skarmory|Skarmory, L80, F|100/100\n|move|p2a: Scizor|U-turn|p1a: Skarmory\n|-resisted|p1a: Skarmory\n|-damage|p1a: Skarmory|91/100\n|inactive|Time left: 300 sec this turn | 300 sec total | 5 sec grace\n|\n|t:|1783570365\n|switch|p2a: Hydreigon|Hydreigon, L79, M|275/275|[from] U-turn\n|\n|-heal|p1a: Skarmory|97/100|[from] item: Leftovers\n|upkeep\n|turn|14\n|inactive|Time left: 300 sec this turn | 300 sec total\n|\n|t:|1783570366\n|move|p2a: Hydreigon|Dark Pulse|p1a: Skarmory\n|-damage|p1a: Skarmory|26/100\n|move|p1a: Skarmory|Body Press|p2a: Hydreigon\n|-supereffective|p2a: Hydreigon\n|-damage|p2a: Hydreigon|131/275\n|\n|-heal|p1a: Skarmory|32/100|[from] item: Leftovers\n|upkeep\n|turn|15\n|inactive|Time left: 300 sec this turn | 300 sec total\n|\n|t:|1783570367\n|switch|p1a: Mightyena|Mightyena, L96, M|80/100\n|-ability|p1a: Mightyena|Intimidate|boost\n|-unboost|p2a: Hydreigon|atk|1\n|move|p2a: Hydreigon|Dark Pulse|p1a: Mightyena\n|-resisted|p1a: Mightyena\n|-damage|p1a: Mightyena|52/100\n|\n|-heal|p1a: Mightyena|58/100|[from] item: Leftovers\n|upkeep\n|turn|16\n|inactive|Time left: 300 sec this turn | 300 sec total\n|\n|t:|1783570368\n|move|p2a: Hydreigon|Dark Pulse|p1a: Mightyena\n|-resisted|p1a: Mightyena\n|-damage|p1a: Mightyena|34/100\n|move|p1a: Mightyena|Poison Fang|p2a: Hydreigon\n|-damage|p2a: Hydreigon|85/275\n|-status|p2a: Hydreigon|tox\n|\n|-heal|p1a: Mightyena|40/100|[from] item: Leftovers\n|-damage|p2a: Hydreigon|68/275 tox|[from] psn\n|upkeep\n|turn|17\n|inactive|Time left: 300 sec this turn | 300 sec total\n|\n|t:|1783570369\n|move|p2a: Hydreigon|Dark Pulse|p1a: Mightyena\n|-resisted|p1a: Mightyena\n|-damage|p1a: Mightyena|14/100\n|move|p1a: Mightyena|Crunch|p2a: Hydreigon\n|-resisted|p2a: Hydreigon\n|-damage|p2a: Hydreigon|9/275 tox\n|-unboost|p2a: Hydreigon|def|1\n|\n|-heal|p1a: Mightyena|20/100|[from] item: Leftovers\n|-damage|p2a: Hydreigon|0 fnt|[from] psn\n|faint|p2a: Hydreigon\n|upkeep\n|inactive|Time left: 300 sec this turn | 300 sec total | 5 sec grace\n|\n|t:|1783570370\n|switch|p2a: Scizor|Scizor, L79, F|147/240\n|turn|18\n|inactive|Time left: 300 sec this turn | 300 sec total\n|\n|t:|1783570370\n|move|p1a: Mightyena|Sucker Punch|p2a: Scizor\n|-damage|p2a: Scizor|57/240\n|move|p2a: Scizor|Bullet Punch|p1a: Mightyena\n|-damage|p1a: Mightyena|0 fnt\n|faint|p1a: Mightyena\n|\n|upkeep\n|\n|t:|1783570371\n|switch|p1a: Skarmory|Skarmory, L80, F|32/100\n|turn|19\n|inactive|Time left: 300 sec this turn | 300 sec total\n|\n|t:|1783570372\n|switch|p2a: Goodra|Goodra, L85, F|292/292\n|move|p1a: Skarmory|Roost|p1a: Skarmory\n|-heal|p1a: Skarmory|82/100\n|-singleturn|p1a: Skarmory|move: Roost\n|\n|-heal|p1a: Skarmory|88/100|[from] item: Leftovers\n|upkeep\n|turn|20\n|inactive|Time left: 300 sec this turn | 300 sec total\n|\n|t:|1783570373\n|switch|p1a: Iron Boulder|Iron Boulder, L77|100/100\n|-enditem|p1a: Iron Boulder|Booster Energy\n|-activate|p1a: Iron Boulder|ability: Quark Drive|[fromitem]\n|-start|p1a: Iron Boulder|quarkdrivespe\n|move|p2a: Goodra|Fire Blast|p1a: Iron Boulder\n|-resisted|p1a: Iron Boulder\n|-damage|p1a: Iron Boulder|85/100\n|\n|upkeep\n|turn|21\n|inactive|Time left: 300 sec this turn | 300 sec total\n|\n|t:|1783570374\n|move|p1a: Iron Boulder|Mighty Cleave|p2a: Goodra\n|-damage|p2a: Goodra|184/292\n|move|p2a: Goodra|Scald|p1a: Iron Boulder\n|-supereffective|p1a: Iron Boulder\n|-damage|p1a: Iron Boulder|39/100\n|\n|upkeep\n|turn|22\n|inactive|Time left: 300 sec this turn | 300 sec total\n|\n|t:|1783570376\n|move|p1a: Iron Boulder|Mighty Cleave|p2a: Goodra\n|-damage|p2a: Goodra|58/292\n|move|p2a: Goodra|Scald|p1a: Iron Boulder\n|-supereffective|p1a: Iron Boulder\n|-damage|p1a: Iron Boulder|0 fnt\n|faint|p1a: Iron Boulder\n|-end|p1a: Iron Boulder|Quark Drive|[silent]\n|\n|upkeep\n|\n|t:|1783570377\n|switch|p1a: Skarmory|Skarmory, L80, F|88/100\n|turn|23\n|inactive|Time left: 300 sec this turn | 300 sec total\n|\n|t:|1783570378\n|-terastallize|p1a: Skarmory|Fighting\n|move|p2a: Goodra|Fire Blast|p1a: Skarmory\n|-damage|p1a: Skarmory|45/100\n|move|p1a: Skarmory|Body Press|p2a: Goodra\n|-damage|p2a: Goodra|0 fnt\n|faint|p2a: Goodra\n|\n|-heal|p1a: Skarmory|51/100|[from] item: Leftovers\n|upkeep\n|inactive|Time left: 300 sec this turn | 300 sec total | 5 sec grace\n|\n|t:|1783570379\n|switch|p2a: Iron Treads|Iron Treads, L77|78/265\n|turn|24\n|inactive|Time left: 300 sec this turn | 300 sec total\n|\n|t:|1783570380\n|move|p2a: Iron Treads|Iron Head|p1a: Skarmory\n|-damage|p1a: Skarmory|26/100\n|cant|p1a: Skarmory|flinch\n|\n|-heal|p1a: Skarmory|32/100|[from] item: Leftovers\n|upkeep\n|turn|25\n|inactive|Time left: 300 sec this turn | 300 sec total\n|\n|t:|1783570381\n|move|p2a: Iron Treads|Earthquake|p1a: Skarmory\n|-damage|p1a: Skarmory|1/100\n|move|p1a: Skarmory|Roost|p1a: Skarmory\n|-heal|p1a: Skarmory|51/100\n|\n|-heal|p1a: Skarmory|57/100|[from] item: Leftovers\n|upkeep\n|turn|26\n|inactive|Time left: 300 sec this turn | 300 sec total\n|\n|t:|1783570382\n|move|p2a: Iron Treads|Iron Head|p1a: Skarmory\n|-damage|p1a: Skarmory|32/100\n|move|p1a: Skarmory|Roost|p1a: Skarmory\n|-heal|p1a: Skarmory|82/100\n|\n|-heal|p1a: Skarmory|88/100|[from] item: Leftovers\n|upkeep\n|turn|27\n|inactive|Time left: 300 sec this turn | 300 sec total\n|\n|t:|1783570383\n|move|p2a: Iron Treads|Iron Head|p1a: Skarmory\n|-damage|p1a: Skarmory|62/100\n|move|p1a: Skarmory|Body Press|p2a: Iron Treads\n|-supereffective|p2a: Iron Treads\n|-damage|p2a: Iron Treads|0 fnt\n|faint|p2a: Iron Treads\n|-end|p2a: Iron Treads|Quark Drive|[silent]\n|\n|-heal|p1a: Skarmory|68/100|[from] item: Leftovers\n|upkeep\n|inactive|Time left: 300 sec this turn | 300 sec total | 5 sec grace\n|\n|t:|1783570384\n|switch|p2a: Scizor|Scizor, L79, F|57/240\n|turn|28\n|inactive|Time left: 300 sec this turn | 300 sec total\n|\n|t:|1783570385\n|move|p2a: Scizor|Bullet Punch|p1a: Skarmory\n|-damage|p1a: Skarmory|34/100\n|move|p1a: Skarmory|Body Press|p2a: Scizor\n|-damage|p2a: Scizor|0 fnt\n|faint|p2a: Scizor\n|\n|-heal|p1a: Skarmory|40/100|[from] item: Leftovers\n|upkeep\n|inactive|Time left: 300 sec this turn | 300 sec total | 5 sec grace\n|\n|t:|1783570386\n|switch|p2a: Sunflora|Sunflora, F|42/312\n|turn|29\n|inactive|Time left: 300 sec this turn | 300 sec total\n|\n|t:|1783570387\n|-terastallize|p2a: Sunflora|Grass\n|move|p1a: Skarmory|Brave Bird|p2a: Sunflora\n|-supereffective|p2a: Sunflora\n|-damage|p2a: Sunflora|0 fnt\n|faint|p2a: Sunflora\n|-damage|p1a: Skarmory|34/100|[from] Recoil\n|\n|win|p0x2628aefd", "uploadtime": 1783570387, "views": 0, "rating": 0, "private": 0, "password": null, "_winner": "p0x2628aefd", "_our_name": "p0y2628c19e"}