{"id": "battle-gen9randombattle-2511", "formatid": "gen9randombattle", "format": "[Gen 9] Random Battle", "players": ["p0x2511ab1d", "p0y251120a1"], "log": "|init|battle\n|title|p0x2511ab1d vs. p0y251120a1\n|j|\u2606p0x2511ab1d\n|j|\u2606p0y251120a1\n|t:|1783568123\n|gametype|singles\n|player|p1|p0x2511ab1d|169|\n|player|p2|p0y251120a1|101|\n|gen|9\n|tier|[Gen 9] Random Battle\n|rule|Species Clause: Limit one of each Pok\u00e9mon\n|rule|HP Percentage Mod: HP is shown in percentages\n|rule|Sleep Clause Mod: Limit one foe put to sleep\n|rule|Illusion Level Mod: Illusion disguises the Pok\u00e9mon's true level\n|\n|t:|1783568123\n|teamsize|p1|6\n|teamsize|p2|6\n|start\n|switch|p1a: Magmortar|Magmortar, L88, F|275/275\n|switch|p2a: Latios|Latios, L78, M|100/100\n|turn|1\n|inactive|Battle timer is ON: inactive players will automatically lose when time's up. (requested by p0x2511ab1d)\n|inactive|p0y251120a1 also wants the timer to be on.\n|\n|t:|1783568125\n|move|p2a: Latios|Luster Purge|p1a: Magmortar\n|-damage|p1a: Magmortar|149/275\n|move|p1a: Magmortar|Fire Blast|p2a: Latios\n|-resisted|p2a: Latios\n|-damage|p2a: Latios|75/100\n|\n|upkeep\n|turn|2\n|inactive|Time left: 300 sec this turn | 300 sec total\n|\n|t:|1783568126\n|move|p2a: Latios|Draco Meteor|p1a: Magmortar\n|-damage|p1a: Magmortar|0 fnt\n|-unboost|p2a: Latios|spa|2\n|faint|p1a: Magmortar\n|\n|upkeep\n|inactive|Time left: 300 sec this turn | 300 sec total | 5 sec grace\n|\n|t:|1783568127\n|switch|p1a: Flapple|Flapple, L88, F|266/266\n|turn|3\n|inactive|Time left: 300 sec this turn | 300 sec total\n|\n|t:|1783568128\n|switch|p2a: Tauros|Tauros-Paldea-Aqua, L81, M|100/100\n|-ability|p2a: Tauros|Intimidate|boost\n|-unboost|p1a: Flapple|atk|1\n|move|p1a: Flapple|Dragon Dance|p1a: Flapple\n|-boost|p1a: Flapple|atk|1\n|-boost|p1a: Flapple|spe|1\n|\n|upkeep\n|turn|4\n|inactive|Time left: 300 sec this turn | 300 sec total\n|\n|t:|1783568129\n|move|p1a: Flapple|Outrage|p2a: Tauros\n|-damage|p2a: Tauros|14/100\n|move|p2a: Tauros|Close Combat|p1a: Flapple\n|-crit|p1a: Flapple\n|-damage|p1a: Flapple|0 fnt\n|-unboost|p2a: Tauros|def|1\n|-unboost|p2a: Tauros|spd|1\n|faint|p1a: Flapple\n|\n|upkeep\n|inactive|Time left: 300 sec this turn | 300 sec total | 5 sec grace\n|\n|t:|1783568130\n|switch|p1a: Vileplume|Vileplume, L85, F|266/266\n|turn|5\n|inactive|Time left: 300 sec this turn | 300 sec total\n|\n|t:|1783568131\n|move|p2a: Tauros|Close Combat|p1a: Vileplume\n|-resisted|p1a: Vileplume\n|-damage|p1a: Vileplume|174/266\n|-unboost|p2a: Tauros|def|1\n|-unboost|p2a: Tauros|spd|1\n|move|p1a: Vileplume|Giga Drain|p2a: Tauros\n|-supereffective|p2a: Tauros\n|-damage|p2a: Tauros|0 fnt\n|-heal|p1a: Vileplume|191/266|[from] drain|[of] p2a: Tauros\n|faint|p2a: Tauros\n|\n|-heal|p1a: Vileplume|207/266|[from] item: Leftovers\n|upkeep\n|\n|t:|1783568132\n|switch|p2a: Vivillon|Vivillon-Garden, L83, F|100/100\n|turn|6\n|inactive|Time left: 300 sec this turn | 300 sec total\n|\n|t:|1783568133\n|move|p2a: Vivillon|Hurricane|p1a: Vileplume\n|-supereffective|p1a: Vileplume\n|-damage|p1a: Vileplume|9/266\n|move|p1a: Vileplume|Strength Sap|p2a: Vivillon\n|-unboost|p2a: Vivillon|atk|1\n|-heal|p1a: Vileplume|100/266\n|\n|-heal|p1a: Vileplume|116/266|[from] item: Leftovers\n|upkeep\n|turn|7\n|inactive|Time left: 300 sec this turn | 300 sec total\n|\n|t:|1783568134\n|move|p2a: Vivillon|Hurricane|p1a: Vileplume\n|-supereffective|p1a: Vileplume\n|-damage|p1a: Vileplume|0 fnt\n|faint|p1a: Vileplume\n|\n|upkeep\n|inactive|Time left: 300 sec this turn | 300 sec total | 5 sec grace\n|\n|t:|1783568135\n|switch|p1a: Azelf|Azelf, L82|257/257\n|turn|8\n|inactive|Time left: 300 sec this turn | 300 sec total\n|\n|t:|1783568135\n|switch|p2a: Dipplin|Dipplin, L88, M|100/100\n|move|p1a: Azelf|Fire Blast|p2a: Dipplin|[miss]\n|-miss|p1a: Azelf|p2a: Dipplin\n|\n|upkeep\n|turn|9\n|inactive|Time left: 300 sec this turn | 300 sec total\n|\n|t:|1783568136\n|move|p1a: Azelf|Psychic|p2a: Dipplin\n|-damage|p2a: Dipplin|65/100\n|-damage|p1a: Azelf|232/257|[from] item: Life Orb\n|move|p2a: Dipplin|Dragon Pulse|p1a: Azelf\n|-damage|p1a: Azelf|123/257\n|\n|upkeep\n|turn|10\n|inactive|Time left: 300 sec this turn | 300 sec total\n|\n|t:|1783568137\n|move|p1a: Azelf|Taunt|p2a: Dipplin\n|-start|p2a: Dipplin|move: Taunt\n|move|p2a: Dipplin|Giga Drain|p1a: Azelf\n|-damage|p1a: Azelf|20/257\n|-heal|p2a: Dipplin|83/100|[from] drain|[of] p1a: Azelf\n|\n|upkeep\n|turn|11\n|inactive|Time left: 300 sec this turn | 300 sec total\n|\n|t:|1783568138\n|move|p1a: Azelf|Explosion|p2a: Dipplin\n|-damage|p2a: Dipplin|33/100\n|faint|p1a: Azelf\n|move|p2a: Dipplin|Dragon Pulse|p1: Azelf|[notarget]\n|-fail|p2a: Dipplin\n|\n|upkeep\n|inactive|Time left: 300 sec this turn | 300 sec total | 5 sec grace\n|\n|t:|1783568139\n|switch|p1a: Giratina|Giratina-Origin, L72|335/335\n|turn|12\n|inactive|Time left: 300 sec this turn | 300 sec total\n|\n|t:|1783568140\n|move|p1a: Giratina|Poltergeist|p2a: Dipplin\n|-activate|p2a: Dipplin|move: Poltergeist|Eviolite\n|-damage|p2a: Dipplin|8/100\n|move|p2a: Dipplin|Dragon Pulse|p1a: Giratina\n|-supereffective|p1a: Giratina\n|-crit|p1a: Giratina\n|-damage|p1a: Giratina|23/335\n|\n|-end|p2a: Dipplin|move: Taunt\n|upkeep\n|turn|13\n|inactive|Time left: 300 sec this turn | 300 sec total\n|\n|t:|1783568141\n|move|p2a: Dipplin|Sucker Punch|p1a: Giratina\n|-supereffective|p1a: Giratina\n|-damage|p1a: Giratina|0 fnt\n|faint|p1a: Giratina\n|\n|upkeep\n|inactive|Time left: 300 sec this turn | 300 sec total | 5 sec grace\n|\n|t:|1783568142\n|switch|p1a: Rotom|Rotom-Wash, L82|216/216\n|turn|14\n|inactive|Time left: 300 sec this turn | 300 sec total\n|\n|t:|1783568143\n|-terastallize|p1a: Rotom|Electric\n|move|p1a: Rotom|Thunderbolt|p2a: Dipplin\n|-resisted|p2a: Dipplin\n|-damage|p2a: Dipplin|0 fnt\n|faint|p2a: Dipplin\n|\n|upkeep\n|\n|t:|1783568144\n|switch|p2a: Latios|Latios, L78, M|75/100\n|turn|15\n|inactive|Time left: 300 sec this turn | 300 sec total\n|\n|t:|1783568145\n|move|p2a: Latios|Luster Purge|p1a: Rotom\n|-damage|p1a: Rotom|107/216\n|move|p1a: Rotom|Thunderbolt|p2a: Latios\n|-resisted|p2a: Latios\n|-damage|p2a: Latios|54/100\n|-status|p2a: Latios|par\n|\n|-heal|p1a: Rotom|120/216|[from] item: Leftovers\n|upkeep\n|turn|16\n|inactive|Time left: 300 sec this turn | 300 sec total\n|\n|t:|1783568146\n|move|p1a: Rotom|Hydro Pump|p2a: Latios\n|-resisted|p2a: Latios\n|-damage|p2a: Latios|34/100 par\n|cant|p2a: Latios|par\n|\n|-heal|p1a: Rotom|133/216|[from] item: Leftovers\n|upkeep\n|turn|17\n|inactive|Time left: 300 sec this turn | 300 sec total\n|\n|t:|1783568147\n|move|p1a: Rotom|Thunderbolt|p2a: Latios\n|-resisted|p2a: Latios\n|-damage|p2a: Latios|10/100 par\n|move|p2a: Latios|Draco Meteor|p1a: Rotom\n|-damage|p1a: Rotom|0 fnt\n|-unboost|p2a: Latios|spa|2\n|faint|p1a: Rotom\n|\n|win|p0y251120a1", "uploadtime": 1783568147, "views": 0, "rating": 0, "private": 0, "password": null, "_winner": "p0y251120a1", "_our_name": "p0x2511ab1d"}