{"id": "battle-gen9randombattle-1769", "formatid": "gen9randombattle", "format": "[Gen 9] Random Battle", "players": ["p0x17690f2a", "p0y17699e89"], "log": "|init|battle\n|title|p0x17690f2a vs. p0y17699e89\n|j|\u2606p0x17690f2a\n|j|\u2606p0y17699e89\n|t:|1783559744\n|gametype|singles\n|player|p1|p0x17690f2a|101|\n|player|p2|p0y17699e89|266|\n|gen|9\n|tier|[Gen 9] Random Battle\n|rule|Species Clause: Limit one of each Pok\u00e9mon\n|rule|HP Percentage Mod: HP is shown in percentages\n|rule|Sleep Clause Mod: Limit one foe put to sleep\n|rule|Illusion Level Mod: Illusion disguises the Pok\u00e9mon's true level\n|\n|t:|1783559744\n|teamsize|p1|6\n|teamsize|p2|6\n|start\n|switch|p1a: Emboar|Emboar, L84, M|322/322\n|switch|p2a: Araquanid|Araquanid, L82, F|100/100\n|turn|1\n|inactive|Battle timer is ON: inactive players will automatically lose when time's up. (requested by p0x17690f2a)\n|inactive|p0y17699e89 also wants the timer to be on.\n|\n|t:|1783559746\n|move|p1a: Emboar|Wild Charge|p2a: Araquanid\n|-supereffective|p2a: Araquanid\n|-damage|p2a: Araquanid|0 fnt\n|faint|p2a: Araquanid\n|-damage|p1a: Emboar|260/322|[from] Recoil\n|\n|upkeep\n|\n|t:|1783559746\n|switch|p2a: Poliwrath|Poliwrath, L88, M|100/100\n|turn|2\n|inactive|Time left: 300 sec this turn | 300 sec total\n|\n|t:|1783559747\n|switch|p1a: Primarina|Primarina, L83, M|268/268\n|move|p2a: Poliwrath|Bitter Malice|p1a: Primarina\n|-damage|p1a: Primarina|153/268\n|-unboost|p1a: Primarina|atk|1\n|\n|-heal|p1a: Primarina|169/268|[from] item: Leftovers\n|upkeep\n|turn|3\n|inactive|Time left: 300 sec this turn | 300 sec total\n|\n|t:|1783559748\n|move|p2a: Poliwrath|Bitter Malice|p1a: Primarina\n|-damage|p1a: Primarina|54/268\n|-unboost|p1a: Primarina|atk|1\n|move|p1a: Primarina|Sparkling Aria|p2a: Poliwrath\n|-damage|p2a: Poliwrath|0 fnt\n|replace|p2a: Zoroark|Zoroark-Hisui, L80, M\n|-end|p2a: Zoroark|Illusion\n|-hint|Illusion Level Mod is active, so this Pok\u00e9mon's true level was hidden.\n|faint|p2a: Zoroark\n|\n|-heal|p1a: Primarina|70/268|[from] item: Leftovers\n|upkeep\n|\n|t:|1783559749\n|switch|p2a: Magnezone|Magnezone, L85|100/100\n|turn|4\n|inactive|Time left: 300 sec this turn | 300 sec total\n|\n|t:|1783559750\n|switch|p1a: Spidops|Spidops, L96, F|271/271\n|move|p2a: Magnezone|Discharge|p1a: Spidops\n|-damage|p1a: Spidops|168/271\n|\n|upkeep\n|turn|5\n|inactive|Time left: 300 sec this turn | 300 sec total\n|\n|t:|1783559751\n|move|p2a: Magnezone|Discharge|p1a: Spidops\n|-damage|p1a: Spidops|77/271\n|-status|p1a: Spidops|par\n|move|p1a: Spidops|Sticky Web|p2a: Magnezone\n|-sidestart|p2: p0y17699e89|move: Sticky Web\n|\n|upkeep\n|turn|6\n|inactive|Time left: 300 sec this turn | 300 sec total\n|\n|t:|1783559752\n|switch|p1a: Emboar|Emboar, L84, M|260/322\n|move|p2a: Magnezone|Flash Cannon|p1a: Emboar\n|-resisted|p1a: Emboar\n|-damage|p1a: Emboar|191/322\n|\n|upkeep\n|turn|7\n|inactive|Time left: 300 sec this turn | 300 sec total\n|\n|t:|1783559753\n|switch|p2a: Wyrdeer|Wyrdeer, L87, F|100/100\n|-activate|p2a: Wyrdeer|move: Sticky Web\n|-unboost|p2a: Wyrdeer|spe|1\n|-ability|p2a: Wyrdeer|Intimidate|boost\n|-unboost|p1a: Emboar|atk|1\n|move|p1a: Emboar|Flare Blitz|p2a: Wyrdeer\n|-damage|p2a: Wyrdeer|41/100\n|-damage|p1a: Emboar|128/322|[from] Recoil\n|\n|-heal|p2a: Wyrdeer|47/100|[from] item: Leftovers\n|upkeep\n|turn|8\n|inactive|Time left: 300 sec this turn | 300 sec total\n|\n|t:|1783559755\n|move|p1a: Emboar|Flare Blitz|p2a: Wyrdeer\n|-damage|p2a: Wyrdeer|0 fnt\n|faint|p2a: Wyrdeer\n|-damage|p1a: Emboar|79/322|[from] Recoil\n|\n|upkeep\n|\n|t:|1783559756\n|switch|p2a: Scyther|Scyther, L82, M|100/100\n|turn|9\n|inactive|Time left: 300 sec this turn | 300 sec total\n|\n|t:|1783559757\n|move|p2a: Scyther|Dual Wingbeat|p1a: Emboar\n|-supereffective|p1a: Emboar\n|-damage|p1a: Emboar|0 fnt\n|faint|p1a: Emboar\n|-hitcount|p1: Emboar|1\n|\n|upkeep\n|inactive|Time left: 300 sec this turn | 300 sec total | 5 sec grace\n|\n|t:|1783559758\n|switch|p1a: Toucannon|Toucannon, L88, M|284/284\n|turn|10\n|inactive|Time left: 300 sec this turn | 300 sec total\n|\n|t:|1783559759\n|switch|p2a: Magnezone|Magnezone, L85|100/100\n|-activate|p2a: Magnezone|move: Sticky Web\n|-unboost|p2a: Magnezone|spe|1\n|-singleturn|p1a: Toucannon|move: Beak Blast\n|move|p1a: Toucannon|Beak Blast|p2a: Magnezone\n|-resisted|p2a: Magnezone\n|-damage|p2a: Magnezone|90/100\n|\n|-heal|p2a: Magnezone|96/100|[from] item: Leftovers\n|upkeep\n|turn|11\n|inactive|Time left: 300 sec this turn | 300 sec total\n|\n|t:|1783559760\n|move|p1a: Toucannon|Knock Off|p2a: Magnezone\n|-crit|p2a: Magnezone\n|-damage|p2a: Magnezone|54/100\n|-enditem|p2a: Magnezone|Leftovers|[from] move: Knock Off|[of] p1a: Toucannon\n|move|p2a: Magnezone|Discharge|p1a: Toucannon\n|-supereffective|p1a: Toucannon\n|-damage|p1a: Toucannon|36/284\n|\n|upkeep\n|turn|12\n|inactive|Time left: 300 sec this turn | 300 sec total\n|\n|t:|1783559761\n|move|p1a: Toucannon|Boomburst|p2a: Magnezone\n|-resisted|p2a: Magnezone\n|-damage|p2a: Magnezone|28/100\n|move|p2a: Magnezone|Flash Cannon|p1a: Toucannon\n|-damage|p1a: Toucannon|0 fnt\n|faint|p1a: Toucannon\n|\n|upkeep\n|inactive|Time left: 300 sec this turn | 300 sec total | 5 sec grace\n|\n|t:|1783559762\n|switch|p1a: Primarina|Primarina, L83, M|70/268\n|turn|13\n|inactive|Time left: 300 sec this turn | 300 sec total\n|\n|t:|1783559763\n|move|p1a: Primarina|Sparkling Aria|p2a: Magnezone\n|-damage|p2a: Magnezone|0 fnt\n|faint|p2a: Magnezone\n|\n|-heal|p1a: Primarina|86/268|[from] item: Leftovers\n|upkeep\n|\n|t:|1783559764\n|switch|p2a: Scyther|Scyther, L82, M|100/100\n|turn|14\n|inactive|Time left: 300 sec this turn | 300 sec total\n|\n|t:|1783559765\n|move|p2a: Scyther|Dual Wingbeat|p1a: Primarina\n|-damage|p1a: Primarina|4/268\n|-damage|p1a: Primarina|0 fnt\n|faint|p1a: Primarina\n|-hitcount|p1: Primarina|2\n|\n|upkeep\n|inactive|Time left: 300 sec this turn | 300 sec total | 5 sec grace\n|\n|t:|1783559767\n|switch|p1a: Hawlucha|Hawlucha, L80, F|256/256\n|turn|15\n|inactive|Time left: 300 sec this turn | 300 sec total\n|\n|t:|1783559768\n|move|p1a: Hawlucha|Brave Bird|p2a: Scyther\n|-supereffective|p2a: Scyther\n|-damage|p2a: Scyther|0 fnt\n|faint|p2a: Scyther\n|-damage|p1a: Hawlucha|174/256|[from] Recoil\n|\n|upkeep\n|\n|t:|1783559769\n|switch|p2a: Poliwrath|Poliwrath, L88, M|100/100\n|-activate|p2a: Poliwrath|move: Sticky Web\n|-unboost|p2a: Poliwrath|spe|1\n|turn|16\n|inactive|Time left: 300 sec this turn | 300 sec total\n|\n|t:|1783559770\n|move|p1a: Hawlucha|Brave Bird|p2a: Poliwrath\n|-supereffective|p2a: Poliwrath\n|-damage|p2a: Poliwrath|39/100\n|-damage|p1a: Hawlucha|113/256|[from] Recoil\n|move|p2a: Poliwrath|Circle Throw|p1a: Hawlucha\n|-resisted|p1a: Hawlucha\n|-damage|p1a: Hawlucha|74/256\n|drag|p1a: Spidops|Spidops, L96, F|77/271 par\n|\n|upkeep\n|turn|17\n|inactive|Time left: 300 sec this turn | 300 sec total\n|\n|t:|1783559771\n|switch|p1a: Tyranitar|Tyranitar, L78, M|284/284\n|-weather|Sandstorm|[from] ability: Sand Stream|[of] p1a: Tyranitar\n|move|p2a: Poliwrath|Circle Throw|p1a: Tyranitar\n|-supereffective|p1a: Tyranitar\n|-damage|p1a: Tyranitar|16/284\n|-enditem|p1a: Tyranitar|Weakness Policy\n|-boost|p1a: Tyranitar|atk|2|[from] item: Weakness Policy\n|-boost|p1a: Tyranitar|spa|2|[from] item: Weakness Policy\n|drag|p1a: Hawlucha|Hawlucha, L80, F|74/256\n|\n|-weather|Sandstorm|[upkeep]\n|-damage|p1a: Hawlucha|58/256|[from] Sandstorm\n|-damage|p2a: Poliwrath|33/100|[from] Sandstorm\n|upkeep\n|turn|18\n|inactive|Time left: 300 sec this turn | 300 sec total\n|\n|t:|1783559772\n|move|p1a: Hawlucha|Brave Bird|p2a: Poliwrath\n|-supereffective|p2a: Poliwrath\n|-damage|p2a: Poliwrath|0 fnt\n|faint|p2a: Poliwrath\n|-damage|p1a: Hawlucha|26/256|[from] Recoil\n|\n|win|p0x17690f2a", "uploadtime": 1783559772, "views": 0, "rating": 0, "private": 0, "password": null, "_winner": "p0x17690f2a", "_our_name": "p0x17690f2a"}