{"id": "battle-gen9randombattle-1285", "formatid": "gen9randombattle", "format": "[Gen 9] Random Battle", "players": ["p0x12850c3f", "p0y1285392d"], "log": "|init|battle\n|title|p0x12850c3f vs. p0y1285392d\n|j|\u2606p0x12850c3f\n|j|\u2606p0y1285392d\n|t:|1783554927\n|gametype|singles\n|player|p1|p0x12850c3f|170|\n|player|p2|p0y1285392d|101|\n|gen|9\n|tier|[Gen 9] Random Battle\n|rule|Species Clause: Limit one of each Pok\u00e9mon\n|rule|HP Percentage Mod: HP is shown in percentages\n|rule|Sleep Clause Mod: Limit one foe put to sleep\n|rule|Illusion Level Mod: Illusion disguises the Pok\u00e9mon's true level\n|\n|t:|1783554927\n|teamsize|p1|6\n|teamsize|p2|6\n|start\n|switch|p1a: Cryogonal|Cryogonal, L89|287/287\n|switch|p2a: Arceus|Arceus-Fighting, L70|100/100\n|turn|1\n|inactive|Battle timer is ON: inactive players will automatically lose when time's up. (requested by p0x12850c3f)\n|\n|t:|1783554928\n|switch|p1a: Chesnaught|Chesnaught, L84, F|285/285\n|move|p2a: Arceus|Body Press|p1a: Chesnaught\n|-damage|p1a: Chesnaught|215/285\n|\n|-heal|p1a: Chesnaught|232/285|[from] item: Leftovers\n|upkeep\n|turn|2\n|inactive|Time left: 300 sec this turn | 300 sec total\n|inactive|p0y1285392d also wants the timer to be on.\n|\n|t:|1783554929\n|move|p2a: Arceus|Iron Defense|p2a: Arceus\n|-boost|p2a: Arceus|def|2\n|move|p1a: Chesnaught|Iron Defense|p1a: Chesnaught\n|-boost|p1a: Chesnaught|def|2\n|\n|-heal|p1a: Chesnaught|249/285|[from] item: Leftovers\n|upkeep\n|turn|3\n|inactive|Time left: 300 sec this turn | 300 sec total\n|\n|t:|1783554930\n|move|p2a: Arceus|Iron Defense|p2a: Arceus\n|-boost|p2a: Arceus|def|2\n|move|p1a: Chesnaught|Body Press|p2a: Arceus\n|-damage|p2a: Arceus|77/100\n|\n|-heal|p1a: Chesnaught|266/285|[from] item: Leftovers\n|upkeep\n|turn|4\n|inactive|Time left: 300 sec this turn | 300 sec total\n|\n|t:|1783554931\n|move|p2a: Arceus|Body Press|p1a: Chesnaught\n|-damage|p1a: Chesnaught|160/285\n|move|p1a: Chesnaught|Trailblaze|p2a: Arceus\n|-damage|p2a: Arceus|71/100\n|-boost|p1a: Chesnaught|spe|1\n|\n|-heal|p1a: Chesnaught|177/285|[from] item: Leftovers\n|upkeep\n|turn|5\n|inactive|Time left: 300 sec this turn | 300 sec total\n|\n|t:|1783554932\n|move|p1a: Chesnaught|Synthesis|p1a: Chesnaught\n|-heal|p1a: Chesnaught|285/285\n|move|p2a: Arceus|Body Press|p1a: Chesnaught\n|-damage|p1a: Chesnaught|185/285\n|\n|-heal|p1a: Chesnaught|202/285|[from] item: Leftovers\n|upkeep\n|turn|6\n|inactive|Time left: 300 sec this turn | 300 sec total\n|\n|t:|1783554933\n|move|p1a: Chesnaught|Trailblaze|p2a: Arceus\n|-damage|p2a: Arceus|64/100\n|-boost|p1a: Chesnaught|spe|1\n|move|p2a: Arceus|Body Press|p1a: Chesnaught\n|-damage|p1a: Chesnaught|106/285\n|\n|-heal|p1a: Chesnaught|123/285|[from] item: Leftovers\n|upkeep\n|turn|7\n|inactive|Time left: 300 sec this turn | 300 sec total\n|\n|t:|1783554935\n|move|p1a: Chesnaught|Synthesis|p1a: Chesnaught\n|-heal|p1a: Chesnaught|265/285\n|move|p2a: Arceus|Body Press|p1a: Chesnaught\n|-damage|p1a: Chesnaught|172/285\n|\n|-heal|p1a: Chesnaught|189/285|[from] item: Leftovers\n|upkeep\n|turn|8\n|inactive|Time left: 300 sec this turn | 300 sec total\n|\n|t:|1783554936\n|move|p1a: Chesnaught|Iron Defense|p1a: Chesnaught\n|-boost|p1a: Chesnaught|def|2\n|move|p2a: Arceus|Recover|p2a: Arceus\n|-heal|p2a: Arceus|100/100\n|\n|-heal|p1a: Chesnaught|206/285|[from] item: Leftovers\n|upkeep\n|turn|9\n|inactive|Time left: 300 sec this turn | 300 sec total\n|\n|t:|1783554936\n|move|p1a: Chesnaught|Body Press|p2a: Arceus\n|-damage|p2a: Arceus|66/100\n|move|p2a: Arceus|Body Press|p1a: Chesnaught\n|-damage|p1a: Chesnaught|134/285\n|\n|-heal|p1a: Chesnaught|151/285|[from] item: Leftovers\n|upkeep\n|turn|10\n|inactive|Time left: 300 sec this turn | 300 sec total\n|\n|t:|1783554938\n|move|p1a: Chesnaught|Body Press|p2a: Arceus\n|-damage|p2a: Arceus|31/100\n|move|p2a: Arceus|Recover|p2a: Arceus\n|-heal|p2a: Arceus|81/100\n|\n|-heal|p1a: Chesnaught|168/285|[from] item: Leftovers\n|upkeep\n|turn|11\n|inactive|Time left: 300 sec this turn | 300 sec total\n|\n|t:|1783554939\n|move|p1a: Chesnaught|Body Press|p2a: Arceus\n|-crit|p2a: Arceus\n|-damage|p2a: Arceus|0 fnt\n|faint|p2a: Arceus\n|\n|-heal|p1a: Chesnaught|185/285|[from] item: Leftovers\n|upkeep\n|\n|t:|1783554939\n|switch|p2a: Zapdos|Zapdos, L78|100/100\n|turn|12\n|inactive|Time left: 300 sec this turn | 300 sec total\n|\n|t:|1783554941\n|move|p1a: Chesnaught|Body Press|p2a: Zapdos\n|-resisted|p2a: Zapdos\n|-crit|p2a: Zapdos\n|-damage|p2a: Zapdos|1/100\n|move|p2a: Zapdos|Hurricane|p1a: Chesnaught\n|-supereffective|p1a: Chesnaught\n|-damage|p1a: Chesnaught|0 fnt\n|faint|p1a: Chesnaught\n|\n|upkeep\n|inactive|Time left: 300 sec this turn | 300 sec total | 5 sec grace\n|\n|t:|1783554942\n|switch|p1a: Spectrier|Spectrier, L75|274/274\n|turn|13\n|inactive|Time left: 300 sec this turn | 300 sec total\n|\n|t:|1783554943\n|switch|p2a: Braviary|Braviary, L85, M|100/100\n|move|p1a: Spectrier|Shadow Ball|p2a: Braviary\n|-immune|p2a: Braviary\n|\n|upkeep\n|turn|14\n|inactive|Time left: 300 sec this turn | 300 sec total\n|\n|t:|1783554944\n|move|p1a: Spectrier|Nasty Plot|p1a: Spectrier\n|-boost|p1a: Spectrier|spa|2\n|move|p2a: Braviary|Bulk Up|p2a: Braviary\n|-boost|p2a: Braviary|atk|1\n|-boost|p2a: Braviary|def|1\n|\n|upkeep\n|turn|15\n|inactive|Time left: 300 sec this turn | 300 sec total\n|\n|t:|1783554945\n|move|p1a: Spectrier|Substitute|p1a: Spectrier\n|-start|p1a: Spectrier|Substitute\n|-damage|p1a: Spectrier|206/274\n|move|p2a: Braviary|Brave Bird|p1a: Spectrier\n|-end|p1a: Spectrier|Substitute\n|-damage|p2a: Braviary|93/100|[from] Recoil|[of] p1a: Spectrier\n|\n|-heal|p1a: Spectrier|223/274|[from] item: Leftovers\n|upkeep\n|turn|16\n|inactive|Time left: 300 sec this turn | 300 sec total\n|\n|t:|1783554946\n|move|p1a: Spectrier|Substitute|p1a: Spectrier\n|-start|p1a: Spectrier|Substitute\n|-damage|p1a: Spectrier|155/274\n|move|p2a: Braviary|Brave Bird|p1a: Spectrier\n|-end|p1a: Spectrier|Substitute\n|-damage|p2a: Braviary|86/100|[from] Recoil|[of] p1a: Spectrier\n|\n|-heal|p1a: Spectrier|172/274|[from] item: Leftovers\n|upkeep\n|turn|17\n|inactive|Time left: 300 sec this turn | 300 sec total\n|\n|t:|1783554947\n|move|p1a: Spectrier|Substitute|p1a: Spectrier\n|-start|p1a: Spectrier|Substitute\n|-damage|p1a: Spectrier|104/274\n|move|p2a: Braviary|Brave Bird|p1a: Spectrier\n|-end|p1a: Spectrier|Substitute\n|-damage|p2a: Braviary|79/100|[from] Recoil|[of] p1a: Spectrier\n|\n|-heal|p1a: Spectrier|121/274|[from] item: Leftovers\n|upkeep\n|turn|18\n|inactive|Time left: 300 sec this turn | 300 sec total\n|\n|t:|1783554948\n|move|p1a: Spectrier|Substitute|p1a: Spectrier\n|-start|p1a: Spectrier|Substitute\n|-damage|p1a: Spectrier|53/274\n|move|p2a: Braviary|Brave Bird|p1a: Spectrier\n|-end|p1a: Spectrier|Substitute\n|-damage|p2a: Braviary|72/100|[from] Recoil|[of] p1a: Spectrier\n|\n|-heal|p1a: Spectrier|70/274|[from] item: Leftovers\n|upkeep\n|turn|19\n|inactive|Time left: 300 sec this turn | 300 sec total\n|\n|t:|1783554949\n|-terastallize|p1a: Spectrier|Fighting\n|move|p1a: Spectrier|Tera Blast|p2a: Braviary|[anim] Tera Blast Fighting\n|-damage|p2a: Braviary|7/100\n|move|p2a: Braviary|Brave Bird|p1a: Spectrier\n|-supereffective|p1a: Spectrier\n|-damage|p1a: Spectrier|0 fnt\n|faint|p1a: Spectrier\n|-damage|p2a: Braviary|0 fnt|[from] Recoil\n|faint|p2a: Braviary\n|\n|upkeep\n|inactive|Time left: 300 sec this turn | 300 sec total | 5 sec grace\n|\n|t:|1783554950\n|switch|p1a: Zekrom|Zekrom, L71|259/259\n|switch|p2a: Lanturn|Lanturn, L89, F|100/100\n|-ability|p1a: Zekrom|Teravolt\n|turn|20\n|inactive|Time left: 300 sec this turn | 300 sec total\n|\n|t:|1783554951\n|move|p2a: Lanturn|Scald|p1a: Zekrom\n|-resisted|p1a: Zekrom\n|-damage|p1a: Zekrom|214/259\n|-status|p1a: Zekrom|brn\n|move|p1a: Zekrom|Dragon Dance|p1a: Zekrom\n|-boost|p1a: Zekrom|atk|1\n|-boost|p1a: Zekrom|spe|1\n|\n|-heal|p1a: Zekrom|230/259 brn|[from] item: Leftovers\n|-damage|p1a: Zekrom|214/259 brn|[from] brn\n|upkeep\n|turn|21\n|inactive|Time left: 300 sec this turn | 300 sec total\n|\n|t:|1783554952\n|switch|p2a: Lucario|Lucario, L84, F|100/100\n|move|p1a: Zekrom|Outrage|p2a: Lucario\n|-resisted|p2a: Lucario\n|-damage|p2a: Lucario|79/100\n|\n|-heal|p1a: Zekrom|230/259 brn|[from] item: Leftovers\n|-damage|p1a: Zekrom|214/259 brn|[from] brn\n|upkeep\n|turn|22\n|inactive|Time left: 300 sec this turn | 300 sec total\n|\n|t:|1783554953\n|move|p1a: Zekrom|Outrage|p2a: Lucario|[from] lockedmove\n|-resisted|p2a: Lucario\n|-damage|p2a: Lucario|57/100\n|move|p2a: Lucario|Focus Blast|p1a: Zekrom|[miss]\n|-miss|p2a: Lucario|p1a: Zekrom\n|\n|-heal|p1a: Zekrom|230/259 brn|[from] item: Leftovers\n|-damage|p1a: Zekrom|214/259 brn|[from] brn\n|upkeep\n|turn|23\n|inactive|Time left: 300 sec this turn | 300 sec total\n|\n|t:|1783554954\n|move|p1a: Zekrom|Outrage|p2a: Lucario|[from] lockedmove\n|-resisted|p2a: Lucario\n|-damage|p2a: Lucario|33/100\n|-start|p1a: Zekrom|confusion|[fatigue]\n|move|p2a: Lucario|Focus Blast|p1a: Zekrom\n|-damage|p1a: Zekrom|29/259 brn\n|-damage|p2a: Lucario|23/100|[from] item: Life Orb\n|\n|-heal|p1a: Zekrom|45/259 brn|[from] item: Leftovers\n|-damage|p1a: Zekrom|29/259 brn|[from] brn\n|upkeep\n|turn|24\n|inactive|Time left: 300 sec this turn | 300 sec total\n|\n|t:|1783554955\n|move|p2a: Lucario|Vacuum Wave|p1a: Zekrom\n|-damage|p1a: Zekrom|0 fnt\n|faint|p1a: Zekrom\n|-damage|p2a: Lucario|13/100|[from] item: Life Orb\n|\n|upkeep\n|inactive|Time left: 300 sec this turn | 300 sec total | 5 sec grace\n|\n|t:|1783554957\n|switch|p1a: Cryogonal|Cryogonal, L89|287/287\n|turn|25\n|inactive|Time left: 300 sec this turn | 300 sec total\n|\n|t:|1783554958\n|move|p1a: Cryogonal|Freeze-Dry|p2a: Lucario\n|-resisted|p2a: Lucario\n|-damage|p2a: Lucario|0 fnt\n|faint|p2a: Lucario\n|\n|upkeep\n|\n|t:|1783554959\n|switch|p2a: Lanturn|Lanturn, L89, F|100/100\n|turn|26\n|inactive|Time left: 300 sec this turn | 300 sec total\n|\n|t:|1783554959\n|move|p1a: Cryogonal|Freeze-Dry|p2a: Lanturn\n|-supereffective|p2a: Lanturn\n|-damage|p2a: Lanturn|53/100\n|move|p2a: Lanturn|Thunder Wave|p1a: Cryogonal|[miss]\n|-miss|p2a: Lanturn|p1a: Cryogonal\n|\n|upkeep\n|turn|27\n|inactive|Time left: 300 sec this turn | 300 sec total\n|\n|t:|1783554961\n|move|p1a: Cryogonal|Freeze-Dry|p2a: Lanturn\n|-supereffective|p2a: Lanturn\n|-damage|p2a: Lanturn|10/100\n|-status|p2a: Lanturn|frz\n|cant|p2a: Lanturn|frz\n|\n|upkeep\n|turn|28\n|inactive|Time left: 300 sec this turn | 300 sec total\n|\n|t:|1783554962\n|move|p1a: Cryogonal|Freeze-Dry|p2a: Lanturn\n|-supereffective|p2a: Lanturn\n|-damage|p2a: Lanturn|0 fnt\n|faint|p2a: Lanturn\n|\n|upkeep\n|\n|t:|1783554963\n|switch|p2a: Luvdisc|Luvdisc, F|100/100\n|turn|29\n|inactive|Time left: 300 sec this turn | 300 sec total\n|\n|t:|1783554964\n|move|p2a: Luvdisc|Substitute|p2a: Luvdisc\n|-start|p2a: Luvdisc|Substitute\n|-damage|p2a: Luvdisc|76/100\n|move|p1a: Cryogonal|Freeze-Dry|p2a: Luvdisc\n|-supereffective|p2a: Luvdisc\n|-end|p2a: Luvdisc|Substitute\n|\n|upkeep\n|turn|30\n|inactive|Time left: 300 sec this turn | 300 sec total\n|\n|t:|1783554964\n|move|p2a: Luvdisc|Substitute|p2a: Luvdisc\n|-start|p2a: Luvdisc|Substitute\n|-damage|p2a: Luvdisc|51/100\n|move|p1a: Cryogonal|Freeze-Dry|p2a: Luvdisc\n|-supereffective|p2a: Luvdisc\n|-end|p2a: Luvdisc|Substitute\n|\n|upkeep\n|turn|31\n|inactive|Time left: 300 sec this turn | 300 sec total\n|\n|t:|1783554965\n|move|p2a: Luvdisc|Substitute|p2a: Luvdisc\n|-start|p2a: Luvdisc|Substitute\n|-damage|p2a: Luvdisc|26/100\n|move|p1a: Cryogonal|Freeze-Dry|p2a: Luvdisc\n|-supereffective|p2a: Luvdisc\n|-end|p2a: Luvdisc|Substitute\n|\n|upkeep\n|turn|32\n|inactive|Time left: 300 sec this turn | 300 sec total\n|\n|t:|1783554966\n|move|p2a: Luvdisc|Substitute|p2a: Luvdisc\n|-start|p2a: Luvdisc|Substitute\n|-damage|p2a: Luvdisc|2/100\n|move|p1a: Cryogonal|Freeze-Dry|p2a: Luvdisc\n|-supereffective|p2a: Luvdisc\n|-end|p2a: Luvdisc|Substitute\n|\n|upkeep\n|turn|33\n|inactive|Time left: 300 sec this turn | 300 sec total\n|\n|t:|1783554967\n|-terastallize|p2a: Luvdisc|Ghost\n|move|p2a: Luvdisc|Substitute|p2a: Luvdisc\n|-fail|p2a: Luvdisc|move: Substitute|[weak]\n|move|p1a: Cryogonal|Flash Cannon|p2a: Luvdisc\n|-damage|p2a: Luvdisc|0 fnt\n|faint|p2a: Luvdisc\n|\n|upkeep\n|\n|t:|1783554967\n|switch|p2a: Zapdos|Zapdos, L78|1/100\n|turn|34\n|inactive|Time left: 300 sec this turn | 300 sec total\n|\n|t:|1783554968\n|move|p1a: Cryogonal|Flash Cannon|p2a: Zapdos\n|-resisted|p2a: Zapdos\n|-damage|p2a: Zapdos|0 fnt\n|faint|p2a: Zapdos\n|\n|win|p0x12850c3f", "uploadtime": 1783554968, "views": 0, "rating": 0, "private": 0, "password": null, "_winner": "p0x12850c3f", "_our_name": "p0x12850c3f"}