{"id": "battle-gen9randombattle-1455", "formatid": "gen9randombattle", "format": "[Gen 9] Random Battle", "players": ["p0x1455108f", "p0y145535f6"], "log": "|init|battle\n|title|p0x1455108f vs. p0y145535f6\n|j|\u2606p0x1455108f\n|j|\u2606p0y145535f6\n|t:|1783556943\n|gametype|singles\n|player|p1|p0x1455108f|170|\n|player|p2|p0y145535f6|265|\n|gen|9\n|tier|[Gen 9] Random Battle\n|rule|Species Clause: Limit one of each Pok\u00e9mon\n|rule|HP Percentage Mod: HP is shown in percentages\n|rule|Sleep Clause Mod: Limit one foe put to sleep\n|rule|Illusion Level Mod: Illusion disguises the Pok\u00e9mon's true level\n|\n|t:|1783556943\n|teamsize|p1|6\n|teamsize|p2|6\n|start\n|switch|p1a: Cyclizar|Cyclizar, L84, M|100/100\n|switch|p2a: Kyurem|Kyurem-White, L73|303/303\n|-ability|p2a: Kyurem|Turboblaze\n|turn|1\n|inactive|Battle timer is ON: inactive players will automatically lose when time's up. (requested by p0y145535f6)\n|inactive|p0x1455108f also wants the timer to be on.\n|\n|t:|1783556944\n|switch|p1a: Sylveon|Sylveon, L85, F|100/100\n|move|p2a: Kyurem|Ice Beam|p1a: Sylveon\n|-damage|p1a: Sylveon|57/100\n|\n|-heal|p1a: Sylveon|63/100|[from] item: Leftovers\n|upkeep\n|turn|2\n|inactive|Time left: 300 sec this turn | 300 sec total\n|\n|t:|1783556945\n|move|p2a: Kyurem|Ice Beam|p1a: Sylveon\n|-damage|p1a: Sylveon|23/100\n|move|p1a: Sylveon|Hyper Voice|p2a: Kyurem\n|-supereffective|p2a: Kyurem\n|-damage|p2a: Kyurem|21/303\n|\n|-heal|p1a: Sylveon|29/100|[from] item: Leftovers\n|upkeep\n|turn|3\n|inactive|Time left: 300 sec this turn | 300 sec total\n|\n|t:|1783556946\n|move|p1a: Sylveon|Protect|p1a: Sylveon\n|-singleturn|p1a: Sylveon|Protect\n|move|p2a: Kyurem|Ice Beam|p1a: Sylveon\n|-activate|p1a: Sylveon|move: Protect\n|\n|-heal|p1a: Sylveon|35/100|[from] item: Leftovers\n|upkeep\n|turn|4\n|inactive|Time left: 300 sec this turn | 300 sec total\n|\n|t:|1783556947\n|move|p2a: Kyurem|Ice Beam|p1a: Sylveon\n|-damage|p1a: Sylveon|0 fnt\n|faint|p1a: Sylveon\n|\n|upkeep\n|\n|t:|1783556948\n|switch|p1a: Mewtwo|Mewtwo, L72|100/100\n|-ability|p1a: Mewtwo|Pressure\n|turn|5\n|inactive|Time left: 300 sec this turn | 300 sec total\n|\n|t:|1783556948\n|switch|p2a: Qwilfish|Qwilfish-Hisui, L83, F|244/244\n|-ability|p2a: Qwilfish|Intimidate|boost\n|-unboost|p1a: Mewtwo|atk|1\n|-terastallize|p1a: Mewtwo|Fire\n|move|p1a: Mewtwo|Nasty Plot|p1a: Mewtwo\n|-boost|p1a: Mewtwo|spa|2\n|\n|upkeep\n|turn|6\n|inactive|Time left: 300 sec this turn | 300 sec total\n|\n|t:|1783556949\n|switch|p2a: Kyurem|Kyurem-White, L73|21/303\n|-ability|p2a: Kyurem|Turboblaze\n|move|p1a: Mewtwo|Fire Blast|p2a: Kyurem\n|-damage|p2a: Kyurem|0 fnt\n|faint|p2a: Kyurem\n|-damage|p1a: Mewtwo|91/100|[from] item: Life Orb\n|\n|upkeep\n|inactive|Time left: 300 sec this turn | 300 sec total | 5 sec grace\n|\n|t:|1783556950\n|switch|p2a: Probopass|Probopass, L91, F|257/257\n|turn|7\n|inactive|Time left: 300 sec this turn | 300 sec total\n|\n|t:|1783556951\n|move|p1a: Mewtwo|Fire Blast|p2a: Probopass\n|-damage|p2a: Probopass|62/257\n|-damage|p1a: Mewtwo|81/100|[from] item: Life Orb\n|move|p2a: Probopass|Power Gem|p1a: Mewtwo\n|-supereffective|p1a: Mewtwo\n|-damage|p1a: Mewtwo|14/100\n|\n|-heal|p2a: Probopass|78/257|[from] item: Leftovers\n|upkeep\n|turn|8\n|inactive|Time left: 300 sec this turn | 300 sec total\n|\n|t:|1783556953\n|move|p1a: Mewtwo|Psystrike|p2a: Probopass\n|-resisted|p2a: Probopass\n|-damage|p2a: Probopass|0 fnt\n|faint|p2a: Probopass\n|-damage|p1a: Mewtwo|4/100|[from] item: Life Orb\n|\n|upkeep\n|inactive|Time left: 300 sec this turn | 300 sec total | 5 sec grace\n|\n|t:|1783556954\n|switch|p2a: Qwilfish|Qwilfish-Hisui, L83, F|244/244\n|-ability|p2a: Qwilfish|Intimidate|boost\n|-unboost|p1a: Mewtwo|atk|1\n|turn|9\n|inactive|Time left: 300 sec this turn | 300 sec total\n|\n|t:|1783556955\n|move|p1a: Mewtwo|Fire Blast|p2a: Qwilfish\n|-damage|p2a: Qwilfish|0 fnt\n|faint|p2a: Qwilfish\n|-damage|p1a: Mewtwo|0 fnt|[from] item: Life Orb\n|faint|p1a: Mewtwo\n|\n|upkeep\n|inactive|Time left: 300 sec this turn | 300 sec total | 5 sec grace\n|\n|t:|1783556956\n|switch|p1a: Umbreon|Umbreon, L84, F|100/100\n|switch|p2a: Landorus|Landorus, L75, M|257/257\n|turn|10\n|inactive|Time left: 300 sec this turn | 300 sec total\n|\n|t:|1783556957\n|switch|p2a: Heracross|Heracross, L80, M|259/259\n|move|p1a: Umbreon|Foul Play|p2a: Heracross\n|-resisted|p2a: Heracross\n|-damage|p2a: Heracross|191/259\n|\n|-status|p2a: Heracross|brn|[from] item: Flame Orb\n|upkeep\n|turn|11\n|inactive|Time left: 300 sec this turn | 300 sec total\n|\n|t:|1783556958\n|move|p1a: Umbreon|Protect|p1a: Umbreon\n|-singleturn|p1a: Umbreon|Protect\n|move|p2a: Heracross|Close Combat|p1a: Umbreon\n|-activate|p1a: Umbreon|move: Protect\n|\n|-damage|p2a: Heracross|175/259 brn|[from] brn\n|upkeep\n|turn|12\n|inactive|Time left: 300 sec this turn | 300 sec total\n|\n|t:|1783556959\n|switch|p1a: Iron Leaves|Iron Leaves, L80|100/100\n|move|p2a: Heracross|Close Combat|p1a: Iron Leaves\n|-resisted|p1a: Iron Leaves\n|-damage|p1a: Iron Leaves|59/100\n|-unboost|p2a: Heracross|def|1\n|-unboost|p2a: Heracross|spd|1\n|\n|-damage|p2a: Heracross|159/259 brn|[from] brn\n|upkeep\n|turn|13\n|inactive|Time left: 300 sec this turn | 300 sec total\n|\n|t:|1783556960\n|switch|p2a: Wyrdeer|Wyrdeer, L87, F|321/321\n|-ability|p2a: Wyrdeer|Intimidate|boost\n|-unboost|p1a: Iron Leaves|atk|1\n|move|p1a: Iron Leaves|Psyblade|p2a: Wyrdeer\n|-resisted|p2a: Wyrdeer\n|-damage|p2a: Wyrdeer|270/321\n|-damage|p1a: Iron Leaves|50/100|[from] item: Life Orb\n|\n|-heal|p2a: Wyrdeer|290/321|[from] item: Leftovers\n|upkeep\n|turn|14\n|inactive|Time left: 300 sec this turn | 300 sec total\n|\n|t:|1783556961\n|-end|p1a: Iron Leaves|Quark Drive|[silent]\n|switch|p1a: Rayquaza|Rayquaza, L72|100/100\n|-ability|p1a: Rayquaza|Air Lock\n|move|p2a: Wyrdeer|Body Slam|p1a: Rayquaza\n|-damage|p1a: Rayquaza|55/100\n|\n|-heal|p2a: Wyrdeer|310/321|[from] item: Leftovers\n|upkeep\n|turn|15\n|inactive|Time left: 300 sec this turn | 300 sec total\n|\n|t:|1783556962\n|move|p1a: Rayquaza|Swords Dance|p1a: Rayquaza\n|-boost|p1a: Rayquaza|atk|2\n|move|p2a: Wyrdeer|Body Slam|p1a: Rayquaza\n|-damage|p1a: Rayquaza|16/100\n|\n|-heal|p2a: Wyrdeer|321/321|[from] item: Leftovers\n|upkeep\n|turn|16\n|inactive|Time left: 300 sec this turn | 300 sec total\n|\n|t:|1783556963\n|move|p1a: Rayquaza|Dragon Ascent|p2a: Wyrdeer\n|-damage|p2a: Wyrdeer|33/321\n|-unboost|p1a: Rayquaza|def|1\n|-unboost|p1a: Rayquaza|spd|1\n|move|p2a: Wyrdeer|Psychic Noise|p1a: Rayquaza\n|-damage|p1a: Rayquaza|0 fnt\n|faint|p1a: Rayquaza\n|\n|-heal|p2a: Wyrdeer|53/321|[from] item: Leftovers\n|upkeep\n|\n|t:|1783556964\n|switch|p1a: Iron Leaves|Iron Leaves, L80|50/100\n|turn|17\n|inactive|Time left: 300 sec this turn | 300 sec total\n|\n|t:|1783556965\n|move|p1a: Iron Leaves|Psyblade|p2a: Wyrdeer\n|-resisted|p2a: Wyrdeer\n|-damage|p2a: Wyrdeer|0 fnt\n|faint|p2a: Wyrdeer\n|-damage|p1a: Iron Leaves|40/100|[from] item: Life Orb\n|\n|upkeep\n|inactive|Time left: 300 sec this turn | 300 sec total | 5 sec grace\n|\n|t:|1783556966\n|switch|p2a: Landorus|Landorus, L75, M|257/257\n|turn|18\n|inactive|Time left: 300 sec this turn | 300 sec total\n|\n|t:|1783556967\n|move|p1a: Iron Leaves|Psyblade|p2a: Landorus\n|-damage|p2a: Landorus|119/257\n|-damage|p1a: Iron Leaves|30/100|[from] item: Life Orb\n|move|p2a: Landorus|Sludge Wave|p1a: Iron Leaves\n|-supereffective|p1a: Iron Leaves\n|-damage|p1a: Iron Leaves|0 fnt\n|faint|p1a: Iron Leaves\n|-end|p1a: Iron Leaves|Quark Drive|[silent]\n|\n|upkeep\n|\n|t:|1783556968\n|switch|p1a: Cyclizar|Cyclizar, L84, M|100/100\n|turn|19\n|inactive|Time left: 300 sec this turn | 300 sec total\n|\n|t:|1783556969\n|move|p1a: Cyclizar|Draco Meteor|p2a: Landorus\n|-damage|p2a: Landorus|0 fnt\n|-unboost|p1a: Cyclizar|spa|2\n|faint|p2a: Landorus\n|\n|upkeep\n|inactive|Time left: 300 sec this turn | 300 sec total | 5 sec grace\n|\n|t:|1783556970\n|switch|p2a: Heracross|Heracross, L80, M|159/259 brn\n|turn|20\n|inactive|Time left: 300 sec this turn | 300 sec total\n|\n|t:|1783556970\n|move|p1a: Cyclizar|Shed Tail|p1a: Cyclizar\n|-start|p1a: Cyclizar|Substitute|[from] move: Shed Tail\n|-damage|p1a: Cyclizar|50/100\n|\n|t:|1783556971\n|switch|p1a: Umbreon|Umbreon, L84, F|100/100|[from] Shed Tail\n|move|p2a: Heracross|Facade|p1a: Umbreon\n|-end|p1a: Umbreon|Substitute\n|\n|-damage|p2a: Heracross|143/259 brn|[from] brn\n|upkeep\n|turn|21\n|inactive|Time left: 300 sec this turn | 300 sec total\n|\n|t:|1783556972\n|move|p1a: Umbreon|Protect|p1a: Umbreon\n|-singleturn|p1a: Umbreon|Protect\n|move|p2a: Heracross|Trailblaze|p1a: Umbreon\n|-activate|p1a: Umbreon|move: Protect\n|\n|-damage|p2a: Heracross|127/259 brn|[from] brn\n|upkeep\n|turn|22\n|inactive|Time left: 300 sec this turn | 300 sec total\n|\n|t:|1783556973\n|move|p2a: Heracross|Close Combat|p1a: Umbreon\n|-supereffective|p1a: Umbreon\n|-damage|p1a: Umbreon|0 fnt\n|-unboost|p2a: Heracross|def|1\n|-unboost|p2a: Heracross|spd|1\n|faint|p1a: Umbreon\n|\n|-damage|p2a: Heracross|111/259 brn|[from] brn\n|upkeep\n|\n|t:|1783556974\n|switch|p1a: Cyclizar|Cyclizar, L84, M|84/100\n|turn|23\n|inactive|Time left: 300 sec this turn | 300 sec total\n|\n|t:|1783556975\n|move|p1a: Cyclizar|Draco Meteor|p2a: Heracross\n|-damage|p2a: Heracross|0 fnt\n|-unboost|p1a: Cyclizar|spa|2\n|faint|p2a: Heracross\n|\n|win|p0x1455108f", "uploadtime": 1783556975, "views": 0, "rating": 0, "private": 0, "password": null, "_winner": "p0x1455108f", "_our_name": "p0y145535f6"}