{"id": "battle-gen9randombattle-1024", "formatid": "gen9randombattle", "format": "[Gen 9] Random Battle", "players": ["p0x1024de87", "p0y1024c621"], "log": "|init|battle\n|title|p0x1024de87 vs. p0y1024c621\n|j|\u2606p0x1024de87\n|j|\u2606p0y1024c621\n|t:|1783551078\n|gametype|singles\n|player|p1|p0x1024de87|170|\n|player|p2|p0y1024c621|102|\n|gen|9\n|tier|[Gen 9] Random Battle\n|rule|Species Clause: Limit one of each Pok\u00e9mon\n|rule|HP Percentage Mod: HP is shown in percentages\n|rule|Sleep Clause Mod: Limit one foe put to sleep\n|rule|Illusion Level Mod: Illusion disguises the Pok\u00e9mon's true level\n|\n|t:|1783551078\n|teamsize|p1|6\n|teamsize|p2|6\n|start\n|switch|p1a: Camerupt|Camerupt, L91, F|275/275\n|switch|p2a: Chansey|Chansey, L85, F|100/100\n|turn|1\n|inactive|Battle timer is ON: inactive players will automatically lose when time's up. (requested by p0x1024de87)\n|inactive|p0y1024c621 also wants the timer to be on.\n|\n|t:|1783551079\n|switch|p2a: Conkeldurr|Conkeldurr, L80, M|100/100\n|move|p1a: Camerupt|Earthquake|p2a: Conkeldurr\n|-damage|p2a: Conkeldurr|56/100\n|\n|-status|p2a: Conkeldurr|brn|[from] item: Flame Orb\n|upkeep\n|turn|2\n|inactive|Time left: 300 sec this turn | 300 sec total\n|\n|t:|1783551081\n|switch|p2a: Chansey|Chansey, L85, F|100/100\n|move|p1a: Camerupt|Overheat|p2a: Chansey\n|-damage|p2a: Chansey|83/100\n|-unboost|p1a: Camerupt|spa|2\n|\n|upkeep\n|turn|3\n|inactive|Time left: 300 sec this turn | 300 sec total\n|\n|t:|1783551082\n|switch|p1a: Crabominable|Crabominable, L90, M|321/321\n|move|p2a: Chansey|Seismic Toss|p1a: Crabominable\n|-damage|p1a: Crabominable|236/321\n|\n|upkeep\n|turn|4\n|inactive|Time left: 300 sec this turn | 300 sec total\n|\n|t:|1783551083\n|switch|p2a: Gardevoir|Gardevoir, L83, F|100/100\n|-ability|p2a: Gardevoir|Iron Fist|Trace|[from] ability: Trace|[of] p1a: Crabominable\n|move|p1a: Crabominable|Drain Punch|p2a: Gardevoir\n|-resisted|p2a: Gardevoir\n|-damage|p2a: Gardevoir|75/100\n|-heal|p1a: Crabominable|268/321|[from] drain|[of] p2a: Gardevoir\n|\n|upkeep\n|turn|5\n|inactive|Time left: 300 sec this turn | 300 sec total\n|\n|t:|1783551084\n|switch|p1a: Camerupt|Camerupt, L91, F|275/275\n|move|p2a: Gardevoir|Moonblast|p1a: Camerupt\n|-resisted|p1a: Camerupt\n|-damage|p1a: Camerupt|197/275\n|-damage|p2a: Gardevoir|65/100|[from] item: Life Orb\n|\n|-heal|p1a: Camerupt|214/275|[from] item: Leftovers\n|upkeep\n|turn|6\n|inactive|Time left: 300 sec this turn | 300 sec total\n|\n|t:|1783551085\n|move|p2a: Gardevoir|Psychic|p1a: Camerupt\n|-damage|p1a: Camerupt|72/275\n|-damage|p2a: Gardevoir|56/100|[from] item: Life Orb\n|move|p1a: Camerupt|Earthquake|p2a: Gardevoir\n|-damage|p2a: Gardevoir|0 fnt\n|faint|p2a: Gardevoir\n|\n|-heal|p1a: Camerupt|89/275|[from] item: Leftovers\n|upkeep\n|\n|t:|1783551086\n|switch|p2a: Mew|Mew, L82|100/100\n|turn|7\n|inactive|Time left: 300 sec this turn | 300 sec total\n|\n|t:|1783551087\n|switch|p1a: Scrafty|Scrafty, L83, F|244/244\n|-ability|p1a: Scrafty|Intimidate|boost\n|-unboost|p2a: Mew|atk|1\n|move|p2a: Mew|Psychic|p1a: Scrafty\n|-immune|p1a: Scrafty\n|\n|upkeep\n|turn|8\n|inactive|Time left: 300 sec this turn | 300 sec total\n|\n|t:|1783551089\n|move|p2a: Mew|Stealth Rock|p1a: Scrafty\n|-sidestart|p1: p0x1024de87|move: Stealth Rock\n|move|p1a: Scrafty|Dragon Dance|p1a: Scrafty\n|-boost|p1a: Scrafty|atk|1\n|-boost|p1a: Scrafty|spe|1\n|\n|upkeep\n|turn|9\n|inactive|Time left: 300 sec this turn | 300 sec total\n|\n|t:|1783551090\n|move|p1a: Scrafty|Knock Off|p2a: Mew\n|-supereffective|p2a: Mew\n|-damage|p2a: Mew|10/100\n|-enditem|p2a: Mew|Leftovers|[from] move: Knock Off|[of] p1a: Scrafty\n|move|p2a: Mew|Will-O-Wisp|p1a: Scrafty|[miss]\n|-miss|p2a: Mew|p1a: Scrafty\n|\n|upkeep\n|turn|10\n|inactive|Time left: 300 sec this turn | 300 sec total\n|\n|t:|1783551091\n|move|p1a: Scrafty|Knock Off|p2a: Mew\n|-supereffective|p2a: Mew\n|-damage|p2a: Mew|0 fnt\n|faint|p2a: Mew\n|\n|upkeep\n|\n|t:|1783551092\n|switch|p2a: Conkeldurr|Conkeldurr, L80, M|56/100 brn\n|turn|11\n|inactive|Time left: 300 sec this turn | 300 sec total\n|\n|t:|1783551093\n|-terastallize|p1a: Scrafty|Poison\n|move|p1a: Scrafty|Dragon Dance|p1a: Scrafty\n|-boost|p1a: Scrafty|atk|1\n|-boost|p1a: Scrafty|spe|1\n|move|p2a: Conkeldurr|Close Combat|p1a: Scrafty\n|-resisted|p1a: Scrafty\n|-damage|p1a: Scrafty|150/244\n|-unboost|p2a: Conkeldurr|def|1\n|-unboost|p2a: Conkeldurr|spd|1\n|\n|-heal|p1a: Scrafty|165/244|[from] item: Leftovers\n|-damage|p2a: Conkeldurr|50/100 brn|[from] brn\n|upkeep\n|turn|12\n|inactive|Time left: 300 sec this turn | 300 sec total\n|\n|t:|1783551094\n|switch|p2a: Regigigas|Regigigas, L84|100/100\n|-start|p2a: Regigigas|ability: Slow Start\n|move|p1a: Scrafty|Drain Punch|p2a: Regigigas\n|-supereffective|p2a: Regigigas\n|-damage|p2a: Regigigas|20/100\n|-heal|p1a: Scrafty|244/244|[from] drain|[of] p2a: Regigigas\n|\n|-heal|p2a: Regigigas|26/100|[from] item: Leftovers\n|upkeep\n|turn|13\n|inactive|Time left: 300 sec this turn | 300 sec total\n|\n|t:|1783551095\n|move|p1a: Scrafty|Knock Off|p2a: Regigigas\n|-damage|p2a: Regigigas|0 fnt\n|-enditem|p2a: Regigigas|Leftovers|[from] move: Knock Off|[of] p1a: Scrafty\n|faint|p2a: Regigigas\n|-end|p2a: Regigigas|Slow Start|[silent]\n|\n|upkeep\n|\n|t:|1783551096\n|switch|p2a: Revavroom|Revavroom, L79, M|100/100\n|turn|14\n|inactive|Time left: 300 sec this turn | 300 sec total\n|\n|t:|1783551097\n|-terastallize|p2a: Revavroom|Ground\n|move|p1a: Scrafty|Knock Off|p2a: Revavroom\n|-crit|p2a: Revavroom\n|-damage|p2a: Revavroom|0 fnt\n|-enditem|p2a: Revavroom|Life Orb|[from] move: Knock Off|[of] p1a: Scrafty\n|faint|p2a: Revavroom\n|\n|upkeep\n|\n|t:|1783551097\n|switch|p2a: Conkeldurr|Conkeldurr, L80, M|50/100 brn\n|turn|15\n|inactive|Time left: 300 sec this turn | 300 sec total\n|\n|t:|1783551098\n|move|p1a: Scrafty|Drain Punch|p2a: Conkeldurr\n|-damage|p2a: Conkeldurr|1/100 brn\n|move|p2a: Conkeldurr|Facade|p1a: Scrafty\n|-damage|p1a: Scrafty|93/244\n|\n|-heal|p1a: Scrafty|108/244|[from] item: Leftovers\n|-damage|p2a: Conkeldurr|0 fnt|[from] brn\n|faint|p2a: Conkeldurr\n|upkeep\n|\n|t:|1783551099\n|switch|p2a: Chansey|Chansey, L85, F|83/100\n|turn|16\n|inactive|Time left: 300 sec this turn | 300 sec total\n|\n|t:|1783551100\n|move|p1a: Scrafty|Drain Punch|p2a: Chansey\n|-supereffective|p2a: Chansey\n|-damage|p2a: Chansey|0 fnt\n|-heal|p1a: Scrafty|244/244|[from] drain|[of] p2a: Chansey\n|faint|p2a: Chansey\n|\n|win|p0x1024de87", "uploadtime": 1783551100, "views": 0, "rating": 0, "private": 0, "password": null, "_winner": "p0x1024de87", "_our_name": "p0x1024de87"}