{"id": "battle-gen9randombattle-418", "formatid": "gen9randombattle", "format": "[Gen 9] Random Battle", "players": ["p0x418d312", "p0y41847e3"], "log": "|init|battle\n|title|p0x418d312 vs. p0y41847e3\n|j|\u2606p0x418d312\n|j|\u2606p0y41847e3\n|t:|1783543899\n|gametype|singles\n|player|p1|p0x418d312|102|\n|player|p2|p0y41847e3|265|\n|gen|9\n|tier|[Gen 9] Random Battle\n|rule|Species Clause: Limit one of each Pok\u00e9mon\n|rule|HP Percentage Mod: HP is shown in percentages\n|rule|Sleep Clause Mod: Limit one foe put to sleep\n|rule|Illusion Level Mod: Illusion disguises the Pok\u00e9mon's true level\n|\n|t:|1783543899\n|teamsize|p1|6\n|teamsize|p2|6\n|start\n|switch|p1a: Malamar|Malamar, L82, F|275/275\n|switch|p2a: Medicham|Medicham, L86, F|100/100\n|turn|1\n|inactive|Battle timer is ON: inactive players will automatically lose when time's up. (requested by p0y41847e3)\n|inactive|Time left: 300 sec this turn | 300 sec total | 60 sec grace\n|inactive|p0x418d312 also wants the timer to be on.\n|\n|t:|1783543900\n|move|p2a: Medicham|Close Combat|p1a: Malamar\n|-damage|p1a: Malamar|0 fnt\n|-unboost|p2a: Medicham|def|1\n|-unboost|p2a: Medicham|spd|1\n|faint|p1a: Malamar\n|\n|upkeep\n|inactive|Time left: 300 sec this turn | 300 sec total | 65 sec grace\n|\n|t:|1783543901\n|switch|p1a: Medicham|Medicham, L86, F|243/243\n|turn|2\n|inactive|Time left: 300 sec this turn | 300 sec total\n|\n|t:|1783543902\n|move|p1a: Medicham|Zen Headbutt|p2a: Medicham\n|-damage|p2a: Medicham|8/100\n|move|p2a: Medicham|Close Combat|p1a: Medicham\n|-resisted|p1a: Medicham\n|-damage|p1a: Medicham|80/243\n|-unboost|p2a: Medicham|def|1\n|-unboost|p2a: Medicham|spd|1\n|\n|upkeep\n|turn|3\n|inactive|Time left: 300 sec this turn | 300 sec total\n|\n|t:|1783543904\n|move|p1a: Medicham|Zen Headbutt|p2a: Medicham|[miss]\n|-miss|p1a: Medicham|p2a: Medicham\n|move|p2a: Medicham|Close Combat|p1a: Medicham\n|-resisted|p1a: Medicham\n|-damage|p1a: Medicham|0 fnt\n|-unboost|p2a: Medicham|def|1\n|-unboost|p2a: Medicham|spd|1\n|faint|p1a: Medicham\n|\n|upkeep\n|inactive|Time left: 300 sec this turn | 300 sec total | 5 sec grace\n|\n|t:|1783543905\n|switch|p1a: Scizor|Scizor, L79, F|240/240\n|turn|4\n|inactive|Time left: 300 sec this turn | 300 sec total\n|\n|t:|1783543906\n|move|p1a: Scizor|Bullet Punch|p2a: Medicham\n|-damage|p2a: Medicham|0 fnt\n|faint|p2a: Medicham\n|\n|upkeep\n|\n|t:|1783543907\n|switch|p2a: Eternatus|Eternatus, L69|100/100\n|-ability|p2a: Eternatus|Pressure\n|turn|5\n|inactive|Time left: 300 sec this turn | 300 sec total\n|\n|t:|1783543908\n|switch|p1a: Golem|Golem-Alola, L93, M|300/300\n|move|p2a: Eternatus|Fire Blast|p1a: Golem\n|-resisted|p1a: Golem\n|-damage|p1a: Golem|255/300\n|\n|upkeep\n|turn|6\n|inactive|Time left: 300 sec this turn | 300 sec total\n|\n|t:|1783543909\n|-terastallize|p2a: Eternatus|Dragon\n|move|p2a: Eternatus|Dynamax Cannon|p1a: Golem\n|-crit|p1a: Golem\n|-damage|p1a: Golem|45/300\n|move|p1a: Golem|Earthquake|p2a: Eternatus\n|-damage|p2a: Eternatus|41/100\n|\n|upkeep\n|turn|7\n|inactive|Time left: 300 sec this turn | 300 sec total\n|\n|t:|1783543910\n|move|p2a: Eternatus|Dynamax Cannon|p1a: Golem\n|-damage|p1a: Golem|0 fnt\n|faint|p1a: Golem\n|\n|upkeep\n|inactive|Time left: 300 sec this turn | 300 sec total | 5 sec grace\n|\n|t:|1783543911\n|switch|p1a: Registeel|Registeel, L81|262/262\n|turn|8\n|inactive|Time left: 300 sec this turn | 300 sec total\n|\n|t:|1783543912\n|move|p2a: Eternatus|Recover|p2a: Eternatus\n|-heal|p2a: Eternatus|91/100\n|move|p1a: Registeel|Iron Defense|p1a: Registeel\n|-boost|p1a: Registeel|def|2\n|\n|upkeep\n|turn|9\n|inactive|Time left: 300 sec this turn | 300 sec total\n|\n|t:|1783543913\n|move|p2a: Eternatus|Fire Blast|p1a: Registeel\n|-supereffective|p1a: Registeel\n|-damage|p1a: Registeel|170/262\n|-status|p1a: Registeel|brn\n|move|p1a: Registeel|Iron Defense|p1a: Registeel\n|-boost|p1a: Registeel|def|2\n|\n|-damage|p1a: Registeel|154/262 brn|[from] brn\n|upkeep\n|turn|10\n|inactive|Time left: 300 sec this turn | 300 sec total\n|\n|t:|1783543914\n|move|p2a: Eternatus|Dynamax Cannon|p1a: Registeel\n|-resisted|p1a: Registeel\n|-damage|p1a: Registeel|112/262 brn\n|move|p1a: Registeel|Rest|p1a: Registeel\n|-status|p1a: Registeel|slp|[from] move: Rest\n|-heal|p1a: Registeel|262/262 slp|[silent]\n|-enditem|p1a: Registeel|Chesto Berry|[eat]\n|-curestatus|p1a: Registeel|slp|[msg]\n|\n|upkeep\n|turn|11\n|inactive|Time left: 300 sec this turn | 300 sec total\n|\n|t:|1783543915\n|switch|p2a: Dachsbun|Dachsbun, L92, M|100/100\n|-terastallize|p1a: Registeel|Fighting\n|move|p1a: Registeel|Body Press|p2a: Dachsbun\n|-resisted|p2a: Dachsbun\n|-damage|p2a: Dachsbun|50/100\n|\n|-heal|p2a: Dachsbun|56/100|[from] item: Leftovers\n|upkeep\n|turn|12\n|inactive|Time left: 300 sec this turn | 300 sec total\n|\n|t:|1783543916\n|move|p2a: Dachsbun|Yawn|p1a: Registeel\n|-start|p1a: Registeel|move: Yawn|[of] p2a: Dachsbun\n|move|p1a: Registeel|Body Press|p2a: Dachsbun\n|-resisted|p2a: Dachsbun\n|-damage|p2a: Dachsbun|6/100\n|\n|-heal|p2a: Dachsbun|12/100|[from] item: Leftovers\n|upkeep\n|turn|13\n|inactive|Time left: 300 sec this turn | 300 sec total\n|\n|t:|1783543917\n|move|p2a: Dachsbun|Protect|p2a: Dachsbun\n|-singleturn|p2a: Dachsbun|Protect\n|move|p1a: Registeel|Body Press|p2a: Dachsbun\n|-activate|p2a: Dachsbun|move: Protect\n|\n|-heal|p2a: Dachsbun|18/100|[from] item: Leftovers\n|-end|p1a: Registeel|move: Yawn|[silent]\n|-status|p1a: Registeel|slp\n|upkeep\n|turn|14\n|inactive|Time left: 300 sec this turn | 300 sec total\n|\n|t:|1783543919\n|move|p2a: Dachsbun|Wish|p2a: Dachsbun\n|cant|p1a: Registeel|slp\n|\n|-heal|p2a: Dachsbun|24/100|[from] item: Leftovers\n|upkeep\n|turn|15\n|inactive|Time left: 300 sec this turn | 300 sec total\n|\n|t:|1783543920\n|move|p2a: Dachsbun|Protect|p2a: Dachsbun\n|-singleturn|p2a: Dachsbun|Protect\n|cant|p1a: Registeel|slp\n|\n|-heal|p2a: Dachsbun|74/100|[from] move: Wish|[wisher] Dachsbun\n|-heal|p2a: Dachsbun|80/100|[from] item: Leftovers\n|upkeep\n|turn|16\n|inactive|Time left: 300 sec this turn | 300 sec total\n|\n|t:|1783543921\n|move|p2a: Dachsbun|Wish|p2a: Dachsbun\n|-curestatus|p1a: Registeel|slp|[msg]\n|move|p1a: Registeel|Body Press|p2a: Dachsbun\n|-resisted|p2a: Dachsbun\n|-damage|p2a: Dachsbun|29/100\n|\n|-heal|p2a: Dachsbun|35/100|[from] item: Leftovers\n|upkeep\n|turn|17\n|inactive|Time left: 300 sec this turn | 300 sec total\n|\n|t:|1783543922\n|move|p2a: Dachsbun|Protect|p2a: Dachsbun\n|-singleturn|p2a: Dachsbun|Protect\n|move|p1a: Registeel|Body Press|p2a: Dachsbun\n|-activate|p2a: Dachsbun|move: Protect\n|\n|-heal|p2a: Dachsbun|85/100|[from] move: Wish|[wisher] Dachsbun\n|-heal|p2a: Dachsbun|91/100|[from] item: Leftovers\n|upkeep\n|turn|18\n|inactive|Time left: 300 sec this turn | 300 sec total\n|\n|t:|1783543923\n|move|p2a: Dachsbun|Yawn|p1a: Registeel\n|-start|p1a: Registeel|move: Yawn|[of] p2a: Dachsbun\n|move|p1a: Registeel|Body Press|p2a: Dachsbun\n|-resisted|p2a: Dachsbun\n|-damage|p2a: Dachsbun|43/100\n|\n|-heal|p2a: Dachsbun|49/100|[from] item: Leftovers\n|upkeep\n|turn|19\n|inactive|Time left: 300 sec this turn | 300 sec total\n|\n|t:|1783543924\n|move|p2a: Dachsbun|Protect|p2a: Dachsbun\n|-singleturn|p2a: Dachsbun|Protect\n|move|p1a: Registeel|Body Press|p2a: Dachsbun\n|-activate|p2a: Dachsbun|move: Protect\n|\n|-heal|p2a: Dachsbun|55/100|[from] item: Leftovers\n|-end|p1a: Registeel|move: Yawn|[silent]\n|-status|p1a: Registeel|slp\n|upkeep\n|turn|20\n|inactive|Time left: 300 sec this turn | 300 sec total\n|\n|t:|1783543925\n|move|p2a: Dachsbun|Wish|p2a: Dachsbun\n|cant|p1a: Registeel|slp\n|\n|-heal|p2a: Dachsbun|61/100|[from] item: Leftovers\n|upkeep\n|turn|21\n|inactive|Time left: 300 sec this turn | 300 sec total\n|\n|t:|1783543926\n|move|p2a: Dachsbun|Play Rough|p1a: Registeel\n|-supereffective|p1a: Registeel\n|-damage|p1a: Registeel|220/262 slp\n|-curestatus|p1a: Registeel|slp|[msg]\n|move|p1a: Registeel|Body Press|p2a: Dachsbun\n|-resisted|p2a: Dachsbun\n|-damage|p2a: Dachsbun|14/100\n|\n|-heal|p2a: Dachsbun|64/100|[from] move: Wish|[wisher] Dachsbun\n|-heal|p2a: Dachsbun|70/100|[from] item: Leftovers\n|upkeep\n|turn|22\n|inactive|Time left: 300 sec this turn | 300 sec total\n|\n|t:|1783543927\n|move|p2a: Dachsbun|Yawn|p1a: Registeel\n|-start|p1a: Registeel|move: Yawn|[of] p2a: Dachsbun\n|move|p1a: Registeel|Body Press|p2a: Dachsbun\n|-resisted|p2a: Dachsbun\n|-damage|p2a: Dachsbun|17/100\n|\n|-heal|p2a: Dachsbun|23/100|[from] item: Leftovers\n|upkeep\n|turn|23\n|inactive|Time left: 300 sec this turn | 300 sec total\n|\n|t:|1783543928\n|move|p2a: Dachsbun|Protect|p2a: Dachsbun\n|-singleturn|p2a: Dachsbun|Protect\n|move|p1a: Registeel|Body Press|p2a: Dachsbun\n|-activate|p2a: Dachsbun|move: Protect\n|\n|-heal|p2a: Dachsbun|29/100|[from] item: Leftovers\n|-end|p1a: Registeel|move: Yawn|[silent]\n|-status|p1a: Registeel|slp\n|upkeep\n|turn|24\n|inactive|Time left: 300 sec this turn | 300 sec total\n|\n|t:|1783543929\n|move|p2a: Dachsbun|Wish|p2a: Dachsbun\n|cant|p1a: Registeel|slp\n|\n|-heal|p2a: Dachsbun|35/100|[from] item: Leftovers\n|upkeep\n|turn|25\n|inactive|Time left: 300 sec this turn | 300 sec total\n|\n|t:|1783543930\n|move|p2a: Dachsbun|Protect|p2a: Dachsbun\n|-singleturn|p2a: Dachsbun|Protect\n|cant|p1a: Registeel|slp\n|\n|-heal|p2a: Dachsbun|85/100|[from] move: Wish|[wisher] Dachsbun\n|-heal|p2a: Dachsbun|91/100|[from] item: Leftovers\n|upkeep\n|turn|26\n|inactive|Time left: 300 sec this turn | 300 sec total\n|\n|t:|1783543931\n|move|p2a: Dachsbun|Wish|p2a: Dachsbun\n|cant|p1a: Registeel|slp\n|\n|-heal|p2a: Dachsbun|97/100|[from] item: Leftovers\n|upkeep\n|turn|27\n|inactive|Time left: 300 sec this turn | 300 sec total\n|\n|t:|1783543932\n|move|p2a: Dachsbun|Play Rough|p1a: Registeel\n|-supereffective|p1a: Registeel\n|-damage|p1a: Registeel|178/262 slp\n|-curestatus|p1a: Registeel|slp|[msg]\n|move|p1a: Registeel|Body Press|p2a: Dachsbun\n|-resisted|p2a: Dachsbun\n|-damage|p2a: Dachsbun|43/100\n|\n|-heal|p2a: Dachsbun|93/100|[from] move: Wish|[wisher] Dachsbun\n|-heal|p2a: Dachsbun|99/100|[from] item: Leftovers\n|upkeep\n|turn|28\n|inactive|Time left: 300 sec this turn | 300 sec total\n|\n|t:|1783543934\n|move|p2a: Dachsbun|Yawn|p1a: Registeel\n|-start|p1a: Registeel|move: Yawn|[of] p2a: Dachsbun\n|move|p1a: Registeel|Body Press|p2a: Dachsbun\n|-resisted|p2a: Dachsbun\n|-damage|p2a: Dachsbun|48/100\n|\n|-heal|p2a: Dachsbun|54/100|[from] item: Leftovers\n|upkeep\n|turn|29\n|inactive|Time left: 300 sec this turn | 300 sec total\n|\n|t:|1783543935\n|move|p2a: Dachsbun|Protect|p2a: Dachsbun\n|-singleturn|p2a: Dachsbun|Protect\n|move|p1a: Registeel|Body Press|p2a: Dachsbun\n|-activate|p2a: Dachsbun|move: Protect\n|\n|-heal|p2a: Dachsbun|60/100|[from] item: Leftovers\n|-end|p1a: Registeel|move: Yawn|[silent]\n|-status|p1a: Registeel|slp\n|upkeep\n|turn|30\n|inactive|Time left: 300 sec this turn | 300 sec total\n|\n|t:|1783543936\n|move|p2a: Dachsbun|Wish|p2a: Dachsbun\n|cant|p1a: Registeel|slp\n|\n|-heal|p2a: Dachsbun|65/100|[from] item: Leftovers\n|upkeep\n|turn|31\n|inactive|Time left: 300 sec this turn | 300 sec total\n|\n|t:|1783543937\n|move|p2a: Dachsbun|Play Rough|p1a: Registeel\n|-supereffective|p1a: Registeel\n|-damage|p1a: Registeel|130/262 slp\n|cant|p1a: Registeel|slp\n|\n|-heal|p2a: Dachsbun|100/100|[from] move: Wish|[wisher] Dachsbun\n|upkeep\n|turn|32\n|inactive|Time left: 300 sec this turn | 300 sec total\n|\n|t:|1783543938\n|move|p2a: Dachsbun|Play Rough|p1a: Registeel\n|-supereffective|p1a: Registeel\n|-damage|p1a: Registeel|86/262 slp\n|cant|p1a: Registeel|slp\n|\n|upkeep\n|turn|33\n|inactive|Time left: 300 sec this turn | 300 sec total\n|\n|t:|1783543939\n|move|p2a: Dachsbun|Play Rough|p1a: Registeel\n|-supereffective|p1a: Registeel\n|-damage|p1a: Registeel|42/262 slp\n|-curestatus|p1a: Registeel|slp|[msg]\n|move|p1a: Registeel|Body Press|p2a: Dachsbun\n|-resisted|p2a: Dachsbun\n|-damage|p2a: Dachsbun|50/100\n|\n|-heal|p2a: Dachsbun|56/100|[from] item: Leftovers\n|upkeep\n|turn|34\n|inactive|Time left: 300 sec this turn | 300 sec total\n|\n|t:|1783543940\n|move|p2a: Dachsbun|Play Rough|p1a: Registeel\n|-supereffective|p1a: Registeel\n|-damage|p1a: Registeel|0 fnt\n|faint|p1a: Registeel\n|\n|-heal|p2a: Dachsbun|62/100|[from] item: Leftovers\n|upkeep\n|inactive|Time left: 300 sec this turn | 300 sec total | 5 sec grace\n|\n|t:|1783543941\n|switch|p1a: Stonjourner|Stonjourner, L91, F|330/330\n|turn|35\n|inactive|Time left: 300 sec this turn | 300 sec total\n|\n|t:|1783543942\n|move|p2a: Dachsbun|Yawn|p1a: Stonjourner\n|-start|p1a: Stonjourner|move: Yawn|[of] p2a: Dachsbun\n|move|p1a: Stonjourner|Stealth Rock|p2a: Dachsbun\n|-sidestart|p2: p0y41847e3|move: Stealth Rock\n|\n|-heal|p2a: Dachsbun|68/100|[from] item: Leftovers\n|upkeep\n|turn|36\n|inactive|Time left: 300 sec this turn | 300 sec total\n|\n|t:|1783543943\n|move|p2a: Dachsbun|Wish|p2a: Dachsbun\n|move|p1a: Stonjourner|Stone Edge|p2a: Dachsbun\n|-damage|p2a: Dachsbun|10/100\n|-damage|p1a: Stonjourner|297/330|[from] item: Life Orb\n|\n|-heal|p2a: Dachsbun|16/100|[from] item: Leftovers\n|-end|p1a: Stonjourner|move: Yawn|[silent]\n|-status|p1a: Stonjourner|slp\n|upkeep\n|turn|37\n|inactive|Time left: 300 sec this turn | 300 sec total\n|\n|t:|1783543945\n|move|p2a: Dachsbun|Play Rough|p1a: Stonjourner\n|-damage|p1a: Stonjourner|233/330 slp\n|cant|p1a: Stonjourner|slp\n|\n|-heal|p2a: Dachsbun|66/100|[from] move: Wish|[wisher] Dachsbun\n|-heal|p2a: Dachsbun|72/100|[from] item: Leftovers\n|upkeep\n|turn|38\n|inactive|Time left: 300 sec this turn | 300 sec total\n|\n|t:|1783543946\n|move|p2a: Dachsbun|Play Rough|p1a: Stonjourner\n|-damage|p1a: Stonjourner|166/330 slp\n|cant|p1a: Stonjourner|slp\n|\n|-heal|p2a: Dachsbun|78/100|[from] item: Leftovers\n|upkeep\n|turn|39\n|inactive|Time left: 300 sec this turn | 300 sec total\n|\n|t:|1783543947\n|move|p2a: Dachsbun|Wish|p2a: Dachsbun\n|cant|p1a: Stonjourner|slp\n|\n|-heal|p2a: Dachsbun|84/100|[from] item: Leftovers\n|upkeep\n|turn|40\n|inactive|Time left: 300 sec this turn | 300 sec total\n|\n|t:|1783543948\n|move|p2a: Dachsbun|Play Rough|p1a: Stonjourner\n|-damage|p1a: Stonjourner|99/330 slp\n|-curestatus|p1a: Stonjourner|slp|[msg]\n|move|p1a: Stonjourner|Stone Edge|p2a: Dachsbun|[miss]\n|-miss|p1a: Stonjourner|p2a: Dachsbun\n|\n|-heal|p2a: Dachsbun|100/100|[from] move: Wish|[wisher] Dachsbun\n|upkeep\n|turn|41\n|inactive|Time left: 300 sec this turn | 300 sec total\n|\n|t:|1783543949\n|move|p2a: Dachsbun|Play Rough|p1a: Stonjourner\n|-damage|p1a: Stonjourner|35/330\n|move|p1a: Stonjourner|Stone Edge|p2a: Dachsbun|[miss]\n|-miss|p1a: Stonjourner|p2a: Dachsbun\n|\n|upkeep\n|turn|42\n|inactive|Time left: 300 sec this turn | 300 sec total\n|\n|t:|1783543950\n|switch|p1a: Scizor|Scizor, L79, F|240/240\n|move|p2a: Dachsbun|Play Rough|p1a: Scizor|[miss]\n|-miss|p2a: Dachsbun|p1a: Scizor\n|\n|upkeep\n|turn|43\n|inactive|Time left: 300 sec this turn | 300 sec total\n|\n|t:|1783543951\n|switch|p2a: Eternatus|Eternatus, L69, tera:Dragon|91/100\n|-damage|p2a: Eternatus|79/100|[from] Stealth Rock\n|-ability|p2a: Eternatus|Pressure\n|move|p1a: Scizor|Bullet Punch|p2a: Eternatus\n|-damage|p2a: Eternatus|54/100\n|-damage|p1a: Scizor|200/240|[from] item: Rocky Helmet|[of] p2a: Eternatus\n|\n|-heal|p1a: Scizor|215/240|[from] item: Leftovers\n|upkeep\n|turn|44\n|inactive|Time left: 300 sec this turn | 300 sec total\n|\n|t:|1783543952\n|switch|p1a: Stonjourner|Stonjourner, L91, F|35/330\n|move|p2a: Eternatus|Fire Blast|p1a: Stonjourner|[miss]\n|-miss|p2a: Eternatus|p1a: Stonjourner\n|\n|upkeep\n|turn|45\n|inactive|Time left: 300 sec this turn | 300 sec total\n|\n|t:|1783543953\n|move|p2a: Eternatus|Fire Blast|p1a: Stonjourner\n|-resisted|p1a: Stonjourner\n|-damage|p1a: Stonjourner|0 fnt\n|faint|p1a: Stonjourner\n|\n|upkeep\n|inactive|Time left: 300 sec this turn | 300 sec total | 5 sec grace\n|\n|t:|1783543954\n|switch|p1a: Scizor|Scizor, L79, F|215/240\n|turn|46\n|inactive|Time left: 300 sec this turn | 300 sec total\n|\n|t:|1783543955\n|move|p2a: Eternatus|Fire Blast|p1a: Scizor\n|-supereffective|p1a: Scizor\n|-damage|p1a: Scizor|0 fnt\n|faint|p1a: Scizor\n|\n|win|p0y41847e3", "uploadtime": 1783543955, "views": 0, "rating": 0, "private": 0, "password": null, "_winner": "p0y41847e3", "_our_name": "p0x418d312"}