{"id": "battle-gen9randombattle-2954", "formatid": "gen9randombattle", "format": "[Gen 9] Random Battle", "players": ["p0x29546008", "p0y29540376"], "log": "|init|battle\n|title|p0x29546008 vs. p0y29540376\n|j|\u2606p0x29546008\n|j|\u2606p0y29540376\n|t:|1783574001\n|gametype|singles\n|player|p1|p0x29546008|101|\n|player|p2|p0y29540376|265|\n|gen|9\n|tier|[Gen 9] Random Battle\n|rule|Species Clause: Limit one of each Pok\u00e9mon\n|rule|HP Percentage Mod: HP is shown in percentages\n|rule|Sleep Clause Mod: Limit one foe put to sleep\n|rule|Illusion Level Mod: Illusion disguises the Pok\u00e9mon's true level\n|\n|t:|1783574001\n|teamsize|p1|6\n|teamsize|p2|6\n|start\n|switch|p1a: Iron Moth|Iron Moth, L78|253/253\n|switch|p2a: Bronzong|Bronzong, L88|100/100\n|turn|1\n|inactive|Battle timer is ON: inactive players will automatically lose when time's up. (requested by p0y29540376)\n|inactive|Time left: 300 sec this turn | 300 sec total | 60 sec grace\n|inactive|p0x29546008 also wants the timer to be on.\n|\n|t:|1783574003\n|move|p1a: Iron Moth|Fiery Dance|p2a: Bronzong\n|-supereffective|p2a: Bronzong\n|-damage|p2a: Bronzong|18/100\n|-boost|p1a: Iron Moth|spa|1\n|move|p2a: Bronzong|Earthquake|p1a: Iron Moth\n|-supereffective|p1a: Iron Moth\n|-damage|p1a: Iron Moth|0 fnt\n|faint|p1a: Iron Moth\n|-end|p1a: Iron Moth|Quark Drive|[silent]\n|\n|-heal|p2a: Bronzong|24/100|[from] item: Leftovers\n|upkeep\n|inactive|Time left: 300 sec this turn | 300 sec total | 65 sec grace\n|\n|t:|1783574004\n|switch|p1a: Rayquaza|Rayquaza, L72|270/270\n|-ability|p1a: Rayquaza|Air Lock\n|turn|2\n|inactive|Time left: 300 sec this turn | 300 sec total\n|\n|t:|1783574005\n|move|p1a: Rayquaza|Dragon Dance|p1a: Rayquaza\n|-boost|p1a: Rayquaza|atk|1\n|-boost|p1a: Rayquaza|spe|1\n|move|p2a: Bronzong|Iron Head|p1a: Rayquaza\n|-damage|p1a: Rayquaza|174/270\n|\n|-heal|p2a: Bronzong|30/100|[from] item: Leftovers\n|upkeep\n|turn|3\n|inactive|Time left: 300 sec this turn | 300 sec total\n|\n|t:|1783574006\n|move|p1a: Rayquaza|Outrage|p2a: Bronzong\n|-resisted|p2a: Bronzong\n|-damage|p2a: Bronzong|0 fnt\n|faint|p2a: Bronzong\n|\n|upkeep\n|\n|t:|1783574007\n|switch|p2a: Slowking|Slowking-Galar, L85, F|100/100\n|turn|4\n|inactive|Time left: 300 sec this turn | 300 sec total\n|\n|t:|1783574008\n|-terastallize|p2a: Slowking|Fairy\n|move|p1a: Rayquaza|Outrage|p2a: Slowking|[from] lockedmove\n|-immune|p2a: Slowking\n|-start|p1a: Rayquaza|confusion|[fatigue]\n|move|p2a: Slowking|Sludge Bomb|p1a: Rayquaza\n|-damage|p1a: Rayquaza|47/270\n|\n|upkeep\n|turn|5\n|inactive|Time left: 300 sec this turn | 300 sec total\n|\n|t:|1783574009\n|-activate|p1a: Rayquaza|confusion\n|-damage|p1a: Rayquaza|0 fnt|[from] confusion\n|faint|p1a: Rayquaza\n|move|p2a: Slowking|Sludge Bomb|p1: Rayquaza|[notarget]\n|-fail|p2a: Slowking\n|\n|upkeep\n|inactive|Time left: 300 sec this turn | 300 sec total | 5 sec grace\n|\n|t:|1783574010\n|switch|p1a: Iron Boulder|Iron Boulder, L77, shiny|265/265\n|turn|6\n|inactive|Time left: 300 sec this turn | 300 sec total\n|\n|t:|1783574011\n|move|p1a: Iron Boulder|Swords Dance|p1a: Iron Boulder\n|-boost|p1a: Iron Boulder|atk|2\n|move|p2a: Slowking|Psyshock|p1a: Iron Boulder\n|-resisted|p1a: Iron Boulder\n|-damage|p1a: Iron Boulder|208/265\n|\n|upkeep\n|turn|7\n|inactive|Time left: 300 sec this turn | 300 sec total\n|\n|t:|1783574012\n|move|p1a: Iron Boulder|Swords Dance|p1a: Iron Boulder\n|-boost|p1a: Iron Boulder|atk|2\n|-prepare|p2a: Slowking|Chilly Reception|[premajor]\n|move|p2a: Slowking|Chilly Reception|p2a: Slowking\n|-weather|Snowscape\n|\n|t:|1783574013\n|switch|p2a: Barraskewda|Barraskewda, L81, M|100/100|[from] Chilly Reception\n|\n|-weather|Snowscape|[upkeep]\n|upkeep\n|turn|8\n|inactive|Time left: 300 sec this turn | 300 sec total\n|\n|t:|1783574014\n|-terastallize|p1a: Iron Boulder|Fighting\n|move|p2a: Barraskewda|Waterfall|p1a: Iron Boulder\n|-damage|p1a: Iron Boulder|49/265\n|move|p1a: Iron Boulder|Mighty Cleave|p2a: Barraskewda\n|-damage|p2a: Barraskewda|0 fnt\n|faint|p2a: Barraskewda\n|-damage|p1a: Iron Boulder|23/265|[from] item: Life Orb\n|\n|-weather|Snowscape|[upkeep]\n|upkeep\n|\n|t:|1783574015\n|switch|p2a: Flareon|Flareon, L90, F|100/100\n|turn|9\n|inactive|Time left: 300 sec this turn | 300 sec total\n|\n|t:|1783574016\n|switch|p2a: Slowking|Slowking-Galar, L85, F, tera:Fairy|100/100\n|move|p1a: Iron Boulder|Mighty Cleave|p2a: Slowking\n|-damage|p2a: Slowking|0 fnt\n|faint|p2a: Slowking\n|-damage|p1a: Iron Boulder|0 fnt|[from] item: Life Orb\n|faint|p1a: Iron Boulder\n|-end|p1a: Iron Boulder|Quark Drive|[silent]\n|\n|-weather|Snowscape|[upkeep]\n|upkeep\n|inactive|Time left: 300 sec this turn | 300 sec total | 5 sec grace\n|\n|t:|1783574017\n|switch|p1a: Glaceon|Glaceon, L94, F|275/275\n|switch|p2a: Flareon|Flareon, L90, F|100/100\n|turn|10\n|inactive|Time left: 300 sec this turn | 300 sec total\n|\n|t:|1783574018\n|move|p1a: Glaceon|Mud Shot|p2a: Flareon\n|-supereffective|p2a: Flareon\n|-damage|p2a: Flareon|62/100\n|-unboost|p2a: Flareon|spe|1\n|move|p2a: Flareon|Flare Blitz|p1a: Glaceon\n|-supereffective|p1a: Glaceon\n|-crit|p1a: Glaceon\n|-damage|p1a: Glaceon|15/275\n|-damage|p2a: Flareon|30/100|[from] Recoil\n|\n|-weather|Snowscape|[upkeep]\n|-heal|p1a: Glaceon|32/275|[from] ability: Ice Body\n|-status|p2a: Flareon|tox|[from] item: Toxic Orb\n|upkeep\n|turn|11\n|inactive|Time left: 300 sec this turn | 300 sec total\n|\n|t:|1783574019\n|move|p1a: Glaceon|Mud Shot|p2a: Flareon\n|-supereffective|p2a: Flareon\n|-damage|p2a: Flareon|0 fnt\n|faint|p2a: Flareon\n|\n|-weather|none\n|upkeep\n|\n|t:|1783574020\n|switch|p2a: Leavanny|Leavanny, L86, M|100/100\n|turn|12\n|inactive|Time left: 300 sec this turn | 300 sec total\n|\n|t:|1783574020\n|move|p2a: Leavanny|Lunge|p1a: Glaceon\n|-damage|p1a: Glaceon|0 fnt\n|faint|p1a: Glaceon\n|\n|upkeep\n|inactive|Time left: 300 sec this turn | 300 sec total | 5 sec grace\n|\n|t:|1783574021\n|switch|p1a: Venusaur|Venusaur, L84, M|272/272\n|turn|13\n|inactive|Time left: 300 sec this turn | 300 sec total\n|\n|t:|1783574022\n|move|p2a: Leavanny|Lunge|p1a: Venusaur\n|-damage|p1a: Venusaur|169/272\n|-unboost|p1a: Venusaur|atk|1\n|move|p1a: Venusaur|Sludge Bomb|p2a: Leavanny\n|-supereffective|p2a: Leavanny\n|-damage|p2a: Leavanny|27/100\n|\n|-heal|p1a: Venusaur|186/272|[from] item: Leftovers\n|upkeep\n|turn|14\n|inactive|Time left: 300 sec this turn | 300 sec total\n|\n|t:|1783574023\n|move|p2a: Leavanny|Lunge|p1a: Venusaur\n|-damage|p1a: Venusaur|51/272\n|-unboost|p1a: Venusaur|atk|1\n|move|p1a: Venusaur|Sludge Bomb|p2a: Leavanny\n|-supereffective|p2a: Leavanny\n|-damage|p2a: Leavanny|0 fnt\n|faint|p2a: Leavanny\n|\n|-heal|p1a: Venusaur|68/272|[from] item: Leftovers\n|upkeep\n|\n|t:|1783574025\n|switch|p2a: Volbeat|Volbeat, L90, M|100/100\n|turn|15\n|inactive|Time left: 300 sec this turn | 300 sec total\n|\n|t:|1783574025\n|move|p2a: Volbeat|U-turn|p1a: Venusaur\n|-damage|p1a: Venusaur|0 fnt\n|faint|p1a: Venusaur\n|\n|upkeep\n|inactive|Time left: 300 sec this turn | 300 sec total | 5 sec grace\n|\n|t:|1783574026\n|switch|p1a: Sunflora|Sunflora, M|312/312\n|turn|16\n|inactive|Time left: 300 sec this turn | 300 sec total\n|\n|t:|1783574027\n|move|p2a: Volbeat|U-turn|p1a: Sunflora\n|-supereffective|p1a: Sunflora\n|-damage|p1a: Sunflora|156/312\n|move|p1a: Sunflora|Dazzling Gleam|p2a: Volbeat\n|-damage|p2a: Volbeat|56/100\n|\n|upkeep\n|turn|17\n|inactive|Time left: 300 sec this turn | 300 sec total\n|\n|t:|1783574028\n|move|p2a: Volbeat|U-turn|p1a: Sunflora\n|-supereffective|p1a: Sunflora\n|-damage|p1a: Sunflora|4/312\n|move|p1a: Sunflora|Dazzling Gleam|p2a: Volbeat\n|-damage|p2a: Volbeat|11/100\n|\n|upkeep\n|turn|18\n|inactive|Time left: 300 sec this turn | 300 sec total\n|\n|t:|1783574029\n|move|p2a: Volbeat|U-turn|p1a: Sunflora\n|-supereffective|p1a: Sunflora\n|-damage|p1a: Sunflora|0 fnt\n|faint|p1a: Sunflora\n|\n|win|p0y29540376", "uploadtime": 1783574029, "views": 0, "rating": 0, "private": 0, "password": null, "_winner": "p0y29540376", "_our_name": "p0x29546008"}