{"id": "battle-gen9randombattle-1672", "formatid": "gen9randombattle", "format": "[Gen 9] Random Battle", "players": ["p0x16722fcf", "p0y167293d3"], "log": "|init|battle\n|title|p0x16722fcf vs. p0y167293d3\n|j|\u2606p0x16722fcf\n|j|\u2606p0y167293d3\n|t:|1783558613\n|gametype|singles\n|player|p1|p0x16722fcf|1|\n|player|p2|p0y167293d3|1|\n|gen|9\n|tier|[Gen 9] Random Battle\n|rule|Species Clause: Limit one of each Pok\u00e9mon\n|rule|HP Percentage Mod: HP is shown in percentages\n|rule|Sleep Clause Mod: Limit one foe put to sleep\n|rule|Illusion Level Mod: Illusion disguises the Pok\u00e9mon's true level\n|\n|t:|1783558613\n|teamsize|p1|6\n|teamsize|p2|6\n|start\n|switch|p1a: Eternatus|Eternatus, L69|308/308\n|switch|p2a: Morpeko|Morpeko, L88, M|100/100\n|-ability|p1a: Eternatus|Pressure\n|turn|1\n|inactive|Battle timer is ON: inactive players will automatically lose when time's up. (requested by p0y167293d3)\n|inactive|Time left: 300 sec this turn | 300 sec total | 60 sec grace\n|inactive|p0x16722fcf also wants the timer to be on.\n|\n|t:|1783558615\n|move|p2a: Morpeko|Aura Wheel|p1a: Eternatus\n|-resisted|p1a: Eternatus\n|-damage|p1a: Eternatus|232/308\n|-boost|p2a: Morpeko|spe|1\n|move|p1a: Eternatus|Dynamax Cannon|p2a: Morpeko\n|-damage|p2a: Morpeko|49/100\n|\n|-heal|p2a: Morpeko|55/100|[from] item: Leftovers\n|-heal|p1a: Eternatus|251/308|[from] item: Leftovers\n|-formechange|p2a: Morpeko|Morpeko-Hangry||[from] ability: Hunger Switch\n|upkeep\n|turn|2\n|inactive|Time left: 300 sec this turn | 300 sec total\n|\n|t:|1783558617\n|move|p2a: Morpeko|Knock Off|p1a: Eternatus\n|-damage|p1a: Eternatus|133/308\n|-enditem|p1a: Eternatus|Leftovers|[from] move: Knock Off|[of] p2a: Morpeko\n|move|p1a: Eternatus|Dynamax Cannon|p2a: Morpeko\n|-damage|p2a: Morpeko|5/100\n|\n|-heal|p2a: Morpeko|11/100|[from] item: Leftovers\n|-formechange|p2a: Morpeko|Morpeko||[from] ability: Hunger Switch\n|upkeep\n|turn|3\n|inactive|Time left: 300 sec this turn | 300 sec total\n|\n|t:|1783558618\n|move|p2a: Morpeko|Protect|p2a: Morpeko\n|-singleturn|p2a: Morpeko|Protect\n|move|p1a: Eternatus|Dynamax Cannon|p2a: Morpeko\n|-activate|p2a: Morpeko|move: Protect\n|\n|-heal|p2a: Morpeko|17/100|[from] item: Leftovers\n|-formechange|p2a: Morpeko|Morpeko-Hangry||[from] ability: Hunger Switch\n|upkeep\n|turn|4\n|inactive|Time left: 300 sec this turn | 300 sec total\n|\n|t:|1783558619\n|switch|p1a: Falinks|Falinks, L84|246/246\n|move|p2a: Morpeko|Aura Wheel|p1a: Falinks\n|-resisted|p1a: Falinks\n|-damage|p1a: Falinks|184/246\n|-boost|p2a: Morpeko|spe|1\n|\n|-heal|p2a: Morpeko|23/100|[from] item: Leftovers\n|-formechange|p2a: Morpeko|Morpeko||[from] ability: Hunger Switch\n|upkeep\n|turn|5\n|inactive|Time left: 300 sec this turn | 300 sec total\n|\n|t:|1783558620\n|-terastallize|p2a: Morpeko|Electric\n|move|p2a: Morpeko|Aura Wheel|p1a: Falinks\n|-damage|p1a: Falinks|34/246\n|-boost|p2a: Morpeko|spe|1\n|move|p1a: Falinks|Close Combat|p2a: Morpeko\n|-damage|p2a: Morpeko|0 fnt\n|-unboost|p1a: Falinks|def|1\n|-unboost|p1a: Falinks|spd|1\n|faint|p2a: Morpeko\n|-damage|p1a: Falinks|10/246|[from] item: Life Orb\n|\n|upkeep\n|\n|t:|1783558621\n|switch|p2a: Weavile|Weavile, L79, F|100/100\n|turn|6\n|inactive|Time left: 300 sec this turn | 300 sec total\n|\n|t:|1783558622\n|move|p2a: Weavile|Knock Off|p1a: Falinks\n|-resisted|p1a: Falinks\n|-damage|p1a: Falinks|0 fnt\n|-enditem|p1a: Falinks|Life Orb|[from] move: Knock Off|[of] p2a: Weavile\n|faint|p1a: Falinks\n|\n|upkeep\n|inactive|Time left: 300 sec this turn | 300 sec total | 5 sec grace\n|\n|t:|1783558623\n|switch|p1a: Eternatus|Eternatus, L69|133/308\n|-ability|p1a: Eternatus|Pressure\n|turn|7\n|inactive|Time left: 300 sec this turn | 300 sec total\n|\n|t:|1783558624\n|move|p2a: Weavile|Knock Off|p1a: Eternatus\n|-damage|p1a: Eternatus|6/308\n|move|p1a: Eternatus|Recover|p1a: Eternatus\n|-heal|p1a: Eternatus|160/308\n|\n|upkeep\n|turn|8\n|inactive|Time left: 300 sec this turn | 300 sec total\n|\n|t:|1783558625\n|move|p2a: Weavile|Knock Off|p1a: Eternatus\n|-crit|p1a: Eternatus\n|-damage|p1a: Eternatus|0 fnt\n|faint|p1a: Eternatus\n|\n|upkeep\n|inactive|Time left: 300 sec this turn | 300 sec total | 5 sec grace\n|\n|t:|1783558625\n|switch|p1a: Greninja|Greninja, L80, M|246/246\n|turn|9\n|inactive|Time left: 300 sec this turn | 300 sec total\n|\n|t:|1783558626\n|move|p2a: Weavile|Knock Off|p1a: Greninja\n|-resisted|p1a: Greninja\n|-damage|p1a: Greninja|138/246\n|-enditem|p1a: Greninja|Life Orb|[from] move: Knock Off|[of] p2a: Weavile\n|move|p1a: Greninja|Hydro Pump|p2a: Weavile\n|-start|p1a: Greninja|typechange|Water|[from] ability: Protean\n|-damage|p2a: Weavile|47/100\n|\n|upkeep\n|turn|10\n|inactive|Time left: 300 sec this turn | 300 sec total\n|\n|t:|1783558627\n|move|p2a: Weavile|Knock Off|p1a: Greninja\n|-crit|p1a: Greninja\n|-damage|p1a: Greninja|0 fnt\n|faint|p1a: Greninja\n|\n|upkeep\n|inactive|Time left: 300 sec this turn | 300 sec total | 5 sec grace\n|\n|t:|1783558628\n|switch|p1a: Clodsire|Clodsire, L81, F|343/343\n|turn|11\n|inactive|Time left: 300 sec this turn | 300 sec total\n|\n|t:|1783558628\n|-terastallize|p1a: Clodsire|Steel\n|move|p2a: Weavile|Knock Off|p1a: Clodsire\n|-damage|p1a: Clodsire|124/343\n|-enditem|p1a: Clodsire|Leftovers|[from] move: Knock Off|[of] p2a: Weavile\n|move|p1a: Clodsire|Gunk Shot|p2a: Weavile\n|-damage|p2a: Weavile|0 fnt\n|faint|p2a: Weavile\n|\n|upkeep\n|\n|t:|1783558629\n|switch|p2a: Hatterene|Hatterene, L85, F|100/100\n|turn|12\n|inactive|Time left: 300 sec this turn | 300 sec total\n|\n|t:|1783558630\n|switch|p1a: Sableye|Sableye, L88, M|231/231\n|move|p2a: Hatterene|Mystical Fire|p1a: Sableye\n|-damage|p1a: Sableye|149/231\n|-unboost|p1a: Sableye|spa|1\n|\n|-heal|p1a: Sableye|163/231|[from] item: Leftovers\n|upkeep\n|turn|13\n|inactive|Time left: 300 sec this turn | 300 sec total\n|\n|t:|1783558631\n|move|p1a: Sableye|Recover|p1a: Sableye\n|-heal|p1a: Sableye|231/231\n|move|p2a: Hatterene|Draining Kiss|p1a: Sableye\n|-supereffective|p1a: Sableye\n|-damage|p1a: Sableye|63/231\n|\n|-heal|p1a: Sableye|77/231|[from] item: Leftovers\n|upkeep\n|turn|14\n|inactive|Time left: 300 sec this turn | 300 sec total\n|\n|t:|1783558631\n|move|p1a: Sableye|Recover|p1a: Sableye\n|-heal|p1a: Sableye|193/231\n|move|p2a: Hatterene|Draining Kiss|p1a: Sableye\n|-supereffective|p1a: Sableye\n|-damage|p1a: Sableye|29/231\n|\n|-heal|p1a: Sableye|43/231|[from] item: Leftovers\n|upkeep\n|turn|15\n|inactive|Time left: 300 sec this turn | 300 sec total\n|\n|t:|1783558632\n|switch|p1a: Clodsire|Clodsire, L81, F, tera:Steel|124/343\n|move|p2a: Hatterene|Draining Kiss|p1a: Clodsire\n|-resisted|p1a: Clodsire\n|-damage|p1a: Clodsire|89/343\n|\n|upkeep\n|turn|16\n|inactive|Time left: 300 sec this turn | 300 sec total\n|\n|t:|1783558634\n|move|p2a: Hatterene|Mystical Fire|p1a: Clodsire\n|-supereffective|p1a: Clodsire\n|-damage|p1a: Clodsire|0 fnt\n|faint|p1a: Clodsire\n|\n|upkeep\n|inactive|Time left: 300 sec this turn | 300 sec total | 5 sec grace\n|\n|t:|1783558635\n|switch|p1a: Smeargle|Smeargle, L95, M|258/258\n|turn|17\n|inactive|Time left: 300 sec this turn | 300 sec total\n|\n|t:|1783558636\n|move|p2a: Hatterene|Psychic|p1a: Smeargle\n|-damage|p1a: Smeargle|72/258\n|move|p1a: Smeargle|Whirlwind|p2a: Hatterene\n|move|p2a: Hatterene|Whirlwind|p1a: Smeargle|[from] ability: Magic Bounce\n|drag|p1a: Sableye|Sableye, L88, M|43/231\n|\n|-heal|p1a: Sableye|57/231|[from] item: Leftovers\n|upkeep\n|turn|18\n|inactive|Time left: 300 sec this turn | 300 sec total\n|\n|t:|1783558637\n|move|p1a: Sableye|Recover|p1a: Sableye\n|-heal|p1a: Sableye|173/231\n|move|p2a: Hatterene|Draining Kiss|p1a: Sableye\n|-supereffective|p1a: Sableye\n|-damage|p1a: Sableye|3/231\n|\n|-heal|p1a: Sableye|17/231|[from] item: Leftovers\n|upkeep\n|turn|19\n|inactive|Time left: 300 sec this turn | 300 sec total\n|\n|t:|1783558638\n|switch|p1a: Smeargle|Smeargle, L95, M|72/258\n|move|p2a: Hatterene|Draining Kiss|p1a: Smeargle\n|-damage|p1a: Smeargle|0 fnt\n|faint|p1a: Smeargle\n|\n|upkeep\n|inactive|Time left: 300 sec this turn | 300 sec total | 5 sec grace\n|\n|t:|1783558638\n|switch|p1a: Sableye|Sableye, L88, M|17/231\n|turn|20\n|inactive|Time left: 300 sec this turn | 300 sec total\n|\n|t:|1783558639\n|move|p1a: Sableye|Recover|p1a: Sableye\n|-heal|p1a: Sableye|133/231\n|move|p2a: Hatterene|Draining Kiss|p1a: Sableye\n|-supereffective|p1a: Sableye\n|-damage|p1a: Sableye|0 fnt\n|faint|p1a: Sableye\n|\n|win|p0y167293d3", "uploadtime": 1783558639, "views": 0, "rating": 0, "private": 0, "password": null, "_winner": "p0y167293d3", "_our_name": "p0x16722fcf"}