{"id": "battle-gen9randombattle-1332", "formatid": "gen9randombattle", "format": "[Gen 9] Random Battle", "players": ["p0x133261b2", "p0y13320346"], "log": "|init|battle\n|title|p0x133261b2 vs. p0y13320346\n|j|\u2606p0x133261b2\n|j|\u2606p0y13320346\n|t:|1783554589\n|gametype|singles\n|player|p1|p0x133261b2|1|\n|player|p2|p0y13320346|265|\n|gen|9\n|tier|[Gen 9] Random Battle\n|rule|Species Clause: Limit one of each Pok\u00e9mon\n|rule|HP Percentage Mod: HP is shown in percentages\n|rule|Sleep Clause Mod: Limit one foe put to sleep\n|rule|Illusion Level Mod: Illusion disguises the Pok\u00e9mon's true level\n|\n|t:|1783554589\n|teamsize|p1|6\n|teamsize|p2|6\n|start\n|switch|p1a: Krookodile|Krookodile, L79, M|280/280\n|switch|p2a: Conkeldurr|Conkeldurr, L80, M|100/100\n|-ability|p1a: Krookodile|Intimidate|boost\n|-unboost|p2a: Conkeldurr|atk|1\n|turn|1\n|inactive|Battle timer is ON: inactive players will automatically lose when time's up. (requested by p0y13320346)\n|inactive|Time left: 300 sec this turn | 300 sec total | 60 sec grace\n|inactive|p0x133261b2 also wants the timer to be on.\n|\n|t:|1783554591\n|move|p1a: Krookodile|Knock Off|p2a: Conkeldurr\n|-resisted|p2a: Conkeldurr\n|-crit|p2a: Conkeldurr\n|-damage|p2a: Conkeldurr|66/100\n|-enditem|p2a: Conkeldurr|Flame Orb|[from] move: Knock Off|[of] p1a: Krookodile\n|-damage|p1a: Krookodile|252/280|[from] item: Life Orb\n|move|p2a: Conkeldurr|Close Combat|p1a: Krookodile\n|-supereffective|p1a: Krookodile\n|-damage|p1a: Krookodile|4/280\n|-unboost|p2a: Conkeldurr|def|1\n|-unboost|p2a: Conkeldurr|spd|1\n|\n|upkeep\n|turn|2\n|inactive|Time left: 300 sec this turn | 300 sec total\n|\n|t:|1783554592\n|switch|p2a: Bombirdier|Bombirdier, L85, M|100/100\n|move|p1a: Krookodile|Stealth Rock|p2a: Bombirdier\n|-sidestart|p2: p0y13320346|move: Stealth Rock\n|\n|upkeep\n|turn|3\n|inactive|Time left: 300 sec this turn | 300 sec total\n|\n|t:|1783554593\n|move|p1a: Krookodile|Knock Off|p2a: Bombirdier\n|-resisted|p2a: Bombirdier\n|-damage|p2a: Bombirdier|73/100\n|-enditem|p2a: Bombirdier|Choice Band|[from] move: Knock Off|[of] p1a: Krookodile\n|-damage|p1a: Krookodile|0 fnt|[from] item: Life Orb\n|faint|p1a: Krookodile\n|move|p2a: Bombirdier|Knock Off|p1: Krookodile|[notarget]\n|-fail|p2a: Bombirdier\n|\n|upkeep\n|inactive|Time left: 300 sec this turn | 300 sec total | 5 sec grace\n|\n|t:|1783554594\n|switch|p1a: Lucario|Lucario, L84, M|255/255\n|turn|4\n|inactive|Time left: 300 sec this turn | 300 sec total\n|\n|t:|1783554596\n|switch|p2a: Skeledirge|Skeledirge, L79, M|100/100\n|move|p1a: Lucario|Close Combat|p2a: Skeledirge\n|-immune|p2a: Skeledirge\n|\n|upkeep\n|turn|5\n|inactive|Time left: 300 sec this turn | 300 sec total\n|\n|t:|1783554597\n|switch|p1a: Regice|Regice, L88|284/284\n|move|p2a: Skeledirge|Torch Song|p1a: Regice\n|-supereffective|p1a: Regice\n|-damage|p1a: Regice|198/284\n|-boost|p2a: Skeledirge|spa|1\n|\n|upkeep\n|turn|6\n|inactive|Time left: 300 sec this turn | 300 sec total\n|\n|t:|1783554598\n|-terastallize|p1a: Regice|Electric\n|move|p2a: Skeledirge|Torch Song|p1a: Regice\n|-damage|p1a: Regice|134/284\n|-boost|p2a: Skeledirge|spa|1\n|move|p1a: Regice|Thunderbolt|p2a: Skeledirge\n|-damage|p2a: Skeledirge|58/100\n|\n|upkeep\n|turn|7\n|inactive|Time left: 300 sec this turn | 300 sec total\n|\n|t:|1783554599\n|move|p2a: Skeledirge|Torch Song|p1a: Regice\n|-damage|p1a: Regice|46/284\n|-boost|p2a: Skeledirge|spa|1\n|move|p1a: Regice|Thunderbolt|p2a: Skeledirge\n|-damage|p2a: Skeledirge|16/100\n|-status|p2a: Skeledirge|par\n|\n|upkeep\n|turn|8\n|inactive|Time left: 300 sec this turn | 300 sec total\n|\n|t:|1783554601\n|move|p1a: Regice|Thunderbolt|p2a: Skeledirge\n|-damage|p2a: Skeledirge|0 fnt\n|faint|p2a: Skeledirge\n|\n|upkeep\n|\n|t:|1783554601\n|switch|p2a: Fezandipiti|Fezandipiti, L82, M|100/100\n|-damage|p2a: Fezandipiti|88/100|[from] Stealth Rock\n|turn|9\n|inactive|Time left: 300 sec this turn | 300 sec total\n|\n|t:|1783554603\n|move|p2a: Fezandipiti|Play Rough|p1a: Regice\n|-damage|p1a: Regice|0 fnt\n|faint|p1a: Regice\n|\n|-heal|p2a: Fezandipiti|94/100|[from] item: Leftovers\n|upkeep\n|inactive|Time left: 300 sec this turn | 300 sec total | 5 sec grace\n|\n|t:|1783554603\n|switch|p1a: Lucario|Lucario, L84, M|255/255\n|turn|10\n|inactive|Time left: 300 sec this turn | 300 sec total\n|\n|t:|1783554604\n|-terastallize|p2a: Fezandipiti|Ground\n|move|p2a: Fezandipiti|Tera Blast|p1a: Lucario|[anim] Tera Blast Ground\n|-supereffective|p1a: Lucario\n|-damage|p1a: Lucario|61/255\n|move|p1a: Lucario|Meteor Mash|p2a: Fezandipiti|[miss]\n|-miss|p1a: Lucario|p2a: Fezandipiti\n|\n|-heal|p2a: Fezandipiti|100/100|[from] item: Leftovers\n|upkeep\n|turn|11\n|inactive|Time left: 300 sec this turn | 300 sec total\n|\n|t:|1783554605\n|move|p2a: Fezandipiti|Tera Blast|p1a: Lucario|[anim] Tera Blast Ground\n|-supereffective|p1a: Lucario\n|-damage|p1a: Lucario|0 fnt\n|faint|p1a: Lucario\n|\n|upkeep\n|inactive|Time left: 300 sec this turn | 300 sec total | 5 sec grace\n|\n|t:|1783554606\n|switch|p1a: Kricketune|Kricketune, L99, F|312/312\n|turn|12\n|inactive|Time left: 300 sec this turn | 300 sec total\n|\n|t:|1783554607\n|move|p2a: Fezandipiti|Swords Dance|p2a: Fezandipiti\n|-boost|p2a: Fezandipiti|atk|2\n|move|p1a: Kricketune|Sticky Web|p2a: Fezandipiti\n|-sidestart|p2: p0y13320346|move: Sticky Web\n|\n|upkeep\n|turn|13\n|inactive|Time left: 300 sec this turn | 300 sec total\n|\n|t:|1783554608\n|move|p2a: Fezandipiti|Gunk Shot|p1a: Kricketune\n|-damage|p1a: Kricketune|27/312\n|-status|p1a: Kricketune|psn\n|move|p1a: Kricketune|Pounce|p2a: Fezandipiti\n|-damage|p2a: Fezandipiti|65/100\n|-unboost|p2a: Fezandipiti|spe|1\n|\n|-heal|p2a: Fezandipiti|71/100|[from] item: Leftovers\n|-damage|p1a: Kricketune|0 fnt|[from] psn\n|faint|p1a: Kricketune\n|upkeep\n|inactive|Time left: 300 sec this turn | 300 sec total | 5 sec grace\n|\n|t:|1783554609\n|switch|p1a: Palafin|Palafin, L77, F|281/281\n|turn|14\n|inactive|Time left: 300 sec this turn | 300 sec total\n|\n|t:|1783554610\n|move|p1a: Palafin|Wave Crash|p2a: Fezandipiti\n|-supereffective|p2a: Fezandipiti\n|-damage|p2a: Fezandipiti|4/100\n|-damage|p1a: Palafin|220/281|[from] Recoil\n|move|p2a: Fezandipiti|Gunk Shot|p1a: Palafin\n|-damage|p1a: Palafin|0 fnt\n|faint|p1a: Palafin\n|\n|-heal|p2a: Fezandipiti|10/100|[from] item: Leftovers\n|upkeep\n|inactive|Time left: 300 sec this turn | 300 sec total | 5 sec grace\n|\n|t:|1783554611\n|switch|p1a: Rayquaza|Rayquaza, L72|270/270\n|-ability|p1a: Rayquaza|Air Lock\n|turn|15\n|inactive|Time left: 300 sec this turn | 300 sec total\n|\n|t:|1783554612\n|move|p1a: Rayquaza|Scale Shot|p2a: Fezandipiti\n|-damage|p2a: Fezandipiti|0 fnt\n|faint|p2a: Fezandipiti\n|-hitcount|p2: Fezandipiti|1\n|-unboost|p1a: Rayquaza|def|1\n|-boost|p1a: Rayquaza|spe|1\n|\n|upkeep\n|\n|t:|1783554613\n|switch|p2a: Bombirdier|Bombirdier, L85, M|73/100\n|-damage|p2a: Bombirdier|49/100|[from] Stealth Rock\n|turn|16\n|inactive|Time left: 300 sec this turn | 300 sec total\n|\n|t:|1783554614\n|move|p2a: Bombirdier|Sucker Punch||[still]\n|-fail|p2a: Bombirdier\n|move|p1a: Rayquaza|Swords Dance|p1a: Rayquaza\n|-boost|p1a: Rayquaza|atk|2\n|\n|upkeep\n|turn|17\n|inactive|Time left: 300 sec this turn | 300 sec total\n|\n|t:|1783554615\n|move|p2a: Bombirdier|Sucker Punch|p1a: Rayquaza\n|-damage|p1a: Rayquaza|125/270\n|move|p1a: Rayquaza|Scale Shot|p2a: Bombirdier\n|-damage|p2a: Bombirdier|28/100\n|-damage|p2a: Bombirdier|4/100\n|-damage|p2a: Bombirdier|0 fnt\n|faint|p2a: Bombirdier\n|-hitcount|p2: Bombirdier|3\n|-unboost|p1a: Rayquaza|def|1\n|-boost|p1a: Rayquaza|spe|1\n|\n|upkeep\n|\n|t:|1783554615\n|switch|p2a: Raikou|Raikou, L81|100/100\n|-damage|p2a: Raikou|88/100|[from] Stealth Rock\n|-activate|p2a: Raikou|move: Sticky Web\n|-unboost|p2a: Raikou|spe|1\n|-ability|p2a: Raikou|Pressure\n|turn|18\n|inactive|Time left: 300 sec this turn | 300 sec total\n|\n|t:|1783554616\n|switch|p2a: Jumpluff|Jumpluff, L87, F|100/100\n|-damage|p2a: Jumpluff|76/100|[from] Stealth Rock\n|move|p1a: Rayquaza|Earthquake|p2a: Jumpluff\n|-immune|p2a: Jumpluff\n|\n|upkeep\n|turn|19\n|inactive|Time left: 300 sec this turn | 300 sec total\n|\n|t:|1783554617\n|move|p1a: Rayquaza|Scale Shot|p2a: Jumpluff\n|-damage|p2a: Jumpluff|50/100\n|-damage|p2a: Jumpluff|26/100\n|-damage|p2a: Jumpluff|2/100\n|-damage|p2a: Jumpluff|0 fnt\n|faint|p2a: Jumpluff\n|-hitcount|p2: Jumpluff|4\n|-unboost|p1a: Rayquaza|def|1\n|-boost|p1a: Rayquaza|spe|1\n|\n|upkeep\n|\n|t:|1783554618\n|switch|p2a: Conkeldurr|Conkeldurr, L80, M|66/100\n|-damage|p2a: Conkeldurr|60/100|[from] Stealth Rock\n|-activate|p2a: Conkeldurr|move: Sticky Web\n|-unboost|p2a: Conkeldurr|spe|1\n|turn|20\n|inactive|Time left: 300 sec this turn | 300 sec total\n|\n|t:|1783554619\n|switch|p2a: Raikou|Raikou, L81|88/100\n|-damage|p2a: Raikou|76/100|[from] Stealth Rock\n|-activate|p2a: Raikou|move: Sticky Web\n|-unboost|p2a: Raikou|spe|1\n|-ability|p2a: Raikou|Pressure\n|move|p1a: Rayquaza|Dragon Ascent|p2a: Raikou\n|-resisted|p2a: Raikou\n|-damage|p2a: Raikou|24/100\n|-unboost|p1a: Rayquaza|def|1\n|-unboost|p1a: Rayquaza|spd|1\n|\n|-heal|p2a: Raikou|30/100|[from] item: Leftovers\n|upkeep\n|turn|21\n|inactive|Time left: 300 sec this turn | 300 sec total\n|\n|t:|1783554620\n|move|p1a: Rayquaza|Dragon Ascent|p2a: Raikou\n|-resisted|p2a: Raikou\n|-damage|p2a: Raikou|0 fnt\n|-unboost|p1a: Rayquaza|def|1\n|-unboost|p1a: Rayquaza|spd|1\n|faint|p2a: Raikou\n|\n|upkeep\n|\n|t:|1783554620\n|switch|p2a: Conkeldurr|Conkeldurr, L80, M|60/100\n|-damage|p2a: Conkeldurr|54/100|[from] Stealth Rock\n|-activate|p2a: Conkeldurr|move: Sticky Web\n|-unboost|p2a: Conkeldurr|spe|1\n|turn|22\n|inactive|Time left: 300 sec this turn | 300 sec total\n|\n|t:|1783554621\n|move|p2a: Conkeldurr|Mach Punch|p1a: Rayquaza\n|-resisted|p1a: Rayquaza\n|-damage|p1a: Rayquaza|18/270\n|move|p1a: Rayquaza|Dragon Ascent|p2a: Conkeldurr\n|-supereffective|p2a: Conkeldurr\n|-damage|p2a: Conkeldurr|0 fnt\n|-unboost|p1a: Rayquaza|def|1\n|-unboost|p1a: Rayquaza|spd|1\n|faint|p2a: Conkeldurr\n|\n|win|p0x133261b2", "uploadtime": 1783554621, "views": 0, "rating": 0, "private": 0, "password": null, "_winner": "p0x133261b2", "_our_name": "p0x133261b2"}