{"id": "battle-gen9randombattle-38", "formatid": "gen9randombattle", "format": "[Gen 9] Random Battle", "players": ["p0x038d8c2", "p0y038c787"], "log": "|init|battle\n|title|p0x038d8c2 vs. p0y038c787\n|j|\u2606p0x038d8c2\n|j|\u2606p0y038c787\n|t:|1783539610\n|gametype|singles\n|player|p1|p0x038d8c2|1|\n|player|p2|p0y038c787|169|\n|gen|9\n|tier|[Gen 9] Random Battle\n|rule|Species Clause: Limit one of each Pok\u00e9mon\n|rule|HP Percentage Mod: HP is shown in percentages\n|rule|Sleep Clause Mod: Limit one foe put to sleep\n|rule|Illusion Level Mod: Illusion disguises the Pok\u00e9mon's true level\n|\n|t:|1783539610\n|teamsize|p1|6\n|teamsize|p2|6\n|start\n|switch|p1a: Froslass|Froslass, L87, F|100/100\n|switch|p2a: Thundurus|Thundurus-Therian, L80, M|258/258\n|turn|1\n|inactive|Battle timer is ON: inactive players will automatically lose when time's up. (requested by p0x038d8c2)\n|inactive|Time left: 300 sec this turn | 300 sec total | 60 sec grace\n|inactive|p0y038c787 also wants the timer to be on.\n|\n|t:|1783539611\n|switch|p2a: Eiscue|Eiscue, L88, F|274/274\n|move|p1a: Froslass|Triple Axel|p2a: Eiscue\n|-activate|p2a: Eiscue|ability: Ice Face\n|-damage|p2a: Eiscue|274/274\n|detailschange|p2a: Eiscue|Eiscue-Noice, L88, F\n|-resisted|p2a: Eiscue\n|-damage|p2a: Eiscue|250/274\n|-resisted|p2a: Eiscue\n|-damage|p2a: Eiscue|220/274\n|-hitcount|p2a: Eiscue|3\n|\n|upkeep\n|turn|2\n|inactive|Time left: 300 sec this turn | 300 sec total\n|\n|t:|1783539613\n|move|p2a: Eiscue|Ice Spinner|p1a: Froslass\n|-resisted|p1a: Froslass\n|-crit|p1a: Froslass\n|-damage|p1a: Froslass|72/100\n|move|p1a: Froslass|Poltergeist|p2a: Eiscue\n|-activate|p2a: Eiscue|move: Poltergeist|Sitrus Berry\n|-damage|p2a: Eiscue|99/274\n|-enditem|p2a: Eiscue|Sitrus Berry|[eat]\n|-heal|p2a: Eiscue|167/274|[from] item: Sitrus Berry\n|\n|upkeep\n|turn|3\n|inactive|Time left: 300 sec this turn | 300 sec total\n|\n|t:|1783539614\n|move|p2a: Eiscue|Zen Headbutt|p1a: Froslass\n|-damage|p1a: Froslass|48/100\n|-start|p2a: Eiscue|Disable|Zen Headbutt|[from] ability: Cursed Body|[of] p1a: Froslass\n|cant|p1a: Froslass|flinch\n|\n|upkeep\n|turn|4\n|inactive|Time left: 300 sec this turn | 300 sec total\n|\n|t:|1783539615\n|move|p2a: Eiscue|Ice Spinner|p1a: Froslass\n|-resisted|p1a: Froslass\n|-damage|p1a: Froslass|31/100\n|move|p1a: Froslass|Will-O-Wisp|p2a: Eiscue|[miss]\n|-miss|p1a: Froslass|p2a: Eiscue\n|\n|upkeep\n|turn|5\n|inactive|Time left: 300 sec this turn | 300 sec total\n|\n|t:|1783539616\n|move|p2a: Eiscue|Liquidation|p1a: Froslass\n|-damage|p1a: Froslass|6/100\n|move|p1a: Froslass|Will-O-Wisp|p2a: Eiscue\n|-status|p2a: Eiscue|brn\n|\n|-damage|p2a: Eiscue|150/274 brn|[from] brn\n|upkeep\n|turn|6\n|inactive|Time left: 300 sec this turn | 300 sec total\n|\n|t:|1783539617\n|switch|p1a: Glaceon|Glaceon, L94, F|100/100\n|move|p2a: Eiscue|Ice Spinner|p1a: Glaceon\n|-resisted|p1a: Glaceon\n|-damage|p1a: Glaceon|95/100\n|\n|-damage|p2a: Eiscue|133/274 brn|[from] brn\n|-end|p2a: Eiscue|Disable\n|upkeep\n|turn|7\n|inactive|Time left: 300 sec this turn | 300 sec total\n|\n|t:|1783539618\n|switch|p2a: Emboar|Emboar, L84, M|322/322\n|move|p1a: Glaceon|Calm Mind|p1a: Glaceon\n|-boost|p1a: Glaceon|spa|1\n|-boost|p1a: Glaceon|spd|1\n|\n|upkeep\n|turn|8\n|inactive|Time left: 300 sec this turn | 300 sec total\n|\n|t:|1783539619\n|move|p1a: Glaceon|Protect|p1a: Glaceon\n|-singleturn|p1a: Glaceon|Protect\n|move|p2a: Emboar|Close Combat|p1a: Glaceon\n|-activate|p1a: Glaceon|move: Protect\n|\n|upkeep\n|turn|9\n|inactive|Time left: 300 sec this turn | 300 sec total\n|\n|t:|1783539619\n|switch|p1a: Froslass|Froslass, L87, F|6/100\n|move|p2a: Emboar|Close Combat|p1a: Froslass\n|-immune|p1a: Froslass\n|\n|upkeep\n|turn|10\n|inactive|Time left: 300 sec this turn | 300 sec total\n|\n|t:|1783539620\n|switch|p2a: Vaporeon|Vaporeon, L86, F|364/364\n|move|p1a: Froslass|Poltergeist|p2a: Vaporeon\n|-activate|p2a: Vaporeon|move: Poltergeist|Leftovers\n|-damage|p2a: Vaporeon|223/364\n|\n|-heal|p2a: Vaporeon|245/364|[from] item: Leftovers\n|upkeep\n|turn|11\n|inactive|Time left: 300 sec this turn | 300 sec total\n|\n|t:|1783539621\n|move|p1a: Froslass|Poltergeist|p2a: Vaporeon\n|-activate|p2a: Vaporeon|move: Poltergeist|Leftovers\n|-damage|p2a: Vaporeon|115/364\n|move|p2a: Vaporeon|Scald|p1a: Froslass\n|-damage|p1a: Froslass|0 fnt\n|-start|p2a: Vaporeon|Disable|Scald|[from] ability: Cursed Body|[of] p1a: Froslass\n|faint|p1a: Froslass\n|\n|-heal|p2a: Vaporeon|137/364|[from] item: Leftovers\n|upkeep\n|\n|t:|1783539622\n|switch|p1a: Hoopa|Hoopa-Unbound, L80|100/100\n|turn|12\n|inactive|Time left: 300 sec this turn | 300 sec total\n|\n|t:|1783539623\n|switch|p2a: Eiscue|Eiscue-Noice, L88, F|133/274 brn\n|move|p1a: Hoopa|Hyperspace Fury|p2a: Eiscue\n|-damage|p2a: Eiscue|0 fnt\n|-unboost|p1a: Hoopa|def|1\n|faint|p2a: Eiscue\n|\n|upkeep\n|inactive|Time left: 300 sec this turn | 300 sec total | 5 sec grace\n|\n|t:|1783539624\n|switch|p2a: Emboar|Emboar, L84, M|322/322\n|turn|13\n|inactive|Time left: 300 sec this turn | 300 sec total\n|\n|t:|1783539625\n|switch|p1a: Sudowoodo|Sudowoodo, L94, F|100/100\n|move|p2a: Emboar|Close Combat|p1a: Sudowoodo\n|-supereffective|p1a: Sudowoodo\n|-damage|p1a: Sudowoodo|0 fnt\n|-unboost|p2a: Emboar|def|1\n|-unboost|p2a: Emboar|spd|1\n|faint|p1a: Sudowoodo\n|\n|upkeep\n|\n|t:|1783539626\n|switch|p1a: Hoopa|Hoopa-Unbound, L80|100/100\n|turn|14\n|inactive|Time left: 300 sec this turn | 300 sec total\n|\n|t:|1783539627\n|switch|p2a: Jirachi|Jirachi, L80|291/291\n|move|p1a: Hoopa|Zen Headbutt|p2a: Jirachi\n|-resisted|p2a: Jirachi\n|-damage|p2a: Jirachi|252/291\n|\n|-heal|p2a: Jirachi|270/291|[from] item: Leftovers\n|upkeep\n|turn|15\n|inactive|Time left: 300 sec this turn | 300 sec total\n|\n|t:|1783539628\n|switch|p1a: Chesnaught|Chesnaught, L84, M|100/100\n|move|p2a: Jirachi|Iron Head|p1a: Chesnaught\n|-damage|p1a: Chesnaught|79/100\n|\n|-heal|p2a: Jirachi|288/291|[from] item: Leftovers\n|-heal|p1a: Chesnaught|85/100|[from] item: Leftovers\n|upkeep\n|turn|16\n|inactive|Time left: 300 sec this turn | 300 sec total\n|\n|t:|1783539630\n|move|p2a: Jirachi|Iron Head|p1a: Chesnaught\n|-damage|p1a: Chesnaught|62/100\n|cant|p1a: Chesnaught|flinch\n|\n|-heal|p2a: Jirachi|291/291|[from] item: Leftovers\n|-heal|p1a: Chesnaught|68/100|[from] item: Leftovers\n|upkeep\n|turn|17\n|inactive|Time left: 300 sec this turn | 300 sec total\n|\n|t:|1783539631\n|move|p2a: Jirachi|Iron Head|p1a: Chesnaught\n|-damage|p1a: Chesnaught|44/100\n|move|p1a: Chesnaught|Trailblaze|p2a: Jirachi\n|-resisted|p2a: Jirachi\n|-damage|p2a: Jirachi|263/291\n|-boost|p1a: Chesnaught|spe|1\n|\n|-heal|p1a: Chesnaught|50/100|[from] item: Leftovers\n|-heal|p2a: Jirachi|281/291|[from] item: Leftovers\n|upkeep\n|turn|18\n|inactive|Time left: 300 sec this turn | 300 sec total\n|\n|t:|1783539632\n|switch|p2a: Emboar|Emboar, L84, M|322/322\n|move|p1a: Chesnaught|Iron Defense|p1a: Chesnaught\n|-boost|p1a: Chesnaught|def|2\n|\n|-heal|p1a: Chesnaught|56/100|[from] item: Leftovers\n|upkeep\n|turn|19\n|inactive|Time left: 300 sec this turn | 300 sec total\n|\n|t:|1783539633\n|move|p1a: Chesnaught|Body Press|p2a: Emboar\n|-damage|p2a: Emboar|82/322\n|move|p2a: Emboar|Flare Blitz|p1a: Chesnaught\n|-supereffective|p1a: Chesnaught\n|-damage|p1a: Chesnaught|0 fnt\n|faint|p1a: Chesnaught\n|-damage|p2a: Emboar|30/322|[from] Recoil\n|\n|upkeep\n|\n|t:|1783539634\n|switch|p1a: Hoopa|Hoopa-Unbound, L80|100/100\n|turn|20\n|inactive|Time left: 300 sec this turn | 300 sec total\n|\n|t:|1783539635\n|move|p1a: Hoopa|Hyperspace Fury|p2a: Emboar\n|-resisted|p2a: Emboar\n|-damage|p2a: Emboar|0 fnt\n|-unboost|p1a: Hoopa|def|1\n|faint|p2a: Emboar\n|\n|upkeep\n|inactive|Time left: 300 sec this turn | 300 sec total | 5 sec grace\n|\n|t:|1783539636\n|switch|p2a: Jirachi|Jirachi, L80|281/291\n|turn|21\n|inactive|Time left: 300 sec this turn | 300 sec total\n|\n|t:|1783539637\n|switch|p1a: Kilowattrel|Kilowattrel, L83, F|100/100\n|move|p2a: Jirachi|Iron Head|p1a: Kilowattrel\n|-resisted|p1a: Kilowattrel\n|-damage|p1a: Kilowattrel|81/100\n|\n|-heal|p2a: Jirachi|291/291|[from] item: Leftovers\n|upkeep\n|turn|22\n|inactive|Time left: 300 sec this turn | 300 sec total\n|\n|t:|1783539638\n|move|p1a: Kilowattrel|Discharge|p2a: Jirachi\n|-damage|p2a: Jirachi|203/291\n|-status|p2a: Jirachi|par\n|move|p2a: Jirachi|Iron Head|p1a: Kilowattrel\n|-resisted|p1a: Kilowattrel\n|-damage|p1a: Kilowattrel|60/100\n|\n|-heal|p2a: Jirachi|221/291 par|[from] item: Leftovers\n|upkeep\n|turn|23\n|inactive|Time left: 300 sec this turn | 300 sec total\n|\n|t:|1783539639\n|switch|p2a: Thundurus|Thundurus-Therian, L80, M|258/258\n|move|p1a: Kilowattrel|Roost|p1a: Kilowattrel\n|-heal|p1a: Kilowattrel|100/100\n|-singleturn|p1a: Kilowattrel|move: Roost\n|\n|upkeep\n|turn|24\n|inactive|Time left: 300 sec this turn | 300 sec total\n|\n|t:|1783539641\n|switch|p1a: Hoopa|Hoopa-Unbound, L80|100/100\n|move|p2a: Thundurus|Nasty Plot|p2a: Thundurus\n|-boost|p2a: Thundurus|spa|2\n|\n|upkeep\n|turn|25\n|inactive|Time left: 300 sec this turn | 300 sec total\n|\n|t:|1783539642\n|move|p2a: Thundurus|Thunderbolt|p1a: Hoopa\n|-damage|p1a: Hoopa|29/100\n|-status|p1a: Hoopa|par\n|move|p1a: Hoopa|Hyperspace Fury|p2a: Thundurus\n|-damage|p2a: Thundurus|9/258\n|-unboost|p1a: Hoopa|def|1\n|\n|upkeep\n|turn|26\n|inactive|Time left: 300 sec this turn | 300 sec total\n|\n|t:|1783539643\n|move|p2a: Thundurus|Tera Blast|p1a: Hoopa\n|-damage|p1a: Hoopa|0 fnt\n|faint|p1a: Hoopa\n|\n|upkeep\n|\n|t:|1783539644\n|switch|p1a: Kilowattrel|Kilowattrel, L83, F|100/100\n|turn|27\n|inactive|Time left: 300 sec this turn | 300 sec total\n|\n|t:|1783539645\n|move|p1a: Kilowattrel|U-turn|p2a: Thundurus\n|-resisted|p2a: Thundurus\n|-crit|p2a: Thundurus\n|-damage|p2a: Thundurus|0 fnt\n|faint|p2a: Thundurus\n|\n|t:|1783539646\n|switch|p1a: Glaceon|Glaceon, L94, F|95/100|[from] U-turn\n|\n|upkeep\n|inactive|Time left: 300 sec this turn | 300 sec total | 10 sec grace\n|\n|t:|1783539647\n|switch|p2a: Vivillon|Vivillon-High Plains, L83, M|268/268\n|turn|28\n|inactive|Time left: 300 sec this turn | 300 sec total\n|\n|t:|1783539648\n|move|p2a: Vivillon|Sleep Powder|p1a: Glaceon\n|-status|p1a: Glaceon|slp|[from] move: Sleep Powder\n|cant|p1a: Glaceon|slp\n|\n|upkeep\n|turn|29\n|inactive|Time left: 300 sec this turn | 300 sec total\n|\n|t:|1783539649\n|move|p2a: Vivillon|Quiver Dance|p2a: Vivillon\n|-boost|p2a: Vivillon|spa|1\n|-boost|p2a: Vivillon|spd|1\n|-boost|p2a: Vivillon|spe|1\n|cant|p1a: Glaceon|slp\n|\n|upkeep\n|turn|30\n|inactive|Time left: 300 sec this turn | 300 sec total\n|\n|t:|1783539650\n|move|p2a: Vivillon|Quiver Dance|p2a: Vivillon\n|-boost|p2a: Vivillon|spa|1\n|-boost|p2a: Vivillon|spd|1\n|-boost|p2a: Vivillon|spe|1\n|cant|p1a: Glaceon|slp\n|\n|upkeep\n|turn|31\n|inactive|Time left: 300 sec this turn | 300 sec total\n|\n|t:|1783539651\n|move|p2a: Vivillon|Hurricane|p1a: Glaceon\n|-damage|p1a: Glaceon|27/100 slp\n|-start|p1a: Glaceon|confusion\n|-curestatus|p1a: Glaceon|slp|[msg]\n|-activate|p1a: Glaceon|confusion\n|move|p1a: Glaceon|Freeze-Dry|p2a: Vivillon\n|-supereffective|p2a: Vivillon\n|-damage|p2a: Vivillon|82/268\n|-status|p2a: Vivillon|frz\n|\n|upkeep\n|turn|32\n|inactive|Time left: 300 sec this turn | 300 sec total\n|\n|t:|1783539652\n|cant|p2a: Vivillon|frz\n|-activate|p1a: Glaceon|confusion\n|move|p1a: Glaceon|Freeze-Dry|p2a: Vivillon\n|-supereffective|p2a: Vivillon\n|-damage|p2a: Vivillon|0 fnt\n|faint|p2a: Vivillon\n|\n|upkeep\n|inactive|Time left: 300 sec this turn | 300 sec total | 5 sec grace\n|\n|t:|1783539653\n|switch|p2a: Jirachi|Jirachi, L80|221/291 par\n|turn|33\n|inactive|Time left: 300 sec this turn | 300 sec total\n|\n|t:|1783539654\n|switch|p1a: Kilowattrel|Kilowattrel, L83, F|100/100\n|move|p2a: Jirachi|Iron Head|p1a: Kilowattrel\n|-resisted|p1a: Kilowattrel\n|-damage|p1a: Kilowattrel|77/100\n|\n|-heal|p2a: Jirachi|239/291 par|[from] item: Leftovers\n|upkeep\n|turn|34\n|inactive|Time left: 300 sec this turn | 300 sec total\n|\n|t:|1783539655\n|move|p1a: Kilowattrel|Discharge|p2a: Jirachi\n|-damage|p2a: Jirachi|148/291 par\n|cant|p2a: Jirachi|par\n|\n|-heal|p2a: Jirachi|166/291 par|[from] item: Leftovers\n|upkeep\n|turn|35\n|inactive|Time left: 300 sec this turn | 300 sec total\n|\n|t:|1783539656\n|move|p1a: Kilowattrel|Discharge|p2a: Jirachi\n|-damage|p2a: Jirachi|82/291 par\n|move|p2a: Jirachi|Iron Head|p1a: Kilowattrel\n|-resisted|p1a: Kilowattrel\n|-damage|p1a: Kilowattrel|57/100\n|\n|-heal|p2a: Jirachi|100/291 par|[from] item: Leftovers\n|upkeep\n|turn|36\n|inactive|Time left: 300 sec this turn | 300 sec total\n|\n|t:|1783539657\n|move|p1a: Kilowattrel|Discharge|p2a: Jirachi\n|-damage|p2a: Jirachi|18/291 par\n|move|p2a: Jirachi|U-turn|p1a: Kilowattrel\n|-resisted|p1a: Kilowattrel\n|-damage|p1a: Kilowattrel|45/100\n|inactive|Time left: 300 sec this turn | 300 sec total | 5 sec grace\n|\n|t:|1783539658\n|switch|p2a: Vaporeon|Vaporeon, L86, F|137/364|[from] U-turn\n|\n|-heal|p2a: Vaporeon|159/364|[from] item: Leftovers\n|upkeep\n|turn|37\n|inactive|Time left: 300 sec this turn | 300 sec total\n|\n|t:|1783539659\n|-terastallize|p2a: Vaporeon|Ground\n|move|p1a: Kilowattrel|Roost|p1a: Kilowattrel\n|-heal|p1a: Kilowattrel|95/100\n|-singleturn|p1a: Kilowattrel|move: Roost\n|move|p2a: Vaporeon|Calm Mind|p2a: Vaporeon\n|-boost|p2a: Vaporeon|spa|1\n|-boost|p2a: Vaporeon|spd|1\n|\n|-heal|p2a: Vaporeon|181/364|[from] item: Leftovers\n|upkeep\n|turn|38\n|inactive|Time left: 300 sec this turn | 300 sec total\n|\n|t:|1783539660\n|move|p1a: Kilowattrel|Hurricane|p2a: Vaporeon|[miss]\n|-miss|p1a: Kilowattrel|p2a: Vaporeon\n|move|p2a: Vaporeon|Scald|p1a: Kilowattrel\n|-damage|p1a: Kilowattrel|15/100\n|-status|p1a: Kilowattrel|brn\n|\n|-heal|p2a: Vaporeon|203/364|[from] item: Leftovers\n|-damage|p1a: Kilowattrel|9/100 brn|[from] brn\n|upkeep\n|turn|39\n|inactive|Time left: 300 sec this turn | 300 sec total\n|\n|t:|1783539661\n|move|p1a: Kilowattrel|Hurricane|p2a: Vaporeon|[miss]\n|-miss|p1a: Kilowattrel|p2a: Vaporeon\n|move|p2a: Vaporeon|Scald|p1a: Kilowattrel\n|-damage|p1a: Kilowattrel|0 fnt\n|faint|p1a: Kilowattrel\n|\n|-heal|p2a: Vaporeon|225/364|[from] item: Leftovers\n|upkeep\n|\n|t:|1783539661\n|switch|p1a: Glaceon|Glaceon, L94, F|27/100\n|turn|40\n|inactive|Time left: 300 sec this turn | 300 sec total\n|\n|t:|1783539662\n|-terastallize|p1a: Glaceon|Water\n|move|p2a: Vaporeon|Protect|p2a: Vaporeon\n|-singleturn|p2a: Vaporeon|Protect\n|move|p1a: Glaceon|Freeze-Dry|p2a: Vaporeon\n|-activate|p2a: Vaporeon|move: Protect\n|\n|-heal|p2a: Vaporeon|247/364|[from] item: Leftovers\n|upkeep\n|turn|41\n|inactive|Time left: 300 sec this turn | 300 sec total\n|\n|t:|1783539663\n|move|p1a: Glaceon|Freeze-Dry|p2a: Vaporeon\n|-supereffective|p2a: Vaporeon\n|-damage|p2a: Vaporeon|97/364\n|move|p2a: Vaporeon|Scald|p1a: Glaceon\n|-resisted|p1a: Glaceon\n|-damage|p1a: Glaceon|2/100\n|-status|p1a: Glaceon|brn\n|\n|-heal|p2a: Vaporeon|119/364|[from] item: Leftovers\n|-damage|p1a: Glaceon|0 fnt|[from] brn\n|faint|p1a: Glaceon\n|\n|win|p0y038c787", "uploadtime": 1783539663, "views": 0, "rating": 0, "private": 0, "password": null, "_winner": "p0y038c787", "_our_name": "p0y038c787"}