{"id": "battle-gen9randombattle-1388", "formatid": "gen9randombattle", "format": "[Gen 9] Random Battle", "players": ["p0x13885965", "p0y138809a8"], "log": "|init|battle\n|title|p0x13885965 vs. p0y138809a8\n|j|\u2606p0x13885965\n|j|\u2606p0y138809a8\n|t:|1783556118\n|gametype|singles\n|player|p1|p0x13885965|1|\n|player|p2|p0y138809a8|2|\n|gen|9\n|tier|[Gen 9] Random Battle\n|rule|Species Clause: Limit one of each Pok\u00e9mon\n|rule|HP Percentage Mod: HP is shown in percentages\n|rule|Sleep Clause Mod: Limit one foe put to sleep\n|rule|Illusion Level Mod: Illusion disguises the Pok\u00e9mon's true level\n|\n|t:|1783556118\n|teamsize|p1|6\n|teamsize|p2|6\n|start\n|switch|p1a: Leafeon|Leafeon, L88, M|258/258\n|switch|p2a: Noivern|Noivern, L82, F|100/100\n|turn|1\n|inactive|Battle timer is ON: inactive players will automatically lose when time's up. (requested by p0x13885965)\n|\n|t:|1783556120\n|switch|p1a: Ting-Lu|Ting-Lu, L78|370/370\n|-ability|p1a: Ting-Lu|Vessel of Ruin\n|move|p2a: Noivern|Boomburst|p1a: Ting-Lu\n|-damage|p1a: Ting-Lu|249/370\n|\n|-heal|p1a: Ting-Lu|272/370|[from] item: Leftovers\n|upkeep\n|turn|2\n|inactive|Time left: 300 sec this turn | 300 sec total\n|inactive|p0y138809a8 also wants the timer to be on.\n|\n|t:|1783556122\n|move|p2a: Noivern|Boomburst|p1a: Ting-Lu\n|-damage|p1a: Ting-Lu|157/370\n|move|p1a: Ting-Lu|Throat Chop|p2a: Noivern\n|-damage|p2a: Noivern|66/100\n|-start|p2a: Noivern|Throat Chop|[silent]\n|\n|-heal|p1a: Ting-Lu|180/370|[from] item: Leftovers\n|upkeep\n|turn|3\n|inactive|Time left: 300 sec this turn | 300 sec total\n|\n|t:|1783556123\n|switch|p2a: Tsareena|Tsareena, L87, F|100/100\n|move|p1a: Ting-Lu|Spikes|p2a: Tsareena\n|-sidestart|p2: p0y138809a8|Spikes\n|\n|-heal|p1a: Ting-Lu|203/370|[from] item: Leftovers\n|upkeep\n|turn|4\n|inactive|Time left: 300 sec this turn | 300 sec total\n|\n|t:|1783556124\n|switch|p1a: Heracross|Heracross, L80, M|259/259\n|move|p2a: Tsareena|Power Whip|p1a: Heracross\n|-resisted|p1a: Heracross\n|-damage|p1a: Heracross|130/259\n|\n|-status|p1a: Heracross|brn|[from] item: Flame Orb\n|upkeep\n|turn|5\n|inactive|Time left: 300 sec this turn | 300 sec total\n|\n|t:|1783556125\n|move|p1a: Heracross|Knock Off|p2a: Tsareena\n|-damage|p2a: Tsareena|63/100\n|-enditem|p2a: Tsareena|Choice Band|[from] move: Knock Off|[of] p1a: Heracross\n|move|p2a: Tsareena|Power Whip|p1a: Heracross\n|-resisted|p1a: Heracross\n|-damage|p1a: Heracross|43/259 brn\n|\n|-damage|p1a: Heracross|27/259 brn|[from] brn\n|upkeep\n|turn|6\n|inactive|Time left: 300 sec this turn | 300 sec total\n|\n|t:|1783556127\n|move|p1a: Heracross|Close Combat|p2a: Tsareena\n|-damage|p2a: Tsareena|0 fnt\n|-unboost|p1a: Heracross|def|1\n|-unboost|p1a: Heracross|spd|1\n|faint|p2a: Tsareena\n|\n|-damage|p1a: Heracross|11/259 brn|[from] brn\n|upkeep\n|\n|t:|1783556128\n|switch|p2a: Noivern|Noivern, L82, F|66/100\n|turn|7\n|inactive|Time left: 300 sec this turn | 300 sec total\n|\n|t:|1783556129\n|switch|p1a: Houndstone|Houndstone, L86, M|264/264\n|move|p2a: Noivern|Boomburst|p1a: Houndstone\n|-immune|p1a: Houndstone\n|\n|upkeep\n|turn|8\n|inactive|Time left: 300 sec this turn | 300 sec total\n|\n|t:|1783556130\n|switch|p2a: Noivern|Noivern, L82, F|100/100\n|-damage|p2a: Noivern|88/100|[from] Spikes\n|move|p1a: Houndstone|Poltergeist|p2a: Noivern\n|-immune|p2a: Noivern\n|\n|upkeep\n|turn|9\n|inactive|Time left: 300 sec this turn | 300 sec total\n|\n|t:|1783556132\n|move|p2a: Noivern|Bitter Malice|p1a: Houndstone\n|-supereffective|p1a: Houndstone\n|-damage|p1a: Houndstone|90/264\n|-unboost|p1a: Houndstone|atk|1\n|move|p1a: Houndstone|Play Rough|p2a: Noivern\n|-damage|p2a: Noivern|61/100\n|replace|p2a: Zoroark|Zoroark-Hisui, L80, M\n|-end|p2a: Zoroark|Illusion\n|-hint|Illusion Level Mod is active, so this Pok\u00e9mon's true level was hidden.\n|\n|upkeep\n|turn|10\n|inactive|Time left: 300 sec this turn | 300 sec total\n|\n|t:|1783556133\n|switch|p1a: Ting-Lu|Ting-Lu, L78|203/370\n|-ability|p1a: Ting-Lu|Vessel of Ruin\n|move|p2a: Zoroark|Bitter Malice|p1a: Ting-Lu\n|-resisted|p1a: Ting-Lu\n|-damage|p1a: Ting-Lu|143/370\n|-unboost|p1a: Ting-Lu|atk|1\n|\n|-heal|p1a: Ting-Lu|166/370|[from] item: Leftovers\n|upkeep\n|turn|11\n|inactive|Time left: 300 sec this turn | 300 sec total\n|\n|t:|1783556134\n|move|p2a: Zoroark|Bitter Malice|p1a: Ting-Lu\n|-resisted|p1a: Ting-Lu\n|-damage|p1a: Ting-Lu|109/370\n|-unboost|p1a: Ting-Lu|atk|1\n|move|p1a: Ting-Lu|Throat Chop|p2a: Zoroark\n|-supereffective|p2a: Zoroark\n|-damage|p2a: Zoroark|4/100\n|-start|p2a: Zoroark|Throat Chop|[silent]\n|\n|-heal|p1a: Ting-Lu|132/370|[from] item: Leftovers\n|upkeep\n|turn|12\n|inactive|Time left: 300 sec this turn | 300 sec total\n|\n|t:|1783556135\n|move|p2a: Zoroark|Bitter Malice|p1a: Ting-Lu\n|-resisted|p1a: Ting-Lu\n|-damage|p1a: Ting-Lu|73/370\n|-unboost|p1a: Ting-Lu|atk|1\n|move|p1a: Ting-Lu|Earthquake|p2a: Zoroark\n|-damage|p2a: Zoroark|0 fnt\n|faint|p2a: Zoroark\n|\n|-heal|p1a: Ting-Lu|96/370|[from] item: Leftovers\n|upkeep\n|\n|t:|1783556136\n|switch|p2a: Ninetales|Ninetales, L85, F|100/100\n|-weather|SunnyDay|[from] ability: Drought|[of] p2a: Ninetales\n|turn|13\n|inactive|Time left: 300 sec this turn | 300 sec total\n|\n|t:|1783556137\n|switch|p1a: Uxie|Uxie, L83|260/260\n|move|p2a: Ninetales|Fire Blast|p1a: Uxie\n|-damage|p1a: Uxie|148/260\n|\n|-weather|SunnyDay|[upkeep]\n|-heal|p1a: Uxie|164/260|[from] item: Leftovers\n|upkeep\n|turn|14\n|inactive|Time left: 300 sec this turn | 300 sec total\n|\n|t:|1783556139\n|move|p2a: Ninetales|Nasty Plot|p2a: Ninetales\n|-boost|p2a: Ninetales|spa|2\n|move|p1a: Uxie|Knock Off|p2a: Ninetales\n|-damage|p2a: Ninetales|78/100\n|-enditem|p2a: Ninetales|Heavy-Duty Boots|[from] move: Knock Off|[of] p1a: Uxie\n|\n|-weather|SunnyDay|[upkeep]\n|-heal|p1a: Uxie|180/260|[from] item: Leftovers\n|upkeep\n|turn|15\n|inactive|Time left: 300 sec this turn | 300 sec total\n|\n|t:|1783556140\n|move|p2a: Ninetales|Fire Blast|p1a: Uxie\n|-damage|p1a: Uxie|0 fnt\n|faint|p1a: Uxie\n|\n|-weather|SunnyDay|[upkeep]\n|upkeep\n|inactive|Time left: 300 sec this turn | 300 sec total | 5 sec grace\n|\n|t:|1783556141\n|switch|p1a: Leafeon|Leafeon, L88, M|258/258\n|turn|16\n|inactive|Time left: 300 sec this turn | 300 sec total\n|\n|t:|1783556142\n|-terastallize|p1a: Leafeon|Normal\n|move|p1a: Leafeon|Double-Edge|p2a: Ninetales\n|-damage|p2a: Ninetales|0 fnt\n|faint|p2a: Ninetales\n|-damage|p1a: Leafeon|191/258|[from] Recoil\n|-damage|p1a: Leafeon|166/258|[from] item: Life Orb\n|\n|-weather|SunnyDay|[upkeep]\n|upkeep\n|\n|t:|1783556143\n|switch|p2a: Perrserker|Perrserker, L89, F|100/100\n|-damage|p2a: Perrserker|88/100|[from] Spikes\n|turn|17\n|inactive|Time left: 300 sec this turn | 300 sec total\n|\n|t:|1783556144\n|switch|p1a: Toxtricity|Toxtricity, L82, F|257/257\n|move|p2a: Perrserker|Iron Head|p1a: Toxtricity\n|-resisted|p1a: Toxtricity\n|-damage|p1a: Toxtricity|144/257\n|-damage|p2a: Perrserker|79/100|[from] item: Life Orb\n|\n|-weather|none\n|upkeep\n|turn|18\n|inactive|Time left: 300 sec this turn | 300 sec total\n|\n|t:|1783556145\n|move|p1a: Toxtricity|Overdrive|p2a: Perrserker\n|-damage|p2a: Perrserker|3/100\n|move|p2a: Perrserker|Knock Off|p1a: Toxtricity\n|-damage|p1a: Toxtricity|0 fnt\n|-enditem|p1a: Toxtricity|Choice Specs|[from] move: Knock Off|[of] p2a: Perrserker\n|faint|p1a: Toxtricity\n|-damage|p2a: Perrserker|0 fnt|[from] item: Life Orb\n|faint|p2a: Perrserker\n|\n|upkeep\n|inactive|Time left: 300 sec this turn | 300 sec total | 5 sec grace\n|\n|t:|1783556146\n|switch|p1a: Leafeon|Leafeon, L88, M, tera:Normal|166/258\n|switch|p2a: Noivern|Noivern, L82, F|66/100\n|turn|19\n|inactive|Time left: 300 sec this turn | 300 sec total\n|\n|t:|1783556147\n|move|p2a: Noivern|Hurricane|p1a: Leafeon\n|-damage|p1a: Leafeon|0 fnt\n|faint|p1a: Leafeon\n|\n|upkeep\n|inactive|Time left: 300 sec this turn | 300 sec total | 5 sec grace\n|\n|t:|1783556148\n|switch|p1a: Ting-Lu|Ting-Lu, L78|96/370\n|-ability|p1a: Ting-Lu|Vessel of Ruin\n|turn|20\n|inactive|Time left: 300 sec this turn | 300 sec total\n|\n|t:|1783556149\n|move|p2a: Noivern|Hurricane|p1a: Ting-Lu\n|-damage|p1a: Ting-Lu|0 fnt\n|faint|p1a: Ting-Lu\n|\n|upkeep\n|inactive|Time left: 300 sec this turn | 300 sec total | 5 sec grace\n|\n|t:|1783556150\n|switch|p1a: Heracross|Heracross, L80, M|11/259 brn\n|turn|21\n|inactive|Time left: 300 sec this turn | 300 sec total\n|\n|t:|1783556151\n|move|p2a: Noivern|Hurricane|p1a: Heracross\n|-supereffective|p1a: Heracross\n|-damage|p1a: Heracross|0 fnt\n|faint|p1a: Heracross\n|\n|upkeep\n|inactive|Time left: 300 sec this turn | 300 sec total | 5 sec grace\n|\n|t:|1783556152\n|switch|p1a: Houndstone|Houndstone, L86, M|90/264\n|turn|22\n|inactive|Time left: 300 sec this turn | 300 sec total\n|\n|t:|1783556153\n|-terastallize|p2a: Noivern|Normal\n|move|p2a: Noivern|Hurricane|p1a: Houndstone\n|-damage|p1a: Houndstone|0 fnt\n|faint|p1a: Houndstone\n|\n|win|p0y138809a8", "uploadtime": 1783556153, "views": 0, "rating": 0, "private": 0, "password": null, "_winner": "p0y138809a8", "_our_name": "p0x13885965"}