{"id": "battle-gen9randombattle-1180", "formatid": "gen9randombattle", "format": "[Gen 9] Random Battle", "players": ["p0x11815db4", "p0y11811b63"], "log": "|init|battle\n|title|p0x11815db4 vs. p0y11811b63\n|j|\u2606p0x11815db4\n|j|\u2606p0y11811b63\n|t:|1783553665\n|gametype|singles\n|player|p1|p0x11815db4|2|\n|player|p2|p0y11811b63|101|\n|gen|9\n|tier|[Gen 9] Random Battle\n|rule|Species Clause: Limit one of each Pok\u00e9mon\n|rule|HP Percentage Mod: HP is shown in percentages\n|rule|Sleep Clause Mod: Limit one foe put to sleep\n|rule|Illusion Level Mod: Illusion disguises the Pok\u00e9mon's true level\n|\n|t:|1783553665\n|teamsize|p1|6\n|teamsize|p2|6\n|start\n|switch|p1a: Galvantula|Galvantula, L82, F|100/100\n|switch|p2a: Araquanid|Araquanid, L82, M|246/246\n|turn|1\n|inactive|Battle timer is ON: inactive players will automatically lose when time's up. (requested by p0y11811b63)\n|inactive|p0x11815db4 also wants the timer to be on.\n|\n|t:|1783553666\n|move|p1a: Galvantula|Sticky Web|p2a: Araquanid\n|-sidestart|p2: p0y11811b63|move: Sticky Web\n|move|p2a: Araquanid|Sticky Web|p1a: Galvantula\n|-sidestart|p1: p0x11815db4|move: Sticky Web\n|\n|upkeep\n|turn|2\n|inactive|Time left: 300 sec this turn | 300 sec total\n|\n|t:|1783553667\n|move|p1a: Galvantula|Thunder|p2a: Araquanid\n|-supereffective|p2a: Araquanid\n|-damage|p2a: Araquanid|82/246\n|move|p2a: Araquanid|Liquidation|p1a: Galvantula\n|-damage|p1a: Galvantula|29/100\n|\n|upkeep\n|turn|3\n|inactive|Time left: 300 sec this turn | 300 sec total\n|\n|t:|1783553668\n|switch|p2a: Raichu|Raichu, L88, M|249/249\n|-activate|p2a: Raichu|move: Sticky Web\n|-unboost|p2a: Raichu|spe|1\n|move|p1a: Galvantula|Thunder|p2a: Raichu\n|-ability|p2a: Raichu|Lightning Rod|boost\n|-boost|p2a: Raichu|spa|1\n|\n|upkeep\n|turn|4\n|inactive|Time left: 300 sec this turn | 300 sec total\n|\n|t:|1783553669\n|move|p1a: Galvantula|Bug Buzz|p2a: Raichu\n|-damage|p2a: Raichu|161/249\n|move|p2a: Raichu|Thunderbolt|p1a: Galvantula\n|-resisted|p1a: Galvantula\n|-damage|p1a: Galvantula|0 fnt\n|faint|p1a: Galvantula\n|-damage|p2a: Raichu|137/249|[from] item: Life Orb\n|\n|upkeep\n|\n|t:|1783553671\n|switch|p1a: Barraskewda|Barraskewda, L81, F|100/100\n|-activate|p1a: Barraskewda|move: Sticky Web\n|-unboost|p1a: Barraskewda|spe|1\n|turn|5\n|inactive|Time left: 300 sec this turn | 300 sec total\n|\n|t:|1783553673\n|switch|p2a: Araquanid|Araquanid, L82, M|82/246\n|move|p1a: Barraskewda|Waterfall|p2a: Araquanid\n|-resisted|p2a: Araquanid\n|-damage|p2a: Araquanid|5/246\n|\n|upkeep\n|turn|6\n|inactive|Time left: 300 sec this turn | 300 sec total\n|\n|t:|1783553674\n|switch|p2a: Rotom|Rotom-Frost, L87|229/229\n|move|p1a: Barraskewda|Waterfall|p2a: Rotom\n|-damage|p2a: Rotom|100/229\n|\n|upkeep\n|turn|7\n|inactive|Time left: 300 sec this turn | 300 sec total\n|\n|t:|1783553675\n|switch|p1a: Vileplume|Vileplume, L85, F|100/100\n|-activate|p1a: Vileplume|move: Sticky Web\n|-unboost|p1a: Vileplume|spe|1\n|move|p2a: Rotom|Thunderbolt|p1a: Vileplume\n|-resisted|p1a: Vileplume\n|-damage|p1a: Vileplume|80/100\n|\n|-heal|p1a: Vileplume|86/100|[from] item: Leftovers\n|upkeep\n|turn|8\n|inactive|Time left: 300 sec this turn | 300 sec total\n|\n|t:|1783553676\n|move|p2a: Rotom|Blizzard|p1a: Vileplume\n|-supereffective|p1a: Vileplume\n|-damage|p1a: Vileplume|0 fnt\n|faint|p1a: Vileplume\n|\n|upkeep\n|\n|t:|1783553677\n|switch|p1a: Drifblim|Drifblim, L86, F|100/100\n|turn|9\n|inactive|Time left: 300 sec this turn | 300 sec total\n|\n|t:|1783553678\n|move|p2a: Rotom|Thunderbolt|p1a: Drifblim\n|-supereffective|p1a: Drifblim\n|-damage|p1a: Drifblim|30/100\n|-enditem|p1a: Drifblim|Sitrus Berry|[eat]\n|-heal|p1a: Drifblim|55/100|[from] item: Sitrus Berry\n|move|p1a: Drifblim|Calm Mind|p1a: Drifblim\n|-boost|p1a: Drifblim|spa|1\n|-boost|p1a: Drifblim|spd|1\n|\n|upkeep\n|turn|10\n|inactive|Time left: 300 sec this turn | 300 sec total\n|\n|t:|1783553679\n|move|p1a: Drifblim|Shadow Ball|p2a: Rotom\n|-damage|p2a: Rotom|0 fnt\n|faint|p2a: Rotom\n|\n|upkeep\n|inactive|Time left: 300 sec this turn | 300 sec total | 5 sec grace\n|\n|t:|1783553680\n|switch|p2a: Mabosstiff|Mabosstiff, L86, F|278/278\n|-activate|p2a: Mabosstiff|move: Sticky Web\n|-unboost|p2a: Mabosstiff|spe|1\n|turn|11\n|inactive|Time left: 300 sec this turn | 300 sec total\n|\n|t:|1783553681\n|move|p1a: Drifblim|Strength Sap|p2a: Mabosstiff\n|-unboost|p2a: Mabosstiff|atk|1\n|-heal|p1a: Drifblim|100/100\n|move|p2a: Mabosstiff|Crunch|p1a: Drifblim\n|-supereffective|p1a: Drifblim\n|-damage|p1a: Drifblim|40/100\n|\n|upkeep\n|turn|12\n|inactive|Time left: 300 sec this turn | 300 sec total\n|\n|t:|1783553683\n|move|p1a: Drifblim|Strength Sap|p2a: Mabosstiff\n|-unboost|p2a: Mabosstiff|atk|1\n|-heal|p1a: Drifblim|83/100\n|move|p2a: Mabosstiff|Crunch|p1a: Drifblim\n|-supereffective|p1a: Drifblim\n|-damage|p1a: Drifblim|43/100\n|-unboost|p1a: Drifblim|def|1\n|\n|upkeep\n|turn|13\n|inactive|Time left: 300 sec this turn | 300 sec total\n|\n|t:|1783553684\n|move|p1a: Drifblim|Air Slash|p2a: Mabosstiff\n|-damage|p2a: Mabosstiff|131/278\n|move|p2a: Mabosstiff|Crunch|p1a: Drifblim\n|-supereffective|p1a: Drifblim\n|-damage|p1a: Drifblim|0 fnt\n|faint|p1a: Drifblim\n|\n|upkeep\n|\n|t:|1783553685\n|switch|p1a: Calyrex|Calyrex-Ice, L72|100/100\n|-ability|p1a: Calyrex|As One\n|-ability|p1a: Calyrex|Unnerve\n|-activate|p1a: Calyrex|move: Sticky Web\n|-unboost|p1a: Calyrex|spe|1\n|turn|14\n|inactive|Time left: 300 sec this turn | 300 sec total\n|\n|t:|1783553686\n|switch|p2a: Golduck|Golduck, L90, M|290/290\n|-activate|p2a: Golduck|move: Sticky Web\n|-unboost|p2a: Golduck|spe|1\n|-ability|p2a: Golduck|Cloud Nine\n|move|p1a: Calyrex|Glacial Lance|p2a: Golduck\n|-resisted|p2a: Golduck\n|-damage|p2a: Golduck|218/290\n|\n|upkeep\n|turn|15\n|inactive|Time left: 300 sec this turn | 300 sec total\n|\n|t:|1783553687\n|move|p2a: Golduck|Nasty Plot|p2a: Golduck\n|-boost|p2a: Golduck|spa|2\n|move|p1a: Calyrex|Glacial Lance|p2a: Golduck\n|-resisted|p2a: Golduck\n|-damage|p2a: Golduck|143/290\n|\n|upkeep\n|turn|16\n|inactive|Time left: 300 sec this turn | 300 sec total\n|\n|t:|1783553688\n|switch|p1a: Scream Tail|Scream Tail, L84|100/100\n|-activate|p1a: Scream Tail|move: Sticky Web\n|-unboost|p1a: Scream Tail|spe|1\n|move|p2a: Golduck|Hydro Pump|p1a: Scream Tail\n|-damage|p1a: Scream Tail|14/100\n|-damage|p2a: Golduck|114/290|[from] item: Life Orb\n|\n|-heal|p1a: Scream Tail|20/100|[from] item: Leftovers\n|upkeep\n|turn|17\n|inactive|Time left: 300 sec this turn | 300 sec total\n|\n|t:|1783553689\n|move|p1a: Scream Tail|Play Rough|p2a: Golduck\n|-damage|p2a: Golduck|45/290\n|-unboost|p2a: Golduck|atk|1\n|move|p2a: Golduck|Nasty Plot|p2a: Golduck\n|-boost|p2a: Golduck|spa|2\n|\n|-heal|p1a: Scream Tail|26/100|[from] item: Leftovers\n|upkeep\n|turn|18\n|inactive|Time left: 300 sec this turn | 300 sec total\n|\n|t:|1783553690\n|move|p1a: Scream Tail|Play Rough|p2a: Golduck\n|-damage|p2a: Golduck|0 fnt\n|faint|p2a: Golduck\n|\n|-heal|p1a: Scream Tail|32/100|[from] item: Leftovers\n|upkeep\n|inactive|Time left: 300 sec this turn | 300 sec total | 5 sec grace\n|\n|t:|1783553691\n|switch|p2a: Cinccino|Cinccino, L83, F|260/260\n|-activate|p2a: Cinccino|move: Sticky Web\n|-unboost|p2a: Cinccino|spe|1\n|turn|19\n|inactive|Time left: 300 sec this turn | 300 sec total\n|\n|t:|1783553692\n|move|p2a: Cinccino|Tidy Up|p2a: Cinccino\n|-sideend|p2: p0y11811b63|Sticky Web\n|-sideend|p1: p0x11815db4|Sticky Web\n|-activate|p2a: Cinccino|move: Tidy Up\n|-boost|p2a: Cinccino|atk|1\n|-boost|p2a: Cinccino|spe|1\n|move|p1a: Scream Tail|Play Rough|p2a: Cinccino\n|-crit|p2a: Cinccino\n|-damage|p2a: Cinccino|116/260\n|\n|-heal|p1a: Scream Tail|38/100|[from] item: Leftovers\n|upkeep\n|turn|20\n|inactive|Time left: 300 sec this turn | 300 sec total\n|\n|t:|1783553693\n|move|p2a: Cinccino|Tail Slap|p1a: Scream Tail\n|-damage|p1a: Scream Tail|24/100\n|-damage|p1a: Scream Tail|9/100\n|-damage|p1a: Scream Tail|0 fnt\n|faint|p1a: Scream Tail\n|-end|p1a: Scream Tail|Protosynthesis|[silent]\n|-hitcount|p1: Scream Tail|3\n|\n|upkeep\n|\n|t:|1783553694\n|switch|p1a: Barraskewda|Barraskewda, L81, F|100/100\n|turn|21\n|inactive|Time left: 300 sec this turn | 300 sec total\n|\n|t:|1783553695\n|switch|p2a: Araquanid|Araquanid, L82, M|5/246\n|move|p1a: Barraskewda|Waterfall|p2a: Araquanid\n|-resisted|p2a: Araquanid\n|-damage|p2a: Araquanid|0 fnt\n|faint|p2a: Araquanid\n|\n|upkeep\n|inactive|Time left: 300 sec this turn | 300 sec total | 5 sec grace\n|\n|t:|1783553696\n|switch|p2a: Cinccino|Cinccino, L83, F|116/260\n|turn|22\n|inactive|Time left: 300 sec this turn | 300 sec total\n|\n|t:|1783553697\n|-terastallize|p2a: Cinccino|Grass\n|move|p1a: Barraskewda|Waterfall|p2a: Cinccino\n|-resisted|p2a: Cinccino\n|-damage|p2a: Cinccino|20/260\n|move|p2a: Cinccino|Tidy Up|p2a: Cinccino\n|-boost|p2a: Cinccino|atk|1\n|-boost|p2a: Cinccino|spe|1\n|\n|upkeep\n|turn|23\n|inactive|Time left: 300 sec this turn | 300 sec total\n|\n|t:|1783553698\n|switch|p1a: Calyrex|Calyrex-Ice, L72|100/100\n|-ability|p1a: Calyrex|As One\n|-ability|p1a: Calyrex|Unnerve\n|move|p2a: Cinccino|Bullet Seed|p1a: Calyrex\n|-damage|p1a: Calyrex|84/100\n|-damage|p1a: Calyrex|68/100\n|-damage|p1a: Calyrex|51/100\n|-damage|p1a: Calyrex|35/100\n|-damage|p1a: Calyrex|18/100\n|-hitcount|p1a: Calyrex|5\n|\n|upkeep\n|turn|24\n|inactive|Time left: 300 sec this turn | 300 sec total\n|\n|t:|1783553699\n|move|p2a: Cinccino|Bullet Seed|p1a: Calyrex\n|-damage|p1a: Calyrex|3/100\n|-damage|p1a: Calyrex|0 fnt\n|faint|p1a: Calyrex\n|-hitcount|p1: Calyrex|2\n|\n|upkeep\n|\n|t:|1783553699\n|switch|p1a: Barraskewda|Barraskewda, L81, F|100/100\n|turn|25\n|inactive|Time left: 300 sec this turn | 300 sec total\n|\n|t:|1783553700\n|move|p2a: Cinccino|Bullet Seed|p1a: Barraskewda\n|-supereffective|p1a: Barraskewda\n|-damage|p1a: Barraskewda|30/100\n|-supereffective|p1a: Barraskewda\n|-damage|p1a: Barraskewda|0 fnt\n|faint|p1a: Barraskewda\n|-hitcount|p1: Barraskewda|2\n|\n|win|p0y11811b63", "uploadtime": 1783553701, "views": 0, "rating": 0, "private": 0, "password": null, "_winner": "p0y11811b63", "_our_name": "p0y11811b63"}