{"id": "battle-gen9randombattle-750", "formatid": "gen9randombattle", "format": "[Gen 9] Random Battle", "players": ["p0x75096f3", "p0y750c8b0"], "log": "|init|battle\n|title|p0x75096f3 vs. p0y750c8b0\n|j|\u2606p0x75096f3\n|j|\u2606p0y750c8b0\n|t:|1783548531\n|gametype|singles\n|player|p1|p0x75096f3|169|\n|player|p2|p0y750c8b0|101|\n|gen|9\n|tier|[Gen 9] Random Battle\n|rule|Species Clause: Limit one of each Pok\u00e9mon\n|rule|HP Percentage Mod: HP is shown in percentages\n|rule|Sleep Clause Mod: Limit one foe put to sleep\n|rule|Illusion Level Mod: Illusion disguises the Pok\u00e9mon's true level\n|\n|t:|1783548531\n|teamsize|p1|6\n|teamsize|p2|6\n|start\n|switch|p1a: Revavroom|Revavroom, L79, M|256/256\n|switch|p2a: Feraligatr|Feraligatr, L79, M|100/100\n|turn|1\n|inactive|Battle timer is ON: inactive players will automatically lose when time's up. (requested by p0x75096f3)\n|inactive|p0y750c8b0 also wants the timer to be on.\n|\n|t:|1783548533\n|move|p1a: Revavroom|Gunk Shot|p2a: Feraligatr\n|-damage|p2a: Feraligatr|43/100\n|-damage|p1a: Revavroom|231/256|[from] item: Life Orb\n|move|p2a: Feraligatr|Liquidation|p1a: Revavroom\n|-damage|p1a: Revavroom|70/256\n|\n|upkeep\n|turn|2\n|inactive|Time left: 300 sec this turn | 300 sec total\n|\n|t:|1783548535\n|switch|p2a: Stantler|Stantler, L92, F|100/100\n|-ability|p2a: Stantler|Intimidate|boost\n|-unboost|p1a: Revavroom|atk|1\n|move|p1a: Revavroom|Gunk Shot|p2a: Stantler\n|-damage|p2a: Stantler|70/100\n|-status|p2a: Stantler|psn\n|-damage|p1a: Revavroom|45/256|[from] item: Life Orb\n|\n|-damage|p2a: Stantler|58/100 psn|[from] psn\n|upkeep\n|turn|3\n|inactive|Time left: 300 sec this turn | 300 sec total\n|\n|t:|1783548536\n|switch|p1a: Archaludon|Archaludon, L78, F|268/268\n|move|p2a: Stantler|Earthquake|p1a: Archaludon\n|-supereffective|p1a: Archaludon\n|-damage|p1a: Archaludon|146/268\n|-ability|p1a: Archaludon|Stamina|boost\n|-boost|p1a: Archaludon|def|1\n|\n|-damage|p2a: Stantler|46/100 psn|[from] psn\n|upkeep\n|turn|4\n|inactive|Time left: 300 sec this turn | 300 sec total\n|\n|t:|1783548537\n|switch|p2a: Chandelure|Chandelure, L83, M|100/100\n|move|p1a: Archaludon|Outrage|p2a: Chandelure\n|-damage|p2a: Chandelure|49/100\n|\n|upkeep\n|turn|5\n|inactive|Time left: 300 sec this turn | 300 sec total\n|\n|t:|1783548539\n|move|p2a: Chandelure|Fire Blast|p1a: Archaludon\n|-damage|p1a: Archaludon|0 fnt\n|faint|p1a: Archaludon\n|\n|upkeep\n|inactive|Time left: 300 sec this turn | 300 sec total | 5 sec grace\n|\n|t:|1783548540\n|switch|p1a: Medicham|Medicham, L86, M|243/243\n|turn|6\n|inactive|Time left: 300 sec this turn | 300 sec total\n|\n|t:|1783548541\n|move|p2a: Chandelure|Fire Blast|p1a: Medicham\n|-damage|p1a: Medicham|66/243\n|move|p1a: Medicham|Zen Headbutt|p2a: Chandelure\n|-damage|p2a: Chandelure|0 fnt\n|faint|p2a: Chandelure\n|\n|upkeep\n|\n|t:|1783548543\n|switch|p2a: Lycanroc|Lycanroc-Dusk, L81, M|100/100\n|turn|7\n|inactive|Time left: 300 sec this turn | 300 sec total\n|\n|t:|1783548544\n|switch|p1a: Lugia|Lugia, L73|275/275\n|move|p2a: Lycanroc|Psychic Fangs|p1a: Lugia\n|-resisted|p1a: Lugia\n|-damage|p1a: Lugia|248/275\n|\n|upkeep\n|turn|8\n|inactive|Time left: 300 sec this turn | 300 sec total\n|\n|t:|1783548545\n|move|p2a: Lycanroc|Psychic Fangs|p1a: Lugia\n|-resisted|p1a: Lugia\n|-damage|p1a: Lugia|192/275\n|move|p1a: Lugia|Calm Mind|p1a: Lugia\n|-boost|p1a: Lugia|spa|1\n|-boost|p1a: Lugia|spd|1\n|\n|upkeep\n|turn|9\n|inactive|Time left: 300 sec this turn | 300 sec total\n|\n|t:|1783548546\n|move|p2a: Lycanroc|Psychic Fangs|p1a: Lugia\n|-resisted|p1a: Lugia\n|-damage|p1a: Lugia|135/275\n|move|p1a: Lugia|Psychic Noise|p2a: Lycanroc\n|-damage|p2a: Lycanroc|54/100\n|-start|p2a: Lycanroc|move: Heal Block\n|\n|upkeep\n|turn|10\n|inactive|Time left: 300 sec this turn | 300 sec total\n|\n|t:|1783548547\n|move|p2a: Lycanroc|Psychic Fangs|p1a: Lugia\n|-resisted|p1a: Lugia\n|-damage|p1a: Lugia|78/275\n|move|p1a: Lugia|Recover|p1a: Lugia\n|-heal|p1a: Lugia|216/275\n|\n|-end|p2a: Lycanroc|move: Heal Block\n|upkeep\n|turn|11\n|inactive|Time left: 300 sec this turn | 300 sec total\n|\n|t:|1783548548\n|move|p2a: Lycanroc|Psychic Fangs|p1a: Lugia\n|-resisted|p1a: Lugia\n|-damage|p1a: Lugia|165/275\n|move|p1a: Lugia|Aeroblast|p2a: Lycanroc\n|-resisted|p2a: Lycanroc\n|-crit|p2a: Lycanroc\n|-damage|p2a: Lycanroc|9/100\n|\n|upkeep\n|turn|12\n|inactive|Time left: 300 sec this turn | 300 sec total\n|\n|t:|1783548549\n|move|p2a: Lycanroc|Psychic Fangs|p1a: Lugia\n|-resisted|p1a: Lugia\n|-damage|p1a: Lugia|111/275\n|move|p1a: Lugia|Recover|p1a: Lugia\n|-heal|p1a: Lugia|249/275\n|\n|upkeep\n|turn|13\n|inactive|Time left: 300 sec this turn | 300 sec total\n|\n|t:|1783548551\n|move|p2a: Lycanroc|Psychic Fangs|p1a: Lugia\n|-resisted|p1a: Lugia\n|-damage|p1a: Lugia|194/275\n|move|p1a: Lugia|Aeroblast|p2a: Lycanroc\n|-resisted|p2a: Lycanroc\n|-crit|p2a: Lycanroc\n|-damage|p2a: Lycanroc|0 fnt\n|faint|p2a: Lycanroc\n|\n|upkeep\n|\n|t:|1783548552\n|switch|p2a: Banette|Banette, L93, M|100/100\n|turn|14\n|inactive|Time left: 300 sec this turn | 300 sec total\n|\n|t:|1783548553\n|move|p1a: Lugia|Recover|p1a: Lugia\n|-heal|p1a: Lugia|275/275\n|move|p2a: Banette|Poltergeist|p1a: Lugia\n|-activate|p1a: Lugia|move: Poltergeist|Heavy-Duty Boots\n|-supereffective|p1a: Lugia\n|-damage|p1a: Lugia|84/275\n|-damage|p2a: Banette|90/100|[from] item: Life Orb\n|\n|upkeep\n|turn|15\n|inactive|Time left: 300 sec this turn | 300 sec total\n|\n|t:|1783548554\n|-terastallize|p1a: Lugia|Steel\n|move|p1a: Lugia|Aeroblast|p2a: Banette\n|-damage|p2a: Banette|43/100\n|-start|p1a: Lugia|Disable|Aeroblast|[from] ability: Cursed Body|[of] p2a: Banette\n|move|p2a: Banette|Poltergeist|p1a: Lugia\n|-activate|p1a: Lugia|move: Poltergeist|Heavy-Duty Boots\n|-damage|p1a: Lugia|0 fnt\n|faint|p1a: Lugia\n|-damage|p2a: Banette|33/100|[from] item: Life Orb\n|\n|upkeep\n|inactive|Time left: 300 sec this turn | 300 sec total | 5 sec grace\n|\n|t:|1783548555\n|switch|p1a: Sawsbuck|Sawsbuck-Autumn, L88, F|284/284\n|turn|16\n|inactive|Time left: 300 sec this turn | 300 sec total\n|\n|t:|1783548556\n|move|p1a: Sawsbuck|High Horsepower|p2a: Banette\n|-damage|p2a: Banette|0 fnt\n|-start|p1a: Sawsbuck|Disable|High Horsepower|[from] ability: Cursed Body|[of] p2a: Banette\n|faint|p2a: Banette\n|-damage|p1a: Sawsbuck|256/284|[from] item: Life Orb\n|\n|upkeep\n|\n|t:|1783548557\n|switch|p2a: Typhlosion|Typhlosion, L84, M|100/100\n|turn|17\n|inactive|Time left: 300 sec this turn | 300 sec total\n|\n|t:|1783548558\n|move|p2a: Typhlosion|Eruption|p1a: Sawsbuck\n|-supereffective|p1a: Sawsbuck\n|-damage|p1a: Sawsbuck|0 fnt\n|faint|p1a: Sawsbuck\n|\n|upkeep\n|inactive|Time left: 300 sec this turn | 300 sec total | 5 sec grace\n|\n|t:|1783548559\n|switch|p1a: Terapagos|Terapagos, L77, M|265/265\n|-activate|p1a: Terapagos|ability: Tera Shift\n|detailschange|p1a: Terapagos|Terapagos-Terastal, L77, M\n|-heal|p1a: Terapagos|273/273|[silent]\n|turn|18\n|inactive|Time left: 300 sec this turn | 300 sec total\n|\n|t:|1783548560\n|move|p2a: Typhlosion|Eruption|p1a: Terapagos\n|-activate|p1a: Terapagos|ability: Tera Shell\n|-resisted|p1a: Terapagos\n|-damage|p1a: Terapagos|192/273\n|move|p1a: Terapagos|Earth Power|p2a: Typhlosion\n|-supereffective|p2a: Typhlosion\n|-damage|p2a: Typhlosion|59/100\n|\n|upkeep\n|turn|19\n|inactive|Time left: 300 sec this turn | 300 sec total\n|\n|t:|1783548561\n|move|p2a: Typhlosion|Eruption|p1a: Terapagos\n|-damage|p1a: Terapagos|107/273\n|move|p1a: Terapagos|Tera Starstorm|p2a: Typhlosion\n|-damage|p2a: Typhlosion|14/100\n|\n|upkeep\n|turn|20\n|inactive|Time left: 300 sec this turn | 300 sec total\n|\n|t:|1783548562\n|move|p2a: Typhlosion|Eruption|p1a: Terapagos\n|-damage|p1a: Terapagos|74/273\n|move|p1a: Terapagos|Rapid Spin|p2a: Typhlosion\n|-damage|p2a: Typhlosion|0 fnt\n|-boost|p1a: Terapagos|spe|1\n|faint|p2a: Typhlosion\n|\n|upkeep\n|\n|t:|1783548563\n|switch|p2a: Stantler|Stantler, L92, F|46/100 psn\n|-ability|p2a: Stantler|Intimidate|boost\n|-unboost|p1a: Terapagos|atk|1\n|turn|21\n|inactive|Time left: 300 sec this turn | 300 sec total\n|\n|t:|1783548564\n|move|p1a: Terapagos|Tera Starstorm|p2a: Stantler\n|-damage|p2a: Stantler|15/100 psn\n|move|p2a: Stantler|Body Slam|p1a: Terapagos\n|-damage|p1a: Terapagos|0 fnt\n|faint|p1a: Terapagos\n|\n|-damage|p2a: Stantler|2/100 psn|[from] psn\n|upkeep\n|inactive|Time left: 300 sec this turn | 300 sec total | 5 sec grace\n|\n|t:|1783548565\n|switch|p1a: Revavroom|Revavroom, L79, M|45/256\n|turn|22\n|inactive|Time left: 300 sec this turn | 300 sec total\n|\n|t:|1783548566\n|-terastallize|p2a: Stantler|Ground\n|move|p2a: Stantler|Thunder Wave|p1a: Revavroom\n|-status|p1a: Revavroom|par\n|cant|p1a: Revavroom|par\n|\n|-damage|p2a: Stantler|0 fnt|[from] psn\n|faint|p2a: Stantler\n|upkeep\n|\n|t:|1783548567\n|switch|p2a: Feraligatr|Feraligatr, L79, M|43/100\n|turn|23\n|inactive|Time left: 300 sec this turn | 300 sec total\n|\n|t:|1783548568\n|move|p2a: Feraligatr|Dragon Dance|p2a: Feraligatr\n|-boost|p2a: Feraligatr|atk|1\n|-boost|p2a: Feraligatr|spe|1\n|move|p1a: Revavroom|High Horsepower|p2a: Feraligatr\n|-damage|p2a: Feraligatr|12/100\n|-damage|p1a: Revavroom|20/256 par|[from] item: Life Orb\n|\n|upkeep\n|turn|24\n|inactive|Time left: 300 sec this turn | 300 sec total\n|\n|t:|1783548569\n|move|p2a: Feraligatr|Dragon Dance|p2a: Feraligatr\n|-boost|p2a: Feraligatr|atk|1\n|-boost|p2a: Feraligatr|spe|1\n|cant|p1a: Revavroom|par\n|\n|upkeep\n|turn|25\n|inactive|Time left: 300 sec this turn | 300 sec total\n|\n|t:|1783548570\n|move|p2a: Feraligatr|Dragon Dance|p2a: Feraligatr\n|-boost|p2a: Feraligatr|atk|1\n|-boost|p2a: Feraligatr|spe|1\n|move|p1a: Revavroom|Iron Head|p2a: Feraligatr\n|-resisted|p2a: Feraligatr\n|-damage|p2a: Feraligatr|0 fnt\n|faint|p2a: Feraligatr\n|-damage|p1a: Revavroom|0 fnt|[from] item: Life Orb\n|faint|p1a: Revavroom\n|\n|win|p0x75096f3", "uploadtime": 1783548570, "views": 0, "rating": 0, "private": 0, "password": null, "_winner": "p0x75096f3", "_our_name": "p0x75096f3"}