{"id": "battle-gen9randombattle-2203", "formatid": "gen9randombattle", "format": "[Gen 9] Random Battle", "players": ["p0x2203d47e", "p0y22035fc9"], "log": "|init|battle\n|title|p0x2203d47e vs. p0y22035fc9\n|j|\u2606p0x2203d47e\n|j|\u2606p0y22035fc9\n|t:|1783565533\n|gametype|singles\n|player|p1|p0x2203d47e|101|\n|player|p2|p0y22035fc9|169|\n|gen|9\n|tier|[Gen 9] Random Battle\n|rule|Species Clause: Limit one of each Pok\u00e9mon\n|rule|HP Percentage Mod: HP is shown in percentages\n|rule|Sleep Clause Mod: Limit one foe put to sleep\n|rule|Illusion Level Mod: Illusion disguises the Pok\u00e9mon's true level\n|\n|t:|1783565533\n|teamsize|p1|6\n|teamsize|p2|6\n|start\n|switch|p1a: Grafaiai|Grafaiai, L86, F|249/249\n|switch|p2a: Azelf|Azelf, L82|100/100\n|turn|1\n|inactive|Battle timer is ON: inactive players will automatically lose when time's up. (requested by p0x2203d47e)\n|inactive|p0y22035fc9 also wants the timer to be on.\n|\n|t:|1783565534\n|move|p1a: Grafaiai|Knock Off|p2a: Azelf\n|-supereffective|p2a: Azelf\n|-damage|p2a: Azelf|34/100\n|-enditem|p2a: Azelf|Life Orb|[from] move: Knock Off|[of] p1a: Grafaiai\n|move|p2a: Azelf|Psychic|p1a: Grafaiai\n|-supereffective|p1a: Grafaiai\n|-damage|p1a: Grafaiai|87/249\n|\n|upkeep\n|turn|2\n|inactive|Time left: 300 sec this turn | 300 sec total\n|\n|t:|1783565536\n|switch|p2a: Gliscor|Gliscor, L76, F|100/100\n|move|p1a: Grafaiai|Knock Off|p2a: Gliscor\n|-damage|p2a: Gliscor|74/100\n|-status|p2a: Gliscor|psn|[from] ability: Poison Touch|[of] p1a: Grafaiai\n|-enditem|p2a: Gliscor|Toxic Orb|[from] move: Knock Off|[of] p1a: Grafaiai\n|\n|-heal|p2a: Gliscor|86/100 psn|[from] ability: Poison Heal\n|upkeep\n|turn|3\n|inactive|Time left: 300 sec this turn | 300 sec total\n|\n|t:|1783565537\n|move|p1a: Grafaiai|Super Fang|p2a: Gliscor|[miss]\n|-miss|p1a: Grafaiai|p2a: Gliscor\n|move|p2a: Gliscor|Earthquake|p1a: Grafaiai\n|-supereffective|p1a: Grafaiai\n|-damage|p1a: Grafaiai|0 fnt\n|faint|p1a: Grafaiai\n|\n|-heal|p2a: Gliscor|98/100 psn|[from] ability: Poison Heal\n|upkeep\n|inactive|Time left: 300 sec this turn | 300 sec total | 5 sec grace\n|\n|t:|1783565538\n|switch|p1a: Toucannon|Toucannon, L88, F|284/284\n|turn|4\n|inactive|Time left: 300 sec this turn | 300 sec total\n|\n|t:|1783565539\n|move|p2a: Gliscor|Knock Off|p1a: Toucannon\n|-damage|p1a: Toucannon|221/284\n|-enditem|p1a: Toucannon|Heavy-Duty Boots|[from] move: Knock Off|[of] p2a: Gliscor\n|move|p1a: Toucannon|Boomburst|p2a: Gliscor\n|-damage|p2a: Gliscor|30/100 psn\n|\n|-heal|p2a: Gliscor|42/100 psn|[from] ability: Poison Heal\n|upkeep\n|turn|5\n|inactive|Time left: 300 sec this turn | 300 sec total\n|\n|t:|1783565540\n|move|p2a: Gliscor|Protect|p2a: Gliscor\n|-singleturn|p2a: Gliscor|Protect\n|move|p1a: Toucannon|Boomburst|p2a: Gliscor\n|-activate|p2a: Gliscor|move: Protect\n|\n|-heal|p2a: Gliscor|54/100 psn|[from] ability: Poison Heal\n|upkeep\n|turn|6\n|inactive|Time left: 300 sec this turn | 300 sec total\n|\n|t:|1783565541\n|switch|p2a: Sudowoodo|Sudowoodo, L94, M|100/100\n|move|p1a: Toucannon|Boomburst|p2a: Sudowoodo\n|-resisted|p2a: Sudowoodo\n|-damage|p2a: Sudowoodo|74/100\n|\n|upkeep\n|turn|7\n|inactive|Time left: 300 sec this turn | 300 sec total\n|\n|t:|1783565542\n|switch|p1a: Chesnaught|Chesnaught, L84, M|285/285\n|move|p2a: Sudowoodo|Head Smash|p1a: Chesnaught\n|-resisted|p1a: Chesnaught\n|-damage|p1a: Chesnaught|159/285\n|\n|-heal|p1a: Chesnaught|176/285|[from] item: Leftovers\n|upkeep\n|turn|8\n|inactive|Time left: 300 sec this turn | 300 sec total\n|\n|t:|1783565543\n|move|p1a: Chesnaught|Iron Defense|p1a: Chesnaught\n|-boost|p1a: Chesnaught|def|2\n|move|p2a: Sudowoodo|Head Smash|p1a: Chesnaught|[miss]\n|-miss|p2a: Sudowoodo|p1a: Chesnaught\n|\n|-heal|p1a: Chesnaught|193/285|[from] item: Leftovers\n|upkeep\n|turn|9\n|inactive|Time left: 300 sec this turn | 300 sec total\n|\n|t:|1783565544\n|switch|p2a: Gliscor|Gliscor, L76, F|54/100 psn\n|move|p1a: Chesnaught|Body Press|p2a: Gliscor\n|-resisted|p2a: Gliscor\n|-crit|p2a: Gliscor\n|-damage|p2a: Gliscor|3/100 psn\n|\n|-heal|p1a: Chesnaught|210/285|[from] item: Leftovers\n|-heal|p2a: Gliscor|15/100 psn|[from] ability: Poison Heal\n|upkeep\n|turn|10\n|inactive|Time left: 300 sec this turn | 300 sec total\n|\n|t:|1783565545\n|move|p2a: Gliscor|Protect|p2a: Gliscor\n|-singleturn|p2a: Gliscor|Protect\n|move|p1a: Chesnaught|Body Press|p2a: Gliscor\n|-activate|p2a: Gliscor|move: Protect\n|\n|-heal|p1a: Chesnaught|227/285|[from] item: Leftovers\n|-heal|p2a: Gliscor|27/100 psn|[from] ability: Poison Heal\n|upkeep\n|turn|11\n|inactive|Time left: 300 sec this turn | 300 sec total\n|\n|t:|1783565546\n|move|p2a: Gliscor|Toxic Spikes|p1a: Chesnaught\n|-sidestart|p1: p0x2203d47e|move: Toxic Spikes\n|move|p1a: Chesnaught|Body Press|p2a: Gliscor\n|-resisted|p2a: Gliscor\n|-crit|p2a: Gliscor\n|-damage|p2a: Gliscor|0 fnt\n|faint|p2a: Gliscor\n|\n|-heal|p1a: Chesnaught|244/285|[from] item: Leftovers\n|upkeep\n|\n|t:|1783565547\n|switch|p2a: Azelf|Azelf, L82|34/100\n|turn|12\n|inactive|Time left: 300 sec this turn | 300 sec total\n|\n|t:|1783565548\n|-terastallize|p2a: Azelf|Fire\n|-terastallize|p1a: Chesnaught|Steel\n|move|p2a: Azelf|Fire Blast|p1a: Chesnaught\n|-supereffective|p1a: Chesnaught\n|-damage|p1a: Chesnaught|0 fnt\n|faint|p1a: Chesnaught\n|\n|upkeep\n|inactive|Time left: 300 sec this turn | 300 sec total | 5 sec grace\n|\n|t:|1783565549\n|switch|p1a: Houndoom|Houndoom, L87, F|272/272\n|turn|13\n|inactive|Time left: 300 sec this turn | 300 sec total\n|\n|t:|1783565549\n|switch|p2a: Manaphy|Manaphy, L78|100/100\n|move|p1a: Houndoom|Dark Pulse|p2a: Manaphy\n|-damage|p2a: Manaphy|67/100\n|\n|-heal|p2a: Manaphy|73/100|[from] item: Leftovers\n|upkeep\n|turn|14\n|inactive|Time left: 300 sec this turn | 300 sec total\n|\n|t:|1783565550\n|move|p1a: Houndoom|Dark Pulse|p2a: Manaphy\n|-damage|p2a: Manaphy|40/100\n|move|p2a: Manaphy|Hydro Pump|p1a: Houndoom\n|-supereffective|p1a: Houndoom\n|-damage|p1a: Houndoom|44/272\n|\n|-heal|p2a: Manaphy|46/100|[from] item: Leftovers\n|upkeep\n|turn|15\n|inactive|Time left: 300 sec this turn | 300 sec total\n|\n|t:|1783565551\n|move|p1a: Houndoom|Dark Pulse|p2a: Manaphy\n|-damage|p2a: Manaphy|14/100\n|move|p2a: Manaphy|Hydro Pump|p1a: Houndoom\n|-supereffective|p1a: Houndoom\n|-damage|p1a: Houndoom|0 fnt\n|faint|p1a: Houndoom\n|\n|-heal|p2a: Manaphy|20/100|[from] item: Leftovers\n|upkeep\n|inactive|Time left: 300 sec this turn | 300 sec total | 5 sec grace\n|\n|t:|1783565552\n|switch|p1a: Cryogonal|Cryogonal, L89|287/287\n|turn|16\n|inactive|Time left: 300 sec this turn | 300 sec total\n|\n|t:|1783565553\n|switch|p2a: Magcargo|Magcargo, L95, F|100/100\n|move|p1a: Cryogonal|Freeze-Dry|p2a: Magcargo\n|-resisted|p2a: Magcargo\n|-damage|p2a: Magcargo|86/100\n|-status|p2a: Magcargo|frz\n|\n|upkeep\n|turn|17\n|inactive|Time left: 300 sec this turn | 300 sec total\n|\n|t:|1783565554\n|move|p1a: Cryogonal|Flash Cannon|p2a: Magcargo\n|-damage|p2a: Magcargo|65/100 frz\n|-curestatus|p2a: Magcargo|frz|[msg]\n|move|p2a: Magcargo|Lava Plume|p1a: Cryogonal\n|-supereffective|p1a: Cryogonal\n|-damage|p1a: Cryogonal|149/287\n|-status|p1a: Cryogonal|brn\n|\n|-damage|p1a: Cryogonal|132/287 brn|[from] brn\n|upkeep\n|turn|18\n|inactive|Time left: 300 sec this turn | 300 sec total\n|\n|t:|1783565555\n|move|p1a: Cryogonal|Recover|p1a: Cryogonal\n|-heal|p1a: Cryogonal|276/287 brn\n|move|p2a: Magcargo|Lava Plume|p1a: Cryogonal\n|-supereffective|p1a: Cryogonal\n|-damage|p1a: Cryogonal|142/287 brn\n|\n|-damage|p1a: Cryogonal|125/287 brn|[from] brn\n|upkeep\n|turn|19\n|inactive|Time left: 300 sec this turn | 300 sec total\n|\n|t:|1783565556\n|move|p1a: Cryogonal|Recover|p1a: Cryogonal\n|-heal|p1a: Cryogonal|269/287 brn\n|move|p2a: Magcargo|Lava Plume|p1a: Cryogonal\n|-supereffective|p1a: Cryogonal\n|-damage|p1a: Cryogonal|129/287 brn\n|\n|-damage|p1a: Cryogonal|112/287 brn|[from] brn\n|upkeep\n|turn|20\n|inactive|Time left: 300 sec this turn | 300 sec total\n|\n|t:|1783565557\n|move|p1a: Cryogonal|Recover|p1a: Cryogonal\n|-heal|p1a: Cryogonal|256/287 brn\n|move|p2a: Magcargo|Lava Plume|p1a: Cryogonal\n|-supereffective|p1a: Cryogonal\n|-damage|p1a: Cryogonal|112/287 brn\n|\n|-damage|p1a: Cryogonal|95/287 brn|[from] brn\n|upkeep\n|turn|21\n|inactive|Time left: 300 sec this turn | 300 sec total\n|\n|t:|1783565558\n|move|p1a: Cryogonal|Recover|p1a: Cryogonal\n|-heal|p1a: Cryogonal|239/287 brn\n|move|p2a: Magcargo|Lava Plume|p1a: Cryogonal\n|-supereffective|p1a: Cryogonal\n|-damage|p1a: Cryogonal|93/287 brn\n|\n|-damage|p1a: Cryogonal|76/287 brn|[from] brn\n|upkeep\n|turn|22\n|inactive|Time left: 300 sec this turn | 300 sec total\n|\n|t:|1783565559\n|move|p1a: Cryogonal|Recover|p1a: Cryogonal\n|-heal|p1a: Cryogonal|220/287 brn\n|move|p2a: Magcargo|Lava Plume|p1a: Cryogonal\n|-supereffective|p1a: Cryogonal\n|-damage|p1a: Cryogonal|76/287 brn\n|\n|-damage|p1a: Cryogonal|59/287 brn|[from] brn\n|upkeep\n|turn|23\n|inactive|Time left: 300 sec this turn | 300 sec total\n|\n|t:|1783565560\n|move|p1a: Cryogonal|Recover|p1a: Cryogonal\n|-heal|p1a: Cryogonal|203/287 brn\n|move|p2a: Magcargo|Lava Plume|p1a: Cryogonal\n|-supereffective|p1a: Cryogonal\n|-damage|p1a: Cryogonal|57/287 brn\n|\n|-damage|p1a: Cryogonal|40/287 brn|[from] brn\n|upkeep\n|turn|24\n|inactive|Time left: 300 sec this turn | 300 sec total\n|\n|t:|1783565561\n|move|p1a: Cryogonal|Recover|p1a: Cryogonal\n|-heal|p1a: Cryogonal|184/287 brn\n|move|p2a: Magcargo|Recover|p2a: Magcargo\n|-heal|p2a: Magcargo|100/100\n|\n|-damage|p1a: Cryogonal|167/287 brn|[from] brn\n|upkeep\n|turn|25\n|inactive|Time left: 300 sec this turn | 300 sec total\n|\n|t:|1783565562\n|switch|p1a: Clodsire|Clodsire, L81, M|343/343\n|-sideend|p1: p0x2203d47e|move: Toxic Spikes|[of] p1a: Clodsire\n|move|p2a: Magcargo|Lava Plume|p1a: Clodsire\n|-damage|p1a: Clodsire|252/343\n|\n|-heal|p1a: Clodsire|273/343|[from] item: Leftovers\n|upkeep\n|turn|26\n|inactive|Time left: 300 sec this turn | 300 sec total\n|\n|t:|1783565563\n|switch|p2a: Sudowoodo|Sudowoodo, L94, M|74/100\n|move|p1a: Clodsire|Earthquake|p2a: Sudowoodo\n|-supereffective|p2a: Sudowoodo\n|-damage|p2a: Sudowoodo|34/100\n|\n|-heal|p1a: Clodsire|294/343|[from] item: Leftovers\n|upkeep\n|turn|27\n|inactive|Time left: 300 sec this turn | 300 sec total\n|\n|t:|1783565564\n|switch|p1a: Toucannon|Toucannon, L88, F|221/284\n|move|p2a: Sudowoodo|Earthquake|p1a: Toucannon\n|-immune|p1a: Toucannon\n|\n|upkeep\n|turn|28\n|inactive|Time left: 300 sec this turn | 300 sec total\n|\n|t:|1783565565\n|switch|p2a: Magcargo|Magcargo, L95, F|100/100\n|move|p1a: Toucannon|Boomburst|p2a: Magcargo\n|-resisted|p2a: Magcargo\n|-damage|p2a: Magcargo|76/100\n|\n|upkeep\n|turn|29\n|inactive|Time left: 300 sec this turn | 300 sec total\n|\n|t:|1783565566\n|switch|p1a: Clodsire|Clodsire, L81, M|294/343\n|move|p2a: Magcargo|Lava Plume|p1a: Clodsire\n|-damage|p1a: Clodsire|203/343\n|-status|p1a: Clodsire|brn\n|\n|-heal|p1a: Clodsire|224/343 brn|[from] item: Leftovers\n|-damage|p1a: Clodsire|203/343 brn|[from] brn\n|upkeep\n|turn|30\n|inactive|Time left: 300 sec this turn | 300 sec total\n|\n|t:|1783565567\n|switch|p2a: Sudowoodo|Sudowoodo, L94, M|34/100\n|move|p1a: Clodsire|Recover|p1a: Clodsire\n|-heal|p1a: Clodsire|343/343 brn\n|\n|-damage|p1a: Clodsire|322/343 brn|[from] brn\n|upkeep\n|turn|31\n|inactive|Time left: 300 sec this turn | 300 sec total\n|\n|t:|1783565568\n|move|p2a: Sudowoodo|Head Smash|p1a: Clodsire\n|-resisted|p1a: Clodsire\n|-damage|p1a: Clodsire|106/343 brn\n|move|p1a: Clodsire|Recover|p1a: Clodsire\n|-heal|p1a: Clodsire|278/343 brn\n|\n|-heal|p1a: Clodsire|299/343 brn|[from] item: Leftovers\n|-damage|p1a: Clodsire|278/343 brn|[from] brn\n|upkeep\n|turn|32\n|inactive|Time left: 300 sec this turn | 300 sec total\n|\n|t:|1783565569\n|move|p2a: Sudowoodo|Head Smash|p1a: Clodsire\n|-resisted|p1a: Clodsire\n|-damage|p1a: Clodsire|57/343 brn\n|move|p1a: Clodsire|Earthquake|p2a: Sudowoodo\n|-supereffective|p2a: Sudowoodo\n|-damage|p2a: Sudowoodo|13/100\n|\n|-heal|p1a: Clodsire|78/343 brn|[from] item: Leftovers\n|-damage|p1a: Clodsire|57/343 brn|[from] brn\n|upkeep\n|turn|33\n|inactive|Time left: 300 sec this turn | 300 sec total\n|\n|t:|1783565571\n|move|p2a: Sudowoodo|Head Smash|p1a: Clodsire\n|-resisted|p1a: Clodsire\n|-damage|p1a: Clodsire|0 fnt\n|faint|p1a: Clodsire\n|\n|upkeep\n|inactive|Time left: 300 sec this turn | 300 sec total | 5 sec grace\n|\n|t:|1783565572\n|switch|p1a: Toucannon|Toucannon, L88, F|221/284\n|turn|34\n|inactive|Time left: 300 sec this turn | 300 sec total\n|\n|t:|1783565573\n|switch|p2a: Zebstrika|Zebstrika, L87, M|100/100\n|move|p1a: Toucannon|Boomburst|p2a: Zebstrika\n|-damage|p2a: Zebstrika|39/100\n|\n|upkeep\n|turn|35\n|inactive|Time left: 300 sec this turn | 300 sec total\n|\n|t:|1783565574\n|move|p2a: Zebstrika|Supercell Slam|p1a: Toucannon\n|-supereffective|p1a: Toucannon\n|-damage|p1a: Toucannon|0 fnt\n|faint|p1a: Toucannon\n|-damage|p2a: Zebstrika|29/100|[from] item: Life Orb\n|\n|upkeep\n|inactive|Time left: 300 sec this turn | 300 sec total | 5 sec grace\n|\n|t:|1783565575\n|switch|p1a: Cryogonal|Cryogonal, L89|167/287 brn\n|turn|36\n|inactive|Time left: 300 sec this turn | 300 sec total\n|\n|t:|1783565576\n|move|p2a: Zebstrika|Supercell Slam|p1a: Cryogonal\n|-damage|p1a: Cryogonal|0 fnt\n|faint|p1a: Cryogonal\n|-damage|p2a: Zebstrika|19/100|[from] item: Life Orb\n|\n|win|p0y22035fc9", "uploadtime": 1783565576, "views": 0, "rating": 0, "private": 0, "password": null, "_winner": "p0y22035fc9", "_our_name": "p0x2203d47e"}