{"id": "battle-gen9randombattle-1347", "formatid": "gen9randombattle", "format": "[Gen 9] Random Battle", "players": ["p0x1347c3f1", "p0y13474ac1"], "log": "|init|battle\n|title|p0x1347c3f1 vs. p0y13474ac1\n|j|\u2606p0x1347c3f1\n|j|\u2606p0y13474ac1\n|t:|1783554759\n|gametype|singles\n|player|p1|p0x1347c3f1|265|\n|player|p2|p0y13474ac1|170|\n|gen|9\n|tier|[Gen 9] Random Battle\n|rule|Species Clause: Limit one of each Pok\u00e9mon\n|rule|HP Percentage Mod: HP is shown in percentages\n|rule|Sleep Clause Mod: Limit one foe put to sleep\n|rule|Illusion Level Mod: Illusion disguises the Pok\u00e9mon's true level\n|\n|t:|1783554759\n|teamsize|p1|6\n|teamsize|p2|6\n|start\n|switch|p1a: Reshiram|Reshiram, L76|277/277\n|switch|p2a: Hatterene|Hatterene, L85, F|100/100\n|-ability|p1a: Reshiram|Turboblaze\n|turn|1\n|inactive|Battle timer is ON: inactive players will automatically lose when time's up. (requested by p0x1347c3f1)\n|inactive|p0y13474ac1 also wants the timer to be on.\n|\n|t:|1783554760\n|move|p1a: Reshiram|Blue Flare|p2a: Hatterene\n|-damage|p2a: Hatterene|45/100\n|move|p2a: Hatterene|Calm Mind|p2a: Hatterene\n|-boost|p2a: Hatterene|spa|1\n|-boost|p2a: Hatterene|spd|1\n|\n|-heal|p2a: Hatterene|51/100|[from] item: Leftovers\n|upkeep\n|turn|2\n|inactive|Time left: 300 sec this turn | 300 sec total\n|\n|t:|1783554761\n|move|p1a: Reshiram|Blue Flare|p2a: Hatterene\n|-damage|p2a: Hatterene|12/100\n|move|p2a: Hatterene|Draining Kiss|p1a: Reshiram\n|-damage|p1a: Reshiram|184/277\n|-heal|p2a: Hatterene|42/100|[from] drain|[of] p1a: Reshiram\n|\n|-heal|p2a: Hatterene|48/100|[from] item: Leftovers\n|upkeep\n|turn|3\n|inactive|Time left: 300 sec this turn | 300 sec total\n|\n|t:|1783554762\n|move|p1a: Reshiram|Blue Flare|p2a: Hatterene\n|-damage|p2a: Hatterene|8/100\n|move|p2a: Hatterene|Draining Kiss|p1a: Reshiram\n|-damage|p1a: Reshiram|84/277\n|-heal|p2a: Hatterene|40/100|[from] drain|[of] p1a: Reshiram\n|\n|-heal|p2a: Hatterene|46/100|[from] item: Leftovers\n|upkeep\n|turn|4\n|inactive|Time left: 300 sec this turn | 300 sec total\n|\n|t:|1783554763\n|move|p1a: Reshiram|Blue Flare|p2a: Hatterene\n|-damage|p2a: Hatterene|3/100\n|move|p2a: Hatterene|Draining Kiss|p1a: Reshiram\n|-damage|p1a: Reshiram|0 fnt\n|-heal|p2a: Hatterene|29/100|[from] drain|[of] p1a: Reshiram\n|faint|p1a: Reshiram\n|\n|-heal|p2a: Hatterene|35/100|[from] item: Leftovers\n|upkeep\n|inactive|Time left: 300 sec this turn | 300 sec total | 5 sec grace\n|\n|t:|1783554764\n|switch|p1a: Dugtrio|Dugtrio, L84, F|196/196\n|turn|5\n|inactive|Time left: 300 sec this turn | 300 sec total\n|\n|t:|1783554765\n|move|p1a: Dugtrio|Earthquake|p2a: Hatterene\n|-damage|p2a: Hatterene|0 fnt\n|faint|p2a: Hatterene\n|\n|upkeep\n|\n|t:|1783554767\n|switch|p2a: Palkia|Palkia, L75|100/100\n|-ability|p2a: Palkia|Pressure\n|turn|6\n|inactive|Time left: 300 sec this turn | 300 sec total\n|\n|t:|1783554768\n|switch|p1a: Hydrapple|Hydrapple, L83, M|312/312\n|move|p2a: Palkia|Spacial Rend|p1a: Hydrapple\n|-supereffective|p1a: Hydrapple\n|-damage|p1a: Hydrapple|136/312\n|\n|upkeep\n|turn|7\n|inactive|Time left: 300 sec this turn | 300 sec total\n|\n|t:|1783554769\n|switch|p1a: Carbink|Carbink, L90|236/236\n|move|p2a: Palkia|Spacial Rend|p1a: Carbink\n|-immune|p1a: Carbink\n|\n|upkeep\n|turn|8\n|inactive|Time left: 300 sec this turn | 300 sec total\n|\n|t:|1783554770\n|switch|p2a: Volcarona|Volcarona, L77, F|100/100\n|move|p1a: Carbink|Moonblast|p2a: Volcarona\n|-resisted|p2a: Volcarona\n|-damage|p2a: Volcarona|87/100\n|-unboost|p2a: Volcarona|spa|1\n|\n|upkeep\n|turn|9\n|inactive|Time left: 300 sec this turn | 300 sec total\n|\n|t:|1783554771\n|move|p2a: Volcarona|Quiver Dance|p2a: Volcarona\n|-boost|p2a: Volcarona|spa|1\n|-boost|p2a: Volcarona|spd|1\n|-boost|p2a: Volcarona|spe|1\n|move|p1a: Carbink|Rock Polish|p1a: Carbink\n|-boost|p1a: Carbink|spe|2\n|\n|upkeep\n|turn|10\n|inactive|Time left: 300 sec this turn | 300 sec total\n|\n|t:|1783554773\n|move|p2a: Volcarona|Quiver Dance|p2a: Volcarona\n|-boost|p2a: Volcarona|spa|1\n|-boost|p2a: Volcarona|spd|1\n|-boost|p2a: Volcarona|spe|1\n|move|p1a: Carbink|Iron Defense|p1a: Carbink\n|-boost|p1a: Carbink|def|2\n|\n|upkeep\n|turn|11\n|inactive|Time left: 300 sec this turn | 300 sec total\n|\n|t:|1783554774\n|move|p2a: Volcarona|Fire Blast|p1a: Carbink\n|-resisted|p1a: Carbink\n|-damage|p1a: Carbink|179/236\n|move|p1a: Carbink|Body Press|p2a: Volcarona\n|-resisted|p2a: Volcarona\n|-damage|p2a: Volcarona|41/100\n|\n|-heal|p1a: Carbink|193/236|[from] item: Leftovers\n|upkeep\n|turn|12\n|inactive|Time left: 300 sec this turn | 300 sec total\n|\n|t:|1783554776\n|-terastallize|p1a: Carbink|Fighting\n|move|p2a: Volcarona|Giga Drain|p1a: Carbink\n|-damage|p1a: Carbink|143/236\n|-heal|p2a: Volcarona|51/100|[from] drain|[of] p1a: Carbink\n|move|p1a: Carbink|Body Press|p2a: Volcarona\n|-resisted|p2a: Volcarona\n|-damage|p2a: Volcarona|0 fnt\n|-status|p1a: Carbink|brn|[from] ability: Flame Body|[of] p2a: Volcarona\n|faint|p2a: Volcarona\n|\n|-heal|p1a: Carbink|157/236 brn|[from] item: Leftovers\n|-damage|p1a: Carbink|143/236 brn|[from] brn\n|upkeep\n|\n|t:|1783554777\n|switch|p2a: Dedenne|Dedenne, L88, F|100/100\n|turn|13\n|inactive|Time left: 300 sec this turn | 300 sec total\n|\n|t:|1783554777\n|move|p1a: Carbink|Moonblast|p2a: Dedenne\n|-damage|p2a: Dedenne|69/100\n|-unboost|p2a: Dedenne|spa|1\n|move|p2a: Dedenne|Dazzling Gleam|p1a: Carbink\n|-supereffective|p1a: Carbink\n|-damage|p1a: Carbink|71/236 brn\n|\n|-heal|p1a: Carbink|85/236 brn|[from] item: Leftovers\n|-damage|p1a: Carbink|71/236 brn|[from] brn\n|upkeep\n|turn|14\n|inactive|Time left: 300 sec this turn | 300 sec total\n|\n|t:|1783554778\n|move|p1a: Carbink|Moonblast|p2a: Dedenne\n|-damage|p2a: Dedenne|35/100\n|-enditem|p2a: Dedenne|Sitrus Berry|[eat]\n|-heal|p2a: Dedenne|60/100|[from] item: Sitrus Berry\n|-heal|p2a: Dedenne|93/100|[from] ability: Cheek Pouch\n|move|p2a: Dedenne|Dazzling Gleam|p1a: Carbink\n|-supereffective|p1a: Carbink\n|-damage|p1a: Carbink|5/236 brn\n|\n|-heal|p1a: Carbink|19/236 brn|[from] item: Leftovers\n|-damage|p1a: Carbink|5/236 brn|[from] brn\n|upkeep\n|turn|15\n|inactive|Time left: 300 sec this turn | 300 sec total\n|\n|t:|1783554779\n|move|p1a: Carbink|Body Press|p2a: Dedenne\n|-resisted|p2a: Dedenne\n|-damage|p2a: Dedenne|57/100\n|move|p2a: Dedenne|U-turn|p1a: Carbink\n|-resisted|p1a: Carbink\n|-damage|p1a: Carbink|0 fnt\n|faint|p1a: Carbink\n|\n|t:|1783554781\n|switch|p2a: Palkia|Palkia, L75|100/100|[from] U-turn\n|-ability|p2a: Palkia|Pressure\n|\n|upkeep\n|inactive|Time left: 300 sec this turn | 300 sec total | 10 sec grace\n|\n|t:|1783554782\n|switch|p1a: Ariados|Ariados, L95, M|287/287\n|turn|16\n|inactive|Time left: 300 sec this turn | 300 sec total\n|\n|t:|1783554783\n|move|p2a: Palkia|Fire Blast|p1a: Ariados|[miss]\n|-miss|p2a: Palkia|p1a: Ariados\n|move|p1a: Ariados|Sticky Web|p2a: Palkia\n|-sidestart|p2: p0y13474ac1|move: Sticky Web\n|\n|upkeep\n|turn|17\n|inactive|Time left: 300 sec this turn | 300 sec total\n|\n|t:|1783554784\n|switch|p1a: Hydrapple|Hydrapple, L83, M|240/312\n|move|p2a: Palkia|Fire Blast|p1a: Hydrapple\n|-damage|p1a: Hydrapple|179/312\n|\n|upkeep\n|turn|18\n|inactive|Time left: 300 sec this turn | 300 sec total\n|\n|t:|1783554785\n|move|p2a: Palkia|Fire Blast|p1a: Hydrapple\n|-damage|p1a: Hydrapple|118/312\n|move|p1a: Hydrapple|Fickle Beam|p2a: Palkia\n|-supereffective|p2a: Palkia\n|-damage|p2a: Palkia|39/100\n|\n|upkeep\n|turn|19\n|inactive|Time left: 300 sec this turn | 300 sec total\n|\n|t:|1783554786\n|move|p2a: Palkia|Fire Blast|p1a: Hydrapple|[miss]\n|-miss|p2a: Palkia|p1a: Hydrapple\n|move|p1a: Hydrapple|Giga Drain|p2a: Palkia\n|-damage|p2a: Palkia|7/100\n|-heal|p1a: Hydrapple|160/312|[from] drain|[of] p2a: Palkia\n|\n|upkeep\n|turn|20\n|inactive|Time left: 300 sec this turn | 300 sec total\n|\n|t:|1783554787\n|move|p2a: Palkia|Fire Blast|p1a: Hydrapple\n|-damage|p1a: Hydrapple|98/312\n|move|p1a: Hydrapple|Giga Drain|p2a: Palkia\n|-damage|p2a: Palkia|0 fnt\n|-heal|p1a: Hydrapple|107/312|[from] drain|[of] p2a: Palkia\n|faint|p2a: Palkia\n|\n|upkeep\n|\n|t:|1783554788\n|switch|p2a: Porygon-Z|Porygon-Z, L83|100/100\n|-activate|p2a: Porygon-Z|move: Sticky Web\n|-unboost|p2a: Porygon-Z|spe|1\n|turn|21\n|inactive|Time left: 300 sec this turn | 300 sec total\n|\n|t:|1783554789\n|switch|p1a: Ariados|Ariados, L95, M|287/287\n|move|p2a: Porygon-Z|Tri Attack|p1a: Ariados\n|-damage|p1a: Ariados|79/287\n|-damage|p2a: Porygon-Z|91/100|[from] item: Life Orb\n|\n|upkeep\n|turn|22\n|inactive|Time left: 300 sec this turn | 300 sec total\n|\n|t:|1783554790\n|move|p2a: Porygon-Z|Tri Attack|p1a: Ariados\n|-damage|p1a: Ariados|0 fnt\n|faint|p1a: Ariados\n|-damage|p2a: Porygon-Z|81/100|[from] item: Life Orb\n|\n|upkeep\n|inactive|Time left: 300 sec this turn | 300 sec total | 5 sec grace\n|\n|t:|1783554791\n|switch|p1a: Hydrapple|Hydrapple, L83, M|211/312\n|turn|23\n|inactive|Time left: 300 sec this turn | 300 sec total\n|\n|t:|1783554792\n|move|p2a: Porygon-Z|Tri Attack|p1a: Hydrapple\n|-damage|p1a: Hydrapple|63/312\n|-damage|p2a: Porygon-Z|71/100|[from] item: Life Orb\n|move|p1a: Hydrapple|Giga Drain|p2a: Porygon-Z\n|-damage|p2a: Porygon-Z|35/100\n|-heal|p1a: Hydrapple|113/312|[from] drain|[of] p2a: Porygon-Z\n|\n|upkeep\n|turn|24\n|inactive|Time left: 300 sec this turn | 300 sec total\n|\n|t:|1783554793\n|move|p2a: Porygon-Z|Tri Attack|p1a: Hydrapple\n|-damage|p1a: Hydrapple|0 fnt\n|faint|p1a: Hydrapple\n|-damage|p2a: Porygon-Z|25/100|[from] item: Life Orb\n|\n|upkeep\n|inactive|Time left: 300 sec this turn | 300 sec total | 5 sec grace\n|\n|t:|1783554794\n|switch|p1a: Sandslash|Sandslash, L89, M|278/278\n|turn|25\n|inactive|Time left: 300 sec this turn | 300 sec total\n|\n|t:|1783554795\n|move|p1a: Sandslash|Earthquake|p2a: Porygon-Z\n|-crit|p2a: Porygon-Z\n|-damage|p2a: Porygon-Z|0 fnt\n|faint|p2a: Porygon-Z\n|\n|upkeep\n|\n|t:|1783554796\n|switch|p2a: Dunsparce|Dunsparce, L86, M|100/100\n|-activate|p2a: Dunsparce|move: Sticky Web\n|-unboost|p2a: Dunsparce|spe|1\n|turn|26\n|inactive|Time left: 300 sec this turn | 300 sec total\n|\n|t:|1783554797\n|move|p1a: Sandslash|Swords Dance|p1a: Sandslash\n|-boost|p1a: Sandslash|atk|2\n|move|p2a: Dunsparce|Coil|p2a: Dunsparce\n|-boost|p2a: Dunsparce|atk|1\n|-boost|p2a: Dunsparce|def|1\n|-boost|p2a: Dunsparce|accuracy|1\n|\n|upkeep\n|turn|27\n|inactive|Time left: 300 sec this turn | 300 sec total\n|\n|t:|1783554798\n|move|p1a: Sandslash|Knock Off|p2a: Dunsparce\n|-damage|p2a: Dunsparce|73/100\n|-enditem|p2a: Dunsparce|Eviolite|[from] move: Knock Off|[of] p1a: Sandslash\n|move|p2a: Dunsparce|Coil|p2a: Dunsparce\n|-boost|p2a: Dunsparce|atk|1\n|-boost|p2a: Dunsparce|def|1\n|-boost|p2a: Dunsparce|accuracy|1\n|\n|upkeep\n|turn|28\n|inactive|Time left: 300 sec this turn | 300 sec total\n|\n|t:|1783554799\n|move|p1a: Sandslash|Earthquake|p2a: Dunsparce\n|-damage|p2a: Dunsparce|30/100\n|move|p2a: Dunsparce|Body Slam|p1a: Sandslash\n|-damage|p1a: Sandslash|158/278\n|-status|p1a: Sandslash|par\n|\n|-heal|p1a: Sandslash|175/278 par|[from] item: Leftovers\n|upkeep\n|turn|29\n|inactive|Time left: 300 sec this turn | 300 sec total\n|\n|t:|1783554800\n|move|p2a: Dunsparce|Roost|p2a: Dunsparce\n|-heal|p2a: Dunsparce|80/100\n|-singleturn|p2a: Dunsparce|move: Roost\n|move|p1a: Sandslash|Earthquake|p2a: Dunsparce\n|-damage|p2a: Dunsparce|32/100\n|\n|-heal|p1a: Sandslash|192/278 par|[from] item: Leftovers\n|upkeep\n|turn|30\n|inactive|Time left: 300 sec this turn | 300 sec total\n|\n|t:|1783554801\n|move|p2a: Dunsparce|Roost|p2a: Dunsparce\n|-heal|p2a: Dunsparce|82/100\n|-singleturn|p2a: Dunsparce|move: Roost\n|move|p1a: Sandslash|Earthquake|p2a: Dunsparce\n|-damage|p2a: Dunsparce|34/100\n|\n|-heal|p1a: Sandslash|209/278 par|[from] item: Leftovers\n|upkeep\n|turn|31\n|inactive|Time left: 300 sec this turn | 300 sec total\n|\n|t:|1783554802\n|move|p2a: Dunsparce|Roost|p2a: Dunsparce\n|-heal|p2a: Dunsparce|84/100\n|-singleturn|p2a: Dunsparce|move: Roost\n|cant|p1a: Sandslash|par\n|\n|-heal|p1a: Sandslash|226/278 par|[from] item: Leftovers\n|upkeep\n|turn|32\n|inactive|Time left: 300 sec this turn | 300 sec total\n|\n|t:|1783554803\n|move|p2a: Dunsparce|Body Slam|p1a: Sandslash\n|-damage|p1a: Sandslash|108/278 par\n|move|p1a: Sandslash|Rapid Spin|p2a: Dunsparce\n|-damage|p2a: Dunsparce|69/100\n|-boost|p1a: Sandslash|spe|1\n|\n|-heal|p1a: Sandslash|125/278 par|[from] item: Leftovers\n|upkeep\n|turn|33\n|inactive|Time left: 300 sec this turn | 300 sec total\n|\n|t:|1783554804\n|cant|p1a: Sandslash|par\n|move|p2a: Dunsparce|Body Slam|p1a: Sandslash\n|-damage|p1a: Sandslash|0 fnt\n|faint|p1a: Sandslash\n|\n|upkeep\n|inactive|Time left: 300 sec this turn | 300 sec total | 5 sec grace\n|\n|t:|1783554805\n|switch|p1a: Dugtrio|Dugtrio, L84, F|196/196\n|turn|34\n|inactive|Time left: 300 sec this turn | 300 sec total\n|\n|t:|1783554806\n|move|p1a: Dugtrio|Earthquake|p2a: Dunsparce\n|-damage|p2a: Dunsparce|40/100\n|move|p2a: Dunsparce|Body Slam|p1a: Dugtrio\n|-damage|p1a: Dugtrio|0 fnt\n|faint|p1a: Dugtrio\n|\n|win|p0y13474ac1", "uploadtime": 1783554806, "views": 0, "rating": 0, "private": 0, "password": null, "_winner": "p0y13474ac1", "_our_name": "p0x1347c3f1"}