{"id": "battle-gen9randombattle-697", "formatid": "gen9randombattle", "format": "[Gen 9] Random Battle", "players": ["p0x6978788", "p0y69732b1"], "log": "|init|battle\n|title|p0x6978788 vs. p0y69732b1\n|j|\u2606p0x6978788\n|j|\u2606p0y69732b1\n|t:|1783547232\n|gametype|singles\n|player|p1|p0x6978788|1|\n|player|p2|p0y69732b1|266|\n|gen|9\n|tier|[Gen 9] Random Battle\n|rule|Species Clause: Limit one of each Pok\u00e9mon\n|rule|HP Percentage Mod: HP is shown in percentages\n|rule|Sleep Clause Mod: Limit one foe put to sleep\n|rule|Illusion Level Mod: Illusion disguises the Pok\u00e9mon's true level\n|\n|t:|1783547232\n|teamsize|p1|6\n|teamsize|p2|6\n|start\n|switch|p1a: Hippowdon|Hippowdon, L82, F|100/100\n|switch|p2a: Gothitelle|Gothitelle, L90, F|272/272\n|-weather|Sandstorm|[from] ability: Sand Stream|[of] p1a: Hippowdon\n|turn|1\n|inactive|Battle timer is ON: inactive players will automatically lose when time's up. (requested by p0y69732b1)\n|\n|t:|1783547233\n|move|p2a: Gothitelle|Calm Mind|p2a: Gothitelle\n|-boost|p2a: Gothitelle|spa|1\n|-boost|p2a: Gothitelle|spd|1\n|move|p1a: Hippowdon|Earthquake|p2a: Gothitelle\n|-damage|p2a: Gothitelle|175/272\n|\n|-weather|Sandstorm|[upkeep]\n|-damage|p2a: Gothitelle|158/272|[from] Sandstorm\n|-heal|p2a: Gothitelle|175/272|[from] item: Leftovers\n|upkeep\n|turn|2\n|inactive|Time left: 300 sec this turn | 300 sec total\n|inactive|p0x6978788 also wants the timer to be on.\n|\n|t:|1783547234\n|move|p2a: Gothitelle|Psychic Noise|p1a: Hippowdon\n|-damage|p1a: Hippowdon|52/100\n|-start|p1a: Hippowdon|move: Heal Block\n|move|p1a: Hippowdon|Earthquake|p2a: Gothitelle\n|-damage|p2a: Gothitelle|79/272\n|\n|-weather|Sandstorm|[upkeep]\n|-damage|p2a: Gothitelle|62/272|[from] Sandstorm\n|-heal|p2a: Gothitelle|79/272|[from] item: Leftovers\n|upkeep\n|turn|3\n|inactive|Time left: 300 sec this turn | 300 sec total\n|\n|t:|1783547235\n|move|p2a: Gothitelle|Focus Blast|p1a: Hippowdon\n|-crit|p1a: Hippowdon\n|-damage|p1a: Hippowdon|0 fnt\n|faint|p1a: Hippowdon\n|\n|-weather|Sandstorm|[upkeep]\n|-damage|p2a: Gothitelle|62/272|[from] Sandstorm\n|-heal|p2a: Gothitelle|79/272|[from] item: Leftovers\n|upkeep\n|\n|t:|1783547236\n|switch|p1a: Grimmsnarl|Grimmsnarl, L83, M|100/100\n|turn|4\n|inactive|Time left: 300 sec this turn | 300 sec total\n|\n|t:|1783547237\n|move|p2a: Gothitelle|Focus Blast|p1a: Grimmsnarl|[miss]\n|-miss|p2a: Gothitelle|p1a: Grimmsnarl\n|move|p1a: Grimmsnarl|Spirit Break|p2a: Gothitelle\n|-damage|p2a: Gothitelle|1/272\n|-unboost|p2a: Gothitelle|spa|1\n|\n|-weather|Sandstorm|[upkeep]\n|-damage|p2a: Gothitelle|0 fnt|[from] Sandstorm\n|-damage|p1a: Grimmsnarl|94/100|[from] Sandstorm\n|faint|p2a: Gothitelle\n|upkeep\n|inactive|Time left: 300 sec this turn | 300 sec total | 5 sec grace\n|\n|t:|1783547237\n|switch|p2a: Cinccino|Cinccino, L83, M|260/260\n|turn|5\n|inactive|Time left: 300 sec this turn | 300 sec total\n|\n|t:|1783547239\n|move|p1a: Grimmsnarl|Reflect|p1a: Grimmsnarl\n|-sidestart|p1: p0x6978788|Reflect\n|move|p2a: Cinccino|Tidy Up|p2a: Cinccino\n|-boost|p2a: Cinccino|atk|1\n|-boost|p2a: Cinccino|spe|1\n|\n|-weather|none\n|upkeep\n|turn|6\n|inactive|Time left: 300 sec this turn | 300 sec total\n|\n|t:|1783547240\n|move|p2a: Cinccino|Triple Axel|p1a: Grimmsnarl\n|-damage|p1a: Grimmsnarl|88/100\n|-damage|p1a: Grimmsnarl|76/100\n|-crit|p1a: Grimmsnarl\n|-damage|p1a: Grimmsnarl|17/100\n|-hitcount|p1a: Grimmsnarl|3\n|move|p1a: Grimmsnarl|Spirit Break|p2a: Cinccino\n|-damage|p2a: Cinccino|136/260\n|-unboost|p2a: Cinccino|spa|1\n|\n|upkeep\n|turn|7\n|inactive|Time left: 300 sec this turn | 300 sec total\n|\n|t:|1783547241\n|move|p1a: Grimmsnarl|Light Screen|p1a: Grimmsnarl\n|-sidestart|p1: p0x6978788|move: Light Screen\n|move|p2a: Cinccino|Triple Axel|p1a: Grimmsnarl\n|-damage|p1a: Grimmsnarl|10/100\n|-damage|p1a: Grimmsnarl|0 fnt\n|faint|p1a: Grimmsnarl\n|-hitcount|p1: Grimmsnarl|2\n|\n|upkeep\n|\n|t:|1783547242\n|switch|p1a: Ursaring|Ursaring, L84, F|100/100\n|turn|8\n|inactive|Time left: 300 sec this turn | 300 sec total\n|\n|t:|1783547243\n|move|p2a: Cinccino|Tail Slap|p1a: Ursaring\n|-damage|p1a: Ursaring|94/100\n|-crit|p1a: Ursaring\n|-damage|p1a: Ursaring|70/100\n|-damage|p1a: Ursaring|63/100\n|-damage|p1a: Ursaring|56/100\n|-hitcount|p1a: Ursaring|4\n|move|p1a: Ursaring|Body Slam|p2a: Cinccino\n|-damage|p2a: Cinccino|0 fnt\n|faint|p2a: Cinccino\n|\n|upkeep\n|inactive|Time left: 300 sec this turn | 300 sec total | 5 sec grace\n|\n|t:|1783547244\n|switch|p2a: Mandibuzz|Mandibuzz, L85, F|326/326\n|turn|9\n|inactive|Time left: 300 sec this turn | 300 sec total\n|\n|t:|1783547244\n|move|p2a: Mandibuzz|Foul Play|p1a: Ursaring\n|-damage|p1a: Ursaring|40/100\n|move|p1a: Ursaring|Body Slam|p2a: Mandibuzz\n|-damage|p2a: Mandibuzz|232/326\n|\n|upkeep\n|turn|10\n|inactive|Time left: 300 sec this turn | 300 sec total\n|\n|t:|1783547245\n|move|p2a: Mandibuzz|Roost|p2a: Mandibuzz\n|-heal|p2a: Mandibuzz|326/326\n|-singleturn|p2a: Mandibuzz|move: Roost\n|move|p1a: Ursaring|Body Slam|p2a: Mandibuzz\n|-damage|p2a: Mandibuzz|221/326\n|\n|upkeep\n|turn|11\n|inactive|Time left: 300 sec this turn | 300 sec total\n|\n|t:|1783547246\n|move|p2a: Mandibuzz|Roost|p2a: Mandibuzz\n|-heal|p2a: Mandibuzz|326/326\n|-singleturn|p2a: Mandibuzz|move: Roost\n|move|p1a: Ursaring|Body Slam|p2a: Mandibuzz\n|-damage|p2a: Mandibuzz|224/326\n|-status|p2a: Mandibuzz|par\n|\n|upkeep\n|turn|12\n|inactive|Time left: 300 sec this turn | 300 sec total\n|\n|t:|1783547248\n|move|p1a: Ursaring|Body Slam|p2a: Mandibuzz\n|-damage|p2a: Mandibuzz|125/326 par\n|move|p2a: Mandibuzz|Roost|p2a: Mandibuzz\n|-heal|p2a: Mandibuzz|288/326 par\n|-singleturn|p2a: Mandibuzz|move: Roost\n|\n|-sideend|p1: p0x6978788|Reflect\n|upkeep\n|turn|13\n|inactive|Time left: 300 sec this turn | 300 sec total\n|\n|t:|1783547249\n|move|p1a: Ursaring|Body Slam|p2a: Mandibuzz\n|-damage|p2a: Mandibuzz|186/326 par\n|move|p2a: Mandibuzz|Foul Play|p1a: Ursaring\n|-damage|p1a: Ursaring|6/100\n|\n|upkeep\n|turn|14\n|inactive|Time left: 300 sec this turn | 300 sec total\n|\n|t:|1783547250\n|move|p1a: Ursaring|Rest|p1a: Ursaring\n|-status|p1a: Ursaring|slp|[from] move: Rest\n|-heal|p1a: Ursaring|100/100 slp|[silent]\n|move|p2a: Mandibuzz|Roost|p2a: Mandibuzz\n|-heal|p2a: Mandibuzz|326/326 par\n|-singleturn|p2a: Mandibuzz|move: Roost\n|\n|-sideend|p1: p0x6978788|move: Light Screen\n|upkeep\n|turn|15\n|inactive|Time left: 300 sec this turn | 300 sec total\n|\n|t:|1783547251\n|cant|p1a: Ursaring|slp\n|move|p1a: Ursaring|Sleep Talk|p1a: Ursaring\n|move|p1a: Ursaring|Body Slam|p2a: Mandibuzz|[from] move: Sleep Talk\n|-damage|p2a: Mandibuzz|182/326 par\n|move|p2a: Mandibuzz|Foul Play|p1a: Ursaring\n|-damage|p1a: Ursaring|64/100 slp\n|\n|upkeep\n|turn|16\n|inactive|Time left: 300 sec this turn | 300 sec total\n|\n|t:|1783547252\n|cant|p1a: Ursaring|slp\n|move|p1a: Ursaring|Sleep Talk|p1a: Ursaring\n|move|p1a: Ursaring|Body Slam|p2a: Mandibuzz|[from] move: Sleep Talk\n|-damage|p2a: Mandibuzz|43/326 par\n|move|p2a: Mandibuzz|Foul Play|p1a: Ursaring\n|-damage|p1a: Ursaring|27/100 slp\n|\n|upkeep\n|turn|17\n|inactive|Time left: 300 sec this turn | 300 sec total\n|\n|t:|1783547253\n|-curestatus|p1a: Ursaring|slp|[msg]\n|move|p1a: Ursaring|Body Slam|p2a: Mandibuzz\n|-damage|p2a: Mandibuzz|0 fnt\n|faint|p2a: Mandibuzz\n|\n|upkeep\n|inactive|Time left: 300 sec this turn | 300 sec total | 5 sec grace\n|\n|t:|1783547254\n|switch|p2a: Frosmoth|Frosmoth, L82, F|249/249\n|turn|18\n|inactive|Time left: 300 sec this turn | 300 sec total\n|\n|t:|1783547255\n|move|p2a: Frosmoth|Ice Beam|p1a: Ursaring\n|-damage|p1a: Ursaring|0 fnt\n|faint|p1a: Ursaring\n|\n|upkeep\n|\n|t:|1783547256\n|switch|p1a: Brambleghast|Brambleghast, L88, M|100/100\n|turn|19\n|inactive|Time left: 300 sec this turn | 300 sec total\n|\n|t:|1783547257\n|-terastallize|p1a: Brambleghast|Water\n|move|p1a: Brambleghast|Poltergeist|p2a: Frosmoth\n|-activate|p2a: Frosmoth|move: Poltergeist|Heavy-Duty Boots\n|-damage|p2a: Frosmoth|59/249\n|move|p2a: Frosmoth|Ice Beam|p1a: Brambleghast\n|-resisted|p1a: Brambleghast\n|-damage|p1a: Brambleghast|75/100\n|\n|-heal|p1a: Brambleghast|82/100|[from] item: Leftovers\n|upkeep\n|turn|20\n|inactive|Time left: 300 sec this turn | 300 sec total\n|\n|t:|1783547259\n|move|p1a: Brambleghast|Poltergeist|p2a: Frosmoth\n|-activate|p2a: Frosmoth|move: Poltergeist|Heavy-Duty Boots\n|-damage|p2a: Frosmoth|0 fnt\n|faint|p2a: Frosmoth\n|\n|-heal|p1a: Brambleghast|88/100|[from] item: Leftovers\n|upkeep\n|inactive|Time left: 300 sec this turn | 300 sec total | 5 sec grace\n|\n|t:|1783547259\n|switch|p2a: Walking Wake|Walking Wake, L79|286/286\n|turn|21\n|inactive|Time left: 300 sec this turn | 300 sec total\n|\n|t:|1783547260\n|switch|p1a: Lanturn|Lanturn, L89, F|100/100\n|move|p2a: Walking Wake|Draco Meteor|p1a: Lanturn\n|-damage|p1a: Lanturn|44/100\n|-unboost|p2a: Walking Wake|spa|2\n|-damage|p2a: Walking Wake|258/286|[from] item: Life Orb\n|\n|upkeep\n|turn|22\n|inactive|Time left: 300 sec this turn | 300 sec total\n|\n|t:|1783547261\n|-end|p2a: Walking Wake|Protosynthesis|[silent]\n|switch|p2a: Piloswine|Piloswine, L85, M|309/309\n|move|p1a: Lanturn|Volt Switch|p2a: Piloswine\n|-immune|p2a: Piloswine\n|\n|upkeep\n|turn|23\n|inactive|Time left: 300 sec this turn | 300 sec total\n|\n|t:|1783547262\n|move|p1a: Lanturn|Scald|p2a: Piloswine\n|-supereffective|p2a: Piloswine\n|-damage|p2a: Piloswine|163/309\n|-status|p2a: Piloswine|brn\n|move|p2a: Piloswine|Earthquake|p1a: Lanturn\n|-supereffective|p1a: Lanturn\n|-damage|p1a: Lanturn|5/100\n|\n|-damage|p2a: Piloswine|144/309 brn|[from] brn\n|upkeep\n|turn|24\n|inactive|Time left: 300 sec this turn | 300 sec total\n|\n|t:|1783547263\n|move|p1a: Lanturn|Scald|p2a: Piloswine\n|-supereffective|p2a: Piloswine\n|-damage|p2a: Piloswine|4/309 brn\n|move|p2a: Piloswine|Earthquake|p1a: Lanturn\n|-supereffective|p1a: Lanturn\n|-damage|p1a: Lanturn|0 fnt\n|faint|p1a: Lanturn\n|\n|-damage|p2a: Piloswine|0 fnt|[from] brn\n|faint|p2a: Piloswine\n|upkeep\n|inactive|Time left: 300 sec this turn | 300 sec total | 5 sec grace\n|\n|t:|1783547265\n|switch|p1a: Plusle|Plusle, L95, M|100/100\n|switch|p2a: Walking Wake|Walking Wake, L79|258/286\n|turn|25\n|inactive|Time left: 300 sec this turn | 300 sec total\n|\n|t:|1783547266\n|move|p1a: Plusle|Thunderbolt|p2a: Walking Wake\n|-damage|p2a: Walking Wake|109/286\n|-damage|p1a: Plusle|91/100|[from] item: Life Orb\n|move|p2a: Walking Wake|Hydro Steam|p1a: Plusle\n|-damage|p1a: Plusle|49/100\n|-damage|p2a: Walking Wake|81/286|[from] item: Life Orb\n|\n|upkeep\n|turn|26\n|inactive|Time left: 300 sec this turn | 300 sec total\n|\n|t:|1783547267\n|move|p1a: Plusle|Grass Knot|p2a: Walking Wake\n|-damage|p2a: Walking Wake|0 fnt\n|faint|p2a: Walking Wake\n|-end|p2a: Walking Wake|Protosynthesis|[silent]\n|-damage|p1a: Plusle|39/100|[from] item: Life Orb\n|\n|win|p0x6978788", "uploadtime": 1783547267, "views": 0, "rating": 0, "private": 0, "password": null, "_winner": "p0x6978788", "_our_name": "p0y69732b1"}