{"id": "battle-gen9randombattle-2265", "formatid": "gen9randombattle", "format": "[Gen 9] Random Battle", "players": ["p0x22652190", "p0y22654917"], "log": "|init|battle\n|title|p0x22652190 vs. p0y22654917\n|j|\u2606p0x22652190\n|j|\u2606p0y22654917\n|t:|1783566235\n|gametype|singles\n|player|p1|p0x22652190|1|\n|player|p2|p0y22654917|169|\n|gen|9\n|tier|[Gen 9] Random Battle\n|rule|Species Clause: Limit one of each Pok\u00e9mon\n|rule|HP Percentage Mod: HP is shown in percentages\n|rule|Sleep Clause Mod: Limit one foe put to sleep\n|rule|Illusion Level Mod: Illusion disguises the Pok\u00e9mon's true level\n|\n|t:|1783566235\n|teamsize|p1|6\n|teamsize|p2|6\n|start\n|switch|p1a: Eelektross|Eelektross, L87, M|290/290\n|switch|p2a: Raging Bolt|Raging Bolt, L78|100/100\n|turn|1\n|inactive|Battle timer is ON: inactive players will automatically lose when time's up. (requested by p0y22654917)\n|inactive|Time left: 300 sec this turn | 300 sec total | 60 sec grace\n|\n|t:|1783566237\n|move|p2a: Raging Bolt|Calm Mind|p2a: Raging Bolt\n|-boost|p2a: Raging Bolt|spa|1\n|-boost|p2a: Raging Bolt|spd|1\n|move|p1a: Eelektross|U-turn|p2a: Raging Bolt\n|-damage|p2a: Raging Bolt|82/100\n|inactive|Time left: 300 sec this turn | 300 sec total | 65 sec grace\n|inactive|p0x22652190 also wants the timer to be on.\n|\n|t:|1783566238\n|switch|p1a: Ogerpon|Ogerpon-Cornerstone, L76, F|247/247|[from] U-turn\n|\n|-heal|p2a: Raging Bolt|88/100|[from] item: Leftovers\n|upkeep\n|turn|2\n|inactive|Time left: 300 sec this turn | 300 sec total\n|\n|t:|1783566239\n|move|p1a: Ogerpon|Swords Dance|p1a: Ogerpon\n|-boost|p1a: Ogerpon|atk|2\n|move|p2a: Raging Bolt|Draco Meteor|p1a: Ogerpon\n|-ability|p1a: Ogerpon|Sturdy\n|-damage|p1a: Ogerpon|1/247\n|-unboost|p2a: Raging Bolt|spa|2\n|\n|-heal|p2a: Raging Bolt|94/100|[from] item: Leftovers\n|upkeep\n|turn|3\n|inactive|Time left: 300 sec this turn | 300 sec total\n|\n|t:|1783566240\n|move|p2a: Raging Bolt|Thunderclap|p1a: Ogerpon\n|-resisted|p1a: Ogerpon\n|-damage|p1a: Ogerpon|0 fnt\n|faint|p1a: Ogerpon\n|\n|-heal|p2a: Raging Bolt|99/100|[from] item: Leftovers\n|upkeep\n|inactive|Time left: 300 sec this turn | 300 sec total | 5 sec grace\n|\n|t:|1783566241\n|switch|p1a: Gouging Fire|Gouging Fire, L74|277/277\n|turn|4\n|inactive|Time left: 300 sec this turn | 300 sec total\n|\n|t:|1783566243\n|move|p1a: Gouging Fire|Dragon Dance|p1a: Gouging Fire\n|-boost|p1a: Gouging Fire|atk|1\n|-boost|p1a: Gouging Fire|spe|1\n|move|p2a: Raging Bolt|Draco Meteor|p1a: Gouging Fire\n|-supereffective|p1a: Gouging Fire\n|-crit|p1a: Gouging Fire\n|-damage|p1a: Gouging Fire|0 fnt\n|-unboost|p2a: Raging Bolt|spa|2\n|faint|p1a: Gouging Fire\n|-end|p1a: Gouging Fire|Protosynthesis|[silent]\n|\n|-heal|p2a: Raging Bolt|100/100|[from] item: Leftovers\n|upkeep\n|inactive|Time left: 300 sec this turn | 300 sec total | 5 sec grace\n|\n|t:|1783566243\n|switch|p1a: Mew|Mew, L82|298/298\n|turn|5\n|inactive|Time left: 300 sec this turn | 300 sec total\n|\n|t:|1783566244\n|-end|p2a: Raging Bolt|Protosynthesis|[silent]\n|switch|p2a: Yanmega|Yanmega, L82, M|100/100\n|move|p1a: Mew|Nasty Plot|p1a: Mew\n|-boost|p1a: Mew|spa|2\n|\n|upkeep\n|turn|6\n|inactive|Time left: 300 sec this turn | 300 sec total\n|\n|t:|1783566246\n|move|p1a: Mew|Fire Blast|p2a: Yanmega\n|-supereffective|p2a: Yanmega\n|-damage|p2a: Yanmega|0 fnt\n|faint|p2a: Yanmega\n|-damage|p1a: Mew|269/298|[from] item: Life Orb\n|\n|upkeep\n|\n|t:|1783566247\n|switch|p2a: Raging Bolt|Raging Bolt, L78|100/100\n|turn|7\n|inactive|Time left: 300 sec this turn | 300 sec total\n|\n|t:|1783566248\n|move|p1a: Mew|Psyshock|p2a: Raging Bolt\n|-damage|p2a: Raging Bolt|28/100\n|-damage|p1a: Mew|240/298|[from] item: Life Orb\n|move|p2a: Raging Bolt|Thunderbolt|p1a: Mew\n|-damage|p1a: Mew|141/298\n|-status|p1a: Mew|par\n|-activate|p1a: Mew|ability: Synchronize\n|-immune|p2a: Raging Bolt\n|\n|-heal|p2a: Raging Bolt|34/100|[from] item: Leftovers\n|upkeep\n|turn|8\n|inactive|Time left: 300 sec this turn | 300 sec total\n|\n|t:|1783566251\n|move|p2a: Raging Bolt|Draco Meteor|p1a: Mew\n|-damage|p1a: Mew|3/298 par\n|-unboost|p2a: Raging Bolt|spa|2\n|move|p1a: Mew|Bug Buzz|p2a: Raging Bolt\n|-damage|p2a: Raging Bolt|0 fnt\n|faint|p2a: Raging Bolt\n|-end|p2a: Raging Bolt|Protosynthesis|[silent]\n|-damage|p1a: Mew|0 fnt|[from] item: Life Orb\n|faint|p1a: Mew\n|\n|upkeep\n|inactive|Time left: 300 sec this turn | 300 sec total | 5 sec grace\n|\n|t:|1783566253\n|switch|p1a: Archaludon|Archaludon, L78, F|268/268\n|switch|p2a: Magnezone|Magnezone, L85|100/100\n|turn|9\n|inactive|Time left: 300 sec this turn | 300 sec total\n|\n|t:|1783566254\n|move|p1a: Archaludon|Body Press|p2a: Magnezone\n|-supereffective|p2a: Magnezone\n|-damage|p2a: Magnezone|62/100\n|move|p2a: Magnezone|Iron Defense|p2a: Magnezone\n|-boost|p2a: Magnezone|def|2\n|\n|-heal|p2a: Magnezone|68/100|[from] item: Leftovers\n|upkeep\n|turn|10\n|inactive|Time left: 300 sec this turn | 300 sec total\n|\n|t:|1783566255\n|move|p1a: Archaludon|Stealth Rock|p2a: Magnezone\n|-sidestart|p2: p0y22654917|move: Stealth Rock\n|move|p2a: Magnezone|Body Press|p1a: Archaludon\n|-supereffective|p1a: Archaludon\n|-damage|p1a: Archaludon|56/268\n|-ability|p1a: Archaludon|Stamina|boost\n|-boost|p1a: Archaludon|def|1\n|\n|-heal|p1a: Archaludon|72/268|[from] item: Leftovers\n|-heal|p2a: Magnezone|74/100|[from] item: Leftovers\n|upkeep\n|turn|11\n|inactive|Time left: 300 sec this turn | 300 sec total\n|\n|t:|1783566256\n|move|p1a: Archaludon|Body Press|p2a: Magnezone\n|-supereffective|p2a: Magnezone\n|-damage|p2a: Magnezone|42/100\n|move|p2a: Magnezone|Thunderbolt|p1a: Archaludon\n|-resisted|p1a: Archaludon\n|-damage|p1a: Archaludon|0 fnt\n|faint|p1a: Archaludon\n|\n|-heal|p2a: Magnezone|48/100|[from] item: Leftovers\n|upkeep\n|inactive|Time left: 300 sec this turn | 300 sec total | 5 sec grace\n|\n|t:|1783566257\n|switch|p1a: Farigiraf|Farigiraf, L90, M|362/362\n|turn|12\n|inactive|Time left: 300 sec this turn | 300 sec total\n|\n|t:|1783566258\n|move|p1a: Farigiraf|Psychic Noise|p2a: Magnezone\n|-resisted|p2a: Magnezone\n|-damage|p2a: Magnezone|28/100\n|-start|p2a: Magnezone|move: Heal Block\n|move|p2a: Magnezone|Body Press|p1a: Farigiraf\n|-damage|p1a: Farigiraf|210/362\n|\n|-heal|p1a: Farigiraf|232/362|[from] item: Leftovers\n|upkeep\n|turn|13\n|inactive|Time left: 300 sec this turn | 300 sec total\n|\n|t:|1783566260\n|move|p1a: Farigiraf|Psychic Noise|p2a: Magnezone\n|-resisted|p2a: Magnezone\n|-damage|p2a: Magnezone|9/100\n|move|p2a: Magnezone|Body Press|p1a: Farigiraf\n|-damage|p1a: Farigiraf|96/362\n|\n|-heal|p1a: Farigiraf|118/362|[from] item: Leftovers\n|-end|p2a: Magnezone|move: Heal Block\n|upkeep\n|turn|14\n|inactive|Time left: 300 sec this turn | 300 sec total\n|\n|t:|1783566261\n|move|p1a: Farigiraf|Psychic Noise|p2a: Magnezone\n|-resisted|p2a: Magnezone\n|-damage|p2a: Magnezone|0 fnt\n|faint|p2a: Magnezone\n|\n|-heal|p1a: Farigiraf|140/362|[from] item: Leftovers\n|upkeep\n|\n|t:|1783566262\n|switch|p2a: Scizor|Scizor, L79, F|100/100\n|-damage|p2a: Scizor|88/100|[from] Stealth Rock\n|turn|15\n|inactive|Time left: 300 sec this turn | 300 sec total\n|\n|t:|1783566263\n|move|p1a: Farigiraf|Protect|p1a: Farigiraf\n|-singleturn|p1a: Farigiraf|Protect\n|move|p2a: Scizor|Bullet Punch|p1a: Farigiraf\n|-activate|p1a: Farigiraf|move: Protect\n|\n|-heal|p1a: Farigiraf|162/362|[from] item: Leftovers\n|upkeep\n|turn|16\n|inactive|Time left: 300 sec this turn | 300 sec total\n|\n|t:|1783566264\n|-terastallize|p1a: Farigiraf|Water\n|move|p2a: Scizor|Bullet Punch|p1a: Farigiraf\n|-resisted|p1a: Farigiraf\n|-damage|p1a: Farigiraf|103/362\n|move|p1a: Farigiraf|Wish|p1a: Farigiraf\n|\n|-heal|p1a: Farigiraf|125/362|[from] item: Leftovers\n|upkeep\n|turn|17\n|inactive|Time left: 300 sec this turn | 300 sec total\n|\n|t:|1783566265\n|move|p2a: Scizor|Bullet Punch|p1a: Farigiraf\n|-resisted|p1a: Farigiraf\n|-damage|p1a: Farigiraf|71/362\n|move|p1a: Farigiraf|Psychic Noise|p2a: Scizor\n|-resisted|p2a: Scizor\n|-damage|p2a: Scizor|62/100\n|-start|p2a: Scizor|move: Heal Block\n|\n|-heal|p1a: Farigiraf|252/362|[from] move: Wish|[wisher] Farigiraf\n|-heal|p1a: Farigiraf|274/362|[from] item: Leftovers\n|upkeep\n|turn|18\n|inactive|Time left: 300 sec this turn | 300 sec total\n|\n|t:|1783566266\n|move|p2a: Scizor|Bullet Punch|p1a: Farigiraf\n|-resisted|p1a: Farigiraf\n|-damage|p1a: Farigiraf|220/362\n|move|p1a: Farigiraf|Body Slam|p2a: Scizor\n|-resisted|p2a: Scizor\n|-damage|p2a: Scizor|43/100\n|-status|p2a: Scizor|par\n|\n|-heal|p1a: Farigiraf|242/362|[from] item: Leftovers\n|-end|p2a: Scizor|move: Heal Block\n|upkeep\n|turn|19\n|inactive|Time left: 300 sec this turn | 300 sec total\n|\n|t:|1783566267\n|move|p2a: Scizor|Bullet Punch|p1a: Farigiraf\n|-resisted|p1a: Farigiraf\n|-damage|p1a: Farigiraf|183/362\n|move|p1a: Farigiraf|Psychic Noise|p2a: Scizor\n|-resisted|p2a: Scizor\n|-damage|p2a: Scizor|21/100 par\n|-start|p2a: Scizor|move: Heal Block\n|\n|-heal|p1a: Farigiraf|205/362|[from] item: Leftovers\n|upkeep\n|turn|20\n|inactive|Time left: 300 sec this turn | 300 sec total\n|\n|t:|1783566268\n|move|p2a: Scizor|Bullet Punch|p1a: Farigiraf\n|-resisted|p1a: Farigiraf\n|-damage|p1a: Farigiraf|142/362\n|move|p1a: Farigiraf|Wish|p1a: Farigiraf\n|\n|-heal|p1a: Farigiraf|164/362|[from] item: Leftovers\n|-end|p2a: Scizor|move: Heal Block\n|upkeep\n|turn|21\n|inactive|Time left: 300 sec this turn | 300 sec total\n|\n|t:|1783566269\n|move|p2a: Scizor|Bullet Punch|p1a: Farigiraf\n|-resisted|p1a: Farigiraf\n|-damage|p1a: Farigiraf|106/362\n|move|p1a: Farigiraf|Psychic Noise|p2a: Scizor\n|-resisted|p2a: Scizor\n|-damage|p2a: Scizor|0 fnt\n|faint|p2a: Scizor\n|\n|-heal|p1a: Farigiraf|287/362|[from] move: Wish|[wisher] Farigiraf\n|-heal|p1a: Farigiraf|309/362|[from] item: Leftovers\n|upkeep\n|\n|t:|1783566269\n|switch|p2a: Cramorant|Cramorant, L86, F|100/100\n|turn|22\n|inactive|Time left: 300 sec this turn | 300 sec total\n|\n|t:|1783566270\n|move|p2a: Cramorant|Surf|p1a: Farigiraf\n|-formechange|p2a: Cramorant|Cramorant-Gulping|\n|-resisted|p1a: Farigiraf\n|-damage|p1a: Farigiraf|258/362\n|move|p1a: Farigiraf|Body Slam|p2a: Cramorant\n|-damage|p2a: Cramorant|49/100\n|-damage|p1a: Farigiraf|168/362|[from] ability: Gulp Missile|[of] p2a: Cramorant\n|-unboost|p1a: Farigiraf|def|1\n|-formechange|p2a: Cramorant|Cramorant|\n|\n|-heal|p1a: Farigiraf|190/362|[from] item: Leftovers\n|upkeep\n|turn|23\n|inactive|Time left: 300 sec this turn | 300 sec total\n|\n|t:|1783566271\n|move|p2a: Cramorant|Brave Bird|p1a: Farigiraf\n|-damage|p1a: Farigiraf|3/362\n|-damage|p2a: Cramorant|25/100|[from] Recoil\n|move|p1a: Farigiraf|Body Slam|p2a: Cramorant\n|-damage|p2a: Cramorant|0 fnt\n|faint|p2a: Cramorant\n|\n|-heal|p1a: Farigiraf|25/362|[from] item: Leftovers\n|upkeep\n|\n|t:|1783566272\n|switch|p2a: Regirock|Regirock, L83|100/100\n|-damage|p2a: Regirock|88/100|[from] Stealth Rock\n|turn|24\n|inactive|Time left: 300 sec this turn | 300 sec total\n|\n|t:|1783566273\n|move|p1a: Farigiraf|Psychic Noise|p2a: Regirock\n|-damage|p2a: Regirock|53/100\n|-start|p2a: Regirock|move: Heal Block\n|move|p2a: Regirock|Curse|p2a: Regirock\n|-unboost|p2a: Regirock|spe|1\n|-boost|p2a: Regirock|atk|1\n|-boost|p2a: Regirock|def|1\n|\n|-heal|p1a: Farigiraf|47/362|[from] item: Leftovers\n|upkeep\n|turn|25\n|inactive|Time left: 300 sec this turn | 300 sec total\n|\n|t:|1783566274\n|move|p1a: Farigiraf|Psychic Noise|p2a: Regirock\n|-damage|p2a: Regirock|20/100\n|move|p2a: Regirock|Stone Edge|p1a: Farigiraf\n|-damage|p1a: Farigiraf|0 fnt\n|faint|p1a: Farigiraf\n|\n|-end|p2a: Regirock|move: Heal Block\n|upkeep\n|inactive|Time left: 300 sec this turn | 300 sec total | 5 sec grace\n|\n|t:|1783566275\n|switch|p1a: Eelektross|Eelektross, L87, M|290/290\n|turn|26\n|inactive|Time left: 300 sec this turn | 300 sec total\n|\n|t:|1783566276\n|move|p1a: Eelektross|Discharge|p2a: Regirock\n|-damage|p2a: Regirock|0 fnt\n|faint|p2a: Regirock\n|\n|win|p0x22652190", "uploadtime": 1783566276, "views": 0, "rating": 0, "private": 0, "password": null, "_winner": "p0x22652190", "_our_name": "p0x22652190"}