{"id": "battle-gen9randombattle-1505", "formatid": "gen9randombattle", "format": "[Gen 9] Random Battle", "players": ["p0x15055dd6", "p0y150552ec"], "log": "|init|battle\n|title|p0x15055dd6 vs. p0y150552ec\n|j|\u2606p0x15055dd6\n|j|\u2606p0y150552ec\n|t:|1783557532\n|gametype|singles\n|player|p1|p0x15055dd6|102|\n|player|p2|p0y150552ec|170|\n|gen|9\n|tier|[Gen 9] Random Battle\n|rule|Species Clause: Limit one of each Pok\u00e9mon\n|rule|HP Percentage Mod: HP is shown in percentages\n|rule|Sleep Clause Mod: Limit one foe put to sleep\n|rule|Illusion Level Mod: Illusion disguises the Pok\u00e9mon's true level\n|\n|t:|1783557532\n|teamsize|p1|6\n|teamsize|p2|6\n|start\n|switch|p1a: Gyarados|Gyarados, L79, F|100/100\n|switch|p2a: Weavile|Weavile, L79, F|239/239\n|-ability|p1a: Gyarados|Intimidate|boost\n|-unboost|p2a: Weavile|atk|1\n|turn|1\n|inactive|Battle timer is ON: inactive players will automatically lose when time's up. (requested by p0x15055dd6)\n|inactive|Time left: 300 sec this turn | 300 sec total | 60 sec grace\n|inactive|p0y150552ec also wants the timer to be on.\n|\n|t:|1783557533\n|move|p2a: Weavile|Triple Axel|p1a: Gyarados\n|-damage|p1a: Gyarados|92/100\n|-hitcount|p1a: Gyarados|1\n|move|p1a: Gyarados|Dragon Dance|p1a: Gyarados\n|-boost|p1a: Gyarados|atk|1\n|-boost|p1a: Gyarados|spe|1\n|\n|upkeep\n|turn|2\n|inactive|Time left: 300 sec this turn | 300 sec total\n|\n|t:|1783557534\n|move|p1a: Gyarados|Waterfall|p2a: Weavile\n|-damage|p2a: Weavile|70/239\n|move|p2a: Weavile|Triple Axel|p1a: Gyarados\n|-damage|p1a: Gyarados|81/100\n|-damage|p1a: Gyarados|63/100\n|-damage|p1a: Gyarados|38/100\n|-hitcount|p1a: Gyarados|3\n|\n|upkeep\n|turn|3\n|inactive|Time left: 300 sec this turn | 300 sec total\n|\n|t:|1783557535\n|switch|p2a: Pelipper|Pelipper, L86, F|243/243\n|-weather|RainDance|[from] ability: Drizzle|[of] p2a: Pelipper\n|move|p1a: Gyarados|Waterfall|p2a: Pelipper\n|-resisted|p2a: Pelipper\n|-damage|p2a: Pelipper|146/243\n|\n|-weather|RainDance|[upkeep]\n|upkeep\n|turn|4\n|inactive|Time left: 300 sec this turn | 300 sec total\n|\n|t:|1783557536\n|move|p1a: Gyarados|Waterfall|p2a: Pelipper\n|-resisted|p2a: Pelipper\n|-damage|p2a: Pelipper|55/243\n|move|p2a: Pelipper|Hurricane|p1a: Gyarados\n|-damage|p1a: Gyarados|0 fnt\n|faint|p1a: Gyarados\n|\n|-weather|RainDance|[upkeep]\n|upkeep\n|\n|t:|1783557537\n|switch|p1a: Keldeo|Keldeo-Resolute, L79|100/100\n|turn|5\n|inactive|Time left: 300 sec this turn | 300 sec total\n|\n|t:|1783557538\n|move|p1a: Keldeo|Air Slash|p2a: Pelipper\n|-damage|p2a: Pelipper|0 fnt\n|faint|p2a: Pelipper\n|-damage|p1a: Keldeo|91/100|[from] item: Life Orb\n|\n|-weather|RainDance|[upkeep]\n|upkeep\n|inactive|Time left: 300 sec this turn | 300 sec total | 5 sec grace\n|\n|t:|1783557539\n|switch|p2a: Mewtwo|Mewtwo, L72|272/272\n|-ability|p2a: Mewtwo|Unnerve\n|turn|6\n|inactive|Time left: 300 sec this turn | 300 sec total\n|\n|t:|1783557540\n|switch|p1a: Cresselia|Cresselia, L80, F|100/100\n|move|p2a: Mewtwo|Psystrike|p1a: Cresselia\n|-resisted|p1a: Cresselia\n|-damage|p1a: Cresselia|79/100\n|-damage|p2a: Mewtwo|245/272|[from] item: Life Orb\n|\n|-weather|RainDance|[upkeep]\n|-heal|p1a: Cresselia|85/100|[from] item: Leftovers\n|upkeep\n|turn|7\n|inactive|Time left: 300 sec this turn | 300 sec total\n|\n|t:|1783557542\n|move|p2a: Mewtwo|Nasty Plot|p2a: Mewtwo\n|-boost|p2a: Mewtwo|spa|2\n|move|p1a: Cresselia|Calm Mind|p1a: Cresselia\n|-boost|p1a: Cresselia|spa|1\n|-boost|p1a: Cresselia|spd|1\n|\n|-weather|none\n|-heal|p1a: Cresselia|92/100|[from] item: Leftovers\n|upkeep\n|turn|8\n|inactive|Time left: 300 sec this turn | 300 sec total\n|\n|t:|1783557543\n|move|p2a: Mewtwo|Nasty Plot|p2a: Mewtwo\n|-boost|p2a: Mewtwo|spa|2\n|move|p1a: Cresselia|Calm Mind|p1a: Cresselia\n|-boost|p1a: Cresselia|spa|1\n|-boost|p1a: Cresselia|spd|1\n|\n|-heal|p1a: Cresselia|98/100|[from] item: Leftovers\n|upkeep\n|turn|9\n|inactive|Time left: 300 sec this turn | 300 sec total\n|\n|t:|1783557544\n|move|p2a: Mewtwo|Psystrike|p1a: Cresselia\n|-resisted|p1a: Cresselia\n|-crit|p1a: Cresselia\n|-damage|p1a: Cresselia|7/100\n|-damage|p2a: Mewtwo|218/272|[from] item: Life Orb\n|move|p1a: Cresselia|Moonlight|p1a: Cresselia\n|-heal|p1a: Cresselia|57/100\n|\n|-heal|p1a: Cresselia|63/100|[from] item: Leftovers\n|upkeep\n|turn|10\n|inactive|Time left: 300 sec this turn | 300 sec total\n|\n|t:|1783557545\n|move|p2a: Mewtwo|Psystrike|p1a: Cresselia\n|-resisted|p1a: Cresselia\n|-damage|p1a: Cresselia|8/100\n|-damage|p2a: Mewtwo|191/272|[from] item: Life Orb\n|move|p1a: Cresselia|Thunderbolt|p2a: Mewtwo\n|-damage|p2a: Mewtwo|83/272\n|\n|-heal|p1a: Cresselia|14/100|[from] item: Leftovers\n|upkeep\n|turn|11\n|inactive|Time left: 300 sec this turn | 300 sec total\n|\n|t:|1783557546\n|move|p2a: Mewtwo|Psystrike|p1a: Cresselia\n|-resisted|p1a: Cresselia\n|-damage|p1a: Cresselia|0 fnt\n|faint|p1a: Cresselia\n|-damage|p2a: Mewtwo|56/272|[from] item: Life Orb\n|\n|upkeep\n|\n|t:|1783557547\n|switch|p1a: Tsareena|Tsareena, L87, F|100/100\n|turn|12\n|inactive|Time left: 300 sec this turn | 300 sec total\n|\n|t:|1783557548\n|switch|p1a: Keldeo|Keldeo-Resolute, L79|91/100\n|move|p2a: Mewtwo|Psystrike|p1a: Keldeo\n|-supereffective|p1a: Keldeo\n|-damage|p1a: Keldeo|0 fnt\n|faint|p1a: Keldeo\n|-damage|p2a: Mewtwo|29/272|[from] item: Life Orb\n|\n|upkeep\n|\n|t:|1783557549\n|switch|p1a: Heatran|Heatran, L79, M|100/100\n|-item|p1a: Heatran|Air Balloon\n|turn|13\n|inactive|Time left: 300 sec this turn | 300 sec total\n|\n|t:|1783557550\n|move|p2a: Mewtwo|Aura Sphere|p1a: Heatran\n|-supereffective|p1a: Heatran\n|-damage|p1a: Heatran|0 fnt\n|-enditem|p1a: Heatran|Air Balloon\n|faint|p1a: Heatran\n|-damage|p2a: Mewtwo|2/272|[from] item: Life Orb\n|\n|upkeep\n|\n|t:|1783557551\n|switch|p1a: Tsareena|Tsareena, L87, F|100/100\n|turn|14\n|inactive|Time left: 300 sec this turn | 300 sec total\n|\n|t:|1783557552\n|move|p2a: Mewtwo|Psystrike|p1a: Tsareena\n|-damage|p1a: Tsareena|0 fnt\n|faint|p1a: Tsareena\n|-damage|p2a: Mewtwo|0 fnt|[from] item: Life Orb\n|faint|p2a: Mewtwo\n|\n|upkeep\n|inactive|Time left: 300 sec this turn | 300 sec total | 5 sec grace\n|\n|t:|1783557553\n|switch|p2a: Weavile|Weavile, L79, F|70/239\n|switch|p1a: Sandy Shocks|Sandy Shocks, L80|100/100\n|turn|15\n|inactive|Time left: 300 sec this turn | 300 sec total\n|\n|t:|1783557554\n|-terastallize|p1a: Sandy Shocks|Electric\n|move|p2a: Weavile|Triple Axel|p1a: Sandy Shocks\n|-damage|p1a: Sandy Shocks|88/100\n|-damage|p1a: Sandy Shocks|64/100\n|-damage|p1a: Sandy Shocks|26/100\n|-hitcount|p1a: Sandy Shocks|3\n|move|p1a: Sandy Shocks|Thunder Wave|p2a: Weavile\n|-status|p2a: Weavile|par\n|\n|-heal|p1a: Sandy Shocks|32/100|[from] item: Leftovers\n|upkeep\n|turn|16\n|inactive|Time left: 300 sec this turn | 300 sec total\n|\n|t:|1783557555\n|move|p1a: Sandy Shocks|Thunder Wave|p2a: Weavile\n|-fail|p2a: Weavile|par\n|cant|p2a: Weavile|par\n|\n|-heal|p1a: Sandy Shocks|38/100|[from] item: Leftovers\n|upkeep\n|turn|17\n|inactive|Time left: 300 sec this turn | 300 sec total\n|\n|t:|1783557556\n|-terastallize|p2a: Weavile|Ice\n|move|p1a: Sandy Shocks|Earth Power|p2a: Weavile\n|-damage|p2a: Weavile|0 fnt\n|faint|p2a: Weavile\n|\n|-heal|p1a: Sandy Shocks|44/100|[from] item: Leftovers\n|upkeep\n|inactive|Time left: 300 sec this turn | 300 sec total | 5 sec grace\n|\n|t:|1783557557\n|switch|p2a: Haxorus|Haxorus, L77, F|244/244\n|-ability|p2a: Haxorus|Mold Breaker\n|turn|18\n|inactive|Time left: 300 sec this turn | 300 sec total\n|\n|t:|1783557558\n|move|p1a: Sandy Shocks|Thunder Wave|p2a: Haxorus\n|-status|p2a: Haxorus|par\n|move|p2a: Haxorus|Earthquake|p1a: Sandy Shocks\n|-supereffective|p1a: Sandy Shocks\n|-damage|p1a: Sandy Shocks|0 fnt\n|faint|p1a: Sandy Shocks\n|-end|p1a: Sandy Shocks|Protosynthesis|[silent]\n|\n|win|p0y150552ec", "uploadtime": 1783557558, "views": 0, "rating": 0, "private": 0, "password": null, "_winner": "p0y150552ec", "_our_name": "p0y150552ec"}