{"id": "battle-gen9randombattle-2967", "formatid": "gen9randombattle", "format": "[Gen 9] Random Battle", "players": ["p0x2967b03b", "p0y296737f5"], "log": "|init|battle\n|title|p0x2967b03b vs. p0y296737f5\n|j|\u2606p0x2967b03b\n|j|\u2606p0y296737f5\n|t:|1783573189\n|gametype|singles\n|player|p1|p0x2967b03b|1|\n|player|p2|p0y296737f5|101|\n|gen|9\n|tier|[Gen 9] Random Battle\n|rule|Species Clause: Limit one of each Pok\u00e9mon\n|rule|HP Percentage Mod: HP is shown in percentages\n|rule|Sleep Clause Mod: Limit one foe put to sleep\n|rule|Illusion Level Mod: Illusion disguises the Pok\u00e9mon's true level\n|\n|t:|1783573189\n|teamsize|p1|6\n|teamsize|p2|6\n|start\n|switch|p1a: Blaziken|Blaziken, L76, F|100/100\n|switch|p2a: Pawmot|Pawmot, L80, M|243/243\n|turn|1\n|inactive|Battle timer is ON: inactive players will automatically lose when time's up. (requested by p0y296737f5)\n|\n|t:|1783573190\n|move|p2a: Pawmot|Double Shock|p1a: Blaziken\n|-damage|p1a: Blaziken|9/100\n|-start|p2a: Pawmot|typechange|???/Fighting|[from] move: Double Shock\n|-damage|p2a: Pawmot|219/243|[from] item: Life Orb\n|move|p1a: Blaziken|Flare Blitz|p2a: Pawmot\n|-damage|p2a: Pawmot|3/243\n|-damage|p1a: Blaziken|0 fnt|[from] Recoil\n|faint|p1a: Blaziken\n|\n|upkeep\n|inactive|p0x2967b03b also wants the timer to be on.\n|\n|t:|1783573191\n|switch|p1a: Espathra|Espathra, L80, M|100/100\n|turn|2\n|inactive|Time left: 300 sec this turn | 300 sec total\n|\n|t:|1783573192\n|move|p2a: Pawmot|Knock Off|p1a: Espathra\n|-supereffective|p1a: Espathra\n|-damage|p1a: Espathra|3/100\n|-enditem|p1a: Espathra|Choice Specs|[from] move: Knock Off|[of] p2a: Pawmot\n|-damage|p2a: Pawmot|0 fnt|[from] item: Life Orb\n|faint|p2a: Pawmot\n|move|p1a: Espathra|Lumina Crash|p2: Pawmot|[notarget]\n|-fail|p1a: Espathra\n|\n|-ability|p1a: Espathra|Speed Boost|boost\n|-boost|p1a: Espathra|spe|1\n|upkeep\n|inactive|Time left: 300 sec this turn | 300 sec total | 5 sec grace\n|\n|t:|1783573192\n|switch|p2a: Tentacruel|Tentacruel, L84, M|272/272\n|turn|3\n|inactive|Time left: 300 sec this turn | 300 sec total\n|\n|t:|1783573193\n|move|p1a: Espathra|Lumina Crash|p2a: Tentacruel\n|-supereffective|p2a: Tentacruel\n|-damage|p2a: Tentacruel|132/272\n|-unboost|p2a: Tentacruel|spd|2\n|move|p2a: Tentacruel|Rapid Spin|p1a: Espathra\n|-damage|p1a: Espathra|0 fnt\n|-boost|p2a: Tentacruel|spe|1\n|faint|p1a: Espathra\n|\n|-heal|p2a: Tentacruel|149/272|[from] item: Leftovers\n|upkeep\n|\n|t:|1783573194\n|switch|p1a: Glastrier|Glastrier, L86|100/100\n|turn|4\n|inactive|Time left: 300 sec this turn | 300 sec total\n|\n|t:|1783573195\n|move|p2a: Tentacruel|Toxic|p1a: Glastrier\n|-status|p1a: Glastrier|tox\n|move|p1a: Glastrier|High Horsepower|p2a: Tentacruel\n|-supereffective|p2a: Tentacruel\n|-damage|p2a: Tentacruel|0 fnt\n|faint|p2a: Tentacruel\n|-ability|p1a: Glastrier|Chilling Neigh|boost\n|-boost|p1a: Glastrier|atk|1\n|\n|-damage|p1a: Glastrier|94/100 tox|[from] psn\n|upkeep\n|inactive|Time left: 300 sec this turn | 300 sec total | 5 sec grace\n|\n|t:|1783573196\n|switch|p2a: Poliwrath|Poliwrath, L88, F|302/302\n|turn|5\n|inactive|Time left: 300 sec this turn | 300 sec total\n|\n|t:|1783573197\n|move|p2a: Poliwrath|Knock Off|p1a: Glastrier\n|-damage|p1a: Glastrier|72/100 tox\n|-enditem|p1a: Glastrier|Heavy-Duty Boots|[from] move: Knock Off|[of] p2a: Poliwrath\n|-damage|p2a: Poliwrath|272/302|[from] item: Life Orb\n|move|p1a: Glastrier|Close Combat|p2a: Poliwrath\n|-damage|p2a: Poliwrath|116/302\n|-unboost|p1a: Glastrier|def|1\n|-unboost|p1a: Glastrier|spd|1\n|\n|-damage|p1a: Glastrier|59/100 tox|[from] psn\n|upkeep\n|turn|6\n|inactive|Time left: 300 sec this turn | 300 sec total\n|\n|t:|1783573198\n|move|p2a: Poliwrath|Close Combat|p1a: Glastrier\n|-supereffective|p1a: Glastrier\n|-damage|p1a: Glastrier|0 fnt\n|-unboost|p2a: Poliwrath|def|1\n|-unboost|p2a: Poliwrath|spd|1\n|faint|p1a: Glastrier\n|-damage|p2a: Poliwrath|86/302|[from] item: Life Orb\n|\n|upkeep\n|\n|t:|1783573199\n|switch|p1a: Latios|Latios, L78, M|100/100\n|turn|7\n|inactive|Time left: 300 sec this turn | 300 sec total\n|\n|t:|1783573200\n|switch|p2a: Blissey|Blissey, L85, F|572/572\n|move|p1a: Latios|Psyshock|p2a: Blissey\n|-damage|p2a: Blissey|256/572\n|\n|-heal|p2a: Blissey|291/572|[from] item: Leftovers\n|upkeep\n|turn|8\n|inactive|Time left: 300 sec this turn | 300 sec total\n|\n|t:|1783573201\n|switch|p2a: Groudon|Groudon, L72|263/263\n|-weather|SunnyDay|[from] ability: Drought|[of] p2a: Groudon\n|move|p1a: Latios|Psyshock|p2a: Groudon\n|-damage|p2a: Groudon|169/263\n|\n|-weather|SunnyDay|[upkeep]\n|-heal|p2a: Groudon|185/263|[from] item: Leftovers\n|upkeep\n|turn|9\n|inactive|Time left: 300 sec this turn | 300 sec total\n|\n|t:|1783573202\n|move|p1a: Latios|Draco Meteor|p2a: Groudon\n|-damage|p2a: Groudon|0 fnt\n|-unboost|p1a: Latios|spa|2\n|faint|p2a: Groudon\n|\n|-weather|SunnyDay|[upkeep]\n|upkeep\n|inactive|Time left: 300 sec this turn | 300 sec total | 5 sec grace\n|\n|t:|1783573203\n|switch|p2a: Blissey|Blissey, L85, F|291/572\n|turn|10\n|inactive|Time left: 300 sec this turn | 300 sec total\n|\n|t:|1783573204\n|switch|p1a: Ho-Oh|Ho-Oh, L71|100/100\n|move|p2a: Blissey|Soft-Boiled|p2a: Blissey\n|-heal|p2a: Blissey|572/572\n|\n|-weather|SunnyDay|[upkeep]\n|upkeep\n|turn|11\n|inactive|Time left: 300 sec this turn | 300 sec total\n|\n|t:|1783573204\n|move|p1a: Ho-Oh|Sacred Fire|p2a: Blissey\n|-damage|p2a: Blissey|164/572\n|move|p2a: Blissey|Soft-Boiled|p2a: Blissey\n|-heal|p2a: Blissey|450/572\n|\n|-weather|SunnyDay|[upkeep]\n|-heal|p2a: Blissey|485/572|[from] item: Leftovers\n|upkeep\n|turn|12\n|inactive|Time left: 300 sec this turn | 300 sec total\n|\n|t:|1783573205\n|move|p1a: Ho-Oh|Sacred Fire|p2a: Blissey\n|-damage|p2a: Blissey|91/572\n|move|p2a: Blissey|Soft-Boiled|p2a: Blissey\n|-heal|p2a: Blissey|377/572\n|\n|-weather|none\n|-heal|p2a: Blissey|412/572|[from] item: Leftovers\n|upkeep\n|turn|13\n|inactive|Time left: 300 sec this turn | 300 sec total\n|\n|t:|1783573206\n|move|p1a: Ho-Oh|Sacred Fire|p2a: Blissey\n|-damage|p2a: Blissey|136/572\n|-status|p2a: Blissey|brn\n|move|p2a: Blissey|Soft-Boiled|p2a: Blissey\n|-heal|p2a: Blissey|422/572 brn\n|\n|-heal|p2a: Blissey|457/572 brn|[from] item: Leftovers\n|-damage|p2a: Blissey|422/572 brn|[from] brn\n|upkeep\n|turn|14\n|inactive|Time left: 300 sec this turn | 300 sec total\n|\n|t:|1783573207\n|move|p1a: Ho-Oh|Sacred Fire|p2a: Blissey\n|-damage|p2a: Blissey|155/572 brn\n|move|p2a: Blissey|Soft-Boiled|p2a: Blissey\n|-heal|p2a: Blissey|441/572 brn\n|\n|-heal|p2a: Blissey|476/572 brn|[from] item: Leftovers\n|-damage|p2a: Blissey|441/572 brn|[from] brn\n|upkeep\n|turn|15\n|inactive|Time left: 300 sec this turn | 300 sec total\n|\n|t:|1783573208\n|move|p1a: Ho-Oh|Sacred Fire|p2a: Blissey\n|-damage|p2a: Blissey|153/572 brn\n|move|p2a: Blissey|Soft-Boiled|p2a: Blissey\n|-heal|p2a: Blissey|439/572 brn\n|\n|-heal|p2a: Blissey|474/572 brn|[from] item: Leftovers\n|-damage|p2a: Blissey|439/572 brn|[from] brn\n|upkeep\n|turn|16\n|inactive|Time left: 300 sec this turn | 300 sec total\n|\n|t:|1783573209\n|move|p1a: Ho-Oh|Sacred Fire|p2a: Blissey\n|-crit|p2a: Blissey\n|-damage|p2a: Blissey|40/572 brn\n|move|p2a: Blissey|Soft-Boiled|p2a: Blissey\n|-heal|p2a: Blissey|326/572 brn\n|\n|-heal|p2a: Blissey|361/572 brn|[from] item: Leftovers\n|-damage|p2a: Blissey|326/572 brn|[from] brn\n|upkeep\n|turn|17\n|inactive|Time left: 300 sec this turn | 300 sec total\n|\n|t:|1783573210\n|move|p1a: Ho-Oh|Brave Bird|p2a: Blissey\n|-damage|p2a: Blissey|4/572 brn\n|-damage|p1a: Ho-Oh|61/100|[from] Recoil\n|move|p2a: Blissey|Soft-Boiled|p2a: Blissey\n|-heal|p2a: Blissey|290/572 brn\n|\n|-heal|p2a: Blissey|325/572 brn|[from] item: Leftovers\n|-damage|p2a: Blissey|290/572 brn|[from] brn\n|upkeep\n|turn|18\n|inactive|Time left: 300 sec this turn | 300 sec total\n|\n|t:|1783573211\n|move|p1a: Ho-Oh|Sacred Fire|p2a: Blissey\n|-damage|p2a: Blissey|11/572 brn\n|move|p2a: Blissey|Thunder Wave|p1a: Ho-Oh\n|-status|p1a: Ho-Oh|par\n|\n|-heal|p2a: Blissey|46/572 brn|[from] item: Leftovers\n|-damage|p2a: Blissey|11/572 brn|[from] brn\n|upkeep\n|turn|19\n|inactive|Time left: 300 sec this turn | 300 sec total\n|\n|t:|1783573212\n|-curestatus|p2a: Blissey|brn|[from] ability: Natural Cure|[silent]\n|switch|p2a: Pachirisu|Pachirisu, L96, M|271/271\n|switch|p1a: Sableye|Sableye, L88, F|100/100\n|\n|upkeep\n|turn|20\n|inactive|Time left: 300 sec this turn | 300 sec total\n|\n|t:|1783573213\n|move|p1a: Sableye|Will-O-Wisp|p2a: Pachirisu\n|-status|p2a: Pachirisu|brn\n|move|p2a: Pachirisu|Discharge|p1a: Sableye\n|-damage|p1a: Sableye|65/100\n|\n|-heal|p1a: Sableye|71/100|[from] item: Leftovers\n|-damage|p2a: Pachirisu|255/271 brn|[from] brn\n|upkeep\n|turn|21\n|inactive|Time left: 300 sec this turn | 300 sec total\n|\n|t:|1783573214\n|move|p2a: Pachirisu|Discharge|p1a: Sableye\n|-damage|p1a: Sableye|39/100\n|move|p1a: Sableye|Knock Off|p2a: Pachirisu\n|-damage|p2a: Pachirisu|150/271 brn\n|-enditem|p2a: Pachirisu|Heavy-Duty Boots|[from] move: Knock Off|[of] p1a: Sableye\n|\n|-heal|p1a: Sableye|45/100|[from] item: Leftovers\n|-damage|p2a: Pachirisu|134/271 brn|[from] brn\n|upkeep\n|turn|22\n|inactive|Time left: 300 sec this turn | 300 sec total\n|\n|t:|1783573215\n|move|p1a: Sableye|Recover|p1a: Sableye\n|-heal|p1a: Sableye|95/100\n|move|p2a: Pachirisu|Discharge|p1a: Sableye\n|-damage|p1a: Sableye|62/100\n|-status|p1a: Sableye|par\n|\n|-heal|p1a: Sableye|68/100 par|[from] item: Leftovers\n|-damage|p2a: Pachirisu|118/271 brn|[from] brn\n|upkeep\n|turn|23\n|inactive|Time left: 300 sec this turn | 300 sec total\n|\n|t:|1783573217\n|cant|p1a: Sableye|par\n|move|p2a: Pachirisu|Discharge|p1a: Sableye\n|-damage|p1a: Sableye|35/100 par\n|\n|-heal|p1a: Sableye|41/100 par|[from] item: Leftovers\n|-damage|p2a: Pachirisu|102/271 brn|[from] brn\n|upkeep\n|turn|24\n|inactive|Time left: 300 sec this turn | 300 sec total\n|\n|t:|1783573218\n|move|p1a: Sableye|Recover|p1a: Sableye\n|-heal|p1a: Sableye|91/100 par\n|move|p2a: Pachirisu|Discharge|p1a: Sableye\n|-damage|p1a: Sableye|55/100 par\n|\n|-heal|p1a: Sableye|61/100 par|[from] item: Leftovers\n|-damage|p2a: Pachirisu|86/271 brn|[from] brn\n|upkeep\n|turn|25\n|inactive|Time left: 300 sec this turn | 300 sec total\n|\n|t:|1783573219\n|move|p1a: Sableye|Recover|p1a: Sableye\n|-heal|p1a: Sableye|100/100 par\n|move|p2a: Pachirisu|Discharge|p1a: Sableye\n|-damage|p1a: Sableye|65/100 par\n|\n|-heal|p1a: Sableye|71/100 par|[from] item: Leftovers\n|-damage|p2a: Pachirisu|70/271 brn|[from] brn\n|upkeep\n|turn|26\n|inactive|Time left: 300 sec this turn | 300 sec total\n|\n|t:|1783573220\n|move|p2a: Pachirisu|Discharge|p1a: Sableye\n|-damage|p1a: Sableye|39/100 par\n|move|p1a: Sableye|Knock Off|p2a: Pachirisu\n|-damage|p2a: Pachirisu|1/271 brn\n|\n|-heal|p1a: Sableye|45/100 par|[from] item: Leftovers\n|-damage|p2a: Pachirisu|0 fnt|[from] brn\n|faint|p2a: Pachirisu\n|upkeep\n|inactive|Time left: 300 sec this turn | 300 sec total | 5 sec grace\n|\n|t:|1783573221\n|switch|p2a: Poliwrath|Poliwrath, L88, F|86/302\n|turn|27\n|inactive|Time left: 300 sec this turn | 300 sec total\n|\n|t:|1783573222\n|move|p1a: Sableye|Will-O-Wisp|p2a: Poliwrath\n|-status|p2a: Poliwrath|brn\n|move|p2a: Poliwrath|Liquidation|p1a: Sableye\n|-damage|p1a: Sableye|17/100 par\n|-damage|p2a: Poliwrath|56/302 brn|[from] item: Life Orb\n|\n|-heal|p1a: Sableye|23/100 par|[from] item: Leftovers\n|-damage|p2a: Poliwrath|38/302 brn|[from] brn\n|upkeep\n|turn|28\n|inactive|Time left: 300 sec this turn | 300 sec total\n|\n|t:|1783573222\n|move|p2a: Poliwrath|Rain Dance|p2a: Poliwrath\n|-weather|RainDance\n|cant|p1a: Sableye|par\n|\n|-weather|RainDance|[upkeep]\n|-heal|p1a: Sableye|29/100 par|[from] item: Leftovers\n|-damage|p2a: Poliwrath|20/302 brn|[from] brn\n|upkeep\n|turn|29\n|inactive|Time left: 300 sec this turn | 300 sec total\n|\n|t:|1783573223\n|move|p2a: Poliwrath|Rain Dance||[still]\n|-fail|p2a: Poliwrath\n|cant|p1a: Sableye|par\n|\n|-weather|RainDance|[upkeep]\n|-heal|p1a: Sableye|35/100 par|[from] item: Leftovers\n|-damage|p2a: Poliwrath|2/302 brn|[from] brn\n|upkeep\n|turn|30\n|inactive|Time left: 300 sec this turn | 300 sec total\n|\n|t:|1783573224\n|switch|p1a: Latios|Latios, L78, M|100/100\n|move|p2a: Poliwrath|Knock Off|p1a: Latios\n|-supereffective|p1a: Latios\n|-crit|p1a: Latios\n|-damage|p1a: Latios|33/100\n|-enditem|p1a: Latios|Soul Dew|[from] move: Knock Off|[of] p2a: Poliwrath\n|-damage|p2a: Poliwrath|0 fnt|[from] item: Life Orb\n|faint|p2a: Poliwrath\n|\n|-weather|RainDance|[upkeep]\n|upkeep\n|inactive|Time left: 300 sec this turn | 300 sec total | 5 sec grace\n|\n|t:|1783573225\n|switch|p2a: Blissey|Blissey, L85, F|11/572\n|turn|31\n|inactive|Time left: 300 sec this turn | 300 sec total\n|\n|t:|1783573226\n|-terastallize|p1a: Latios|Steel\n|-terastallize|p2a: Blissey|Ghost\n|move|p1a: Latios|Psyshock|p2a: Blissey\n|-damage|p2a: Blissey|0 fnt\n|faint|p2a: Blissey\n|\n|win|p0x2967b03b", "uploadtime": 1783573226, "views": 0, "rating": 0, "private": 0, "password": null, "_winner": "p0x2967b03b", "_our_name": "p0y296737f5"}