{"id": "battle-gen9randombattle-194", "formatid": "gen9randombattle", "format": "[Gen 9] Random Battle", "players": ["p0x194c606", "p0y19474ad"], "log": "|init|battle\n|title|p0x194c606 vs. p0y19474ad\n|j|\u2606p0x194c606\n|j|\u2606p0y19474ad\n|t:|1783535998\n|gametype|singles\n|player|p1|p0x194c606|102|\n|player|p2|p0y19474ad|101|\n|gen|9\n|tier|[Gen 9] Random Battle\n|rule|Species Clause: Limit one of each Pok\u00e9mon\n|rule|HP Percentage Mod: HP is shown in percentages\n|rule|Sleep Clause Mod: Limit one foe put to sleep\n|rule|Illusion Level Mod: Illusion disguises the Pok\u00e9mon's true level\n|\n|t:|1783535998\n|teamsize|p1|6\n|teamsize|p2|6\n|start\n|switch|p1a: Frosmoth|Frosmoth, L82, F|100/100\n|switch|p2a: Veluza|Veluza, L85, F|292/292\n|turn|1\n|inactive|Battle timer is ON: inactive players will automatically lose when time's up. (requested by p0y19474ad)\n|inactive|p0x194c606 also wants the timer to be on.\n|\n|t:|1783536000\n|move|p2a: Veluza|Aqua Cutter|p1a: Frosmoth\n|-damage|p1a: Frosmoth|33/100\n|move|p1a: Frosmoth|Bug Buzz|p2a: Veluza\n|-supereffective|p2a: Veluza\n|-damage|p2a: Veluza|8/292\n|-enditem|p2a: Veluza|Sitrus Berry|[eat]\n|-heal|p2a: Veluza|81/292|[from] item: Sitrus Berry\n|\n|upkeep\n|turn|2\n|inactive|Time left: 300 sec this turn | 300 sec total\n|\n|t:|1783536001\n|switch|p1a: Kingambit|Kingambit, L74, M|100/100\n|move|p2a: Veluza|Aqua Cutter|p1a: Kingambit\n|-damage|p1a: Kingambit|59/100\n|\n|-heal|p1a: Kingambit|65/100|[from] item: Leftovers\n|upkeep\n|turn|3\n|inactive|Time left: 300 sec this turn | 300 sec total\n|\n|t:|1783536002\n|switch|p2a: Squawkabilly|Squawkabilly-Blue, L85, M|278/278\n|move|p1a: Kingambit|Swords Dance|p1a: Kingambit\n|-boost|p1a: Kingambit|atk|2\n|\n|-heal|p1a: Kingambit|71/100|[from] item: Leftovers\n|-status|p2a: Squawkabilly|brn|[from] item: Flame Orb\n|upkeep\n|turn|4\n|inactive|Time left: 300 sec this turn | 300 sec total\n|\n|t:|1783536003\n|switch|p2a: Kingambit|Kingambit, L74, M|270/270\n|move|p1a: Kingambit|Iron Head|p2a: Kingambit\n|-resisted|p2a: Kingambit\n|-damage|p2a: Kingambit|194/270\n|\n|-heal|p1a: Kingambit|77/100|[from] item: Leftovers\n|-heal|p2a: Kingambit|210/270|[from] item: Leftovers\n|upkeep\n|turn|5\n|inactive|Time left: 300 sec this turn | 300 sec total\n|\n|t:|1783536004\n|move|p1a: Kingambit|Kowtow Cleave|p2a: Kingambit\n|-resisted|p2a: Kingambit\n|-crit|p2a: Kingambit\n|-damage|p2a: Kingambit|79/270\n|move|p2a: Kingambit|Swords Dance|p2a: Kingambit\n|-boost|p2a: Kingambit|atk|2\n|\n|-heal|p2a: Kingambit|95/270|[from] item: Leftovers\n|-heal|p1a: Kingambit|83/100|[from] item: Leftovers\n|upkeep\n|turn|6\n|inactive|Time left: 300 sec this turn | 300 sec total\n|\n|t:|1783536005\n|move|p2a: Kingambit|Iron Head|p1a: Kingambit\n|-resisted|p1a: Kingambit\n|-damage|p1a: Kingambit|57/100\n|move|p1a: Kingambit|Kowtow Cleave|p2a: Kingambit\n|-resisted|p2a: Kingambit\n|-damage|p2a: Kingambit|9/270\n|\n|-heal|p2a: Kingambit|25/270|[from] item: Leftovers\n|-heal|p1a: Kingambit|63/100|[from] item: Leftovers\n|upkeep\n|turn|7\n|inactive|Time left: 300 sec this turn | 300 sec total\n|\n|t:|1783536006\n|move|p2a: Kingambit|Iron Head|p1a: Kingambit\n|-resisted|p1a: Kingambit\n|-damage|p1a: Kingambit|35/100\n|cant|p1a: Kingambit|flinch\n|\n|-heal|p1a: Kingambit|41/100|[from] item: Leftovers\n|-heal|p2a: Kingambit|41/270|[from] item: Leftovers\n|upkeep\n|turn|8\n|inactive|Time left: 300 sec this turn | 300 sec total\n|\n|t:|1783536007\n|move|p2a: Kingambit|Sucker Punch|p1a: Kingambit\n|-resisted|p1a: Kingambit\n|-damage|p1a: Kingambit|16/100\n|move|p1a: Kingambit|Kowtow Cleave|p2a: Kingambit\n|-resisted|p2a: Kingambit\n|-damage|p2a: Kingambit|0 fnt\n|faint|p2a: Kingambit\n|-end|p2a: Kingambit|fallenundefined|[silent]\n|\n|-heal|p1a: Kingambit|22/100|[from] item: Leftovers\n|upkeep\n|inactive|Time left: 300 sec this turn | 300 sec total | 5 sec grace\n|\n|t:|1783536008\n|switch|p2a: Iron Thorns|Iron Thorns, L83|302/302\n|-item|p2a: Iron Thorns|Air Balloon\n|turn|9\n|inactive|Time left: 300 sec this turn | 300 sec total\n|\n|t:|1783536009\n|move|p1a: Kingambit|Sucker Punch|p2a: Iron Thorns\n|-damage|p2a: Iron Thorns|169/302\n|-enditem|p2a: Iron Thorns|Air Balloon\n|move|p2a: Iron Thorns|Wild Charge|p1a: Kingambit\n|-damage|p1a: Kingambit|0 fnt\n|faint|p1a: Kingambit\n|-end|p1a: Kingambit|fallenundefined|[silent]\n|-damage|p2a: Iron Thorns|155/302|[from] Recoil\n|\n|upkeep\n|\n|t:|1783536010\n|switch|p1a: Pawmot|Pawmot, L80, F|100/100\n|turn|10\n|inactive|Time left: 300 sec this turn | 300 sec total\n|\n|t:|1783536011\n|move|p1a: Pawmot|Close Combat|p2a: Iron Thorns\n|-supereffective|p2a: Iron Thorns\n|-damage|p2a: Iron Thorns|0 fnt\n|-unboost|p1a: Pawmot|def|1\n|-unboost|p1a: Pawmot|spd|1\n|faint|p2a: Iron Thorns\n|-end|p2a: Iron Thorns|Quark Drive|[silent]\n|\n|upkeep\n|inactive|Time left: 300 sec this turn | 300 sec total | 5 sec grace\n|\n|t:|1783536012\n|switch|p2a: Deoxys|Deoxys, L74|196/196\n|-ability|p2a: Deoxys|Pressure\n|turn|11\n|inactive|Time left: 300 sec this turn | 300 sec total\n|\n|t:|1783536013\n|switch|p1a: Skarmory|Skarmory, L80, M|100/100\n|move|p2a: Deoxys|Psycho Boost|p1a: Skarmory\n|-resisted|p1a: Skarmory\n|-damage|p1a: Skarmory|46/100\n|-unboost|p2a: Deoxys|spa|2\n|-damage|p2a: Deoxys|177/196|[from] item: Life Orb\n|\n|upkeep\n|turn|12\n|inactive|Time left: 300 sec this turn | 300 sec total\n|\n|t:|1783536014\n|switch|p2a: Veluza|Veluza, L85, F|81/292\n|move|p1a: Skarmory|Roost|p1a: Skarmory\n|-heal|p1a: Skarmory|96/100\n|-singleturn|p1a: Skarmory|move: Roost\n|\n|upkeep\n|turn|13\n|inactive|Time left: 300 sec this turn | 300 sec total\n|\n|t:|1783536014\n|move|p2a: Veluza|Aqua Cutter|p1a: Skarmory\n|-damage|p1a: Skarmory|58/100\n|move|p1a: Skarmory|Stealth Rock|p2a: Veluza\n|-sidestart|p2: p0y19474ad|move: Stealth Rock\n|\n|upkeep\n|turn|14\n|inactive|Time left: 300 sec this turn | 300 sec total\n|\n|t:|1783536015\n|move|p2a: Veluza|Aqua Cutter|p1a: Skarmory\n|-damage|p1a: Skarmory|19/100\n|move|p1a: Skarmory|Roost|p1a: Skarmory\n|-heal|p1a: Skarmory|69/100\n|-singleturn|p1a: Skarmory|move: Roost\n|\n|upkeep\n|turn|15\n|inactive|Time left: 300 sec this turn | 300 sec total\n|\n|t:|1783536016\n|move|p2a: Veluza|Aqua Cutter|p1a: Skarmory\n|-damage|p1a: Skarmory|35/100\n|move|p1a: Skarmory|Roost|p1a: Skarmory\n|-heal|p1a: Skarmory|85/100\n|-singleturn|p1a: Skarmory|move: Roost\n|\n|upkeep\n|turn|16\n|inactive|Time left: 300 sec this turn | 300 sec total\n|\n|t:|1783536017\n|move|p2a: Veluza|Aqua Cutter|p1a: Skarmory\n|-crit|p1a: Skarmory\n|-damage|p1a: Skarmory|31/100\n|move|p1a: Skarmory|Brave Bird|p2a: Veluza\n|-damage|p2a: Veluza|0 fnt\n|faint|p2a: Veluza\n|-damage|p1a: Skarmory|19/100|[from] Recoil\n|\n|upkeep\n|inactive|Time left: 300 sec this turn | 300 sec total | 5 sec grace\n|\n|t:|1783536018\n|switch|p2a: Giratina|Giratina, L75|349/349\n|-damage|p2a: Giratina|306/349|[from] Stealth Rock\n|-ability|p2a: Giratina|Pressure\n|turn|17\n|inactive|Time left: 300 sec this turn | 300 sec total\n|\n|t:|1783536019\n|switch|p1a: Frosmoth|Frosmoth, L82, F|33/100\n|move|p2a: Giratina|Shadow Ball|p1a: Frosmoth\n|-damage|p1a: Frosmoth|17/100\n|\n|-heal|p2a: Giratina|327/349|[from] item: Leftovers\n|upkeep\n|turn|18\n|inactive|Time left: 300 sec this turn | 300 sec total\n|\n|t:|1783536020\n|move|p1a: Frosmoth|Ice Beam|p2a: Giratina\n|-supereffective|p2a: Giratina\n|-damage|p2a: Giratina|123/349\n|move|p2a: Giratina|Dragon Tail|p1a: Frosmoth|[miss]\n|-miss|p2a: Giratina|p1a: Frosmoth\n|\n|-heal|p2a: Giratina|144/349|[from] item: Leftovers\n|upkeep\n|turn|19\n|inactive|Time left: 300 sec this turn | 300 sec total\n|\n|t:|1783536021\n|move|p2a: Giratina|Defog|p1a: Frosmoth\n|-unboost|p1a: Frosmoth|evasion|1\n|-sideend|p2: p0y19474ad|Stealth Rock|[from] move: Defog|[of] p2a: Giratina\n|move|p1a: Frosmoth|Ice Beam|p2a: Giratina\n|-supereffective|p2a: Giratina\n|-crit|p2a: Giratina\n|-damage|p2a: Giratina|0 fnt\n|faint|p2a: Giratina\n|\n|upkeep\n|inactive|Time left: 300 sec this turn | 300 sec total | 5 sec grace\n|\n|t:|1783536022\n|switch|p2a: Squawkabilly|Squawkabilly-Blue, L85, M|278/278 brn\n|turn|20\n|inactive|Time left: 300 sec this turn | 300 sec total\n|\n|t:|1783536023\n|switch|p1a: Skarmory|Skarmory, L80, M|19/100\n|move|p2a: Squawkabilly|Facade|p1a: Skarmory\n|-resisted|p1a: Skarmory\n|-crit|p1a: Skarmory\n|-damage|p1a: Skarmory|0 fnt\n|-damage|p2a: Squawkabilly|232/278 brn|[from] item: Rocky Helmet|[of] p1a: Skarmory\n|faint|p1a: Skarmory\n|\n|-damage|p2a: Squawkabilly|215/278 brn|[from] brn\n|upkeep\n|\n|t:|1783536024\n|switch|p1a: Pawmot|Pawmot, L80, F|100/100\n|turn|21\n|inactive|Time left: 300 sec this turn | 300 sec total\n|\n|t:|1783536025\n|-terastallize|p1a: Pawmot|Electric\n|move|p2a: Squawkabilly|Protect|p2a: Squawkabilly\n|-singleturn|p2a: Squawkabilly|Protect\n|move|p1a: Pawmot|Double Shock|p2a: Squawkabilly\n|-activate|p2a: Squawkabilly|move: Protect\n|\n|-damage|p2a: Squawkabilly|198/278 brn|[from] brn\n|upkeep\n|turn|22\n|inactive|Time left: 300 sec this turn | 300 sec total\n|\n|t:|1783536026\n|move|p2a: Squawkabilly|Protect||[still]\n|-fail|p2a: Squawkabilly\n|move|p1a: Pawmot|Double Shock|p2a: Squawkabilly\n|-supereffective|p2a: Squawkabilly\n|-damage|p2a: Squawkabilly|0 fnt\n|-start|p1a: Pawmot|typechange|Electric|[from] move: Double Shock\n|faint|p2a: Squawkabilly\n|\n|upkeep\n|inactive|Time left: 300 sec this turn | 300 sec total | 5 sec grace\n|\n|t:|1783536027\n|switch|p2a: Deoxys|Deoxys, L74|177/196\n|-ability|p2a: Deoxys|Pressure\n|turn|23\n|inactive|Time left: 300 sec this turn | 300 sec total\n|\n|t:|1783536028\n|-terastallize|p2a: Deoxys|Psychic\n|move|p2a: Deoxys|Psycho Boost|p1a: Pawmot\n|-damage|p1a: Pawmot|0 fnt\n|-unboost|p2a: Deoxys|spa|2\n|faint|p1a: Pawmot\n|-damage|p2a: Deoxys|158/196|[from] item: Life Orb\n|\n|upkeep\n|\n|t:|1783536029\n|switch|p1a: Phione|Phione, L91|100/100\n|turn|24\n|inactive|Time left: 300 sec this turn | 300 sec total\n|\n|t:|1783536030\n|move|p2a: Deoxys|Knock Off|p1a: Phione\n|-damage|p1a: Phione|69/100\n|-enditem|p1a: Phione|Leftovers|[from] move: Knock Off|[of] p2a: Deoxys\n|-damage|p2a: Deoxys|139/196|[from] item: Life Orb\n|move|p1a: Phione|Scald|p2a: Deoxys\n|-damage|p2a: Deoxys|0 fnt\n|faint|p2a: Deoxys\n|\n|win|p0x194c606", "uploadtime": 1783536030, "views": 0, "rating": 0, "private": 0, "password": null, "_winner": "p0x194c606", "_our_name": "p0y19474ad"}