{"id": "battle-gen9randombattle-2624", "formatid": "gen9randombattle", "format": "[Gen 9] Random Battle", "players": ["p0x2624097e", "p0y26247bd2"], "log": "|init|battle\n|title|p0x2624097e vs. p0y26247bd2\n|j|\u2606p0x2624097e\n|j|\u2606p0y26247bd2\n|t:|1783570304\n|gametype|singles\n|player|p1|p0x2624097e|102|\n|player|p2|p0y26247bd2|170|\n|gen|9\n|tier|[Gen 9] Random Battle\n|rule|Species Clause: Limit one of each Pok\u00e9mon\n|rule|HP Percentage Mod: HP is shown in percentages\n|rule|Sleep Clause Mod: Limit one foe put to sleep\n|rule|Illusion Level Mod: Illusion disguises the Pok\u00e9mon's true level\n|\n|t:|1783570304\n|teamsize|p1|6\n|teamsize|p2|6\n|start\n|switch|p1a: Houndstone|Houndstone, L86, F|264/264\n|switch|p2a: Tropius|Tropius, L91, F|100/100\n|turn|1\n|inactive|Battle timer is ON: inactive players will automatically lose when time's up. (requested by p0y26247bd2)\n|inactive|Time left: 300 sec this turn | 300 sec total | 60 sec grace\n|inactive|p0x2624097e also wants the timer to be on.\n|\n|t:|1783570305\n|move|p1a: Houndstone|Poltergeist|p2a: Tropius\n|-activate|p2a: Tropius|move: Poltergeist|Sitrus Berry\n|-crit|p2a: Tropius\n|-damage|p2a: Tropius|42/100\n|-enditem|p2a: Tropius|Sitrus Berry|[eat]\n|-heal|p2a: Tropius|67/100|[from] item: Sitrus Berry\n|move|p2a: Tropius|Dragon Dance|p2a: Tropius\n|-boost|p2a: Tropius|atk|1\n|-boost|p2a: Tropius|spe|1\n|\n|-item|p2a: Tropius|Sitrus Berry|[from] ability: Harvest\n|upkeep\n|turn|2\n|inactive|Time left: 300 sec this turn | 300 sec total\n|\n|t:|1783570307\n|move|p2a: Tropius|Dragon Dance|p2a: Tropius\n|-boost|p2a: Tropius|atk|1\n|-boost|p2a: Tropius|spe|1\n|move|p1a: Houndstone|Will-O-Wisp|p2a: Tropius\n|-status|p2a: Tropius|brn\n|\n|-damage|p2a: Tropius|61/100 brn|[from] brn\n|upkeep\n|turn|3\n|inactive|Time left: 300 sec this turn | 300 sec total\n|\n|t:|1783570307\n|switch|p1a: Skarmory|Skarmory, L80, F|235/235\n|move|p2a: Tropius|Synthesis|p2a: Tropius\n|-heal|p2a: Tropius|100/100 brn\n|\n|-damage|p2a: Tropius|94/100 brn|[from] brn\n|upkeep\n|turn|4\n|inactive|Time left: 300 sec this turn | 300 sec total\n|\n|t:|1783570308\n|move|p2a: Tropius|Dragon Dance|p2a: Tropius\n|-boost|p2a: Tropius|atk|1\n|-boost|p2a: Tropius|spe|1\n|move|p1a: Skarmory|Stealth Rock|p2a: Tropius\n|-sidestart|p2: p0y26247bd2|move: Stealth Rock\n|\n|-damage|p2a: Tropius|88/100 brn|[from] brn\n|upkeep\n|turn|5\n|inactive|Time left: 300 sec this turn | 300 sec total\n|\n|t:|1783570309\n|move|p2a: Tropius|Dragon Dance|p2a: Tropius\n|-boost|p2a: Tropius|atk|1\n|-boost|p2a: Tropius|spe|1\n|move|p1a: Skarmory|Brave Bird|p2a: Tropius\n|-supereffective|p2a: Tropius\n|-damage|p2a: Tropius|28/100 brn\n|-enditem|p2a: Tropius|Sitrus Berry|[eat]\n|-heal|p2a: Tropius|53/100 brn|[from] item: Sitrus Berry\n|-damage|p1a: Skarmory|170/235|[from] Recoil\n|\n|-damage|p2a: Tropius|47/100 brn|[from] brn\n|-item|p2a: Tropius|Sitrus Berry|[from] ability: Harvest\n|upkeep\n|-enditem|p2a: Tropius|Sitrus Berry|[eat]\n|-heal|p2a: Tropius|72/100 brn|[from] item: Sitrus Berry\n|turn|6\n|inactive|Time left: 300 sec this turn | 300 sec total\n|\n|t:|1783570310\n|move|p2a: Tropius|Synthesis|p2a: Tropius\n|-heal|p2a: Tropius|100/100 brn\n|move|p1a: Skarmory|Brave Bird|p2a: Tropius\n|-supereffective|p2a: Tropius\n|-damage|p2a: Tropius|43/100 brn\n|-damage|p1a: Skarmory|108/235|[from] Recoil\n|\n|-damage|p2a: Tropius|37/100 brn|[from] brn\n|upkeep\n|turn|7\n|inactive|Time left: 300 sec this turn | 300 sec total\n|\n|t:|1783570311\n|move|p2a: Tropius|Synthesis|p2a: Tropius\n|-heal|p2a: Tropius|87/100 brn\n|move|p1a: Skarmory|Brave Bird|p2a: Tropius\n|-supereffective|p2a: Tropius\n|-damage|p2a: Tropius|26/100 brn\n|-damage|p1a: Skarmory|42/235|[from] Recoil\n|\n|-damage|p2a: Tropius|20/100 brn|[from] brn\n|-item|p2a: Tropius|Sitrus Berry|[from] ability: Harvest\n|upkeep\n|-enditem|p2a: Tropius|Sitrus Berry|[eat]\n|-heal|p2a: Tropius|45/100 brn|[from] item: Sitrus Berry\n|turn|8\n|inactive|Time left: 300 sec this turn | 300 sec total\n|\n|t:|1783570312\n|move|p2a: Tropius|Synthesis|p2a: Tropius\n|-heal|p2a: Tropius|95/100 brn\n|move|p1a: Skarmory|Roost|p1a: Skarmory\n|-heal|p1a: Skarmory|160/235\n|-singleturn|p1a: Skarmory|move: Roost\n|\n|-damage|p2a: Tropius|89/100 brn|[from] brn\n|upkeep\n|turn|9\n|inactive|Time left: 300 sec this turn | 300 sec total\n|\n|t:|1783570313\n|move|p2a: Tropius|Earthquake|p1a: Skarmory\n|-immune|p1a: Skarmory\n|move|p1a: Skarmory|Brave Bird|p2a: Tropius\n|-supereffective|p2a: Tropius\n|-damage|p2a: Tropius|33/100 brn\n|-damage|p1a: Skarmory|100/235|[from] Recoil\n|\n|-damage|p2a: Tropius|27/100 brn|[from] brn\n|upkeep\n|turn|10\n|inactive|Time left: 300 sec this turn | 300 sec total\n|\n|t:|1783570314\n|move|p2a: Tropius|Synthesis|p2a: Tropius\n|-heal|p2a: Tropius|77/100 brn\n|move|p1a: Skarmory|Brave Bird|p2a: Tropius\n|-supereffective|p2a: Tropius\n|-damage|p2a: Tropius|17/100 brn\n|-damage|p1a: Skarmory|35/235|[from] Recoil\n|\n|-damage|p2a: Tropius|11/100 brn|[from] brn\n|-item|p2a: Tropius|Sitrus Berry|[from] ability: Harvest\n|upkeep\n|-enditem|p2a: Tropius|Sitrus Berry|[eat]\n|-heal|p2a: Tropius|36/100 brn|[from] item: Sitrus Berry\n|turn|11\n|inactive|Time left: 300 sec this turn | 300 sec total\n|\n|t:|1783570315\n|move|p2a: Tropius|Synthesis|p2a: Tropius\n|-heal|p2a: Tropius|86/100 brn\n|move|p1a: Skarmory|Roost|p1a: Skarmory\n|-heal|p1a: Skarmory|153/235\n|-singleturn|p1a: Skarmory|move: Roost\n|\n|-damage|p2a: Tropius|80/100 brn|[from] brn\n|upkeep\n|turn|12\n|inactive|Time left: 300 sec this turn | 300 sec total\n|\n|t:|1783570316\n|move|p2a: Tropius|Synthesis|p2a: Tropius\n|-heal|p2a: Tropius|100/100 brn\n|move|p1a: Skarmory|Brave Bird|p2a: Tropius\n|-supereffective|p2a: Tropius\n|-damage|p2a: Tropius|43/100 brn\n|-damage|p1a: Skarmory|91/235|[from] Recoil\n|\n|-damage|p2a: Tropius|37/100 brn|[from] brn\n|upkeep\n|turn|13\n|inactive|Time left: 300 sec this turn | 300 sec total\n|\n|t:|1783570317\n|move|p2a: Tropius|Synthesis|p2a: Tropius\n|-heal|p2a: Tropius|87/100 brn\n|move|p1a: Skarmory|Brave Bird|p2a: Tropius\n|-supereffective|p2a: Tropius\n|-crit|p2a: Tropius\n|-damage|p2a: Tropius|0 fnt\n|faint|p2a: Tropius\n|-damage|p1a: Skarmory|0 fnt|[from] Recoil\n|faint|p1a: Skarmory\n|\n|upkeep\n|inactive|Time left: 300 sec this turn | 300 sec total | 5 sec grace\n|\n|t:|1783570318\n|switch|p1a: Staraptor|Staraptor, L79, M|263/263\n|switch|p2a: Magnezone|Magnezone, L85|100/100\n|-damage|p2a: Magnezone|94/100|[from] Stealth Rock\n|turn|14\n|inactive|Time left: 300 sec this turn | 300 sec total\n|\n|t:|1783570319\n|-terastallize|p1a: Staraptor|Fighting\n|move|p1a: Staraptor|Close Combat|p2a: Magnezone\n|-supereffective|p2a: Magnezone\n|-damage|p2a: Magnezone|0 fnt\n|-unboost|p1a: Staraptor|def|1\n|-unboost|p1a: Staraptor|spd|1\n|faint|p2a: Magnezone\n|\n|upkeep\n|\n|t:|1783570320\n|switch|p2a: Froslass|Froslass, L87, F|100/100\n|-damage|p2a: Froslass|76/100|[from] Stealth Rock\n|turn|15\n|inactive|Time left: 300 sec this turn | 300 sec total\n|\n|t:|1783570321\n|switch|p1a: Regigigas|Regigigas, L84|322/322\n|-start|p1a: Regigigas|ability: Slow Start\n|move|p2a: Froslass|Poltergeist|p1a: Regigigas\n|-immune|p1a: Regigigas\n|\n|upkeep\n|turn|16\n|inactive|Time left: 300 sec this turn | 300 sec total\n|\n|t:|1783570322\n|move|p2a: Froslass|Will-O-Wisp|p1a: Regigigas\n|-status|p1a: Regigigas|brn\n|move|p1a: Regigigas|Knock Off|p2a: Froslass\n|-supereffective|p2a: Froslass\n|-crit|p2a: Froslass\n|-damage|p2a: Froslass|44/100\n|-start|p1a: Regigigas|Disable|Knock Off|[from] ability: Cursed Body|[of] p2a: Froslass\n|-enditem|p2a: Froslass|Wide Lens|[from] move: Knock Off|[of] p1a: Regigigas\n|\n|-damage|p1a: Regigigas|302/322 brn|[from] brn\n|upkeep\n|turn|17\n|inactive|Time left: 300 sec this turn | 300 sec total\n|\n|t:|1783570323\n|move|p2a: Froslass|Triple Axel|p1a: Regigigas\n|-damage|p1a: Regigigas|286/322 brn\n|-damage|p1a: Regigigas|253/322 brn\n|-damage|p1a: Regigigas|198/322 brn\n|-hitcount|p1a: Regigigas|3\n|move|p1a: Regigigas|Body Slam|p2a: Froslass\n|-immune|p2a: Froslass\n|\n|-heal|p1a: Regigigas|218/322 brn|[from] item: Leftovers\n|-damage|p1a: Regigigas|198/322 brn|[from] brn\n|upkeep\n|turn|18\n|inactive|Time left: 300 sec this turn | 300 sec total\n|\n|t:|1783570324\n|move|p1a: Regigigas|Protect|p1a: Regigigas\n|-singleturn|p1a: Regigigas|Protect\n|move|p2a: Froslass|Triple Axel|p1a: Regigigas\n|-activate|p1a: Regigigas|move: Protect\n|\n|-heal|p1a: Regigigas|218/322 brn|[from] item: Leftovers\n|-damage|p1a: Regigigas|198/322 brn|[from] brn\n|upkeep\n|turn|19\n|inactive|Time left: 300 sec this turn | 300 sec total\n|\n|t:|1783570325\n|move|p1a: Regigigas|Protect||[still]\n|-fail|p1a: Regigigas\n|move|p2a: Froslass|Triple Axel|p1a: Regigigas\n|-damage|p1a: Regigigas|182/322 brn\n|-hitcount|p1a: Regigigas|1\n|\n|-heal|p1a: Regigigas|202/322 brn|[from] item: Leftovers\n|-damage|p1a: Regigigas|182/322 brn|[from] brn\n|-end|p1a: Regigigas|Disable\n|upkeep\n|turn|20\n|inactive|Time left: 300 sec this turn | 300 sec total\n|\n|t:|1783570326\n|move|p2a: Froslass|Triple Axel|p1a: Regigigas|[miss]\n|-miss|p2a: Froslass|p1a: Regigigas\n|move|p1a: Regigigas|Knock Off|p2a: Froslass\n|-supereffective|p2a: Froslass\n|-damage|p2a: Froslass|29/100\n|\n|-heal|p1a: Regigigas|202/322 brn|[from] item: Leftovers\n|-damage|p1a: Regigigas|182/322 brn|[from] brn\n|-end|p1a: Regigigas|Slow Start\n|upkeep\n|turn|21\n|inactive|Time left: 300 sec this turn | 300 sec total\n|\n|t:|1783570327\n|move|p2a: Froslass|Triple Axel|p1a: Regigigas\n|-damage|p1a: Regigigas|164/322 brn\n|-damage|p1a: Regigigas|131/322 brn\n|-damage|p1a: Regigigas|79/322 brn\n|-hitcount|p1a: Regigigas|3\n|move|p1a: Regigigas|Knock Off|p2a: Froslass\n|-supereffective|p2a: Froslass\n|-damage|p2a: Froslass|0 fnt\n|faint|p2a: Froslass\n|\n|-heal|p1a: Regigigas|99/322 brn|[from] item: Leftovers\n|-damage|p1a: Regigigas|79/322 brn|[from] brn\n|upkeep\n|\n|t:|1783570328\n|switch|p2a: Umbreon|Umbreon, L84, M|100/100\n|-damage|p2a: Umbreon|88/100|[from] Stealth Rock\n|turn|22\n|inactive|Time left: 300 sec this turn | 300 sec total\n|\n|t:|1783570329\n|move|p1a: Regigigas|Body Slam|p2a: Umbreon\n|-crit|p2a: Umbreon\n|-damage|p2a: Umbreon|58/100\n|move|p2a: Umbreon|Foul Play|p1a: Regigigas\n|-damage|p1a: Regigigas|0 fnt\n|faint|p1a: Regigigas\n|-end|p1a: Regigigas|Slow Start|[silent]\n|\n|-heal|p2a: Umbreon|64/100|[from] item: Leftovers\n|upkeep\n|inactive|Time left: 300 sec this turn | 300 sec total | 5 sec grace\n|\n|t:|1783570329\n|switch|p1a: Staraptor|Staraptor, L79, M, tera:Fighting|263/263\n|turn|23\n|inactive|Time left: 300 sec this turn | 300 sec total\n|\n|t:|1783570330\n|move|p2a: Umbreon|Protect|p2a: Umbreon\n|-singleturn|p2a: Umbreon|Protect\n|move|p1a: Staraptor|Brave Bird|p2a: Umbreon\n|-activate|p2a: Umbreon|move: Protect\n|\n|-heal|p2a: Umbreon|70/100|[from] item: Leftovers\n|upkeep\n|turn|24\n|inactive|Time left: 300 sec this turn | 300 sec total\n|\n|t:|1783570331\n|move|p1a: Staraptor|Brave Bird|p2a: Umbreon\n|-damage|p2a: Umbreon|7/100\n|-damage|p1a: Staraptor|201/263|[from] Recoil\n|move|p2a: Umbreon|Toxic|p1a: Staraptor\n|-status|p1a: Staraptor|tox\n|\n|-heal|p2a: Umbreon|13/100|[from] item: Leftovers\n|-damage|p1a: Staraptor|185/263 tox|[from] psn\n|upkeep\n|turn|25\n|inactive|Time left: 300 sec this turn | 300 sec total\n|\n|t:|1783570332\n|move|p2a: Umbreon|Protect|p2a: Umbreon\n|-singleturn|p2a: Umbreon|Protect\n|move|p1a: Staraptor|Brave Bird|p2a: Umbreon\n|-activate|p2a: Umbreon|move: Protect\n|\n|-heal|p2a: Umbreon|19/100|[from] item: Leftovers\n|-damage|p1a: Staraptor|153/263 tox|[from] psn\n|upkeep\n|turn|26\n|inactive|Time left: 300 sec this turn | 300 sec total\n|\n|t:|1783570333\n|switch|p2a: Arcanine|Arcanine, L84, M|100/100\n|-ability|p2a: Arcanine|Intimidate|boost\n|-unboost|p1a: Staraptor|atk|1\n|move|p1a: Staraptor|Brave Bird|p2a: Arcanine\n|-damage|p2a: Arcanine|43/100\n|-damage|p1a: Staraptor|98/263 tox|[from] Recoil\n|\n|-damage|p1a: Staraptor|50/263 tox|[from] psn\n|upkeep\n|turn|27\n|inactive|Time left: 300 sec this turn | 300 sec total\n|\n|t:|1783570334\n|move|p2a: Arcanine|Flare Blitz|p1a: Staraptor\n|-damage|p1a: Staraptor|0 fnt\n|faint|p1a: Staraptor\n|-damage|p2a: Arcanine|37/100|[from] Recoil\n|\n|upkeep\n|inactive|Time left: 300 sec this turn | 300 sec total | 5 sec grace\n|\n|t:|1783570335\n|switch|p1a: Houndstone|Houndstone, L86, F|264/264\n|turn|28\n|inactive|Time left: 300 sec this turn | 300 sec total\n|\n|t:|1783570336\n|move|p2a: Arcanine|Morning Sun|p2a: Arcanine\n|-heal|p2a: Arcanine|87/100\n|move|p1a: Houndstone|Poltergeist|p2a: Arcanine\n|-activate|p2a: Arcanine|move: Poltergeist|Heavy-Duty Boots\n|-damage|p2a: Arcanine|42/100\n|\n|upkeep\n|turn|29\n|inactive|Time left: 300 sec this turn | 300 sec total\n|\n|t:|1783570336\n|move|p2a: Arcanine|Morning Sun|p2a: Arcanine\n|-heal|p2a: Arcanine|92/100\n|move|p1a: Houndstone|Poltergeist|p2a: Arcanine\n|-activate|p2a: Arcanine|move: Poltergeist|Heavy-Duty Boots\n|-damage|p2a: Arcanine|46/100\n|\n|upkeep\n|turn|30\n|inactive|Time left: 300 sec this turn | 300 sec total\n|\n|t:|1783570337\n|move|p2a: Arcanine|Morning Sun|p2a: Arcanine\n|-heal|p2a: Arcanine|96/100\n|move|p1a: Houndstone|Poltergeist|p2a: Arcanine\n|-activate|p2a: Arcanine|move: Poltergeist|Heavy-Duty Boots\n|-damage|p2a: Arcanine|49/100\n|\n|upkeep\n|turn|31\n|inactive|Time left: 300 sec this turn | 300 sec total\n|\n|t:|1783570338\n|move|p2a: Arcanine|Morning Sun|p2a: Arcanine\n|-heal|p2a: Arcanine|99/100\n|move|p1a: Houndstone|Poltergeist|p2a: Arcanine\n|-activate|p2a: Arcanine|move: Poltergeist|Heavy-Duty Boots\n|-damage|p2a: Arcanine|54/100\n|\n|upkeep\n|turn|32\n|inactive|Time left: 300 sec this turn | 300 sec total\n|\n|t:|1783570339\n|move|p2a: Arcanine|Morning Sun|p2a: Arcanine\n|-heal|p2a: Arcanine|100/100\n|move|p1a: Houndstone|Poltergeist|p2a: Arcanine\n|-activate|p2a: Arcanine|move: Poltergeist|Heavy-Duty Boots\n|-damage|p2a: Arcanine|56/100\n|\n|upkeep\n|turn|33\n|inactive|Time left: 300 sec this turn | 300 sec total\n|\n|t:|1783570340\n|move|p2a: Arcanine|Morning Sun|p2a: Arcanine\n|-heal|p2a: Arcanine|100/100\n|move|p1a: Houndstone|Poltergeist|p2a: Arcanine\n|-activate|p2a: Arcanine|move: Poltergeist|Heavy-Duty Boots\n|-damage|p2a: Arcanine|50/100\n|\n|upkeep\n|turn|34\n|inactive|Time left: 300 sec this turn | 300 sec total\n|\n|t:|1783570341\n|move|p2a: Arcanine|Morning Sun|p2a: Arcanine\n|-heal|p2a: Arcanine|99/100\n|move|p1a: Houndstone|Poltergeist|p2a: Arcanine\n|-activate|p2a: Arcanine|move: Poltergeist|Heavy-Duty Boots\n|-damage|p2a: Arcanine|50/100\n|\n|upkeep\n|turn|35\n|inactive|Time left: 300 sec this turn | 300 sec total\n|\n|t:|1783570341\n|move|p2a: Arcanine|Morning Sun|p2a: Arcanine\n|-heal|p2a: Arcanine|99/100\n|move|p1a: Houndstone|Body Press|p2a: Arcanine\n|-damage|p2a: Arcanine|79/100\n|\n|upkeep\n|turn|36\n|inactive|Time left: 300 sec this turn | 300 sec total\n|\n|t:|1783570342\n|move|p2a: Arcanine|Flare Blitz|p1a: Houndstone\n|-crit|p1a: Houndstone\n|-damage|p1a: Houndstone|83/264\n|-damage|p2a: Arcanine|58/100|[from] Recoil\n|move|p1a: Houndstone|Body Press|p2a: Arcanine\n|-damage|p2a: Arcanine|34/100\n|\n|-heal|p1a: Houndstone|99/264|[from] item: Leftovers\n|upkeep\n|turn|37\n|inactive|Time left: 300 sec this turn | 300 sec total\n|\n|t:|1783570343\n|switch|p1a: Sableye|Sableye, L88, M|231/231\n|move|p2a: Arcanine|Flare Blitz|p1a: Sableye\n|-damage|p1a: Sableye|89/231\n|-damage|p2a: Arcanine|18/100|[from] Recoil\n|\n|-heal|p1a: Sableye|103/231|[from] item: Leftovers\n|upkeep\n|turn|38\n|inactive|Time left: 300 sec this turn | 300 sec total\n|\n|t:|1783570344\n|move|p1a: Sableye|Recover|p1a: Sableye\n|-heal|p1a: Sableye|219/231\n|move|p2a: Arcanine|Flare Blitz|p1a: Sableye\n|-damage|p1a: Sableye|71/231\n|-damage|p2a: Arcanine|1/100|[from] Recoil\n|\n|-heal|p1a: Sableye|85/231|[from] item: Leftovers\n|upkeep\n|turn|39\n|inactive|Time left: 300 sec this turn | 300 sec total\n|\n|t:|1783570345\n|move|p1a: Sableye|Recover|p1a: Sableye\n|-heal|p1a: Sableye|201/231\n|move|p2a: Arcanine|Flare Blitz|p1a: Sableye\n|-damage|p1a: Sableye|63/231\n|-damage|p2a: Arcanine|0 fnt|[from] Recoil\n|faint|p2a: Arcanine\n|\n|-heal|p1a: Sableye|77/231|[from] item: Leftovers\n|upkeep\n|\n|t:|1783570346\n|switch|p2a: Umbreon|Umbreon, L84, M|19/100\n|-damage|p2a: Umbreon|6/100|[from] Stealth Rock\n|turn|40\n|inactive|Time left: 300 sec this turn | 300 sec total\n|\n|t:|1783570347\n|move|p2a: Umbreon|Foul Play|p1a: Sableye\n|-damage|p1a: Sableye|0 fnt\n|faint|p1a: Sableye\n|\n|-heal|p2a: Umbreon|12/100|[from] item: Leftovers\n|upkeep\n|inactive|Time left: 300 sec this turn | 300 sec total | 5 sec grace\n|\n|t:|1783570348\n|switch|p1a: Houndstone|Houndstone, L86, F|99/264\n|turn|41\n|inactive|Time left: 300 sec this turn | 300 sec total\n|\n|t:|1783570349\n|move|p2a: Umbreon|Protect|p2a: Umbreon\n|-singleturn|p2a: Umbreon|Protect\n|move|p1a: Houndstone|Body Press|p2a: Umbreon\n|-activate|p2a: Umbreon|move: Protect\n|\n|-heal|p1a: Houndstone|115/264|[from] item: Leftovers\n|-heal|p2a: Umbreon|18/100|[from] item: Leftovers\n|upkeep\n|turn|42\n|inactive|Time left: 300 sec this turn | 300 sec total\n|\n|t:|1783570350\n|-terastallize|p2a: Umbreon|Poison\n|move|p1a: Houndstone|Body Press|p2a: Umbreon\n|-resisted|p2a: Umbreon\n|-damage|p2a: Umbreon|10/100\n|move|p2a: Umbreon|Toxic|p1a: Houndstone\n|-status|p1a: Houndstone|tox\n|\n|-heal|p1a: Houndstone|131/264 tox|[from] item: Leftovers\n|-heal|p2a: Umbreon|16/100|[from] item: Leftovers\n|-damage|p1a: Houndstone|115/264 tox|[from] psn\n|upkeep\n|turn|43\n|inactive|Time left: 300 sec this turn | 300 sec total\n|\n|t:|1783570351\n|move|p1a: Houndstone|Will-O-Wisp|p2a: Umbreon|[miss]\n|-miss|p1a: Houndstone|p2a: Umbreon\n|move|p2a: Umbreon|Wish|p2a: Umbreon\n|\n|-heal|p1a: Houndstone|131/264 tox|[from] item: Leftovers\n|-heal|p2a: Umbreon|22/100|[from] item: Leftovers\n|-damage|p1a: Houndstone|99/264 tox|[from] psn\n|upkeep\n|turn|44\n|inactive|Time left: 300 sec this turn | 300 sec total\n|\n|t:|1783570351\n|move|p1a: Houndstone|Will-O-Wisp||[still]\n|-status|p2a: Umbreon|brn\n|-activate|p2a: Umbreon|ability: Synchronize\n|-fail|p2a: Umbreon\n|move|p2a: Umbreon|Toxic|p1a: Houndstone\n|-fail|p1a: Houndstone|tox\n|\n|-heal|p2a: Umbreon|72/100 brn|[from] move: Wish|[wisher] Umbreon\n|-heal|p1a: Houndstone|115/264 tox|[from] item: Leftovers\n|-heal|p2a: Umbreon|78/100 brn|[from] item: Leftovers\n|-damage|p1a: Houndstone|67/264 tox|[from] psn\n|-damage|p2a: Umbreon|72/100 brn|[from] brn\n|upkeep\n|turn|45\n|inactive|Time left: 300 sec this turn | 300 sec total\n|\n|t:|1783570352\n|switch|p1a: Sunflora|Sunflora, M|312/312\n|move|p2a: Umbreon|Wish|p2a: Umbreon\n|\n|-heal|p2a: Umbreon|78/100 brn|[from] item: Leftovers\n|-damage|p2a: Umbreon|72/100 brn|[from] brn\n|upkeep\n|turn|46\n|inactive|Time left: 300 sec this turn | 300 sec total\n|\n|t:|1783570353\n|move|p2a: Umbreon|Protect|p2a: Umbreon\n|-singleturn|p2a: Umbreon|Protect\n|move|p1a: Sunflora|Earth Power|p2a: Umbreon\n|-activate|p2a: Umbreon|move: Protect\n|\n|-heal|p2a: Umbreon|100/100 brn|[from] move: Wish|[wisher] Umbreon\n|-damage|p2a: Umbreon|94/100 brn|[from] brn\n|upkeep\n|turn|47\n|inactive|Time left: 300 sec this turn | 300 sec total\n|\n|t:|1783570354\n|move|p2a: Umbreon|Toxic|p1a: Sunflora\n|-status|p1a: Sunflora|tox\n|move|p1a: Sunflora|Earth Power|p2a: Umbreon\n|-supereffective|p2a: Umbreon\n|-damage|p2a: Umbreon|37/100 brn\n|-unboost|p2a: Umbreon|spd|1\n|-damage|p1a: Sunflora|281/312 tox|[from] item: Life Orb\n|\n|-heal|p2a: Umbreon|43/100 brn|[from] item: Leftovers\n|-damage|p1a: Sunflora|262/312 tox|[from] psn\n|-damage|p2a: Umbreon|37/100 brn|[from] brn\n|upkeep\n|turn|48\n|inactive|Time left: 300 sec this turn | 300 sec total\n|\n|t:|1783570355\n|move|p2a: Umbreon|Foul Play|p1a: Sunflora\n|-damage|p1a: Sunflora|216/312 tox\n|move|p1a: Sunflora|Sunny Day|p1a: Sunflora\n|-weather|SunnyDay\n|\n|-weather|SunnyDay|[upkeep]\n|-heal|p2a: Umbreon|43/100 brn|[from] item: Leftovers\n|-damage|p1a: Sunflora|178/312 tox|[from] psn\n|-damage|p2a: Umbreon|37/100 brn|[from] brn\n|upkeep\n|turn|49\n|inactive|Time left: 300 sec this turn | 300 sec total\n|\n|t:|1783570356\n|move|p2a: Umbreon|Protect|p2a: Umbreon\n|-singleturn|p2a: Umbreon|Protect\n|move|p1a: Sunflora|Solar Beam||[still]\n|-prepare|p1a: Sunflora|Solar Beam\n|-anim|p1a: Sunflora|Solar Beam|p2a: Umbreon\n|-activate|p2a: Umbreon|move: Protect\n|\n|-weather|SunnyDay|[upkeep]\n|-heal|p2a: Umbreon|43/100 brn|[from] item: Leftovers\n|-damage|p1a: Sunflora|121/312 tox|[from] psn\n|-damage|p2a: Umbreon|37/100 brn|[from] brn\n|upkeep\n|turn|50\n|inactive|Time left: 300 sec this turn | 300 sec total\n|\n|t:|1783570357\n|switch|p1a: Houndstone|Houndstone, L86, F|67/264 tox\n|move|p2a: Umbreon|Protect||[still]\n|-fail|p2a: Umbreon\n|\n|-weather|SunnyDay|[upkeep]\n|-heal|p1a: Houndstone|83/264 tox|[from] item: Leftovers\n|-heal|p2a: Umbreon|43/100 brn|[from] item: Leftovers\n|-damage|p1a: Houndstone|67/264 tox|[from] psn\n|-damage|p2a: Umbreon|37/100 brn|[from] brn\n|upkeep\n|turn|51\n|inactive|Time left: 300 sec this turn | 300 sec total\n|\n|t:|1783570358\n|switch|p1a: Sunflora|Sunflora, M|121/312 tox\n|move|p2a: Umbreon|Foul Play|p1a: Sunflora\n|-damage|p1a: Sunflora|82/312 tox\n|\n|-weather|SunnyDay|[upkeep]\n|-heal|p2a: Umbreon|43/100 brn|[from] item: Leftovers\n|-damage|p1a: Sunflora|63/312 tox|[from] psn\n|-damage|p2a: Umbreon|37/100 brn|[from] brn\n|upkeep\n|turn|52\n|inactive|Time left: 300 sec this turn | 300 sec total\n|\n|t:|1783570359\n|switch|p1a: Houndstone|Houndstone, L86, F|67/264 tox\n|move|p2a: Umbreon|Foul Play|p1a: Houndstone\n|-supereffective|p1a: Houndstone\n|-damage|p1a: Houndstone|23/264 tox\n|\n|-weather|none\n|-heal|p1a: Houndstone|39/264 tox|[from] item: Leftovers\n|-heal|p2a: Umbreon|43/100 brn|[from] item: Leftovers\n|-damage|p1a: Houndstone|23/264 tox|[from] psn\n|-damage|p2a: Umbreon|37/100 brn|[from] brn\n|upkeep\n|turn|53\n|inactive|Time left: 300 sec this turn | 300 sec total\n|\n|t:|1783570360\n|switch|p1a: Sunflora|Sunflora, M|63/312 tox\n|move|p2a: Umbreon|Foul Play|p1a: Sunflora\n|-damage|p1a: Sunflora|22/312 tox\n|\n|-heal|p2a: Umbreon|43/100 brn|[from] item: Leftovers\n|-damage|p1a: Sunflora|3/312 tox|[from] psn\n|-damage|p2a: Umbreon|37/100 brn|[from] brn\n|upkeep\n|turn|54\n|inactive|Time left: 300 sec this turn | 300 sec total\n|\n|t:|1783570361\n|switch|p1a: Houndstone|Houndstone, L86, F|23/264 tox\n|move|p2a: Umbreon|Foul Play|p1a: Houndstone\n|-supereffective|p1a: Houndstone\n|-damage|p1a: Houndstone|0 fnt\n|faint|p1a: Houndstone\n|\n|-heal|p2a: Umbreon|43/100 brn|[from] item: Leftovers\n|-damage|p2a: Umbreon|37/100 brn|[from] brn\n|upkeep\n|inactive|Time left: 300 sec this turn | 300 sec total | 5 sec grace\n|\n|t:|1783570361\n|switch|p1a: Sunflora|Sunflora, M|3/312 tox\n|turn|55\n|inactive|Time left: 300 sec this turn | 300 sec total\n|\n|t:|1783570362\n|move|p2a: Umbreon|Wish|p2a: Umbreon\n|move|p1a: Sunflora|Weather Ball|p2a: Umbreon\n|-damage|p2a: Umbreon|10/100 brn\n|-damage|p1a: Sunflora|0 fnt|[from] item: Life Orb\n|faint|p1a: Sunflora\n|\n|win|p0y26247bd2", "uploadtime": 1783570362, "views": 0, "rating": 0, "private": 0, "password": null, "_winner": "p0y26247bd2", "_our_name": "p0x2624097e"}