{"id": "battle-gen9randombattle-174", "formatid": "gen9randombattle", "format": "[Gen 9] Random Battle", "players": ["p0x17403e0", "p0y174de6f"], "log": "|init|battle\n|title|p0x17403e0 vs. p0y174de6f\n|j|\u2606p0x17403e0\n|j|\u2606p0y174de6f\n|t:|1783541138\n|gametype|singles\n|player|p1|p0x17403e0|266|\n|player|p2|p0y174de6f|265|\n|gen|9\n|tier|[Gen 9] Random Battle\n|rule|Species Clause: Limit one of each Pok\u00e9mon\n|rule|HP Percentage Mod: HP is shown in percentages\n|rule|Sleep Clause Mod: Limit one foe put to sleep\n|rule|Illusion Level Mod: Illusion disguises the Pok\u00e9mon's true level\n|\n|t:|1783541138\n|teamsize|p1|6\n|teamsize|p2|6\n|start\n|switch|p1a: Hitmontop|Hitmontop, L88, M|100/100\n|switch|p2a: Revavroom|Revavroom, L79, F|256/256\n|turn|1\n|inactive|Battle timer is ON: inactive players will automatically lose when time's up. (requested by p0x17403e0)\n|inactive|Time left: 300 sec this turn | 300 sec total | 60 sec grace\n|\n|t:|1783541140\n|move|p2a: Revavroom|Shift Gear|p2a: Revavroom\n|-boost|p2a: Revavroom|spe|2\n|-boost|p2a: Revavroom|atk|1\n|move|p1a: Hitmontop|Rapid Spin|p2a: Revavroom\n|-resisted|p2a: Revavroom\n|-damage|p2a: Revavroom|225/256\n|-boost|p1a: Hitmontop|spe|1\n|\n|upkeep\n|turn|2\n|inactive|Time left: 300 sec this turn | 300 sec total\n|inactive|p0y174de6f also wants the timer to be on.\n|\n|t:|1783541141\n|move|p2a: Revavroom|Gunk Shot|p1a: Hitmontop\n|-damage|p1a: Hitmontop|0 fnt\n|faint|p1a: Hitmontop\n|-damage|p2a: Revavroom|200/256|[from] item: Life Orb\n|\n|upkeep\n|\n|t:|1783541142\n|switch|p1a: Blastoise|Blastoise, L80, F|100/100\n|turn|3\n|inactive|Time left: 300 sec this turn | 300 sec total\n|\n|t:|1783541143\n|move|p2a: Revavroom|Gunk Shot|p1a: Blastoise\n|-damage|p1a: Blastoise|9/100\n|-damage|p2a: Revavroom|175/256|[from] item: Life Orb\n|move|p1a: Blastoise|Earthquake|p2a: Revavroom\n|-supereffective|p2a: Revavroom\n|-damage|p2a: Revavroom|0 fnt\n|faint|p2a: Revavroom\n|\n|upkeep\n|inactive|Time left: 300 sec this turn | 300 sec total | 5 sec grace\n|\n|t:|1783541144\n|switch|p2a: Falinks|Falinks, L84|246/246\n|turn|4\n|inactive|Time left: 300 sec this turn | 300 sec total\n|\n|t:|1783541145\n|move|p2a: Falinks|No Retreat|p2a: Falinks\n|-boost|p2a: Falinks|atk|1\n|-boost|p2a: Falinks|def|1\n|-boost|p2a: Falinks|spa|1\n|-boost|p2a: Falinks|spd|1\n|-boost|p2a: Falinks|spe|1\n|-start|p2a: Falinks|move: No Retreat\n|move|p1a: Blastoise|Shell Smash|p1a: Blastoise\n|-unboost|p1a: Blastoise|def|1\n|-unboost|p1a: Blastoise|spd|1\n|-boost|p1a: Blastoise|atk|2\n|-boost|p1a: Blastoise|spa|2\n|-boost|p1a: Blastoise|spe|2\n|-enditem|p1a: Blastoise|White Herb\n|-clearnegativeboost|p1a: Blastoise|[silent]\n|\n|upkeep\n|turn|5\n|inactive|Time left: 300 sec this turn | 300 sec total\n|\n|t:|1783541146\n|move|p1a: Blastoise|Hydro Pump|p2a: Falinks\n|-damage|p2a: Falinks|0 fnt\n|faint|p2a: Falinks\n|\n|upkeep\n|inactive|Time left: 300 sec this turn | 300 sec total | 5 sec grace\n|\n|t:|1783541147\n|switch|p2a: Flareon|Flareon, L90, M|263/263\n|turn|6\n|inactive|Time left: 300 sec this turn | 300 sec total\n|\n|t:|1783541149\n|move|p2a: Flareon|Quick Attack|p1a: Blastoise\n|-damage|p1a: Blastoise|0 fnt\n|faint|p1a: Blastoise\n|\n|-status|p2a: Flareon|tox|[from] item: Toxic Orb\n|upkeep\n|\n|t:|1783541149\n|switch|p1a: Cobalion|Cobalion, L80, shiny|100/100\n|turn|7\n|inactive|Time left: 300 sec this turn | 300 sec total\n|\n|t:|1783541151\n|move|p1a: Cobalion|Body Press|p2a: Flareon\n|-damage|p2a: Flareon|145/263 tox\n|move|p2a: Flareon|Flare Blitz|p1a: Cobalion\n|-supereffective|p1a: Cobalion\n|-damage|p1a: Cobalion|0 fnt\n|faint|p1a: Cobalion\n|-damage|p2a: Flareon|54/263 tox|[from] Recoil\n|\n|-damage|p2a: Flareon|38/263 tox|[from] psn\n|upkeep\n|\n|t:|1783541152\n|switch|p1a: Yanmega|Yanmega, L82, F|100/100\n|turn|8\n|inactive|Time left: 300 sec this turn | 300 sec total\n|\n|t:|1783541153\n|switch|p2a: Tropius|Tropius, L91, M|328/328\n|move|p1a: Yanmega|Tera Blast|p2a: Tropius\n|-damage|p2a: Tropius|269/328\n|\n|-ability|p1a: Yanmega|Speed Boost|boost\n|-boost|p1a: Yanmega|spe|1\n|upkeep\n|turn|9\n|inactive|Time left: 300 sec this turn | 300 sec total\n|\n|t:|1783541154\n|move|p1a: Yanmega|Air Slash|p2a: Tropius|[miss]\n|-miss|p1a: Yanmega|p2a: Tropius\n|move|p2a: Tropius|Dragon Dance|p2a: Tropius\n|-boost|p2a: Tropius|atk|1\n|-boost|p2a: Tropius|spe|1\n|\n|-ability|p1a: Yanmega|Speed Boost|boost\n|-boost|p1a: Yanmega|spe|1\n|upkeep\n|turn|10\n|inactive|Time left: 300 sec this turn | 300 sec total\n|\n|t:|1783541155\n|move|p1a: Yanmega|Air Slash|p2a: Tropius|[miss]\n|-miss|p1a: Yanmega|p2a: Tropius\n|move|p2a: Tropius|Dual Wingbeat|p1a: Yanmega\n|-supereffective|p1a: Yanmega\n|-damage|p1a: Yanmega|54/100\n|-supereffective|p1a: Yanmega\n|-damage|p1a: Yanmega|8/100\n|-hitcount|p1a: Yanmega|2\n|\n|-ability|p1a: Yanmega|Speed Boost|boost\n|-boost|p1a: Yanmega|spe|1\n|upkeep\n|turn|11\n|inactive|Time left: 300 sec this turn | 300 sec total\n|\n|t:|1783541155\n|move|p1a: Yanmega|Air Slash|p2a: Tropius\n|-supereffective|p2a: Tropius\n|-damage|p2a: Tropius|99/328\n|-enditem|p2a: Tropius|Sitrus Berry|[eat]\n|-heal|p2a: Tropius|181/328|[from] item: Sitrus Berry\n|cant|p2a: Tropius|flinch\n|\n|-ability|p1a: Yanmega|Speed Boost|boost\n|-boost|p1a: Yanmega|spe|1\n|-item|p2a: Tropius|Sitrus Berry|[from] ability: Harvest\n|upkeep\n|turn|12\n|inactive|Time left: 300 sec this turn | 300 sec total\n|\n|t:|1783541156\n|move|p1a: Yanmega|Air Slash|p2a: Tropius\n|-supereffective|p2a: Tropius\n|-damage|p2a: Tropius|7/328\n|-enditem|p2a: Tropius|Sitrus Berry|[eat]\n|-heal|p2a: Tropius|89/328|[from] item: Sitrus Berry\n|move|p2a: Tropius|Dual Wingbeat|p1a: Yanmega\n|-supereffective|p1a: Yanmega\n|-damage|p1a: Yanmega|0 fnt\n|faint|p1a: Yanmega\n|-hitcount|p1: Yanmega|1\n|\n|-item|p2a: Tropius|Sitrus Berry|[from] ability: Harvest\n|upkeep\n|-enditem|p2a: Tropius|Sitrus Berry|[eat]\n|-heal|p2a: Tropius|171/328|[from] item: Sitrus Berry\n|\n|t:|1783541157\n|switch|p1a: Swanna|Swanna, L89, M|100/100\n|turn|13\n|inactive|Time left: 300 sec this turn | 300 sec total\n|\n|t:|1783541158\n|move|p1a: Swanna|Brave Bird|p2a: Tropius\n|-supereffective|p2a: Tropius\n|-damage|p2a: Tropius|0 fnt\n|faint|p2a: Tropius\n|-damage|p1a: Swanna|80/100|[from] Recoil\n|\n|upkeep\n|inactive|Time left: 300 sec this turn | 300 sec total | 5 sec grace\n|\n|t:|1783541158\n|switch|p2a: Eiscue|Eiscue, L88, F|274/274\n|turn|14\n|inactive|Time left: 300 sec this turn | 300 sec total\n|\n|t:|1783541159\n|move|p1a: Swanna|Hydro Pump|p2a: Eiscue\n|-damage|p2a: Eiscue|162/274\n|move|p2a: Eiscue|Belly Drum|p2a: Eiscue\n|-damage|p2a: Eiscue|25/274\n|-setboost|p2a: Eiscue|atk|6|[from] move: Belly Drum\n|-enditem|p2a: Eiscue|Sitrus Berry|[eat]\n|-heal|p2a: Eiscue|93/274|[from] item: Sitrus Berry\n|\n|upkeep\n|turn|15\n|inactive|Time left: 300 sec this turn | 300 sec total\n|\n|t:|1783541160\n|-terastallize|p2a: Eiscue|Water\n|move|p1a: Swanna|Hydro Pump|p2a: Eiscue\n|-resisted|p2a: Eiscue\n|-damage|p2a: Eiscue|33/274\n|move|p2a: Eiscue|Ice Spinner|p1a: Swanna\n|-crit|p1a: Swanna\n|-damage|p1a: Swanna|0 fnt\n|faint|p1a: Swanna\n|\n|upkeep\n|\n|t:|1783541161\n|switch|p1a: Clodsire|Clodsire, L81, M|100/100\n|turn|16\n|inactive|Time left: 300 sec this turn | 300 sec total\n|\n|t:|1783541161\n|move|p2a: Eiscue|Ice Spinner|p1a: Clodsire\n|-supereffective|p1a: Clodsire\n|-damage|p1a: Clodsire|0 fnt\n|faint|p1a: Clodsire\n|\n|win|p0y174de6f", "uploadtime": 1783541161, "views": 0, "rating": 0, "private": 0, "password": null, "_winner": "p0y174de6f", "_our_name": "p0y174de6f"}