{"id": "battle-gen9randombattle-1799", "formatid": "gen9randombattle", "format": "[Gen 9] Random Battle", "players": ["p0x1799aa17", "p0y17994302"], "log": "|init|battle\n|title|p0x1799aa17 vs. p0y17994302\n|j|\u2606p0x1799aa17\n|j|\u2606p0y17994302\n|t:|1783560852\n|gametype|singles\n|player|p1|p0x1799aa17|265|\n|player|p2|p0y17994302|170|\n|gen|9\n|tier|[Gen 9] Random Battle\n|rule|Species Clause: Limit one of each Pok\u00e9mon\n|rule|HP Percentage Mod: HP is shown in percentages\n|rule|Sleep Clause Mod: Limit one foe put to sleep\n|rule|Illusion Level Mod: Illusion disguises the Pok\u00e9mon's true level\n|\n|t:|1783560852\n|teamsize|p1|6\n|teamsize|p2|6\n|start\n|switch|p1a: Iron Boulder|Iron Boulder, L77|100/100\n|switch|p2a: Noivern|Noivern, L82, F|274/274\n|turn|1\n|inactive|Battle timer is ON: inactive players will automatically lose when time's up. (requested by p0x1799aa17)\n|inactive|Time left: 300 sec this turn | 300 sec total | 60 sec grace\n|inactive|p0y17994302 also wants the timer to be on.\n|\n|t:|1783560853\n|switch|p2a: Politoed|Politoed, L88, M, shiny|302/302\n|-weather|RainDance|[from] ability: Drizzle|[of] p2a: Politoed\n|move|p1a: Iron Boulder|Mighty Cleave|p2a: Politoed\n|-damage|p2a: Politoed|154/302\n|-damage|p1a: Iron Boulder|91/100|[from] item: Life Orb\n|\n|-weather|RainDance|[upkeep]\n|upkeep\n|turn|2\n|inactive|Time left: 300 sec this turn | 300 sec total\n|\n|t:|1783560854\n|-end|p1a: Iron Boulder|Quark Drive|[silent]\n|switch|p1a: Vaporeon|Vaporeon, L86, M|100/100\n|move|p2a: Politoed|Weather Ball|p1a: Vaporeon\n|-immune|p1a: Vaporeon|[from] ability: Water Absorb\n|\n|-weather|RainDance|[upkeep]\n|upkeep\n|turn|3\n|inactive|Time left: 300 sec this turn | 300 sec total\n|\n|t:|1783560856\n|move|p2a: Politoed|Weather Ball|p1a: Vaporeon\n|-immune|p1a: Vaporeon|[from] ability: Water Absorb\n|move|p1a: Vaporeon|Scald|p2a: Politoed\n|-resisted|p2a: Politoed\n|-damage|p2a: Politoed|88/302\n|-status|p2a: Politoed|brn\n|\n|-weather|RainDance|[upkeep]\n|-damage|p2a: Politoed|70/302 brn|[from] brn\n|upkeep\n|turn|4\n|inactive|Time left: 300 sec this turn | 300 sec total\n|\n|t:|1783560857\n|move|p2a: Politoed|Weather Ball|p1a: Vaporeon\n|-immune|p1a: Vaporeon|[from] ability: Water Absorb\n|move|p1a: Vaporeon|Scald|p2a: Politoed\n|-resisted|p2a: Politoed\n|-damage|p2a: Politoed|10/302 brn\n|\n|-weather|RainDance|[upkeep]\n|-damage|p2a: Politoed|0 fnt|[from] brn\n|faint|p2a: Politoed\n|upkeep\n|inactive|Time left: 300 sec this turn | 300 sec total | 5 sec grace\n|\n|t:|1783560858\n|switch|p2a: Sunflora|Sunflora, M|312/312\n|turn|5\n|inactive|Time left: 300 sec this turn | 300 sec total\n|\n|t:|1783560859\n|move|p1a: Vaporeon|Protect|p1a: Vaporeon\n|-singleturn|p1a: Vaporeon|Protect\n|move|p2a: Sunflora|Leaf Storm|p1a: Vaporeon\n|-activate|p1a: Vaporeon|move: Protect\n|\n|-weather|none\n|upkeep\n|turn|6\n|inactive|Time left: 300 sec this turn | 300 sec total\n|\n|t:|1783560860\n|switch|p1a: Bombirdier|Bombirdier, L85, F|100/100\n|move|p2a: Sunflora|Leaf Storm|p1a: Bombirdier\n|-resisted|p1a: Bombirdier\n|-damage|p1a: Bombirdier|42/100\n|-unboost|p2a: Sunflora|spa|2\n|\n|upkeep\n|turn|7\n|inactive|Time left: 300 sec this turn | 300 sec total\n|\n|t:|1783560862\n|switch|p2a: Archaludon|Archaludon, L78, F|268/268\n|move|p1a: Bombirdier|Knock Off|p2a: Archaludon\n|-damage|p2a: Archaludon|126/268\n|-ability|p2a: Archaludon|Stamina|boost\n|-boost|p2a: Archaludon|def|1\n|-enditem|p2a: Archaludon|Lum Berry|[from] move: Knock Off|[of] p1a: Bombirdier\n|\n|upkeep\n|turn|8\n|inactive|Time left: 300 sec this turn | 300 sec total\n|\n|t:|1783560862\n|move|p1a: Bombirdier|Knock Off|p2a: Archaludon\n|-damage|p2a: Archaludon|68/268\n|-ability|p2a: Archaludon|Stamina|boost\n|-boost|p2a: Archaludon|def|1\n|move|p2a: Archaludon|Outrage|p1a: Bombirdier\n|-damage|p1a: Bombirdier|0 fnt\n|faint|p1a: Bombirdier\n|\n|upkeep\n|\n|t:|1783560863\n|switch|p1a: Comfey|Comfey, L85, M|100/100\n|turn|9\n|inactive|Time left: 300 sec this turn | 300 sec total\n|\n|t:|1783560864\n|move|p1a: Comfey|Calm Mind|p1a: Comfey\n|-boost|p1a: Comfey|spa|1\n|-boost|p1a: Comfey|spd|1\n|move|p2a: Archaludon|Outrage|p1a: Comfey|[from] lockedmove\n|-immune|p1a: Comfey\n|\n|upkeep\n|turn|10\n|inactive|Time left: 300 sec this turn | 300 sec total\n|\n|t:|1783560865\n|move|p1a: Comfey|Calm Mind|p1a: Comfey\n|-boost|p1a: Comfey|spa|1\n|-boost|p1a: Comfey|spd|1\n|move|p2a: Archaludon|Iron Head|p1a: Comfey\n|-supereffective|p1a: Comfey\n|-damage|p1a: Comfey|31/100\n|\n|-heal|p1a: Comfey|37/100|[from] item: Leftovers\n|upkeep\n|turn|11\n|inactive|Time left: 300 sec this turn | 300 sec total\n|\n|t:|1783560866\n|move|p1a: Comfey|Draining Kiss|p2a: Archaludon\n|-crit|p2a: Archaludon\n|-damage|p2a: Archaludon|0 fnt\n|-heal|p1a: Comfey|60/100|[from] drain|[of] p2a: Archaludon\n|faint|p2a: Archaludon\n|\n|-heal|p1a: Comfey|66/100|[from] item: Leftovers\n|upkeep\n|inactive|Time left: 300 sec this turn | 300 sec total | 5 sec grace\n|\n|t:|1783560867\n|switch|p2a: Tsareena|Tsareena, L87, F|267/267\n|turn|12\n|inactive|Time left: 300 sec this turn | 300 sec total\n|\n|t:|1783560868\n|move|p1a: Comfey|Synthesis|p1a: Comfey\n|-heal|p1a: Comfey|100/100\n|move|p2a: Tsareena|Power Whip|p1a: Comfey\n|-damage|p1a: Comfey|14/100\n|-damage|p2a: Tsareena|241/267|[from] item: Life Orb\n|\n|-heal|p1a: Comfey|20/100|[from] item: Leftovers\n|upkeep\n|turn|13\n|inactive|Time left: 300 sec this turn | 300 sec total\n|\n|t:|1783560869\n|move|p1a: Comfey|Synthesis|p1a: Comfey\n|-heal|p1a: Comfey|70/100\n|move|p2a: Tsareena|Power Whip|p1a: Comfey\n|-damage|p1a: Comfey|0 fnt\n|faint|p1a: Comfey\n|-damage|p2a: Tsareena|215/267|[from] item: Life Orb\n|\n|upkeep\n|\n|t:|1783560870\n|switch|p1a: Regigigas|Regigigas, L84|100/100\n|-start|p1a: Regigigas|ability: Slow Start\n|turn|14\n|inactive|Time left: 300 sec this turn | 300 sec total\n|\n|t:|1783560871\n|move|p2a: Tsareena|Power Whip|p1a: Regigigas\n|-damage|p1a: Regigigas|46/100\n|-damage|p2a: Tsareena|189/267|[from] item: Life Orb\n|move|p1a: Regigigas|Body Slam|p2a: Tsareena\n|-damage|p2a: Tsareena|129/267\n|\n|-heal|p1a: Regigigas|52/100|[from] item: Leftovers\n|upkeep\n|turn|15\n|inactive|Time left: 300 sec this turn | 300 sec total\n|\n|t:|1783560872\n|move|p1a: Regigigas|Protect|p1a: Regigigas\n|-singleturn|p1a: Regigigas|Protect\n|move|p2a: Tsareena|Power Whip|p1a: Regigigas\n|-activate|p1a: Regigigas|move: Protect\n|\n|-heal|p1a: Regigigas|58/100|[from] item: Leftovers\n|upkeep\n|turn|16\n|inactive|Time left: 300 sec this turn | 300 sec total\n|\n|t:|1783560873\n|move|p2a: Tsareena|Synthesis|p2a: Tsareena\n|-heal|p2a: Tsareena|262/267\n|move|p1a: Regigigas|Body Slam|p2a: Tsareena\n|-damage|p2a: Tsareena|202/267\n|\n|-heal|p1a: Regigigas|64/100|[from] item: Leftovers\n|upkeep\n|turn|17\n|inactive|Time left: 300 sec this turn | 300 sec total\n|\n|t:|1783560874\n|move|p2a: Tsareena|Knock Off|p1a: Regigigas\n|-damage|p1a: Regigigas|33/100\n|-enditem|p1a: Regigigas|Leftovers|[from] move: Knock Off|[of] p2a: Tsareena\n|-damage|p2a: Tsareena|176/267|[from] item: Life Orb\n|move|p1a: Regigigas|Body Slam|p2a: Tsareena\n|-damage|p2a: Tsareena|112/267\n|\n|upkeep\n|turn|18\n|inactive|Time left: 300 sec this turn | 300 sec total\n|\n|t:|1783560875\n|move|p2a: Tsareena|Synthesis|p2a: Tsareena\n|-heal|p2a: Tsareena|245/267\n|move|p1a: Regigigas|Body Slam|p2a: Tsareena\n|-damage|p2a: Tsareena|190/267\n|\n|-end|p1a: Regigigas|Slow Start\n|upkeep\n|turn|19\n|inactive|Time left: 300 sec this turn | 300 sec total\n|\n|t:|1783560876\n|move|p1a: Regigigas|Body Slam|p2a: Tsareena\n|-damage|p2a: Tsareena|60/267\n|move|p2a: Tsareena|Synthesis|p2a: Tsareena\n|-heal|p2a: Tsareena|193/267\n|\n|upkeep\n|turn|20\n|inactive|Time left: 300 sec this turn | 300 sec total\n|\n|t:|1783560877\n|move|p1a: Regigigas|Body Slam|p2a: Tsareena\n|-damage|p2a: Tsareena|75/267\n|move|p2a: Tsareena|Synthesis|p2a: Tsareena\n|-heal|p2a: Tsareena|208/267\n|\n|upkeep\n|turn|21\n|inactive|Time left: 300 sec this turn | 300 sec total\n|\n|t:|1783560879\n|move|p1a: Regigigas|Body Slam|p2a: Tsareena\n|-damage|p2a: Tsareena|97/267\n|-status|p2a: Tsareena|par\n|move|p2a: Tsareena|Power Whip|p1a: Regigigas\n|-damage|p1a: Regigigas|0 fnt\n|faint|p1a: Regigigas\n|-end|p1a: Regigigas|Slow Start|[silent]\n|-damage|p2a: Tsareena|71/267 par|[from] item: Life Orb\n|\n|upkeep\n|\n|t:|1783560880\n|switch|p1a: Iron Boulder|Iron Boulder, L77|91/100\n|turn|22\n|inactive|Time left: 300 sec this turn | 300 sec total\n|\n|t:|1783560881\n|move|p1a: Iron Boulder|Mighty Cleave|p2a: Tsareena\n|-damage|p2a: Tsareena|0 fnt\n|faint|p2a: Tsareena\n|-damage|p1a: Iron Boulder|81/100|[from] item: Life Orb\n|\n|upkeep\n|inactive|Time left: 300 sec this turn | 300 sec total | 5 sec grace\n|\n|t:|1783560882\n|switch|p2a: Sunflora|Sunflora, M|312/312\n|turn|23\n|inactive|Time left: 300 sec this turn | 300 sec total\n|\n|t:|1783560883\n|move|p1a: Iron Boulder|Zen Headbutt|p2a: Sunflora\n|-damage|p2a: Sunflora|176/312\n|-damage|p1a: Iron Boulder|71/100|[from] item: Life Orb\n|move|p2a: Sunflora|Earth Power|p1a: Iron Boulder\n|-supereffective|p1a: Iron Boulder\n|-damage|p1a: Iron Boulder|0 fnt\n|faint|p1a: Iron Boulder\n|-end|p1a: Iron Boulder|Quark Drive|[silent]\n|\n|upkeep\n|\n|t:|1783560884\n|switch|p1a: Slowking|Slowking, L88, F|100/100\n|turn|24\n|inactive|Time left: 300 sec this turn | 300 sec total\n|\n|t:|1783560885\n|move|p2a: Sunflora|Earth Power|p1a: Slowking\n|-damage|p1a: Slowking|66/100\n|move|p1a: Slowking|Scald|p2a: Sunflora\n|-resisted|p2a: Sunflora\n|-damage|p2a: Sunflora|136/312\n|-status|p2a: Sunflora|brn\n|\n|-heal|p1a: Slowking|72/100|[from] item: Leftovers\n|-damage|p2a: Sunflora|117/312 brn|[from] brn\n|upkeep\n|turn|25\n|inactive|Time left: 300 sec this turn | 300 sec total\n|\n|t:|1783560886\n|move|p2a: Sunflora|Earth Power|p1a: Slowking\n|-damage|p1a: Slowking|35/100\n|move|p1a: Slowking|Slack Off|p1a: Slowking\n|-heal|p1a: Slowking|85/100\n|\n|-heal|p1a: Slowking|91/100|[from] item: Leftovers\n|-damage|p2a: Sunflora|98/312 brn|[from] brn\n|upkeep\n|turn|26\n|inactive|Time left: 300 sec this turn | 300 sec total\n|\n|t:|1783560886\n|move|p2a: Sunflora|Earth Power|p1a: Slowking\n|-damage|p1a: Slowking|54/100\n|move|p1a: Slowking|Psychic Noise|p2a: Sunflora\n|-damage|p2a: Sunflora|19/312 brn\n|-start|p2a: Sunflora|move: Heal Block\n|\n|-heal|p1a: Slowking|60/100|[from] item: Leftovers\n|-damage|p2a: Sunflora|0 fnt|[from] brn\n|faint|p2a: Sunflora\n|upkeep\n|inactive|Time left: 300 sec this turn | 300 sec total | 5 sec grace\n|\n|t:|1783560887\n|switch|p2a: Noivern|Noivern, L82, F|274/274\n|turn|27\n|inactive|Time left: 300 sec this turn | 300 sec total\n|\n|t:|1783560888\n|move|p2a: Noivern|Hurricane|p1a: Slowking\n|-damage|p1a: Slowking|32/100\n|move|p1a: Slowking|Slack Off|p1a: Slowking\n|-heal|p1a: Slowking|82/100\n|\n|-heal|p1a: Slowking|88/100|[from] item: Leftovers\n|upkeep\n|turn|28\n|inactive|Time left: 300 sec this turn | 300 sec total\n|\n|t:|1783560889\n|move|p2a: Noivern|Hurricane|p1a: Slowking\n|-damage|p1a: Slowking|57/100\n|move|p1a: Slowking|Psychic Noise|p2a: Noivern\n|-damage|p2a: Noivern|175/274\n|-start|p2a: Noivern|move: Heal Block\n|\n|-heal|p1a: Slowking|63/100|[from] item: Leftovers\n|upkeep\n|turn|29\n|inactive|Time left: 300 sec this turn | 300 sec total\n|\n|t:|1783560890\n|move|p2a: Noivern|Hurricane|p1a: Slowking\n|-damage|p1a: Slowking|32/100\n|move|p1a: Slowking|Slack Off|p1a: Slowking\n|-heal|p1a: Slowking|82/100\n|\n|-heal|p1a: Slowking|88/100|[from] item: Leftovers\n|-end|p2a: Noivern|move: Heal Block\n|upkeep\n|turn|30\n|inactive|Time left: 300 sec this turn | 300 sec total\n|\n|t:|1783560891\n|move|p2a: Noivern|Hurricane|p1a: Slowking\n|-damage|p1a: Slowking|60/100\n|-start|p1a: Slowking|confusion\n|-activate|p1a: Slowking|confusion\n|move|p1a: Slowking|Psychic Noise|p2a: Noivern\n|-damage|p2a: Noivern|81/274\n|-start|p2a: Noivern|move: Heal Block\n|\n|-heal|p1a: Slowking|66/100|[from] item: Leftovers\n|upkeep\n|turn|31\n|inactive|Time left: 300 sec this turn | 300 sec total\n|\n|t:|1783560892\n|switch|p1a: Vaporeon|Vaporeon, L86, M|100/100\n|move|p2a: Noivern|Hurricane|p1a: Vaporeon\n|-damage|p1a: Vaporeon|72/100\n|\n|-heal|p1a: Vaporeon|78/100|[from] item: Leftovers\n|-end|p2a: Noivern|move: Heal Block\n|upkeep\n|turn|32\n|inactive|Time left: 300 sec this turn | 300 sec total\n|\n|t:|1783560893\n|move|p2a: Noivern|Hurricane|p1a: Vaporeon|[miss]\n|-miss|p2a: Noivern|p1a: Vaporeon\n|move|p1a: Vaporeon|Scald|p2a: Noivern\n|-resisted|p2a: Noivern\n|-damage|p2a: Noivern|25/274\n|\n|-heal|p1a: Vaporeon|84/100|[from] item: Leftovers\n|upkeep\n|turn|33\n|inactive|Time left: 300 sec this turn | 300 sec total\n|\n|t:|1783560893\n|move|p2a: Noivern|Hurricane|p1a: Vaporeon\n|-damage|p1a: Vaporeon|54/100\n|move|p1a: Vaporeon|Scald|p2a: Noivern\n|-resisted|p2a: Noivern\n|-damage|p2a: Noivern|0 fnt\n|faint|p2a: Noivern\n|\n|-heal|p1a: Vaporeon|60/100|[from] item: Leftovers\n|upkeep\n|inactive|Time left: 300 sec this turn | 300 sec total | 5 sec grace\n|\n|t:|1783560894\n|switch|p2a: Talonflame|Talonflame, L83, F|265/265\n|turn|34\n|inactive|Time left: 300 sec this turn | 300 sec total\n|\n|t:|1783560895\n|-terastallize|p1a: Vaporeon|Ground\n|move|p2a: Talonflame|Swords Dance|p2a: Talonflame\n|-boost|p2a: Talonflame|atk|2\n|move|p1a: Vaporeon|Scald|p2a: Talonflame\n|-supereffective|p2a: Talonflame\n|-damage|p2a: Talonflame|7/265\n|\n|-heal|p1a: Vaporeon|66/100|[from] item: Leftovers\n|upkeep\n|turn|35\n|inactive|Time left: 300 sec this turn | 300 sec total\n|\n|t:|1783560896\n|-terastallize|p2a: Talonflame|Ground\n|move|p2a: Talonflame|Tera Blast|p1a: Vaporeon|[anim] Tera Blast Ground\n|-damage|p1a: Vaporeon|13/100\n|move|p1a: Vaporeon|Scald|p2a: Talonflame\n|-supereffective|p2a: Talonflame\n|-damage|p2a: Talonflame|0 fnt\n|faint|p2a: Talonflame\n|\n|win|p0x1799aa17", "uploadtime": 1783560896, "views": 0, "rating": 0, "private": 0, "password": null, "_winner": "p0x1799aa17", "_our_name": "p0y17994302"}