{"id": "battle-gen9randombattle-167", "formatid": "gen9randombattle", "format": "[Gen 9] Random Battle", "players": ["p0x167b87b", "p0y167d0bd"], "log": "|init|battle\n|title|p0x167b87b vs. p0y167d0bd\n|j|\u2606p0x167b87b\n|j|\u2606p0y167d0bd\n|t:|1783535167\n|gametype|singles\n|player|p1|p0x167b87b|265|\n|player|p2|p0y167d0bd|170|\n|gen|9\n|tier|[Gen 9] Random Battle\n|rule|Species Clause: Limit one of each Pok\u00e9mon\n|rule|HP Percentage Mod: HP is shown in percentages\n|rule|Sleep Clause Mod: Limit one foe put to sleep\n|rule|Illusion Level Mod: Illusion disguises the Pok\u00e9mon's true level\n|\n|t:|1783535167\n|teamsize|p1|6\n|teamsize|p2|6\n|start\n|switch|p1a: Milotic|Milotic, L83, F|100/100\n|switch|p2a: Ditto|Ditto, L87|225/225\n|-transform|p2a: Ditto|p1a: Milotic|[from] ability: Imposter\n|turn|1\n|inactive|Battle timer is ON: inactive players will automatically lose when time's up. (requested by p0x167b87b)\n|inactive|Time left: 300 sec this turn | 300 sec total | 60 sec grace\n|inactive|p0y167d0bd also wants the timer to be on.\n|\n|t:|1783535169\n|move|p2a: Ditto|Scald|p1a: Milotic\n|-resisted|p1a: Milotic\n|-damage|p1a: Milotic|89/100\n|move|p1a: Milotic|Scald|p2a: Ditto\n|-resisted|p2a: Ditto\n|-damage|p2a: Ditto|190/225\n|-status|p2a: Ditto|brn\n|\n|-heal|p1a: Milotic|95/100|[from] item: Leftovers\n|-damage|p2a: Ditto|176/225 brn|[from] brn\n|upkeep\n|turn|2\n|inactive|Time left: 300 sec this turn | 300 sec total\n|\n|t:|1783535170\n|switch|p2a: Ribombee|Ribombee, L83, M|235/235\n|move|p1a: Milotic|Scald|p2a: Ribombee\n|-damage|p2a: Ribombee|124/235\n|\n|-heal|p1a: Milotic|100/100|[from] item: Leftovers\n|upkeep\n|turn|3\n|inactive|Time left: 300 sec this turn | 300 sec total\n|\n|t:|1783535171\n|move|p2a: Ribombee|Sticky Web|p1a: Milotic\n|-sidestart|p1: p0x167b87b|move: Sticky Web\n|move|p1a: Milotic|Scald|p2a: Ribombee\n|-damage|p2a: Ribombee|22/235\n|\n|upkeep\n|turn|4\n|inactive|Time left: 300 sec this turn | 300 sec total\n|\n|t:|1783535172\n|move|p2a: Ribombee|Stun Spore|p1a: Milotic\n|-status|p1a: Milotic|par\n|move|p1a: Milotic|Scald|p2a: Ribombee\n|-damage|p2a: Ribombee|0 fnt\n|faint|p2a: Ribombee\n|\n|upkeep\n|inactive|Time left: 300 sec this turn | 300 sec total | 5 sec grace\n|\n|t:|1783535173\n|switch|p2a: Cloyster|Cloyster, L80, F|211/211\n|turn|5\n|inactive|Time left: 300 sec this turn | 300 sec total\n|\n|t:|1783535174\n|move|p2a: Cloyster|Shell Smash|p2a: Cloyster\n|-unboost|p2a: Cloyster|def|1\n|-unboost|p2a: Cloyster|spd|1\n|-boost|p2a: Cloyster|atk|2\n|-boost|p2a: Cloyster|spa|2\n|-boost|p2a: Cloyster|spe|2\n|-enditem|p2a: Cloyster|White Herb\n|-clearnegativeboost|p2a: Cloyster|[silent]\n|move|p1a: Milotic|Scald|p2a: Cloyster\n|-resisted|p2a: Cloyster\n|-damage|p2a: Cloyster|146/211\n|-status|p2a: Cloyster|brn\n|\n|-damage|p2a: Cloyster|133/211 brn|[from] brn\n|upkeep\n|turn|6\n|inactive|Time left: 300 sec this turn | 300 sec total\n|\n|t:|1783535175\n|move|p2a: Cloyster|Icicle Spear|p1a: Milotic\n|-resisted|p1a: Milotic\n|-damage|p1a: Milotic|96/100 par\n|-resisted|p1a: Milotic\n|-damage|p1a: Milotic|92/100 par\n|-resisted|p1a: Milotic\n|-damage|p1a: Milotic|88/100 par\n|-resisted|p1a: Milotic\n|-damage|p1a: Milotic|83/100 par\n|-resisted|p1a: Milotic\n|-damage|p1a: Milotic|79/100 par\n|-hitcount|p1a: Milotic|5\n|move|p1a: Milotic|Haze|p1a: Milotic\n|-clearallboost\n|\n|-heal|p1a: Milotic|85/100 par|[from] item: Leftovers\n|-damage|p2a: Cloyster|120/211 brn|[from] brn\n|upkeep\n|turn|7\n|inactive|Time left: 300 sec this turn | 300 sec total\n|\n|t:|1783535176\n|move|p2a: Cloyster|Shell Smash|p2a: Cloyster\n|-unboost|p2a: Cloyster|def|1\n|-unboost|p2a: Cloyster|spd|1\n|-boost|p2a: Cloyster|atk|2\n|-boost|p2a: Cloyster|spa|2\n|-boost|p2a: Cloyster|spe|2\n|move|p1a: Milotic|Scald|p2a: Cloyster\n|-resisted|p2a: Cloyster\n|-damage|p2a: Cloyster|7/211 brn\n|\n|-heal|p1a: Milotic|91/100 par|[from] item: Leftovers\n|-damage|p2a: Cloyster|0 fnt|[from] brn\n|faint|p2a: Cloyster\n|upkeep\n|inactive|Time left: 300 sec this turn | 300 sec total | 5 sec grace\n|\n|t:|1783535177\n|switch|p2a: Okidogi|Okidogi, L77, M|262/262\n|turn|8\n|inactive|Time left: 300 sec this turn | 300 sec total\n|\n|t:|1783535178\n|move|p2a: Okidogi|Knock Off|p1a: Milotic\n|-damage|p1a: Milotic|64/100 par\n|-enditem|p1a: Milotic|Leftovers|[from] move: Knock Off|[of] p2a: Okidogi\n|move|p1a: Milotic|Scald|p2a: Okidogi\n|-damage|p2a: Okidogi|193/262\n|\n|upkeep\n|turn|9\n|inactive|Time left: 300 sec this turn | 300 sec total\n|\n|t:|1783535179\n|move|p2a: Okidogi|Drain Punch|p1a: Milotic\n|-damage|p1a: Milotic|34/100 par\n|-heal|p2a: Okidogi|237/262|[from] drain|[of] p1a: Milotic\n|move|p1a: Milotic|Scald|p2a: Okidogi\n|-damage|p2a: Okidogi|174/262\n|\n|upkeep\n|turn|10\n|inactive|Time left: 300 sec this turn | 300 sec total\n|\n|t:|1783535180\n|move|p2a: Okidogi|Drain Punch|p1a: Milotic\n|-damage|p1a: Milotic|3/100 par\n|-heal|p2a: Okidogi|219/262|[from] drain|[of] p1a: Milotic\n|move|p1a: Milotic|Scald|p2a: Okidogi\n|-damage|p2a: Okidogi|158/262\n|\n|upkeep\n|turn|11\n|inactive|Time left: 300 sec this turn | 300 sec total\n|\n|t:|1783535182\n|move|p2a: Okidogi|Drain Punch|p1a: Milotic\n|-damage|p1a: Milotic|0 fnt\n|-heal|p2a: Okidogi|162/262|[from] drain|[of] p1a: Milotic\n|faint|p1a: Milotic\n|\n|upkeep\n|\n|t:|1783535183\n|switch|p1a: Ho-Oh|Ho-Oh, L71|100/100\n|turn|12\n|inactive|Time left: 300 sec this turn | 300 sec total\n|\n|t:|1783535184\n|switch|p2a: Iron Jugulis|Iron Jugulis, L77|271/271\n|move|p1a: Ho-Oh|Brave Bird|p2a: Iron Jugulis\n|-damage|p2a: Iron Jugulis|133/271\n|-damage|p1a: Ho-Oh|83/100|[from] Recoil\n|\n|upkeep\n|turn|13\n|inactive|Time left: 300 sec this turn | 300 sec total\n|\n|t:|1783535185\n|move|p2a: Iron Jugulis|Dark Pulse|p1a: Ho-Oh\n|-damage|p1a: Ho-Oh|48/100\n|move|p1a: Ho-Oh|Sacred Fire|p2a: Iron Jugulis|[miss]\n|-miss|p1a: Ho-Oh|p2a: Iron Jugulis\n|\n|upkeep\n|turn|14\n|inactive|Time left: 300 sec this turn | 300 sec total\n|\n|t:|1783535186\n|switch|p1a: Tinkaton|Tinkaton, L82, F|100/100\n|-activate|p1a: Tinkaton|move: Sticky Web\n|-unboost|p1a: Tinkaton|spe|1\n|-ability|p1a: Tinkaton|Mold Breaker\n|move|p2a: Iron Jugulis|Dark Pulse|p1a: Tinkaton\n|-resisted|p1a: Tinkaton\n|-damage|p1a: Tinkaton|81/100\n|\n|-heal|p1a: Tinkaton|87/100|[from] item: Leftovers\n|upkeep\n|turn|15\n|inactive|Time left: 300 sec this turn | 300 sec total\n|\n|t:|1783535187\n|move|p2a: Iron Jugulis|Dark Pulse|p1a: Tinkaton\n|-resisted|p1a: Tinkaton\n|-damage|p1a: Tinkaton|67/100\n|move|p1a: Tinkaton|Gigaton Hammer|p2a: Iron Jugulis\n|-crit|p2a: Iron Jugulis\n|-damage|p2a: Iron Jugulis|0 fnt\n|faint|p2a: Iron Jugulis\n|-end|p2a: Iron Jugulis|Quark Drive|[silent]\n|\n|-heal|p1a: Tinkaton|73/100|[from] item: Leftovers\n|upkeep\n|inactive|Time left: 300 sec this turn | 300 sec total | 5 sec grace\n|\n|t:|1783535188\n|switch|p2a: Okidogi|Okidogi, L77, M|162/262\n|turn|16\n|inactive|Time left: 300 sec this turn | 300 sec total\n|\n|t:|1783535189\n|move|p2a: Okidogi|Drain Punch|p1a: Tinkaton\n|-damage|p1a: Tinkaton|38/100\n|-heal|p2a: Okidogi|210/262|[from] drain|[of] p1a: Tinkaton\n|move|p1a: Tinkaton|Play Rough|p2a: Okidogi|[miss]\n|-miss|p1a: Tinkaton|p2a: Okidogi\n|\n|-heal|p1a: Tinkaton|45/100|[from] item: Leftovers\n|upkeep\n|turn|17\n|inactive|Time left: 300 sec this turn | 300 sec total\n|\n|t:|1783535189\n|move|p2a: Okidogi|High Horsepower|p1a: Tinkaton\n|-supereffective|p1a: Tinkaton\n|-damage|p1a: Tinkaton|0 fnt\n|faint|p1a: Tinkaton\n|\n|upkeep\n|\n|t:|1783535190\n|switch|p1a: Ho-Oh|Ho-Oh, L71|81/100\n|turn|18\n|inactive|Time left: 300 sec this turn | 300 sec total\n|\n|t:|1783535191\n|move|p1a: Ho-Oh|Brave Bird|p2a: Okidogi\n|-supereffective|p2a: Okidogi\n|-damage|p2a: Okidogi|0 fnt\n|faint|p2a: Okidogi\n|-damage|p1a: Ho-Oh|56/100|[from] Recoil\n|\n|upkeep\n|inactive|Time left: 300 sec this turn | 300 sec total | 5 sec grace\n|\n|t:|1783535192\n|switch|p2a: Solgaleo|Solgaleo, L74|325/325\n|turn|19\n|inactive|Time left: 300 sec this turn | 300 sec total\n|\n|t:|1783535193\n|move|p2a: Solgaleo|Psychic Fangs|p1a: Ho-Oh\n|-crit|p1a: Ho-Oh\n|-damage|p1a: Ho-Oh|0 fnt\n|faint|p1a: Ho-Oh\n|\n|upkeep\n|\n|t:|1783535194\n|switch|p1a: Gallade|Gallade, L80, M|100/100\n|-activate|p1a: Gallade|move: Sticky Web\n|-unboost|p1a: Gallade|spe|1\n|turn|20\n|inactive|Time left: 300 sec this turn | 300 sec total\n|\n|t:|1783535195\n|-terastallize|p1a: Gallade|Dark\n|move|p2a: Solgaleo|Sunsteel Strike|p1a: Gallade\n|-damage|p1a: Gallade|46/100\n|move|p1a: Gallade|Night Slash|p2a: Solgaleo\n|-supereffective|p2a: Solgaleo\n|-damage|p2a: Solgaleo|0 fnt\n|-damage|p1a: Gallade|30/100|[from] item: Rocky Helmet|[of] p2a: Solgaleo\n|faint|p2a: Solgaleo\n|\n|upkeep\n|inactive|Time left: 300 sec this turn | 300 sec total | 5 sec grace\n|\n|t:|1783535196\n|switch|p2a: Ditto|Ditto, L87|176/225 brn\n|-transform|p2a: Ditto|p1a: Gallade|[from] ability: Imposter\n|-start|p2a: Ditto|typechange|Psychic/Fighting|[silent]\n|turn|21\n|inactive|Time left: 300 sec this turn | 300 sec total\n|\n|t:|1783535197\n|move|p2a: Ditto|Sacred Sword|p1a: Gallade\n|-supereffective|p1a: Gallade\n|-damage|p1a: Gallade|0 fnt\n|faint|p1a: Gallade\n|\n|-damage|p2a: Ditto|162/225 brn|[from] brn\n|upkeep\n|\n|t:|1783535197\n|switch|p1a: Scizor|Scizor, L79, M|100/100\n|-activate|p1a: Scizor|move: Sticky Web\n|-unboost|p1a: Scizor|spe|1\n|turn|22\n|inactive|Time left: 300 sec this turn | 300 sec total\n|\n|t:|1783535198\n|-terastallize|p2a: Ditto|Ghost\n|move|p2a: Ditto|Sacred Sword|p1a: Scizor\n|-damage|p1a: Scizor|69/100\n|move|p1a: Scizor|Knock Off|p2a: Ditto\n|-supereffective|p2a: Ditto\n|-damage|p2a: Ditto|0 fnt\n|-enditem|p2a: Ditto|Choice Scarf|[from] move: Knock Off|[of] p1a: Scizor\n|faint|p2a: Ditto\n|\n|win|p0x167b87b", "uploadtime": 1783535198, "views": 0, "rating": 0, "private": 0, "password": null, "_winner": "p0x167b87b", "_our_name": "p0y167d0bd"}