{"id": "battle-gen9randombattle-2042", "formatid": "gen9randombattle", "format": "[Gen 9] Random Battle", "players": ["p0x20422cc4", "p0y2042eaf2"], "log": "|init|battle\n|title|p0x20422cc4 vs. p0y2042eaf2\n|j|\u2606p0x20422cc4\n|j|\u2606p0y2042eaf2\n|t:|1783562876\n|gametype|singles\n|player|p1|p0x20422cc4|170|\n|player|p2|p0y2042eaf2|169|\n|gen|9\n|tier|[Gen 9] Random Battle\n|rule|Species Clause: Limit one of each Pok\u00e9mon\n|rule|HP Percentage Mod: HP is shown in percentages\n|rule|Sleep Clause Mod: Limit one foe put to sleep\n|rule|Illusion Level Mod: Illusion disguises the Pok\u00e9mon's true level\n|\n|t:|1783562876\n|teamsize|p1|6\n|teamsize|p2|6\n|start\n|switch|p1a: Cramorant|Cramorant, L86, F|261/261\n|switch|p2a: Ursaring|Ursaring, L84, M|100/100\n|turn|1\n|inactive|Battle timer is ON: inactive players will automatically lose when time's up. (requested by p0y2042eaf2)\n|inactive|Time left: 300 sec this turn | 300 sec total | 60 sec grace\n|inactive|p0x20422cc4 also wants the timer to be on.\n|\n|t:|1783562878\n|move|p1a: Cramorant|Surf|p2a: Ursaring\n|-formechange|p1a: Cramorant|Cramorant-Gulping|\n|-damage|p2a: Ursaring|67/100\n|move|p2a: Ursaring|Swords Dance|p2a: Ursaring\n|-boost|p2a: Ursaring|atk|2\n|\n|-status|p2a: Ursaring|tox|[from] item: Toxic Orb\n|upkeep\n|turn|2\n|inactive|Time left: 300 sec this turn | 300 sec total\n|\n|t:|1783562879\n|move|p2a: Ursaring|Facade|p1a: Cramorant\n|-damage|p1a: Cramorant|0 fnt\n|-damage|p2a: Ursaring|42/100 tox|[from] ability: Gulp Missile|[of] p1a: Cramorant\n|-unboost|p2a: Ursaring|def|1\n|-formechange|p1a: Cramorant|Cramorant|\n|faint|p1a: Cramorant\n|\n|-damage|p2a: Ursaring|36/100 tox|[from] psn\n|upkeep\n|inactive|Time left: 300 sec this turn | 300 sec total | 5 sec grace\n|\n|t:|1783562880\n|switch|p1a: Arceus|Arceus-Dragon, L71|288/288\n|turn|3\n|inactive|Time left: 300 sec this turn | 300 sec total\n|\n|t:|1783562881\n|move|p1a: Arceus|Outrage|p2a: Ursaring\n|-damage|p2a: Ursaring|0 fnt\n|faint|p2a: Ursaring\n|\n|upkeep\n|\n|t:|1783562882\n|switch|p2a: Bisharp|Bisharp, L79, M|100/100\n|turn|4\n|inactive|Time left: 300 sec this turn | 300 sec total\n|\n|t:|1783562882\n|move|p1a: Arceus|Outrage|p2a: Bisharp|[from] lockedmove\n|-resisted|p2a: Bisharp\n|-damage|p2a: Bisharp|83/100\n|move|p2a: Bisharp|Swords Dance|p2a: Bisharp\n|-boost|p2a: Bisharp|atk|2\n|\n|upkeep\n|turn|5\n|inactive|Time left: 300 sec this turn | 300 sec total\n|\n|t:|1783562883\n|move|p1a: Arceus|Outrage|p2a: Bisharp|[from] lockedmove\n|-resisted|p2a: Bisharp\n|-damage|p2a: Bisharp|64/100\n|-start|p1a: Arceus|confusion|[fatigue]\n|move|p2a: Bisharp|Iron Head|p1a: Arceus\n|-damage|p1a: Arceus|131/288\n|\n|upkeep\n|turn|6\n|inactive|Time left: 300 sec this turn | 300 sec total\n|\n|t:|1783562884\n|switch|p1a: Registeel|Registeel, L81|262/262\n|move|p2a: Bisharp|Throat Chop|p1a: Registeel\n|-damage|p1a: Registeel|133/262\n|-start|p1a: Registeel|Throat Chop|[silent]\n|\n|upkeep\n|turn|7\n|inactive|Time left: 300 sec this turn | 300 sec total\n|\n|t:|1783562885\n|move|p2a: Bisharp|Throat Chop|p1a: Registeel\n|-damage|p1a: Registeel|3/262\n|move|p1a: Registeel|Rest|p1a: Registeel\n|-status|p1a: Registeel|slp|[from] move: Rest\n|-heal|p1a: Registeel|262/262 slp|[silent]\n|-enditem|p1a: Registeel|Chesto Berry|[eat]\n|-curestatus|p1a: Registeel|slp|[msg]\n|\n|-end|p1a: Registeel|Throat Chop|[silent]\n|upkeep\n|turn|8\n|inactive|Time left: 300 sec this turn | 300 sec total\n|\n|t:|1783562886\n|-terastallize|p2a: Bisharp|Flying\n|move|p2a: Bisharp|Throat Chop|p1a: Registeel\n|-damage|p1a: Registeel|138/262\n|-start|p1a: Registeel|Throat Chop|[silent]\n|move|p1a: Registeel|Body Press|p2a: Bisharp\n|-resisted|p2a: Bisharp\n|-damage|p2a: Bisharp|54/100\n|\n|upkeep\n|turn|9\n|inactive|Time left: 300 sec this turn | 300 sec total\n|\n|t:|1783562887\n|move|p2a: Bisharp|Throat Chop|p1a: Registeel\n|-damage|p1a: Registeel|9/262\n|move|p1a: Registeel|Rest|p1a: Registeel\n|-status|p1a: Registeel|slp|[from] move: Rest\n|-heal|p1a: Registeel|262/262 slp|[silent]\n|\n|-end|p1a: Registeel|Throat Chop|[silent]\n|upkeep\n|turn|10\n|inactive|Time left: 300 sec this turn | 300 sec total\n|\n|t:|1783562887\n|move|p2a: Bisharp|Throat Chop|p1a: Registeel\n|-damage|p1a: Registeel|136/262 slp\n|-start|p1a: Registeel|Throat Chop|[silent]\n|cant|p1a: Registeel|slp\n|\n|upkeep\n|turn|11\n|inactive|Time left: 300 sec this turn | 300 sec total\n|\n|t:|1783562888\n|move|p2a: Bisharp|Throat Chop|p1a: Registeel\n|-damage|p1a: Registeel|13/262 slp\n|cant|p1a: Registeel|slp\n|\n|-end|p1a: Registeel|Throat Chop|[silent]\n|upkeep\n|turn|12\n|inactive|Time left: 300 sec this turn | 300 sec total\n|\n|t:|1783562889\n|move|p2a: Bisharp|Iron Head|p1a: Registeel\n|-resisted|p1a: Registeel\n|-damage|p1a: Registeel|0 fnt\n|faint|p1a: Registeel\n|\n|upkeep\n|inactive|Time left: 300 sec this turn | 300 sec total | 5 sec grace\n|\n|t:|1783562890\n|switch|p1a: Cetitan|Cetitan, L82, F|412/412\n|turn|13\n|inactive|Time left: 300 sec this turn | 300 sec total\n|\n|t:|1783562891\n|-terastallize|p1a: Cetitan|Ice\n|move|p1a: Cetitan|Ice Spinner|p2a: Bisharp\n|-supereffective|p2a: Bisharp\n|-damage|p2a: Bisharp|0 fnt\n|faint|p2a: Bisharp\n|\n|upkeep\n|\n|t:|1783562892\n|switch|p2a: Espathra|Espathra, L80, F|100/100\n|turn|14\n|inactive|Time left: 300 sec this turn | 300 sec total\n|\n|t:|1783562893\n|move|p2a: Espathra|Lumina Crash|p1a: Cetitan\n|-damage|p1a: Cetitan|231/412\n|-unboost|p1a: Cetitan|spd|2\n|move|p1a: Cetitan|Belly Drum|p1a: Cetitan\n|-damage|p1a: Cetitan|25/412\n|-setboost|p1a: Cetitan|atk|6|[from] move: Belly Drum\n|-enditem|p1a: Cetitan|Sitrus Berry|[eat]\n|-heal|p1a: Cetitan|128/412|[from] item: Sitrus Berry\n|\n|-ability|p2a: Espathra|Speed Boost|boost\n|-boost|p2a: Espathra|spe|1\n|upkeep\n|turn|15\n|inactive|Time left: 300 sec this turn | 300 sec total\n|\n|t:|1783562894\n|switch|p2a: Iron Bundle|Iron Bundle, L78|100/100\n|move|p1a: Cetitan|Ice Shard|p2a: Iron Bundle\n|-resisted|p2a: Iron Bundle\n|-damage|p2a: Iron Bundle|77/100\n|\n|upkeep\n|turn|16\n|inactive|Time left: 300 sec this turn | 300 sec total\n|\n|t:|1783562895\n|move|p2a: Iron Bundle|Hydro Pump|p1a: Cetitan|[miss]\n|-miss|p2a: Iron Bundle|p1a: Cetitan\n|move|p1a: Cetitan|Earthquake|p2a: Iron Bundle\n|-damage|p2a: Iron Bundle|0 fnt\n|faint|p2a: Iron Bundle\n|-end|p2a: Iron Bundle|Quark Drive|[silent]\n|\n|upkeep\n|\n|t:|1783562896\n|switch|p2a: Calyrex|Calyrex-Shadow, L64|100/100\n|-ability|p2a: Calyrex|As One\n|-ability|p2a: Calyrex|Unnerve\n|turn|17\n|inactive|Time left: 300 sec this turn | 300 sec total\n|\n|t:|1783562897\n|switch|p2a: Iron Jugulis|Iron Jugulis, L77|100/100\n|move|p1a: Cetitan|Ice Shard|p2a: Iron Jugulis\n|-supereffective|p2a: Iron Jugulis\n|-damage|p2a: Iron Jugulis|0 fnt\n|faint|p2a: Iron Jugulis\n|-end|p2a: Iron Jugulis|Quark Drive|[silent]\n|\n|upkeep\n|\n|t:|1783562897\n|switch|p2a: Calyrex|Calyrex-Shadow, L64|100/100\n|-ability|p2a: Calyrex|As One\n|-ability|p2a: Calyrex|Unnerve\n|turn|18\n|inactive|Time left: 300 sec this turn | 300 sec total\n|\n|t:|1783562898\n|move|p1a: Cetitan|Ice Shard|p2a: Calyrex\n|-damage|p2a: Calyrex|0 fnt\n|faint|p2a: Calyrex\n|\n|upkeep\n|\n|t:|1783562899\n|switch|p2a: Espathra|Espathra, L80, F|100/100\n|turn|19\n|inactive|Time left: 300 sec this turn | 300 sec total\n|\n|t:|1783562900\n|move|p1a: Cetitan|Ice Shard|p2a: Espathra\n|-damage|p2a: Espathra|0 fnt\n|faint|p2a: Espathra\n|\n|win|p0x20422cc4", "uploadtime": 1783562900, "views": 0, "rating": 0, "private": 0, "password": null, "_winner": "p0x20422cc4", "_our_name": "p0x20422cc4"}