{"id": "battle-gen9randombattle-1612", "formatid": "gen9randombattle", "format": "[Gen 9] Random Battle", "players": ["p0x1612db19", "p0y16129c17"], "log": "|init|battle\n|title|p0x1612db19 vs. p0y16129c17\n|j|\u2606p0x1612db19\n|j|\u2606p0y16129c17\n|t:|1783557883\n|gametype|singles\n|player|p1|p0x1612db19|170|\n|player|p2|p0y16129c17|1|\n|gen|9\n|tier|[Gen 9] Random Battle\n|rule|Species Clause: Limit one of each Pok\u00e9mon\n|rule|HP Percentage Mod: HP is shown in percentages\n|rule|Sleep Clause Mod: Limit one foe put to sleep\n|rule|Illusion Level Mod: Illusion disguises the Pok\u00e9mon's true level\n|\n|t:|1783557883\n|teamsize|p1|6\n|teamsize|p2|6\n|start\n|switch|p1a: Smeargle|Smeargle, L95, M|100/100\n|switch|p2a: Charizard|Charizard, L85, F|271/271\n|turn|1\n|inactive|Battle timer is ON: inactive players will automatically lose when time's up. (requested by p0x1612db19)\n|inactive|Time left: 300 sec this turn | 300 sec total | 60 sec grace\n|inactive|p0y16129c17 also wants the timer to be on.\n|\n|t:|1783557884\n|move|p2a: Charizard|Flare Blitz|p1a: Smeargle\n|-damage|p1a: Smeargle|27/100\n|-damage|p2a: Charizard|208/271|[from] Recoil\n|move|p1a: Smeargle|Sticky Web|p2a: Charizard\n|-sidestart|p2: p0y16129c17|move: Sticky Web\n|\n|upkeep\n|turn|2\n|inactive|Time left: 300 sec this turn | 300 sec total\n|\n|t:|1783557885\n|switch|p1a: Inteleon|Inteleon, L81, M|100/100\n|move|p2a: Charizard|Swords Dance|p2a: Charizard\n|-boost|p2a: Charizard|atk|2\n|\n|upkeep\n|turn|3\n|inactive|Time left: 300 sec this turn | 300 sec total\n|\n|t:|1783557887\n|-terastallize|p2a: Charizard|Dragon\n|move|p1a: Inteleon|Ice Beam|p2a: Charizard\n|-supereffective|p2a: Charizard\n|-damage|p2a: Charizard|0 fnt\n|faint|p2a: Charizard\n|\n|upkeep\n|inactive|Time left: 300 sec this turn | 300 sec total | 5 sec grace\n|\n|t:|1783557888\n|switch|p2a: Medicham|Medicham, L86, F|243/243\n|-activate|p2a: Medicham|move: Sticky Web\n|-unboost|p2a: Medicham|spe|1\n|turn|4\n|inactive|Time left: 300 sec this turn | 300 sec total\n|\n|t:|1783557889\n|move|p1a: Inteleon|Ice Beam|p2a: Medicham\n|-damage|p2a: Medicham|120/243\n|move|p2a: Medicham|Close Combat|p1a: Inteleon\n|-damage|p1a: Inteleon|0 fnt\n|-unboost|p2a: Medicham|def|1\n|-unboost|p2a: Medicham|spd|1\n|faint|p1a: Inteleon\n|\n|upkeep\n|\n|t:|1783557890\n|switch|p1a: Urshifu|Urshifu-Rapid-Strike, L75, F|100/100\n|turn|5\n|inactive|Time left: 300 sec this turn | 300 sec total\n|\n|t:|1783557892\n|move|p1a: Urshifu|Surging Strikes|p2a: Medicham\n|-crit|p2a: Medicham\n|-damage|p2a: Medicham|17/243\n|-crit|p2a: Medicham\n|-damage|p2a: Medicham|0 fnt\n|faint|p2a: Medicham\n|-hitcount|p2: Medicham|2\n|\n|upkeep\n|inactive|Time left: 300 sec this turn | 300 sec total | 5 sec grace\n|\n|t:|1783557893\n|switch|p2a: Raikou|Raikou, L81|278/278\n|-activate|p2a: Raikou|move: Sticky Web\n|-unboost|p2a: Raikou|spe|1\n|-ability|p2a: Raikou|Pressure\n|turn|6\n|inactive|Time left: 300 sec this turn | 300 sec total\n|\n|t:|1783557894\n|-terastallize|p1a: Urshifu|Water\n|move|p1a: Urshifu|Surging Strikes|p2a: Raikou\n|-crit|p2a: Raikou\n|-damage|p2a: Raikou|176/278\n|-crit|p2a: Raikou\n|-damage|p2a: Raikou|80/278\n|-crit|p2a: Raikou\n|-damage|p2a: Raikou|0 fnt\n|faint|p2a: Raikou\n|-hitcount|p2: Raikou|3\n|\n|upkeep\n|inactive|Time left: 300 sec this turn | 300 sec total | 5 sec grace\n|\n|t:|1783557895\n|switch|p2a: Tauros|Tauros, L82, M|257/257\n|-activate|p2a: Tauros|move: Sticky Web\n|-unboost|p2a: Tauros|spe|1\n|turn|7\n|inactive|Time left: 300 sec this turn | 300 sec total\n|\n|t:|1783557896\n|move|p1a: Urshifu|Surging Strikes|p2a: Tauros\n|-crit|p2a: Tauros\n|-damage|p2a: Tauros|177/257\n|-crit|p2a: Tauros\n|-damage|p2a: Tauros|91/257\n|-crit|p2a: Tauros\n|-damage|p2a: Tauros|15/257\n|-hitcount|p2a: Tauros|3\n|move|p2a: Tauros|Body Slam|p1a: Urshifu\n|-damage|p1a: Urshifu|44/100\n|\n|upkeep\n|turn|8\n|inactive|Time left: 300 sec this turn | 300 sec total\n|\n|t:|1783557897\n|move|p1a: Urshifu|Surging Strikes|p2a: Tauros\n|-crit|p2a: Tauros\n|-damage|p2a: Tauros|0 fnt\n|faint|p2a: Tauros\n|-hitcount|p2: Tauros|1\n|\n|upkeep\n|inactive|Time left: 300 sec this turn | 300 sec total | 5 sec grace\n|\n|t:|1783557898\n|switch|p2a: Houndoom|Houndoom, L87, M|272/272\n|turn|9\n|inactive|Time left: 300 sec this turn | 300 sec total\n|\n|t:|1783557899\n|switch|p1a: Fezandipiti|Fezandipiti, L82, M|100/100\n|move|p2a: Houndoom|Dark Pulse|p1a: Fezandipiti\n|-resisted|p1a: Fezandipiti\n|-damage|p1a: Fezandipiti|86/100\n|\n|-heal|p1a: Fezandipiti|93/100|[from] item: Leftovers\n|upkeep\n|turn|10\n|inactive|Time left: 300 sec this turn | 300 sec total\n|\n|t:|1783557900\n|move|p2a: Houndoom|Fire Blast|p1a: Fezandipiti\n|-damage|p1a: Fezandipiti|51/100\n|move|p1a: Fezandipiti|Gunk Shot|p2a: Houndoom|[miss]\n|-miss|p1a: Fezandipiti|p2a: Houndoom\n|\n|-heal|p1a: Fezandipiti|57/100|[from] item: Leftovers\n|upkeep\n|turn|11\n|inactive|Time left: 300 sec this turn | 300 sec total\n|\n|t:|1783557901\n|move|p2a: Houndoom|Fire Blast|p1a: Fezandipiti\n|-damage|p1a: Fezandipiti|22/100\n|move|p1a: Fezandipiti|Gunk Shot|p2a: Houndoom\n|-damage|p2a: Houndoom|109/272\n|\n|-heal|p1a: Fezandipiti|29/100|[from] item: Leftovers\n|upkeep\n|turn|12\n|inactive|Time left: 300 sec this turn | 300 sec total\n|\n|t:|1783557902\n|move|p2a: Houndoom|Fire Blast|p1a: Fezandipiti\n|-damage|p1a: Fezandipiti|0 fnt\n|faint|p1a: Fezandipiti\n|\n|upkeep\n|\n|t:|1783557903\n|switch|p1a: Minior|Minior-Blue, L79|100/100\n|-formechange|p1a: Minior|Minior-Meteor||[from] ability: Shields Down\n|turn|13\n|inactive|Time left: 300 sec this turn | 300 sec total\n|\n|t:|1783557904\n|move|p2a: Houndoom|Dark Pulse|p1a: Minior\n|-damage|p1a: Minior|55/100\n|cant|p1a: Minior|flinch\n|\n|upkeep\n|turn|14\n|inactive|Time left: 300 sec this turn | 300 sec total\n|\n|t:|1783557905\n|move|p2a: Houndoom|Dark Pulse|p1a: Minior\n|-damage|p1a: Minior|15/100\n|move|p1a: Minior|Shell Smash|p1a: Minior\n|-unboost|p1a: Minior|def|1\n|-unboost|p1a: Minior|spd|1\n|-boost|p1a: Minior|atk|2\n|-boost|p1a: Minior|spa|2\n|-boost|p1a: Minior|spe|2\n|-enditem|p1a: Minior|White Herb\n|-clearnegativeboost|p1a: Minior|[silent]\n|\n|-formechange|p1a: Minior|Minior-Blue||[from] ability: Shields Down\n|upkeep\n|turn|15\n|inactive|Time left: 300 sec this turn | 300 sec total\n|\n|t:|1783557906\n|move|p2a: Houndoom|Sucker Punch|p1a: Minior\n|-damage|p1a: Minior|0 fnt\n|faint|p1a: Minior\n|\n|upkeep\n|\n|t:|1783557907\n|switch|p1a: Urshifu|Urshifu-Rapid-Strike, L75, F, tera:Water|44/100\n|turn|16\n|inactive|Time left: 300 sec this turn | 300 sec total\n|\n|t:|1783557908\n|move|p1a: Urshifu|Aqua Jet|p2a: Houndoom\n|-supereffective|p2a: Houndoom\n|-damage|p2a: Houndoom|0 fnt\n|faint|p2a: Houndoom\n|\n|upkeep\n|inactive|Time left: 300 sec this turn | 300 sec total | 5 sec grace\n|\n|t:|1783557909\n|switch|p2a: Sylveon|Sylveon, L85, F|300/300\n|-activate|p2a: Sylveon|move: Sticky Web\n|-unboost|p2a: Sylveon|spe|1\n|turn|17\n|inactive|Time left: 300 sec this turn | 300 sec total\n|\n|t:|1783557910\n|move|p1a: Urshifu|Aqua Jet|p2a: Sylveon\n|-damage|p2a: Sylveon|188/300\n|move|p2a: Sylveon|Calm Mind|p2a: Sylveon\n|-boost|p2a: Sylveon|spa|1\n|-boost|p2a: Sylveon|spd|1\n|\n|-heal|p2a: Sylveon|206/300|[from] item: Leftovers\n|upkeep\n|turn|18\n|inactive|Time left: 300 sec this turn | 300 sec total\n|\n|t:|1783557911\n|move|p1a: Urshifu|Aqua Jet|p2a: Sylveon\n|-damage|p2a: Sylveon|104/300\n|move|p2a: Sylveon|Wish|p2a: Sylveon\n|\n|-heal|p2a: Sylveon|122/300|[from] item: Leftovers\n|upkeep\n|turn|19\n|inactive|Time left: 300 sec this turn | 300 sec total\n|\n|t:|1783557912\n|move|p1a: Urshifu|Aqua Jet|p2a: Sylveon\n|-damage|p2a: Sylveon|4/300\n|move|p2a: Sylveon|Hyper Voice|p1a: Urshifu\n|-damage|p1a: Urshifu|0 fnt\n|faint|p1a: Urshifu\n|\n|-heal|p2a: Sylveon|154/300|[from] move: Wish|[wisher] Sylveon\n|-heal|p2a: Sylveon|172/300|[from] item: Leftovers\n|upkeep\n|\n|t:|1783557913\n|switch|p1a: Froslass|Froslass, L87, F|100/100\n|turn|20\n|inactive|Time left: 300 sec this turn | 300 sec total\n|\n|t:|1783557914\n|move|p1a: Froslass|Triple Axel|p2a: Sylveon\n|-damage|p2a: Sylveon|148/300\n|-damage|p2a: Sylveon|97/300\n|-damage|p2a: Sylveon|21/300\n|-hitcount|p2a: Sylveon|3\n|move|p2a: Sylveon|Wish|p2a: Sylveon\n|\n|-heal|p2a: Sylveon|39/300|[from] item: Leftovers\n|upkeep\n|turn|21\n|inactive|Time left: 300 sec this turn | 300 sec total\n|\n|t:|1783557915\n|move|p2a: Sylveon|Protect|p2a: Sylveon\n|-singleturn|p2a: Sylveon|Protect\n|move|p1a: Froslass|Poltergeist|p2a: Sylveon\n|-activate|p2a: Sylveon|move: Protect\n|\n|-heal|p2a: Sylveon|189/300|[from] move: Wish|[wisher] Sylveon\n|-heal|p2a: Sylveon|207/300|[from] item: Leftovers\n|upkeep\n|turn|22\n|inactive|Time left: 300 sec this turn | 300 sec total\n|\n|t:|1783557916\n|move|p1a: Froslass|Triple Axel|p2a: Sylveon\n|-damage|p2a: Sylveon|180/300\n|-damage|p2a: Sylveon|128/300\n|-damage|p2a: Sylveon|58/300\n|-hitcount|p2a: Sylveon|3\n|move|p2a: Sylveon|Wish|p2a: Sylveon\n|\n|-heal|p2a: Sylveon|76/300|[from] item: Leftovers\n|upkeep\n|turn|23\n|inactive|Time left: 300 sec this turn | 300 sec total\n|\n|t:|1783557917\n|move|p2a: Sylveon|Protect|p2a: Sylveon\n|-singleturn|p2a: Sylveon|Protect\n|move|p1a: Froslass|Triple Axel|p2a: Sylveon\n|-activate|p2a: Sylveon|move: Protect\n|\n|-heal|p2a: Sylveon|226/300|[from] move: Wish|[wisher] Sylveon\n|-heal|p2a: Sylveon|244/300|[from] item: Leftovers\n|upkeep\n|turn|24\n|inactive|Time left: 300 sec this turn | 300 sec total\n|\n|t:|1783557918\n|move|p1a: Froslass|Triple Axel|p2a: Sylveon\n|-damage|p2a: Sylveon|219/300\n|-damage|p2a: Sylveon|173/300\n|-damage|p2a: Sylveon|100/300\n|-hitcount|p2a: Sylveon|3\n|move|p2a: Sylveon|Wish|p2a: Sylveon\n|\n|-heal|p2a: Sylveon|118/300|[from] item: Leftovers\n|upkeep\n|turn|25\n|inactive|Time left: 300 sec this turn | 300 sec total\n|\n|t:|1783557919\n|switch|p1a: Smeargle|Smeargle, L95, M|27/100\n|move|p2a: Sylveon|Protect||[still]\n|-fail|p2a: Sylveon\n|\n|-heal|p2a: Sylveon|268/300|[from] move: Wish|[wisher] Sylveon\n|-heal|p2a: Sylveon|286/300|[from] item: Leftovers\n|upkeep\n|turn|26\n|inactive|Time left: 300 sec this turn | 300 sec total\n|\n|t:|1783557920\n|move|p1a: Smeargle|Spore|p2a: Sylveon\n|-status|p2a: Sylveon|slp|[from] move: Spore\n|cant|p2a: Sylveon|slp\n|\n|-heal|p2a: Sylveon|300/300 slp|[from] item: Leftovers\n|upkeep\n|turn|27\n|inactive|Time left: 300 sec this turn | 300 sec total\n|\n|t:|1783557921\n|switch|p1a: Froslass|Froslass, L87, F|100/100\n|-curestatus|p2a: Sylveon|slp|[msg]\n|move|p2a: Sylveon|Hyper Voice|p1a: Froslass\n|-damage|p1a: Froslass|18/100\n|\n|upkeep\n|turn|28\n|inactive|Time left: 300 sec this turn | 300 sec total\n|\n|t:|1783557922\n|move|p1a: Froslass|Poltergeist|p2a: Sylveon\n|-activate|p2a: Sylveon|move: Poltergeist|Leftovers\n|-damage|p2a: Sylveon|173/300\n|move|p2a: Sylveon|Hyper Voice|p1a: Froslass\n|-damage|p1a: Froslass|0 fnt\n|faint|p1a: Froslass\n|\n|-heal|p2a: Sylveon|191/300|[from] item: Leftovers\n|upkeep\n|\n|t:|1783557923\n|switch|p1a: Smeargle|Smeargle, L95, M|27/100\n|turn|29\n|inactive|Time left: 300 sec this turn | 300 sec total\n|\n|t:|1783557923\n|move|p1a: Smeargle|Spore|p2a: Sylveon\n|-status|p2a: Sylveon|slp|[from] move: Spore\n|cant|p2a: Sylveon|slp\n|\n|-heal|p2a: Sylveon|209/300 slp|[from] item: Leftovers\n|upkeep\n|turn|30\n|inactive|Time left: 300 sec this turn | 300 sec total\n|\n|t:|1783557924\n|move|p1a: Smeargle|Sticky Web||[still]\n|-fail|p1a: Smeargle\n|cant|p2a: Sylveon|slp\n|\n|-heal|p2a: Sylveon|227/300 slp|[from] item: Leftovers\n|upkeep\n|turn|31\n|inactive|Time left: 300 sec this turn | 300 sec total\n|\n|t:|1783557925\n|move|p1a: Smeargle|Ceaseless Edge|p2a: Sylveon\n|-resisted|p2a: Sylveon\n|-damage|p2a: Sylveon|214/300 slp\n|-sidestart|p2: p0y16129c17|Spikes\n|-curestatus|p2a: Sylveon|slp|[msg]\n|move|p2a: Sylveon|Hyper Voice|p1a: Smeargle\n|-damage|p1a: Smeargle|0 fnt\n|faint|p1a: Smeargle\n|\n|win|p0y16129c17", "uploadtime": 1783557925, "views": 0, "rating": 0, "private": 0, "password": null, "_winner": "p0y16129c17", "_our_name": "p0y16129c17"}