{"id": "battle-gen9randombattle-2739", "formatid": "gen9randombattle", "format": "[Gen 9] Random Battle", "players": ["p0x27394c16", "p0y2739524e"], "log": "|init|battle\n|title|p0x27394c16 vs. p0y2739524e\n|j|\u2606p0x27394c16\n|j|\u2606p0y2739524e\n|t:|1783571573\n|gametype|singles\n|player|p1|p0x27394c16|2|\n|player|p2|p0y2739524e|101|\n|gen|9\n|tier|[Gen 9] Random Battle\n|rule|Species Clause: Limit one of each Pok\u00e9mon\n|rule|HP Percentage Mod: HP is shown in percentages\n|rule|Sleep Clause Mod: Limit one foe put to sleep\n|rule|Illusion Level Mod: Illusion disguises the Pok\u00e9mon's true level\n|\n|t:|1783571573\n|teamsize|p1|6\n|teamsize|p2|6\n|start\n|switch|p1a: Snorlax|Snorlax, L82, F|397/397\n|switch|p2a: Charizard|Charizard, L85, F|100/100\n|turn|1\n|inactive|Battle timer is ON: inactive players will automatically lose when time's up. (requested by p0x27394c16)\n|inactive|p0y2739524e also wants the timer to be on.\n|\n|t:|1783571574\n|move|p2a: Charizard|Will-O-Wisp|p1a: Snorlax\n|-status|p1a: Snorlax|brn\n|move|p1a: Snorlax|Body Slam|p2a: Charizard\n|-damage|p2a: Charizard|80/100\n|\n|-damage|p1a: Snorlax|373/397 brn|[from] brn\n|upkeep\n|turn|2\n|inactive|Time left: 300 sec this turn | 300 sec total\n|\n|t:|1783571575\n|move|p2a: Charizard|Hurricane|p1a: Snorlax|[miss]\n|-miss|p2a: Charizard|p1a: Snorlax\n|move|p1a: Snorlax|Body Slam|p2a: Charizard\n|-damage|p2a: Charizard|61/100\n|\n|-heal|p1a: Snorlax|397/397 brn|[from] item: Leftovers\n|-damage|p1a: Snorlax|373/397 brn|[from] brn\n|upkeep\n|turn|3\n|inactive|Time left: 300 sec this turn | 300 sec total\n|\n|t:|1783571576\n|move|p2a: Charizard|Earthquake|p1a: Snorlax\n|-damage|p1a: Snorlax|288/397 brn\n|move|p1a: Snorlax|Body Slam|p2a: Charizard\n|-damage|p2a: Charizard|43/100\n|-status|p2a: Charizard|par\n|\n|-heal|p1a: Snorlax|312/397 brn|[from] item: Leftovers\n|-damage|p1a: Snorlax|288/397 brn|[from] brn\n|upkeep\n|turn|4\n|inactive|Time left: 300 sec this turn | 300 sec total\n|\n|t:|1783571578\n|move|p2a: Charizard|Hurricane|p1a: Snorlax\n|-damage|p1a: Snorlax|174/397 brn\n|-start|p1a: Snorlax|confusion\n|-activate|p1a: Snorlax|confusion\n|move|p1a: Snorlax|Body Slam|p2a: Charizard\n|-damage|p2a: Charizard|23/100 par\n|\n|-heal|p1a: Snorlax|198/397 brn|[from] item: Leftovers\n|-damage|p1a: Snorlax|174/397 brn|[from] brn\n|upkeep\n|turn|5\n|inactive|Time left: 300 sec this turn | 300 sec total\n|\n|t:|1783571579\n|move|p2a: Charizard|Flamethrower|p1a: Snorlax\n|-damage|p1a: Snorlax|107/397 brn\n|-activate|p1a: Snorlax|confusion\n|-damage|p1a: Snorlax|68/397 brn|[from] confusion\n|\n|-heal|p1a: Snorlax|92/397 brn|[from] item: Leftovers\n|-damage|p1a: Snorlax|68/397 brn|[from] brn\n|upkeep\n|turn|6\n|inactive|Time left: 300 sec this turn | 300 sec total\n|\n|t:|1783571580\n|move|p2a: Charizard|Flamethrower|p1a: Snorlax\n|-damage|p1a: Snorlax|0 fnt\n|faint|p1a: Snorlax\n|\n|upkeep\n|inactive|Time left: 300 sec this turn | 300 sec total | 5 sec grace\n|\n|t:|1783571581\n|switch|p1a: Abomasnow|Abomasnow, L84, M|287/287\n|-weather|Snowscape|[from] ability: Snow Warning|[of] p1a: Abomasnow\n|turn|7\n|inactive|Time left: 300 sec this turn | 300 sec total\n|\n|t:|1783571582\n|move|p1a: Abomasnow|Aurora Veil|p1a: Abomasnow\n|-sidestart|p1: p0x27394c16|move: Aurora Veil\n|cant|p2a: Charizard|par\n|\n|-weather|Snowscape|[upkeep]\n|upkeep\n|turn|8\n|inactive|Time left: 300 sec this turn | 300 sec total\n|\n|t:|1783571584\n|move|p1a: Abomasnow|Blizzard|p2a: Charizard\n|-crit|p2a: Charizard\n|-damage|p2a: Charizard|0 fnt\n|faint|p2a: Charizard\n|\n|-weather|Snowscape|[upkeep]\n|upkeep\n|\n|t:|1783571584\n|switch|p2a: Bastiodon|Bastiodon, L89, M|100/100\n|turn|9\n|inactive|Time left: 300 sec this turn | 300 sec total\n|\n|t:|1783571585\n|move|p1a: Abomasnow|Blizzard|p2a: Bastiodon\n|-resisted|p2a: Bastiodon\n|-damage|p2a: Bastiodon|86/100\n|move|p2a: Bastiodon|Iron Defense|p2a: Bastiodon\n|-boost|p2a: Bastiodon|def|2\n|\n|-weather|Snowscape|[upkeep]\n|upkeep\n|turn|10\n|inactive|Time left: 300 sec this turn | 300 sec total\n|\n|t:|1783571586\n|switch|p1a: Granbull|Granbull, L88, M|302/302\n|-ability|p1a: Granbull|Intimidate|boost\n|-unboost|p2a: Bastiodon|atk|1\n|move|p2a: Bastiodon|Body Press|p1a: Granbull\n|-resisted|p1a: Granbull\n|-damage|p1a: Granbull|249/302\n|\n|-weather|Snowscape|[upkeep]\n|-heal|p1a: Granbull|267/302|[from] item: Leftovers\n|upkeep\n|turn|11\n|inactive|Time left: 300 sec this turn | 300 sec total\n|\n|t:|1783571587\n|move|p1a: Granbull|Earthquake|p2a: Bastiodon\n|-supereffective|p2a: Bastiodon\n|-damage|p2a: Bastiodon|45/100\n|move|p2a: Bastiodon|Rest|p2a: Bastiodon\n|-status|p2a: Bastiodon|slp|[from] move: Rest\n|-heal|p2a: Bastiodon|100/100 slp|[silent]\n|-enditem|p2a: Bastiodon|Chesto Berry|[eat]\n|-curestatus|p2a: Bastiodon|slp|[msg]\n|\n|-weather|none\n|-heal|p1a: Granbull|285/302|[from] item: Leftovers\n|upkeep\n|turn|12\n|inactive|Time left: 300 sec this turn | 300 sec total\n|\n|t:|1783571588\n|move|p1a: Granbull|Earthquake|p2a: Bastiodon\n|-supereffective|p2a: Bastiodon\n|-damage|p2a: Bastiodon|61/100\n|move|p2a: Bastiodon|Iron Defense|p2a: Bastiodon\n|-boost|p2a: Bastiodon|def|2\n|\n|-heal|p1a: Granbull|302/302|[from] item: Leftovers\n|upkeep\n|turn|13\n|inactive|Time left: 300 sec this turn | 300 sec total\n|\n|t:|1783571589\n|move|p1a: Granbull|Earthquake|p2a: Bastiodon\n|-supereffective|p2a: Bastiodon\n|-damage|p2a: Bastiodon|32/100\n|move|p2a: Bastiodon|Body Press|p1a: Granbull\n|-resisted|p1a: Granbull\n|-damage|p1a: Granbull|222/302\n|\n|-heal|p1a: Granbull|240/302|[from] item: Leftovers\n|upkeep\n|turn|14\n|inactive|Time left: 300 sec this turn | 300 sec total\n|\n|t:|1783571589\n|move|p1a: Granbull|Earthquake|p2a: Bastiodon\n|-supereffective|p2a: Bastiodon\n|-damage|p2a: Bastiodon|0 fnt\n|faint|p2a: Bastiodon\n|\n|-heal|p1a: Granbull|258/302|[from] item: Leftovers\n|-sideend|p1: p0x27394c16|move: Aurora Veil\n|upkeep\n|\n|t:|1783571590\n|switch|p2a: Floatzel|Floatzel, L86, F|100/100\n|turn|15\n|inactive|Time left: 300 sec this turn | 300 sec total\n|\n|t:|1783571591\n|move|p2a: Floatzel|Wave Crash|p1a: Granbull\n|-damage|p1a: Granbull|33/302\n|-damage|p2a: Floatzel|75/100|[from] Recoil\n|move|p1a: Granbull|Play Rough|p2a: Floatzel\n|-damage|p2a: Floatzel|12/100\n|\n|-heal|p1a: Granbull|51/302|[from] item: Leftovers\n|upkeep\n|turn|16\n|inactive|Time left: 300 sec this turn | 300 sec total\n|\n|t:|1783571592\n|switch|p1a: Abomasnow|Abomasnow, L84, M|287/287\n|-weather|Snowscape|[from] ability: Snow Warning|[of] p1a: Abomasnow\n|move|p2a: Floatzel|Wave Crash|p1a: Abomasnow\n|-resisted|p1a: Abomasnow\n|-crit|p1a: Abomasnow\n|-damage|p1a: Abomasnow|174/287\n|-damage|p2a: Floatzel|0 fnt|[from] Recoil\n|faint|p2a: Floatzel\n|\n|-weather|Snowscape|[upkeep]\n|upkeep\n|\n|t:|1783571592\n|switch|p2a: Regidrago|Regidrago, L77|100/100\n|turn|17\n|inactive|Time left: 300 sec this turn | 300 sec total\n|\n|t:|1783571593\n|-terastallize|p2a: Regidrago|Steel\n|move|p2a: Regidrago|Tera Blast|p1a: Abomasnow|[anim] Tera Blast Steel\n|-supereffective|p1a: Abomasnow\n|-damage|p1a: Abomasnow|0 fnt\n|faint|p1a: Abomasnow\n|-damage|p2a: Regidrago|91/100|[from] item: Life Orb\n|\n|-weather|Snowscape|[upkeep]\n|upkeep\n|inactive|Time left: 300 sec this turn | 300 sec total | 5 sec grace\n|\n|t:|1783571594\n|switch|p1a: Golurk|Golurk, L87|297/297\n|turn|18\n|inactive|Time left: 300 sec this turn | 300 sec total\n|\n|t:|1783571595\n|move|p2a: Regidrago|Dragon Claw|p1a: Golurk\n|-damage|p1a: Golurk|159/297\n|-damage|p2a: Regidrago|81/100|[from] item: Life Orb\n|move|p1a: Golurk|Earthquake|p2a: Regidrago\n|-supereffective|p2a: Regidrago\n|-damage|p2a: Regidrago|0 fnt\n|faint|p2a: Regidrago\n|-damage|p1a: Golurk|130/297|[from] item: Life Orb\n|\n|-weather|Snowscape|[upkeep]\n|upkeep\n|\n|t:|1783571596\n|switch|p2a: Appletun|Appletun, L92, F|100/100\n|turn|19\n|inactive|Time left: 300 sec this turn | 300 sec total\n|\n|t:|1783571597\n|move|p1a: Golurk|Dynamic Punch|p2a: Appletun\n|-damage|p2a: Appletun|70/100\n|-start|p2a: Appletun|confusion\n|-damage|p1a: Golurk|101/297|[from] item: Life Orb\n|-activate|p2a: Appletun|confusion\n|move|p2a: Appletun|Apple Acid|p1a: Golurk\n|-supereffective|p1a: Golurk\n|-damage|p1a: Golurk|0 fnt\n|faint|p1a: Golurk\n|\n|-weather|Snowscape|[upkeep]\n|-heal|p2a: Appletun|76/100|[from] item: Leftovers\n|upkeep\n|inactive|Time left: 300 sec this turn | 300 sec total | 5 sec grace\n|\n|t:|1783571598\n|switch|p1a: Scyther|Scyther, L82, F|249/249\n|turn|20\n|inactive|Time left: 300 sec this turn | 300 sec total\n|\n|t:|1783571599\n|switch|p2a: Cryogonal|Cryogonal, L89|100/100\n|move|p1a: Scyther|Swords Dance|p1a: Scyther\n|-boost|p1a: Scyther|atk|2\n|\n|-weather|none\n|upkeep\n|turn|21\n|inactive|Time left: 300 sec this turn | 300 sec total\n|\n|t:|1783571600\n|-terastallize|p1a: Scyther|Fighting\n|move|p2a: Cryogonal|Haze|p2a: Cryogonal\n|-clearallboost\n|move|p1a: Scyther|Close Combat|p2a: Cryogonal\n|-supereffective|p2a: Cryogonal\n|-damage|p2a: Cryogonal|0 fnt\n|-unboost|p1a: Scyther|def|1\n|-unboost|p1a: Scyther|spd|1\n|faint|p2a: Cryogonal\n|\n|upkeep\n|\n|t:|1783571600\n|switch|p2a: Appletun|Appletun, L92, F|76/100\n|turn|22\n|inactive|Time left: 300 sec this turn | 300 sec total\n|\n|t:|1783571601\n|move|p1a: Scyther|Dual Wingbeat|p2a: Appletun\n|-supereffective|p2a: Appletun\n|-damage|p2a: Appletun|42/100\n|-supereffective|p2a: Appletun\n|-damage|p2a: Appletun|4/100\n|-hitcount|p2a: Appletun|2\n|move|p2a: Appletun|Recover|p2a: Appletun\n|-heal|p2a: Appletun|54/100\n|\n|-heal|p2a: Appletun|60/100|[from] item: Leftovers\n|upkeep\n|turn|23\n|inactive|Time left: 300 sec this turn | 300 sec total\n|\n|t:|1783571603\n|move|p1a: Scyther|Dual Wingbeat|p2a: Appletun\n|-supereffective|p2a: Appletun\n|-damage|p2a: Appletun|23/100\n|-supereffective|p2a: Appletun\n|-damage|p2a: Appletun|0 fnt\n|faint|p2a: Appletun\n|-hitcount|p2: Appletun|2\n|\n|win|p0x27394c16", "uploadtime": 1783571603, "views": 0, "rating": 0, "private": 0, "password": null, "_winner": "p0x27394c16", "_our_name": "p0x27394c16"}