{"id": "battle-gen9randombattle-1005", "formatid": "gen9randombattle", "format": "[Gen 9] Random Battle", "players": ["p0x1005ccaf", "p0y1005a5d4"], "log": "|init|battle\n|title|p0x1005ccaf vs. p0y1005a5d4\n|j|\u2606p0x1005ccaf\n|j|\u2606p0y1005a5d4\n|t:|1783551561\n|gametype|singles\n|player|p1|p0x1005ccaf|169|\n|player|p2|p0y1005a5d4|266|\n|gen|9\n|tier|[Gen 9] Random Battle\n|rule|Species Clause: Limit one of each Pok\u00e9mon\n|rule|HP Percentage Mod: HP is shown in percentages\n|rule|Sleep Clause Mod: Limit one foe put to sleep\n|rule|Illusion Level Mod: Illusion disguises the Pok\u00e9mon's true level\n|\n|t:|1783551561\n|teamsize|p1|6\n|teamsize|p2|6\n|start\n|switch|p1a: Fezandipiti|Fezandipiti, L82, M|278/278\n|switch|p2a: Froslass|Froslass, L87, F|100/100\n|turn|1\n|inactive|Battle timer is ON: inactive players will automatically lose when time's up. (requested by p0x1005ccaf)\n|inactive|p0y1005a5d4 also wants the timer to be on.\n|\n|t:|1783551563\n|move|p2a: Froslass|Triple Axel|p1a: Fezandipiti\n|-damage|p1a: Fezandipiti|259/278\n|-damage|p1a: Fezandipiti|217/278\n|-damage|p1a: Fezandipiti|148/278\n|-hitcount|p1a: Fezandipiti|3\n|move|p1a: Fezandipiti|Gunk Shot|p2a: Froslass\n|-resisted|p2a: Froslass\n|-damage|p2a: Froslass|76/100\n|-status|p2a: Froslass|tox|[from] ability: Toxic Chain|[of] p1a: Fezandipiti\n|\n|-heal|p1a: Fezandipiti|165/278|[from] item: Leftovers\n|-damage|p2a: Froslass|70/100 tox|[from] psn\n|upkeep\n|turn|2\n|inactive|Time left: 300 sec this turn | 300 sec total\n|\n|t:|1783551564\n|move|p2a: Froslass|Triple Axel|p1a: Fezandipiti\n|-crit|p1a: Fezandipiti\n|-damage|p1a: Fezandipiti|132/278\n|-damage|p1a: Fezandipiti|90/278\n|-damage|p1a: Fezandipiti|24/278\n|-hitcount|p1a: Fezandipiti|3\n|move|p1a: Fezandipiti|Roost|p1a: Fezandipiti\n|-heal|p1a: Fezandipiti|163/278\n|-singleturn|p1a: Fezandipiti|move: Roost\n|\n|-heal|p1a: Fezandipiti|180/278|[from] item: Leftovers\n|-damage|p2a: Froslass|58/100 tox|[from] psn\n|upkeep\n|turn|3\n|inactive|Time left: 300 sec this turn | 300 sec total\n|\n|t:|1783551565\n|move|p2a: Froslass|Triple Axel|p1a: Fezandipiti\n|-damage|p1a: Fezandipiti|159/278\n|-damage|p1a: Fezandipiti|117/278\n|-damage|p1a: Fezandipiti|59/278\n|-hitcount|p1a: Fezandipiti|3\n|move|p1a: Fezandipiti|Roost|p1a: Fezandipiti\n|-heal|p1a: Fezandipiti|198/278\n|-singleturn|p1a: Fezandipiti|move: Roost\n|\n|-heal|p1a: Fezandipiti|215/278|[from] item: Leftovers\n|-damage|p2a: Froslass|40/100 tox|[from] psn\n|upkeep\n|turn|4\n|inactive|Time left: 300 sec this turn | 300 sec total\n|\n|t:|1783551566\n|move|p2a: Froslass|Poltergeist|p1a: Fezandipiti\n|-activate|p1a: Fezandipiti|move: Poltergeist|Leftovers\n|-damage|p1a: Fezandipiti|89/278\n|move|p1a: Fezandipiti|Moonblast|p2a: Froslass\n|-damage|p2a: Froslass|8/100 tox\n|-unboost|p2a: Froslass|spa|1\n|\n|-heal|p1a: Fezandipiti|106/278|[from] item: Leftovers\n|-damage|p2a: Froslass|0 fnt|[from] psn\n|faint|p2a: Froslass\n|upkeep\n|\n|t:|1783551567\n|switch|p2a: Charizard|Charizard, L85, M|100/100\n|turn|5\n|inactive|Time left: 300 sec this turn | 300 sec total\n|\n|t:|1783551568\n|move|p2a: Charizard|Earthquake|p1a: Fezandipiti\n|-supereffective|p1a: Fezandipiti\n|-damage|p1a: Fezandipiti|0 fnt\n|faint|p1a: Fezandipiti\n|\n|upkeep\n|inactive|Time left: 300 sec this turn | 300 sec total | 5 sec grace\n|\n|t:|1783551569\n|switch|p1a: Electivire|Electivire, L84, F|263/263\n|turn|6\n|inactive|Time left: 300 sec this turn | 300 sec total\n|\n|t:|1783551570\n|move|p2a: Charizard|Will-O-Wisp|p1a: Electivire\n|-status|p1a: Electivire|brn\n|move|p1a: Electivire|Supercell Slam|p2a: Charizard\n|-supereffective|p2a: Charizard\n|-damage|p2a: Charizard|30/100\n|-damage|p1a: Electivire|237/263 brn|[from] item: Life Orb\n|\n|-damage|p1a: Electivire|221/263 brn|[from] brn\n|upkeep\n|turn|7\n|inactive|Time left: 300 sec this turn | 300 sec total\n|\n|t:|1783551572\n|move|p2a: Charizard|Flamethrower|p1a: Electivire\n|-damage|p1a: Electivire|56/263 brn\n|move|p1a: Electivire|Volt Switch|p2a: Charizard\n|-supereffective|p2a: Charizard\n|-damage|p2a: Charizard|0 fnt\n|faint|p2a: Charizard\n|-damage|p1a: Electivire|30/263 brn|[from] item: Life Orb\n|inactive|Time left: 300 sec this turn | 300 sec total | 5 sec grace\n|\n|t:|1783551573\n|switch|p1a: Leafeon|Leafeon, L88, F|258/258|[from] Volt Switch\n|\n|upkeep\n|\n|t:|1783551574\n|switch|p2a: Farigiraf|Farigiraf, L90, M|100/100\n|turn|8\n|inactive|Time left: 300 sec this turn | 300 sec total\n|\n|t:|1783551575\n|move|p1a: Leafeon|Knock Off|p2a: Farigiraf\n|-supereffective|p2a: Farigiraf\n|-damage|p2a: Farigiraf|39/100\n|-enditem|p2a: Farigiraf|Leftovers|[from] move: Knock Off|[of] p1a: Leafeon\n|-damage|p1a: Leafeon|233/258|[from] item: Life Orb\n|move|p2a: Farigiraf|Psychic Noise|p1a: Leafeon\n|-damage|p1a: Leafeon|115/258\n|-start|p1a: Leafeon|move: Heal Block\n|\n|upkeep\n|turn|9\n|inactive|Time left: 300 sec this turn | 300 sec total\n|\n|t:|1783551577\n|move|p1a: Leafeon|Knock Off|p2a: Farigiraf\n|-supereffective|p2a: Farigiraf\n|-damage|p2a: Farigiraf|0 fnt\n|faint|p2a: Farigiraf\n|-damage|p1a: Leafeon|90/258|[from] item: Life Orb\n|\n|-end|p1a: Leafeon|move: Heal Block\n|upkeep\n|\n|t:|1783551578\n|switch|p2a: Zacian|Zacian, L69|100/100\n|-ability|p2a: Zacian|Intrepid Sword|boost\n|-boost|p2a: Zacian|atk|1\n|turn|10\n|inactive|Time left: 300 sec this turn | 300 sec total\n|\n|t:|1783551579\n|switch|p1a: Arceus|Arceus-Fire, L72|291/291\n|move|p2a: Zacian|Play Rough|p1a: Arceus\n|-resisted|p1a: Arceus\n|-damage|p1a: Arceus|221/291\n|-damage|p2a: Zacian|91/100|[from] item: Life Orb\n|\n|upkeep\n|turn|11\n|inactive|Time left: 300 sec this turn | 300 sec total\n|\n|t:|1783551580\n|move|p2a: Zacian|Swords Dance|p2a: Zacian\n|-boost|p2a: Zacian|atk|2\n|move|p1a: Arceus|Flare Blitz|p2a: Zacian\n|-damage|p2a: Zacian|34/100\n|-damage|p1a: Arceus|176/291|[from] Recoil\n|\n|upkeep\n|turn|12\n|inactive|Time left: 300 sec this turn | 300 sec total\n|\n|t:|1783551581\n|move|p1a: Arceus|Extreme Speed|p2a: Zacian\n|-damage|p2a: Zacian|13/100\n|move|p2a: Zacian|Close Combat|p1a: Arceus\n|-crit|p1a: Arceus\n|-damage|p1a: Arceus|0 fnt\n|-unboost|p2a: Zacian|def|1\n|-unboost|p2a: Zacian|spd|1\n|faint|p1a: Arceus\n|-damage|p2a: Zacian|3/100|[from] item: Life Orb\n|\n|upkeep\n|inactive|Time left: 300 sec this turn | 300 sec total | 5 sec grace\n|\n|t:|1783551582\n|switch|p1a: Electivire|Electivire, L84, F|30/263 brn\n|turn|13\n|inactive|Time left: 300 sec this turn | 300 sec total\n|\n|t:|1783551583\n|switch|p2a: Camerupt|Camerupt, L91, F|100/100\n|move|p1a: Electivire|Volt Switch|p2a: Camerupt\n|-immune|p2a: Camerupt\n|\n|-damage|p1a: Electivire|14/263 brn|[from] brn\n|upkeep\n|turn|14\n|inactive|Time left: 300 sec this turn | 300 sec total\n|\n|t:|1783551584\n|switch|p1a: Hydreigon|Hydreigon, L79, M|275/275\n|move|p2a: Camerupt|Stealth Rock|p1a: Hydreigon\n|-sidestart|p1: p0x1005ccaf|move: Stealth Rock\n|\n|upkeep\n|turn|15\n|inactive|Time left: 300 sec this turn | 300 sec total\n|\n|t:|1783551585\n|move|p1a: Hydreigon|Dark Pulse|p2a: Camerupt\n|-damage|p2a: Camerupt|56/100\n|-damage|p1a: Hydreigon|248/275|[from] item: Life Orb\n|move|p2a: Camerupt|Roar|p1a: Hydreigon\n|drag|p1a: Sawsbuck|Sawsbuck, L88, M|284/284\n|-damage|p1a: Sawsbuck|249/284|[from] Stealth Rock\n|\n|-heal|p2a: Camerupt|62/100|[from] item: Leftovers\n|upkeep\n|turn|16\n|inactive|Time left: 300 sec this turn | 300 sec total\n|\n|t:|1783551586\n|move|p1a: Sawsbuck|Headbutt|p2a: Camerupt\n|-damage|p2a: Camerupt|21/100\n|-damage|p1a: Sawsbuck|221/284|[from] item: Life Orb\n|cant|p2a: Camerupt|flinch\n|\n|-heal|p2a: Camerupt|27/100|[from] item: Leftovers\n|upkeep\n|turn|17\n|inactive|Time left: 300 sec this turn | 300 sec total\n|\n|t:|1783551587\n|move|p1a: Sawsbuck|Horn Leech|p2a: Camerupt\n|-damage|p2a: Camerupt|0 fnt\n|-heal|p1a: Sawsbuck|258/284|[from] drain|[of] p2a: Camerupt\n|faint|p2a: Camerupt\n|-damage|p1a: Sawsbuck|230/284|[from] item: Life Orb\n|\n|upkeep\n|\n|t:|1783551588\n|switch|p2a: Zacian|Zacian, L69|3/100\n|turn|18\n|inactive|Time left: 300 sec this turn | 300 sec total\n|\n|t:|1783551589\n|move|p2a: Zacian|Close Combat|p1a: Sawsbuck\n|-supereffective|p1a: Sawsbuck\n|-damage|p1a: Sawsbuck|12/284\n|-unboost|p2a: Zacian|def|1\n|-unboost|p2a: Zacian|spd|1\n|-damage|p2a: Zacian|0 fnt|[from] item: Life Orb\n|faint|p2a: Zacian\n|move|p1a: Sawsbuck|Swords Dance|p1a: Sawsbuck\n|-boost|p1a: Sawsbuck|atk|2\n|\n|upkeep\n|\n|t:|1783551590\n|switch|p2a: Bruxish|Bruxish, L85, M|100/100\n|turn|19\n|inactive|Time left: 300 sec this turn | 300 sec total\n|\n|t:|1783551591\n|move|p1a: Sawsbuck|Horn Leech|p2a: Bruxish\n|-supereffective|p2a: Bruxish\n|-damage|p2a: Bruxish|0 fnt\n|-heal|p1a: Sawsbuck|139/284|[from] drain|[of] p2a: Bruxish\n|faint|p2a: Bruxish\n|-damage|p1a: Sawsbuck|111/284|[from] item: Life Orb\n|\n|win|p0x1005ccaf", "uploadtime": 1783551591, "views": 0, "rating": 0, "private": 0, "password": null, "_winner": "p0x1005ccaf", "_our_name": "p0x1005ccaf"}