{"id": "battle-gen9randombattle-895", "formatid": "gen9randombattle", "format": "[Gen 9] Random Battle", "players": ["p0x89522a2", "p0y895fa74"], "log": "|init|battle\n|title|p0x89522a2 vs. p0y895fa74\n|j|\u2606p0x89522a2\n|j|\u2606p0y895fa74\n|t:|1783549539\n|gametype|singles\n|player|p1|p0x89522a2|101|\n|player|p2|p0y895fa74|265|\n|gen|9\n|tier|[Gen 9] Random Battle\n|rule|Species Clause: Limit one of each Pok\u00e9mon\n|rule|HP Percentage Mod: HP is shown in percentages\n|rule|Sleep Clause Mod: Limit one foe put to sleep\n|rule|Illusion Level Mod: Illusion disguises the Pok\u00e9mon's true level\n|\n|t:|1783549539\n|teamsize|p1|6\n|teamsize|p2|6\n|start\n|switch|p1a: Glaceon|Glaceon, L94, F|100/100\n|switch|p2a: Empoleon|Empoleon, L84, M|278/278\n|turn|1\n|inactive|Battle timer is ON: inactive players will automatically lose when time's up. (requested by p0y895fa74)\n|inactive|p0x89522a2 also wants the timer to be on.\n|\n|t:|1783549540\n|move|p1a: Glaceon|Freeze-Dry|p2a: Empoleon\n|-crit|p2a: Empoleon\n|-damage|p2a: Empoleon|128/278\n|-status|p2a: Empoleon|frz\n|cant|p2a: Empoleon|frz\n|\n|-heal|p2a: Empoleon|145/278 frz|[from] item: Leftovers\n|upkeep\n|turn|2\n|inactive|Time left: 300 sec this turn | 300 sec total\n|\n|t:|1783549541\n|move|p1a: Glaceon|Freeze-Dry|p2a: Empoleon\n|-damage|p2a: Empoleon|36/278 frz\n|cant|p2a: Empoleon|frz\n|\n|-heal|p2a: Empoleon|53/278 frz|[from] item: Leftovers\n|upkeep\n|turn|3\n|inactive|Time left: 300 sec this turn | 300 sec total\n|\n|t:|1783549542\n|switch|p2a: Mightyena|Mightyena, L96, F|290/290\n|-ability|p2a: Mightyena|Intimidate|boost\n|-unboost|p1a: Glaceon|atk|1\n|move|p1a: Glaceon|Freeze-Dry|p2a: Mightyena\n|-damage|p2a: Mightyena|148/290\n|\n|upkeep\n|turn|4\n|inactive|Time left: 300 sec this turn | 300 sec total\n|\n|t:|1783549542\n|move|p2a: Mightyena|Throat Chop|p1a: Glaceon\n|-damage|p1a: Glaceon|58/100\n|-start|p1a: Glaceon|Throat Chop|[silent]\n|move|p1a: Glaceon|Freeze-Dry|p2a: Mightyena\n|-damage|p2a: Mightyena|15/290\n|-status|p2a: Mightyena|frz\n|\n|upkeep\n|turn|5\n|inactive|Time left: 300 sec this turn | 300 sec total\n|\n|t:|1783549543\n|switch|p1a: Galvantula|Galvantula, L82, M|100/100\n|cant|p2a: Mightyena|frz\n|\n|upkeep\n|turn|6\n|inactive|Time left: 300 sec this turn | 300 sec total\n|\n|t:|1783549544\n|switch|p2a: Tentacruel|Tentacruel, L84, M|272/272\n|move|p1a: Galvantula|Sticky Web|p2a: Tentacruel\n|-sidestart|p2: p0y895fa74|move: Sticky Web\n|\n|upkeep\n|turn|7\n|inactive|Time left: 300 sec this turn | 300 sec total\n|\n|t:|1783549545\n|move|p1a: Galvantula|Thunder|p2a: Tentacruel\n|-supereffective|p2a: Tentacruel\n|-damage|p2a: Tentacruel|150/272\n|-status|p2a: Tentacruel|par\n|move|p2a: Tentacruel|Rapid Spin|p1a: Galvantula\n|-damage|p1a: Galvantula|84/100\n|-boost|p2a: Tentacruel|spe|1\n|-sideend|p2: p0y895fa74|Sticky Web|[from] move: Rapid Spin|[of] p2a: Tentacruel\n|\n|upkeep\n|turn|8\n|inactive|Time left: 300 sec this turn | 300 sec total\n|\n|t:|1783549546\n|move|p1a: Galvantula|Sticky Web|p2a: Tentacruel\n|-sidestart|p2: p0y895fa74|move: Sticky Web\n|move|p2a: Tentacruel|Rapid Spin|p1a: Galvantula\n|-damage|p1a: Galvantula|70/100\n|-boost|p2a: Tentacruel|spe|1\n|-sideend|p2: p0y895fa74|Sticky Web|[from] move: Rapid Spin|[of] p2a: Tentacruel\n|\n|upkeep\n|turn|9\n|inactive|Time left: 300 sec this turn | 300 sec total\n|\n|t:|1783549546\n|move|p1a: Galvantula|Sticky Web|p2a: Tentacruel\n|-sidestart|p2: p0y895fa74|move: Sticky Web\n|move|p2a: Tentacruel|Rapid Spin|p1a: Galvantula\n|-damage|p1a: Galvantula|54/100\n|-boost|p2a: Tentacruel|spe|1\n|-sideend|p2: p0y895fa74|Sticky Web|[from] move: Rapid Spin|[of] p2a: Tentacruel\n|\n|upkeep\n|turn|10\n|inactive|Time left: 300 sec this turn | 300 sec total\n|\n|t:|1783549548\n|cant|p2a: Tentacruel|par\n|move|p1a: Galvantula|Sticky Web|p2a: Tentacruel\n|-sidestart|p2: p0y895fa74|move: Sticky Web\n|\n|upkeep\n|turn|11\n|inactive|Time left: 300 sec this turn | 300 sec total\n|\n|t:|1783549549\n|switch|p1a: Copperajah|Copperajah, L86, F|100/100\n|move|p2a: Tentacruel|Rapid Spin|p1a: Copperajah\n|-resisted|p1a: Copperajah\n|-damage|p1a: Copperajah|95/100\n|-boost|p2a: Tentacruel|spe|1\n|-sideend|p2: p0y895fa74|Sticky Web|[from] move: Rapid Spin|[of] p2a: Tentacruel\n|\n|upkeep\n|turn|12\n|inactive|Time left: 300 sec this turn | 300 sec total\n|\n|t:|1783549550\n|move|p2a: Tentacruel|Knock Off|p1a: Copperajah\n|-damage|p1a: Copperajah|78/100\n|-enditem|p1a: Copperajah|Choice Band|[from] move: Knock Off|[of] p2a: Tentacruel\n|move|p1a: Copperajah|Heavy Slam|p2a: Tentacruel\n|-resisted|p2a: Tentacruel\n|-damage|p2a: Tentacruel|42/272 par\n|\n|upkeep\n|turn|13\n|inactive|Time left: 300 sec this turn | 300 sec total\n|\n|t:|1783549551\n|cant|p2a: Tentacruel|par\n|move|p1a: Copperajah|Knock Off|p2a: Tentacruel\n|-damage|p2a: Tentacruel|0 fnt\n|-enditem|p2a: Tentacruel|Assault Vest|[from] move: Knock Off|[of] p1a: Copperajah\n|faint|p2a: Tentacruel\n|\n|upkeep\n|inactive|Time left: 300 sec this turn | 300 sec total | 5 sec grace\n|\n|t:|1783549552\n|switch|p2a: Moltres|Moltres, L81|278/278\n|turn|14\n|inactive|Time left: 300 sec this turn | 300 sec total\n|\n|t:|1783549553\n|switch|p1a: Regidrago|Regidrago, L77|100/100\n|move|p2a: Moltres|Fire Blast|p1a: Regidrago\n|-resisted|p1a: Regidrago\n|-damage|p1a: Regidrago|76/100\n|\n|upkeep\n|turn|15\n|inactive|Time left: 300 sec this turn | 300 sec total\n|\n|t:|1783549554\n|move|p1a: Regidrago|Outrage|p2a: Moltres\n|-damage|p2a: Moltres|103/278\n|-status|p1a: Regidrago|brn|[from] ability: Flame Body|[of] p2a: Moltres\n|move|p2a: Moltres|Fire Blast|p1a: Regidrago\n|-resisted|p1a: Regidrago\n|-damage|p1a: Regidrago|51/100 brn\n|\n|-damage|p1a: Regidrago|45/100 brn|[from] brn\n|upkeep\n|turn|16\n|inactive|Time left: 300 sec this turn | 300 sec total\n|\n|t:|1783549555\n|switch|p2a: Mightyena|Mightyena, L96, F|15/290 frz\n|-ability|p2a: Mightyena|Intimidate|boost\n|-unboost|p1a: Regidrago|atk|1\n|move|p1a: Regidrago|Outrage|p2a: Mightyena|[from] lockedmove\n|-damage|p2a: Mightyena|0 fnt\n|faint|p2a: Mightyena\n|-start|p1a: Regidrago|confusion|[fatigue]\n|\n|-damage|p1a: Regidrago|39/100 brn|[from] brn\n|upkeep\n|inactive|Time left: 300 sec this turn | 300 sec total | 5 sec grace\n|\n|t:|1783549556\n|switch|p2a: Moltres|Moltres, L81|103/278\n|turn|17\n|inactive|Time left: 300 sec this turn | 300 sec total\n|\n|t:|1783549557\n|-activate|p1a: Regidrago|confusion\n|-damage|p1a: Regidrago|32/100 brn|[from] confusion\n|move|p2a: Moltres|Roost|p2a: Moltres\n|-heal|p2a: Moltres|242/278\n|-singleturn|p2a: Moltres|move: Roost\n|\n|-damage|p1a: Regidrago|26/100 brn|[from] brn\n|upkeep\n|turn|18\n|inactive|Time left: 300 sec this turn | 300 sec total\n|\n|t:|1783549558\n|-activate|p1a: Regidrago|confusion\n|move|p1a: Regidrago|Outrage|p2a: Moltres\n|-damage|p2a: Moltres|182/278\n|move|p2a: Moltres|Fire Blast|p1a: Regidrago\n|-resisted|p1a: Regidrago\n|-damage|p1a: Regidrago|1/100 brn\n|\n|-damage|p1a: Regidrago|0 fnt|[from] brn\n|faint|p1a: Regidrago\n|upkeep\n|\n|t:|1783549559\n|switch|p1a: Galvantula|Galvantula, L82, M|54/100\n|turn|19\n|inactive|Time left: 300 sec this turn | 300 sec total\n|\n|t:|1783549560\n|move|p1a: Galvantula|Thunder|p2a: Moltres\n|-supereffective|p2a: Moltres\n|-crit|p2a: Moltres\n|-damage|p2a: Moltres|0 fnt\n|faint|p2a: Moltres\n|\n|upkeep\n|inactive|Time left: 300 sec this turn | 300 sec total | 5 sec grace\n|\n|t:|1783549561\n|switch|p2a: Garchomp|Garchomp, L74, M|282/282\n|turn|20\n|inactive|Time left: 300 sec this turn | 300 sec total\n|\n|t:|1783549562\n|move|p1a: Galvantula|Sticky Web|p2a: Garchomp\n|-sidestart|p2: p0y895fa74|move: Sticky Web\n|move|p2a: Garchomp|Swords Dance|p2a: Garchomp\n|-boost|p2a: Garchomp|atk|2\n|\n|upkeep\n|turn|21\n|inactive|Time left: 300 sec this turn | 300 sec total\n|\n|t:|1783549563\n|move|p1a: Galvantula|Bug Buzz|p2a: Garchomp\n|-damage|p2a: Garchomp|182/282\n|move|p2a: Garchomp|Earthquake|p1a: Galvantula\n|-crit|p1a: Galvantula\n|-damage|p1a: Galvantula|0 fnt\n|faint|p1a: Galvantula\n|\n|upkeep\n|\n|t:|1783549564\n|switch|p1a: Hoopa|Hoopa-Unbound, L80|100/100\n|turn|22\n|inactive|Time left: 300 sec this turn | 300 sec total\n|\n|t:|1783549565\n|-terastallize|p1a: Hoopa|Fighting\n|move|p1a: Hoopa|Focus Blast|p2a: Garchomp\n|-damage|p2a: Garchomp|0 fnt\n|faint|p2a: Garchomp\n|\n|upkeep\n|inactive|Time left: 300 sec this turn | 300 sec total | 5 sec grace\n|\n|t:|1783549566\n|switch|p2a: Empoleon|Empoleon, L84, M|53/278 frz\n|-activate|p2a: Empoleon|move: Sticky Web\n|-unboost|p2a: Empoleon|spe|1\n|-ability|p2a: Empoleon|Competitive|boost\n|-boost|p2a: Empoleon|spa|2\n|turn|23\n|inactive|Time left: 300 sec this turn | 300 sec total\n|\n|t:|1783549567\n|move|p1a: Hoopa|Focus Blast|p2a: Empoleon\n|-supereffective|p2a: Empoleon\n|-damage|p2a: Empoleon|0 fnt\n|faint|p2a: Empoleon\n|\n|upkeep\n|inactive|Time left: 300 sec this turn | 300 sec total | 5 sec grace\n|\n|t:|1783549568\n|switch|p2a: Urshifu|Urshifu, L74, F|270/270\n|-activate|p2a: Urshifu|move: Sticky Web\n|-unboost|p2a: Urshifu|spe|1\n|turn|24\n|inactive|Time left: 300 sec this turn | 300 sec total\n|\n|t:|1783549569\n|-terastallize|p2a: Urshifu|Dark\n|move|p1a: Hoopa|Focus Blast|p2a: Urshifu\n|-supereffective|p2a: Urshifu\n|-damage|p2a: Urshifu|0 fnt\n|faint|p2a: Urshifu\n|\n|win|p0x89522a2", "uploadtime": 1783549569, "views": 0, "rating": 0, "private": 0, "password": null, "_winner": "p0x89522a2", "_our_name": "p0y895fa74"}