{"id": "battle-gen9randombattle-1614", "formatid": "gen9randombattle", "format": "[Gen 9] Random Battle", "players": ["p0x16143f59", "p0y1614caa1"], "log": "|init|battle\n|title|p0x16143f59 vs. p0y1614caa1\n|j|\u2606p0x16143f59\n|j|\u2606p0y1614caa1\n|t:|1783558659\n|gametype|singles\n|player|p1|p0x16143f59|265|\n|player|p2|p0y1614caa1|265|\n|gen|9\n|tier|[Gen 9] Random Battle\n|rule|Species Clause: Limit one of each Pok\u00e9mon\n|rule|HP Percentage Mod: HP is shown in percentages\n|rule|Sleep Clause Mod: Limit one foe put to sleep\n|rule|Illusion Level Mod: Illusion disguises the Pok\u00e9mon's true level\n|\n|t:|1783558659\n|teamsize|p1|6\n|teamsize|p2|6\n|start\n|switch|p1a: Iron Boulder|Iron Boulder, L77|100/100\n|switch|p2a: Cinderace|Cinderace, L77, M|250/250\n|turn|1\n|inactive|Battle timer is ON: inactive players will automatically lose when time's up. (requested by p0y1614caa1)\n|inactive|p0x16143f59 also wants the timer to be on.\n|\n|t:|1783558660\n|switch|p2a: Stantler|Stantler, L92, M|284/284\n|-ability|p2a: Stantler|Intimidate|boost\n|-unboost|p1a: Iron Boulder|atk|1\n|move|p1a: Iron Boulder|Mighty Cleave|p2a: Stantler\n|-damage|p2a: Stantler|216/284\n|-damage|p1a: Iron Boulder|91/100|[from] item: Life Orb\n|\n|upkeep\n|turn|2\n|inactive|Time left: 300 sec this turn | 300 sec total\n|\n|t:|1783558662\n|-end|p1a: Iron Boulder|Quark Drive|[silent]\n|switch|p1a: Conkeldurr|Conkeldurr, L80, F|100/100\n|move|p2a: Stantler|Shadow Ball|p1a: Conkeldurr\n|-damage|p1a: Conkeldurr|76/100\n|\n|-status|p1a: Conkeldurr|brn|[from] item: Flame Orb\n|upkeep\n|turn|3\n|inactive|Time left: 300 sec this turn | 300 sec total\n|\n|t:|1783558663\n|switch|p2a: Sinistcha|Sinistcha, L83|254/254\n|move|p1a: Conkeldurr|Facade|p2a: Sinistcha\n|-immune|p2a: Sinistcha\n|\n|-damage|p1a: Conkeldurr|70/100 brn|[from] brn\n|upkeep\n|turn|4\n|inactive|Time left: 300 sec this turn | 300 sec total\n|\n|t:|1783558664\n|move|p2a: Sinistcha|Calm Mind|p2a: Sinistcha\n|-boost|p2a: Sinistcha|spa|1\n|-boost|p2a: Sinistcha|spd|1\n|move|p1a: Conkeldurr|Knock Off|p2a: Sinistcha\n|-supereffective|p2a: Sinistcha\n|-damage|p2a: Sinistcha|30/254\n|-enditem|p2a: Sinistcha|Leftovers|[from] move: Knock Off|[of] p1a: Conkeldurr\n|\n|-damage|p1a: Conkeldurr|64/100 brn|[from] brn\n|upkeep\n|turn|5\n|inactive|Time left: 300 sec this turn | 300 sec total\n|\n|t:|1783558665\n|switch|p1a: Salamence|Salamence, L77, M|100/100\n|-ability|p1a: Salamence|Intimidate|boost\n|-unboost|p2a: Sinistcha|atk|1\n|move|p2a: Sinistcha|Strength Sap|p1a: Salamence\n|-unboost|p1a: Salamence|atk|1\n|-heal|p2a: Sinistcha|254/254\n|\n|upkeep\n|turn|6\n|inactive|Time left: 300 sec this turn | 300 sec total\n|\n|t:|1783558667\n|move|p1a: Salamence|Dragon Dance|p1a: Salamence\n|-boost|p1a: Salamence|atk|1\n|-boost|p1a: Salamence|spe|1\n|move|p2a: Sinistcha|Shadow Ball|p1a: Salamence\n|-damage|p1a: Salamence|37/100\n|-unboost|p1a: Salamence|spd|1\n|\n|upkeep\n|turn|7\n|inactive|Time left: 300 sec this turn | 300 sec total\n|\n|t:|1783558668\n|move|p1a: Salamence|Dual Wingbeat|p2a: Sinistcha\n|-supereffective|p2a: Sinistcha\n|-damage|p2a: Sinistcha|170/254\n|-supereffective|p2a: Sinistcha\n|-damage|p2a: Sinistcha|90/254\n|-hitcount|p2a: Sinistcha|2\n|move|p2a: Sinistcha|Shadow Ball|p1a: Salamence\n|-damage|p1a: Salamence|0 fnt\n|faint|p1a: Salamence\n|\n|upkeep\n|\n|t:|1783558669\n|switch|p1a: Falinks|Falinks, L84|100/100\n|turn|8\n|inactive|Time left: 300 sec this turn | 300 sec total\n|\n|t:|1783558670\n|-terastallize|p1a: Falinks|Steel\n|move|p1a: Falinks|No Retreat|p1a: Falinks\n|-boost|p1a: Falinks|atk|1\n|-boost|p1a: Falinks|def|1\n|-boost|p1a: Falinks|spa|1\n|-boost|p1a: Falinks|spd|1\n|-boost|p1a: Falinks|spe|1\n|-start|p1a: Falinks|move: No Retreat\n|move|p2a: Sinistcha|Matcha Gotcha|p1a: Falinks\n|-resisted|p1a: Falinks\n|-damage|p1a: Falinks|74/100\n|-heal|p2a: Sinistcha|123/254|[from] drain|[of] p1a: Falinks\n|-status|p1a: Falinks|brn\n|\n|-damage|p1a: Falinks|68/100 brn|[from] brn\n|upkeep\n|turn|9\n|inactive|Time left: 300 sec this turn | 300 sec total\n|\n|t:|1783558671\n|move|p1a: Falinks|Iron Head|p2a: Sinistcha\n|-damage|p2a: Sinistcha|44/254\n|-damage|p1a: Falinks|58/100 brn|[from] item: Life Orb\n|move|p2a: Sinistcha|Shadow Ball|p1a: Falinks\n|-damage|p1a: Falinks|6/100 brn\n|-unboost|p1a: Falinks|spd|1\n|-ability|p1a: Falinks|Defiant|boost\n|-boost|p1a: Falinks|atk|2\n|\n|-damage|p1a: Falinks|0 fnt|[from] brn\n|faint|p1a: Falinks\n|upkeep\n|\n|t:|1783558672\n|switch|p1a: Kyogre|Kyogre, L71|100/100\n|-weather|RainDance|[from] ability: Drizzle|[of] p1a: Kyogre\n|turn|10\n|inactive|Time left: 300 sec this turn | 300 sec total\n|\n|t:|1783558673\n|move|p1a: Kyogre|Water Spout|p2a: Sinistcha\n|-resisted|p2a: Sinistcha\n|-damage|p2a: Sinistcha|0 fnt\n|faint|p2a: Sinistcha\n|\n|-weather|RainDance|[upkeep]\n|upkeep\n|inactive|Time left: 300 sec this turn | 300 sec total | 5 sec grace\n|\n|t:|1783558674\n|switch|p2a: Roaring Moon|Roaring Moon, L72|270/270\n|turn|11\n|inactive|Time left: 300 sec this turn | 300 sec total\n|\n|t:|1783558675\n|move|p1a: Kyogre|Water Spout|p2a: Roaring Moon\n|-resisted|p2a: Roaring Moon\n|-damage|p2a: Roaring Moon|135/270\n|move|p2a: Roaring Moon|Outrage|p1a: Kyogre\n|-damage|p1a: Kyogre|13/100\n|\n|-weather|RainDance|[upkeep]\n|upkeep\n|turn|12\n|inactive|Time left: 300 sec this turn | 300 sec total\n|\n|t:|1783558676\n|move|p1a: Kyogre|Water Spout|p2a: Roaring Moon\n|-resisted|p2a: Roaring Moon\n|-damage|p2a: Roaring Moon|117/270\n|move|p2a: Roaring Moon|Outrage|p1a: Kyogre|[from] lockedmove\n|-damage|p1a: Kyogre|0 fnt\n|faint|p1a: Kyogre\n|\n|-weather|RainDance|[upkeep]\n|upkeep\n|\n|t:|1783558677\n|switch|p1a: Iron Boulder|Iron Boulder, L77|91/100\n|turn|13\n|inactive|Time left: 300 sec this turn | 300 sec total\n|\n|t:|1783558678\n|move|p1a: Iron Boulder|Mighty Cleave|p2a: Roaring Moon\n|-damage|p2a: Roaring Moon|0 fnt\n|faint|p2a: Roaring Moon\n|-end|p2a: Roaring Moon|Protosynthesis|[silent]\n|-damage|p1a: Iron Boulder|81/100|[from] item: Life Orb\n|\n|-weather|RainDance|[upkeep]\n|upkeep\n|inactive|Time left: 300 sec this turn | 300 sec total | 5 sec grace\n|\n|t:|1783558679\n|switch|p2a: Sunflora|Sunflora, F|312/312\n|turn|14\n|inactive|Time left: 300 sec this turn | 300 sec total\n|\n|t:|1783558680\n|move|p1a: Iron Boulder|Mighty Cleave|p2a: Sunflora\n|-damage|p2a: Sunflora|156/312\n|-damage|p1a: Iron Boulder|71/100|[from] item: Life Orb\n|move|p2a: Sunflora|Earth Power|p1a: Iron Boulder\n|-supereffective|p1a: Iron Boulder\n|-damage|p1a: Iron Boulder|0 fnt\n|faint|p1a: Iron Boulder\n|-end|p1a: Iron Boulder|Quark Drive|[silent]\n|\n|-weather|none\n|upkeep\n|\n|t:|1783558681\n|switch|p1a: Conkeldurr|Conkeldurr, L80, F|64/100 brn\n|turn|15\n|inactive|Time left: 300 sec this turn | 300 sec total\n|\n|t:|1783558682\n|switch|p2a: Stantler|Stantler, L92, M|216/284\n|-ability|p2a: Stantler|Intimidate|boost\n|-unboost|p1a: Conkeldurr|atk|1\n|move|p1a: Conkeldurr|Facade|p2a: Stantler\n|-damage|p2a: Stantler|125/284\n|\n|-damage|p1a: Conkeldurr|58/100 brn|[from] brn\n|upkeep\n|turn|16\n|inactive|Time left: 300 sec this turn | 300 sec total\n|\n|t:|1783558683\n|-terastallize|p2a: Stantler|Fairy\n|move|p2a: Stantler|Tera Blast|p1a: Conkeldurr|[anim] Tera Blast Fairy\n|-supereffective|p1a: Conkeldurr\n|-damage|p1a: Conkeldurr|0 fnt\n|faint|p1a: Conkeldurr\n|\n|upkeep\n|\n|t:|1783558684\n|switch|p1a: Torkoal|Torkoal, L88, M|100/100\n|-weather|SunnyDay|[from] ability: Drought|[of] p1a: Torkoal\n|turn|17\n|inactive|Time left: 300 sec this turn | 300 sec total\n|\n|t:|1783558685\n|move|p2a: Stantler|Earth Power|p1a: Torkoal\n|-supereffective|p1a: Torkoal\n|-damage|p1a: Torkoal|39/100\n|move|p1a: Torkoal|Rapid Spin|p2a: Stantler\n|-damage|p2a: Stantler|98/284\n|-boost|p1a: Torkoal|spe|1\n|\n|-weather|SunnyDay|[upkeep]\n|upkeep\n|turn|18\n|inactive|Time left: 300 sec this turn | 300 sec total\n|\n|t:|1783558686\n|move|p2a: Stantler|Earth Power|p1a: Torkoal\n|-supereffective|p1a: Torkoal\n|-damage|p1a: Torkoal|0 fnt\n|faint|p1a: Torkoal\n|\n|win|p0y1614caa1", "uploadtime": 1783558686, "views": 0, "rating": 0, "private": 0, "password": null, "_winner": "p0y1614caa1", "_our_name": "p0y1614caa1"}