{"id": "battle-gen9randombattle-1397", "formatid": "gen9randombattle", "format": "[Gen 9] Random Battle", "players": ["p0x13977c3a", "p0y1397dd46"], "log": "|init|battle\n|title|p0x13977c3a vs. p0y1397dd46\n|j|\u2606p0x13977c3a\n|j|\u2606p0y1397dd46\n|t:|1783556230\n|gametype|singles\n|player|p1|p0x13977c3a|101|\n|player|p2|p0y1397dd46|101|\n|gen|9\n|tier|[Gen 9] Random Battle\n|rule|Species Clause: Limit one of each Pok\u00e9mon\n|rule|HP Percentage Mod: HP is shown in percentages\n|rule|Sleep Clause Mod: Limit one foe put to sleep\n|rule|Illusion Level Mod: Illusion disguises the Pok\u00e9mon's true level\n|\n|t:|1783556230\n|teamsize|p1|6\n|teamsize|p2|6\n|start\n|switch|p1a: Dachsbun|Dachsbun, L92, M|100/100\n|switch|p2a: Duraludon|Duraludon, L82, F|249/249\n|turn|1\n|inactive|Battle timer is ON: inactive players will automatically lose when time's up. (requested by p0y1397dd46)\n|\n|t:|1783556231\n|switch|p1a: Iron Crown|Iron Crown, L78|100/100\n|move|p2a: Duraludon|Flash Cannon|p1a: Iron Crown\n|-resisted|p1a: Iron Crown\n|-damage|p1a: Iron Crown|85/100\n|\n|upkeep\n|turn|2\n|inactive|Time left: 300 sec this turn | 300 sec total\n|inactive|p0x13977c3a also wants the timer to be on.\n|\n|t:|1783556233\n|switch|p2a: Meganium|Meganium, L90, M|290/290\n|move|p1a: Iron Crown|Tachyon Cutter|p2a: Meganium\n|-damage|p2a: Meganium|215/290\n|-damage|p2a: Meganium|146/290\n|-hitcount|p2a: Meganium|2\n|\n|-heal|p2a: Meganium|164/290|[from] item: Leftovers\n|upkeep\n|turn|3\n|inactive|Time left: 300 sec this turn | 300 sec total\n|\n|t:|1783556234\n|move|p1a: Iron Crown|Tachyon Cutter|p2a: Meganium\n|-damage|p2a: Meganium|89/290\n|-crit|p2a: Meganium\n|-damage|p2a: Meganium|0 fnt\n|faint|p2a: Meganium\n|-hitcount|p2: Meganium|2\n|\n|upkeep\n|inactive|Time left: 300 sec this turn | 300 sec total | 5 sec grace\n|\n|t:|1783556235\n|switch|p2a: Jolteon|Jolteon, L84, M|246/246\n|turn|4\n|inactive|Time left: 300 sec this turn | 300 sec total\n|\n|t:|1783556236\n|move|p2a: Jolteon|Thunderbolt|p1a: Iron Crown\n|-damage|p1a: Iron Crown|48/100\n|move|p1a: Iron Crown|Tachyon Cutter|p2a: Jolteon\n|-resisted|p2a: Jolteon\n|-damage|p2a: Jolteon|205/246\n|-resisted|p2a: Jolteon\n|-damage|p2a: Jolteon|166/246\n|-hitcount|p2a: Jolteon|2\n|\n|upkeep\n|turn|5\n|inactive|Time left: 300 sec this turn | 300 sec total\n|\n|t:|1783556237\n|-end|p1a: Iron Crown|Quark Drive|[silent]\n|switch|p1a: Glaceon|Glaceon, L94, M|100/100\n|move|p2a: Jolteon|Calm Mind|p2a: Jolteon\n|-boost|p2a: Jolteon|spa|1\n|-boost|p2a: Jolteon|spd|1\n|\n|upkeep\n|turn|6\n|inactive|Time left: 300 sec this turn | 300 sec total\n|\n|t:|1783556238\n|switch|p1a: Flareon|Flareon, L90, F|100/100\n|move|p2a: Jolteon|Calm Mind|p2a: Jolteon\n|-boost|p2a: Jolteon|spa|1\n|-boost|p2a: Jolteon|spd|1\n|\n|-status|p1a: Flareon|tox|[from] item: Toxic Orb\n|upkeep\n|turn|7\n|inactive|Time left: 300 sec this turn | 300 sec total\n|\n|t:|1783556239\n|move|p2a: Jolteon|Volt Switch|p1a: Flareon\n|-damage|p1a: Flareon|54/100 tox\n|inactive|Time left: 300 sec this turn | 300 sec total | 5 sec grace\n|\n|t:|1783556240\n|switch|p2a: Duraludon|Duraludon, L82, F|249/249|[from] Volt Switch\n|move|p1a: Flareon|Facade|p2a: Duraludon\n|-resisted|p2a: Duraludon\n|-damage|p2a: Duraludon|190/249\n|\n|-damage|p1a: Flareon|48/100 tox|[from] psn\n|upkeep\n|turn|8\n|inactive|Time left: 300 sec this turn | 300 sec total\n|\n|t:|1783556241\n|switch|p1a: Iron Crown|Iron Crown, L78|48/100\n|move|p2a: Duraludon|Body Press|p1a: Iron Crown\n|-damage|p1a: Iron Crown|27/100\n|\n|upkeep\n|turn|9\n|inactive|Time left: 300 sec this turn | 300 sec total\n|\n|t:|1783556242\n|move|p1a: Iron Crown|Focus Blast|p2a: Duraludon\n|-supereffective|p2a: Duraludon\n|-damage|p2a: Duraludon|0 fnt\n|faint|p2a: Duraludon\n|\n|upkeep\n|inactive|Time left: 300 sec this turn | 300 sec total | 5 sec grace\n|\n|t:|1783556243\n|switch|p2a: Drifblim|Drifblim, L86, M|396/396\n|turn|10\n|inactive|Time left: 300 sec this turn | 300 sec total\n|\n|t:|1783556244\n|-end|p1a: Iron Crown|Quark Drive|[silent]\n|switch|p1a: Drednaw|Drednaw, L81, M|100/100\n|move|p2a: Drifblim|Calm Mind|p2a: Drifblim\n|-boost|p2a: Drifblim|spa|1\n|-boost|p2a: Drifblim|spd|1\n|\n|upkeep\n|turn|11\n|inactive|Time left: 300 sec this turn | 300 sec total\n|\n|t:|1783556245\n|move|p2a: Drifblim|Shadow Ball|p1a: Drednaw\n|-damage|p1a: Drednaw|47/100\n|move|p1a: Drednaw|Shell Smash|p1a: Drednaw\n|-unboost|p1a: Drednaw|def|1\n|-unboost|p1a: Drednaw|spd|1\n|-boost|p1a: Drednaw|atk|2\n|-boost|p1a: Drednaw|spa|2\n|-boost|p1a: Drednaw|spe|2\n|-enditem|p1a: Drednaw|White Herb\n|-clearnegativeboost|p1a: Drednaw|[silent]\n|\n|upkeep\n|turn|12\n|inactive|Time left: 300 sec this turn | 300 sec total\n|\n|t:|1783556246\n|-terastallize|p1a: Drednaw|Water\n|move|p1a: Drednaw|Liquidation|p2a: Drifblim\n|-damage|p2a: Drifblim|6/396\n|-unboost|p2a: Drifblim|def|1\n|-enditem|p2a: Drifblim|Sitrus Berry|[eat]\n|-heal|p2a: Drifblim|105/396|[from] item: Sitrus Berry\n|move|p2a: Drifblim|Shadow Ball|p1a: Drednaw\n|-damage|p1a: Drednaw|0 fnt\n|faint|p1a: Drednaw\n|\n|upkeep\n|\n|t:|1783556247\n|switch|p1a: Glaceon|Glaceon, L94, M|100/100\n|turn|13\n|inactive|Time left: 300 sec this turn | 300 sec total\n|\n|t:|1783556248\n|move|p2a: Drifblim|Strength Sap|p1a: Glaceon\n|-unboost|p1a: Glaceon|atk|1\n|-heal|p2a: Drifblim|222/396\n|move|p1a: Glaceon|Freeze-Dry|p2a: Drifblim\n|-supereffective|p2a: Drifblim\n|-damage|p2a: Drifblim|12/396\n|\n|upkeep\n|turn|14\n|inactive|Time left: 300 sec this turn | 300 sec total\n|\n|t:|1783556249\n|move|p2a: Drifblim|Air Slash|p1a: Glaceon\n|-damage|p1a: Glaceon|63/100\n|move|p1a: Glaceon|Freeze-Dry|p2a: Drifblim\n|-supereffective|p2a: Drifblim\n|-damage|p2a: Drifblim|0 fnt\n|faint|p2a: Drifblim\n|\n|upkeep\n|inactive|Time left: 300 sec this turn | 300 sec total | 5 sec grace\n|\n|t:|1783556250\n|switch|p2a: Jolteon|Jolteon, L84, M|166/246\n|turn|15\n|inactive|Time left: 300 sec this turn | 300 sec total\n|\n|t:|1783556251\n|move|p2a: Jolteon|Calm Mind|p2a: Jolteon\n|-boost|p2a: Jolteon|spa|1\n|-boost|p2a: Jolteon|spd|1\n|move|p1a: Glaceon|Mud Shot|p2a: Jolteon\n|-supereffective|p2a: Jolteon\n|-damage|p2a: Jolteon|90/246\n|-unboost|p2a: Jolteon|spe|1\n|\n|upkeep\n|turn|16\n|inactive|Time left: 300 sec this turn | 300 sec total\n|\n|t:|1783556252\n|move|p2a: Jolteon|Thunderbolt|p1a: Glaceon\n|-damage|p1a: Glaceon|18/100\n|move|p1a: Glaceon|Mud Shot|p2a: Jolteon\n|-supereffective|p2a: Jolteon\n|-damage|p2a: Jolteon|16/246\n|-unboost|p2a: Jolteon|spe|1\n|\n|upkeep\n|turn|17\n|inactive|Time left: 300 sec this turn | 300 sec total\n|\n|t:|1783556253\n|switch|p2a: Sylveon|Sylveon, L85, M|300/300\n|move|p1a: Glaceon|Freeze-Dry|p2a: Sylveon\n|-damage|p2a: Sylveon|216/300\n|\n|-heal|p2a: Sylveon|234/300|[from] item: Leftovers\n|upkeep\n|turn|18\n|inactive|Time left: 300 sec this turn | 300 sec total\n|\n|t:|1783556254\n|move|p1a: Glaceon|Wish|p1a: Glaceon\n|move|p2a: Sylveon|Calm Mind|p2a: Sylveon\n|-boost|p2a: Sylveon|spa|1\n|-boost|p2a: Sylveon|spd|1\n|\n|-heal|p2a: Sylveon|252/300|[from] item: Leftovers\n|upkeep\n|turn|19\n|inactive|Time left: 300 sec this turn | 300 sec total\n|\n|t:|1783556255\n|switch|p1a: Flareon|Flareon, L90, F|48/100 tox\n|move|p2a: Sylveon|Calm Mind|p2a: Sylveon\n|-boost|p2a: Sylveon|spa|1\n|-boost|p2a: Sylveon|spd|1\n|\n|-heal|p1a: Flareon|99/100 tox|[from] move: Wish|[wisher] Glaceon\n|-heal|p2a: Sylveon|270/300|[from] item: Leftovers\n|-damage|p1a: Flareon|94/100 tox|[from] psn\n|upkeep\n|turn|20\n|inactive|Time left: 300 sec this turn | 300 sec total\n|\n|t:|1783556256\n|move|p2a: Sylveon|Protect|p2a: Sylveon\n|-singleturn|p2a: Sylveon|Protect\n|move|p1a: Flareon|Flare Blitz|p2a: Sylveon\n|-activate|p2a: Sylveon|move: Protect\n|\n|-heal|p2a: Sylveon|288/300|[from] item: Leftovers\n|-damage|p1a: Flareon|81/100 tox|[from] psn\n|upkeep\n|turn|21\n|inactive|Time left: 300 sec this turn | 300 sec total\n|\n|t:|1783556257\n|move|p2a: Sylveon|Protect|p2a: Sylveon\n|-singleturn|p2a: Sylveon|Protect\n|move|p1a: Flareon|Flare Blitz|p2a: Sylveon\n|-activate|p2a: Sylveon|move: Protect\n|\n|-heal|p2a: Sylveon|300/300|[from] item: Leftovers\n|-damage|p1a: Flareon|63/100 tox|[from] psn\n|upkeep\n|turn|22\n|inactive|Time left: 300 sec this turn | 300 sec total\n|\n|t:|1783556258\n|switch|p2a: Gurdurr|Gurdurr, L85, F|283/283\n|move|p1a: Flareon|Flare Blitz|p2a: Gurdurr\n|-damage|p2a: Gurdurr|84/283\n|-damage|p1a: Flareon|38/100 tox|[from] Recoil\n|\n|-damage|p1a: Flareon|14/100 tox|[from] psn\n|upkeep\n|turn|23\n|inactive|Time left: 300 sec this turn | 300 sec total\n|\n|t:|1783556259\n|switch|p1a: Dachsbun|Dachsbun, L92, M|100/100\n|move|p2a: Gurdurr|Mach Punch|p1a: Dachsbun\n|-resisted|p1a: Dachsbun\n|-crit|p1a: Dachsbun\n|-damage|p1a: Dachsbun|90/100\n|\n|-heal|p1a: Dachsbun|96/100|[from] item: Leftovers\n|upkeep\n|turn|24\n|inactive|Time left: 300 sec this turn | 300 sec total\n|\n|t:|1783556260\n|switch|p2a: Sylveon|Sylveon, L85, M|300/300\n|move|p1a: Dachsbun|Play Rough|p2a: Sylveon\n|-damage|p2a: Sylveon|183/300\n|\n|-heal|p1a: Dachsbun|100/100|[from] item: Leftovers\n|-heal|p2a: Sylveon|201/300|[from] item: Leftovers\n|upkeep\n|turn|25\n|inactive|Time left: 300 sec this turn | 300 sec total\n|\n|t:|1783556261\n|move|p1a: Dachsbun|Play Rough|p2a: Sylveon\n|-damage|p2a: Sylveon|75/300\n|move|p2a: Sylveon|Calm Mind|p2a: Sylveon\n|-boost|p2a: Sylveon|spa|1\n|-boost|p2a: Sylveon|spd|1\n|\n|-heal|p2a: Sylveon|93/300|[from] item: Leftovers\n|upkeep\n|turn|26\n|inactive|Time left: 300 sec this turn | 300 sec total\n|\n|t:|1783556262\n|move|p2a: Sylveon|Protect|p2a: Sylveon\n|-singleturn|p2a: Sylveon|Protect\n|move|p1a: Dachsbun|Play Rough|p2a: Sylveon\n|-activate|p2a: Sylveon|move: Protect\n|\n|-heal|p2a: Sylveon|111/300|[from] item: Leftovers\n|upkeep\n|turn|27\n|inactive|Time left: 300 sec this turn | 300 sec total\n|\n|t:|1783556263\n|-terastallize|p2a: Sylveon|Steel\n|move|p1a: Dachsbun|Play Rough|p2a: Sylveon\n|-resisted|p2a: Sylveon\n|-damage|p2a: Sylveon|51/300\n|move|p2a: Sylveon|Hyper Voice|p1a: Dachsbun\n|-damage|p1a: Dachsbun|30/100\n|\n|-heal|p1a: Dachsbun|36/100|[from] item: Leftovers\n|-heal|p2a: Sylveon|69/300|[from] item: Leftovers\n|upkeep\n|turn|28\n|inactive|Time left: 300 sec this turn | 300 sec total\n|\n|t:|1783556264\n|move|p2a: Sylveon|Protect|p2a: Sylveon\n|-singleturn|p2a: Sylveon|Protect\n|move|p1a: Dachsbun|Play Rough|p2a: Sylveon\n|-activate|p2a: Sylveon|move: Protect\n|\n|-heal|p1a: Dachsbun|41/100|[from] item: Leftovers\n|-heal|p2a: Sylveon|87/300|[from] item: Leftovers\n|upkeep\n|turn|29\n|inactive|Time left: 300 sec this turn | 300 sec total\n|\n|t:|1783556265\n|move|p1a: Dachsbun|Play Rough|p2a: Sylveon|[miss]\n|-miss|p1a: Dachsbun|p2a: Sylveon\n|move|p2a: Sylveon|Hyper Voice|p1a: Dachsbun\n|-damage|p1a: Dachsbun|0 fnt\n|faint|p1a: Dachsbun\n|\n|-heal|p2a: Sylveon|105/300|[from] item: Leftovers\n|upkeep\n|\n|t:|1783556266\n|switch|p1a: Flareon|Flareon, L90, F|14/100 tox\n|turn|30\n|inactive|Time left: 300 sec this turn | 300 sec total\n|\n|t:|1783556267\n|move|p2a: Sylveon|Protect|p2a: Sylveon\n|-singleturn|p2a: Sylveon|Protect\n|move|p1a: Flareon|Facade|p2a: Sylveon\n|-activate|p2a: Sylveon|move: Protect\n|\n|-heal|p2a: Sylveon|123/300|[from] item: Leftovers\n|-damage|p1a: Flareon|8/100 tox|[from] psn\n|upkeep\n|turn|31\n|inactive|Time left: 300 sec this turn | 300 sec total\n|\n|t:|1783556268\n|move|p2a: Sylveon|Protect||[still]\n|-fail|p2a: Sylveon\n|move|p1a: Flareon|Flare Blitz|p2a: Sylveon\n|-supereffective|p2a: Sylveon\n|-damage|p2a: Sylveon|0 fnt\n|faint|p2a: Sylveon\n|-damage|p1a: Flareon|0 fnt|[from] Recoil\n|faint|p1a: Flareon\n|\n|upkeep\n|inactive|Time left: 300 sec this turn | 300 sec total | 5 sec grace\n|\n|t:|1783556269\n|switch|p1a: Scrafty|Scrafty, L83, F|100/100\n|switch|p2a: Jolteon|Jolteon, L84, M|16/246\n|turn|32\n|inactive|Time left: 300 sec this turn | 300 sec total\n|\n|t:|1783556270\n|move|p2a: Jolteon|Volt Switch|p1a: Scrafty\n|-damage|p1a: Scrafty|71/100\n|inactive|Time left: 300 sec this turn | 300 sec total | 5 sec grace\n|\n|t:|1783556271\n|switch|p2a: Gurdurr|Gurdurr, L85, F|84/283|[from] Volt Switch\n|move|p1a: Scrafty|Drain Punch|p2a: Gurdurr\n|-damage|p2a: Gurdurr|36/283\n|-heal|p1a: Scrafty|80/100|[from] drain|[of] p2a: Gurdurr\n|\n|-heal|p1a: Scrafty|87/100|[from] item: Leftovers\n|upkeep\n|turn|33\n|inactive|Time left: 300 sec this turn | 300 sec total\n|\n|t:|1783556272\n|move|p2a: Gurdurr|Mach Punch|p1a: Scrafty\n|-supereffective|p1a: Scrafty\n|-damage|p1a: Scrafty|56/100\n|move|p1a: Scrafty|Drain Punch|p2a: Gurdurr\n|-damage|p2a: Gurdurr|0 fnt\n|-heal|p1a: Scrafty|64/100|[from] drain|[of] p2a: Gurdurr\n|faint|p2a: Gurdurr\n|\n|-heal|p1a: Scrafty|70/100|[from] item: Leftovers\n|upkeep\n|inactive|Time left: 300 sec this turn | 300 sec total | 5 sec grace\n|\n|t:|1783556273\n|switch|p2a: Jolteon|Jolteon, L84, M|16/246\n|turn|34\n|inactive|Time left: 300 sec this turn | 300 sec total\n|\n|t:|1783556274\n|move|p2a: Jolteon|Alluring Voice|p1a: Scrafty\n|-supereffective|p1a: Scrafty\n|-damage|p1a: Scrafty|0 fnt\n|faint|p1a: Scrafty\n|\n|upkeep\n|\n|t:|1783556275\n|switch|p1a: Glaceon|Glaceon, L94, M|18/100\n|turn|35\n|inactive|Time left: 300 sec this turn | 300 sec total\n|\n|t:|1783556276\n|move|p1a: Glaceon|Protect|p1a: Glaceon\n|-singleturn|p1a: Glaceon|Protect\n|move|p2a: Jolteon|Thunderbolt|p1a: Glaceon\n|-activate|p1a: Glaceon|move: Protect\n|\n|upkeep\n|turn|36\n|inactive|Time left: 300 sec this turn | 300 sec total\n|\n|t:|1783556277\n|move|p1a: Glaceon|Protect||[still]\n|-fail|p1a: Glaceon\n|move|p2a: Jolteon|Thunderbolt|p1a: Glaceon\n|-damage|p1a: Glaceon|0 fnt\n|faint|p1a: Glaceon\n|\n|upkeep\n|\n|t:|1783556278\n|switch|p1a: Iron Crown|Iron Crown, L78|27/100\n|turn|37\n|inactive|Time left: 300 sec this turn | 300 sec total\n|\n|t:|1783556279\n|move|p2a: Jolteon|Thunderbolt|p1a: Iron Crown\n|-damage|p1a: Iron Crown|0 fnt\n|faint|p1a: Iron Crown\n|-end|p1a: Iron Crown|Quark Drive|[silent]\n|\n|win|p0y1397dd46", "uploadtime": 1783556279, "views": 0, "rating": 0, "private": 0, "password": null, "_winner": "p0y1397dd46", "_our_name": "p0y1397dd46"}