{"id": "battle-gen9randombattle-1363", "formatid": "gen9randombattle", "format": "[Gen 9] Random Battle", "players": ["p0x1363e3eb", "p0y13636c0f"], "log": "|init|battle\n|title|p0x1363e3eb vs. p0y13636c0f\n|j|\u2606p0x1363e3eb\n|j|\u2606p0y13636c0f\n|t:|1783554957\n|gametype|singles\n|player|p1|p0x1363e3eb|170|\n|player|p2|p0y13636c0f|265|\n|gen|9\n|tier|[Gen 9] Random Battle\n|rule|Species Clause: Limit one of each Pok\u00e9mon\n|rule|HP Percentage Mod: HP is shown in percentages\n|rule|Sleep Clause Mod: Limit one foe put to sleep\n|rule|Illusion Level Mod: Illusion disguises the Pok\u00e9mon's true level\n|\n|t:|1783554957\n|teamsize|p1|6\n|teamsize|p2|6\n|start\n|switch|p1a: Iron Treads|Iron Treads, L77|100/100\n|switch|p2a: Raichu|Raichu-Alola, L87, M|246/246\n|turn|1\n|inactive|Battle timer is ON: inactive players will automatically lose when time's up. (requested by p0x1363e3eb)\n|inactive|Time left: 300 sec this turn | 300 sec total | 60 sec grace\n|inactive|p0y13636c0f also wants the timer to be on.\n|\n|t:|1783554958\n|switch|p2a: Tornadus|Tornadus, L82, M|263/263\n|move|p1a: Iron Treads|Earthquake|p2a: Tornadus\n|-immune|p2a: Tornadus\n|\n|upkeep\n|turn|2\n|inactive|Time left: 300 sec this turn | 300 sec total\n|\n|t:|1783554960\n|move|p2a: Tornadus|Focus Blast|p1a: Iron Treads\n|-supereffective|p1a: Iron Treads\n|-damage|p1a: Iron Treads|0 fnt\n|faint|p1a: Iron Treads\n|-end|p1a: Iron Treads|Quark Drive|[silent]\n|\n|upkeep\n|\n|t:|1783554960\n|switch|p1a: Hoopa|Hoopa-Unbound, L80|100/100\n|turn|3\n|inactive|Time left: 300 sec this turn | 300 sec total\n|\n|t:|1783554961\n|switch|p2a: Diancie|Diancie, L82|216/216\n|move|p1a: Hoopa|Hyperspace Fury|p2a: Diancie\n|-resisted|p2a: Diancie\n|-damage|p2a: Diancie|147/216\n|-unboost|p1a: Hoopa|def|1\n|\n|-heal|p2a: Diancie|160/216|[from] item: Leftovers\n|upkeep\n|turn|4\n|inactive|Time left: 300 sec this turn | 300 sec total\n|\n|t:|1783554963\n|move|p1a: Hoopa|Hyperspace Fury|p2a: Diancie\n|-resisted|p2a: Diancie\n|-damage|p2a: Diancie|91/216\n|-unboost|p1a: Hoopa|def|1\n|move|p2a: Diancie|Diamond Storm|p1a: Hoopa\n|-damage|p1a: Hoopa|0 fnt\n|-boost|p2a: Diancie|def|2\n|faint|p1a: Hoopa\n|\n|-heal|p2a: Diancie|104/216|[from] item: Leftovers\n|upkeep\n|\n|t:|1783554963\n|switch|p1a: Tatsugiri|Tatsugiri, L87, F|100/100\n|turn|5\n|inactive|Time left: 300 sec this turn | 300 sec total\n|\n|t:|1783554964\n|move|p1a: Tatsugiri|Surf|p2a: Diancie\n|-supereffective|p2a: Diancie\n|-damage|p2a: Diancie|0 fnt\n|faint|p2a: Diancie\n|\n|upkeep\n|inactive|Time left: 300 sec this turn | 300 sec total | 5 sec grace\n|\n|t:|1783554965\n|switch|p2a: Ambipom|Ambipom, L84, F|263/263\n|turn|6\n|inactive|Time left: 300 sec this turn | 300 sec total\n|\n|t:|1783554966\n|switch|p1a: Spiritomb|Spiritomb, L89, M|100/100\n|move|p2a: Ambipom|Triple Axel|p1a: Spiritomb\n|-damage|p1a: Spiritomb|89/100\n|-damage|p1a: Spiritomb|66/100\n|-damage|p1a: Spiritomb|35/100\n|-hitcount|p1a: Spiritomb|3\n|\n|-heal|p1a: Spiritomb|41/100|[from] item: Leftovers\n|upkeep\n|turn|7\n|inactive|Time left: 300 sec this turn | 300 sec total\n|\n|t:|1783554967\n|-terastallize|p1a: Spiritomb|Steel\n|move|p2a: Ambipom|Triple Axel|p1a: Spiritomb\n|-resisted|p1a: Spiritomb\n|-damage|p1a: Spiritomb|35/100\n|-resisted|p1a: Spiritomb\n|-damage|p1a: Spiritomb|23/100\n|-resisted|p1a: Spiritomb\n|-damage|p1a: Spiritomb|6/100\n|-hitcount|p1a: Spiritomb|3\n|move|p1a: Spiritomb|Foul Play|p2a: Ambipom\n|-damage|p2a: Ambipom|133/263\n|\n|-heal|p1a: Spiritomb|12/100|[from] item: Leftovers\n|upkeep\n|turn|8\n|inactive|Time left: 300 sec this turn | 300 sec total\n|\n|t:|1783554968\n|move|p1a: Spiritomb|Sucker Punch|p2a: Ambipom\n|-crit|p2a: Ambipom\n|-damage|p2a: Ambipom|0 fnt\n|faint|p2a: Ambipom\n|\n|-heal|p1a: Spiritomb|18/100|[from] item: Leftovers\n|upkeep\n|inactive|Time left: 300 sec this turn | 300 sec total | 5 sec grace\n|\n|t:|1783554969\n|switch|p2a: Tornadus|Tornadus, L82, M|263/263\n|turn|9\n|inactive|Time left: 300 sec this turn | 300 sec total\n|\n|t:|1783554970\n|move|p1a: Spiritomb|Sucker Punch|p2a: Tornadus\n|-damage|p2a: Tornadus|169/263\n|move|p2a: Tornadus|Bleakwind Storm|p1a: Spiritomb\n|-resisted|p1a: Spiritomb\n|-damage|p1a: Spiritomb|0 fnt\n|faint|p1a: Spiritomb\n|\n|upkeep\n|\n|t:|1783554971\n|switch|p1a: Dusknoir|Dusknoir, L89, F|100/100\n|-item|p2a: Tornadus|Choice Specs|[from] ability: Frisk|[of] p1a: Dusknoir\n|turn|10\n|inactive|Time left: 300 sec this turn | 300 sec total\n|\n|t:|1783554972\n|move|p2a: Tornadus|Bleakwind Storm|p1a: Dusknoir\n|-damage|p1a: Dusknoir|47/100\n|move|p1a: Dusknoir|Poltergeist|p2a: Tornadus\n|-activate|p2a: Tornadus|move: Poltergeist|Choice Specs\n|-damage|p2a: Tornadus|16/263\n|\n|-heal|p1a: Dusknoir|53/100|[from] item: Leftovers\n|upkeep\n|turn|11\n|inactive|Time left: 300 sec this turn | 300 sec total\n|\n|t:|1783554973\n|move|p1a: Dusknoir|Shadow Sneak|p2a: Tornadus\n|-damage|p2a: Tornadus|0 fnt\n|faint|p2a: Tornadus\n|\n|-heal|p1a: Dusknoir|59/100|[from] item: Leftovers\n|upkeep\n|inactive|Time left: 300 sec this turn | 300 sec total | 5 sec grace\n|\n|t:|1783554974\n|switch|p2a: Amoonguss|Amoonguss, L82, F|321/321\n|turn|12\n|inactive|Time left: 300 sec this turn | 300 sec total\n|\n|t:|1783554975\n|move|p1a: Dusknoir|Pain Split|p2a: Amoonguss\n|-sethp|p2a: Amoonguss|226/321|[from] move: Pain Split|[silent]\n|-sethp|p1a: Dusknoir|100/100|[from] move: Pain Split\n|move|p2a: Amoonguss|Spore|p1a: Dusknoir\n|-status|p1a: Dusknoir|slp|[from] move: Spore\n|\n|upkeep\n|turn|13\n|inactive|Time left: 300 sec this turn | 300 sec total\n|\n|t:|1783554976\n|switch|p2a: Raichu|Raichu-Alola, L87, M|246/246\n|cant|p1a: Dusknoir|slp\n|\n|upkeep\n|turn|14\n|inactive|Time left: 300 sec this turn | 300 sec total\n|\n|t:|1783554976\n|-terastallize|p2a: Raichu|Fairy\n|move|p2a: Raichu|Nasty Plot|p2a: Raichu\n|-boost|p2a: Raichu|spa|2\n|cant|p1a: Dusknoir|slp\n|\n|upkeep\n|turn|15\n|inactive|Time left: 300 sec this turn | 300 sec total\n|\n|t:|1783554977\n|move|p2a: Raichu|Thunderbolt|p1a: Dusknoir\n|-crit|p1a: Dusknoir\n|-damage|p1a: Dusknoir|0 fnt\n|faint|p1a: Dusknoir\n|-damage|p2a: Raichu|222/246|[from] item: Life Orb\n|\n|upkeep\n|\n|t:|1783554978\n|switch|p1a: Duraludon|Duraludon, L82, F|100/100\n|turn|16\n|inactive|Time left: 300 sec this turn | 300 sec total\n|\n|t:|1783554979\n|switch|p1a: Tatsugiri|Tatsugiri, L87, F|100/100\n|move|p2a: Raichu|Nasty Plot|p2a: Raichu\n|-boost|p2a: Raichu|spa|2\n|\n|upkeep\n|turn|17\n|inactive|Time left: 300 sec this turn | 300 sec total\n|\n|t:|1783554980\n|move|p2a: Raichu|Alluring Voice|p1a: Tatsugiri\n|-supereffective|p1a: Tatsugiri\n|-damage|p1a: Tatsugiri|0 fnt\n|faint|p1a: Tatsugiri\n|-damage|p2a: Raichu|198/246|[from] item: Life Orb\n|\n|upkeep\n|\n|t:|1783554980\n|switch|p1a: Duraludon|Duraludon, L82, F|100/100\n|turn|18\n|inactive|Time left: 300 sec this turn | 300 sec total\n|\n|t:|1783554981\n|move|p2a: Raichu|Alluring Voice|p1a: Duraludon\n|-damage|p1a: Duraludon|0 fnt\n|faint|p1a: Duraludon\n|-damage|p2a: Raichu|174/246|[from] item: Life Orb\n|\n|win|p0y13636c0f", "uploadtime": 1783554981, "views": 0, "rating": 0, "private": 0, "password": null, "_winner": "p0y13636c0f", "_our_name": "p0y13636c0f"}