{"id": "battle-gen9randombattle-2550", "formatid": "gen9randombattle", "format": "[Gen 9] Random Battle", "players": ["p0x2550f1f5", "p0y2550fdc1"], "log": "|init|battle\n|title|p0x2550f1f5 vs. p0y2550fdc1\n|j|\u2606p0x2550f1f5\n|j|\u2606p0y2550fdc1\n|t:|1783569496\n|gametype|singles\n|player|p1|p0x2550f1f5|265|\n|player|p2|p0y2550fdc1|101|\n|gen|9\n|tier|[Gen 9] Random Battle\n|rule|Species Clause: Limit one of each Pok\u00e9mon\n|rule|HP Percentage Mod: HP is shown in percentages\n|rule|Sleep Clause Mod: Limit one foe put to sleep\n|rule|Illusion Level Mod: Illusion disguises the Pok\u00e9mon's true level\n|\n|t:|1783569496\n|teamsize|p1|6\n|teamsize|p2|6\n|start\n|switch|p1a: Stantler|Stantler, L92, M|100/100\n|switch|p2a: Swalot|Swalot, L90, M|326/326\n|-ability|p1a: Stantler|Intimidate|boost\n|-unboost|p2a: Swalot|atk|1\n|turn|1\n|inactive|Battle timer is ON: inactive players will automatically lose when time's up. (requested by p0y2550fdc1)\n|\n|t:|1783569497\n|switch|p2a: Wyrdeer|Wyrdeer, L87, M|321/321\n|-ability|p2a: Wyrdeer|Intimidate|boost\n|-unboost|p1a: Stantler|atk|1\n|move|p1a: Stantler|Body Slam|p2a: Wyrdeer\n|-damage|p2a: Wyrdeer|239/321\n|-status|p2a: Wyrdeer|par\n|\n|-heal|p2a: Wyrdeer|259/321 par|[from] item: Leftovers\n|upkeep\n|turn|2\n|inactive|Time left: 300 sec this turn | 300 sec total\n|inactive|p0x2550f1f5 also wants the timer to be on.\n|\n|t:|1783569498\n|switch|p1a: Porygon2|Porygon2, L81|100/100\n|-ability|p1a: Porygon2|Download|boost\n|-boost|p1a: Porygon2|atk|1\n|move|p2a: Wyrdeer|Thunder Wave|p1a: Porygon2\n|-status|p1a: Porygon2|par\n|\n|-heal|p2a: Wyrdeer|279/321 par|[from] item: Leftovers\n|upkeep\n|turn|3\n|inactive|Time left: 300 sec this turn | 300 sec total\n|\n|t:|1783569499\n|cant|p2a: Wyrdeer|par\n|cant|p1a: Porygon2|par\n|\n|-heal|p2a: Wyrdeer|299/321 par|[from] item: Leftovers\n|upkeep\n|turn|4\n|inactive|Time left: 300 sec this turn | 300 sec total\n|\n|t:|1783569500\n|move|p2a: Wyrdeer|Psychic Noise|p1a: Porygon2\n|-damage|p1a: Porygon2|78/100 par\n|-start|p1a: Porygon2|move: Heal Block\n|move|p1a: Porygon2|Tera Blast|p2a: Wyrdeer\n|-damage|p2a: Wyrdeer|209/321 par\n|\n|-heal|p2a: Wyrdeer|229/321 par|[from] item: Leftovers\n|upkeep\n|turn|5\n|inactive|Time left: 300 sec this turn | 300 sec total\n|\n|t:|1783569501\n|move|p2a: Wyrdeer|Psychic Noise|p1a: Porygon2\n|-damage|p1a: Porygon2|56/100 par\n|move|p1a: Porygon2|Tera Blast|p2a: Wyrdeer\n|-damage|p2a: Wyrdeer|135/321 par\n|\n|-heal|p2a: Wyrdeer|155/321 par|[from] item: Leftovers\n|-end|p1a: Porygon2|move: Heal Block\n|upkeep\n|turn|6\n|inactive|Time left: 300 sec this turn | 300 sec total\n|\n|t:|1783569502\n|cant|p2a: Wyrdeer|par\n|move|p1a: Porygon2|Tera Blast|p2a: Wyrdeer\n|-damage|p2a: Wyrdeer|67/321 par\n|\n|-heal|p2a: Wyrdeer|87/321 par|[from] item: Leftovers\n|upkeep\n|turn|7\n|inactive|Time left: 300 sec this turn | 300 sec total\n|\n|t:|1783569503\n|cant|p2a: Wyrdeer|par\n|move|p1a: Porygon2|Tera Blast|p2a: Wyrdeer\n|-damage|p2a: Wyrdeer|0 fnt\n|faint|p2a: Wyrdeer\n|\n|upkeep\n|inactive|Time left: 300 sec this turn | 300 sec total | 5 sec grace\n|\n|t:|1783569504\n|switch|p2a: Breloom|Breloom, L83, M|235/235\n|turn|8\n|inactive|Time left: 300 sec this turn | 300 sec total\n|\n|t:|1783569505\n|move|p2a: Breloom|Swords Dance|p2a: Breloom\n|-boost|p2a: Breloom|atk|2\n|cant|p1a: Porygon2|par\n|\n|upkeep\n|turn|9\n|inactive|Time left: 300 sec this turn | 300 sec total\n|\n|t:|1783569506\n|switch|p1a: Duraludon|Duraludon, L82, M|100/100\n|move|p2a: Breloom|Bullet Seed|p1a: Duraludon\n|-resisted|p1a: Duraludon\n|-damage|p1a: Duraludon|94/100\n|-resisted|p1a: Duraludon\n|-damage|p1a: Duraludon|86/100\n|-resisted|p1a: Duraludon\n|-damage|p1a: Duraludon|79/100\n|-hitcount|p1a: Duraludon|3\n|-damage|p2a: Breloom|212/235|[from] item: Life Orb\n|\n|upkeep\n|turn|10\n|inactive|Time left: 300 sec this turn | 300 sec total\n|\n|t:|1783569507\n|-terastallize|p1a: Duraludon|Fighting\n|move|p2a: Breloom|Mach Punch|p1a: Duraludon\n|-crit|p1a: Duraludon\n|-damage|p1a: Duraludon|5/100\n|-damage|p2a: Breloom|189/235|[from] item: Life Orb\n|move|p1a: Duraludon|Draco Meteor|p2a: Breloom\n|-damage|p2a: Breloom|0 fnt\n|-unboost|p1a: Duraludon|spa|2\n|faint|p2a: Breloom\n|\n|upkeep\n|inactive|Time left: 300 sec this turn | 300 sec total | 5 sec grace\n|\n|t:|1783569508\n|switch|p2a: Garchomp|Garchomp, L74, M|282/282\n|turn|11\n|inactive|Time left: 300 sec this turn | 300 sec total\n|\n|t:|1783569509\n|switch|p1a: Stantler|Stantler, L92, M|100/100\n|-ability|p1a: Stantler|Intimidate|boost\n|-unboost|p2a: Garchomp|atk|1\n|move|p2a: Garchomp|Outrage|p1a: Stantler\n|-damage|p1a: Stantler|77/100\n|\n|upkeep\n|turn|12\n|inactive|Time left: 300 sec this turn | 300 sec total\n|\n|t:|1783569510\n|move|p1a: Stantler|Earthquake|p2a: Garchomp\n|-damage|p2a: Garchomp|196/282\n|move|p2a: Garchomp|Outrage|p1a: Stantler|[from] lockedmove\n|-damage|p1a: Stantler|55/100\n|\n|upkeep\n|turn|13\n|inactive|Time left: 300 sec this turn | 300 sec total\n|\n|t:|1783569511\n|move|p1a: Stantler|Earthquake|p2a: Garchomp\n|-damage|p2a: Garchomp|116/282\n|move|p2a: Garchomp|Outrage|p1a: Stantler|[from] lockedmove\n|-damage|p1a: Stantler|33/100\n|-start|p2a: Garchomp|confusion|[fatigue]\n|\n|upkeep\n|turn|14\n|inactive|Time left: 300 sec this turn | 300 sec total\n|\n|t:|1783569512\n|switch|p2a: Mismagius|Mismagius, L86, F|243/243\n|move|p1a: Stantler|Earthquake|p2a: Mismagius\n|-immune|p2a: Mismagius|[from] ability: Levitate\n|\n|upkeep\n|turn|15\n|inactive|Time left: 300 sec this turn | 300 sec total\n|\n|t:|1783569513\n|move|p2a: Mismagius|Nasty Plot|p2a: Mismagius\n|-boost|p2a: Mismagius|spa|2\n|move|p1a: Stantler|Throat Chop|p2a: Mismagius\n|-supereffective|p2a: Mismagius\n|-crit|p2a: Mismagius\n|-damage|p2a: Mismagius|0 fnt\n|faint|p2a: Mismagius\n|\n|upkeep\n|inactive|Time left: 300 sec this turn | 300 sec total | 5 sec grace\n|\n|t:|1783569514\n|switch|p2a: Garchomp|Garchomp, L74, M|116/282\n|turn|16\n|inactive|Time left: 300 sec this turn | 300 sec total\n|\n|t:|1783569515\n|move|p1a: Stantler|Earthquake|p2a: Garchomp\n|-damage|p2a: Garchomp|25/282\n|move|p2a: Garchomp|Outrage|p1a: Stantler\n|-damage|p1a: Stantler|1/100\n|\n|upkeep\n|turn|17\n|inactive|Time left: 300 sec this turn | 300 sec total\n|\n|t:|1783569516\n|move|p1a: Stantler|Earthquake|p2a: Garchomp\n|-damage|p2a: Garchomp|0 fnt\n|faint|p2a: Garchomp\n|\n|upkeep\n|inactive|Time left: 300 sec this turn | 300 sec total | 5 sec grace\n|\n|t:|1783569517\n|switch|p2a: Iron Bundle|Iron Bundle, L78|215/215\n|turn|18\n|inactive|Time left: 300 sec this turn | 300 sec total\n|\n|t:|1783569518\n|switch|p1a: Porygon2|Porygon2, L81|56/100 par\n|-ability|p1a: Porygon2|Download|boost\n|-boost|p1a: Porygon2|spa|1\n|move|p2a: Iron Bundle|Freeze-Dry|p1a: Porygon2\n|-damage|p1a: Porygon2|36/100 par\n|\n|upkeep\n|turn|19\n|inactive|Time left: 300 sec this turn | 300 sec total\n|\n|t:|1783569519\n|move|p2a: Iron Bundle|Flip Turn|p1a: Porygon2\n|-crit|p1a: Porygon2\n|-damage|p1a: Porygon2|17/100 par\n|inactive|Time left: 300 sec this turn | 300 sec total | 5 sec grace\n|\n|t:|1783569520\n|-end|p2a: Iron Bundle|Quark Drive|[silent]\n|switch|p2a: Swalot|Swalot, L90, M|326/326|[from] Flip Turn\n|move|p1a: Porygon2|Recover|p1a: Porygon2\n|-heal|p1a: Porygon2|67/100 par\n|\n|upkeep\n|turn|20\n|inactive|Time left: 300 sec this turn | 300 sec total\n|\n|t:|1783569521\n|move|p2a: Swalot|Sludge Bomb|p1a: Porygon2\n|-damage|p1a: Porygon2|47/100 par\n|move|p1a: Porygon2|Recover|p1a: Porygon2\n|-heal|p1a: Porygon2|97/100 par\n|\n|upkeep\n|turn|21\n|inactive|Time left: 300 sec this turn | 300 sec total\n|\n|t:|1783569522\n|move|p2a: Swalot|Sludge Bomb|p1a: Porygon2\n|-damage|p1a: Porygon2|76/100 par\n|move|p1a: Porygon2|Tera Blast|p2a: Swalot\n|-damage|p2a: Swalot|206/326\n|\n|-heal|p2a: Swalot|226/326|[from] item: Leftovers\n|upkeep\n|turn|22\n|inactive|Time left: 300 sec this turn | 300 sec total\n|\n|t:|1783569523\n|move|p2a: Swalot|Sludge Bomb|p1a: Porygon2\n|-damage|p1a: Porygon2|53/100 par\n|cant|p1a: Porygon2|par\n|\n|-heal|p2a: Swalot|246/326|[from] item: Leftovers\n|upkeep\n|turn|23\n|inactive|Time left: 300 sec this turn | 300 sec total\n|\n|t:|1783569524\n|move|p2a: Swalot|Sludge Bomb|p1a: Porygon2\n|-damage|p1a: Porygon2|29/100 par\n|cant|p1a: Porygon2|par\n|\n|-heal|p2a: Swalot|266/326|[from] item: Leftovers\n|upkeep\n|turn|24\n|inactive|Time left: 300 sec this turn | 300 sec total\n|\n|t:|1783569525\n|move|p2a: Swalot|Sludge Bomb|p1a: Porygon2\n|-damage|p1a: Porygon2|8/100 par\n|cant|p1a: Porygon2|par\n|\n|-heal|p2a: Swalot|286/326|[from] item: Leftovers\n|upkeep\n|turn|25\n|inactive|Time left: 300 sec this turn | 300 sec total\n|\n|t:|1783569526\n|switch|p1a: Stantler|Stantler, L92, M|1/100\n|-ability|p1a: Stantler|Intimidate|boost\n|-unboost|p2a: Swalot|atk|1\n|move|p2a: Swalot|Sludge Bomb|p1a: Stantler\n|-damage|p1a: Stantler|0 fnt\n|faint|p1a: Stantler\n|\n|-heal|p2a: Swalot|306/326|[from] item: Leftovers\n|upkeep\n|\n|t:|1783569527\n|switch|p1a: Medicham|Medicham, L86, M|100/100\n|turn|26\n|inactive|Time left: 300 sec this turn | 300 sec total\n|\n|t:|1783569528\n|move|p1a: Medicham|Zen Headbutt|p2a: Swalot\n|-supereffective|p2a: Swalot\n|-damage|p2a: Swalot|0 fnt\n|faint|p2a: Swalot\n|\n|upkeep\n|inactive|Time left: 300 sec this turn | 300 sec total | 5 sec grace\n|\n|t:|1783569529\n|switch|p2a: Iron Bundle|Iron Bundle, L78|215/215\n|turn|27\n|inactive|Time left: 300 sec this turn | 300 sec total\n|\n|t:|1783569530\n|move|p2a: Iron Bundle|Freeze-Dry|p1a: Medicham\n|-damage|p1a: Medicham|62/100\n|move|p1a: Medicham|Zen Headbutt|p2a: Iron Bundle\n|-damage|p2a: Iron Bundle|59/215\n|\n|upkeep\n|turn|28\n|inactive|Time left: 300 sec this turn | 300 sec total\n|\n|t:|1783569531\n|-terastallize|p2a: Iron Bundle|Ice\n|move|p2a: Iron Bundle|Freeze-Dry|p1a: Medicham\n|-damage|p1a: Medicham|11/100\n|move|p1a: Medicham|Zen Headbutt|p2a: Iron Bundle\n|-damage|p2a: Iron Bundle|0 fnt\n|faint|p2a: Iron Bundle\n|-end|p2a: Iron Bundle|Quark Drive|[silent]\n|\n|win|p0x2550f1f5", "uploadtime": 1783569531, "views": 0, "rating": 0, "private": 0, "password": null, "_winner": "p0x2550f1f5", "_our_name": "p0y2550fdc1"}