{"id": "battle-gen9randombattle-695", "formatid": "gen9randombattle", "format": "[Gen 9] Random Battle", "players": ["p0x695284f", "p0y6950701"], "log": "|init|battle\n|title|p0x695284f vs. p0y6950701\n|j|\u2606p0x695284f\n|j|\u2606p0y6950701\n|t:|1783547194\n|gametype|singles\n|player|p1|p0x695284f|169|\n|player|p2|p0y6950701|265|\n|gen|9\n|tier|[Gen 9] Random Battle\n|rule|Species Clause: Limit one of each Pok\u00e9mon\n|rule|HP Percentage Mod: HP is shown in percentages\n|rule|Sleep Clause Mod: Limit one foe put to sleep\n|rule|Illusion Level Mod: Illusion disguises the Pok\u00e9mon's true level\n|\n|t:|1783547194\n|teamsize|p1|6\n|teamsize|p2|6\n|start\n|switch|p1a: Beartic|Beartic, L91, F|321/321\n|switch|p2a: Clodsire|Clodsire, L81, F|100/100\n|turn|1\n|inactive|Battle timer is ON: inactive players will automatically lose when time's up. (requested by p0x695284f)\n|inactive|p0y6950701 also wants the timer to be on.\n|\n|t:|1783547196\n|switch|p2a: Armarouge|Armarouge, L80, F|100/100\n|move|p1a: Beartic|Icicle Crash|p2a: Armarouge\n|-resisted|p2a: Armarouge\n|-damage|p2a: Armarouge|75/100\n|-ability|p2a: Armarouge|Weak Armor|boost\n|-unboost|p2a: Armarouge|def|1\n|-boost|p2a: Armarouge|spe|2\n|\n|upkeep\n|turn|2\n|inactive|Time left: 300 sec this turn | 300 sec total\n|\n|t:|1783547197\n|-terastallize|p1a: Beartic|Fighting\n|move|p2a: Armarouge|Armor Cannon|p1a: Beartic\n|-damage|p1a: Beartic|119/321\n|-unboost|p2a: Armarouge|def|1\n|-unboost|p2a: Armarouge|spd|1\n|move|p1a: Beartic|Swords Dance|p1a: Beartic\n|-boost|p1a: Beartic|atk|2\n|\n|upkeep\n|turn|3\n|inactive|Time left: 300 sec this turn | 300 sec total\n|\n|t:|1783547198\n|move|p2a: Armarouge|Armor Cannon|p1a: Beartic\n|-damage|p1a: Beartic|0 fnt\n|-unboost|p2a: Armarouge|def|1\n|-unboost|p2a: Armarouge|spd|1\n|faint|p1a: Beartic\n|\n|upkeep\n|inactive|Time left: 300 sec this turn | 300 sec total | 5 sec grace\n|\n|t:|1783547199\n|switch|p1a: Archaludon|Archaludon, L78, F|268/268\n|turn|4\n|inactive|Time left: 300 sec this turn | 300 sec total\n|\n|t:|1783547200\n|move|p2a: Armarouge|Armor Cannon|p1a: Archaludon\n|-damage|p1a: Archaludon|0 fnt\n|-unboost|p2a: Armarouge|def|1\n|-unboost|p2a: Armarouge|spd|1\n|faint|p1a: Archaludon\n|\n|upkeep\n|inactive|Time left: 300 sec this turn | 300 sec total | 5 sec grace\n|\n|t:|1783547201\n|switch|p1a: Meowstic|Meowstic-F, L89, F|277/277\n|turn|5\n|inactive|Time left: 300 sec this turn | 300 sec total\n|\n|t:|1783547202\n|move|p2a: Armarouge|Armor Cannon|p1a: Meowstic\n|-damage|p1a: Meowstic|43/277\n|-unboost|p2a: Armarouge|def|1\n|-unboost|p2a: Armarouge|spd|1\n|move|p1a: Meowstic|Dark Pulse|p2a: Armarouge\n|-supereffective|p2a: Armarouge\n|-damage|p2a: Armarouge|0 fnt\n|faint|p2a: Armarouge\n|-damage|p1a: Meowstic|16/277|[from] item: Life Orb\n|\n|upkeep\n|\n|t:|1783547203\n|switch|p2a: Ogerpon|Ogerpon-Cornerstone, L76, F|100/100\n|turn|6\n|inactive|Time left: 300 sec this turn | 300 sec total\n|\n|t:|1783547205\n|switch|p1a: Zamazenta|Zamazenta-Crowned, L68|238/238\n|-ability|p1a: Zamazenta|Dauntless Shield|boost\n|-boost|p1a: Zamazenta|def|1\n|move|p2a: Ogerpon|Swords Dance|p2a: Ogerpon\n|-boost|p2a: Ogerpon|atk|2\n|\n|upkeep\n|turn|7\n|inactive|Time left: 300 sec this turn | 300 sec total\n|\n|t:|1783547206\n|move|p1a: Zamazenta|Body Press|p2a: Ogerpon\n|-supereffective|p2a: Ogerpon\n|-crit|p2a: Ogerpon\n|-ability|p2a: Ogerpon|Sturdy\n|-damage|p2a: Ogerpon|1/100\n|move|p2a: Ogerpon|Superpower|p1a: Zamazenta\n|-supereffective|p1a: Zamazenta\n|-damage|p1a: Zamazenta|26/238\n|-unboost|p2a: Ogerpon|atk|1\n|-unboost|p2a: Ogerpon|def|1\n|\n|upkeep\n|turn|8\n|inactive|Time left: 300 sec this turn | 300 sec total\n|\n|t:|1783547207\n|switch|p2a: Clodsire|Clodsire, L81, F|100/100\n|move|p1a: Zamazenta|Heavy Slam|p2a: Clodsire\n|-crit|p2a: Clodsire\n|-damage|p2a: Clodsire|58/100\n|\n|-heal|p2a: Clodsire|64/100|[from] item: Leftovers\n|upkeep\n|turn|9\n|inactive|Time left: 300 sec this turn | 300 sec total\n|\n|t:|1783547208\n|move|p1a: Zamazenta|Heavy Slam|p2a: Clodsire\n|-damage|p2a: Clodsire|37/100\n|move|p2a: Clodsire|Recover|p2a: Clodsire\n|-heal|p2a: Clodsire|87/100\n|\n|-heal|p2a: Clodsire|94/100|[from] item: Leftovers\n|upkeep\n|turn|10\n|inactive|Time left: 300 sec this turn | 300 sec total\n|\n|t:|1783547209\n|move|p1a: Zamazenta|Heavy Slam|p2a: Clodsire\n|-damage|p2a: Clodsire|67/100\n|move|p2a: Clodsire|Earthquake|p1a: Zamazenta\n|-supereffective|p1a: Zamazenta\n|-damage|p1a: Zamazenta|0 fnt\n|faint|p1a: Zamazenta\n|\n|-heal|p2a: Clodsire|73/100|[from] item: Leftovers\n|upkeep\n|inactive|Time left: 300 sec this turn | 300 sec total | 5 sec grace\n|\n|t:|1783547211\n|switch|p1a: Tsareena|Tsareena, L87, F|267/267\n|turn|11\n|inactive|Time left: 300 sec this turn | 300 sec total\n|\n|t:|1783547212\n|switch|p2a: Ampharos|Ampharos, L88, F|100/100\n|move|p1a: Tsareena|Triple Axel|p2a: Ampharos\n|-damage|p2a: Ampharos|93/100\n|-status|p1a: Tsareena|par|[from] ability: Static|[of] p2a: Ampharos\n|-damage|p2a: Ampharos|78/100\n|-damage|p2a: Ampharos|54/100\n|-hitcount|p2a: Ampharos|3\n|-damage|p1a: Tsareena|241/267 par|[from] item: Life Orb\n|\n|upkeep\n|turn|12\n|inactive|Time left: 300 sec this turn | 300 sec total\n|\n|t:|1783547213\n|switch|p2a: Ogerpon|Ogerpon-Cornerstone, L76, F|1/100\n|move|p1a: Tsareena|Power Whip|p2a: Ogerpon\n|-damage|p2a: Ogerpon|0 fnt\n|faint|p2a: Ogerpon\n|-damage|p1a: Tsareena|215/267 par|[from] item: Life Orb\n|\n|upkeep\n|\n|t:|1783547214\n|switch|p2a: Kommo-o|Kommo-o, L77, F|100/100\n|turn|13\n|inactive|Time left: 300 sec this turn | 300 sec total\n|\n|t:|1783547215\n|move|p2a: Kommo-o|Swords Dance|p2a: Kommo-o\n|-boost|p2a: Kommo-o|atk|2\n|move|p1a: Tsareena|Triple Axel|p2a: Kommo-o\n|-supereffective|p2a: Kommo-o\n|-damage|p2a: Kommo-o|84/100\n|-supereffective|p2a: Kommo-o\n|-damage|p2a: Kommo-o|53/100\n|-supereffective|p2a: Kommo-o\n|-damage|p2a: Kommo-o|2/100\n|-hitcount|p2a: Kommo-o|3\n|-damage|p1a: Tsareena|189/267 par|[from] item: Life Orb\n|\n|upkeep\n|turn|14\n|inactive|Time left: 300 sec this turn | 300 sec total\n|\n|t:|1783547216\n|switch|p1a: Weezing|Weezing-Galar, L86, F|252/252\n|move|p2a: Kommo-o|Close Combat|p1a: Weezing\n|-resisted|p1a: Weezing\n|-damage|p1a: Weezing|210/252\n|-unboost|p2a: Kommo-o|def|1\n|-unboost|p2a: Kommo-o|spd|1\n|\n|-heal|p1a: Weezing|225/252|[from] item: Leftovers\n|upkeep\n|turn|15\n|inactive|Time left: 300 sec this turn | 300 sec total\n|\n|t:|1783547217\n|-terastallize|p2a: Kommo-o|Steel\n|move|p2a: Kommo-o|Iron Head|p1a: Weezing\n|-supereffective|p1a: Weezing\n|-damage|p1a: Weezing|7/252\n|move|p1a: Weezing|Strange Steam|p2a: Kommo-o\n|-resisted|p2a: Kommo-o\n|-damage|p2a: Kommo-o|0 fnt\n|faint|p2a: Kommo-o\n|\n|-heal|p1a: Weezing|22/252|[from] item: Leftovers\n|upkeep\n|\n|t:|1783547219\n|switch|p2a: Mismagius|Mismagius, L86, F|100/100\n|turn|16\n|inactive|Time left: 300 sec this turn | 300 sec total\n|\n|t:|1783547220\n|move|p2a: Mismagius|Shadow Ball|p1a: Weezing\n|-damage|p1a: Weezing|0 fnt\n|faint|p1a: Weezing\n|\n|upkeep\n|inactive|Time left: 300 sec this turn | 300 sec total | 5 sec grace\n|\n|t:|1783547221\n|switch|p1a: Tsareena|Tsareena, L87, F|189/267 par\n|turn|17\n|inactive|Time left: 300 sec this turn | 300 sec total\n|\n|t:|1783547222\n|move|p2a: Mismagius|Substitute|p2a: Mismagius\n|-start|p2a: Mismagius|Substitute\n|-damage|p2a: Mismagius|76/100\n|move|p1a: Tsareena|Synthesis|p1a: Tsareena\n|-heal|p1a: Tsareena|267/267 par\n|\n|-heal|p2a: Mismagius|82/100|[from] item: Leftovers\n|upkeep\n|turn|18\n|inactive|Time left: 300 sec this turn | 300 sec total\n|\n|t:|1783547223\n|move|p2a: Mismagius|Nasty Plot|p2a: Mismagius\n|-boost|p2a: Mismagius|spa|2\n|move|p1a: Tsareena|Triple Axel|p2a: Mismagius\n|-activate|p2a: Mismagius|move: Substitute|[damage]\n|-end|p2a: Mismagius|Substitute\n|-damage|p2a: Mismagius|43/100\n|-hitcount|p2a: Mismagius|3\n|-damage|p1a: Tsareena|241/267 par|[from] item: Life Orb\n|\n|-heal|p2a: Mismagius|49/100|[from] item: Leftovers\n|upkeep\n|turn|19\n|inactive|Time left: 300 sec this turn | 300 sec total\n|\n|t:|1783547224\n|move|p2a: Mismagius|Shadow Ball|p1a: Tsareena\n|-damage|p1a: Tsareena|64/267 par\n|move|p1a: Tsareena|Synthesis|p1a: Tsareena\n|-heal|p1a: Tsareena|197/267 par\n|\n|-heal|p2a: Mismagius|56/100|[from] item: Leftovers\n|upkeep\n|turn|20\n|inactive|Time left: 300 sec this turn | 300 sec total\n|\n|t:|1783547225\n|move|p2a: Mismagius|Shadow Ball|p1a: Tsareena\n|-damage|p1a: Tsareena|41/267 par\n|move|p1a: Tsareena|Synthesis|p1a: Tsareena\n|-heal|p1a: Tsareena|174/267 par\n|\n|-heal|p2a: Mismagius|62/100|[from] item: Leftovers\n|upkeep\n|turn|21\n|inactive|Time left: 300 sec this turn | 300 sec total\n|\n|t:|1783547226\n|move|p2a: Mismagius|Shadow Ball|p1a: Tsareena\n|-damage|p1a: Tsareena|0 fnt\n|faint|p1a: Tsareena\n|\n|-heal|p2a: Mismagius|68/100|[from] item: Leftovers\n|upkeep\n|inactive|Time left: 300 sec this turn | 300 sec total | 5 sec grace\n|\n|t:|1783547227\n|switch|p1a: Meowstic|Meowstic-F, L89, F|16/277\n|turn|22\n|inactive|Time left: 300 sec this turn | 300 sec total\n|\n|t:|1783547228\n|move|p1a: Meowstic|Nasty Plot|p1a: Meowstic\n|-boost|p1a: Meowstic|spa|2\n|move|p2a: Mismagius|Substitute|p2a: Mismagius\n|-start|p2a: Mismagius|Substitute\n|-damage|p2a: Mismagius|43/100\n|\n|-heal|p2a: Mismagius|49/100|[from] item: Leftovers\n|upkeep\n|turn|23\n|inactive|Time left: 300 sec this turn | 300 sec total\n|\n|t:|1783547229\n|move|p1a: Meowstic|Nasty Plot|p1a: Meowstic\n|-boost|p1a: Meowstic|spa|2\n|move|p2a: Mismagius|Shadow Ball|p1a: Meowstic\n|-supereffective|p1a: Meowstic\n|-damage|p1a: Meowstic|0 fnt\n|faint|p1a: Meowstic\n|\n|win|p0y6950701", "uploadtime": 1783547229, "views": 0, "rating": 0, "private": 0, "password": null, "_winner": "p0y6950701", "_our_name": "p0x695284f"}