{"id": "battle-gen9randombattle-445", "formatid": "gen9randombattle", "format": "[Gen 9] Random Battle", "players": ["p0x4456baf", "p0y445023d"], "log": "|init|battle\n|title|p0x4456baf vs. p0y445023d\n|j|\u2606p0x4456baf\n|j|\u2606p0y445023d\n|t:|1783544916\n|gametype|singles\n|player|p1|p0x4456baf|266|\n|player|p2|p0y445023d|170|\n|gen|9\n|tier|[Gen 9] Random Battle\n|rule|Species Clause: Limit one of each Pok\u00e9mon\n|rule|HP Percentage Mod: HP is shown in percentages\n|rule|Sleep Clause Mod: Limit one foe put to sleep\n|rule|Illusion Level Mod: Illusion disguises the Pok\u00e9mon's true level\n|\n|t:|1783544916\n|teamsize|p1|6\n|teamsize|p2|6\n|start\n|switch|p1a: Smeargle|Smeargle, L95, F|100/100\n|switch|p2a: Palossand|Palossand, L89, M|296/296\n|turn|1\n|inactive|Battle timer is ON: inactive players will automatically lose when time's up. (requested by p0y445023d)\n|inactive|p0x4456baf also wants the timer to be on.\n|\n|t:|1783544918\n|switch|p2a: Espeon|Espeon, L84, M|246/246\n|move|p1a: Smeargle|Sticky Web|p2a: Espeon\n|move|p2a: Espeon|Sticky Web|p1a: Smeargle|[from] ability: Magic Bounce\n|-sidestart|p1: p0x4456baf|move: Sticky Web\n|\n|upkeep\n|turn|2\n|inactive|Time left: 300 sec this turn | 300 sec total\n|\n|t:|1783544919\n|move|p2a: Espeon|Psychic|p1a: Smeargle\n|-damage|p1a: Smeargle|8/100\n|-damage|p2a: Espeon|222/246|[from] item: Life Orb\n|move|p1a: Smeargle|Ceaseless Edge|p2a: Espeon\n|-supereffective|p2a: Espeon\n|-damage|p2a: Espeon|160/246\n|-sidestart|p2: p0y445023d|Spikes\n|\n|upkeep\n|turn|3\n|inactive|Time left: 300 sec this turn | 300 sec total\n|\n|t:|1783544920\n|move|p2a: Espeon|Alluring Voice|p1a: Smeargle\n|-damage|p1a: Smeargle|0 fnt\n|faint|p1a: Smeargle\n|-damage|p2a: Espeon|136/246|[from] item: Life Orb\n|\n|upkeep\n|\n|t:|1783544921\n|switch|p1a: Vespiquen|Vespiquen, L99, F|100/100\n|-ability|p1a: Vespiquen|Pressure\n|turn|4\n|inactive|Time left: 300 sec this turn | 300 sec total\n|\n|t:|1783544923\n|move|p2a: Espeon|Calm Mind|p2a: Espeon\n|-boost|p2a: Espeon|spa|1\n|-boost|p2a: Espeon|spd|1\n|move|p1a: Vespiquen|U-turn|p2a: Espeon\n|-supereffective|p2a: Espeon\n|-damage|p2a: Espeon|0 fnt\n|faint|p2a: Espeon\n|\n|t:|1783544924\n|switch|p1a: Chimecho|Chimecho, L93, F|100/100|[from] U-turn\n|\n|upkeep\n|inactive|Time left: 300 sec this turn | 300 sec total | 10 sec grace\n|\n|t:|1783544925\n|switch|p2a: Florges|Florges-Yellow, L85, F|271/271\n|-damage|p2a: Florges|238/271|[from] Spikes\n|turn|5\n|inactive|Time left: 300 sec this turn | 300 sec total\n|\n|t:|1783544926\n|move|p2a: Florges|Calm Mind|p2a: Florges\n|-boost|p2a: Florges|spa|1\n|-boost|p2a: Florges|spd|1\n|move|p1a: Chimecho|Thunder Wave|p2a: Florges\n|-status|p2a: Florges|par\n|\n|-heal|p2a: Florges|254/271 par|[from] item: Leftovers\n|upkeep\n|turn|6\n|inactive|Time left: 300 sec this turn | 300 sec total\n|\n|t:|1783544927\n|move|p1a: Chimecho|Encore|p2a: Florges\n|-start|p2a: Florges|Encore\n|cant|p2a: Florges|par\n|\n|-heal|p2a: Florges|270/271 par|[from] item: Leftovers\n|upkeep\n|turn|7\n|inactive|Time left: 300 sec this turn | 300 sec total\n|\n|t:|1783544928\n|switch|p1a: Vespiquen|Vespiquen, L99, F|100/100\n|-ability|p1a: Vespiquen|Pressure\n|move|p2a: Florges|Calm Mind|p2a: Florges\n|-boost|p2a: Florges|spa|1\n|-boost|p2a: Florges|spd|1\n|\n|-heal|p2a: Florges|271/271 par|[from] item: Leftovers\n|upkeep\n|turn|8\n|inactive|Time left: 300 sec this turn | 300 sec total\n|\n|t:|1783544929\n|switch|p1a: Amoonguss|Amoonguss, L82, M|100/100\n|-activate|p1a: Amoonguss|move: Sticky Web\n|-unboost|p1a: Amoonguss|spe|1\n|move|p2a: Florges|Calm Mind|p2a: Florges\n|-boost|p2a: Florges|spa|1\n|-boost|p2a: Florges|spd|1\n|\n|-end|p2a: Florges|Encore\n|upkeep\n|turn|9\n|inactive|Time left: 300 sec this turn | 300 sec total\n|\n|t:|1783544930\n|move|p2a: Florges|Moonblast|p1a: Amoonguss\n|-resisted|p1a: Amoonguss\n|-damage|p1a: Amoonguss|54/100\n|move|p1a: Amoonguss|Clear Smog|p2a: Florges\n|-supereffective|p2a: Florges\n|-damage|p2a: Florges|247/271 par\n|-clearboost|p2a: Florges\n|\n|-heal|p2a: Florges|263/271 par|[from] item: Leftovers\n|-heal|p1a: Amoonguss|60/100|[from] item: Leftovers\n|upkeep\n|turn|10\n|inactive|Time left: 300 sec this turn | 300 sec total\n|\n|t:|1783544931\n|switch|p1a: Vespiquen|Vespiquen, L99, F|100/100\n|-ability|p1a: Vespiquen|Pressure\n|move|p2a: Florges|Calm Mind|p2a: Florges\n|-boost|p2a: Florges|spa|1\n|-boost|p2a: Florges|spd|1\n|\n|-heal|p2a: Florges|271/271 par|[from] item: Leftovers\n|upkeep\n|turn|11\n|inactive|Time left: 300 sec this turn | 300 sec total\n|\n|t:|1783544932\n|move|p1a: Vespiquen|Air Slash|p2a: Florges\n|-damage|p2a: Florges|228/271 par\n|cant|p2a: Florges|flinch\n|\n|-heal|p2a: Florges|244/271 par|[from] item: Leftovers\n|upkeep\n|turn|12\n|inactive|Time left: 300 sec this turn | 300 sec total\n|\n|t:|1783544933\n|move|p1a: Vespiquen|Air Slash|p2a: Florges\n|-damage|p2a: Florges|204/271 par\n|cant|p2a: Florges|flinch\n|\n|-heal|p2a: Florges|220/271 par|[from] item: Leftovers\n|upkeep\n|turn|13\n|inactive|Time left: 300 sec this turn | 300 sec total\n|\n|t:|1783544934\n|move|p1a: Vespiquen|Air Slash|p2a: Florges\n|-damage|p2a: Florges|175/271 par\n|move|p2a: Florges|Moonblast|p1a: Vespiquen\n|-damage|p1a: Vespiquen|53/100\n|-unboost|p1a: Vespiquen|spa|1\n|\n|-heal|p2a: Florges|191/271 par|[from] item: Leftovers\n|upkeep\n|turn|14\n|inactive|Time left: 300 sec this turn | 300 sec total\n|\n|t:|1783544935\n|move|p1a: Vespiquen|Roost|p1a: Vespiquen\n|-heal|p1a: Vespiquen|100/100\n|-singleturn|p1a: Vespiquen|move: Roost\n|move|p2a: Florges|Moonblast|p1a: Vespiquen\n|-damage|p1a: Vespiquen|60/100\n|\n|-heal|p2a: Florges|207/271 par|[from] item: Leftovers\n|upkeep\n|turn|15\n|inactive|Time left: 300 sec this turn | 300 sec total\n|\n|t:|1783544936\n|move|p1a: Vespiquen|Roost|p1a: Vespiquen\n|-heal|p1a: Vespiquen|100/100\n|-singleturn|p1a: Vespiquen|move: Roost\n|cant|p2a: Florges|par\n|\n|-heal|p2a: Florges|223/271 par|[from] item: Leftovers\n|upkeep\n|turn|16\n|inactive|Time left: 300 sec this turn | 300 sec total\n|\n|t:|1783544937\n|switch|p1a: Amoonguss|Amoonguss, L82, M|93/100\n|-activate|p1a: Amoonguss|move: Sticky Web\n|-unboost|p1a: Amoonguss|spe|1\n|cant|p2a: Florges|par\n|\n|-heal|p2a: Florges|239/271 par|[from] item: Leftovers\n|-heal|p1a: Amoonguss|99/100|[from] item: Leftovers\n|upkeep\n|turn|17\n|inactive|Time left: 300 sec this turn | 300 sec total\n|\n|t:|1783544939\n|move|p2a: Florges|Moonblast|p1a: Amoonguss\n|-resisted|p1a: Amoonguss\n|-damage|p1a: Amoonguss|69/100\n|-unboost|p1a: Amoonguss|spa|1\n|move|p1a: Amoonguss|Clear Smog|p2a: Florges\n|-supereffective|p2a: Florges\n|-damage|p2a: Florges|209/271 par\n|-clearboost|p2a: Florges\n|\n|-heal|p2a: Florges|225/271 par|[from] item: Leftovers\n|-heal|p1a: Amoonguss|75/100|[from] item: Leftovers\n|upkeep\n|turn|18\n|inactive|Time left: 300 sec this turn | 300 sec total\n|\n|t:|1783544940\n|switch|p1a: Vespiquen|Vespiquen, L99, F|100/100\n|-ability|p1a: Vespiquen|Pressure\n|move|p2a: Florges|Calm Mind|p2a: Florges\n|-boost|p2a: Florges|spa|1\n|-boost|p2a: Florges|spd|1\n|\n|-heal|p2a: Florges|241/271 par|[from] item: Leftovers\n|upkeep\n|turn|19\n|inactive|Time left: 300 sec this turn | 300 sec total\n|\n|t:|1783544941\n|move|p1a: Vespiquen|Air Slash|p2a: Florges\n|-damage|p2a: Florges|202/271 par\n|move|p2a: Florges|Moonblast|p1a: Vespiquen\n|-damage|p1a: Vespiquen|59/100\n|\n|-heal|p2a: Florges|218/271 par|[from] item: Leftovers\n|upkeep\n|turn|20\n|inactive|Time left: 300 sec this turn | 300 sec total\n|\n|t:|1783544942\n|move|p1a: Vespiquen|Roost|p1a: Vespiquen\n|-heal|p1a: Vespiquen|100/100\n|-singleturn|p1a: Vespiquen|move: Roost\n|move|p2a: Florges|Moonblast|p1a: Vespiquen\n|-damage|p1a: Vespiquen|59/100\n|\n|-heal|p2a: Florges|234/271 par|[from] item: Leftovers\n|upkeep\n|turn|21\n|inactive|Time left: 300 sec this turn | 300 sec total\n|\n|t:|1783544942\n|move|p1a: Vespiquen|Roost|p1a: Vespiquen\n|-heal|p1a: Vespiquen|100/100\n|-singleturn|p1a: Vespiquen|move: Roost\n|move|p2a: Florges|Moonblast|p1a: Vespiquen\n|-damage|p1a: Vespiquen|52/100\n|\n|-heal|p2a: Florges|250/271 par|[from] item: Leftovers\n|upkeep\n|turn|22\n|inactive|Time left: 300 sec this turn | 300 sec total\n|\n|t:|1783544944\n|move|p1a: Vespiquen|Roost|p1a: Vespiquen\n|-heal|p1a: Vespiquen|100/100\n|-singleturn|p1a: Vespiquen|move: Roost\n|move|p2a: Florges|Moonblast|p1a: Vespiquen\n|-damage|p1a: Vespiquen|57/100\n|\n|-heal|p2a: Florges|266/271 par|[from] item: Leftovers\n|upkeep\n|turn|23\n|inactive|Time left: 300 sec this turn | 300 sec total\n|\n|t:|1783544945\n|move|p1a: Vespiquen|Roost|p1a: Vespiquen\n|-heal|p1a: Vespiquen|100/100\n|-singleturn|p1a: Vespiquen|move: Roost\n|move|p2a: Florges|Calm Mind|p2a: Florges\n|-boost|p2a: Florges|spa|1\n|-boost|p2a: Florges|spd|1\n|\n|-heal|p2a: Florges|271/271 par|[from] item: Leftovers\n|upkeep\n|turn|24\n|inactive|Time left: 300 sec this turn | 300 sec total\n|\n|t:|1783544946\n|move|p1a: Vespiquen|Air Slash|p2a: Florges\n|-damage|p2a: Florges|241/271 par\n|cant|p2a: Florges|par\n|\n|-heal|p2a: Florges|257/271 par|[from] item: Leftovers\n|upkeep\n|turn|25\n|inactive|Time left: 300 sec this turn | 300 sec total\n|\n|t:|1783544947\n|move|p1a: Vespiquen|Air Slash|p2a: Florges\n|-damage|p2a: Florges|226/271 par\n|cant|p2a: Florges|flinch\n|\n|-heal|p2a: Florges|242/271 par|[from] item: Leftovers\n|upkeep\n|turn|26\n|inactive|Time left: 300 sec this turn | 300 sec total\n|\n|t:|1783544948\n|move|p1a: Vespiquen|Air Slash|p2a: Florges\n|-damage|p2a: Florges|211/271 par\n|cant|p2a: Florges|par\n|\n|-heal|p2a: Florges|227/271 par|[from] item: Leftovers\n|upkeep\n|turn|27\n|inactive|Time left: 300 sec this turn | 300 sec total\n|\n|t:|1783544949\n|move|p1a: Vespiquen|Air Slash|p2a: Florges\n|-damage|p2a: Florges|194/271 par\n|cant|p2a: Florges|flinch\n|\n|-heal|p2a: Florges|210/271 par|[from] item: Leftovers\n|upkeep\n|turn|28\n|inactive|Time left: 300 sec this turn | 300 sec total\n|\n|t:|1783544950\n|move|p1a: Vespiquen|Air Slash|p2a: Florges\n|-damage|p2a: Florges|177/271 par\n|move|p2a: Florges|Moonblast|p1a: Vespiquen\n|-damage|p1a: Vespiquen|42/100\n|\n|-heal|p2a: Florges|193/271 par|[from] item: Leftovers\n|upkeep\n|turn|29\n|inactive|Time left: 300 sec this turn | 300 sec total\n|\n|t:|1783544951\n|move|p1a: Vespiquen|Roost|p1a: Vespiquen\n|-heal|p1a: Vespiquen|92/100\n|-singleturn|p1a: Vespiquen|move: Roost\n|move|p2a: Florges|Moonblast|p1a: Vespiquen\n|-damage|p1a: Vespiquen|38/100\n|\n|-heal|p2a: Florges|209/271 par|[from] item: Leftovers\n|upkeep\n|turn|30\n|inactive|Time left: 300 sec this turn | 300 sec total\n|\n|t:|1783544952\n|move|p1a: Vespiquen|Roost|p1a: Vespiquen\n|-heal|p1a: Vespiquen|88/100\n|-singleturn|p1a: Vespiquen|move: Roost\n|move|p2a: Florges|Moonblast|p1a: Vespiquen\n|-damage|p1a: Vespiquen|26/100\n|\n|-heal|p2a: Florges|225/271 par|[from] item: Leftovers\n|upkeep\n|turn|31\n|inactive|Time left: 300 sec this turn | 300 sec total\n|\n|t:|1783544953\n|move|p1a: Vespiquen|Air Slash|p2a: Florges\n|-damage|p2a: Florges|194/271 par\n|move|p2a: Florges|Moonblast|p1a: Vespiquen\n|-damage|p1a: Vespiquen|0 fnt\n|faint|p1a: Vespiquen\n|\n|-heal|p2a: Florges|210/271 par|[from] item: Leftovers\n|upkeep\n|\n|t:|1783544954\n|switch|p1a: Meloetta|Meloetta, L82|100/100\n|-activate|p1a: Meloetta|move: Sticky Web\n|-unboost|p1a: Meloetta|spe|1\n|turn|32\n|inactive|Time left: 300 sec this turn | 300 sec total\n|\n|t:|1783544955\n|move|p1a: Meloetta|Calm Mind|p1a: Meloetta\n|-boost|p1a: Meloetta|spa|1\n|-boost|p1a: Meloetta|spd|1\n|move|p2a: Florges|Moonblast|p1a: Meloetta\n|-damage|p1a: Meloetta|58/100\n|-unboost|p1a: Meloetta|spa|1\n|\n|-heal|p1a: Meloetta|64/100|[from] item: Leftovers\n|-heal|p2a: Florges|226/271 par|[from] item: Leftovers\n|upkeep\n|turn|33\n|inactive|Time left: 300 sec this turn | 300 sec total\n|\n|t:|1783544956\n|move|p1a: Meloetta|Calm Mind|p1a: Meloetta\n|-boost|p1a: Meloetta|spa|1\n|-boost|p1a: Meloetta|spd|1\n|cant|p2a: Florges|par\n|\n|-heal|p1a: Meloetta|70/100|[from] item: Leftovers\n|-heal|p2a: Florges|242/271 par|[from] item: Leftovers\n|upkeep\n|turn|34\n|inactive|Time left: 300 sec this turn | 300 sec total\n|\n|t:|1783544957\n|move|p2a: Florges|Protect|p2a: Florges\n|-singleturn|p2a: Florges|Protect\n|move|p1a: Meloetta|Psyshock|p2a: Florges\n|-activate|p2a: Florges|move: Protect\n|\n|-heal|p1a: Meloetta|76/100|[from] item: Leftovers\n|-heal|p2a: Florges|258/271 par|[from] item: Leftovers\n|upkeep\n|turn|35\n|inactive|Time left: 300 sec this turn | 300 sec total\n|\n|t:|1783544958\n|move|p1a: Meloetta|Psyshock|p2a: Florges\n|-damage|p2a: Florges|84/271 par\n|move|p2a: Florges|Moonblast|p1a: Meloetta\n|-damage|p1a: Meloetta|47/100\n|\n|-heal|p1a: Meloetta|53/100|[from] item: Leftovers\n|-heal|p2a: Florges|100/271 par|[from] item: Leftovers\n|upkeep\n|turn|36\n|inactive|Time left: 300 sec this turn | 300 sec total\n|\n|t:|1783544960\n|cant|p2a: Florges|par\n|move|p1a: Meloetta|Psyshock|p2a: Florges\n|-damage|p2a: Florges|0 fnt\n|faint|p2a: Florges\n|\n|-heal|p1a: Meloetta|59/100|[from] item: Leftovers\n|upkeep\n|inactive|Time left: 300 sec this turn | 300 sec total | 5 sec grace\n|\n|t:|1783544960\n|switch|p2a: Mamoswine|Mamoswine, L81, M|311/311\n|-damage|p2a: Mamoswine|273/311|[from] Spikes\n|turn|37\n|inactive|Time left: 300 sec this turn | 300 sec total\n|\n|t:|1783544961\n|move|p2a: Mamoswine|Earthquake|p1a: Meloetta\n|-damage|p1a: Meloetta|0 fnt\n|faint|p1a: Meloetta\n|-damage|p2a: Mamoswine|242/311|[from] item: Life Orb\n|\n|upkeep\n|\n|t:|1783544963\n|switch|p1a: Chimecho|Chimecho, L93, F|100/100\n|turn|38\n|inactive|Time left: 300 sec this turn | 300 sec total\n|\n|t:|1783544964\n|move|p2a: Mamoswine|Stealth Rock|p1a: Chimecho\n|-sidestart|p1: p0x4456baf|move: Stealth Rock\n|move|p1a: Chimecho|Psychic Noise|p2a: Mamoswine\n|-damage|p2a: Mamoswine|110/311\n|-start|p2a: Mamoswine|move: Heal Block\n|\n|upkeep\n|turn|39\n|inactive|Time left: 300 sec this turn | 300 sec total\n|\n|t:|1783544965\n|move|p2a: Mamoswine|Icicle Crash|p1a: Chimecho\n|-damage|p1a: Chimecho|56/100\n|-damage|p2a: Mamoswine|79/311|[from] item: Life Orb\n|cant|p1a: Chimecho|flinch\n|\n|-heal|p1a: Chimecho|62/100|[from] item: Leftovers\n|-end|p2a: Mamoswine|move: Heal Block\n|upkeep\n|turn|40\n|inactive|Time left: 300 sec this turn | 300 sec total\n|\n|t:|1783544966\n|move|p2a: Mamoswine|Icicle Crash|p1a: Chimecho\n|-damage|p1a: Chimecho|19/100\n|-damage|p2a: Mamoswine|48/311|[from] item: Life Orb\n|move|p1a: Chimecho|Psychic Noise|p2a: Mamoswine\n|-damage|p2a: Mamoswine|0 fnt\n|faint|p2a: Mamoswine\n|\n|-heal|p1a: Chimecho|25/100|[from] item: Leftovers\n|upkeep\n|inactive|Time left: 300 sec this turn | 300 sec total | 5 sec grace\n|\n|t:|1783544968\n|switch|p2a: Azelf|Azelf, L82|257/257\n|turn|41\n|inactive|Time left: 300 sec this turn | 300 sec total\n|\n|t:|1783544969\n|move|p2a: Azelf|Fire Blast|p1a: Chimecho\n|-damage|p1a: Chimecho|0 fnt\n|faint|p1a: Chimecho\n|-damage|p2a: Azelf|232/257|[from] item: Life Orb\n|\n|upkeep\n|\n|t:|1783544970\n|switch|p1a: Amoonguss|Amoonguss, L82, M|100/100\n|-activate|p1a: Amoonguss|move: Sticky Web\n|-unboost|p1a: Amoonguss|spe|1\n|-damage|p1a: Amoonguss|88/100|[from] Stealth Rock\n|turn|42\n|inactive|Time left: 300 sec this turn | 300 sec total\n|\n|t:|1783544971\n|-terastallize|p1a: Amoonguss|Water\n|move|p2a: Azelf|Psyshock|p1a: Amoonguss\n|-damage|p1a: Amoonguss|40/100\n|-damage|p2a: Azelf|207/257|[from] item: Life Orb\n|move|p1a: Amoonguss|Giga Drain|p2a: Azelf\n|-damage|p2a: Azelf|119/257\n|-heal|p1a: Amoonguss|54/100|[from] drain|[of] p2a: Azelf\n|\n|-heal|p1a: Amoonguss|60/100|[from] item: Leftovers\n|upkeep\n|turn|43\n|inactive|Time left: 300 sec this turn | 300 sec total\n|\n|t:|1783544973\n|-terastallize|p2a: Azelf|Psychic\n|move|p2a: Azelf|Psyshock|p1a: Amoonguss\n|-damage|p1a: Amoonguss|0 fnt\n|faint|p1a: Amoonguss\n|-damage|p2a: Azelf|94/257|[from] item: Life Orb\n|\n|upkeep\n|\n|t:|1783544973\n|switch|p1a: Whimsicott|Whimsicott, L84, M|100/100\n|-activate|p1a: Whimsicott|move: Sticky Web\n|-unboost|p1a: Whimsicott|spe|1\n|-damage|p1a: Whimsicott|88/100|[from] Stealth Rock\n|turn|44\n|inactive|Time left: 300 sec this turn | 300 sec total\n|\n|t:|1783544974\n|move|p1a: Whimsicott|Substitute|p1a: Whimsicott\n|-start|p1a: Whimsicott|Substitute\n|-damage|p1a: Whimsicott|64/100\n|move|p2a: Azelf|Psyshock|p1a: Whimsicott\n|-end|p1a: Whimsicott|Substitute\n|-damage|p2a: Azelf|69/257|[from] item: Life Orb\n|\n|-heal|p1a: Whimsicott|69/100|[from] item: Leftovers\n|upkeep\n|turn|45\n|inactive|Time left: 300 sec this turn | 300 sec total\n|\n|t:|1783544975\n|move|p1a: Whimsicott|Substitute|p1a: Whimsicott\n|-start|p1a: Whimsicott|Substitute\n|-damage|p1a: Whimsicott|45/100\n|move|p2a: Azelf|Psyshock|p1a: Whimsicott\n|-end|p1a: Whimsicott|Substitute\n|-damage|p2a: Azelf|44/257|[from] item: Life Orb\n|\n|-heal|p1a: Whimsicott|50/100|[from] item: Leftovers\n|upkeep\n|turn|46\n|inactive|Time left: 300 sec this turn | 300 sec total\n|\n|t:|1783544976\n|move|p1a: Whimsicott|Substitute|p1a: Whimsicott\n|-start|p1a: Whimsicott|Substitute\n|-damage|p1a: Whimsicott|26/100\n|move|p2a: Azelf|Psyshock|p1a: Whimsicott\n|-crit|p1a: Whimsicott\n|-end|p1a: Whimsicott|Substitute\n|-damage|p2a: Azelf|19/257|[from] item: Life Orb\n|\n|-heal|p1a: Whimsicott|32/100|[from] item: Leftovers\n|upkeep\n|turn|47\n|inactive|Time left: 300 sec this turn | 300 sec total\n|\n|t:|1783544977\n|move|p1a: Whimsicott|Substitute|p1a: Whimsicott\n|-start|p1a: Whimsicott|Substitute\n|-damage|p1a: Whimsicott|7/100\n|move|p2a: Azelf|Dazzling Gleam|p1a: Whimsicott\n|-end|p1a: Whimsicott|Substitute\n|-damage|p2a: Azelf|0 fnt|[from] item: Life Orb\n|faint|p2a: Azelf\n|\n|-heal|p1a: Whimsicott|13/100|[from] item: Leftovers\n|upkeep\n|inactive|Time left: 300 sec this turn | 300 sec total | 5 sec grace\n|\n|t:|1783544978\n|switch|p2a: Palossand|Palossand, L89, M|296/296\n|-damage|p2a: Palossand|259/296|[from] Spikes\n|turn|48\n|inactive|Time left: 300 sec this turn | 300 sec total\n|\n|t:|1783544979\n|move|p1a: Whimsicott|Encore||[still]\n|-fail|p1a: Whimsicott\n|move|p2a: Palossand|Sludge Bomb|p1a: Whimsicott\n|-supereffective|p1a: Whimsicott\n|-damage|p1a: Whimsicott|0 fnt\n|faint|p1a: Whimsicott\n|\n|win|p0y445023d", "uploadtime": 1783544979, "views": 0, "rating": 0, "private": 0, "password": null, "_winner": "p0y445023d", "_our_name": "p0y445023d"}