{"id": "battle-gen9randombattle-1373", "formatid": "gen9randombattle", "format": "[Gen 9] Random Battle", "players": ["p0x1373a70f", "p0y13739490"], "log": "|init|battle\n|title|p0x1373a70f vs. p0y13739490\n|j|\u2606p0x1373a70f\n|j|\u2606p0y13739490\n|t:|1783555952\n|gametype|singles\n|player|p1|p0x1373a70f|170|\n|player|p2|p0y13739490|266|\n|gen|9\n|tier|[Gen 9] Random Battle\n|rule|Species Clause: Limit one of each Pok\u00e9mon\n|rule|HP Percentage Mod: HP is shown in percentages\n|rule|Sleep Clause Mod: Limit one foe put to sleep\n|rule|Illusion Level Mod: Illusion disguises the Pok\u00e9mon's true level\n|\n|t:|1783555952\n|teamsize|p1|6\n|teamsize|p2|6\n|start\n|switch|p1a: Excadrill|Excadrill, L79, M|100/100\n|switch|p2a: Staraptor|Staraptor, L79, F|263/263\n|-ability|p1a: Excadrill|Mold Breaker\n|turn|1\n|inactive|Battle timer is ON: inactive players will automatically lose when time's up. (requested by p0y13739490)\n|inactive|p0x1373a70f also wants the timer to be on.\n|\n|t:|1783555954\n|move|p2a: Staraptor|Close Combat|p1a: Excadrill\n|-supereffective|p1a: Excadrill\n|-damage|p1a: Excadrill|0 fnt\n|-unboost|p2a: Staraptor|def|1\n|-unboost|p2a: Staraptor|spd|1\n|faint|p1a: Excadrill\n|\n|upkeep\n|\n|t:|1783555955\n|switch|p1a: Staraptor|Staraptor, L79, F|100/100\n|turn|2\n|inactive|Time left: 300 sec this turn | 300 sec total\n|\n|t:|1783555957\n|switch|p2a: Qwilfish|Qwilfish-Hisui, L83, M|244/244\n|-ability|p2a: Qwilfish|Intimidate|boost\n|-unboost|p1a: Staraptor|atk|1\n|move|p1a: Staraptor|Brave Bird|p2a: Qwilfish\n|-damage|p2a: Qwilfish|136/244\n|-damage|p1a: Staraptor|87/100|[from] Recoil\n|\n|upkeep\n|turn|3\n|inactive|Time left: 300 sec this turn | 300 sec total\n|\n|t:|1783555958\n|switch|p2a: Avalugg|Avalugg-Hisui, L90, F|317/317\n|move|p1a: Staraptor|Brave Bird|p2a: Avalugg\n|-resisted|p2a: Avalugg\n|-damage|p2a: Avalugg|273/317\n|-damage|p1a: Staraptor|81/100|[from] Recoil\n|\n|upkeep\n|turn|4\n|inactive|Time left: 300 sec this turn | 300 sec total\n|\n|t:|1783555959\n|switch|p1a: Chesnaught|Chesnaught, L84, M|100/100\n|move|p2a: Avalugg|Body Press|p1a: Chesnaught\n|-damage|p1a: Chesnaught|70/100\n|\n|-heal|p1a: Chesnaught|76/100|[from] item: Leftovers\n|upkeep\n|turn|5\n|inactive|Time left: 300 sec this turn | 300 sec total\n|\n|t:|1783555961\n|move|p1a: Chesnaught|Iron Defense|p1a: Chesnaught\n|-boost|p1a: Chesnaught|def|2\n|move|p2a: Avalugg|Avalanche|p1a: Chesnaught\n|-supereffective|p1a: Chesnaught\n|-damage|p1a: Chesnaught|50/100\n|\n|-heal|p1a: Chesnaught|56/100|[from] item: Leftovers\n|upkeep\n|turn|6\n|inactive|Time left: 300 sec this turn | 300 sec total\n|\n|t:|1783555962\n|-terastallize|p2a: Avalugg|Ghost\n|move|p1a: Chesnaught|Body Press|p2a: Avalugg\n|-immune|p2a: Avalugg\n|move|p2a: Avalugg|Avalanche|p1a: Chesnaught\n|-supereffective|p1a: Chesnaught\n|-damage|p1a: Chesnaught|28/100\n|\n|-heal|p1a: Chesnaught|33/100|[from] item: Leftovers\n|upkeep\n|turn|7\n|inactive|Time left: 300 sec this turn | 300 sec total\n|\n|t:|1783555963\n|move|p1a: Chesnaught|Synthesis|p1a: Chesnaught\n|-heal|p1a: Chesnaught|83/100\n|move|p2a: Avalugg|Avalanche|p1a: Chesnaught\n|-supereffective|p1a: Chesnaught\n|-damage|p1a: Chesnaught|56/100\n|\n|-heal|p1a: Chesnaught|62/100|[from] item: Leftovers\n|upkeep\n|turn|8\n|inactive|Time left: 300 sec this turn | 300 sec total\n|\n|t:|1783555964\n|move|p1a: Chesnaught|Synthesis|p1a: Chesnaught\n|-heal|p1a: Chesnaught|100/100\n|move|p2a: Avalugg|Avalanche|p1a: Chesnaught\n|-supereffective|p1a: Chesnaught\n|-damage|p1a: Chesnaught|75/100\n|\n|-heal|p1a: Chesnaught|81/100|[from] item: Leftovers\n|upkeep\n|turn|9\n|inactive|Time left: 300 sec this turn | 300 sec total\n|\n|t:|1783555965\n|move|p1a: Chesnaught|Iron Defense|p1a: Chesnaught\n|-boost|p1a: Chesnaught|def|2\n|move|p2a: Avalugg|Avalanche|p1a: Chesnaught\n|-supereffective|p1a: Chesnaught\n|-damage|p1a: Chesnaught|64/100\n|\n|-heal|p1a: Chesnaught|70/100|[from] item: Leftovers\n|upkeep\n|turn|10\n|inactive|Time left: 300 sec this turn | 300 sec total\n|\n|t:|1783555966\n|move|p1a: Chesnaught|Trailblaze|p2a: Avalugg\n|-damage|p2a: Avalugg|243/317\n|-boost|p1a: Chesnaught|spe|1\n|move|p2a: Avalugg|Avalanche|p1a: Chesnaught\n|-supereffective|p1a: Chesnaught\n|-damage|p1a: Chesnaught|38/100\n|\n|-heal|p1a: Chesnaught|44/100|[from] item: Leftovers\n|upkeep\n|turn|11\n|inactive|Time left: 300 sec this turn | 300 sec total\n|\n|t:|1783555968\n|move|p1a: Chesnaught|Synthesis|p1a: Chesnaught\n|-heal|p1a: Chesnaught|94/100\n|move|p2a: Avalugg|Recover|p2a: Avalugg\n|-heal|p2a: Avalugg|317/317\n|\n|-heal|p1a: Chesnaught|99/100|[from] item: Leftovers\n|upkeep\n|turn|12\n|inactive|Time left: 300 sec this turn | 300 sec total\n|\n|t:|1783555969\n|move|p1a: Chesnaught|Trailblaze|p2a: Avalugg\n|-damage|p2a: Avalugg|284/317\n|-boost|p1a: Chesnaught|spe|1\n|move|p2a: Avalugg|Avalanche|p1a: Chesnaught\n|-supereffective|p1a: Chesnaught\n|-crit|p1a: Chesnaught\n|-damage|p1a: Chesnaught|0 fnt\n|faint|p1a: Chesnaught\n|\n|upkeep\n|\n|t:|1783555970\n|switch|p1a: Florges|Florges-Yellow, L85, F|100/100\n|turn|13\n|inactive|Time left: 300 sec this turn | 300 sec total\n|\n|t:|1783555971\n|move|p1a: Florges|Moonblast|p2a: Avalugg\n|-damage|p2a: Avalugg|80/317\n|move|p2a: Avalugg|Avalanche|p1a: Florges\n|-damage|p1a: Florges|16/100\n|\n|-heal|p1a: Florges|22/100|[from] item: Leftovers\n|upkeep\n|turn|14\n|inactive|Time left: 300 sec this turn | 300 sec total\n|\n|t:|1783555972\n|move|p1a: Florges|Moonblast|p2a: Avalugg\n|-damage|p2a: Avalugg|0 fnt\n|faint|p2a: Avalugg\n|\n|-heal|p1a: Florges|28/100|[from] item: Leftovers\n|upkeep\n|inactive|Time left: 300 sec this turn | 300 sec total | 5 sec grace\n|\n|t:|1783555973\n|switch|p2a: Staraptor|Staraptor, L79, F|263/263\n|turn|15\n|inactive|Time left: 300 sec this turn | 300 sec total\n|\n|t:|1783555974\n|move|p1a: Florges|Protect|p1a: Florges\n|-singleturn|p1a: Florges|Protect\n|move|p2a: Staraptor|Brave Bird|p1a: Florges\n|-activate|p1a: Florges|move: Protect\n|\n|-heal|p1a: Florges|34/100|[from] item: Leftovers\n|upkeep\n|turn|16\n|inactive|Time left: 300 sec this turn | 300 sec total\n|\n|t:|1783555974\n|move|p1a: Florges|Protect||[still]\n|-fail|p1a: Florges\n|move|p2a: Staraptor|Brave Bird|p1a: Florges\n|-damage|p1a: Florges|0 fnt\n|faint|p1a: Florges\n|-damage|p2a: Staraptor|233/263|[from] Recoil\n|\n|upkeep\n|\n|t:|1783555975\n|switch|p1a: Staraptor|Staraptor, L79, F|81/100\n|turn|17\n|inactive|Time left: 300 sec this turn | 300 sec total\n|\n|t:|1783555976\n|move|p2a: Staraptor|Brave Bird|p1a: Staraptor\n|-damage|p1a: Staraptor|0 fnt\n|faint|p1a: Staraptor\n|-damage|p2a: Staraptor|163/263|[from] Recoil\n|\n|upkeep\n|\n|t:|1783555977\n|switch|p1a: Mesprit|Mesprit, L85|100/100\n|turn|18\n|inactive|Time left: 300 sec this turn | 300 sec total\n|\n|t:|1783555978\n|move|p2a: Staraptor|Brave Bird|p1a: Mesprit\n|-damage|p1a: Mesprit|30/100\n|-damage|p2a: Staraptor|99/263|[from] Recoil\n|move|p1a: Mesprit|U-turn|p2a: Staraptor\n|-resisted|p2a: Staraptor\n|-damage|p2a: Staraptor|65/263\n|\n|t:|1783555979\n|switch|p1a: Ribombee|Ribombee, L83, M|100/100|[from] U-turn\n|\n|upkeep\n|turn|19\n|inactive|Time left: 300 sec this turn | 300 sec total\n|\n|t:|1783555980\n|move|p1a: Ribombee|Moonblast|p2a: Staraptor\n|-damage|p2a: Staraptor|0 fnt\n|faint|p2a: Staraptor\n|\n|upkeep\n|inactive|Time left: 300 sec this turn | 300 sec total | 5 sec grace\n|\n|t:|1783555981\n|switch|p2a: Swanna|Swanna, L89, M|278/278\n|turn|20\n|inactive|Time left: 300 sec this turn | 300 sec total\n|\n|t:|1783555982\n|-terastallize|p1a: Ribombee|Ground\n|move|p1a: Ribombee|Moonblast|p2a: Swanna\n|-damage|p2a: Swanna|155/278\n|move|p2a: Swanna|Brave Bird|p1a: Ribombee\n|-damage|p1a: Ribombee|30/100\n|-damage|p2a: Swanna|101/278|[from] Recoil\n|\n|upkeep\n|turn|21\n|inactive|Time left: 300 sec this turn | 300 sec total\n|\n|t:|1783555983\n|move|p1a: Ribombee|Moonblast|p2a: Swanna\n|-damage|p2a: Swanna|0 fnt\n|faint|p2a: Swanna\n|\n|upkeep\n|inactive|Time left: 300 sec this turn | 300 sec total | 5 sec grace\n|\n|t:|1783555983\n|switch|p2a: Tauros|Tauros, L82, M|257/257\n|turn|22\n|inactive|Time left: 300 sec this turn | 300 sec total\n|\n|t:|1783555984\n|move|p1a: Ribombee|Moonblast|p2a: Tauros\n|-damage|p2a: Tauros|146/257\n|move|p2a: Tauros|Throat Chop|p1a: Ribombee\n|-damage|p1a: Ribombee|0 fnt\n|faint|p1a: Ribombee\n|\n|upkeep\n|\n|t:|1783555985\n|switch|p1a: Mesprit|Mesprit, L85|30/100\n|turn|23\n|inactive|Time left: 300 sec this turn | 300 sec total\n|\n|t:|1783555986\n|move|p2a: Tauros|Body Slam|p1a: Mesprit\n|-damage|p1a: Mesprit|0 fnt\n|faint|p1a: Mesprit\n|\n|win|p0y13739490", "uploadtime": 1783555986, "views": 0, "rating": 0, "private": 0, "password": null, "_winner": "p0y13739490", "_our_name": "p0y13739490"}