{"id": "battle-gen9randombattle-1534", "formatid": "gen9randombattle", "format": "[Gen 9] Random Battle", "players": ["p0x1534025d", "p0y1534d295"], "log": "|init|battle\n|title|p0x1534025d vs. p0y1534d295\n|j|\u2606p0x1534025d\n|j|\u2606p0y1534d295\n|t:|1783557832\n|gametype|singles\n|player|p1|p0x1534025d|266|\n|player|p2|p0y1534d295|101|\n|gen|9\n|tier|[Gen 9] Random Battle\n|rule|Species Clause: Limit one of each Pok\u00e9mon\n|rule|HP Percentage Mod: HP is shown in percentages\n|rule|Sleep Clause Mod: Limit one foe put to sleep\n|rule|Illusion Level Mod: Illusion disguises the Pok\u00e9mon's true level\n|\n|t:|1783557832\n|teamsize|p1|6\n|teamsize|p2|6\n|start\n|switch|p1a: Tornadus|Tornadus-Therian, L79, M|100/100\n|switch|p2a: Umbreon|Umbreon, L84, M|297/297\n|turn|1\n|inactive|Battle timer is ON: inactive players will automatically lose when time's up. (requested by p0x1534025d)\n|inactive|Time left: 300 sec this turn | 300 sec total | 60 sec grace\n|inactive|p0y1534d295 also wants the timer to be on.\n|\n|t:|1783557833\n|move|p1a: Tornadus|Bleakwind Storm|p2a: Umbreon\n|-damage|p2a: Umbreon|186/297\n|move|p2a: Umbreon|Toxic|p1a: Tornadus\n|-status|p1a: Tornadus|tox\n|\n|-heal|p2a: Umbreon|204/297|[from] item: Leftovers\n|-damage|p1a: Tornadus|95/100 tox|[from] psn\n|upkeep\n|turn|2\n|inactive|Time left: 300 sec this turn | 300 sec total\n|\n|t:|1783557834\n|move|p1a: Tornadus|Bleakwind Storm|p2a: Umbreon|[miss]\n|-miss|p1a: Tornadus|p2a: Umbreon\n|move|p2a: Umbreon|Foul Play|p1a: Tornadus\n|-damage|p1a: Tornadus|53/100 tox\n|\n|-heal|p2a: Umbreon|222/297|[from] item: Leftovers\n|-damage|p1a: Tornadus|41/100 tox|[from] psn\n|upkeep\n|turn|3\n|inactive|Time left: 300 sec this turn | 300 sec total\n|\n|t:|1783557835\n|move|p1a: Tornadus|Bleakwind Storm|p2a: Umbreon|[miss]\n|-miss|p1a: Tornadus|p2a: Umbreon\n|move|p2a: Umbreon|Foul Play|p1a: Tornadus\n|-damage|p1a: Tornadus|0 fnt\n|faint|p1a: Tornadus\n|\n|-heal|p2a: Umbreon|240/297|[from] item: Leftovers\n|upkeep\n|\n|t:|1783557836\n|switch|p1a: Rotom|Rotom-Fan, L86|100/100\n|turn|4\n|inactive|Time left: 300 sec this turn | 300 sec total\n|\n|t:|1783557837\n|move|p1a: Rotom|Nasty Plot|p1a: Rotom\n|-boost|p1a: Rotom|spa|2\n|move|p2a: Umbreon|Foul Play|p1a: Rotom\n|-damage|p1a: Rotom|79/100\n|\n|-heal|p2a: Umbreon|258/297|[from] item: Leftovers\n|upkeep\n|turn|5\n|inactive|Time left: 300 sec this turn | 300 sec total\n|\n|t:|1783557838\n|move|p2a: Umbreon|Protect|p2a: Umbreon\n|-singleturn|p2a: Umbreon|Protect\n|move|p1a: Rotom|Thunderbolt|p2a: Umbreon\n|-activate|p2a: Umbreon|move: Protect\n|\n|-heal|p2a: Umbreon|276/297|[from] item: Leftovers\n|upkeep\n|turn|6\n|inactive|Time left: 300 sec this turn | 300 sec total\n|\n|t:|1783557839\n|move|p1a: Rotom|Thunderbolt|p2a: Umbreon\n|-damage|p2a: Umbreon|129/297\n|move|p2a: Umbreon|Toxic|p1a: Rotom\n|-status|p1a: Rotom|tox\n|\n|-heal|p2a: Umbreon|147/297|[from] item: Leftovers\n|-damage|p1a: Rotom|73/100 tox|[from] psn\n|upkeep\n|turn|7\n|inactive|Time left: 300 sec this turn | 300 sec total\n|\n|t:|1783557840\n|move|p2a: Umbreon|Protect|p2a: Umbreon\n|-singleturn|p2a: Umbreon|Protect\n|move|p1a: Rotom|Thunderbolt|p2a: Umbreon\n|-activate|p2a: Umbreon|move: Protect\n|\n|-heal|p2a: Umbreon|165/297|[from] item: Leftovers\n|-damage|p1a: Rotom|60/100 tox|[from] psn\n|upkeep\n|turn|8\n|inactive|Time left: 300 sec this turn | 300 sec total\n|\n|t:|1783557841\n|move|p1a: Rotom|Thunderbolt|p2a: Umbreon\n|-damage|p2a: Umbreon|0 fnt\n|faint|p2a: Umbreon\n|\n|-damage|p1a: Rotom|42/100 tox|[from] psn\n|upkeep\n|inactive|Time left: 300 sec this turn | 300 sec total | 5 sec grace\n|\n|t:|1783557842\n|switch|p2a: Galvantula|Galvantula, L82, M|249/249\n|turn|9\n|inactive|Time left: 300 sec this turn | 300 sec total\n|\n|t:|1783557842\n|move|p2a: Galvantula|Sticky Web|p1a: Rotom\n|-sidestart|p1: p0x1534025d|move: Sticky Web\n|move|p1a: Rotom|Air Slash|p2a: Galvantula\n|-damage|p2a: Galvantula|12/249\n|\n|-damage|p1a: Rotom|17/100 tox|[from] psn\n|upkeep\n|turn|10\n|inactive|Time left: 300 sec this turn | 300 sec total\n|\n|t:|1783557843\n|move|p2a: Galvantula|Bug Buzz|p1a: Rotom\n|-resisted|p1a: Rotom\n|-damage|p1a: Rotom|0 fnt\n|faint|p1a: Rotom\n|\n|upkeep\n|\n|t:|1783557844\n|switch|p1a: Hitmonchan|Hitmonchan, L87, M|100/100\n|-activate|p1a: Hitmonchan|move: Sticky Web\n|-unboost|p1a: Hitmonchan|spe|1\n|turn|11\n|inactive|Time left: 300 sec this turn | 300 sec total\n|\n|t:|1783557845\n|move|p2a: Galvantula|Volt Switch|p1a: Hitmonchan\n|-damage|p1a: Hitmonchan|76/100\n|inactive|Time left: 300 sec this turn | 300 sec total | 5 sec grace\n|\n|t:|1783557846\n|switch|p2a: Skarmory|Skarmory, L80, F|235/235|[from] Volt Switch\n|move|p1a: Hitmonchan|Bulk Up|p1a: Hitmonchan\n|-boost|p1a: Hitmonchan|atk|1\n|-boost|p1a: Hitmonchan|def|1\n|\n|-heal|p1a: Hitmonchan|82/100|[from] item: Leftovers\n|upkeep\n|turn|12\n|inactive|Time left: 300 sec this turn | 300 sec total\n|\n|t:|1783557847\n|move|p2a: Skarmory|Brave Bird|p1a: Hitmonchan\n|-supereffective|p1a: Hitmonchan\n|-damage|p1a: Hitmonchan|16/100\n|-damage|p2a: Skarmory|185/235|[from] Recoil\n|move|p1a: Hitmonchan|Drain Punch|p2a: Skarmory\n|-damage|p2a: Skarmory|62/235\n|-heal|p1a: Hitmonchan|43/100|[from] drain|[of] p2a: Skarmory\n|\n|-heal|p2a: Skarmory|76/235|[from] item: Leftovers\n|-heal|p1a: Hitmonchan|49/100|[from] item: Leftovers\n|upkeep\n|turn|13\n|inactive|Time left: 300 sec this turn | 300 sec total\n|\n|t:|1783557848\n|-terastallize|p1a: Hitmonchan|Steel\n|move|p2a: Skarmory|Brave Bird|p1a: Hitmonchan\n|-resisted|p1a: Hitmonchan\n|-damage|p1a: Hitmonchan|34/100\n|-damage|p2a: Skarmory|64/235|[from] Recoil\n|move|p1a: Hitmonchan|Drain Punch|p2a: Skarmory\n|-damage|p2a: Skarmory|0 fnt\n|-heal|p1a: Hitmonchan|48/100|[from] drain|[of] p2a: Skarmory\n|faint|p2a: Skarmory\n|\n|-heal|p1a: Hitmonchan|54/100|[from] item: Leftovers\n|upkeep\n|inactive|Time left: 300 sec this turn | 300 sec total | 5 sec grace\n|\n|t:|1783557849\n|switch|p2a: Infernape|Infernape, L82, F|259/259\n|turn|14\n|inactive|Time left: 300 sec this turn | 300 sec total\n|\n|t:|1783557850\n|switch|p1a: Muk|Muk, L86, F|100/100\n|-activate|p1a: Muk|move: Sticky Web\n|-unboost|p1a: Muk|spe|1\n|move|p2a: Infernape|Close Combat|p1a: Muk\n|-resisted|p1a: Muk\n|-damage|p1a: Muk|75/100\n|-unboost|p2a: Infernape|def|1\n|-unboost|p2a: Infernape|spd|1\n|-damage|p2a: Infernape|234/259|[from] item: Life Orb\n|\n|-heal|p1a: Muk|81/100|[from] item: Leftovers\n|upkeep\n|turn|15\n|inactive|Time left: 300 sec this turn | 300 sec total\n|\n|t:|1783557851\n|switch|p2a: Meowstic|Meowstic, L89, M|277/277\n|move|p1a: Muk|Poison Jab|p2a: Meowstic\n|-damage|p2a: Meowstic|172/277\n|\n|-heal|p1a: Muk|87/100|[from] item: Leftovers\n|upkeep\n|turn|16\n|inactive|Time left: 300 sec this turn | 300 sec total\n|\n|t:|1783557852\n|move|p2a: Meowstic|Reflect|p2a: Meowstic\n|-sidestart|p2: p0y1534d295|Reflect\n|move|p1a: Muk|Knock Off|p2a: Meowstic\n|-supereffective|p2a: Meowstic\n|-damage|p2a: Meowstic|88/277\n|-enditem|p2a: Meowstic|Light Clay|[from] move: Knock Off|[of] p1a: Muk\n|\n|-heal|p1a: Muk|94/100|[from] item: Leftovers\n|upkeep\n|turn|17\n|inactive|Time left: 300 sec this turn | 300 sec total\n|\n|t:|1783557853\n|move|p2a: Meowstic|Psychic Noise|p1a: Muk\n|-supereffective|p1a: Muk\n|-damage|p1a: Muk|51/100\n|-start|p1a: Muk|move: Heal Block\n|move|p1a: Muk|Poison Jab|p2a: Meowstic\n|-damage|p2a: Meowstic|37/277\n|\n|upkeep\n|turn|18\n|inactive|Time left: 300 sec this turn | 300 sec total\n|\n|t:|1783557854\n|move|p2a: Meowstic|Light Screen|p2a: Meowstic\n|-sidestart|p2: p0y1534d295|move: Light Screen\n|move|p1a: Muk|Poison Jab|p2a: Meowstic\n|-damage|p2a: Meowstic|0 fnt\n|faint|p2a: Meowstic\n|\n|-end|p1a: Muk|move: Heal Block\n|upkeep\n|inactive|Time left: 300 sec this turn | 300 sec total | 5 sec grace\n|\n|t:|1783557855\n|switch|p2a: Dragapult|Dragapult, L77, F|262/262\n|turn|19\n|inactive|Time left: 300 sec this turn | 300 sec total\n|\n|t:|1783557856\n|move|p2a: Dragapult|Dragon Dance|p2a: Dragapult\n|-boost|p2a: Dragapult|atk|1\n|-boost|p2a: Dragapult|spe|1\n|move|p1a: Muk|Knock Off|p2a: Dragapult\n|-supereffective|p2a: Dragapult\n|-damage|p2a: Dragapult|164/262\n|-status|p2a: Dragapult|psn|[from] ability: Poison Touch|[of] p1a: Muk\n|-enditem|p2a: Dragapult|Life Orb|[from] move: Knock Off|[of] p1a: Muk\n|\n|-heal|p1a: Muk|57/100|[from] item: Leftovers\n|-damage|p2a: Dragapult|132/262 psn|[from] psn\n|upkeep\n|turn|20\n|inactive|Time left: 300 sec this turn | 300 sec total\n|\n|t:|1783557857\n|-terastallize|p2a: Dragapult|Ghost\n|move|p2a: Dragapult|Tera Blast|p1a: Muk|[anim] Tera Blast Ghost\n|-damage|p1a: Muk|0 fnt\n|faint|p1a: Muk\n|\n|-damage|p2a: Dragapult|100/262 psn|[from] psn\n|upkeep\n|\n|t:|1783557858\n|switch|p1a: Arceus|Arceus-Rock, L74|100/100\n|-activate|p1a: Arceus|move: Sticky Web\n|-unboost|p1a: Arceus|spe|1\n|turn|21\n|inactive|Time left: 300 sec this turn | 300 sec total\n|\n|t:|1783557859\n|move|p2a: Dragapult|Tera Blast|p1a: Arceus|[anim] Tera Blast Ghost\n|-damage|p1a: Arceus|52/100\n|move|p1a: Arceus|Judgment|p2a: Dragapult\n|-damage|p2a: Dragapult|28/262 psn\n|\n|-damage|p2a: Dragapult|0 fnt|[from] psn\n|faint|p2a: Dragapult\n|upkeep\n|inactive|Time left: 300 sec this turn | 300 sec total | 5 sec grace\n|\n|t:|1783557860\n|switch|p2a: Infernape|Infernape, L82, F|234/259\n|turn|22\n|inactive|Time left: 300 sec this turn | 300 sec total\n|\n|t:|1783557861\n|move|p2a: Infernape|Close Combat|p1a: Arceus\n|-supereffective|p1a: Arceus\n|-damage|p1a: Arceus|0 fnt\n|-unboost|p2a: Infernape|def|1\n|-unboost|p2a: Infernape|spd|1\n|faint|p1a: Arceus\n|-damage|p2a: Infernape|209/259|[from] item: Life Orb\n|\n|-sideend|p2: p0y1534d295|move: Light Screen\n|upkeep\n|\n|t:|1783557862\n|switch|p1a: Mewtwo|Mewtwo, L72|100/100\n|-activate|p1a: Mewtwo|move: Sticky Web\n|-unboost|p1a: Mewtwo|spe|1\n|-ability|p1a: Mewtwo|Pressure\n|turn|23\n|inactive|Time left: 300 sec this turn | 300 sec total\n|\n|t:|1783557863\n|move|p2a: Infernape|Overheat|p1a: Mewtwo\n|-damage|p1a: Mewtwo|20/100\n|-unboost|p2a: Infernape|spa|2\n|-damage|p2a: Infernape|184/259|[from] item: Life Orb\n|move|p1a: Mewtwo|Psystrike|p2a: Infernape\n|-supereffective|p2a: Infernape\n|-crit|p2a: Infernape\n|-damage|p2a: Infernape|0 fnt\n|faint|p2a: Infernape\n|-damage|p1a: Mewtwo|10/100|[from] item: Life Orb\n|\n|-sideend|p2: p0y1534d295|Reflect\n|upkeep\n|inactive|Time left: 300 sec this turn | 300 sec total | 5 sec grace\n|\n|t:|1783557864\n|switch|p2a: Galvantula|Galvantula, L82, M|12/249\n|turn|24\n|inactive|Time left: 300 sec this turn | 300 sec total\n|\n|t:|1783557865\n|move|p2a: Galvantula|Thunder|p1a: Mewtwo\n|-damage|p1a: Mewtwo|0 fnt\n|faint|p1a: Mewtwo\n|\n|upkeep\n|\n|t:|1783557865\n|switch|p1a: Hitmonchan|Hitmonchan, L87, M, tera:Steel|54/100\n|-activate|p1a: Hitmonchan|move: Sticky Web\n|-unboost|p1a: Hitmonchan|spe|1\n|turn|25\n|inactive|Time left: 300 sec this turn | 300 sec total\n|\n|t:|1783557866\n|move|p2a: Galvantula|Thunder|p1a: Hitmonchan\n|-damage|p1a: Hitmonchan|16/100\n|move|p1a: Hitmonchan|Knock Off|p2a: Galvantula\n|-damage|p2a: Galvantula|0 fnt\n|-enditem|p2a: Galvantula|Heavy-Duty Boots|[from] move: Knock Off|[of] p1a: Hitmonchan\n|faint|p2a: Galvantula\n|\n|win|p0x1534025d", "uploadtime": 1783557866, "views": 0, "rating": 0, "private": 0, "password": null, "_winner": "p0x1534025d", "_our_name": "p0y1534d295"}