{"id": "battle-gen9randombattle-2025", "formatid": "gen9randombattle", "format": "[Gen 9] Random Battle", "players": ["p0x20253562", "p0y2025cff8"], "log": "|init|battle\n|title|p0x20253562 vs. p0y2025cff8\n|j|\u2606p0x20253562\n|j|\u2606p0y2025cff8\n|t:|1783563444\n|gametype|singles\n|player|p1|p0x20253562|170|\n|player|p2|p0y2025cff8|170|\n|gen|9\n|tier|[Gen 9] Random Battle\n|rule|Species Clause: Limit one of each Pok\u00e9mon\n|rule|HP Percentage Mod: HP is shown in percentages\n|rule|Sleep Clause Mod: Limit one foe put to sleep\n|rule|Illusion Level Mod: Illusion disguises the Pok\u00e9mon's true level\n|\n|t:|1783563444\n|teamsize|p1|6\n|teamsize|p2|6\n|start\n|switch|p1a: Okidogi|Okidogi, L77, M|262/262\n|switch|p2a: Latios|Latios, L78, M|100/100\n|turn|1\n|inactive|Battle timer is ON: inactive players will automatically lose when time's up. (requested by p0y2025cff8)\n|inactive|Time left: 300 sec this turn | 300 sec total | 60 sec grace\n|inactive|p0x20253562 also wants the timer to be on.\n|\n|t:|1783563446\n|-terastallize|p1a: Okidogi|Dark\n|move|p2a: Latios|Psyshock|p1a: Okidogi\n|-immune|p1a: Okidogi\n|move|p1a: Okidogi|Knock Off|p2a: Latios\n|-supereffective|p2a: Latios\n|-damage|p2a: Latios|8/100\n|-enditem|p2a: Latios|Soul Dew|[from] move: Knock Off|[of] p1a: Okidogi\n|\n|upkeep\n|turn|2\n|inactive|Time left: 300 sec this turn | 300 sec total\n|\n|t:|1783563447\n|move|p2a: Latios|Draco Meteor|p1a: Okidogi\n|-damage|p1a: Okidogi|99/262\n|-unboost|p2a: Latios|spa|2\n|move|p1a: Okidogi|Bulk Up|p1a: Okidogi\n|-boost|p1a: Okidogi|atk|1\n|-boost|p1a: Okidogi|def|1\n|\n|-heal|p1a: Okidogi|115/262|[from] item: Leftovers\n|upkeep\n|turn|3\n|inactive|Time left: 300 sec this turn | 300 sec total\n|\n|t:|1783563448\n|move|p2a: Latios|Draco Meteor|p1a: Okidogi\n|-damage|p1a: Okidogi|36/262\n|-unboost|p2a: Latios|spa|2\n|move|p1a: Okidogi|Bulk Up|p1a: Okidogi\n|-boost|p1a: Okidogi|atk|1\n|-boost|p1a: Okidogi|def|1\n|\n|-heal|p1a: Okidogi|52/262|[from] item: Leftovers\n|upkeep\n|turn|4\n|inactive|Time left: 300 sec this turn | 300 sec total\n|\n|t:|1783563449\n|move|p2a: Latios|Draco Meteor|p1a: Okidogi\n|-damage|p1a: Okidogi|0 fnt\n|-unboost|p2a: Latios|spa|2\n|faint|p1a: Okidogi\n|\n|upkeep\n|inactive|Time left: 300 sec this turn | 300 sec total | 5 sec grace\n|\n|t:|1783563450\n|switch|p1a: Scrafty|Scrafty, L83, M|244/244\n|turn|5\n|inactive|Time left: 300 sec this turn | 300 sec total\n|\n|t:|1783563451\n|switch|p2a: Arbok|Arbok, L87, F|100/100\n|-ability|p2a: Arbok|Intimidate|boost\n|-unboost|p1a: Scrafty|atk|1\n|move|p1a: Scrafty|Bulk Up|p1a: Scrafty\n|-boost|p1a: Scrafty|atk|1\n|-boost|p1a: Scrafty|def|1\n|\n|upkeep\n|turn|6\n|inactive|Time left: 300 sec this turn | 300 sec total\n|\n|t:|1783563452\n|move|p2a: Arbok|Coil|p2a: Arbok\n|-boost|p2a: Arbok|atk|1\n|-boost|p2a: Arbok|def|1\n|-boost|p2a: Arbok|accuracy|1\n|move|p1a: Scrafty|Knock Off|p2a: Arbok\n|-damage|p2a: Arbok|72/100\n|-enditem|p2a: Arbok|Leftovers|[from] move: Knock Off|[of] p1a: Scrafty\n|\n|upkeep\n|turn|7\n|inactive|Time left: 300 sec this turn | 300 sec total\n|\n|t:|1783563454\n|move|p2a: Arbok|Coil|p2a: Arbok\n|-boost|p2a: Arbok|atk|1\n|-boost|p2a: Arbok|def|1\n|-boost|p2a: Arbok|accuracy|1\n|move|p1a: Scrafty|Bulk Up|p1a: Scrafty\n|-boost|p1a: Scrafty|atk|1\n|-boost|p1a: Scrafty|def|1\n|\n|upkeep\n|turn|8\n|inactive|Time left: 300 sec this turn | 300 sec total\n|\n|t:|1783563455\n|move|p2a: Arbok|Coil|p2a: Arbok\n|-boost|p2a: Arbok|atk|1\n|-boost|p2a: Arbok|def|1\n|-boost|p2a: Arbok|accuracy|1\n|move|p1a: Scrafty|Bulk Up|p1a: Scrafty\n|-boost|p1a: Scrafty|atk|1\n|-boost|p1a: Scrafty|def|1\n|\n|upkeep\n|turn|9\n|inactive|Time left: 300 sec this turn | 300 sec total\n|\n|t:|1783563456\n|move|p2a: Arbok|Gunk Shot|p1a: Scrafty\n|-damage|p1a: Scrafty|133/244\n|move|p1a: Scrafty|Knock Off|p2a: Arbok\n|-damage|p2a: Arbok|47/100\n|\n|-heal|p1a: Scrafty|148/244|[from] item: Leftovers\n|upkeep\n|turn|10\n|inactive|Time left: 300 sec this turn | 300 sec total\n|\n|t:|1783563457\n|move|p2a: Arbok|Gunk Shot|p1a: Scrafty\n|-damage|p1a: Scrafty|36/244\n|move|p1a: Scrafty|Rest|p1a: Scrafty\n|-status|p1a: Scrafty|slp|[from] move: Rest\n|-heal|p1a: Scrafty|244/244 slp|[silent]\n|\n|-activate|p1a: Scrafty|ability: Shed Skin\n|-curestatus|p1a: Scrafty|slp|[msg]\n|upkeep\n|turn|11\n|inactive|Time left: 300 sec this turn | 300 sec total\n|\n|t:|1783563458\n|move|p2a: Arbok|Coil|p2a: Arbok\n|-boost|p2a: Arbok|atk|1\n|-boost|p2a: Arbok|def|1\n|-boost|p2a: Arbok|accuracy|1\n|move|p1a: Scrafty|Knock Off|p2a: Arbok\n|-damage|p2a: Arbok|26/100\n|\n|upkeep\n|turn|12\n|inactive|Time left: 300 sec this turn | 300 sec total\n|\n|t:|1783563459\n|move|p2a: Arbok|Gunk Shot|p1a: Scrafty\n|-damage|p1a: Scrafty|103/244\n|-status|p1a: Scrafty|psn\n|move|p1a: Scrafty|Knock Off|p2a: Arbok\n|-damage|p2a: Arbok|5/100\n|\n|-heal|p1a: Scrafty|118/244 psn|[from] item: Leftovers\n|-damage|p1a: Scrafty|88/244 psn|[from] psn\n|upkeep\n|turn|13\n|inactive|Time left: 300 sec this turn | 300 sec total\n|\n|t:|1783563461\n|move|p2a: Arbok|Gunk Shot|p1a: Scrafty\n|-damage|p1a: Scrafty|0 fnt\n|faint|p1a: Scrafty\n|\n|upkeep\n|inactive|Time left: 300 sec this turn | 300 sec total | 5 sec grace\n|\n|t:|1783563462\n|switch|p1a: Vigoroth|Vigoroth, L85, F|275/275\n|turn|14\n|inactive|Time left: 300 sec this turn | 300 sec total\n|\n|t:|1783563463\n|move|p1a: Vigoroth|Body Slam|p2a: Arbok\n|-damage|p2a: Arbok|0 fnt\n|faint|p2a: Arbok\n|\n|upkeep\n|\n|t:|1783563464\n|switch|p2a: Lilligant|Lilligant, L86, F|100/100\n|turn|15\n|inactive|Time left: 300 sec this turn | 300 sec total\n|\n|t:|1783563466\n|-terastallize|p2a: Lilligant|Grass\n|move|p2a: Lilligant|Petal Dance|p1a: Vigoroth\n|-damage|p1a: Vigoroth|20/275\n|-damage|p2a: Lilligant|91/100|[from] item: Life Orb\n|move|p1a: Vigoroth|Body Slam|p2a: Lilligant\n|-damage|p2a: Lilligant|55/100\n|\n|upkeep\n|turn|16\n|inactive|Time left: 300 sec this turn | 300 sec total\n|\n|t:|1783563467\n|move|p2a: Lilligant|Petal Dance|p1a: Vigoroth|[from] lockedmove\n|-damage|p1a: Vigoroth|0 fnt\n|faint|p1a: Vigoroth\n|-damage|p2a: Lilligant|45/100|[from] item: Life Orb\n|\n|upkeep\n|inactive|Time left: 300 sec this turn | 300 sec total | 5 sec grace\n|\n|t:|1783563467\n|switch|p1a: Inteleon|Inteleon, L81, M|246/246\n|turn|17\n|inactive|Time left: 300 sec this turn | 300 sec total\n|\n|t:|1783563468\n|move|p1a: Inteleon|Ice Beam|p2a: Lilligant\n|-supereffective|p2a: Lilligant\n|-damage|p2a: Lilligant|0 fnt\n|faint|p2a: Lilligant\n|\n|upkeep\n|\n|t:|1783563469\n|switch|p2a: Morpeko|Morpeko, L88, F|100/100\n|turn|18\n|inactive|Time left: 300 sec this turn | 300 sec total\n|\n|t:|1783563470\n|switch|p1a: Luxray|Luxray, L88, M|284/284\n|-ability|p1a: Luxray|Intimidate|boost\n|-unboost|p2a: Morpeko|atk|1\n|move|p2a: Morpeko|Aura Wheel|p1a: Luxray\n|-resisted|p1a: Luxray\n|-damage|p1a: Luxray|239/284\n|-boost|p2a: Morpeko|spe|1\n|\n|-formechange|p2a: Morpeko|Morpeko-Hangry||[from] ability: Hunger Switch\n|upkeep\n|turn|19\n|inactive|Time left: 300 sec this turn | 300 sec total\n|\n|t:|1783563471\n|move|p2a: Morpeko|Protect|p2a: Morpeko\n|-singleturn|p2a: Morpeko|Protect\n|move|p1a: Luxray|Play Rough|p2a: Morpeko\n|-activate|p2a: Morpeko|move: Protect\n|\n|-formechange|p2a: Morpeko|Morpeko||[from] ability: Hunger Switch\n|upkeep\n|turn|20\n|inactive|Time left: 300 sec this turn | 300 sec total\n|\n|t:|1783563472\n|move|p2a: Morpeko|Aura Wheel|p1a: Luxray\n|-resisted|p1a: Luxray\n|-damage|p1a: Luxray|194/284\n|-boost|p2a: Morpeko|spe|1\n|move|p1a: Luxray|Play Rough|p2a: Morpeko\n|-supereffective|p2a: Morpeko\n|-damage|p2a: Morpeko|7/100\n|\n|-formechange|p2a: Morpeko|Morpeko-Hangry||[from] ability: Hunger Switch\n|upkeep\n|turn|21\n|inactive|Time left: 300 sec this turn | 300 sec total\n|\n|t:|1783563473\n|move|p2a: Morpeko|Aura Wheel|p1a: Luxray\n|-damage|p1a: Luxray|110/284\n|-boost|p2a: Morpeko|spe|1\n|move|p1a: Luxray|Volt Switch|p2a: Morpeko\n|-resisted|p2a: Morpeko\n|-damage|p2a: Morpeko|0 fnt\n|faint|p2a: Morpeko\n|inactive|Time left: 300 sec this turn | 300 sec total | 5 sec grace\n|\n|t:|1783563474\n|switch|p1a: Inteleon|Inteleon, L81, M|246/246|[from] Volt Switch\n|\n|upkeep\n|\n|t:|1783563475\n|switch|p2a: Seviper|Seviper, L93, M|100/100\n|turn|22\n|inactive|Time left: 300 sec this turn | 300 sec total\n|\n|t:|1783563476\n|move|p1a: Inteleon|Scald|p2a: Seviper\n|-damage|p2a: Seviper|45/100\n|move|p2a: Seviper|Gunk Shot|p1a: Inteleon|[miss]\n|-miss|p2a: Seviper|p1a: Inteleon\n|\n|upkeep\n|turn|23\n|inactive|Time left: 300 sec this turn | 300 sec total\n|\n|t:|1783563477\n|switch|p2a: Latios|Latios, L78, M|8/100\n|move|p1a: Inteleon|Scald|p2a: Latios\n|-resisted|p2a: Latios\n|-damage|p2a: Latios|0 fnt\n|faint|p2a: Latios\n|\n|upkeep\n|\n|t:|1783563478\n|switch|p2a: Oricorio|Oricorio-Pa'u, L87, M|100/100\n|turn|24\n|inactive|Time left: 300 sec this turn | 300 sec total\n|\n|t:|1783563479\n|move|p1a: Inteleon|Scald|p2a: Oricorio\n|-damage|p2a: Oricorio|36/100\n|-status|p2a: Oricorio|brn\n|move|p2a: Oricorio|Quiver Dance|p2a: Oricorio\n|-boost|p2a: Oricorio|spa|1\n|-boost|p2a: Oricorio|spd|1\n|-boost|p2a: Oricorio|spe|1\n|\n|-damage|p2a: Oricorio|30/100 brn|[from] brn\n|upkeep\n|turn|25\n|inactive|Time left: 300 sec this turn | 300 sec total\n|\n|t:|1783563480\n|move|p2a: Oricorio|Roost|p2a: Oricorio\n|-heal|p2a: Oricorio|80/100 brn\n|-singleturn|p2a: Oricorio|move: Roost\n|move|p1a: Inteleon|Scald|p2a: Oricorio\n|-damage|p2a: Oricorio|41/100 brn\n|\n|-damage|p2a: Oricorio|35/100 brn|[from] brn\n|upkeep\n|turn|26\n|inactive|Time left: 300 sec this turn | 300 sec total\n|\n|t:|1783563481\n|switch|p1a: Luxray|Luxray, L88, M|110/284\n|-ability|p1a: Luxray|Intimidate|boost\n|-unboost|p2a: Oricorio|atk|1\n|move|p2a: Oricorio|Roost|p2a: Oricorio\n|-heal|p2a: Oricorio|85/100 brn\n|-singleturn|p2a: Oricorio|move: Roost\n|\n|-damage|p2a: Oricorio|79/100 brn|[from] brn\n|upkeep\n|turn|27\n|inactive|Time left: 300 sec this turn | 300 sec total\n|\n|t:|1783563482\n|move|p2a: Oricorio|Roost|p2a: Oricorio\n|-heal|p2a: Oricorio|100/100 brn\n|-singleturn|p2a: Oricorio|move: Roost\n|move|p1a: Luxray|Wild Charge|p2a: Oricorio\n|-damage|p2a: Oricorio|52/100 brn\n|-damage|p1a: Luxray|77/284|[from] Recoil\n|\n|-damage|p2a: Oricorio|45/100 brn|[from] brn\n|upkeep\n|turn|28\n|inactive|Time left: 300 sec this turn | 300 sec total\n|\n|t:|1783563483\n|move|p2a: Oricorio|Roost|p2a: Oricorio\n|-heal|p2a: Oricorio|95/100 brn\n|-singleturn|p2a: Oricorio|move: Roost\n|move|p1a: Luxray|Throat Chop|p2a: Oricorio\n|-supereffective|p2a: Oricorio\n|-damage|p2a: Oricorio|37/100 brn\n|-start|p2a: Oricorio|Throat Chop|[silent]\n|\n|-damage|p2a: Oricorio|30/100 brn|[from] brn\n|upkeep\n|turn|29\n|inactive|Time left: 300 sec this turn | 300 sec total\n|\n|t:|1783563484\n|move|p2a: Oricorio|Roost|p2a: Oricorio\n|-heal|p2a: Oricorio|80/100 brn\n|-singleturn|p2a: Oricorio|move: Roost\n|move|p1a: Luxray|Throat Chop|p2a: Oricorio\n|-supereffective|p2a: Oricorio\n|-damage|p2a: Oricorio|23/100 brn\n|\n|-damage|p2a: Oricorio|17/100 brn|[from] brn\n|-end|p2a: Oricorio|Throat Chop|[silent]\n|upkeep\n|turn|30\n|inactive|Time left: 300 sec this turn | 300 sec total\n|\n|t:|1783563484\n|switch|p2a: Seviper|Seviper, L93, M|45/100\n|move|p1a: Luxray|Throat Chop|p2a: Seviper\n|-damage|p2a: Seviper|12/100\n|-start|p2a: Seviper|Throat Chop|[silent]\n|\n|upkeep\n|turn|31\n|inactive|Time left: 300 sec this turn | 300 sec total\n|\n|t:|1783563485\n|move|p2a: Seviper|Earthquake|p1a: Luxray\n|-supereffective|p1a: Luxray\n|-damage|p1a: Luxray|0 fnt\n|faint|p1a: Luxray\n|-damage|p2a: Seviper|2/100|[from] item: Life Orb\n|\n|-end|p2a: Seviper|Throat Chop|[silent]\n|upkeep\n|inactive|Time left: 300 sec this turn | 300 sec total | 5 sec grace\n|\n|t:|1783563486\n|switch|p1a: Inteleon|Inteleon, L81, M|246/246\n|turn|32\n|inactive|Time left: 300 sec this turn | 300 sec total\n|\n|t:|1783563487\n|move|p1a: Inteleon|Scald|p2a: Seviper\n|-damage|p2a: Seviper|0 fnt\n|faint|p2a: Seviper\n|\n|upkeep\n|\n|t:|1783563488\n|switch|p2a: Oricorio|Oricorio-Pa'u, L87, M|17/100 brn\n|turn|33\n|inactive|Time left: 300 sec this turn | 300 sec total\n|\n|t:|1783563489\n|move|p1a: Inteleon|Scald|p2a: Oricorio\n|-damage|p2a: Oricorio|0 fnt\n|faint|p2a: Oricorio\n|\n|win|p0x20253562", "uploadtime": 1783563489, "views": 0, "rating": 0, "private": 0, "password": null, "_winner": "p0x20253562", "_our_name": "p0x20253562"}