{"id": "battle-gen9randombattle-1536", "formatid": "gen9randombattle", "format": "[Gen 9] Random Battle", "players": ["p0x1536dacd", "p0y15366864"], "log": "|init|battle\n|title|p0x1536dacd vs. p0y15366864\n|j|\u2606p0x1536dacd\n|j|\u2606p0y15366864\n|t:|1783556969\n|gametype|singles\n|player|p1|p0x1536dacd|1|\n|player|p2|p0y15366864|266|\n|gen|9\n|tier|[Gen 9] Random Battle\n|rule|Species Clause: Limit one of each Pok\u00e9mon\n|rule|HP Percentage Mod: HP is shown in percentages\n|rule|Sleep Clause Mod: Limit one foe put to sleep\n|rule|Illusion Level Mod: Illusion disguises the Pok\u00e9mon's true level\n|\n|t:|1783556969\n|teamsize|p1|6\n|teamsize|p2|6\n|start\n|switch|p1a: Dedenne|Dedenne, L88, M|261/261\n|switch|p2a: Gumshoos|Gumshoos, L95, M|100/100\n|turn|1\n|inactive|Battle timer is ON: inactive players will automatically lose when time's up. (requested by p0y15366864)\n|inactive|Time left: 300 sec this turn | 300 sec total | 60 sec grace\n|inactive|p0x1536dacd also wants the timer to be on.\n|\n|t:|1783556971\n|move|p1a: Dedenne|Super Fang|p2a: Gumshoos\n|-damage|p2a: Gumshoos|51/100\n|move|p2a: Gumshoos|Double-Edge|p1a: Dedenne\n|-damage|p1a: Dedenne|0 fnt\n|faint|p1a: Dedenne\n|-damage|p2a: Gumshoos|24/100|[from] Recoil\n|\n|upkeep\n|inactive|Time left: 300 sec this turn | 300 sec total | 65 sec grace\n|\n|t:|1783556972\n|switch|p1a: Chi-Yu|Chi-Yu, L77|211/211\n|-ability|p1a: Chi-Yu|Beads of Ruin\n|turn|2\n|inactive|Time left: 300 sec this turn | 300 sec total\n|\n|t:|1783556973\n|switch|p2a: Tyranitar|Tyranitar, L78, F|100/100\n|-weather|Sandstorm|[from] ability: Sand Stream|[of] p2a: Tyranitar\n|move|p1a: Chi-Yu|Dark Pulse|p2a: Tyranitar\n|-resisted|p2a: Tyranitar\n|-damage|p2a: Tyranitar|87/100\n|\n|-weather|Sandstorm|[upkeep]\n|-damage|p1a: Chi-Yu|198/211|[from] Sandstorm\n|upkeep\n|turn|3\n|inactive|Time left: 300 sec this turn | 300 sec total\n|\n|t:|1783556974\n|move|p1a: Chi-Yu|Dark Pulse|p2a: Tyranitar\n|-resisted|p2a: Tyranitar\n|-damage|p2a: Tyranitar|73/100\n|cant|p2a: Tyranitar|flinch\n|\n|-weather|Sandstorm|[upkeep]\n|-damage|p1a: Chi-Yu|185/211|[from] Sandstorm\n|upkeep\n|turn|4\n|inactive|Time left: 300 sec this turn | 300 sec total\n|\n|t:|1783556975\n|switch|p1a: Carbink|Carbink, L90|236/236\n|move|p2a: Tyranitar|Stone Edge|p1a: Carbink\n|-damage|p1a: Carbink|167/236\n|\n|-weather|Sandstorm|[upkeep]\n|-heal|p1a: Carbink|181/236|[from] item: Leftovers\n|upkeep\n|turn|5\n|inactive|Time left: 300 sec this turn | 300 sec total\n|\n|t:|1783556976\n|switch|p2a: Donphan|Donphan, L84, F|100/100\n|move|p1a: Carbink|Body Press|p2a: Donphan\n|-damage|p2a: Donphan|73/100\n|\n|-weather|Sandstorm|[upkeep]\n|-heal|p1a: Carbink|195/236|[from] item: Leftovers\n|upkeep\n|turn|6\n|inactive|Time left: 300 sec this turn | 300 sec total\n|\n|t:|1783556977\n|move|p1a: Carbink|Iron Defense|p1a: Carbink\n|-boost|p1a: Carbink|def|2\n|move|p2a: Donphan|Earthquake|p1a: Carbink\n|-supereffective|p1a: Carbink\n|-damage|p1a: Carbink|121/236\n|\n|-weather|none\n|-heal|p1a: Carbink|135/236|[from] item: Leftovers\n|upkeep\n|turn|7\n|inactive|Time left: 300 sec this turn | 300 sec total\n|\n|t:|1783556978\n|switch|p2a: Slowbro|Slowbro, L85, M|100/100\n|move|p1a: Carbink|Body Press|p2a: Slowbro\n|-resisted|p2a: Slowbro\n|-crit|p2a: Slowbro\n|-damage|p2a: Slowbro|64/100\n|\n|-heal|p1a: Carbink|149/236|[from] item: Leftovers\n|upkeep\n|turn|8\n|inactive|Time left: 300 sec this turn | 300 sec total\n|\n|t:|1783556979\n|move|p1a: Carbink|Body Press|p2a: Slowbro\n|-resisted|p2a: Slowbro\n|-damage|p2a: Slowbro|37/100\n|move|p2a: Slowbro|Scald|p1a: Carbink\n|-supereffective|p1a: Carbink\n|-damage|p1a: Carbink|45/236\n|\n|-heal|p1a: Carbink|59/236|[from] item: Leftovers\n|upkeep\n|turn|9\n|inactive|Time left: 300 sec this turn | 300 sec total\n|\n|t:|1783556980\n|-terastallize|p1a: Carbink|Fighting\n|move|p1a: Carbink|Body Press|p2a: Slowbro\n|-resisted|p2a: Slowbro\n|-damage|p2a: Slowbro|0 fnt\n|faint|p2a: Slowbro\n|\n|-heal|p1a: Carbink|73/236|[from] item: Leftovers\n|upkeep\n|\n|t:|1783556981\n|switch|p2a: Uxie|Uxie, L83|100/100\n|turn|10\n|inactive|Time left: 300 sec this turn | 300 sec total\n|\n|t:|1783556982\n|move|p2a: Uxie|Psychic Noise|p1a: Carbink\n|-supereffective|p1a: Carbink\n|-damage|p1a: Carbink|0 fnt\n|faint|p1a: Carbink\n|\n|upkeep\n|inactive|Time left: 300 sec this turn | 300 sec total | 5 sec grace\n|\n|t:|1783556983\n|switch|p1a: Floatzel|Floatzel, L86, F|286/286\n|turn|11\n|inactive|Time left: 300 sec this turn | 300 sec total\n|\n|t:|1783556984\n|move|p1a: Floatzel|Wave Crash|p2a: Uxie\n|-damage|p2a: Uxie|41/100\n|-damage|p1a: Floatzel|235/286|[from] Recoil\n|move|p2a: Uxie|Knock Off|p1a: Floatzel\n|-damage|p1a: Floatzel|152/286\n|-enditem|p1a: Floatzel|Choice Band|[from] move: Knock Off|[of] p2a: Uxie\n|\n|-heal|p2a: Uxie|47/100|[from] item: Leftovers\n|upkeep\n|turn|12\n|inactive|Time left: 300 sec this turn | 300 sec total\n|\n|t:|1783556985\n|move|p1a: Floatzel|Wave Crash|p2a: Uxie\n|-damage|p2a: Uxie|4/100\n|-damage|p1a: Floatzel|114/286|[from] Recoil\n|move|p2a: Uxie|Psychic Noise|p1a: Floatzel\n|-damage|p1a: Floatzel|26/286\n|-start|p1a: Floatzel|move: Heal Block\n|\n|-heal|p2a: Uxie|10/100|[from] item: Leftovers\n|upkeep\n|turn|13\n|inactive|Time left: 300 sec this turn | 300 sec total\n|\n|t:|1783556987\n|move|p1a: Floatzel|Wave Crash|p2a: Uxie\n|-damage|p2a: Uxie|0 fnt\n|faint|p2a: Uxie\n|-damage|p1a: Floatzel|18/286|[from] Recoil\n|\n|-end|p1a: Floatzel|move: Heal Block\n|upkeep\n|\n|t:|1783556988\n|switch|p2a: Persian|Persian, L92, M|100/100\n|turn|14\n|inactive|Time left: 300 sec this turn | 300 sec total\n|\n|t:|1783556989\n|switch|p1a: Appletun|Appletun, L92, F|352/352\n|move|p2a: Persian|U-turn|p1a: Appletun\n|-supereffective|p1a: Appletun\n|-damage|p1a: Appletun|252/352\n|\n|t:|1783556990\n|switch|p2a: Tyranitar|Tyranitar, L78, F|73/100|[from] U-turn\n|-weather|Sandstorm|[from] ability: Sand Stream|[of] p2a: Tyranitar\n|\n|-weather|Sandstorm|[upkeep]\n|-damage|p1a: Appletun|230/352|[from] Sandstorm\n|-heal|p1a: Appletun|252/352|[from] item: Leftovers\n|upkeep\n|turn|15\n|inactive|Time left: 300 sec this turn | 300 sec total\n|\n|t:|1783556991\n|move|p2a: Tyranitar|Dragon Dance|p2a: Tyranitar\n|-boost|p2a: Tyranitar|atk|1\n|-boost|p2a: Tyranitar|spe|1\n|move|p1a: Appletun|Leech Seed|p2a: Tyranitar\n|-start|p2a: Tyranitar|move: Leech Seed\n|\n|-weather|Sandstorm|[upkeep]\n|-damage|p1a: Appletun|230/352|[from] Sandstorm\n|-heal|p1a: Appletun|252/352|[from] item: Leftovers\n|-damage|p2a: Tyranitar|61/100|[from] Leech Seed|[of] p1a: Appletun\n|-heal|p1a: Appletun|287/352|[silent]\n|upkeep\n|turn|16\n|inactive|Time left: 300 sec this turn | 300 sec total\n|\n|t:|1783556992\n|move|p2a: Tyranitar|Ice Punch|p1a: Appletun\n|-supereffective|p1a: Appletun\n|-damage|p1a: Appletun|115/352\n|move|p1a: Appletun|Recover|p1a: Appletun\n|-heal|p1a: Appletun|291/352\n|\n|-weather|Sandstorm|[upkeep]\n|-damage|p1a: Appletun|269/352|[from] Sandstorm\n|-heal|p1a: Appletun|291/352|[from] item: Leftovers\n|-damage|p2a: Tyranitar|48/100|[from] Leech Seed|[of] p1a: Appletun\n|-heal|p1a: Appletun|326/352|[silent]\n|upkeep\n|turn|17\n|inactive|Time left: 300 sec this turn | 300 sec total\n|\n|t:|1783556993\n|move|p2a: Tyranitar|Knock Off|p1a: Appletun\n|-damage|p1a: Appletun|142/352\n|-enditem|p1a: Appletun|Leftovers|[from] move: Knock Off|[of] p2a: Tyranitar\n|move|p1a: Appletun|Apple Acid|p2a: Tyranitar\n|-supereffective|p2a: Tyranitar\n|-damage|p2a: Tyranitar|4/100\n|-unboost|p2a: Tyranitar|spd|1\n|-enditem|p2a: Tyranitar|Weakness Policy\n|-boost|p2a: Tyranitar|atk|2|[from] item: Weakness Policy\n|-boost|p2a: Tyranitar|spa|2|[from] item: Weakness Policy\n|\n|-weather|Sandstorm|[upkeep]\n|-damage|p1a: Appletun|120/352|[from] Sandstorm\n|-damage|p2a: Tyranitar|0 fnt|[from] Leech Seed|[of] p1a: Appletun\n|-heal|p1a: Appletun|130/352|[silent]\n|faint|p2a: Tyranitar\n|upkeep\n|\n|t:|1783556994\n|switch|p2a: Gumshoos|Gumshoos, L95, M|24/100\n|turn|18\n|inactive|Time left: 300 sec this turn | 300 sec total\n|\n|t:|1783556995\n|switch|p1a: Floatzel|Floatzel, L86, F|18/286\n|move|p2a: Gumshoos|U-turn|p1a: Floatzel\n|-damage|p1a: Floatzel|0 fnt\n|faint|p1a: Floatzel\n|\n|t:|1783556996\n|switch|p2a: Persian|Persian, L92, M|100/100|[from] U-turn\n|\n|-weather|none\n|upkeep\n|inactive|Time left: 300 sec this turn | 300 sec total | 10 sec grace\n|\n|t:|1783556997\n|switch|p1a: Victreebel|Victreebel, L90, F|290/290\n|turn|19\n|inactive|Time left: 300 sec this turn | 300 sec total\n|\n|t:|1783556998\n|move|p2a: Persian|Fake Out|p1a: Victreebel\n|-damage|p1a: Victreebel|206/290\n|cant|p1a: Victreebel|flinch\n|\n|upkeep\n|turn|20\n|inactive|Time left: 300 sec this turn | 300 sec total\n|\n|t:|1783556999\n|-terastallize|p2a: Persian|Normal\n|move|p2a: Persian|Double-Edge|p1a: Victreebel\n|-damage|p1a: Victreebel|2/290\n|-damage|p2a: Persian|76/100|[from] Recoil\n|move|p1a: Victreebel|Power Whip|p2a: Persian\n|-damage|p2a: Persian|0 fnt\n|faint|p2a: Persian\n|-damage|p1a: Victreebel|0 fnt|[from] item: Life Orb\n|faint|p1a: Victreebel\n|\n|upkeep\n|inactive|Time left: 300 sec this turn | 300 sec total | 5 sec grace\n|\n|t:|1783557000\n|switch|p2a: Donphan|Donphan, L84, F|73/100\n|switch|p1a: Chi-Yu|Chi-Yu, L77|185/211\n|-ability|p1a: Chi-Yu|Beads of Ruin\n|turn|21\n|inactive|Time left: 300 sec this turn | 300 sec total\n|\n|t:|1783557001\n|switch|p1a: Appletun|Appletun, L92, F|130/352\n|switch|p2a: Gumshoos|Gumshoos, L95, M|24/100\n|\n|upkeep\n|turn|22\n|inactive|Time left: 300 sec this turn | 300 sec total\n|\n|t:|1783557002\n|move|p2a: Gumshoos|Double-Edge|p1a: Appletun\n|-damage|p1a: Appletun|0 fnt\n|faint|p1a: Appletun\n|-damage|p2a: Gumshoos|10/100|[from] Recoil\n|\n|upkeep\n|inactive|Time left: 300 sec this turn | 300 sec total | 5 sec grace\n|\n|t:|1783557003\n|switch|p1a: Chi-Yu|Chi-Yu, L77|185/211\n|-ability|p1a: Chi-Yu|Beads of Ruin\n|turn|23\n|inactive|Time left: 300 sec this turn | 300 sec total\n|\n|t:|1783557004\n|move|p1a: Chi-Yu|Dark Pulse|p2a: Gumshoos\n|-damage|p2a: Gumshoos|0 fnt\n|faint|p2a: Gumshoos\n|\n|upkeep\n|\n|t:|1783557005\n|switch|p2a: Donphan|Donphan, L84, F|73/100\n|turn|24\n|inactive|Time left: 300 sec this turn | 300 sec total\n|\n|t:|1783557006\n|move|p1a: Chi-Yu|Dark Pulse|p2a: Donphan\n|-damage|p2a: Donphan|36/100\n|move|p2a: Donphan|Earthquake|p1a: Chi-Yu\n|-supereffective|p1a: Chi-Yu\n|-damage|p1a: Chi-Yu|0 fnt\n|faint|p1a: Chi-Yu\n|\n|win|p0y15366864", "uploadtime": 1783557006, "views": 0, "rating": 0, "private": 0, "password": null, "_winner": "p0y15366864", "_our_name": "p0x1536dacd"}