{"id": "battle-gen9randombattle-1191", "formatid": "gen9randombattle", "format": "[Gen 9] Random Battle", "players": ["p0x119183d6", "p0y11911998"], "log": "|init|battle\n|title|p0x119183d6 vs. p0y11911998\n|j|\u2606p0x119183d6\n|j|\u2606p0y11911998\n|t:|1783553784\n|gametype|singles\n|player|p1|p0x119183d6|102|\n|player|p2|p0y11911998|170|\n|gen|9\n|tier|[Gen 9] Random Battle\n|rule|Species Clause: Limit one of each Pok\u00e9mon\n|rule|HP Percentage Mod: HP is shown in percentages\n|rule|Sleep Clause Mod: Limit one foe put to sleep\n|rule|Illusion Level Mod: Illusion disguises the Pok\u00e9mon's true level\n|\n|t:|1783553784\n|teamsize|p1|6\n|teamsize|p2|6\n|start\n|switch|p1a: Pincurchin|Pincurchin, M|100/100\n|switch|p2a: Slowbro|Slowbro-Galar, L87, M|307/307\n|-fieldstart|move: Electric Terrain|[from] ability: Electric Surge|[of] p1a: Pincurchin\n|turn|1\n|inactive|Battle timer is ON: inactive players will automatically lose when time's up. (requested by p0y11911998)\n|inactive|p0x119183d6 also wants the timer to be on.\n|\n|t:|1783553786\n|move|p1a: Pincurchin|Discharge|p2a: Slowbro\n|-damage|p2a: Slowbro|138/307\n|move|p2a: Slowbro|Psychic|p1a: Pincurchin\n|-damage|p1a: Pincurchin|59/100\n|-damage|p2a: Slowbro|108/307|[from] item: Life Orb\n|\n|-heal|p1a: Pincurchin|65/100|[from] item: Leftovers\n|upkeep\n|turn|2\n|inactive|Time left: 300 sec this turn | 300 sec total\n|\n|t:|1783553788\n|switch|p2a: Regice|Regice, L88|284/284\n|move|p1a: Pincurchin|Scald|p2a: Regice\n|-damage|p2a: Regice|246/284\n|-status|p2a: Regice|brn\n|\n|-heal|p1a: Pincurchin|71/100|[from] item: Leftovers\n|-damage|p2a: Regice|229/284 brn|[from] brn\n|upkeep\n|turn|3\n|inactive|Time left: 300 sec this turn | 300 sec total\n|\n|t:|1783553789\n|move|p2a: Regice|Ice Beam|p1a: Pincurchin\n|-damage|p1a: Pincurchin|38/100\n|move|p1a: Pincurchin|Recover|p1a: Pincurchin\n|-heal|p1a: Pincurchin|88/100\n|\n|-heal|p1a: Pincurchin|94/100|[from] item: Leftovers\n|-damage|p2a: Regice|212/284 brn|[from] brn\n|upkeep\n|turn|4\n|inactive|Time left: 300 sec this turn | 300 sec total\n|\n|t:|1783553790\n|move|p2a: Regice|Ice Beam|p1a: Pincurchin\n|-crit|p1a: Pincurchin\n|-damage|p1a: Pincurchin|40/100\n|move|p1a: Pincurchin|Spikes|p2a: Regice\n|-sidestart|p2: p0y11911998|Spikes\n|\n|-heal|p1a: Pincurchin|46/100|[from] item: Leftovers\n|-damage|p2a: Regice|195/284 brn|[from] brn\n|upkeep\n|turn|5\n|inactive|Time left: 300 sec this turn | 300 sec total\n|\n|t:|1783553791\n|move|p2a: Regice|Ice Beam|p1a: Pincurchin\n|-damage|p1a: Pincurchin|11/100\n|move|p1a: Pincurchin|Recover|p1a: Pincurchin\n|-heal|p1a: Pincurchin|61/100\n|\n|-heal|p1a: Pincurchin|67/100|[from] item: Leftovers\n|-damage|p2a: Regice|178/284 brn|[from] brn\n|-fieldend|move: Electric Terrain\n|upkeep\n|turn|6\n|inactive|Time left: 300 sec this turn | 300 sec total\n|\n|t:|1783553792\n|move|p2a: Regice|Ice Beam|p1a: Pincurchin\n|-damage|p1a: Pincurchin|29/100\n|move|p1a: Pincurchin|Discharge|p2a: Regice\n|-damage|p2a: Regice|118/284 brn\n|\n|-heal|p1a: Pincurchin|35/100|[from] item: Leftovers\n|-damage|p2a: Regice|101/284 brn|[from] brn\n|upkeep\n|turn|7\n|inactive|Time left: 300 sec this turn | 300 sec total\n|\n|t:|1783553793\n|move|p2a: Regice|Ice Beam|p1a: Pincurchin\n|-damage|p1a: Pincurchin|2/100\n|move|p1a: Pincurchin|Recover|p1a: Pincurchin\n|-heal|p1a: Pincurchin|52/100\n|\n|-heal|p1a: Pincurchin|58/100|[from] item: Leftovers\n|-damage|p2a: Regice|84/284 brn|[from] brn\n|upkeep\n|turn|8\n|inactive|Time left: 300 sec this turn | 300 sec total\n|\n|t:|1783553794\n|move|p2a: Regice|Ice Beam|p1a: Pincurchin\n|-damage|p1a: Pincurchin|22/100\n|move|p1a: Pincurchin|Recover|p1a: Pincurchin\n|-heal|p1a: Pincurchin|72/100\n|\n|-heal|p1a: Pincurchin|78/100|[from] item: Leftovers\n|-damage|p2a: Regice|67/284 brn|[from] brn\n|upkeep\n|turn|9\n|inactive|Time left: 300 sec this turn | 300 sec total\n|\n|t:|1783553795\n|move|p2a: Regice|Rest|p2a: Regice\n|-status|p2a: Regice|slp|[from] move: Rest\n|-heal|p2a: Regice|284/284 slp|[silent]\n|move|p1a: Pincurchin|Discharge|p2a: Regice\n|-damage|p2a: Regice|230/284 slp\n|\n|-heal|p1a: Pincurchin|84/100|[from] item: Leftovers\n|upkeep\n|turn|10\n|inactive|Time left: 300 sec this turn | 300 sec total\n|\n|t:|1783553796\n|cant|p2a: Regice|slp\n|move|p2a: Regice|Sleep Talk|p2a: Regice\n|move|p2a: Regice|Ice Beam|p1a: Pincurchin|[from] move: Sleep Talk\n|-damage|p1a: Pincurchin|50/100\n|move|p1a: Pincurchin|Scald|p2a: Regice\n|-damage|p2a: Regice|192/284 slp\n|\n|-heal|p1a: Pincurchin|56/100|[from] item: Leftovers\n|upkeep\n|turn|11\n|inactive|Time left: 300 sec this turn | 300 sec total\n|\n|t:|1783553797\n|cant|p2a: Regice|slp\n|move|p2a: Regice|Sleep Talk|p2a: Regice\n|move|p2a: Regice|Ice Beam|p1a: Pincurchin|[from] move: Sleep Talk\n|-damage|p1a: Pincurchin|20/100\n|move|p1a: Pincurchin|Spikes|p2a: Regice\n|-sidestart|p2: p0y11911998|Spikes\n|\n|-heal|p1a: Pincurchin|26/100|[from] item: Leftovers\n|upkeep\n|turn|12\n|inactive|Time left: 300 sec this turn | 300 sec total\n|\n|t:|1783553799\n|switch|p1a: Snorlax|Snorlax, L82, M|100/100\n|-curestatus|p2a: Regice|slp|[msg]\n|move|p2a: Regice|Ice Beam|p1a: Snorlax\n|-damage|p1a: Snorlax|90/100\n|\n|upkeep\n|turn|13\n|inactive|Time left: 300 sec this turn | 300 sec total\n|\n|t:|1783553800\n|move|p2a: Regice|Ice Beam|p1a: Snorlax\n|-damage|p1a: Snorlax|78/100\n|move|p1a: Snorlax|Body Slam|p2a: Regice\n|-damage|p2a: Regice|114/284\n|\n|upkeep\n|turn|14\n|inactive|Time left: 300 sec this turn | 300 sec total\n|\n|t:|1783553801\n|move|p2a: Regice|Rest|p2a: Regice\n|-status|p2a: Regice|slp|[from] move: Rest\n|-heal|p2a: Regice|284/284 slp|[silent]\n|move|p1a: Snorlax|Earthquake|p2a: Regice\n|-damage|p2a: Regice|218/284 slp\n|\n|upkeep\n|turn|15\n|inactive|Time left: 300 sec this turn | 300 sec total\n|\n|t:|1783553802\n|cant|p2a: Regice|slp\n|move|p2a: Regice|Sleep Talk|p2a: Regice\n|move|p2a: Regice|Rest||[from] move: Sleep Talk|[still]\n|-fail|p2a: Regice\n|move|p1a: Snorlax|Body Slam|p2a: Regice\n|-damage|p2a: Regice|131/284 slp\n|\n|upkeep\n|turn|16\n|inactive|Time left: 300 sec this turn | 300 sec total\n|\n|t:|1783553803\n|cant|p2a: Regice|slp\n|move|p2a: Regice|Sleep Talk|p2a: Regice\n|move|p2a: Regice|Thunderbolt|p1a: Snorlax|[from] move: Sleep Talk\n|-damage|p1a: Snorlax|63/100\n|move|p1a: Snorlax|Body Slam|p2a: Regice\n|-damage|p2a: Regice|41/284 slp\n|\n|upkeep\n|turn|17\n|inactive|Time left: 300 sec this turn | 300 sec total\n|\n|t:|1783553804\n|-curestatus|p2a: Regice|slp|[msg]\n|move|p2a: Regice|Rest|p2a: Regice\n|-status|p2a: Regice|slp|[from] move: Rest\n|-heal|p2a: Regice|284/284 slp|[silent]\n|move|p1a: Snorlax|Body Slam|p2a: Regice\n|-damage|p2a: Regice|199/284 slp\n|\n|upkeep\n|turn|18\n|inactive|Time left: 300 sec this turn | 300 sec total\n|\n|t:|1783553805\n|cant|p2a: Regice|slp\n|move|p2a: Regice|Sleep Talk|p2a: Regice\n|move|p2a: Regice|Ice Beam|p1a: Snorlax|[from] move: Sleep Talk\n|-damage|p1a: Snorlax|52/100\n|-status|p1a: Snorlax|frz\n|cant|p1a: Snorlax|frz\n|\n|upkeep\n|turn|19\n|inactive|Time left: 300 sec this turn | 300 sec total\n|\n|t:|1783553806\n|cant|p2a: Regice|slp\n|move|p2a: Regice|Sleep Talk|p2a: Regice\n|move|p2a: Regice|Ice Beam|p1a: Snorlax|[from] move: Sleep Talk\n|-damage|p1a: Snorlax|40/100 frz\n|-curestatus|p1a: Snorlax|frz|[msg]\n|move|p1a: Snorlax|Body Slam|p2a: Regice\n|-damage|p2a: Regice|123/284 slp\n|\n|upkeep\n|turn|20\n|inactive|Time left: 300 sec this turn | 300 sec total\n|\n|t:|1783553808\n|-curestatus|p2a: Regice|slp|[msg]\n|move|p2a: Regice|Thunderbolt|p1a: Snorlax\n|-damage|p1a: Snorlax|23/100\n|move|p1a: Snorlax|Rest|p1a: Snorlax\n|-status|p1a: Snorlax|slp|[from] move: Rest\n|-heal|p1a: Snorlax|100/100 slp|[silent]\n|-enditem|p1a: Snorlax|Chesto Berry|[eat]\n|-curestatus|p1a: Snorlax|slp|[msg]\n|\n|upkeep\n|turn|21\n|inactive|Time left: 300 sec this turn | 300 sec total\n|\n|t:|1783553809\n|move|p2a: Regice|Ice Beam|p1a: Snorlax\n|-damage|p1a: Snorlax|89/100\n|move|p1a: Snorlax|Body Slam|p2a: Regice\n|-damage|p2a: Regice|41/284\n|\n|upkeep\n|turn|22\n|inactive|Time left: 300 sec this turn | 300 sec total\n|\n|t:|1783553810\n|move|p2a: Regice|Rest|p2a: Regice\n|-status|p2a: Regice|slp|[from] move: Rest\n|-heal|p2a: Regice|284/284 slp|[silent]\n|move|p1a: Snorlax|Body Slam|p2a: Regice\n|-damage|p2a: Regice|205/284 slp\n|\n|upkeep\n|turn|23\n|inactive|Time left: 300 sec this turn | 300 sec total\n|\n|t:|1783553811\n|switch|p2a: Forretress|Forretress, L84, M|263/263\n|-damage|p2a: Forretress|220/263|[from] Spikes\n|move|p1a: Snorlax|Body Slam|p2a: Forretress\n|-resisted|p2a: Forretress\n|-damage|p2a: Forretress|187/263\n|-status|p2a: Forretress|par\n|\n|-heal|p2a: Forretress|203/263 par|[from] item: Leftovers\n|upkeep\n|turn|24\n|inactive|Time left: 300 sec this turn | 300 sec total\n|\n|t:|1783553812\n|switch|p1a: Pincurchin|Pincurchin, M|26/100\n|-fieldstart|move: Electric Terrain|[from] ability: Electric Surge|[of] p1a: Pincurchin\n|move|p2a: Forretress|Rapid Spin|p1a: Pincurchin\n|-damage|p1a: Pincurchin|16/100\n|-boost|p2a: Forretress|spe|1\n|-sideend|p2: p0y11911998|Spikes|[from] move: Rapid Spin|[of] p2a: Forretress\n|\n|-heal|p1a: Pincurchin|22/100|[from] item: Leftovers\n|-heal|p2a: Forretress|219/263 par|[from] item: Leftovers\n|upkeep\n|turn|25\n|inactive|Time left: 300 sec this turn | 300 sec total\n|\n|t:|1783553813\n|move|p1a: Pincurchin|Recover|p1a: Pincurchin\n|-heal|p1a: Pincurchin|72/100\n|cant|p2a: Forretress|par\n|\n|-heal|p1a: Pincurchin|78/100|[from] item: Leftovers\n|-heal|p2a: Forretress|235/263 par|[from] item: Leftovers\n|upkeep\n|turn|26\n|inactive|Time left: 300 sec this turn | 300 sec total\n|\n|t:|1783553814\n|move|p1a: Pincurchin|Discharge|p2a: Forretress\n|-damage|p2a: Forretress|25/263 par\n|move|p2a: Forretress|Stealth Rock|p1a: Pincurchin\n|-sidestart|p1: p0x119183d6|move: Stealth Rock\n|\n|-heal|p1a: Pincurchin|84/100|[from] item: Leftovers\n|-heal|p2a: Forretress|41/263 par|[from] item: Leftovers\n|upkeep\n|turn|27\n|inactive|Time left: 300 sec this turn | 300 sec total\n|\n|t:|1783553815\n|move|p1a: Pincurchin|Discharge|p2a: Forretress\n|-damage|p2a: Forretress|0 fnt\n|faint|p2a: Forretress\n|\n|-heal|p1a: Pincurchin|90/100|[from] item: Leftovers\n|upkeep\n|inactive|Time left: 300 sec this turn | 300 sec total | 5 sec grace\n|\n|t:|1783553816\n|switch|p2a: Rhyperior|Rhyperior, L82, M|323/323\n|turn|28\n|inactive|Time left: 300 sec this turn | 300 sec total\n|\n|t:|1783553817\n|-terastallize|p1a: Pincurchin|Water\n|move|p2a: Rhyperior|Earthquake|p1a: Pincurchin\n|-damage|p1a: Pincurchin|47/100\n|move|p1a: Pincurchin|Scald|p2a: Rhyperior\n|-supereffective|p2a: Rhyperior\n|-damage|p2a: Rhyperior|8/323\n|\n|-heal|p1a: Pincurchin|53/100|[from] item: Leftovers\n|-fieldend|move: Electric Terrain\n|upkeep\n|turn|29\n|inactive|Time left: 300 sec this turn | 300 sec total\n|\n|t:|1783553818\n|move|p2a: Rhyperior|Stone Edge|p1a: Pincurchin\n|-damage|p1a: Pincurchin|13/100\n|move|p1a: Pincurchin|Recover|p1a: Pincurchin\n|-heal|p1a: Pincurchin|63/100\n|\n|-heal|p1a: Pincurchin|69/100|[from] item: Leftovers\n|upkeep\n|turn|30\n|inactive|Time left: 300 sec this turn | 300 sec total\n|\n|t:|1783553819\n|move|p2a: Rhyperior|Earthquake|p1a: Pincurchin\n|-damage|p1a: Pincurchin|31/100\n|move|p1a: Pincurchin|Recover|p1a: Pincurchin\n|-heal|p1a: Pincurchin|81/100\n|\n|-heal|p1a: Pincurchin|87/100|[from] item: Leftovers\n|upkeep\n|turn|31\n|inactive|Time left: 300 sec this turn | 300 sec total\n|\n|t:|1783553820\n|move|p2a: Rhyperior|Earthquake|p1a: Pincurchin\n|-damage|p1a: Pincurchin|47/100\n|move|p1a: Pincurchin|Scald|p2a: Rhyperior\n|-supereffective|p2a: Rhyperior\n|-damage|p2a: Rhyperior|0 fnt\n|faint|p2a: Rhyperior\n|\n|-heal|p1a: Pincurchin|53/100|[from] item: Leftovers\n|upkeep\n|inactive|Time left: 300 sec this turn | 300 sec total | 5 sec grace\n|\n|t:|1783553821\n|switch|p2a: Porygon-Z|Porygon-Z, L83|277/277\n|turn|32\n|inactive|Time left: 300 sec this turn | 300 sec total\n|\n|t:|1783553822\n|switch|p1a: Excadrill|Excadrill, L79, F|100/100\n|-damage|p1a: Excadrill|98/100|[from] Stealth Rock\n|-ability|p1a: Excadrill|Mold Breaker\n|move|p2a: Porygon-Z|Thunderbolt|p1a: Excadrill\n|-immune|p1a: Excadrill\n|\n|-heal|p1a: Excadrill|100/100|[from] item: Leftovers\n|upkeep\n|turn|33\n|inactive|Time left: 300 sec this turn | 300 sec total\n|\n|t:|1783553823\n|switch|p2a: Spectrier|Spectrier, L75|274/274\n|move|p1a: Excadrill|Earthquake|p2a: Spectrier\n|-damage|p2a: Spectrier|109/274\n|\n|-heal|p2a: Spectrier|126/274|[from] item: Leftovers\n|upkeep\n|turn|34\n|inactive|Time left: 300 sec this turn | 300 sec total\n|\n|t:|1783553824\n|move|p2a: Spectrier|Substitute|p2a: Spectrier\n|-start|p2a: Spectrier|Substitute\n|-damage|p2a: Spectrier|58/274\n|move|p1a: Excadrill|Earthquake|p2a: Spectrier\n|-end|p2a: Spectrier|Substitute\n|\n|-heal|p2a: Spectrier|75/274|[from] item: Leftovers\n|upkeep\n|turn|35\n|inactive|Time left: 300 sec this turn | 300 sec total\n|\n|t:|1783553825\n|move|p2a: Spectrier|Substitute|p2a: Spectrier\n|-start|p2a: Spectrier|Substitute\n|-damage|p2a: Spectrier|7/274\n|move|p1a: Excadrill|Earthquake|p2a: Spectrier\n|-end|p2a: Spectrier|Substitute\n|\n|-heal|p2a: Spectrier|24/274|[from] item: Leftovers\n|upkeep\n|turn|36\n|inactive|Time left: 300 sec this turn | 300 sec total\n|\n|t:|1783553826\n|move|p2a: Spectrier|Shadow Ball|p1a: Excadrill\n|-damage|p1a: Excadrill|62/100\n|move|p1a: Excadrill|Earthquake|p2a: Spectrier\n|-damage|p2a: Spectrier|0 fnt\n|faint|p2a: Spectrier\n|\n|-heal|p1a: Excadrill|68/100|[from] item: Leftovers\n|upkeep\n|inactive|Time left: 300 sec this turn | 300 sec total | 5 sec grace\n|\n|t:|1783553827\n|switch|p2a: Porygon-Z|Porygon-Z, L83|277/277\n|turn|37\n|inactive|Time left: 300 sec this turn | 300 sec total\n|\n|t:|1783553828\n|move|p2a: Porygon-Z|Tri Attack|p1a: Excadrill\n|-resisted|p1a: Excadrill\n|-damage|p1a: Excadrill|34/100\n|move|p1a: Excadrill|Rapid Spin|p2a: Porygon-Z\n|-damage|p2a: Porygon-Z|226/277\n|-boost|p1a: Excadrill|spe|1\n|-sideend|p1: p0x119183d6|Stealth Rock|[from] move: Rapid Spin|[of] p1a: Excadrill\n|\n|-heal|p1a: Excadrill|40/100|[from] item: Leftovers\n|upkeep\n|turn|38\n|inactive|Time left: 300 sec this turn | 300 sec total\n|\n|t:|1783553829\n|move|p2a: Porygon-Z|Tri Attack|p1a: Excadrill\n|-resisted|p1a: Excadrill\n|-damage|p1a: Excadrill|10/100\n|move|p1a: Excadrill|Earthquake|p2a: Porygon-Z\n|-damage|p2a: Porygon-Z|87/277\n|\n|-heal|p1a: Excadrill|16/100|[from] item: Leftovers\n|upkeep\n|turn|39\n|inactive|Time left: 300 sec this turn | 300 sec total\n|\n|t:|1783553830\n|switch|p1a: Regice|Regice, L88|100/100\n|move|p2a: Porygon-Z|Tri Attack|p1a: Regice\n|-damage|p1a: Regice|74/100\n|\n|upkeep\n|turn|40\n|inactive|Time left: 300 sec this turn | 300 sec total\n|\n|t:|1783553831\n|move|p2a: Porygon-Z|Tri Attack|p1a: Regice\n|-damage|p1a: Regice|50/100\n|move|p1a: Regice|Ice Beam|p2a: Porygon-Z\n|-crit|p2a: Porygon-Z\n|-damage|p2a: Porygon-Z|0 fnt\n|faint|p2a: Porygon-Z\n|\n|upkeep\n|inactive|Time left: 300 sec this turn | 300 sec total | 5 sec grace\n|\n|t:|1783553832\n|switch|p2a: Slowbro|Slowbro-Galar, L87, M|210/307\n|turn|41\n|inactive|Time left: 300 sec this turn | 300 sec total\n|\n|t:|1783553833\n|switch|p2a: Regice|Regice, L88|205/284 slp\n|move|p1a: Regice|Ice Beam|p2a: Regice\n|-resisted|p2a: Regice\n|-damage|p2a: Regice|178/284 slp\n|\n|upkeep\n|turn|42\n|inactive|Time left: 300 sec this turn | 300 sec total\n|\n|t:|1783553834\n|move|p1a: Regice|Thunderbolt|p2a: Regice\n|-damage|p2a: Regice|145/284 slp\n|cant|p2a: Regice|slp\n|move|p2a: Regice|Sleep Talk|p2a: Regice\n|move|p2a: Regice|Rest||[from] move: Sleep Talk|[still]\n|-fail|p2a: Regice\n|\n|upkeep\n|turn|43\n|inactive|Time left: 300 sec this turn | 300 sec total\n|\n|t:|1783553835\n|switch|p1a: Excadrill|Excadrill, L79, F|16/100\n|-ability|p1a: Excadrill|Mold Breaker\n|cant|p2a: Regice|slp\n|move|p2a: Regice|Sleep Talk|p2a: Regice\n|move|p2a: Regice|Thunderbolt|p1a: Excadrill|[from] move: Sleep Talk\n|-immune|p1a: Excadrill\n|\n|-heal|p1a: Excadrill|22/100|[from] item: Leftovers\n|upkeep\n|turn|44\n|inactive|Time left: 300 sec this turn | 300 sec total\n|\n|t:|1783553836\n|-terastallize|p2a: Regice|Electric\n|move|p1a: Excadrill|Iron Head|p2a: Regice\n|-resisted|p2a: Regice\n|-damage|p2a: Regice|106/284 slp\n|-curestatus|p2a: Regice|slp|[msg]\n|cant|p2a: Regice|flinch\n|\n|-heal|p1a: Excadrill|28/100|[from] item: Leftovers\n|upkeep\n|turn|45\n|inactive|Time left: 300 sec this turn | 300 sec total\n|\n|t:|1783553837\n|move|p1a: Excadrill|Earthquake|p2a: Regice\n|-supereffective|p2a: Regice\n|-damage|p2a: Regice|0 fnt\n|faint|p2a: Regice\n|\n|-heal|p1a: Excadrill|34/100|[from] item: Leftovers\n|upkeep\n|inactive|Time left: 300 sec this turn | 300 sec total | 5 sec grace\n|\n|t:|1783553838\n|switch|p2a: Slowbro|Slowbro-Galar, L87, M|307/307\n|turn|46\n|inactive|Time left: 300 sec this turn | 300 sec total\n|\n|t:|1783553839\n|move|p1a: Excadrill|Earthquake|p2a: Slowbro\n|-supereffective|p2a: Slowbro\n|-damage|p2a: Slowbro|79/307\n|move|p2a: Slowbro|Trick Room|p2a: Slowbro\n|-fieldstart|move: Trick Room|[of] p2a: Slowbro\n|\n|-heal|p1a: Excadrill|40/100|[from] item: Leftovers\n|upkeep\n|turn|47\n|inactive|Time left: 300 sec this turn | 300 sec total\n|\n|t:|1783553840\n|move|p2a: Slowbro|Fire Blast|p1a: Excadrill\n|-supereffective|p1a: Excadrill\n|-damage|p1a: Excadrill|0 fnt\n|faint|p1a: Excadrill\n|-damage|p2a: Slowbro|49/307|[from] item: Life Orb\n|\n|upkeep\n|\n|t:|1783553841\n|switch|p1a: Pincurchin|Pincurchin, M, tera:Water|53/100\n|-fieldstart|move: Electric Terrain|[from] ability: Electric Surge|[of] p1a: Pincurchin\n|turn|48\n|inactive|Time left: 300 sec this turn | 300 sec total\n|\n|t:|1783553842\n|move|p1a: Pincurchin|Discharge|p2a: Slowbro\n|-damage|p2a: Slowbro|0 fnt\n|faint|p2a: Slowbro\n|\n|win|p0x119183d6", "uploadtime": 1783553842, "views": 0, "rating": 0, "private": 0, "password": null, "_winner": "p0x119183d6", "_our_name": "p0y11911998"}