{"id": "battle-gen9randombattle-2287", "formatid": "gen9randombattle", "format": "[Gen 9] Random Battle", "players": ["p0x22878c4b", "p0y2287a3aa"], "log": "|init|battle\n|title|p0x22878c4b vs. p0y2287a3aa\n|j|\u2606p0x22878c4b\n|j|\u2606p0y2287a3aa\n|t:|1783566528\n|gametype|singles\n|player|p1|p0x22878c4b|2|\n|player|p2|p0y2287a3aa|2|\n|gen|9\n|tier|[Gen 9] Random Battle\n|rule|Species Clause: Limit one of each Pok\u00e9mon\n|rule|HP Percentage Mod: HP is shown in percentages\n|rule|Sleep Clause Mod: Limit one foe put to sleep\n|rule|Illusion Level Mod: Illusion disguises the Pok\u00e9mon's true level\n|\n|t:|1783566528\n|teamsize|p1|6\n|teamsize|p2|6\n|start\n|switch|p1a: Landorus|Landorus, L75, M|257/257\n|switch|p2a: Dunsparce|Dunsparce, L86, F|100/100\n|turn|1\n|inactive|Battle timer is ON: inactive players will automatically lose when time's up. (requested by p0y2287a3aa)\n|inactive|Time left: 300 sec this turn | 300 sec total | 60 sec grace\n|inactive|p0x22878c4b also wants the timer to be on.\n|\n|t:|1783566530\n|move|p1a: Landorus|Stealth Rock|p2a: Dunsparce\n|-sidestart|p2: p0y2287a3aa|move: Stealth Rock\n|move|p2a: Dunsparce|Body Slam|p1a: Landorus\n|-damage|p1a: Landorus|181/257\n|-status|p1a: Landorus|par\n|\n|upkeep\n|turn|2\n|inactive|Time left: 300 sec this turn | 300 sec total\n|\n|t:|1783566530\n|move|p2a: Dunsparce|Coil|p2a: Dunsparce\n|-boost|p2a: Dunsparce|atk|1\n|-boost|p2a: Dunsparce|def|1\n|-boost|p2a: Dunsparce|accuracy|1\n|move|p1a: Landorus|Focus Blast|p2a: Dunsparce\n|-supereffective|p2a: Dunsparce\n|-damage|p2a: Dunsparce|25/100\n|\n|upkeep\n|turn|3\n|inactive|Time left: 300 sec this turn | 300 sec total\n|\n|t:|1783566531\n|move|p2a: Dunsparce|Roost|p2a: Dunsparce\n|-heal|p2a: Dunsparce|75/100\n|-singleturn|p2a: Dunsparce|move: Roost\n|cant|p1a: Landorus|par\n|\n|upkeep\n|turn|4\n|inactive|Time left: 300 sec this turn | 300 sec total\n|\n|t:|1783566532\n|move|p2a: Dunsparce|Body Slam|p1a: Landorus\n|-damage|p1a: Landorus|58/257 par\n|cant|p1a: Landorus|par\n|\n|upkeep\n|turn|5\n|inactive|Time left: 300 sec this turn | 300 sec total\n|\n|t:|1783566533\n|move|p2a: Dunsparce|Body Slam|p1a: Landorus\n|-damage|p1a: Landorus|0 fnt\n|faint|p1a: Landorus\n|\n|upkeep\n|inactive|Time left: 300 sec this turn | 300 sec total | 5 sec grace\n|\n|t:|1783566534\n|switch|p1a: Brute Bonnet|Brute Bonnet, L80|309/309\n|turn|6\n|inactive|Time left: 300 sec this turn | 300 sec total\n|\n|t:|1783566536\n|move|p1a: Brute Bonnet|Spore|p2a: Dunsparce\n|-status|p2a: Dunsparce|slp|[from] move: Spore\n|cant|p2a: Dunsparce|slp\n|\n|upkeep\n|turn|7\n|inactive|Time left: 300 sec this turn | 300 sec total\n|\n|t:|1783566537\n|move|p1a: Brute Bonnet|Crunch|p2a: Dunsparce\n|-damage|p2a: Dunsparce|60/100 slp\n|cant|p2a: Dunsparce|slp\n|\n|upkeep\n|turn|8\n|inactive|Time left: 300 sec this turn | 300 sec total\n|\n|t:|1783566538\n|move|p1a: Brute Bonnet|Seed Bomb|p2a: Dunsparce\n|-damage|p2a: Dunsparce|44/100 slp\n|cant|p2a: Dunsparce|slp\n|\n|upkeep\n|turn|9\n|inactive|Time left: 300 sec this turn | 300 sec total\n|\n|t:|1783566539\n|move|p1a: Brute Bonnet|Seed Bomb|p2a: Dunsparce\n|-damage|p2a: Dunsparce|27/100 slp\n|-curestatus|p2a: Dunsparce|slp|[msg]\n|move|p2a: Dunsparce|Roost|p2a: Dunsparce\n|-heal|p2a: Dunsparce|77/100\n|-singleturn|p2a: Dunsparce|move: Roost\n|\n|upkeep\n|turn|10\n|inactive|Time left: 300 sec this turn | 300 sec total\n|\n|t:|1783566540\n|move|p1a: Brute Bonnet|Spore|p2a: Dunsparce\n|-status|p2a: Dunsparce|slp|[from] move: Spore\n|cant|p2a: Dunsparce|slp\n|\n|upkeep\n|turn|11\n|inactive|Time left: 300 sec this turn | 300 sec total\n|\n|t:|1783566542\n|move|p1a: Brute Bonnet|Crunch|p2a: Dunsparce\n|-damage|p2a: Dunsparce|61/100 slp\n|-curestatus|p2a: Dunsparce|slp|[msg]\n|move|p2a: Dunsparce|Coil|p2a: Dunsparce\n|-boost|p2a: Dunsparce|atk|1\n|-boost|p2a: Dunsparce|def|1\n|-boost|p2a: Dunsparce|accuracy|1\n|\n|upkeep\n|turn|12\n|inactive|Time left: 300 sec this turn | 300 sec total\n|\n|t:|1783566543\n|move|p1a: Brute Bonnet|Spore|p2a: Dunsparce\n|-status|p2a: Dunsparce|slp|[from] move: Spore\n|cant|p2a: Dunsparce|slp\n|\n|upkeep\n|turn|13\n|inactive|Time left: 300 sec this turn | 300 sec total\n|\n|t:|1783566544\n|move|p1a: Brute Bonnet|Crunch|p2a: Dunsparce\n|-damage|p2a: Dunsparce|50/100 slp\n|cant|p2a: Dunsparce|slp\n|\n|upkeep\n|turn|14\n|inactive|Time left: 300 sec this turn | 300 sec total\n|\n|t:|1783566545\n|move|p1a: Brute Bonnet|Seed Bomb|p2a: Dunsparce\n|-damage|p2a: Dunsparce|36/100 slp\n|cant|p2a: Dunsparce|slp\n|\n|upkeep\n|turn|15\n|inactive|Time left: 300 sec this turn | 300 sec total\n|\n|t:|1783566546\n|move|p1a: Brute Bonnet|Crunch|p2a: Dunsparce\n|-damage|p2a: Dunsparce|24/100 slp\n|-curestatus|p2a: Dunsparce|slp|[msg]\n|move|p2a: Dunsparce|Roost|p2a: Dunsparce\n|-heal|p2a: Dunsparce|74/100\n|-singleturn|p2a: Dunsparce|move: Roost\n|\n|upkeep\n|turn|16\n|inactive|Time left: 300 sec this turn | 300 sec total\n|\n|t:|1783566547\n|move|p1a: Brute Bonnet|Spore|p2a: Dunsparce\n|-status|p2a: Dunsparce|slp|[from] move: Spore\n|cant|p2a: Dunsparce|slp\n|\n|upkeep\n|turn|17\n|inactive|Time left: 300 sec this turn | 300 sec total\n|\n|t:|1783566548\n|move|p1a: Brute Bonnet|Sucker Punch|p2a: Dunsparce\n|-damage|p2a: Dunsparce|62/100 slp\n|-curestatus|p2a: Dunsparce|slp|[msg]\n|move|p2a: Dunsparce|Body Slam|p1a: Brute Bonnet\n|-damage|p1a: Brute Bonnet|155/309\n|-status|p1a: Brute Bonnet|par\n|\n|-heal|p1a: Brute Bonnet|174/309 par|[from] item: Leftovers\n|upkeep\n|turn|18\n|inactive|Time left: 300 sec this turn | 300 sec total\n|\n|t:|1783566549\n|move|p2a: Dunsparce|Body Slam|p1a: Brute Bonnet\n|-damage|p1a: Brute Bonnet|29/309 par\n|move|p1a: Brute Bonnet|Spore|p2a: Dunsparce\n|-status|p2a: Dunsparce|slp|[from] move: Spore\n|\n|-heal|p1a: Brute Bonnet|48/309 par|[from] item: Leftovers\n|upkeep\n|turn|19\n|inactive|Time left: 300 sec this turn | 300 sec total\n|\n|t:|1783566550\n|cant|p2a: Dunsparce|slp\n|move|p1a: Brute Bonnet|Crunch|p2a: Dunsparce\n|-damage|p2a: Dunsparce|49/100 slp\n|\n|-heal|p1a: Brute Bonnet|67/309 par|[from] item: Leftovers\n|upkeep\n|turn|20\n|inactive|Time left: 300 sec this turn | 300 sec total\n|\n|t:|1783566551\n|move|p1a: Brute Bonnet|Sucker Punch||[still]\n|-fail|p1a: Brute Bonnet\n|-curestatus|p2a: Dunsparce|slp|[msg]\n|move|p2a: Dunsparce|Roost|p2a: Dunsparce\n|-heal|p2a: Dunsparce|99/100\n|-singleturn|p2a: Dunsparce|move: Roost\n|\n|-heal|p1a: Brute Bonnet|86/309 par|[from] item: Leftovers\n|upkeep\n|turn|21\n|inactive|Time left: 300 sec this turn | 300 sec total\n|\n|t:|1783566552\n|-end|p1a: Brute Bonnet|Protosynthesis|[silent]\n|switch|p1a: Garganacl|Garganacl, L80, F|291/291\n|move|p2a: Dunsparce|Body Slam|p1a: Garganacl\n|-resisted|p1a: Garganacl\n|-damage|p1a: Garganacl|231/291\n|\n|-heal|p1a: Garganacl|249/291|[from] item: Leftovers\n|upkeep\n|turn|22\n|inactive|Time left: 300 sec this turn | 300 sec total\n|\n|t:|1783566554\n|move|p2a: Dunsparce|Earthquake|p1a: Garganacl\n|-supereffective|p1a: Garganacl\n|-damage|p1a: Garganacl|59/291\n|move|p1a: Garganacl|Salt Cure|p2a: Dunsparce\n|-damage|p2a: Dunsparce|94/100\n|-start|p2a: Dunsparce|Salt Cure\n|\n|-heal|p1a: Garganacl|77/291|[from] item: Leftovers\n|-damage|p2a: Dunsparce|82/100|[from] Salt Cure\n|upkeep\n|turn|23\n|inactive|Time left: 300 sec this turn | 300 sec total\n|\n|t:|1783566555\n|move|p1a: Garganacl|Protect|p1a: Garganacl\n|-singleturn|p1a: Garganacl|Protect\n|move|p2a: Dunsparce|Earthquake|p1a: Garganacl\n|-activate|p1a: Garganacl|move: Protect\n|\n|-heal|p1a: Garganacl|95/291|[from] item: Leftovers\n|-damage|p2a: Dunsparce|69/100|[from] Salt Cure\n|upkeep\n|turn|24\n|inactive|Time left: 300 sec this turn | 300 sec total\n|\n|t:|1783566556\n|switch|p1a: Articuno|Articuno, L86|295/295\n|-ability|p1a: Articuno|Pressure\n|move|p2a: Dunsparce|Earthquake|p1a: Articuno\n|-immune|p1a: Articuno\n|\n|-damage|p2a: Dunsparce|57/100|[from] Salt Cure\n|upkeep\n|turn|25\n|inactive|Time left: 300 sec this turn | 300 sec total\n|\n|t:|1783566557\n|move|p1a: Articuno|Freeze-Dry|p2a: Dunsparce\n|-damage|p2a: Dunsparce|35/100\n|move|p2a: Dunsparce|Roost|p2a: Dunsparce\n|-heal|p2a: Dunsparce|85/100\n|-singleturn|p2a: Dunsparce|move: Roost\n|\n|-damage|p2a: Dunsparce|72/100|[from] Salt Cure\n|upkeep\n|turn|26\n|inactive|Time left: 300 sec this turn | 300 sec total\n|\n|t:|1783566558\n|move|p1a: Articuno|Freeze-Dry|p2a: Dunsparce\n|-damage|p2a: Dunsparce|53/100\n|move|p2a: Dunsparce|Body Slam|p1a: Articuno\n|-damage|p1a: Articuno|172/295\n|-status|p1a: Articuno|par\n|\n|-damage|p2a: Dunsparce|40/100|[from] Salt Cure\n|upkeep\n|turn|27\n|inactive|Time left: 300 sec this turn | 300 sec total\n|\n|t:|1783566559\n|move|p2a: Dunsparce|Roost|p2a: Dunsparce\n|-heal|p2a: Dunsparce|90/100\n|-singleturn|p2a: Dunsparce|move: Roost\n|move|p1a: Articuno|Roost|p1a: Articuno\n|-heal|p1a: Articuno|295/295 par\n|-singleturn|p1a: Articuno|move: Roost\n|\n|-damage|p2a: Dunsparce|78/100|[from] Salt Cure\n|upkeep\n|turn|28\n|inactive|Time left: 300 sec this turn | 300 sec total\n|\n|t:|1783566560\n|move|p2a: Dunsparce|Body Slam|p1a: Articuno\n|-damage|p1a: Articuno|154/295 par\n|move|p1a: Articuno|Freeze-Dry|p2a: Dunsparce\n|-damage|p2a: Dunsparce|56/100\n|\n|-damage|p2a: Dunsparce|43/100|[from] Salt Cure\n|upkeep\n|turn|29\n|inactive|Time left: 300 sec this turn | 300 sec total\n|\n|t:|1783566561\n|move|p2a: Dunsparce|Roost|p2a: Dunsparce\n|-heal|p2a: Dunsparce|93/100\n|-singleturn|p2a: Dunsparce|move: Roost\n|move|p1a: Articuno|Freeze-Dry|p2a: Dunsparce\n|-damage|p2a: Dunsparce|73/100\n|\n|-damage|p2a: Dunsparce|60/100|[from] Salt Cure\n|upkeep\n|turn|30\n|inactive|Time left: 300 sec this turn | 300 sec total\n|\n|t:|1783566562\n|move|p2a: Dunsparce|Body Slam|p1a: Articuno\n|-damage|p1a: Articuno|28/295 par\n|cant|p1a: Articuno|par\n|\n|-damage|p2a: Dunsparce|48/100|[from] Salt Cure\n|upkeep\n|turn|31\n|inactive|Time left: 300 sec this turn | 300 sec total\n|\n|t:|1783566563\n|move|p2a: Dunsparce|Roost|p2a: Dunsparce\n|-heal|p2a: Dunsparce|98/100\n|-singleturn|p2a: Dunsparce|move: Roost\n|move|p1a: Articuno|Roost|p1a: Articuno\n|-heal|p1a: Articuno|176/295 par\n|-singleturn|p1a: Articuno|move: Roost\n|\n|-damage|p2a: Dunsparce|85/100|[from] Salt Cure\n|upkeep\n|turn|32\n|inactive|Time left: 300 sec this turn | 300 sec total\n|\n|t:|1783566564\n|move|p2a: Dunsparce|Body Slam|p1a: Articuno\n|-damage|p1a: Articuno|38/295 par\n|cant|p1a: Articuno|par\n|\n|-damage|p2a: Dunsparce|73/100|[from] Salt Cure\n|upkeep\n|turn|33\n|inactive|Time left: 300 sec this turn | 300 sec total\n|\n|t:|1783566565\n|move|p2a: Dunsparce|Body Slam|p1a: Articuno\n|-damage|p1a: Articuno|0 fnt\n|faint|p1a: Articuno\n|\n|-damage|p2a: Dunsparce|60/100|[from] Salt Cure\n|upkeep\n|inactive|Time left: 300 sec this turn | 300 sec total | 5 sec grace\n|\n|t:|1783566565\n|switch|p1a: Tatsugiri|Tatsugiri, L87, F|260/260\n|turn|34\n|inactive|Time left: 300 sec this turn | 300 sec total\n|\n|t:|1783566566\n|move|p1a: Tatsugiri|Draco Meteor|p2a: Dunsparce\n|-damage|p2a: Dunsparce|17/100\n|-unboost|p1a: Tatsugiri|spa|2\n|move|p2a: Dunsparce|Body Slam|p1a: Tatsugiri\n|-damage|p1a: Tatsugiri|85/260\n|\n|-damage|p2a: Dunsparce|4/100|[from] Salt Cure\n|upkeep\n|turn|35\n|inactive|Time left: 300 sec this turn | 300 sec total\n|\n|t:|1783566567\n|switch|p1a: Brute Bonnet|Brute Bonnet, L80|86/309 par\n|move|p2a: Dunsparce|Body Slam|p1a: Brute Bonnet\n|-crit|p1a: Brute Bonnet\n|-damage|p1a: Brute Bonnet|0 fnt\n|faint|p1a: Brute Bonnet\n|-end|p1a: Brute Bonnet|Protosynthesis|[silent]\n|\n|-damage|p2a: Dunsparce|0 fnt|[from] Salt Cure\n|faint|p2a: Dunsparce\n|upkeep\n|inactive|Time left: 300 sec this turn | 300 sec total | 5 sec grace\n|\n|t:|1783566568\n|switch|p1a: Garganacl|Garganacl, L80, F|95/291\n|switch|p2a: Houndoom|Houndoom, L87, M|100/100\n|turn|36\n|inactive|Time left: 300 sec this turn | 300 sec total\n|\n|t:|1783566569\n|move|p1a: Garganacl|Protect|p1a: Garganacl\n|-singleturn|p1a: Garganacl|Protect\n|move|p2a: Houndoom|Dark Pulse|p1a: Garganacl\n|-activate|p1a: Garganacl|move: Protect\n|\n|-heal|p1a: Garganacl|113/291|[from] item: Leftovers\n|upkeep\n|turn|37\n|inactive|Time left: 300 sec this turn | 300 sec total\n|\n|t:|1783566569\n|-terastallize|p2a: Houndoom|Dark\n|move|p2a: Houndoom|Dark Pulse|p1a: Garganacl\n|-damage|p1a: Garganacl|0 fnt\n|faint|p1a: Garganacl\n|\n|upkeep\n|inactive|Time left: 300 sec this turn | 300 sec total | 5 sec grace\n|\n|t:|1783566570\n|switch|p1a: Pawmot|Pawmot, L80, F|243/243\n|turn|38\n|inactive|Time left: 300 sec this turn | 300 sec total\n|\n|t:|1783566571\n|move|p2a: Houndoom|Dark Pulse|p1a: Pawmot\n|-resisted|p1a: Pawmot\n|-damage|p1a: Pawmot|159/243\n|cant|p1a: Pawmot|flinch\n|\n|upkeep\n|turn|39\n|inactive|Time left: 300 sec this turn | 300 sec total\n|\n|t:|1783566572\n|switch|p1a: Tatsugiri|Tatsugiri, L87, F|85/260\n|move|p2a: Houndoom|Fire Blast|p1a: Tatsugiri\n|-resisted|p1a: Tatsugiri\n|-damage|p1a: Tatsugiri|52/260\n|\n|upkeep\n|turn|40\n|inactive|Time left: 300 sec this turn | 300 sec total\n|\n|t:|1783566573\n|move|p2a: Houndoom|Dark Pulse|p1a: Tatsugiri\n|-damage|p1a: Tatsugiri|0 fnt\n|faint|p1a: Tatsugiri\n|\n|upkeep\n|inactive|Time left: 300 sec this turn | 300 sec total | 5 sec grace\n|\n|t:|1783566574\n|switch|p1a: Pawmot|Pawmot, L80, F|159/243\n|turn|41\n|inactive|Time left: 300 sec this turn | 300 sec total\n|\n|t:|1783566574\n|move|p2a: Houndoom|Fire Blast|p1a: Pawmot\n|-damage|p1a: Pawmot|0 fnt\n|faint|p1a: Pawmot\n|\n|win|p0y2287a3aa", "uploadtime": 1783566574, "views": 0, "rating": 0, "private": 0, "password": null, "_winner": "p0y2287a3aa", "_our_name": "p0x22878c4b"}