{"id": "battle-gen9randombattle-136", "formatid": "gen9randombattle", "format": "[Gen 9] Random Battle", "players": ["p0x136f18e", "p0y136d3d5"], "log": "|init|battle\n|title|p0x136f18e vs. p0y136d3d5\n|j|\u2606p0x136f18e\n|j|\u2606p0y136d3d5\n|t:|1783540736\n|gametype|singles\n|player|p1|p0x136f18e|2|\n|player|p2|p0y136d3d5|266|\n|gen|9\n|tier|[Gen 9] Random Battle\n|rule|Species Clause: Limit one of each Pok\u00e9mon\n|rule|HP Percentage Mod: HP is shown in percentages\n|rule|Sleep Clause Mod: Limit one foe put to sleep\n|rule|Illusion Level Mod: Illusion disguises the Pok\u00e9mon's true level\n|\n|t:|1783540736\n|teamsize|p1|6\n|teamsize|p2|6\n|start\n|switch|p1a: Dragonite|Dragonite, L74, F|257/257\n|switch|p2a: Bellossom|Bellossom, L84, M|100/100\n|turn|1\n|inactive|Battle timer is ON: inactive players will automatically lose when time's up. (requested by p0x136f18e)\n|inactive|p0y136d3d5 also wants the timer to be on.\n|\n|t:|1783540738\n|move|p1a: Dragonite|Dragon Dance|p1a: Dragonite\n|-boost|p1a: Dragonite|atk|1\n|-boost|p1a: Dragonite|spe|1\n|move|p2a: Bellossom|Quiver Dance|p2a: Bellossom\n|-boost|p2a: Bellossom|spa|1\n|-boost|p2a: Bellossom|spd|1\n|-boost|p2a: Bellossom|spe|1\n|\n|upkeep\n|turn|2\n|inactive|Time left: 300 sec this turn | 300 sec total\n|\n|t:|1783540739\n|move|p1a: Dragonite|Dragon Dance|p1a: Dragonite\n|-boost|p1a: Dragonite|atk|1\n|-boost|p1a: Dragonite|spe|1\n|move|p2a: Bellossom|Strength Sap|p1a: Dragonite\n|-unboost|p1a: Dragonite|atk|1\n|\n|upkeep\n|turn|3\n|inactive|Time left: 300 sec this turn | 300 sec total\n|\n|t:|1783540740\n|-terastallize|p2a: Bellossom|Fairy\n|move|p1a: Dragonite|Dragon Dance|p1a: Dragonite\n|-boost|p1a: Dragonite|atk|1\n|-boost|p1a: Dragonite|spe|1\n|move|p2a: Bellossom|Moonblast|p1a: Dragonite\n|-supereffective|p1a: Dragonite\n|-damage|p1a: Dragonite|124/257\n|\n|upkeep\n|turn|4\n|inactive|Time left: 300 sec this turn | 300 sec total\n|\n|t:|1783540741\n|-terastallize|p1a: Dragonite|Steel\n|move|p1a: Dragonite|Iron Head|p2a: Bellossom\n|-supereffective|p2a: Bellossom\n|-damage|p2a: Bellossom|0 fnt\n|faint|p2a: Bellossom\n|\n|upkeep\n|\n|t:|1783540742\n|switch|p2a: Zamazenta|Zamazenta-Crowned, L68|100/100\n|-ability|p2a: Zamazenta|Dauntless Shield|boost\n|-boost|p2a: Zamazenta|def|1\n|turn|5\n|inactive|Time left: 300 sec this turn | 300 sec total\n|\n|t:|1783540743\n|move|p1a: Dragonite|Iron Head|p2a: Zamazenta\n|-resisted|p2a: Zamazenta\n|-damage|p2a: Zamazenta|82/100\n|move|p2a: Zamazenta|Body Press|p1a: Dragonite\n|-supereffective|p1a: Dragonite\n|-damage|p1a: Dragonite|0 fnt\n|faint|p1a: Dragonite\n|\n|upkeep\n|inactive|Time left: 300 sec this turn | 300 sec total | 5 sec grace\n|\n|t:|1783540743\n|switch|p1a: Grumpig|Grumpig, L92, F|297/297\n|turn|6\n|inactive|Time left: 300 sec this turn | 300 sec total\n|\n|t:|1783540744\n|move|p2a: Zamazenta|Heavy Slam|p1a: Grumpig\n|-damage|p1a: Grumpig|186/297\n|move|p1a: Grumpig|Nasty Plot|p1a: Grumpig\n|-boost|p1a: Grumpig|spa|2\n|\n|-heal|p1a: Grumpig|204/297|[from] item: Leftovers\n|upkeep\n|turn|7\n|inactive|Time left: 300 sec this turn | 300 sec total\n|\n|t:|1783540745\n|move|p2a: Zamazenta|Heavy Slam|p1a: Grumpig\n|-damage|p1a: Grumpig|89/297\n|move|p1a: Grumpig|Earth Power|p2a: Zamazenta\n|-supereffective|p2a: Zamazenta\n|-damage|p2a: Zamazenta|0 fnt\n|faint|p2a: Zamazenta\n|\n|-heal|p1a: Grumpig|107/297|[from] item: Leftovers\n|upkeep\n|\n|t:|1783540746\n|switch|p2a: Basculin|Basculin-Blue-Striped, L86, M|100/100\n|turn|8\n|inactive|Time left: 300 sec this turn | 300 sec total\n|\n|t:|1783540748\n|switch|p1a: Mightyena|Mightyena, L96, F|290/290\n|-ability|p1a: Mightyena|Intimidate|boost\n|-unboost|p2a: Basculin|atk|1\n|move|p2a: Basculin|Flip Turn|p1a: Mightyena\n|-damage|p1a: Mightyena|208/290\n|\n|t:|1783540749\n|switch|p2a: Groudon|Groudon, L72|100/100|[from] Flip Turn\n|-weather|SunnyDay|[from] ability: Drought|[of] p2a: Groudon\n|\n|-weather|SunnyDay|[upkeep]\n|upkeep\n|turn|9\n|inactive|Time left: 300 sec this turn | 300 sec total\n|\n|t:|1783540750\n|move|p1a: Mightyena|Super Fang|p2a: Groudon\n|-damage|p2a: Groudon|51/100\n|move|p2a: Groudon|Swords Dance|p2a: Groudon\n|-boost|p2a: Groudon|atk|2\n|\n|-weather|SunnyDay|[upkeep]\n|-heal|p2a: Groudon|57/100|[from] item: Leftovers\n|upkeep\n|turn|10\n|inactive|Time left: 300 sec this turn | 300 sec total\n|\n|t:|1783540751\n|move|p1a: Mightyena|Throat Chop|p2a: Groudon\n|-crit|p2a: Groudon\n|-damage|p2a: Groudon|10/100\n|-start|p2a: Groudon|Throat Chop|[silent]\n|move|p2a: Groudon|Heat Crash|p1a: Mightyena\n|-damage|p1a: Mightyena|0 fnt\n|faint|p1a: Mightyena\n|\n|-weather|SunnyDay|[upkeep]\n|-heal|p2a: Groudon|16/100|[from] item: Leftovers\n|upkeep\n|inactive|Time left: 300 sec this turn | 300 sec total | 5 sec grace\n|\n|t:|1783540751\n|switch|p1a: Gengar|Gengar, L81, F|230/230\n|turn|11\n|inactive|Time left: 300 sec this turn | 300 sec total\n|\n|t:|1783540753\n|move|p1a: Gengar|Sludge Wave|p2a: Groudon\n|-resisted|p2a: Groudon\n|-damage|p2a: Groudon|0 fnt\n|faint|p2a: Groudon\n|\n|-weather|SunnyDay|[upkeep]\n|upkeep\n|\n|t:|1783540754\n|switch|p2a: Oricorio|Oricorio-Sensu, L85, M|100/100\n|turn|12\n|inactive|Time left: 300 sec this turn | 300 sec total\n|\n|t:|1783540755\n|switch|p1a: Iron Boulder|Iron Boulder, L77|265/265\n|move|p2a: Oricorio|Quiver Dance|p2a: Oricorio\n|-boost|p2a: Oricorio|spa|1\n|-boost|p2a: Oricorio|spd|1\n|-boost|p2a: Oricorio|spe|1\n|\n|-weather|none\n|upkeep\n|turn|13\n|inactive|Time left: 300 sec this turn | 300 sec total\n|\n|t:|1783540756\n|move|p2a: Oricorio|Revelation Dance|p1a: Iron Boulder\n|-supereffective|p1a: Iron Boulder\n|-damage|p1a: Iron Boulder|11/265\n|move|p1a: Iron Boulder|Mighty Cleave|p2a: Oricorio\n|-supereffective|p2a: Oricorio\n|-damage|p2a: Oricorio|0 fnt\n|faint|p2a: Oricorio\n|-damage|p1a: Iron Boulder|0 fnt|[from] item: Life Orb\n|faint|p1a: Iron Boulder\n|-end|p1a: Iron Boulder|Quark Drive|[silent]\n|\n|upkeep\n|inactive|Time left: 300 sec this turn | 300 sec total | 5 sec grace\n|\n|t:|1783540757\n|switch|p1a: Snorlax|Snorlax, L82, F|397/397\n|switch|p2a: Malamar|Malamar, L82, M|100/100\n|turn|14\n|inactive|Time left: 300 sec this turn | 300 sec total\n|\n|t:|1783540758\n|switch|p1a: Gengar|Gengar, L81, F|230/230\n|move|p2a: Malamar|Superpower|p1a: Gengar\n|-immune|p1a: Gengar\n|\n|upkeep\n|turn|15\n|inactive|Time left: 300 sec this turn | 300 sec total\n|\n|t:|1783540759\n|move|p1a: Gengar|Sludge Wave|p2a: Malamar\n|-damage|p2a: Malamar|32/100\n|move|p2a: Malamar|Knock Off|p1a: Gengar\n|-supereffective|p1a: Gengar\n|-damage|p1a: Gengar|0 fnt\n|-enditem|p1a: Gengar|Choice Specs|[from] move: Knock Off|[of] p2a: Malamar\n|faint|p1a: Gengar\n|\n|upkeep\n|inactive|Time left: 300 sec this turn | 300 sec total | 5 sec grace\n|\n|t:|1783540760\n|switch|p1a: Grumpig|Grumpig, L92, F|107/297\n|turn|16\n|inactive|Time left: 300 sec this turn | 300 sec total\n|\n|t:|1783540761\n|move|p1a: Grumpig|Earth Power|p2a: Malamar\n|-damage|p2a: Malamar|0 fnt\n|faint|p2a: Malamar\n|\n|-heal|p1a: Grumpig|125/297|[from] item: Leftovers\n|upkeep\n|\n|t:|1783540762\n|switch|p2a: Basculin|Basculin-Blue-Striped, L86, M|100/100\n|turn|17\n|inactive|Time left: 300 sec this turn | 300 sec total\n|\n|t:|1783540763\n|move|p2a: Basculin|Aqua Jet|p1a: Grumpig\n|-damage|p1a: Grumpig|35/297\n|move|p1a: Grumpig|Psyshock|p2a: Basculin\n|-damage|p2a: Basculin|55/100\n|\n|-heal|p1a: Grumpig|53/297|[from] item: Leftovers\n|upkeep\n|turn|18\n|inactive|Time left: 300 sec this turn | 300 sec total\n|\n|t:|1783540765\n|move|p2a: Basculin|Aqua Jet|p1a: Grumpig\n|-damage|p1a: Grumpig|0 fnt\n|faint|p1a: Grumpig\n|\n|upkeep\n|inactive|Time left: 300 sec this turn | 300 sec total | 5 sec grace\n|\n|t:|1783540766\n|switch|p1a: Snorlax|Snorlax, L82, F|397/397\n|turn|19\n|inactive|Time left: 300 sec this turn | 300 sec total\n|\n|t:|1783540767\n|move|p2a: Basculin|Aqua Jet|p1a: Snorlax\n|-damage|p1a: Snorlax|291/397\n|move|p1a: Snorlax|Body Slam|p2a: Basculin\n|-damage|p2a: Basculin|12/100\n|-status|p2a: Basculin|par\n|\n|upkeep\n|turn|20\n|inactive|Time left: 300 sec this turn | 300 sec total\n|\n|t:|1783540767\n|move|p2a: Basculin|Aqua Jet|p1a: Snorlax\n|-damage|p1a: Snorlax|191/397\n|move|p1a: Snorlax|Body Slam|p2a: Basculin\n|-damage|p2a: Basculin|0 fnt\n|faint|p2a: Basculin\n|\n|win|p0x136f18e", "uploadtime": 1783540767, "views": 0, "rating": 0, "private": 0, "password": null, "_winner": "p0x136f18e", "_our_name": "p0x136f18e"}