{"id": "battle-gen9randombattle-2989", "formatid": "gen9randombattle", "format": "[Gen 9] Random Battle", "players": ["p0x2989d679", "p0y29899bf0"], "log": "|init|battle\n|title|p0x2989d679 vs. p0y29899bf0\n|j|\u2606p0x2989d679\n|j|\u2606p0y29899bf0\n|t:|1783573409\n|gametype|singles\n|player|p1|p0x2989d679|2|\n|player|p2|p0y29899bf0|170|\n|gen|9\n|tier|[Gen 9] Random Battle\n|rule|Species Clause: Limit one of each Pok\u00e9mon\n|rule|HP Percentage Mod: HP is shown in percentages\n|rule|Sleep Clause Mod: Limit one foe put to sleep\n|rule|Illusion Level Mod: Illusion disguises the Pok\u00e9mon's true level\n|\n|t:|1783573409\n|teamsize|p1|6\n|teamsize|p2|6\n|start\n|switch|p1a: Moltres|Moltres, L81|278/278\n|switch|p2a: Braviary|Braviary-Hisui, L85, M|100/100\n|turn|1\n|inactive|Battle timer is ON: inactive players will automatically lose when time's up. (requested by p0y29899bf0)\n|inactive|Time left: 300 sec this turn | 300 sec total | 60 sec grace\n|inactive|p0x2989d679 also wants the timer to be on.\n|\n|t:|1783573410\n|move|p1a: Moltres|Fire Blast|p2a: Braviary\n|-damage|p2a: Braviary|50/100\n|move|p2a: Braviary|Esper Wing|p1a: Moltres\n|-damage|p1a: Moltres|122/278\n|-boost|p2a: Braviary|spe|1\n|\n|upkeep\n|turn|2\n|inactive|Time left: 300 sec this turn | 300 sec total\n|\n|t:|1783573411\n|switch|p1a: Giratina|Giratina, L75|349/349\n|-ability|p1a: Giratina|Pressure\n|move|p2a: Braviary|Esper Wing|p1a: Giratina\n|-crit|p1a: Giratina\n|-damage|p1a: Giratina|163/349\n|-boost|p2a: Braviary|spe|1\n|\n|-heal|p1a: Giratina|184/349|[from] item: Leftovers\n|upkeep\n|turn|3\n|inactive|Time left: 300 sec this turn | 300 sec total\n|\n|t:|1783573412\n|move|p2a: Braviary|Esper Wing|p1a: Giratina\n|-damage|p1a: Giratina|55/349\n|-boost|p2a: Braviary|spe|1\n|move|p1a: Giratina|Shadow Ball|p2a: Braviary\n|-supereffective|p2a: Braviary\n|-damage|p2a: Braviary|1/100\n|\n|-heal|p1a: Giratina|76/349|[from] item: Leftovers\n|upkeep\n|turn|4\n|inactive|Time left: 300 sec this turn | 300 sec total\n|\n|t:|1783573413\n|move|p2a: Braviary|Esper Wing|p1a: Giratina\n|-damage|p1a: Giratina|0 fnt\n|-boost|p2a: Braviary|spe|1\n|faint|p1a: Giratina\n|\n|upkeep\n|inactive|Time left: 300 sec this turn | 300 sec total | 5 sec grace\n|\n|t:|1783573414\n|switch|p1a: Donphan|Donphan, L84, M|288/288\n|turn|5\n|inactive|Time left: 300 sec this turn | 300 sec total\n|\n|t:|1783573415\n|move|p1a: Donphan|Ice Shard|p2a: Braviary\n|-supereffective|p2a: Braviary\n|-damage|p2a: Braviary|0 fnt\n|faint|p2a: Braviary\n|\n|upkeep\n|\n|t:|1783573416\n|switch|p2a: Kricketune|Kricketune, L99, M|100/100\n|turn|6\n|inactive|Time left: 300 sec this turn | 300 sec total\n|\n|t:|1783573417\n|move|p2a: Kricketune|Sticky Web|p1a: Donphan\n|-sidestart|p1: p0x2989d679|move: Sticky Web\n|move|p1a: Donphan|Knock Off|p2a: Kricketune\n|-damage|p2a: Kricketune|67/100\n|-enditem|p2a: Kricketune|Heavy-Duty Boots|[from] move: Knock Off|[of] p1a: Donphan\n|\n|upkeep\n|turn|7\n|inactive|Time left: 300 sec this turn | 300 sec total\n|\n|t:|1783573418\n|move|p2a: Kricketune|Pounce|p1a: Donphan\n|-damage|p1a: Donphan|204/288\n|-unboost|p1a: Donphan|spe|1\n|move|p1a: Donphan|Stealth Rock|p2a: Kricketune\n|-sidestart|p2: p0y29899bf0|move: Stealth Rock\n|\n|-heal|p1a: Donphan|222/288|[from] item: Leftovers\n|upkeep\n|turn|8\n|inactive|Time left: 300 sec this turn | 300 sec total\n|\n|t:|1783573419\n|switch|p1a: Hitmontop|Hitmontop, L88, M|231/231\n|-activate|p1a: Hitmontop|move: Sticky Web\n|-unboost|p1a: Hitmontop|spe|1\n|-ability|p1a: Hitmontop|Intimidate|boost\n|-unboost|p2a: Kricketune|atk|1\n|move|p2a: Kricketune|Knock Off|p1a: Hitmontop\n|-resisted|p1a: Hitmontop\n|-damage|p1a: Hitmontop|207/231\n|-enditem|p1a: Hitmontop|Assault Vest|[from] move: Knock Off|[of] p2a: Kricketune\n|\n|upkeep\n|turn|9\n|inactive|Time left: 300 sec this turn | 300 sec total\n|\n|t:|1783573420\n|-terastallize|p2a: Kricketune|Ghost\n|move|p2a: Kricketune|Pounce|p1a: Hitmontop\n|-resisted|p1a: Hitmontop\n|-damage|p1a: Hitmontop|174/231\n|-unboost|p1a: Hitmontop|spe|1\n|move|p1a: Hitmontop|Rapid Spin|p2a: Kricketune\n|-immune|p2a: Kricketune\n|\n|upkeep\n|turn|10\n|inactive|Time left: 300 sec this turn | 300 sec total\n|\n|t:|1783573421\n|switch|p1a: Moltres|Moltres, L81|122/278\n|move|p2a: Kricketune|Pounce|p1a: Moltres\n|-resisted|p1a: Moltres\n|-damage|p1a: Moltres|107/278\n|-unboost|p1a: Moltres|spe|1\n|-status|p2a: Kricketune|brn|[from] ability: Flame Body|[of] p1a: Moltres\n|\n|-damage|p2a: Kricketune|61/100 brn|[from] brn\n|upkeep\n|turn|11\n|inactive|Time left: 300 sec this turn | 300 sec total\n|\n|t:|1783573422\n|move|p2a: Kricketune|Pounce|p1a: Moltres\n|-resisted|p1a: Moltres\n|-damage|p1a: Moltres|99/278\n|-unboost|p1a: Moltres|spe|1\n|move|p1a: Moltres|Roost|p1a: Moltres\n|-heal|p1a: Moltres|238/278\n|-singleturn|p1a: Moltres|move: Roost\n|\n|-damage|p2a: Kricketune|55/100 brn|[from] brn\n|upkeep\n|turn|12\n|inactive|Time left: 300 sec this turn | 300 sec total\n|\n|t:|1783573423\n|switch|p1a: Hitmontop|Hitmontop, L88, M|174/231\n|-activate|p1a: Hitmontop|move: Sticky Web\n|-unboost|p1a: Hitmontop|spe|1\n|-ability|p1a: Hitmontop|Intimidate|boost\n|-unboost|p2a: Kricketune|atk|1\n|move|p2a: Kricketune|Pounce|p1a: Hitmontop\n|-resisted|p1a: Hitmontop\n|-damage|p1a: Hitmontop|162/231\n|-unboost|p1a: Hitmontop|spe|1\n|\n|-damage|p2a: Kricketune|49/100 brn|[from] brn\n|upkeep\n|turn|13\n|inactive|Time left: 300 sec this turn | 300 sec total\n|\n|t:|1783573424\n|move|p2a: Kricketune|Pounce|p1a: Hitmontop\n|-resisted|p1a: Hitmontop\n|-damage|p1a: Hitmontop|151/231\n|-unboost|p1a: Hitmontop|spe|1\n|move|p1a: Hitmontop|Rapid Spin|p2a: Kricketune\n|-immune|p2a: Kricketune\n|\n|-damage|p2a: Kricketune|43/100 brn|[from] brn\n|upkeep\n|turn|14\n|inactive|Time left: 300 sec this turn | 300 sec total\n|\n|t:|1783573425\n|switch|p1a: Moltres|Moltres, L81|238/278\n|move|p2a: Kricketune|Pounce|p1a: Moltres\n|-resisted|p1a: Moltres\n|-damage|p1a: Moltres|232/278\n|-unboost|p1a: Moltres|spe|1\n|\n|-damage|p2a: Kricketune|37/100 brn|[from] brn\n|upkeep\n|turn|15\n|inactive|Time left: 300 sec this turn | 300 sec total\n|\n|t:|1783573426\n|switch|p1a: Hitmontop|Hitmontop, L88, M|151/231\n|-activate|p1a: Hitmontop|move: Sticky Web\n|-unboost|p1a: Hitmontop|spe|1\n|-ability|p1a: Hitmontop|Intimidate|boost\n|-unboost|p2a: Kricketune|atk|1\n|move|p2a: Kricketune|Knock Off|p1a: Hitmontop\n|-resisted|p1a: Hitmontop\n|-damage|p1a: Hitmontop|146/231\n|\n|-damage|p2a: Kricketune|31/100 brn|[from] brn\n|upkeep\n|turn|16\n|inactive|Time left: 300 sec this turn | 300 sec total\n|\n|t:|1783573427\n|move|p2a: Kricketune|Pounce|p1a: Hitmontop\n|-resisted|p1a: Hitmontop\n|-damage|p1a: Hitmontop|137/231\n|-unboost|p1a: Hitmontop|spe|1\n|move|p1a: Hitmontop|Rapid Spin|p2a: Kricketune\n|-immune|p2a: Kricketune\n|\n|-damage|p2a: Kricketune|25/100 brn|[from] brn\n|upkeep\n|turn|17\n|inactive|Time left: 300 sec this turn | 300 sec total\n|\n|t:|1783573428\n|move|p2a: Kricketune|Pounce|p1a: Hitmontop\n|-resisted|p1a: Hitmontop\n|-damage|p1a: Hitmontop|128/231\n|-unboost|p1a: Hitmontop|spe|1\n|move|p1a: Hitmontop|Rapid Spin|p2a: Kricketune\n|-immune|p2a: Kricketune\n|\n|-damage|p2a: Kricketune|18/100 brn|[from] brn\n|upkeep\n|turn|18\n|inactive|Time left: 300 sec this turn | 300 sec total\n|\n|t:|1783573429\n|switch|p1a: Moltres|Moltres, L81|232/278\n|move|p2a: Kricketune|Pounce|p1a: Moltres\n|-resisted|p1a: Moltres\n|-damage|p1a: Moltres|227/278\n|-unboost|p1a: Moltres|spe|1\n|\n|-damage|p2a: Kricketune|12/100 brn|[from] brn\n|upkeep\n|turn|19\n|inactive|Time left: 300 sec this turn | 300 sec total\n|\n|t:|1783573430\n|move|p2a: Kricketune|Knock Off|p1a: Moltres\n|-damage|p1a: Moltres|210/278\n|-enditem|p1a: Moltres|Heavy-Duty Boots|[from] move: Knock Off|[of] p2a: Kricketune\n|move|p1a: Moltres|Fire Blast|p2a: Kricketune\n|-damage|p2a: Kricketune|0 fnt\n|faint|p2a: Kricketune\n|\n|upkeep\n|\n|t:|1783573431\n|switch|p2a: Pincurchin|Pincurchin, M|100/100\n|-damage|p2a: Pincurchin|88/100|[from] Stealth Rock\n|-fieldstart|move: Electric Terrain|[from] ability: Electric Surge|[of] p2a: Pincurchin\n|turn|20\n|inactive|Time left: 300 sec this turn | 300 sec total\n|\n|t:|1783573432\n|switch|p1a: Hitmontop|Hitmontop, L88, M|128/231\n|-activate|p1a: Hitmontop|move: Sticky Web\n|-unboost|p1a: Hitmontop|spe|1\n|-ability|p1a: Hitmontop|Intimidate|boost\n|-unboost|p2a: Pincurchin|atk|1\n|move|p2a: Pincurchin|Scald|p1a: Hitmontop\n|-crit|p1a: Hitmontop\n|-damage|p1a: Hitmontop|29/231\n|\n|-heal|p2a: Pincurchin|94/100|[from] item: Leftovers\n|upkeep\n|turn|21\n|inactive|Time left: 300 sec this turn | 300 sec total\n|\n|t:|1783573433\n|move|p1a: Hitmontop|Rapid Spin|p2a: Pincurchin\n|-damage|p2a: Pincurchin|83/100\n|-boost|p1a: Hitmontop|spe|1\n|-sideend|p1: p0x2989d679|Sticky Web|[from] move: Rapid Spin|[of] p1a: Hitmontop\n|move|p2a: Pincurchin|Scald|p1a: Hitmontop\n|-damage|p1a: Hitmontop|0 fnt\n|faint|p1a: Hitmontop\n|\n|-heal|p2a: Pincurchin|89/100|[from] item: Leftovers\n|upkeep\n|inactive|Time left: 300 sec this turn | 300 sec total | 5 sec grace\n|\n|t:|1783573434\n|switch|p1a: Sawsbuck|Sawsbuck-Summer, L88, M|284/284\n|turn|22\n|inactive|Time left: 300 sec this turn | 300 sec total\n|\n|t:|1783573435\n|move|p1a: Sawsbuck|Swords Dance|p1a: Sawsbuck\n|-boost|p1a: Sawsbuck|atk|2\n|move|p2a: Pincurchin|Scald|p1a: Sawsbuck\n|-resisted|p1a: Sawsbuck\n|-damage|p1a: Sawsbuck|243/284\n|-status|p1a: Sawsbuck|brn\n|\n|-heal|p2a: Pincurchin|95/100|[from] item: Leftovers\n|-damage|p1a: Sawsbuck|226/284 brn|[from] brn\n|upkeep\n|turn|23\n|inactive|Time left: 300 sec this turn | 300 sec total\n|\n|t:|1783573436\n|switch|p2a: Flamigo|Flamigo, L82, F|100/100\n|-damage|p2a: Flamigo|88/100|[from] Stealth Rock\n|move|p1a: Sawsbuck|Swords Dance|p1a: Sawsbuck\n|-boost|p1a: Sawsbuck|atk|2\n|\n|-damage|p1a: Sawsbuck|209/284 brn|[from] brn\n|upkeep\n|turn|24\n|inactive|Time left: 300 sec this turn | 300 sec total\n|\n|t:|1783573437\n|-terastallize|p1a: Sawsbuck|Normal\n|move|p2a: Flamigo|Close Combat|p1a: Sawsbuck\n|-supereffective|p1a: Sawsbuck\n|-damage|p1a: Sawsbuck|0 fnt\n|-unboost|p2a: Flamigo|def|1\n|-unboost|p2a: Flamigo|spd|1\n|faint|p1a: Sawsbuck\n|\n|-fieldend|move: Electric Terrain\n|upkeep\n|inactive|Time left: 300 sec this turn | 300 sec total | 5 sec grace\n|\n|t:|1783573438\n|switch|p1a: Seviper|Seviper, L93, F|287/287\n|turn|25\n|inactive|Time left: 300 sec this turn | 300 sec total\n|\n|t:|1783573439\n|switch|p2a: Stantler|Stantler, L92, F|100/100\n|-damage|p2a: Stantler|88/100|[from] Stealth Rock\n|-ability|p2a: Stantler|Intimidate|boost\n|-unboost|p1a: Seviper|atk|1\n|move|p1a: Seviper|Swords Dance|p1a: Seviper\n|-boost|p1a: Seviper|atk|2\n|\n|upkeep\n|turn|26\n|inactive|Time left: 300 sec this turn | 300 sec total\n|\n|t:|1783573440\n|move|p2a: Stantler|Earthquake|p1a: Seviper\n|-supereffective|p1a: Seviper\n|-damage|p1a: Seviper|103/287\n|move|p1a: Seviper|Gunk Shot|p2a: Stantler\n|-damage|p2a: Stantler|26/100\n|-status|p2a: Stantler|psn\n|\n|-heal|p1a: Seviper|120/287|[from] item: Leftovers\n|-damage|p2a: Stantler|14/100 psn|[from] psn\n|upkeep\n|turn|27\n|inactive|Time left: 300 sec this turn | 300 sec total\n|\n|t:|1783573441\n|switch|p1a: Moltres|Moltres, L81|210/278\n|move|p2a: Stantler|Body Slam|p1a: Moltres\n|-damage|p1a: Moltres|96/278\n|\n|-damage|p2a: Stantler|1/100 psn|[from] psn\n|upkeep\n|turn|28\n|inactive|Time left: 300 sec this turn | 300 sec total\n|\n|t:|1783573441\n|move|p2a: Stantler|Body Slam|p1a: Moltres\n|-damage|p1a: Moltres|0 fnt\n|faint|p1a: Moltres\n|\n|-damage|p2a: Stantler|0 fnt|[from] psn\n|faint|p2a: Stantler\n|upkeep\n|inactive|Time left: 300 sec this turn | 300 sec total | 5 sec grace\n|\n|t:|1783573442\n|switch|p2a: Pincurchin|Pincurchin, M|95/100\n|switch|p1a: Donphan|Donphan, L84, M|222/288\n|-damage|p2a: Pincurchin|83/100|[from] Stealth Rock\n|-fieldstart|move: Electric Terrain|[from] ability: Electric Surge|[of] p2a: Pincurchin\n|turn|29\n|inactive|Time left: 300 sec this turn | 300 sec total\n|\n|t:|1783573443\n|move|p1a: Donphan|Earthquake|p2a: Pincurchin\n|-supereffective|p2a: Pincurchin\n|-damage|p2a: Pincurchin|11/100\n|move|p2a: Pincurchin|Scald|p1a: Donphan\n|-supereffective|p1a: Donphan\n|-crit|p1a: Donphan\n|-damage|p1a: Donphan|0 fnt\n|faint|p1a: Donphan\n|\n|-heal|p2a: Pincurchin|17/100|[from] item: Leftovers\n|upkeep\n|inactive|Time left: 300 sec this turn | 300 sec total | 5 sec grace\n|\n|t:|1783573444\n|switch|p1a: Seviper|Seviper, L93, F|120/287\n|turn|30\n|inactive|Time left: 300 sec this turn | 300 sec total\n|\n|t:|1783573445\n|move|p1a: Seviper|Gunk Shot|p2a: Pincurchin\n|-damage|p2a: Pincurchin|0 fnt\n|faint|p2a: Pincurchin\n|\n|-heal|p1a: Seviper|137/287|[from] item: Leftovers\n|upkeep\n|\n|t:|1783573446\n|switch|p2a: Flamigo|Flamigo, L82, F|88/100\n|-damage|p2a: Flamigo|76/100|[from] Stealth Rock\n|turn|31\n|inactive|Time left: 300 sec this turn | 300 sec total\n|\n|t:|1783573447\n|move|p2a: Flamigo|Brave Bird|p1a: Seviper\n|-damage|p1a: Seviper|0 fnt\n|faint|p1a: Seviper\n|-damage|p2a: Flamigo|59/100|[from] Recoil\n|\n|win|p0y29899bf0", "uploadtime": 1783573447, "views": 0, "rating": 0, "private": 0, "password": null, "_winner": "p0y29899bf0", "_our_name": "p0x2989d679"}