{"id": "battle-gen9randombattle-2516", "formatid": "gen9randombattle", "format": "[Gen 9] Random Battle", "players": ["p0x25164bd3", "p0y2516515c"], "log": "|init|battle\n|title|p0x25164bd3 vs. p0y2516515c\n|j|\u2606p0x25164bd3\n|j|\u2606p0y2516515c\n|t:|1783569143\n|gametype|singles\n|player|p1|p0x25164bd3|2|\n|player|p2|p0y2516515c|2|\n|gen|9\n|tier|[Gen 9] Random Battle\n|rule|Species Clause: Limit one of each Pok\u00e9mon\n|rule|HP Percentage Mod: HP is shown in percentages\n|rule|Sleep Clause Mod: Limit one foe put to sleep\n|rule|Illusion Level Mod: Illusion disguises the Pok\u00e9mon's true level\n|\n|t:|1783569143\n|teamsize|p1|6\n|teamsize|p2|6\n|start\n|switch|p1a: Kilowattrel|Kilowattrel, L83, M|100/100\n|switch|p2a: Articuno|Articuno-Galar, L84|288/288\n|turn|1\n|inactive|Battle timer is ON: inactive players will automatically lose when time's up. (requested by p0x25164bd3)\n|inactive|Time left: 300 sec this turn | 300 sec total | 60 sec grace\n|inactive|p0y2516515c also wants the timer to be on.\n|\n|t:|1783569145\n|move|p1a: Kilowattrel|Thunderbolt|p2a: Articuno\n|-supereffective|p2a: Articuno\n|-damage|p2a: Articuno|90/288\n|move|p2a: Articuno|Freezing Glare|p1a: Kilowattrel\n|-crit|p1a: Kilowattrel\n|-damage|p1a: Kilowattrel|2/100\n|\n|upkeep\n|turn|2\n|inactive|Time left: 300 sec this turn | 300 sec total\n|\n|t:|1783569146\n|switch|p2a: Hariyama|Hariyama, L87, M|392/392\n|move|p1a: Kilowattrel|Thunderbolt|p2a: Hariyama\n|-damage|p2a: Hariyama|266/392\n|\n|-status|p2a: Hariyama|brn|[from] item: Flame Orb\n|upkeep\n|turn|3\n|inactive|Time left: 300 sec this turn | 300 sec total\n|\n|t:|1783569146\n|switch|p2a: Kilowattrel|Kilowattrel, L83, F|252/252\n|move|p1a: Kilowattrel|Hurricane|p2a: Kilowattrel\n|-resisted|p2a: Kilowattrel\n|-damage|p2a: Kilowattrel|166/252\n|-start|p2a: Kilowattrel|confusion\n|\n|upkeep\n|turn|4\n|inactive|Time left: 300 sec this turn | 300 sec total\n|\n|t:|1783569147\n|move|p1a: Kilowattrel|Roost|p1a: Kilowattrel\n|-heal|p1a: Kilowattrel|52/100\n|-singleturn|p1a: Kilowattrel|move: Roost\n|-activate|p2a: Kilowattrel|confusion\n|move|p2a: Kilowattrel|U-turn|p1a: Kilowattrel\n|-damage|p1a: Kilowattrel|32/100\n|inactive|Time left: 300 sec this turn | 300 sec total | 5 sec grace\n|\n|t:|1783569148\n|switch|p2a: Flutter Mane|Flutter Mane, L74|203/203|[from] U-turn\n|\n|upkeep\n|turn|5\n|inactive|Time left: 300 sec this turn | 300 sec total\n|\n|t:|1783569149\n|move|p1a: Kilowattrel|Thunderbolt|p2a: Flutter Mane\n|-damage|p2a: Flutter Mane|116/203\n|move|p2a: Flutter Mane|Moonblast|p1a: Kilowattrel\n|-damage|p1a: Kilowattrel|0 fnt\n|faint|p1a: Kilowattrel\n|\n|upkeep\n|\n|t:|1783569149\n|switch|p1a: Barraskewda|Barraskewda, L81, F|100/100\n|turn|6\n|inactive|Time left: 300 sec this turn | 300 sec total\n|\n|t:|1783569150\n|-end|p2a: Flutter Mane|Protosynthesis|[silent]\n|switch|p2a: Arboliva|Arboliva, L91, M|290/290\n|move|p1a: Barraskewda|Waterfall|p2a: Arboliva\n|-resisted|p2a: Arboliva\n|-damage|p2a: Arboliva|227/290\n|-fieldstart|move: Grassy Terrain|[from] ability: Seed Sower|[of] p2a: Arboliva\n|\n|-heal|p2a: Arboliva|245/290|[from] Grassy Terrain\n|-heal|p2a: Arboliva|263/290|[from] item: Leftovers\n|upkeep\n|turn|7\n|inactive|Time left: 300 sec this turn | 300 sec total\n|\n|t:|1783569151\n|switch|p1a: Gholdengo|Gholdengo, L77|100/100\n|move|p2a: Arboliva|Hyper Voice|p1a: Gholdengo\n|-immune|p1a: Gholdengo\n|\n|-heal|p2a: Arboliva|281/290|[from] Grassy Terrain\n|-heal|p2a: Arboliva|290/290|[from] item: Leftovers\n|upkeep\n|turn|8\n|inactive|Time left: 300 sec this turn | 300 sec total\n|\n|t:|1783569152\n|move|p1a: Gholdengo|Nasty Plot|p1a: Gholdengo\n|-boost|p1a: Gholdengo|spa|2\n|move|p2a: Arboliva|Earth Power|p1a: Gholdengo\n|-supereffective|p1a: Gholdengo\n|-damage|p1a: Gholdengo|23/100\n|\n|-heal|p1a: Gholdengo|29/100|[from] Grassy Terrain\n|-heal|p1a: Gholdengo|35/100|[from] item: Leftovers\n|upkeep\n|turn|9\n|inactive|Time left: 300 sec this turn | 300 sec total\n|\n|t:|1783569153\n|move|p1a: Gholdengo|Make It Rain|p2a: Arboliva\n|-damage|p2a: Arboliva|80/290\n|-unboost|p1a: Gholdengo|spa|1\n|move|p2a: Arboliva|Earth Power|p1a: Gholdengo\n|-supereffective|p1a: Gholdengo\n|-damage|p1a: Gholdengo|0 fnt\n|faint|p1a: Gholdengo\n|\n|-heal|p2a: Arboliva|98/290|[from] Grassy Terrain\n|-heal|p2a: Arboliva|116/290|[from] item: Leftovers\n|upkeep\n|\n|t:|1783569154\n|switch|p1a: Chien-Pao|Chien-Pao, L72|100/100\n|-ability|p1a: Chien-Pao|Sword of Ruin\n|turn|10\n|inactive|Time left: 300 sec this turn | 300 sec total\n|\n|t:|1783569155\n|switch|p2a: Hariyama|Hariyama, L87, M|266/392 brn\n|move|p1a: Chien-Pao|Crunch|p2a: Hariyama\n|-resisted|p2a: Hariyama\n|-damage|p2a: Hariyama|177/392 brn\n|-unboost|p2a: Hariyama|def|1\n|\n|-heal|p2a: Hariyama|201/392 brn|[from] Grassy Terrain\n|-damage|p2a: Hariyama|177/392 brn|[from] brn\n|-fieldend|move: Grassy Terrain\n|upkeep\n|turn|11\n|inactive|Time left: 300 sec this turn | 300 sec total\n|\n|t:|1783569156\n|move|p1a: Chien-Pao|Crunch|p2a: Hariyama\n|-resisted|p2a: Hariyama\n|-damage|p2a: Hariyama|39/392 brn\n|move|p2a: Hariyama|Close Combat|p1a: Chien-Pao\n|-supereffective|p1a: Chien-Pao\n|-damage|p1a: Chien-Pao|0 fnt\n|-unboost|p2a: Hariyama|def|1\n|-unboost|p2a: Hariyama|spd|1\n|faint|p1a: Chien-Pao\n|\n|-damage|p2a: Hariyama|15/392 brn|[from] brn\n|upkeep\n|\n|t:|1783569157\n|switch|p1a: Lycanroc|Lycanroc-Midnight, L89, M|100/100\n|turn|12\n|inactive|Time left: 300 sec this turn | 300 sec total\n|\n|t:|1783569158\n|switch|p2a: Articuno|Articuno-Galar, L84|90/288\n|move|p1a: Lycanroc|Stone Edge|p2a: Articuno\n|-supereffective|p2a: Articuno\n|-damage|p2a: Articuno|0 fnt\n|faint|p2a: Articuno\n|-damage|p1a: Lycanroc|91/100|[from] item: Life Orb\n|\n|upkeep\n|inactive|Time left: 300 sec this turn | 300 sec total | 5 sec grace\n|\n|t:|1783569159\n|switch|p2a: Oranguru|Oranguru, L92, M|315/315\n|turn|13\n|inactive|Time left: 300 sec this turn | 300 sec total\n|\n|t:|1783569160\n|move|p1a: Lycanroc|Knock Off|p2a: Oranguru\n|-supereffective|p2a: Oranguru\n|-damage|p2a: Oranguru|81/315\n|-enditem|p2a: Oranguru|Leftovers|[from] move: Knock Off|[of] p1a: Lycanroc\n|-damage|p1a: Lycanroc|81/100|[from] item: Life Orb\n|move|p2a: Oranguru|Focus Blast|p1a: Lycanroc\n|-supereffective|p1a: Lycanroc\n|-damage|p1a: Lycanroc|17/100\n|\n|upkeep\n|turn|14\n|inactive|Time left: 300 sec this turn | 300 sec total\n|\n|t:|1783569161\n|move|p1a: Lycanroc|Stone Edge|p2a: Oranguru\n|-damage|p2a: Oranguru|0 fnt\n|faint|p2a: Oranguru\n|-damage|p1a: Lycanroc|8/100|[from] item: Life Orb\n|\n|upkeep\n|inactive|Time left: 300 sec this turn | 300 sec total | 5 sec grace\n|\n|t:|1783569161\n|switch|p2a: Flutter Mane|Flutter Mane, L74|116/203\n|turn|15\n|inactive|Time left: 300 sec this turn | 300 sec total\n|\n|t:|1783569162\n|move|p2a: Flutter Mane|Moonblast|p1a: Lycanroc\n|-damage|p1a: Lycanroc|0 fnt\n|faint|p1a: Lycanroc\n|\n|upkeep\n|\n|t:|1783569163\n|switch|p1a: Barraskewda|Barraskewda, L81, F|100/100\n|turn|16\n|inactive|Time left: 300 sec this turn | 300 sec total\n|\n|t:|1783569164\n|-end|p2a: Flutter Mane|Protosynthesis|[silent]\n|switch|p2a: Arboliva|Arboliva, L91, M|116/290\n|-terastallize|p1a: Barraskewda|Water\n|move|p1a: Barraskewda|Waterfall|p2a: Arboliva\n|-resisted|p2a: Arboliva\n|-damage|p2a: Arboliva|23/290\n|-fieldstart|move: Grassy Terrain|[from] ability: Seed Sower|[of] p2a: Arboliva\n|\n|-heal|p2a: Arboliva|41/290|[from] Grassy Terrain\n|-heal|p2a: Arboliva|59/290|[from] item: Leftovers\n|upkeep\n|turn|17\n|inactive|Time left: 300 sec this turn | 300 sec total\n|\n|t:|1783569165\n|move|p1a: Barraskewda|Waterfall|p2a: Arboliva\n|-resisted|p2a: Arboliva\n|-damage|p2a: Arboliva|0 fnt\n|faint|p2a: Arboliva\n|\n|upkeep\n|inactive|Time left: 300 sec this turn | 300 sec total | 5 sec grace\n|\n|t:|1783569166\n|switch|p2a: Flutter Mane|Flutter Mane, L74|116/203\n|turn|18\n|inactive|Time left: 300 sec this turn | 300 sec total\n|\n|t:|1783569167\n|-terastallize|p2a: Flutter Mane|Fairy\n|move|p1a: Barraskewda|Waterfall|p2a: Flutter Mane\n|-damage|p2a: Flutter Mane|0 fnt\n|faint|p2a: Flutter Mane\n|-end|p2a: Flutter Mane|Protosynthesis|[silent]\n|\n|upkeep\n|inactive|Time left: 300 sec this turn | 300 sec total | 5 sec grace\n|\n|t:|1783569168\n|switch|p2a: Kilowattrel|Kilowattrel, L83, F|166/252\n|turn|19\n|inactive|Time left: 300 sec this turn | 300 sec total\n|\n|t:|1783569169\n|switch|p2a: Hariyama|Hariyama, L87, M|15/392 brn\n|move|p1a: Barraskewda|Waterfall|p2a: Hariyama\n|-damage|p2a: Hariyama|0 fnt\n|faint|p2a: Hariyama\n|\n|upkeep\n|inactive|Time left: 300 sec this turn | 300 sec total | 5 sec grace\n|\n|t:|1783569170\n|switch|p2a: Kilowattrel|Kilowattrel, L83, F|166/252\n|turn|20\n|inactive|Time left: 300 sec this turn | 300 sec total\n|\n|t:|1783569170\n|move|p1a: Barraskewda|Waterfall|p2a: Kilowattrel\n|-damage|p2a: Kilowattrel|0 fnt\n|faint|p2a: Kilowattrel\n|\n|win|p0x25164bd3", "uploadtime": 1783569170, "views": 0, "rating": 0, "private": 0, "password": null, "_winner": "p0x25164bd3", "_our_name": "p0y2516515c"}