{"id": "battle-gen9randombattle-1267", "formatid": "gen9randombattle", "format": "[Gen 9] Random Battle", "players": ["p0x12675758", "p0y12678d4e"], "log": "|init|battle\n|title|p0x12675758 vs. p0y12678d4e\n|j|\u2606p0x12675758\n|j|\u2606p0y12678d4e\n|t:|1783553801\n|gametype|singles\n|player|p1|p0x12675758|266|\n|player|p2|p0y12678d4e|265|\n|gen|9\n|tier|[Gen 9] Random Battle\n|rule|Species Clause: Limit one of each Pok\u00e9mon\n|rule|HP Percentage Mod: HP is shown in percentages\n|rule|Sleep Clause Mod: Limit one foe put to sleep\n|rule|Illusion Level Mod: Illusion disguises the Pok\u00e9mon's true level\n|\n|t:|1783553801\n|teamsize|p1|6\n|teamsize|p2|6\n|start\n|switch|p1a: Eternatus|Eternatus, L69|100/100\n|switch|p2a: Girafarig|Girafarig, L89, M|269/269\n|-ability|p1a: Eternatus|Pressure\n|turn|1\n|inactive|Battle timer is ON: inactive players will automatically lose when time's up. (requested by p0x12675758)\n|inactive|Time left: 300 sec this turn | 300 sec total | 60 sec grace\n|inactive|p0y12678d4e also wants the timer to be on.\n|\n|t:|1783553803\n|move|p1a: Eternatus|Sludge Bomb|p2a: Girafarig\n|-damage|p2a: Girafarig|200/269\n|-status|p2a: Girafarig|psn\n|move|p2a: Girafarig|Nasty Plot|p2a: Girafarig\n|-boost|p2a: Girafarig|spa|2\n|\n|-damage|p2a: Girafarig|167/269 psn|[from] psn\n|upkeep\n|turn|2\n|inactive|Time left: 300 sec this turn | 300 sec total\n|\n|t:|1783553805\n|-terastallize|p1a: Eternatus|Dragon\n|move|p1a: Eternatus|Dynamax Cannon|p2a: Girafarig\n|-damage|p2a: Girafarig|57/269 psn\n|move|p2a: Girafarig|Psyshock|p1a: Eternatus\n|-damage|p1a: Eternatus|31/100\n|\n|-heal|p1a: Eternatus|37/100|[from] item: Leftovers\n|-damage|p2a: Girafarig|24/269 psn|[from] psn\n|upkeep\n|turn|3\n|inactive|Time left: 300 sec this turn | 300 sec total\n|\n|t:|1783553806\n|move|p1a: Eternatus|Dynamax Cannon|p2a: Girafarig\n|-damage|p2a: Girafarig|0 fnt\n|faint|p2a: Girafarig\n|\n|-heal|p1a: Eternatus|43/100|[from] item: Leftovers\n|upkeep\n|inactive|Time left: 300 sec this turn | 300 sec total | 5 sec grace\n|\n|t:|1783553807\n|switch|p2a: Piloswine|Piloswine, L85, F|309/309\n|turn|4\n|inactive|Time left: 300 sec this turn | 300 sec total\n|\n|t:|1783553808\n|move|p1a: Eternatus|Recover|p1a: Eternatus\n|-heal|p1a: Eternatus|93/100\n|move|p2a: Piloswine|Icicle Crash|p1a: Eternatus\n|-supereffective|p1a: Eternatus\n|-damage|p1a: Eternatus|21/100\n|\n|-heal|p1a: Eternatus|27/100|[from] item: Leftovers\n|upkeep\n|turn|5\n|inactive|Time left: 300 sec this turn | 300 sec total\n|\n|t:|1783553809\n|switch|p1a: Lunala|Lunala, L70|100/100\n|move|p2a: Piloswine|Icicle Crash|p1a: Lunala\n|-damage|p1a: Lunala|82/100\n|\n|-heal|p1a: Lunala|88/100|[from] item: Leftovers\n|upkeep\n|turn|6\n|inactive|Time left: 300 sec this turn | 300 sec total\n|\n|t:|1783553810\n|move|p1a: Lunala|Calm Mind|p1a: Lunala\n|-boost|p1a: Lunala|spa|1\n|-boost|p1a: Lunala|spd|1\n|move|p2a: Piloswine|Stealth Rock|p1a: Lunala\n|-sidestart|p1: p0x12675758|move: Stealth Rock\n|\n|-heal|p1a: Lunala|94/100|[from] item: Leftovers\n|upkeep\n|turn|7\n|inactive|Time left: 300 sec this turn | 300 sec total\n|\n|t:|1783553811\n|switch|p2a: Skuntank|Skuntank, L84, M|310/310\n|move|p1a: Lunala|Moongeist Beam|p2a: Skuntank\n|-resisted|p2a: Skuntank\n|-damage|p2a: Skuntank|205/310\n|\n|-heal|p1a: Lunala|100/100|[from] item: Leftovers\n|upkeep\n|turn|8\n|inactive|Time left: 300 sec this turn | 300 sec total\n|\n|t:|1783553812\n|switch|p1a: Landorus|Landorus-Therian, L76, M|100/100\n|-damage|p1a: Landorus|88/100|[from] Stealth Rock\n|-ability|p1a: Landorus|Intimidate|boost\n|-unboost|p2a: Skuntank|atk|1\n|move|p2a: Skuntank|Knock Off|p1a: Landorus\n|-damage|p1a: Landorus|52/100\n|-enditem|p1a: Landorus|Leftovers|[from] move: Knock Off|[of] p2a: Skuntank\n|-damage|p2a: Skuntank|174/310|[from] item: Life Orb\n|\n|upkeep\n|turn|9\n|inactive|Time left: 300 sec this turn | 300 sec total\n|\n|t:|1783553813\n|switch|p2a: Lilligant|Lilligant, L86, F|261/261\n|move|p1a: Landorus|Earthquake|p2a: Lilligant\n|-resisted|p2a: Lilligant\n|-damage|p2a: Lilligant|189/261\n|\n|upkeep\n|turn|10\n|inactive|Time left: 300 sec this turn | 300 sec total\n|\n|t:|1783553814\n|move|p2a: Lilligant|Quiver Dance|p2a: Lilligant\n|-boost|p2a: Lilligant|spa|1\n|-boost|p2a: Lilligant|spd|1\n|-boost|p2a: Lilligant|spe|1\n|move|p1a: Landorus|U-turn|p2a: Lilligant\n|-supereffective|p2a: Lilligant\n|-damage|p2a: Lilligant|71/261\n|\n|t:|1783553815\n|switch|p1a: Entei|Entei, L78|100/100|[from] U-turn\n|-damage|p1a: Entei|76/100|[from] Stealth Rock\n|\n|upkeep\n|turn|11\n|inactive|Time left: 300 sec this turn | 300 sec total\n|\n|t:|1783553816\n|move|p1a: Entei|Extreme Speed|p2a: Lilligant\n|-damage|p2a: Lilligant|0 fnt\n|faint|p2a: Lilligant\n|\n|upkeep\n|inactive|Time left: 300 sec this turn | 300 sec total | 5 sec grace\n|\n|t:|1783553817\n|switch|p2a: Metagross|Metagross, L79|256/256\n|turn|12\n|inactive|Time left: 300 sec this turn | 300 sec total\n|\n|t:|1783553818\n|switch|p1a: Lunala|Lunala, L70|100/100\n|-damage|p1a: Lunala|88/100|[from] Stealth Rock\n|move|p2a: Metagross|Heavy Slam|p1a: Lunala\n|-damage|p1a: Lunala|39/100\n|\n|-heal|p1a: Lunala|45/100|[from] item: Leftovers\n|upkeep\n|turn|13\n|inactive|Time left: 300 sec this turn | 300 sec total\n|\n|t:|1783553819\n|move|p1a: Lunala|Moongeist Beam|p2a: Metagross\n|-supereffective|p2a: Metagross\n|-damage|p2a: Metagross|58/256\n|-enditem|p2a: Metagross|Weakness Policy\n|-boost|p2a: Metagross|atk|2|[from] item: Weakness Policy\n|-boost|p2a: Metagross|spa|2|[from] item: Weakness Policy\n|move|p2a: Metagross|Heavy Slam|p1a: Lunala\n|-damage|p1a: Lunala|0 fnt\n|faint|p1a: Lunala\n|\n|upkeep\n|\n|t:|1783553821\n|switch|p1a: Eternatus|Eternatus, L69, tera:Dragon|27/100\n|-damage|p1a: Eternatus|14/100|[from] Stealth Rock\n|-ability|p1a: Eternatus|Pressure\n|turn|14\n|inactive|Time left: 300 sec this turn | 300 sec total\n|\n|t:|1783553821\n|move|p1a: Eternatus|Dynamax Cannon|p2a: Metagross\n|-resisted|p2a: Metagross\n|-damage|p2a: Metagross|0 fnt\n|faint|p2a: Metagross\n|\n|-heal|p1a: Eternatus|21/100|[from] item: Leftovers\n|upkeep\n|inactive|Time left: 300 sec this turn | 300 sec total | 5 sec grace\n|\n|t:|1783553822\n|switch|p2a: Piloswine|Piloswine, L85, F|309/309\n|turn|15\n|inactive|Time left: 300 sec this turn | 300 sec total\n|\n|t:|1783553823\n|move|p1a: Eternatus|Dynamax Cannon|p2a: Piloswine\n|-damage|p2a: Piloswine|203/309\n|move|p2a: Piloswine|Icicle Crash|p1a: Eternatus\n|-supereffective|p1a: Eternatus\n|-damage|p1a: Eternatus|0 fnt\n|faint|p1a: Eternatus\n|\n|upkeep\n|\n|t:|1783553824\n|switch|p1a: Landorus|Landorus-Therian, L76, M|52/100\n|-damage|p1a: Landorus|40/100|[from] Stealth Rock\n|-ability|p1a: Landorus|Intimidate|boost\n|-unboost|p2a: Piloswine|atk|1\n|turn|16\n|inactive|Time left: 300 sec this turn | 300 sec total\n|\n|t:|1783553826\n|move|p1a: Landorus|Earthquake|p2a: Piloswine\n|-damage|p2a: Piloswine|121/309\n|move|p2a: Piloswine|Icicle Crash|p1a: Landorus|[miss]\n|-miss|p2a: Piloswine|p1a: Landorus\n|\n|upkeep\n|turn|17\n|inactive|Time left: 300 sec this turn | 300 sec total\n|\n|t:|1783553827\n|move|p1a: Landorus|Earthquake|p2a: Piloswine\n|-damage|p2a: Piloswine|34/309\n|move|p2a: Piloswine|Icicle Crash|p1a: Landorus\n|-supereffective|p1a: Landorus\n|-damage|p1a: Landorus|0 fnt\n|faint|p1a: Landorus\n|\n|upkeep\n|\n|t:|1783553828\n|switch|p1a: Sandy Shocks|Sandy Shocks, L80|100/100\n|turn|18\n|inactive|Time left: 300 sec this turn | 300 sec total\n|\n|t:|1783553829\n|switch|p2a: Blissey|Blissey, L85, F|572/572\n|move|p1a: Sandy Shocks|Earth Power|p2a: Blissey\n|-damage|p2a: Blissey|494/572\n|\n|-heal|p2a: Blissey|529/572|[from] item: Leftovers\n|upkeep\n|turn|19\n|inactive|Time left: 300 sec this turn | 300 sec total\n|\n|t:|1783553830\n|move|p1a: Sandy Shocks|Stealth Rock|p2a: Blissey\n|-sidestart|p2: p0y12678d4e|move: Stealth Rock\n|move|p2a: Blissey|Seismic Toss|p1a: Sandy Shocks\n|-damage|p1a: Sandy Shocks|69/100\n|\n|-heal|p2a: Blissey|564/572|[from] item: Leftovers\n|upkeep\n|turn|20\n|inactive|Time left: 300 sec this turn | 300 sec total\n|\n|t:|1783553831\n|move|p1a: Sandy Shocks|Volt Switch|p2a: Blissey\n|-damage|p2a: Blissey|500/572\n|\n|t:|1783553832\n|-end|p1a: Sandy Shocks|Protosynthesis|[silent]\n|switch|p1a: Entei|Entei, L78|76/100|[from] Volt Switch\n|-damage|p1a: Entei|51/100|[from] Stealth Rock\n|move|p2a: Blissey|Seismic Toss|p1a: Entei\n|-damage|p1a: Entei|23/100\n|\n|-heal|p2a: Blissey|535/572|[from] item: Leftovers\n|upkeep\n|turn|21\n|inactive|Time left: 300 sec this turn | 300 sec total\n|\n|t:|1783553833\n|move|p1a: Entei|Flare Blitz|p2a: Blissey\n|-damage|p2a: Blissey|0 fnt\n|faint|p2a: Blissey\n|-damage|p1a: Entei|0 fnt|[from] Recoil\n|faint|p1a: Entei\n|\n|upkeep\n|inactive|Time left: 300 sec this turn | 300 sec total | 5 sec grace\n|\n|t:|1783553834\n|switch|p1a: Sandy Shocks|Sandy Shocks, L80|69/100\n|switch|p2a: Piloswine|Piloswine, L85, F|34/309\n|-damage|p2a: Piloswine|0 fnt|[from] Stealth Rock\n|faint|p2a: Piloswine\n|inactive|Time left: 300 sec this turn | 300 sec total | 10 sec grace\n|\n|t:|1783553835\n|switch|p2a: Skuntank|Skuntank, L84, M|174/310\n|-damage|p2a: Skuntank|136/310|[from] Stealth Rock\n|turn|22\n|inactive|Time left: 300 sec this turn | 300 sec total\n|\n|t:|1783553836\n|move|p1a: Sandy Shocks|Thunderbolt|p2a: Skuntank\n|-damage|p2a: Skuntank|4/310\n|move|p2a: Skuntank|Taunt|p1a: Sandy Shocks\n|-start|p1a: Sandy Shocks|move: Taunt\n|\n|upkeep\n|turn|23\n|inactive|Time left: 300 sec this turn | 300 sec total\n|\n|t:|1783553837\n|-terastallize|p2a: Skuntank|Poison\n|move|p1a: Sandy Shocks|Thunderbolt|p2a: Skuntank\n|-damage|p2a: Skuntank|0 fnt\n|faint|p2a: Skuntank\n|\n|win|p0x12675758", "uploadtime": 1783553837, "views": 0, "rating": 0, "private": 0, "password": null, "_winner": "p0x12675758", "_our_name": "p0y12678d4e"}