{"id": "battle-gen9randombattle-1206", "formatid": "gen9randombattle", "format": "[Gen 9] Random Battle", "players": ["p0x12063a49", "p0y1206a775"], "log": "|init|battle\n|title|p0x12063a49 vs. p0y1206a775\n|j|\u2606p0x12063a49\n|j|\u2606p0y1206a775\n|t:|1783553081\n|gametype|singles\n|player|p1|p0x12063a49|170|\n|player|p2|p0y1206a775|170|\n|gen|9\n|tier|[Gen 9] Random Battle\n|rule|Species Clause: Limit one of each Pok\u00e9mon\n|rule|HP Percentage Mod: HP is shown in percentages\n|rule|Sleep Clause Mod: Limit one foe put to sleep\n|rule|Illusion Level Mod: Illusion disguises the Pok\u00e9mon's true level\n|\n|t:|1783553081\n|teamsize|p1|6\n|teamsize|p2|6\n|start\n|switch|p1a: Klefki|Klefki, L84, M|233/233\n|switch|p2a: Vikavolt|Vikavolt, L83, F|100/100\n|turn|1\n|inactive|Battle timer is ON: inactive players will automatically lose when time's up. (requested by p0y1206a775)\n|inactive|Time left: 300 sec this turn | 300 sec total | 60 sec grace\n|inactive|p0x12063a49 also wants the timer to be on.\n|\n|t:|1783553082\n|move|p1a: Klefki|Spikes|p2a: Vikavolt\n|-sidestart|p2: p0y1206a775|Spikes\n|move|p2a: Vikavolt|Sticky Web|p1a: Klefki\n|-sidestart|p1: p0x12063a49|move: Sticky Web\n|\n|upkeep\n|turn|2\n|inactive|Time left: 300 sec this turn | 300 sec total\n|\n|t:|1783553084\n|move|p1a: Klefki|Spikes|p2a: Vikavolt\n|-sidestart|p2: p0y1206a775|Spikes\n|move|p2a: Vikavolt|Thunderbolt|p1a: Klefki\n|-damage|p1a: Klefki|98/233\n|\n|-heal|p1a: Klefki|112/233|[from] item: Leftovers\n|upkeep\n|turn|3\n|inactive|Time left: 300 sec this turn | 300 sec total\n|\n|t:|1783553085\n|move|p1a: Klefki|Play Rough|p2a: Vikavolt\n|-damage|p2a: Vikavolt|71/100\n|move|p2a: Vikavolt|Thunderbolt|p1a: Klefki\n|-crit|p1a: Klefki\n|-damage|p1a: Klefki|0 fnt\n|faint|p1a: Klefki\n|\n|upkeep\n|inactive|Time left: 300 sec this turn | 300 sec total | 5 sec grace\n|\n|t:|1783553086\n|switch|p1a: Regidrago|Regidrago, L77|435/435\n|-activate|p1a: Regidrago|move: Sticky Web\n|-unboost|p1a: Regidrago|spe|1\n|turn|4\n|inactive|Time left: 300 sec this turn | 300 sec total\n|\n|t:|1783553087\n|move|p2a: Vikavolt|Bug Buzz|p1a: Regidrago\n|-damage|p1a: Regidrago|219/435\n|move|p1a: Regidrago|Outrage|p2a: Vikavolt\n|-damage|p2a: Vikavolt|14/100\n|\n|upkeep\n|turn|5\n|inactive|Time left: 300 sec this turn | 300 sec total\n|\n|t:|1783553088\n|switch|p2a: Carbink|Carbink, L90|100/100\n|-damage|p2a: Carbink|84/100|[from] Spikes\n|move|p1a: Regidrago|Outrage|p2a: Carbink|[from] lockedmove\n|-immune|p2a: Carbink\n|-start|p1a: Regidrago|confusion|[fatigue]\n|-enditem|p1a: Regidrago|Lum Berry|[eat]\n|-end|p1a: Regidrago|confusion\n|\n|-heal|p2a: Carbink|90/100|[from] item: Leftovers\n|upkeep\n|turn|6\n|inactive|Time left: 300 sec this turn | 300 sec total\n|\n|t:|1783553089\n|move|p2a: Carbink|Moonblast|p1a: Regidrago\n|-supereffective|p1a: Regidrago\n|-damage|p1a: Regidrago|0 fnt\n|faint|p1a: Regidrago\n|\n|-heal|p2a: Carbink|96/100|[from] item: Leftovers\n|upkeep\n|inactive|Time left: 300 sec this turn | 300 sec total | 5 sec grace\n|\n|t:|1783553090\n|switch|p1a: Necrozma|Necrozma-Dusk-Mane, L69|248/248\n|-activate|p1a: Necrozma|move: Sticky Web\n|-unboost|p1a: Necrozma|spe|1\n|turn|7\n|inactive|Time left: 300 sec this turn | 300 sec total\n|\n|t:|1783553091\n|move|p2a: Carbink|Iron Defense|p2a: Carbink\n|-boost|p2a: Carbink|def|2\n|move|p1a: Necrozma|Sunsteel Strike|p2a: Carbink\n|-supereffective|p2a: Carbink\n|-damage|p2a: Carbink|43/100\n|\n|-heal|p2a: Carbink|49/100|[from] item: Leftovers\n|upkeep\n|turn|8\n|inactive|Time left: 300 sec this turn | 300 sec total\n|\n|t:|1783553092\n|-terastallize|p2a: Carbink|Fighting\n|move|p2a: Carbink|Body Press|p1a: Necrozma\n|-damage|p1a: Necrozma|0 fnt\n|faint|p1a: Necrozma\n|\n|-heal|p2a: Carbink|55/100|[from] item: Leftovers\n|upkeep\n|inactive|Time left: 300 sec this turn | 300 sec total | 5 sec grace\n|\n|t:|1783553093\n|switch|p1a: Slither Wing|Slither Wing, L81|270/270\n|-activate|p1a: Slither Wing|move: Sticky Web\n|-unboost|p1a: Slither Wing|spe|1\n|-enditem|p1a: Slither Wing|Booster Energy\n|-activate|p1a: Slither Wing|ability: Protosynthesis|[fromitem]\n|-start|p1a: Slither Wing|protosynthesisatk\n|turn|9\n|inactive|Time left: 300 sec this turn | 300 sec total\n|\n|t:|1783553094\n|-terastallize|p1a: Slither Wing|Flying\n|move|p2a: Carbink|Body Press|p1a: Slither Wing\n|-resisted|p1a: Slither Wing\n|-damage|p1a: Slither Wing|124/270\n|move|p1a: Slither Wing|Acrobatics|p2a: Carbink\n|-supereffective|p2a: Carbink\n|-damage|p2a: Carbink|2/100\n|\n|-heal|p2a: Carbink|8/100|[from] item: Leftovers\n|upkeep\n|turn|10\n|inactive|Time left: 300 sec this turn | 300 sec total\n|\n|t:|1783553096\n|move|p2a: Carbink|Body Press|p1a: Slither Wing\n|-resisted|p1a: Slither Wing\n|-crit|p1a: Slither Wing\n|-damage|p1a: Slither Wing|0 fnt\n|faint|p1a: Slither Wing\n|-end|p1a: Slither Wing|Protosynthesis|[silent]\n|\n|-heal|p2a: Carbink|14/100|[from] item: Leftovers\n|upkeep\n|inactive|Time left: 300 sec this turn | 300 sec total | 5 sec grace\n|\n|t:|1783553097\n|switch|p1a: Magmortar|Magmortar, L88, F|275/275\n|turn|11\n|inactive|Time left: 300 sec this turn | 300 sec total\n|\n|t:|1783553097\n|move|p1a: Magmortar|Thunderbolt|p2a: Carbink\n|-damage|p2a: Carbink|0 fnt\n|faint|p2a: Carbink\n|\n|upkeep\n|\n|t:|1783553099\n|switch|p2a: Krookodile|Krookodile, L79, M|100/100\n|-damage|p2a: Krookodile|84/100|[from] Spikes\n|-ability|p2a: Krookodile|Intimidate|boost\n|-unboost|p1a: Magmortar|atk|1\n|turn|12\n|inactive|Time left: 300 sec this turn | 300 sec total\n|\n|t:|1783553100\n|move|p2a: Krookodile|Earthquake|p1a: Magmortar\n|-supereffective|p1a: Magmortar\n|-damage|p1a: Magmortar|15/275\n|move|p1a: Magmortar|Focus Blast|p2a: Krookodile\n|-supereffective|p2a: Krookodile\n|-damage|p2a: Krookodile|0 fnt\n|faint|p2a: Krookodile\n|\n|upkeep\n|\n|t:|1783553101\n|switch|p2a: Honchkrow|Honchkrow, L86, M|100/100\n|turn|13\n|inactive|Time left: 300 sec this turn | 300 sec total\n|\n|t:|1783553102\n|move|p2a: Honchkrow|Sucker Punch|p1a: Magmortar\n|-damage|p1a: Magmortar|0 fnt\n|faint|p1a: Magmortar\n|-ability|p2a: Honchkrow|Moxie|boost\n|-boost|p2a: Honchkrow|atk|1\n|\n|upkeep\n|inactive|Time left: 300 sec this turn | 300 sec total | 5 sec grace\n|\n|t:|1783553103\n|switch|p1a: Slowbro|Slowbro, L85, M|300/300\n|-activate|p1a: Slowbro|move: Sticky Web\n|-unboost|p1a: Slowbro|spe|1\n|turn|14\n|inactive|Time left: 300 sec this turn | 300 sec total\n|\n|t:|1783553103\n|move|p2a: Honchkrow|Sucker Punch||[still]\n|-fail|p2a: Honchkrow\n|move|p1a: Slowbro|Slack Off||[still]\n|-fail|p1a: Slowbro|heal\n|\n|upkeep\n|turn|15\n|inactive|Time left: 300 sec this turn | 300 sec total\n|\n|t:|1783553104\n|move|p2a: Honchkrow|Brave Bird|p1a: Slowbro\n|-damage|p1a: Slowbro|81/300\n|-damage|p2a: Honchkrow|77/100|[from] Recoil\n|move|p1a: Slowbro|Slack Off|p1a: Slowbro\n|-heal|p1a: Slowbro|231/300\n|\n|-heal|p1a: Slowbro|249/300|[from] item: Leftovers\n|upkeep\n|turn|16\n|inactive|Time left: 300 sec this turn | 300 sec total\n|\n|t:|1783553106\n|move|p2a: Honchkrow|Brave Bird|p1a: Slowbro\n|-damage|p1a: Slowbro|38/300\n|-damage|p2a: Honchkrow|55/100|[from] Recoil\n|move|p1a: Slowbro|Slack Off|p1a: Slowbro\n|-heal|p1a: Slowbro|188/300\n|\n|-heal|p1a: Slowbro|206/300|[from] item: Leftovers\n|upkeep\n|turn|17\n|inactive|Time left: 300 sec this turn | 300 sec total\n|\n|t:|1783553107\n|move|p2a: Honchkrow|Brave Bird|p1a: Slowbro\n|-damage|p1a: Slowbro|0 fnt\n|faint|p1a: Slowbro\n|-damage|p2a: Honchkrow|33/100|[from] Recoil\n|\n|win|p0y1206a775", "uploadtime": 1783553107, "views": 0, "rating": 0, "private": 0, "password": null, "_winner": "p0y1206a775", "_our_name": "p0x12063a49"}