{"id": "battle-gen9randombattle-517", "formatid": "gen9randombattle", "format": "[Gen 9] Random Battle", "players": ["p0x517e7c6", "p0y51715f0"], "log": "|init|battle\n|title|p0x517e7c6 vs. p0y51715f0\n|j|\u2606p0x517e7c6\n|j|\u2606p0y51715f0\n|t:|1783545808\n|gametype|singles\n|player|p1|p0x517e7c6|169|\n|player|p2|p0y51715f0|170|\n|gen|9\n|tier|[Gen 9] Random Battle\n|rule|Species Clause: Limit one of each Pok\u00e9mon\n|rule|HP Percentage Mod: HP is shown in percentages\n|rule|Sleep Clause Mod: Limit one foe put to sleep\n|rule|Illusion Level Mod: Illusion disguises the Pok\u00e9mon's true level\n|\n|t:|1783545808\n|teamsize|p1|6\n|teamsize|p2|6\n|start\n|switch|p1a: Comfey|Comfey, L85, M|225/225\n|switch|p2a: Fezandipiti|Fezandipiti, L82, M|100/100\n|turn|1\n|inactive|Battle timer is ON: inactive players will automatically lose when time's up. (requested by p0x517e7c6)\n|inactive|p0y51715f0 also wants the timer to be on.\n|\n|t:|1783545810\n|switch|p1a: Kingambit|Kingambit, L74, F|270/270\n|move|p2a: Fezandipiti|Swords Dance|p2a: Fezandipiti\n|-boost|p2a: Fezandipiti|atk|2\n|\n|upkeep\n|turn|2\n|inactive|Time left: 300 sec this turn | 300 sec total\n|\n|t:|1783545811\n|move|p2a: Fezandipiti|Play Rough|p1a: Kingambit\n|-damage|p1a: Kingambit|125/270\n|move|p1a: Kingambit|Iron Head|p2a: Fezandipiti\n|-supereffective|p2a: Fezandipiti\n|-damage|p2a: Fezandipiti|37/100\n|\n|-heal|p2a: Fezandipiti|43/100|[from] item: Leftovers\n|-heal|p1a: Kingambit|141/270|[from] item: Leftovers\n|upkeep\n|turn|3\n|inactive|Time left: 300 sec this turn | 300 sec total\n|\n|t:|1783545812\n|-end|p1a: Kingambit|fallenundefined|[silent]\n|switch|p1a: Empoleon|Empoleon, L84, F|278/278\n|move|p2a: Fezandipiti|Play Rough|p1a: Empoleon\n|-resisted|p1a: Empoleon\n|-crit|p1a: Empoleon\n|-damage|p1a: Empoleon|145/278\n|\n|-heal|p2a: Fezandipiti|49/100|[from] item: Leftovers\n|-heal|p1a: Empoleon|162/278|[from] item: Leftovers\n|upkeep\n|turn|4\n|inactive|Time left: 300 sec this turn | 300 sec total\n|\n|t:|1783545813\n|-terastallize|p2a: Fezandipiti|Ground\n|move|p2a: Fezandipiti|Tera Blast|p1a: Empoleon|[anim] Tera Blast Ground\n|-supereffective|p1a: Empoleon\n|-damage|p1a: Empoleon|0 fnt\n|faint|p1a: Empoleon\n|\n|-heal|p2a: Fezandipiti|56/100|[from] item: Leftovers\n|upkeep\n|inactive|Time left: 300 sec this turn | 300 sec total | 5 sec grace\n|\n|t:|1783545814\n|switch|p1a: Crawdaunt|Crawdaunt, L84, F|243/243\n|turn|5\n|inactive|Time left: 300 sec this turn | 300 sec total\n|\n|t:|1783545815\n|move|p1a: Crawdaunt|Aqua Jet|p2a: Fezandipiti\n|-supereffective|p2a: Fezandipiti\n|-damage|p2a: Fezandipiti|0 fnt\n|faint|p2a: Fezandipiti\n|\n|upkeep\n|\n|t:|1783545815\n|switch|p2a: Tinkaton|Tinkaton, L82, F|100/100\n|-ability|p2a: Tinkaton|Mold Breaker\n|turn|6\n|inactive|Time left: 300 sec this turn | 300 sec total\n|\n|t:|1783545817\n|switch|p1a: Kingambit|Kingambit, L74, F|141/270\n|-activate|p1a: Kingambit|ability: Supreme Overlord\n|-start|p1a: Kingambit|fallen1|[silent]\n|move|p2a: Tinkaton|Swords Dance|p2a: Tinkaton\n|-boost|p2a: Tinkaton|atk|2\n|\n|-heal|p1a: Kingambit|157/270|[from] item: Leftovers\n|upkeep\n|turn|7\n|inactive|Time left: 300 sec this turn | 300 sec total\n|\n|t:|1783545817\n|move|p2a: Tinkaton|Play Rough|p1a: Kingambit\n|-damage|p1a: Kingambit|24/270\n|move|p1a: Kingambit|Iron Head|p2a: Tinkaton\n|-damage|p2a: Tinkaton|61/100\n|\n|-heal|p2a: Tinkaton|67/100|[from] item: Leftovers\n|-heal|p1a: Kingambit|40/270|[from] item: Leftovers\n|upkeep\n|turn|8\n|inactive|Time left: 300 sec this turn | 300 sec total\n|\n|t:|1783545818\n|move|p1a: Kingambit|Sucker Punch|p2a: Tinkaton\n|-resisted|p2a: Tinkaton\n|-damage|p2a: Tinkaton|50/100\n|move|p2a: Tinkaton|Play Rough|p1a: Kingambit\n|-damage|p1a: Kingambit|0 fnt\n|faint|p1a: Kingambit\n|-end|p1a: Kingambit|fallen1|[silent]\n|\n|-heal|p2a: Tinkaton|56/100|[from] item: Leftovers\n|upkeep\n|inactive|Time left: 300 sec this turn | 300 sec total | 5 sec grace\n|\n|t:|1783545819\n|switch|p1a: Thundurus|Thundurus-Therian, L80, M|258/258\n|turn|9\n|inactive|Time left: 300 sec this turn | 300 sec total\n|\n|t:|1783545820\n|move|p1a: Thundurus|Thunderbolt|p2a: Tinkaton\n|-damage|p2a: Tinkaton|0 fnt\n|faint|p2a: Tinkaton\n|\n|upkeep\n|\n|t:|1783545821\n|switch|p2a: Iron Boulder|Iron Boulder, L77|100/100\n|turn|10\n|inactive|Time left: 300 sec this turn | 300 sec total\n|\n|t:|1783545822\n|switch|p1a: Crawdaunt|Crawdaunt, L84, F|243/243\n|move|p2a: Iron Boulder|Swords Dance|p2a: Iron Boulder\n|-boost|p2a: Iron Boulder|atk|2\n|\n|upkeep\n|turn|11\n|inactive|Time left: 300 sec this turn | 300 sec total\n|\n|t:|1783545823\n|move|p1a: Crawdaunt|Aqua Jet|p2a: Iron Boulder\n|-supereffective|p2a: Iron Boulder\n|-damage|p2a: Iron Boulder|11/100\n|move|p2a: Iron Boulder|Close Combat|p1a: Crawdaunt\n|-supereffective|p1a: Crawdaunt\n|-damage|p1a: Crawdaunt|0 fnt\n|-unboost|p2a: Iron Boulder|def|1\n|-unboost|p2a: Iron Boulder|spd|1\n|faint|p1a: Crawdaunt\n|-damage|p2a: Iron Boulder|2/100|[from] item: Life Orb\n|\n|upkeep\n|inactive|Time left: 300 sec this turn | 300 sec total | 5 sec grace\n|\n|t:|1783545824\n|switch|p1a: Comfey|Comfey, L85, M|225/225\n|turn|12\n|inactive|Time left: 300 sec this turn | 300 sec total\n|\n|t:|1783545825\n|move|p1a: Comfey|Draining Kiss|p2a: Iron Boulder\n|-damage|p2a: Iron Boulder|0 fnt\n|faint|p2a: Iron Boulder\n|-end|p2a: Iron Boulder|Quark Drive|[silent]\n|\n|upkeep\n|\n|t:|1783545825\n|switch|p2a: Houndstone|Houndstone, L86, F|100/100\n|turn|13\n|inactive|Time left: 300 sec this turn | 300 sec total\n|\n|t:|1783545826\n|move|p1a: Comfey|Calm Mind|p1a: Comfey\n|-boost|p1a: Comfey|spa|1\n|-boost|p1a: Comfey|spd|1\n|move|p2a: Houndstone|Poltergeist|p1a: Comfey\n|-activate|p1a: Comfey|move: Poltergeist|Leftovers\n|-damage|p1a: Comfey|96/225\n|\n|-heal|p1a: Comfey|110/225|[from] item: Leftovers\n|upkeep\n|turn|14\n|inactive|Time left: 300 sec this turn | 300 sec total\n|\n|t:|1783545827\n|move|p1a: Comfey|Draining Kiss|p2a: Houndstone\n|-damage|p2a: Houndstone|87/100\n|-heal|p1a: Comfey|136/225|[from] drain|[of] p2a: Houndstone\n|move|p2a: Houndstone|Poltergeist|p1a: Comfey\n|-activate|p1a: Comfey|move: Poltergeist|Leftovers\n|-damage|p1a: Comfey|4/225\n|\n|-heal|p1a: Comfey|18/225|[from] item: Leftovers\n|-heal|p2a: Houndstone|93/100|[from] item: Leftovers\n|upkeep\n|turn|15\n|inactive|Time left: 300 sec this turn | 300 sec total\n|\n|t:|1783545828\n|move|p1a: Comfey|Draining Kiss|p2a: Houndstone\n|-damage|p2a: Houndstone|81/100\n|-heal|p1a: Comfey|42/225|[from] drain|[of] p2a: Houndstone\n|move|p2a: Houndstone|Poltergeist|p1a: Comfey\n|-activate|p1a: Comfey|move: Poltergeist|Leftovers\n|-crit|p1a: Comfey\n|-damage|p1a: Comfey|0 fnt\n|faint|p1a: Comfey\n|\n|-heal|p2a: Houndstone|87/100|[from] item: Leftovers\n|upkeep\n|inactive|Time left: 300 sec this turn | 300 sec total | 5 sec grace\n|\n|t:|1783545829\n|switch|p1a: Thundurus|Thundurus-Therian, L80, M|258/258\n|turn|16\n|inactive|Time left: 300 sec this turn | 300 sec total\n|\n|t:|1783545830\n|move|p1a: Thundurus|Thunderbolt|p2a: Houndstone\n|-damage|p2a: Houndstone|22/100\n|move|p2a: Houndstone|Poltergeist|p1a: Thundurus\n|-activate|p1a: Thundurus|move: Poltergeist|Choice Specs\n|-crit|p1a: Thundurus\n|-damage|p1a: Thundurus|14/258\n|\n|-heal|p2a: Houndstone|29/100|[from] item: Leftovers\n|upkeep\n|turn|17\n|inactive|Time left: 300 sec this turn | 300 sec total\n|\n|t:|1783545832\n|move|p2a: Houndstone|Shadow Sneak|p1a: Thundurus\n|-damage|p1a: Thundurus|0 fnt\n|faint|p1a: Thundurus\n|\n|-heal|p2a: Houndstone|35/100|[from] item: Leftovers\n|upkeep\n|inactive|Time left: 300 sec this turn | 300 sec total | 5 sec grace\n|\n|t:|1783545833\n|switch|p1a: Braviary|Braviary-Hisui, L85, M|326/326\n|turn|18\n|inactive|Time left: 300 sec this turn | 300 sec total\n|\n|t:|1783545834\n|-terastallize|p1a: Braviary|Fire\n|move|p2a: Houndstone|Poltergeist|p1a: Braviary\n|-activate|p1a: Braviary|move: Poltergeist|Life Orb\n|-damage|p1a: Braviary|173/326\n|move|p1a: Braviary|Agility|p1a: Braviary\n|-boost|p1a: Braviary|spe|2\n|\n|-heal|p2a: Houndstone|41/100|[from] item: Leftovers\n|upkeep\n|turn|19\n|inactive|Time left: 300 sec this turn | 300 sec total\n|\n|t:|1783545834\n|move|p1a: Braviary|Heat Wave|p2a: Houndstone\n|-damage|p2a: Houndstone|0 fnt\n|faint|p2a: Houndstone\n|\n|upkeep\n|\n|t:|1783545835\n|switch|p2a: Gyarados|Gyarados, L79, M|100/100\n|-ability|p2a: Gyarados|Intimidate|boost\n|-unboost|p1a: Braviary|atk|1\n|turn|20\n|inactive|Time left: 300 sec this turn | 300 sec total\n|\n|t:|1783545836\n|move|p1a: Braviary|Hurricane|p2a: Gyarados|[miss]\n|-miss|p1a: Braviary|p2a: Gyarados\n|move|p2a: Gyarados|Earthquake|p1a: Braviary\n|-supereffective|p1a: Braviary\n|-damage|p1a: Braviary|5/326\n|\n|upkeep\n|turn|21\n|inactive|Time left: 300 sec this turn | 300 sec total\n|\n|t:|1783545837\n|switch|p2a: Delibird|Delibird, M|100/100\n|move|p1a: Braviary|Psychic|p2a: Delibird\n|-damage|p2a: Delibird|0 fnt\n|faint|p2a: Delibird\n|\n|upkeep\n|\n|t:|1783545838\n|switch|p2a: Gyarados|Gyarados, L79, M|100/100\n|-ability|p2a: Gyarados|Intimidate|boost\n|-unboost|p1a: Braviary|atk|1\n|turn|22\n|inactive|Time left: 300 sec this turn | 300 sec total\n|\n|t:|1783545839\n|move|p1a: Braviary|Psychic|p2a: Gyarados\n|-damage|p2a: Gyarados|37/100\n|move|p2a: Gyarados|Dragon Dance|p2a: Gyarados\n|-boost|p2a: Gyarados|atk|1\n|-boost|p2a: Gyarados|spe|1\n|\n|upkeep\n|turn|23\n|inactive|Time left: 300 sec this turn | 300 sec total\n|\n|t:|1783545840\n|move|p1a: Braviary|Heat Wave|p2a: Gyarados\n|-resisted|p2a: Gyarados\n|-damage|p2a: Gyarados|2/100\n|move|p2a: Gyarados|Dragon Dance|p2a: Gyarados\n|-boost|p2a: Gyarados|atk|1\n|-boost|p2a: Gyarados|spe|1\n|\n|upkeep\n|turn|24\n|inactive|Time left: 300 sec this turn | 300 sec total\n|\n|t:|1783545841\n|move|p2a: Gyarados|Waterfall|p1a: Braviary\n|-supereffective|p1a: Braviary\n|-crit|p1a: Braviary\n|-damage|p1a: Braviary|0 fnt\n|faint|p1a: Braviary\n|\n|win|p0y51715f0", "uploadtime": 1783545841, "views": 0, "rating": 0, "private": 0, "password": null, "_winner": "p0y51715f0", "_our_name": "p0x517e7c6"}