{"id": "battle-gen9randombattle-276", "formatid": "gen9randombattle", "format": "[Gen 9] Random Battle", "players": ["p0x276dfd5", "p0y27636f4"], "log": "|init|battle\n|title|p0x276dfd5 vs. p0y27636f4\n|j|\u2606p0x276dfd5\n|j|\u2606p0y27636f4\n|t:|1783542264\n|gametype|singles\n|player|p1|p0x276dfd5|1|\n|player|p2|p0y27636f4|169|\n|gen|9\n|tier|[Gen 9] Random Battle\n|rule|Species Clause: Limit one of each Pok\u00e9mon\n|rule|HP Percentage Mod: HP is shown in percentages\n|rule|Sleep Clause Mod: Limit one foe put to sleep\n|rule|Illusion Level Mod: Illusion disguises the Pok\u00e9mon's true level\n|\n|t:|1783542264\n|teamsize|p1|6\n|teamsize|p2|6\n|start\n|switch|p1a: Crabominable|Crabominable, L90, F|321/321\n|switch|p2a: Ariados|Ariados, L95, M|100/100\n|turn|1\n|inactive|Battle timer is ON: inactive players will automatically lose when time's up. (requested by p0y27636f4)\n|inactive|Time left: 300 sec this turn | 300 sec total | 60 sec grace\n|inactive|p0x276dfd5 also wants the timer to be on.\n|\n|t:|1783542266\n|move|p2a: Ariados|Sticky Web|p1a: Crabominable\n|-sidestart|p1: p0x276dfd5|move: Sticky Web\n|move|p1a: Crabominable|Ice Hammer|p2a: Ariados\n|-damage|p2a: Ariados|5/100\n|-unboost|p1a: Crabominable|spe|1\n|\n|upkeep\n|turn|2\n|inactive|Time left: 300 sec this turn | 300 sec total\n|\n|t:|1783542267\n|move|p2a: Ariados|Megahorn|p1a: Crabominable\n|-resisted|p1a: Crabominable\n|-damage|p1a: Crabominable|199/321\n|move|p1a: Crabominable|Ice Hammer|p2a: Ariados\n|-damage|p2a: Ariados|0 fnt\n|-unboost|p1a: Crabominable|spe|1\n|faint|p2a: Ariados\n|\n|upkeep\n|\n|t:|1783542268\n|switch|p2a: Iron Crown|Iron Crown, L78|100/100\n|turn|3\n|inactive|Time left: 300 sec this turn | 300 sec total\n|\n|t:|1783542269\n|switch|p1a: Politoed|Politoed, L88, M|302/302\n|-activate|p1a: Politoed|move: Sticky Web\n|-unboost|p1a: Politoed|spe|1\n|-weather|RainDance|[from] ability: Drizzle|[of] p1a: Politoed\n|move|p2a: Iron Crown|Tachyon Cutter|p1a: Politoed\n|-resisted|p1a: Politoed\n|-damage|p1a: Politoed|268/302\n|-resisted|p1a: Politoed\n|-damage|p1a: Politoed|231/302\n|-hitcount|p1a: Politoed|2\n|\n|-weather|RainDance|[upkeep]\n|upkeep\n|turn|4\n|inactive|Time left: 300 sec this turn | 300 sec total\n|\n|t:|1783542270\n|move|p2a: Iron Crown|Tachyon Cutter|p1a: Politoed\n|-resisted|p1a: Politoed\n|-damage|p1a: Politoed|195/302\n|-resisted|p1a: Politoed\n|-damage|p1a: Politoed|156/302\n|-hitcount|p1a: Politoed|2\n|move|p1a: Politoed|Weather Ball|p2a: Iron Crown\n|-damage|p2a: Iron Crown|20/100\n|\n|-weather|RainDance|[upkeep]\n|upkeep\n|turn|5\n|inactive|Time left: 300 sec this turn | 300 sec total\n|\n|t:|1783542271\n|-end|p2a: Iron Crown|Quark Drive|[silent]\n|switch|p2a: Flapple|Flapple, L88, F|100/100\n|move|p1a: Politoed|Weather Ball|p2a: Flapple\n|-resisted|p2a: Flapple\n|-damage|p2a: Flapple|73/100\n|\n|-weather|RainDance|[upkeep]\n|upkeep\n|turn|6\n|inactive|Time left: 300 sec this turn | 300 sec total\n|\n|t:|1783542273\n|move|p2a: Flapple|Outrage|p1a: Politoed\n|-damage|p1a: Politoed|0 fnt\n|faint|p1a: Politoed\n|\n|-weather|RainDance|[upkeep]\n|upkeep\n|inactive|Time left: 300 sec this turn | 300 sec total | 5 sec grace\n|\n|t:|1783542273\n|switch|p1a: Muk|Muk, L86, M|321/321\n|-activate|p1a: Muk|move: Sticky Web\n|-unboost|p1a: Muk|spe|1\n|turn|7\n|inactive|Time left: 300 sec this turn | 300 sec total\n|\n|t:|1783542275\n|move|p2a: Flapple|Outrage|p1a: Muk|[from] lockedmove|[miss]\n|-miss|p2a: Flapple|p1a: Muk\n|-start|p2a: Flapple|confusion|[fatigue]\n|-enditem|p2a: Flapple|Lum Berry|[eat]\n|-end|p2a: Flapple|confusion\n|move|p1a: Muk|Poison Jab|p2a: Flapple\n|-supereffective|p2a: Flapple\n|-damage|p2a: Flapple|0 fnt\n|faint|p2a: Flapple\n|\n|-weather|none\n|upkeep\n|\n|t:|1783542276\n|switch|p2a: Incineroar|Incineroar, L82, M|100/100\n|-ability|p2a: Incineroar|Intimidate|boost\n|-unboost|p1a: Muk|atk|1\n|turn|8\n|inactive|Time left: 300 sec this turn | 300 sec total\n|\n|t:|1783542276\n|switch|p1a: Giratina|Giratina-Origin, L72|335/335\n|move|p2a: Incineroar|Knock Off|p1a: Giratina\n|-supereffective|p1a: Giratina\n|-damage|p1a: Giratina|177/335\n|\n|upkeep\n|turn|9\n|inactive|Time left: 300 sec this turn | 300 sec total\n|\n|t:|1783542277\n|move|p1a: Giratina|Defog|p2a: Incineroar\n|-unboost|p2a: Incineroar|evasion|1\n|-sideend|p1: p0x276dfd5|Sticky Web|[from] move: Defog|[of] p1a: Giratina\n|move|p2a: Incineroar|Will-O-Wisp|p1a: Giratina\n|-status|p1a: Giratina|brn\n|\n|-damage|p1a: Giratina|157/335 brn|[from] brn\n|upkeep\n|turn|10\n|inactive|Time left: 300 sec this turn | 300 sec total\n|\n|t:|1783542278\n|move|p1a: Giratina|Draco Meteor|p2a: Incineroar\n|-damage|p2a: Incineroar|51/100\n|-unboost|p1a: Giratina|spa|2\n|move|p2a: Incineroar|Knock Off|p1a: Giratina\n|-supereffective|p1a: Giratina\n|-damage|p1a: Giratina|0 fnt\n|faint|p1a: Giratina\n|\n|upkeep\n|inactive|Time left: 300 sec this turn | 300 sec total | 5 sec grace\n|\n|t:|1783542280\n|switch|p1a: Pincurchin|Pincurchin, M|258/258\n|-fieldstart|move: Electric Terrain|[from] ability: Electric Surge|[of] p1a: Pincurchin\n|turn|11\n|inactive|Time left: 300 sec this turn | 300 sec total\n|\n|t:|1783542281\n|move|p2a: Incineroar|Will-O-Wisp|p1a: Pincurchin\n|-status|p1a: Pincurchin|brn\n|move|p1a: Pincurchin|Zing Zap|p2a: Incineroar\n|-crit|p2a: Incineroar\n|-damage|p2a: Incineroar|10/100\n|\n|-damage|p1a: Pincurchin|242/258 brn|[from] brn\n|upkeep\n|turn|12\n|inactive|Time left: 300 sec this turn | 300 sec total\n|\n|t:|1783542282\n|move|p2a: Incineroar|Knock Off|p1a: Pincurchin\n|-damage|p1a: Pincurchin|155/258 brn\n|-enditem|p1a: Pincurchin|Leftovers|[from] move: Knock Off|[of] p2a: Incineroar\n|move|p1a: Pincurchin|Zing Zap|p2a: Incineroar\n|-damage|p2a: Incineroar|0 fnt\n|faint|p2a: Incineroar\n|\n|-damage|p1a: Pincurchin|139/258 brn|[from] brn\n|upkeep\n|\n|t:|1783542282\n|switch|p2a: Iron Crown|Iron Crown, L78|20/100\n|-activate|p2a: Iron Crown|ability: Quark Drive\n|-start|p2a: Iron Crown|quarkdrivespa\n|turn|13\n|inactive|Time left: 300 sec this turn | 300 sec total\n|\n|t:|1783542283\n|move|p2a: Iron Crown|Psyshock|p1a: Pincurchin\n|-damage|p1a: Pincurchin|1/258 brn\n|move|p1a: Pincurchin|Zing Zap|p2a: Iron Crown\n|-damage|p2a: Iron Crown|0 fnt\n|faint|p2a: Iron Crown\n|-end|p2a: Iron Crown|Quark Drive|[silent]\n|\n|-damage|p1a: Pincurchin|0 fnt|[from] brn\n|faint|p1a: Pincurchin\n|upkeep\n|inactive|Time left: 300 sec this turn | 300 sec total | 5 sec grace\n|\n|t:|1783542284\n|switch|p2a: Gurdurr|Gurdurr, L85, M|100/100\n|switch|p1a: Spiritomb|Spiritomb, L89, M|234/234\n|turn|14\n|inactive|Time left: 300 sec this turn | 300 sec total\n|\n|t:|1783542285\n|move|p2a: Gurdurr|Knock Off|p1a: Spiritomb\n|-damage|p1a: Spiritomb|167/234\n|-enditem|p1a: Spiritomb|Leftovers|[from] move: Knock Off|[of] p2a: Gurdurr\n|move|p1a: Spiritomb|Poltergeist|p2a: Gurdurr\n|-activate|p2a: Gurdurr|move: Poltergeist|Eviolite\n|-damage|p2a: Gurdurr|69/100\n|\n|upkeep\n|turn|15\n|inactive|Time left: 300 sec this turn | 300 sec total\n|\n|t:|1783542287\n|move|p2a: Gurdurr|Knock Off|p1a: Spiritomb\n|-damage|p1a: Spiritomb|123/234\n|move|p1a: Spiritomb|Poltergeist|p2a: Gurdurr\n|-activate|p2a: Gurdurr|move: Poltergeist|Eviolite\n|-damage|p2a: Gurdurr|39/100\n|\n|-fieldend|move: Electric Terrain\n|upkeep\n|turn|16\n|inactive|Time left: 300 sec this turn | 300 sec total\n|\n|t:|1783542288\n|move|p2a: Gurdurr|Knock Off|p1a: Spiritomb\n|-damage|p1a: Spiritomb|84/234\n|move|p1a: Spiritomb|Poltergeist|p2a: Gurdurr\n|-activate|p2a: Gurdurr|move: Poltergeist|Eviolite\n|-damage|p2a: Gurdurr|9/100\n|\n|upkeep\n|turn|17\n|inactive|Time left: 300 sec this turn | 300 sec total\n|\n|t:|1783542289\n|switch|p2a: Magearna|Magearna, L77|100/100\n|move|p1a: Spiritomb|Poltergeist|p2a: Magearna|[miss]\n|-miss|p1a: Spiritomb|p2a: Magearna\n|\n|upkeep\n|turn|18\n|inactive|Time left: 300 sec this turn | 300 sec total\n|\n|t:|1783542290\n|move|p2a: Magearna|Flash Cannon|p1a: Spiritomb\n|-damage|p1a: Spiritomb|12/234\n|move|p1a: Spiritomb|Poltergeist|p2a: Magearna\n|-activate|p2a: Magearna|move: Poltergeist|Leftovers\n|-damage|p2a: Magearna|54/100\n|\n|-heal|p2a: Magearna|60/100|[from] item: Leftovers\n|upkeep\n|turn|19\n|inactive|Time left: 300 sec this turn | 300 sec total\n|\n|t:|1783542291\n|move|p2a: Magearna|Flash Cannon|p1a: Spiritomb\n|-damage|p1a: Spiritomb|0 fnt\n|faint|p1a: Spiritomb\n|-ability|p2a: Magearna|Soul-Heart|boost\n|-boost|p2a: Magearna|spa|1\n|\n|-heal|p2a: Magearna|66/100|[from] item: Leftovers\n|upkeep\n|inactive|Time left: 300 sec this turn | 300 sec total | 5 sec grace\n|\n|t:|1783542292\n|switch|p1a: Crabominable|Crabominable, L90, F|199/321\n|turn|20\n|inactive|Time left: 300 sec this turn | 300 sec total\n|\n|t:|1783542293\n|-terastallize|p1a: Crabominable|Fighting\n|move|p2a: Magearna|Fleur Cannon|p1a: Crabominable\n|-supereffective|p1a: Crabominable\n|-damage|p1a: Crabominable|0 fnt\n|-unboost|p2a: Magearna|spa|2\n|faint|p1a: Crabominable\n|-ability|p2a: Magearna|Soul-Heart|boost\n|-boost|p2a: Magearna|spa|1\n|\n|-heal|p2a: Magearna|72/100|[from] item: Leftovers\n|upkeep\n|inactive|Time left: 300 sec this turn | 300 sec total | 5 sec grace\n|\n|t:|1783542294\n|switch|p1a: Muk|Muk, L86, M|321/321\n|turn|21\n|inactive|Time left: 300 sec this turn | 300 sec total\n|\n|t:|1783542295\n|move|p2a: Magearna|Thunder Wave|p1a: Muk\n|-status|p1a: Muk|par\n|move|p1a: Muk|Knock Off|p2a: Magearna\n|-resisted|p2a: Magearna\n|-damage|p2a: Magearna|59/100\n|-enditem|p2a: Magearna|Leftovers|[from] move: Knock Off|[of] p1a: Muk\n|\n|upkeep\n|turn|22\n|inactive|Time left: 300 sec this turn | 300 sec total\n|\n|t:|1783542296\n|move|p2a: Magearna|Flash Cannon|p1a: Muk\n|-damage|p1a: Muk|266/321 par\n|-unboost|p1a: Muk|spd|1\n|move|p1a: Muk|Drain Punch|p2a: Magearna\n|-damage|p2a: Magearna|39/100\n|-heal|p1a: Muk|291/321 par|[from] drain|[of] p2a: Magearna\n|\n|upkeep\n|turn|23\n|inactive|Time left: 300 sec this turn | 300 sec total\n|\n|t:|1783542298\n|move|p2a: Magearna|Flash Cannon|p1a: Muk\n|-damage|p1a: Muk|210/321 par\n|move|p1a: Muk|Drain Punch|p2a: Magearna\n|-damage|p2a: Magearna|19/100\n|-heal|p1a: Muk|235/321 par|[from] drain|[of] p2a: Magearna\n|\n|upkeep\n|turn|24\n|inactive|Time left: 300 sec this turn | 300 sec total\n|\n|t:|1783542299\n|move|p2a: Magearna|Flash Cannon|p1a: Muk\n|-damage|p1a: Muk|156/321 par\n|move|p1a: Muk|Drain Punch|p2a: Magearna\n|-damage|p2a: Magearna|0 fnt\n|-heal|p1a: Muk|180/321 par|[from] drain|[of] p2a: Magearna\n|faint|p2a: Magearna\n|\n|upkeep\n|\n|t:|1783542300\n|switch|p2a: Gurdurr|Gurdurr, L85, M|9/100\n|turn|25\n|inactive|Time left: 300 sec this turn | 300 sec total\n|\n|t:|1783542301\n|move|p2a: Gurdurr|Drain Punch|p1a: Muk\n|-resisted|p1a: Muk\n|-damage|p1a: Muk|135/321 par\n|-heal|p2a: Gurdurr|17/100|[from] drain|[of] p1a: Muk\n|move|p1a: Muk|Drain Punch|p2a: Gurdurr\n|-damage|p2a: Gurdurr|3/100\n|-heal|p1a: Muk|155/321 par|[from] drain|[of] p2a: Gurdurr\n|-status|p2a: Gurdurr|psn|[from] ability: Poison Touch|[of] p1a: Muk\n|\n|-damage|p2a: Gurdurr|0 fnt|[from] psn\n|faint|p2a: Gurdurr\n|\n|win|p0x276dfd5", "uploadtime": 1783542301, "views": 0, "rating": 0, "private": 0, "password": null, "_winner": "p0x276dfd5", "_our_name": "p0x276dfd5"}