{"id": "battle-gen9randombattle-2613", "formatid": "gen9randombattle", "format": "[Gen 9] Random Battle", "players": ["p0x26138060", "p0y26138249"], "log": "|init|battle\n|title|p0x26138060 vs. p0y26138249\n|j|\u2606p0x26138060\n|j|\u2606p0y26138249\n|t:|1783570175\n|gametype|singles\n|player|p1|p0x26138060|266|\n|player|p2|p0y26138249|1|\n|gen|9\n|tier|[Gen 9] Random Battle\n|rule|Species Clause: Limit one of each Pok\u00e9mon\n|rule|HP Percentage Mod: HP is shown in percentages\n|rule|Sleep Clause Mod: Limit one foe put to sleep\n|rule|Illusion Level Mod: Illusion disguises the Pok\u00e9mon's true level\n|\n|t:|1783570175\n|teamsize|p1|6\n|teamsize|p2|6\n|start\n|switch|p1a: Hoopa|Hoopa-Unbound, L80|100/100\n|switch|p2a: Golurk|Golurk, L87|297/297\n|turn|1\n|inactive|Battle timer is ON: inactive players will automatically lose when time's up. (requested by p0x26138060)\n|inactive|Time left: 300 sec this turn | 300 sec total | 60 sec grace\n|inactive|p0y26138249 also wants the timer to be on.\n|\n|t:|1783570177\n|-terastallize|p2a: Golurk|Ground\n|move|p1a: Hoopa|Hyperspace Fury|p2a: Golurk\n|-damage|p2a: Golurk|135/297\n|-unboost|p1a: Hoopa|def|1\n|move|p2a: Golurk|Poltergeist|p1a: Hoopa\n|-activate|p1a: Hoopa|move: Poltergeist|Assault Vest\n|-damage|p1a: Hoopa|0 fnt\n|faint|p1a: Hoopa\n|\n|upkeep\n|\n|t:|1783570178\n|switch|p1a: Ursaring|Ursaring, L84, M|100/100\n|turn|2\n|inactive|Time left: 300 sec this turn | 300 sec total\n|\n|t:|1783570179\n|switch|p2a: Farigiraf|Farigiraf, L90, F|362/362\n|move|p1a: Ursaring|Swords Dance|p1a: Ursaring\n|-boost|p1a: Ursaring|atk|2\n|\n|-status|p1a: Ursaring|tox|[from] item: Toxic Orb\n|upkeep\n|turn|3\n|inactive|Time left: 300 sec this turn | 300 sec total\n|\n|t:|1783570180\n|move|p2a: Farigiraf|Protect|p2a: Farigiraf\n|-singleturn|p2a: Farigiraf|Protect\n|move|p1a: Ursaring|Facade|p2a: Farigiraf\n|-activate|p2a: Farigiraf|move: Protect\n|\n|-damage|p1a: Ursaring|94/100 tox|[from] psn\n|upkeep\n|turn|4\n|inactive|Time left: 300 sec this turn | 300 sec total\n|\n|t:|1783570181\n|switch|p2a: Gengar|Gengar, L81, M|230/230\n|move|p1a: Ursaring|Facade|p2a: Gengar\n|-immune|p2a: Gengar\n|\n|-damage|p1a: Ursaring|82/100 tox|[from] psn\n|upkeep\n|turn|5\n|inactive|Time left: 300 sec this turn | 300 sec total\n|\n|t:|1783570182\n|move|p2a: Gengar|Focus Blast|p1a: Ursaring\n|-supereffective|p1a: Ursaring\n|-damage|p1a: Ursaring|0 fnt\n|faint|p1a: Ursaring\n|-damage|p2a: Gengar|207/230|[from] item: Life Orb\n|\n|upkeep\n|\n|t:|1783570183\n|switch|p1a: Crabominable|Crabominable, L90, F|100/100\n|turn|6\n|inactive|Time left: 300 sec this turn | 300 sec total\n|\n|t:|1783570184\n|move|p2a: Gengar|Will-O-Wisp|p1a: Crabominable|[miss]\n|-miss|p2a: Gengar|p1a: Crabominable\n|move|p1a: Crabominable|Earthquake|p2a: Gengar\n|-supereffective|p2a: Gengar\n|-damage|p2a: Gengar|0 fnt\n|faint|p2a: Gengar\n|\n|upkeep\n|inactive|Time left: 300 sec this turn | 300 sec total | 5 sec grace\n|\n|t:|1783570185\n|switch|p2a: Golurk|Golurk, L87, tera:Ground|135/297\n|turn|7\n|inactive|Time left: 300 sec this turn | 300 sec total\n|\n|t:|1783570186\n|move|p2a: Golurk|Dynamic Punch|p1a: Crabominable\n|-supereffective|p1a: Crabominable\n|-damage|p1a: Crabominable|20/100\n|-start|p1a: Crabominable|confusion\n|-activate|p1a: Crabominable|confusion\n|move|p1a: Crabominable|Earthquake|p2a: Golurk\n|-damage|p2a: Golurk|0 fnt\n|faint|p2a: Golurk\n|\n|upkeep\n|inactive|Time left: 300 sec this turn | 300 sec total | 5 sec grace\n|\n|t:|1783570187\n|switch|p2a: Scovillain|Scovillain, L91, M|266/266\n|turn|8\n|inactive|Time left: 300 sec this turn | 300 sec total\n|\n|t:|1783570188\n|move|p2a: Scovillain|Flamethrower|p1a: Crabominable\n|-supereffective|p1a: Crabominable\n|-damage|p1a: Crabominable|0 fnt\n|faint|p1a: Crabominable\n|\n|upkeep\n|\n|t:|1783570189\n|switch|p1a: Ogerpon|Ogerpon-Cornerstone, L76, F|100/100\n|turn|9\n|inactive|Time left: 300 sec this turn | 300 sec total\n|\n|t:|1783570190\n|switch|p2a: Farigiraf|Farigiraf, L90, F|362/362\n|move|p1a: Ogerpon|Ivy Cudgel|p2a: Farigiraf|[anim] Ivy Cudgel Rock\n|-damage|p2a: Farigiraf|220/362\n|\n|-heal|p2a: Farigiraf|242/362|[from] item: Leftovers\n|upkeep\n|turn|10\n|inactive|Time left: 300 sec this turn | 300 sec total\n|\n|t:|1783570191\n|move|p1a: Ogerpon|Swords Dance|p1a: Ogerpon\n|-boost|p1a: Ogerpon|atk|2\n|move|p2a: Farigiraf|Psychic Noise|p1a: Ogerpon\n|-damage|p1a: Ogerpon|54/100\n|-start|p1a: Ogerpon|move: Heal Block\n|\n|-heal|p2a: Farigiraf|264/362|[from] item: Leftovers\n|upkeep\n|turn|11\n|inactive|Time left: 300 sec this turn | 300 sec total\n|\n|t:|1783570192\n|move|p2a: Farigiraf|Protect|p2a: Farigiraf\n|-singleturn|p2a: Farigiraf|Protect\n|move|p1a: Ogerpon|Ivy Cudgel|p2a: Farigiraf|[anim] Ivy Cudgel Rock\n|-activate|p2a: Farigiraf|move: Protect\n|\n|-heal|p2a: Farigiraf|286/362|[from] item: Leftovers\n|-end|p1a: Ogerpon|move: Heal Block\n|upkeep\n|turn|12\n|inactive|Time left: 300 sec this turn | 300 sec total\n|\n|t:|1783570193\n|move|p1a: Ogerpon|Ivy Cudgel|p2a: Farigiraf|[anim] Ivy Cudgel Rock\n|-damage|p2a: Farigiraf|25/362\n|move|p2a: Farigiraf|Psychic Noise|p1a: Ogerpon\n|-damage|p1a: Ogerpon|14/100\n|-start|p1a: Ogerpon|move: Heal Block\n|\n|-heal|p2a: Farigiraf|47/362|[from] item: Leftovers\n|upkeep\n|turn|13\n|inactive|Time left: 300 sec this turn | 300 sec total\n|\n|t:|1783570194\n|move|p1a: Ogerpon|Ivy Cudgel|p2a: Farigiraf|[anim] Ivy Cudgel Rock\n|-damage|p2a: Farigiraf|0 fnt\n|faint|p2a: Farigiraf\n|\n|-end|p1a: Ogerpon|move: Heal Block\n|upkeep\n|inactive|Time left: 300 sec this turn | 300 sec total | 5 sec grace\n|\n|t:|1783570195\n|switch|p2a: Iron Moth|Iron Moth, L78|253/253\n|turn|14\n|inactive|Time left: 300 sec this turn | 300 sec total\n|\n|t:|1783570196\n|switch|p1a: Spectrier|Spectrier, L75|100/100\n|move|p2a: Iron Moth|Fiery Dance|p1a: Spectrier\n|-damage|p1a: Spectrier|59/100\n|-boost|p2a: Iron Moth|spa|1\n|\n|-heal|p1a: Spectrier|65/100|[from] item: Leftovers\n|upkeep\n|turn|15\n|inactive|Time left: 300 sec this turn | 300 sec total\n|\n|t:|1783570197\n|move|p1a: Spectrier|Substitute|p1a: Spectrier\n|-start|p1a: Spectrier|Substitute\n|-damage|p1a: Spectrier|40/100\n|move|p2a: Iron Moth|Fiery Dance|p1a: Spectrier\n|-end|p1a: Spectrier|Substitute\n|\n|-heal|p1a: Spectrier|46/100|[from] item: Leftovers\n|upkeep\n|turn|16\n|inactive|Time left: 300 sec this turn | 300 sec total\n|\n|t:|1783570198\n|move|p1a: Spectrier|Substitute|p1a: Spectrier\n|-start|p1a: Spectrier|Substitute\n|-damage|p1a: Spectrier|22/100\n|move|p2a: Iron Moth|Fiery Dance|p1a: Spectrier\n|-end|p1a: Spectrier|Substitute\n|\n|-heal|p1a: Spectrier|28/100|[from] item: Leftovers\n|upkeep\n|turn|17\n|inactive|Time left: 300 sec this turn | 300 sec total\n|\n|t:|1783570199\n|move|p1a: Spectrier|Dark Pulse|p2a: Iron Moth\n|-damage|p2a: Iron Moth|197/253\n|move|p2a: Iron Moth|Fiery Dance|p1a: Spectrier\n|-damage|p1a: Spectrier|0 fnt\n|faint|p1a: Spectrier\n|\n|upkeep\n|\n|t:|1783570200\n|switch|p1a: Pachirisu|Pachirisu, L96, F|100/100\n|turn|18\n|inactive|Time left: 300 sec this turn | 300 sec total\n|\n|t:|1783570201\n|move|p1a: Pachirisu|Discharge|p2a: Iron Moth\n|-damage|p2a: Iron Moth|139/253\n|move|p2a: Iron Moth|Sludge Wave|p1a: Pachirisu\n|-damage|p1a: Pachirisu|41/100\n|\n|upkeep\n|turn|19\n|inactive|Time left: 300 sec this turn | 300 sec total\n|\n|t:|1783570202\n|move|p1a: Pachirisu|Discharge|p2a: Iron Moth\n|-damage|p2a: Iron Moth|81/253\n|move|p2a: Iron Moth|Sludge Wave|p1a: Pachirisu\n|-damage|p1a: Pachirisu|0 fnt\n|faint|p1a: Pachirisu\n|\n|upkeep\n|\n|t:|1783570203\n|switch|p1a: Ogerpon|Ogerpon-Cornerstone, L76, F|14/100\n|turn|20\n|inactive|Time left: 300 sec this turn | 300 sec total\n|\n|t:|1783570204\n|-terastallize|p1a: Ogerpon|Rock\n|detailschange|p1a: Ogerpon|Ogerpon-Cornerstone-Tera, L76, F, tera:Rock\n|-ability|p1a: Ogerpon|Embody Aspect (Cornerstone)|boost\n|-boost|p1a: Ogerpon|def|1\n|move|p2a: Iron Moth|Sludge Wave|p1a: Ogerpon\n|-resisted|p1a: Ogerpon\n|-damage|p1a: Ogerpon|0 fnt\n|faint|p1a: Ogerpon\n|detailschange|p1: Ogerpon|Ogerpon-Cornerstone, L76, F|[silent]\n|\n|win|p0y26138249", "uploadtime": 1783570204, "views": 0, "rating": 0, "private": 0, "password": null, "_winner": "p0y26138249", "_our_name": "p0y26138249"}