{"id": "battle-gen9randombattle-2151", "formatid": "gen9randombattle", "format": "[Gen 9] Random Battle", "players": ["p0x215105ed", "p0y2151a65f"], "log": "|init|battle\n|title|p0x215105ed vs. p0y2151a65f\n|j|\u2606p0x215105ed\n|j|\u2606p0y2151a65f\n|t:|1783564075\n|gametype|singles\n|player|p1|p0x215105ed|265|\n|player|p2|p0y2151a65f|1|\n|gen|9\n|tier|[Gen 9] Random Battle\n|rule|Species Clause: Limit one of each Pok\u00e9mon\n|rule|HP Percentage Mod: HP is shown in percentages\n|rule|Sleep Clause Mod: Limit one foe put to sleep\n|rule|Illusion Level Mod: Illusion disguises the Pok\u00e9mon's true level\n|\n|t:|1783564075\n|teamsize|p1|6\n|teamsize|p2|6\n|start\n|switch|p1a: Swampert|Swampert, L83, M|100/100\n|switch|p2a: Arboliva|Arboliva, L91, M|290/290\n|turn|1\n|inactive|Battle timer is ON: inactive players will automatically lose when time's up. (requested by p0y2151a65f)\n|inactive|p0x215105ed also wants the timer to be on.\n|\n|t:|1783564077\n|switch|p1a: Sandslash|Sandslash-Alola, L88, F|100/100\n|move|p2a: Arboliva|Energy Ball|p1a: Sandslash\n|-resisted|p1a: Sandslash\n|-crit|p1a: Sandslash\n|-damage|p1a: Sandslash|71/100\n|\n|upkeep\n|turn|2\n|inactive|Time left: 300 sec this turn | 300 sec total\n|\n|t:|1783564078\n|-terastallize|p2a: Arboliva|Poison\n|move|p1a: Sandslash|Triple Axel|p2a: Arboliva\n|-damage|p2a: Arboliva|266/290\n|-fieldstart|move: Grassy Terrain|[from] ability: Seed Sower|[of] p2a: Arboliva\n|-damage|p2a: Arboliva|224/290\n|-hitcount|p2a: Arboliva|2\n|move|p2a: Arboliva|Earth Power|p1a: Sandslash\n|-supereffective|p1a: Sandslash\n|-damage|p1a: Sandslash|21/100\n|\n|-heal|p1a: Sandslash|27/100|[from] Grassy Terrain\n|-heal|p2a: Arboliva|242/290|[from] Grassy Terrain\n|-heal|p2a: Arboliva|260/290|[from] item: Leftovers\n|upkeep\n|turn|3\n|inactive|Time left: 300 sec this turn | 300 sec total\n|\n|t:|1783564079\n|move|p1a: Sandslash|Triple Axel|p2a: Arboliva\n|-damage|p2a: Arboliva|238/290\n|-damage|p2a: Arboliva|198/290\n|-damage|p2a: Arboliva|128/290\n|-hitcount|p2a: Arboliva|3\n|move|p2a: Arboliva|Energy Ball|p1a: Sandslash\n|-resisted|p1a: Sandslash\n|-damage|p1a: Sandslash|4/100\n|\n|-heal|p1a: Sandslash|10/100|[from] Grassy Terrain\n|-heal|p2a: Arboliva|146/290|[from] Grassy Terrain\n|-heal|p2a: Arboliva|164/290|[from] item: Leftovers\n|upkeep\n|turn|4\n|inactive|Time left: 300 sec this turn | 300 sec total\n|\n|t:|1783564080\n|move|p1a: Sandslash|Iron Head|p2a: Arboliva\n|-damage|p2a: Arboliva|85/290\n|move|p2a: Arboliva|Strength Sap|p1a: Sandslash\n|-unboost|p1a: Sandslash|atk|1\n|-heal|p2a: Arboliva|290/290\n|\n|-heal|p1a: Sandslash|16/100|[from] Grassy Terrain\n|upkeep\n|turn|5\n|inactive|Time left: 300 sec this turn | 300 sec total\n|\n|t:|1783564081\n|switch|p1a: Appletun|Appletun, L92, F|100/100\n|move|p2a: Arboliva|Energy Ball|p1a: Appletun\n|-resisted|p1a: Appletun\n|-damage|p1a: Appletun|89/100\n|\n|-heal|p1a: Appletun|95/100|[from] Grassy Terrain\n|-heal|p1a: Appletun|100/100|[from] item: Leftovers\n|upkeep\n|turn|6\n|inactive|Time left: 300 sec this turn | 300 sec total\n|\n|t:|1783564082\n|move|p2a: Arboliva|Earth Power|p1a: Appletun\n|-resisted|p1a: Appletun\n|-damage|p1a: Appletun|89/100\n|move|p1a: Appletun|Dragon Tail|p2a: Arboliva\n|-crit|p2a: Arboliva\n|-damage|p2a: Arboliva|200/290\n|drag|p2a: Trevenant|Trevenant, L89, F|296/296\n|\n|-heal|p1a: Appletun|95/100|[from] Grassy Terrain\n|-heal|p1a: Appletun|100/100|[from] item: Leftovers\n|-fieldend|move: Grassy Terrain\n|upkeep\n|turn|7\n|inactive|Time left: 300 sec this turn | 300 sec total\n|\n|t:|1783564083\n|move|p2a: Trevenant|Toxic|p1a: Appletun\n|-status|p1a: Appletun|tox\n|move|p1a: Appletun|Apple Acid|p2a: Trevenant\n|-resisted|p2a: Trevenant\n|-damage|p2a: Trevenant|246/296\n|-unboost|p2a: Trevenant|spd|1\n|\n|-damage|p1a: Appletun|94/100 tox|[from] psn\n|upkeep\n|turn|8\n|inactive|Time left: 300 sec this turn | 300 sec total\n|\n|t:|1783564084\n|move|p2a: Trevenant|Poltergeist|p1a: Appletun\n|-activate|p1a: Appletun|move: Poltergeist|Leftovers\n|-damage|p1a: Appletun|55/100 tox\n|move|p1a: Appletun|Apple Acid|p2a: Trevenant\n|-resisted|p2a: Trevenant\n|-damage|p2a: Trevenant|167/296\n|-unboost|p2a: Trevenant|spd|1\n|\n|-heal|p1a: Appletun|61/100 tox|[from] item: Leftovers\n|-damage|p1a: Appletun|49/100 tox|[from] psn\n|upkeep\n|turn|9\n|inactive|Time left: 300 sec this turn | 300 sec total\n|\n|t:|1783564085\n|switch|p2a: Arboliva|Arboliva, L91, M, tera:Poison|200/290\n|move|p1a: Appletun|Recover|p1a: Appletun\n|-heal|p1a: Appletun|99/100 tox\n|\n|-heal|p2a: Arboliva|218/290|[from] item: Leftovers\n|-heal|p1a: Appletun|100/100 tox|[from] item: Leftovers\n|-damage|p1a: Appletun|82/100 tox|[from] psn\n|upkeep\n|turn|10\n|inactive|Time left: 300 sec this turn | 300 sec total\n|\n|t:|1783564086\n|switch|p1a: Mewtwo|Mewtwo, L72|100/100\n|-ability|p1a: Mewtwo|Pressure\n|move|p2a: Arboliva|Hyper Voice|p1a: Mewtwo\n|-damage|p1a: Mewtwo|40/100\n|\n|-heal|p2a: Arboliva|236/290|[from] item: Leftovers\n|upkeep\n|turn|11\n|inactive|Time left: 300 sec this turn | 300 sec total\n|\n|t:|1783564087\n|switch|p2a: Mabosstiff|Mabosstiff, L86, F|278/278\n|move|p1a: Mewtwo|Psystrike|p2a: Mabosstiff\n|-immune|p2a: Mabosstiff\n|\n|upkeep\n|turn|12\n|inactive|Time left: 300 sec this turn | 300 sec total\n|\n|t:|1783564088\n|move|p1a: Mewtwo|Fire Blast|p2a: Mabosstiff|[miss]\n|-miss|p1a: Mewtwo|p2a: Mabosstiff\n|move|p2a: Mabosstiff|Crunch|p1a: Mewtwo\n|-supereffective|p1a: Mewtwo\n|-damage|p1a: Mewtwo|0 fnt\n|faint|p1a: Mewtwo\n|\n|upkeep\n|\n|t:|1783564089\n|switch|p1a: Swampert|Swampert, L83, M|100/100\n|turn|13\n|inactive|Time left: 300 sec this turn | 300 sec total\n|\n|t:|1783564090\n|move|p2a: Mabosstiff|Crunch|p1a: Swampert\n|-damage|p1a: Swampert|52/100\n|move|p1a: Swampert|Earthquake|p2a: Mabosstiff\n|-damage|p2a: Mabosstiff|169/278\n|\n|-heal|p1a: Swampert|58/100|[from] item: Leftovers\n|upkeep\n|turn|14\n|inactive|Time left: 300 sec this turn | 300 sec total\n|\n|t:|1783564091\n|move|p2a: Mabosstiff|Crunch|p1a: Swampert\n|-damage|p1a: Swampert|4/100\n|move|p1a: Swampert|Earthquake|p2a: Mabosstiff\n|-damage|p2a: Mabosstiff|55/278\n|\n|-heal|p1a: Swampert|10/100|[from] item: Leftovers\n|upkeep\n|turn|15\n|inactive|Time left: 300 sec this turn | 300 sec total\n|\n|t:|1783564092\n|move|p2a: Mabosstiff|Crunch|p1a: Swampert\n|-damage|p1a: Swampert|0 fnt\n|faint|p1a: Swampert\n|\n|upkeep\n|\n|t:|1783564093\n|switch|p1a: Revavroom|Revavroom, L79, F|100/100\n|turn|16\n|inactive|Time left: 300 sec this turn | 300 sec total\n|\n|t:|1783564094\n|move|p2a: Mabosstiff|Crunch|p1a: Revavroom\n|-damage|p1a: Revavroom|32/100\n|move|p1a: Revavroom|Shift Gear|p1a: Revavroom\n|-boost|p1a: Revavroom|spe|2\n|-boost|p1a: Revavroom|atk|1\n|\n|upkeep\n|turn|17\n|inactive|Time left: 300 sec this turn | 300 sec total\n|\n|t:|1783564095\n|move|p1a: Revavroom|Iron Head|p2a: Mabosstiff\n|-damage|p2a: Mabosstiff|0 fnt\n|faint|p2a: Mabosstiff\n|-damage|p1a: Revavroom|22/100|[from] item: Life Orb\n|\n|upkeep\n|inactive|Time left: 300 sec this turn | 300 sec total | 5 sec grace\n|\n|t:|1783564095\n|switch|p2a: Lucario|Lucario, L84, M|255/255\n|turn|18\n|inactive|Time left: 300 sec this turn | 300 sec total\n|\n|t:|1783564096\n|move|p2a: Lucario|Extreme Speed|p1a: Revavroom\n|-resisted|p1a: Revavroom\n|-damage|p1a: Revavroom|5/100\n|move|p1a: Revavroom|High Horsepower|p2a: Lucario\n|-supereffective|p2a: Lucario\n|-damage|p2a: Lucario|0 fnt\n|faint|p2a: Lucario\n|-damage|p1a: Revavroom|0 fnt|[from] item: Life Orb\n|faint|p1a: Revavroom\n|\n|upkeep\n|inactive|Time left: 300 sec this turn | 300 sec total | 5 sec grace\n|\n|t:|1783564097\n|switch|p2a: Arboliva|Arboliva, L91, M, tera:Poison|236/290\n|switch|p1a: Appletun|Appletun, L92, F|82/100 tox\n|turn|19\n|inactive|Time left: 300 sec this turn | 300 sec total\n|\n|t:|1783564098\n|move|p2a: Arboliva|Strength Sap|p1a: Appletun\n|-unboost|p1a: Appletun|atk|1\n|-heal|p2a: Arboliva|290/290\n|move|p1a: Appletun|Dragon Tail|p2a: Arboliva\n|-damage|p2a: Arboliva|250/290\n|-fieldstart|move: Grassy Terrain|[from] ability: Seed Sower|[of] p2a: Arboliva\n|drag|p2a: Trevenant|Trevenant, L89, F|167/296\n|\n|-heal|p2a: Trevenant|185/296|[from] Grassy Terrain\n|-heal|p1a: Appletun|88/100 tox|[from] Grassy Terrain\n|-heal|p1a: Appletun|94/100 tox|[from] item: Leftovers\n|-damage|p1a: Appletun|88/100 tox|[from] psn\n|upkeep\n|turn|20\n|inactive|Time left: 300 sec this turn | 300 sec total\n|\n|t:|1783564099\n|switch|p1a: Swanna|Swanna, L89, F|100/100\n|move|p2a: Trevenant|Drain Punch|p1a: Swanna\n|-resisted|p1a: Swanna\n|-damage|p1a: Swanna|88/100\n|-heal|p2a: Trevenant|203/296|[from] drain|[of] p1a: Swanna\n|\n|-heal|p2a: Trevenant|221/296|[from] Grassy Terrain\n|upkeep\n|turn|21\n|inactive|Time left: 300 sec this turn | 300 sec total\n|\n|t:|1783564100\n|switch|p2a: Arboliva|Arboliva, L91, M, tera:Poison|250/290\n|move|p1a: Swanna|Brave Bird|p2a: Arboliva\n|-crit|p2a: Arboliva\n|-damage|p2a: Arboliva|72/290\n|-damage|p1a: Swanna|66/100|[from] Recoil\n|\n|-heal|p2a: Arboliva|90/290|[from] Grassy Terrain\n|-heal|p2a: Arboliva|108/290|[from] item: Leftovers\n|upkeep\n|turn|22\n|inactive|Time left: 300 sec this turn | 300 sec total\n|\n|t:|1783564101\n|move|p1a: Swanna|Brave Bird|p2a: Arboliva\n|-damage|p2a: Arboliva|0 fnt\n|faint|p2a: Arboliva\n|-damage|p1a: Swanna|53/100|[from] Recoil\n|\n|upkeep\n|inactive|Time left: 300 sec this turn | 300 sec total | 5 sec grace\n|\n|t:|1783564102\n|switch|p2a: Spectrier|Spectrier, L75|274/274\n|turn|23\n|inactive|Time left: 300 sec this turn | 300 sec total\n|\n|t:|1783564103\n|move|p2a: Spectrier|Shadow Ball|p1a: Swanna\n|-damage|p1a: Swanna|0 fnt\n|faint|p1a: Swanna\n|-ability|p2a: Spectrier|Grim Neigh|boost\n|-boost|p2a: Spectrier|spa|1\n|-damage|p2a: Spectrier|247/274|[from] item: Life Orb\n|\n|-heal|p2a: Spectrier|264/274|[from] Grassy Terrain\n|-fieldend|move: Grassy Terrain\n|upkeep\n|\n|t:|1783564104\n|switch|p1a: Appletun|Appletun, L92, F|88/100 tox\n|turn|24\n|inactive|Time left: 300 sec this turn | 300 sec total\n|\n|t:|1783564105\n|move|p2a: Spectrier|Shadow Ball|p1a: Appletun\n|-damage|p1a: Appletun|33/100 tox\n|-damage|p2a: Spectrier|237/274|[from] item: Life Orb\n|move|p1a: Appletun|Dragon Tail|p2a: Spectrier\n|-damage|p2a: Spectrier|138/274\n|drag|p2a: Raichu|Raichu, L88, M|249/249\n|\n|-heal|p1a: Appletun|40/100 tox|[from] item: Leftovers\n|-damage|p1a: Appletun|33/100 tox|[from] psn\n|upkeep\n|turn|25\n|inactive|Time left: 300 sec this turn | 300 sec total\n|\n|t:|1783564107\n|move|p2a: Raichu|Tera Blast|p1a: Appletun\n|-damage|p1a: Appletun|12/100 tox\n|-damage|p2a: Raichu|225/249|[from] item: Life Orb\n|move|p1a: Appletun|Recover|p1a: Appletun\n|-heal|p1a: Appletun|62/100 tox\n|\n|-heal|p1a: Appletun|68/100 tox|[from] item: Leftovers\n|-damage|p1a: Appletun|55/100 tox|[from] psn\n|upkeep\n|turn|26\n|inactive|Time left: 300 sec this turn | 300 sec total\n|\n|t:|1783564108\n|switch|p2a: Trevenant|Trevenant, L89, F|221/296\n|move|p1a: Appletun|Apple Acid|p2a: Trevenant\n|-resisted|p2a: Trevenant\n|-damage|p2a: Trevenant|173/296\n|-unboost|p2a: Trevenant|spd|1\n|\n|-heal|p1a: Appletun|62/100 tox|[from] item: Leftovers\n|-damage|p1a: Appletun|43/100 tox|[from] psn\n|upkeep\n|turn|27\n|inactive|Time left: 300 sec this turn | 300 sec total\n|\n|t:|1783564109\n|move|p2a: Trevenant|Drain Punch|p1a: Appletun\n|-damage|p1a: Appletun|24/100 tox\n|-heal|p2a: Trevenant|207/296|[from] drain|[of] p1a: Appletun\n|move|p1a: Appletun|Recover|p1a: Appletun\n|-heal|p1a: Appletun|74/100 tox\n|\n|-heal|p1a: Appletun|80/100 tox|[from] item: Leftovers\n|-damage|p1a: Appletun|55/100 tox|[from] psn\n|upkeep\n|turn|28\n|inactive|Time left: 300 sec this turn | 300 sec total\n|\n|t:|1783564110\n|move|p2a: Trevenant|Poltergeist|p1a: Appletun\n|-activate|p1a: Appletun|move: Poltergeist|Leftovers\n|-damage|p1a: Appletun|17/100 tox\n|move|p1a: Appletun|Recover|p1a: Appletun\n|-heal|p1a: Appletun|67/100 tox\n|\n|-heal|p1a: Appletun|73/100 tox|[from] item: Leftovers\n|-damage|p1a: Appletun|42/100 tox|[from] psn\n|upkeep\n|turn|29\n|inactive|Time left: 300 sec this turn | 300 sec total\n|\n|t:|1783564111\n|move|p2a: Trevenant|Poltergeist|p1a: Appletun\n|-activate|p1a: Appletun|move: Poltergeist|Leftovers\n|-damage|p1a: Appletun|0 fnt\n|faint|p1a: Appletun\n|\n|upkeep\n|\n|t:|1783564112\n|switch|p1a: Sandslash|Sandslash-Alola, L88, F|16/100\n|turn|30\n|inactive|Time left: 300 sec this turn | 300 sec total\n|\n|t:|1783564113\n|move|p1a: Sandslash|Iron Head|p2a: Trevenant\n|-damage|p2a: Trevenant|110/296\n|-enditem|p2a: Trevenant|Sitrus Berry|[eat]\n|-heal|p2a: Trevenant|184/296|[from] item: Sitrus Berry\n|cant|p2a: Trevenant|flinch\n|\n|-item|p2a: Trevenant|Sitrus Berry|[from] ability: Harvest\n|upkeep\n|turn|31\n|inactive|Time left: 300 sec this turn | 300 sec total\n|\n|t:|1783564114\n|move|p1a: Sandslash|Iron Head|p2a: Trevenant\n|-damage|p2a: Trevenant|85/296\n|-enditem|p2a: Trevenant|Sitrus Berry|[eat]\n|-heal|p2a: Trevenant|159/296|[from] item: Sitrus Berry\n|cant|p2a: Trevenant|flinch\n|\n|upkeep\n|turn|32\n|inactive|Time left: 300 sec this turn | 300 sec total\n|\n|t:|1783564115\n|move|p1a: Sandslash|Iron Head|p2a: Trevenant\n|-damage|p2a: Trevenant|63/296\n|move|p2a: Trevenant|Drain Punch|p1a: Sandslash\n|-supereffective|p1a: Sandslash\n|-damage|p1a: Sandslash|0 fnt\n|-heal|p2a: Trevenant|85/296|[from] drain|[of] p1a: Sandslash\n|faint|p1a: Sandslash\n|\n|win|p0y2151a65f", "uploadtime": 1783564115, "views": 0, "rating": 0, "private": 0, "password": null, "_winner": "p0y2151a65f", "_our_name": "p0y2151a65f"}