{"id": "battle-gen9randombattle-1491", "formatid": "gen9randombattle", "format": "[Gen 9] Random Battle", "players": ["p0x1491a14d", "p0y14910695"], "log": "|init|battle\n|title|p0x1491a14d vs. p0y14910695\n|j|\u2606p0x1491a14d\n|j|\u2606p0y14910695\n|t:|1783557345\n|gametype|singles\n|player|p1|p0x1491a14d|101|\n|player|p2|p0y14910695|101|\n|gen|9\n|tier|[Gen 9] Random Battle\n|rule|Species Clause: Limit one of each Pok\u00e9mon\n|rule|HP Percentage Mod: HP is shown in percentages\n|rule|Sleep Clause Mod: Limit one foe put to sleep\n|rule|Illusion Level Mod: Illusion disguises the Pok\u00e9mon's true level\n|\n|t:|1783557345\n|teamsize|p1|6\n|teamsize|p2|6\n|start\n|switch|p1a: Phione|Phione, L91|100/100\n|switch|p2a: Iron Boulder|Iron Boulder, L77|265/265\n|turn|1\n|inactive|Battle timer is ON: inactive players will automatically lose when time's up. (requested by p0x1491a14d)\n|inactive|Time left: 300 sec this turn | 300 sec total | 60 sec grace\n|inactive|p0y14910695 also wants the timer to be on.\n|\n|t:|1783557347\n|move|p2a: Iron Boulder|Swords Dance|p2a: Iron Boulder\n|-boost|p2a: Iron Boulder|atk|2\n|move|p1a: Phione|Scald|p2a: Iron Boulder\n|-supereffective|p2a: Iron Boulder\n|-damage|p2a: Iron Boulder|103/265\n|-status|p2a: Iron Boulder|brn\n|\n|-damage|p2a: Iron Boulder|87/265 brn|[from] brn\n|upkeep\n|turn|2\n|inactive|Time left: 300 sec this turn | 300 sec total\n|\n|t:|1783557348\n|move|p2a: Iron Boulder|Mighty Cleave|p1a: Phione\n|-damage|p1a: Phione|56/100\n|-damage|p2a: Iron Boulder|61/265 brn|[from] item: Life Orb\n|move|p1a: Phione|Scald|p2a: Iron Boulder\n|-supereffective|p2a: Iron Boulder\n|-damage|p2a: Iron Boulder|0 fnt\n|faint|p2a: Iron Boulder\n|-end|p2a: Iron Boulder|Quark Drive|[silent]\n|\n|-heal|p1a: Phione|62/100|[from] item: Leftovers\n|upkeep\n|inactive|Time left: 300 sec this turn | 300 sec total | 5 sec grace\n|\n|t:|1783557349\n|switch|p2a: Mew|Mew, L82|298/298\n|turn|3\n|inactive|Time left: 300 sec this turn | 300 sec total\n|\n|t:|1783557350\n|move|p2a: Mew|Swords Dance|p2a: Mew\n|-boost|p2a: Mew|atk|2\n|move|p1a: Phione|Scald|p2a: Mew\n|-damage|p2a: Mew|219/298\n|-status|p2a: Mew|brn\n|-activate|p2a: Mew|ability: Synchronize\n|-status|p1a: Phione|brn\n|\n|-heal|p1a: Phione|68/100 brn|[from] item: Leftovers\n|-damage|p2a: Mew|201/298 brn|[from] brn\n|-damage|p1a: Phione|62/100 brn|[from] brn\n|upkeep\n|turn|4\n|inactive|Time left: 300 sec this turn | 300 sec total\n|\n|t:|1783557351\n|move|p2a: Mew|Knock Off|p1a: Phione\n|-damage|p1a: Phione|35/100 brn\n|-enditem|p1a: Phione|Leftovers|[from] move: Knock Off|[of] p2a: Mew\n|-damage|p2a: Mew|172/298 brn|[from] item: Life Orb\n|move|p1a: Phione|Rest|p1a: Phione\n|-status|p1a: Phione|slp|[from] move: Rest\n|-heal|p1a: Phione|100/100 slp|[silent]\n|\n|-damage|p2a: Mew|154/298 brn|[from] brn\n|upkeep\n|turn|5\n|inactive|Time left: 300 sec this turn | 300 sec total\n|\n|t:|1783557352\n|switch|p1a: Volcanion|Volcanion, L79|100/100\n|move|p2a: Mew|Psychic Fangs|p1a: Volcanion\n|-damage|p1a: Volcanion|64/100\n|-damage|p2a: Mew|125/298 brn|[from] item: Life Orb\n|\n|-damage|p2a: Mew|107/298 brn|[from] brn\n|upkeep\n|turn|6\n|inactive|Time left: 300 sec this turn | 300 sec total\n|\n|t:|1783557354\n|move|p2a: Mew|Psychic Fangs|p1a: Volcanion\n|-damage|p1a: Volcanion|30/100\n|-damage|p2a: Mew|78/298 brn|[from] item: Life Orb\n|move|p1a: Volcanion|Flame Charge|p2a: Mew\n|-damage|p2a: Mew|26/298 brn\n|-boost|p1a: Volcanion|spe|1\n|\n|-damage|p2a: Mew|8/298 brn|[from] brn\n|upkeep\n|turn|7\n|inactive|Time left: 300 sec this turn | 300 sec total\n|\n|t:|1783557355\n|switch|p2a: Rayquaza|Rayquaza, L72|270/270\n|-ability|p2a: Rayquaza|Air Lock\n|move|p1a: Volcanion|Sludge Bomb|p2a: Rayquaza\n|-damage|p2a: Rayquaza|193/270\n|\n|upkeep\n|turn|8\n|inactive|Time left: 300 sec this turn | 300 sec total\n|\n|t:|1783557356\n|move|p1a: Volcanion|Steam Eruption|p2a: Rayquaza\n|-resisted|p2a: Rayquaza\n|-damage|p2a: Rayquaza|119/270\n|move|p2a: Rayquaza|Scale Shot|p1a: Volcanion\n|-damage|p1a: Volcanion|20/100\n|-damage|p1a: Volcanion|10/100\n|-damage|p1a: Volcanion|1/100\n|-damage|p1a: Volcanion|0 fnt\n|faint|p1a: Volcanion\n|-hitcount|p1: Volcanion|4\n|-unboost|p2a: Rayquaza|def|1\n|-boost|p2a: Rayquaza|spe|1\n|\n|upkeep\n|\n|t:|1783557357\n|switch|p1a: Bastiodon|Bastiodon, L89, F|100/100\n|turn|9\n|inactive|Time left: 300 sec this turn | 300 sec total\n|\n|t:|1783557359\n|move|p2a: Rayquaza|Earthquake|p1a: Bastiodon\n|-supereffective|p1a: Bastiodon\n|-damage|p1a: Bastiodon|29/100\n|move|p1a: Bastiodon|Foul Play|p2a: Rayquaza\n|-damage|p2a: Rayquaza|0 fnt\n|faint|p2a: Rayquaza\n|\n|upkeep\n|inactive|Time left: 300 sec this turn | 300 sec total | 5 sec grace\n|\n|t:|1783557360\n|switch|p2a: Arbok|Arbok, L87, F|246/246\n|-ability|p2a: Arbok|Intimidate|boost\n|-unboost|p1a: Bastiodon|atk|1\n|turn|10\n|inactive|Time left: 300 sec this turn | 300 sec total\n|\n|t:|1783557361\n|move|p2a: Arbok|Earthquake|p1a: Bastiodon\n|-supereffective|p1a: Bastiodon\n|-damage|p1a: Bastiodon|0 fnt\n|faint|p1a: Bastiodon\n|-damage|p2a: Arbok|222/246|[from] item: Life Orb\n|\n|upkeep\n|\n|t:|1783557362\n|switch|p1a: Roaring Moon|Roaring Moon, L72|100/100\n|turn|11\n|inactive|Time left: 300 sec this turn | 300 sec total\n|\n|t:|1783557363\n|switch|p2a: Gurdurr|Gurdurr, L85, F|283/283\n|move|p1a: Roaring Moon|Dragon Dance|p1a: Roaring Moon\n|-boost|p1a: Roaring Moon|atk|1\n|-boost|p1a: Roaring Moon|spe|1\n|\n|upkeep\n|turn|12\n|inactive|Time left: 300 sec this turn | 300 sec total\n|\n|t:|1783557364\n|-terastallize|p1a: Roaring Moon|Ground\n|move|p1a: Roaring Moon|Dragon Dance|p1a: Roaring Moon\n|-boost|p1a: Roaring Moon|atk|1\n|-boost|p1a: Roaring Moon|spe|1\n|move|p2a: Gurdurr|Drain Punch|p1a: Roaring Moon\n|-damage|p1a: Roaring Moon|57/100\n|\n|upkeep\n|turn|13\n|inactive|Time left: 300 sec this turn | 300 sec total\n|\n|t:|1783557365\n|move|p1a: Roaring Moon|Earthquake|p2a: Gurdurr\n|-damage|p2a: Gurdurr|154/283\n|move|p2a: Gurdurr|Drain Punch|p1a: Roaring Moon\n|-damage|p1a: Roaring Moon|9/100\n|-heal|p2a: Gurdurr|219/283|[from] drain|[of] p1a: Roaring Moon\n|\n|upkeep\n|turn|14\n|inactive|Time left: 300 sec this turn | 300 sec total\n|\n|t:|1783557366\n|move|p2a: Gurdurr|Mach Punch|p1a: Roaring Moon\n|-damage|p1a: Roaring Moon|0 fnt\n|faint|p1a: Roaring Moon\n|-end|p1a: Roaring Moon|Protosynthesis|[silent]\n|\n|upkeep\n|\n|t:|1783557367\n|switch|p1a: Decidueye|Decidueye, L88, F|100/100\n|turn|15\n|inactive|Time left: 300 sec this turn | 300 sec total\n|\n|t:|1783557368\n|move|p1a: Decidueye|Swords Dance|p1a: Decidueye\n|-boost|p1a: Decidueye|atk|2\n|move|p2a: Gurdurr|Knock Off|p1a: Decidueye\n|-supereffective|p1a: Decidueye\n|-damage|p1a: Decidueye|37/100\n|-enditem|p1a: Decidueye|Life Orb|[from] move: Knock Off|[of] p2a: Gurdurr\n|\n|upkeep\n|turn|16\n|inactive|Time left: 300 sec this turn | 300 sec total\n|\n|t:|1783557369\n|move|p1a: Decidueye|Poltergeist|p2a: Gurdurr\n|-activate|p2a: Gurdurr|move: Poltergeist|Eviolite\n|-damage|p2a: Gurdurr|30/283\n|move|p2a: Gurdurr|Knock Off|p1a: Decidueye\n|-supereffective|p1a: Decidueye\n|-damage|p1a: Decidueye|0 fnt\n|faint|p1a: Decidueye\n|\n|upkeep\n|\n|t:|1783557370\n|switch|p1a: Hypno|Hypno, L95, M|100/100\n|turn|17\n|inactive|Time left: 300 sec this turn | 300 sec total\n|\n|t:|1783557371\n|move|p1a: Hypno|Psychic Noise|p2a: Gurdurr\n|-supereffective|p2a: Gurdurr\n|-damage|p2a: Gurdurr|0 fnt\n|faint|p2a: Gurdurr\n|\n|upkeep\n|inactive|Time left: 300 sec this turn | 300 sec total | 5 sec grace\n|\n|t:|1783557372\n|switch|p2a: Mew|Mew, L82|8/298 brn\n|turn|18\n|inactive|Time left: 300 sec this turn | 300 sec total\n|\n|t:|1783557374\n|move|p1a: Hypno|Protect|p1a: Hypno\n|-singleturn|p1a: Hypno|Protect\n|move|p2a: Mew|Knock Off|p1a: Hypno\n|-activate|p1a: Hypno|move: Protect\n|\n|-damage|p2a: Mew|0 fnt|[from] brn\n|faint|p2a: Mew\n|upkeep\n|inactive|Time left: 300 sec this turn | 300 sec total | 5 sec grace\n|\n|t:|1783557375\n|switch|p2a: Arbok|Arbok, L87, F|222/246\n|-ability|p2a: Arbok|Intimidate|boost\n|-unboost|p1a: Hypno|atk|1\n|turn|19\n|inactive|Time left: 300 sec this turn | 300 sec total\n|\n|t:|1783557376\n|move|p2a: Arbok|Gunk Shot|p1a: Hypno\n|-damage|p1a: Hypno|42/100\n|-damage|p2a: Arbok|198/246|[from] item: Life Orb\n|move|p1a: Hypno|Psychic Noise|p2a: Arbok\n|-supereffective|p2a: Arbok\n|-damage|p2a: Arbok|22/246\n|-start|p2a: Arbok|move: Heal Block\n|\n|-heal|p1a: Hypno|48/100|[from] item: Leftovers\n|upkeep\n|turn|20\n|inactive|Time left: 300 sec this turn | 300 sec total\n|\n|t:|1783557377\n|move|p1a: Hypno|Protect|p1a: Hypno\n|-singleturn|p1a: Hypno|Protect\n|move|p2a: Arbok|Gunk Shot|p1a: Hypno\n|-activate|p1a: Hypno|move: Protect\n|\n|-heal|p1a: Hypno|54/100|[from] item: Leftovers\n|-end|p2a: Arbok|move: Heal Block\n|upkeep\n|turn|21\n|inactive|Time left: 300 sec this turn | 300 sec total\n|\n|t:|1783557378\n|switch|p1a: Phione|Phione, L91|100/100 slp\n|move|p2a: Arbok|Gunk Shot|p1a: Phione\n|-damage|p1a: Phione|47/100 slp\n|-damage|p2a: Arbok|0 fnt|[from] item: Life Orb\n|faint|p2a: Arbok\n|\n|upkeep\n|inactive|Time left: 300 sec this turn | 300 sec total | 5 sec grace\n|\n|t:|1783557379\n|switch|p2a: Kilowattrel|Kilowattrel, L83, F|252/252\n|turn|22\n|inactive|Time left: 300 sec this turn | 300 sec total\n|\n|t:|1783557380\n|switch|p1a: Hypno|Hypno, L95, M|54/100\n|move|p2a: Kilowattrel|Hurricane|p1a: Hypno\n|-damage|p1a: Hypno|25/100\n|\n|-heal|p1a: Hypno|31/100|[from] item: Leftovers\n|upkeep\n|turn|23\n|inactive|Time left: 300 sec this turn | 300 sec total\n|\n|t:|1783557382\n|move|p1a: Hypno|Protect|p1a: Hypno\n|-singleturn|p1a: Hypno|Protect\n|move|p2a: Kilowattrel|Thunderbolt|p1a: Hypno\n|-activate|p1a: Hypno|move: Protect\n|\n|-heal|p1a: Hypno|37/100|[from] item: Leftovers\n|upkeep\n|turn|24\n|inactive|Time left: 300 sec this turn | 300 sec total\n|\n|t:|1783557383\n|move|p2a: Kilowattrel|U-turn|p1a: Hypno\n|-supereffective|p1a: Hypno\n|-damage|p1a: Hypno|11/100\n|move|p1a: Hypno|Toxic|p2a: Kilowattrel\n|-status|p2a: Kilowattrel|tox\n|\n|-heal|p1a: Hypno|17/100|[from] item: Leftovers\n|-damage|p2a: Kilowattrel|237/252 tox|[from] psn\n|upkeep\n|turn|25\n|inactive|Time left: 300 sec this turn | 300 sec total\n|\n|t:|1783557384\n|move|p1a: Hypno|Protect|p1a: Hypno\n|-singleturn|p1a: Hypno|Protect\n|move|p2a: Kilowattrel|Thunderbolt|p1a: Hypno\n|-activate|p1a: Hypno|move: Protect\n|\n|-heal|p1a: Hypno|23/100|[from] item: Leftovers\n|-damage|p2a: Kilowattrel|207/252 tox|[from] psn\n|upkeep\n|turn|26\n|inactive|Time left: 300 sec this turn | 300 sec total\n|\n|t:|1783557385\n|switch|p1a: Phione|Phione, L91|47/100 slp\n|move|p2a: Kilowattrel|U-turn|p1a: Phione\n|-damage|p1a: Phione|35/100 slp\n|\n|-damage|p2a: Kilowattrel|162/252 tox|[from] psn\n|upkeep\n|turn|27\n|inactive|Time left: 300 sec this turn | 300 sec total\n|\n|t:|1783557386\n|move|p2a: Kilowattrel|Roost|p2a: Kilowattrel\n|-heal|p2a: Kilowattrel|252/252 tox\n|-singleturn|p2a: Kilowattrel|move: Roost\n|cant|p1a: Phione|slp\n|move|p1a: Phione|Sleep Talk|p1a: Phione\n|move|p1a: Phione|Scald|p2a: Kilowattrel|[from] move: Sleep Talk\n|-damage|p2a: Kilowattrel|131/252 tox\n|\n|-damage|p2a: Kilowattrel|71/252 tox|[from] psn\n|upkeep\n|turn|28\n|inactive|Time left: 300 sec this turn | 300 sec total\n|\n|t:|1783557387\n|switch|p1a: Hypno|Hypno, L95, M|23/100\n|move|p2a: Kilowattrel|Roost|p2a: Kilowattrel\n|-heal|p2a: Kilowattrel|197/252 tox\n|-singleturn|p2a: Kilowattrel|move: Roost\n|\n|-heal|p1a: Hypno|29/100|[from] item: Leftovers\n|-damage|p2a: Kilowattrel|122/252 tox|[from] psn\n|upkeep\n|turn|29\n|inactive|Time left: 300 sec this turn | 300 sec total\n|\n|t:|1783557388\n|move|p1a: Hypno|Protect|p1a: Hypno\n|-singleturn|p1a: Hypno|Protect\n|move|p2a: Kilowattrel|Roost|p2a: Kilowattrel\n|-heal|p2a: Kilowattrel|248/252 tox\n|-singleturn|p2a: Kilowattrel|move: Roost\n|\n|-heal|p1a: Hypno|35/100|[from] item: Leftovers\n|-damage|p2a: Kilowattrel|158/252 tox|[from] psn\n|upkeep\n|turn|30\n|inactive|Time left: 300 sec this turn | 300 sec total\n|\n|t:|1783557389\n|-terastallize|p2a: Kilowattrel|Steel\n|move|p2a: Kilowattrel|Roost|p2a: Kilowattrel\n|-heal|p2a: Kilowattrel|252/252 tox\n|move|p1a: Hypno|Psychic Noise|p2a: Kilowattrel\n|-resisted|p2a: Kilowattrel\n|-damage|p2a: Kilowattrel|194/252 tox\n|-start|p2a: Kilowattrel|move: Heal Block\n|\n|-heal|p1a: Hypno|41/100|[from] item: Leftovers\n|-damage|p2a: Kilowattrel|89/252 tox|[from] psn\n|upkeep\n|turn|31\n|inactive|Time left: 300 sec this turn | 300 sec total\n|\n|t:|1783557390\n|move|p2a: Kilowattrel|Hurricane|p1a: Hypno\n|-damage|p1a: Hypno|13/100\n|move|p1a: Hypno|Toxic|p2a: Kilowattrel\n|-fail|p2a: Kilowattrel|tox\n|\n|-heal|p1a: Hypno|19/100|[from] item: Leftovers\n|-damage|p2a: Kilowattrel|0 fnt|[from] psn\n|faint|p2a: Kilowattrel\n|\n|win|p0x1491a14d", "uploadtime": 1783557390, "views": 0, "rating": 0, "private": 0, "password": null, "_winner": "p0x1491a14d", "_our_name": "p0y14910695"}