{"id": "battle-gen9randombattle-2331", "formatid": "gen9randombattle", "format": "[Gen 9] Random Battle", "players": ["p0x23316293", "p0y2331882f"], "log": "|init|battle\n|title|p0x23316293 vs. p0y2331882f\n|j|\u2606p0x23316293\n|j|\u2606p0y2331882f\n|t:|1783566062\n|gametype|singles\n|player|p1|p0x23316293|265|\n|player|p2|p0y2331882f|170|\n|gen|9\n|tier|[Gen 9] Random Battle\n|rule|Species Clause: Limit one of each Pok\u00e9mon\n|rule|HP Percentage Mod: HP is shown in percentages\n|rule|Sleep Clause Mod: Limit one foe put to sleep\n|rule|Illusion Level Mod: Illusion disguises the Pok\u00e9mon's true level\n|\n|t:|1783566062\n|teamsize|p1|6\n|teamsize|p2|6\n|start\n|switch|p1a: Reuniclus|Reuniclus, L88, M|100/100\n|switch|p2a: Araquanid|Araquanid, L82, M|246/246\n|turn|1\n|inactive|Battle timer is ON: inactive players will automatically lose when time's up. (requested by p0x23316293)\n|inactive|Time left: 300 sec this turn | 300 sec total | 60 sec grace\n|inactive|p0y2331882f also wants the timer to be on.\n|\n|t:|1783566064\n|move|p2a: Araquanid|Sticky Web|p1a: Reuniclus\n|-sidestart|p1: p0x23316293|move: Sticky Web\n|move|p1a: Reuniclus|Calm Mind|p1a: Reuniclus\n|-boost|p1a: Reuniclus|spa|1\n|-boost|p1a: Reuniclus|spd|1\n|\n|upkeep\n|turn|2\n|inactive|Time left: 300 sec this turn | 300 sec total\n|\n|t:|1783566065\n|move|p2a: Araquanid|Liquidation|p1a: Reuniclus\n|-damage|p1a: Reuniclus|55/100\n|move|p1a: Reuniclus|Psyshock|p2a: Araquanid\n|-damage|p2a: Araquanid|32/246\n|\n|upkeep\n|turn|3\n|inactive|Time left: 300 sec this turn | 300 sec total\n|\n|t:|1783566066\n|move|p2a: Araquanid|Leech Life|p1a: Reuniclus\n|-supereffective|p1a: Reuniclus\n|-damage|p1a: Reuniclus|17/100\n|-heal|p2a: Araquanid|96/246|[from] drain|[of] p1a: Reuniclus\n|move|p1a: Reuniclus|Recover|p1a: Reuniclus\n|-heal|p1a: Reuniclus|67/100\n|\n|upkeep\n|turn|4\n|inactive|Time left: 300 sec this turn | 300 sec total\n|\n|t:|1783566067\n|move|p2a: Araquanid|Leech Life|p1a: Reuniclus\n|-supereffective|p1a: Reuniclus\n|-damage|p1a: Reuniclus|26/100\n|-heal|p2a: Araquanid|165/246|[from] drain|[of] p1a: Reuniclus\n|move|p1a: Reuniclus|Psyshock|p2a: Araquanid\n|-damage|p2a: Araquanid|0 fnt\n|faint|p2a: Araquanid\n|\n|upkeep\n|inactive|Time left: 300 sec this turn | 300 sec total | 5 sec grace\n|\n|t:|1783566068\n|switch|p2a: Gogoat|Gogoat, L88, M|360/360\n|turn|5\n|inactive|Time left: 300 sec this turn | 300 sec total\n|\n|t:|1783566069\n|move|p2a: Gogoat|Horn Leech|p1a: Reuniclus\n|-damage|p1a: Reuniclus|0 fnt\n|faint|p1a: Reuniclus\n|\n|upkeep\n|\n|t:|1783566069\n|switch|p1a: Komala|Komala, L87, F|100/100\n|-activate|p1a: Komala|move: Sticky Web\n|-unboost|p1a: Komala|spe|1\n|-ability|p1a: Komala|Comatose\n|turn|6\n|inactive|Time left: 300 sec this turn | 300 sec total\n|\n|t:|1783566070\n|move|p2a: Gogoat|Bulk Up|p2a: Gogoat\n|-boost|p2a: Gogoat|atk|1\n|-boost|p2a: Gogoat|def|1\n|move|p1a: Komala|Rapid Spin|p2a: Gogoat\n|-damage|p2a: Gogoat|309/360\n|-boost|p1a: Komala|spe|1\n|-sideend|p1: p0x23316293|Sticky Web|[from] move: Rapid Spin|[of] p1a: Komala\n|\n|-heal|p2a: Gogoat|331/360|[from] item: Leftovers\n|upkeep\n|turn|7\n|inactive|Time left: 300 sec this turn | 300 sec total\n|\n|t:|1783566071\n|switch|p1a: Bellossom|Bellossom, L84, F|100/100\n|move|p2a: Gogoat|Horn Leech|p1a: Bellossom\n|-resisted|p1a: Bellossom\n|-damage|p1a: Bellossom|78/100\n|-heal|p2a: Gogoat|360/360|[from] drain|[of] p1a: Bellossom\n|\n|-heal|p1a: Bellossom|84/100|[from] item: Leftovers\n|upkeep\n|turn|8\n|inactive|Time left: 300 sec this turn | 300 sec total\n|\n|t:|1783566072\n|move|p2a: Gogoat|Rock Slide|p1a: Bellossom\n|-damage|p1a: Bellossom|53/100\n|move|p1a: Bellossom|Quiver Dance|p1a: Bellossom\n|-boost|p1a: Bellossom|spa|1\n|-boost|p1a: Bellossom|spd|1\n|-boost|p1a: Bellossom|spe|1\n|\n|-heal|p1a: Bellossom|59/100|[from] item: Leftovers\n|upkeep\n|turn|9\n|inactive|Time left: 300 sec this turn | 300 sec total\n|\n|t:|1783566073\n|move|p1a: Bellossom|Quiver Dance|p1a: Bellossom\n|-boost|p1a: Bellossom|spa|1\n|-boost|p1a: Bellossom|spd|1\n|-boost|p1a: Bellossom|spe|1\n|move|p2a: Gogoat|Horn Leech|p1a: Bellossom\n|-resisted|p1a: Bellossom\n|-damage|p1a: Bellossom|37/100\n|\n|-heal|p1a: Bellossom|43/100|[from] item: Leftovers\n|upkeep\n|turn|10\n|inactive|Time left: 300 sec this turn | 300 sec total\n|\n|t:|1783566074\n|move|p1a: Bellossom|Sludge Bomb|p2a: Gogoat\n|-supereffective|p2a: Gogoat\n|-damage|p2a: Gogoat|128/360\n|move|p2a: Gogoat|Horn Leech|p1a: Bellossom\n|-resisted|p1a: Bellossom\n|-crit|p1a: Bellossom\n|-damage|p1a: Bellossom|5/100\n|-heal|p2a: Gogoat|177/360|[from] drain|[of] p1a: Bellossom\n|\n|-heal|p1a: Bellossom|12/100|[from] item: Leftovers\n|-heal|p2a: Gogoat|199/360|[from] item: Leftovers\n|upkeep\n|turn|11\n|inactive|Time left: 300 sec this turn | 300 sec total\n|\n|t:|1783566075\n|-terastallize|p2a: Gogoat|Water\n|move|p1a: Bellossom|Sludge Bomb|p2a: Gogoat\n|-damage|p2a: Gogoat|78/360\n|move|p2a: Gogoat|Horn Leech|p1a: Bellossom\n|-resisted|p1a: Bellossom\n|-damage|p1a: Bellossom|0 fnt\n|-heal|p2a: Gogoat|93/360|[from] drain|[of] p1a: Bellossom\n|faint|p1a: Bellossom\n|\n|-heal|p2a: Gogoat|115/360|[from] item: Leftovers\n|upkeep\n|\n|t:|1783566076\n|switch|p1a: Iron Crown|Iron Crown, L78|100/100\n|turn|12\n|inactive|Time left: 300 sec this turn | 300 sec total\n|\n|t:|1783566077\n|-terastallize|p1a: Iron Crown|Fighting\n|move|p1a: Iron Crown|Focus Blast|p2a: Gogoat|[miss]\n|-miss|p1a: Iron Crown|p2a: Gogoat\n|move|p2a: Gogoat|Milk Drink|p2a: Gogoat\n|-heal|p2a: Gogoat|295/360\n|\n|-heal|p2a: Gogoat|317/360|[from] item: Leftovers\n|upkeep\n|turn|13\n|inactive|Time left: 300 sec this turn | 300 sec total\n|\n|t:|1783566078\n|move|p1a: Iron Crown|Calm Mind|p1a: Iron Crown\n|-boost|p1a: Iron Crown|spa|1\n|-boost|p1a: Iron Crown|spd|1\n|move|p2a: Gogoat|Horn Leech|p1a: Iron Crown\n|-damage|p1a: Iron Crown|49/100\n|-heal|p2a: Gogoat|360/360|[from] drain|[of] p1a: Iron Crown\n|\n|-heal|p1a: Iron Crown|55/100|[from] item: Leftovers\n|upkeep\n|turn|14\n|inactive|Time left: 300 sec this turn | 300 sec total\n|\n|t:|1783566079\n|move|p1a: Iron Crown|Focus Blast|p2a: Gogoat\n|-damage|p2a: Gogoat|149/360\n|move|p2a: Gogoat|Horn Leech|p1a: Iron Crown\n|-crit|p1a: Iron Crown\n|-damage|p1a: Iron Crown|0 fnt\n|-heal|p2a: Gogoat|222/360|[from] drain|[of] p1a: Iron Crown\n|faint|p1a: Iron Crown\n|-end|p1a: Iron Crown|Quark Drive|[silent]\n|\n|-heal|p2a: Gogoat|244/360|[from] item: Leftovers\n|upkeep\n|\n|t:|1783566080\n|switch|p1a: Iron Hands|Iron Hands, L79|100/100\n|turn|15\n|inactive|Time left: 300 sec this turn | 300 sec total\n|\n|t:|1783566081\n|move|p2a: Gogoat|Bulk Up|p2a: Gogoat\n|-boost|p2a: Gogoat|atk|1\n|-boost|p2a: Gogoat|def|1\n|move|p1a: Iron Hands|Wild Charge|p2a: Gogoat\n|-supereffective|p2a: Gogoat\n|-damage|p2a: Gogoat|100/360\n|-damage|p1a: Iron Hands|91/100|[from] Recoil\n|\n|-heal|p2a: Gogoat|122/360|[from] item: Leftovers\n|upkeep\n|turn|16\n|inactive|Time left: 300 sec this turn | 300 sec total\n|\n|t:|1783566082\n|move|p2a: Gogoat|Horn Leech|p1a: Iron Hands\n|-damage|p1a: Iron Hands|45/100\n|-heal|p2a: Gogoat|208/360|[from] drain|[of] p1a: Iron Hands\n|move|p1a: Iron Hands|Volt Switch|p2a: Gogoat\n|-supereffective|p2a: Gogoat\n|-damage|p2a: Gogoat|128/360\n|\n|t:|1783566083\n|-end|p1a: Iron Hands|Quark Drive|[silent]\n|switch|p1a: Houndoom|Houndoom, L87, M|100/100|[from] Volt Switch\n|\n|-heal|p2a: Gogoat|150/360|[from] item: Leftovers\n|upkeep\n|turn|17\n|inactive|Time left: 300 sec this turn | 300 sec total\n|\n|t:|1783566084\n|move|p1a: Houndoom|Dark Pulse|p2a: Gogoat\n|-damage|p2a: Gogoat|47/360\n|cant|p2a: Gogoat|flinch\n|\n|-heal|p2a: Gogoat|69/360|[from] item: Leftovers\n|upkeep\n|turn|18\n|inactive|Time left: 300 sec this turn | 300 sec total\n|\n|t:|1783566085\n|switch|p2a: Iron Valiant|Iron Valiant, L78|244/244\n|move|p1a: Houndoom|Dark Pulse|p2a: Iron Valiant\n|-resisted|p2a: Iron Valiant\n|-damage|p2a: Iron Valiant|212/244\n|\n|upkeep\n|turn|19\n|inactive|Time left: 300 sec this turn | 300 sec total\n|\n|t:|1783566086\n|switch|p1a: Iron Hands|Iron Hands, L79|45/100\n|move|p2a: Iron Valiant|Close Combat|p1a: Iron Hands\n|-damage|p1a: Iron Hands|3/100\n|-unboost|p2a: Iron Valiant|def|1\n|-unboost|p2a: Iron Valiant|spd|1\n|-damage|p2a: Iron Valiant|188/244|[from] item: Life Orb\n|\n|upkeep\n|turn|20\n|inactive|Time left: 300 sec this turn | 300 sec total\n|\n|t:|1783566087\n|move|p1a: Iron Hands|Fake Out|p2a: Iron Valiant\n|-damage|p2a: Iron Valiant|133/244\n|cant|p2a: Iron Valiant|flinch\n|\n|upkeep\n|turn|21\n|inactive|Time left: 300 sec this turn | 300 sec total\n|\n|t:|1783566088\n|move|p2a: Iron Valiant|Close Combat|p1a: Iron Hands\n|-damage|p1a: Iron Hands|0 fnt\n|-unboost|p2a: Iron Valiant|def|1\n|-unboost|p2a: Iron Valiant|spd|1\n|faint|p1a: Iron Hands\n|-end|p1a: Iron Hands|Quark Drive|[silent]\n|-damage|p2a: Iron Valiant|109/244|[from] item: Life Orb\n|\n|upkeep\n|\n|t:|1783566089\n|switch|p1a: Houndoom|Houndoom, L87, M|100/100\n|turn|22\n|inactive|Time left: 300 sec this turn | 300 sec total\n|\n|t:|1783566089\n|move|p1a: Houndoom|Sucker Punch|p2a: Iron Valiant\n|-resisted|p2a: Iron Valiant\n|-damage|p2a: Iron Valiant|73/244\n|move|p2a: Iron Valiant|Close Combat|p1a: Houndoom\n|-supereffective|p1a: Houndoom\n|-damage|p1a: Houndoom|0 fnt\n|-unboost|p2a: Iron Valiant|def|1\n|-unboost|p2a: Iron Valiant|spd|1\n|faint|p1a: Houndoom\n|-damage|p2a: Iron Valiant|49/244|[from] item: Life Orb\n|\n|upkeep\n|\n|t:|1783566090\n|switch|p1a: Komala|Komala, L87, F|100/100\n|-ability|p1a: Komala|Comatose\n|turn|23\n|inactive|Time left: 300 sec this turn | 300 sec total\n|\n|t:|1783566091\n|move|p2a: Iron Valiant|Close Combat|p1a: Komala\n|-supereffective|p1a: Komala\n|-damage|p1a: Komala|0 fnt\n|-unboost|p2a: Iron Valiant|def|1\n|-unboost|p2a: Iron Valiant|spd|1\n|faint|p1a: Komala\n|-damage|p2a: Iron Valiant|25/244|[from] item: Life Orb\n|\n|win|p0y2331882f", "uploadtime": 1783566091, "views": 0, "rating": 0, "private": 0, "password": null, "_winner": "p0y2331882f", "_our_name": "p0y2331882f"}