{"id": "battle-gen9randombattle-1510", "formatid": "gen9randombattle", "format": "[Gen 9] Random Battle", "players": ["p0x15102502", "p0y1510415a"], "log": "|init|battle\n|title|p0x15102502 vs. p0y1510415a\n|j|\u2606p0x15102502\n|j|\u2606p0y1510415a\n|t:|1783557587\n|gametype|singles\n|player|p1|p0x15102502|265|\n|player|p2|p0y1510415a|266|\n|gen|9\n|tier|[Gen 9] Random Battle\n|rule|Species Clause: Limit one of each Pok\u00e9mon\n|rule|HP Percentage Mod: HP is shown in percentages\n|rule|Sleep Clause Mod: Limit one foe put to sleep\n|rule|Illusion Level Mod: Illusion disguises the Pok\u00e9mon's true level\n|\n|t:|1783557587\n|teamsize|p1|6\n|teamsize|p2|6\n|start\n|switch|p1a: Dachsbun|Dachsbun, L92, M|100/100\n|switch|p2a: Granbull|Granbull, L88, F|302/302\n|-ability|p2a: Granbull|Intimidate|boost\n|-unboost|p1a: Dachsbun|atk|1\n|turn|1\n|inactive|Battle timer is ON: inactive players will automatically lose when time's up. (requested by p0y1510415a)\n|inactive|p0x15102502 also wants the timer to be on.\n|\n|t:|1783557588\n|switch|p1a: Gumshoos|Gumshoos, L95, M|100/100\n|move|p2a: Granbull|Play Rough|p1a: Gumshoos\n|-damage|p1a: Gumshoos|58/100\n|\n|upkeep\n|turn|2\n|inactive|Time left: 300 sec this turn | 300 sec total\n|\n|t:|1783557589\n|move|p1a: Gumshoos|Double-Edge|p2a: Granbull\n|-damage|p2a: Granbull|34/302\n|-damage|p1a: Gumshoos|31/100|[from] Recoil\n|move|p2a: Granbull|Earthquake|p1a: Gumshoos\n|-damage|p1a: Gumshoos|0 fnt\n|faint|p1a: Gumshoos\n|\n|-heal|p2a: Granbull|52/302|[from] item: Leftovers\n|upkeep\n|\n|t:|1783557590\n|switch|p1a: Lilligant|Lilligant, L86, F|100/100\n|turn|3\n|inactive|Time left: 300 sec this turn | 300 sec total\n|\n|t:|1783557591\n|move|p1a: Lilligant|Quiver Dance|p1a: Lilligant\n|-boost|p1a: Lilligant|spa|1\n|-boost|p1a: Lilligant|spd|1\n|-boost|p1a: Lilligant|spe|1\n|move|p2a: Granbull|Encore|p1a: Lilligant\n|-start|p1a: Lilligant|Encore\n|\n|-heal|p2a: Granbull|70/302|[from] item: Leftovers\n|upkeep\n|turn|4\n|inactive|Time left: 300 sec this turn | 300 sec total\n|\n|t:|1783557592\n|move|p1a: Lilligant|Quiver Dance|p1a: Lilligant\n|-boost|p1a: Lilligant|spa|1\n|-boost|p1a: Lilligant|spd|1\n|-boost|p1a: Lilligant|spe|1\n|move|p2a: Granbull|Play Rough|p1a: Lilligant\n|-damage|p1a: Lilligant|46/100\n|\n|-heal|p2a: Granbull|88/302|[from] item: Leftovers\n|upkeep\n|turn|5\n|inactive|Time left: 300 sec this turn | 300 sec total\n|\n|t:|1783557593\n|move|p1a: Lilligant|Quiver Dance|p1a: Lilligant\n|-boost|p1a: Lilligant|spa|1\n|-boost|p1a: Lilligant|spd|1\n|-boost|p1a: Lilligant|spe|1\n|move|p2a: Granbull|Play Rough|p1a: Lilligant\n|-damage|p1a: Lilligant|0 fnt\n|faint|p1a: Lilligant\n|\n|-heal|p2a: Granbull|106/302|[from] item: Leftovers\n|upkeep\n|\n|t:|1783557594\n|switch|p1a: Bronzong|Bronzong, L88|100/100\n|turn|6\n|inactive|Time left: 300 sec this turn | 300 sec total\n|\n|t:|1783557595\n|switch|p2a: Stantler|Stantler, L92, M|284/284\n|-ability|p2a: Stantler|Intimidate|boost\n|-unboost|p1a: Bronzong|atk|1\n|move|p1a: Bronzong|Stealth Rock|p2a: Stantler\n|-sidestart|p2: p0y1510415a|move: Stealth Rock\n|\n|upkeep\n|turn|7\n|inactive|Time left: 300 sec this turn | 300 sec total\n|\n|t:|1783557596\n|switch|p1a: Roaring Moon|Roaring Moon, L72|100/100\n|move|p2a: Stantler|Calm Mind|p2a: Stantler\n|-boost|p2a: Stantler|spa|1\n|-boost|p2a: Stantler|spd|1\n|\n|upkeep\n|turn|8\n|inactive|Time left: 300 sec this turn | 300 sec total\n|\n|t:|1783557597\n|-terastallize|p2a: Stantler|Fairy\n|move|p1a: Roaring Moon|Knock Off|p2a: Stantler\n|-resisted|p2a: Stantler\n|-crit|p2a: Stantler\n|-damage|p2a: Stantler|191/284\n|-enditem|p2a: Stantler|Eviolite|[from] move: Knock Off|[of] p1a: Roaring Moon\n|move|p2a: Stantler|Tera Blast|p1a: Roaring Moon|[anim] Tera Blast Fairy\n|-supereffective|p1a: Roaring Moon\n|-damage|p1a: Roaring Moon|0 fnt\n|faint|p1a: Roaring Moon\n|-end|p1a: Roaring Moon|Protosynthesis|[silent]\n|\n|upkeep\n|\n|t:|1783557598\n|switch|p1a: Bronzong|Bronzong, L88|100/100\n|turn|9\n|inactive|Time left: 300 sec this turn | 300 sec total\n|\n|t:|1783557599\n|move|p2a: Stantler|Shadow Ball|p1a: Bronzong\n|-supereffective|p1a: Bronzong\n|-damage|p1a: Bronzong|42/100\n|-unboost|p1a: Bronzong|spd|1\n|move|p1a: Bronzong|Iron Head|p2a: Stantler\n|-supereffective|p2a: Stantler\n|-damage|p2a: Stantler|0 fnt\n|faint|p2a: Stantler\n|\n|-heal|p1a: Bronzong|48/100|[from] item: Leftovers\n|upkeep\n|inactive|Time left: 300 sec this turn | 300 sec total | 5 sec grace\n|\n|t:|1783557600\n|switch|p2a: Golduck|Golduck, L90, F|290/290\n|-damage|p2a: Golduck|254/290|[from] Stealth Rock\n|-ability|p2a: Golduck|Cloud Nine\n|turn|10\n|inactive|Time left: 300 sec this turn | 300 sec total\n|\n|t:|1783557601\n|switch|p1a: Pawmot|Pawmot, L80, M|100/100\n|move|p2a: Golduck|Hydro Pump|p1a: Pawmot\n|-damage|p1a: Pawmot|0 fnt\n|faint|p1a: Pawmot\n|\n|upkeep\n|\n|t:|1783557602\n|switch|p1a: Dachsbun|Dachsbun, L92, M|100/100\n|turn|11\n|inactive|Time left: 300 sec this turn | 300 sec total\n|\n|t:|1783557602\n|move|p1a: Dachsbun|Play Rough|p2a: Golduck\n|-damage|p2a: Golduck|146/290\n|move|p2a: Golduck|Hydro Pump|p1a: Dachsbun\n|-damage|p1a: Dachsbun|27/100\n|\n|-heal|p1a: Dachsbun|33/100|[from] item: Leftovers\n|upkeep\n|turn|12\n|inactive|Time left: 300 sec this turn | 300 sec total\n|\n|t:|1783557603\n|move|p1a: Dachsbun|Protect|p1a: Dachsbun\n|-singleturn|p1a: Dachsbun|Protect\n|move|p2a: Golduck|Hydro Pump|p1a: Dachsbun\n|-activate|p1a: Dachsbun|move: Protect\n|\n|-heal|p1a: Dachsbun|39/100|[from] item: Leftovers\n|upkeep\n|turn|13\n|inactive|Time left: 300 sec this turn | 300 sec total\n|\n|t:|1783557604\n|move|p1a: Dachsbun|Protect||[still]\n|-fail|p1a: Dachsbun\n|move|p2a: Golduck|Hydro Pump|p1a: Dachsbun\n|-damage|p1a: Dachsbun|0 fnt\n|faint|p1a: Dachsbun\n|\n|upkeep\n|\n|t:|1783557605\n|switch|p1a: Bronzong|Bronzong, L88|48/100\n|turn|14\n|inactive|Time left: 300 sec this turn | 300 sec total\n|\n|t:|1783557606\n|-terastallize|p1a: Bronzong|Electric\n|move|p2a: Golduck|Hydro Pump|p1a: Bronzong\n|-damage|p1a: Bronzong|0 fnt\n|faint|p1a: Bronzong\n|\n|win|p0y1510415a", "uploadtime": 1783557606, "views": 0, "rating": 0, "private": 0, "password": null, "_winner": "p0y1510415a", "_our_name": "p0y1510415a"}