{"id": "battle-gen9randombattle-2246", "formatid": "gen9randombattle", "format": "[Gen 9] Random Battle", "players": ["p0x2246be31", "p0y22465c21"], "log": "|init|battle\n|title|p0x2246be31 vs. p0y22465c21\n|j|\u2606p0x2246be31\n|j|\u2606p0y22465c21\n|t:|1783565115\n|gametype|singles\n|player|p1|p0x2246be31|101|\n|player|p2|p0y22465c21|266|\n|gen|9\n|tier|[Gen 9] Random Battle\n|rule|Species Clause: Limit one of each Pok\u00e9mon\n|rule|HP Percentage Mod: HP is shown in percentages\n|rule|Sleep Clause Mod: Limit one foe put to sleep\n|rule|Illusion Level Mod: Illusion disguises the Pok\u00e9mon's true level\n|\n|t:|1783565115\n|teamsize|p1|6\n|teamsize|p2|6\n|start\n|switch|p1a: Arceus|Arceus-Water, L71|288/288\n|switch|p2a: Hippowdon|Hippowdon, L82, F|100/100\n|-weather|Sandstorm|[from] ability: Sand Stream|[of] p2a: Hippowdon\n|turn|1\n|inactive|Battle timer is ON: inactive players will automatically lose when time's up. (requested by p0x2246be31)\n|inactive|p0y22465c21 also wants the timer to be on.\n|\n|t:|1783565116\n|switch|p2a: Ninetales|Ninetales-Alola, L78, F|100/100\n|-weather|Snowscape|[from] ability: Snow Warning|[of] p2a: Ninetales\n|move|p1a: Arceus|Judgment|p2a: Ninetales\n|-damage|p2a: Ninetales|60/100\n|\n|-weather|Snowscape|[upkeep]\n|upkeep\n|turn|2\n|inactive|Time left: 300 sec this turn | 300 sec total\n|\n|t:|1783565117\n|move|p2a: Ninetales|Aurora Veil|p2a: Ninetales\n|-sidestart|p2: p0y22465c21|move: Aurora Veil\n|move|p1a: Arceus|Calm Mind|p1a: Arceus\n|-boost|p1a: Arceus|spa|1\n|-boost|p1a: Arceus|spd|1\n|\n|-weather|Snowscape|[upkeep]\n|upkeep\n|turn|3\n|inactive|Time left: 300 sec this turn | 300 sec total\n|\n|t:|1783565118\n|switch|p2a: Gouging Fire|Gouging Fire, L74|100/100\n|move|p1a: Arceus|Judgment|p2a: Gouging Fire\n|-damage|p2a: Gouging Fire|67/100\n|\n|-weather|Snowscape|[upkeep]\n|upkeep\n|turn|4\n|inactive|Time left: 300 sec this turn | 300 sec total\n|\n|t:|1783565119\n|move|p1a: Arceus|Judgment|p2a: Gouging Fire\n|-damage|p2a: Gouging Fire|33/100\n|move|p2a: Gouging Fire|Dragon Dance|p2a: Gouging Fire\n|-boost|p2a: Gouging Fire|atk|1\n|-boost|p2a: Gouging Fire|spe|1\n|\n|-weather|Snowscape|[upkeep]\n|upkeep\n|turn|5\n|inactive|Time left: 300 sec this turn | 300 sec total\n|\n|t:|1783565120\n|move|p2a: Gouging Fire|Outrage|p1a: Arceus\n|-damage|p1a: Arceus|129/288\n|move|p1a: Arceus|Judgment|p2a: Gouging Fire\n|-damage|p2a: Gouging Fire|4/100\n|\n|-weather|none\n|upkeep\n|turn|6\n|inactive|Time left: 300 sec this turn | 300 sec total\n|\n|t:|1783565121\n|-terastallize|p1a: Arceus|Steel\n|move|p2a: Gouging Fire|Outrage|p1a: Arceus|[from] lockedmove\n|-resisted|p1a: Arceus\n|-damage|p1a: Arceus|45/288\n|-start|p2a: Gouging Fire|confusion|[fatigue]\n|move|p1a: Arceus|Recover|p1a: Arceus\n|-heal|p1a: Arceus|189/288\n|\n|upkeep\n|turn|7\n|inactive|Time left: 300 sec this turn | 300 sec total\n|\n|t:|1783565122\n|-terastallize|p2a: Gouging Fire|Ground\n|-activate|p2a: Gouging Fire|confusion\n|move|p2a: Gouging Fire|Earthquake|p1a: Arceus\n|-supereffective|p1a: Arceus\n|-damage|p1a: Arceus|0 fnt\n|faint|p1a: Arceus\n|\n|upkeep\n|inactive|Time left: 300 sec this turn | 300 sec total | 5 sec grace\n|\n|t:|1783565123\n|switch|p1a: Quagsire|Quagsire, L84, M|297/297\n|turn|8\n|inactive|Time left: 300 sec this turn | 300 sec total\n|\n|t:|1783565124\n|-end|p2a: Gouging Fire|confusion\n|move|p2a: Gouging Fire|Outrage|p1a: Quagsire\n|-damage|p1a: Quagsire|191/297\n|move|p1a: Quagsire|Earthquake|p2a: Gouging Fire\n|-damage|p2a: Gouging Fire|0 fnt\n|faint|p2a: Gouging Fire\n|-end|p2a: Gouging Fire|Protosynthesis|[silent]\n|\n|-heal|p1a: Quagsire|209/297|[from] item: Leftovers\n|upkeep\n|\n|t:|1783565125\n|switch|p2a: Ninetales|Ninetales-Alola, L78, F|60/100\n|-weather|Snowscape|[from] ability: Snow Warning|[of] p2a: Ninetales\n|turn|9\n|inactive|Time left: 300 sec this turn | 300 sec total\n|\n|t:|1783565126\n|switch|p1a: Bisharp|Bisharp, L79, M|232/232\n|move|p2a: Ninetales|Freeze-Dry|p1a: Bisharp\n|-resisted|p1a: Bisharp\n|-damage|p1a: Bisharp|209/232\n|\n|-weather|Snowscape|[upkeep]\n|-sideend|p2: p0y22465c21|move: Aurora Veil\n|upkeep\n|turn|10\n|inactive|Time left: 300 sec this turn | 300 sec total\n|\n|t:|1783565127\n|move|p2a: Ninetales|Aurora Veil|p2a: Ninetales\n|-sidestart|p2: p0y22465c21|move: Aurora Veil\n|move|p1a: Bisharp|Iron Head|p2a: Ninetales\n|-supereffective|p2a: Ninetales\n|-damage|p2a: Ninetales|0 fnt\n|faint|p2a: Ninetales\n|\n|-weather|Snowscape|[upkeep]\n|upkeep\n|\n|t:|1783565128\n|switch|p2a: Manaphy|Manaphy, L78|100/100\n|turn|11\n|inactive|Time left: 300 sec this turn | 300 sec total\n|\n|t:|1783565129\n|move|p2a: Manaphy|Tail Glow|p2a: Manaphy\n|-boost|p2a: Manaphy|spa|3\n|move|p1a: Bisharp|Swords Dance|p1a: Bisharp\n|-boost|p1a: Bisharp|atk|2\n|\n|-weather|Snowscape|[upkeep]\n|upkeep\n|turn|12\n|inactive|Time left: 300 sec this turn | 300 sec total\n|\n|t:|1783565130\n|switch|p1a: Snorlax|Snorlax, L82, M|397/397\n|move|p2a: Manaphy|Hydro Pump|p1a: Snorlax\n|-damage|p1a: Snorlax|181/397\n|\n|-weather|Snowscape|[upkeep]\n|-heal|p1a: Snorlax|205/397|[from] item: Leftovers\n|upkeep\n|turn|13\n|inactive|Time left: 300 sec this turn | 300 sec total\n|\n|t:|1783565131\n|switch|p1a: Quagsire|Quagsire, L84, M|209/297\n|move|p2a: Manaphy|Hydro Pump|p1a: Quagsire|[miss]\n|-miss|p2a: Manaphy|p1a: Quagsire\n|\n|-weather|none\n|-heal|p1a: Quagsire|227/297|[from] item: Leftovers\n|upkeep\n|turn|14\n|inactive|Time left: 300 sec this turn | 300 sec total\n|\n|t:|1783565132\n|switch|p1a: Bisharp|Bisharp, L79, M|209/232\n|move|p2a: Manaphy|Energy Ball|p1a: Bisharp\n|-resisted|p1a: Bisharp\n|-damage|p1a: Bisharp|152/232\n|\n|upkeep\n|turn|15\n|inactive|Time left: 300 sec this turn | 300 sec total\n|\n|t:|1783565133\n|switch|p1a: Quagsire|Quagsire, L84, M|227/297\n|move|p2a: Manaphy|Hydro Pump|p1a: Quagsire\n|-damage|p1a: Quagsire|91/297\n|\n|-heal|p1a: Quagsire|109/297|[from] item: Leftovers\n|upkeep\n|turn|16\n|inactive|Time left: 300 sec this turn | 300 sec total\n|\n|t:|1783565134\n|move|p2a: Manaphy|Hydro Pump|p1a: Quagsire\n|-damage|p1a: Quagsire|0 fnt\n|faint|p1a: Quagsire\n|\n|upkeep\n|inactive|Time left: 300 sec this turn | 300 sec total | 5 sec grace\n|\n|t:|1783565135\n|switch|p1a: Snorlax|Snorlax, L82, M|205/397\n|turn|17\n|inactive|Time left: 300 sec this turn | 300 sec total\n|\n|t:|1783565136\n|move|p2a: Manaphy|Hydro Pump|p1a: Snorlax\n|-damage|p1a: Snorlax|0 fnt\n|faint|p1a: Snorlax\n|\n|-sideend|p2: p0y22465c21|move: Aurora Veil\n|upkeep\n|inactive|Time left: 300 sec this turn | 300 sec total | 5 sec grace\n|\n|t:|1783565137\n|switch|p1a: Spectrier|Spectrier, L75|274/274\n|turn|18\n|inactive|Time left: 300 sec this turn | 300 sec total\n|\n|t:|1783565138\n|move|p1a: Spectrier|Shadow Ball|p2a: Manaphy\n|-damage|p2a: Manaphy|55/100\n|-damage|p1a: Spectrier|247/274|[from] item: Life Orb\n|move|p2a: Manaphy|Hydro Pump|p1a: Spectrier|[miss]\n|-miss|p2a: Manaphy|p1a: Spectrier\n|\n|-heal|p2a: Manaphy|61/100|[from] item: Leftovers\n|upkeep\n|turn|19\n|inactive|Time left: 300 sec this turn | 300 sec total\n|\n|t:|1783565140\n|move|p1a: Spectrier|Shadow Ball|p2a: Manaphy\n|-damage|p2a: Manaphy|16/100\n|-unboost|p2a: Manaphy|spd|1\n|-damage|p1a: Spectrier|220/274|[from] item: Life Orb\n|move|p2a: Manaphy|Hydro Pump|p1a: Spectrier\n|-damage|p1a: Spectrier|0 fnt\n|faint|p1a: Spectrier\n|\n|-heal|p2a: Manaphy|22/100|[from] item: Leftovers\n|upkeep\n|inactive|Time left: 300 sec this turn | 300 sec total | 5 sec grace\n|\n|t:|1783565140\n|switch|p1a: Bisharp|Bisharp, L79, M|152/232\n|turn|20\n|inactive|Time left: 300 sec this turn | 300 sec total\n|\n|t:|1783565141\n|move|p1a: Bisharp|Sucker Punch|p2a: Manaphy\n|-damage|p2a: Manaphy|0 fnt\n|faint|p2a: Manaphy\n|\n|upkeep\n|\n|t:|1783565142\n|switch|p2a: Hippowdon|Hippowdon, L82, F|100/100\n|-weather|Sandstorm|[from] ability: Sand Stream|[of] p2a: Hippowdon\n|turn|21\n|inactive|Time left: 300 sec this turn | 300 sec total\n|\n|t:|1783565143\n|move|p1a: Bisharp|Iron Head|p2a: Hippowdon\n|-damage|p2a: Hippowdon|75/100\n|move|p2a: Hippowdon|Earthquake|p1a: Bisharp\n|-supereffective|p1a: Bisharp\n|-damage|p1a: Bisharp|2/232\n|\n|-weather|Sandstorm|[upkeep]\n|-heal|p2a: Hippowdon|82/100|[from] item: Leftovers\n|upkeep\n|turn|22\n|inactive|Time left: 300 sec this turn | 300 sec total\n|\n|t:|1783565144\n|move|p1a: Bisharp|Iron Head|p2a: Hippowdon\n|-damage|p2a: Hippowdon|57/100\n|move|p2a: Hippowdon|Earthquake|p1a: Bisharp\n|-supereffective|p1a: Bisharp\n|-damage|p1a: Bisharp|0 fnt\n|faint|p1a: Bisharp\n|\n|-weather|Sandstorm|[upkeep]\n|-heal|p2a: Hippowdon|63/100|[from] item: Leftovers\n|upkeep\n|inactive|Time left: 300 sec this turn | 300 sec total | 5 sec grace\n|\n|t:|1783565145\n|switch|p1a: Glimmora|Glimmora, L75, M|248/248\n|turn|23\n|inactive|Time left: 300 sec this turn | 300 sec total\n|\n|t:|1783565145\n|move|p1a: Glimmora|Mortal Spin|p2a: Hippowdon\n|-resisted|p2a: Hippowdon\n|-damage|p2a: Hippowdon|61/100\n|-status|p2a: Hippowdon|psn\n|move|p2a: Hippowdon|Earthquake|p1a: Glimmora\n|-supereffective|p1a: Glimmora\n|-damage|p1a: Glimmora|0 fnt\n|-activate|p1a: Glimmora|ability: Toxic Debris\n|-sidestart|p2: p0y22465c21|move: Toxic Spikes\n|faint|p1a: Glimmora\n|\n|win|p0y22465c21", "uploadtime": 1783565145, "views": 0, "rating": 0, "private": 0, "password": null, "_winner": "p0y22465c21", "_our_name": "p0x2246be31"}