{"id": "battle-gen9randombattle-3000", "formatid": "gen9randombattle", "format": "[Gen 9] Random Battle", "players": ["p0x30000813", "p0y30006c7b"], "log": "|init|battle\n|title|p0x30000813 vs. p0y30006c7b\n|j|\u2606p0x30000813\n|j|\u2606p0y30006c7b\n|t:|1783573528\n|gametype|singles\n|player|p1|p0x30000813|1|\n|player|p2|p0y30006c7b|170|\n|gen|9\n|tier|[Gen 9] Random Battle\n|rule|Species Clause: Limit one of each Pok\u00e9mon\n|rule|HP Percentage Mod: HP is shown in percentages\n|rule|Sleep Clause Mod: Limit one foe put to sleep\n|rule|Illusion Level Mod: Illusion disguises the Pok\u00e9mon's true level\n|\n|t:|1783573528\n|teamsize|p1|6\n|teamsize|p2|6\n|start\n|switch|p1a: Bastiodon|Bastiodon, L89, M|100/100\n|switch|p2a: Camerupt|Camerupt, L91, F|275/275\n|turn|1\n|inactive|Battle timer is ON: inactive players will automatically lose when time's up. (requested by p0y30006c7b)\n|inactive|p0x30000813 also wants the timer to be on.\n|\n|t:|1783573530\n|switch|p1a: Abomasnow|Abomasnow, L84, M|100/100\n|-weather|Snowscape|[from] ability: Snow Warning|[of] p1a: Abomasnow\n|move|p2a: Camerupt|Stealth Rock|p1a: Abomasnow\n|-sidestart|p1: p0x30000813|move: Stealth Rock\n|\n|-weather|Snowscape|[upkeep]\n|upkeep\n|turn|2\n|inactive|Time left: 300 sec this turn | 300 sec total\n|\n|t:|1783573531\n|move|p1a: Abomasnow|Aurora Veil|p1a: Abomasnow\n|-sidestart|p1: p0x30000813|move: Aurora Veil\n|move|p2a: Camerupt|Overheat|p1a: Abomasnow\n|-supereffective|p1a: Abomasnow\n|-damage|p1a: Abomasnow|0 fnt\n|-unboost|p2a: Camerupt|spa|2\n|faint|p1a: Abomasnow\n|\n|-weather|Snowscape|[upkeep]\n|upkeep\n|\n|t:|1783573532\n|switch|p1a: Hitmonchan|Hitmonchan, L87, M|100/100\n|-damage|p1a: Hitmonchan|94/100|[from] Stealth Rock\n|turn|3\n|inactive|Time left: 300 sec this turn | 300 sec total\n|\n|t:|1783573533\n|switch|p2a: Gliscor|Gliscor, L76, M|239/239\n|move|p1a: Hitmonchan|Rapid Spin|p2a: Gliscor\n|-damage|p2a: Gliscor|208/239\n|-boost|p1a: Hitmonchan|spe|1\n|-sideend|p1: p0x30000813|Stealth Rock|[from] move: Rapid Spin|[of] p1a: Hitmonchan\n|\n|-weather|Snowscape|[upkeep]\n|-status|p2a: Gliscor|tox|[from] item: Toxic Orb\n|upkeep\n|turn|4\n|inactive|Time left: 300 sec this turn | 300 sec total\n|\n|t:|1783573534\n|move|p1a: Hitmonchan|Rapid Spin|p2a: Gliscor\n|-damage|p2a: Gliscor|172/239 tox\n|-boost|p1a: Hitmonchan|spe|1\n|move|p2a: Gliscor|Toxic|p1a: Hitmonchan\n|-status|p1a: Hitmonchan|tox\n|\n|-weather|Snowscape|[upkeep]\n|-damage|p1a: Hitmonchan|88/100 tox|[from] psn\n|-heal|p2a: Gliscor|201/239 tox|[from] ability: Poison Heal\n|upkeep\n|turn|5\n|inactive|Time left: 300 sec this turn | 300 sec total\n|\n|t:|1783573535\n|move|p1a: Hitmonchan|Rapid Spin|p2a: Gliscor\n|-damage|p2a: Gliscor|169/239 tox\n|-boost|p1a: Hitmonchan|spe|1\n|move|p2a: Gliscor|Earthquake|p1a: Hitmonchan\n|-damage|p1a: Hitmonchan|68/100 tox\n|\n|-weather|none\n|-damage|p1a: Hitmonchan|56/100 tox|[from] psn\n|-heal|p2a: Gliscor|198/239 tox|[from] ability: Poison Heal\n|upkeep\n|turn|6\n|inactive|Time left: 300 sec this turn | 300 sec total\n|\n|t:|1783573536\n|move|p1a: Hitmonchan|Knock Off|p2a: Gliscor\n|-damage|p2a: Gliscor|130/239 tox\n|-enditem|p2a: Gliscor|Toxic Orb|[from] move: Knock Off|[of] p1a: Hitmonchan\n|move|p2a: Gliscor|Earthquake|p1a: Hitmonchan\n|-damage|p1a: Hitmonchan|35/100 tox\n|\n|-damage|p1a: Hitmonchan|16/100 tox|[from] psn\n|-heal|p2a: Gliscor|159/239 tox|[from] ability: Poison Heal\n|upkeep\n|turn|7\n|inactive|Time left: 300 sec this turn | 300 sec total\n|\n|t:|1783573537\n|move|p1a: Hitmonchan|Poison Jab|p2a: Gliscor\n|-resisted|p2a: Gliscor\n|-damage|p2a: Gliscor|133/239 tox\n|move|p2a: Gliscor|Toxic|p1a: Hitmonchan\n|-fail|p1a: Hitmonchan|tox\n|\n|-damage|p1a: Hitmonchan|0 fnt|[from] psn\n|faint|p1a: Hitmonchan\n|-heal|p2a: Gliscor|162/239 tox|[from] ability: Poison Heal\n|upkeep\n|\n|t:|1783573538\n|switch|p1a: Ambipom|Ambipom, L84, F|100/100\n|turn|8\n|inactive|Time left: 300 sec this turn | 300 sec total\n|\n|t:|1783573539\n|move|p2a: Gliscor|Protect|p2a: Gliscor\n|-singleturn|p2a: Gliscor|Protect\n|move|p1a: Ambipom|Triple Axel|p2a: Gliscor\n|-activate|p2a: Gliscor|move: Protect\n|\n|-heal|p2a: Gliscor|191/239 tox|[from] ability: Poison Heal\n|upkeep\n|turn|9\n|inactive|Time left: 300 sec this turn | 300 sec total\n|\n|t:|1783573540\n|switch|p2a: Eiscue|Eiscue, L88, M|274/274\n|move|p1a: Ambipom|Triple Axel|p2a: Eiscue|[miss]\n|-miss|p1a: Ambipom|p2a: Eiscue\n|\n|-sideend|p1: p0x30000813|move: Aurora Veil\n|upkeep\n|turn|10\n|inactive|Time left: 300 sec this turn | 300 sec total\n|\n|t:|1783573541\n|move|p1a: Ambipom|Triple Axel|p2a: Eiscue\n|-activate|p2a: Eiscue|ability: Ice Face\n|-damage|p2a: Eiscue|274/274\n|detailschange|p2a: Eiscue|Eiscue-Noice, L88, M\n|-resisted|p2a: Eiscue\n|-damage|p2a: Eiscue|238/274\n|-resisted|p2a: Eiscue\n|-damage|p2a: Eiscue|187/274\n|-hitcount|p2a: Eiscue|3\n|move|p2a: Eiscue|Belly Drum|p2a: Eiscue\n|-damage|p2a: Eiscue|50/274\n|-setboost|p2a: Eiscue|atk|6|[from] move: Belly Drum\n|-enditem|p2a: Eiscue|Sitrus Berry|[eat]\n|-heal|p2a: Eiscue|118/274|[from] item: Sitrus Berry\n|\n|upkeep\n|turn|11\n|inactive|Time left: 300 sec this turn | 300 sec total\n|\n|t:|1783573542\n|switch|p1a: Bellibolt|Bellibolt, L84, M|100/100\n|move|p2a: Eiscue|Liquidation|p1a: Bellibolt\n|-damage|p1a: Bellibolt|32/100\n|-start|p1a: Bellibolt|Charge|Liquidation|[from] ability: Electromorphosis\n|\n|-heal|p1a: Bellibolt|38/100|[from] item: Leftovers\n|upkeep\n|turn|12\n|inactive|Time left: 300 sec this turn | 300 sec total\n|\n|t:|1783573543\n|switch|p1a: Bastiodon|Bastiodon, L89, M|100/100\n|move|p2a: Eiscue|Ice Spinner|p1a: Bastiodon\n|-resisted|p1a: Bastiodon\n|-damage|p1a: Bastiodon|68/100\n|\n|upkeep\n|turn|13\n|inactive|Time left: 300 sec this turn | 300 sec total\n|\n|t:|1783573544\n|-terastallize|p2a: Eiscue|Water\n|-terastallize|p1a: Bastiodon|Fighting\n|move|p2a: Eiscue|Liquidation|p1a: Bastiodon\n|-crit|p1a: Bastiodon\n|-damage|p1a: Bastiodon|0 fnt\n|faint|p1a: Bastiodon\n|\n|upkeep\n|\n|t:|1783573544\n|switch|p1a: Bellibolt|Bellibolt, L84, M|38/100\n|turn|14\n|inactive|Time left: 300 sec this turn | 300 sec total\n|\n|t:|1783573545\n|move|p2a: Eiscue|Ice Spinner|p1a: Bellibolt\n|-damage|p1a: Bellibolt|0 fnt\n|faint|p1a: Bellibolt\n|\n|upkeep\n|\n|t:|1783573546\n|switch|p1a: Banette|Banette, L93, M|100/100\n|turn|15\n|inactive|Time left: 300 sec this turn | 300 sec total\n|\n|t:|1783573547\n|move|p1a: Banette|Shadow Sneak|p2a: Eiscue\n|-damage|p2a: Eiscue|32/274\n|-damage|p1a: Banette|90/100|[from] item: Life Orb\n|move|p2a: Eiscue|Liquidation|p1a: Banette\n|-damage|p1a: Banette|0 fnt\n|faint|p1a: Banette\n|\n|upkeep\n|\n|t:|1783573548\n|switch|p1a: Ambipom|Ambipom, L84, F|100/100\n|turn|16\n|inactive|Time left: 300 sec this turn | 300 sec total\n|\n|t:|1783573549\n|move|p2a: Eiscue|Ice Spinner|p1a: Ambipom\n|-damage|p1a: Ambipom|0 fnt\n|faint|p1a: Ambipom\n|\n|win|p0y30006c7b", "uploadtime": 1783573549, "views": 0, "rating": 0, "private": 0, "password": null, "_winner": "p0y30006c7b", "_our_name": "p0y30006c7b"}