{"id": "battle-gen9randombattle-1523", "formatid": "gen9randombattle", "format": "[Gen 9] Random Battle", "players": ["p0x1523b701", "p0y1523b53f"], "log": "|init|battle\n|title|p0x1523b701 vs. p0y1523b53f\n|j|\u2606p0x1523b701\n|j|\u2606p0y1523b53f\n|t:|1783557718\n|gametype|singles\n|player|p1|p0x1523b701|265|\n|player|p2|p0y1523b53f|170|\n|gen|9\n|tier|[Gen 9] Random Battle\n|rule|Species Clause: Limit one of each Pok\u00e9mon\n|rule|HP Percentage Mod: HP is shown in percentages\n|rule|Sleep Clause Mod: Limit one foe put to sleep\n|rule|Illusion Level Mod: Illusion disguises the Pok\u00e9mon's true level\n|\n|t:|1783557718\n|teamsize|p1|6\n|teamsize|p2|6\n|start\n|switch|p1a: Squawkabilly|Squawkabilly-White, L89, M|100/100\n|switch|p2a: Muk|Muk-Alola, L82, M|306/306\n|turn|1\n|inactive|Battle timer is ON: inactive players will automatically lose when time's up. (requested by p0y1523b53f)\n|inactive|p0x1523b701 also wants the timer to be on.\n|\n|t:|1783557719\n|move|p1a: Squawkabilly|Double-Edge|p2a: Muk\n|-damage|p2a: Muk|0 fnt\n|faint|p2a: Muk\n|-damage|p1a: Squawkabilly|66/100|[from] Recoil\n|\n|upkeep\n|inactive|Time left: 300 sec this turn | 300 sec total | 65 sec grace\n|\n|t:|1783557720\n|switch|p2a: Inteleon|Inteleon, L81, M|246/246\n|turn|2\n|inactive|Time left: 300 sec this turn | 300 sec total\n|\n|t:|1783557722\n|switch|p1a: Tsareena|Tsareena, L87, F|100/100\n|move|p2a: Inteleon|Scald|p1a: Tsareena\n|-resisted|p1a: Tsareena\n|-damage|p1a: Tsareena|75/100\n|\n|upkeep\n|turn|3\n|inactive|Time left: 300 sec this turn | 300 sec total\n|\n|t:|1783557723\n|move|p2a: Inteleon|Scald|p1a: Tsareena\n|-resisted|p1a: Tsareena\n|-damage|p1a: Tsareena|51/100\n|move|p1a: Tsareena|Power Whip|p2a: Inteleon\n|-supereffective|p2a: Inteleon\n|-damage|p2a: Inteleon|0 fnt\n|faint|p2a: Inteleon\n|\n|upkeep\n|inactive|Time left: 300 sec this turn | 300 sec total | 5 sec grace\n|\n|t:|1783557724\n|switch|p2a: Noivern|Noivern, L82, F|274/274\n|turn|4\n|inactive|Time left: 300 sec this turn | 300 sec total\n|\n|t:|1783557725\n|switch|p1a: Regirock|Regirock, L83|100/100\n|move|p2a: Noivern|Hurricane|p1a: Regirock\n|-resisted|p1a: Regirock\n|-damage|p1a: Regirock|71/100\n|-start|p1a: Regirock|confusion\n|\n|-heal|p1a: Regirock|77/100|[from] item: Leftovers\n|upkeep\n|turn|5\n|inactive|Time left: 300 sec this turn | 300 sec total\n|\n|t:|1783557726\n|move|p2a: Noivern|Hurricane|p1a: Regirock\n|-resisted|p1a: Regirock\n|-damage|p1a: Regirock|47/100\n|-activate|p1a: Regirock|confusion\n|-damage|p1a: Regirock|42/100|[from] confusion\n|\n|-heal|p1a: Regirock|48/100|[from] item: Leftovers\n|upkeep\n|turn|6\n|inactive|Time left: 300 sec this turn | 300 sec total\n|\n|t:|1783557728\n|move|p2a: Noivern|Hurricane|p1a: Regirock\n|-resisted|p1a: Regirock\n|-damage|p1a: Regirock|21/100\n|-activate|p1a: Regirock|confusion\n|-damage|p1a: Regirock|15/100|[from] confusion\n|\n|-heal|p1a: Regirock|21/100|[from] item: Leftovers\n|upkeep\n|turn|7\n|inactive|Time left: 300 sec this turn | 300 sec total\n|\n|t:|1783557729\n|move|p2a: Noivern|Hurricane|p1a: Regirock|[miss]\n|-miss|p2a: Noivern|p1a: Regirock\n|-activate|p1a: Regirock|confusion\n|move|p1a: Regirock|Stone Edge|p2a: Noivern|[miss]\n|-miss|p1a: Regirock|p2a: Noivern\n|\n|-heal|p1a: Regirock|27/100|[from] item: Leftovers\n|upkeep\n|turn|8\n|inactive|Time left: 300 sec this turn | 300 sec total\n|\n|t:|1783557730\n|move|p2a: Noivern|Hurricane|p1a: Regirock|[miss]\n|-miss|p2a: Noivern|p1a: Regirock\n|-end|p1a: Regirock|confusion\n|move|p1a: Regirock|Stone Edge|p2a: Noivern|[miss]\n|-miss|p1a: Regirock|p2a: Noivern\n|\n|-heal|p1a: Regirock|33/100|[from] item: Leftovers\n|upkeep\n|turn|9\n|inactive|Time left: 300 sec this turn | 300 sec total\n|\n|t:|1783557731\n|move|p2a: Noivern|Hurricane|p1a: Regirock\n|-resisted|p1a: Regirock\n|-damage|p1a: Regirock|4/100\n|move|p1a: Regirock|Stone Edge|p2a: Noivern\n|-supereffective|p2a: Noivern\n|-damage|p2a: Noivern|34/274\n|\n|-heal|p1a: Regirock|10/100|[from] item: Leftovers\n|upkeep\n|turn|10\n|inactive|Time left: 300 sec this turn | 300 sec total\n|\n|t:|1783557732\n|switch|p1a: Magcargo|Magcargo, L95, F|100/100\n|move|p2a: Noivern|Hurricane|p1a: Magcargo|[miss]\n|-miss|p2a: Noivern|p1a: Magcargo\n|\n|upkeep\n|turn|11\n|inactive|Time left: 300 sec this turn | 300 sec total\n|\n|t:|1783557733\n|move|p2a: Noivern|Hurricane|p1a: Magcargo\n|-resisted|p1a: Magcargo\n|-damage|p1a: Magcargo|72/100\n|move|p1a: Magcargo|Lava Plume|p2a: Noivern\n|-resisted|p2a: Noivern\n|-damage|p2a: Noivern|0 fnt\n|faint|p2a: Noivern\n|\n|upkeep\n|inactive|Time left: 300 sec this turn | 300 sec total | 5 sec grace\n|\n|t:|1783557734\n|switch|p2a: Dunsparce|Dunsparce, L86, M|312/312\n|turn|12\n|inactive|Time left: 300 sec this turn | 300 sec total\n|\n|t:|1783557735\n|move|p2a: Dunsparce|Coil|p2a: Dunsparce\n|-boost|p2a: Dunsparce|atk|1\n|-boost|p2a: Dunsparce|def|1\n|-boost|p2a: Dunsparce|accuracy|1\n|move|p1a: Magcargo|Lava Plume|p2a: Dunsparce\n|-damage|p2a: Dunsparce|224/312\n|\n|upkeep\n|turn|13\n|inactive|Time left: 300 sec this turn | 300 sec total\n|\n|t:|1783557736\n|switch|p1a: Tsareena|Tsareena, L87, F|51/100\n|move|p2a: Dunsparce|Earthquake|p1a: Tsareena\n|-resisted|p1a: Tsareena\n|-damage|p1a: Tsareena|37/100\n|\n|upkeep\n|turn|14\n|inactive|Time left: 300 sec this turn | 300 sec total\n|\n|t:|1783557737\n|move|p1a: Tsareena|Synthesis|p1a: Tsareena\n|-heal|p1a: Tsareena|87/100\n|move|p2a: Dunsparce|Coil|p2a: Dunsparce\n|-boost|p2a: Dunsparce|atk|1\n|-boost|p2a: Dunsparce|def|1\n|-boost|p2a: Dunsparce|accuracy|1\n|\n|upkeep\n|turn|15\n|inactive|Time left: 300 sec this turn | 300 sec total\n|\n|t:|1783557738\n|switch|p1a: Magcargo|Magcargo, L95, F|72/100\n|move|p2a: Dunsparce|Body Slam|p1a: Magcargo\n|-resisted|p1a: Magcargo\n|-damage|p1a: Magcargo|53/100\n|-status|p2a: Dunsparce|brn|[from] ability: Flame Body|[of] p1a: Magcargo\n|\n|-damage|p2a: Dunsparce|205/312 brn|[from] brn\n|upkeep\n|turn|16\n|inactive|Time left: 300 sec this turn | 300 sec total\n|\n|t:|1783557740\n|switch|p1a: Regirock|Regirock, L83|10/100\n|move|p2a: Dunsparce|Earthquake|p1a: Regirock\n|-supereffective|p1a: Regirock\n|-damage|p1a: Regirock|0 fnt\n|faint|p1a: Regirock\n|\n|-damage|p2a: Dunsparce|186/312 brn|[from] brn\n|upkeep\n|\n|t:|1783557740\n|switch|p1a: Chi-Yu|Chi-Yu, L77|100/100\n|-ability|p1a: Chi-Yu|Beads of Ruin\n|turn|17\n|inactive|Time left: 300 sec this turn | 300 sec total\n|\n|t:|1783557741\n|-terastallize|p1a: Chi-Yu|Fire\n|move|p1a: Chi-Yu|Fire Blast|p2a: Dunsparce\n|-damage|p2a: Dunsparce|12/312 brn\n|move|p2a: Dunsparce|Body Slam|p1a: Chi-Yu\n|-damage|p1a: Chi-Yu|63/100\n|-status|p1a: Chi-Yu|par\n|\n|-damage|p2a: Dunsparce|0 fnt|[from] brn\n|faint|p2a: Dunsparce\n|upkeep\n|inactive|Time left: 300 sec this turn | 300 sec total | 5 sec grace\n|\n|t:|1783557742\n|switch|p2a: Squawkabilly|Squawkabilly-Blue, L85, M|278/278\n|turn|18\n|inactive|Time left: 300 sec this turn | 300 sec total\n|\n|t:|1783557743\n|move|p2a: Squawkabilly|Brave Bird|p1a: Chi-Yu\n|-damage|p1a: Chi-Yu|0 fnt\n|faint|p1a: Chi-Yu\n|-damage|p2a: Squawkabilly|235/278|[from] Recoil\n|\n|-status|p2a: Squawkabilly|brn|[from] item: Flame Orb\n|upkeep\n|\n|t:|1783557744\n|switch|p1a: Squawkabilly|Squawkabilly-White, L89, M|66/100\n|turn|19\n|inactive|Time left: 300 sec this turn | 300 sec total\n|\n|t:|1783557745\n|move|p1a: Squawkabilly|Brave Bird|p2a: Squawkabilly\n|-damage|p2a: Squawkabilly|0 fnt\n|faint|p2a: Squawkabilly\n|-damage|p1a: Squawkabilly|39/100|[from] Recoil\n|\n|upkeep\n|inactive|Time left: 300 sec this turn | 300 sec total | 5 sec grace\n|\n|t:|1783557746\n|switch|p2a: Leavanny|Leavanny, L86, F|269/269\n|turn|20\n|inactive|Time left: 300 sec this turn | 300 sec total\n|\n|t:|1783557747\n|-terastallize|p2a: Leavanny|Ghost\n|move|p1a: Squawkabilly|Brave Bird|p2a: Leavanny\n|-damage|p2a: Leavanny|0 fnt\n|faint|p2a: Leavanny\n|-damage|p1a: Squawkabilly|8/100|[from] Recoil\n|\n|win|p0x1523b701", "uploadtime": 1783557747, "views": 0, "rating": 0, "private": 0, "password": null, "_winner": "p0x1523b701", "_our_name": "p0y1523b53f"}