{"id": "battle-gen9randombattle-1511", "formatid": "gen9randombattle", "format": "[Gen 9] Random Battle", "players": ["p0x15113f5e", "p0y1511f324"], "log": "|init|battle\n|title|p0x15113f5e vs. p0y1511f324\n|j|\u2606p0x15113f5e\n|j|\u2606p0y1511f324\n|t:|1783556668\n|gametype|singles\n|player|p1|p0x15113f5e|1|\n|player|p2|p0y1511f324|2|\n|gen|9\n|tier|[Gen 9] Random Battle\n|rule|Species Clause: Limit one of each Pok\u00e9mon\n|rule|HP Percentage Mod: HP is shown in percentages\n|rule|Sleep Clause Mod: Limit one foe put to sleep\n|rule|Illusion Level Mod: Illusion disguises the Pok\u00e9mon's true level\n|\n|t:|1783556669\n|teamsize|p1|6\n|teamsize|p2|6\n|start\n|switch|p1a: Maushold|Maushold, L76|238/238\n|switch|p2a: Florges|Florges, L85, F|100/100\n|turn|1\n|inactive|Battle timer is ON: inactive players will automatically lose when time's up. (requested by p0x15113f5e)\n|inactive|p0y1511f324 also wants the timer to be on.\n|\n|t:|1783556670\n|move|p1a: Maushold|Population Bomb|p2a: Florges\n|-damage|p2a: Florges|91/100\n|-damage|p2a: Florges|81/100\n|-damage|p2a: Florges|70/100\n|-crit|p2a: Florges\n|-damage|p2a: Florges|54/100\n|-damage|p2a: Florges|45/100\n|-damage|p2a: Florges|36/100\n|-damage|p2a: Florges|26/100\n|-damage|p2a: Florges|15/100\n|-damage|p2a: Florges|5/100\n|-damage|p2a: Florges|0 fnt\n|faint|p2a: Florges\n|-hitcount|p2: Florges|10\n|\n|upkeep\n|\n|t:|1783556671\n|switch|p2a: Furret|Furret, L94, M|100/100\n|-item|p1a: Maushold|Wide Lens|[from] ability: Frisk|[of] p2a: Furret\n|turn|2\n|inactive|Time left: 300 sec this turn | 300 sec total\n|\n|t:|1783556672\n|move|p2a: Furret|Double-Edge|p1a: Maushold\n|-damage|p1a: Maushold|0 fnt\n|faint|p1a: Maushold\n|-damage|p2a: Furret|75/100|[from] Recoil\n|\n|upkeep\n|inactive|Time left: 300 sec this turn | 300 sec total | 5 sec grace\n|\n|t:|1783556673\n|switch|p1a: Dragapult|Dragapult, L77, F|262/262\n|turn|3\n|inactive|Time left: 300 sec this turn | 300 sec total\n|\n|t:|1783556674\n|switch|p2a: Espathra|Espathra, L80, F|100/100\n|move|p1a: Dragapult|Dragon Dance|p1a: Dragapult\n|-boost|p1a: Dragapult|atk|1\n|-boost|p1a: Dragapult|spe|1\n|\n|upkeep\n|turn|4\n|inactive|Time left: 300 sec this turn | 300 sec total\n|\n|t:|1783556675\n|-terastallize|p1a: Dragapult|Ghost\n|-terastallize|p2a: Espathra|Fairy\n|move|p1a: Dragapult|Tera Blast|p2a: Espathra|[anim] Tera Blast Ghost\n|-damage|p2a: Espathra|0 fnt\n|faint|p2a: Espathra\n|-damage|p1a: Dragapult|236/262|[from] item: Life Orb\n|\n|upkeep\n|\n|t:|1783556676\n|switch|p2a: Cacturne|Cacturne, L92, F|100/100\n|turn|5\n|inactive|Time left: 300 sec this turn | 300 sec total\n|\n|t:|1783556676\n|move|p1a: Dragapult|Dragon Darts|p2a: Cacturne\n|-damage|p2a: Cacturne|59/100\n|-anim|p1a: Dragapult|Dragon Darts|p2a: Cacturne\n|-damage|p2a: Cacturne|12/100\n|-damage|p1a: Dragapult|210/262|[from] item: Life Orb\n|move|p2a: Cacturne|Knock Off|p1a: Dragapult\n|-supereffective|p1a: Dragapult\n|-damage|p1a: Dragapult|0 fnt\n|-enditem|p1a: Dragapult|Life Orb|[from] move: Knock Off|[of] p2a: Cacturne\n|faint|p1a: Dragapult\n|-damage|p2a: Cacturne|2/100|[from] item: Life Orb\n|\n|upkeep\n|inactive|Time left: 300 sec this turn | 300 sec total | 5 sec grace\n|\n|t:|1783556677\n|switch|p1a: Toedscruel|Toedscruel, L87, F|281/281\n|turn|6\n|inactive|Time left: 300 sec this turn | 300 sec total\n|\n|t:|1783556678\n|move|p2a: Cacturne|Sucker Punch|p1a: Toedscruel\n|-damage|p1a: Toedscruel|124/281\n|-damage|p2a: Cacturne|0 fnt|[from] item: Life Orb\n|faint|p2a: Cacturne\n|move|p1a: Toedscruel|Earth Power|p2: Cacturne|[notarget]\n|-fail|p1a: Toedscruel\n|\n|-heal|p1a: Toedscruel|141/281|[from] item: Leftovers\n|upkeep\n|\n|t:|1783556679\n|switch|p2a: Passimian|Passimian, L83, F|100/100\n|turn|7\n|inactive|Time left: 300 sec this turn | 300 sec total\n|\n|t:|1783556680\n|move|p2a: Passimian|Bulk Up|p2a: Passimian\n|-boost|p2a: Passimian|atk|1\n|-boost|p2a: Passimian|def|1\n|move|p1a: Toedscruel|Spore|p2a: Passimian\n|-status|p2a: Passimian|slp|[from] move: Spore\n|\n|-heal|p1a: Toedscruel|158/281|[from] item: Leftovers\n|upkeep\n|turn|8\n|inactive|Time left: 300 sec this turn | 300 sec total\n|\n|t:|1783556681\n|move|p1a: Toedscruel|Giga Drain|p2a: Passimian\n|-damage|p2a: Passimian|68/100 slp\n|-heal|p1a: Toedscruel|208/281|[from] drain|[of] p2a: Passimian\n|cant|p2a: Passimian|slp\n|\n|-heal|p1a: Toedscruel|225/281|[from] item: Leftovers\n|-heal|p2a: Passimian|74/100 slp|[from] item: Leftovers\n|upkeep\n|turn|9\n|inactive|Time left: 300 sec this turn | 300 sec total\n|\n|t:|1783556682\n|move|p1a: Toedscruel|Earth Power|p2a: Passimian\n|-damage|p2a: Passimian|38/100 slp\n|cant|p2a: Passimian|slp\n|\n|-heal|p1a: Toedscruel|242/281|[from] item: Leftovers\n|-heal|p2a: Passimian|44/100 slp|[from] item: Leftovers\n|upkeep\n|turn|10\n|inactive|Time left: 300 sec this turn | 300 sec total\n|\n|t:|1783556683\n|move|p1a: Toedscruel|Giga Drain|p2a: Passimian\n|-damage|p2a: Passimian|12/100 slp\n|-heal|p1a: Toedscruel|281/281|[from] drain|[of] p2a: Passimian\n|cant|p2a: Passimian|slp\n|\n|-heal|p2a: Passimian|18/100 slp|[from] item: Leftovers\n|upkeep\n|turn|11\n|inactive|Time left: 300 sec this turn | 300 sec total\n|\n|t:|1783556685\n|move|p1a: Toedscruel|Earth Power|p2a: Passimian\n|-damage|p2a: Passimian|0 fnt\n|faint|p2a: Passimian\n|\n|upkeep\n|\n|t:|1783556686\n|switch|p2a: Furret|Furret, L94, M|75/100\n|-item|p1a: Toedscruel|Leftovers|[from] ability: Frisk|[of] p2a: Furret\n|turn|12\n|inactive|Time left: 300 sec this turn | 300 sec total\n|\n|t:|1783556687\n|move|p2a: Furret|U-turn|p1a: Toedscruel\n|-supereffective|p1a: Toedscruel\n|-damage|p1a: Toedscruel|81/281\n|\n|t:|1783556688\n|switch|p2a: Sneasler|Sneasler, L74, F|100/100|[from] U-turn\n|move|p1a: Toedscruel|Spore|p2a: Sneasler\n|-status|p2a: Sneasler|slp|[from] move: Spore\n|\n|-heal|p1a: Toedscruel|98/281|[from] item: Leftovers\n|upkeep\n|turn|13\n|inactive|Time left: 300 sec this turn | 300 sec total\n|\n|t:|1783556689\n|switch|p2a: Furret|Furret, L94, M|75/100\n|-item|p1a: Toedscruel|Leftovers|[from] ability: Frisk|[of] p2a: Furret\n|move|p1a: Toedscruel|Earth Power|p2a: Furret\n|-damage|p2a: Furret|41/100\n|\n|-heal|p1a: Toedscruel|115/281|[from] item: Leftovers\n|upkeep\n|turn|14\n|inactive|Time left: 300 sec this turn | 300 sec total\n|\n|t:|1783556690\n|move|p1a: Toedscruel|Giga Drain|p2a: Furret\n|-damage|p2a: Furret|10/100\n|-heal|p1a: Toedscruel|163/281|[from] drain|[of] p2a: Furret\n|move|p2a: Furret|Knock Off|p1a: Toedscruel\n|-damage|p1a: Toedscruel|25/281\n|-enditem|p1a: Toedscruel|Leftovers|[from] move: Knock Off|[of] p2a: Furret\n|\n|upkeep\n|turn|15\n|inactive|Time left: 300 sec this turn | 300 sec total\n|\n|t:|1783556691\n|move|p1a: Toedscruel|Earth Power|p2a: Furret\n|-damage|p2a: Furret|0 fnt\n|faint|p2a: Furret\n|\n|upkeep\n|\n|t:|1783556692\n|switch|p2a: Sneasler|Sneasler, L74, F|100/100 slp\n|turn|16\n|inactive|Time left: 300 sec this turn | 300 sec total\n|\n|t:|1783556693\n|move|p1a: Toedscruel|Earth Power|p2a: Sneasler\n|-supereffective|p2a: Sneasler\n|-damage|p2a: Sneasler|10/100 slp\n|cant|p2a: Sneasler|slp\n|\n|upkeep\n|turn|17\n|inactive|Time left: 300 sec this turn | 300 sec total\n|\n|t:|1783556694\n|move|p1a: Toedscruel|Giga Drain|p2a: Sneasler\n|-resisted|p2a: Sneasler\n|-damage|p2a: Sneasler|0 fnt\n|-heal|p1a: Toedscruel|36/281|[from] drain|[of] p2a: Sneasler\n|faint|p2a: Sneasler\n|\n|win|p0x15113f5e", "uploadtime": 1783556694, "views": 0, "rating": 0, "private": 0, "password": null, "_winner": "p0x15113f5e", "_our_name": "p0x15113f5e"}