{"id": "battle-gen9randombattle-1943", "formatid": "gen9randombattle", "format": "[Gen 9] Random Battle", "players": ["p0x19438670", "p0y19436307"], "log": "|init|battle\n|title|p0x19438670 vs. p0y19436307\n|j|\u2606p0x19438670\n|j|\u2606p0y19436307\n|t:|1783562480\n|gametype|singles\n|player|p1|p0x19438670|1|\n|player|p2|p0y19436307|266|\n|gen|9\n|tier|[Gen 9] Random Battle\n|rule|Species Clause: Limit one of each Pok\u00e9mon\n|rule|HP Percentage Mod: HP is shown in percentages\n|rule|Sleep Clause Mod: Limit one foe put to sleep\n|rule|Illusion Level Mod: Illusion disguises the Pok\u00e9mon's true level\n|\n|t:|1783562480\n|teamsize|p1|6\n|teamsize|p2|6\n|start\n|switch|p1a: Brute Bonnet|Brute Bonnet, L80|309/309\n|switch|p2a: Basculin|Basculin, L86, M|100/100\n|turn|1\n|inactive|Battle timer is ON: inactive players will automatically lose when time's up. (requested by p0y19436307)\n|inactive|Time left: 300 sec this turn | 300 sec total | 60 sec grace\n|inactive|p0x19438670 also wants the timer to be on.\n|\n|t:|1783562482\n|switch|p2a: Orthworm|Orthworm, L88, M|100/100\n|-end|p1a: Brute Bonnet|Protosynthesis|[silent]\n|switch|p1a: Hariyama|Hariyama, L87, F|392/392\n|\n|-status|p1a: Hariyama|brn|[from] item: Flame Orb\n|upkeep\n|turn|2\n|inactive|Time left: 300 sec this turn | 300 sec total\n|\n|t:|1783562483\n|move|p2a: Orthworm|Coil|p2a: Orthworm\n|-boost|p2a: Orthworm|atk|1\n|-boost|p2a: Orthworm|def|1\n|-boost|p2a: Orthworm|accuracy|1\n|move|p1a: Hariyama|Close Combat|p2a: Orthworm\n|-supereffective|p2a: Orthworm\n|-damage|p2a: Orthworm|25/100\n|-unboost|p1a: Hariyama|def|1\n|-unboost|p1a: Hariyama|spd|1\n|\n|-damage|p1a: Hariyama|368/392 brn|[from] brn\n|upkeep\n|turn|3\n|inactive|Time left: 300 sec this turn | 300 sec total\n|\n|t:|1783562484\n|switch|p1a: Ariados|Ariados, L95, M|287/287\n|move|p2a: Orthworm|Rest|p2a: Orthworm\n|-status|p2a: Orthworm|slp|[from] move: Rest\n|-heal|p2a: Orthworm|100/100 slp|[silent]\n|-enditem|p2a: Orthworm|Chesto Berry|[eat]\n|-curestatus|p2a: Orthworm|slp|[msg]\n|\n|upkeep\n|turn|4\n|inactive|Time left: 300 sec this turn | 300 sec total\n|\n|t:|1783562484\n|move|p2a: Orthworm|Coil|p2a: Orthworm\n|-boost|p2a: Orthworm|atk|1\n|-boost|p2a: Orthworm|def|1\n|-boost|p2a: Orthworm|accuracy|1\n|move|p1a: Ariados|Sticky Web|p2a: Orthworm\n|-sidestart|p2: p0y19436307|move: Sticky Web\n|\n|upkeep\n|turn|5\n|inactive|Time left: 300 sec this turn | 300 sec total\n|\n|t:|1783562485\n|switch|p1a: Slowbro|Slowbro, L85, M|300/300\n|move|p2a: Orthworm|Iron Tail|p1a: Slowbro\n|-resisted|p1a: Slowbro\n|-damage|p1a: Slowbro|211/300\n|-unboost|p1a: Slowbro|def|1\n|\n|-heal|p1a: Slowbro|229/300|[from] item: Leftovers\n|upkeep\n|turn|6\n|inactive|Time left: 300 sec this turn | 300 sec total\n|\n|t:|1783562486\n|move|p2a: Orthworm|Coil|p2a: Orthworm\n|-boost|p2a: Orthworm|atk|1\n|-boost|p2a: Orthworm|def|1\n|-boost|p2a: Orthworm|accuracy|1\n|move|p1a: Slowbro|Scald|p2a: Orthworm\n|-damage|p2a: Orthworm|52/100\n|\n|-heal|p1a: Slowbro|247/300|[from] item: Leftovers\n|upkeep\n|turn|7\n|inactive|Time left: 300 sec this turn | 300 sec total\n|\n|t:|1783562487\n|move|p2a: Orthworm|Iron Tail|p1a: Slowbro\n|-resisted|p1a: Slowbro\n|-damage|p1a: Slowbro|93/300\n|move|p1a: Slowbro|Scald|p2a: Orthworm\n|-damage|p2a: Orthworm|6/100\n|\n|-heal|p1a: Slowbro|111/300|[from] item: Leftovers\n|upkeep\n|turn|8\n|inactive|Time left: 300 sec this turn | 300 sec total\n|\n|t:|1783562489\n|switch|p1a: Ariados|Ariados, L95, M|287/287\n|move|p2a: Orthworm|Iron Tail|p1a: Ariados\n|-damage|p1a: Ariados|0 fnt\n|faint|p1a: Ariados\n|\n|upkeep\n|inactive|Time left: 300 sec this turn | 300 sec total | 5 sec grace\n|\n|t:|1783562490\n|switch|p1a: Slowbro|Slowbro, L85, M|211/300\n|turn|9\n|inactive|Time left: 300 sec this turn | 300 sec total\n|\n|t:|1783562491\n|move|p2a: Orthworm|Rest|p2a: Orthworm\n|-status|p2a: Orthworm|slp|[from] move: Rest\n|-heal|p2a: Orthworm|100/100 slp|[silent]\n|move|p1a: Slowbro|Scald|p2a: Orthworm\n|-damage|p2a: Orthworm|54/100 slp\n|\n|-heal|p1a: Slowbro|229/300|[from] item: Leftovers\n|upkeep\n|turn|10\n|inactive|Time left: 300 sec this turn | 300 sec total\n|\n|t:|1783562492\n|cant|p2a: Orthworm|slp\n|move|p1a: Slowbro|Scald|p2a: Orthworm\n|-damage|p2a: Orthworm|12/100 slp\n|\n|-heal|p1a: Slowbro|247/300|[from] item: Leftovers\n|upkeep\n|turn|11\n|inactive|Time left: 300 sec this turn | 300 sec total\n|\n|t:|1783562493\n|cant|p2a: Orthworm|slp\n|move|p1a: Slowbro|Scald|p2a: Orthworm\n|-damage|p2a: Orthworm|0 fnt\n|faint|p2a: Orthworm\n|\n|-heal|p1a: Slowbro|265/300|[from] item: Leftovers\n|upkeep\n|\n|t:|1783562494\n|switch|p2a: Lanturn|Lanturn, L89, M|100/100\n|-activate|p2a: Lanturn|move: Sticky Web\n|-unboost|p2a: Lanturn|spe|1\n|turn|12\n|inactive|Time left: 300 sec this turn | 300 sec total\n|\n|t:|1783562496\n|move|p2a: Lanturn|Thunderbolt|p1a: Slowbro\n|-supereffective|p1a: Slowbro\n|-damage|p1a: Slowbro|65/300\n|move|p1a: Slowbro|Calm Mind|p1a: Slowbro\n|-boost|p1a: Slowbro|spa|1\n|-boost|p1a: Slowbro|spd|1\n|\n|-heal|p1a: Slowbro|83/300|[from] item: Leftovers\n|upkeep\n|turn|13\n|inactive|Time left: 300 sec this turn | 300 sec total\n|\n|t:|1783562497\n|-terastallize|p1a: Slowbro|Fairy\n|move|p2a: Lanturn|Thunderbolt|p1a: Slowbro\n|-damage|p1a: Slowbro|17/300\n|move|p1a: Slowbro|Slack Off|p1a: Slowbro\n|-heal|p1a: Slowbro|167/300\n|\n|-heal|p1a: Slowbro|185/300|[from] item: Leftovers\n|upkeep\n|turn|14\n|inactive|Time left: 300 sec this turn | 300 sec total\n|\n|t:|1783562498\n|move|p2a: Lanturn|Thunder Wave|p1a: Slowbro\n|-status|p1a: Slowbro|par\n|move|p1a: Slowbro|Psyshock|p2a: Lanturn\n|-damage|p2a: Lanturn|51/100\n|\n|-heal|p2a: Lanturn|57/100|[from] item: Leftovers\n|-heal|p1a: Slowbro|203/300 par|[from] item: Leftovers\n|upkeep\n|turn|15\n|inactive|Time left: 300 sec this turn | 300 sec total\n|\n|t:|1783562499\n|move|p2a: Lanturn|Ice Beam|p1a: Slowbro\n|-damage|p1a: Slowbro|161/300 par\n|move|p1a: Slowbro|Calm Mind|p1a: Slowbro\n|-boost|p1a: Slowbro|spa|1\n|-boost|p1a: Slowbro|spd|1\n|\n|-heal|p2a: Lanturn|63/100|[from] item: Leftovers\n|-heal|p1a: Slowbro|179/300 par|[from] item: Leftovers\n|upkeep\n|turn|16\n|inactive|Time left: 300 sec this turn | 300 sec total\n|\n|t:|1783562500\n|move|p2a: Lanturn|Scald|p1a: Slowbro\n|-damage|p1a: Slowbro|136/300 par\n|move|p1a: Slowbro|Psyshock|p2a: Lanturn\n|-damage|p2a: Lanturn|0 fnt\n|faint|p2a: Lanturn\n|\n|-heal|p1a: Slowbro|154/300 par|[from] item: Leftovers\n|upkeep\n|\n|t:|1783562502\n|switch|p2a: Mamoswine|Mamoswine, L81, F|100/100\n|-activate|p2a: Mamoswine|move: Sticky Web\n|-unboost|p2a: Mamoswine|spe|1\n|turn|17\n|inactive|Time left: 300 sec this turn | 300 sec total\n|\n|t:|1783562503\n|-terastallize|p2a: Mamoswine|Ground\n|move|p2a: Mamoswine|Earthquake|p1a: Slowbro\n|-damage|p1a: Slowbro|0 fnt\n|faint|p1a: Slowbro\n|\n|upkeep\n|inactive|Time left: 300 sec this turn | 300 sec total | 5 sec grace\n|\n|t:|1783562504\n|switch|p1a: Brute Bonnet|Brute Bonnet, L80|309/309\n|turn|18\n|inactive|Time left: 300 sec this turn | 300 sec total\n|\n|t:|1783562504\n|switch|p2a: Fezandipiti|Fezandipiti, L82, M|100/100\n|-activate|p2a: Fezandipiti|move: Sticky Web\n|-unboost|p2a: Fezandipiti|spe|1\n|move|p1a: Brute Bonnet|Spore|p2a: Fezandipiti\n|-status|p2a: Fezandipiti|slp|[from] move: Spore\n|\n|upkeep\n|turn|19\n|inactive|Time left: 300 sec this turn | 300 sec total\n|\n|t:|1783562506\n|switch|p2a: Hawlucha|Hawlucha, L80, M|100/100\n|-end|p1a: Brute Bonnet|Protosynthesis|[silent]\n|switch|p1a: Zangoose|Zangoose, L85, M|263/263\n|\n|-status|p1a: Zangoose|tox|[from] item: Toxic Orb\n|upkeep\n|turn|20\n|inactive|Time left: 300 sec this turn | 300 sec total\n|\n|t:|1783562506\n|switch|p1a: Hariyama|Hariyama, L87, F|368/392 brn\n|move|p2a: Hawlucha|Close Combat|p1a: Hariyama\n|-damage|p1a: Hariyama|232/392 brn\n|-unboost|p2a: Hawlucha|def|1\n|-unboost|p2a: Hawlucha|spd|1\n|-enditem|p2a: Hawlucha|White Herb\n|-clearnegativeboost|p2a: Hawlucha|[silent]\n|\n|-damage|p1a: Hariyama|208/392 brn|[from] brn\n|upkeep\n|turn|21\n|inactive|Time left: 300 sec this turn | 300 sec total\n|\n|t:|1783562508\n|move|p1a: Hariyama|Fake Out|p2a: Hawlucha\n|-damage|p2a: Hawlucha|75/100\n|cant|p2a: Hawlucha|flinch\n|\n|-damage|p1a: Hariyama|184/392 brn|[from] brn\n|upkeep\n|turn|22\n|inactive|Time left: 300 sec this turn | 300 sec total\n|\n|t:|1783562509\n|switch|p1a: Perrserker|Perrserker, L89, F|269/269\n|move|p2a: Hawlucha|Acrobatics|p1a: Perrserker\n|-resisted|p1a: Perrserker\n|-damage|p1a: Perrserker|228/269\n|\n|upkeep\n|turn|23\n|inactive|Time left: 300 sec this turn | 300 sec total\n|\n|t:|1783562510\n|move|p2a: Hawlucha|Close Combat|p1a: Perrserker\n|-supereffective|p1a: Perrserker\n|-damage|p1a: Perrserker|48/269\n|-unboost|p2a: Hawlucha|def|1\n|-unboost|p2a: Hawlucha|spd|1\n|move|p1a: Perrserker|Iron Head|p2a: Hawlucha\n|-damage|p2a: Hawlucha|0 fnt\n|faint|p2a: Hawlucha\n|-damage|p1a: Perrserker|22/269|[from] item: Life Orb\n|\n|upkeep\n|\n|t:|1783562511\n|switch|p2a: Basculin|Basculin, L86, M|100/100\n|-activate|p2a: Basculin|move: Sticky Web\n|-unboost|p2a: Basculin|spe|1\n|turn|24\n|inactive|Time left: 300 sec this turn | 300 sec total\n|\n|t:|1783562512\n|switch|p1a: Brute Bonnet|Brute Bonnet, L80|309/309\n|move|p2a: Basculin|Flip Turn|p1a: Brute Bonnet\n|-resisted|p1a: Brute Bonnet\n|-damage|p1a: Brute Bonnet|251/309\n|\n|t:|1783562513\n|switch|p2a: Mamoswine|Mamoswine, L81, F, tera:Ground|100/100|[from] Flip Turn\n|-activate|p2a: Mamoswine|move: Sticky Web\n|-unboost|p2a: Mamoswine|spe|1\n|\n|-heal|p1a: Brute Bonnet|270/309|[from] item: Leftovers\n|upkeep\n|turn|25\n|inactive|Time left: 300 sec this turn | 300 sec total\n|\n|t:|1783562513\n|move|p1a: Brute Bonnet|Crunch|p2a: Mamoswine\n|-damage|p2a: Mamoswine|68/100\n|move|p2a: Mamoswine|Icicle Crash|p1a: Brute Bonnet\n|-supereffective|p1a: Brute Bonnet\n|-damage|p1a: Brute Bonnet|0 fnt\n|faint|p1a: Brute Bonnet\n|-end|p1a: Brute Bonnet|Protosynthesis|[silent]\n|\n|upkeep\n|inactive|Time left: 300 sec this turn | 300 sec total | 5 sec grace\n|\n|t:|1783562514\n|switch|p1a: Zangoose|Zangoose, L85, M|263/263 tox\n|turn|26\n|inactive|Time left: 300 sec this turn | 300 sec total\n|\n|t:|1783562515\n|switch|p2a: Fezandipiti|Fezandipiti, L82, M|100/100 slp\n|-activate|p2a: Fezandipiti|move: Sticky Web\n|-unboost|p2a: Fezandipiti|spe|1\n|move|p1a: Zangoose|Facade|p2a: Fezandipiti\n|-damage|p2a: Fezandipiti|3/100 slp\n|\n|-heal|p2a: Fezandipiti|9/100 slp|[from] item: Leftovers\n|-damage|p1a: Zangoose|247/263 tox|[from] psn\n|upkeep\n|turn|27\n|inactive|Time left: 300 sec this turn | 300 sec total\n|\n|t:|1783562516\n|move|p1a: Zangoose|Facade|p2a: Fezandipiti\n|-damage|p2a: Fezandipiti|0 fnt\n|faint|p2a: Fezandipiti\n|\n|-damage|p1a: Zangoose|215/263 tox|[from] psn\n|upkeep\n|\n|t:|1783562516\n|switch|p2a: Basculin|Basculin, L86, M|100/100\n|-activate|p2a: Basculin|move: Sticky Web\n|-unboost|p2a: Basculin|spe|1\n|turn|28\n|inactive|Time left: 300 sec this turn | 300 sec total\n|\n|t:|1783562517\n|move|p2a: Basculin|Aqua Jet|p1a: Zangoose\n|-damage|p1a: Zangoose|101/263 tox\n|move|p1a: Zangoose|Facade|p2a: Basculin\n|-damage|p2a: Basculin|0 fnt\n|faint|p2a: Basculin\n|\n|-damage|p1a: Zangoose|53/263 tox|[from] psn\n|upkeep\n|\n|t:|1783562518\n|switch|p2a: Mamoswine|Mamoswine, L81, F, tera:Ground|68/100\n|-activate|p2a: Mamoswine|move: Sticky Web\n|-unboost|p2a: Mamoswine|spe|1\n|turn|29\n|inactive|Time left: 300 sec this turn | 300 sec total\n|\n|t:|1783562518\n|move|p2a: Mamoswine|Ice Shard|p1a: Zangoose\n|-damage|p1a: Zangoose|0 fnt\n|faint|p1a: Zangoose\n|\n|upkeep\n|inactive|Time left: 300 sec this turn | 300 sec total | 5 sec grace\n|\n|t:|1783562519\n|switch|p1a: Perrserker|Perrserker, L89, F|22/269\n|turn|30\n|inactive|Time left: 300 sec this turn | 300 sec total\n|\n|t:|1783562519\n|move|p2a: Mamoswine|Ice Shard|p1a: Perrserker\n|-resisted|p1a: Perrserker\n|-damage|p1a: Perrserker|0 fnt\n|faint|p1a: Perrserker\n|\n|upkeep\n|inactive|Time left: 300 sec this turn | 300 sec total | 5 sec grace\n|\n|t:|1783562520\n|switch|p1a: Hariyama|Hariyama, L87, F|184/392 brn\n|turn|31\n|inactive|Time left: 300 sec this turn | 300 sec total\n|\n|t:|1783562521\n|move|p2a: Mamoswine|Ice Shard|p1a: Hariyama\n|-damage|p1a: Hariyama|85/392 brn\n|move|p1a: Hariyama|Close Combat|p2a: Mamoswine\n|-damage|p2a: Mamoswine|0 fnt\n|-unboost|p1a: Hariyama|def|1\n|-unboost|p1a: Hariyama|spd|1\n|faint|p2a: Mamoswine\n|\n|win|p0x19438670", "uploadtime": 1783562521, "views": 0, "rating": 0, "private": 0, "password": null, "_winner": "p0x19438670", "_our_name": "p0x19438670"}