{"id": "battle-gen9randombattle-198", "formatid": "gen9randombattle", "format": "[Gen 9] Random Battle", "players": ["p0x198e7c0", "p0y1984437"], "log": "|init|battle\n|title|p0x198e7c0 vs. p0y1984437\n|j|\u2606p0x198e7c0\n|j|\u2606p0y1984437\n|t:|1783541413\n|gametype|singles\n|player|p1|p0x198e7c0|1|\n|player|p2|p0y1984437|266|\n|gen|9\n|tier|[Gen 9] Random Battle\n|rule|Species Clause: Limit one of each Pok\u00e9mon\n|rule|HP Percentage Mod: HP is shown in percentages\n|rule|Sleep Clause Mod: Limit one foe put to sleep\n|rule|Illusion Level Mod: Illusion disguises the Pok\u00e9mon's true level\n|\n|t:|1783541413\n|teamsize|p1|6\n|teamsize|p2|6\n|start\n|switch|p1a: Urshifu|Urshifu-Rapid-Strike, L75, F|274/274\n|switch|p2a: Maushold|Maushold, L76|100/100\n|turn|1\n|inactive|Battle timer is ON: inactive players will automatically lose when time's up. (requested by p0y1984437)\n|inactive|Time left: 300 sec this turn | 300 sec total | 60 sec grace\n|inactive|p0x198e7c0 also wants the timer to be on.\n|\n|t:|1783541414\n|move|p2a: Maushold|Population Bomb|p1a: Urshifu\n|-damage|p1a: Urshifu|252/274\n|-damage|p1a: Urshifu|228/274\n|-damage|p1a: Urshifu|206/274\n|-crit|p1a: Urshifu\n|-damage|p1a: Urshifu|173/274\n|-damage|p1a: Urshifu|149/274\n|-damage|p1a: Urshifu|125/274\n|-damage|p1a: Urshifu|101/274\n|-damage|p1a: Urshifu|79/274\n|-damage|p1a: Urshifu|58/274\n|-damage|p1a: Urshifu|34/274\n|-hitcount|p1a: Urshifu|10\n|move|p1a: Urshifu|Surging Strikes|p2a: Maushold\n|-crit|p2a: Maushold\n|-damage|p2a: Maushold|69/100\n|-crit|p2a: Maushold\n|-damage|p2a: Maushold|33/100\n|-crit|p2a: Maushold\n|-damage|p2a: Maushold|1/100\n|-hitcount|p2a: Maushold|3\n|\n|upkeep\n|turn|2\n|inactive|Time left: 300 sec this turn | 300 sec total\n|\n|t:|1783541415\n|switch|p1a: Drifblim|Drifblim, L86, F|396/396\n|move|p2a: Maushold|Population Bomb|p1a: Drifblim\n|-immune|p1a: Drifblim\n|\n|upkeep\n|turn|3\n|inactive|Time left: 300 sec this turn | 300 sec total\n|\n|t:|1783541416\n|move|p2a: Maushold|Population Bomb|p1a: Drifblim\n|-immune|p1a: Drifblim\n|move|p1a: Drifblim|Calm Mind|p1a: Drifblim\n|-boost|p1a: Drifblim|spa|1\n|-boost|p1a: Drifblim|spd|1\n|\n|upkeep\n|turn|4\n|inactive|Time left: 300 sec this turn | 300 sec total\n|\n|t:|1783541417\n|move|p2a: Maushold|Encore|p1a: Drifblim\n|-start|p1a: Drifblim|Encore\n|move|p1a: Drifblim|Calm Mind|p1a: Drifblim\n|-boost|p1a: Drifblim|spa|1\n|-boost|p1a: Drifblim|spd|1\n|\n|upkeep\n|turn|5\n|inactive|Time left: 300 sec this turn | 300 sec total\n|\n|t:|1783541418\n|switch|p2a: Crawdaunt|Crawdaunt, L84, F|100/100\n|move|p1a: Drifblim|Calm Mind|p1a: Drifblim\n|-boost|p1a: Drifblim|spa|1\n|-boost|p1a: Drifblim|spd|1\n|\n|upkeep\n|turn|6\n|inactive|Time left: 300 sec this turn | 300 sec total\n|\n|t:|1783541419\n|move|p1a: Drifblim|Calm Mind|p1a: Drifblim\n|-boost|p1a: Drifblim|spa|1\n|-boost|p1a: Drifblim|spd|1\n|move|p2a: Crawdaunt|Knock Off|p1a: Drifblim\n|-supereffective|p1a: Drifblim\n|-damage|p1a: Drifblim|0 fnt\n|-enditem|p1a: Drifblim|Sitrus Berry|[from] move: Knock Off|[of] p2a: Crawdaunt\n|faint|p1a: Drifblim\n|\n|upkeep\n|inactive|Time left: 300 sec this turn | 300 sec total | 5 sec grace\n|\n|t:|1783541420\n|switch|p1a: Urshifu|Urshifu-Rapid-Strike, L75, F|34/274\n|turn|7\n|inactive|Time left: 300 sec this turn | 300 sec total\n|\n|t:|1783541421\n|switch|p2a: Maushold|Maushold, L76|1/100\n|move|p1a: Urshifu|Close Combat|p2a: Maushold\n|-supereffective|p2a: Maushold\n|-damage|p2a: Maushold|0 fnt\n|-unboost|p1a: Urshifu|def|1\n|-unboost|p1a: Urshifu|spd|1\n|faint|p2a: Maushold\n|\n|upkeep\n|\n|t:|1783541422\n|switch|p2a: Clefable|Clefable, L83, M|100/100\n|turn|8\n|inactive|Time left: 300 sec this turn | 300 sec total\n|\n|t:|1783541423\n|move|p1a: Urshifu|Close Combat|p2a: Clefable\n|-resisted|p2a: Clefable\n|-damage|p2a: Clefable|64/100\n|-unboost|p1a: Urshifu|def|1\n|-unboost|p1a: Urshifu|spd|1\n|move|p2a: Clefable|Moonblast|p1a: Urshifu\n|-supereffective|p1a: Urshifu\n|-damage|p1a: Urshifu|0 fnt\n|faint|p1a: Urshifu\n|\n|-heal|p2a: Clefable|70/100|[from] item: Leftovers\n|upkeep\n|inactive|Time left: 300 sec this turn | 300 sec total | 5 sec grace\n|\n|t:|1783541425\n|switch|p1a: Bruxish|Bruxish, L85, M|254/254\n|turn|9\n|inactive|Time left: 300 sec this turn | 300 sec total\n|\n|t:|1783541426\n|switch|p2a: Crawdaunt|Crawdaunt, L84, F|100/100\n|move|p1a: Bruxish|Wave Crash|p2a: Crawdaunt\n|-resisted|p2a: Crawdaunt\n|-damage|p2a: Crawdaunt|56/100\n|-damage|p1a: Bruxish|218/254|[from] Recoil\n|\n|upkeep\n|turn|10\n|inactive|Time left: 300 sec this turn | 300 sec total\n|\n|t:|1783541427\n|move|p1a: Bruxish|Wave Crash|p2a: Crawdaunt\n|-resisted|p2a: Crawdaunt\n|-damage|p2a: Crawdaunt|8/100\n|-damage|p1a: Bruxish|180/254|[from] Recoil\n|move|p2a: Crawdaunt|Knock Off|p1a: Bruxish\n|-supereffective|p1a: Bruxish\n|-damage|p1a: Bruxish|0 fnt\n|-enditem|p1a: Bruxish|Choice Band|[from] move: Knock Off|[of] p2a: Crawdaunt\n|faint|p1a: Bruxish\n|\n|upkeep\n|inactive|Time left: 300 sec this turn | 300 sec total | 5 sec grace\n|\n|t:|1783541428\n|switch|p1a: Shiftry|Shiftry, L89, F|305/305\n|turn|11\n|inactive|Time left: 300 sec this turn | 300 sec total\n|\n|t:|1783541429\n|move|p1a: Shiftry|Leaf Blade|p2a: Crawdaunt\n|-supereffective|p2a: Crawdaunt\n|-crit|p2a: Crawdaunt\n|-damage|p2a: Crawdaunt|0 fnt\n|faint|p2a: Crawdaunt\n|-damage|p1a: Shiftry|275/305|[from] item: Life Orb\n|\n|upkeep\n|\n|t:|1783541430\n|switch|p2a: Clefable|Clefable, L83, M|70/100\n|turn|12\n|inactive|Time left: 300 sec this turn | 300 sec total\n|\n|t:|1783541431\n|-terastallize|p1a: Shiftry|Poison\n|move|p1a: Shiftry|Swords Dance|p1a: Shiftry\n|-boost|p1a: Shiftry|atk|2\n|move|p2a: Clefable|Moonblast|p1a: Shiftry\n|-resisted|p1a: Shiftry\n|-damage|p1a: Shiftry|215/305\n|-unboost|p1a: Shiftry|spa|1\n|\n|-heal|p2a: Clefable|77/100|[from] item: Leftovers\n|upkeep\n|turn|13\n|inactive|Time left: 300 sec this turn | 300 sec total\n|\n|t:|1783541432\n|move|p1a: Shiftry|Leaf Blade|p2a: Clefable\n|-damage|p2a: Clefable|21/100\n|-damage|p1a: Shiftry|185/305|[from] item: Life Orb\n|move|p2a: Clefable|Moonlight|p2a: Clefable\n|-heal|p2a: Clefable|70/100\n|\n|-heal|p2a: Clefable|77/100|[from] item: Leftovers\n|upkeep\n|turn|14\n|inactive|Time left: 300 sec this turn | 300 sec total\n|\n|t:|1783541434\n|move|p1a: Shiftry|Leaf Blade|p2a: Clefable\n|-crit|p2a: Clefable\n|-damage|p2a: Clefable|0 fnt\n|faint|p2a: Clefable\n|-damage|p1a: Shiftry|155/305|[from] item: Life Orb\n|\n|upkeep\n|\n|t:|1783541434\n|switch|p2a: Smeargle|Smeargle, L95, F|100/100\n|turn|15\n|inactive|Time left: 300 sec this turn | 300 sec total\n|\n|t:|1783541436\n|move|p2a: Smeargle|Spore|p1a: Shiftry\n|-status|p1a: Shiftry|slp|[from] move: Spore\n|cant|p1a: Shiftry|slp\n|\n|upkeep\n|turn|16\n|inactive|Time left: 300 sec this turn | 300 sec total\n|\n|t:|1783541437\n|cant|p1a: Shiftry|slp\n|move|p2a: Smeargle|Population Bomb|p1a: Shiftry\n|-damage|p1a: Shiftry|136/305 slp\n|-crit|p1a: Shiftry\n|-damage|p1a: Shiftry|106/305 slp\n|-damage|p1a: Shiftry|85/305 slp\n|-damage|p1a: Shiftry|66/305 slp\n|-damage|p1a: Shiftry|44/305 slp\n|-damage|p1a: Shiftry|25/305 slp\n|-damage|p1a: Shiftry|4/305 slp\n|-crit|p1a: Shiftry\n|-damage|p1a: Shiftry|0 fnt\n|faint|p1a: Shiftry\n|-hitcount|p1: Shiftry|8\n|\n|upkeep\n|inactive|Time left: 300 sec this turn | 300 sec total | 5 sec grace\n|\n|t:|1783541438\n|switch|p1a: Comfey|Comfey, L85, F|225/225\n|turn|17\n|inactive|Time left: 300 sec this turn | 300 sec total\n|\n|t:|1783541439\n|move|p1a: Comfey|Taunt|p2a: Smeargle\n|-start|p2a: Smeargle|move: Taunt\n|cant|p2a: Smeargle|move: Taunt|Shell Smash\n|\n|upkeep\n|turn|18\n|inactive|Time left: 300 sec this turn | 300 sec total\n|\n|t:|1783541440\n|move|p1a: Comfey|Calm Mind|p1a: Comfey\n|-boost|p1a: Comfey|spa|1\n|-boost|p1a: Comfey|spd|1\n|move|p2a: Smeargle|Population Bomb|p1a: Comfey\n|-damage|p1a: Comfey|207/225\n|-damage|p1a: Comfey|191/225\n|-damage|p1a: Comfey|176/225\n|-damage|p1a: Comfey|158/225\n|-damage|p1a: Comfey|143/225\n|-hitcount|p1a: Comfey|5\n|\n|-heal|p1a: Comfey|157/225|[from] item: Leftovers\n|upkeep\n|turn|19\n|inactive|Time left: 300 sec this turn | 300 sec total\n|\n|t:|1783541441\n|-terastallize|p2a: Smeargle|Normal\n|move|p1a: Comfey|Draining Kiss|p2a: Smeargle\n|-damage|p2a: Smeargle|58/100\n|-heal|p1a: Comfey|225/225|[from] drain|[of] p2a: Smeargle\n|move|p2a: Smeargle|Population Bomb|p1a: Comfey\n|-crit|p1a: Comfey\n|-damage|p1a: Comfey|191/225\n|-damage|p1a: Comfey|169/225\n|-damage|p1a: Comfey|147/225\n|-damage|p1a: Comfey|123/225\n|-damage|p1a: Comfey|103/225\n|-crit|p1a: Comfey\n|-damage|p1a: Comfey|73/225\n|-damage|p1a: Comfey|53/225\n|-damage|p1a: Comfey|33/225\n|-damage|p1a: Comfey|11/225\n|-damage|p1a: Comfey|0 fnt\n|faint|p1a: Comfey\n|-hitcount|p1: Comfey|10\n|\n|-end|p2a: Smeargle|move: Taunt\n|upkeep\n|inactive|Time left: 300 sec this turn | 300 sec total | 5 sec grace\n|\n|t:|1783541441\n|switch|p1a: Scream Tail|Scream Tail, L84|330/330\n|turn|20\n|inactive|Time left: 300 sec this turn | 300 sec total\n|\n|t:|1783541442\n|move|p1a: Scream Tail|Dazzling Gleam|p2a: Smeargle\n|-damage|p2a: Smeargle|21/100\n|move|p2a: Smeargle|Shell Smash|p2a: Smeargle\n|-unboost|p2a: Smeargle|def|1\n|-unboost|p2a: Smeargle|spd|1\n|-boost|p2a: Smeargle|atk|2\n|-boost|p2a: Smeargle|spa|2\n|-boost|p2a: Smeargle|spe|2\n|\n|upkeep\n|turn|21\n|inactive|Time left: 300 sec this turn | 300 sec total\n|\n|t:|1783541443\n|move|p2a: Smeargle|Population Bomb|p1a: Scream Tail\n|-damage|p1a: Scream Tail|290/330\n|-damage|p1a: Scream Tail|248/330\n|-damage|p1a: Scream Tail|208/330\n|-damage|p1a: Scream Tail|170/330\n|-damage|p1a: Scream Tail|132/330\n|-damage|p1a: Scream Tail|90/330\n|-damage|p1a: Scream Tail|48/330\n|-damage|p1a: Scream Tail|4/330\n|-damage|p1a: Scream Tail|0 fnt\n|faint|p1a: Scream Tail\n|-end|p1a: Scream Tail|Protosynthesis|[silent]\n|-hitcount|p1: Scream Tail|9\n|\n|win|p0y1984437", "uploadtime": 1783541443, "views": 0, "rating": 0, "private": 0, "password": null, "_winner": "p0y1984437", "_our_name": "p0x198e7c0"}