{"id": "battle-gen9randombattle-2834", "formatid": "gen9randombattle", "format": "[Gen 9] Random Battle", "players": ["p0x2834ce33", "p0y2834a838"], "log": "|init|battle\n|title|p0x2834ce33 vs. p0y2834a838\n|j|\u2606p0x2834ce33\n|j|\u2606p0y2834a838\n|t:|1783572650\n|gametype|singles\n|player|p1|p0x2834ce33|2|\n|player|p2|p0y2834a838|265|\n|gen|9\n|tier|[Gen 9] Random Battle\n|rule|Species Clause: Limit one of each Pok\u00e9mon\n|rule|HP Percentage Mod: HP is shown in percentages\n|rule|Sleep Clause Mod: Limit one foe put to sleep\n|rule|Illusion Level Mod: Illusion disguises the Pok\u00e9mon's true level\n|\n|t:|1783572650\n|teamsize|p1|6\n|teamsize|p2|6\n|start\n|switch|p1a: Qwilfish|Qwilfish-Hisui, L83, M|100/100\n|switch|p2a: Raichu|Raichu, L88, M|249/249\n|-ability|p1a: Qwilfish|Intimidate|boost\n|-unboost|p2a: Raichu|atk|1\n|turn|1\n|inactive|Battle timer is ON: inactive players will automatically lose when time's up. (requested by p0x2834ce33)\n|inactive|Time left: 300 sec this turn | 300 sec total | 60 sec grace\n|inactive|p0y2834a838 also wants the timer to be on.\n|\n|t:|1783572652\n|move|p2a: Raichu|Nasty Plot|p2a: Raichu\n|-boost|p2a: Raichu|spa|2\n|move|p1a: Qwilfish|Gunk Shot|p2a: Raichu\n|-damage|p2a: Raichu|77/249\n|\n|upkeep\n|turn|2\n|inactive|Time left: 300 sec this turn | 300 sec total\n|\n|t:|1783572653\n|switch|p1a: Luxray|Luxray, L88, F|100/100\n|-ability|p1a: Luxray|Intimidate|boost\n|-unboost|p2a: Raichu|atk|1\n|move|p2a: Raichu|Thunderbolt|p1a: Luxray\n|-resisted|p1a: Luxray\n|-damage|p1a: Luxray|67/100\n|-damage|p2a: Raichu|53/249|[from] item: Life Orb\n|\n|upkeep\n|turn|3\n|inactive|Time left: 300 sec this turn | 300 sec total\n|\n|t:|1783572654\n|move|p2a: Raichu|Thunderbolt|p1a: Luxray\n|-resisted|p1a: Luxray\n|-damage|p1a: Luxray|36/100\n|-damage|p2a: Raichu|29/249|[from] item: Life Orb\n|move|p1a: Luxray|Throat Chop|p2a: Raichu\n|-damage|p2a: Raichu|0 fnt\n|faint|p2a: Raichu\n|\n|upkeep\n|inactive|Time left: 300 sec this turn | 300 sec total | 5 sec grace\n|\n|t:|1783572655\n|switch|p2a: Ampharos|Ampharos, L88, F|302/302\n|turn|4\n|inactive|Time left: 300 sec this turn | 300 sec total\n|\n|t:|1783572656\n|move|p1a: Luxray|Throat Chop|p2a: Ampharos\n|-damage|p2a: Ampharos|224/302\n|-start|p2a: Ampharos|Throat Chop|[silent]\n|move|p2a: Ampharos|Thunderbolt|p1a: Luxray\n|-resisted|p1a: Luxray\n|-damage|p1a: Luxray|15/100\n|\n|upkeep\n|turn|5\n|inactive|Time left: 300 sec this turn | 300 sec total\n|\n|t:|1783572657\n|move|p1a: Luxray|Play Rough|p2a: Ampharos\n|-damage|p2a: Ampharos|148/302\n|move|p2a: Ampharos|Thunderbolt|p1a: Luxray\n|-resisted|p1a: Luxray\n|-damage|p1a: Luxray|0 fnt\n|faint|p1a: Luxray\n|\n|-end|p2a: Ampharos|Throat Chop|[silent]\n|upkeep\n|\n|t:|1783572658\n|switch|p1a: Scovillain|Scovillain, L91, F|100/100\n|turn|6\n|inactive|Time left: 300 sec this turn | 300 sec total\n|\n|t:|1783572660\n|move|p1a: Scovillain|Flamethrower|p2a: Ampharos\n|-damage|p2a: Ampharos|39/302\n|move|p2a: Ampharos|Thunderbolt|p1a: Scovillain\n|-resisted|p1a: Scovillain\n|-damage|p1a: Scovillain|62/100\n|\n|-heal|p1a: Scovillain|68/100|[from] item: Leftovers\n|upkeep\n|turn|7\n|inactive|Time left: 300 sec this turn | 300 sec total\n|\n|t:|1783572661\n|move|p1a: Scovillain|Flamethrower|p2a: Ampharos\n|-damage|p2a: Ampharos|0 fnt\n|faint|p2a: Ampharos\n|\n|-heal|p1a: Scovillain|74/100|[from] item: Leftovers\n|upkeep\n|inactive|Time left: 300 sec this turn | 300 sec total | 5 sec grace\n|\n|t:|1783572662\n|switch|p2a: Cinccino|Cinccino, L83, M|260/260\n|turn|8\n|inactive|Time left: 300 sec this turn | 300 sec total\n|\n|t:|1783572663\n|move|p2a: Cinccino|Tail Slap|p1a: Scovillain\n|-damage|p1a: Scovillain|56/100\n|-damage|p1a: Scovillain|38/100\n|-damage|p1a: Scovillain|19/100\n|-damage|p1a: Scovillain|1/100\n|-damage|p1a: Scovillain|0 fnt\n|faint|p1a: Scovillain\n|-hitcount|p1: Scovillain|5\n|\n|upkeep\n|\n|t:|1783572664\n|switch|p1a: Forretress|Forretress, L84, F|100/100\n|turn|9\n|inactive|Time left: 300 sec this turn | 300 sec total\n|\n|t:|1783572665\n|move|p2a: Cinccino|Tidy Up|p2a: Cinccino\n|-boost|p2a: Cinccino|atk|1\n|-boost|p2a: Cinccino|spe|1\n|move|p1a: Forretress|Body Press|p2a: Cinccino\n|-supereffective|p2a: Cinccino\n|-damage|p2a: Cinccino|56/260\n|\n|upkeep\n|turn|10\n|inactive|Time left: 300 sec this turn | 300 sec total\n|\n|t:|1783572666\n|move|p2a: Cinccino|Tail Slap|p1a: Forretress\n|-resisted|p1a: Forretress\n|-damage|p1a: Forretress|93/100\n|-resisted|p1a: Forretress\n|-damage|p1a: Forretress|86/100\n|-resisted|p1a: Forretress\n|-damage|p1a: Forretress|78/100\n|-resisted|p1a: Forretress\n|-damage|p1a: Forretress|70/100\n|-resisted|p1a: Forretress\n|-damage|p1a: Forretress|63/100\n|-hitcount|p1a: Forretress|5\n|move|p1a: Forretress|Iron Head|p2a: Cinccino\n|-damage|p2a: Cinccino|0 fnt\n|faint|p2a: Cinccino\n|\n|-heal|p1a: Forretress|69/100|[from] item: Leftovers\n|upkeep\n|inactive|Time left: 300 sec this turn | 300 sec total | 5 sec grace\n|\n|t:|1783572667\n|switch|p2a: Cobalion|Cobalion, L80|277/277\n|turn|11\n|inactive|Time left: 300 sec this turn | 300 sec total\n|\n|t:|1783572668\n|move|p2a: Cobalion|Iron Defense|p2a: Cobalion\n|-boost|p2a: Cobalion|def|2\n|move|p1a: Forretress|Body Press|p2a: Cobalion\n|-supereffective|p2a: Cobalion\n|-damage|p2a: Cobalion|217/277\n|\n|-heal|p2a: Cobalion|234/277|[from] item: Leftovers\n|-heal|p1a: Forretress|75/100|[from] item: Leftovers\n|upkeep\n|turn|12\n|inactive|Time left: 300 sec this turn | 300 sec total\n|\n|t:|1783572669\n|move|p2a: Cobalion|Body Press|p1a: Forretress\n|-damage|p1a: Forretress|20/100\n|move|p1a: Forretress|Body Press|p2a: Cobalion\n|-supereffective|p2a: Cobalion\n|-damage|p2a: Cobalion|172/277\n|\n|-heal|p2a: Cobalion|189/277|[from] item: Leftovers\n|-heal|p1a: Forretress|26/100|[from] item: Leftovers\n|upkeep\n|turn|13\n|inactive|Time left: 300 sec this turn | 300 sec total\n|\n|t:|1783572669\n|switch|p1a: Eiscue|Eiscue, L88, M|100/100\n|move|p2a: Cobalion|Body Press|p1a: Eiscue\n|-activate|p1a: Eiscue|ability: Ice Face\n|-damage|p1a: Eiscue|100/100\n|detailschange|p1a: Eiscue|Eiscue-Noice, L88, M\n|\n|-heal|p2a: Cobalion|206/277|[from] item: Leftovers\n|upkeep\n|turn|14\n|inactive|Time left: 300 sec this turn | 300 sec total\n|\n|t:|1783572670\n|switch|p1a: Qwilfish|Qwilfish-Hisui, L83, M|100/100\n|-ability|p1a: Qwilfish|Intimidate|boost\n|-unboost|p2a: Cobalion|atk|1\n|move|p2a: Cobalion|Body Press|p1a: Qwilfish\n|-damage|p1a: Qwilfish|46/100\n|\n|-heal|p2a: Cobalion|223/277|[from] item: Leftovers\n|upkeep\n|turn|15\n|inactive|Time left: 300 sec this turn | 300 sec total\n|\n|t:|1783572671\n|switch|p1a: Forretress|Forretress, L84, F|26/100\n|move|p2a: Cobalion|Body Press|p1a: Forretress\n|-damage|p1a: Forretress|0 fnt\n|faint|p1a: Forretress\n|\n|-heal|p2a: Cobalion|240/277|[from] item: Leftovers\n|upkeep\n|\n|t:|1783572672\n|switch|p1a: Solgaleo|Solgaleo, L74|100/100\n|turn|16\n|inactive|Time left: 300 sec this turn | 300 sec total\n|\n|t:|1783572673\n|move|p2a: Cobalion|Body Press|p1a: Solgaleo\n|-damage|p1a: Solgaleo|43/100\n|move|p1a: Solgaleo|Morning Sun|p1a: Solgaleo\n|-heal|p1a: Solgaleo|93/100\n|\n|-heal|p2a: Cobalion|257/277|[from] item: Leftovers\n|-heal|p1a: Solgaleo|99/100|[from] item: Leftovers\n|upkeep\n|turn|17\n|inactive|Time left: 300 sec this turn | 300 sec total\n|\n|t:|1783572674\n|move|p2a: Cobalion|Body Press|p1a: Solgaleo\n|-damage|p1a: Solgaleo|45/100\n|move|p1a: Solgaleo|Morning Sun|p1a: Solgaleo\n|-heal|p1a: Solgaleo|95/100\n|\n|-heal|p2a: Cobalion|274/277|[from] item: Leftovers\n|-heal|p1a: Solgaleo|100/100|[from] item: Leftovers\n|upkeep\n|turn|18\n|inactive|Time left: 300 sec this turn | 300 sec total\n|\n|t:|1783572675\n|move|p2a: Cobalion|Body Press|p1a: Solgaleo\n|-damage|p1a: Solgaleo|37/100\n|move|p1a: Solgaleo|Morning Sun|p1a: Solgaleo\n|-heal|p1a: Solgaleo|87/100\n|\n|-heal|p2a: Cobalion|277/277|[from] item: Leftovers\n|-heal|p1a: Solgaleo|93/100|[from] item: Leftovers\n|upkeep\n|turn|19\n|inactive|Time left: 300 sec this turn | 300 sec total\n|\n|t:|1783572676\n|move|p2a: Cobalion|Body Press|p1a: Solgaleo\n|-damage|p1a: Solgaleo|34/100\n|move|p1a: Solgaleo|Morning Sun|p1a: Solgaleo\n|-heal|p1a: Solgaleo|84/100\n|\n|-heal|p1a: Solgaleo|90/100|[from] item: Leftovers\n|upkeep\n|turn|20\n|inactive|Time left: 300 sec this turn | 300 sec total\n|\n|t:|1783572677\n|move|p2a: Cobalion|Body Press|p1a: Solgaleo\n|-damage|p1a: Solgaleo|33/100\n|move|p1a: Solgaleo|Morning Sun|p1a: Solgaleo\n|-heal|p1a: Solgaleo|83/100\n|\n|-heal|p1a: Solgaleo|89/100|[from] item: Leftovers\n|upkeep\n|turn|21\n|inactive|Time left: 300 sec this turn | 300 sec total\n|\n|t:|1783572678\n|move|p2a: Cobalion|Body Press|p1a: Solgaleo\n|-damage|p1a: Solgaleo|35/100\n|move|p1a: Solgaleo|Morning Sun|p1a: Solgaleo\n|-heal|p1a: Solgaleo|85/100\n|\n|-heal|p1a: Solgaleo|91/100|[from] item: Leftovers\n|upkeep\n|turn|22\n|inactive|Time left: 300 sec this turn | 300 sec total\n|\n|t:|1783572679\n|move|p2a: Cobalion|Body Press|p1a: Solgaleo\n|-damage|p1a: Solgaleo|34/100\n|move|p1a: Solgaleo|Morning Sun|p1a: Solgaleo\n|-heal|p1a: Solgaleo|84/100\n|\n|-heal|p1a: Solgaleo|90/100|[from] item: Leftovers\n|upkeep\n|turn|23\n|inactive|Time left: 300 sec this turn | 300 sec total\n|\n|t:|1783572680\n|move|p2a: Cobalion|Body Press|p1a: Solgaleo\n|-damage|p1a: Solgaleo|31/100\n|move|p1a: Solgaleo|Morning Sun|p1a: Solgaleo\n|-heal|p1a: Solgaleo|80/100\n|\n|-heal|p1a: Solgaleo|87/100|[from] item: Leftovers\n|upkeep\n|turn|24\n|inactive|Time left: 300 sec this turn | 300 sec total\n|\n|t:|1783572681\n|move|p2a: Cobalion|Body Press|p1a: Solgaleo\n|-damage|p1a: Solgaleo|29/100\n|move|p1a: Solgaleo|Psychic Fangs|p2a: Cobalion\n|-damage|p2a: Cobalion|241/277\n|\n|-heal|p2a: Cobalion|258/277|[from] item: Leftovers\n|-heal|p1a: Solgaleo|36/100|[from] item: Leftovers\n|upkeep\n|turn|25\n|inactive|Time left: 300 sec this turn | 300 sec total\n|\n|t:|1783572682\n|move|p2a: Cobalion|Body Press|p1a: Solgaleo\n|-damage|p1a: Solgaleo|0 fnt\n|faint|p1a: Solgaleo\n|\n|-heal|p2a: Cobalion|275/277|[from] item: Leftovers\n|upkeep\n|\n|t:|1783572682\n|switch|p1a: Qwilfish|Qwilfish-Hisui, L83, M|46/100\n|-ability|p1a: Qwilfish|Intimidate|boost\n|-unboost|p2a: Cobalion|atk|1\n|turn|26\n|inactive|Time left: 300 sec this turn | 300 sec total\n|\n|t:|1783572683\n|-terastallize|p1a: Qwilfish|Flying\n|move|p2a: Cobalion|Body Press|p1a: Qwilfish\n|-resisted|p1a: Qwilfish\n|-damage|p1a: Qwilfish|19/100\n|move|p1a: Qwilfish|Toxic Spikes|p2a: Cobalion\n|-sidestart|p2: p0y2834a838|move: Toxic Spikes\n|\n|-heal|p2a: Cobalion|277/277|[from] item: Leftovers\n|upkeep\n|turn|27\n|inactive|Time left: 300 sec this turn | 300 sec total\n|\n|t:|1783572684\n|move|p2a: Cobalion|Body Press|p1a: Qwilfish\n|-resisted|p1a: Qwilfish\n|-damage|p1a: Qwilfish|0 fnt\n|faint|p1a: Qwilfish\n|\n|upkeep\n|\n|t:|1783572685\n|switch|p1a: Eiscue|Eiscue-Noice, L88, M|100/100\n|turn|28\n|inactive|Time left: 300 sec this turn | 300 sec total\n|\n|t:|1783572686\n|switch|p2a: Breloom|Breloom, L83, F|235/235\n|-status|p2a: Breloom|psn\n|move|p1a: Eiscue|Liquidation|p2a: Breloom\n|-resisted|p2a: Breloom\n|-damage|p2a: Breloom|205/235 psn\n|\n|-damage|p2a: Breloom|176/235 psn|[from] psn\n|upkeep\n|turn|29\n|inactive|Time left: 300 sec this turn | 300 sec total\n|\n|t:|1783572687\n|-terastallize|p2a: Breloom|Rock\n|move|p1a: Eiscue|Liquidation|p2a: Breloom\n|-supereffective|p2a: Breloom\n|-damage|p2a: Breloom|44/235 psn\n|move|p2a: Breloom|Rock Tomb|p1a: Eiscue\n|-supereffective|p1a: Eiscue\n|-damage|p1a: Eiscue|0 fnt\n|faint|p1a: Eiscue\n|-damage|p2a: Breloom|21/235 psn|[from] item: Life Orb\n|\n|win|p0y2834a838", "uploadtime": 1783572687, "views": 0, "rating": 0, "private": 0, "password": null, "_winner": "p0y2834a838", "_our_name": "p0y2834a838"}