{"id": "battle-gen9randombattle-662", "formatid": "gen9randombattle", "format": "[Gen 9] Random Battle", "players": ["p0x662e15e", "p0y662c23c"], "log": "|init|battle\n|title|p0x662e15e vs. p0y662c23c\n|j|\u2606p0x662e15e\n|j|\u2606p0y662c23c\n|t:|1783547497\n|gametype|singles\n|player|p1|p0x662e15e|101|\n|player|p2|p0y662c23c|2|\n|gen|9\n|tier|[Gen 9] Random Battle\n|rule|Species Clause: Limit one of each Pok\u00e9mon\n|rule|HP Percentage Mod: HP is shown in percentages\n|rule|Sleep Clause Mod: Limit one foe put to sleep\n|rule|Illusion Level Mod: Illusion disguises the Pok\u00e9mon's true level\n|\n|t:|1783547497\n|teamsize|p1|6\n|teamsize|p2|6\n|start\n|switch|p1a: Lumineon|Lumineon, L93, M|100/100\n|switch|p2a: Noivern|Noivern, L82, M|274/274\n|turn|1\n|inactive|Battle timer is ON: inactive players will automatically lose when time's up. (requested by p0x662e15e)\n|inactive|Time left: 300 sec this turn | 300 sec total | 60 sec grace\n|inactive|p0y662c23c also wants the timer to be on.\n|\n|t:|1783547499\n|switch|p2a: Ninetales|Ninetales, L85, M|263/263\n|-weather|SunnyDay|[from] ability: Drought|[of] p2a: Ninetales\n|move|p1a: Lumineon|Ice Beam|p2a: Ninetales\n|-resisted|p2a: Ninetales\n|-damage|p2a: Ninetales|225/263\n|-damage|p1a: Lumineon|91/100|[from] item: Life Orb\n|\n|-weather|SunnyDay|[upkeep]\n|upkeep\n|turn|2\n|inactive|Time left: 300 sec this turn | 300 sec total\n|\n|t:|1783547500\n|move|p1a: Lumineon|Hydro Pump|p2a: Ninetales\n|-supereffective|p2a: Ninetales\n|-damage|p2a: Ninetales|92/263\n|-damage|p1a: Lumineon|81/100|[from] item: Life Orb\n|move|p2a: Ninetales|Nasty Plot|p2a: Ninetales\n|-boost|p2a: Ninetales|spa|2\n|\n|-weather|SunnyDay|[upkeep]\n|upkeep\n|turn|3\n|inactive|Time left: 300 sec this turn | 300 sec total\n|\n|t:|1783547501\n|move|p1a: Lumineon|Hydro Pump|p2a: Ninetales\n|-supereffective|p2a: Ninetales\n|-damage|p2a: Ninetales|0 fnt\n|faint|p2a: Ninetales\n|-damage|p1a: Lumineon|71/100|[from] item: Life Orb\n|\n|-weather|SunnyDay|[upkeep]\n|upkeep\n|inactive|Time left: 300 sec this turn | 300 sec total | 5 sec grace\n|\n|t:|1783547502\n|switch|p2a: Slaking|Slaking, L84, M|389/389\n|turn|4\n|inactive|Time left: 300 sec this turn | 300 sec total\n|\n|t:|1783547503\n|switch|p1a: Palossand|Palossand, L89, M|100/100\n|move|p2a: Slaking|Giga Impact|p1a: Palossand\n|-immune|p1a: Palossand\n|\n|-weather|SunnyDay|[upkeep]\n|upkeep\n|turn|5\n|inactive|Time left: 300 sec this turn | 300 sec total\n|\n|t:|1783547504\n|cant|p2a: Slaking|ability: Truant\n|move|p1a: Palossand|Earth Power|p2a: Slaking\n|-damage|p2a: Slaking|256/389\n|-unboost|p2a: Slaking|spd|1\n|\n|-weather|none\n|upkeep\n|turn|6\n|inactive|Time left: 300 sec this turn | 300 sec total\n|\n|t:|1783547505\n|switch|p2a: Regice|Regice, L88|284/284\n|move|p1a: Palossand|Earth Power|p2a: Regice\n|-damage|p2a: Regice|232/284\n|\n|upkeep\n|turn|7\n|inactive|Time left: 300 sec this turn | 300 sec total\n|\n|t:|1783547506\n|switch|p1a: Pincurchin|Pincurchin, M|100/100\n|-fieldstart|move: Electric Terrain|[from] ability: Electric Surge|[of] p1a: Pincurchin\n|move|p2a: Regice|Ice Beam|p1a: Pincurchin\n|-damage|p1a: Pincurchin|61/100\n|\n|-heal|p1a: Pincurchin|67/100|[from] item: Leftovers\n|upkeep\n|turn|8\n|inactive|Time left: 300 sec this turn | 300 sec total\n|\n|t:|1783547507\n|move|p2a: Regice|Ice Beam|p1a: Pincurchin\n|-damage|p1a: Pincurchin|30/100\n|move|p1a: Pincurchin|Zing Zap|p2a: Regice\n|-crit|p2a: Regice\n|-damage|p2a: Regice|36/284\n|\n|-heal|p1a: Pincurchin|36/100|[from] item: Leftovers\n|upkeep\n|turn|9\n|inactive|Time left: 300 sec this turn | 300 sec total\n|\n|t:|1783547508\n|move|p2a: Regice|Ice Beam|p1a: Pincurchin\n|-damage|p1a: Pincurchin|0 fnt\n|faint|p1a: Pincurchin\n|\n|upkeep\n|\n|t:|1783547509\n|switch|p1a: Grimmsnarl|Grimmsnarl, L83, M|100/100\n|turn|10\n|inactive|Time left: 300 sec this turn | 300 sec total\n|\n|t:|1783547510\n|switch|p2a: Slaking|Slaking, L84, M|256/389\n|move|p1a: Grimmsnarl|Spirit Break|p2a: Slaking\n|-damage|p2a: Slaking|172/389\n|-unboost|p2a: Slaking|spa|1\n|\n|upkeep\n|turn|11\n|inactive|Time left: 300 sec this turn | 300 sec total\n|\n|t:|1783547511\n|switch|p1a: Palossand|Palossand, L89, M|100/100\n|move|p2a: Slaking|Giga Impact|p1a: Palossand\n|-immune|p1a: Palossand\n|\n|-fieldend|move: Electric Terrain\n|upkeep\n|turn|12\n|inactive|Time left: 300 sec this turn | 300 sec total\n|\n|t:|1783547512\n|switch|p2a: Vileplume|Vileplume, L85, F|266/266\n|move|p1a: Palossand|Stealth Rock|p2a: Vileplume\n|-sidestart|p2: p0y662c23c|move: Stealth Rock\n|\n|upkeep\n|turn|13\n|inactive|Time left: 300 sec this turn | 300 sec total\n|\n|t:|1783547513\n|move|p2a: Vileplume|Giga Drain|p1a: Palossand\n|-supereffective|p1a: Palossand\n|-damage|p1a: Palossand|36/100\n|move|p1a: Palossand|Earth Power|p2a: Vileplume\n|-damage|p2a: Vileplume|157/266\n|\n|-heal|p2a: Vileplume|173/266|[from] item: Leftovers\n|-heal|p1a: Palossand|42/100|[from] item: Leftovers\n|upkeep\n|turn|14\n|inactive|Time left: 300 sec this turn | 300 sec total\n|\n|t:|1783547514\n|-terastallize|p1a: Palossand|Poison\n|move|p2a: Vileplume|Giga Drain|p1a: Palossand\n|-resisted|p1a: Palossand\n|-damage|p1a: Palossand|24/100\n|-heal|p2a: Vileplume|200/266|[from] drain|[of] p1a: Palossand\n|move|p1a: Palossand|Shore Up|p1a: Palossand\n|-heal|p1a: Palossand|74/100\n|\n|-heal|p2a: Vileplume|216/266|[from] item: Leftovers\n|-heal|p1a: Palossand|80/100|[from] item: Leftovers\n|upkeep\n|turn|15\n|inactive|Time left: 300 sec this turn | 300 sec total\n|\n|t:|1783547515\n|move|p2a: Vileplume|Sleep Powder|p1a: Palossand\n|-status|p1a: Palossand|slp|[from] move: Sleep Powder\n|cant|p1a: Palossand|slp\n|\n|-heal|p2a: Vileplume|232/266|[from] item: Leftovers\n|-heal|p1a: Palossand|86/100 slp|[from] item: Leftovers\n|upkeep\n|turn|16\n|inactive|Time left: 300 sec this turn | 300 sec total\n|\n|t:|1783547516\n|move|p2a: Vileplume|Giga Drain|p1a: Palossand\n|-resisted|p1a: Palossand\n|-damage|p1a: Palossand|70/100 slp\n|-heal|p2a: Vileplume|256/266|[from] drain|[of] p1a: Palossand\n|cant|p1a: Palossand|slp\n|\n|-heal|p2a: Vileplume|266/266|[from] item: Leftovers\n|-heal|p1a: Palossand|76/100 slp|[from] item: Leftovers\n|upkeep\n|turn|17\n|inactive|Time left: 300 sec this turn | 300 sec total\n|\n|t:|1783547517\n|move|p2a: Vileplume|Giga Drain|p1a: Palossand\n|-resisted|p1a: Palossand\n|-damage|p1a: Palossand|59/100 slp\n|cant|p1a: Palossand|slp\n|\n|-heal|p1a: Palossand|65/100 slp|[from] item: Leftovers\n|upkeep\n|turn|18\n|inactive|Time left: 300 sec this turn | 300 sec total\n|\n|t:|1783547518\n|move|p2a: Vileplume|Sludge Bomb|p1a: Palossand\n|-resisted|p1a: Palossand\n|-damage|p1a: Palossand|46/100 slp\n|-curestatus|p1a: Palossand|slp|[msg]\n|move|p1a: Palossand|Shore Up|p1a: Palossand\n|-heal|p1a: Palossand|96/100\n|\n|-heal|p1a: Palossand|100/100|[from] item: Leftovers\n|upkeep\n|turn|19\n|inactive|Time left: 300 sec this turn | 300 sec total\n|\n|t:|1783547519\n|move|p2a: Vileplume|Sleep Powder|p1a: Palossand\n|-status|p1a: Palossand|slp|[from] move: Sleep Powder\n|cant|p1a: Palossand|slp\n|\n|upkeep\n|turn|20\n|inactive|Time left: 300 sec this turn | 300 sec total\n|\n|t:|1783547520\n|move|p2a: Vileplume|Sludge Bomb|p1a: Palossand\n|-resisted|p1a: Palossand\n|-damage|p1a: Palossand|81/100 slp\n|cant|p1a: Palossand|slp\n|\n|-heal|p1a: Palossand|87/100 slp|[from] item: Leftovers\n|upkeep\n|turn|21\n|inactive|Time left: 300 sec this turn | 300 sec total\n|\n|t:|1783547522\n|move|p2a: Vileplume|Sludge Bomb|p1a: Palossand\n|-resisted|p1a: Palossand\n|-damage|p1a: Palossand|67/100 slp\n|-curestatus|p1a: Palossand|slp|[msg]\n|move|p1a: Palossand|Earth Power|p2a: Vileplume\n|-damage|p2a: Vileplume|163/266\n|\n|-heal|p2a: Vileplume|179/266|[from] item: Leftovers\n|-heal|p1a: Palossand|73/100|[from] item: Leftovers\n|upkeep\n|turn|22\n|inactive|Time left: 300 sec this turn | 300 sec total\n|\n|t:|1783547523\n|move|p2a: Vileplume|Strength Sap|p1a: Palossand\n|-unboost|p1a: Palossand|atk|1\n|-heal|p2a: Vileplume|266/266\n|move|p1a: Palossand|Earth Power|p2a: Vileplume\n|-damage|p2a: Vileplume|161/266\n|\n|-heal|p2a: Vileplume|177/266|[from] item: Leftovers\n|-heal|p1a: Palossand|79/100|[from] item: Leftovers\n|upkeep\n|turn|23\n|inactive|Time left: 300 sec this turn | 300 sec total\n|\n|t:|1783547524\n|move|p2a: Vileplume|Strength Sap|p1a: Palossand\n|-unboost|p1a: Palossand|atk|1\n|-heal|p2a: Vileplume|266/266\n|move|p1a: Palossand|Earth Power|p2a: Vileplume\n|-damage|p2a: Vileplume|167/266\n|\n|-heal|p2a: Vileplume|183/266|[from] item: Leftovers\n|-heal|p1a: Palossand|85/100|[from] item: Leftovers\n|upkeep\n|turn|24\n|inactive|Time left: 300 sec this turn | 300 sec total\n|\n|t:|1783547525\n|move|p2a: Vileplume|Giga Drain|p1a: Palossand\n|-resisted|p1a: Palossand\n|-damage|p1a: Palossand|68/100\n|-heal|p2a: Vileplume|208/266|[from] drain|[of] p1a: Palossand\n|move|p1a: Palossand|Earth Power|p2a: Vileplume\n|-damage|p2a: Vileplume|96/266\n|\n|-heal|p2a: Vileplume|112/266|[from] item: Leftovers\n|-heal|p1a: Palossand|74/100|[from] item: Leftovers\n|upkeep\n|turn|25\n|inactive|Time left: 300 sec this turn | 300 sec total\n|\n|t:|1783547526\n|move|p2a: Vileplume|Strength Sap|p1a: Palossand\n|-unboost|p1a: Palossand|atk|1\n|-heal|p2a: Vileplume|181/266\n|move|p1a: Palossand|Earth Power|p2a: Vileplume\n|-damage|p2a: Vileplume|76/266\n|\n|-heal|p2a: Vileplume|92/266|[from] item: Leftovers\n|-heal|p1a: Palossand|80/100|[from] item: Leftovers\n|upkeep\n|turn|26\n|inactive|Time left: 300 sec this turn | 300 sec total\n|\n|t:|1783547527\n|move|p2a: Vileplume|Giga Drain|p1a: Palossand\n|-resisted|p1a: Palossand\n|-damage|p1a: Palossand|63/100\n|-heal|p2a: Vileplume|118/266|[from] drain|[of] p1a: Palossand\n|move|p1a: Palossand|Earth Power|p2a: Vileplume\n|-damage|p2a: Vileplume|18/266\n|\n|-heal|p2a: Vileplume|34/266|[from] item: Leftovers\n|-heal|p1a: Palossand|69/100|[from] item: Leftovers\n|upkeep\n|turn|27\n|inactive|Time left: 300 sec this turn | 300 sec total\n|\n|t:|1783547528\n|move|p2a: Vileplume|Sleep Powder|p1a: Palossand\n|-status|p1a: Palossand|slp|[from] move: Sleep Powder\n|cant|p1a: Palossand|slp\n|\n|-heal|p2a: Vileplume|50/266|[from] item: Leftovers\n|-heal|p1a: Palossand|75/100 slp|[from] item: Leftovers\n|upkeep\n|turn|28\n|inactive|Time left: 300 sec this turn | 300 sec total\n|\n|t:|1783547529\n|move|p2a: Vileplume|Strength Sap|p1a: Palossand\n|-unboost|p1a: Palossand|atk|1\n|-heal|p2a: Vileplume|105/266\n|cant|p1a: Palossand|slp\n|\n|-heal|p2a: Vileplume|121/266|[from] item: Leftovers\n|-heal|p1a: Palossand|81/100 slp|[from] item: Leftovers\n|upkeep\n|turn|29\n|inactive|Time left: 300 sec this turn | 300 sec total\n|\n|t:|1783547530\n|move|p2a: Vileplume|Giga Drain|p1a: Palossand\n|-resisted|p1a: Palossand\n|-damage|p1a: Palossand|65/100 slp\n|-heal|p2a: Vileplume|145/266|[from] drain|[of] p1a: Palossand\n|cant|p1a: Palossand|slp\n|\n|-heal|p2a: Vileplume|161/266|[from] item: Leftovers\n|-heal|p1a: Palossand|71/100 slp|[from] item: Leftovers\n|upkeep\n|turn|30\n|inactive|Time left: 300 sec this turn | 300 sec total\n|\n|t:|1783547531\n|move|p2a: Vileplume|Sludge Bomb|p1a: Palossand\n|-resisted|p1a: Palossand\n|-damage|p1a: Palossand|53/100 slp\n|-curestatus|p1a: Palossand|slp|[msg]\n|move|p1a: Palossand|Earth Power|p2a: Vileplume\n|-damage|p2a: Vileplume|56/266\n|\n|-heal|p2a: Vileplume|72/266|[from] item: Leftovers\n|-heal|p1a: Palossand|59/100|[from] item: Leftovers\n|upkeep\n|turn|31\n|inactive|Time left: 300 sec this turn | 300 sec total\n|\n|t:|1783547532\n|move|p2a: Vileplume|Sleep Powder|p1a: Palossand\n|-status|p1a: Palossand|slp|[from] move: Sleep Powder\n|cant|p1a: Palossand|slp\n|\n|-heal|p2a: Vileplume|88/266|[from] item: Leftovers\n|-heal|p1a: Palossand|65/100 slp|[from] item: Leftovers\n|upkeep\n|turn|32\n|inactive|Time left: 300 sec this turn | 300 sec total\n|\n|t:|1783547533\n|move|p2a: Vileplume|Strength Sap|p1a: Palossand\n|-unboost|p1a: Palossand|atk|1\n|-heal|p2a: Vileplume|134/266\n|cant|p1a: Palossand|slp\n|\n|-heal|p2a: Vileplume|150/266|[from] item: Leftovers\n|-heal|p1a: Palossand|71/100 slp|[from] item: Leftovers\n|upkeep\n|turn|33\n|inactive|Time left: 300 sec this turn | 300 sec total\n|\n|t:|1783547534\n|move|p2a: Vileplume|Sludge Bomb|p1a: Palossand\n|-resisted|p1a: Palossand\n|-damage|p1a: Palossand|51/100 slp\n|cant|p1a: Palossand|slp\n|\n|-heal|p2a: Vileplume|166/266|[from] item: Leftovers\n|-heal|p1a: Palossand|57/100 slp|[from] item: Leftovers\n|upkeep\n|turn|34\n|inactive|Time left: 300 sec this turn | 300 sec total\n|\n|t:|1783547536\n|move|p2a: Vileplume|Strength Sap|p1a: Palossand\n|-unboost|p1a: Palossand|atk|1\n|-heal|p2a: Vileplume|205/266\n|-curestatus|p1a: Palossand|slp|[msg]\n|move|p1a: Palossand|Earth Power|p2a: Vileplume\n|-damage|p2a: Vileplume|105/266\n|\n|-heal|p2a: Vileplume|121/266|[from] item: Leftovers\n|-heal|p1a: Palossand|63/100|[from] item: Leftovers\n|upkeep\n|turn|35\n|inactive|Time left: 300 sec this turn | 300 sec total\n|\n|t:|1783547537\n|move|p2a: Vileplume|Sleep Powder|p1a: Palossand\n|-status|p1a: Palossand|slp|[from] move: Sleep Powder\n|cant|p1a: Palossand|slp\n|\n|-heal|p2a: Vileplume|137/266|[from] item: Leftovers\n|-heal|p1a: Palossand|69/100 slp|[from] item: Leftovers\n|upkeep\n|turn|36\n|inactive|Time left: 300 sec this turn | 300 sec total\n|\n|t:|1783547538\n|move|p2a: Vileplume|Sludge Bomb|p1a: Palossand\n|-resisted|p1a: Palossand\n|-damage|p1a: Palossand|48/100 slp\n|-curestatus|p1a: Palossand|slp|[msg]\n|move|p1a: Palossand|Earth Power|p2a: Vileplume\n|-damage|p2a: Vileplume|32/266\n|\n|-heal|p2a: Vileplume|48/266|[from] item: Leftovers\n|-heal|p1a: Palossand|55/100|[from] item: Leftovers\n|upkeep\n|turn|37\n|inactive|Time left: 300 sec this turn | 300 sec total\n|\n|t:|1783547539\n|move|p2a: Vileplume|Sleep Powder|p1a: Palossand\n|-status|p1a: Palossand|slp|[from] move: Sleep Powder\n|cant|p1a: Palossand|slp\n|\n|-heal|p2a: Vileplume|64/266|[from] item: Leftovers\n|-heal|p1a: Palossand|61/100 slp|[from] item: Leftovers\n|upkeep\n|turn|38\n|inactive|Time left: 300 sec this turn | 300 sec total\n|\n|t:|1783547540\n|move|p2a: Vileplume|Strength Sap||[still]\n|-fail|p2a: Vileplume\n|cant|p1a: Palossand|slp\n|\n|-heal|p2a: Vileplume|80/266|[from] item: Leftovers\n|-heal|p1a: Palossand|67/100 slp|[from] item: Leftovers\n|upkeep\n|turn|39\n|inactive|Time left: 300 sec this turn | 300 sec total\n|\n|t:|1783547541\n|move|p2a: Vileplume|Giga Drain|p1a: Palossand\n|-resisted|p1a: Palossand\n|-damage|p1a: Palossand|51/100 slp\n|-heal|p2a: Vileplume|104/266|[from] drain|[of] p1a: Palossand\n|-curestatus|p1a: Palossand|slp|[msg]\n|move|p1a: Palossand|Earth Power|p2a: Vileplume\n|-damage|p2a: Vileplume|4/266\n|\n|-heal|p2a: Vileplume|20/266|[from] item: Leftovers\n|-heal|p1a: Palossand|57/100|[from] item: Leftovers\n|upkeep\n|turn|40\n|inactive|Time left: 300 sec this turn | 300 sec total\n|\n|t:|1783547542\n|move|p2a: Vileplume|Sleep Powder|p1a: Palossand|[miss]\n|-miss|p2a: Vileplume|p1a: Palossand\n|move|p1a: Palossand|Earth Power|p2a: Vileplume\n|-damage|p2a: Vileplume|0 fnt\n|faint|p2a: Vileplume\n|\n|-heal|p1a: Palossand|63/100|[from] item: Leftovers\n|upkeep\n|inactive|Time left: 300 sec this turn | 300 sec total | 5 sec grace\n|\n|t:|1783547543\n|switch|p2a: Slaking|Slaking, L84, M|172/389\n|-damage|p2a: Slaking|124/389|[from] Stealth Rock\n|turn|41\n|inactive|Time left: 300 sec this turn | 300 sec total\n|\n|t:|1783547545\n|move|p2a: Slaking|Giga Impact|p1a: Palossand\n|-damage|p1a: Palossand|0 fnt\n|-mustrecharge|p2a: Slaking\n|faint|p1a: Palossand\n|\n|upkeep\n|\n|t:|1783547546\n|switch|p1a: Lumineon|Lumineon, L93, M|71/100\n|turn|42\n|inactive|Time left: 300 sec this turn | 300 sec total\n|\n|t:|1783547547\n|cant|p2a: Slaking|recharge\n|move|p1a: Lumineon|Hydro Pump|p2a: Slaking\n|-damage|p2a: Slaking|0 fnt\n|faint|p2a: Slaking\n|-damage|p1a: Lumineon|62/100|[from] item: Life Orb\n|\n|upkeep\n|inactive|Time left: 300 sec this turn | 300 sec total | 5 sec grace\n|\n|t:|1783547548\n|switch|p2a: Lanturn|Lanturn, L89, M|367/367\n|-damage|p2a: Lanturn|322/367|[from] Stealth Rock\n|turn|43\n|inactive|Time left: 300 sec this turn | 300 sec total\n|\n|t:|1783547549\n|switch|p1a: Grimmsnarl|Grimmsnarl, L83, M|100/100\n|move|p2a: Lanturn|Thunderbolt|p1a: Grimmsnarl\n|-damage|p1a: Grimmsnarl|64/100\n|\n|-heal|p2a: Lanturn|344/367|[from] item: Leftovers\n|-heal|p1a: Grimmsnarl|70/100|[from] item: Leftovers\n|upkeep\n|turn|44\n|inactive|Time left: 300 sec this turn | 300 sec total\n|\n|t:|1783547550\n|move|p2a: Lanturn|Scald|p1a: Grimmsnarl\n|-damage|p1a: Grimmsnarl|39/100\n|move|p1a: Grimmsnarl|Spirit Break|p2a: Lanturn\n|-damage|p2a: Lanturn|232/367\n|-unboost|p2a: Lanturn|spa|1\n|\n|-heal|p2a: Lanturn|254/367|[from] item: Leftovers\n|-heal|p1a: Grimmsnarl|45/100|[from] item: Leftovers\n|upkeep\n|turn|45\n|inactive|Time left: 300 sec this turn | 300 sec total\n|\n|t:|1783547551\n|move|p2a: Lanturn|Scald|p1a: Grimmsnarl\n|-damage|p1a: Grimmsnarl|24/100\n|move|p1a: Grimmsnarl|Spirit Break|p2a: Lanturn\n|-damage|p2a: Lanturn|140/367\n|-unboost|p2a: Lanturn|spa|1\n|\n|-heal|p2a: Lanturn|162/367|[from] item: Leftovers\n|-heal|p1a: Grimmsnarl|30/100|[from] item: Leftovers\n|upkeep\n|turn|46\n|inactive|Time left: 300 sec this turn | 300 sec total\n|\n|t:|1783547552\n|move|p2a: Lanturn|Thunder Wave|p1a: Grimmsnarl\n|-status|p1a: Grimmsnarl|par\n|move|p1a: Grimmsnarl|Spirit Break|p2a: Lanturn\n|-damage|p2a: Lanturn|45/367\n|-unboost|p2a: Lanturn|spa|1\n|\n|-heal|p2a: Lanturn|67/367|[from] item: Leftovers\n|-heal|p1a: Grimmsnarl|36/100 par|[from] item: Leftovers\n|upkeep\n|turn|47\n|inactive|Time left: 300 sec this turn | 300 sec total\n|\n|t:|1783547553\n|switch|p2a: Regice|Regice, L88|36/284\n|cant|p1a: Grimmsnarl|par\n|\n|-heal|p1a: Grimmsnarl|42/100 par|[from] item: Leftovers\n|upkeep\n|turn|48\n|inactive|Time left: 300 sec this turn | 300 sec total\n|\n|t:|1783547554\n|move|p1a: Grimmsnarl|Sucker Punch||[still]\n|-fail|p1a: Grimmsnarl\n|move|p2a: Regice|Rest|p2a: Regice\n|-status|p2a: Regice|slp|[from] move: Rest\n|-heal|p2a: Regice|284/284 slp|[silent]\n|\n|-heal|p1a: Grimmsnarl|48/100 par|[from] item: Leftovers\n|upkeep\n|turn|49\n|inactive|Time left: 300 sec this turn | 300 sec total\n|\n|t:|1783547555\n|move|p1a: Grimmsnarl|Taunt|p2a: Regice\n|-start|p2a: Regice|move: Taunt\n|cant|p2a: Regice|slp\n|cant|p2a: Regice|move: Taunt|Sleep Talk\n|\n|-heal|p1a: Grimmsnarl|54/100 par|[from] item: Leftovers\n|upkeep\n|turn|50\n|inactive|Time left: 300 sec this turn | 300 sec total\n|\n|t:|1783547556\n|cant|p2a: Regice|slp\n|move|p1a: Grimmsnarl|Spirit Break|p2a: Regice\n|-damage|p2a: Regice|199/284 slp\n|\n|-heal|p1a: Grimmsnarl|61/100 par|[from] item: Leftovers\n|upkeep\n|turn|51\n|inactive|Time left: 300 sec this turn | 300 sec total\n|\n|t:|1783547558\n|move|p1a: Grimmsnarl|Sucker Punch|p2a: Regice\n|-damage|p2a: Regice|123/284 slp\n|-curestatus|p2a: Regice|slp|[msg]\n|move|p2a: Regice|Ice Beam|p1a: Grimmsnarl\n|-damage|p1a: Grimmsnarl|16/100 par\n|\n|-heal|p1a: Grimmsnarl|22/100 par|[from] item: Leftovers\n|-end|p2a: Regice|move: Taunt\n|upkeep\n|turn|52\n|inactive|Time left: 300 sec this turn | 300 sec total\n|\n|t:|1783547559\n|move|p2a: Regice|Thunderbolt|p1a: Grimmsnarl\n|-damage|p1a: Grimmsnarl|0 fnt\n|faint|p1a: Grimmsnarl\n|\n|upkeep\n|\n|t:|1783547560\n|switch|p1a: Smeargle|Smeargle, L95, F|100/100\n|turn|53\n|inactive|Time left: 300 sec this turn | 300 sec total\n|\n|t:|1783547561\n|move|p1a: Smeargle|Population Bomb|p2a: Regice\n|-damage|p2a: Regice|108/284\n|-damage|p2a: Regice|95/284\n|-damage|p2a: Regice|80/284\n|-damage|p2a: Regice|65/284\n|-damage|p2a: Regice|50/284\n|-hitcount|p2a: Regice|5\n|move|p2a: Regice|Ice Beam|p1a: Smeargle\n|-damage|p1a: Smeargle|41/100\n|\n|upkeep\n|turn|54\n|inactive|Time left: 300 sec this turn | 300 sec total\n|\n|t:|1783547562\n|move|p1a: Smeargle|Population Bomb|p2a: Regice\n|-damage|p2a: Regice|35/284\n|-damage|p2a: Regice|20/284\n|-damage|p2a: Regice|5/284\n|-damage|p2a: Regice|0 fnt\n|faint|p2a: Regice\n|-hitcount|p2: Regice|4\n|\n|upkeep\n|inactive|Time left: 300 sec this turn | 300 sec total | 5 sec grace\n|\n|t:|1783547563\n|switch|p2a: Noivern|Noivern, L82, M|274/274\n|turn|55\n|inactive|Time left: 300 sec this turn | 300 sec total\n|\n|t:|1783547564\n|move|p2a: Noivern|Hurricane|p1a: Smeargle|[miss]\n|-miss|p2a: Noivern|p1a: Smeargle\n|move|p1a: Smeargle|Shell Smash|p1a: Smeargle\n|-unboost|p1a: Smeargle|def|1\n|-unboost|p1a: Smeargle|spd|1\n|-boost|p1a: Smeargle|atk|2\n|-boost|p1a: Smeargle|spa|2\n|-boost|p1a: Smeargle|spe|2\n|\n|upkeep\n|turn|56\n|inactive|Time left: 300 sec this turn | 300 sec total\n|\n|t:|1783547565\n|switch|p2a: Lanturn|Lanturn, L89, M|67/367\n|-damage|p2a: Lanturn|22/367|[from] Stealth Rock\n|move|p1a: Smeargle|Population Bomb|p2a: Lanturn\n|-damage|p2a: Lanturn|0 fnt\n|faint|p2a: Lanturn\n|-hitcount|p2: Lanturn|1\n|\n|upkeep\n|inactive|Time left: 300 sec this turn | 300 sec total | 5 sec grace\n|\n|t:|1783547566\n|switch|p2a: Noivern|Noivern, L82, M|274/274\n|turn|57\n|inactive|Time left: 300 sec this turn | 300 sec total\n|\n|t:|1783547567\n|move|p1a: Smeargle|Population Bomb|p2a: Noivern\n|-damage|p2a: Noivern|237/274\n|-damage|p2a: Noivern|203/274\n|-damage|p2a: Noivern|167/274\n|-damage|p2a: Noivern|131/274\n|-damage|p2a: Noivern|95/274\n|-crit|p2a: Noivern\n|-damage|p2a: Noivern|43/274\n|-damage|p2a: Noivern|9/274\n|-damage|p2a: Noivern|0 fnt\n|faint|p2a: Noivern\n|-hitcount|p2: Noivern|8\n|\n|win|p0x662e15e", "uploadtime": 1783547567, "views": 0, "rating": 0, "private": 0, "password": null, "_winner": "p0x662e15e", "_our_name": "p0y662c23c"}