{"id": "battle-gen9randombattle-2597", "formatid": "gen9randombattle", "format": "[Gen 9] Random Battle", "players": ["p0x2597743a", "p0y259738d1"], "log": "|init|battle\n|title|p0x2597743a vs. p0y259738d1\n|j|\u2606p0x2597743a\n|j|\u2606p0y259738d1\n|t:|1783569979\n|gametype|singles\n|player|p1|p0x2597743a|266|\n|player|p2|p0y259738d1|102|\n|gen|9\n|tier|[Gen 9] Random Battle\n|rule|Species Clause: Limit one of each Pok\u00e9mon\n|rule|HP Percentage Mod: HP is shown in percentages\n|rule|Sleep Clause Mod: Limit one foe put to sleep\n|rule|Illusion Level Mod: Illusion disguises the Pok\u00e9mon's true level\n|\n|t:|1783569979\n|teamsize|p1|6\n|teamsize|p2|6\n|start\n|switch|p1a: Illumise|Illumise, L91, F|100/100\n|switch|p2a: Rhyperior|Rhyperior, L82, F|323/323\n|turn|1\n|inactive|Battle timer is ON: inactive players will automatically lose when time's up. (requested by p0x2597743a)\n|inactive|Time left: 300 sec this turn | 300 sec total | 60 sec grace\n|\n|t:|1783569981\n|move|p1a: Illumise|Bug Buzz|p2a: Rhyperior\n|-damage|p2a: Rhyperior|241/323\n|move|p2a: Rhyperior|Earthquake|p1a: Illumise\n|-resisted|p1a: Illumise\n|-damage|p1a: Illumise|73/100\n|\n|upkeep\n|turn|2\n|inactive|Time left: 300 sec this turn | 300 sec total\n|inactive|p0y259738d1 also wants the timer to be on.\n|\n|t:|1783569981\n|move|p1a: Illumise|Bug Buzz|p2a: Rhyperior\n|-damage|p2a: Rhyperior|157/323\n|move|p2a: Rhyperior|Earthquake|p1a: Illumise\n|-resisted|p1a: Illumise\n|-damage|p1a: Illumise|49/100\n|\n|upkeep\n|turn|3\n|inactive|Time left: 300 sec this turn | 300 sec total\n|\n|t:|1783569982\n|move|p1a: Illumise|Bug Buzz|p2a: Rhyperior\n|-damage|p2a: Rhyperior|76/323\n|move|p2a: Rhyperior|Stone Edge|p1a: Illumise\n|-supereffective|p1a: Illumise\n|-damage|p1a: Illumise|0 fnt\n|faint|p1a: Illumise\n|\n|upkeep\n|\n|t:|1783569983\n|switch|p1a: Flutter Mane|Flutter Mane, L74|100/100\n|turn|4\n|inactive|Time left: 300 sec this turn | 300 sec total\n|\n|t:|1783569984\n|switch|p2a: Ting-Lu|Ting-Lu, L78|370/370\n|-ability|p2a: Ting-Lu|Vessel of Ruin\n|move|p1a: Flutter Mane|Moonblast|p2a: Ting-Lu\n|-supereffective|p2a: Ting-Lu\n|-damage|p2a: Ting-Lu|104/370\n|\n|-heal|p2a: Ting-Lu|127/370|[from] item: Leftovers\n|upkeep\n|turn|5\n|inactive|Time left: 300 sec this turn | 300 sec total\n|\n|t:|1783569985\n|switch|p2a: Scream Tail|Scream Tail, L84|330/330\n|move|p1a: Flutter Mane|Moonblast|p2a: Scream Tail\n|-damage|p2a: Scream Tail|215/330\n|\n|-heal|p2a: Scream Tail|235/330|[from] item: Leftovers\n|upkeep\n|turn|6\n|inactive|Time left: 300 sec this turn | 300 sec total\n|\n|t:|1783569986\n|move|p1a: Flutter Mane|Moonblast|p2a: Scream Tail\n|-damage|p2a: Scream Tail|103/330\n|move|p2a: Scream Tail|Wish|p2a: Scream Tail\n|\n|-heal|p2a: Scream Tail|123/330|[from] item: Leftovers\n|upkeep\n|turn|7\n|inactive|Time left: 300 sec this turn | 300 sec total\n|\n|t:|1783569987\n|move|p2a: Scream Tail|Protect|p2a: Scream Tail\n|-singleturn|p2a: Scream Tail|Protect\n|move|p1a: Flutter Mane|Moonblast|p2a: Scream Tail\n|-activate|p2a: Scream Tail|move: Protect\n|\n|-heal|p2a: Scream Tail|288/330|[from] move: Wish|[wisher] Scream Tail\n|-heal|p2a: Scream Tail|308/330|[from] item: Leftovers\n|upkeep\n|turn|8\n|inactive|Time left: 300 sec this turn | 300 sec total\n|\n|t:|1783569988\n|move|p1a: Flutter Mane|Moonblast|p2a: Scream Tail\n|-crit|p2a: Scream Tail\n|-damage|p2a: Scream Tail|106/330\n|move|p2a: Scream Tail|Wish|p2a: Scream Tail\n|\n|-heal|p2a: Scream Tail|126/330|[from] item: Leftovers\n|upkeep\n|turn|9\n|inactive|Time left: 300 sec this turn | 300 sec total\n|\n|t:|1783569989\n|move|p2a: Scream Tail|Protect|p2a: Scream Tail\n|-singleturn|p2a: Scream Tail|Protect\n|move|p1a: Flutter Mane|Moonblast|p2a: Scream Tail\n|-activate|p2a: Scream Tail|move: Protect\n|\n|-heal|p2a: Scream Tail|291/330|[from] move: Wish|[wisher] Scream Tail\n|-heal|p2a: Scream Tail|311/330|[from] item: Leftovers\n|upkeep\n|turn|10\n|inactive|Time left: 300 sec this turn | 300 sec total\n|\n|t:|1783569989\n|move|p1a: Flutter Mane|Moonblast|p2a: Scream Tail\n|-damage|p2a: Scream Tail|181/330\n|-unboost|p2a: Scream Tail|spa|1\n|move|p2a: Scream Tail|Dazzling Gleam|p1a: Flutter Mane\n|-damage|p1a: Flutter Mane|83/100\n|\n|-heal|p2a: Scream Tail|201/330|[from] item: Leftovers\n|upkeep\n|turn|11\n|inactive|Time left: 300 sec this turn | 300 sec total\n|\n|t:|1783569991\n|move|p2a: Scream Tail|Protect|p2a: Scream Tail\n|-singleturn|p2a: Scream Tail|Protect\n|move|p1a: Flutter Mane|Moonblast|p2a: Scream Tail\n|-activate|p2a: Scream Tail|move: Protect\n|\n|-heal|p2a: Scream Tail|221/330|[from] item: Leftovers\n|upkeep\n|turn|12\n|inactive|Time left: 300 sec this turn | 300 sec total\n|\n|t:|1783569992\n|move|p1a: Flutter Mane|Moonblast|p2a: Scream Tail\n|-damage|p2a: Scream Tail|97/330\n|move|p2a: Scream Tail|Wish|p2a: Scream Tail\n|\n|-heal|p2a: Scream Tail|117/330|[from] item: Leftovers\n|upkeep\n|turn|13\n|inactive|Time left: 300 sec this turn | 300 sec total\n|\n|t:|1783569993\n|move|p2a: Scream Tail|Protect|p2a: Scream Tail\n|-singleturn|p2a: Scream Tail|Protect\n|move|p1a: Flutter Mane|Moonblast|p2a: Scream Tail\n|-activate|p2a: Scream Tail|move: Protect\n|\n|-heal|p2a: Scream Tail|282/330|[from] move: Wish|[wisher] Scream Tail\n|-heal|p2a: Scream Tail|302/330|[from] item: Leftovers\n|upkeep\n|turn|14\n|inactive|Time left: 300 sec this turn | 300 sec total\n|\n|t:|1783569994\n|move|p1a: Flutter Mane|Moonblast|p2a: Scream Tail\n|-crit|p2a: Scream Tail\n|-damage|p2a: Scream Tail|109/330\n|move|p2a: Scream Tail|Wish|p2a: Scream Tail\n|\n|-heal|p2a: Scream Tail|129/330|[from] item: Leftovers\n|upkeep\n|turn|15\n|inactive|Time left: 300 sec this turn | 300 sec total\n|\n|t:|1783569995\n|move|p2a: Scream Tail|Protect|p2a: Scream Tail\n|-singleturn|p2a: Scream Tail|Protect\n|move|p1a: Flutter Mane|Moonblast|p2a: Scream Tail\n|-activate|p2a: Scream Tail|move: Protect\n|\n|-heal|p2a: Scream Tail|294/330|[from] move: Wish|[wisher] Scream Tail\n|-heal|p2a: Scream Tail|314/330|[from] item: Leftovers\n|upkeep\n|turn|16\n|inactive|Time left: 300 sec this turn | 300 sec total\n|\n|t:|1783569996\n|move|p1a: Flutter Mane|Moonblast|p2a: Scream Tail\n|-damage|p2a: Scream Tail|179/330\n|move|p2a: Scream Tail|Wish|p2a: Scream Tail\n|\n|-heal|p2a: Scream Tail|199/330|[from] item: Leftovers\n|upkeep\n|turn|17\n|inactive|Time left: 300 sec this turn | 300 sec total\n|\n|t:|1783569997\n|move|p2a: Scream Tail|Protect|p2a: Scream Tail\n|-singleturn|p2a: Scream Tail|Protect\n|move|p1a: Flutter Mane|Moonblast|p2a: Scream Tail\n|-activate|p2a: Scream Tail|move: Protect\n|\n|-heal|p2a: Scream Tail|330/330|[from] move: Wish|[wisher] Scream Tail\n|upkeep\n|turn|18\n|inactive|Time left: 300 sec this turn | 300 sec total\n|\n|t:|1783569998\n|-end|p2a: Scream Tail|Protosynthesis|[silent]\n|switch|p2a: Clefable|Clefable, L83, M|293/293\n|move|p1a: Flutter Mane|Moonblast|p2a: Clefable\n|-damage|p2a: Clefable|136/293\n|\n|-heal|p2a: Clefable|154/293|[from] item: Leftovers\n|upkeep\n|turn|19\n|inactive|Time left: 300 sec this turn | 300 sec total\n|\n|t:|1783570000\n|-terastallize|p2a: Clefable|Steel\n|move|p1a: Flutter Mane|Moonblast|p2a: Clefable\n|-resisted|p2a: Clefable\n|-crit|p2a: Clefable\n|-damage|p2a: Clefable|47/293\n|move|p2a: Clefable|Knock Off|p1a: Flutter Mane\n|-damage|p1a: Flutter Mane|38/100\n|-enditem|p1a: Flutter Mane|Choice Specs|[from] move: Knock Off|[of] p2a: Clefable\n|\n|-heal|p2a: Clefable|65/293|[from] item: Leftovers\n|upkeep\n|turn|20\n|inactive|Time left: 300 sec this turn | 300 sec total\n|\n|t:|1783570001\n|switch|p2a: Skuntank|Skuntank, L84, M|310/310\n|move|p1a: Flutter Mane|Shadow Ball|p2a: Skuntank\n|-resisted|p2a: Skuntank\n|-damage|p2a: Skuntank|259/310\n|\n|upkeep\n|turn|21\n|inactive|Time left: 300 sec this turn | 300 sec total\n|\n|t:|1783570002\n|move|p1a: Flutter Mane|Moonblast|p2a: Skuntank\n|-damage|p2a: Skuntank|133/310\n|move|p2a: Skuntank|Knock Off|p1a: Flutter Mane\n|-damage|p1a: Flutter Mane|0 fnt\n|faint|p1a: Flutter Mane\n|-end|p1a: Flutter Mane|Protosynthesis|[silent]\n|-damage|p2a: Skuntank|102/310|[from] item: Life Orb\n|\n|upkeep\n|\n|t:|1783570003\n|switch|p1a: Iron Jugulis|Iron Jugulis, L77|100/100\n|turn|22\n|inactive|Time left: 300 sec this turn | 300 sec total\n|\n|t:|1783570004\n|switch|p2a: Ting-Lu|Ting-Lu, L78|127/370\n|-ability|p2a: Ting-Lu|Vessel of Ruin\n|move|p1a: Iron Jugulis|Meteor Beam||[still]\n|-prepare|p1a: Iron Jugulis|Meteor Beam\n|-boost|p1a: Iron Jugulis|spa|1\n|-enditem|p1a: Iron Jugulis|Power Herb\n|-anim|p1a: Iron Jugulis|Meteor Beam|p2a: Ting-Lu\n|-resisted|p2a: Ting-Lu\n|-damage|p2a: Ting-Lu|74/370\n|\n|-heal|p2a: Ting-Lu|97/370|[from] item: Leftovers\n|upkeep\n|turn|23\n|inactive|Time left: 300 sec this turn | 300 sec total\n|\n|t:|1783570005\n|move|p1a: Iron Jugulis|Hurricane|p2a: Ting-Lu\n|-damage|p2a: Ting-Lu|0 fnt\n|faint|p2a: Ting-Lu\n|\n|upkeep\n|inactive|Time left: 300 sec this turn | 300 sec total | 5 sec grace\n|\n|t:|1783570006\n|switch|p2a: Scream Tail|Scream Tail, L84|330/330\n|turn|24\n|inactive|Time left: 300 sec this turn | 300 sec total\n|\n|t:|1783570007\n|-end|p1a: Iron Jugulis|Quark Drive|[silent]\n|switch|p1a: Minun|Minun, L95, M|100/100\n|move|p2a: Scream Tail|Dazzling Gleam|p1a: Minun\n|-damage|p1a: Minun|79/100\n|\n|upkeep\n|turn|25\n|inactive|Time left: 300 sec this turn | 300 sec total\n|\n|t:|1783570008\n|move|p2a: Scream Tail|Dazzling Gleam|p1a: Minun\n|-damage|p1a: Minun|56/100\n|move|p1a: Minun|Nasty Plot|p1a: Minun\n|-boost|p1a: Minun|spa|2\n|\n|upkeep\n|turn|26\n|inactive|Time left: 300 sec this turn | 300 sec total\n|\n|t:|1783570009\n|move|p2a: Scream Tail|Encore|p1a: Minun\n|-start|p1a: Minun|Encore\n|move|p1a: Minun|Nasty Plot|p1a: Minun\n|-boost|p1a: Minun|spa|2\n|\n|upkeep\n|turn|27\n|inactive|Time left: 300 sec this turn | 300 sec total\n|\n|t:|1783570010\n|switch|p1a: Lanturn|Lanturn, L89, F|100/100\n|move|p2a: Scream Tail|Dazzling Gleam|p1a: Lanturn\n|-damage|p1a: Lanturn|81/100\n|\n|upkeep\n|turn|28\n|inactive|Time left: 300 sec this turn | 300 sec total\n|\n|t:|1783570012\n|move|p2a: Scream Tail|Dazzling Gleam|p1a: Lanturn\n|-damage|p1a: Lanturn|63/100\n|move|p1a: Lanturn|Volt Switch|p2a: Scream Tail\n|-damage|p2a: Scream Tail|278/330\n|\n|t:|1783570013\n|switch|p1a: Minun|Minun, L95, M|56/100|[from] Volt Switch\n|\n|-heal|p2a: Scream Tail|298/330|[from] item: Leftovers\n|upkeep\n|turn|29\n|inactive|Time left: 300 sec this turn | 300 sec total\n|\n|t:|1783570014\n|move|p2a: Scream Tail|Dazzling Gleam|p1a: Minun\n|-damage|p1a: Minun|35/100\n|move|p1a: Minun|Nasty Plot|p1a: Minun\n|-boost|p1a: Minun|spa|2\n|\n|-heal|p2a: Scream Tail|318/330|[from] item: Leftovers\n|upkeep\n|turn|30\n|inactive|Time left: 300 sec this turn | 300 sec total\n|\n|t:|1783570015\n|move|p2a: Scream Tail|Encore|p1a: Minun\n|-start|p1a: Minun|Encore\n|move|p1a: Minun|Nasty Plot|p1a: Minun\n|-boost|p1a: Minun|spa|2\n|\n|-heal|p2a: Scream Tail|330/330|[from] item: Leftovers\n|upkeep\n|turn|31\n|inactive|Time left: 300 sec this turn | 300 sec total\n|\n|t:|1783570016\n|switch|p1a: Iron Jugulis|Iron Jugulis, L77|100/100\n|move|p2a: Scream Tail|Dazzling Gleam|p1a: Iron Jugulis\n|-supereffective|p1a: Iron Jugulis\n|-damage|p1a: Iron Jugulis|50/100\n|\n|upkeep\n|turn|32\n|inactive|Time left: 300 sec this turn | 300 sec total\n|\n|t:|1783570017\n|-end|p1a: Iron Jugulis|Quark Drive|[silent]\n|switch|p1a: Lanturn|Lanturn, L89, F|63/100\n|move|p2a: Scream Tail|Dazzling Gleam|p1a: Lanturn\n|-damage|p1a: Lanturn|43/100\n|\n|upkeep\n|turn|33\n|inactive|Time left: 300 sec this turn | 300 sec total\n|\n|t:|1783570018\n|move|p2a: Scream Tail|Dazzling Gleam|p1a: Lanturn\n|-damage|p1a: Lanturn|24/100\n|move|p1a: Lanturn|Thunderbolt|p2a: Scream Tail\n|-damage|p2a: Scream Tail|257/330\n|\n|-heal|p2a: Scream Tail|277/330|[from] item: Leftovers\n|upkeep\n|turn|34\n|inactive|Time left: 300 sec this turn | 300 sec total\n|\n|t:|1783570019\n|move|p2a: Scream Tail|Dazzling Gleam|p1a: Lanturn\n|-damage|p1a: Lanturn|5/100\n|move|p1a: Lanturn|Thunder Wave|p2a: Scream Tail\n|-status|p2a: Scream Tail|par\n|\n|-heal|p2a: Scream Tail|297/330 par|[from] item: Leftovers\n|upkeep\n|turn|35\n|inactive|Time left: 300 sec this turn | 300 sec total\n|\n|t:|1783570020\n|move|p1a: Lanturn|Volt Switch|p2a: Scream Tail\n|-damage|p2a: Scream Tail|240/330 par\n|\n|t:|1783570021\n|switch|p1a: Minun|Minun, L95, M|35/100|[from] Volt Switch\n|move|p2a: Scream Tail|Dazzling Gleam|p1a: Minun\n|-damage|p1a: Minun|15/100\n|\n|-heal|p2a: Scream Tail|260/330 par|[from] item: Leftovers\n|upkeep\n|turn|36\n|inactive|Time left: 300 sec this turn | 300 sec total\n|\n|t:|1783570022\n|move|p1a: Minun|Thunderbolt|p2a: Scream Tail\n|-damage|p2a: Scream Tail|151/330 par\n|-damage|p1a: Minun|5/100|[from] item: Life Orb\n|move|p2a: Scream Tail|Dazzling Gleam|p1a: Minun\n|-crit|p1a: Minun\n|-damage|p1a: Minun|0 fnt\n|faint|p1a: Minun\n|\n|-heal|p2a: Scream Tail|171/330 par|[from] item: Leftovers\n|upkeep\n|\n|t:|1783570022\n|switch|p1a: Iron Jugulis|Iron Jugulis, L77|50/100\n|turn|37\n|inactive|Time left: 300 sec this turn | 300 sec total\n|\n|t:|1783570023\n|move|p1a: Iron Jugulis|Dark Pulse|p2a: Scream Tail\n|-crit|p2a: Scream Tail\n|-damage|p2a: Scream Tail|63/330 par\n|cant|p2a: Scream Tail|flinch\n|\n|-heal|p2a: Scream Tail|83/330 par|[from] item: Leftovers\n|upkeep\n|turn|38\n|inactive|Time left: 300 sec this turn | 300 sec total\n|\n|t:|1783570024\n|move|p1a: Iron Jugulis|Hurricane|p2a: Scream Tail\n|-damage|p2a: Scream Tail|0 fnt\n|faint|p2a: Scream Tail\n|-end|p2a: Scream Tail|Protosynthesis|[silent]\n|\n|upkeep\n|inactive|Time left: 300 sec this turn | 300 sec total | 5 sec grace\n|\n|t:|1783570025\n|switch|p2a: Rayquaza|Rayquaza, L72|270/270\n|-ability|p2a: Rayquaza|Air Lock\n|turn|39\n|inactive|Time left: 300 sec this turn | 300 sec total\n|\n|t:|1783570026\n|move|p1a: Iron Jugulis|Dark Pulse|p2a: Rayquaza\n|-crit|p2a: Rayquaza\n|-damage|p2a: Rayquaza|131/270\n|move|p2a: Rayquaza|Dragon Ascent|p1a: Iron Jugulis\n|-damage|p1a: Iron Jugulis|0 fnt\n|-unboost|p2a: Rayquaza|def|1\n|-unboost|p2a: Rayquaza|spd|1\n|faint|p1a: Iron Jugulis\n|-end|p1a: Iron Jugulis|Quark Drive|[silent]\n|\n|upkeep\n|\n|t:|1783570027\n|switch|p1a: Latios|Latios, L78, M|100/100\n|turn|40\n|inactive|Time left: 300 sec this turn | 300 sec total\n|\n|t:|1783570028\n|switch|p2a: Skuntank|Skuntank, L84, M|102/310\n|move|p1a: Latios|Luster Purge|p2a: Skuntank\n|-immune|p2a: Skuntank\n|\n|upkeep\n|turn|41\n|inactive|Time left: 300 sec this turn | 300 sec total\n|\n|t:|1783570029\n|move|p1a: Latios|Draco Meteor|p2a: Skuntank\n|-damage|p2a: Skuntank|0 fnt\n|-unboost|p1a: Latios|spa|2\n|faint|p2a: Skuntank\n|\n|upkeep\n|inactive|Time left: 300 sec this turn | 300 sec total | 5 sec grace\n|\n|t:|1783570030\n|switch|p2a: Rayquaza|Rayquaza, L72|131/270\n|-ability|p2a: Rayquaza|Air Lock\n|turn|42\n|inactive|Time left: 300 sec this turn | 300 sec total\n|\n|t:|1783570031\n|move|p1a: Latios|Draco Meteor|p2a: Rayquaza\n|-supereffective|p2a: Rayquaza\n|-damage|p2a: Rayquaza|0 fnt\n|-unboost|p1a: Latios|spa|2\n|faint|p2a: Rayquaza\n|\n|upkeep\n|inactive|Time left: 300 sec this turn | 300 sec total | 5 sec grace\n|\n|t:|1783570032\n|switch|p2a: Clefable|Clefable, L83, M, tera:Steel|65/293\n|turn|43\n|inactive|Time left: 300 sec this turn | 300 sec total\n|\n|t:|1783570033\n|switch|p2a: Rhyperior|Rhyperior, L82, F|76/323\n|-terastallize|p1a: Latios|Steel\n|move|p1a: Latios|Aura Sphere|p2a: Rhyperior\n|-supereffective|p2a: Rhyperior\n|-damage|p2a: Rhyperior|45/323\n|\n|upkeep\n|turn|44\n|inactive|Time left: 300 sec this turn | 300 sec total\n|\n|t:|1783570034\n|move|p1a: Latios|Luster Purge|p2a: Rhyperior\n|-damage|p2a: Rhyperior|5/323\n|-unboost|p2a: Rhyperior|spd|1\n|move|p2a: Rhyperior|Stone Edge|p1a: Latios\n|-resisted|p1a: Latios\n|-damage|p1a: Latios|68/100\n|\n|upkeep\n|turn|45\n|inactive|Time left: 300 sec this turn | 300 sec total\n|\n|t:|1783570035\n|switch|p2a: Clefable|Clefable, L83, M, tera:Steel|65/293\n|move|p1a: Latios|Aura Sphere|p2a: Clefable\n|-supereffective|p2a: Clefable\n|-damage|p2a: Clefable|0 fnt\n|faint|p2a: Clefable\n|\n|upkeep\n|inactive|Time left: 300 sec this turn | 300 sec total | 5 sec grace\n|\n|t:|1783570036\n|switch|p2a: Rhyperior|Rhyperior, L82, F|5/323\n|turn|46\n|inactive|Time left: 300 sec this turn | 300 sec total\n|\n|t:|1783570037\n|move|p1a: Latios|Luster Purge|p2a: Rhyperior\n|-damage|p2a: Rhyperior|0 fnt\n|faint|p2a: Rhyperior\n|\n|win|p0x2597743a", "uploadtime": 1783570037, "views": 0, "rating": 0, "private": 0, "password": null, "_winner": "p0x2597743a", "_our_name": "p0y259738d1"}