{"id": "battle-gen9randombattle-1809", "formatid": "gen9randombattle", "format": "[Gen 9] Random Battle", "players": ["p0x1809ef33", "p0y18099a67"], "log": "|init|battle\n|title|p0x1809ef33 vs. p0y18099a67\n|j|\u2606p0x1809ef33\n|j|\u2606p0y18099a67\n|t:|1783560963\n|gametype|singles\n|player|p1|p0x1809ef33|101|\n|player|p2|p0y18099a67|1|\n|gen|9\n|tier|[Gen 9] Random Battle\n|rule|Species Clause: Limit one of each Pok\u00e9mon\n|rule|HP Percentage Mod: HP is shown in percentages\n|rule|Sleep Clause Mod: Limit one foe put to sleep\n|rule|Illusion Level Mod: Illusion disguises the Pok\u00e9mon's true level\n|\n|t:|1783560963\n|teamsize|p1|6\n|teamsize|p2|6\n|start\n|switch|p1a: Landorus|Landorus-Therian, L76, M|100/100\n|switch|p2a: Dragonite|Dragonite, L74, M|257/257\n|-ability|p1a: Landorus|Intimidate|boost\n|-unboost|p2a: Dragonite|atk|1\n|turn|1\n|inactive|Battle timer is ON: inactive players will automatically lose when time's up. (requested by p0x1809ef33)\n|inactive|Time left: 300 sec this turn | 300 sec total | 60 sec grace\n|\n|t:|1783560965\n|move|p1a: Landorus|Stone Edge|p2a: Dragonite\n|-supereffective|p2a: Dragonite\n|-damage|p2a: Dragonite|176/257\n|move|p2a: Dragonite|Dragon Dance|p2a: Dragonite\n|-boost|p2a: Dragonite|atk|1\n|-boost|p2a: Dragonite|spe|1\n|\n|upkeep\n|turn|2\n|inactive|Time left: 300 sec this turn | 300 sec total\n|inactive|p0y18099a67 also wants the timer to be on.\n|\n|t:|1783560966\n|move|p2a: Dragonite|Outrage|p1a: Landorus\n|-damage|p1a: Landorus|47/100\n|move|p1a: Landorus|Stone Edge|p2a: Dragonite\n|-supereffective|p2a: Dragonite\n|-damage|p2a: Dragonite|2/257\n|\n|-heal|p1a: Landorus|53/100|[from] item: Leftovers\n|upkeep\n|turn|3\n|inactive|Time left: 300 sec this turn | 300 sec total\n|\n|t:|1783560967\n|switch|p1a: Vikavolt|Vikavolt, L83, F|100/100\n|move|p2a: Dragonite|Outrage|p1a: Vikavolt|[from] lockedmove\n|-damage|p1a: Vikavolt|49/100\n|\n|upkeep\n|turn|4\n|inactive|Time left: 300 sec this turn | 300 sec total\n|\n|t:|1783560967\n|move|p2a: Dragonite|Outrage|p1a: Vikavolt|[from] lockedmove\n|-damage|p1a: Vikavolt|3/100\n|-start|p2a: Dragonite|confusion|[fatigue]\n|move|p1a: Vikavolt|Sticky Web|p2a: Dragonite\n|-sidestart|p2: p0y18099a67|move: Sticky Web\n|\n|upkeep\n|turn|5\n|inactive|Time left: 300 sec this turn | 300 sec total\n|\n|t:|1783560968\n|-activate|p2a: Dragonite|confusion\n|-damage|p2a: Dragonite|0 fnt|[from] confusion\n|faint|p2a: Dragonite\n|move|p1a: Vikavolt|Bug Buzz|p2: Dragonite|[notarget]\n|-fail|p1a: Vikavolt\n|\n|upkeep\n|inactive|Time left: 300 sec this turn | 300 sec total | 5 sec grace\n|\n|t:|1783560969\n|switch|p2a: Toxtricity|Toxtricity, L82, M|257/257\n|-activate|p2a: Toxtricity|move: Sticky Web\n|-unboost|p2a: Toxtricity|spe|1\n|turn|6\n|inactive|Time left: 300 sec this turn | 300 sec total\n|\n|t:|1783560970\n|move|p1a: Vikavolt|Thunderbolt|p2a: Toxtricity\n|-resisted|p2a: Toxtricity\n|-damage|p2a: Toxtricity|179/257\n|move|p2a: Toxtricity|Boomburst|p1a: Vikavolt\n|-damage|p1a: Vikavolt|0 fnt\n|faint|p1a: Vikavolt\n|\n|upkeep\n|\n|t:|1783560971\n|switch|p1a: Medicham|Medicham, L86, F|100/100\n|turn|7\n|inactive|Time left: 300 sec this turn | 300 sec total\n|\n|t:|1783560972\n|move|p1a: Medicham|Zen Headbutt|p2a: Toxtricity|[miss]\n|-miss|p1a: Medicham|p2a: Toxtricity\n|move|p2a: Toxtricity|Boomburst|p1a: Medicham\n|-damage|p1a: Medicham|0 fnt\n|faint|p1a: Medicham\n|\n|upkeep\n|\n|t:|1783560973\n|switch|p1a: Iron Leaves|Iron Leaves, L80|100/100\n|turn|8\n|inactive|Time left: 300 sec this turn | 300 sec total\n|\n|t:|1783560974\n|switch|p2a: Moltres|Moltres, L81|278/278\n|move|p1a: Iron Leaves|Psyblade|p2a: Moltres\n|-damage|p2a: Moltres|127/278\n|\n|upkeep\n|turn|9\n|inactive|Time left: 300 sec this turn | 300 sec total\n|\n|t:|1783560975\n|switch|p2a: Tyranitar|Tyranitar, L78, F|284/284\n|-activate|p2a: Tyranitar|move: Sticky Web\n|-unboost|p2a: Tyranitar|spe|1\n|-weather|Sandstorm|[from] ability: Sand Stream|[of] p2a: Tyranitar\n|move|p1a: Iron Leaves|Psyblade|p2a: Tyranitar\n|-immune|p2a: Tyranitar\n|\n|-weather|Sandstorm|[upkeep]\n|-damage|p1a: Iron Leaves|94/100|[from] Sandstorm\n|upkeep\n|turn|10\n|inactive|Time left: 300 sec this turn | 300 sec total\n|\n|t:|1783560976\n|-end|p1a: Iron Leaves|Quark Drive|[silent]\n|switch|p1a: Landorus|Landorus-Therian, L76, M|53/100\n|-ability|p1a: Landorus|Intimidate|boost\n|-unboost|p2a: Tyranitar|atk|1\n|move|p2a: Tyranitar|Knock Off|p1a: Landorus\n|-damage|p1a: Landorus|23/100\n|-enditem|p1a: Landorus|Leftovers|[from] move: Knock Off|[of] p2a: Tyranitar\n|\n|-weather|Sandstorm|[upkeep]\n|upkeep\n|turn|11\n|inactive|Time left: 300 sec this turn | 300 sec total\n|\n|t:|1783560977\n|move|p1a: Landorus|Earthquake|p2a: Tyranitar\n|-supereffective|p2a: Tyranitar\n|-damage|p2a: Tyranitar|48/284\n|-enditem|p2a: Tyranitar|Weakness Policy\n|-boost|p2a: Tyranitar|atk|2|[from] item: Weakness Policy\n|-boost|p2a: Tyranitar|spa|2|[from] item: Weakness Policy\n|move|p2a: Tyranitar|Knock Off|p1a: Landorus\n|-damage|p1a: Landorus|0 fnt\n|faint|p1a: Landorus\n|\n|-weather|Sandstorm|[upkeep]\n|upkeep\n|\n|t:|1783560978\n|switch|p1a: Flareon|Flareon, L90, M|100/100\n|turn|12\n|inactive|Time left: 300 sec this turn | 300 sec total\n|\n|t:|1783560979\n|move|p1a: Flareon|Flare Blitz|p2a: Tyranitar\n|-resisted|p2a: Tyranitar\n|-damage|p2a: Tyranitar|0 fnt\n|faint|p2a: Tyranitar\n|-damage|p1a: Flareon|94/100|[from] Recoil\n|\n|-weather|Sandstorm|[upkeep]\n|-damage|p1a: Flareon|88/100|[from] Sandstorm\n|-status|p1a: Flareon|tox|[from] item: Toxic Orb\n|upkeep\n|inactive|Time left: 300 sec this turn | 300 sec total | 5 sec grace\n|\n|t:|1783560980\n|switch|p2a: Houndstone|Houndstone, L86, F|264/264\n|-activate|p2a: Houndstone|move: Sticky Web\n|-unboost|p2a: Houndstone|spe|1\n|turn|13\n|inactive|Time left: 300 sec this turn | 300 sec total\n|\n|t:|1783560981\n|move|p1a: Flareon|Flare Blitz|p2a: Houndstone\n|-damage|p2a: Houndstone|6/264\n|-status|p2a: Houndstone|brn\n|-damage|p1a: Flareon|56/100 tox|[from] Recoil\n|move|p2a: Houndstone|Poltergeist|p1a: Flareon\n|-activate|p1a: Flareon|move: Poltergeist|Toxic Orb\n|-damage|p1a: Flareon|28/100 tox\n|\n|-weather|none\n|-heal|p2a: Houndstone|22/264 brn|[from] item: Leftovers\n|-damage|p1a: Flareon|22/100 tox|[from] psn\n|-damage|p2a: Houndstone|6/264 brn|[from] brn\n|upkeep\n|turn|14\n|inactive|Time left: 300 sec this turn | 300 sec total\n|\n|t:|1783560982\n|switch|p1a: Gastrodon|Gastrodon-East, L86, M|100/100\n|move|p2a: Houndstone|Shadow Sneak|p1a: Gastrodon\n|-damage|p1a: Gastrodon|92/100\n|\n|-heal|p1a: Gastrodon|98/100|[from] item: Leftovers\n|-heal|p2a: Houndstone|22/264 brn|[from] item: Leftovers\n|-damage|p2a: Houndstone|6/264 brn|[from] brn\n|upkeep\n|turn|15\n|inactive|Time left: 300 sec this turn | 300 sec total\n|\n|t:|1783560983\n|move|p1a: Gastrodon|Surf|p2a: Houndstone\n|-damage|p2a: Houndstone|0 fnt\n|faint|p2a: Houndstone\n|\n|-heal|p1a: Gastrodon|100/100|[from] item: Leftovers\n|upkeep\n|inactive|Time left: 300 sec this turn | 300 sec total | 5 sec grace\n|\n|t:|1783560984\n|switch|p2a: Mewtwo|Mewtwo, L72|272/272\n|-ability|p2a: Mewtwo|Unnerve\n|-activate|p2a: Mewtwo|move: Sticky Web\n|-unboost|p2a: Mewtwo|spe|1\n|turn|16\n|inactive|Time left: 300 sec this turn | 300 sec total\n|\n|t:|1783560984\n|move|p2a: Mewtwo|Nasty Plot|p2a: Mewtwo\n|-boost|p2a: Mewtwo|spa|2\n|move|p1a: Gastrodon|Surf|p2a: Mewtwo\n|-damage|p2a: Mewtwo|164/272\n|\n|upkeep\n|turn|17\n|inactive|Time left: 300 sec this turn | 300 sec total\n|\n|t:|1783560985\n|switch|p1a: Iron Leaves|Iron Leaves, L80|94/100\n|move|p2a: Mewtwo|Psystrike|p1a: Iron Leaves\n|-resisted|p1a: Iron Leaves\n|-damage|p1a: Iron Leaves|42/100\n|-damage|p2a: Mewtwo|137/272|[from] item: Life Orb\n|\n|upkeep\n|turn|18\n|inactive|Time left: 300 sec this turn | 300 sec total\n|\n|t:|1783560986\n|move|p1a: Iron Leaves|Leaf Blade|p2a: Mewtwo\n|-damage|p2a: Mewtwo|0 fnt\n|faint|p2a: Mewtwo\n|\n|upkeep\n|inactive|Time left: 300 sec this turn | 300 sec total | 5 sec grace\n|\n|t:|1783560987\n|switch|p2a: Moltres|Moltres, L81|127/278\n|turn|19\n|inactive|Time left: 300 sec this turn | 300 sec total\n|\n|t:|1783560988\n|-end|p1a: Iron Leaves|Quark Drive|[silent]\n|switch|p1a: Gastrodon|Gastrodon-East, L86, M|100/100\n|move|p2a: Moltres|Roost|p2a: Moltres\n|-heal|p2a: Moltres|266/278\n|-singleturn|p2a: Moltres|move: Roost\n|\n|upkeep\n|turn|20\n|inactive|Time left: 300 sec this turn | 300 sec total\n|\n|t:|1783560989\n|-terastallize|p2a: Moltres|Dragon\n|move|p2a: Moltres|Brave Bird|p1a: Gastrodon\n|-crit|p1a: Gastrodon\n|-damage|p1a: Gastrodon|39/100\n|-damage|p2a: Moltres|199/278|[from] Recoil\n|move|p1a: Gastrodon|Surf|p2a: Moltres\n|-resisted|p2a: Moltres\n|-crit|p2a: Moltres\n|-damage|p2a: Moltres|125/278\n|\n|-heal|p1a: Gastrodon|46/100|[from] item: Leftovers\n|upkeep\n|turn|21\n|inactive|Time left: 300 sec this turn | 300 sec total\n|\n|t:|1783560990\n|move|p2a: Moltres|Roost|p2a: Moltres\n|-heal|p2a: Moltres|264/278\n|move|p1a: Gastrodon|Recover|p1a: Gastrodon\n|-heal|p1a: Gastrodon|96/100\n|\n|-heal|p1a: Gastrodon|100/100|[from] item: Leftovers\n|upkeep\n|turn|22\n|inactive|Time left: 300 sec this turn | 300 sec total\n|\n|t:|1783560991\n|move|p2a: Moltres|Brave Bird|p1a: Gastrodon\n|-damage|p1a: Gastrodon|59/100\n|-damage|p2a: Moltres|218/278|[from] Recoil\n|move|p1a: Gastrodon|Earthquake|p2a: Moltres\n|-damage|p2a: Moltres|119/278\n|\n|-heal|p1a: Gastrodon|65/100|[from] item: Leftovers\n|upkeep\n|turn|23\n|inactive|Time left: 300 sec this turn | 300 sec total\n|\n|t:|1783560992\n|move|p2a: Moltres|Roost|p2a: Moltres\n|-heal|p2a: Moltres|258/278\n|move|p1a: Gastrodon|Earthquake|p2a: Moltres\n|-damage|p2a: Moltres|162/278\n|\n|-heal|p1a: Gastrodon|71/100|[from] item: Leftovers\n|upkeep\n|turn|24\n|inactive|Time left: 300 sec this turn | 300 sec total\n|\n|t:|1783560993\n|move|p2a: Moltres|Roost|p2a: Moltres\n|-heal|p2a: Moltres|278/278\n|move|p1a: Gastrodon|Earthquake|p2a: Moltres\n|-damage|p2a: Moltres|172/278\n|\n|-heal|p1a: Gastrodon|77/100|[from] item: Leftovers\n|upkeep\n|turn|25\n|inactive|Time left: 300 sec this turn | 300 sec total\n|\n|t:|1783560994\n|move|p2a: Moltres|Roost|p2a: Moltres\n|-heal|p2a: Moltres|278/278\n|move|p1a: Gastrodon|Earthquake|p2a: Moltres\n|-damage|p2a: Moltres|175/278\n|\n|-heal|p1a: Gastrodon|83/100|[from] item: Leftovers\n|upkeep\n|turn|26\n|inactive|Time left: 300 sec this turn | 300 sec total\n|\n|t:|1783560995\n|move|p2a: Moltres|Roost|p2a: Moltres\n|-heal|p2a: Moltres|278/278\n|move|p1a: Gastrodon|Sludge Bomb|p2a: Moltres\n|-damage|p2a: Moltres|216/278\n|\n|-heal|p1a: Gastrodon|89/100|[from] item: Leftovers\n|upkeep\n|turn|27\n|inactive|Time left: 300 sec this turn | 300 sec total\n|\n|t:|1783560996\n|move|p2a: Moltres|Scorching Sands|p1a: Gastrodon\n|-damage|p1a: Gastrodon|73/100\n|move|p1a: Gastrodon|Sludge Bomb|p2a: Moltres\n|-damage|p2a: Moltres|144/278\n|\n|-heal|p1a: Gastrodon|79/100|[from] item: Leftovers\n|upkeep\n|turn|28\n|inactive|Time left: 300 sec this turn | 300 sec total\n|\n|t:|1783560997\n|move|p2a: Moltres|Roost|p2a: Moltres\n|-heal|p2a: Moltres|278/278\n|move|p1a: Gastrodon|Earthquake|p2a: Moltres\n|-damage|p2a: Moltres|172/278\n|\n|-heal|p1a: Gastrodon|85/100|[from] item: Leftovers\n|upkeep\n|turn|29\n|inactive|Time left: 300 sec this turn | 300 sec total\n|\n|t:|1783560998\n|move|p2a: Moltres|Roost|p2a: Moltres\n|-heal|p2a: Moltres|278/278\n|move|p1a: Gastrodon|Earthquake|p2a: Moltres\n|-damage|p2a: Moltres|176/278\n|\n|-heal|p1a: Gastrodon|91/100|[from] item: Leftovers\n|upkeep\n|turn|30\n|inactive|Time left: 300 sec this turn | 300 sec total\n|\n|t:|1783560999\n|move|p2a: Moltres|Scorching Sands|p1a: Gastrodon\n|-damage|p1a: Gastrodon|73/100\n|-status|p1a: Gastrodon|brn\n|move|p1a: Gastrodon|Earthquake|p2a: Moltres\n|-damage|p2a: Moltres|123/278\n|\n|-heal|p1a: Gastrodon|79/100 brn|[from] item: Leftovers\n|-damage|p1a: Gastrodon|73/100 brn|[from] brn\n|upkeep\n|turn|31\n|inactive|Time left: 300 sec this turn | 300 sec total\n|\n|t:|1783561000\n|move|p2a: Moltres|Fire Blast|p1a: Gastrodon\n|-resisted|p1a: Gastrodon\n|-damage|p1a: Gastrodon|53/100 brn\n|move|p1a: Gastrodon|Sludge Bomb|p2a: Moltres\n|-damage|p2a: Moltres|55/278\n|\n|-heal|p1a: Gastrodon|59/100 brn|[from] item: Leftovers\n|-damage|p1a: Gastrodon|53/100 brn|[from] brn\n|upkeep\n|turn|32\n|inactive|Time left: 300 sec this turn | 300 sec total\n|\n|t:|1783561001\n|switch|p2a: Toxtricity|Toxtricity, L82, M|179/257\n|-activate|p2a: Toxtricity|move: Sticky Web\n|-unboost|p2a: Toxtricity|spe|1\n|move|p1a: Gastrodon|Sludge Bomb|p2a: Toxtricity\n|-resisted|p2a: Toxtricity\n|-damage|p2a: Toxtricity|144/257\n|\n|-heal|p1a: Gastrodon|59/100 brn|[from] item: Leftovers\n|-damage|p1a: Gastrodon|53/100 brn|[from] brn\n|upkeep\n|turn|33\n|inactive|Time left: 300 sec this turn | 300 sec total\n|\n|t:|1783561002\n|switch|p2a: Moltres|Moltres, L81, tera:Dragon|55/278\n|move|p1a: Gastrodon|Earthquake|p2a: Moltres\n|-damage|p2a: Moltres|7/278\n|\n|-heal|p1a: Gastrodon|59/100 brn|[from] item: Leftovers\n|-damage|p1a: Gastrodon|53/100 brn|[from] brn\n|upkeep\n|turn|34\n|inactive|Time left: 300 sec this turn | 300 sec total\n|\n|t:|1783561003\n|move|p2a: Moltres|Brave Bird|p1a: Gastrodon\n|-damage|p1a: Gastrodon|9/100 brn\n|-damage|p2a: Moltres|0 fnt|[from] Recoil\n|faint|p2a: Moltres\n|move|p1a: Gastrodon|Earthquake|p2: Moltres|[notarget]\n|-fail|p1a: Gastrodon\n|\n|-heal|p1a: Gastrodon|15/100 brn|[from] item: Leftovers\n|-damage|p1a: Gastrodon|9/100 brn|[from] brn\n|upkeep\n|inactive|Time left: 300 sec this turn | 300 sec total | 5 sec grace\n|\n|t:|1783561004\n|switch|p2a: Toxtricity|Toxtricity, L82, M|144/257\n|-activate|p2a: Toxtricity|move: Sticky Web\n|-unboost|p2a: Toxtricity|spe|1\n|turn|35\n|inactive|Time left: 300 sec this turn | 300 sec total\n|\n|t:|1783561005\n|move|p1a: Gastrodon|Earthquake|p2a: Toxtricity\n|-supereffective|p2a: Toxtricity\n|-damage|p2a: Toxtricity|0 fnt\n|faint|p2a: Toxtricity\n|\n|win|p0x1809ef33", "uploadtime": 1783561005, "views": 0, "rating": 0, "private": 0, "password": null, "_winner": "p0x1809ef33", "_our_name": "p0y18099a67"}