{"id": "battle-gen9randombattle-2637", "formatid": "gen9randombattle", "format": "[Gen 9] Random Battle", "players": ["p0x263764fa", "p0y26372066"], "log": "|init|battle\n|title|p0x263764fa vs. p0y26372066\n|j|\u2606p0x263764fa\n|j|\u2606p0y26372066\n|t:|1783570437\n|gametype|singles\n|player|p1|p0x263764fa|102|\n|player|p2|p0y26372066|2|\n|gen|9\n|tier|[Gen 9] Random Battle\n|rule|Species Clause: Limit one of each Pok\u00e9mon\n|rule|HP Percentage Mod: HP is shown in percentages\n|rule|Sleep Clause Mod: Limit one foe put to sleep\n|rule|Illusion Level Mod: Illusion disguises the Pok\u00e9mon's true level\n|\n|t:|1783570437\n|teamsize|p1|6\n|teamsize|p2|6\n|start\n|switch|p1a: Klefki|Klefki, L84, M|233/233\n|switch|p2a: Sudowoodo|Sudowoodo, L94, M|100/100\n|turn|1\n|inactive|Battle timer is ON: inactive players will automatically lose when time's up. (requested by p0y26372066)\n|inactive|Time left: 300 sec this turn | 300 sec total | 60 sec grace\n|inactive|p0x263764fa also wants the timer to be on.\n|\n|t:|1783570438\n|move|p1a: Klefki|Thunder Wave|p2a: Sudowoodo\n|-status|p2a: Sudowoodo|par\n|move|p2a: Sudowoodo|Head Smash|p1a: Klefki\n|-resisted|p1a: Klefki\n|-damage|p1a: Klefki|141/233\n|\n|-heal|p1a: Klefki|155/233|[from] item: Leftovers\n|upkeep\n|turn|2\n|inactive|Time left: 300 sec this turn | 300 sec total\n|\n|t:|1783570439\n|move|p1a: Klefki|Spikes|p2a: Sudowoodo\n|-sidestart|p2: p0y26372066|Spikes\n|cant|p2a: Sudowoodo|par\n|\n|-heal|p1a: Klefki|169/233|[from] item: Leftovers\n|upkeep\n|turn|3\n|inactive|Time left: 300 sec this turn | 300 sec total\n|\n|t:|1783570440\n|move|p1a: Klefki|Spikes|p2a: Sudowoodo\n|-sidestart|p2: p0y26372066|Spikes\n|cant|p2a: Sudowoodo|par\n|\n|-heal|p1a: Klefki|183/233|[from] item: Leftovers\n|upkeep\n|turn|4\n|inactive|Time left: 300 sec this turn | 300 sec total\n|\n|t:|1783570441\n|move|p1a: Klefki|Spikes|p2a: Sudowoodo\n|-sidestart|p2: p0y26372066|Spikes\n|move|p2a: Sudowoodo|Stealth Rock|p1a: Klefki\n|-sidestart|p1: p0x263764fa|move: Stealth Rock\n|\n|-heal|p1a: Klefki|197/233|[from] item: Leftovers\n|upkeep\n|turn|5\n|inactive|Time left: 300 sec this turn | 300 sec total\n|\n|t:|1783570442\n|move|p1a: Klefki|Dazzling Gleam|p2a: Sudowoodo\n|-damage|p2a: Sudowoodo|69/100 par\n|move|p2a: Sudowoodo|Head Smash|p1a: Klefki\n|-resisted|p1a: Klefki\n|-damage|p1a: Klefki|104/233\n|\n|-heal|p1a: Klefki|118/233|[from] item: Leftovers\n|-heal|p2a: Sudowoodo|75/100 par|[from] item: Leftovers\n|upkeep\n|turn|6\n|inactive|Time left: 300 sec this turn | 300 sec total\n|\n|t:|1783570443\n|move|p1a: Klefki|Dazzling Gleam|p2a: Sudowoodo\n|-crit|p2a: Sudowoodo\n|-damage|p2a: Sudowoodo|33/100 par\n|move|p2a: Sudowoodo|Head Smash|p1a: Klefki\n|-resisted|p1a: Klefki\n|-damage|p1a: Klefki|14/233\n|\n|-heal|p1a: Klefki|28/233|[from] item: Leftovers\n|-heal|p2a: Sudowoodo|39/100 par|[from] item: Leftovers\n|upkeep\n|turn|7\n|inactive|Time left: 300 sec this turn | 300 sec total\n|\n|t:|1783570444\n|move|p1a: Klefki|Dazzling Gleam|p2a: Sudowoodo\n|-damage|p2a: Sudowoodo|8/100 par\n|move|p2a: Sudowoodo|Head Smash|p1a: Klefki\n|-resisted|p1a: Klefki\n|-damage|p1a: Klefki|0 fnt\n|faint|p1a: Klefki\n|\n|-heal|p2a: Sudowoodo|14/100 par|[from] item: Leftovers\n|upkeep\n|inactive|Time left: 300 sec this turn | 300 sec total | 5 sec grace\n|\n|t:|1783570445\n|switch|p1a: Rotom|Rotom-Fan, L86|226/226\n|turn|8\n|inactive|Time left: 300 sec this turn | 300 sec total\n|\n|t:|1783570446\n|move|p1a: Rotom|Air Slash|p2a: Sudowoodo\n|-resisted|p2a: Sudowoodo\n|-damage|p2a: Sudowoodo|0 fnt\n|faint|p2a: Sudowoodo\n|\n|upkeep\n|\n|t:|1783570447\n|switch|p2a: Mightyena|Mightyena, L96, M|100/100\n|-damage|p2a: Mightyena|76/100|[from] Spikes\n|-ability|p2a: Mightyena|Intimidate|boost\n|-unboost|p1a: Rotom|atk|1\n|turn|9\n|inactive|Time left: 300 sec this turn | 300 sec total\n|\n|t:|1783570448\n|move|p1a: Rotom|Nasty Plot|p1a: Rotom\n|-boost|p1a: Rotom|spa|2\n|move|p2a: Mightyena|Super Fang|p1a: Rotom\n|-damage|p1a: Rotom|113/226\n|\n|upkeep\n|turn|10\n|inactive|Time left: 300 sec this turn | 300 sec total\n|\n|t:|1783570449\n|move|p1a: Rotom|Thunderbolt|p2a: Mightyena\n|-damage|p2a: Mightyena|17/100\n|move|p2a: Mightyena|Crunch|p1a: Rotom\n|-damage|p1a: Rotom|31/226\n|-unboost|p1a: Rotom|def|1\n|\n|upkeep\n|turn|11\n|inactive|Time left: 300 sec this turn | 300 sec total\n|\n|t:|1783570450\n|move|p1a: Rotom|Air Slash|p2a: Mightyena\n|-crit|p2a: Mightyena\n|-damage|p2a: Mightyena|0 fnt\n|faint|p2a: Mightyena\n|\n|upkeep\n|\n|t:|1783570451\n|switch|p2a: Iron Crown|Iron Crown, L78|100/100\n|-damage|p2a: Iron Crown|75/100|[from] Spikes\n|turn|12\n|inactive|Time left: 300 sec this turn | 300 sec total\n|\n|t:|1783570453\n|move|p2a: Iron Crown|Tachyon Cutter|p1a: Rotom\n|-resisted|p1a: Rotom\n|-crit|p1a: Rotom\n|-damage|p1a: Rotom|0 fnt\n|faint|p1a: Rotom\n|-hitcount|p1: Rotom|1\n|\n|upkeep\n|inactive|Time left: 300 sec this turn | 300 sec total | 5 sec grace\n|\n|t:|1783570453\n|switch|p1a: Pelipper|Pelipper, L86, F|243/243\n|-damage|p1a: Pelipper|183/243|[from] Stealth Rock\n|-weather|RainDance|[from] ability: Drizzle|[of] p1a: Pelipper\n|turn|13\n|inactive|Time left: 300 sec this turn | 300 sec total\n|\n|t:|1783570455\n|move|p2a: Iron Crown|Tachyon Cutter|p1a: Pelipper\n|-resisted|p1a: Pelipper\n|-damage|p1a: Pelipper|136/243\n|-resisted|p1a: Pelipper\n|-damage|p1a: Pelipper|91/243\n|-hitcount|p1a: Pelipper|2\n|move|p1a: Pelipper|Weather Ball|p2a: Iron Crown\n|-damage|p2a: Iron Crown|0 fnt\n|faint|p2a: Iron Crown\n|-end|p2a: Iron Crown|Quark Drive|[silent]\n|\n|-weather|RainDance|[upkeep]\n|upkeep\n|\n|t:|1783570455\n|switch|p2a: Poliwrath|Poliwrath, L88, F|100/100\n|-damage|p2a: Poliwrath|76/100|[from] Spikes\n|turn|14\n|inactive|Time left: 300 sec this turn | 300 sec total\n|\n|t:|1783570456\n|switch|p1a: Mightyena|Mightyena, L96, M|290/290\n|-damage|p1a: Mightyena|254/290|[from] Stealth Rock\n|-ability|p1a: Mightyena|Intimidate|boost\n|-unboost|p2a: Poliwrath|atk|1\n|move|p2a: Poliwrath|Bulk Up|p2a: Poliwrath\n|-boost|p2a: Poliwrath|atk|1\n|-boost|p2a: Poliwrath|def|1\n|\n|-weather|RainDance|[upkeep]\n|-heal|p1a: Mightyena|272/290|[from] item: Leftovers\n|-heal|p2a: Poliwrath|82/100|[from] item: Leftovers\n|upkeep\n|turn|15\n|inactive|Time left: 300 sec this turn | 300 sec total\n|\n|t:|1783570457\n|move|p1a: Mightyena|Play Rough|p2a: Poliwrath\n|-supereffective|p2a: Poliwrath\n|-damage|p2a: Poliwrath|52/100\n|move|p2a: Poliwrath|Drain Punch|p1a: Mightyena\n|-supereffective|p1a: Mightyena\n|-damage|p1a: Mightyena|104/290\n|-heal|p2a: Poliwrath|80/100|[from] drain|[of] p1a: Mightyena\n|\n|-weather|RainDance|[upkeep]\n|-heal|p1a: Mightyena|122/290|[from] item: Leftovers\n|-heal|p2a: Poliwrath|86/100|[from] item: Leftovers\n|upkeep\n|turn|16\n|inactive|Time left: 300 sec this turn | 300 sec total\n|\n|t:|1783570458\n|move|p1a: Mightyena|Play Rough|p2a: Poliwrath|[miss]\n|-miss|p1a: Mightyena|p2a: Poliwrath\n|move|p2a: Poliwrath|Liquidation|p1a: Mightyena\n|-damage|p1a: Mightyena|0 fnt\n|faint|p1a: Mightyena\n|\n|-weather|RainDance|[upkeep]\n|-heal|p2a: Poliwrath|92/100|[from] item: Leftovers\n|upkeep\n|inactive|Time left: 300 sec this turn | 300 sec total | 5 sec grace\n|\n|t:|1783570459\n|switch|p1a: Deoxys|Deoxys-Attack, L72|191/191\n|-damage|p1a: Deoxys|168/191|[from] Stealth Rock\n|-ability|p1a: Deoxys|Pressure\n|turn|17\n|inactive|Time left: 300 sec this turn | 300 sec total\n|\n|t:|1783570460\n|switch|p2a: Hypno|Hypno, L95, F|100/100\n|-damage|p2a: Hypno|76/100|[from] Spikes\n|move|p1a: Deoxys|Psycho Boost|p2a: Hypno\n|-resisted|p2a: Hypno\n|-damage|p2a: Hypno|51/100\n|-unboost|p1a: Deoxys|spa|2\n|-damage|p1a: Deoxys|149/191|[from] item: Life Orb\n|\n|-weather|none\n|-heal|p2a: Hypno|57/100|[from] item: Leftovers\n|upkeep\n|turn|18\n|inactive|Time left: 300 sec this turn | 300 sec total\n|\n|t:|1783570461\n|-terastallize|p2a: Hypno|Fairy\n|move|p1a: Deoxys|Knock Off|p2a: Hypno\n|-resisted|p2a: Hypno\n|-damage|p2a: Hypno|38/100\n|-enditem|p2a: Hypno|Leftovers|[from] move: Knock Off|[of] p1a: Deoxys\n|-damage|p1a: Deoxys|130/191|[from] item: Life Orb\n|move|p2a: Hypno|Knock Off|p1a: Deoxys\n|-supereffective|p1a: Deoxys\n|-damage|p1a: Deoxys|0 fnt\n|-enditem|p1a: Deoxys|Life Orb|[from] move: Knock Off|[of] p2a: Hypno\n|faint|p1a: Deoxys\n|\n|upkeep\n|inactive|Time left: 300 sec this turn | 300 sec total | 5 sec grace\n|\n|t:|1783570462\n|switch|p1a: Dragapult|Dragapult, L77, F|262/262\n|-damage|p1a: Dragapult|230/262|[from] Stealth Rock\n|turn|19\n|inactive|Time left: 300 sec this turn | 300 sec total\n|\n|t:|1783570462\n|move|p1a: Dragapult|Shadow Ball|p2a: Hypno\n|-damage|p2a: Hypno|14/100\n|move|p2a: Hypno|Knock Off|p1a: Dragapult\n|-supereffective|p1a: Dragapult\n|-damage|p1a: Dragapult|66/262\n|-enditem|p1a: Dragapult|Choice Specs|[from] move: Knock Off|[of] p2a: Hypno\n|\n|upkeep\n|turn|20\n|inactive|Time left: 300 sec this turn | 300 sec total\n|\n|t:|1783570463\n|move|p1a: Dragapult|Fire Blast|p2a: Hypno\n|-damage|p2a: Hypno|0 fnt\n|faint|p2a: Hypno\n|\n|upkeep\n|\n|t:|1783570464\n|switch|p2a: Okidogi|Okidogi, L77, M|100/100\n|-damage|p2a: Okidogi|76/100|[from] Spikes\n|turn|21\n|inactive|Time left: 300 sec this turn | 300 sec total\n|\n|t:|1783570465\n|move|p1a: Dragapult|Fire Blast|p2a: Okidogi\n|-damage|p2a: Okidogi|57/100\n|move|p2a: Okidogi|Psychic Fangs|p1a: Dragapult\n|-damage|p1a: Dragapult|0 fnt\n|faint|p1a: Dragapult\n|\n|upkeep\n|inactive|Time left: 300 sec this turn | 300 sec total | 5 sec grace\n|\n|t:|1783570466\n|switch|p1a: Pelipper|Pelipper, L86, F|91/243\n|-damage|p1a: Pelipper|31/243|[from] Stealth Rock\n|-weather|RainDance|[from] ability: Drizzle|[of] p1a: Pelipper\n|turn|22\n|inactive|Time left: 300 sec this turn | 300 sec total\n|\n|t:|1783570467\n|-terastallize|p1a: Pelipper|Flying\n|move|p2a: Okidogi|Gunk Shot|p1a: Pelipper|[miss]\n|-miss|p2a: Okidogi|p1a: Pelipper\n|move|p1a: Pelipper|Hurricane|p2a: Okidogi\n|-supereffective|p2a: Okidogi\n|-damage|p2a: Okidogi|0 fnt\n|faint|p2a: Okidogi\n|\n|-weather|RainDance|[upkeep]\n|upkeep\n|\n|t:|1783570468\n|switch|p2a: Poliwrath|Poliwrath, L88, F|92/100\n|-damage|p2a: Poliwrath|67/100|[from] Spikes\n|turn|23\n|inactive|Time left: 300 sec this turn | 300 sec total\n|\n|t:|1783570469\n|move|p2a: Poliwrath|Knock Off|p1a: Pelipper\n|-damage|p1a: Pelipper|0 fnt\n|-enditem|p1a: Pelipper|Choice Specs|[from] move: Knock Off|[of] p2a: Poliwrath\n|faint|p1a: Pelipper\n|\n|win|p0y26372066", "uploadtime": 1783570469, "views": 0, "rating": 0, "private": 0, "password": null, "_winner": "p0y26372066", "_our_name": "p0x263764fa"}