{"id": "battle-gen9randombattle-2825", "formatid": "gen9randombattle", "format": "[Gen 9] Random Battle", "players": ["p0x28254805", "p0y28257f6d"], "log": "|init|battle\n|title|p0x28254805 vs. p0y28257f6d\n|j|\u2606p0x28254805\n|j|\u2606p0y28257f6d\n|t:|1783572540\n|gametype|singles\n|player|p1|p0x28254805|101|\n|player|p2|p0y28257f6d|266|\n|gen|9\n|tier|[Gen 9] Random Battle\n|rule|Species Clause: Limit one of each Pok\u00e9mon\n|rule|HP Percentage Mod: HP is shown in percentages\n|rule|Sleep Clause Mod: Limit one foe put to sleep\n|rule|Illusion Level Mod: Illusion disguises the Pok\u00e9mon's true level\n|\n|t:|1783572540\n|teamsize|p1|6\n|teamsize|p2|6\n|start\n|switch|p1a: Blastoise|Blastoise, L80, M|100/100\n|switch|p2a: Virizion|Virizion, L82|283/283\n|turn|1\n|inactive|Battle timer is ON: inactive players will automatically lose when time's up. (requested by p0y28257f6d)\n|inactive|p0x28254805 also wants the timer to be on.\n|\n|t:|1783572542\n|move|p2a: Virizion|Swords Dance|p2a: Virizion\n|-boost|p2a: Virizion|atk|2\n|move|p1a: Blastoise|Shell Smash|p1a: Blastoise\n|-unboost|p1a: Blastoise|def|1\n|-unboost|p1a: Blastoise|spd|1\n|-boost|p1a: Blastoise|atk|2\n|-boost|p1a: Blastoise|spa|2\n|-boost|p1a: Blastoise|spe|2\n|-enditem|p1a: Blastoise|White Herb\n|-clearnegativeboost|p1a: Blastoise|[silent]\n|\n|upkeep\n|turn|2\n|inactive|Time left: 300 sec this turn | 300 sec total\n|\n|t:|1783572543\n|move|p1a: Blastoise|Ice Beam|p2a: Virizion\n|-supereffective|p2a: Virizion\n|-damage|p2a: Virizion|125/283\n|-status|p2a: Virizion|frz\n|cant|p2a: Virizion|frz\n|\n|upkeep\n|turn|3\n|inactive|Time left: 300 sec this turn | 300 sec total\n|\n|t:|1783572544\n|move|p1a: Blastoise|Ice Beam|p2a: Virizion\n|-supereffective|p2a: Virizion\n|-damage|p2a: Virizion|0 fnt\n|faint|p2a: Virizion\n|\n|upkeep\n|inactive|Time left: 300 sec this turn | 300 sec total | 5 sec grace\n|\n|t:|1783572545\n|switch|p2a: Araquanid|Araquanid, L82, M|246/246\n|turn|4\n|inactive|Time left: 300 sec this turn | 300 sec total\n|\n|t:|1783572546\n|move|p1a: Blastoise|Hydro Pump|p2a: Araquanid|[miss]\n|-miss|p1a: Blastoise|p2a: Araquanid\n|move|p2a: Araquanid|Sticky Web|p1a: Blastoise\n|-sidestart|p1: p0x28254805|move: Sticky Web\n|\n|upkeep\n|turn|5\n|inactive|Time left: 300 sec this turn | 300 sec total\n|\n|t:|1783572546\n|move|p1a: Blastoise|Tera Blast|p2a: Araquanid\n|-damage|p2a: Araquanid|176/246\n|move|p2a: Araquanid|Liquidation|p1a: Blastoise\n|-resisted|p1a: Blastoise\n|-damage|p1a: Blastoise|75/100\n|-unboost|p1a: Blastoise|def|1\n|\n|upkeep\n|turn|6\n|inactive|Time left: 300 sec this turn | 300 sec total\n|\n|t:|1783572547\n|-terastallize|p1a: Blastoise|Electric\n|move|p1a: Blastoise|Tera Blast|p2a: Araquanid|[anim] Tera Blast Electric\n|-supereffective|p2a: Araquanid\n|-damage|p2a: Araquanid|0 fnt\n|faint|p2a: Araquanid\n|\n|upkeep\n|inactive|Time left: 300 sec this turn | 300 sec total | 5 sec grace\n|\n|t:|1783572548\n|switch|p2a: Stantler|Stantler, L92, M|284/284\n|-ability|p2a: Stantler|Intimidate|boost\n|-unboost|p1a: Blastoise|atk|1\n|turn|7\n|inactive|Time left: 300 sec this turn | 300 sec total\n|\n|t:|1783572549\n|move|p1a: Blastoise|Hydro Pump|p2a: Stantler\n|-damage|p2a: Stantler|127/284\n|move|p2a: Stantler|Calm Mind|p2a: Stantler\n|-boost|p2a: Stantler|spa|1\n|-boost|p2a: Stantler|spd|1\n|\n|upkeep\n|turn|8\n|inactive|Time left: 300 sec this turn | 300 sec total\n|\n|t:|1783572550\n|move|p1a: Blastoise|Hydro Pump|p2a: Stantler|[miss]\n|-miss|p1a: Blastoise|p2a: Stantler\n|move|p2a: Stantler|Earth Power|p1a: Blastoise\n|-supereffective|p1a: Blastoise\n|-damage|p1a: Blastoise|7/100\n|\n|upkeep\n|turn|9\n|inactive|Time left: 300 sec this turn | 300 sec total\n|\n|t:|1783572551\n|switch|p2a: Dondozo|Dondozo, L78, M|362/362\n|move|p1a: Blastoise|Hydro Pump|p2a: Dondozo|[miss]\n|-miss|p1a: Blastoise|p2a: Dondozo\n|\n|upkeep\n|turn|10\n|inactive|Time left: 300 sec this turn | 300 sec total\n|\n|t:|1783572552\n|move|p1a: Blastoise|Tera Blast|p2a: Dondozo|[anim] Tera Blast Electric\n|-supereffective|p2a: Dondozo\n|-damage|p2a: Dondozo|170/362\n|move|p2a: Dondozo|Wave Crash|p1a: Blastoise\n|-damage|p1a: Blastoise|0 fnt\n|faint|p1a: Blastoise\n|-damage|p2a: Dondozo|165/362|[from] Recoil\n|\n|-heal|p2a: Dondozo|187/362|[from] item: Leftovers\n|upkeep\n|\n|t:|1783572552\n|switch|p1a: Mesprit|Mesprit, L85|100/100\n|turn|11\n|inactive|Time left: 300 sec this turn | 300 sec total\n|\n|t:|1783572553\n|switch|p2a: Stantler|Stantler, L92, M|127/284\n|-ability|p2a: Stantler|Intimidate|boost\n|-unboost|p1a: Mesprit|atk|1\n|move|p1a: Mesprit|Psychic|p2a: Stantler\n|-damage|p2a: Stantler|0 fnt\n|faint|p2a: Stantler\n|\n|upkeep\n|inactive|Time left: 300 sec this turn | 300 sec total | 5 sec grace\n|\n|t:|1783572554\n|switch|p2a: Chimecho|Chimecho, L93, M|290/290\n|turn|12\n|inactive|Time left: 300 sec this turn | 300 sec total\n|\n|t:|1783572555\n|switch|p1a: Carbink|Carbink, L90|100/100\n|-activate|p1a: Carbink|move: Sticky Web\n|-fail|p1a: Carbink|unboost|[from] ability: Clear Body|[of] p1a: Carbink\n|move|p2a: Chimecho|Cosmic Power|p2a: Chimecho\n|-boost|p2a: Chimecho|def|1\n|-boost|p2a: Chimecho|spd|1\n|\n|upkeep\n|turn|13\n|inactive|Time left: 300 sec this turn | 300 sec total\n|\n|t:|1783572556\n|move|p2a: Chimecho|Cosmic Power|p2a: Chimecho\n|-boost|p2a: Chimecho|def|1\n|-boost|p2a: Chimecho|spd|1\n|move|p1a: Carbink|Rock Polish|p1a: Carbink\n|-boost|p1a: Carbink|spe|2\n|\n|upkeep\n|turn|14\n|inactive|Time left: 300 sec this turn | 300 sec total\n|\n|t:|1783572557\n|move|p1a: Carbink|Iron Defense|p1a: Carbink\n|-boost|p1a: Carbink|def|2\n|move|p2a: Chimecho|Stored Power|p1a: Carbink\n|-damage|p1a: Carbink|64/100\n|\n|-heal|p1a: Carbink|70/100|[from] item: Leftovers\n|upkeep\n|turn|15\n|inactive|Time left: 300 sec this turn | 300 sec total\n|\n|t:|1783572558\n|move|p1a: Carbink|Moonblast|p2a: Chimecho\n|-damage|p2a: Chimecho|259/290\n|-unboost|p2a: Chimecho|spa|1\n|move|p2a: Chimecho|Stored Power|p1a: Carbink\n|-damage|p1a: Carbink|48/100\n|\n|-heal|p1a: Carbink|53/100|[from] item: Leftovers\n|-heal|p2a: Chimecho|277/290|[from] item: Leftovers\n|upkeep\n|turn|16\n|inactive|Time left: 300 sec this turn | 300 sec total\n|\n|t:|1783572559\n|move|p1a: Carbink|Moonblast|p2a: Chimecho\n|-damage|p2a: Chimecho|240/290\n|move|p2a: Chimecho|Stored Power|p1a: Carbink\n|-damage|p1a: Carbink|31/100\n|\n|-heal|p1a: Carbink|37/100|[from] item: Leftovers\n|-heal|p2a: Chimecho|258/290|[from] item: Leftovers\n|upkeep\n|turn|17\n|inactive|Time left: 300 sec this turn | 300 sec total\n|\n|t:|1783572560\n|move|p1a: Carbink|Moonblast|p2a: Chimecho\n|-damage|p2a: Chimecho|227/290\n|move|p2a: Chimecho|Stored Power|p1a: Carbink\n|-damage|p1a: Carbink|16/100\n|\n|-heal|p1a: Carbink|22/100|[from] item: Leftovers\n|-heal|p2a: Chimecho|245/290|[from] item: Leftovers\n|upkeep\n|turn|18\n|inactive|Time left: 300 sec this turn | 300 sec total\n|\n|t:|1783572562\n|move|p1a: Carbink|Moonblast|p2a: Chimecho\n|-damage|p2a: Chimecho|211/290\n|move|p2a: Chimecho|Stored Power|p1a: Carbink\n|-damage|p1a: Carbink|0 fnt\n|faint|p1a: Carbink\n|\n|-heal|p2a: Chimecho|229/290|[from] item: Leftovers\n|upkeep\n|\n|t:|1783572563\n|switch|p1a: Chesnaught|Chesnaught, L84, M|100/100\n|-activate|p1a: Chesnaught|move: Sticky Web\n|-unboost|p1a: Chesnaught|spe|1\n|turn|19\n|inactive|Time left: 300 sec this turn | 300 sec total\n|\n|t:|1783572564\n|move|p2a: Chimecho|Stored Power|p1a: Chesnaught\n|-supereffective|p1a: Chesnaught\n|-damage|p1a: Chesnaught|32/100\n|move|p1a: Chesnaught|Knock Off|p2a: Chimecho\n|-supereffective|p2a: Chimecho\n|-damage|p2a: Chimecho|157/290\n|-enditem|p2a: Chimecho|Leftovers|[from] move: Knock Off|[of] p1a: Chesnaught\n|\n|-heal|p1a: Chesnaught|38/100|[from] item: Leftovers\n|upkeep\n|turn|20\n|inactive|Time left: 300 sec this turn | 300 sec total\n|\n|t:|1783572565\n|switch|p1a: Mesprit|Mesprit, L85|100/100\n|move|p2a: Chimecho|Stored Power|p1a: Mesprit\n|-resisted|p1a: Mesprit\n|-damage|p1a: Mesprit|87/100\n|\n|upkeep\n|turn|21\n|inactive|Time left: 300 sec this turn | 300 sec total\n|\n|t:|1783572566\n|move|p1a: Mesprit|Ice Beam|p2a: Chimecho\n|-damage|p2a: Chimecho|108/290\n|move|p2a: Chimecho|Recover|p2a: Chimecho\n|-heal|p2a: Chimecho|253/290\n|\n|upkeep\n|turn|22\n|inactive|Time left: 300 sec this turn | 300 sec total\n|\n|t:|1783572567\n|move|p1a: Mesprit|Ice Beam|p2a: Chimecho\n|-damage|p2a: Chimecho|208/290\n|move|p2a: Chimecho|Cosmic Power|p2a: Chimecho\n|-boost|p2a: Chimecho|def|1\n|-boost|p2a: Chimecho|spd|1\n|\n|upkeep\n|turn|23\n|inactive|Time left: 300 sec this turn | 300 sec total\n|\n|t:|1783572568\n|move|p1a: Mesprit|Ice Beam|p2a: Chimecho\n|-damage|p2a: Chimecho|166/290\n|move|p2a: Chimecho|Stored Power|p1a: Mesprit\n|-resisted|p1a: Mesprit\n|-damage|p1a: Mesprit|67/100\n|\n|upkeep\n|turn|24\n|inactive|Time left: 300 sec this turn | 300 sec total\n|\n|t:|1783572570\n|move|p1a: Mesprit|Ice Beam|p2a: Chimecho\n|-damage|p2a: Chimecho|126/290\n|move|p2a: Chimecho|Stored Power|p1a: Mesprit\n|-resisted|p1a: Mesprit\n|-damage|p1a: Mesprit|47/100\n|\n|upkeep\n|turn|25\n|inactive|Time left: 300 sec this turn | 300 sec total\n|\n|t:|1783572571\n|move|p1a: Mesprit|Ice Beam|p2a: Chimecho\n|-damage|p2a: Chimecho|87/290\n|move|p2a: Chimecho|Recover|p2a: Chimecho\n|-heal|p2a: Chimecho|232/290\n|\n|upkeep\n|turn|26\n|inactive|Time left: 300 sec this turn | 300 sec total\n|\n|t:|1783572572\n|move|p1a: Mesprit|Ice Beam|p2a: Chimecho\n|-damage|p2a: Chimecho|197/290\n|-status|p2a: Chimecho|frz\n|cant|p2a: Chimecho|frz\n|\n|upkeep\n|turn|27\n|inactive|Time left: 300 sec this turn | 300 sec total\n|\n|t:|1783572573\n|move|p1a: Mesprit|Ice Beam|p2a: Chimecho\n|-damage|p2a: Chimecho|161/290 frz\n|-curestatus|p2a: Chimecho|frz|[msg]\n|move|p2a: Chimecho|Stored Power|p1a: Mesprit\n|-resisted|p1a: Mesprit\n|-damage|p1a: Mesprit|27/100\n|\n|upkeep\n|turn|28\n|inactive|Time left: 300 sec this turn | 300 sec total\n|\n|t:|1783572574\n|move|p1a: Mesprit|Ice Beam|p2a: Chimecho\n|-damage|p2a: Chimecho|126/290\n|move|p2a: Chimecho|Recover|p2a: Chimecho\n|-heal|p2a: Chimecho|271/290\n|\n|upkeep\n|turn|29\n|inactive|Time left: 300 sec this turn | 300 sec total\n|\n|t:|1783572575\n|move|p1a: Mesprit|Ice Beam|p2a: Chimecho\n|-damage|p2a: Chimecho|230/290\n|move|p2a: Chimecho|Stored Power|p1a: Mesprit\n|-resisted|p1a: Mesprit\n|-damage|p1a: Mesprit|10/100\n|\n|upkeep\n|turn|30\n|inactive|Time left: 300 sec this turn | 300 sec total\n|\n|t:|1783572576\n|move|p1a: Mesprit|Ice Beam|p2a: Chimecho\n|-damage|p2a: Chimecho|194/290\n|move|p2a: Chimecho|Stored Power|p1a: Mesprit\n|-resisted|p1a: Mesprit\n|-damage|p1a: Mesprit|0 fnt\n|faint|p1a: Mesprit\n|\n|upkeep\n|\n|t:|1783572577\n|switch|p1a: Basculin|Basculin, L86, F|100/100\n|-activate|p1a: Basculin|move: Sticky Web\n|-unboost|p1a: Basculin|spe|1\n|turn|31\n|inactive|Time left: 300 sec this turn | 300 sec total\n|\n|t:|1783572578\n|move|p2a: Chimecho|Stored Power|p1a: Basculin\n|-damage|p1a: Basculin|38/100\n|move|p1a: Basculin|Wave Crash|p2a: Chimecho\n|-damage|p2a: Chimecho|96/290\n|-damage|p1a: Basculin|26/100|[from] Recoil\n|\n|upkeep\n|turn|32\n|inactive|Time left: 300 sec this turn | 300 sec total\n|\n|t:|1783572579\n|move|p2a: Chimecho|Recover|p2a: Chimecho\n|-heal|p2a: Chimecho|241/290\n|move|p1a: Basculin|Wave Crash|p2a: Chimecho\n|-damage|p2a: Chimecho|131/290\n|-damage|p1a: Basculin|12/100|[from] Recoil\n|\n|upkeep\n|turn|33\n|inactive|Time left: 300 sec this turn | 300 sec total\n|\n|t:|1783572580\n|move|p2a: Chimecho|Stored Power|p1a: Basculin\n|-damage|p1a: Basculin|0 fnt\n|faint|p1a: Basculin\n|\n|upkeep\n|\n|t:|1783572581\n|switch|p1a: Infernape|Infernape, L82, M|100/100\n|-activate|p1a: Infernape|move: Sticky Web\n|-unboost|p1a: Infernape|spe|1\n|turn|34\n|inactive|Time left: 300 sec this turn | 300 sec total\n|\n|t:|1783572582\n|move|p2a: Chimecho|Stored Power|p1a: Infernape\n|-supereffective|p1a: Infernape\n|-damage|p1a: Infernape|0 fnt\n|faint|p1a: Infernape\n|\n|upkeep\n|\n|t:|1783572584\n|switch|p1a: Chesnaught|Chesnaught, L84, M|38/100\n|-activate|p1a: Chesnaught|move: Sticky Web\n|-unboost|p1a: Chesnaught|spe|1\n|turn|35\n|inactive|Time left: 300 sec this turn | 300 sec total\n|\n|t:|1783572585\n|-terastallize|p2a: Chimecho|Steel\n|move|p2a: Chimecho|Stored Power|p1a: Chesnaught\n|-supereffective|p1a: Chesnaught\n|-damage|p1a: Chesnaught|0 fnt\n|faint|p1a: Chesnaught\n|\n|win|p0y28257f6d", "uploadtime": 1783572585, "views": 0, "rating": 0, "private": 0, "password": null, "_winner": "p0y28257f6d", "_our_name": "p0y28257f6d"}