{"id": "battle-gen9randombattle-2107", "formatid": "gen9randombattle", "format": "[Gen 9] Random Battle", "players": ["p0x2107d5d3", "p0y2107a6f2"], "log": "|init|battle\n|title|p0x2107d5d3 vs. p0y2107a6f2\n|j|\u2606p0x2107d5d3\n|j|\u2606p0y2107a6f2\n|t:|1783564413\n|gametype|singles\n|player|p1|p0x2107d5d3|265|\n|player|p2|p0y2107a6f2|170|\n|gen|9\n|tier|[Gen 9] Random Battle\n|rule|Species Clause: Limit one of each Pok\u00e9mon\n|rule|HP Percentage Mod: HP is shown in percentages\n|rule|Sleep Clause Mod: Limit one foe put to sleep\n|rule|Illusion Level Mod: Illusion disguises the Pok\u00e9mon's true level\n|\n|t:|1783564413\n|teamsize|p1|6\n|teamsize|p2|6\n|start\n|switch|p1a: Sinistcha|Sinistcha, L83|254/254\n|switch|p2a: Ampharos|Ampharos, L88, F|100/100\n|turn|1\n|inactive|Battle timer is ON: inactive players will automatically lose when time's up. (requested by p0y2107a6f2)\n|inactive|Time left: 300 sec this turn | 300 sec total | 60 sec grace\n|inactive|p0x2107d5d3 also wants the timer to be on.\n|\n|t:|1783564414\n|move|p1a: Sinistcha|Calm Mind|p1a: Sinistcha\n|-boost|p1a: Sinistcha|spa|1\n|-boost|p1a: Sinistcha|spd|1\n|move|p2a: Ampharos|Volt Switch|p1a: Sinistcha\n|-resisted|p1a: Sinistcha\n|-damage|p1a: Sinistcha|220/254\n|\n|t:|1783564415\n|switch|p2a: Spidops|Spidops, L96, M|100/100|[from] Volt Switch\n|\n|-heal|p1a: Sinistcha|235/254|[from] item: Leftovers\n|upkeep\n|turn|2\n|inactive|Time left: 300 sec this turn | 300 sec total\n|\n|t:|1783564415\n|move|p1a: Sinistcha|Shadow Ball|p2a: Spidops\n|-damage|p2a: Spidops|52/100\n|move|p2a: Spidops|Sticky Web|p1a: Sinistcha\n|-sidestart|p1: p0x2107d5d3|move: Sticky Web\n|\n|-heal|p1a: Sinistcha|250/254|[from] item: Leftovers\n|upkeep\n|turn|3\n|inactive|Time left: 300 sec this turn | 300 sec total\n|\n|t:|1783564416\n|move|p1a: Sinistcha|Shadow Ball|p2a: Spidops\n|-crit|p2a: Spidops\n|-damage|p2a: Spidops|0 fnt\n|faint|p2a: Spidops\n|\n|-heal|p1a: Sinistcha|254/254|[from] item: Leftovers\n|upkeep\n|\n|t:|1783564417\n|switch|p2a: Ampharos|Ampharos, L88, F|100/100\n|turn|4\n|inactive|Time left: 300 sec this turn | 300 sec total\n|\n|t:|1783564418\n|move|p1a: Sinistcha|Matcha Gotcha|p2a: Ampharos\n|-damage|p2a: Ampharos|70/100\n|move|p2a: Ampharos|Dragon Tail|p1a: Sinistcha\n|-damage|p1a: Sinistcha|220/254\n|drag|p1a: Altaria|Altaria, L89, M|278/278\n|\n|upkeep\n|turn|5\n|inactive|Time left: 300 sec this turn | 300 sec total\n|\n|t:|1783564419\n|move|p1a: Altaria|Defog|p2a: Ampharos\n|-unboost|p2a: Ampharos|evasion|1\n|-sideend|p1: p0x2107d5d3|Sticky Web|[from] move: Defog|[of] p1a: Altaria\n|move|p2a: Ampharos|Dragon Tail|p1a: Altaria\n|-supereffective|p1a: Altaria\n|-damage|p1a: Altaria|198/278\n|drag|p1a: Sinistcha|Sinistcha, L83|220/254\n|\n|-heal|p1a: Sinistcha|235/254|[from] item: Leftovers\n|upkeep\n|turn|6\n|inactive|Time left: 300 sec this turn | 300 sec total\n|\n|t:|1783564420\n|move|p1a: Sinistcha|Calm Mind|p1a: Sinistcha\n|-boost|p1a: Sinistcha|spa|1\n|-boost|p1a: Sinistcha|spd|1\n|move|p2a: Ampharos|Discharge|p1a: Sinistcha\n|-resisted|p1a: Sinistcha\n|-damage|p1a: Sinistcha|195/254\n|\n|-heal|p1a: Sinistcha|210/254|[from] item: Leftovers\n|upkeep\n|turn|7\n|inactive|Time left: 300 sec this turn | 300 sec total\n|\n|t:|1783564421\n|move|p1a: Sinistcha|Matcha Gotcha|p2a: Ampharos\n|-damage|p2a: Ampharos|39/100\n|-heal|p1a: Sinistcha|254/254|[from] drain|[of] p2a: Ampharos\n|move|p2a: Ampharos|Dragon Tail|p1a: Sinistcha\n|-damage|p1a: Sinistcha|220/254\n|drag|p1a: Altaria|Altaria, L89, M|198/278\n|\n|upkeep\n|turn|8\n|inactive|Time left: 300 sec this turn | 300 sec total\n|\n|t:|1783564422\n|move|p1a: Altaria|Earthquake|p2a: Ampharos\n|-supereffective|p2a: Ampharos\n|-damage|p2a: Ampharos|0 fnt\n|faint|p2a: Ampharos\n|\n|upkeep\n|\n|t:|1783564423\n|switch|p2a: Koraidon|Koraidon, L64|100/100\n|-weather|SunnyDay|[from] ability: Orichalcum Pulse|[of] p2a: Koraidon\n|-activate|p2a: Koraidon|Orichalcum Pulse|[source]\n|turn|9\n|inactive|Time left: 300 sec this turn | 300 sec total\n|\n|t:|1783564425\n|move|p2a: Koraidon|Outrage|p1a: Altaria\n|-supereffective|p1a: Altaria\n|-damage|p1a: Altaria|0 fnt\n|faint|p1a: Altaria\n|\n|-weather|SunnyDay|[upkeep]\n|upkeep\n|inactive|Time left: 300 sec this turn | 300 sec total | 5 sec grace\n|\n|t:|1783564425\n|switch|p1a: Meowstic|Meowstic, L89, M|277/277\n|turn|10\n|inactive|Time left: 300 sec this turn | 300 sec total\n|\n|t:|1783564427\n|-terastallize|p1a: Meowstic|Fairy\n|move|p1a: Meowstic|Psychic Noise|p2a: Koraidon\n|-supereffective|p2a: Koraidon\n|-damage|p2a: Koraidon|23/100\n|-start|p2a: Koraidon|move: Heal Block\n|move|p2a: Koraidon|Outrage|p1a: Meowstic|[from] lockedmove\n|-immune|p1a: Meowstic\n|-start|p2a: Koraidon|confusion|[fatigue]\n|\n|-weather|SunnyDay|[upkeep]\n|upkeep\n|turn|11\n|inactive|Time left: 300 sec this turn | 300 sec total\n|\n|t:|1783564428\n|switch|p2a: Gholdengo|Gholdengo, L77|100/100\n|move|p1a: Meowstic|Psychic Noise|p2a: Gholdengo\n|-resisted|p2a: Gholdengo\n|-damage|p2a: Gholdengo|85/100\n|-start|p2a: Gholdengo|move: Heal Block\n|\n|-weather|SunnyDay|[upkeep]\n|upkeep\n|turn|12\n|inactive|Time left: 300 sec this turn | 300 sec total\n|\n|t:|1783564428\n|switch|p1a: Snorlax|Snorlax, L82, M|397/397\n|move|p2a: Gholdengo|Make It Rain|p1a: Snorlax\n|-damage|p1a: Snorlax|274/397\n|-unboost|p2a: Gholdengo|spa|1\n|\n|-weather|SunnyDay|[upkeep]\n|-heal|p1a: Snorlax|298/397|[from] item: Leftovers\n|-end|p2a: Gholdengo|move: Heal Block\n|upkeep\n|turn|13\n|inactive|Time left: 300 sec this turn | 300 sec total\n|\n|t:|1783564429\n|switch|p1a: Sinistcha|Sinistcha, L83|220/254\n|move|p2a: Gholdengo|Make It Rain|p1a: Sinistcha\n|-crit|p1a: Sinistcha\n|-damage|p1a: Sinistcha|7/254\n|-unboost|p2a: Gholdengo|spa|1\n|\n|-weather|none\n|-heal|p1a: Sinistcha|22/254|[from] item: Leftovers\n|upkeep\n|turn|14\n|inactive|Time left: 300 sec this turn | 300 sec total\n|\n|t:|1783564430\n|move|p2a: Gholdengo|Make It Rain|p1a: Sinistcha\n|-damage|p1a: Sinistcha|0 fnt\n|-unboost|p2a: Gholdengo|spa|1\n|faint|p1a: Sinistcha\n|\n|upkeep\n|inactive|Time left: 300 sec this turn | 300 sec total | 5 sec grace\n|\n|t:|1783564431\n|switch|p1a: Toxicroak|Toxicroak, L84, M|277/277\n|turn|15\n|inactive|Time left: 300 sec this turn | 300 sec total\n|\n|t:|1783564432\n|switch|p2a: Koraidon|Koraidon, L64|23/100\n|-weather|SunnyDay|[from] ability: Orichalcum Pulse|[of] p2a: Koraidon\n|-activate|p2a: Koraidon|Orichalcum Pulse|[source]\n|move|p1a: Toxicroak|Earthquake|p2a: Koraidon\n|-damage|p2a: Koraidon|0 fnt\n|faint|p2a: Koraidon\n|-damage|p1a: Toxicroak|250/277|[from] item: Life Orb\n|\n|-weather|SunnyDay|[upkeep]\n|-damage|p1a: Toxicroak|216/277|[from] ability: Dry Skin|[of] p1a: Toxicroak\n|upkeep\n|\n|t:|1783564433\n|switch|p2a: Forretress|Forretress, L84, M|100/100\n|turn|16\n|inactive|Time left: 300 sec this turn | 300 sec total\n|\n|t:|1783564434\n|move|p1a: Toxicroak|Swords Dance|p1a: Toxicroak\n|-boost|p1a: Toxicroak|atk|2\n|move|p2a: Forretress|Iron Head|p1a: Toxicroak\n|-damage|p1a: Toxicroak|110/277\n|\n|-weather|SunnyDay|[upkeep]\n|-damage|p1a: Toxicroak|76/277|[from] ability: Dry Skin|[of] p1a: Toxicroak\n|upkeep\n|turn|17\n|inactive|Time left: 300 sec this turn | 300 sec total\n|\n|t:|1783564435\n|move|p1a: Toxicroak|Close Combat|p2a: Forretress\n|-damage|p2a: Forretress|13/100\n|-unboost|p1a: Toxicroak|def|1\n|-unboost|p1a: Toxicroak|spd|1\n|-damage|p1a: Toxicroak|49/277|[from] item: Life Orb\n|move|p2a: Forretress|Rapid Spin|p1a: Toxicroak\n|-damage|p1a: Toxicroak|0 fnt\n|-boost|p2a: Forretress|spe|1\n|faint|p1a: Toxicroak\n|\n|-weather|SunnyDay|[upkeep]\n|-heal|p2a: Forretress|19/100|[from] item: Leftovers\n|upkeep\n|inactive|Time left: 300 sec this turn | 300 sec total | 5 sec grace\n|\n|t:|1783564436\n|switch|p1a: Meowstic|Meowstic, L89, M, tera:Fairy|277/277\n|turn|18\n|inactive|Time left: 300 sec this turn | 300 sec total\n|\n|t:|1783564437\n|move|p1a: Meowstic|Alluring Voice|p2a: Forretress\n|-resisted|p2a: Forretress\n|-damage|p2a: Forretress|0 fnt\n|faint|p2a: Forretress\n|\n|-weather|SunnyDay|[upkeep]\n|upkeep\n|\n|t:|1783564438\n|switch|p2a: Gholdengo|Gholdengo, L77|85/100\n|turn|19\n|inactive|Time left: 300 sec this turn | 300 sec total\n|\n|t:|1783564439\n|switch|p1a: Snorlax|Snorlax, L82, M|298/397\n|move|p2a: Gholdengo|Make It Rain|p1a: Snorlax\n|-damage|p1a: Snorlax|171/397\n|-unboost|p2a: Gholdengo|spa|1\n|\n|-weather|none\n|-heal|p1a: Snorlax|195/397|[from] item: Leftovers\n|upkeep\n|turn|20\n|inactive|Time left: 300 sec this turn | 300 sec total\n|\n|t:|1783564440\n|switch|p2a: Kingdra|Kingdra, L84, F|100/100\n|move|p1a: Snorlax|Body Slam|p2a: Kingdra\n|-damage|p2a: Kingdra|69/100\n|\n|-heal|p1a: Snorlax|219/397|[from] item: Leftovers\n|upkeep\n|turn|21\n|inactive|Time left: 300 sec this turn | 300 sec total\n|\n|t:|1783564441\n|move|p2a: Kingdra|Dragon Dance|p2a: Kingdra\n|-boost|p2a: Kingdra|atk|1\n|-boost|p2a: Kingdra|spe|1\n|move|p1a: Snorlax|Body Slam|p2a: Kingdra\n|-damage|p2a: Kingdra|33/100\n|\n|-heal|p1a: Snorlax|243/397|[from] item: Leftovers\n|upkeep\n|turn|22\n|inactive|Time left: 300 sec this turn | 300 sec total\n|\n|t:|1783564442\n|move|p2a: Kingdra|Waterfall|p1a: Snorlax\n|-damage|p1a: Snorlax|84/397\n|move|p1a: Snorlax|Body Slam|p2a: Kingdra\n|-damage|p2a: Kingdra|0 fnt\n|faint|p2a: Kingdra\n|\n|-heal|p1a: Snorlax|108/397|[from] item: Leftovers\n|upkeep\n|\n|t:|1783564444\n|switch|p2a: Gholdengo|Gholdengo, L77|85/100\n|turn|23\n|inactive|Time left: 300 sec this turn | 300 sec total\n|\n|t:|1783564445\n|switch|p1a: Meowstic|Meowstic, L89, M, tera:Fairy|277/277\n|move|p2a: Gholdengo|Focus Blast|p1a: Meowstic\n|-resisted|p1a: Meowstic\n|-damage|p1a: Meowstic|227/277\n|\n|-heal|p1a: Meowstic|244/277|[from] item: Leftovers\n|upkeep\n|turn|24\n|inactive|Time left: 300 sec this turn | 300 sec total\n|\n|t:|1783564446\n|move|p2a: Gholdengo|Focus Blast|p1a: Meowstic\n|-resisted|p1a: Meowstic\n|-damage|p1a: Meowstic|201/277\n|move|p1a: Meowstic|Psychic Noise|p2a: Gholdengo\n|-resisted|p2a: Gholdengo\n|-damage|p2a: Gholdengo|69/100\n|-start|p2a: Gholdengo|move: Heal Block\n|\n|-heal|p1a: Meowstic|218/277|[from] item: Leftovers\n|upkeep\n|turn|25\n|inactive|Time left: 300 sec this turn | 300 sec total\n|\n|t:|1783564447\n|move|p2a: Gholdengo|Focus Blast|p1a: Meowstic\n|-resisted|p1a: Meowstic\n|-damage|p1a: Meowstic|170/277\n|move|p1a: Meowstic|Alluring Voice|p2a: Gholdengo\n|-resisted|p2a: Gholdengo\n|-damage|p2a: Gholdengo|51/100\n|\n|-heal|p1a: Meowstic|187/277|[from] item: Leftovers\n|-end|p2a: Gholdengo|move: Heal Block\n|upkeep\n|turn|26\n|inactive|Time left: 300 sec this turn | 300 sec total\n|\n|t:|1783564448\n|move|p2a: Gholdengo|Focus Blast|p1a: Meowstic\n|-resisted|p1a: Meowstic\n|-damage|p1a: Meowstic|143/277\n|move|p1a: Meowstic|Alluring Voice|p2a: Gholdengo\n|-resisted|p2a: Gholdengo\n|-damage|p2a: Gholdengo|33/100\n|\n|-heal|p1a: Meowstic|160/277|[from] item: Leftovers\n|upkeep\n|turn|27\n|inactive|Time left: 300 sec this turn | 300 sec total\n|\n|t:|1783564449\n|move|p2a: Gholdengo|Focus Blast|p1a: Meowstic\n|-resisted|p1a: Meowstic\n|-damage|p1a: Meowstic|111/277\n|move|p1a: Meowstic|Alluring Voice|p2a: Gholdengo\n|-resisted|p2a: Gholdengo\n|-damage|p2a: Gholdengo|16/100\n|\n|-heal|p1a: Meowstic|128/277|[from] item: Leftovers\n|upkeep\n|turn|28\n|inactive|Time left: 300 sec this turn | 300 sec total\n|\n|t:|1783564450\n|move|p2a: Gholdengo|Focus Blast|p1a: Meowstic\n|-resisted|p1a: Meowstic\n|-damage|p1a: Meowstic|86/277\n|move|p1a: Meowstic|Alluring Voice|p2a: Gholdengo\n|-resisted|p2a: Gholdengo\n|-damage|p2a: Gholdengo|0 fnt\n|faint|p2a: Gholdengo\n|\n|win|p0x2107d5d3", "uploadtime": 1783564450, "views": 0, "rating": 0, "private": 0, "password": null, "_winner": "p0x2107d5d3", "_our_name": "p0x2107d5d3"}