{"id": "battle-gen9randombattle-1342", "formatid": "gen9randombattle", "format": "[Gen 9] Random Battle", "players": ["p0x1342748b", "p0y13420842"], "log": "|init|battle\n|title|p0x1342748b vs. p0y13420842\n|j|\u2606p0x1342748b\n|j|\u2606p0y13420842\n|t:|1783554717\n|gametype|singles\n|player|p1|p0x1342748b|1|\n|player|p2|p0y13420842|169|\n|gen|9\n|tier|[Gen 9] Random Battle\n|rule|Species Clause: Limit one of each Pok\u00e9mon\n|rule|HP Percentage Mod: HP is shown in percentages\n|rule|Sleep Clause Mod: Limit one foe put to sleep\n|rule|Illusion Level Mod: Illusion disguises the Pok\u00e9mon's true level\n|\n|t:|1783554717\n|teamsize|p1|6\n|teamsize|p2|6\n|start\n|switch|p1a: Chandelure|Chandelure, L83, M|235/235\n|switch|p2a: Lapras|Lapras, L87, F|100/100\n|turn|1\n|inactive|Battle timer is ON: inactive players will automatically lose when time's up. (requested by p0y13420842)\n|inactive|Time left: 300 sec this turn | 300 sec total | 60 sec grace\n|\n|t:|1783554719\n|move|p1a: Chandelure|Will-O-Wisp|p2a: Lapras\n|-status|p2a: Lapras|brn\n|move|p2a: Lapras|Waterfall|p1a: Chandelure\n|-supereffective|p1a: Chandelure\n|-damage|p1a: Chandelure|148/235\n|\n|-damage|p2a: Lapras|95/100 brn|[from] brn\n|upkeep\n|turn|2\n|inactive|Time left: 300 sec this turn | 300 sec total\n|inactive|p0x1342748b also wants the timer to be on.\n|\n|t:|1783554720\n|move|p1a: Chandelure|Fire Blast|p2a: Lapras\n|-damage|p2a: Lapras|57/100 brn\n|move|p2a: Lapras|Dragon Dance|p2a: Lapras\n|-boost|p2a: Lapras|atk|1\n|-boost|p2a: Lapras|spe|1\n|\n|-damage|p2a: Lapras|51/100 brn|[from] brn\n|upkeep\n|turn|3\n|inactive|Time left: 300 sec this turn | 300 sec total\n|\n|t:|1783554720\n|move|p2a: Lapras|Waterfall|p1a: Chandelure\n|-supereffective|p1a: Chandelure\n|-damage|p1a: Chandelure|22/235\n|move|p1a: Chandelure|Fire Blast|p2a: Lapras\n|-damage|p2a: Lapras|11/100 brn\n|\n|-damage|p2a: Lapras|5/100 brn|[from] brn\n|upkeep\n|turn|4\n|inactive|Time left: 300 sec this turn | 300 sec total\n|\n|t:|1783554722\n|move|p2a: Lapras|Icicle Spear|p1a: Chandelure\n|-resisted|p1a: Chandelure\n|-damage|p1a: Chandelure|13/235\n|-resisted|p1a: Chandelure\n|-damage|p1a: Chandelure|4/235\n|-resisted|p1a: Chandelure\n|-damage|p1a: Chandelure|0 fnt\n|faint|p1a: Chandelure\n|-hitcount|p1: Chandelure|3\n|\n|-damage|p2a: Lapras|0 fnt|[from] brn\n|faint|p2a: Lapras\n|upkeep\n|inactive|Time left: 300 sec this turn | 300 sec total | 5 sec grace\n|\n|t:|1783554723\n|switch|p1a: Flapple|Flapple, L88, M|266/266\n|switch|p2a: Malamar|Malamar, L82, M|100/100\n|turn|5\n|inactive|Time left: 300 sec this turn | 300 sec total\n|\n|t:|1783554724\n|move|p1a: Flapple|Outrage|p2a: Malamar\n|-crit|p2a: Malamar\n|-damage|p2a: Malamar|0 fnt\n|faint|p2a: Malamar\n|\n|upkeep\n|\n|t:|1783554725\n|switch|p2a: Tauros|Tauros-Paldea-Combat, L82, M|100/100\n|-ability|p2a: Tauros|Intimidate|boost\n|-unboost|p1a: Flapple|atk|1\n|turn|6\n|inactive|Time left: 300 sec this turn | 300 sec total\n|\n|t:|1783554726\n|move|p2a: Tauros|Bulk Up|p2a: Tauros\n|-boost|p2a: Tauros|atk|1\n|-boost|p2a: Tauros|def|1\n|move|p1a: Flapple|Outrage|p2a: Tauros|[from] lockedmove\n|-damage|p2a: Tauros|65/100\n|\n|upkeep\n|turn|7\n|inactive|Time left: 300 sec this turn | 300 sec total\n|\n|t:|1783554727\n|-terastallize|p2a: Tauros|Fighting\n|move|p2a: Tauros|Close Combat|p1a: Flapple\n|-damage|p1a: Flapple|0 fnt\n|-unboost|p2a: Tauros|def|1\n|-unboost|p2a: Tauros|spd|1\n|faint|p1a: Flapple\n|-damage|p2a: Tauros|55/100|[from] item: Life Orb\n|\n|upkeep\n|inactive|Time left: 300 sec this turn | 300 sec total | 5 sec grace\n|\n|t:|1783554728\n|switch|p1a: Whimsicott|Whimsicott, L84, M|238/238\n|turn|8\n|inactive|Time left: 300 sec this turn | 300 sec total\n|\n|t:|1783554729\n|switch|p2a: Polteageist|Polteageist, L78|100/100\n|move|p1a: Whimsicott|Moonblast|p2a: Polteageist\n|-damage|p2a: Polteageist|65/100\n|-unboost|p2a: Polteageist|spa|1\n|-enditem|p2a: Polteageist|White Herb\n|-clearnegativeboost|p2a: Polteageist|[silent]\n|\n|upkeep\n|turn|9\n|inactive|Time left: 300 sec this turn | 300 sec total\n|\n|t:|1783554730\n|move|p1a: Whimsicott|Substitute|p1a: Whimsicott\n|-start|p1a: Whimsicott|Substitute\n|-damage|p1a: Whimsicott|179/238\n|move|p2a: Polteageist|Shell Smash|p2a: Polteageist\n|-unboost|p2a: Polteageist|def|1\n|-unboost|p2a: Polteageist|spd|1\n|-boost|p2a: Polteageist|atk|2\n|-boost|p2a: Polteageist|spa|2\n|-boost|p2a: Polteageist|spe|2\n|\n|-heal|p1a: Whimsicott|193/238|[from] item: Leftovers\n|upkeep\n|turn|10\n|inactive|Time left: 300 sec this turn | 300 sec total\n|\n|t:|1783554732\n|move|p1a: Whimsicott|Encore|p2a: Polteageist\n|-start|p2a: Polteageist|Encore\n|move|p2a: Polteageist|Shell Smash|p2a: Polteageist\n|-unboost|p2a: Polteageist|def|1\n|-unboost|p2a: Polteageist|spd|1\n|-boost|p2a: Polteageist|atk|2\n|-boost|p2a: Polteageist|spa|2\n|-boost|p2a: Polteageist|spe|2\n|\n|-heal|p1a: Whimsicott|207/238|[from] item: Leftovers\n|upkeep\n|turn|11\n|inactive|Time left: 300 sec this turn | 300 sec total\n|\n|t:|1783554733\n|switch|p2a: Klawf|Klawf, L90, F|100/100\n|move|p1a: Whimsicott|Moonblast|p2a: Klawf\n|-damage|p2a: Klawf|57/100\n|-unboost|p2a: Klawf|spa|1\n|\n|-heal|p1a: Whimsicott|221/238|[from] item: Leftovers\n|upkeep\n|turn|12\n|inactive|Time left: 300 sec this turn | 300 sec total\n|\n|t:|1783554734\n|switch|p2a: Polteageist|Polteageist, L78|65/100\n|move|p1a: Whimsicott|Moonblast|p2a: Polteageist\n|-damage|p2a: Polteageist|30/100\n|\n|-heal|p1a: Whimsicott|235/238|[from] item: Leftovers\n|upkeep\n|turn|13\n|inactive|Time left: 300 sec this turn | 300 sec total\n|\n|t:|1783554735\n|move|p1a: Whimsicott|Moonblast|p2a: Polteageist\n|-damage|p2a: Polteageist|0 fnt\n|faint|p2a: Polteageist\n|\n|-heal|p1a: Whimsicott|238/238|[from] item: Leftovers\n|upkeep\n|\n|t:|1783554736\n|switch|p2a: Iron Boulder|Iron Boulder, L77|100/100\n|-enditem|p2a: Iron Boulder|Booster Energy\n|-activate|p2a: Iron Boulder|ability: Quark Drive|[fromitem]\n|-start|p2a: Iron Boulder|quarkdrivespe\n|turn|14\n|inactive|Time left: 300 sec this turn | 300 sec total\n|\n|t:|1783554737\n|move|p2a: Iron Boulder|Swords Dance|p2a: Iron Boulder\n|-boost|p2a: Iron Boulder|atk|2\n|move|p1a: Whimsicott|Moonblast|p2a: Iron Boulder\n|-damage|p2a: Iron Boulder|69/100\n|\n|upkeep\n|turn|15\n|inactive|Time left: 300 sec this turn | 300 sec total\n|\n|t:|1783554738\n|move|p1a: Whimsicott|Encore|p2a: Iron Boulder\n|-start|p2a: Iron Boulder|Encore\n|move|p2a: Iron Boulder|Swords Dance|p2a: Iron Boulder\n|-boost|p2a: Iron Boulder|atk|2\n|\n|upkeep\n|turn|16\n|inactive|Time left: 300 sec this turn | 300 sec total\n|\n|t:|1783554739\n|move|p2a: Iron Boulder|Swords Dance|p2a: Iron Boulder\n|-boost|p2a: Iron Boulder|atk|2\n|move|p1a: Whimsicott|Moonblast|p2a: Iron Boulder\n|-damage|p2a: Iron Boulder|40/100\n|\n|upkeep\n|turn|17\n|inactive|Time left: 300 sec this turn | 300 sec total\n|\n|t:|1783554740\n|-end|p2a: Iron Boulder|Quark Drive|[silent]\n|switch|p2a: Klawf|Klawf, L90, F|57/100\n|move|p1a: Whimsicott|Moonblast|p2a: Klawf\n|-damage|p2a: Klawf|20/100\n|-ability|p2a: Klawf|Anger Shell|boost\n|-boost|p2a: Klawf|atk|1\n|-boost|p2a: Klawf|spa|1\n|-boost|p2a: Klawf|spe|1\n|-unboost|p2a: Klawf|def|1\n|-unboost|p2a: Klawf|spd|1\n|\n|upkeep\n|turn|18\n|inactive|Time left: 300 sec this turn | 300 sec total\n|\n|t:|1783554741\n|move|p2a: Klawf|Knock Off|p1a: Whimsicott\n|-resisted|p1a: Whimsicott\n|-activate|p1a: Whimsicott|move: Substitute|[damage]\n|move|p1a: Whimsicott|Moonblast|p2a: Klawf\n|-damage|p2a: Klawf|0 fnt\n|faint|p2a: Klawf\n|\n|upkeep\n|\n|t:|1783554742\n|switch|p2a: Iron Boulder|Iron Boulder, L77|40/100\n|turn|19\n|inactive|Time left: 300 sec this turn | 300 sec total\n|\n|t:|1783554743\n|move|p1a: Whimsicott|Moonblast|p2a: Iron Boulder\n|-damage|p2a: Iron Boulder|8/100\n|move|p2a: Iron Boulder|Zen Headbutt|p1a: Whimsicott\n|-end|p1a: Whimsicott|Substitute\n|\n|upkeep\n|turn|20\n|inactive|Time left: 300 sec this turn | 300 sec total\n|\n|t:|1783554744\n|move|p1a: Whimsicott|Moonblast|p2a: Iron Boulder\n|-damage|p2a: Iron Boulder|0 fnt\n|faint|p2a: Iron Boulder\n|-end|p2a: Iron Boulder|Quark Drive|[silent]\n|\n|upkeep\n|\n|t:|1783554745\n|switch|p2a: Tauros|Tauros-Paldea-Combat, L82, M, tera:Fighting|55/100\n|-ability|p2a: Tauros|Intimidate|boost\n|-unboost|p1a: Whimsicott|atk|1\n|turn|21\n|inactive|Time left: 300 sec this turn | 300 sec total\n|\n|t:|1783554746\n|move|p1a: Whimsicott|Moonblast|p2a: Tauros\n|-supereffective|p2a: Tauros\n|-damage|p2a: Tauros|0 fnt\n|faint|p2a: Tauros\n|\n|win|p0x1342748b", "uploadtime": 1783554746, "views": 0, "rating": 0, "private": 0, "password": null, "_winner": "p0x1342748b", "_our_name": "p0x1342748b"}