{"id": "battle-gen9randombattle-2741", "formatid": "gen9randombattle", "format": "[Gen 9] Random Battle", "players": ["p0x27416031", "p0y27413899"], "log": "|init|battle\n|title|p0x27416031 vs. p0y27413899\n|j|\u2606p0x27416031\n|j|\u2606p0y27413899\n|t:|1783571594\n|gametype|singles\n|player|p1|p0x27416031|101|\n|player|p2|p0y27413899|102|\n|gen|9\n|tier|[Gen 9] Random Battle\n|rule|Species Clause: Limit one of each Pok\u00e9mon\n|rule|HP Percentage Mod: HP is shown in percentages\n|rule|Sleep Clause Mod: Limit one foe put to sleep\n|rule|Illusion Level Mod: Illusion disguises the Pok\u00e9mon's true level\n|\n|t:|1783571594\n|teamsize|p1|6\n|teamsize|p2|6\n|start\n|switch|p1a: Falinks|Falinks, L84|100/100\n|switch|p2a: Calyrex|Calyrex-Shadow, L64|235/235\n|-ability|p2a: Calyrex|As One\n|-ability|p2a: Calyrex|Unnerve\n|turn|1\n|inactive|Battle timer is ON: inactive players will automatically lose when time's up. (requested by p0y27413899)\n|inactive|p0x27416031 also wants the timer to be on.\n|\n|t:|1783571595\n|-terastallize|p1a: Falinks|Dark\n|move|p2a: Calyrex|Astral Barrage|p1a: Falinks\n|-resisted|p1a: Falinks\n|-damage|p1a: Falinks|54/100\n|move|p1a: Falinks|No Retreat|p1a: Falinks\n|-boost|p1a: Falinks|atk|1\n|-boost|p1a: Falinks|def|1\n|-boost|p1a: Falinks|spa|1\n|-boost|p1a: Falinks|spd|1\n|-boost|p1a: Falinks|spe|1\n|-start|p1a: Falinks|move: No Retreat\n|\n|upkeep\n|turn|2\n|inactive|Time left: 300 sec this turn | 300 sec total\n|\n|t:|1783571596\n|switch|p2a: Duraludon|Duraludon, L82, M|249/249\n|move|p1a: Falinks|Knock Off|p2a: Duraludon\n|-damage|p2a: Duraludon|128/249\n|-enditem|p2a: Duraludon|Eviolite|[from] move: Knock Off|[of] p1a: Falinks\n|-damage|p1a: Falinks|44/100|[from] item: Life Orb\n|\n|upkeep\n|turn|3\n|inactive|Time left: 300 sec this turn | 300 sec total\n|\n|t:|1783571598\n|move|p1a: Falinks|Close Combat|p2a: Duraludon\n|-supereffective|p2a: Duraludon\n|-damage|p2a: Duraludon|0 fnt\n|-unboost|p1a: Falinks|def|1\n|-unboost|p1a: Falinks|spd|1\n|faint|p2a: Duraludon\n|-damage|p1a: Falinks|34/100|[from] item: Life Orb\n|\n|upkeep\n|inactive|Time left: 300 sec this turn | 300 sec total | 5 sec grace\n|\n|t:|1783571599\n|switch|p2a: Victreebel|Victreebel, L90, M|290/290\n|turn|4\n|inactive|Time left: 300 sec this turn | 300 sec total\n|\n|t:|1783571600\n|move|p1a: Falinks|Iron Head|p2a: Victreebel\n|-damage|p2a: Victreebel|159/290\n|-damage|p1a: Falinks|24/100|[from] item: Life Orb\n|move|p2a: Victreebel|Poison Jab|p1a: Falinks\n|-damage|p1a: Falinks|0 fnt\n|faint|p1a: Falinks\n|-damage|p2a: Victreebel|130/290|[from] item: Life Orb\n|\n|upkeep\n|\n|t:|1783571601\n|switch|p1a: Coalossal|Coalossal, L89, F|100/100\n|turn|5\n|inactive|Time left: 300 sec this turn | 300 sec total\n|\n|t:|1783571602\n|move|p2a: Victreebel|Power Whip|p1a: Coalossal\n|-damage|p1a: Coalossal|57/100\n|-status|p2a: Victreebel|brn|[from] ability: Flame Body|[of] p1a: Coalossal\n|-damage|p2a: Victreebel|101/290 brn|[from] item: Life Orb\n|move|p1a: Coalossal|Stone Edge|p2a: Victreebel\n|-damage|p2a: Victreebel|0 fnt\n|faint|p2a: Victreebel\n|\n|upkeep\n|inactive|Time left: 300 sec this turn | 300 sec total | 5 sec grace\n|\n|t:|1783571603\n|switch|p2a: Darkrai|Darkrai, L77|234/234\n|turn|6\n|inactive|Time left: 300 sec this turn | 300 sec total\n|\n|t:|1783571604\n|move|p2a: Darkrai|Nasty Plot|p2a: Darkrai\n|-boost|p2a: Darkrai|spa|2\n|move|p1a: Coalossal|Stone Edge|p2a: Darkrai\n|-damage|p2a: Darkrai|114/234\n|\n|upkeep\n|turn|7\n|inactive|Time left: 300 sec this turn | 300 sec total\n|\n|t:|1783571605\n|switch|p1a: Virizion|Virizion, L82|100/100\n|move|p2a: Darkrai|Dark Pulse|p1a: Virizion\n|-resisted|p1a: Virizion\n|-damage|p1a: Virizion|71/100\n|-ability|p1a: Virizion|Justified|boost\n|-boost|p1a: Virizion|atk|1\n|-damage|p2a: Darkrai|91/234|[from] item: Life Orb\n|\n|upkeep\n|turn|8\n|inactive|Time left: 300 sec this turn | 300 sec total\n|\n|t:|1783571607\n|switch|p1a: Bronzong|Bronzong, L88|100/100\n|move|p2a: Darkrai|Sludge Bomb|p1a: Bronzong\n|-immune|p1a: Bronzong\n|\n|upkeep\n|turn|9\n|inactive|Time left: 300 sec this turn | 300 sec total\n|\n|t:|1783571607\n|switch|p1a: Virizion|Virizion, L82|71/100\n|move|p2a: Darkrai|Dark Pulse|p1a: Virizion\n|-resisted|p1a: Virizion\n|-damage|p1a: Virizion|38/100\n|-ability|p1a: Virizion|Justified|boost\n|-boost|p1a: Virizion|atk|1\n|-damage|p2a: Darkrai|68/234|[from] item: Life Orb\n|\n|upkeep\n|turn|10\n|inactive|Time left: 300 sec this turn | 300 sec total\n|\n|t:|1783571608\n|move|p2a: Darkrai|Sludge Bomb|p1a: Virizion\n|-supereffective|p1a: Virizion\n|-crit|p1a: Virizion\n|-damage|p1a: Virizion|0 fnt\n|faint|p1a: Virizion\n|-damage|p2a: Darkrai|45/234|[from] item: Life Orb\n|\n|upkeep\n|\n|t:|1783571609\n|switch|p1a: Palkia|Palkia-Origin, L72|100/100\n|-ability|p1a: Palkia|Pressure\n|turn|11\n|inactive|Time left: 300 sec this turn | 300 sec total\n|\n|t:|1783571610\n|move|p2a: Darkrai|Dark Pulse|p1a: Palkia\n|-damage|p1a: Palkia|16/100\n|-damage|p2a: Darkrai|22/234|[from] item: Life Orb\n|cant|p1a: Palkia|flinch\n|\n|upkeep\n|turn|12\n|inactive|Time left: 300 sec this turn | 300 sec total\n|\n|t:|1783571611\n|move|p2a: Darkrai|Dark Pulse|p1a: Palkia\n|-damage|p1a: Palkia|0 fnt\n|faint|p1a: Palkia\n|-damage|p2a: Darkrai|0 fnt|[from] item: Life Orb\n|faint|p2a: Darkrai\n|\n|upkeep\n|inactive|Time left: 300 sec this turn | 300 sec total | 5 sec grace\n|\n|t:|1783571612\n|switch|p2a: Calyrex|Calyrex-Shadow, L64|235/235\n|switch|p1a: Coalossal|Coalossal, L89, F|57/100\n|-ability|p2a: Calyrex|As One\n|-ability|p2a: Calyrex|Unnerve\n|turn|13\n|inactive|Time left: 300 sec this turn | 300 sec total\n|\n|t:|1783571613\n|move|p2a: Calyrex|Astral Barrage|p1a: Coalossal\n|-damage|p1a: Coalossal|11/100\n|move|p1a: Coalossal|Stone Edge|p2a: Calyrex|[miss]\n|-miss|p1a: Coalossal|p2a: Calyrex\n|\n|upkeep\n|turn|14\n|inactive|Time left: 300 sec this turn | 300 sec total\n|\n|t:|1783571614\n|switch|p1a: Reuniclus|Reuniclus, L88, F|100/100\n|move|p2a: Calyrex|Astral Barrage|p1a: Reuniclus\n|-supereffective|p1a: Reuniclus\n|-damage|p1a: Reuniclus|0 fnt\n|faint|p1a: Reuniclus\n|-ability|p2a: Calyrex|Grim Neigh|boost\n|-boost|p2a: Calyrex|spa|1\n|\n|upkeep\n|\n|t:|1783571615\n|switch|p1a: Coalossal|Coalossal, L89, F|11/100\n|turn|15\n|inactive|Time left: 300 sec this turn | 300 sec total\n|\n|t:|1783571616\n|switch|p1a: Bronzong|Bronzong, L88|100/100\n|-terastallize|p2a: Calyrex|Dark\n|move|p2a: Calyrex|Astral Barrage|p1a: Bronzong\n|-supereffective|p1a: Bronzong\n|-crit|p1a: Bronzong\n|-damage|p1a: Bronzong|0 fnt\n|faint|p1a: Bronzong\n|-ability|p2a: Calyrex|Grim Neigh|boost\n|-boost|p2a: Calyrex|spa|1\n|\n|upkeep\n|\n|t:|1783571617\n|switch|p1a: Coalossal|Coalossal, L89, F|11/100\n|turn|16\n|inactive|Time left: 300 sec this turn | 300 sec total\n|\n|t:|1783571618\n|move|p2a: Calyrex|Astral Barrage|p1a: Coalossal\n|-damage|p1a: Coalossal|0 fnt\n|faint|p1a: Coalossal\n|\n|win|p0y27413899", "uploadtime": 1783571618, "views": 0, "rating": 0, "private": 0, "password": null, "_winner": "p0y27413899", "_our_name": "p0y27413899"}