{"id": "battle-gen9randombattle-2782", "formatid": "gen9randombattle", "format": "[Gen 9] Random Battle", "players": ["p0x27828150", "p0y27828da8"], "log": "|init|battle\n|title|p0x27828150 vs. p0y27828da8\n|j|\u2606p0x27828150\n|j|\u2606p0y27828da8\n|t:|1783572053\n|gametype|singles\n|player|p1|p0x27828150|1|\n|player|p2|p0y27828da8|170|\n|gen|9\n|tier|[Gen 9] Random Battle\n|rule|Species Clause: Limit one of each Pok\u00e9mon\n|rule|HP Percentage Mod: HP is shown in percentages\n|rule|Sleep Clause Mod: Limit one foe put to sleep\n|rule|Illusion Level Mod: Illusion disguises the Pok\u00e9mon's true level\n|\n|t:|1783572053\n|teamsize|p1|6\n|teamsize|p2|6\n|start\n|switch|p1a: Regirock|Regirock, L83|268/268\n|switch|p2a: Dipplin|Dipplin, L88, M|100/100\n|turn|1\n|inactive|Battle timer is ON: inactive players will automatically lose when time's up. (requested by p0x27828150)\n|inactive|p0y27828da8 also wants the timer to be on.\n|\n|t:|1783572055\n|move|p1a: Regirock|Stealth Rock|p2a: Dipplin\n|-sidestart|p2: p0y27828da8|move: Stealth Rock\n|move|p2a: Dipplin|Giga Drain|p1a: Regirock\n|-supereffective|p1a: Regirock\n|-damage|p1a: Regirock|100/268\n|\n|-heal|p1a: Regirock|116/268|[from] item: Leftovers\n|upkeep\n|turn|2\n|inactive|Time left: 300 sec this turn | 300 sec total\n|\n|t:|1783572056\n|switch|p1a: Zapdos|Zapdos, L78|268/268\n|move|p2a: Dipplin|Giga Drain|p1a: Zapdos\n|-resisted|p1a: Zapdos\n|-damage|p1a: Zapdos|222/268\n|\n|upkeep\n|turn|3\n|inactive|Time left: 300 sec this turn | 300 sec total\n|\n|t:|1783572057\n|move|p1a: Zapdos|Hurricane|p2a: Dipplin\n|-supereffective|p2a: Dipplin\n|-damage|p2a: Dipplin|37/100\n|-start|p2a: Dipplin|confusion\n|-activate|p2a: Dipplin|confusion\n|move|p2a: Dipplin|Dragon Pulse|p1a: Zapdos\n|-damage|p1a: Zapdos|114/268\n|\n|upkeep\n|turn|4\n|inactive|Time left: 300 sec this turn | 300 sec total\n|\n|t:|1783572058\n|move|p1a: Zapdos|Roost|p1a: Zapdos\n|-heal|p1a: Zapdos|248/268\n|-singleturn|p1a: Zapdos|move: Roost\n|-end|p2a: Dipplin|confusion\n|move|p2a: Dipplin|Giga Drain|p1a: Zapdos\n|-damage|p1a: Zapdos|164/268\n|-heal|p2a: Dipplin|52/100|[from] drain|[of] p1a: Zapdos\n|\n|upkeep\n|turn|5\n|inactive|Time left: 300 sec this turn | 300 sec total\n|\n|t:|1783572059\n|move|p1a: Zapdos|Hurricane|p2a: Dipplin\n|-supereffective|p2a: Dipplin\n|-damage|p2a: Dipplin|0 fnt\n|faint|p2a: Dipplin\n|\n|upkeep\n|\n|t:|1783572060\n|switch|p2a: Arceus|Arceus-Ice, L72|100/100\n|-damage|p2a: Arceus|76/100|[from] Stealth Rock\n|turn|6\n|inactive|Time left: 300 sec this turn | 300 sec total\n|\n|t:|1783572061\n|switch|p1a: Polteageist|Polteageist-Antique, L78|222/222\n|move|p2a: Arceus|Judgment|p1a: Polteageist\n|-damage|p1a: Polteageist|119/222\n|\n|upkeep\n|turn|7\n|inactive|Time left: 300 sec this turn | 300 sec total\n|\n|t:|1783572062\n|move|p2a: Arceus|Calm Mind|p2a: Arceus\n|-boost|p2a: Arceus|spa|1\n|-boost|p2a: Arceus|spd|1\n|move|p1a: Polteageist|Shell Smash|p1a: Polteageist\n|-unboost|p1a: Polteageist|def|1\n|-unboost|p1a: Polteageist|spd|1\n|-boost|p1a: Polteageist|atk|2\n|-boost|p1a: Polteageist|spa|2\n|-boost|p1a: Polteageist|spe|2\n|-enditem|p1a: Polteageist|White Herb\n|-clearnegativeboost|p1a: Polteageist|[silent]\n|\n|upkeep\n|turn|8\n|inactive|Time left: 300 sec this turn | 300 sec total\n|\n|t:|1783572063\n|-terastallize|p1a: Polteageist|Fighting\n|-terastallize|p2a: Arceus|Electric\n|move|p1a: Polteageist|Tera Blast|p2a: Arceus|[anim] Tera Blast Fighting\n|-damage|p2a: Arceus|33/100\n|move|p2a: Arceus|Judgment|p1a: Polteageist\n|-damage|p1a: Polteageist|0 fnt\n|-start|p2a: Arceus|Disable|Judgment|[from] ability: Cursed Body|[of] p1a: Polteageist\n|faint|p1a: Polteageist\n|\n|upkeep\n|inactive|Time left: 300 sec this turn | 300 sec total | 5 sec grace\n|\n|t:|1783572064\n|switch|p1a: Blastoise|Blastoise, L80, F|258/258\n|turn|9\n|inactive|Time left: 300 sec this turn | 300 sec total\n|\n|t:|1783572065\n|move|p2a: Arceus|Thunderbolt|p1a: Blastoise\n|-supereffective|p1a: Blastoise\n|-damage|p1a: Blastoise|12/258\n|move|p1a: Blastoise|Shell Smash|p1a: Blastoise\n|-unboost|p1a: Blastoise|def|1\n|-unboost|p1a: Blastoise|spd|1\n|-boost|p1a: Blastoise|atk|2\n|-boost|p1a: Blastoise|spa|2\n|-boost|p1a: Blastoise|spe|2\n|-enditem|p1a: Blastoise|White Herb\n|-clearnegativeboost|p1a: Blastoise|[silent]\n|\n|upkeep\n|turn|10\n|inactive|Time left: 300 sec this turn | 300 sec total\n|\n|t:|1783572066\n|move|p1a: Blastoise|Earthquake|p2a: Arceus\n|-supereffective|p2a: Arceus\n|-damage|p2a: Arceus|0 fnt\n|faint|p2a: Arceus\n|\n|upkeep\n|\n|t:|1783572067\n|switch|p2a: Primarina|Primarina, L83, F|100/100\n|-damage|p2a: Primarina|88/100|[from] Stealth Rock\n|turn|11\n|inactive|Time left: 300 sec this turn | 300 sec total\n|\n|t:|1783572067\n|move|p1a: Blastoise|Ice Beam|p2a: Primarina\n|-resisted|p2a: Primarina\n|-damage|p2a: Primarina|71/100\n|move|p2a: Primarina|Draining Kiss|p1a: Blastoise\n|-damage|p1a: Blastoise|0 fnt\n|-heal|p2a: Primarina|75/100|[from] drain|[of] p1a: Blastoise\n|faint|p1a: Blastoise\n|\n|-heal|p2a: Primarina|81/100|[from] item: Leftovers\n|upkeep\n|inactive|Time left: 300 sec this turn | 300 sec total | 5 sec grace\n|\n|t:|1783572068\n|switch|p1a: Zapdos|Zapdos, L78|164/268\n|turn|12\n|inactive|Time left: 300 sec this turn | 300 sec total\n|\n|t:|1783572069\n|move|p1a: Zapdos|Discharge|p2a: Primarina\n|-supereffective|p2a: Primarina\n|-damage|p2a: Primarina|31/100\n|move|p2a: Primarina|Moonblast|p1a: Zapdos\n|-damage|p1a: Zapdos|37/268\n|\n|-heal|p2a: Primarina|37/100|[from] item: Leftovers\n|upkeep\n|turn|13\n|inactive|Time left: 300 sec this turn | 300 sec total\n|\n|t:|1783572070\n|switch|p2a: Mimikyu|Mimikyu, L79, M|100/100\n|-damage|p2a: Mimikyu|88/100|[from] Stealth Rock\n|move|p1a: Zapdos|Discharge|p2a: Mimikyu\n|-activate|p2a: Mimikyu|ability: Disguise\n|-damage|p2a: Mimikyu|88/100\n|detailschange|p2a: Mimikyu|Mimikyu-Busted, L79, M\n|-damage|p2a: Mimikyu|75/100|[from] pokemon: Mimikyu-Busted\n|\n|upkeep\n|turn|14\n|inactive|Time left: 300 sec this turn | 300 sec total\n|\n|t:|1783572071\n|move|p2a: Mimikyu|Shadow Sneak|p1a: Zapdos\n|-damage|p1a: Zapdos|0 fnt\n|faint|p1a: Zapdos\n|-damage|p2a: Mimikyu|66/100|[from] item: Life Orb\n|\n|upkeep\n|inactive|Time left: 300 sec this turn | 300 sec total | 5 sec grace\n|\n|t:|1783572072\n|switch|p1a: Regirock|Regirock, L83|116/268\n|turn|15\n|inactive|Time left: 300 sec this turn | 300 sec total\n|\n|t:|1783572073\n|move|p2a: Mimikyu|Swords Dance|p2a: Mimikyu\n|-boost|p2a: Mimikyu|atk|2\n|move|p1a: Regirock|Stone Edge|p2a: Mimikyu|[miss]\n|-miss|p1a: Regirock|p2a: Mimikyu\n|\n|-heal|p1a: Regirock|132/268|[from] item: Leftovers\n|upkeep\n|turn|16\n|inactive|Time left: 300 sec this turn | 300 sec total\n|\n|t:|1783572074\n|move|p2a: Mimikyu|Play Rough|p1a: Regirock\n|-damage|p1a: Regirock|27/268\n|-damage|p2a: Mimikyu|56/100|[from] item: Life Orb\n|move|p1a: Regirock|Stone Edge|p2a: Mimikyu\n|-damage|p2a: Mimikyu|0 fnt\n|faint|p2a: Mimikyu\n|\n|-heal|p1a: Regirock|43/268|[from] item: Leftovers\n|upkeep\n|\n|t:|1783572075\n|switch|p2a: Primarina|Primarina, L83, F|37/100\n|-damage|p2a: Primarina|24/100|[from] Stealth Rock\n|turn|17\n|inactive|Time left: 300 sec this turn | 300 sec total\n|\n|t:|1783572076\n|move|p2a: Primarina|Draining Kiss|p1a: Regirock\n|-damage|p1a: Regirock|0 fnt\n|-heal|p2a: Primarina|36/100|[from] drain|[of] p1a: Regirock\n|faint|p1a: Regirock\n|\n|-heal|p2a: Primarina|42/100|[from] item: Leftovers\n|upkeep\n|inactive|Time left: 300 sec this turn | 300 sec total | 5 sec grace\n|\n|t:|1783572077\n|switch|p1a: Rayquaza|Rayquaza, L72|270/270\n|-ability|p1a: Rayquaza|Air Lock\n|turn|18\n|inactive|Time left: 300 sec this turn | 300 sec total\n|\n|t:|1783572077\n|move|p1a: Rayquaza|Dragon Ascent|p2a: Primarina\n|-damage|p2a: Primarina|0 fnt\n|-unboost|p1a: Rayquaza|def|1\n|-unboost|p1a: Rayquaza|spd|1\n|faint|p2a: Primarina\n|\n|upkeep\n|\n|t:|1783572078\n|switch|p2a: Banette|Banette, L93, F|100/100\n|-damage|p2a: Banette|88/100|[from] Stealth Rock\n|turn|19\n|inactive|Time left: 300 sec this turn | 300 sec total\n|\n|t:|1783572079\n|move|p1a: Rayquaza|Dragon Ascent|p2a: Banette\n|-damage|p2a: Banette|29/100\n|-unboost|p1a: Rayquaza|def|1\n|-unboost|p1a: Rayquaza|spd|1\n|move|p2a: Banette|Poltergeist|p1a: Rayquaza\n|-activate|p1a: Rayquaza|move: Poltergeist|Loaded Dice\n|-damage|p1a: Rayquaza|0 fnt\n|faint|p1a: Rayquaza\n|-damage|p2a: Banette|19/100|[from] item: Life Orb\n|\n|upkeep\n|inactive|Time left: 300 sec this turn | 300 sec total | 5 sec grace\n|\n|t:|1783572080\n|switch|p1a: Lumineon|Lumineon, L93, F|279/279\n|turn|20\n|inactive|Time left: 300 sec this turn | 300 sec total\n|\n|t:|1783572081\n|move|p2a: Banette|Shadow Sneak|p1a: Lumineon\n|-damage|p1a: Lumineon|196/279\n|-damage|p2a: Banette|9/100|[from] item: Life Orb\n|move|p1a: Lumineon|Ice Beam|p2a: Banette\n|-damage|p2a: Banette|0 fnt\n|-start|p1a: Lumineon|Disable|Ice Beam|[from] ability: Cursed Body|[of] p2a: Banette\n|faint|p2a: Banette\n|\n|upkeep\n|\n|t:|1783572081\n|switch|p2a: Scizor|Scizor, L79, F|100/100\n|-damage|p2a: Scizor|88/100|[from] Stealth Rock\n|turn|21\n|inactive|Time left: 300 sec this turn | 300 sec total\n|\n|t:|1783572082\n|move|p1a: Lumineon|Hydro Pump|p2a: Scizor\n|-damage|p2a: Scizor|39/100\n|move|p2a: Scizor|U-turn|p1a: Lumineon\n|-damage|p1a: Lumineon|114/279\n|\n|-heal|p2a: Scizor|45/100|[from] item: Leftovers\n|upkeep\n|turn|22\n|inactive|Time left: 300 sec this turn | 300 sec total\n|\n|t:|1783572083\n|move|p1a: Lumineon|Hydro Pump|p2a: Scizor\n|-damage|p2a: Scizor|0 fnt\n|faint|p2a: Scizor\n|\n|win|p0x27828150", "uploadtime": 1783572083, "views": 0, "rating": 0, "private": 0, "password": null, "_winner": "p0x27828150", "_our_name": "p0x27828150"}