{"id": "battle-gen9randombattle-1970", "formatid": "gen9randombattle", "format": "[Gen 9] Random Battle", "players": ["p0x1970c850", "p0y19703b54"], "log": "|init|battle\n|title|p0x1970c850 vs. p0y19703b54\n|j|\u2606p0x1970c850\n|j|\u2606p0y19703b54\n|t:|1783562779\n|gametype|singles\n|player|p1|p0x1970c850|169|\n|player|p2|p0y19703b54|266|\n|gen|9\n|tier|[Gen 9] Random Battle\n|rule|Species Clause: Limit one of each Pok\u00e9mon\n|rule|HP Percentage Mod: HP is shown in percentages\n|rule|Sleep Clause Mod: Limit one foe put to sleep\n|rule|Illusion Level Mod: Illusion disguises the Pok\u00e9mon's true level\n|\n|t:|1783562779\n|teamsize|p1|6\n|teamsize|p2|6\n|start\n|switch|p1a: Pachirisu|Pachirisu, L96, F|100/100\n|switch|p2a: Espeon|Espeon, L84, M|246/246\n|turn|1\n|inactive|Battle timer is ON: inactive players will automatically lose when time's up. (requested by p0x1970c850)\n|inactive|Time left: 300 sec this turn | 300 sec total | 60 sec grace\n|inactive|p0y19703b54 also wants the timer to be on.\n|\n|t:|1783562781\n|move|p1a: Pachirisu|Super Fang|p2a: Espeon\n|-damage|p2a: Espeon|123/246\n|move|p2a: Espeon|Psyshock|p1a: Pachirisu\n|-damage|p1a: Pachirisu|40/100\n|\n|upkeep\n|turn|2\n|inactive|Time left: 300 sec this turn | 300 sec total\n|\n|t:|1783562782\n|switch|p1a: Slaking|Slaking, L84, M|100/100\n|move|p2a: Espeon|Psyshock|p1a: Slaking\n|-damage|p1a: Slaking|66/100\n|\n|upkeep\n|turn|3\n|inactive|Time left: 300 sec this turn | 300 sec total\n|\n|t:|1783562783\n|move|p2a: Espeon|Psyshock|p1a: Slaking\n|-damage|p1a: Slaking|31/100\n|move|p1a: Slaking|Giga Impact|p2a: Espeon\n|-damage|p2a: Espeon|0 fnt\n|-mustrecharge|p1a: Slaking\n|faint|p2a: Espeon\n|\n|upkeep\n|inactive|Time left: 300 sec this turn | 300 sec total | 5 sec grace\n|\n|t:|1783562783\n|switch|p2a: Flutter Mane|Flutter Mane, L74|203/203\n|turn|4\n|inactive|Time left: 300 sec this turn | 300 sec total\n|\n|t:|1783562785\n|move|p2a: Flutter Mane|Moonblast|p1a: Slaking\n|-damage|p1a: Slaking|0 fnt\n|faint|p1a: Slaking\n|\n|upkeep\n|\n|t:|1783562785\n|switch|p1a: Bruxish|Bruxish, L85, F|100/100\n|turn|5\n|inactive|Time left: 300 sec this turn | 300 sec total\n|\n|t:|1783562786\n|-end|p2a: Flutter Mane|Protosynthesis|[silent]\n|switch|p2a: Overqwil|Overqwil, L82, M|274/274\n|-ability|p2a: Overqwil|Intimidate|boost\n|-unboost|p1a: Bruxish|atk|1\n|move|p1a: Bruxish|Psychic Fangs|p2a: Overqwil\n|-immune|p2a: Overqwil\n|\n|upkeep\n|turn|6\n|inactive|Time left: 300 sec this turn | 300 sec total\n|\n|t:|1783562787\n|switch|p1a: Cobalion|Cobalion, L80|100/100\n|move|p2a: Overqwil|Swords Dance|p2a: Overqwil\n|-boost|p2a: Overqwil|atk|2\n|\n|upkeep\n|turn|7\n|inactive|Time left: 300 sec this turn | 300 sec total\n|\n|t:|1783562788\n|move|p1a: Cobalion|Swords Dance|p1a: Cobalion\n|-boost|p1a: Cobalion|atk|2\n|move|p2a: Overqwil|Scale Shot|p1a: Cobalion\n|-resisted|p1a: Cobalion\n|-damage|p1a: Cobalion|95/100\n|-resisted|p1a: Cobalion\n|-damage|p1a: Cobalion|90/100\n|-resisted|p1a: Cobalion\n|-damage|p1a: Cobalion|84/100\n|-resisted|p1a: Cobalion\n|-damage|p1a: Cobalion|79/100\n|-resisted|p1a: Cobalion\n|-damage|p1a: Cobalion|74/100\n|-hitcount|p1a: Cobalion|5\n|-unboost|p2a: Overqwil|def|1\n|-boost|p2a: Overqwil|spe|1\n|\n|upkeep\n|turn|8\n|inactive|Time left: 300 sec this turn | 300 sec total\n|\n|t:|1783562789\n|move|p2a: Overqwil|Gunk Shot|p1a: Cobalion\n|-immune|p1a: Cobalion\n|move|p1a: Cobalion|Iron Head|p2a: Overqwil\n|-damage|p2a: Overqwil|0 fnt\n|faint|p2a: Overqwil\n|-damage|p1a: Cobalion|64/100|[from] item: Life Orb\n|\n|upkeep\n|inactive|Time left: 300 sec this turn | 300 sec total | 5 sec grace\n|\n|t:|1783562790\n|switch|p2a: Flutter Mane|Flutter Mane, L74|203/203\n|turn|9\n|inactive|Time left: 300 sec this turn | 300 sec total\n|\n|t:|1783562791\n|switch|p1a: Grafaiai|Grafaiai, L86, F|100/100\n|move|p2a: Flutter Mane|Moonblast|p1a: Grafaiai\n|-resisted|p1a: Grafaiai\n|-damage|p1a: Grafaiai|78/100\n|\n|upkeep\n|turn|10\n|inactive|Time left: 300 sec this turn | 300 sec total\n|\n|t:|1783562792\n|move|p2a: Flutter Mane|Moonblast|p1a: Grafaiai\n|-resisted|p1a: Grafaiai\n|-damage|p1a: Grafaiai|55/100\n|move|p1a: Grafaiai|Gunk Shot|p2a: Flutter Mane\n|-damage|p2a: Flutter Mane|0 fnt\n|faint|p2a: Flutter Mane\n|-end|p2a: Flutter Mane|Protosynthesis|[silent]\n|\n|upkeep\n|inactive|Time left: 300 sec this turn | 300 sec total | 5 sec grace\n|\n|t:|1783562793\n|switch|p2a: Veluza|Veluza, L85, F|292/292\n|turn|11\n|inactive|Time left: 300 sec this turn | 300 sec total\n|\n|t:|1783562794\n|move|p1a: Grafaiai|U-turn|p2a: Veluza\n|-supereffective|p2a: Veluza\n|-damage|p2a: Veluza|172/292\n|-status|p2a: Veluza|psn|[from] ability: Poison Touch|[of] p1a: Grafaiai\n|\n|t:|1783562795\n|switch|p1a: Cobalion|Cobalion, L80|64/100|[from] U-turn\n|move|p2a: Veluza|Aqua Cutter|p1a: Cobalion\n|-damage|p1a: Cobalion|32/100\n|\n|-damage|p2a: Veluza|136/292 psn|[from] psn\n|upkeep\n|-enditem|p2a: Veluza|Sitrus Berry|[eat]\n|-heal|p2a: Veluza|209/292 psn|[from] item: Sitrus Berry\n|turn|12\n|inactive|Time left: 300 sec this turn | 300 sec total\n|\n|t:|1783562796\n|move|p1a: Cobalion|Iron Head|p2a: Veluza\n|-resisted|p2a: Veluza\n|-damage|p2a: Veluza|154/292 psn\n|-damage|p1a: Cobalion|22/100|[from] item: Life Orb\n|move|p2a: Veluza|Aqua Cutter|p1a: Cobalion\n|-damage|p1a: Cobalion|0 fnt\n|faint|p1a: Cobalion\n|\n|-damage|p2a: Veluza|118/292 psn|[from] psn\n|upkeep\n|\n|t:|1783562797\n|switch|p1a: Bruxish|Bruxish, L85, F|100/100\n|turn|13\n|inactive|Time left: 300 sec this turn | 300 sec total\n|\n|t:|1783562798\n|move|p1a: Bruxish|Psychic Fangs|p2a: Veluza\n|-resisted|p2a: Veluza\n|-damage|p2a: Veluza|0 fnt\n|faint|p2a: Veluza\n|\n|upkeep\n|inactive|Time left: 300 sec this turn | 300 sec total | 5 sec grace\n|\n|t:|1783562799\n|switch|p2a: Dedenne|Dedenne, L88, F|261/261\n|turn|14\n|inactive|Time left: 300 sec this turn | 300 sec total\n|\n|t:|1783562800\n|move|p2a: Dedenne|Nuzzle|p1a: Bruxish\n|-supereffective|p1a: Bruxish\n|-damage|p1a: Bruxish|86/100\n|-status|p1a: Bruxish|par\n|move|p1a: Bruxish|Psychic Fangs|p2a: Dedenne\n|-damage|p2a: Dedenne|0 fnt\n|faint|p2a: Dedenne\n|\n|upkeep\n|inactive|Time left: 300 sec this turn | 300 sec total | 5 sec grace\n|\n|t:|1783562802\n|switch|p2a: Pelipper|Pelipper, L86, M|243/243\n|-weather|RainDance|[from] ability: Drizzle|[of] p2a: Pelipper\n|turn|15\n|inactive|Time left: 300 sec this turn | 300 sec total\n|\n|t:|1783562803\n|move|p2a: Pelipper|Knock Off|p1a: Bruxish\n|-supereffective|p1a: Bruxish\n|-damage|p1a: Bruxish|44/100 par\n|-enditem|p1a: Bruxish|Choice Band|[from] move: Knock Off|[of] p2a: Pelipper\n|move|p1a: Bruxish|Psychic Fangs|p2a: Pelipper\n|-damage|p2a: Pelipper|111/243\n|\n|-weather|RainDance|[upkeep]\n|upkeep\n|turn|16\n|inactive|Time left: 300 sec this turn | 300 sec total\n|\n|t:|1783562804\n|switch|p1a: Pachirisu|Pachirisu, L96, F|40/100\n|move|p2a: Pelipper|Roost|p2a: Pelipper\n|-heal|p2a: Pelipper|233/243\n|-singleturn|p2a: Pelipper|move: Roost\n|\n|-weather|RainDance|[upkeep]\n|upkeep\n|turn|17\n|inactive|Time left: 300 sec this turn | 300 sec total\n|\n|t:|1783562805\n|-terastallize|p2a: Pelipper|Water\n|move|p1a: Pachirisu|Thunderbolt|p2a: Pelipper\n|-supereffective|p2a: Pelipper\n|-damage|p2a: Pelipper|57/243\n|move|p2a: Pelipper|Roost|p2a: Pelipper\n|-heal|p2a: Pelipper|179/243\n|\n|-weather|RainDance|[upkeep]\n|upkeep\n|turn|18\n|inactive|Time left: 300 sec this turn | 300 sec total\n|\n|t:|1783562806\n|move|p1a: Pachirisu|Thunderbolt|p2a: Pelipper\n|-supereffective|p2a: Pelipper\n|-damage|p2a: Pelipper|27/243\n|move|p2a: Pelipper|Hurricane|p1a: Pachirisu\n|-resisted|p1a: Pachirisu\n|-damage|p1a: Pachirisu|27/100\n|-start|p1a: Pachirisu|confusion\n|\n|-weather|RainDance|[upkeep]\n|upkeep\n|turn|19\n|inactive|Time left: 300 sec this turn | 300 sec total\n|\n|t:|1783562807\n|switch|p1a: Flamigo|Flamigo, L82, M|100/100\n|move|p2a: Pelipper|Roost|p2a: Pelipper\n|-heal|p2a: Pelipper|149/243\n|\n|-weather|none\n|upkeep\n|turn|20\n|inactive|Time left: 300 sec this turn | 300 sec total\n|\n|t:|1783562808\n|-terastallize|p1a: Flamigo|Fighting\n|move|p1a: Flamigo|Close Combat|p2a: Pelipper\n|-damage|p2a: Pelipper|0 fnt\n|-unboost|p1a: Flamigo|def|1\n|-unboost|p1a: Flamigo|spd|1\n|faint|p2a: Pelipper\n|-damage|p1a: Flamigo|91/100|[from] item: Life Orb\n|\n|win|p0x1970c850", "uploadtime": 1783562808, "views": 0, "rating": 0, "private": 0, "password": null, "_winner": "p0x1970c850", "_our_name": "p0y19703b54"}