{"id": "battle-gen9randombattle-287", "formatid": "gen9randombattle", "format": "[Gen 9] Random Battle", "players": ["p0x287be23", "p0y287b69d"], "log": "|init|battle\n|title|p0x287be23 vs. p0y287b69d\n|j|\u2606p0x287be23\n|j|\u2606p0y287b69d\n|t:|1783542387\n|gametype|singles\n|player|p1|p0x287be23|102|\n|player|p2|p0y287b69d|102|\n|gen|9\n|tier|[Gen 9] Random Battle\n|rule|Species Clause: Limit one of each Pok\u00e9mon\n|rule|HP Percentage Mod: HP is shown in percentages\n|rule|Sleep Clause Mod: Limit one foe put to sleep\n|rule|Illusion Level Mod: Illusion disguises the Pok\u00e9mon's true level\n|\n|t:|1783542387\n|teamsize|p1|6\n|teamsize|p2|6\n|start\n|switch|p1a: Chimecho|Chimecho, L93, M|290/290\n|switch|p2a: Copperajah|Copperajah, L86, M|100/100\n|turn|1\n|inactive|Battle timer is ON: inactive players will automatically lose when time's up. (requested by p0x287be23)\n|inactive|p0y287b69d also wants the timer to be on.\n|\n|t:|1783542388\n|move|p1a: Chimecho|Cosmic Power|p1a: Chimecho\n|-boost|p1a: Chimecho|def|1\n|-boost|p1a: Chimecho|spd|1\n|move|p2a: Copperajah|Heavy Slam|p1a: Chimecho\n|-damage|p1a: Chimecho|122/290\n|\n|-heal|p1a: Chimecho|140/290|[from] item: Leftovers\n|upkeep\n|turn|2\n|inactive|Time left: 300 sec this turn | 300 sec total\n|\n|t:|1783542390\n|move|p1a: Chimecho|Recover|p1a: Chimecho\n|-heal|p1a: Chimecho|285/290\n|move|p2a: Copperajah|Heavy Slam|p1a: Chimecho\n|-damage|p1a: Chimecho|131/290\n|\n|-heal|p1a: Chimecho|149/290|[from] item: Leftovers\n|upkeep\n|turn|3\n|inactive|Time left: 300 sec this turn | 300 sec total\n|\n|t:|1783542391\n|move|p1a: Chimecho|Recover|p1a: Chimecho\n|-heal|p1a: Chimecho|290/290\n|move|p2a: Copperajah|Heavy Slam|p1a: Chimecho\n|-damage|p1a: Chimecho|136/290\n|\n|-heal|p1a: Chimecho|154/290|[from] item: Leftovers\n|upkeep\n|turn|4\n|inactive|Time left: 300 sec this turn | 300 sec total\n|\n|t:|1783542392\n|move|p1a: Chimecho|Recover|p1a: Chimecho\n|-heal|p1a: Chimecho|290/290\n|move|p2a: Copperajah|Heavy Slam|p1a: Chimecho\n|-damage|p1a: Chimecho|140/290\n|\n|-heal|p1a: Chimecho|158/290|[from] item: Leftovers\n|upkeep\n|turn|5\n|inactive|Time left: 300 sec this turn | 300 sec total\n|\n|t:|1783542393\n|move|p1a: Chimecho|Recover|p1a: Chimecho\n|-heal|p1a: Chimecho|290/290\n|move|p2a: Copperajah|Heavy Slam|p1a: Chimecho\n|-damage|p1a: Chimecho|127/290\n|\n|-heal|p1a: Chimecho|145/290|[from] item: Leftovers\n|upkeep\n|turn|6\n|inactive|Time left: 300 sec this turn | 300 sec total\n|\n|t:|1783542394\n|move|p1a: Chimecho|Recover|p1a: Chimecho\n|-heal|p1a: Chimecho|290/290\n|move|p2a: Copperajah|Heavy Slam|p1a: Chimecho\n|-damage|p1a: Chimecho|140/290\n|\n|-heal|p1a: Chimecho|158/290|[from] item: Leftovers\n|upkeep\n|turn|7\n|inactive|Time left: 300 sec this turn | 300 sec total\n|\n|t:|1783542395\n|move|p1a: Chimecho|Recover|p1a: Chimecho\n|-heal|p1a: Chimecho|290/290\n|move|p2a: Copperajah|Heavy Slam|p1a: Chimecho\n|-damage|p1a: Chimecho|139/290\n|\n|-heal|p1a: Chimecho|157/290|[from] item: Leftovers\n|upkeep\n|turn|8\n|inactive|Time left: 300 sec this turn | 300 sec total\n|\n|t:|1783542396\n|move|p1a: Chimecho|Recover|p1a: Chimecho\n|-heal|p1a: Chimecho|290/290\n|move|p2a: Copperajah|Heavy Slam|p1a: Chimecho\n|-damage|p1a: Chimecho|118/290\n|\n|-heal|p1a: Chimecho|136/290|[from] item: Leftovers\n|upkeep\n|turn|9\n|inactive|Time left: 300 sec this turn | 300 sec total\n|\n|t:|1783542398\n|move|p1a: Chimecho|Recover|p1a: Chimecho\n|-heal|p1a: Chimecho|281/290\n|move|p2a: Copperajah|Heavy Slam|p1a: Chimecho\n|-damage|p1a: Chimecho|131/290\n|\n|-heal|p1a: Chimecho|149/290|[from] item: Leftovers\n|upkeep\n|turn|10\n|inactive|Time left: 300 sec this turn | 300 sec total\n|\n|t:|1783542399\n|switch|p1a: Ting-Lu|Ting-Lu, L78|370/370\n|-ability|p1a: Ting-Lu|Vessel of Ruin\n|move|p2a: Copperajah|Heavy Slam|p1a: Ting-Lu\n|-damage|p1a: Ting-Lu|304/370\n|\n|-heal|p1a: Ting-Lu|327/370|[from] item: Leftovers\n|upkeep\n|turn|11\n|inactive|Time left: 300 sec this turn | 300 sec total\n|\n|t:|1783542400\n|switch|p2a: Swanna|Swanna, L89, M|100/100\n|move|p1a: Ting-Lu|Earthquake|p2a: Swanna\n|-immune|p2a: Swanna\n|\n|-heal|p1a: Ting-Lu|350/370|[from] item: Leftovers\n|upkeep\n|turn|12\n|inactive|Time left: 300 sec this turn | 300 sec total\n|\n|t:|1783542402\n|move|p2a: Swanna|Hydro Pump|p1a: Ting-Lu\n|-supereffective|p1a: Ting-Lu\n|-damage|p1a: Ting-Lu|158/370\n|move|p1a: Ting-Lu|Spikes|p2a: Swanna\n|-sidestart|p2: p0y287b69d|Spikes\n|\n|-heal|p1a: Ting-Lu|181/370|[from] item: Leftovers\n|upkeep\n|turn|13\n|inactive|Time left: 300 sec this turn | 300 sec total\n|\n|t:|1783542403\n|switch|p1a: Basculin|Basculin-Blue-Striped, L86, M|261/261\n|move|p2a: Swanna|Hydro Pump|p1a: Basculin\n|-resisted|p1a: Basculin\n|-damage|p1a: Basculin|181/261\n|\n|upkeep\n|turn|14\n|inactive|Time left: 300 sec this turn | 300 sec total\n|\n|t:|1783542404\n|move|p2a: Swanna|Brave Bird|p1a: Basculin\n|-damage|p1a: Basculin|28/261\n|-damage|p2a: Swanna|83/100|[from] Recoil\n|move|p1a: Basculin|Flip Turn|p2a: Swanna\n|-resisted|p2a: Swanna\n|-damage|p2a: Swanna|55/100\n|inactive|Time left: 300 sec this turn | 300 sec total | 5 sec grace\n|\n|t:|1783542405\n|switch|p1a: Chien-Pao|Chien-Pao, L72|234/234|[from] Flip Turn\n|-ability|p1a: Chien-Pao|Sword of Ruin\n|\n|upkeep\n|turn|15\n|inactive|Time left: 300 sec this turn | 300 sec total\n|\n|t:|1783542405\n|move|p1a: Chien-Pao|Throat Chop|p2a: Swanna\n|-damage|p2a: Swanna|0 fnt\n|faint|p2a: Swanna\n|\n|upkeep\n|\n|t:|1783542406\n|switch|p2a: Dugtrio|Dugtrio, L84, F|100/100\n|-damage|p2a: Dugtrio|88/100|[from] Spikes\n|turn|16\n|inactive|Time left: 300 sec this turn | 300 sec total\n|\n|t:|1783542408\n|move|p2a: Dugtrio|Stone Edge|p1a: Chien-Pao\n|-supereffective|p1a: Chien-Pao\n|-damage|p1a: Chien-Pao|0 fnt\n|faint|p1a: Chien-Pao\n|\n|upkeep\n|inactive|Time left: 300 sec this turn | 300 sec total | 5 sec grace\n|\n|t:|1783542408\n|switch|p1a: Ting-Lu|Ting-Lu, L78|181/370\n|-ability|p1a: Ting-Lu|Vessel of Ruin\n|turn|17\n|inactive|Time left: 300 sec this turn | 300 sec total\n|\n|t:|1783542409\n|switch|p2a: Whiscash|Whiscash, L88, M|100/100\n|-damage|p2a: Whiscash|88/100|[from] Spikes\n|move|p1a: Ting-Lu|Earthquake|p2a: Whiscash\n|-damage|p2a: Whiscash|52/100\n|\n|-heal|p2a: Whiscash|59/100|[from] item: Leftovers\n|-heal|p1a: Ting-Lu|204/370|[from] item: Leftovers\n|upkeep\n|turn|18\n|inactive|Time left: 300 sec this turn | 300 sec total\n|\n|t:|1783542411\n|move|p2a: Whiscash|Hydro Pump|p1a: Ting-Lu\n|-supereffective|p1a: Ting-Lu\n|-damage|p1a: Ting-Lu|24/370\n|move|p1a: Ting-Lu|Earthquake|p2a: Whiscash\n|-damage|p2a: Whiscash|23/100\n|\n|-heal|p2a: Whiscash|29/100|[from] item: Leftovers\n|-heal|p1a: Ting-Lu|47/370|[from] item: Leftovers\n|upkeep\n|turn|19\n|inactive|Time left: 300 sec this turn | 300 sec total\n|\n|t:|1783542412\n|switch|p1a: Chimecho|Chimecho, L93, M|149/290\n|move|p2a: Whiscash|Earthquake|p1a: Chimecho\n|-immune|p1a: Chimecho|[from] ability: Levitate\n|\n|-heal|p1a: Chimecho|167/290|[from] item: Leftovers\n|-heal|p2a: Whiscash|35/100|[from] item: Leftovers\n|upkeep\n|turn|20\n|inactive|Time left: 300 sec this turn | 300 sec total\n|\n|t:|1783542413\n|move|p1a: Chimecho|Cosmic Power|p1a: Chimecho\n|-boost|p1a: Chimecho|def|1\n|-boost|p1a: Chimecho|spd|1\n|move|p2a: Whiscash|Stealth Rock|p1a: Chimecho\n|-sidestart|p1: p0x287be23|move: Stealth Rock\n|\n|-heal|p1a: Chimecho|185/290|[from] item: Leftovers\n|-heal|p2a: Whiscash|41/100|[from] item: Leftovers\n|upkeep\n|turn|21\n|inactive|Time left: 300 sec this turn | 300 sec total\n|\n|t:|1783542414\n|switch|p2a: Copperajah|Copperajah, L86, M|100/100\n|-damage|p2a: Copperajah|88/100|[from] Spikes\n|move|p1a: Chimecho|Cosmic Power|p1a: Chimecho\n|-boost|p1a: Chimecho|def|1\n|-boost|p1a: Chimecho|spd|1\n|\n|-heal|p1a: Chimecho|203/290|[from] item: Leftovers\n|upkeep\n|turn|22\n|inactive|Time left: 300 sec this turn | 300 sec total\n|\n|t:|1783542415\n|move|p1a: Chimecho|Cosmic Power|p1a: Chimecho\n|-boost|p1a: Chimecho|def|1\n|-boost|p1a: Chimecho|spd|1\n|move|p2a: Copperajah|Heavy Slam|p1a: Chimecho\n|-damage|p1a: Chimecho|110/290\n|\n|-heal|p1a: Chimecho|128/290|[from] item: Leftovers\n|upkeep\n|turn|23\n|inactive|Time left: 300 sec this turn | 300 sec total\n|\n|t:|1783542416\n|-terastallize|p1a: Chimecho|Steel\n|move|p1a: Chimecho|Stored Power|p2a: Copperajah\n|-resisted|p2a: Copperajah\n|-damage|p2a: Copperajah|59/100\n|move|p2a: Copperajah|Heavy Slam|p1a: Chimecho\n|-resisted|p1a: Chimecho\n|-damage|p1a: Chimecho|80/290\n|\n|-heal|p1a: Chimecho|98/290|[from] item: Leftovers\n|upkeep\n|turn|24\n|inactive|Time left: 300 sec this turn | 300 sec total\n|\n|t:|1783542417\n|move|p1a: Chimecho|Stored Power|p2a: Copperajah\n|-resisted|p2a: Copperajah\n|-crit|p2a: Copperajah\n|-damage|p2a: Copperajah|17/100\n|move|p2a: Copperajah|Heavy Slam|p1a: Chimecho\n|-resisted|p1a: Chimecho\n|-damage|p1a: Chimecho|47/290\n|\n|-heal|p1a: Chimecho|65/290|[from] item: Leftovers\n|upkeep\n|turn|25\n|inactive|Time left: 300 sec this turn | 300 sec total\n|\n|t:|1783542419\n|switch|p2a: Skuntank|Skuntank, L84, F|100/100\n|-damage|p2a: Skuntank|88/100|[from] Spikes\n|move|p1a: Chimecho|Stored Power|p2a: Skuntank\n|-immune|p2a: Skuntank\n|\n|-heal|p1a: Chimecho|83/290|[from] item: Leftovers\n|upkeep\n|turn|26\n|inactive|Time left: 300 sec this turn | 300 sec total\n|\n|t:|1783542419\n|move|p2a: Skuntank|Knock Off|p1a: Chimecho\n|-damage|p1a: Chimecho|31/290\n|-enditem|p1a: Chimecho|Leftovers|[from] move: Knock Off|[of] p2a: Skuntank\n|-damage|p2a: Skuntank|78/100|[from] item: Life Orb\n|move|p1a: Chimecho|Dazzling Gleam|p2a: Skuntank\n|-damage|p2a: Skuntank|49/100\n|\n|upkeep\n|turn|27\n|inactive|Time left: 300 sec this turn | 300 sec total\n|\n|t:|1783542421\n|move|p2a: Skuntank|Knock Off|p1a: Chimecho\n|-damage|p1a: Chimecho|0 fnt\n|faint|p1a: Chimecho\n|-damage|p2a: Skuntank|39/100|[from] item: Life Orb\n|\n|upkeep\n|inactive|Time left: 300 sec this turn | 300 sec total | 5 sec grace\n|\n|t:|1783542422\n|switch|p1a: Bellibolt|Bellibolt, L84, F|320/320\n|-damage|p1a: Bellibolt|280/320|[from] Stealth Rock\n|turn|28\n|inactive|Time left: 300 sec this turn | 300 sec total\n|\n|t:|1783542422\n|move|p2a: Skuntank|Toxic Spikes|p1a: Bellibolt\n|-sidestart|p1: p0x287be23|move: Toxic Spikes\n|move|p1a: Bellibolt|Thunderbolt|p2a: Skuntank\n|-damage|p2a: Skuntank|0 fnt\n|faint|p2a: Skuntank\n|\n|-heal|p1a: Bellibolt|300/320|[from] item: Leftovers\n|upkeep\n|\n|t:|1783542423\n|switch|p2a: Dugtrio|Dugtrio, L84, F|88/100\n|-damage|p2a: Dugtrio|76/100|[from] Spikes\n|turn|29\n|inactive|Time left: 300 sec this turn | 300 sec total\n|\n|t:|1783542424\n|move|p2a: Dugtrio|Earthquake|p1a: Bellibolt\n|-supereffective|p1a: Bellibolt\n|-damage|p1a: Bellibolt|0 fnt\n|faint|p1a: Bellibolt\n|\n|upkeep\n|inactive|Time left: 300 sec this turn | 300 sec total | 5 sec grace\n|\n|t:|1783542425\n|switch|p1a: Corviknight|Corviknight, L80, F|288/288\n|-damage|p1a: Corviknight|252/288|[from] Stealth Rock\n|-ability|p1a: Corviknight|Pressure\n|turn|30\n|inactive|Time left: 300 sec this turn | 300 sec total\n|\n|t:|1783542426\n|switch|p2a: Iron Hands|Iron Hands, L79|100/100\n|-damage|p2a: Iron Hands|88/100|[from] Spikes\n|move|p1a: Corviknight|Brave Bird|p2a: Iron Hands\n|-damage|p2a: Iron Hands|61/100\n|-damage|p1a: Corviknight|219/288|[from] Recoil\n|\n|upkeep\n|turn|31\n|inactive|Time left: 300 sec this turn | 300 sec total\n|\n|t:|1783542428\n|move|p1a: Corviknight|Defog|p2a: Iron Hands\n|-unboost|p2a: Iron Hands|evasion|1\n|-sideend|p2: p0y287b69d|Spikes|[from] move: Defog|[of] p1a: Corviknight\n|-sideend|p1: p0x287be23|Toxic Spikes|[from] move: Defog|[of] p1a: Corviknight\n|-sideend|p1: p0x287be23|Stealth Rock|[from] move: Defog|[of] p1a: Corviknight\n|move|p2a: Iron Hands|Drain Punch|p1a: Corviknight\n|-damage|p1a: Corviknight|134/288\n|-heal|p2a: Iron Hands|73/100|[from] drain|[of] p1a: Corviknight\n|-damage|p2a: Iron Hands|56/100|[from] item: Rocky Helmet|[of] p1a: Corviknight\n|\n|upkeep\n|turn|32\n|inactive|Time left: 300 sec this turn | 300 sec total\n|\n|t:|1783542429\n|move|p1a: Corviknight|Roost|p1a: Corviknight\n|-heal|p1a: Corviknight|278/288\n|-singleturn|p1a: Corviknight|move: Roost\n|move|p2a: Iron Hands|Drain Punch|p1a: Corviknight\n|-supereffective|p1a: Corviknight\n|-damage|p1a: Corviknight|98/288\n|-heal|p2a: Iron Hands|80/100|[from] drain|[of] p1a: Corviknight\n|-damage|p2a: Iron Hands|64/100|[from] item: Rocky Helmet|[of] p1a: Corviknight\n|\n|upkeep\n|turn|33\n|inactive|Time left: 300 sec this turn | 300 sec total\n|\n|t:|1783542430\n|move|p1a: Corviknight|Roost|p1a: Corviknight\n|-heal|p1a: Corviknight|242/288\n|-singleturn|p1a: Corviknight|move: Roost\n|move|p2a: Iron Hands|Drain Punch|p1a: Corviknight\n|-supereffective|p1a: Corviknight\n|-damage|p1a: Corviknight|80/288\n|-heal|p2a: Iron Hands|85/100|[from] drain|[of] p1a: Corviknight\n|-damage|p2a: Iron Hands|69/100|[from] item: Rocky Helmet|[of] p1a: Corviknight\n|\n|upkeep\n|turn|34\n|inactive|Time left: 300 sec this turn | 300 sec total\n|\n|t:|1783542431\n|move|p1a: Corviknight|Roost|p1a: Corviknight\n|-heal|p1a: Corviknight|224/288\n|-singleturn|p1a: Corviknight|move: Roost\n|move|p2a: Iron Hands|Drain Punch|p1a: Corviknight\n|-supereffective|p1a: Corviknight\n|-damage|p1a: Corviknight|56/288\n|-heal|p2a: Iron Hands|91/100|[from] drain|[of] p1a: Corviknight\n|-damage|p2a: Iron Hands|75/100|[from] item: Rocky Helmet|[of] p1a: Corviknight\n|\n|upkeep\n|turn|35\n|inactive|Time left: 300 sec this turn | 300 sec total\n|\n|t:|1783542432\n|move|p1a: Corviknight|Roost|p1a: Corviknight\n|-heal|p1a: Corviknight|200/288\n|-singleturn|p1a: Corviknight|move: Roost\n|move|p2a: Iron Hands|Drain Punch|p1a: Corviknight\n|-supereffective|p1a: Corviknight\n|-damage|p1a: Corviknight|30/288\n|-heal|p2a: Iron Hands|98/100|[from] drain|[of] p1a: Corviknight\n|-damage|p2a: Iron Hands|81/100|[from] item: Rocky Helmet|[of] p1a: Corviknight\n|\n|upkeep\n|turn|36\n|inactive|Time left: 300 sec this turn | 300 sec total\n|\n|t:|1783542433\n|move|p1a: Corviknight|Roost|p1a: Corviknight\n|-heal|p1a: Corviknight|174/288\n|-singleturn|p1a: Corviknight|move: Roost\n|move|p2a: Iron Hands|Drain Punch|p1a: Corviknight\n|-supereffective|p1a: Corviknight\n|-damage|p1a: Corviknight|12/288\n|-heal|p2a: Iron Hands|100/100|[from] drain|[of] p1a: Corviknight\n|-damage|p2a: Iron Hands|84/100|[from] item: Rocky Helmet|[of] p1a: Corviknight\n|\n|upkeep\n|turn|37\n|inactive|Time left: 300 sec this turn | 300 sec total\n|\n|t:|1783542434\n|move|p1a: Corviknight|Brave Bird|p2a: Iron Hands\n|-damage|p2a: Iron Hands|59/100\n|-damage|p1a: Corviknight|0 fnt|[from] Recoil\n|faint|p1a: Corviknight\n|move|p2a: Iron Hands|Drain Punch|p1: Corviknight|[notarget]\n|-fail|p2a: Iron Hands\n|\n|upkeep\n|inactive|Time left: 300 sec this turn | 300 sec total | 5 sec grace\n|\n|t:|1783542435\n|switch|p1a: Basculin|Basculin-Blue-Striped, L86, M|28/261\n|turn|38\n|inactive|Time left: 300 sec this turn | 300 sec total\n|\n|t:|1783542436\n|move|p1a: Basculin|Wave Crash|p2a: Iron Hands\n|-damage|p2a: Iron Hands|0 fnt\n|faint|p2a: Iron Hands\n|-end|p2a: Iron Hands|Quark Drive|[silent]\n|-damage|p1a: Basculin|0 fnt|[from] Recoil\n|faint|p1a: Basculin\n|\n|upkeep\n|inactive|Time left: 300 sec this turn | 300 sec total | 5 sec grace\n|\n|t:|1783542437\n|switch|p1a: Ting-Lu|Ting-Lu, L78|47/370\n|switch|p2a: Whiscash|Whiscash, L88, M|41/100\n|-ability|p1a: Ting-Lu|Vessel of Ruin\n|turn|39\n|inactive|Time left: 300 sec this turn | 300 sec total\n|\n|t:|1783542438\n|move|p2a: Whiscash|Ice Beam|p1a: Ting-Lu\n|-supereffective|p1a: Ting-Lu\n|-damage|p1a: Ting-Lu|0 fnt\n|faint|p1a: Ting-Lu\n|\n|win|p0y287b69d", "uploadtime": 1783542438, "views": 0, "rating": 0, "private": 0, "password": null, "_winner": "p0y287b69d", "_our_name": "p0x287be23"}