{"id": "battle-gen9randombattle-1469", "formatid": "gen9randombattle", "format": "[Gen 9] Random Battle", "players": ["p0x146941ca", "p0y1469acf2"], "log": "|init|battle\n|title|p0x146941ca vs. p0y1469acf2\n|j|\u2606p0x146941ca\n|j|\u2606p0y1469acf2\n|t:|1783557107\n|gametype|singles\n|player|p1|p0x146941ca|170|\n|player|p2|p0y1469acf2|102|\n|gen|9\n|tier|[Gen 9] Random Battle\n|rule|Species Clause: Limit one of each Pok\u00e9mon\n|rule|HP Percentage Mod: HP is shown in percentages\n|rule|Sleep Clause Mod: Limit one foe put to sleep\n|rule|Illusion Level Mod: Illusion disguises the Pok\u00e9mon's true level\n|\n|t:|1783557107\n|teamsize|p1|6\n|teamsize|p2|6\n|start\n|switch|p1a: Stantler|Stantler, L92, M|100/100\n|switch|p2a: Regigigas|Regigigas, L84|322/322\n|-start|p2a: Regigigas|ability: Slow Start\n|-ability|p1a: Stantler|Intimidate|boost\n|-unboost|p2a: Regigigas|atk|1\n|turn|1\n|inactive|Battle timer is ON: inactive players will automatically lose when time's up. (requested by p0x146941ca)\n|inactive|Time left: 300 sec this turn | 300 sec total | 60 sec grace\n|\n|t:|1783557108\n|switch|p1a: Squawkabilly|Squawkabilly, L85, F|100/100\n|switch|p2a: Cloyster|Cloyster, L80, F|211/211\n|\n|-status|p1a: Squawkabilly|brn|[from] item: Flame Orb\n|upkeep\n|turn|2\n|inactive|Time left: 300 sec this turn | 300 sec total\n|inactive|p0y1469acf2 also wants the timer to be on.\n|\n|t:|1783557110\n|-terastallize|p1a: Squawkabilly|Normal\n|move|p1a: Squawkabilly|Facade|p2a: Cloyster\n|-damage|p2a: Cloyster|25/211\n|move|p2a: Cloyster|Shell Smash|p2a: Cloyster\n|-unboost|p2a: Cloyster|def|1\n|-unboost|p2a: Cloyster|spd|1\n|-boost|p2a: Cloyster|atk|2\n|-boost|p2a: Cloyster|spa|2\n|-boost|p2a: Cloyster|spe|2\n|-enditem|p2a: Cloyster|White Herb\n|-clearnegativeboost|p2a: Cloyster|[silent]\n|\n|-damage|p1a: Squawkabilly|94/100 brn|[from] brn\n|upkeep\n|turn|3\n|inactive|Time left: 300 sec this turn | 300 sec total\n|\n|t:|1783557111\n|move|p1a: Squawkabilly|Quick Attack|p2a: Cloyster\n|-damage|p2a: Cloyster|0 fnt\n|faint|p2a: Cloyster\n|\n|-damage|p1a: Squawkabilly|88/100 brn|[from] brn\n|upkeep\n|inactive|Time left: 300 sec this turn | 300 sec total | 5 sec grace\n|\n|t:|1783557112\n|switch|p2a: Iron Boulder|Iron Boulder, L77|265/265\n|turn|4\n|inactive|Time left: 300 sec this turn | 300 sec total\n|\n|t:|1783557113\n|switch|p1a: Stantler|Stantler, L92, M|100/100\n|-ability|p1a: Stantler|Intimidate|boost\n|-unboost|p2a: Iron Boulder|atk|1\n|move|p2a: Iron Boulder|Swords Dance|p2a: Iron Boulder\n|-boost|p2a: Iron Boulder|atk|2\n|\n|upkeep\n|turn|5\n|inactive|Time left: 300 sec this turn | 300 sec total\n|\n|t:|1783557114\n|move|p2a: Iron Boulder|Swords Dance|p2a: Iron Boulder\n|-boost|p2a: Iron Boulder|atk|2\n|move|p1a: Stantler|Earth Power|p2a: Iron Boulder\n|-supereffective|p2a: Iron Boulder\n|-damage|p2a: Iron Boulder|149/265\n|\n|upkeep\n|turn|6\n|inactive|Time left: 300 sec this turn | 300 sec total\n|\n|t:|1783557115\n|move|p2a: Iron Boulder|Mighty Cleave|p1a: Stantler\n|-damage|p1a: Stantler|8/100\n|-damage|p2a: Iron Boulder|123/265|[from] item: Life Orb\n|move|p1a: Stantler|Earth Power|p2a: Iron Boulder\n|-supereffective|p2a: Iron Boulder\n|-damage|p2a: Iron Boulder|3/265\n|\n|upkeep\n|turn|7\n|inactive|Time left: 300 sec this turn | 300 sec total\n|\n|t:|1783557116\n|move|p2a: Iron Boulder|Mighty Cleave|p1a: Stantler\n|-damage|p1a: Stantler|0 fnt\n|faint|p1a: Stantler\n|-damage|p2a: Iron Boulder|0 fnt|[from] item: Life Orb\n|faint|p2a: Iron Boulder\n|-end|p2a: Iron Boulder|Quark Drive|[silent]\n|\n|upkeep\n|inactive|Time left: 300 sec this turn | 300 sec total | 5 sec grace\n|\n|t:|1783557117\n|switch|p2a: Regirock|Regirock, L83|268/268\n|switch|p1a: Squawkabilly|Squawkabilly, L85, F, tera:Normal|88/100 brn\n|turn|8\n|inactive|Time left: 300 sec this turn | 300 sec total\n|\n|t:|1783557118\n|move|p1a: Squawkabilly|U-turn|p2a: Regirock\n|-crit|p2a: Regirock\n|-damage|p2a: Regirock|205/268\n|\n|t:|1783557119\n|switch|p1a: Poliwrath|Poliwrath, L88, F|100/100|[from] U-turn\n|move|p2a: Regirock|Stone Edge|p1a: Poliwrath\n|-resisted|p1a: Poliwrath\n|-damage|p1a: Poliwrath|86/100\n|\n|upkeep\n|turn|9\n|inactive|Time left: 300 sec this turn | 300 sec total\n|\n|t:|1783557121\n|move|p1a: Poliwrath|Liquidation|p2a: Regirock\n|-supereffective|p2a: Regirock\n|-damage|p2a: Regirock|113/268\n|move|p2a: Regirock|Body Press|p1a: Poliwrath\n|-damage|p1a: Poliwrath|57/100\n|\n|upkeep\n|turn|10\n|inactive|Time left: 300 sec this turn | 300 sec total\n|\n|t:|1783557122\n|-terastallize|p2a: Regirock|Fighting\n|move|p1a: Poliwrath|Close Combat|p2a: Regirock\n|-damage|p2a: Regirock|43/268\n|-unboost|p1a: Poliwrath|def|1\n|-unboost|p1a: Poliwrath|spd|1\n|move|p2a: Regirock|Rest|p2a: Regirock\n|-status|p2a: Regirock|slp|[from] move: Rest\n|-heal|p2a: Regirock|268/268 slp|[silent]\n|-enditem|p2a: Regirock|Chesto Berry|[eat]\n|-curestatus|p2a: Regirock|slp|[msg]\n|\n|upkeep\n|turn|11\n|inactive|Time left: 300 sec this turn | 300 sec total\n|\n|t:|1783557122\n|move|p1a: Poliwrath|Close Combat|p2a: Regirock\n|-damage|p2a: Regirock|199/268\n|-unboost|p1a: Poliwrath|def|1\n|-unboost|p1a: Poliwrath|spd|1\n|move|p2a: Regirock|Body Press|p1a: Poliwrath\n|-damage|p1a: Poliwrath|0 fnt\n|faint|p1a: Poliwrath\n|\n|upkeep\n|\n|t:|1783557123\n|switch|p1a: Scovillain|Scovillain, L91, M|100/100\n|turn|12\n|inactive|Time left: 300 sec this turn | 300 sec total\n|\n|t:|1783557124\n|move|p1a: Scovillain|Overheat|p2a: Regirock\n|-damage|p2a: Regirock|0 fnt\n|-unboost|p1a: Scovillain|spa|2\n|faint|p2a: Regirock\n|\n|upkeep\n|inactive|Time left: 300 sec this turn | 300 sec total | 5 sec grace\n|\n|t:|1783557125\n|switch|p2a: Bombirdier|Bombirdier, L85, M|258/258\n|turn|13\n|inactive|Time left: 300 sec this turn | 300 sec total\n|\n|t:|1783557126\n|switch|p1a: Squawkabilly|Squawkabilly, L85, F, tera:Normal|88/100 brn\n|move|p2a: Bombirdier|Knock Off|p1a: Squawkabilly\n|-damage|p1a: Squawkabilly|29/100 brn\n|-enditem|p1a: Squawkabilly|Flame Orb|[from] move: Knock Off|[of] p2a: Bombirdier\n|\n|-damage|p1a: Squawkabilly|22/100 brn|[from] brn\n|upkeep\n|turn|14\n|inactive|Time left: 300 sec this turn | 300 sec total\n|\n|t:|1783557127\n|move|p2a: Bombirdier|Sucker Punch|p1a: Squawkabilly\n|-damage|p1a: Squawkabilly|0 fnt\n|faint|p1a: Squawkabilly\n|\n|upkeep\n|\n|t:|1783557128\n|switch|p1a: Kleavor|Kleavor, L78, M|100/100\n|turn|15\n|inactive|Time left: 300 sec this turn | 300 sec total\n|\n|t:|1783557128\n|move|p2a: Bombirdier|Knock Off|p1a: Kleavor\n|-damage|p1a: Kleavor|52/100\n|-enditem|p1a: Kleavor|Heavy-Duty Boots|[from] move: Knock Off|[of] p2a: Bombirdier\n|move|p1a: Kleavor|Stone Axe|p2a: Bombirdier|[miss]\n|-miss|p1a: Kleavor|p2a: Bombirdier\n|\n|upkeep\n|turn|16\n|inactive|Time left: 300 sec this turn | 300 sec total\n|\n|t:|1783557129\n|switch|p1a: Raichu|Raichu, L88, F|100/100\n|move|p2a: Bombirdier|Brave Bird|p1a: Raichu\n|-resisted|p1a: Raichu\n|-damage|p1a: Raichu|62/100\n|-damage|p2a: Bombirdier|226/258|[from] Recoil\n|\n|upkeep\n|turn|17\n|inactive|Time left: 300 sec this turn | 300 sec total\n|\n|t:|1783557130\n|switch|p2a: Regigigas|Regigigas, L84|322/322\n|-start|p2a: Regigigas|ability: Slow Start\n|move|p1a: Raichu|Thunderbolt|p2a: Regigigas\n|-damage|p2a: Regigigas|234/322\n|\n|-heal|p2a: Regigigas|254/322|[from] item: Leftovers\n|upkeep\n|turn|18\n|inactive|Time left: 300 sec this turn | 300 sec total\n|\n|t:|1783557132\n|switch|p1a: Kleavor|Kleavor, L78, M|52/100\n|move|p2a: Regigigas|Knock Off|p1a: Kleavor\n|-damage|p1a: Kleavor|37/100\n|\n|-heal|p2a: Regigigas|274/322|[from] item: Leftovers\n|upkeep\n|turn|19\n|inactive|Time left: 300 sec this turn | 300 sec total\n|\n|t:|1783557132\n|move|p1a: Kleavor|X-Scissor|p2a: Regigigas\n|-damage|p2a: Regigigas|148/322\n|move|p2a: Regigigas|Body Slam|p1a: Kleavor\n|-resisted|p1a: Kleavor\n|-damage|p1a: Kleavor|22/100\n|-status|p1a: Kleavor|par\n|\n|-heal|p2a: Regigigas|168/322|[from] item: Leftovers\n|upkeep\n|turn|20\n|inactive|Time left: 300 sec this turn | 300 sec total\n|\n|t:|1783557133\n|move|p2a: Regigigas|Knock Off|p1a: Kleavor\n|-damage|p1a: Kleavor|9/100 par\n|move|p1a: Kleavor|U-turn|p2a: Regigigas\n|-damage|p2a: Regigigas|93/322\n|\n|t:|1783557134\n|switch|p1a: Scovillain|Scovillain, L91, M|100/100|[from] U-turn\n|\n|-heal|p2a: Regigigas|113/322|[from] item: Leftovers\n|upkeep\n|turn|21\n|inactive|Time left: 300 sec this turn | 300 sec total\n|\n|t:|1783557135\n|move|p1a: Scovillain|Flamethrower|p2a: Regigigas\n|-damage|p2a: Regigigas|0 fnt\n|faint|p2a: Regigigas\n|-end|p2a: Regigigas|Slow Start|[silent]\n|\n|upkeep\n|inactive|Time left: 300 sec this turn | 300 sec total | 5 sec grace\n|\n|t:|1783557136\n|switch|p2a: Bombirdier|Bombirdier, L85, M|226/258\n|turn|22\n|inactive|Time left: 300 sec this turn | 300 sec total\n|\n|t:|1783557137\n|move|p2a: Bombirdier|Brave Bird|p1a: Scovillain\n|-supereffective|p1a: Scovillain\n|-damage|p1a: Scovillain|0 fnt\n|faint|p1a: Scovillain\n|-damage|p2a: Bombirdier|138/258|[from] Recoil\n|\n|upkeep\n|\n|t:|1783557138\n|switch|p1a: Raichu|Raichu, L88, F|62/100\n|turn|23\n|inactive|Time left: 300 sec this turn | 300 sec total\n|\n|t:|1783557139\n|move|p2a: Bombirdier|Sucker Punch|p1a: Raichu\n|-damage|p1a: Raichu|20/100\n|move|p1a: Raichu|Nuzzle|p2a: Bombirdier\n|-supereffective|p2a: Bombirdier\n|-damage|p2a: Bombirdier|84/258\n|-status|p2a: Bombirdier|par\n|\n|upkeep\n|turn|24\n|inactive|Time left: 300 sec this turn | 300 sec total\n|\n|t:|1783557141\n|switch|p1a: Kleavor|Kleavor, L78, M|9/100 par\n|move|p2a: Bombirdier|Sucker Punch||[still]\n|-fail|p2a: Bombirdier\n|\n|upkeep\n|turn|25\n|inactive|Time left: 300 sec this turn | 300 sec total\n|\n|t:|1783557142\n|move|p2a: Bombirdier|Knock Off|p1a: Kleavor\n|-damage|p1a: Kleavor|0 fnt\n|faint|p1a: Kleavor\n|\n|upkeep\n|\n|t:|1783557143\n|switch|p1a: Raichu|Raichu, L88, F|20/100\n|turn|26\n|inactive|Time left: 300 sec this turn | 300 sec total\n|\n|t:|1783557144\n|move|p2a: Bombirdier|Sucker Punch|p1a: Raichu\n|-damage|p1a: Raichu|0 fnt\n|faint|p1a: Raichu\n|\n|win|p0y1469acf2", "uploadtime": 1783557144, "views": 0, "rating": 0, "private": 0, "password": null, "_winner": "p0y1469acf2", "_our_name": "p0y1469acf2"}