{"id": "battle-gen9randombattle-469", "formatid": "gen9randombattle", "format": "[Gen 9] Random Battle", "players": ["p0x469e68e", "p0y46930cd"], "log": "|init|battle\n|title|p0x469e68e vs. p0y46930cd\n|j|\u2606p0x469e68e\n|j|\u2606p0y46930cd\n|t:|1783545208\n|gametype|singles\n|player|p1|p0x469e68e|2|\n|player|p2|p0y46930cd|101|\n|gen|9\n|tier|[Gen 9] Random Battle\n|rule|Species Clause: Limit one of each Pok\u00e9mon\n|rule|HP Percentage Mod: HP is shown in percentages\n|rule|Sleep Clause Mod: Limit one foe put to sleep\n|rule|Illusion Level Mod: Illusion disguises the Pok\u00e9mon's true level\n|\n|t:|1783545208\n|teamsize|p1|6\n|teamsize|p2|6\n|start\n|switch|p1a: Landorus|Landorus-Therian, L76, M|100/100\n|switch|p2a: Blaziken|Blaziken, L76, F|247/247\n|-ability|p1a: Landorus|Intimidate|boost\n|-unboost|p2a: Blaziken|atk|1\n|turn|1\n|inactive|Battle timer is ON: inactive players will automatically lose when time's up. (requested by p0x469e68e)\n|inactive|Time left: 300 sec this turn | 300 sec total | 60 sec grace\n|inactive|p0y46930cd also wants the timer to be on.\n|\n|t:|1783545210\n|switch|p2a: Porygon-Z|Porygon-Z, L83|277/277\n|move|p1a: Landorus|Earthquake|p2a: Porygon-Z\n|-damage|p2a: Porygon-Z|123/277\n|\n|upkeep\n|turn|2\n|inactive|Time left: 300 sec this turn | 300 sec total\n|\n|t:|1783545212\n|move|p2a: Porygon-Z|Ice Beam|p1a: Landorus\n|-supereffective|p1a: Landorus\n|-damage|p1a: Landorus|0 fnt\n|faint|p1a: Landorus\n|\n|upkeep\n|\n|t:|1783545213\n|switch|p1a: Wugtrio|Wugtrio, L91, M|100/100\n|turn|3\n|inactive|Time left: 300 sec this turn | 300 sec total\n|\n|t:|1783545214\n|switch|p2a: Koraidon|Koraidon, L64|235/235\n|-weather|SunnyDay|[from] ability: Orichalcum Pulse|[of] p2a: Koraidon\n|-activate|p2a: Koraidon|Orichalcum Pulse|[source]\n|move|p1a: Wugtrio|Liquidation|p2a: Koraidon\n|-resisted|p2a: Koraidon\n|-damage|p2a: Koraidon|193/235\n|\n|-weather|SunnyDay|[upkeep]\n|upkeep\n|turn|4\n|inactive|Time left: 300 sec this turn | 300 sec total\n|\n|t:|1783545215\n|move|p1a: Wugtrio|Liquidation|p2a: Koraidon\n|-resisted|p2a: Koraidon\n|-damage|p2a: Koraidon|148/235\n|-unboost|p2a: Koraidon|def|1\n|move|p2a: Koraidon|Outrage|p1a: Wugtrio\n|-damage|p1a: Wugtrio|0 fnt\n|-ability|p1a: Wugtrio|Gooey\n|-unboost|p2a: Koraidon|spe|1\n|faint|p1a: Wugtrio\n|\n|-weather|SunnyDay|[upkeep]\n|upkeep\n|\n|t:|1783545216\n|switch|p1a: Dugtrio|Dugtrio-Alola, L84, M|100/100\n|turn|5\n|inactive|Time left: 300 sec this turn | 300 sec total\n|\n|t:|1783545217\n|move|p1a: Dugtrio|Earthquake|p2a: Koraidon\n|-damage|p2a: Koraidon|0 fnt\n|faint|p2a: Koraidon\n|\n|-weather|SunnyDay|[upkeep]\n|upkeep\n|inactive|Time left: 300 sec this turn | 300 sec total | 5 sec grace\n|\n|t:|1783545218\n|switch|p2a: Mabosstiff|Mabosstiff, L86, M|278/278\n|turn|6\n|inactive|Time left: 300 sec this turn | 300 sec total\n|\n|t:|1783545219\n|move|p1a: Dugtrio|Earthquake|p2a: Mabosstiff\n|-damage|p2a: Mabosstiff|128/278\n|move|p2a: Mabosstiff|Crunch|p1a: Dugtrio\n|-damage|p1a: Dugtrio|2/100\n|-ability|p1a: Dugtrio|Tangling Hair\n|-unboost|p2a: Mabosstiff|spe|1\n|\n|-weather|SunnyDay|[upkeep]\n|upkeep\n|turn|7\n|inactive|Time left: 300 sec this turn | 300 sec total\n|\n|t:|1783545220\n|switch|p2a: Cinccino|Cinccino, L83, F|260/260\n|move|p1a: Dugtrio|Earthquake|p2a: Cinccino\n|-crit|p2a: Cinccino\n|-damage|p2a: Cinccino|0 fnt\n|faint|p2a: Cinccino\n|\n|-weather|none\n|upkeep\n|inactive|Time left: 300 sec this turn | 300 sec total | 5 sec grace\n|\n|t:|1783545221\n|switch|p2a: Porygon-Z|Porygon-Z, L83|123/277\n|turn|8\n|inactive|Time left: 300 sec this turn | 300 sec total\n|\n|t:|1783545222\n|move|p2a: Porygon-Z|Tri Attack|p1a: Dugtrio\n|-resisted|p1a: Dugtrio\n|-damage|p1a: Dugtrio|0 fnt\n|faint|p1a: Dugtrio\n|\n|upkeep\n|\n|t:|1783545223\n|switch|p1a: Plusle|Plusle, L95, M|100/100\n|turn|9\n|inactive|Time left: 300 sec this turn | 300 sec total\n|\n|t:|1783545225\n|move|p2a: Porygon-Z|Tri Attack|p1a: Plusle\n|-damage|p1a: Plusle|45/100\n|move|p1a: Plusle|Thunderbolt|p2a: Porygon-Z\n|-damage|p2a: Porygon-Z|0 fnt\n|faint|p2a: Porygon-Z\n|-damage|p1a: Plusle|36/100|[from] item: Life Orb\n|\n|upkeep\n|inactive|Time left: 300 sec this turn | 300 sec total | 5 sec grace\n|\n|t:|1783545226\n|switch|p2a: Muk|Muk-Alola, L82, M|306/306\n|turn|10\n|inactive|Time left: 300 sec this turn | 300 sec total\n|\n|t:|1783545227\n|switch|p1a: Zapdos|Zapdos, L78|100/100\n|move|p2a: Muk|Knock Off|p1a: Zapdos\n|-damage|p1a: Zapdos|61/100\n|-enditem|p1a: Zapdos|Heavy-Duty Boots|[from] move: Knock Off|[of] p2a: Muk\n|\n|upkeep\n|turn|11\n|inactive|Time left: 300 sec this turn | 300 sec total\n|\n|t:|1783545228\n|move|p1a: Zapdos|Roost|p1a: Zapdos\n|-heal|p1a: Zapdos|100/100\n|-singleturn|p1a: Zapdos|move: Roost\n|move|p2a: Muk|Gunk Shot|p1a: Zapdos\n|-damage|p1a: Zapdos|43/100\n|-status|p1a: Zapdos|psn\n|\n|-damage|p1a: Zapdos|31/100 psn|[from] psn\n|upkeep\n|turn|12\n|inactive|Time left: 300 sec this turn | 300 sec total\n|\n|t:|1783545229\n|move|p1a: Zapdos|Roost|p1a: Zapdos\n|-heal|p1a: Zapdos|81/100 psn\n|-singleturn|p1a: Zapdos|move: Roost\n|move|p2a: Muk|Gunk Shot|p1a: Zapdos\n|-damage|p1a: Zapdos|26/100 psn\n|\n|-damage|p1a: Zapdos|14/100 psn|[from] psn\n|upkeep\n|turn|13\n|inactive|Time left: 300 sec this turn | 300 sec total\n|\n|t:|1783545230\n|move|p1a: Zapdos|Roost|p1a: Zapdos\n|-heal|p1a: Zapdos|64/100 psn\n|-singleturn|p1a: Zapdos|move: Roost\n|move|p2a: Muk|Gunk Shot|p1a: Zapdos\n|-damage|p1a: Zapdos|15/100 psn\n|\n|-damage|p1a: Zapdos|3/100 psn|[from] psn\n|upkeep\n|turn|14\n|inactive|Time left: 300 sec this turn | 300 sec total\n|\n|t:|1783545231\n|move|p1a: Zapdos|Discharge|p2a: Muk\n|-damage|p2a: Muk|246/306\n|move|p2a: Muk|Gunk Shot|p1a: Zapdos\n|-damage|p1a: Zapdos|0 fnt\n|faint|p1a: Zapdos\n|\n|upkeep\n|\n|t:|1783545232\n|switch|p1a: Luvdisc|Luvdisc, M|100/100\n|turn|15\n|inactive|Time left: 300 sec this turn | 300 sec total\n|\n|t:|1783545233\n|move|p1a: Luvdisc|Substitute|p1a: Luvdisc\n|-start|p1a: Luvdisc|Substitute\n|-damage|p1a: Luvdisc|76/100\n|move|p2a: Muk|Knock Off|p1a: Luvdisc\n|-end|p1a: Luvdisc|Substitute\n|\n|upkeep\n|turn|16\n|inactive|Time left: 300 sec this turn | 300 sec total\n|\n|t:|1783545234\n|move|p1a: Luvdisc|Substitute|p1a: Luvdisc\n|-start|p1a: Luvdisc|Substitute\n|-damage|p1a: Luvdisc|51/100\n|move|p2a: Muk|Knock Off|p1a: Luvdisc\n|-crit|p1a: Luvdisc\n|-end|p1a: Luvdisc|Substitute\n|\n|upkeep\n|turn|17\n|inactive|Time left: 300 sec this turn | 300 sec total\n|\n|t:|1783545235\n|move|p1a: Luvdisc|Substitute|p1a: Luvdisc\n|-start|p1a: Luvdisc|Substitute\n|-damage|p1a: Luvdisc|26/100\n|move|p2a: Muk|Knock Off|p1a: Luvdisc\n|-end|p1a: Luvdisc|Substitute\n|\n|upkeep\n|turn|18\n|inactive|Time left: 300 sec this turn | 300 sec total\n|\n|t:|1783545236\n|move|p1a: Luvdisc|Substitute|p1a: Luvdisc\n|-start|p1a: Luvdisc|Substitute\n|-damage|p1a: Luvdisc|2/100\n|move|p2a: Muk|Knock Off|p1a: Luvdisc\n|-end|p1a: Luvdisc|Substitute\n|\n|upkeep\n|turn|19\n|inactive|Time left: 300 sec this turn | 300 sec total\n|\n|t:|1783545237\n|move|p1a: Luvdisc|Endeavor|p2a: Muk\n|-damage|p2a: Muk|3/306\n|move|p2a: Muk|Knock Off|p1a: Luvdisc\n|-crit|p1a: Luvdisc\n|-damage|p1a: Luvdisc|0 fnt\n|-enditem|p1a: Luvdisc|Heavy-Duty Boots|[from] move: Knock Off|[of] p2a: Muk\n|faint|p1a: Luvdisc\n|\n|upkeep\n|\n|t:|1783545238\n|switch|p1a: Plusle|Plusle, L95, M|36/100\n|turn|20\n|inactive|Time left: 300 sec this turn | 300 sec total\n|\n|t:|1783545239\n|-terastallize|p2a: Muk|Fighting\n|move|p1a: Plusle|Alluring Voice|p2a: Muk\n|-supereffective|p2a: Muk\n|-damage|p2a: Muk|0 fnt\n|faint|p2a: Muk\n|-damage|p1a: Plusle|26/100|[from] item: Life Orb\n|\n|upkeep\n|inactive|Time left: 300 sec this turn | 300 sec total | 5 sec grace\n|\n|t:|1783545240\n|switch|p2a: Mabosstiff|Mabosstiff, L86, M|128/278\n|turn|21\n|inactive|Time left: 300 sec this turn | 300 sec total\n|\n|t:|1783545241\n|-terastallize|p1a: Plusle|Grass\n|move|p1a: Plusle|Thunderbolt|p2a: Mabosstiff\n|-damage|p2a: Mabosstiff|0 fnt\n|faint|p2a: Mabosstiff\n|-damage|p1a: Plusle|16/100|[from] item: Life Orb\n|\n|upkeep\n|inactive|Time left: 300 sec this turn | 300 sec total | 5 sec grace\n|\n|t:|1783545242\n|switch|p2a: Blaziken|Blaziken, L76, F|247/247\n|turn|22\n|inactive|Time left: 300 sec this turn | 300 sec total\n|\n|t:|1783545243\n|move|p1a: Plusle|Thunderbolt|p2a: Blaziken\n|-damage|p2a: Blaziken|52/247\n|-damage|p1a: Plusle|6/100|[from] item: Life Orb\n|move|p2a: Blaziken|Knock Off|p1a: Plusle\n|-damage|p1a: Plusle|0 fnt\n|-enditem|p1a: Plusle|Life Orb|[from] move: Knock Off|[of] p2a: Blaziken\n|faint|p1a: Plusle\n|-damage|p2a: Blaziken|28/247|[from] item: Life Orb\n|\n|win|p0y46930cd", "uploadtime": 1783545243, "views": 0, "rating": 0, "private": 0, "password": null, "_winner": "p0y46930cd", "_our_name": "p0y46930cd"}