{"id": "battle-gen9randombattle-609", "formatid": "gen9randombattle", "format": "[Gen 9] Random Battle", "players": ["p0x609f9d1", "p0y609237e"], "log": "|init|battle\n|title|p0x609f9d1 vs. p0y609237e\n|j|\u2606p0x609f9d1\n|j|\u2606p0y609237e\n|t:|1783546170\n|gametype|singles\n|player|p1|p0x609f9d1|102|\n|player|p2|p0y609237e|101|\n|gen|9\n|tier|[Gen 9] Random Battle\n|rule|Species Clause: Limit one of each Pok\u00e9mon\n|rule|HP Percentage Mod: HP is shown in percentages\n|rule|Sleep Clause Mod: Limit one foe put to sleep\n|rule|Illusion Level Mod: Illusion disguises the Pok\u00e9mon's true level\n|\n|t:|1783546170\n|teamsize|p1|6\n|teamsize|p2|6\n|start\n|switch|p1a: Sableye|Sableye, L88, M|231/231\n|switch|p2a: Magcargo|Magcargo, L95, M|100/100\n|turn|1\n|inactive|Battle timer is ON: inactive players will automatically lose when time's up. (requested by p0x609f9d1)\n|inactive|p0y609237e also wants the timer to be on.\n|\n|t:|1783546172\n|switch|p1a: Noctowl|Noctowl, L95, M|344/344\n|move|p2a: Magcargo|Lava Plume|p1a: Noctowl\n|-damage|p1a: Noctowl|253/344\n|\n|upkeep\n|turn|2\n|inactive|Time left: 300 sec this turn | 300 sec total\n|\n|t:|1783546173\n|move|p1a: Noctowl|Nasty Plot|p1a: Noctowl\n|-boost|p1a: Noctowl|spa|2\n|move|p2a: Magcargo|Stealth Rock|p1a: Noctowl\n|-sidestart|p1: p0x609f9d1|move: Stealth Rock\n|\n|upkeep\n|turn|3\n|inactive|Time left: 300 sec this turn | 300 sec total\n|\n|t:|1783546174\n|switch|p2a: Regice|Regice, L88|100/100\n|move|p1a: Noctowl|Hurricane|p2a: Regice\n|-damage|p2a: Regice|55/100\n|\n|upkeep\n|turn|4\n|inactive|Time left: 300 sec this turn | 300 sec total\n|\n|t:|1783546175\n|move|p1a: Noctowl|Hurricane|p2a: Regice|[miss]\n|-miss|p1a: Noctowl|p2a: Regice\n|move|p2a: Regice|Ice Beam|p1a: Noctowl\n|-supereffective|p1a: Noctowl\n|-damage|p1a: Noctowl|71/344\n|\n|upkeep\n|turn|5\n|inactive|Time left: 300 sec this turn | 300 sec total\n|\n|t:|1783546176\n|move|p1a: Noctowl|Roost|p1a: Noctowl\n|-heal|p1a: Noctowl|243/344\n|-singleturn|p1a: Noctowl|move: Roost\n|move|p2a: Regice|Body Press|p1a: Noctowl\n|-supereffective|p1a: Noctowl\n|-damage|p1a: Noctowl|81/344\n|\n|upkeep\n|turn|6\n|inactive|Time left: 300 sec this turn | 300 sec total\n|\n|t:|1783546177\n|move|p1a: Noctowl|Roost|p1a: Noctowl\n|-heal|p1a: Noctowl|253/344\n|-singleturn|p1a: Noctowl|move: Roost\n|move|p2a: Regice|Body Press|p1a: Noctowl\n|-supereffective|p1a: Noctowl\n|-damage|p1a: Noctowl|95/344\n|\n|upkeep\n|turn|7\n|inactive|Time left: 300 sec this turn | 300 sec total\n|\n|t:|1783546178\n|move|p1a: Noctowl|Roost|p1a: Noctowl\n|-heal|p1a: Noctowl|267/344\n|-singleturn|p1a: Noctowl|move: Roost\n|move|p2a: Regice|Ice Beam|p1a: Noctowl\n|-damage|p1a: Noctowl|182/344\n|\n|upkeep\n|turn|8\n|inactive|Time left: 300 sec this turn | 300 sec total\n|\n|t:|1783546179\n|move|p1a: Noctowl|Roost|p1a: Noctowl\n|-heal|p1a: Noctowl|344/344\n|-singleturn|p1a: Noctowl|move: Roost\n|move|p2a: Regice|Ice Beam|p1a: Noctowl\n|-damage|p1a: Noctowl|248/344\n|\n|upkeep\n|turn|9\n|inactive|Time left: 300 sec this turn | 300 sec total\n|\n|t:|1783546181\n|move|p1a: Noctowl|Hyper Voice|p2a: Regice\n|-damage|p2a: Regice|18/100\n|move|p2a: Regice|Ice Beam|p1a: Noctowl\n|-supereffective|p1a: Noctowl\n|-damage|p1a: Noctowl|80/344\n|\n|upkeep\n|turn|10\n|inactive|Time left: 300 sec this turn | 300 sec total\n|\n|t:|1783546182\n|move|p1a: Noctowl|Hyper Voice|p2a: Regice\n|-damage|p2a: Regice|0 fnt\n|faint|p2a: Regice\n|\n|upkeep\n|\n|t:|1783546182\n|switch|p2a: Tatsugiri|Tatsugiri, L87, F|100/100\n|turn|11\n|inactive|Time left: 300 sec this turn | 300 sec total\n|\n|t:|1783546184\n|move|p2a: Tatsugiri|Surf|p1a: Noctowl\n|-damage|p1a: Noctowl|0 fnt\n|faint|p1a: Noctowl\n|\n|upkeep\n|inactive|Time left: 300 sec this turn | 300 sec total | 5 sec grace\n|\n|t:|1783546185\n|switch|p1a: Frosmoth|Frosmoth, L82, F|249/249\n|turn|12\n|inactive|Time left: 300 sec this turn | 300 sec total\n|\n|t:|1783546186\n|switch|p2a: Gallade|Gallade, L80, M|100/100\n|move|p1a: Frosmoth|Quiver Dance|p1a: Frosmoth\n|-boost|p1a: Frosmoth|spa|1\n|-boost|p1a: Frosmoth|spd|1\n|-boost|p1a: Frosmoth|spe|1\n|\n|upkeep\n|turn|13\n|inactive|Time left: 300 sec this turn | 300 sec total\n|\n|t:|1783546187\n|move|p1a: Frosmoth|Hurricane|p2a: Gallade\n|-supereffective|p2a: Gallade\n|-damage|p2a: Gallade|12/100\n|move|p2a: Gallade|Sacred Sword|p1a: Frosmoth\n|-damage|p1a: Frosmoth|0 fnt\n|faint|p1a: Frosmoth\n|\n|upkeep\n|inactive|Time left: 300 sec this turn | 300 sec total | 5 sec grace\n|\n|t:|1783546188\n|switch|p1a: Drifblim|Drifblim, L86, M|396/396\n|-damage|p1a: Drifblim|297/396|[from] Stealth Rock\n|turn|14\n|inactive|Time left: 300 sec this turn | 300 sec total\n|\n|t:|1783546189\n|switch|p2a: Tatsugiri|Tatsugiri, L87, F|100/100\n|move|p1a: Drifblim|Calm Mind|p1a: Drifblim\n|-boost|p1a: Drifblim|spa|1\n|-boost|p1a: Drifblim|spd|1\n|\n|upkeep\n|turn|15\n|inactive|Time left: 300 sec this turn | 300 sec total\n|\n|t:|1783546190\n|move|p2a: Tatsugiri|Nasty Plot|p2a: Tatsugiri\n|-boost|p2a: Tatsugiri|spa|2\n|move|p1a: Drifblim|Calm Mind|p1a: Drifblim\n|-boost|p1a: Drifblim|spa|1\n|-boost|p1a: Drifblim|spd|1\n|\n|upkeep\n|turn|16\n|inactive|Time left: 300 sec this turn | 300 sec total\n|\n|t:|1783546191\n|-terastallize|p2a: Tatsugiri|Water\n|move|p2a: Tatsugiri|Surf|p1a: Drifblim\n|-damage|p1a: Drifblim|77/396\n|-enditem|p1a: Drifblim|Sitrus Berry|[eat]\n|-heal|p1a: Drifblim|176/396|[from] item: Sitrus Berry\n|move|p1a: Drifblim|Strength Sap|p2a: Tatsugiri\n|-unboost|p2a: Tatsugiri|atk|1\n|-heal|p1a: Drifblim|313/396\n|\n|upkeep\n|turn|17\n|inactive|Time left: 300 sec this turn | 300 sec total\n|\n|t:|1783546192\n|move|p1a: Drifblim|Air Slash|p2a: Tatsugiri|[miss]\n|-miss|p1a: Drifblim|p2a: Tatsugiri\n|move|p2a: Tatsugiri|Surf|p1a: Drifblim\n|-damage|p1a: Drifblim|89/396\n|\n|upkeep\n|turn|18\n|inactive|Time left: 300 sec this turn | 300 sec total\n|\n|t:|1783546193\n|move|p1a: Drifblim|Air Slash|p2a: Tatsugiri\n|-damage|p2a: Tatsugiri|46/100\n|move|p2a: Tatsugiri|Surf|p1a: Drifblim\n|-damage|p1a: Drifblim|0 fnt\n|faint|p1a: Drifblim\n|\n|upkeep\n|inactive|Time left: 300 sec this turn | 300 sec total | 5 sec grace\n|\n|t:|1783546194\n|switch|p1a: Palafin|Palafin, L77, F|281/281\n|-damage|p1a: Palafin|246/281|[from] Stealth Rock\n|turn|19\n|inactive|Time left: 300 sec this turn | 300 sec total\n|\n|t:|1783546195\n|move|p1a: Palafin|Ice Punch|p2a: Tatsugiri\n|-resisted|p2a: Tatsugiri\n|-damage|p2a: Tatsugiri|37/100\n|move|p2a: Tatsugiri|Surf|p1a: Palafin\n|-resisted|p1a: Palafin\n|-damage|p1a: Palafin|39/281\n|\n|-heal|p1a: Palafin|56/281|[from] item: Leftovers\n|upkeep\n|turn|20\n|inactive|Time left: 300 sec this turn | 300 sec total\n|\n|t:|1783546196\n|move|p1a: Palafin|Ice Punch|p2a: Tatsugiri\n|-resisted|p2a: Tatsugiri\n|-damage|p2a: Tatsugiri|29/100\n|move|p2a: Tatsugiri|Surf|p1a: Palafin\n|-resisted|p1a: Palafin\n|-damage|p1a: Palafin|0 fnt\n|faint|p1a: Palafin\n|\n|upkeep\n|inactive|Time left: 300 sec this turn | 300 sec total | 5 sec grace\n|\n|t:|1783546197\n|switch|p1a: Sableye|Sableye, L88, M|231/231\n|-damage|p1a: Sableye|203/231|[from] Stealth Rock\n|turn|21\n|inactive|Time left: 300 sec this turn | 300 sec total\n|\n|t:|1783546198\n|move|p1a: Sableye|Will-O-Wisp|p2a: Tatsugiri\n|-status|p2a: Tatsugiri|brn\n|move|p2a: Tatsugiri|Surf|p1a: Sableye\n|-damage|p1a: Sableye|0 fnt\n|faint|p1a: Sableye\n|\n|-damage|p2a: Tatsugiri|23/100 brn|[from] brn\n|upkeep\n|inactive|Time left: 300 sec this turn | 300 sec total | 5 sec grace\n|\n|t:|1783546198\n|switch|p1a: Gurdurr|Gurdurr, L85, M|283/283\n|-damage|p1a: Gurdurr|266/283|[from] Stealth Rock\n|turn|22\n|inactive|Time left: 300 sec this turn | 300 sec total\n|\n|t:|1783546199\n|move|p1a: Gurdurr|Mach Punch|p2a: Tatsugiri\n|-damage|p2a: Tatsugiri|0 fnt\n|faint|p2a: Tatsugiri\n|\n|upkeep\n|\n|t:|1783546200\n|switch|p2a: Oricorio|Oricorio-Sensu, L85, M|100/100\n|turn|23\n|inactive|Time left: 300 sec this turn | 300 sec total\n|\n|t:|1783546201\n|-terastallize|p1a: Gurdurr|Steel\n|move|p2a: Oricorio|Revelation Dance|p1a: Gurdurr\n|-damage|p1a: Gurdurr|167/283\n|move|p1a: Gurdurr|Knock Off|p2a: Oricorio\n|-supereffective|p2a: Oricorio\n|-damage|p2a: Oricorio|31/100\n|-enditem|p2a: Oricorio|Heavy-Duty Boots|[from] move: Knock Off|[of] p1a: Gurdurr\n|\n|upkeep\n|turn|24\n|inactive|Time left: 300 sec this turn | 300 sec total\n|\n|t:|1783546202\n|move|p1a: Gurdurr|Mach Punch|p2a: Oricorio\n|-immune|p2a: Oricorio\n|move|p2a: Oricorio|Revelation Dance|p1a: Gurdurr\n|-crit|p1a: Gurdurr\n|-damage|p1a: Gurdurr|29/283\n|\n|upkeep\n|turn|25\n|inactive|Time left: 300 sec this turn | 300 sec total\n|\n|t:|1783546203\n|move|p2a: Oricorio|Revelation Dance|p1a: Gurdurr\n|-damage|p1a: Gurdurr|0 fnt\n|faint|p1a: Gurdurr\n|\n|win|p0y609237e", "uploadtime": 1783546203, "views": 0, "rating": 0, "private": 0, "password": null, "_winner": "p0y609237e", "_our_name": "p0x609f9d1"}