{"id": "battle-gen9randombattle-2770", "formatid": "gen9randombattle", "format": "[Gen 9] Random Battle", "players": ["p0x2770db06", "p0y277015c4"], "log": "|init|battle\n|title|p0x2770db06 vs. p0y277015c4\n|j|\u2606p0x2770db06\n|j|\u2606p0y277015c4\n|t:|1783570916\n|gametype|singles\n|player|p1|p0x2770db06|265|\n|player|p2|p0y277015c4|170|\n|gen|9\n|tier|[Gen 9] Random Battle\n|rule|Species Clause: Limit one of each Pok\u00e9mon\n|rule|HP Percentage Mod: HP is shown in percentages\n|rule|Sleep Clause Mod: Limit one foe put to sleep\n|rule|Illusion Level Mod: Illusion disguises the Pok\u00e9mon's true level\n|\n|t:|1783570916\n|teamsize|p1|6\n|teamsize|p2|6\n|start\n|switch|p1a: Raging Bolt|Raging Bolt, L78|323/323\n|switch|p2a: Dialga|Dialga, L73|100/100\n|-ability|p2a: Dialga|Pressure\n|turn|1\n|inactive|Battle timer is ON: inactive players will automatically lose when time's up. (requested by p0x2770db06)\n|inactive|p0y277015c4 also wants the timer to be on.\n|\n|t:|1783570917\n|move|p2a: Dialga|Stealth Rock|p1a: Raging Bolt\n|-sidestart|p1: p0x2770db06|move: Stealth Rock\n|move|p1a: Raging Bolt|Thunderbolt|p2a: Dialga\n|-resisted|p2a: Dialga\n|-damage|p2a: Dialga|80/100\n|\n|-heal|p2a: Dialga|86/100|[from] item: Leftovers\n|upkeep\n|turn|2\n|inactive|Time left: 300 sec this turn | 300 sec total\n|\n|t:|1783570918\n|move|p2a: Dialga|Draco Meteor|p1a: Raging Bolt\n|-supereffective|p1a: Raging Bolt\n|-damage|p1a: Raging Bolt|0 fnt\n|-unboost|p2a: Dialga|spa|2\n|faint|p1a: Raging Bolt\n|-end|p1a: Raging Bolt|Protosynthesis|[silent]\n|\n|-heal|p2a: Dialga|92/100|[from] item: Leftovers\n|upkeep\n|inactive|Time left: 300 sec this turn | 300 sec total | 5 sec grace\n|\n|t:|1783570919\n|switch|p1a: Zekrom|Zekrom, L71|259/259\n|-damage|p1a: Zekrom|227/259|[from] Stealth Rock\n|-ability|p1a: Zekrom|Teravolt\n|turn|3\n|inactive|Time left: 300 sec this turn | 300 sec total\n|\n|t:|1783570920\n|switch|p2a: Diancie|Diancie, L82|100/100\n|move|p1a: Zekrom|Outrage|p2a: Diancie\n|-immune|p2a: Diancie\n|\n|-heal|p1a: Zekrom|243/259|[from] item: Leftovers\n|upkeep\n|turn|4\n|inactive|Time left: 300 sec this turn | 300 sec total\n|\n|t:|1783570921\n|move|p1a: Zekrom|Dragon Dance|p1a: Zekrom\n|-boost|p1a: Zekrom|atk|1\n|-boost|p1a: Zekrom|spe|1\n|move|p2a: Diancie|Moonblast|p1a: Zekrom\n|-supereffective|p1a: Zekrom\n|-damage|p1a: Zekrom|33/259\n|\n|-heal|p1a: Zekrom|49/259|[from] item: Leftovers\n|upkeep\n|turn|5\n|inactive|Time left: 300 sec this turn | 300 sec total\n|\n|t:|1783570922\n|move|p1a: Zekrom|Bolt Strike|p2a: Diancie\n|-crit|p2a: Diancie\n|-damage|p2a: Diancie|1/100\n|move|p2a: Diancie|Diamond Storm|p1a: Zekrom|[miss]\n|-miss|p2a: Diancie|p1a: Zekrom\n|\n|-heal|p1a: Zekrom|65/259|[from] item: Leftovers\n|-heal|p2a: Diancie|7/100|[from] item: Leftovers\n|upkeep\n|turn|6\n|inactive|Time left: 300 sec this turn | 300 sec total\n|\n|t:|1783570923\n|move|p1a: Zekrom|Bolt Strike|p2a: Diancie\n|-damage|p2a: Diancie|0 fnt\n|faint|p2a: Diancie\n|\n|-heal|p1a: Zekrom|81/259|[from] item: Leftovers\n|upkeep\n|\n|t:|1783570924\n|switch|p2a: Dialga|Dialga, L73|92/100\n|-ability|p2a: Dialga|Pressure\n|turn|7\n|inactive|Time left: 300 sec this turn | 300 sec total\n|\n|t:|1783570925\n|move|p1a: Zekrom|Outrage|p2a: Dialga\n|-damage|p2a: Dialga|26/100\n|move|p2a: Dialga|Draco Meteor|p1a: Zekrom|[miss]\n|-miss|p2a: Dialga|p1a: Zekrom\n|\n|-heal|p1a: Zekrom|97/259|[from] item: Leftovers\n|-heal|p2a: Dialga|32/100|[from] item: Leftovers\n|upkeep\n|turn|8\n|inactive|Time left: 300 sec this turn | 300 sec total\n|\n|t:|1783570926\n|switch|p2a: Clefable|Clefable, L83, F|100/100\n|move|p1a: Zekrom|Outrage|p2a: Clefable|[from] lockedmove\n|-immune|p2a: Clefable\n|\n|-heal|p1a: Zekrom|113/259|[from] item: Leftovers\n|upkeep\n|turn|9\n|inactive|Time left: 300 sec this turn | 300 sec total\n|\n|t:|1783570927\n|move|p1a: Zekrom|Substitute|p1a: Zekrom\n|-start|p1a: Zekrom|Substitute\n|-damage|p1a: Zekrom|49/259\n|move|p2a: Clefable|Moonblast|p1a: Zekrom\n|-supereffective|p1a: Zekrom\n|-end|p1a: Zekrom|Substitute\n|\n|-heal|p1a: Zekrom|65/259|[from] item: Leftovers\n|upkeep\n|turn|10\n|inactive|Time left: 300 sec this turn | 300 sec total\n|\n|t:|1783570928\n|move|p1a: Zekrom|Bolt Strike|p2a: Clefable\n|-damage|p2a: Clefable|22/100\n|-status|p2a: Clefable|par\n|cant|p2a: Clefable|par\n|\n|-heal|p1a: Zekrom|81/259|[from] item: Leftovers\n|upkeep\n|turn|11\n|inactive|Time left: 300 sec this turn | 300 sec total\n|\n|t:|1783570929\n|move|p1a: Zekrom|Bolt Strike|p2a: Clefable\n|-damage|p2a: Clefable|0 fnt\n|faint|p2a: Clefable\n|\n|-heal|p1a: Zekrom|97/259|[from] item: Leftovers\n|upkeep\n|\n|t:|1783570930\n|switch|p2a: Bombirdier|Bombirdier, L85, M|100/100\n|turn|12\n|inactive|Time left: 300 sec this turn | 300 sec total\n|\n|t:|1783570931\n|-terastallize|p2a: Bombirdier|Rock\n|move|p1a: Zekrom|Bolt Strike|p2a: Bombirdier\n|-damage|p2a: Bombirdier|16/100\n|move|p2a: Bombirdier|Knock Off|p1a: Zekrom\n|-damage|p1a: Zekrom|0 fnt\n|-enditem|p1a: Zekrom|Leftovers|[from] move: Knock Off|[of] p2a: Bombirdier\n|faint|p1a: Zekrom\n|\n|upkeep\n|inactive|Time left: 300 sec this turn | 300 sec total | 5 sec grace\n|\n|t:|1783570932\n|switch|p1a: Dodrio|Dodrio, L85, M|241/241\n|turn|13\n|inactive|Time left: 300 sec this turn | 300 sec total\n|\n|t:|1783570933\n|switch|p2a: Mismagius|Mismagius, L86, F|100/100\n|move|p1a: Dodrio|Knock Off|p2a: Mismagius\n|-supereffective|p2a: Mismagius\n|-damage|p2a: Mismagius|10/100\n|-enditem|p2a: Mismagius|Leftovers|[from] move: Knock Off|[of] p1a: Dodrio\n|\n|upkeep\n|turn|14\n|inactive|Time left: 300 sec this turn | 300 sec total\n|\n|t:|1783570934\n|move|p1a: Dodrio|Swords Dance|p1a: Dodrio\n|-boost|p1a: Dodrio|atk|2\n|move|p2a: Mismagius|Tera Blast|p1a: Dodrio\n|-damage|p1a: Dodrio|152/241\n|\n|upkeep\n|turn|15\n|inactive|Time left: 300 sec this turn | 300 sec total\n|\n|t:|1783570935\n|move|p1a: Dodrio|Brave Bird|p2a: Mismagius\n|-damage|p2a: Mismagius|0 fnt\n|faint|p2a: Mismagius\n|-damage|p1a: Dodrio|144/241|[from] Recoil\n|\n|upkeep\n|\n|t:|1783570936\n|switch|p2a: Bombirdier|Bombirdier, L85, M, tera:Rock|16/100\n|turn|16\n|inactive|Time left: 300 sec this turn | 300 sec total\n|\n|t:|1783570937\n|move|p1a: Dodrio|Knock Off|p2a: Bombirdier\n|-damage|p2a: Bombirdier|0 fnt\n|-enditem|p2a: Bombirdier|Heavy-Duty Boots|[from] move: Knock Off|[of] p1a: Dodrio\n|faint|p2a: Bombirdier\n|\n|upkeep\n|\n|t:|1783570938\n|switch|p2a: Dialga|Dialga, L73|32/100\n|-ability|p2a: Dialga|Pressure\n|turn|17\n|inactive|Time left: 300 sec this turn | 300 sec total\n|\n|t:|1783570939\n|move|p1a: Dodrio|Knock Off|p2a: Dialga\n|-damage|p2a: Dialga|0 fnt\n|-enditem|p2a: Dialga|Leftovers|[from] move: Knock Off|[of] p1a: Dodrio\n|faint|p2a: Dialga\n|\n|upkeep\n|\n|t:|1783570940\n|switch|p2a: Zapdos|Zapdos-Galar, L77|100/100\n|turn|18\n|inactive|Time left: 300 sec this turn | 300 sec total\n|\n|t:|1783570941\n|move|p1a: Dodrio|Brave Bird|p2a: Zapdos\n|-supereffective|p2a: Zapdos\n|-damage|p2a: Zapdos|0 fnt\n|faint|p2a: Zapdos\n|-damage|p1a: Dodrio|57/241|[from] Recoil\n|\n|win|p0x2770db06", "uploadtime": 1783570941, "views": 0, "rating": 0, "private": 0, "password": null, "_winner": "p0x2770db06", "_our_name": "p0x2770db06"}