{"id": "battle-gen9randombattle-546", "formatid": "gen9randombattle", "format": "[Gen 9] Random Battle", "players": ["p0x546e1ed", "p0y54642c7"], "log": "|init|battle\n|title|p0x546e1ed vs. p0y54642c7\n|j|\u2606p0x546e1ed\n|j|\u2606p0y54642c7\n|t:|1783546132\n|gametype|singles\n|player|p1|p0x546e1ed|266|\n|player|p2|p0y54642c7|2|\n|gen|9\n|tier|[Gen 9] Random Battle\n|rule|Species Clause: Limit one of each Pok\u00e9mon\n|rule|HP Percentage Mod: HP is shown in percentages\n|rule|Sleep Clause Mod: Limit one foe put to sleep\n|rule|Illusion Level Mod: Illusion disguises the Pok\u00e9mon's true level\n|\n|t:|1783546132\n|teamsize|p1|6\n|teamsize|p2|6\n|start\n|switch|p1a: Koraidon|Koraidon, L64|100/100\n|switch|p2a: Golem|Golem, L87, M|281/281\n|-weather|SunnyDay|[from] ability: Orichalcum Pulse|[of] p1a: Koraidon\n|-activate|p1a: Koraidon|Orichalcum Pulse|[source]\n|turn|1\n|inactive|Battle timer is ON: inactive players will automatically lose when time's up. (requested by p0y54642c7)\n|inactive|p0x546e1ed also wants the timer to be on.\n|\n|t:|1783546134\n|move|p1a: Koraidon|Outrage|p2a: Golem\n|-damage|p2a: Golem|149/281\n|move|p2a: Golem|Earthquake|p1a: Koraidon\n|-damage|p1a: Koraidon|38/100\n|\n|-weather|SunnyDay|[upkeep]\n|upkeep\n|turn|2\n|inactive|Time left: 300 sec this turn | 300 sec total\n|\n|t:|1783546135\n|move|p1a: Koraidon|Outrage|p2a: Golem|[from] lockedmove\n|-damage|p2a: Golem|2/281\n|-start|p1a: Koraidon|confusion|[fatigue]\n|move|p2a: Golem|Earthquake|p1a: Koraidon\n|-crit|p1a: Koraidon\n|-damage|p1a: Koraidon|0 fnt\n|faint|p1a: Koraidon\n|\n|-weather|SunnyDay|[upkeep]\n|upkeep\n|\n|t:|1783546136\n|switch|p1a: Incineroar|Incineroar, L82, F|100/100\n|-ability|p1a: Incineroar|Intimidate|boost\n|-unboost|p2a: Golem|atk|1\n|turn|3\n|inactive|Time left: 300 sec this turn | 300 sec total\n|\n|t:|1783546137\n|switch|p2a: Swalot|Swalot, L90, M|326/326\n|move|p1a: Incineroar|Swords Dance|p1a: Incineroar\n|-boost|p1a: Incineroar|atk|2\n|\n|-weather|SunnyDay|[upkeep]\n|upkeep\n|turn|4\n|inactive|Time left: 300 sec this turn | 300 sec total\n|\n|t:|1783546138\n|move|p2a: Swalot|Sludge Bomb|p1a: Incineroar\n|-damage|p1a: Incineroar|66/100\n|-status|p1a: Incineroar|psn\n|move|p1a: Incineroar|Flare Blitz|p2a: Swalot\n|-damage|p2a: Swalot|0 fnt\n|faint|p2a: Swalot\n|-damage|p1a: Incineroar|29/100 psn|[from] Recoil\n|\n|-weather|SunnyDay|[upkeep]\n|-damage|p1a: Incineroar|17/100 psn|[from] psn\n|upkeep\n|inactive|Time left: 300 sec this turn | 300 sec total | 5 sec grace\n|\n|t:|1783546139\n|switch|p2a: Haxorus|Haxorus, L77, F|244/244\n|-ability|p2a: Haxorus|Mold Breaker\n|turn|5\n|inactive|Time left: 300 sec this turn | 300 sec total\n|\n|t:|1783546140\n|move|p2a: Haxorus|Outrage|p1a: Incineroar\n|-damage|p1a: Incineroar|0 fnt\n|faint|p1a: Incineroar\n|\n|-weather|none\n|upkeep\n|\n|t:|1783546141\n|switch|p1a: Primarina|Primarina, L83, F|100/100\n|turn|6\n|inactive|Time left: 300 sec this turn | 300 sec total\n|\n|t:|1783546142\n|move|p2a: Haxorus|Outrage|p1a: Primarina|[from] lockedmove\n|-immune|p1a: Primarina\n|move|p1a: Primarina|Moonblast|p2a: Haxorus\n|-supereffective|p2a: Haxorus\n|-damage|p2a: Haxorus|0 fnt\n|faint|p2a: Haxorus\n|\n|upkeep\n|inactive|Time left: 300 sec this turn | 300 sec total | 5 sec grace\n|\n|t:|1783546142\n|switch|p2a: Breloom|Breloom, L83, F|235/235\n|turn|7\n|inactive|Time left: 300 sec this turn | 300 sec total\n|\n|t:|1783546143\n|switch|p1a: Chesnaught|Chesnaught, L84, M|100/100\n|move|p2a: Breloom|Spore|p1a: Chesnaught\n|-immune|p1a: Chesnaught\n|\n|upkeep\n|turn|8\n|inactive|Time left: 300 sec this turn | 300 sec total\n|\n|t:|1783546144\n|move|p2a: Breloom|Rock Tomb|p1a: Chesnaught|[miss]\n|-miss|p2a: Breloom|p1a: Chesnaught\n|move|p1a: Chesnaught|Body Press|p2a: Breloom\n|-damage|p2a: Breloom|121/235\n|\n|upkeep\n|turn|9\n|inactive|Time left: 300 sec this turn | 300 sec total\n|\n|t:|1783546144\n|move|p2a: Breloom|Rock Tomb|p1a: Chesnaught\n|-resisted|p1a: Chesnaught\n|-damage|p1a: Chesnaught|88/100\n|-unboost|p1a: Chesnaught|spe|1\n|-damage|p2a: Breloom|98/235|[from] item: Life Orb\n|move|p1a: Chesnaught|Body Press|p2a: Breloom\n|-damage|p2a: Breloom|0 fnt\n|faint|p2a: Breloom\n|\n|-heal|p1a: Chesnaught|94/100|[from] item: Leftovers\n|upkeep\n|inactive|Time left: 300 sec this turn | 300 sec total | 5 sec grace\n|\n|t:|1783546145\n|switch|p2a: Piloswine|Piloswine, L85, M|309/309\n|turn|10\n|inactive|Time left: 300 sec this turn | 300 sec total\n|\n|t:|1783546146\n|move|p2a: Piloswine|Icicle Crash|p1a: Chesnaught\n|-supereffective|p1a: Chesnaught\n|-damage|p1a: Chesnaught|40/100\n|move|p1a: Chesnaught|Body Press|p2a: Piloswine\n|-supereffective|p2a: Piloswine\n|-damage|p2a: Piloswine|163/309\n|\n|-heal|p1a: Chesnaught|46/100|[from] item: Leftovers\n|upkeep\n|turn|11\n|inactive|Time left: 300 sec this turn | 300 sec total\n|\n|t:|1783546148\n|switch|p1a: Primarina|Primarina, L83, F|100/100\n|move|p2a: Piloswine|Icicle Crash|p1a: Primarina\n|-resisted|p1a: Primarina\n|-damage|p1a: Primarina|80/100\n|\n|-heal|p1a: Primarina|86/100|[from] item: Leftovers\n|upkeep\n|turn|12\n|inactive|Time left: 300 sec this turn | 300 sec total\n|\n|t:|1783546148\n|-terastallize|p2a: Piloswine|Poison\n|move|p1a: Primarina|Psychic Noise|p2a: Piloswine\n|-damage|p2a: Piloswine|78/309\n|-start|p2a: Piloswine|move: Heal Block\n|move|p2a: Piloswine|Earthquake|p1a: Primarina\n|-damage|p1a: Primarina|38/100\n|\n|-heal|p1a: Primarina|44/100|[from] item: Leftovers\n|upkeep\n|turn|13\n|inactive|Time left: 300 sec this turn | 300 sec total\n|\n|t:|1783546149\n|move|p1a: Primarina|Psychic Noise|p2a: Piloswine\n|-damage|p2a: Piloswine|0 fnt\n|faint|p2a: Piloswine\n|\n|-heal|p1a: Primarina|50/100|[from] item: Leftovers\n|upkeep\n|inactive|Time left: 300 sec this turn | 300 sec total | 5 sec grace\n|\n|t:|1783546150\n|switch|p2a: Golem|Golem, L87, M|2/281\n|turn|14\n|inactive|Time left: 300 sec this turn | 300 sec total\n|\n|t:|1783546151\n|switch|p1a: Chesnaught|Chesnaught, L84, M|46/100\n|move|p2a: Golem|Earthquake|p1a: Chesnaught\n|-resisted|p1a: Chesnaught\n|-damage|p1a: Chesnaught|30/100\n|\n|-heal|p1a: Chesnaught|36/100|[from] item: Leftovers\n|upkeep\n|turn|15\n|inactive|Time left: 300 sec this turn | 300 sec total\n|\n|t:|1783546152\n|move|p1a: Chesnaught|Synthesis|p1a: Chesnaught\n|-heal|p1a: Chesnaught|85/100\n|move|p2a: Golem|Explosion|p1a: Chesnaught\n|-damage|p1a: Chesnaught|26/100\n|faint|p2a: Golem\n|\n|-heal|p1a: Chesnaught|32/100|[from] item: Leftovers\n|upkeep\n|inactive|Time left: 300 sec this turn | 300 sec total | 5 sec grace\n|\n|t:|1783546153\n|switch|p2a: Feraligatr|Feraligatr, L79, F|264/264\n|turn|16\n|inactive|Time left: 300 sec this turn | 300 sec total\n|\n|t:|1783546154\n|-terastallize|p1a: Chesnaught|Steel\n|move|p2a: Feraligatr|Dragon Dance|p2a: Feraligatr\n|-boost|p2a: Feraligatr|atk|1\n|-boost|p2a: Feraligatr|spe|1\n|move|p1a: Chesnaught|Wood Hammer|p2a: Feraligatr\n|-supereffective|p2a: Feraligatr\n|-damage|p2a: Feraligatr|4/264\n|-damage|p1a: Chesnaught|2/100|[from] Recoil\n|\n|-heal|p1a: Chesnaught|8/100|[from] item: Leftovers\n|upkeep\n|turn|17\n|inactive|Time left: 300 sec this turn | 300 sec total\n|\n|t:|1783546155\n|switch|p1a: Primarina|Primarina, L83, F|50/100\n|move|p2a: Feraligatr|Dragon Dance|p2a: Feraligatr\n|-boost|p2a: Feraligatr|atk|1\n|-boost|p2a: Feraligatr|spe|1\n|\n|-heal|p1a: Primarina|56/100|[from] item: Leftovers\n|upkeep\n|turn|18\n|inactive|Time left: 300 sec this turn | 300 sec total\n|\n|t:|1783546156\n|switch|p1a: Chesnaught|Chesnaught, L84, M, tera:Steel|8/100\n|move|p2a: Feraligatr|Ice Punch|p1a: Chesnaught\n|-resisted|p1a: Chesnaught\n|-damage|p1a: Chesnaught|0 fnt\n|faint|p1a: Chesnaught\n|\n|upkeep\n|\n|t:|1783546157\n|switch|p1a: Primarina|Primarina, L83, F|56/100\n|turn|19\n|inactive|Time left: 300 sec this turn | 300 sec total\n|\n|t:|1783546158\n|move|p2a: Feraligatr|Dragon Dance|p2a: Feraligatr\n|-boost|p2a: Feraligatr|atk|1\n|-boost|p2a: Feraligatr|spe|1\n|move|p1a: Primarina|Calm Mind|p1a: Primarina\n|-boost|p1a: Primarina|spa|1\n|-boost|p1a: Primarina|spd|1\n|\n|-heal|p1a: Primarina|62/100|[from] item: Leftovers\n|upkeep\n|turn|20\n|inactive|Time left: 300 sec this turn | 300 sec total\n|\n|t:|1783546159\n|move|p2a: Feraligatr|Liquidation|p1a: Primarina\n|-resisted|p1a: Primarina\n|-damage|p1a: Primarina|0 fnt\n|faint|p1a: Primarina\n|\n|upkeep\n|\n|t:|1783546159\n|switch|p1a: Meloetta|Meloetta, L82|100/100\n|turn|21\n|inactive|Time left: 300 sec this turn | 300 sec total\n|\n|t:|1783546160\n|switch|p1a: Regirock|Regirock, L83|100/100\n|move|p2a: Feraligatr|Liquidation|p1a: Regirock\n|-supereffective|p1a: Regirock\n|-damage|p1a: Regirock|0 fnt\n|faint|p1a: Regirock\n|\n|upkeep\n|\n|t:|1783546161\n|switch|p1a: Meloetta|Meloetta, L82|100/100\n|turn|22\n|inactive|Time left: 300 sec this turn | 300 sec total\n|\n|t:|1783546162\n|move|p2a: Feraligatr|Crunch|p1a: Meloetta\n|-supereffective|p1a: Meloetta\n|-damage|p1a: Meloetta|0 fnt\n|faint|p1a: Meloetta\n|\n|win|p0y54642c7", "uploadtime": 1783546162, "views": 0, "rating": 0, "private": 0, "password": null, "_winner": "p0y54642c7", "_our_name": "p0y54642c7"}