{"id": "battle-gen9randombattle-1752", "formatid": "gen9randombattle", "format": "[Gen 9] Random Battle", "players": ["p0x1752f89b", "p0y175266c4"], "log": "|init|battle\n|title|p0x1752f89b vs. p0y175266c4\n|j|\u2606p0x1752f89b\n|j|\u2606p0y175266c4\n|t:|1783559545\n|gametype|singles\n|player|p1|p0x1752f89b|170|\n|player|p2|p0y175266c4|2|\n|gen|9\n|tier|[Gen 9] Random Battle\n|rule|Species Clause: Limit one of each Pok\u00e9mon\n|rule|HP Percentage Mod: HP is shown in percentages\n|rule|Sleep Clause Mod: Limit one foe put to sleep\n|rule|Illusion Level Mod: Illusion disguises the Pok\u00e9mon's true level\n|\n|t:|1783559545\n|teamsize|p1|6\n|teamsize|p2|6\n|start\n|switch|p1a: Clefable|Clefable, L83, F|100/100\n|switch|p2a: Avalugg|Avalugg, L88, F|310/310\n|turn|1\n|inactive|Battle timer is ON: inactive players will automatically lose when time's up. (requested by p0x1752f89b)\n|inactive|Time left: 300 sec this turn | 300 sec total | 60 sec grace\n|\n|t:|1783559546\n|move|p1a: Clefable|Fire Blast|p2a: Avalugg|[miss]\n|-miss|p1a: Clefable|p2a: Avalugg\n|move|p2a: Avalugg|Avalanche|p1a: Clefable\n|-damage|p1a: Clefable|70/100\n|\n|-heal|p1a: Clefable|76/100|[from] item: Leftovers\n|upkeep\n|turn|2\n|inactive|Time left: 300 sec this turn | 300 sec total\n|inactive|p0y175266c4 also wants the timer to be on.\n|\n|t:|1783559548\n|switch|p2a: Gyarados|Gyarados, L79, M|280/280\n|-ability|p2a: Gyarados|Intimidate|boost\n|-unboost|p1a: Clefable|atk|1\n|move|p1a: Clefable|Calm Mind|p1a: Clefable\n|-boost|p1a: Clefable|spa|1\n|-boost|p1a: Clefable|spd|1\n|\n|-heal|p1a: Clefable|82/100|[from] item: Leftovers\n|upkeep\n|turn|3\n|inactive|Time left: 300 sec this turn | 300 sec total\n|\n|t:|1783559549\n|move|p2a: Gyarados|Waterfall|p1a: Clefable\n|-damage|p1a: Clefable|44/100\n|move|p1a: Clefable|Moonblast|p2a: Gyarados\n|-damage|p2a: Gyarados|145/280\n|\n|-heal|p1a: Clefable|50/100|[from] item: Leftovers\n|upkeep\n|turn|4\n|inactive|Time left: 300 sec this turn | 300 sec total\n|\n|t:|1783559550\n|move|p2a: Gyarados|Waterfall|p1a: Clefable\n|-damage|p1a: Clefable|17/100\n|move|p1a: Clefable|Moonblast|p2a: Gyarados\n|-damage|p2a: Gyarados|0 fnt\n|faint|p2a: Gyarados\n|\n|-heal|p1a: Clefable|23/100|[from] item: Leftovers\n|upkeep\n|inactive|Time left: 300 sec this turn | 300 sec total | 5 sec grace\n|\n|t:|1783559551\n|switch|p2a: Morpeko|Morpeko, L88, F|245/245\n|turn|5\n|inactive|Time left: 300 sec this turn | 300 sec total\n|\n|t:|1783559553\n|move|p2a: Morpeko|Aura Wheel|p1a: Clefable\n|-damage|p1a: Clefable|0 fnt\n|-boost|p2a: Morpeko|spe|1\n|faint|p1a: Clefable\n|\n|-formechange|p2a: Morpeko|Morpeko-Hangry||[from] ability: Hunger Switch\n|upkeep\n|\n|t:|1783559554\n|switch|p1a: Scizor|Scizor, L79, M|100/100\n|turn|6\n|inactive|Time left: 300 sec this turn | 300 sec total\n|\n|t:|1783559555\n|move|p2a: Morpeko|Protect|p2a: Morpeko\n|-singleturn|p2a: Morpeko|Protect\n|move|p1a: Scizor|U-turn|p2a: Morpeko\n|-activate|p2a: Morpeko|move: Protect\n|\n|-formechange|p2a: Morpeko|Morpeko||[from] ability: Hunger Switch\n|upkeep\n|turn|7\n|inactive|Time left: 300 sec this turn | 300 sec total\n|\n|t:|1783559556\n|-terastallize|p2a: Morpeko|Electric\n|move|p2a: Morpeko|Aura Wheel|p1a: Scizor\n|-damage|p1a: Scizor|35/100\n|-boost|p2a: Morpeko|spe|1\n|move|p1a: Scizor|U-turn|p2a: Morpeko\n|-damage|p2a: Morpeko|86/245\n|\n|t:|1783559557\n|switch|p1a: Slowbro|Slowbro-Galar, L87, F|100/100|[from] U-turn\n|\n|upkeep\n|turn|8\n|inactive|Time left: 300 sec this turn | 300 sec total\n|\n|t:|1783559558\n|move|p2a: Morpeko|Protect|p2a: Morpeko\n|-singleturn|p2a: Morpeko|Protect\n|move|p1a: Slowbro|Shell Side Arm|p2a: Morpeko|[anim] Shell Side Arm Special\n|-activate|p2a: Morpeko|move: Protect\n|\n|upkeep\n|turn|9\n|inactive|Time left: 300 sec this turn | 300 sec total\n|\n|t:|1783559559\n|move|p2a: Morpeko|Parting Shot|p1a: Slowbro\n|-unboost|p1a: Slowbro|atk|1\n|-unboost|p1a: Slowbro|spa|1\n|inactive|Time left: 300 sec this turn | 300 sec total | 5 sec grace\n|\n|t:|1783559560\n|switch|p2a: Stantler|Stantler, L92, F|284/284|[from] Parting Shot\n|-ability|p2a: Stantler|Intimidate|boost\n|-unboost|p1a: Slowbro|atk|1\n|move|p1a: Slowbro|Shell Side Arm|p2a: Stantler|[anim] Shell Side Arm Special\n|-damage|p2a: Stantler|235/284\n|-hint|Special Shell Side Arm\n|\n|upkeep\n|turn|10\n|inactive|Time left: 300 sec this turn | 300 sec total\n|\n|t:|1783559561\n|switch|p1a: Klawf|Klawf, L90, M|100/100\n|move|p2a: Stantler|Body Slam|p1a: Klawf\n|-resisted|p1a: Klawf\n|-damage|p1a: Klawf|86/100\n|\n|upkeep\n|turn|11\n|inactive|Time left: 300 sec this turn | 300 sec total\n|\n|t:|1783559563\n|move|p2a: Stantler|Earthquake|p1a: Klawf\n|-supereffective|p1a: Klawf\n|-damage|p1a: Klawf|44/100\n|move|p1a: Klawf|Stone Edge|p2a: Stantler\n|-damage|p2a: Stantler|101/284\n|-damage|p1a: Klawf|34/100|[from] item: Life Orb\n|\n|upkeep\n|turn|12\n|inactive|Time left: 300 sec this turn | 300 sec total\n|\n|t:|1783559564\n|switch|p1a: Minior|Minior-Orange, L79|100/100\n|-formechange|p1a: Minior|Minior-Meteor||[from] ability: Shields Down\n|move|p2a: Stantler|Earthquake|p1a: Minior\n|-immune|p1a: Minior\n|\n|upkeep\n|turn|13\n|inactive|Time left: 300 sec this turn | 300 sec total\n|\n|t:|1783559565\n|switch|p2a: Avalugg|Avalugg, L88, F|310/310\n|move|p1a: Minior|Shell Smash|p1a: Minior\n|-unboost|p1a: Minior|def|1\n|-unboost|p1a: Minior|spd|1\n|-boost|p1a: Minior|atk|2\n|-boost|p1a: Minior|spa|2\n|-boost|p1a: Minior|spe|2\n|-enditem|p1a: Minior|White Herb\n|-clearnegativeboost|p1a: Minior|[silent]\n|\n|upkeep\n|turn|14\n|inactive|Time left: 300 sec this turn | 300 sec total\n|\n|t:|1783559566\n|-terastallize|p1a: Minior|Steel\n|move|p1a: Minior|Power Gem|p2a: Avalugg\n|-supereffective|p2a: Avalugg\n|-damage|p2a: Avalugg|8/310\n|move|p2a: Avalugg|Avalanche|p1a: Minior\n|-resisted|p1a: Minior\n|-damage|p1a: Minior|66/100\n|\n|upkeep\n|turn|15\n|inactive|Time left: 300 sec this turn | 300 sec total\n|\n|t:|1783559567\n|move|p1a: Minior|Acrobatics|p2a: Avalugg\n|-damage|p2a: Avalugg|0 fnt\n|faint|p2a: Avalugg\n|\n|upkeep\n|inactive|Time left: 300 sec this turn | 300 sec total | 5 sec grace\n|\n|t:|1783559568\n|switch|p2a: Stantler|Stantler, L92, F|101/284\n|-ability|p2a: Stantler|Intimidate|boost\n|-unboost|p1a: Minior|atk|1\n|turn|16\n|inactive|Time left: 300 sec this turn | 300 sec total\n|\n|t:|1783559569\n|move|p1a: Minior|Acrobatics|p2a: Stantler\n|-damage|p2a: Stantler|8/284\n|move|p2a: Stantler|Earthquake|p1a: Minior\n|-supereffective|p1a: Minior\n|-damage|p1a: Minior|0 fnt\n|faint|p1a: Minior\n|\n|upkeep\n|\n|t:|1783559570\n|switch|p1a: Amoonguss|Amoonguss, L82, F|100/100\n|turn|17\n|inactive|Time left: 300 sec this turn | 300 sec total\n|\n|t:|1783559571\n|move|p2a: Stantler|Thunder Wave|p1a: Amoonguss\n|-status|p1a: Amoonguss|par\n|cant|p1a: Amoonguss|par\n|\n|upkeep\n|turn|18\n|inactive|Time left: 300 sec this turn | 300 sec total\n|\n|t:|1783559572\n|move|p2a: Stantler|Earthquake|p1a: Amoonguss\n|-damage|p1a: Amoonguss|71/100 par\n|move|p1a: Amoonguss|Sludge Bomb|p2a: Stantler\n|-damage|p2a: Stantler|0 fnt\n|faint|p2a: Stantler\n|\n|-heal|p1a: Amoonguss|77/100 par|[from] item: Leftovers\n|upkeep\n|inactive|Time left: 300 sec this turn | 300 sec total | 5 sec grace\n|\n|t:|1783559573\n|switch|p2a: Latios|Latios, L78, M|253/253\n|turn|19\n|inactive|Time left: 300 sec this turn | 300 sec total\n|\n|t:|1783559574\n|switch|p1a: Slowbro|Slowbro-Galar, L87, F|100/100\n|move|p2a: Latios|Psyshock|p1a: Slowbro\n|-damage|p1a: Slowbro|68/100\n|\n|upkeep\n|turn|20\n|inactive|Time left: 300 sec this turn | 300 sec total\n|\n|t:|1783559576\n|move|p2a: Latios|Calm Mind|p2a: Latios\n|-boost|p2a: Latios|spa|1\n|-boost|p2a: Latios|spd|1\n|move|p1a: Slowbro|Foul Play|p2a: Latios\n|-supereffective|p2a: Latios\n|-damage|p2a: Latios|139/253\n|\n|upkeep\n|turn|21\n|inactive|Time left: 300 sec this turn | 300 sec total\n|\n|t:|1783559576\n|move|p2a: Latios|Psyshock|p1a: Slowbro\n|-damage|p1a: Slowbro|20/100\n|move|p1a: Slowbro|Foul Play|p2a: Latios\n|-supereffective|p2a: Latios\n|-damage|p2a: Latios|37/253\n|\n|upkeep\n|turn|22\n|inactive|Time left: 300 sec this turn | 300 sec total\n|\n|t:|1783559577\n|switch|p1a: Scizor|Scizor, L79, M|35/100\n|move|p2a: Latios|Psyshock|p1a: Scizor\n|-resisted|p1a: Scizor\n|-damage|p1a: Scizor|0 fnt\n|faint|p1a: Scizor\n|\n|upkeep\n|\n|t:|1783559578\n|switch|p1a: Klawf|Klawf, L90, M|67/100\n|turn|23\n|inactive|Time left: 300 sec this turn | 300 sec total\n|\n|t:|1783559579\n|move|p2a: Latios|Draco Meteor|p1a: Klawf|[miss]\n|-miss|p2a: Latios|p1a: Klawf\n|move|p1a: Klawf|Knock Off|p2a: Latios\n|-supereffective|p2a: Latios\n|-damage|p2a: Latios|0 fnt\n|-enditem|p2a: Latios|Soul Dew|[from] move: Knock Off|[of] p1a: Klawf\n|faint|p2a: Latios\n|-damage|p1a: Klawf|57/100|[from] item: Life Orb\n|\n|upkeep\n|inactive|Time left: 300 sec this turn | 300 sec total | 5 sec grace\n|\n|t:|1783559580\n|switch|p2a: Morpeko|Morpeko, L88, F, tera:Electric|86/245\n|turn|24\n|inactive|Time left: 300 sec this turn | 300 sec total\n|\n|t:|1783559581\n|switch|p1a: Amoonguss|Amoonguss, L82, F|100/100 par\n|move|p2a: Morpeko|Aura Wheel|p1a: Amoonguss\n|-resisted|p1a: Amoonguss\n|-damage|p1a: Amoonguss|68/100 par\n|-boost|p2a: Morpeko|spe|1\n|\n|-heal|p1a: Amoonguss|75/100 par|[from] item: Leftovers\n|upkeep\n|turn|25\n|inactive|Time left: 300 sec this turn | 300 sec total\n|\n|t:|1783559582\n|move|p2a: Morpeko|Parting Shot|p1a: Amoonguss\n|-unboost|p1a: Amoonguss|atk|1\n|-unboost|p1a: Amoonguss|spa|1\n|inactive|Time left: 300 sec this turn | 300 sec total | 5 sec grace\n|\n|t:|1783559583\n|switch|p2a: Tropius|Tropius, L91, M|328/328|[from] Parting Shot\n|cant|p1a: Amoonguss|par\n|\n|-heal|p1a: Amoonguss|81/100 par|[from] item: Leftovers\n|upkeep\n|turn|26\n|inactive|Time left: 300 sec this turn | 300 sec total\n|\n|t:|1783559584\n|switch|p1a: Klawf|Klawf, L90, M|90/100\n|move|p2a: Tropius|Air Slash|p1a: Klawf\n|-resisted|p1a: Klawf\n|-damage|p1a: Klawf|72/100\n|\n|upkeep\n|turn|27\n|inactive|Time left: 300 sec this turn | 300 sec total\n|\n|t:|1783559586\n|move|p2a: Tropius|Protect|p2a: Tropius\n|-singleturn|p2a: Tropius|Protect\n|move|p1a: Klawf|Stone Edge|p2a: Tropius\n|-activate|p2a: Tropius|move: Protect\n|\n|upkeep\n|turn|28\n|inactive|Time left: 300 sec this turn | 300 sec total\n|\n|t:|1783559587\n|move|p1a: Klawf|Stone Edge|p2a: Tropius\n|-supereffective|p2a: Tropius\n|-crit|p2a: Tropius\n|-damage|p2a: Tropius|0 fnt\n|faint|p2a: Tropius\n|-damage|p1a: Klawf|62/100|[from] item: Life Orb\n|\n|upkeep\n|inactive|Time left: 300 sec this turn | 300 sec total | 5 sec grace\n|\n|t:|1783559588\n|switch|p2a: Morpeko|Morpeko, L88, F, tera:Electric|86/245\n|turn|29\n|inactive|Time left: 300 sec this turn | 300 sec total\n|\n|t:|1783559589\n|move|p2a: Morpeko|Protect|p2a: Morpeko\n|-singleturn|p2a: Morpeko|Protect\n|move|p1a: Klawf|Knock Off|p2a: Morpeko\n|-activate|p2a: Morpeko|move: Protect\n|\n|upkeep\n|turn|30\n|inactive|Time left: 300 sec this turn | 300 sec total\n|\n|t:|1783559590\n|move|p2a: Morpeko|Aura Wheel|p1a: Klawf\n|-damage|p1a: Klawf|13/100\n|-boost|p2a: Morpeko|spe|1\n|move|p1a: Klawf|Knock Off|p2a: Morpeko\n|-damage|p2a: Morpeko|0 fnt\n|-enditem|p2a: Morpeko|Heavy-Duty Boots|[from] move: Knock Off|[of] p1a: Klawf\n|faint|p2a: Morpeko\n|-damage|p1a: Klawf|3/100|[from] item: Life Orb\n|\n|win|p0x1752f89b", "uploadtime": 1783559590, "views": 0, "rating": 0, "private": 0, "password": null, "_winner": "p0x1752f89b", "_our_name": "p0y175266c4"}