{"id": "battle-gen9randombattle-1062", "formatid": "gen9randombattle", "format": "[Gen 9] Random Battle", "players": ["p0x10622981", "p0y1062b75d"], "log": "|init|battle\n|title|p0x10622981 vs. p0y1062b75d\n|j|\u2606p0x10622981\n|j|\u2606p0y1062b75d\n|t:|1783551499\n|gametype|singles\n|player|p1|p0x10622981|265|\n|player|p2|p0y1062b75d|102|\n|gen|9\n|tier|[Gen 9] Random Battle\n|rule|Species Clause: Limit one of each Pok\u00e9mon\n|rule|HP Percentage Mod: HP is shown in percentages\n|rule|Sleep Clause Mod: Limit one foe put to sleep\n|rule|Illusion Level Mod: Illusion disguises the Pok\u00e9mon's true level\n|\n|t:|1783551499\n|teamsize|p1|6\n|teamsize|p2|6\n|start\n|switch|p1a: Greedent|Greedent, L86, M|347/347\n|switch|p2a: Squawkabilly|Squawkabilly-Yellow, L89, F|100/100\n|turn|1\n|inactive|Battle timer is ON: inactive players will automatically lose when time's up. (requested by p0x10622981)\n|\n|t:|1783551501\n|move|p2a: Squawkabilly|Parting Shot|p1a: Greedent\n|-unboost|p1a: Greedent|atk|1\n|-unboost|p1a: Greedent|spa|1\n|inactive|p0y1062b75d also wants the timer to be on.\n|\n|t:|1783551502\n|switch|p2a: Kricketune|Kricketune, L99, F|100/100|[from] Parting Shot\n|move|p1a: Greedent|Body Slam|p2a: Kricketune\n|-damage|p2a: Kricketune|76/100\n|\n|upkeep\n|turn|2\n|inactive|Time left: 300 sec this turn | 300 sec total\n|\n|t:|1783551503\n|switch|p1a: Tyranitar|Tyranitar, L78, M|284/284\n|-weather|Sandstorm|[from] ability: Sand Stream|[of] p1a: Tyranitar\n|move|p2a: Kricketune|Sticky Web|p1a: Tyranitar\n|-sidestart|p1: p0x10622981|move: Sticky Web\n|\n|-weather|Sandstorm|[upkeep]\n|-damage|p2a: Kricketune|70/100|[from] Sandstorm\n|upkeep\n|turn|3\n|inactive|Time left: 300 sec this turn | 300 sec total\n|\n|t:|1783551505\n|move|p2a: Kricketune|Pounce|p1a: Tyranitar\n|-supereffective|p1a: Tyranitar\n|-damage|p1a: Tyranitar|92/284\n|-unboost|p1a: Tyranitar|spe|1\n|-enditem|p1a: Tyranitar|Weakness Policy\n|-boost|p1a: Tyranitar|atk|2|[from] item: Weakness Policy\n|-boost|p1a: Tyranitar|spa|2|[from] item: Weakness Policy\n|move|p1a: Tyranitar|Knock Off|p2a: Kricketune\n|-damage|p2a: Kricketune|0 fnt\n|-enditem|p2a: Kricketune|Heavy-Duty Boots|[from] move: Knock Off|[of] p1a: Tyranitar\n|faint|p2a: Kricketune\n|\n|-weather|Sandstorm|[upkeep]\n|upkeep\n|\n|t:|1783551506\n|switch|p2a: Crawdaunt|Crawdaunt, L84, M|100/100\n|turn|4\n|inactive|Time left: 300 sec this turn | 300 sec total\n|\n|t:|1783551507\n|move|p2a: Crawdaunt|Crabhammer|p1a: Tyranitar\n|-supereffective|p1a: Tyranitar\n|-damage|p1a: Tyranitar|0 fnt\n|faint|p1a: Tyranitar\n|-damage|p2a: Crawdaunt|91/100|[from] item: Life Orb\n|\n|-weather|Sandstorm|[upkeep]\n|-damage|p2a: Crawdaunt|84/100|[from] Sandstorm\n|upkeep\n|inactive|Time left: 300 sec this turn | 300 sec total | 5 sec grace\n|\n|t:|1783551508\n|switch|p1a: Donphan|Donphan, L84, M|288/288\n|-activate|p1a: Donphan|move: Sticky Web\n|-unboost|p1a: Donphan|spe|1\n|turn|5\n|inactive|Time left: 300 sec this turn | 300 sec total\n|\n|t:|1783551509\n|move|p2a: Crawdaunt|Crabhammer|p1a: Donphan|[miss]\n|-miss|p2a: Crawdaunt|p1a: Donphan\n|move|p1a: Donphan|Rapid Spin|p2a: Crawdaunt\n|-damage|p2a: Crawdaunt|68/100\n|-boost|p1a: Donphan|spe|1\n|-sideend|p1: p0x10622981|Sticky Web|[from] move: Rapid Spin|[of] p1a: Donphan\n|\n|-weather|Sandstorm|[upkeep]\n|-damage|p2a: Crawdaunt|62/100|[from] Sandstorm\n|upkeep\n|turn|6\n|inactive|Time left: 300 sec this turn | 300 sec total\n|\n|t:|1783551510\n|move|p2a: Crawdaunt|Crabhammer|p1a: Donphan\n|-supereffective|p1a: Donphan\n|-ability|p1a: Donphan|Sturdy\n|-damage|p1a: Donphan|1/288\n|-damage|p2a: Crawdaunt|52/100|[from] item: Life Orb\n|move|p1a: Donphan|Earthquake|p2a: Crawdaunt\n|-damage|p2a: Crawdaunt|0 fnt\n|faint|p2a: Crawdaunt\n|\n|-weather|none\n|-heal|p1a: Donphan|19/288|[from] item: Leftovers\n|upkeep\n|\n|t:|1783551511\n|switch|p2a: Squawkabilly|Squawkabilly-Yellow, L89, F|100/100\n|turn|7\n|inactive|Time left: 300 sec this turn | 300 sec total\n|\n|t:|1783551511\n|switch|p1a: Greedent|Greedent, L86, M|347/347\n|move|p2a: Squawkabilly|Foul Play|p1a: Greedent|[miss]\n|-miss|p2a: Squawkabilly|p1a: Greedent\n|\n|upkeep\n|turn|8\n|inactive|Time left: 300 sec this turn | 300 sec total\n|\n|t:|1783551513\n|move|p2a: Squawkabilly|Parting Shot|p1a: Greedent\n|-unboost|p1a: Greedent|atk|1\n|-unboost|p1a: Greedent|spa|1\n|\n|t:|1783551513\n|switch|p2a: Orthworm|Orthworm, L88, M|100/100|[from] Parting Shot\n|move|p1a: Greedent|Swords Dance|p1a: Greedent\n|-boost|p1a: Greedent|atk|2\n|\n|upkeep\n|turn|9\n|inactive|Time left: 300 sec this turn | 300 sec total\n|\n|t:|1783551515\n|move|p2a: Orthworm|Heavy Slam|p1a: Greedent\n|-damage|p1a: Greedent|226/347\n|move|p1a: Greedent|Knock Off|p2a: Orthworm\n|-damage|p2a: Orthworm|75/100\n|-enditem|p2a: Orthworm|Leftovers|[from] move: Knock Off|[of] p1a: Greedent\n|\n|upkeep\n|turn|10\n|inactive|Time left: 300 sec this turn | 300 sec total\n|\n|t:|1783551516\n|switch|p1a: Basculegion|Basculegion, L80, M|323/323\n|move|p2a: Orthworm|Spikes|p1a: Basculegion\n|-sidestart|p1: p0x10622981|Spikes\n|\n|upkeep\n|turn|11\n|inactive|Time left: 300 sec this turn | 300 sec total\n|\n|t:|1783551517\n|switch|p2a: Squawkabilly|Squawkabilly-Yellow, L89, F|100/100\n|move|p1a: Basculegion|Wave Crash|p2a: Squawkabilly\n|-damage|p2a: Squawkabilly|17/100\n|-damage|p1a: Basculegion|243/323|[from] Recoil\n|\n|upkeep\n|turn|12\n|inactive|Time left: 300 sec this turn | 300 sec total\n|\n|t:|1783551518\n|move|p1a: Basculegion|Aqua Jet|p2a: Squawkabilly\n|-damage|p2a: Squawkabilly|0 fnt\n|faint|p2a: Squawkabilly\n|\n|upkeep\n|\n|t:|1783551519\n|switch|p2a: Mienshao|Mienshao, L83, M|100/100\n|turn|13\n|inactive|Time left: 300 sec this turn | 300 sec total\n|\n|t:|1783551520\n|-terastallize|p1a: Basculegion|Water\n|move|p2a: Mienshao|Knock Off|p1a: Basculegion\n|-damage|p1a: Basculegion|71/323\n|-enditem|p1a: Basculegion|Assault Vest|[from] move: Knock Off|[of] p2a: Mienshao\n|move|p1a: Basculegion|Wave Crash|p2a: Mienshao\n|-damage|p2a: Mienshao|0 fnt\n|faint|p2a: Mienshao\n|-damage|p1a: Basculegion|0 fnt|[from] Recoil\n|faint|p1a: Basculegion\n|\n|upkeep\n|inactive|Time left: 300 sec this turn | 300 sec total | 5 sec grace\n|\n|t:|1783551521\n|switch|p2a: Iron Bundle|Iron Bundle, L78|100/100\n|switch|p1a: Zarude|Zarude, L77|288/288\n|-damage|p1a: Zarude|252/288|[from] Spikes\n|turn|14\n|inactive|Time left: 300 sec this turn | 300 sec total\n|\n|t:|1783551522\n|switch|p1a: Donphan|Donphan, L84, M|19/288\n|-damage|p1a: Donphan|0 fnt|[from] Spikes\n|faint|p1a: Donphan\n|-terastallize|p2a: Iron Bundle|Ice\n|move|p2a: Iron Bundle|Ice Beam|p1: Donphan|[notarget]\n|-fail|p2a: Iron Bundle\n|\n|upkeep\n|inactive|Time left: 300 sec this turn | 300 sec total | 5 sec grace\n|\n|t:|1783551523\n|switch|p1a: Toxicroak|Toxicroak, L84, F|277/277\n|-damage|p1a: Toxicroak|243/277|[from] Spikes\n|turn|15\n|inactive|Time left: 300 sec this turn | 300 sec total\n|\n|t:|1783551523\n|-end|p2a: Iron Bundle|Quark Drive|[silent]\n|switch|p2a: Orthworm|Orthworm, L88, M|75/100\n|move|p1a: Toxicroak|Close Combat|p2a: Orthworm\n|-supereffective|p2a: Orthworm\n|-damage|p2a: Orthworm|0 fnt\n|-unboost|p1a: Toxicroak|def|1\n|-unboost|p1a: Toxicroak|spd|1\n|faint|p2a: Orthworm\n|-damage|p1a: Toxicroak|216/277|[from] item: Life Orb\n|\n|upkeep\n|\n|t:|1783551524\n|switch|p2a: Iron Bundle|Iron Bundle, L78, tera:Ice|100/100\n|turn|16\n|inactive|Time left: 300 sec this turn | 300 sec total\n|\n|t:|1783551525\n|switch|p1a: Zarude|Zarude, L77|252/288\n|-damage|p1a: Zarude|216/288|[from] Spikes\n|move|p2a: Iron Bundle|Ice Beam|p1a: Zarude\n|-supereffective|p1a: Zarude\n|-damage|p1a: Zarude|0 fnt\n|faint|p1a: Zarude\n|\n|upkeep\n|inactive|Time left: 300 sec this turn | 300 sec total | 5 sec grace\n|\n|t:|1783551526\n|switch|p1a: Toxicroak|Toxicroak, L84, F|216/277\n|-damage|p1a: Toxicroak|182/277|[from] Spikes\n|turn|17\n|inactive|Time left: 300 sec this turn | 300 sec total\n|\n|t:|1783551526\n|move|p2a: Iron Bundle|Ice Beam|p1a: Toxicroak\n|-damage|p1a: Toxicroak|26/277\n|move|p1a: Toxicroak|Close Combat|p2a: Iron Bundle\n|-supereffective|p2a: Iron Bundle\n|-damage|p2a: Iron Bundle|0 fnt\n|-unboost|p1a: Toxicroak|def|1\n|-unboost|p1a: Toxicroak|spd|1\n|faint|p2a: Iron Bundle\n|-end|p2a: Iron Bundle|Quark Drive|[silent]\n|-damage|p1a: Toxicroak|0 fnt|[from] item: Life Orb\n|faint|p1a: Toxicroak\n|\n|win|p0x10622981", "uploadtime": 1783551526, "views": 0, "rating": 0, "private": 0, "password": null, "_winner": "p0x10622981", "_our_name": "p0x10622981"}