{"id": "battle-gen9randombattle-2327", "formatid": "gen9randombattle", "format": "[Gen 9] Random Battle", "players": ["p0x2327614d", "p0y23272ea6"], "log": "|init|battle\n|title|p0x2327614d vs. p0y23272ea6\n|j|\u2606p0x2327614d\n|j|\u2606p0y23272ea6\n|t:|1783566998\n|gametype|singles\n|player|p1|p0x2327614d|102|\n|player|p2|p0y23272ea6|101|\n|gen|9\n|tier|[Gen 9] Random Battle\n|rule|Species Clause: Limit one of each Pok\u00e9mon\n|rule|HP Percentage Mod: HP is shown in percentages\n|rule|Sleep Clause Mod: Limit one foe put to sleep\n|rule|Illusion Level Mod: Illusion disguises the Pok\u00e9mon's true level\n|\n|t:|1783566998\n|teamsize|p1|6\n|teamsize|p2|6\n|start\n|switch|p1a: Jolteon|Jolteon, L84, F|100/100\n|switch|p2a: Moltres|Moltres-Galar, L79|271/271\n|turn|1\n|inactive|Battle timer is ON: inactive players will automatically lose when time's up. (requested by p0y23272ea6)\n|inactive|p0x2327614d also wants the timer to be on.\n|\n|t:|1783567000\n|move|p1a: Jolteon|Calm Mind|p1a: Jolteon\n|-boost|p1a: Jolteon|spa|1\n|-boost|p1a: Jolteon|spd|1\n|move|p2a: Moltres|Nasty Plot|p2a: Moltres\n|-boost|p2a: Moltres|spa|2\n|\n|upkeep\n|turn|2\n|inactive|Time left: 300 sec this turn | 300 sec total\n|\n|t:|1783567001\n|move|p1a: Jolteon|Thunderbolt|p2a: Moltres\n|-supereffective|p2a: Moltres\n|-damage|p2a: Moltres|11/271\n|-enditem|p2a: Moltres|Weakness Policy\n|-boost|p2a: Moltres|atk|2|[from] item: Weakness Policy\n|-boost|p2a: Moltres|spa|2|[from] item: Weakness Policy\n|-ability|p2a: Moltres|Berserk|boost\n|-boost|p2a: Moltres|spa|1\n|move|p2a: Moltres|Agility|p2a: Moltres\n|-boost|p2a: Moltres|spe|2\n|\n|upkeep\n|turn|3\n|inactive|Time left: 300 sec this turn | 300 sec total\n|\n|t:|1783567002\n|-terastallize|p2a: Moltres|Dark\n|move|p2a: Moltres|Fiery Wrath|p1a: Jolteon\n|-damage|p1a: Jolteon|0 fnt\n|faint|p1a: Jolteon\n|\n|upkeep\n|\n|t:|1783567003\n|switch|p1a: Gothitelle|Gothitelle, L90, M|100/100\n|turn|4\n|inactive|Time left: 300 sec this turn | 300 sec total\n|\n|t:|1783567004\n|-terastallize|p1a: Gothitelle|Fairy\n|move|p2a: Moltres|Fiery Wrath|p1a: Gothitelle\n|-resisted|p1a: Gothitelle\n|-damage|p1a: Gothitelle|39/100\n|move|p1a: Gothitelle|Dark Pulse|p2a: Moltres\n|-resisted|p2a: Moltres\n|-damage|p2a: Moltres|0 fnt\n|faint|p2a: Moltres\n|\n|upkeep\n|inactive|Time left: 300 sec this turn | 300 sec total | 5 sec grace\n|\n|t:|1783567005\n|switch|p2a: Magcargo|Magcargo, L95, F|268/268\n|turn|5\n|inactive|Time left: 300 sec this turn | 300 sec total\n|\n|t:|1783567006\n|switch|p1a: Articuno|Articuno-Galar, L84|100/100\n|move|p2a: Magcargo|Shell Smash|p2a: Magcargo\n|-unboost|p2a: Magcargo|def|1\n|-unboost|p2a: Magcargo|spd|1\n|-boost|p2a: Magcargo|atk|2\n|-boost|p2a: Magcargo|spa|2\n|-boost|p2a: Magcargo|spe|2\n|\n|upkeep\n|turn|6\n|inactive|Time left: 300 sec this turn | 300 sec total\n|\n|t:|1783567008\n|move|p2a: Magcargo|Power Gem|p1a: Articuno\n|-supereffective|p1a: Articuno\n|-damage|p1a: Articuno|0 fnt\n|faint|p1a: Articuno\n|\n|upkeep\n|\n|t:|1783567009\n|switch|p1a: Gothitelle|Gothitelle, L90, M, tera:Fairy|39/100\n|turn|7\n|inactive|Time left: 300 sec this turn | 300 sec total\n|\n|t:|1783567010\n|move|p1a: Gothitelle|Focus Blast|p2a: Magcargo\n|-supereffective|p2a: Magcargo\n|-damage|p2a: Magcargo|4/268\n|move|p2a: Magcargo|Shell Smash|p2a: Magcargo\n|-unboost|p2a: Magcargo|def|1\n|-unboost|p2a: Magcargo|spd|1\n|-boost|p2a: Magcargo|atk|2\n|-boost|p2a: Magcargo|spa|2\n|-boost|p2a: Magcargo|spe|2\n|\n|upkeep\n|turn|8\n|inactive|Time left: 300 sec this turn | 300 sec total\n|\n|t:|1783567011\n|move|p2a: Magcargo|Earth Power|p1a: Gothitelle\n|-damage|p1a: Gothitelle|0 fnt\n|faint|p1a: Gothitelle\n|\n|upkeep\n|\n|t:|1783567012\n|switch|p1a: Dialga|Dialga-Origin, L73|100/100\n|-ability|p1a: Dialga|Pressure\n|turn|9\n|inactive|Time left: 300 sec this turn | 300 sec total\n|\n|t:|1783567013\n|move|p2a: Magcargo|Earth Power|p1a: Dialga\n|-supereffective|p1a: Dialga\n|-damage|p1a: Dialga|0 fnt\n|faint|p1a: Dialga\n|\n|upkeep\n|\n|t:|1783567014\n|switch|p1a: Copperajah|Copperajah, L86, M|100/100\n|turn|10\n|inactive|Time left: 300 sec this turn | 300 sec total\n|\n|t:|1783567014\n|move|p2a: Magcargo|Earth Power|p1a: Copperajah\n|-supereffective|p1a: Copperajah\n|-damage|p1a: Copperajah|0 fnt\n|faint|p1a: Copperajah\n|\n|upkeep\n|\n|t:|1783567015\n|switch|p1a: Serperior|Serperior, L79, F|100/100\n|turn|11\n|inactive|Time left: 300 sec this turn | 300 sec total\n|\n|t:|1783567016\n|move|p2a: Magcargo|Power Gem|p1a: Serperior\n|-damage|p1a: Serperior|0 fnt\n|faint|p1a: Serperior\n|\n|win|p0y23272ea6", "uploadtime": 1783567016, "views": 0, "rating": 0, "private": 0, "password": null, "_winner": "p0y23272ea6", "_our_name": "p0y23272ea6"}