{"id": "battle-gen9randombattle-2599", "formatid": "gen9randombattle", "format": "[Gen 9] Random Battle", "players": ["p0x2599a20a", "p0y259965c5"], "log": "|init|battle\n|title|p0x2599a20a vs. p0y259965c5\n|j|\u2606p0x2599a20a\n|j|\u2606p0y259965c5\n|t:|1783569990\n|gametype|singles\n|player|p1|p0x2599a20a|266|\n|player|p2|p0y259965c5|169|\n|gen|9\n|tier|[Gen 9] Random Battle\n|rule|Species Clause: Limit one of each Pok\u00e9mon\n|rule|HP Percentage Mod: HP is shown in percentages\n|rule|Sleep Clause Mod: Limit one foe put to sleep\n|rule|Illusion Level Mod: Illusion disguises the Pok\u00e9mon's true level\n|\n|t:|1783569990\n|teamsize|p1|6\n|teamsize|p2|6\n|start\n|switch|p1a: Lugia|Lugia, L73|100/100\n|switch|p2a: Deoxys|Deoxys-Defense, L84|221/221\n|-ability|p2a: Deoxys|Pressure\n|turn|1\n|inactive|Battle timer is ON: inactive players will automatically lose when time's up. (requested by p0y259965c5)\n|inactive|p0x2599a20a also wants the timer to be on.\n|\n|t:|1783569991\n|move|p1a: Lugia|Calm Mind|p1a: Lugia\n|-boost|p1a: Lugia|spa|1\n|-boost|p1a: Lugia|spd|1\n|move|p2a: Deoxys|Stealth Rock|p1a: Lugia\n|-sidestart|p1: p0x2599a20a|move: Stealth Rock\n|\n|upkeep\n|turn|2\n|inactive|Time left: 300 sec this turn | 300 sec total\n|\n|t:|1783569992\n|move|p1a: Lugia|Calm Mind|p1a: Lugia\n|-boost|p1a: Lugia|spa|1\n|-boost|p1a: Lugia|spd|1\n|move|p2a: Deoxys|Spikes|p1a: Lugia\n|-sidestart|p1: p0x2599a20a|Spikes\n|\n|upkeep\n|turn|3\n|inactive|Time left: 300 sec this turn | 300 sec total\n|\n|t:|1783569993\n|move|p1a: Lugia|Aeroblast|p2a: Deoxys\n|-damage|p2a: Deoxys|122/221\n|move|p2a: Deoxys|Spikes|p1a: Lugia\n|-sidestart|p1: p0x2599a20a|Spikes\n|\n|upkeep\n|turn|4\n|inactive|Time left: 300 sec this turn | 300 sec total\n|\n|t:|1783569995\n|move|p1a: Lugia|Aeroblast|p2a: Deoxys\n|-damage|p2a: Deoxys|17/221\n|move|p2a: Deoxys|Recover|p2a: Deoxys\n|-heal|p2a: Deoxys|128/221\n|\n|upkeep\n|turn|5\n|inactive|Time left: 300 sec this turn | 300 sec total\n|\n|t:|1783569996\n|move|p1a: Lugia|Aeroblast|p2a: Deoxys\n|-damage|p2a: Deoxys|31/221\n|move|p2a: Deoxys|Recover|p2a: Deoxys\n|-heal|p2a: Deoxys|142/221\n|\n|upkeep\n|turn|6\n|inactive|Time left: 300 sec this turn | 300 sec total\n|\n|t:|1783569997\n|move|p1a: Lugia|Aeroblast|p2a: Deoxys\n|-damage|p2a: Deoxys|52/221\n|move|p2a: Deoxys|Recover|p2a: Deoxys\n|-heal|p2a: Deoxys|163/221\n|\n|upkeep\n|turn|7\n|inactive|Time left: 300 sec this turn | 300 sec total\n|\n|t:|1783569998\n|move|p1a: Lugia|Calm Mind|p1a: Lugia\n|-boost|p1a: Lugia|spa|1\n|-boost|p1a: Lugia|spd|1\n|move|p2a: Deoxys|Spikes|p1a: Lugia\n|-sidestart|p1: p0x2599a20a|Spikes\n|\n|upkeep\n|turn|8\n|inactive|Time left: 300 sec this turn | 300 sec total\n|\n|t:|1783569999\n|switch|p2a: Goodra|Goodra-Hisui, L82, F|265/265\n|move|p1a: Lugia|Psychic Noise|p2a: Goodra\n|-resisted|p2a: Goodra\n|-crit|p2a: Goodra\n|-damage|p2a: Goodra|214/265\n|-start|p2a: Goodra|move: Heal Block\n|\n|upkeep\n|turn|9\n|inactive|Time left: 300 sec this turn | 300 sec total\n|\n|t:|1783570000\n|move|p1a: Lugia|Psychic Noise|p2a: Goodra\n|-resisted|p2a: Goodra\n|-damage|p2a: Goodra|184/265\n|move|p2a: Goodra|Thunderbolt|p1a: Lugia\n|-supereffective|p1a: Lugia\n|-damage|p1a: Lugia|94/100\n|-status|p1a: Lugia|par\n|\n|-end|p2a: Goodra|move: Heal Block\n|upkeep\n|turn|10\n|inactive|Time left: 300 sec this turn | 300 sec total\n|\n|t:|1783570002\n|move|p2a: Goodra|Heavy Slam|p1a: Lugia\n|-damage|p1a: Lugia|82/100 par\n|move|p1a: Lugia|Psychic Noise|p2a: Goodra\n|-resisted|p2a: Goodra\n|-damage|p2a: Goodra|152/265\n|-start|p2a: Goodra|move: Heal Block\n|\n|upkeep\n|turn|11\n|inactive|Time left: 300 sec this turn | 300 sec total\n|\n|t:|1783570003\n|move|p2a: Goodra|Thunderbolt|p1a: Lugia\n|-supereffective|p1a: Lugia\n|-crit|p1a: Lugia\n|-damage|p1a: Lugia|25/100 par\n|move|p1a: Lugia|Recover|p1a: Lugia\n|-heal|p1a: Lugia|75/100 par\n|\n|-end|p2a: Goodra|move: Heal Block\n|upkeep\n|turn|12\n|inactive|Time left: 300 sec this turn | 300 sec total\n|\n|t:|1783570004\n|move|p2a: Goodra|Heavy Slam|p1a: Lugia\n|-damage|p1a: Lugia|62/100 par\n|move|p1a: Lugia|Psychic Noise|p2a: Goodra\n|-resisted|p2a: Goodra\n|-damage|p2a: Goodra|117/265\n|-start|p2a: Goodra|move: Heal Block\n|\n|upkeep\n|turn|13\n|inactive|Time left: 300 sec this turn | 300 sec total\n|\n|t:|1783570005\n|move|p2a: Goodra|Thunderbolt|p1a: Lugia\n|-supereffective|p1a: Lugia\n|-damage|p1a: Lugia|47/100 par\n|move|p1a: Lugia|Recover|p1a: Lugia\n|-heal|p1a: Lugia|97/100 par\n|\n|-end|p2a: Goodra|move: Heal Block\n|upkeep\n|turn|14\n|inactive|Time left: 300 sec this turn | 300 sec total\n|\n|t:|1783570006\n|move|p2a: Goodra|Heavy Slam|p1a: Lugia\n|-damage|p1a: Lugia|85/100 par\n|move|p1a: Lugia|Psychic Noise|p2a: Goodra\n|-resisted|p2a: Goodra\n|-damage|p2a: Goodra|85/265\n|-start|p2a: Goodra|move: Heal Block\n|\n|upkeep\n|turn|15\n|inactive|Time left: 300 sec this turn | 300 sec total\n|\n|t:|1783570007\n|move|p2a: Goodra|Heavy Slam|p1a: Lugia\n|-damage|p1a: Lugia|72/100 par\n|move|p1a: Lugia|Psychic Noise|p2a: Goodra\n|-resisted|p2a: Goodra\n|-damage|p2a: Goodra|51/265\n|\n|-end|p2a: Goodra|move: Heal Block\n|upkeep\n|turn|16\n|inactive|Time left: 300 sec this turn | 300 sec total\n|\n|t:|1783570008\n|move|p2a: Goodra|Thunderbolt|p1a: Lugia\n|-supereffective|p1a: Lugia\n|-damage|p1a: Lugia|58/100 par\n|move|p1a: Lugia|Recover|p1a: Lugia\n|-heal|p1a: Lugia|100/100 par\n|\n|upkeep\n|turn|17\n|inactive|Time left: 300 sec this turn | 300 sec total\n|\n|t:|1783570009\n|move|p2a: Goodra|Heavy Slam|p1a: Lugia\n|-damage|p1a: Lugia|94/100 par\n|cant|p1a: Lugia|par\n|\n|upkeep\n|turn|18\n|inactive|Time left: 300 sec this turn | 300 sec total\n|\n|t:|1783570010\n|move|p2a: Goodra|Thunderbolt|p1a: Lugia\n|-supereffective|p1a: Lugia\n|-damage|p1a: Lugia|80/100 par\n|cant|p1a: Lugia|par\n|\n|upkeep\n|turn|19\n|inactive|Time left: 300 sec this turn | 300 sec total\n|\n|t:|1783570012\n|move|p2a: Goodra|Heavy Slam|p1a: Lugia\n|-damage|p1a: Lugia|68/100 par\n|move|p1a: Lugia|Recover|p1a: Lugia\n|-heal|p1a: Lugia|100/100 par\n|\n|upkeep\n|turn|20\n|inactive|Time left: 300 sec this turn | 300 sec total\n|\n|t:|1783570013\n|move|p2a: Goodra|Thunderbolt|p1a: Lugia\n|-supereffective|p1a: Lugia\n|-damage|p1a: Lugia|93/100 par\n|cant|p1a: Lugia|par\n|\n|upkeep\n|turn|21\n|inactive|Time left: 300 sec this turn | 300 sec total\n|\n|t:|1783570014\n|move|p2a: Goodra|Thunderbolt|p1a: Lugia\n|-supereffective|p1a: Lugia\n|-damage|p1a: Lugia|79/100 par\n|move|p1a: Lugia|Psychic Noise|p2a: Goodra\n|-resisted|p2a: Goodra\n|-crit|p2a: Goodra\n|-damage|p2a: Goodra|0 fnt\n|faint|p2a: Goodra\n|\n|upkeep\n|inactive|Time left: 300 sec this turn | 300 sec total | 5 sec grace\n|\n|t:|1783570015\n|switch|p2a: Wugtrio|Wugtrio, L91, M|212/212\n|turn|22\n|inactive|Time left: 300 sec this turn | 300 sec total\n|\n|t:|1783570016\n|move|p2a: Wugtrio|Liquidation|p1a: Lugia\n|-damage|p1a: Lugia|27/100 par\n|move|p1a: Lugia|Recover|p1a: Lugia\n|-heal|p1a: Lugia|78/100 par\n|\n|upkeep\n|turn|23\n|inactive|Time left: 300 sec this turn | 300 sec total\n|\n|t:|1783570017\n|move|p2a: Wugtrio|Liquidation|p1a: Lugia\n|-damage|p1a: Lugia|28/100 par\n|move|p1a: Lugia|Recover|p1a: Lugia\n|-heal|p1a: Lugia|79/100 par\n|\n|upkeep\n|turn|24\n|inactive|Time left: 300 sec this turn | 300 sec total\n|\n|t:|1783570018\n|move|p2a: Wugtrio|Liquidation|p1a: Lugia\n|-damage|p1a: Lugia|32/100 par\n|cant|p1a: Lugia|par\n|\n|upkeep\n|turn|25\n|inactive|Time left: 300 sec this turn | 300 sec total\n|\n|t:|1783570019\n|switch|p1a: Lapras|Lapras, L87, F|100/100\n|move|p2a: Wugtrio|Liquidation|p1a: Lapras\n|-immune|p1a: Lapras|[from] ability: Water Absorb\n|\n|upkeep\n|turn|26\n|inactive|Time left: 300 sec this turn | 300 sec total\n|\n|t:|1783570020\n|switch|p2a: Heracross|Heracross, L80, F|259/259\n|move|p1a: Lapras|Freeze-Dry|p2a: Heracross\n|-damage|p2a: Heracross|189/259\n|\n|upkeep\n|turn|27\n|inactive|Time left: 300 sec this turn | 300 sec total\n|\n|t:|1783570021\n|switch|p1a: Lugia|Lugia, L73|32/100 par\n|move|p2a: Heracross|Knock Off|p1a: Lugia\n|-supereffective|p1a: Lugia\n|-damage|p1a: Lugia|0 fnt\n|-enditem|p1a: Lugia|Heavy-Duty Boots|[from] move: Knock Off|[of] p2a: Heracross\n|faint|p1a: Lugia\n|-ability|p2a: Heracross|Moxie|boost\n|-boost|p2a: Heracross|atk|1\n|\n|upkeep\n|\n|t:|1783570022\n|switch|p1a: Hitmontop|Hitmontop, L88, M|100/100\n|-damage|p1a: Hitmontop|94/100|[from] Stealth Rock\n|-damage|p1a: Hitmontop|70/100|[from] Spikes\n|turn|28\n|inactive|Time left: 300 sec this turn | 300 sec total\n|\n|t:|1783570023\n|move|p2a: Heracross|Knock Off|p1a: Hitmontop\n|-resisted|p1a: Hitmontop\n|-damage|p1a: Hitmontop|37/100\n|-enditem|p1a: Hitmontop|Leftovers|[from] move: Knock Off|[of] p2a: Heracross\n|move|p1a: Hitmontop|Rapid Spin|p2a: Heracross\n|-damage|p2a: Heracross|125/259\n|-boost|p1a: Hitmontop|spe|1\n|-sideend|p1: p0x2599a20a|Spikes|[from] move: Rapid Spin|[of] p1a: Hitmontop\n|-sideend|p1: p0x2599a20a|Stealth Rock|[from] move: Rapid Spin|[of] p1a: Hitmontop\n|\n|upkeep\n|turn|29\n|inactive|Time left: 300 sec this turn | 300 sec total\n|\n|t:|1783570024\n|switch|p2a: Carbink|Carbink, L90|236/236\n|move|p1a: Hitmontop|Triple Axel|p2a: Carbink\n|-damage|p2a: Carbink|221/236\n|-damage|p2a: Carbink|192/236\n|-damage|p2a: Carbink|145/236\n|-hitcount|p2a: Carbink|3\n|\n|upkeep\n|turn|30\n|inactive|Time left: 300 sec this turn | 300 sec total\n|\n|t:|1783570025\n|move|p1a: Hitmontop|Triple Axel|p2a: Carbink\n|-damage|p2a: Carbink|129/236\n|-damage|p2a: Carbink|98/236\n|-damage|p2a: Carbink|58/236\n|-hitcount|p2a: Carbink|3\n|move|p2a: Carbink|Moonblast|p1a: Hitmontop\n|-supereffective|p1a: Hitmontop\n|-damage|p1a: Hitmontop|0 fnt\n|faint|p1a: Hitmontop\n|\n|upkeep\n|\n|t:|1783570026\n|switch|p1a: Chi-Yu|Chi-Yu, L77|100/100\n|-ability|p1a: Chi-Yu|Beads of Ruin\n|turn|31\n|inactive|Time left: 300 sec this turn | 300 sec total\n|\n|t:|1783570027\n|move|p1a: Chi-Yu|Flamethrower|p2a: Carbink\n|-resisted|p2a: Carbink\n|-damage|p2a: Carbink|0 fnt\n|faint|p2a: Carbink\n|\n|upkeep\n|inactive|Time left: 300 sec this turn | 300 sec total | 5 sec grace\n|\n|t:|1783570028\n|switch|p2a: Wugtrio|Wugtrio, L91, M|212/212\n|turn|32\n|inactive|Time left: 300 sec this turn | 300 sec total\n|\n|t:|1783570029\n|switch|p1a: Lapras|Lapras, L87, F|100/100\n|move|p2a: Wugtrio|Stomping Tantrum|p1a: Lapras\n|-damage|p1a: Lapras|74/100\n|\n|upkeep\n|turn|33\n|inactive|Time left: 300 sec this turn | 300 sec total\n|\n|t:|1783570030\n|move|p2a: Wugtrio|Stomping Tantrum|p1a: Lapras\n|-damage|p1a: Lapras|46/100\n|move|p1a: Lapras|Freeze-Dry|p2a: Wugtrio\n|-supereffective|p2a: Wugtrio\n|-damage|p2a: Wugtrio|68/212\n|\n|upkeep\n|turn|34\n|inactive|Time left: 300 sec this turn | 300 sec total\n|\n|t:|1783570031\n|move|p2a: Wugtrio|Stomping Tantrum|p1a: Lapras\n|-damage|p1a: Lapras|18/100\n|move|p1a: Lapras|Freeze-Dry|p2a: Wugtrio\n|-supereffective|p2a: Wugtrio\n|-damage|p2a: Wugtrio|0 fnt\n|faint|p2a: Wugtrio\n|\n|upkeep\n|inactive|Time left: 300 sec this turn | 300 sec total | 5 sec grace\n|\n|t:|1783570032\n|switch|p2a: Heracross|Heracross, L80, F|125/259\n|turn|35\n|inactive|Time left: 300 sec this turn | 300 sec total\n|\n|t:|1783570033\n|move|p2a: Heracross|Megahorn|p1a: Lapras|[miss]\n|-miss|p2a: Heracross|p1a: Lapras\n|move|p1a: Lapras|Sleep Talk||[still]\n|-fail|p1a: Lapras\n|\n|upkeep\n|turn|36\n|inactive|Time left: 300 sec this turn | 300 sec total\n|\n|t:|1783570034\n|switch|p1a: Bastiodon|Bastiodon, L89, M|100/100\n|move|p2a: Heracross|Megahorn|p1a: Bastiodon\n|-resisted|p1a: Bastiodon\n|-damage|p1a: Bastiodon|75/100\n|\n|upkeep\n|turn|37\n|inactive|Time left: 300 sec this turn | 300 sec total\n|\n|t:|1783570035\n|switch|p2a: Deoxys|Deoxys-Defense, L84|163/221\n|-ability|p2a: Deoxys|Pressure\n|move|p1a: Bastiodon|Iron Defense|p1a: Bastiodon\n|-boost|p1a: Bastiodon|def|2\n|\n|upkeep\n|turn|38\n|inactive|Time left: 300 sec this turn | 300 sec total\n|\n|t:|1783570036\n|move|p2a: Deoxys|Stealth Rock|p1a: Bastiodon\n|-sidestart|p1: p0x2599a20a|move: Stealth Rock\n|move|p1a: Bastiodon|Iron Defense|p1a: Bastiodon\n|-boost|p1a: Bastiodon|def|2\n|\n|upkeep\n|turn|39\n|inactive|Time left: 300 sec this turn | 300 sec total\n|\n|t:|1783570037\n|move|p2a: Deoxys|Recover|p2a: Deoxys\n|-heal|p2a: Deoxys|221/221\n|move|p1a: Bastiodon|Body Press|p2a: Deoxys\n|-resisted|p2a: Deoxys\n|-damage|p2a: Deoxys|134/221\n|-damage|p1a: Bastiodon|58/100|[from] item: Rocky Helmet|[of] p2a: Deoxys\n|\n|upkeep\n|turn|40\n|inactive|Time left: 300 sec this turn | 300 sec total\n|\n|t:|1783570038\n|move|p2a: Deoxys|Recover|p2a: Deoxys\n|-heal|p2a: Deoxys|221/221\n|move|p1a: Bastiodon|Body Press|p2a: Deoxys\n|-resisted|p2a: Deoxys\n|-damage|p2a: Deoxys|122/221\n|-damage|p1a: Bastiodon|41/100|[from] item: Rocky Helmet|[of] p2a: Deoxys\n|\n|upkeep\n|turn|41\n|inactive|Time left: 300 sec this turn | 300 sec total\n|\n|t:|1783570039\n|move|p2a: Deoxys|Recover|p2a: Deoxys\n|-heal|p2a: Deoxys|221/221\n|move|p1a: Bastiodon|Rest|p1a: Bastiodon\n|-status|p1a: Bastiodon|slp|[from] move: Rest\n|-heal|p1a: Bastiodon|100/100 slp|[silent]\n|-enditem|p1a: Bastiodon|Chesto Berry|[eat]\n|-curestatus|p1a: Bastiodon|slp|[msg]\n|\n|upkeep\n|turn|42\n|inactive|Time left: 300 sec this turn | 300 sec total\n|\n|t:|1783570039\n|move|p2a: Deoxys|Spikes|p1a: Bastiodon\n|-sidestart|p1: p0x2599a20a|Spikes\n|move|p1a: Bastiodon|Body Press|p2a: Deoxys\n|-resisted|p2a: Deoxys\n|-damage|p2a: Deoxys|137/221\n|-damage|p1a: Bastiodon|84/100|[from] item: Rocky Helmet|[of] p2a: Deoxys\n|\n|upkeep\n|turn|43\n|inactive|Time left: 300 sec this turn | 300 sec total\n|\n|t:|1783570040\n|-terastallize|p1a: Bastiodon|Fighting\n|move|p2a: Deoxys|Recover|p2a: Deoxys\n|-heal|p2a: Deoxys|221/221\n|move|p1a: Bastiodon|Body Press|p2a: Deoxys\n|-resisted|p2a: Deoxys\n|-damage|p2a: Deoxys|95/221\n|-damage|p1a: Bastiodon|67/100|[from] item: Rocky Helmet|[of] p2a: Deoxys\n|\n|upkeep\n|turn|44\n|inactive|Time left: 300 sec this turn | 300 sec total\n|\n|t:|1783570041\n|move|p2a: Deoxys|Recover|p2a: Deoxys\n|-heal|p2a: Deoxys|206/221\n|move|p1a: Bastiodon|Body Press|p2a: Deoxys\n|-resisted|p2a: Deoxys\n|-damage|p2a: Deoxys|65/221\n|-damage|p1a: Bastiodon|50/100|[from] item: Rocky Helmet|[of] p2a: Deoxys\n|\n|upkeep\n|turn|45\n|inactive|Time left: 300 sec this turn | 300 sec total\n|\n|t:|1783570042\n|move|p2a: Deoxys|Spikes|p1a: Bastiodon\n|-sidestart|p1: p0x2599a20a|Spikes\n|move|p1a: Bastiodon|Body Press|p2a: Deoxys\n|-resisted|p2a: Deoxys\n|-damage|p2a: Deoxys|0 fnt\n|-damage|p1a: Bastiodon|34/100|[from] item: Rocky Helmet|[of] p2a: Deoxys\n|faint|p2a: Deoxys\n|\n|upkeep\n|inactive|Time left: 300 sec this turn | 300 sec total | 5 sec grace\n|\n|t:|1783570043\n|switch|p2a: Infernape|Infernape, L82, M|259/259\n|turn|46\n|inactive|Time left: 300 sec this turn | 300 sec total\n|\n|t:|1783570044\n|move|p2a: Infernape|Overheat|p1a: Bastiodon\n|-damage|p1a: Bastiodon|0 fnt\n|-unboost|p2a: Infernape|spa|2\n|faint|p1a: Bastiodon\n|-damage|p2a: Infernape|234/259|[from] item: Life Orb\n|\n|upkeep\n|\n|t:|1783570045\n|switch|p1a: Jolteon|Jolteon, L84, F|100/100\n|-damage|p1a: Jolteon|88/100|[from] Stealth Rock\n|-damage|p1a: Jolteon|72/100|[from] Spikes\n|turn|47\n|inactive|Time left: 300 sec this turn | 300 sec total\n|\n|t:|1783570046\n|move|p1a: Jolteon|Substitute|p1a: Jolteon\n|-start|p1a: Jolteon|Substitute\n|-damage|p1a: Jolteon|47/100\n|move|p2a: Infernape|Close Combat|p1a: Jolteon\n|-end|p1a: Jolteon|Substitute\n|-unboost|p2a: Infernape|def|1\n|-unboost|p2a: Infernape|spd|1\n|-damage|p2a: Infernape|209/259|[from] item: Life Orb\n|\n|-heal|p1a: Jolteon|53/100|[from] item: Leftovers\n|upkeep\n|turn|48\n|inactive|Time left: 300 sec this turn | 300 sec total\n|\n|t:|1783570047\n|switch|p2a: Heracross|Heracross, L80, F|125/259\n|move|p1a: Jolteon|Thunderbolt|p2a: Heracross\n|-damage|p2a: Heracross|22/259\n|\n|-heal|p1a: Jolteon|59/100|[from] item: Leftovers\n|upkeep\n|turn|49\n|inactive|Time left: 300 sec this turn | 300 sec total\n|\n|t:|1783570048\n|move|p1a: Jolteon|Thunderbolt|p2a: Heracross\n|-damage|p2a: Heracross|0 fnt\n|faint|p2a: Heracross\n|\n|-heal|p1a: Jolteon|65/100|[from] item: Leftovers\n|upkeep\n|inactive|Time left: 300 sec this turn | 300 sec total | 5 sec grace\n|\n|t:|1783570049\n|switch|p2a: Infernape|Infernape, L82, M|209/259\n|turn|50\n|inactive|Time left: 300 sec this turn | 300 sec total\n|\n|t:|1783570050\n|move|p1a: Jolteon|Substitute|p1a: Jolteon\n|-start|p1a: Jolteon|Substitute\n|-damage|p1a: Jolteon|40/100\n|move|p2a: Infernape|Knock Off|p1a: Jolteon\n|-end|p1a: Jolteon|Substitute\n|-damage|p2a: Infernape|184/259|[from] item: Life Orb\n|\n|-heal|p1a: Jolteon|46/100|[from] item: Leftovers\n|upkeep\n|turn|51\n|inactive|Time left: 300 sec this turn | 300 sec total\n|\n|t:|1783570051\n|move|p1a: Jolteon|Substitute|p1a: Jolteon\n|-start|p1a: Jolteon|Substitute\n|-damage|p1a: Jolteon|22/100\n|move|p2a: Infernape|Knock Off|p1a: Jolteon\n|-end|p1a: Jolteon|Substitute\n|-damage|p2a: Infernape|159/259|[from] item: Life Orb\n|\n|-heal|p1a: Jolteon|28/100|[from] item: Leftovers\n|upkeep\n|turn|52\n|inactive|Time left: 300 sec this turn | 300 sec total\n|\n|t:|1783570052\n|move|p1a: Jolteon|Thunderbolt|p2a: Infernape\n|-damage|p2a: Infernape|35/259\n|move|p2a: Infernape|Grass Knot|p1a: Jolteon\n|-damage|p1a: Jolteon|14/100\n|-damage|p2a: Infernape|10/259|[from] item: Life Orb\n|\n|-heal|p1a: Jolteon|20/100|[from] item: Leftovers\n|upkeep\n|turn|53\n|inactive|Time left: 300 sec this turn | 300 sec total\n|\n|t:|1783570053\n|switch|p1a: Chi-Yu|Chi-Yu, L77|100/100\n|-damage|p1a: Chi-Yu|76/100|[from] Stealth Rock\n|-damage|p1a: Chi-Yu|59/100|[from] Spikes\n|-ability|p1a: Chi-Yu|Beads of Ruin\n|move|p2a: Infernape|Knock Off|p1a: Chi-Yu\n|-resisted|p1a: Chi-Yu\n|-damage|p1a: Chi-Yu|37/100\n|-enditem|p1a: Chi-Yu|Choice Specs|[from] move: Knock Off|[of] p2a: Infernape\n|-damage|p2a: Infernape|0 fnt|[from] item: Life Orb\n|faint|p2a: Infernape\n|\n|win|p0x2599a20a", "uploadtime": 1783570053, "views": 0, "rating": 0, "private": 0, "password": null, "_winner": "p0x2599a20a", "_our_name": "p0y259965c5"}