{"id": "battle-gen9randombattle-2157", "formatid": "gen9randombattle", "format": "[Gen 9] Random Battle", "players": ["p0x21571dcc", "p0y21574d9d"], "log": "|init|battle\n|title|p0x21571dcc vs. p0y21574d9d\n|j|\u2606p0x21571dcc\n|j|\u2606p0y21574d9d\n|t:|1783564964\n|gametype|singles\n|player|p1|p0x21571dcc|170|\n|player|p2|p0y21574d9d|170|\n|gen|9\n|tier|[Gen 9] Random Battle\n|rule|Species Clause: Limit one of each Pok\u00e9mon\n|rule|HP Percentage Mod: HP is shown in percentages\n|rule|Sleep Clause Mod: Limit one foe put to sleep\n|rule|Illusion Level Mod: Illusion disguises the Pok\u00e9mon's true level\n|\n|t:|1783564964\n|teamsize|p1|6\n|teamsize|p2|6\n|start\n|switch|p1a: Incineroar|Incineroar, L82, M|290/290\n|switch|p2a: Swampert|Swampert, L83, M|100/100\n|-ability|p1a: Incineroar|Intimidate|boost\n|-unboost|p2a: Swampert|atk|1\n|turn|1\n|inactive|Battle timer is ON: inactive players will automatically lose when time's up. (requested by p0y21574d9d)\n|inactive|Time left: 300 sec this turn | 300 sec total | 60 sec grace\n|inactive|p0x21571dcc also wants the timer to be on.\n|\n|t:|1783564965\n|move|p2a: Swampert|Flip Turn|p1a: Incineroar\n|-supereffective|p1a: Incineroar\n|-damage|p1a: Incineroar|200/290\n|\n|t:|1783564967\n|switch|p2a: Houndoom|Houndoom, L87, M|100/100|[from] Flip Turn\n|move|p1a: Incineroar|Knock Off|p2a: Houndoom\n|-resisted|p2a: Houndoom\n|-damage|p2a: Houndoom|74/100\n|-enditem|p2a: Houndoom|Heavy-Duty Boots|[from] move: Knock Off|[of] p1a: Incineroar\n|\n|upkeep\n|turn|2\n|inactive|Time left: 300 sec this turn | 300 sec total\n|\n|t:|1783564968\n|move|p2a: Houndoom|Nasty Plot|p2a: Houndoom\n|-boost|p2a: Houndoom|spa|2\n|move|p1a: Incineroar|Close Combat|p2a: Houndoom\n|-supereffective|p2a: Houndoom\n|-damage|p2a: Houndoom|0 fnt\n|-unboost|p1a: Incineroar|def|1\n|-unboost|p1a: Incineroar|spd|1\n|faint|p2a: Houndoom\n|\n|upkeep\n|\n|t:|1783564969\n|switch|p2a: Staraptor|Staraptor, L79, M|100/100\n|turn|3\n|inactive|Time left: 300 sec this turn | 300 sec total\n|\n|t:|1783564971\n|switch|p1a: Rhyperior|Rhyperior, L82, M|323/323\n|move|p2a: Staraptor|Brave Bird|p1a: Rhyperior\n|-resisted|p1a: Rhyperior\n|-damage|p1a: Rhyperior|233/323\n|-damage|p2a: Staraptor|89/100|[from] Recoil\n|\n|upkeep\n|turn|4\n|inactive|Time left: 300 sec this turn | 300 sec total\n|\n|t:|1783564972\n|move|p2a: Staraptor|Brave Bird|p1a: Rhyperior\n|-resisted|p1a: Rhyperior\n|-damage|p1a: Rhyperior|143/323\n|-damage|p2a: Staraptor|78/100|[from] Recoil\n|move|p1a: Rhyperior|Stone Edge|p2a: Staraptor\n|-supereffective|p2a: Staraptor\n|-damage|p2a: Staraptor|0 fnt\n|faint|p2a: Staraptor\n|\n|upkeep\n|\n|t:|1783564973\n|switch|p2a: Swampert|Swampert, L83, M|100/100\n|turn|5\n|inactive|Time left: 300 sec this turn | 300 sec total\n|\n|t:|1783564974\n|switch|p1a: Ogerpon|Ogerpon-Wellspring, L76, F|247/247\n|move|p2a: Swampert|Flip Turn|p1a: Ogerpon\n|-immune|p1a: Ogerpon|[from] ability: Water Absorb\n|\n|upkeep\n|turn|6\n|inactive|Time left: 300 sec this turn | 300 sec total\n|\n|t:|1783564975\n|switch|p2a: Bisharp|Bisharp, L79, M|100/100\n|move|p1a: Ogerpon|Swords Dance|p1a: Ogerpon\n|-boost|p1a: Ogerpon|atk|2\n|\n|upkeep\n|turn|7\n|inactive|Time left: 300 sec this turn | 300 sec total\n|\n|t:|1783564977\n|move|p1a: Ogerpon|Ivy Cudgel|p2a: Bisharp|[anim] Ivy Cudgel Water\n|-damage|p2a: Bisharp|36/100\n|move|p2a: Bisharp|Stealth Rock|p1a: Ogerpon\n|-sidestart|p1: p0x21571dcc|move: Stealth Rock\n|\n|upkeep\n|turn|8\n|inactive|Time left: 300 sec this turn | 300 sec total\n|\n|t:|1783564977\n|move|p2a: Bisharp|Sucker Punch|p1a: Ogerpon\n|-damage|p1a: Ogerpon|157/247\n|move|p1a: Ogerpon|Power Whip|p2a: Bisharp\n|-resisted|p2a: Bisharp\n|-damage|p2a: Bisharp|0 fnt\n|faint|p2a: Bisharp\n|\n|upkeep\n|\n|t:|1783564978\n|switch|p2a: Rayquaza|Rayquaza, L72|100/100\n|-ability|p2a: Rayquaza|Air Lock\n|turn|9\n|inactive|Time left: 300 sec this turn | 300 sec total\n|\n|t:|1783564979\n|move|p1a: Ogerpon|Knock Off|p2a: Rayquaza\n|-damage|p2a: Rayquaza|38/100\n|-enditem|p2a: Rayquaza|Choice Band|[from] move: Knock Off|[of] p1a: Ogerpon\n|move|p2a: Rayquaza|Dragon Ascent|p1a: Ogerpon\n|-supereffective|p1a: Ogerpon\n|-damage|p1a: Ogerpon|0 fnt\n|-unboost|p2a: Rayquaza|def|1\n|-unboost|p2a: Rayquaza|spd|1\n|faint|p1a: Ogerpon\n|\n|upkeep\n|inactive|Time left: 300 sec this turn | 300 sec total | 5 sec grace\n|\n|t:|1783564981\n|switch|p1a: Entei|Entei, L78|307/307\n|-damage|p1a: Entei|231/307|[from] Stealth Rock\n|turn|10\n|inactive|Time left: 300 sec this turn | 300 sec total\n|\n|t:|1783564982\n|switch|p2a: Swampert|Swampert, L83, M|100/100\n|move|p1a: Entei|Sacred Fire|p2a: Swampert\n|-resisted|p2a: Swampert\n|-damage|p2a: Swampert|72/100\n|\n|-heal|p2a: Swampert|78/100|[from] item: Leftovers\n|upkeep\n|turn|11\n|inactive|Time left: 300 sec this turn | 300 sec total\n|\n|t:|1783564983\n|move|p1a: Entei|Sacred Fire|p2a: Swampert\n|-resisted|p2a: Swampert\n|-damage|p2a: Swampert|53/100\n|move|p2a: Swampert|Earthquake|p1a: Entei\n|-supereffective|p1a: Entei\n|-damage|p1a: Entei|0 fnt\n|faint|p1a: Entei\n|\n|-heal|p2a: Swampert|59/100|[from] item: Leftovers\n|upkeep\n|inactive|Time left: 300 sec this turn | 300 sec total | 5 sec grace\n|\n|t:|1783564984\n|switch|p1a: Feraligatr|Feraligatr, L79, F|264/264\n|-damage|p1a: Feraligatr|231/264|[from] Stealth Rock\n|turn|12\n|inactive|Time left: 300 sec this turn | 300 sec total\n|\n|t:|1783564985\n|move|p1a: Feraligatr|Dragon Dance|p1a: Feraligatr\n|-boost|p1a: Feraligatr|atk|1\n|-boost|p1a: Feraligatr|spe|1\n|move|p2a: Swampert|Roar|p1a: Feraligatr\n|drag|p1a: Rhyperior|Rhyperior, L82, M|143/323\n|-damage|p1a: Rhyperior|123/323|[from] Stealth Rock\n|\n|-heal|p2a: Swampert|65/100|[from] item: Leftovers\n|upkeep\n|turn|13\n|inactive|Time left: 300 sec this turn | 300 sec total\n|\n|t:|1783564986\n|-terastallize|p1a: Rhyperior|Grass\n|move|p2a: Swampert|Earthquake|p1a: Rhyperior\n|-resisted|p1a: Rhyperior\n|-damage|p1a: Rhyperior|78/323\n|move|p1a: Rhyperior|Earthquake|p2a: Swampert\n|-damage|p2a: Swampert|24/100\n|\n|-heal|p2a: Swampert|30/100|[from] item: Leftovers\n|upkeep\n|turn|14\n|inactive|Time left: 300 sec this turn | 300 sec total\n|\n|t:|1783564987\n|move|p2a: Swampert|Ice Beam|p1a: Rhyperior\n|-supereffective|p1a: Rhyperior\n|-damage|p1a: Rhyperior|0 fnt\n|faint|p1a: Rhyperior\n|\n|-heal|p2a: Swampert|36/100|[from] item: Leftovers\n|upkeep\n|inactive|Time left: 300 sec this turn | 300 sec total | 5 sec grace\n|\n|t:|1783564988\n|switch|p1a: Feraligatr|Feraligatr, L79, F|231/264\n|-damage|p1a: Feraligatr|198/264|[from] Stealth Rock\n|turn|15\n|inactive|Time left: 300 sec this turn | 300 sec total\n|\n|t:|1783564989\n|switch|p2a: Seviper|Seviper, L93, M|100/100\n|move|p1a: Feraligatr|Liquidation|p2a: Seviper\n|-damage|p2a: Seviper|43/100\n|\n|upkeep\n|turn|16\n|inactive|Time left: 300 sec this turn | 300 sec total\n|\n|t:|1783564991\n|move|p2a: Seviper|Gunk Shot|p1a: Feraligatr\n|-damage|p1a: Feraligatr|7/264\n|-damage|p2a: Seviper|33/100|[from] item: Life Orb\n|move|p1a: Feraligatr|Liquidation|p2a: Seviper\n|-damage|p2a: Seviper|0 fnt\n|faint|p2a: Seviper\n|\n|upkeep\n|\n|t:|1783564992\n|switch|p2a: Rayquaza|Rayquaza, L72|38/100\n|-ability|p2a: Rayquaza|Air Lock\n|turn|17\n|inactive|Time left: 300 sec this turn | 300 sec total\n|\n|t:|1783564993\n|move|p2a: Rayquaza|U-turn|p1a: Feraligatr\n|-damage|p1a: Feraligatr|0 fnt\n|faint|p1a: Feraligatr\n|\n|t:|1783564994\n|switch|p2a: Swampert|Swampert, L83, M|36/100|[from] U-turn\n|\n|-heal|p2a: Swampert|42/100|[from] item: Leftovers\n|upkeep\n|inactive|Time left: 300 sec this turn | 300 sec total | 10 sec grace\n|\n|t:|1783564995\n|switch|p1a: Flamigo|Flamigo, L82, F|269/269\n|-damage|p1a: Flamigo|236/269|[from] Stealth Rock\n|turn|18\n|inactive|Time left: 300 sec this turn | 300 sec total\n|\n|t:|1783564996\n|switch|p2a: Rayquaza|Rayquaza, L72|38/100\n|-ability|p2a: Rayquaza|Air Lock\n|move|p1a: Flamigo|Brave Bird|p2a: Rayquaza\n|-damage|p2a: Rayquaza|0 fnt\n|faint|p2a: Rayquaza\n|-damage|p1a: Flamigo|202/269|[from] Recoil\n|-damage|p1a: Flamigo|176/269|[from] item: Life Orb\n|\n|upkeep\n|\n|t:|1783564997\n|switch|p2a: Swampert|Swampert, L83, M|42/100\n|turn|19\n|inactive|Time left: 300 sec this turn | 300 sec total\n|\n|t:|1783564998\n|move|p1a: Flamigo|Close Combat|p2a: Swampert\n|-damage|p2a: Swampert|0 fnt\n|-unboost|p1a: Flamigo|def|1\n|-unboost|p1a: Flamigo|spd|1\n|faint|p2a: Swampert\n|-damage|p1a: Flamigo|150/269|[from] item: Life Orb\n|\n|win|p0x21571dcc", "uploadtime": 1783564998, "views": 0, "rating": 0, "private": 0, "password": null, "_winner": "p0x21571dcc", "_our_name": "p0x21571dcc"}