{"id": "battle-gen9randombattle-2600", "formatid": "gen9randombattle", "format": "[Gen 9] Random Battle", "players": ["p0x26003fee", "p0y26008bff"], "log": "|init|battle\n|title|p0x26003fee vs. p0y26008bff\n|j|\u2606p0x26003fee\n|j|\u2606p0y26008bff\n|t:|1783570009\n|gametype|singles\n|player|p1|p0x26003fee|101|\n|player|p2|p0y26008bff|169|\n|gen|9\n|tier|[Gen 9] Random Battle\n|rule|Species Clause: Limit one of each Pok\u00e9mon\n|rule|HP Percentage Mod: HP is shown in percentages\n|rule|Sleep Clause Mod: Limit one foe put to sleep\n|rule|Illusion Level Mod: Illusion disguises the Pok\u00e9mon's true level\n|\n|t:|1783570009\n|teamsize|p1|6\n|teamsize|p2|6\n|start\n|switch|p1a: Tauros|Tauros-Paldea-Aqua, L81, M|254/254\n|switch|p2a: Smeargle|Smeargle, L95, F|100/100\n|-ability|p1a: Tauros|Intimidate|boost\n|-fail|p2a: Smeargle|unboost|Attack|[from] ability: Own Tempo|[of] p2a: Smeargle\n|turn|1\n|inactive|Battle timer is ON: inactive players will automatically lose when time's up. (requested by p0y26008bff)\n|inactive|Time left: 300 sec this turn | 300 sec total | 60 sec grace\n|\n|t:|1783570011\n|move|p1a: Tauros|Wave Crash|p2a: Smeargle\n|-enditem|p2a: Smeargle|Focus Sash\n|-damage|p2a: Smeargle|1/100\n|-damage|p1a: Tauros|169/254|[from] Recoil\n|move|p2a: Smeargle|Sticky Web|p1a: Tauros\n|-sidestart|p1: p0x26003fee|move: Sticky Web\n|\n|upkeep\n|turn|2\n|inactive|Time left: 300 sec this turn | 300 sec total\n|inactive|p0x26003fee also wants the timer to be on.\n|\n|t:|1783570012\n|switch|p2a: Toxicroak|Toxicroak, L84, F|100/100\n|move|p1a: Tauros|Wave Crash|p2a: Toxicroak\n|-immune|p2a: Toxicroak|[from] ability: Dry Skin\n|\n|upkeep\n|turn|3\n|inactive|Time left: 300 sec this turn | 300 sec total\n|\n|t:|1783570013\n|switch|p1a: Enamorus|Enamorus-Therian, L83, F|259/259\n|move|p2a: Toxicroak|Swords Dance|p2a: Toxicroak\n|-boost|p2a: Toxicroak|atk|2\n|\n|upkeep\n|turn|4\n|inactive|Time left: 300 sec this turn | 300 sec total\n|\n|t:|1783570015\n|-terastallize|p1a: Enamorus|Ground\n|move|p2a: Toxicroak|Gunk Shot|p1a: Enamorus\n|-resisted|p1a: Enamorus\n|-damage|p1a: Enamorus|115/259\n|-damage|p2a: Toxicroak|91/100|[from] item: Life Orb\n|move|p1a: Enamorus|Earth Power|p2a: Toxicroak\n|-supereffective|p2a: Toxicroak\n|-damage|p2a: Toxicroak|0 fnt\n|faint|p2a: Toxicroak\n|\n|upkeep\n|\n|t:|1783570016\n|switch|p2a: Medicham|Medicham, L86, M|100/100\n|turn|5\n|inactive|Time left: 300 sec this turn | 300 sec total\n|\n|t:|1783570017\n|switch|p1a: Tauros|Tauros-Paldea-Aqua, L81, M|169/254\n|-activate|p1a: Tauros|move: Sticky Web\n|-unboost|p1a: Tauros|spe|1\n|-ability|p1a: Tauros|Intimidate|boost\n|-unboost|p2a: Medicham|atk|1\n|move|p2a: Medicham|Close Combat|p1a: Tauros\n|-damage|p1a: Tauros|13/254\n|-unboost|p2a: Medicham|def|1\n|-unboost|p2a: Medicham|spd|1\n|\n|upkeep\n|turn|6\n|inactive|Time left: 300 sec this turn | 300 sec total\n|\n|t:|1783570018\n|move|p1a: Tauros|Aqua Jet|p2a: Medicham\n|-damage|p2a: Medicham|59/100\n|move|p2a: Medicham|Close Combat|p1a: Tauros\n|-damage|p1a: Tauros|0 fnt\n|-unboost|p2a: Medicham|def|1\n|-unboost|p2a: Medicham|spd|1\n|faint|p1a: Tauros\n|\n|upkeep\n|inactive|Time left: 300 sec this turn | 300 sec total | 5 sec grace\n|\n|t:|1783570019\n|switch|p1a: Jolteon|Jolteon, L84, M|246/246\n|turn|7\n|inactive|Time left: 300 sec this turn | 300 sec total\n|\n|t:|1783570020\n|switch|p2a: Smeargle|Smeargle, L95, F|1/100\n|move|p1a: Jolteon|Thunderbolt|p2a: Smeargle\n|-damage|p2a: Smeargle|0 fnt\n|faint|p2a: Smeargle\n|\n|upkeep\n|\n|t:|1783570021\n|switch|p2a: Medicham|Medicham, L86, M|59/100\n|turn|8\n|inactive|Time left: 300 sec this turn | 300 sec total\n|\n|t:|1783570022\n|move|p1a: Jolteon|Alluring Voice|p2a: Medicham\n|-supereffective|p2a: Medicham\n|-damage|p2a: Medicham|5/100\n|move|p2a: Medicham|Close Combat|p1a: Jolteon\n|-damage|p1a: Jolteon|0 fnt\n|-unboost|p2a: Medicham|def|1\n|-unboost|p2a: Medicham|spd|1\n|faint|p1a: Jolteon\n|\n|upkeep\n|inactive|Time left: 300 sec this turn | 300 sec total | 5 sec grace\n|\n|t:|1783570023\n|switch|p1a: Cobalion|Cobalion, L80|277/277\n|-activate|p1a: Cobalion|move: Sticky Web\n|-unboost|p1a: Cobalion|spe|1\n|turn|9\n|inactive|Time left: 300 sec this turn | 300 sec total\n|\n|t:|1783570024\n|move|p1a: Cobalion|Vacuum Wave|p2a: Medicham\n|-resisted|p2a: Medicham\n|-damage|p2a: Medicham|0 fnt\n|faint|p2a: Medicham\n|\n|upkeep\n|\n|t:|1783570025\n|switch|p2a: Enamorus|Enamorus, L79, F|100/100\n|turn|10\n|inactive|Time left: 300 sec this turn | 300 sec total\n|\n|t:|1783570025\n|move|p2a: Enamorus|Calm Mind|p2a: Enamorus\n|-boost|p2a: Enamorus|spa|1\n|-boost|p2a: Enamorus|spd|1\n|move|p1a: Cobalion|Flash Cannon|p2a: Enamorus\n|-supereffective|p2a: Enamorus\n|-damage|p2a: Enamorus|57/100\n|\n|-heal|p2a: Enamorus|63/100|[from] item: Leftovers\n|upkeep\n|turn|11\n|inactive|Time left: 300 sec this turn | 300 sec total\n|\n|t:|1783570026\n|switch|p1a: Dunsparce|Dunsparce, L86, M|312/312\n|-activate|p1a: Dunsparce|move: Sticky Web\n|-unboost|p1a: Dunsparce|spe|1\n|move|p2a: Enamorus|Moonblast|p1a: Dunsparce\n|-damage|p1a: Dunsparce|168/312\n|\n|-heal|p2a: Enamorus|69/100|[from] item: Leftovers\n|upkeep\n|turn|12\n|inactive|Time left: 300 sec this turn | 300 sec total\n|\n|t:|1783570027\n|move|p2a: Enamorus|Calm Mind|p2a: Enamorus\n|-boost|p2a: Enamorus|spa|1\n|-boost|p2a: Enamorus|spd|1\n|move|p1a: Dunsparce|Body Slam|p2a: Enamorus\n|-damage|p2a: Enamorus|33/100\n|-start|p1a: Dunsparce|Attract|[from] ability: Cute Charm|[of] p2a: Enamorus\n|\n|-heal|p2a: Enamorus|39/100|[from] item: Leftovers\n|upkeep\n|turn|13\n|inactive|Time left: 300 sec this turn | 300 sec total\n|\n|t:|1783570028\n|move|p2a: Enamorus|Moonblast|p1a: Dunsparce\n|-damage|p1a: Dunsparce|0 fnt\n|faint|p1a: Dunsparce\n|\n|-heal|p2a: Enamorus|45/100|[from] item: Leftovers\n|upkeep\n|inactive|Time left: 300 sec this turn | 300 sec total | 5 sec grace\n|\n|t:|1783570029\n|switch|p1a: Regigigas|Regigigas, L84|322/322\n|-activate|p1a: Regigigas|move: Sticky Web\n|-unboost|p1a: Regigigas|spe|1\n|-start|p1a: Regigigas|ability: Slow Start\n|turn|14\n|inactive|Time left: 300 sec this turn | 300 sec total\n|\n|t:|1783570030\n|move|p2a: Enamorus|Moonblast|p1a: Regigigas\n|-damage|p1a: Regigigas|123/322\n|move|p1a: Regigigas|Body Slam|p2a: Enamorus\n|-damage|p2a: Enamorus|8/100\n|\n|-heal|p2a: Enamorus|14/100|[from] item: Leftovers\n|-heal|p1a: Regigigas|143/322|[from] item: Leftovers\n|upkeep\n|turn|15\n|inactive|Time left: 300 sec this turn | 300 sec total\n|\n|t:|1783570031\n|switch|p1a: Cobalion|Cobalion, L80|277/277\n|-activate|p1a: Cobalion|move: Sticky Web\n|-unboost|p1a: Cobalion|spe|1\n|move|p2a: Enamorus|Moonblast|p1a: Cobalion\n|-damage|p1a: Cobalion|0 fnt\n|faint|p1a: Cobalion\n|\n|-heal|p2a: Enamorus|20/100|[from] item: Leftovers\n|upkeep\n|inactive|Time left: 300 sec this turn | 300 sec total | 5 sec grace\n|\n|t:|1783570032\n|switch|p1a: Enamorus|Enamorus-Therian, L83, F, tera:Ground|115/259\n|-activate|p1a: Enamorus|move: Sticky Web\n|-unboost|p1a: Enamorus|spe|1\n|turn|16\n|inactive|Time left: 300 sec this turn | 300 sec total\n|\n|t:|1783570033\n|-terastallize|p2a: Enamorus|Ground\n|move|p2a: Enamorus|Moonblast|p1a: Enamorus\n|-damage|p1a: Enamorus|0 fnt\n|faint|p1a: Enamorus\n|\n|-heal|p2a: Enamorus|26/100|[from] item: Leftovers\n|upkeep\n|inactive|Time left: 300 sec this turn | 300 sec total | 5 sec grace\n|\n|t:|1783570034\n|switch|p1a: Regigigas|Regigigas, L84|143/322\n|-activate|p1a: Regigigas|move: Sticky Web\n|-unboost|p1a: Regigigas|spe|1\n|-start|p1a: Regigigas|ability: Slow Start\n|turn|17\n|inactive|Time left: 300 sec this turn | 300 sec total\n|\n|t:|1783570035\n|move|p2a: Enamorus|Earth Power|p1a: Regigigas\n|-damage|p1a: Regigigas|0 fnt\n|faint|p1a: Regigigas\n|-end|p1a: Regigigas|Slow Start|[silent]\n|\n|win|p0y26008bff", "uploadtime": 1783570035, "views": 0, "rating": 0, "private": 0, "password": null, "_winner": "p0y26008bff", "_our_name": "p0x26003fee"}