{"id": "battle-gen9randombattle-1932", "formatid": "gen9randombattle", "format": "[Gen 9] Random Battle", "players": ["p0x1932eff7", "p0y1932191b"], "log": "|init|battle\n|title|p0x1932eff7 vs. p0y1932191b\n|j|\u2606p0x1932eff7\n|j|\u2606p0y1932191b\n|t:|1783561630\n|gametype|singles\n|player|p1|p0x1932eff7|170|\n|player|p2|p0y1932191b|265|\n|gen|9\n|tier|[Gen 9] Random Battle\n|rule|Species Clause: Limit one of each Pok\u00e9mon\n|rule|HP Percentage Mod: HP is shown in percentages\n|rule|Sleep Clause Mod: Limit one foe put to sleep\n|rule|Illusion Level Mod: Illusion disguises the Pok\u00e9mon's true level\n|\n|t:|1783561630\n|teamsize|p1|6\n|teamsize|p2|6\n|start\n|switch|p1a: Ditto|Ditto, L87|100/100\n|switch|p2a: Tauros|Tauros-Paldea-Aqua, L81, M|254/254\n|-ability|p2a: Tauros|Intimidate|boost\n|-unboost|p1a: Ditto|atk|1\n|-transform|p1a: Ditto|p2a: Tauros|[from] ability: Imposter\n|-ability|p1a: Ditto|Intimidate|boost\n|-unboost|p2a: Tauros|atk|1\n|turn|1\n|inactive|Battle timer is ON: inactive players will automatically lose when time's up. (requested by p0y1932191b)\n|inactive|p0x1932eff7 also wants the timer to be on.\n|\n|t:|1783561632\n|switch|p1a: Oricorio|Oricorio-Pa'u, L87, M|100/100\n|move|p2a: Tauros|Close Combat|p1a: Oricorio\n|-resisted|p1a: Oricorio\n|-damage|p1a: Oricorio|87/100\n|-unboost|p2a: Tauros|def|1\n|-unboost|p2a: Tauros|spd|1\n|\n|upkeep\n|turn|2\n|inactive|Time left: 300 sec this turn | 300 sec total\n|\n|t:|1783561633\n|switch|p2a: Kilowattrel|Kilowattrel, L83, M|252/252\n|move|p1a: Oricorio|Quiver Dance|p1a: Oricorio\n|-boost|p1a: Oricorio|spa|1\n|-boost|p1a: Oricorio|spd|1\n|-boost|p1a: Oricorio|spe|1\n|\n|upkeep\n|turn|3\n|inactive|Time left: 300 sec this turn | 300 sec total\n|\n|t:|1783561634\n|move|p1a: Oricorio|Quiver Dance|p1a: Oricorio\n|-boost|p1a: Oricorio|spa|1\n|-boost|p1a: Oricorio|spd|1\n|-boost|p1a: Oricorio|spe|1\n|move|p2a: Kilowattrel|Thunderbolt|p1a: Oricorio\n|-supereffective|p1a: Oricorio\n|-damage|p1a: Oricorio|44/100\n|\n|upkeep\n|turn|4\n|inactive|Time left: 300 sec this turn | 300 sec total\n|\n|t:|1783561634\n|-terastallize|p2a: Kilowattrel|Steel\n|move|p1a: Oricorio|Revelation Dance|p2a: Kilowattrel\n|-resisted|p2a: Kilowattrel\n|-damage|p2a: Kilowattrel|127/252\n|move|p2a: Kilowattrel|Thunderbolt|p1a: Oricorio\n|-supereffective|p1a: Oricorio\n|-damage|p1a: Oricorio|2/100\n|\n|upkeep\n|turn|5\n|inactive|Time left: 300 sec this turn | 300 sec total\n|\n|t:|1783561635\n|move|p1a: Oricorio|Roost|p1a: Oricorio\n|-heal|p1a: Oricorio|52/100\n|-singleturn|p1a: Oricorio|move: Roost\n|move|p2a: Kilowattrel|U-turn|p1a: Oricorio\n|-supereffective|p1a: Oricorio\n|-damage|p1a: Oricorio|20/100\n|inactive|Time left: 300 sec this turn | 300 sec total | 5 sec grace\n|\n|t:|1783561636\n|switch|p2a: Tauros|Tauros-Paldea-Aqua, L81, M|254/254|[from] U-turn\n|-ability|p2a: Tauros|Intimidate|boost\n|-unboost|p1a: Oricorio|atk|1\n|\n|upkeep\n|turn|6\n|inactive|Time left: 300 sec this turn | 300 sec total\n|\n|t:|1783561637\n|move|p2a: Tauros|Aqua Jet|p1a: Oricorio\n|-damage|p1a: Oricorio|0 fnt\n|faint|p1a: Oricorio\n|\n|upkeep\n|\n|t:|1783561638\n|switch|p1a: Salamence|Salamence, L77, M|100/100\n|turn|7\n|inactive|Time left: 300 sec this turn | 300 sec total\n|\n|t:|1783561639\n|switch|p2a: Dachsbun|Dachsbun, L92, M|254/254\n|move|p1a: Salamence|Dragon Dance|p1a: Salamence\n|-boost|p1a: Salamence|atk|1\n|-boost|p1a: Salamence|spe|1\n|\n|upkeep\n|turn|8\n|inactive|Time left: 300 sec this turn | 300 sec total\n|\n|t:|1783561640\n|move|p1a: Salamence|Dragon Dance|p1a: Salamence\n|-boost|p1a: Salamence|atk|1\n|-boost|p1a: Salamence|spe|1\n|move|p2a: Dachsbun|Play Rough|p1a: Salamence\n|-supereffective|p1a: Salamence\n|-damage|p1a: Salamence|21/100\n|-unboost|p1a: Salamence|atk|1\n|\n|upkeep\n|turn|9\n|inactive|Time left: 300 sec this turn | 300 sec total\n|\n|t:|1783561641\n|move|p1a: Salamence|Dual Wingbeat|p2a: Dachsbun\n|-damage|p2a: Dachsbun|200/254\n|-damage|p2a: Dachsbun|146/254\n|-hitcount|p2a: Dachsbun|2\n|move|p2a: Dachsbun|Play Rough|p1a: Salamence\n|-supereffective|p1a: Salamence\n|-damage|p1a: Salamence|0 fnt\n|faint|p1a: Salamence\n|\n|-heal|p2a: Dachsbun|161/254|[from] item: Leftovers\n|upkeep\n|\n|t:|1783561642\n|switch|p1a: Magcargo|Magcargo, L95, F|100/100\n|turn|10\n|inactive|Time left: 300 sec this turn | 300 sec total\n|\n|t:|1783561643\n|move|p2a: Dachsbun|Yawn|p1a: Magcargo\n|-start|p1a: Magcargo|move: Yawn|[of] p2a: Dachsbun\n|move|p1a: Magcargo|Stealth Rock|p2a: Dachsbun\n|-sidestart|p2: p0y1932191b|move: Stealth Rock\n|\n|-heal|p2a: Dachsbun|176/254|[from] item: Leftovers\n|upkeep\n|turn|11\n|inactive|Time left: 300 sec this turn | 300 sec total\n|\n|t:|1783561644\n|switch|p1a: Haxorus|Haxorus, L77, F|100/100\n|-ability|p1a: Haxorus|Mold Breaker\n|move|p2a: Dachsbun|Play Rough|p1a: Haxorus\n|-supereffective|p1a: Haxorus\n|-damage|p1a: Haxorus|14/100\n|\n|-heal|p2a: Dachsbun|191/254|[from] item: Leftovers\n|upkeep\n|turn|12\n|inactive|Time left: 300 sec this turn | 300 sec total\n|\n|t:|1783561645\n|move|p2a: Dachsbun|Play Rough|p1a: Haxorus\n|-supereffective|p1a: Haxorus\n|-crit|p1a: Haxorus\n|-damage|p1a: Haxorus|0 fnt\n|faint|p1a: Haxorus\n|\n|-heal|p2a: Dachsbun|206/254|[from] item: Leftovers\n|upkeep\n|\n|t:|1783561646\n|switch|p1a: Magcargo|Magcargo, L95, F|100/100\n|turn|13\n|inactive|Time left: 300 sec this turn | 300 sec total\n|\n|t:|1783561647\n|move|p2a: Dachsbun|Yawn|p1a: Magcargo\n|-start|p1a: Magcargo|move: Yawn|[of] p2a: Dachsbun\n|move|p1a: Magcargo|Lava Plume|p2a: Dachsbun\n|-ability|p2a: Dachsbun|Well-Baked Body|boost\n|-boost|p2a: Dachsbun|def|2\n|\n|-heal|p2a: Dachsbun|221/254|[from] item: Leftovers\n|upkeep\n|turn|14\n|inactive|Time left: 300 sec this turn | 300 sec total\n|\n|t:|1783561648\n|switch|p1a: Hitmonlee|Hitmonlee, L85, M|100/100\n|move|p2a: Dachsbun|Play Rough|p1a: Hitmonlee\n|-supereffective|p1a: Hitmonlee\n|-crit|p1a: Hitmonlee\n|-damage|p1a: Hitmonlee|0 fnt\n|faint|p1a: Hitmonlee\n|\n|-heal|p2a: Dachsbun|236/254|[from] item: Leftovers\n|upkeep\n|\n|t:|1783561649\n|switch|p1a: Ditto|Ditto, L87|100/100\n|-transform|p1a: Ditto|p2a: Dachsbun|[from] ability: Imposter\n|turn|15\n|inactive|Time left: 300 sec this turn | 300 sec total\n|\n|t:|1783561650\n|move|p1a: Ditto|Play Rough|p2a: Dachsbun\n|-damage|p2a: Dachsbun|199/254\n|move|p2a: Dachsbun|Yawn|p1a: Ditto\n|-start|p1a: Ditto|move: Yawn|[of] p2a: Dachsbun\n|\n|-heal|p2a: Dachsbun|214/254|[from] item: Leftovers\n|upkeep\n|turn|16\n|inactive|Time left: 300 sec this turn | 300 sec total\n|\n|t:|1783561651\n|switch|p1a: Magcargo|Magcargo, L95, F|100/100\n|move|p2a: Dachsbun|Yawn|p1a: Magcargo\n|-start|p1a: Magcargo|move: Yawn|[of] p2a: Dachsbun\n|\n|-heal|p2a: Dachsbun|229/254|[from] item: Leftovers\n|upkeep\n|turn|17\n|inactive|Time left: 300 sec this turn | 300 sec total\n|\n|t:|1783561652\n|move|p2a: Dachsbun|Protect|p2a: Dachsbun\n|-singleturn|p2a: Dachsbun|Protect\n|move|p1a: Magcargo|Lava Plume|p2a: Dachsbun\n|-activate|p2a: Dachsbun|move: Protect\n|\n|-heal|p2a: Dachsbun|244/254|[from] item: Leftovers\n|-end|p1a: Magcargo|move: Yawn|[silent]\n|-status|p1a: Magcargo|slp\n|upkeep\n|turn|18\n|inactive|Time left: 300 sec this turn | 300 sec total\n|\n|t:|1783561653\n|switch|p2a: Tauros|Tauros-Paldea-Aqua, L81, M|254/254\n|-damage|p2a: Tauros|239/254|[from] Stealth Rock\n|-ability|p2a: Tauros|Intimidate|boost\n|-unboost|p1a: Magcargo|atk|1\n|cant|p1a: Magcargo|slp\n|\n|upkeep\n|turn|19\n|inactive|Time left: 300 sec this turn | 300 sec total\n|\n|t:|1783561654\n|-terastallize|p1a: Magcargo|Grass\n|move|p2a: Tauros|Wave Crash|p1a: Magcargo\n|-resisted|p1a: Magcargo\n|-damage|p1a: Magcargo|77/100 slp\n|-damage|p2a: Tauros|218/254|[from] Recoil\n|cant|p1a: Magcargo|slp\n|\n|upkeep\n|turn|20\n|inactive|Time left: 300 sec this turn | 300 sec total\n|\n|t:|1783561655\n|switch|p2a: Pyroar|Pyroar, L88, F|295/295\n|-ability|p2a: Pyroar|Unnerve\n|cant|p1a: Magcargo|slp\n|\n|upkeep\n|turn|21\n|inactive|Time left: 300 sec this turn | 300 sec total\n|\n|t:|1783561656\n|switch|p1a: Ditto|Ditto, L87|100/100\n|-transform|p1a: Ditto|p2a: Pyroar|[from] ability: Imposter\n|-ability|p1a: Ditto|Unnerve\n|move|p2a: Pyroar|Fire Blast|p1a: Ditto|[miss]\n|-miss|p2a: Pyroar|p1a: Ditto\n|\n|upkeep\n|turn|22\n|inactive|Time left: 300 sec this turn | 300 sec total\n|\n|t:|1783561657\n|move|p1a: Ditto|Hyper Voice|p2a: Pyroar\n|-damage|p2a: Pyroar|153/295\n|move|p2a: Pyroar|Hyper Voice|p1a: Ditto\n|-damage|p1a: Ditto|44/100\n|\n|upkeep\n|turn|23\n|inactive|Time left: 300 sec this turn | 300 sec total\n|\n|t:|1783561658\n|move|p1a: Ditto|Hyper Voice|p2a: Pyroar\n|-crit|p2a: Pyroar\n|-damage|p2a: Pyroar|0 fnt\n|faint|p2a: Pyroar\n|\n|upkeep\n|inactive|Time left: 300 sec this turn | 300 sec total | 5 sec grace\n|\n|t:|1783561659\n|switch|p2a: Kilowattrel|Kilowattrel, L83, M, tera:Steel|127/252\n|turn|24\n|inactive|Time left: 300 sec this turn | 300 sec total\n|\n|t:|1783561660\n|move|p1a: Ditto|Hyper Voice|p2a: Kilowattrel\n|-resisted|p2a: Kilowattrel\n|-damage|p2a: Kilowattrel|59/252\n|move|p2a: Kilowattrel|Hurricane|p1a: Ditto\n|-damage|p1a: Ditto|0 fnt\n|faint|p1a: Ditto\n|\n|upkeep\n|\n|t:|1783561661\n|switch|p1a: Magcargo|Magcargo, L95, F, tera:Grass|77/100 slp\n|turn|25\n|inactive|Time left: 300 sec this turn | 300 sec total\n|\n|t:|1783561662\n|move|p2a: Kilowattrel|Hurricane|p1a: Magcargo\n|-supereffective|p1a: Magcargo\n|-damage|p1a: Magcargo|0 fnt\n|faint|p1a: Magcargo\n|\n|win|p0y1932191b", "uploadtime": 1783561662, "views": 0, "rating": 0, "private": 0, "password": null, "_winner": "p0y1932191b", "_our_name": "p0y1932191b"}