{"id": "battle-gen9randombattle-1263", "formatid": "gen9randombattle", "format": "[Gen 9] Random Battle", "players": ["p0x1263b664", "p0y1263024d"], "log": "|init|battle\n|title|p0x1263b664 vs. p0y1263024d\n|j|\u2606p0x1263b664\n|j|\u2606p0y1263024d\n|t:|1783553760\n|gametype|singles\n|player|p1|p0x1263b664|101|\n|player|p2|p0y1263024d|101|\n|gen|9\n|tier|[Gen 9] Random Battle\n|rule|Species Clause: Limit one of each Pok\u00e9mon\n|rule|HP Percentage Mod: HP is shown in percentages\n|rule|Sleep Clause Mod: Limit one foe put to sleep\n|rule|Illusion Level Mod: Illusion disguises the Pok\u00e9mon's true level\n|\n|t:|1783553760\n|teamsize|p1|6\n|teamsize|p2|6\n|start\n|switch|p1a: Vileplume|Vileplume, L85, M|266/266\n|switch|p2a: Spiritomb|Spiritomb, L89, M|100/100\n|turn|1\n|inactive|Battle timer is ON: inactive players will automatically lose when time's up. (requested by p0y1263024d)\n|inactive|Time left: 300 sec this turn | 300 sec total | 60 sec grace\n|inactive|p0x1263b664 also wants the timer to be on.\n|\n|t:|1783553761\n|switch|p2a: Bisharp|Bisharp, L79, F|100/100\n|move|p1a: Vileplume|Strength Sap|p2a: Bisharp\n|-unboost|p2a: Bisharp|atk|1\n|-ability|p2a: Bisharp|Defiant|boost\n|-boost|p2a: Bisharp|atk|2\n|\n|upkeep\n|turn|2\n|inactive|Time left: 300 sec this turn | 300 sec total\n|\n|t:|1783553763\n|move|p2a: Bisharp|Stealth Rock|p1a: Vileplume\n|-sidestart|p1: p0x1263b664|move: Stealth Rock\n|move|p1a: Vileplume|Leech Seed|p2a: Bisharp\n|-start|p2a: Bisharp|move: Leech Seed\n|\n|-damage|p2a: Bisharp|88/100|[from] Leech Seed|[of] p1a: Vileplume\n|upkeep\n|turn|3\n|inactive|Time left: 300 sec this turn | 300 sec total\n|\n|t:|1783553764\n|move|p2a: Bisharp|Iron Head|p1a: Vileplume\n|-damage|p1a: Vileplume|127/266\n|move|p1a: Vileplume|Giga Drain|p2a: Bisharp\n|-resisted|p2a: Bisharp\n|-damage|p2a: Bisharp|71/100\n|-heal|p1a: Vileplume|147/266|[from] drain|[of] p2a: Bisharp\n|\n|-heal|p1a: Vileplume|163/266|[from] item: Leftovers\n|-damage|p2a: Bisharp|58/100|[from] Leech Seed|[of] p1a: Vileplume\n|-heal|p1a: Vileplume|192/266|[silent]\n|upkeep\n|turn|4\n|inactive|Time left: 300 sec this turn | 300 sec total\n|\n|t:|1783553765\n|move|p2a: Bisharp|Throat Chop|p1a: Vileplume\n|-damage|p1a: Vileplume|45/266\n|-start|p1a: Vileplume|Throat Chop|[silent]\n|move|p1a: Vileplume|Strength Sap|p2a: Bisharp\n|-unboost|p2a: Bisharp|atk|1\n|-ability|p2a: Bisharp|Defiant|boost\n|-boost|p2a: Bisharp|atk|2\n|-heal|p1a: Vileplume|266/266\n|\n|-damage|p2a: Bisharp|46/100|[from] Leech Seed|[of] p1a: Vileplume\n|upkeep\n|turn|5\n|inactive|Time left: 300 sec this turn | 300 sec total\n|\n|t:|1783553766\n|move|p2a: Bisharp|Throat Chop|p1a: Vileplume\n|-damage|p1a: Vileplume|65/266\n|-status|p2a: Bisharp|slp|[from] ability: Effect Spore|[of] p1a: Vileplume\n|move|p1a: Vileplume|Strength Sap|p2a: Bisharp\n|-unboost|p2a: Bisharp|atk|1\n|-ability|p2a: Bisharp|Defiant|boost\n|-boost|p2a: Bisharp|atk|2\n|-heal|p1a: Vileplume|266/266\n|\n|-damage|p2a: Bisharp|33/100 slp|[from] Leech Seed|[of] p1a: Vileplume\n|-end|p1a: Vileplume|Throat Chop|[silent]\n|upkeep\n|turn|6\n|inactive|Time left: 300 sec this turn | 300 sec total\n|\n|t:|1783553767\n|cant|p2a: Bisharp|slp\n|move|p1a: Vileplume|Giga Drain|p2a: Bisharp\n|-resisted|p2a: Bisharp\n|-crit|p2a: Bisharp\n|-damage|p2a: Bisharp|10/100 slp\n|\n|-damage|p2a: Bisharp|0 fnt|[from] Leech Seed|[of] p1a: Vileplume\n|faint|p2a: Bisharp\n|upkeep\n|\n|t:|1783553768\n|switch|p2a: Volcarona|Volcarona, L77, F|100/100\n|turn|7\n|inactive|Time left: 300 sec this turn | 300 sec total\n|\n|t:|1783553769\n|move|p2a: Volcarona|Quiver Dance|p2a: Volcarona\n|-boost|p2a: Volcarona|spa|1\n|-boost|p2a: Volcarona|spd|1\n|-boost|p2a: Volcarona|spe|1\n|move|p1a: Vileplume|Leech Seed|p2a: Volcarona\n|-start|p2a: Volcarona|move: Leech Seed\n|\n|-damage|p2a: Volcarona|88/100|[from] Leech Seed|[of] p1a: Vileplume\n|upkeep\n|turn|8\n|inactive|Time left: 300 sec this turn | 300 sec total\n|\n|t:|1783553770\n|switch|p1a: Entei|Entei, L78|307/307\n|-damage|p1a: Entei|231/307|[from] Stealth Rock\n|move|p2a: Volcarona|Fire Blast|p1a: Entei\n|-resisted|p1a: Entei\n|-damage|p1a: Entei|107/307\n|\n|-damage|p2a: Volcarona|76/100|[from] Leech Seed|[of] p1a: Entei\n|-heal|p1a: Entei|139/307|[silent]\n|upkeep\n|turn|9\n|inactive|Time left: 300 sec this turn | 300 sec total\n|\n|t:|1783553771\n|-terastallize|p2a: Volcarona|Ground\n|move|p2a: Volcarona|Tera Blast|p1a: Entei|[anim] Tera Blast Ground\n|-supereffective|p1a: Entei\n|-damage|p1a: Entei|0 fnt\n|faint|p1a: Entei\n|\n|upkeep\n|inactive|Time left: 300 sec this turn | 300 sec total | 5 sec grace\n|\n|t:|1783553773\n|switch|p1a: Wugtrio|Wugtrio, L91, F|212/212\n|-damage|p1a: Wugtrio|186/212|[from] Stealth Rock\n|turn|10\n|inactive|Time left: 300 sec this turn | 300 sec total\n|\n|t:|1783553774\n|move|p1a: Wugtrio|Aqua Jet|p2a: Volcarona\n|-supereffective|p2a: Volcarona\n|-damage|p2a: Volcarona|1/100\n|move|p2a: Volcarona|Giga Drain|p1a: Wugtrio\n|-supereffective|p1a: Wugtrio\n|-crit|p1a: Wugtrio\n|-damage|p1a: Wugtrio|0 fnt\n|-heal|p2a: Volcarona|37/100|[from] drain|[of] p1a: Wugtrio\n|faint|p1a: Wugtrio\n|\n|upkeep\n|inactive|Time left: 300 sec this turn | 300 sec total | 5 sec grace\n|\n|t:|1783553775\n|switch|p1a: Rhyperior|Rhyperior, L82, F|323/323\n|-damage|p1a: Rhyperior|303/323|[from] Stealth Rock\n|turn|11\n|inactive|Time left: 300 sec this turn | 300 sec total\n|\n|t:|1783553776\n|-terastallize|p1a: Rhyperior|Grass\n|move|p2a: Volcarona|Giga Drain|p1a: Rhyperior\n|-resisted|p1a: Rhyperior\n|-damage|p1a: Rhyperior|259/323\n|-heal|p2a: Volcarona|46/100|[from] drain|[of] p1a: Rhyperior\n|move|p1a: Rhyperior|Earthquake|p2a: Volcarona\n|-damage|p2a: Volcarona|0 fnt\n|faint|p2a: Volcarona\n|\n|upkeep\n|\n|t:|1783553777\n|switch|p2a: Vigoroth|Vigoroth, L85, M|100/100\n|turn|12\n|inactive|Time left: 300 sec this turn | 300 sec total\n|\n|t:|1783553778\n|move|p2a: Vigoroth|Bulk Up|p2a: Vigoroth\n|-boost|p2a: Vigoroth|atk|1\n|-boost|p2a: Vigoroth|def|1\n|move|p1a: Rhyperior|Dragon Tail|p2a: Vigoroth\n|-damage|p2a: Vigoroth|91/100\n|drag|p2a: Inteleon|Inteleon, L81, F|100/100\n|\n|upkeep\n|turn|13\n|inactive|Time left: 300 sec this turn | 300 sec total\n|\n|t:|1783553779\n|move|p2a: Inteleon|Ice Beam|p1a: Rhyperior\n|-supereffective|p1a: Rhyperior\n|-damage|p1a: Rhyperior|94/323\n|-status|p1a: Rhyperior|frz\n|cant|p1a: Rhyperior|frz\n|\n|upkeep\n|turn|14\n|inactive|Time left: 300 sec this turn | 300 sec total\n|\n|t:|1783553780\n|move|p2a: Inteleon|Ice Beam|p1a: Rhyperior\n|-supereffective|p1a: Rhyperior\n|-damage|p1a: Rhyperior|0 fnt\n|faint|p1a: Rhyperior\n|\n|upkeep\n|inactive|Time left: 300 sec this turn | 300 sec total | 5 sec grace\n|\n|t:|1783553781\n|switch|p1a: Galvantula|Galvantula, L82, F|249/249\n|turn|15\n|inactive|Time left: 300 sec this turn | 300 sec total\n|\n|t:|1783553782\n|move|p2a: Inteleon|Ice Beam|p1a: Galvantula\n|-damage|p1a: Galvantula|115/249\n|move|p1a: Galvantula|Thunder|p2a: Inteleon\n|-supereffective|p2a: Inteleon\n|-damage|p2a: Inteleon|0 fnt\n|faint|p2a: Inteleon\n|\n|upkeep\n|\n|t:|1783553783\n|switch|p2a: Zebstrika|Zebstrika, L87, M|100/100\n|turn|16\n|inactive|Time left: 300 sec this turn | 300 sec total\n|\n|t:|1783553784\n|switch|p1a: Vileplume|Vileplume, L85, M|266/266\n|-damage|p1a: Vileplume|233/266|[from] Stealth Rock\n|move|p2a: Zebstrika|High Horsepower|p1a: Vileplume\n|-damage|p1a: Vileplume|137/266\n|-damage|p2a: Zebstrika|91/100|[from] item: Life Orb\n|\n|-heal|p1a: Vileplume|153/266|[from] item: Leftovers\n|upkeep\n|turn|17\n|inactive|Time left: 300 sec this turn | 300 sec total\n|\n|t:|1783553785\n|move|p2a: Zebstrika|Overheat|p1a: Vileplume\n|-supereffective|p1a: Vileplume\n|-damage|p1a: Vileplume|0 fnt\n|-unboost|p2a: Zebstrika|spa|2\n|faint|p1a: Vileplume\n|-damage|p2a: Zebstrika|81/100|[from] item: Life Orb\n|\n|upkeep\n|inactive|Time left: 300 sec this turn | 300 sec total | 5 sec grace\n|\n|t:|1783553786\n|switch|p1a: Serperior|Serperior, L79, F|248/248\n|-damage|p1a: Serperior|217/248|[from] Stealth Rock\n|turn|18\n|inactive|Time left: 300 sec this turn | 300 sec total\n|\n|t:|1783553787\n|move|p2a: Zebstrika|Overheat|p1a: Serperior\n|-supereffective|p1a: Serperior\n|-damage|p1a: Serperior|110/248\n|-unboost|p2a: Zebstrika|spa|2\n|-damage|p2a: Zebstrika|71/100|[from] item: Life Orb\n|move|p1a: Serperior|Tera Blast|p2a: Zebstrika\n|-damage|p2a: Zebstrika|53/100\n|\n|-heal|p1a: Serperior|125/248|[from] item: Leftovers\n|upkeep\n|turn|19\n|inactive|Time left: 300 sec this turn | 300 sec total\n|\n|t:|1783553788\n|move|p2a: Zebstrika|Supercell Slam|p1a: Serperior\n|-resisted|p1a: Serperior\n|-damage|p1a: Serperior|51/248\n|-damage|p2a: Zebstrika|43/100|[from] item: Life Orb\n|move|p1a: Serperior|Tera Blast|p2a: Zebstrika\n|-damage|p2a: Zebstrika|23/100\n|\n|-heal|p1a: Serperior|66/248|[from] item: Leftovers\n|upkeep\n|turn|20\n|inactive|Time left: 300 sec this turn | 300 sec total\n|\n|t:|1783553789\n|switch|p1a: Galvantula|Galvantula, L82, F|115/249\n|move|p2a: Zebstrika|Supercell Slam|p1a: Galvantula|[miss]\n|-miss|p2a: Zebstrika|p1a: Galvantula\n|-damage|p2a: Zebstrika|0 fnt|[from] supercellslam\n|faint|p2a: Zebstrika\n|\n|upkeep\n|\n|t:|1783553790\n|switch|p2a: Spiritomb|Spiritomb, L89, M|100/100\n|turn|21\n|inactive|Time left: 300 sec this turn | 300 sec total\n|\n|t:|1783553791\n|move|p1a: Galvantula|Thunder|p2a: Spiritomb\n|-damage|p2a: Spiritomb|62/100\n|move|p2a: Spiritomb|Poltergeist|p1a: Galvantula\n|-activate|p1a: Galvantula|move: Poltergeist|Heavy-Duty Boots\n|-damage|p1a: Galvantula|0 fnt\n|faint|p1a: Galvantula\n|\n|-heal|p2a: Spiritomb|68/100|[from] item: Leftovers\n|upkeep\n|inactive|Time left: 300 sec this turn | 300 sec total | 5 sec grace\n|\n|t:|1783553792\n|switch|p1a: Serperior|Serperior, L79, F|66/248\n|-damage|p1a: Serperior|35/248|[from] Stealth Rock\n|turn|22\n|inactive|Time left: 300 sec this turn | 300 sec total\n|\n|t:|1783553793\n|move|p1a: Serperior|Leech Seed|p2a: Spiritomb\n|-start|p2a: Spiritomb|move: Leech Seed\n|move|p2a: Spiritomb|Foul Play|p1a: Serperior\n|-damage|p1a: Serperior|0 fnt\n|faint|p1a: Serperior\n|\n|win|p0y1263024d", "uploadtime": 1783553793, "views": 0, "rating": 0, "private": 0, "password": null, "_winner": "p0y1263024d", "_our_name": "p0x1263b664"}