{"id": "battle-gen9randombattle-2680", "formatid": "gen9randombattle", "format": "[Gen 9] Random Battle", "players": ["p0x26802b0b", "p0y2680f9e2"], "log": "|init|battle\n|title|p0x26802b0b vs. p0y2680f9e2\n|j|\u2606p0x26802b0b\n|j|\u2606p0y2680f9e2\n|t:|1783570934\n|gametype|singles\n|player|p1|p0x26802b0b|170|\n|player|p2|p0y2680f9e2|102|\n|gen|9\n|tier|[Gen 9] Random Battle\n|rule|Species Clause: Limit one of each Pok\u00e9mon\n|rule|HP Percentage Mod: HP is shown in percentages\n|rule|Sleep Clause Mod: Limit one foe put to sleep\n|rule|Illusion Level Mod: Illusion disguises the Pok\u00e9mon's true level\n|\n|t:|1783570934\n|teamsize|p1|6\n|teamsize|p2|6\n|start\n|switch|p1a: Skarmory|Skarmory, L80, M|235/235\n|switch|p2a: Rabsca|Rabsca, L91, F|100/100\n|turn|1\n|inactive|Battle timer is ON: inactive players will automatically lose when time's up. (requested by p0x26802b0b)\n|inactive|p0y2680f9e2 also wants the timer to be on.\n|\n|t:|1783570935\n|move|p1a: Skarmory|Brave Bird|p2a: Rabsca\n|-supereffective|p2a: Rabsca\n|-damage|p2a: Rabsca|31/100\n|-damage|p1a: Skarmory|170/235|[from] Recoil\n|move|p2a: Rabsca|Psychic|p1a: Skarmory\n|-resisted|p1a: Skarmory\n|-damage|p1a: Skarmory|92/235\n|\n|-heal|p1a: Skarmory|106/235|[from] item: Leftovers\n|upkeep\n|turn|2\n|inactive|Time left: 300 sec this turn | 300 sec total\n|\n|t:|1783570937\n|move|p1a: Skarmory|Brave Bird|p2a: Rabsca\n|-supereffective|p2a: Rabsca\n|-damage|p2a: Rabsca|0 fnt\n|faint|p2a: Rabsca\n|-damage|p1a: Skarmory|78/235|[from] Recoil\n|\n|-heal|p1a: Skarmory|92/235|[from] item: Leftovers\n|upkeep\n|\n|t:|1783570938\n|switch|p2a: Moltres|Moltres-Galar, L79|100/100\n|turn|3\n|inactive|Time left: 300 sec this turn | 300 sec total\n|\n|t:|1783570939\n|switch|p1a: Bisharp|Bisharp, L79, M|232/232\n|move|p2a: Moltres|Fiery Wrath|p1a: Bisharp\n|-resisted|p1a: Bisharp\n|-damage|p1a: Bisharp|195/232\n|\n|upkeep\n|turn|4\n|inactive|Time left: 300 sec this turn | 300 sec total\n|\n|t:|1783570940\n|move|p2a: Moltres|Nasty Plot|p2a: Moltres\n|-boost|p2a: Moltres|spa|2\n|move|p1a: Bisharp|Swords Dance|p1a: Bisharp\n|-boost|p1a: Bisharp|atk|2\n|\n|upkeep\n|turn|5\n|inactive|Time left: 300 sec this turn | 300 sec total\n|\n|t:|1783570941\n|move|p2a: Moltres|Hurricane|p1a: Bisharp\n|-resisted|p1a: Bisharp\n|-damage|p1a: Bisharp|113/232\n|move|p1a: Bisharp|Iron Head|p2a: Moltres\n|-damage|p2a: Moltres|31/100\n|-ability|p2a: Moltres|Berserk|boost\n|-boost|p2a: Moltres|spa|1\n|\n|upkeep\n|turn|6\n|inactive|Time left: 300 sec this turn | 300 sec total\n|\n|t:|1783570942\n|move|p2a: Moltres|Fiery Wrath|p1a: Bisharp\n|-resisted|p1a: Bisharp\n|-damage|p1a: Bisharp|20/232\n|move|p1a: Bisharp|Iron Head|p2a: Moltres\n|-damage|p2a: Moltres|0 fnt\n|faint|p2a: Moltres\n|\n|upkeep\n|\n|t:|1783570943\n|switch|p2a: Tornadus|Tornadus-Therian, L79, M|100/100\n|turn|7\n|inactive|Time left: 300 sec this turn | 300 sec total\n|\n|t:|1783570943\n|move|p1a: Bisharp|Sucker Punch|p2a: Tornadus\n|-damage|p2a: Tornadus|33/100\n|move|p2a: Tornadus|U-turn|p1a: Bisharp\n|-damage|p1a: Bisharp|0 fnt\n|faint|p1a: Bisharp\n|\n|t:|1783570944\n|switch|p2a: Exeggutor|Exeggutor, L89, F|100/100|[from] U-turn\n|\n|upkeep\n|inactive|Time left: 300 sec this turn | 300 sec total | 10 sec grace\n|\n|t:|1783570945\n|switch|p1a: Spectrier|Spectrier, L75|274/274\n|turn|8\n|inactive|Time left: 300 sec this turn | 300 sec total\n|\n|t:|1783570946\n|move|p1a: Spectrier|Nasty Plot|p1a: Spectrier\n|-boost|p1a: Spectrier|spa|2\n|move|p2a: Exeggutor|Psychic|p1a: Spectrier\n|-damage|p1a: Spectrier|129/274\n|\n|-heal|p1a: Spectrier|146/274|[from] item: Leftovers\n|upkeep\n|turn|9\n|inactive|Time left: 300 sec this turn | 300 sec total\n|\n|t:|1783570947\n|-terastallize|p2a: Exeggutor|Steel\n|move|p1a: Spectrier|Shadow Ball|p2a: Exeggutor\n|-damage|p2a: Exeggutor|35/100\n|-unboost|p2a: Exeggutor|spd|1\n|-enditem|p2a: Exeggutor|Sitrus Berry|[eat]\n|-heal|p2a: Exeggutor|60/100|[from] item: Sitrus Berry\n|move|p2a: Exeggutor|Psychic|p1a: Spectrier\n|-damage|p1a: Spectrier|0 fnt\n|faint|p1a: Spectrier\n|\n|upkeep\n|inactive|Time left: 300 sec this turn | 300 sec total | 5 sec grace\n|\n|t:|1783570947\n|switch|p1a: Barraskewda|Barraskewda, L81, F|231/231\n|turn|10\n|inactive|Time left: 300 sec this turn | 300 sec total\n|\n|t:|1783570948\n|move|p1a: Barraskewda|Close Combat|p2a: Exeggutor\n|-supereffective|p2a: Exeggutor\n|-damage|p2a: Exeggutor|0 fnt\n|-unboost|p1a: Barraskewda|def|1\n|-unboost|p1a: Barraskewda|spd|1\n|faint|p2a: Exeggutor\n|\n|upkeep\n|\n|t:|1783570949\n|switch|p2a: Tornadus|Tornadus-Therian, L79, M|66/100\n|turn|11\n|inactive|Time left: 300 sec this turn | 300 sec total\n|\n|t:|1783570950\n|switch|p1a: Skarmory|Skarmory, L80, M|92/235\n|move|p2a: Tornadus|Knock Off|p1a: Skarmory\n|-damage|p1a: Skarmory|50/235\n|-enditem|p1a: Skarmory|Leftovers|[from] move: Knock Off|[of] p2a: Tornadus\n|\n|upkeep\n|turn|12\n|inactive|Time left: 300 sec this turn | 300 sec total\n|\n|t:|1783570951\n|move|p2a: Tornadus|Heat Wave|p1a: Skarmory\n|-supereffective|p1a: Skarmory\n|-damage|p1a: Skarmory|0 fnt\n|faint|p1a: Skarmory\n|\n|upkeep\n|inactive|Time left: 300 sec this turn | 300 sec total | 5 sec grace\n|\n|t:|1783570952\n|switch|p1a: Barraskewda|Barraskewda, L81, F|231/231\n|turn|13\n|inactive|Time left: 300 sec this turn | 300 sec total\n|\n|t:|1783570953\n|switch|p2a: Dachsbun|Dachsbun, L92, M|100/100\n|-terastallize|p1a: Barraskewda|Water\n|move|p1a: Barraskewda|Waterfall|p2a: Dachsbun\n|-damage|p2a: Dachsbun|40/100\n|\n|-heal|p2a: Dachsbun|46/100|[from] item: Leftovers\n|upkeep\n|turn|14\n|inactive|Time left: 300 sec this turn | 300 sec total\n|\n|t:|1783570954\n|move|p2a: Dachsbun|Protect|p2a: Dachsbun\n|-singleturn|p2a: Dachsbun|Protect\n|move|p1a: Barraskewda|Waterfall|p2a: Dachsbun\n|-activate|p2a: Dachsbun|move: Protect\n|\n|-heal|p2a: Dachsbun|52/100|[from] item: Leftovers\n|upkeep\n|turn|15\n|inactive|Time left: 300 sec this turn | 300 sec total\n|\n|t:|1783570955\n|move|p2a: Dachsbun|Protect||[still]\n|-fail|p2a: Dachsbun\n|move|p1a: Barraskewda|Waterfall|p2a: Dachsbun\n|-damage|p2a: Dachsbun|0 fnt\n|faint|p2a: Dachsbun\n|\n|upkeep\n|\n|t:|1783570956\n|switch|p2a: Tornadus|Tornadus-Therian, L79, M|99/100\n|turn|16\n|inactive|Time left: 300 sec this turn | 300 sec total\n|\n|t:|1783570957\n|move|p1a: Barraskewda|Waterfall|p2a: Tornadus\n|-damage|p2a: Tornadus|16/100\n|move|p2a: Tornadus|Knock Off|p1a: Barraskewda\n|-damage|p1a: Barraskewda|145/231\n|-enditem|p1a: Barraskewda|Choice Band|[from] move: Knock Off|[of] p2a: Tornadus\n|\n|upkeep\n|turn|17\n|inactive|Time left: 300 sec this turn | 300 sec total\n|\n|t:|1783570958\n|switch|p2a: Sneasler|Sneasler, L74, F|100/100\n|move|p1a: Barraskewda|Close Combat|p2a: Sneasler\n|-resisted|p2a: Sneasler\n|-damage|p2a: Sneasler|69/100\n|-unboost|p1a: Barraskewda|def|1\n|-unboost|p1a: Barraskewda|spd|1\n|\n|upkeep\n|turn|18\n|inactive|Time left: 300 sec this turn | 300 sec total\n|\n|t:|1783570959\n|move|p1a: Barraskewda|Waterfall|p2a: Sneasler\n|-damage|p2a: Sneasler|0 fnt\n|faint|p2a: Sneasler\n|\n|upkeep\n|\n|t:|1783570960\n|switch|p2a: Tornadus|Tornadus-Therian, L79, M|49/100\n|turn|19\n|inactive|Time left: 300 sec this turn | 300 sec total\n|\n|t:|1783570961\n|move|p1a: Barraskewda|Waterfall|p2a: Tornadus\n|-damage|p2a: Tornadus|0 fnt\n|faint|p2a: Tornadus\n|\n|win|p0x26802b0b", "uploadtime": 1783570961, "views": 0, "rating": 0, "private": 0, "password": null, "_winner": "p0x26802b0b", "_our_name": "p0x26802b0b"}