{"id": "battle-gen9randombattle-1306", "formatid": "gen9randombattle", "format": "[Gen 9] Random Battle", "players": ["p0x13067220", "p0y1306ac50"], "log": "|init|battle\n|title|p0x13067220 vs. p0y1306ac50\n|j|\u2606p0x13067220\n|j|\u2606p0y1306ac50\n|t:|1783555166\n|gametype|singles\n|player|p1|p0x13067220|266|\n|player|p2|p0y1306ac50|1|\n|gen|9\n|tier|[Gen 9] Random Battle\n|rule|Species Clause: Limit one of each Pok\u00e9mon\n|rule|HP Percentage Mod: HP is shown in percentages\n|rule|Sleep Clause Mod: Limit one foe put to sleep\n|rule|Illusion Level Mod: Illusion disguises the Pok\u00e9mon's true level\n|\n|t:|1783555166\n|teamsize|p1|6\n|teamsize|p2|6\n|start\n|switch|p1a: Gogoat|Gogoat, L88, M|100/100\n|switch|p2a: Piloswine|Piloswine, L85, M|309/309\n|turn|1\n|inactive|Battle timer is ON: inactive players will automatically lose when time's up. (requested by p0x13067220)\n|inactive|Time left: 300 sec this turn | 300 sec total | 60 sec grace\n|inactive|p0y1306ac50 also wants the timer to be on.\n|\n|t:|1783555167\n|move|p1a: Gogoat|Horn Leech|p2a: Piloswine\n|-supereffective|p2a: Piloswine\n|-damage|p2a: Piloswine|177/309\n|move|p2a: Piloswine|Icicle Crash|p1a: Gogoat\n|-supereffective|p1a: Gogoat\n|-damage|p1a: Gogoat|35/100\n|\n|-heal|p1a: Gogoat|42/100|[from] item: Leftovers\n|upkeep\n|turn|2\n|inactive|Time left: 300 sec this turn | 300 sec total\n|\n|t:|1783555168\n|move|p1a: Gogoat|Milk Drink|p1a: Gogoat\n|-heal|p1a: Gogoat|92/100\n|move|p2a: Piloswine|Icicle Crash|p1a: Gogoat\n|-supereffective|p1a: Gogoat\n|-damage|p1a: Gogoat|29/100\n|\n|-heal|p1a: Gogoat|35/100|[from] item: Leftovers\n|upkeep\n|turn|3\n|inactive|Time left: 300 sec this turn | 300 sec total\n|\n|t:|1783555169\n|move|p1a: Gogoat|Horn Leech|p2a: Piloswine\n|-supereffective|p2a: Piloswine\n|-damage|p2a: Piloswine|51/309\n|-heal|p1a: Gogoat|53/100|[from] drain|[of] p2a: Piloswine\n|move|p2a: Piloswine|Icicle Crash|p1a: Gogoat\n|-supereffective|p1a: Gogoat\n|-damage|p1a: Gogoat|0 fnt\n|faint|p1a: Gogoat\n|\n|upkeep\n|\n|t:|1783555170\n|switch|p1a: Vikavolt|Vikavolt, L83, M|100/100\n|turn|4\n|inactive|Time left: 300 sec this turn | 300 sec total\n|\n|t:|1783555172\n|move|p2a: Piloswine|Icicle Crash|p1a: Vikavolt\n|-damage|p1a: Vikavolt|65/100\n|cant|p1a: Vikavolt|flinch\n|\n|upkeep\n|turn|5\n|inactive|Time left: 300 sec this turn | 300 sec total\n|\n|t:|1783555173\n|move|p2a: Piloswine|Icicle Crash|p1a: Vikavolt\n|-damage|p1a: Vikavolt|28/100\n|move|p1a: Vikavolt|Sticky Web|p2a: Piloswine\n|-sidestart|p2: p0y1306ac50|move: Sticky Web\n|\n|upkeep\n|turn|6\n|inactive|Time left: 300 sec this turn | 300 sec total\n|\n|t:|1783555174\n|move|p2a: Piloswine|Icicle Crash|p1a: Vikavolt\n|-damage|p1a: Vikavolt|0 fnt\n|faint|p1a: Vikavolt\n|\n|upkeep\n|\n|t:|1783555175\n|switch|p1a: Hoopa|Hoopa-Unbound, L80|100/100\n|turn|7\n|inactive|Time left: 300 sec this turn | 300 sec total\n|\n|t:|1783555176\n|move|p2a: Piloswine|Ice Shard|p1a: Hoopa\n|-damage|p1a: Hoopa|75/100\n|move|p1a: Hoopa|Hyperspace Fury|p2a: Piloswine\n|-damage|p2a: Piloswine|0 fnt\n|-unboost|p1a: Hoopa|def|1\n|faint|p2a: Piloswine\n|\n|upkeep\n|inactive|Time left: 300 sec this turn | 300 sec total | 5 sec grace\n|\n|t:|1783555177\n|switch|p2a: Sandslash|Sandslash, L89, F|278/278\n|-activate|p2a: Sandslash|move: Sticky Web\n|-unboost|p2a: Sandslash|spe|1\n|turn|8\n|inactive|Time left: 300 sec this turn | 300 sec total\n|\n|t:|1783555178\n|move|p1a: Hoopa|Hyperspace Fury|p2a: Sandslash\n|-damage|p2a: Sandslash|106/278\n|-unboost|p1a: Hoopa|def|1\n|move|p2a: Sandslash|Rapid Spin|p1a: Hoopa\n|-damage|p1a: Hoopa|31/100\n|-boost|p2a: Sandslash|spe|1\n|-sideend|p2: p0y1306ac50|Sticky Web|[from] move: Rapid Spin|[of] p2a: Sandslash\n|\n|-heal|p2a: Sandslash|123/278|[from] item: Leftovers\n|upkeep\n|turn|9\n|inactive|Time left: 300 sec this turn | 300 sec total\n|\n|t:|1783555178\n|switch|p2a: Sylveon|Sylveon, L85, M|300/300\n|move|p1a: Hoopa|Hyperspace Fury|p2a: Sylveon\n|-resisted|p2a: Sylveon\n|-damage|p2a: Sylveon|165/300\n|-unboost|p1a: Hoopa|def|1\n|\n|-heal|p2a: Sylveon|183/300|[from] item: Leftovers\n|upkeep\n|turn|10\n|inactive|Time left: 300 sec this turn | 300 sec total\n|\n|t:|1783555180\n|move|p1a: Hoopa|Hyperspace Fury|p2a: Sylveon\n|-resisted|p2a: Sylveon\n|-damage|p2a: Sylveon|48/300\n|-unboost|p1a: Hoopa|def|1\n|move|p2a: Sylveon|Hyper Voice|p1a: Hoopa\n|-supereffective|p1a: Hoopa\n|-damage|p1a: Hoopa|0 fnt\n|faint|p1a: Hoopa\n|\n|-heal|p2a: Sylveon|66/300|[from] item: Leftovers\n|upkeep\n|\n|t:|1783555181\n|switch|p1a: Hydreigon|Hydreigon, L79, F|100/100\n|turn|11\n|inactive|Time left: 300 sec this turn | 300 sec total\n|\n|t:|1783555181\n|move|p1a: Hydreigon|Fire Blast|p2a: Sylveon\n|-damage|p2a: Sylveon|0 fnt\n|faint|p2a: Sylveon\n|\n|upkeep\n|inactive|Time left: 300 sec this turn | 300 sec total | 5 sec grace\n|\n|t:|1783555182\n|switch|p2a: Tentacruel|Tentacruel, L84, M|272/272\n|turn|12\n|inactive|Time left: 300 sec this turn | 300 sec total\n|\n|t:|1783555184\n|move|p2a: Tentacruel|Sludge Bomb|p1a: Hydreigon\n|-damage|p1a: Hydreigon|68/100\n|-status|p1a: Hydreigon|psn\n|move|p1a: Hydreigon|Fire Blast|p2a: Tentacruel\n|-resisted|p2a: Tentacruel\n|-damage|p2a: Tentacruel|226/272\n|-status|p2a: Tentacruel|brn\n|\n|-heal|p2a: Tentacruel|243/272 brn|[from] item: Leftovers\n|-damage|p1a: Hydreigon|56/100 psn|[from] psn\n|-damage|p2a: Tentacruel|226/272 brn|[from] brn\n|upkeep\n|turn|13\n|inactive|Time left: 300 sec this turn | 300 sec total\n|\n|t:|1783555185\n|move|p2a: Tentacruel|Sludge Bomb|p1a: Hydreigon\n|-damage|p1a: Hydreigon|26/100 psn\n|move|p1a: Hydreigon|Fire Blast|p2a: Tentacruel\n|-resisted|p2a: Tentacruel\n|-damage|p2a: Tentacruel|177/272 brn\n|\n|-heal|p2a: Tentacruel|194/272 brn|[from] item: Leftovers\n|-damage|p1a: Hydreigon|14/100 psn|[from] psn\n|-damage|p2a: Tentacruel|177/272 brn|[from] brn\n|upkeep\n|turn|14\n|inactive|Time left: 300 sec this turn | 300 sec total\n|\n|t:|1783555186\n|switch|p1a: Drifblim|Drifblim, L86, M|100/100\n|move|p2a: Tentacruel|Sludge Bomb|p1a: Drifblim\n|-resisted|p1a: Drifblim\n|-damage|p1a: Drifblim|85/100\n|\n|-heal|p2a: Tentacruel|194/272 brn|[from] item: Leftovers\n|-damage|p2a: Tentacruel|177/272 brn|[from] brn\n|upkeep\n|turn|15\n|inactive|Time left: 300 sec this turn | 300 sec total\n|\n|t:|1783555187\n|move|p2a: Tentacruel|Surf|p1a: Drifblim\n|-damage|p1a: Drifblim|55/100\n|move|p1a: Drifblim|Air Slash|p2a: Tentacruel\n|-damage|p2a: Tentacruel|116/272 brn\n|\n|-heal|p2a: Tentacruel|133/272 brn|[from] item: Leftovers\n|-damage|p2a: Tentacruel|116/272 brn|[from] brn\n|upkeep\n|turn|16\n|inactive|Time left: 300 sec this turn | 300 sec total\n|\n|t:|1783555189\n|move|p2a: Tentacruel|Knock Off|p1a: Drifblim\n|-supereffective|p1a: Drifblim\n|-damage|p1a: Drifblim|36/100\n|-enditem|p1a: Drifblim|Heavy-Duty Boots|[from] move: Knock Off|[of] p2a: Tentacruel\n|move|p1a: Drifblim|Shadow Ball|p2a: Tentacruel\n|-damage|p2a: Tentacruel|49/272 brn\n|\n|-heal|p2a: Tentacruel|66/272 brn|[from] item: Leftovers\n|-damage|p2a: Tentacruel|49/272 brn|[from] brn\n|upkeep\n|turn|17\n|inactive|Time left: 300 sec this turn | 300 sec total\n|\n|t:|1783555190\n|move|p2a: Tentacruel|Surf|p1a: Drifblim\n|-damage|p1a: Drifblim|6/100\n|move|p1a: Drifblim|Air Slash|p2a: Tentacruel\n|-damage|p2a: Tentacruel|0 fnt\n|faint|p2a: Tentacruel\n|\n|upkeep\n|inactive|Time left: 300 sec this turn | 300 sec total | 5 sec grace\n|\n|t:|1783555191\n|switch|p2a: Arbok|Arbok, L87, M|246/246\n|-ability|p2a: Arbok|Intimidate|boost\n|-unboost|p1a: Drifblim|atk|1\n|turn|18\n|inactive|Time left: 300 sec this turn | 300 sec total\n|\n|t:|1783555192\n|move|p2a: Arbok|Gunk Shot|p1a: Drifblim\n|-resisted|p1a: Drifblim\n|-damage|p1a: Drifblim|0 fnt\n|faint|p1a: Drifblim\n|\n|upkeep\n|\n|t:|1783555193\n|switch|p1a: Hydreigon|Hydreigon, L79, F|14/100 psn\n|turn|19\n|inactive|Time left: 300 sec this turn | 300 sec total\n|\n|t:|1783555194\n|move|p2a: Arbok|Sucker Punch|p1a: Hydreigon\n|-resisted|p1a: Hydreigon\n|-damage|p1a: Hydreigon|4/100 psn\n|move|p1a: Hydreigon|Draco Meteor|p2a: Arbok\n|-damage|p2a: Arbok|24/246\n|-unboost|p1a: Hydreigon|spa|2\n|\n|-heal|p2a: Arbok|39/246|[from] item: Leftovers\n|-damage|p1a: Hydreigon|0 fnt|[from] psn\n|faint|p1a: Hydreigon\n|upkeep\n|\n|t:|1783555195\n|switch|p1a: Iron Bundle|Iron Bundle, L78|100/100\n|turn|20\n|inactive|Time left: 300 sec this turn | 300 sec total\n|\n|t:|1783555196\n|move|p1a: Iron Bundle|Hydro Pump|p2a: Arbok\n|-damage|p2a: Arbok|0 fnt\n|faint|p2a: Arbok\n|\n|upkeep\n|inactive|Time left: 300 sec this turn | 300 sec total | 5 sec grace\n|\n|t:|1783555197\n|switch|p2a: Iron Thorns|Iron Thorns, L83|302/302\n|turn|21\n|inactive|Time left: 300 sec this turn | 300 sec total\n|\n|t:|1783555198\n|-terastallize|p1a: Iron Bundle|Water\n|move|p1a: Iron Bundle|Freeze-Dry|p2a: Iron Thorns\n|-damage|p2a: Iron Thorns|223/302\n|move|p2a: Iron Thorns|Stone Edge|p1a: Iron Bundle\n|-damage|p1a: Iron Bundle|49/100\n|\n|upkeep\n|turn|22\n|inactive|Time left: 300 sec this turn | 300 sec total\n|\n|t:|1783555199\n|-terastallize|p2a: Iron Thorns|Water\n|move|p1a: Iron Bundle|Hydro Pump|p2a: Iron Thorns|[miss]\n|-miss|p1a: Iron Bundle|p2a: Iron Thorns\n|move|p2a: Iron Thorns|Wild Charge|p1a: Iron Bundle\n|-supereffective|p1a: Iron Bundle\n|-damage|p1a: Iron Bundle|0 fnt\n|faint|p1a: Iron Bundle\n|-end|p1a: Iron Bundle|Quark Drive|[silent]\n|-damage|p2a: Iron Thorns|197/302|[from] Recoil\n|\n|win|p0y1306ac50", "uploadtime": 1783555199, "views": 0, "rating": 0, "private": 0, "password": null, "_winner": "p0y1306ac50", "_our_name": "p0y1306ac50"}