{"id": "battle-gen9randombattle-2241", "formatid": "gen9randombattle", "format": "[Gen 9] Random Battle", "players": ["p0x2241cba0", "p0y2241c30f"], "log": "|init|battle\n|title|p0x2241cba0 vs. p0y2241c30f\n|j|\u2606p0x2241cba0\n|j|\u2606p0y2241c30f\n|t:|1783565068\n|gametype|singles\n|player|p1|p0x2241cba0|170|\n|player|p2|p0y2241c30f|170|\n|gen|9\n|tier|[Gen 9] Random Battle\n|rule|Species Clause: Limit one of each Pok\u00e9mon\n|rule|HP Percentage Mod: HP is shown in percentages\n|rule|Sleep Clause Mod: Limit one foe put to sleep\n|rule|Illusion Level Mod: Illusion disguises the Pok\u00e9mon's true level\n|\n|t:|1783565068\n|teamsize|p1|6\n|teamsize|p2|6\n|start\n|switch|p1a: Vigoroth|Vigoroth, L85, M|100/100\n|switch|p2a: Jirachi|Jirachi, L80|291/291\n|turn|1\n|inactive|Battle timer is ON: inactive players will automatically lose when time's up. (requested by p0y2241c30f)\n|inactive|p0x2241cba0 also wants the timer to be on.\n|\n|t:|1783565070\n|move|p2a: Jirachi|Iron Head|p1a: Vigoroth\n|-damage|p1a: Vigoroth|80/100\n|cant|p1a: Vigoroth|flinch\n|\n|upkeep\n|turn|2\n|inactive|Time left: 300 sec this turn | 300 sec total\n|\n|t:|1783565071\n|move|p2a: Jirachi|Iron Head|p1a: Vigoroth\n|-damage|p1a: Vigoroth|61/100\n|move|p1a: Vigoroth|Bulk Up|p1a: Vigoroth\n|-boost|p1a: Vigoroth|atk|1\n|-boost|p1a: Vigoroth|def|1\n|\n|upkeep\n|turn|3\n|inactive|Time left: 300 sec this turn | 300 sec total\n|\n|t:|1783565072\n|move|p2a: Jirachi|Iron Head|p1a: Vigoroth\n|-damage|p1a: Vigoroth|46/100\n|cant|p1a: Vigoroth|flinch\n|\n|upkeep\n|turn|4\n|inactive|Time left: 300 sec this turn | 300 sec total\n|\n|t:|1783565073\n|move|p2a: Jirachi|Iron Head|p1a: Vigoroth\n|-damage|p1a: Vigoroth|32/100\n|cant|p1a: Vigoroth|flinch\n|\n|upkeep\n|turn|5\n|inactive|Time left: 300 sec this turn | 300 sec total\n|\n|t:|1783565073\n|move|p2a: Jirachi|Iron Head|p1a: Vigoroth\n|-damage|p1a: Vigoroth|16/100\n|move|p1a: Vigoroth|Slack Off|p1a: Vigoroth\n|-heal|p1a: Vigoroth|67/100\n|\n|upkeep\n|turn|6\n|inactive|Time left: 300 sec this turn | 300 sec total\n|\n|t:|1783565074\n|move|p2a: Jirachi|Iron Head|p1a: Vigoroth\n|-damage|p1a: Vigoroth|52/100\n|move|p1a: Vigoroth|Slack Off|p1a: Vigoroth\n|-heal|p1a: Vigoroth|100/100\n|\n|upkeep\n|turn|7\n|inactive|Time left: 300 sec this turn | 300 sec total\n|\n|t:|1783565075\n|move|p2a: Jirachi|Body Slam|p1a: Vigoroth\n|-damage|p1a: Vigoroth|91/100\n|move|p1a: Vigoroth|Bulk Up|p1a: Vigoroth\n|-boost|p1a: Vigoroth|atk|1\n|-boost|p1a: Vigoroth|def|1\n|\n|upkeep\n|turn|8\n|inactive|Time left: 300 sec this turn | 300 sec total\n|\n|t:|1783565076\n|move|p2a: Jirachi|Iron Head|p1a: Vigoroth\n|-crit|p1a: Vigoroth\n|-damage|p1a: Vigoroth|59/100\n|cant|p1a: Vigoroth|flinch\n|\n|upkeep\n|turn|9\n|inactive|Time left: 300 sec this turn | 300 sec total\n|\n|t:|1783565076\n|move|p2a: Jirachi|Body Slam|p1a: Vigoroth\n|-damage|p1a: Vigoroth|52/100\n|move|p1a: Vigoroth|Body Slam|p2a: Jirachi\n|-resisted|p2a: Jirachi\n|-damage|p2a: Jirachi|214/291\n|-status|p2a: Jirachi|par\n|\n|-heal|p2a: Jirachi|232/291 par|[from] item: Leftovers\n|upkeep\n|turn|10\n|inactive|Time left: 300 sec this turn | 300 sec total\n|\n|t:|1783565077\n|move|p1a: Vigoroth|Earthquake|p2a: Jirachi\n|-supereffective|p2a: Jirachi\n|-damage|p2a: Jirachi|0 fnt\n|faint|p2a: Jirachi\n|\n|upkeep\n|inactive|Time left: 300 sec this turn | 300 sec total | 5 sec grace\n|\n|t:|1783565078\n|switch|p2a: Landorus|Landorus, L75, M|257/257\n|turn|11\n|inactive|Time left: 300 sec this turn | 300 sec total\n|\n|t:|1783565079\n|move|p1a: Vigoroth|Body Slam|p2a: Landorus\n|-damage|p2a: Landorus|79/257\n|-status|p2a: Landorus|par\n|move|p2a: Landorus|Earth Power|p1a: Vigoroth\n|-damage|p1a: Vigoroth|3/100\n|\n|upkeep\n|turn|12\n|inactive|Time left: 300 sec this turn | 300 sec total\n|\n|t:|1783565080\n|move|p1a: Vigoroth|Slack Off|p1a: Vigoroth\n|-heal|p1a: Vigoroth|54/100\n|move|p2a: Landorus|Earth Power|p1a: Vigoroth\n|-damage|p1a: Vigoroth|2/100\n|\n|upkeep\n|turn|13\n|inactive|Time left: 300 sec this turn | 300 sec total\n|\n|t:|1783565080\n|move|p1a: Vigoroth|Slack Off|p1a: Vigoroth\n|-heal|p1a: Vigoroth|52/100\n|move|p2a: Landorus|Earth Power|p1a: Vigoroth\n|-damage|p1a: Vigoroth|0 fnt\n|faint|p1a: Vigoroth\n|\n|upkeep\n|\n|t:|1783565081\n|switch|p1a: Flutter Mane|Flutter Mane, L74|100/100\n|turn|14\n|inactive|Time left: 300 sec this turn | 300 sec total\n|\n|t:|1783565082\n|switch|p2a: Empoleon|Empoleon, L84, M|278/278\n|move|p1a: Flutter Mane|Moonblast|p2a: Empoleon\n|-resisted|p2a: Empoleon\n|-damage|p2a: Empoleon|206/278\n|\n|-heal|p2a: Empoleon|223/278|[from] item: Leftovers\n|upkeep\n|turn|15\n|inactive|Time left: 300 sec this turn | 300 sec total\n|\n|t:|1783565083\n|-end|p1a: Flutter Mane|Protosynthesis|[silent]\n|switch|p1a: Vikavolt|Vikavolt, L83, M|100/100\n|move|p2a: Empoleon|Knock Off|p1a: Vikavolt\n|-damage|p1a: Vikavolt|77/100\n|-enditem|p1a: Vikavolt|Heavy-Duty Boots|[from] move: Knock Off|[of] p2a: Empoleon\n|\n|-heal|p2a: Empoleon|240/278|[from] item: Leftovers\n|upkeep\n|turn|16\n|inactive|Time left: 300 sec this turn | 300 sec total\n|\n|t:|1783565084\n|move|p2a: Empoleon|Surf|p1a: Vikavolt\n|-damage|p1a: Vikavolt|33/100\n|move|p1a: Vikavolt|Thunderbolt|p2a: Empoleon\n|-supereffective|p2a: Empoleon\n|-damage|p2a: Empoleon|10/278\n|\n|-heal|p2a: Empoleon|27/278|[from] item: Leftovers\n|upkeep\n|turn|17\n|inactive|Time left: 300 sec this turn | 300 sec total\n|\n|t:|1783565085\n|switch|p1a: Flutter Mane|Flutter Mane, L74|100/100\n|move|p2a: Empoleon|Surf|p1a: Flutter Mane\n|-damage|p1a: Flutter Mane|62/100\n|\n|-heal|p2a: Empoleon|44/278|[from] item: Leftovers\n|upkeep\n|turn|18\n|inactive|Time left: 300 sec this turn | 300 sec total\n|\n|t:|1783565086\n|switch|p2a: Entei|Entei, L78|307/307\n|move|p1a: Flutter Mane|Moonblast|p2a: Entei\n|-resisted|p2a: Entei\n|-damage|p2a: Entei|215/307\n|\n|upkeep\n|turn|19\n|inactive|Time left: 300 sec this turn | 300 sec total\n|\n|t:|1783565087\n|-end|p1a: Flutter Mane|Protosynthesis|[silent]\n|switch|p1a: Glimmora|Glimmora, L75, F|100/100\n|-item|p1a: Glimmora|Air Balloon\n|move|p2a: Entei|Sacred Fire|p1a: Glimmora\n|-resisted|p1a: Glimmora\n|-damage|p1a: Glimmora|66/100\n|-status|p1a: Glimmora|brn\n|-activate|p1a: Glimmora|ability: Toxic Debris\n|-sidestart|p2: p0y2241c30f|move: Toxic Spikes\n|-enditem|p1a: Glimmora|Air Balloon\n|\n|-damage|p1a: Glimmora|60/100 brn|[from] brn\n|upkeep\n|turn|20\n|inactive|Time left: 300 sec this turn | 300 sec total\n|\n|t:|1783565088\n|move|p2a: Entei|Sacred Fire|p1a: Glimmora\n|-resisted|p1a: Glimmora\n|-damage|p1a: Glimmora|23/100 brn\n|-activate|p1a: Glimmora|ability: Toxic Debris\n|-sidestart|p2: p0y2241c30f|move: Toxic Spikes\n|move|p1a: Glimmora|Power Gem|p2a: Entei\n|-supereffective|p2a: Entei\n|-damage|p2a: Entei|15/307\n|\n|-damage|p1a: Glimmora|17/100 brn|[from] brn\n|upkeep\n|turn|21\n|inactive|Time left: 300 sec this turn | 300 sec total\n|\n|t:|1783565089\n|move|p2a: Entei|Sacred Fire|p1a: Glimmora\n|-resisted|p1a: Glimmora\n|-damage|p1a: Glimmora|0 fnt\n|faint|p1a: Glimmora\n|\n|upkeep\n|\n|t:|1783565090\n|switch|p1a: Flutter Mane|Flutter Mane, L74|62/100\n|turn|22\n|inactive|Time left: 300 sec this turn | 300 sec total\n|\n|t:|1783565091\n|move|p1a: Flutter Mane|Moonblast|p2a: Entei\n|-resisted|p2a: Entei\n|-damage|p2a: Entei|0 fnt\n|faint|p2a: Entei\n|\n|upkeep\n|inactive|Time left: 300 sec this turn | 300 sec total | 5 sec grace\n|\n|t:|1783565093\n|switch|p2a: Ambipom|Ambipom, L84, F|263/263\n|-status|p2a: Ambipom|tox\n|turn|23\n|inactive|Time left: 300 sec this turn | 300 sec total\n|\n|t:|1783565094\n|move|p1a: Flutter Mane|Moonblast|p2a: Ambipom\n|-damage|p2a: Ambipom|67/263 tox\n|move|p2a: Ambipom|Triple Axel|p1a: Flutter Mane\n|-damage|p1a: Flutter Mane|37/100\n|-hitcount|p1a: Flutter Mane|1\n|\n|-damage|p2a: Ambipom|51/263 tox|[from] psn\n|upkeep\n|turn|24\n|inactive|Time left: 300 sec this turn | 300 sec total\n|\n|t:|1783565095\n|move|p1a: Flutter Mane|Moonblast|p2a: Ambipom\n|-damage|p2a: Ambipom|0 fnt\n|faint|p2a: Ambipom\n|\n|upkeep\n|inactive|Time left: 300 sec this turn | 300 sec total | 5 sec grace\n|\n|t:|1783565096\n|switch|p2a: Cinccino|Cinccino, L83, F|260/260\n|-status|p2a: Cinccino|tox\n|turn|25\n|inactive|Time left: 300 sec this turn | 300 sec total\n|\n|t:|1783565097\n|-terastallize|p1a: Flutter Mane|Fairy\n|move|p1a: Flutter Mane|Moonblast|p2a: Cinccino\n|-damage|p2a: Cinccino|0 fnt\n|faint|p2a: Cinccino\n|\n|upkeep\n|inactive|Time left: 300 sec this turn | 300 sec total | 5 sec grace\n|\n|t:|1783565098\n|switch|p2a: Landorus|Landorus, L75, M|79/257 par\n|turn|26\n|inactive|Time left: 300 sec this turn | 300 sec total\n|\n|t:|1783565099\n|move|p1a: Flutter Mane|Moonblast|p2a: Landorus\n|-damage|p2a: Landorus|0 fnt\n|faint|p2a: Landorus\n|\n|upkeep\n|inactive|Time left: 300 sec this turn | 300 sec total | 5 sec grace\n|\n|t:|1783565100\n|switch|p2a: Empoleon|Empoleon, L84, M|44/278\n|turn|27\n|inactive|Time left: 300 sec this turn | 300 sec total\n|\n|t:|1783565101\n|-terastallize|p2a: Empoleon|Grass\n|move|p1a: Flutter Mane|Moonblast|p2a: Empoleon\n|-damage|p2a: Empoleon|0 fnt\n|faint|p2a: Empoleon\n|\n|win|p0x2241cba0", "uploadtime": 1783565101, "views": 0, "rating": 0, "private": 0, "password": null, "_winner": "p0x2241cba0", "_our_name": "p0y2241c30f"}