{"id": "battle-gen9randombattle-808", "formatid": "gen9randombattle", "format": "[Gen 9] Random Battle", "players": ["p0x8089f5c", "p0y8084f1d"], "log": "|init|battle\n|title|p0x8089f5c vs. p0y8084f1d\n|j|\u2606p0x8089f5c\n|j|\u2606p0y8084f1d\n|t:|1783548507\n|gametype|singles\n|player|p1|p0x8089f5c|1|\n|player|p2|p0y8084f1d|101|\n|gen|9\n|tier|[Gen 9] Random Battle\n|rule|Species Clause: Limit one of each Pok\u00e9mon\n|rule|HP Percentage Mod: HP is shown in percentages\n|rule|Sleep Clause Mod: Limit one foe put to sleep\n|rule|Illusion Level Mod: Illusion disguises the Pok\u00e9mon's true level\n|\n|t:|1783548507\n|teamsize|p1|6\n|teamsize|p2|6\n|start\n|switch|p1a: Alcremie|Alcremie-Ruby-Swirl, L90, F|263/263\n|switch|p2a: Mandibuzz|Mandibuzz, L85, F|100/100\n|turn|1\n|inactive|Battle timer is ON: inactive players will automatically lose when time's up. (requested by p0x8089f5c)\n|inactive|p0y8084f1d also wants the timer to be on.\n|\n|t:|1783548508\n|move|p2a: Mandibuzz|Knock Off|p1a: Alcremie\n|-resisted|p1a: Alcremie\n|-damage|p1a: Alcremie|219/263\n|-enditem|p1a: Alcremie|Leftovers|[from] move: Knock Off|[of] p2a: Mandibuzz\n|move|p1a: Alcremie|Calm Mind|p1a: Alcremie\n|-boost|p1a: Alcremie|spa|1\n|-boost|p1a: Alcremie|spd|1\n|\n|upkeep\n|turn|2\n|inactive|Time left: 300 sec this turn | 300 sec total\n|\n|t:|1783548509\n|switch|p2a: Volcanion|Volcanion, L79|100/100\n|move|p1a: Alcremie|Alluring Voice|p2a: Volcanion\n|-resisted|p2a: Volcanion\n|-damage|p2a: Volcanion|69/100\n|\n|upkeep\n|turn|3\n|inactive|Time left: 300 sec this turn | 300 sec total\n|\n|t:|1783548511\n|move|p1a: Alcremie|Alluring Voice|p2a: Volcanion\n|-resisted|p2a: Volcanion\n|-damage|p2a: Volcanion|34/100\n|move|p2a: Volcanion|Haze|p2a: Volcanion\n|-clearallboost\n|\n|upkeep\n|turn|4\n|inactive|Time left: 300 sec this turn | 300 sec total\n|\n|t:|1783548512\n|move|p1a: Alcremie|Calm Mind|p1a: Alcremie\n|-boost|p1a: Alcremie|spa|1\n|-boost|p1a: Alcremie|spd|1\n|move|p2a: Volcanion|Steam Eruption|p1a: Alcremie\n|-damage|p1a: Alcremie|158/263\n|\n|upkeep\n|turn|5\n|inactive|Time left: 300 sec this turn | 300 sec total\n|\n|t:|1783548513\n|move|p1a: Alcremie|Alluring Voice|p2a: Volcanion\n|-resisted|p2a: Volcanion\n|-damage|p2a: Volcanion|2/100\n|move|p2a: Volcanion|Haze|p2a: Volcanion\n|-clearallboost\n|\n|upkeep\n|turn|6\n|inactive|Time left: 300 sec this turn | 300 sec total\n|\n|t:|1783548514\n|switch|p2a: Arceus|Arceus, L68|100/100\n|move|p1a: Alcremie|Alluring Voice|p2a: Arceus\n|-damage|p2a: Arceus|60/100\n|\n|upkeep\n|turn|7\n|inactive|Time left: 300 sec this turn | 300 sec total\n|\n|t:|1783548516\n|switch|p1a: Cloyster|Cloyster, L80, F|211/211\n|move|p2a: Arceus|Swords Dance|p2a: Arceus\n|-boost|p2a: Arceus|atk|2\n|\n|upkeep\n|turn|8\n|inactive|Time left: 300 sec this turn | 300 sec total\n|\n|t:|1783548517\n|move|p2a: Arceus|Extreme Speed|p1a: Cloyster\n|-damage|p1a: Cloyster|104/211\n|-damage|p2a: Arceus|50/100|[from] item: Life Orb\n|move|p1a: Cloyster|Shell Smash|p1a: Cloyster\n|-unboost|p1a: Cloyster|def|1\n|-unboost|p1a: Cloyster|spd|1\n|-boost|p1a: Cloyster|atk|2\n|-boost|p1a: Cloyster|spa|2\n|-boost|p1a: Cloyster|spe|2\n|-enditem|p1a: Cloyster|White Herb\n|-clearnegativeboost|p1a: Cloyster|[silent]\n|\n|upkeep\n|turn|9\n|inactive|Time left: 300 sec this turn | 300 sec total\n|\n|t:|1783548518\n|-terastallize|p1a: Cloyster|Rock\n|-terastallize|p2a: Arceus|Normal\n|move|p2a: Arceus|Extreme Speed|p1a: Cloyster\n|-resisted|p1a: Cloyster\n|-damage|p1a: Cloyster|40/211\n|-damage|p2a: Arceus|40/100|[from] item: Life Orb\n|move|p1a: Cloyster|Icicle Spear|p2a: Arceus\n|-damage|p2a: Arceus|25/100\n|-damage|p2a: Arceus|9/100\n|-damage|p2a: Arceus|0 fnt\n|faint|p2a: Arceus\n|-hitcount|p2: Arceus|3\n|\n|upkeep\n|\n|t:|1783548519\n|switch|p2a: Banette|Banette, L93, F|100/100\n|turn|10\n|inactive|Time left: 300 sec this turn | 300 sec total\n|\n|t:|1783548520\n|move|p2a: Banette|Shadow Sneak|p1a: Cloyster\n|-damage|p1a: Cloyster|0 fnt\n|faint|p1a: Cloyster\n|-damage|p2a: Banette|90/100|[from] item: Life Orb\n|\n|upkeep\n|inactive|Time left: 300 sec this turn | 300 sec total | 5 sec grace\n|\n|t:|1783548521\n|switch|p1a: Sandy Shocks|Sandy Shocks, L80|267/267\n|turn|11\n|inactive|Time left: 300 sec this turn | 300 sec total\n|\n|t:|1783548523\n|move|p1a: Sandy Shocks|Thunderbolt|p2a: Banette\n|-damage|p2a: Banette|49/100\n|move|p2a: Banette|Poltergeist|p1a: Sandy Shocks\n|-activate|p1a: Sandy Shocks|move: Poltergeist|Heavy-Duty Boots\n|-damage|p1a: Sandy Shocks|60/267\n|-damage|p2a: Banette|39/100|[from] item: Life Orb\n|\n|upkeep\n|turn|12\n|inactive|Time left: 300 sec this turn | 300 sec total\n|\n|t:|1783548524\n|move|p2a: Banette|Shadow Sneak|p1a: Sandy Shocks\n|-damage|p1a: Sandy Shocks|0 fnt\n|faint|p1a: Sandy Shocks\n|-end|p1a: Sandy Shocks|Protosynthesis|[silent]\n|-damage|p2a: Banette|29/100|[from] item: Life Orb\n|\n|upkeep\n|inactive|Time left: 300 sec this turn | 300 sec total | 5 sec grace\n|\n|t:|1783548525\n|switch|p1a: Volcarona|Volcarona, L77, M|257/257\n|turn|13\n|inactive|Time left: 300 sec this turn | 300 sec total\n|\n|t:|1783548526\n|move|p1a: Volcarona|Fiery Dance|p2a: Banette\n|-damage|p2a: Banette|0 fnt\n|-boost|p1a: Volcarona|spa|1\n|faint|p2a: Banette\n|\n|upkeep\n|\n|t:|1783548527\n|switch|p2a: Mandibuzz|Mandibuzz, L85, F|100/100\n|turn|14\n|inactive|Time left: 300 sec this turn | 300 sec total\n|\n|t:|1783548528\n|move|p1a: Volcarona|Bug Buzz|p2a: Mandibuzz\n|-damage|p2a: Mandibuzz|59/100\n|move|p2a: Mandibuzz|Brave Bird|p1a: Volcarona\n|-supereffective|p1a: Volcarona\n|-damage|p1a: Volcarona|11/257\n|-damage|p2a: Mandibuzz|34/100|[from] Recoil\n|\n|upkeep\n|turn|15\n|inactive|Time left: 300 sec this turn | 300 sec total\n|\n|t:|1783548530\n|switch|p2a: Volcanion|Volcanion, L79|2/100\n|move|p1a: Volcarona|Fiery Dance|p2a: Volcanion\n|-resisted|p2a: Volcanion\n|-damage|p2a: Volcanion|0 fnt\n|-boost|p1a: Volcarona|spa|1\n|faint|p2a: Volcanion\n|\n|upkeep\n|\n|t:|1783548531\n|switch|p2a: Illumise|Illumise, L91, F|100/100\n|turn|16\n|inactive|Time left: 300 sec this turn | 300 sec total\n|\n|t:|1783548532\n|switch|p1a: Alcremie|Alcremie-Ruby-Swirl, L90, F|158/263\n|move|p2a: Illumise|Bug Buzz|p1a: Alcremie\n|-resisted|p1a: Alcremie\n|-damage|p1a: Alcremie|122/263\n|\n|upkeep\n|turn|17\n|inactive|Time left: 300 sec this turn | 300 sec total\n|\n|t:|1783548533\n|move|p2a: Illumise|Thunder Wave|p1a: Alcremie\n|-status|p1a: Alcremie|par\n|cant|p1a: Alcremie|par\n|\n|upkeep\n|turn|18\n|inactive|Time left: 300 sec this turn | 300 sec total\n|\n|t:|1783548534\n|switch|p2a: Klefki|Klefki, L84, M|100/100\n|move|p1a: Alcremie|Recover|p1a: Alcremie\n|-heal|p1a: Alcremie|254/263 par\n|\n|upkeep\n|turn|19\n|inactive|Time left: 300 sec this turn | 300 sec total\n|\n|t:|1783548535\n|move|p2a: Klefki|Spikes|p1a: Alcremie\n|-sidestart|p1: p0x8089f5c|Spikes\n|move|p1a: Alcremie|Calm Mind|p1a: Alcremie\n|-boost|p1a: Alcremie|spa|1\n|-boost|p1a: Alcremie|spd|1\n|\n|upkeep\n|turn|20\n|inactive|Time left: 300 sec this turn | 300 sec total\n|\n|t:|1783548536\n|move|p2a: Klefki|Spikes|p1a: Alcremie\n|-sidestart|p1: p0x8089f5c|Spikes\n|move|p1a: Alcremie|Alluring Voice|p2a: Klefki\n|-resisted|p2a: Klefki\n|-damage|p2a: Klefki|63/100\n|\n|-heal|p2a: Klefki|69/100|[from] item: Leftovers\n|upkeep\n|turn|21\n|inactive|Time left: 300 sec this turn | 300 sec total\n|\n|t:|1783548537\n|move|p2a: Klefki|Spikes|p1a: Alcremie\n|-sidestart|p1: p0x8089f5c|Spikes\n|move|p1a: Alcremie|Alluring Voice|p2a: Klefki\n|-resisted|p2a: Klefki\n|-damage|p2a: Klefki|34/100\n|\n|-heal|p2a: Klefki|40/100|[from] item: Leftovers\n|upkeep\n|turn|22\n|inactive|Time left: 300 sec this turn | 300 sec total\n|\n|t:|1783548538\n|move|p2a: Klefki|Dazzling Gleam|p1a: Alcremie\n|-damage|p1a: Alcremie|221/263 par\n|move|p1a: Alcremie|Alluring Voice|p2a: Klefki\n|-resisted|p2a: Klefki\n|-damage|p2a: Klefki|5/100\n|\n|-heal|p2a: Klefki|11/100|[from] item: Leftovers\n|upkeep\n|turn|23\n|inactive|Time left: 300 sec this turn | 300 sec total\n|\n|t:|1783548538\n|move|p2a: Klefki|Foul Play|p1a: Alcremie\n|-resisted|p1a: Alcremie\n|-damage|p1a: Alcremie|201/263 par\n|move|p1a: Alcremie|Alluring Voice|p2a: Klefki\n|-resisted|p2a: Klefki\n|-damage|p2a: Klefki|0 fnt\n|faint|p2a: Klefki\n|\n|upkeep\n|\n|t:|1783548539\n|switch|p2a: Illumise|Illumise, L91, F|100/100\n|turn|24\n|inactive|Time left: 300 sec this turn | 300 sec total\n|\n|t:|1783548540\n|switch|p2a: Mandibuzz|Mandibuzz, L85, F|34/100\n|cant|p1a: Alcremie|par\n|\n|upkeep\n|turn|25\n|inactive|Time left: 300 sec this turn | 300 sec total\n|\n|t:|1783548541\n|move|p2a: Mandibuzz|Brave Bird|p1a: Alcremie\n|-damage|p1a: Alcremie|102/263 par\n|-damage|p2a: Mandibuzz|24/100|[from] Recoil\n|move|p1a: Alcremie|Alluring Voice|p2a: Mandibuzz\n|-supereffective|p2a: Mandibuzz\n|-damage|p2a: Mandibuzz|0 fnt\n|faint|p2a: Mandibuzz\n|\n|upkeep\n|\n|t:|1783548542\n|switch|p2a: Illumise|Illumise, L91, F|100/100\n|turn|26\n|inactive|Time left: 300 sec this turn | 300 sec total\n|\n|t:|1783548543\n|move|p2a: Illumise|Bug Buzz|p1a: Alcremie\n|-resisted|p1a: Alcremie\n|-damage|p1a: Alcremie|81/263 par\n|move|p1a: Alcremie|Alluring Voice|p2a: Illumise\n|-damage|p2a: Illumise|46/100\n|\n|upkeep\n|turn|27\n|inactive|Time left: 300 sec this turn | 300 sec total\n|\n|t:|1783548544\n|move|p2a: Illumise|Roost|p2a: Illumise\n|-heal|p2a: Illumise|96/100\n|-singleturn|p2a: Illumise|move: Roost\n|move|p1a: Alcremie|Calm Mind|p1a: Alcremie\n|-boost|p1a: Alcremie|spa|1\n|-boost|p1a: Alcremie|spd|1\n|\n|upkeep\n|turn|28\n|inactive|Time left: 300 sec this turn | 300 sec total\n|\n|t:|1783548544\n|move|p2a: Illumise|Thunder Wave|p1a: Alcremie\n|-fail|p1a: Alcremie|par\n|move|p1a: Alcremie|Alluring Voice|p2a: Illumise\n|-damage|p2a: Illumise|21/100\n|\n|upkeep\n|turn|29\n|inactive|Time left: 300 sec this turn | 300 sec total\n|\n|t:|1783548545\n|move|p2a: Illumise|Roost|p2a: Illumise\n|-heal|p2a: Illumise|71/100\n|-singleturn|p2a: Illumise|move: Roost\n|move|p1a: Alcremie|Alluring Voice|p2a: Illumise\n|-damage|p2a: Illumise|0 fnt\n|faint|p2a: Illumise\n|\n|win|p0x8089f5c", "uploadtime": 1783548545, "views": 0, "rating": 0, "private": 0, "password": null, "_winner": "p0x8089f5c", "_our_name": "p0x8089f5c"}