{"id": "battle-gen9randombattle-1675", "formatid": "gen9randombattle", "format": "[Gen 9] Random Battle", "players": ["p0x16752a35", "p0y16757b48"], "log": "|init|battle\n|title|p0x16752a35 vs. p0y16757b48\n|j|\u2606p0x16752a35\n|j|\u2606p0y16757b48\n|t:|1783559425\n|gametype|singles\n|player|p1|p0x16752a35|101|\n|player|p2|p0y16757b48|265|\n|gen|9\n|tier|[Gen 9] Random Battle\n|rule|Species Clause: Limit one of each Pok\u00e9mon\n|rule|HP Percentage Mod: HP is shown in percentages\n|rule|Sleep Clause Mod: Limit one foe put to sleep\n|rule|Illusion Level Mod: Illusion disguises the Pok\u00e9mon's true level\n|\n|t:|1783559425\n|teamsize|p1|6\n|teamsize|p2|6\n|start\n|switch|p1a: Gholdengo|Gholdengo, L77|100/100\n|switch|p2a: Venomoth|Venomoth, L84, F|255/255\n|turn|1\n|inactive|Battle timer is ON: inactive players will automatically lose when time's up. (requested by p0x16752a35)\n|inactive|Time left: 300 sec this turn | 300 sec total | 60 sec grace\n|inactive|p0y16757b48 also wants the timer to be on.\n|\n|t:|1783559426\n|move|p2a: Venomoth|Quiver Dance|p2a: Venomoth\n|-boost|p2a: Venomoth|spa|1\n|-boost|p2a: Venomoth|spd|1\n|-boost|p2a: Venomoth|spe|1\n|move|p1a: Gholdengo|Shadow Ball|p2a: Venomoth\n|-damage|p2a: Venomoth|183/255\n|-unboost|p2a: Venomoth|spd|1\n|\n|upkeep\n|turn|2\n|inactive|Time left: 300 sec this turn | 300 sec total\n|\n|t:|1783559427\n|move|p2a: Venomoth|Quiver Dance|p2a: Venomoth\n|-boost|p2a: Venomoth|spa|1\n|-boost|p2a: Venomoth|spd|1\n|-boost|p2a: Venomoth|spe|1\n|move|p1a: Gholdengo|Shadow Ball|p2a: Venomoth\n|-damage|p2a: Venomoth|113/255\n|\n|upkeep\n|turn|3\n|inactive|Time left: 300 sec this turn | 300 sec total\n|\n|t:|1783559428\n|move|p2a: Venomoth|Bug Buzz|p1a: Gholdengo\n|-resisted|p1a: Gholdengo\n|-damage|p1a: Gholdengo|65/100\n|move|p1a: Gholdengo|Shadow Ball|p2a: Venomoth\n|-crit|p2a: Venomoth\n|-damage|p2a: Venomoth|0 fnt\n|faint|p2a: Venomoth\n|\n|-heal|p1a: Gholdengo|71/100|[from] item: Leftovers\n|upkeep\n|inactive|Time left: 300 sec this turn | 300 sec total | 5 sec grace\n|\n|t:|1783559429\n|switch|p2a: Emboar|Emboar, L84, M|322/322\n|turn|4\n|inactive|Time left: 300 sec this turn | 300 sec total\n|\n|t:|1783559430\n|move|p1a: Gholdengo|Thunder Wave|p2a: Emboar\n|-status|p2a: Emboar|par\n|move|p2a: Emboar|Flare Blitz|p1a: Gholdengo\n|-supereffective|p1a: Gholdengo\n|-damage|p1a: Gholdengo|0 fnt\n|faint|p1a: Gholdengo\n|-damage|p2a: Emboar|261/322 par|[from] Recoil\n|\n|-heal|p2a: Emboar|281/322 par|[from] item: Leftovers\n|upkeep\n|\n|t:|1783559431\n|switch|p1a: Gallade|Gallade, L80, M|100/100\n|turn|5\n|inactive|Time left: 300 sec this turn | 300 sec total\n|\n|t:|1783559433\n|switch|p2a: Lokix|Lokix, L82, F|251/251\n|move|p1a: Gallade|Psycho Cut|p2a: Lokix\n|-immune|p2a: Lokix\n|\n|upkeep\n|turn|6\n|inactive|Time left: 300 sec this turn | 300 sec total\n|\n|t:|1783559434\n|switch|p1a: Drednaw|Drednaw, L81, F|100/100\n|move|p2a: Lokix|Swords Dance|p2a: Lokix\n|-boost|p2a: Lokix|atk|2\n|\n|upkeep\n|turn|7\n|inactive|Time left: 300 sec this turn | 300 sec total\n|\n|t:|1783559435\n|-terastallize|p2a: Lokix|Dark\n|move|p2a: Lokix|Knock Off|p1a: Drednaw\n|-damage|p1a: Drednaw|0 fnt\n|-enditem|p1a: Drednaw|White Herb|[from] move: Knock Off|[of] p2a: Lokix\n|faint|p1a: Drednaw\n|-damage|p2a: Lokix|226/251|[from] item: Life Orb\n|\n|upkeep\n|\n|t:|1783559436\n|switch|p1a: Chesnaught|Chesnaught, L84, M|100/100\n|turn|8\n|inactive|Time left: 300 sec this turn | 300 sec total\n|\n|t:|1783559437\n|move|p2a: Lokix|Knock Off|p1a: Chesnaught\n|-resisted|p1a: Chesnaught\n|-damage|p1a: Chesnaught|8/100\n|-damage|p2a: Lokix|185/251|[from] item: Rocky Helmet|[of] p1a: Chesnaught\n|-enditem|p1a: Chesnaught|Rocky Helmet|[from] move: Knock Off|[of] p2a: Lokix\n|-damage|p2a: Lokix|160/251|[from] item: Life Orb\n|move|p1a: Chesnaught|Body Press|p2a: Lokix\n|-supereffective|p2a: Lokix\n|-damage|p2a: Lokix|0 fnt\n|faint|p2a: Lokix\n|\n|upkeep\n|inactive|Time left: 300 sec this turn | 300 sec total | 5 sec grace\n|\n|t:|1783559438\n|switch|p2a: Vaporeon|Vaporeon, L86, M|364/364\n|turn|9\n|inactive|Time left: 300 sec this turn | 300 sec total\n|\n|t:|1783559439\n|move|p2a: Vaporeon|Scald|p1a: Chesnaught\n|-resisted|p1a: Chesnaught\n|-damage|p1a: Chesnaught|0 fnt\n|faint|p1a: Chesnaught\n|\n|upkeep\n|\n|t:|1783559439\n|switch|p1a: Decidueye|Decidueye, L88, M|100/100\n|turn|10\n|inactive|Time left: 300 sec this turn | 300 sec total\n|\n|t:|1783559441\n|move|p1a: Decidueye|Swords Dance|p1a: Decidueye\n|-boost|p1a: Decidueye|atk|2\n|move|p2a: Vaporeon|Scald|p1a: Decidueye\n|-resisted|p1a: Decidueye\n|-damage|p1a: Decidueye|87/100\n|\n|upkeep\n|turn|11\n|inactive|Time left: 300 sec this turn | 300 sec total\n|\n|t:|1783559442\n|move|p2a: Vaporeon|Protect|p2a: Vaporeon\n|-singleturn|p2a: Vaporeon|Protect\n|move|p1a: Decidueye|Leaf Blade|p2a: Vaporeon\n|-activate|p2a: Vaporeon|move: Protect\n|\n|upkeep\n|turn|12\n|inactive|Time left: 300 sec this turn | 300 sec total\n|\n|t:|1783559443\n|switch|p2a: Coalossal|Coalossal, L89, M|341/341\n|move|p1a: Decidueye|Leaf Blade|p2a: Coalossal\n|-damage|p2a: Coalossal|114/341\n|-damage|p1a: Decidueye|77/100|[from] item: Life Orb\n|\n|upkeep\n|turn|13\n|inactive|Time left: 300 sec this turn | 300 sec total\n|\n|t:|1783559444\n|move|p1a: Decidueye|Poltergeist|p2a: Coalossal\n|-activate|p2a: Coalossal|move: Poltergeist|Heavy-Duty Boots\n|-damage|p2a: Coalossal|0 fnt\n|faint|p2a: Coalossal\n|-damage|p1a: Decidueye|67/100|[from] item: Life Orb\n|\n|upkeep\n|inactive|Time left: 300 sec this turn | 300 sec total | 5 sec grace\n|\n|t:|1783559445\n|switch|p2a: Electrode|Electrode-Hisui, L87|246/246\n|turn|14\n|inactive|Time left: 300 sec this turn | 300 sec total\n|\n|t:|1783559446\n|move|p2a: Electrode|Substitute|p2a: Electrode\n|-start|p2a: Electrode|Substitute\n|-damage|p2a: Electrode|185/246\n|move|p1a: Decidueye|Poltergeist|p2a: Electrode\n|-activate|p2a: Electrode|move: Poltergeist|Leftovers\n|-end|p2a: Electrode|Substitute\n|-damage|p1a: Decidueye|57/100|[from] item: Life Orb\n|\n|-heal|p2a: Electrode|200/246|[from] item: Leftovers\n|upkeep\n|turn|15\n|inactive|Time left: 300 sec this turn | 300 sec total\n|\n|t:|1783559447\n|move|p2a: Electrode|Substitute|p2a: Electrode\n|-start|p2a: Electrode|Substitute\n|-damage|p2a: Electrode|139/246\n|move|p1a: Decidueye|Poltergeist|p2a: Electrode|[miss]\n|-miss|p1a: Decidueye|p2a: Electrode\n|\n|-heal|p2a: Electrode|154/246|[from] item: Leftovers\n|upkeep\n|turn|16\n|inactive|Time left: 300 sec this turn | 300 sec total\n|\n|t:|1783559448\n|move|p2a: Electrode|Thunderbolt|p1a: Decidueye\n|-resisted|p1a: Decidueye\n|-damage|p1a: Decidueye|44/100\n|move|p1a: Decidueye|Leaf Blade|p2a: Electrode\n|-resisted|p2a: Electrode\n|-end|p2a: Electrode|Substitute\n|-damage|p1a: Decidueye|34/100|[from] item: Life Orb\n|\n|-heal|p2a: Electrode|169/246|[from] item: Leftovers\n|upkeep\n|turn|17\n|inactive|Time left: 300 sec this turn | 300 sec total\n|\n|t:|1783559449\n|-terastallize|p1a: Decidueye|Ghost\n|move|p1a: Decidueye|Shadow Sneak|p2a: Electrode\n|-damage|p2a: Electrode|0 fnt\n|faint|p2a: Electrode\n|-damage|p1a: Decidueye|24/100|[from] item: Life Orb\n|\n|upkeep\n|inactive|Time left: 300 sec this turn | 300 sec total | 5 sec grace\n|\n|t:|1783559450\n|switch|p2a: Vaporeon|Vaporeon, L86, M|364/364\n|turn|18\n|inactive|Time left: 300 sec this turn | 300 sec total\n|\n|t:|1783559451\n|move|p2a: Vaporeon|Protect|p2a: Vaporeon\n|-singleturn|p2a: Vaporeon|Protect\n|move|p1a: Decidueye|Leaf Blade|p2a: Vaporeon\n|-activate|p2a: Vaporeon|move: Protect\n|\n|upkeep\n|turn|19\n|inactive|Time left: 300 sec this turn | 300 sec total\n|\n|t:|1783559452\n|switch|p2a: Emboar|Emboar, L84, M|281/322 par\n|move|p1a: Decidueye|Leaf Blade|p2a: Emboar\n|-resisted|p2a: Emboar\n|-damage|p2a: Emboar|0 fnt\n|faint|p2a: Emboar\n|-damage|p1a: Decidueye|14/100|[from] item: Life Orb\n|\n|upkeep\n|inactive|Time left: 300 sec this turn | 300 sec total | 5 sec grace\n|\n|t:|1783559452\n|switch|p2a: Vaporeon|Vaporeon, L86, M|364/364\n|turn|20\n|inactive|Time left: 300 sec this turn | 300 sec total\n|\n|t:|1783559453\n|move|p2a: Vaporeon|Protect|p2a: Vaporeon\n|-singleturn|p2a: Vaporeon|Protect\n|move|p1a: Decidueye|Leaf Blade|p2a: Vaporeon\n|-activate|p2a: Vaporeon|move: Protect\n|\n|upkeep\n|turn|21\n|inactive|Time left: 300 sec this turn | 300 sec total\n|\n|t:|1783559454\n|move|p2a: Vaporeon|Protect||[still]\n|-fail|p2a: Vaporeon\n|move|p1a: Decidueye|Leaf Blade|p2a: Vaporeon\n|-supereffective|p2a: Vaporeon\n|-damage|p2a: Vaporeon|0 fnt\n|faint|p2a: Vaporeon\n|-damage|p1a: Decidueye|4/100|[from] item: Life Orb\n|\n|win|p0x16752a35", "uploadtime": 1783559454, "views": 0, "rating": 0, "private": 0, "password": null, "_winner": "p0x16752a35", "_our_name": "p0y16757b48"}