{"id": "battle-gen9randombattle-2421", "formatid": "gen9randombattle", "format": "[Gen 9] Random Battle", "players": ["p0x24215c23", "p0y2421c316"], "log": "|init|battle\n|title|p0x24215c23 vs. p0y2421c316\n|j|\u2606p0x24215c23\n|j|\u2606p0y2421c316\n|t:|1783567084\n|gametype|singles\n|player|p1|p0x24215c23|2|\n|player|p2|p0y2421c316|101|\n|gen|9\n|tier|[Gen 9] Random Battle\n|rule|Species Clause: Limit one of each Pok\u00e9mon\n|rule|HP Percentage Mod: HP is shown in percentages\n|rule|Sleep Clause Mod: Limit one foe put to sleep\n|rule|Illusion Level Mod: Illusion disguises the Pok\u00e9mon's true level\n|\n|t:|1783567084\n|teamsize|p1|6\n|teamsize|p2|6\n|start\n|switch|p1a: Glaceon|Glaceon, L94, F|275/275\n|switch|p2a: Kleavor|Kleavor, L78, F|100/100\n|turn|1\n|inactive|Battle timer is ON: inactive players will automatically lose when time's up. (requested by p0x24215c23)\n|inactive|p0y2421c316 also wants the timer to be on.\n|\n|t:|1783567085\n|move|p2a: Kleavor|Stone Axe|p1a: Glaceon\n|-supereffective|p1a: Glaceon\n|-damage|p1a: Glaceon|81/275\n|-sidestart|p1: p0x24215c23|move: Stealth Rock\n|move|p1a: Glaceon|Freeze-Dry|p2a: Kleavor\n|-damage|p2a: Kleavor|36/100\n|\n|upkeep\n|turn|2\n|inactive|Time left: 300 sec this turn | 300 sec total\n|\n|t:|1783567087\n|switch|p1a: Mienshao|Mienshao, L83, M|243/243\n|-damage|p1a: Mienshao|228/243|[from] Stealth Rock\n|move|p2a: Kleavor|X-Scissor|p1a: Mienshao\n|-resisted|p1a: Mienshao\n|-damage|p1a: Mienshao|126/243\n|\n|upkeep\n|turn|3\n|inactive|Time left: 300 sec this turn | 300 sec total\n|\n|t:|1783567088\n|switch|p2a: Overqwil|Overqwil, L82, F|100/100\n|-ability|p2a: Overqwil|Intimidate|boost\n|-unboost|p1a: Mienshao|atk|1\n|move|p1a: Mienshao|High Jump Kick|p2a: Overqwil|[miss]\n|-miss|p1a: Mienshao|p2a: Overqwil\n|-damage|p1a: Mienshao|5/243|[from] highjumpkick\n|\n|upkeep\n|turn|4\n|inactive|Time left: 300 sec this turn | 300 sec total\n|\n|t:|1783567089\n|switch|p2a: Dragapult|Dragapult, L77, F|100/100\n|move|p1a: Mienshao|High Jump Kick|p2a: Dragapult\n|-immune|p2a: Dragapult\n|-damage|p1a: Mienshao|0 fnt|[from] highjumpkick\n|faint|p1a: Mienshao\n|\n|upkeep\n|inactive|Time left: 300 sec this turn | 300 sec total | 5 sec grace\n|\n|t:|1783567090\n|switch|p1a: Spectrier|Spectrier, L75|274/274\n|-damage|p1a: Spectrier|240/274|[from] Stealth Rock\n|turn|5\n|inactive|Time left: 300 sec this turn | 300 sec total\n|\n|t:|1783567091\n|switch|p2a: Primarina|Primarina, L83, F|100/100\n|move|p1a: Spectrier|Shadow Ball|p2a: Primarina\n|-damage|p2a: Primarina|59/100\n|-damage|p1a: Spectrier|213/274|[from] item: Life Orb\n|\n|-heal|p2a: Primarina|65/100|[from] item: Leftovers\n|upkeep\n|turn|6\n|inactive|Time left: 300 sec this turn | 300 sec total\n|\n|t:|1783567092\n|move|p1a: Spectrier|Nasty Plot|p1a: Spectrier\n|-boost|p1a: Spectrier|spa|2\n|move|p2a: Primarina|Calm Mind|p2a: Primarina\n|-boost|p2a: Primarina|spa|1\n|-boost|p2a: Primarina|spd|1\n|\n|-heal|p2a: Primarina|71/100|[from] item: Leftovers\n|upkeep\n|turn|7\n|inactive|Time left: 300 sec this turn | 300 sec total\n|\n|t:|1783567093\n|move|p1a: Spectrier|Shadow Ball|p2a: Primarina\n|-damage|p2a: Primarina|16/100\n|-damage|p1a: Spectrier|186/274|[from] item: Life Orb\n|move|p2a: Primarina|Moonblast|p1a: Spectrier\n|-damage|p1a: Spectrier|0 fnt\n|faint|p1a: Spectrier\n|\n|-heal|p2a: Primarina|22/100|[from] item: Leftovers\n|upkeep\n|inactive|Time left: 300 sec this turn | 300 sec total | 5 sec grace\n|\n|t:|1783567094\n|switch|p1a: Glaceon|Glaceon, L94, F|81/275\n|turn|8\n|inactive|Time left: 300 sec this turn | 300 sec total\n|\n|t:|1783567095\n|switch|p2a: Bisharp|Bisharp, L79, F|100/100\n|move|p1a: Glaceon|Freeze-Dry|p2a: Bisharp\n|-resisted|p2a: Bisharp\n|-damage|p2a: Bisharp|78/100\n|\n|upkeep\n|turn|9\n|inactive|Time left: 300 sec this turn | 300 sec total\n|\n|t:|1783567096\n|move|p1a: Glaceon|Freeze-Dry|p2a: Bisharp\n|-resisted|p2a: Bisharp\n|-damage|p2a: Bisharp|56/100\n|move|p2a: Bisharp|Iron Head|p1a: Glaceon\n|-supereffective|p1a: Glaceon\n|-damage|p1a: Glaceon|0 fnt\n|faint|p1a: Glaceon\n|\n|upkeep\n|inactive|Time left: 300 sec this turn | 300 sec total | 5 sec grace\n|\n|t:|1783567097\n|switch|p1a: Oricorio|Oricorio-Pa'u, L87, F|272/272\n|turn|10\n|inactive|Time left: 300 sec this turn | 300 sec total\n|\n|t:|1783567098\n|-terastallize|p1a: Oricorio|Fighting\n|move|p1a: Oricorio|Quiver Dance|p1a: Oricorio\n|-boost|p1a: Oricorio|spa|1\n|-boost|p1a: Oricorio|spd|1\n|-boost|p1a: Oricorio|spe|1\n|move|p2a: Bisharp|Throat Chop|p1a: Oricorio\n|-resisted|p1a: Oricorio\n|-damage|p1a: Oricorio|222/272\n|-start|p1a: Oricorio|Throat Chop|[silent]\n|\n|upkeep\n|turn|11\n|inactive|Time left: 300 sec this turn | 300 sec total\n|\n|t:|1783567098\n|move|p1a: Oricorio|Revelation Dance|p2a: Bisharp\n|-supereffective|p2a: Bisharp\n|-damage|p2a: Bisharp|0 fnt\n|faint|p2a: Bisharp\n|\n|-end|p1a: Oricorio|Throat Chop|[silent]\n|upkeep\n|\n|t:|1783567099\n|switch|p2a: Overqwil|Overqwil, L82, F|100/100\n|-ability|p2a: Overqwil|Intimidate|boost\n|-unboost|p1a: Oricorio|atk|1\n|turn|12\n|inactive|Time left: 300 sec this turn | 300 sec total\n|\n|t:|1783567100\n|move|p1a: Oricorio|Revelation Dance|p2a: Overqwil\n|-damage|p2a: Overqwil|33/100\n|move|p2a: Overqwil|Gunk Shot|p1a: Oricorio\n|-damage|p1a: Oricorio|59/272\n|-status|p1a: Oricorio|psn\n|\n|-damage|p1a: Oricorio|25/272 psn|[from] psn\n|upkeep\n|turn|13\n|inactive|Time left: 300 sec this turn | 300 sec total\n|\n|t:|1783567101\n|move|p1a: Oricorio|Roost|p1a: Oricorio\n|-heal|p1a: Oricorio|161/272 psn\n|move|p2a: Overqwil|Gunk Shot|p1a: Oricorio\n|-damage|p1a: Oricorio|11/272 psn\n|\n|-damage|p1a: Oricorio|0 fnt|[from] psn\n|faint|p1a: Oricorio\n|upkeep\n|inactive|Time left: 300 sec this turn | 300 sec total | 5 sec grace\n|\n|t:|1783567102\n|switch|p1a: Chandelure|Chandelure, L83, M|235/235\n|-damage|p1a: Chandelure|177/235|[from] Stealth Rock\n|turn|14\n|inactive|Time left: 300 sec this turn | 300 sec total\n|\n|t:|1783567103\n|move|p1a: Chandelure|Fire Blast|p2a: Overqwil\n|-crit|p2a: Overqwil\n|-damage|p2a: Overqwil|0 fnt\n|faint|p2a: Overqwil\n|\n|upkeep\n|\n|t:|1783567104\n|switch|p2a: Dipplin|Dipplin, L88, F|100/100\n|turn|15\n|inactive|Time left: 300 sec this turn | 300 sec total\n|\n|t:|1783567105\n|move|p1a: Chandelure|Fire Blast|p2a: Dipplin\n|-damage|p2a: Dipplin|61/100\n|move|p2a: Dipplin|Dragon Pulse|p1a: Chandelure\n|-damage|p1a: Chandelure|83/235\n|\n|upkeep\n|turn|16\n|inactive|Time left: 300 sec this turn | 300 sec total\n|\n|t:|1783567106\n|move|p2a: Dipplin|Sucker Punch|p1a: Chandelure\n|-supereffective|p1a: Chandelure\n|-crit|p1a: Chandelure\n|-damage|p1a: Chandelure|0 fnt\n|faint|p1a: Chandelure\n|\n|upkeep\n|inactive|Time left: 300 sec this turn | 300 sec total | 5 sec grace\n|\n|t:|1783567107\n|switch|p1a: Appletun|Appletun, L92, F|352/352\n|-damage|p1a: Appletun|308/352|[from] Stealth Rock\n|turn|17\n|inactive|Time left: 300 sec this turn | 300 sec total\n|\n|t:|1783567108\n|switch|p2a: Primarina|Primarina, L83, F|22/100\n|move|p1a: Appletun|Recover|p1a: Appletun\n|-heal|p1a: Appletun|352/352\n|\n|-heal|p2a: Primarina|28/100|[from] item: Leftovers\n|upkeep\n|turn|18\n|inactive|Time left: 300 sec this turn | 300 sec total\n|\n|t:|1783567109\n|-terastallize|p2a: Primarina|Fairy\n|move|p2a: Primarina|Moonblast|p1a: Appletun\n|-supereffective|p1a: Appletun\n|-damage|p1a: Appletun|52/352\n|move|p1a: Appletun|Recover|p1a: Appletun\n|-heal|p1a: Appletun|228/352\n|\n|-heal|p2a: Primarina|34/100|[from] item: Leftovers\n|-heal|p1a: Appletun|250/352|[from] item: Leftovers\n|upkeep\n|turn|19\n|inactive|Time left: 300 sec this turn | 300 sec total\n|\n|t:|1783567110\n|move|p2a: Primarina|Moonblast|p1a: Appletun\n|-supereffective|p1a: Appletun\n|-damage|p1a: Appletun|0 fnt\n|faint|p1a: Appletun\n|\n|win|p0y2421c316", "uploadtime": 1783567110, "views": 0, "rating": 0, "private": 0, "password": null, "_winner": "p0y2421c316", "_our_name": "p0x24215c23"}