{"id": "battle-gen9randombattle-446", "formatid": "gen9randombattle", "format": "[Gen 9] Random Battle", "players": ["p0x446103a", "p0y4464100"], "log": "|init|battle\n|title|p0x446103a vs. p0y4464100\n|j|\u2606p0x446103a\n|j|\u2606p0y4464100\n|t:|1783544225\n|gametype|singles\n|player|p1|p0x446103a|2|\n|player|p2|p0y4464100|170|\n|gen|9\n|tier|[Gen 9] Random Battle\n|rule|Species Clause: Limit one of each Pok\u00e9mon\n|rule|HP Percentage Mod: HP is shown in percentages\n|rule|Sleep Clause Mod: Limit one foe put to sleep\n|rule|Illusion Level Mod: Illusion disguises the Pok\u00e9mon's true level\n|\n|t:|1783544225\n|teamsize|p1|6\n|teamsize|p2|6\n|start\n|switch|p1a: Chesnaught|Chesnaught, L84, F|100/100\n|switch|p2a: Stonjourner|Stonjourner, L91, M|330/330\n|turn|1\n|inactive|Battle timer is ON: inactive players will automatically lose when time's up. (requested by p0x446103a)\n|inactive|Time left: 300 sec this turn | 300 sec total | 60 sec grace\n|\n|t:|1783544226\n|move|p2a: Stonjourner|Heat Crash|p1a: Chesnaught\n|-supereffective|p1a: Chesnaught\n|-damage|p1a: Chesnaught|21/100\n|-damage|p2a: Stonjourner|297/330|[from] item: Life Orb\n|move|p1a: Chesnaught|Body Press|p2a: Stonjourner\n|-supereffective|p2a: Stonjourner\n|-damage|p2a: Stonjourner|171/330\n|\n|-heal|p1a: Chesnaught|27/100|[from] item: Leftovers\n|upkeep\n|turn|2\n|inactive|Time left: 300 sec this turn | 300 sec total\n|inactive|p0y4464100 also wants the timer to be on.\n|\n|t:|1783544227\n|switch|p1a: Vaporeon|Vaporeon, L86, M|100/100\n|move|p2a: Stonjourner|Heat Crash|p1a: Vaporeon\n|-resisted|p1a: Vaporeon\n|-damage|p1a: Vaporeon|75/100\n|-damage|p2a: Stonjourner|138/330|[from] item: Life Orb\n|\n|-heal|p1a: Vaporeon|81/100|[from] item: Leftovers\n|upkeep\n|turn|3\n|inactive|Time left: 300 sec this turn | 300 sec total\n|\n|t:|1783544229\n|move|p2a: Stonjourner|Stone Edge|p1a: Vaporeon\n|-damage|p1a: Vaporeon|7/100\n|-damage|p2a: Stonjourner|105/330|[from] item: Life Orb\n|move|p1a: Vaporeon|Scald|p2a: Stonjourner\n|-supereffective|p2a: Stonjourner\n|-damage|p2a: Stonjourner|0 fnt\n|faint|p2a: Stonjourner\n|\n|-heal|p1a: Vaporeon|13/100|[from] item: Leftovers\n|upkeep\n|inactive|Time left: 300 sec this turn | 300 sec total | 5 sec grace\n|\n|t:|1783544230\n|switch|p2a: Serperior|Serperior, L79, F|248/248\n|turn|4\n|inactive|Time left: 300 sec this turn | 300 sec total\n|\n|t:|1783544231\n|move|p1a: Vaporeon|Protect|p1a: Vaporeon\n|-singleturn|p1a: Vaporeon|Protect\n|move|p2a: Serperior|Leaf Storm|p1a: Vaporeon\n|-activate|p1a: Vaporeon|move: Protect\n|\n|-heal|p1a: Vaporeon|19/100|[from] item: Leftovers\n|upkeep\n|turn|5\n|inactive|Time left: 300 sec this turn | 300 sec total\n|\n|t:|1783544232\n|switch|p1a: Chesnaught|Chesnaught, L84, F|27/100\n|move|p2a: Serperior|Leaf Storm|p1a: Chesnaught\n|-resisted|p1a: Chesnaught\n|-damage|p1a: Chesnaught|8/100\n|-boost|p2a: Serperior|spa|2\n|\n|-heal|p1a: Chesnaught|14/100|[from] item: Leftovers\n|upkeep\n|turn|6\n|inactive|Time left: 300 sec this turn | 300 sec total\n|\n|t:|1783544233\n|switch|p1a: Tropius|Tropius, L91, F|100/100\n|move|p2a: Serperior|Leaf Storm|p1a: Tropius\n|-resisted|p1a: Tropius\n|-damage|p1a: Tropius|87/100\n|-boost|p2a: Serperior|spa|2\n|\n|upkeep\n|turn|7\n|inactive|Time left: 300 sec this turn | 300 sec total\n|\n|t:|1783544234\n|move|p2a: Serperior|Leaf Storm|p1a: Tropius\n|-resisted|p1a: Tropius\n|-damage|p1a: Tropius|65/100\n|-boost|p2a: Serperior|spa|2\n|move|p1a: Tropius|Air Slash|p2a: Serperior\n|-supereffective|p2a: Serperior\n|-damage|p2a: Serperior|110/248\n|\n|-heal|p2a: Serperior|125/248|[from] item: Leftovers\n|upkeep\n|turn|8\n|inactive|Time left: 300 sec this turn | 300 sec total\n|\n|t:|1783544235\n|move|p2a: Serperior|Substitute|p2a: Serperior\n|-start|p2a: Serperior|Substitute\n|-damage|p2a: Serperior|63/248\n|move|p1a: Tropius|Air Slash|p2a: Serperior\n|-supereffective|p2a: Serperior\n|-end|p2a: Serperior|Substitute\n|\n|-heal|p2a: Serperior|78/248|[from] item: Leftovers\n|upkeep\n|turn|9\n|inactive|Time left: 300 sec this turn | 300 sec total\n|\n|t:|1783544236\n|-terastallize|p2a: Serperior|Rock\n|move|p2a: Serperior|Tera Blast|p1a: Tropius|[anim] Tera Blast Rock\n|-supereffective|p1a: Tropius\n|-damage|p1a: Tropius|0 fnt\n|faint|p1a: Tropius\n|\n|-heal|p2a: Serperior|93/248|[from] item: Leftovers\n|upkeep\n|\n|t:|1783544237\n|switch|p1a: Vaporeon|Vaporeon, L86, M|19/100\n|turn|10\n|inactive|Time left: 300 sec this turn | 300 sec total\n|\n|t:|1783544238\n|move|p1a: Vaporeon|Protect|p1a: Vaporeon\n|-singleturn|p1a: Vaporeon|Protect\n|move|p2a: Serperior|Tera Blast|p1a: Vaporeon|[anim] Tera Blast Rock\n|-activate|p1a: Vaporeon|move: Protect\n|\n|-heal|p2a: Serperior|108/248|[from] item: Leftovers\n|-heal|p1a: Vaporeon|25/100|[from] item: Leftovers\n|upkeep\n|turn|11\n|inactive|Time left: 300 sec this turn | 300 sec total\n|\n|t:|1783544239\n|move|p1a: Vaporeon|Protect|p1a: Vaporeon\n|-singleturn|p1a: Vaporeon|Protect\n|move|p2a: Serperior|Tera Blast|p1a: Vaporeon|[anim] Tera Blast Rock\n|-activate|p1a: Vaporeon|move: Protect\n|\n|-heal|p2a: Serperior|123/248|[from] item: Leftovers\n|-heal|p1a: Vaporeon|32/100|[from] item: Leftovers\n|upkeep\n|turn|12\n|inactive|Time left: 300 sec this turn | 300 sec total\n|\n|t:|1783544240\n|-terastallize|p1a: Vaporeon|Ground\n|move|p2a: Serperior|Leaf Storm|p1a: Vaporeon\n|-supereffective|p1a: Vaporeon\n|-damage|p1a: Vaporeon|0 fnt\n|faint|p1a: Vaporeon\n|\n|-heal|p2a: Serperior|138/248|[from] item: Leftovers\n|upkeep\n|\n|t:|1783544241\n|switch|p1a: Chesnaught|Chesnaught, L84, F|14/100\n|turn|13\n|inactive|Time left: 300 sec this turn | 300 sec total\n|\n|t:|1783544242\n|move|p2a: Serperior|Tera Blast|p1a: Chesnaught|[anim] Tera Blast Rock\n|-resisted|p1a: Chesnaught\n|-damage|p1a: Chesnaught|0 fnt\n|faint|p1a: Chesnaught\n|\n|-heal|p2a: Serperior|153/248|[from] item: Leftovers\n|upkeep\n|\n|t:|1783544243\n|switch|p1a: Volcanion|Volcanion, L79|100/100\n|turn|14\n|inactive|Time left: 300 sec this turn | 300 sec total\n|\n|t:|1783544244\n|move|p2a: Serperior|Tera Blast|p1a: Volcanion|[anim] Tera Blast Rock\n|-supereffective|p1a: Volcanion\n|-damage|p1a: Volcanion|0 fnt\n|faint|p1a: Volcanion\n|\n|-heal|p2a: Serperior|168/248|[from] item: Leftovers\n|upkeep\n|\n|t:|1783544245\n|switch|p1a: Terapagos|Terapagos, L77, F|100/100\n|-activate|p1a: Terapagos|ability: Tera Shift\n|detailschange|p1a: Terapagos|Terapagos-Terastal, L77, F\n|-heal|p1a: Terapagos|100/100|[silent]\n|turn|15\n|inactive|Time left: 300 sec this turn | 300 sec total\n|\n|t:|1783544245\n|move|p2a: Serperior|Leaf Storm|p1a: Terapagos\n|-activate|p1a: Terapagos|ability: Tera Shell\n|-resisted|p1a: Terapagos\n|-damage|p1a: Terapagos|32/100\n|move|p1a: Terapagos|Rapid Spin|p2a: Serperior\n|-resisted|p2a: Serperior\n|-damage|p2a: Serperior|144/248\n|-boost|p1a: Terapagos|spe|1\n|\n|-heal|p2a: Serperior|159/248|[from] item: Leftovers\n|upkeep\n|turn|16\n|inactive|Time left: 300 sec this turn | 300 sec total\n|\n|t:|1783544246\n|move|p1a: Terapagos|Dark Pulse|p2a: Serperior\n|-damage|p2a: Serperior|108/248\n|move|p2a: Serperior|Tera Blast|p1a: Terapagos|[anim] Tera Blast Rock\n|-damage|p1a: Terapagos|0 fnt\n|faint|p1a: Terapagos\n|\n|-heal|p2a: Serperior|123/248|[from] item: Leftovers\n|upkeep\n|\n|t:|1783544247\n|switch|p1a: Mienshao|Mienshao, L83, M|100/100\n|turn|17\n|inactive|Time left: 300 sec this turn | 300 sec total\n|\n|t:|1783544248\n|move|p2a: Serperior|Leaf Storm|p1a: Mienshao\n|-damage|p1a: Mienshao|0 fnt\n|faint|p1a: Mienshao\n|\n|win|p0y4464100", "uploadtime": 1783544248, "views": 0, "rating": 0, "private": 0, "password": null, "_winner": "p0y4464100", "_our_name": "p0y4464100"}