{"id": "battle-gen9randombattle-2033", "formatid": "gen9randombattle", "format": "[Gen 9] Random Battle", "players": ["p0x2033c3c5", "p0y2033b6a3"], "log": "|init|battle\n|title|p0x2033c3c5 vs. p0y2033b6a3\n|j|\u2606p0x2033c3c5\n|j|\u2606p0y2033b6a3\n|t:|1783562792\n|gametype|singles\n|player|p1|p0x2033c3c5|170|\n|player|p2|p0y2033b6a3|265|\n|gen|9\n|tier|[Gen 9] Random Battle\n|rule|Species Clause: Limit one of each Pok\u00e9mon\n|rule|HP Percentage Mod: HP is shown in percentages\n|rule|Sleep Clause Mod: Limit one foe put to sleep\n|rule|Illusion Level Mod: Illusion disguises the Pok\u00e9mon's true level\n|\n|t:|1783562792\n|teamsize|p1|6\n|teamsize|p2|6\n|start\n|switch|p1a: Iron Hands|Iron Hands, L79|373/373\n|switch|p2a: Klefki|Klefki, L84, M|100/100\n|turn|1\n|inactive|Battle timer is ON: inactive players will automatically lose when time's up. (requested by p0x2033c3c5)\n|inactive|p0y2033b6a3 also wants the timer to be on.\n|\n|t:|1783562794\n|switch|p2a: Porygon2|Porygon2, L81|100/100\n|-ability|p2a: Porygon2|Download|boost\n|-boost|p2a: Porygon2|spa|1\n|move|p1a: Iron Hands|Drain Punch|p2a: Porygon2\n|-supereffective|p2a: Porygon2\n|-damage|p2a: Porygon2|55/100\n|\n|upkeep\n|turn|2\n|inactive|Time left: 300 sec this turn | 300 sec total\n|\n|t:|1783562795\n|move|p2a: Porygon2|Recover|p2a: Porygon2\n|-heal|p2a: Porygon2|100/100\n|move|p1a: Iron Hands|Drain Punch|p2a: Porygon2\n|-supereffective|p2a: Porygon2\n|-damage|p2a: Porygon2|52/100\n|\n|upkeep\n|turn|3\n|inactive|Time left: 300 sec this turn | 300 sec total\n|\n|t:|1783562795\n|move|p2a: Porygon2|Recover|p2a: Porygon2\n|-heal|p2a: Porygon2|100/100\n|move|p1a: Iron Hands|Drain Punch|p2a: Porygon2\n|-supereffective|p2a: Porygon2\n|-damage|p2a: Porygon2|52/100\n|\n|upkeep\n|turn|4\n|inactive|Time left: 300 sec this turn | 300 sec total\n|\n|t:|1783562796\n|move|p2a: Porygon2|Recover|p2a: Porygon2\n|-heal|p2a: Porygon2|100/100\n|move|p1a: Iron Hands|Drain Punch|p2a: Porygon2\n|-supereffective|p2a: Porygon2\n|-damage|p2a: Porygon2|51/100\n|\n|upkeep\n|turn|5\n|inactive|Time left: 300 sec this turn | 300 sec total\n|\n|t:|1783562797\n|move|p2a: Porygon2|Tri Attack|p1a: Iron Hands\n|-damage|p1a: Iron Hands|255/373\n|-status|p1a: Iron Hands|frz\n|cant|p1a: Iron Hands|frz\n|\n|upkeep\n|turn|6\n|inactive|Time left: 300 sec this turn | 300 sec total\n|\n|t:|1783562798\n|move|p2a: Porygon2|Recover|p2a: Porygon2\n|-heal|p2a: Porygon2|100/100\n|cant|p1a: Iron Hands|frz\n|\n|upkeep\n|turn|7\n|inactive|Time left: 300 sec this turn | 300 sec total\n|\n|t:|1783562799\n|move|p2a: Porygon2|Ice Beam|p1a: Iron Hands\n|-damage|p1a: Iron Hands|171/373 frz\n|cant|p1a: Iron Hands|frz\n|\n|upkeep\n|turn|8\n|inactive|Time left: 300 sec this turn | 300 sec total\n|\n|t:|1783562799\n|move|p2a: Porygon2|Tri Attack|p1a: Iron Hands\n|-damage|p1a: Iron Hands|63/373 frz\n|cant|p1a: Iron Hands|frz\n|\n|upkeep\n|turn|9\n|inactive|Time left: 300 sec this turn | 300 sec total\n|\n|t:|1783562800\n|move|p2a: Porygon2|Tri Attack|p1a: Iron Hands\n|-damage|p1a: Iron Hands|0 fnt\n|faint|p1a: Iron Hands\n|-end|p1a: Iron Hands|Quark Drive|[silent]\n|\n|upkeep\n|inactive|Time left: 300 sec this turn | 300 sec total | 5 sec grace\n|\n|t:|1783562801\n|switch|p1a: Thundurus|Thundurus-Therian, L80, M|258/258\n|turn|10\n|inactive|Time left: 300 sec this turn | 300 sec total\n|\n|t:|1783562802\n|move|p1a: Thundurus|Nasty Plot|p1a: Thundurus\n|-boost|p1a: Thundurus|spa|2\n|move|p2a: Porygon2|Ice Beam|p1a: Thundurus\n|-supereffective|p1a: Thundurus\n|-damage|p1a: Thundurus|50/258\n|\n|upkeep\n|turn|11\n|inactive|Time left: 300 sec this turn | 300 sec total\n|\n|t:|1783562804\n|move|p1a: Thundurus|Focus Blast|p2a: Porygon2\n|-supereffective|p2a: Porygon2\n|-damage|p2a: Porygon2|2/100\n|-unboost|p2a: Porygon2|spd|1\n|move|p2a: Porygon2|Ice Beam|p1a: Thundurus\n|-supereffective|p1a: Thundurus\n|-damage|p1a: Thundurus|0 fnt\n|faint|p1a: Thundurus\n|\n|upkeep\n|inactive|Time left: 300 sec this turn | 300 sec total | 5 sec grace\n|\n|t:|1783562805\n|switch|p1a: Pelipper|Pelipper, L86, M|243/243\n|-weather|RainDance|[from] ability: Drizzle|[of] p1a: Pelipper\n|turn|12\n|inactive|Time left: 300 sec this turn | 300 sec total\n|\n|t:|1783562806\n|move|p1a: Pelipper|Weather Ball|p2a: Porygon2\n|-damage|p2a: Porygon2|0 fnt\n|faint|p2a: Porygon2\n|\n|-weather|RainDance|[upkeep]\n|upkeep\n|\n|t:|1783562807\n|switch|p2a: Meganium|Meganium, L90, M|100/100\n|turn|13\n|inactive|Time left: 300 sec this turn | 300 sec total\n|\n|t:|1783562808\n|move|p2a: Meganium|Energy Ball|p1a: Pelipper\n|-damage|p1a: Pelipper|132/243\n|move|p1a: Pelipper|Weather Ball|p2a: Meganium\n|-resisted|p2a: Meganium\n|-damage|p2a: Meganium|67/100\n|\n|-weather|RainDance|[upkeep]\n|-heal|p2a: Meganium|73/100|[from] item: Leftovers\n|upkeep\n|turn|14\n|inactive|Time left: 300 sec this turn | 300 sec total\n|\n|t:|1783562809\n|move|p2a: Meganium|Energy Ball|p1a: Pelipper\n|-damage|p1a: Pelipper|9/243\n|move|p1a: Pelipper|Weather Ball|p2a: Meganium\n|-resisted|p2a: Meganium\n|-damage|p2a: Meganium|35/100\n|\n|-weather|RainDance|[upkeep]\n|-heal|p2a: Meganium|42/100|[from] item: Leftovers\n|upkeep\n|turn|15\n|inactive|Time left: 300 sec this turn | 300 sec total\n|\n|t:|1783562810\n|move|p2a: Meganium|Knock Off|p1a: Pelipper\n|-damage|p1a: Pelipper|0 fnt\n|-enditem|p1a: Pelipper|Choice Specs|[from] move: Knock Off|[of] p2a: Meganium\n|faint|p1a: Pelipper\n|\n|-weather|RainDance|[upkeep]\n|-heal|p2a: Meganium|48/100|[from] item: Leftovers\n|upkeep\n|inactive|Time left: 300 sec this turn | 300 sec total | 5 sec grace\n|\n|t:|1783562811\n|switch|p1a: Glimmora|Glimmora, L75, M|248/248\n|turn|16\n|inactive|Time left: 300 sec this turn | 300 sec total\n|\n|t:|1783562812\n|move|p2a: Meganium|Synthesis|p2a: Meganium\n|-heal|p2a: Meganium|73/100\n|move|p1a: Glimmora|Meteor Beam||[still]\n|-prepare|p1a: Glimmora|Meteor Beam\n|-boost|p1a: Glimmora|spa|1\n|-enditem|p1a: Glimmora|Power Herb\n|-anim|p1a: Glimmora|Meteor Beam|p2a: Meganium\n|-damage|p2a: Meganium|20/100\n|\n|-weather|none\n|-heal|p2a: Meganium|26/100|[from] item: Leftovers\n|upkeep\n|turn|17\n|inactive|Time left: 300 sec this turn | 300 sec total\n|\n|t:|1783562813\n|-terastallize|p1a: Glimmora|Grass\n|move|p2a: Meganium|Energy Ball|p1a: Glimmora\n|-resisted|p1a: Glimmora\n|-damage|p1a: Glimmora|162/248\n|move|p1a: Glimmora|Meteor Beam||[still]\n|-prepare|p1a: Glimmora|Meteor Beam\n|-boost|p1a: Glimmora|spa|1\n|\n|-heal|p2a: Meganium|32/100|[from] item: Leftovers\n|upkeep\n|turn|18\n|inactive|Time left: 300 sec this turn | 300 sec total\n|\n|t:|1783562814\n|move|p2a: Meganium|Energy Ball|p1a: Glimmora\n|-resisted|p1a: Glimmora\n|-damage|p1a: Glimmora|77/248\n|move|p1a: Glimmora|Meteor Beam|p2a: Meganium|[from] lockedmove\n|-damage|p2a: Meganium|0 fnt\n|faint|p2a: Meganium\n|\n|upkeep\n|\n|t:|1783562814\n|switch|p2a: Azelf|Azelf, L82|100/100\n|turn|19\n|inactive|Time left: 300 sec this turn | 300 sec total\n|\n|t:|1783562815\n|move|p2a: Azelf|Fire Blast|p1a: Glimmora\n|-supereffective|p1a: Glimmora\n|-damage|p1a: Glimmora|0 fnt\n|faint|p1a: Glimmora\n|\n|upkeep\n|inactive|Time left: 300 sec this turn | 300 sec total | 5 sec grace\n|\n|t:|1783562816\n|switch|p1a: Espeon|Espeon, L84, F|246/246\n|turn|20\n|inactive|Time left: 300 sec this turn | 300 sec total\n|\n|t:|1783562817\n|move|p2a: Azelf|Fire Blast|p1a: Espeon\n|-damage|p1a: Espeon|130/246\n|-status|p1a: Espeon|brn\n|move|p1a: Espeon|Shadow Ball|p2a: Azelf\n|-supereffective|p2a: Azelf\n|-damage|p2a: Azelf|0 fnt\n|faint|p2a: Azelf\n|\n|-damage|p1a: Espeon|115/246 brn|[from] brn\n|upkeep\n|\n|t:|1783562818\n|switch|p2a: Tentacruel|Tentacruel, L84, F|100/100\n|turn|21\n|inactive|Time left: 300 sec this turn | 300 sec total\n|\n|t:|1783562819\n|switch|p1a: Vigoroth|Vigoroth, L85, F|275/275\n|move|p2a: Tentacruel|Rapid Spin|p1a: Vigoroth\n|-damage|p1a: Vigoroth|254/275\n|-boost|p2a: Tentacruel|spe|1\n|\n|upkeep\n|turn|22\n|inactive|Time left: 300 sec this turn | 300 sec total\n|\n|t:|1783562820\n|move|p2a: Tentacruel|Toxic|p1a: Vigoroth\n|-status|p1a: Vigoroth|tox\n|move|p1a: Vigoroth|Bulk Up|p1a: Vigoroth\n|-boost|p1a: Vigoroth|atk|1\n|-boost|p1a: Vigoroth|def|1\n|\n|-damage|p1a: Vigoroth|237/275 tox|[from] psn\n|upkeep\n|turn|23\n|inactive|Time left: 300 sec this turn | 300 sec total\n|\n|t:|1783562821\n|move|p2a: Tentacruel|Surf|p1a: Vigoroth\n|-damage|p1a: Vigoroth|155/275 tox\n|move|p1a: Vigoroth|Body Slam|p2a: Tentacruel\n|-damage|p2a: Tentacruel|42/100\n|-status|p2a: Tentacruel|par\n|\n|-heal|p2a: Tentacruel|48/100 par|[from] item: Leftovers\n|-damage|p1a: Vigoroth|121/275 tox|[from] psn\n|upkeep\n|turn|24\n|inactive|Time left: 300 sec this turn | 300 sec total\n|\n|t:|1783562822\n|move|p1a: Vigoroth|Body Slam|p2a: Tentacruel\n|-damage|p2a: Tentacruel|0 fnt\n|faint|p2a: Tentacruel\n|\n|-damage|p1a: Vigoroth|70/275 tox|[from] psn\n|upkeep\n|\n|t:|1783562823\n|switch|p2a: Illumise|Illumise, L91, F|100/100\n|turn|25\n|inactive|Time left: 300 sec this turn | 300 sec total\n|\n|t:|1783562824\n|-terastallize|p2a: Illumise|Water\n|move|p2a: Illumise|Bug Buzz|p1a: Vigoroth\n|-damage|p1a: Vigoroth|0 fnt\n|faint|p1a: Vigoroth\n|\n|upkeep\n|inactive|Time left: 300 sec this turn | 300 sec total | 5 sec grace\n|\n|t:|1783562825\n|switch|p1a: Espeon|Espeon, L84, F|115/246 brn\n|turn|26\n|inactive|Time left: 300 sec this turn | 300 sec total\n|\n|t:|1783562826\n|move|p1a: Espeon|Alluring Voice|p2a: Illumise\n|-damage|p2a: Illumise|62/100\n|move|p2a: Illumise|Bug Buzz|p1a: Espeon\n|-supereffective|p1a: Espeon\n|-damage|p1a: Espeon|0 fnt\n|faint|p1a: Espeon\n|\n|win|p0y2033b6a3", "uploadtime": 1783562826, "views": 0, "rating": 0, "private": 0, "password": null, "_winner": "p0y2033b6a3", "_our_name": "p0x2033c3c5"}