{"id": "battle-gen9randombattle-736", "formatid": "gen9randombattle", "format": "[Gen 9] Random Battle", "players": ["p0x736acd8", "p0y7366533"], "log": "|init|battle\n|title|p0x736acd8 vs. p0y7366533\n|j|\u2606p0x736acd8\n|j|\u2606p0y7366533\n|t:|1783548362\n|gametype|singles\n|player|p1|p0x736acd8|266|\n|player|p2|p0y7366533|2|\n|gen|9\n|tier|[Gen 9] Random Battle\n|rule|Species Clause: Limit one of each Pok\u00e9mon\n|rule|HP Percentage Mod: HP is shown in percentages\n|rule|Sleep Clause Mod: Limit one foe put to sleep\n|rule|Illusion Level Mod: Illusion disguises the Pok\u00e9mon's true level\n|\n|t:|1783548362\n|teamsize|p1|6\n|teamsize|p2|6\n|start\n|switch|p1a: Spiritomb|Spiritomb, L89, M|234/234\n|switch|p2a: Ceruledge|Ceruledge, L78, M|100/100\n|turn|1\n|inactive|Battle timer is ON: inactive players will automatically lose when time's up. (requested by p0y7366533)\n|inactive|Time left: 300 sec this turn | 300 sec total | 60 sec grace\n|inactive|p0x736acd8 also wants the timer to be on.\n|\n|t:|1783548363\n|switch|p2a: Glimmora|Glimmora, L75, M|100/100\n|move|p1a: Spiritomb|Foul Play|p2a: Glimmora\n|-damage|p2a: Glimmora|82/100\n|-activate|p2a: Glimmora|ability: Toxic Debris\n|-sidestart|p1: p0x736acd8|move: Toxic Spikes\n|\n|upkeep\n|turn|2\n|inactive|Time left: 300 sec this turn | 300 sec total\n|\n|t:|1783548365\n|move|p2a: Glimmora|Meteor Beam||[still]\n|-prepare|p2a: Glimmora|Meteor Beam\n|-boost|p2a: Glimmora|spa|1\n|-enditem|p2a: Glimmora|Power Herb\n|-anim|p2a: Glimmora|Meteor Beam|p1a: Spiritomb\n|-damage|p1a: Spiritomb|77/234\n|move|p1a: Spiritomb|Poltergeist||[still]\n|-fail|p1a: Spiritomb\n|\n|-heal|p1a: Spiritomb|91/234|[from] item: Leftovers\n|upkeep\n|turn|3\n|inactive|Time left: 300 sec this turn | 300 sec total\n|\n|t:|1783548366\n|switch|p1a: Cramorant|Cramorant, L86, M|261/261\n|move|p2a: Glimmora|Meteor Beam||[still]\n|-prepare|p2a: Glimmora|Meteor Beam\n|-boost|p2a: Glimmora|spa|1\n|\n|upkeep\n|turn|4\n|inactive|Time left: 300 sec this turn | 300 sec total\n|\n|t:|1783548367\n|move|p1a: Cramorant|Surf|p2a: Glimmora\n|-formechange|p1a: Cramorant|Cramorant-Gulping|\n|-supereffective|p2a: Glimmora\n|-damage|p2a: Glimmora|0 fnt\n|faint|p2a: Glimmora\n|\n|upkeep\n|\n|t:|1783548368\n|switch|p2a: Trevenant|Trevenant, L89, M|100/100\n|turn|5\n|inactive|Time left: 300 sec this turn | 300 sec total\n|\n|t:|1783548368\n|move|p1a: Cramorant|Brave Bird|p2a: Trevenant\n|-supereffective|p2a: Trevenant\n|-crit|p2a: Trevenant\n|-damage|p2a: Trevenant|0 fnt\n|faint|p2a: Trevenant\n|-damage|p1a: Cramorant|163/261|[from] Recoil\n|\n|upkeep\n|\n|t:|1783548369\n|switch|p2a: Meganium|Meganium, L90, M|100/100\n|turn|6\n|inactive|Time left: 300 sec this turn | 300 sec total\n|\n|t:|1783548370\n|move|p2a: Meganium|Swords Dance|p2a: Meganium\n|-boost|p2a: Meganium|atk|2\n|move|p1a: Cramorant|Brave Bird|p2a: Meganium\n|-supereffective|p2a: Meganium\n|-damage|p2a: Meganium|30/100\n|-damage|p1a: Cramorant|96/261|[from] Recoil\n|\n|-heal|p2a: Meganium|36/100|[from] item: Leftovers\n|upkeep\n|turn|7\n|inactive|Time left: 300 sec this turn | 300 sec total\n|\n|t:|1783548371\n|move|p2a: Meganium|Knock Off|p1a: Cramorant\n|-damage|p1a: Cramorant|0 fnt\n|-damage|p2a: Meganium|12/100|[from] ability: Gulp Missile|[of] p1a: Cramorant\n|-unboost|p2a: Meganium|def|1\n|-formechange|p1a: Cramorant|Cramorant|\n|-enditem|p1a: Cramorant|Heavy-Duty Boots|[from] move: Knock Off|[of] p2a: Meganium\n|faint|p1a: Cramorant\n|\n|-heal|p2a: Meganium|18/100|[from] item: Leftovers\n|upkeep\n|inactive|Time left: 300 sec this turn | 300 sec total | 5 sec grace\n|\n|t:|1783548372\n|switch|p1a: Dachsbun|Dachsbun, L92, M|254/254\n|-status|p1a: Dachsbun|psn\n|turn|8\n|inactive|Time left: 300 sec this turn | 300 sec total\n|\n|t:|1783548374\n|move|p1a: Dachsbun|Body Press|p2a: Meganium\n|-damage|p2a: Meganium|0 fnt\n|faint|p2a: Meganium\n|\n|-damage|p1a: Dachsbun|223/254 psn|[from] psn\n|upkeep\n|\n|t:|1783548374\n|switch|p2a: Ceruledge|Ceruledge, L78, M|100/100\n|turn|9\n|inactive|Time left: 300 sec this turn | 300 sec total\n|\n|t:|1783548375\n|move|p1a: Dachsbun|Play Rough|p2a: Ceruledge\n|-resisted|p2a: Ceruledge\n|-damage|p2a: Ceruledge|77/100\n|-ability|p2a: Ceruledge|Weak Armor|boost\n|-unboost|p2a: Ceruledge|def|1\n|-boost|p2a: Ceruledge|spe|2\n|move|p2a: Ceruledge|Swords Dance|p2a: Ceruledge\n|-boost|p2a: Ceruledge|atk|2\n|\n|-heal|p1a: Dachsbun|238/254 psn|[from] item: Leftovers\n|-damage|p1a: Dachsbun|207/254 psn|[from] psn\n|upkeep\n|turn|10\n|inactive|Time left: 300 sec this turn | 300 sec total\n|\n|t:|1783548376\n|move|p2a: Ceruledge|Poltergeist|p1a: Dachsbun\n|-activate|p1a: Dachsbun|move: Poltergeist|Leftovers\n|-damage|p1a: Dachsbun|27/254 psn\n|move|p1a: Dachsbun|Play Rough|p2a: Ceruledge\n|-resisted|p2a: Ceruledge\n|-damage|p2a: Ceruledge|40/100\n|-ability|p2a: Ceruledge|Weak Armor|boost\n|-unboost|p2a: Ceruledge|def|1\n|-boost|p2a: Ceruledge|spe|2\n|\n|-heal|p1a: Dachsbun|42/254 psn|[from] item: Leftovers\n|-damage|p1a: Dachsbun|11/254 psn|[from] psn\n|upkeep\n|turn|11\n|inactive|Time left: 300 sec this turn | 300 sec total\n|\n|t:|1783548377\n|move|p2a: Ceruledge|Poltergeist|p1a: Dachsbun\n|-activate|p1a: Dachsbun|move: Poltergeist|Leftovers\n|-damage|p1a: Dachsbun|0 fnt\n|faint|p1a: Dachsbun\n|\n|upkeep\n|inactive|Time left: 300 sec this turn | 300 sec total | 5 sec grace\n|\n|t:|1783548378\n|switch|p1a: Scrafty|Scrafty, L83, F|244/244\n|-status|p1a: Scrafty|psn\n|-ability|p1a: Scrafty|Intimidate|boost\n|-unboost|p2a: Ceruledge|atk|1\n|turn|12\n|inactive|Time left: 300 sec this turn | 300 sec total\n|\n|t:|1783548379\n|move|p2a: Ceruledge|Close Combat|p1a: Scrafty\n|-supereffective|p1a: Scrafty\n|-damage|p1a: Scrafty|10/244 psn\n|-unboost|p2a: Ceruledge|def|1\n|-unboost|p2a: Ceruledge|spd|1\n|move|p1a: Scrafty|Knock Off|p2a: Ceruledge\n|-supereffective|p2a: Ceruledge\n|-damage|p2a: Ceruledge|0 fnt\n|-enditem|p2a: Ceruledge|Heavy-Duty Boots|[from] move: Knock Off|[of] p1a: Scrafty\n|faint|p2a: Ceruledge\n|\n|-heal|p1a: Scrafty|25/244 psn|[from] item: Leftovers\n|-damage|p1a: Scrafty|0 fnt|[from] psn\n|faint|p1a: Scrafty\n|upkeep\n|inactive|Time left: 300 sec this turn | 300 sec total | 5 sec grace\n|\n|t:|1783548380\n|switch|p2a: Iron Hands|Iron Hands, L79|100/100\n|switch|p1a: Electrode|Electrode, L92|260/260\n|-status|p1a: Electrode|psn\n|turn|13\n|inactive|Time left: 300 sec this turn | 300 sec total\n|\n|t:|1783548382\n|switch|p1a: Whiscash|Whiscash, L88, M|337/337\n|-status|p1a: Whiscash|psn\n|move|p2a: Iron Hands|Thunder Punch|p1a: Whiscash\n|-immune|p1a: Whiscash\n|\n|-damage|p1a: Whiscash|295/337 psn|[from] psn\n|upkeep\n|turn|14\n|inactive|Time left: 300 sec this turn | 300 sec total\n|\n|t:|1783548383\n|-terastallize|p2a: Iron Hands|Fighting\n|move|p1a: Whiscash|Earthquake|p2a: Iron Hands\n|-damage|p2a: Iron Hands|75/100\n|move|p2a: Iron Hands|Close Combat|p1a: Whiscash\n|-crit|p1a: Whiscash\n|-damage|p1a: Whiscash|0 fnt\n|-unboost|p2a: Iron Hands|def|1\n|-unboost|p2a: Iron Hands|spd|1\n|faint|p1a: Whiscash\n|\n|upkeep\n|inactive|Time left: 300 sec this turn | 300 sec total | 5 sec grace\n|\n|t:|1783548384\n|switch|p1a: Electrode|Electrode, L92|260/260 psn\n|turn|15\n|inactive|Time left: 300 sec this turn | 300 sec total\n|\n|t:|1783548385\n|move|p1a: Electrode|Volt Switch|p2a: Iron Hands\n|-damage|p2a: Iron Hands|38/100\n|-damage|p1a: Electrode|234/260 psn|[from] item: Life Orb\n|inactive|Time left: 300 sec this turn | 300 sec total | 5 sec grace\n|\n|t:|1783548386\n|switch|p1a: Spiritomb|Spiritomb, L89, M|91/234|[from] Volt Switch\n|-status|p1a: Spiritomb|psn\n|move|p2a: Iron Hands|Close Combat|p1a: Spiritomb\n|-immune|p1a: Spiritomb\n|\n|-heal|p1a: Spiritomb|105/234 psn|[from] item: Leftovers\n|-damage|p1a: Spiritomb|76/234 psn|[from] psn\n|upkeep\n|turn|16\n|inactive|Time left: 300 sec this turn | 300 sec total\n|\n|t:|1783548387\n|switch|p1a: Electrode|Electrode, L92|234/260 psn\n|move|p2a: Iron Hands|Thunder Punch|p1a: Electrode\n|-resisted|p1a: Electrode\n|-damage|p1a: Electrode|186/260 psn\n|\n|-damage|p1a: Electrode|154/260 psn|[from] psn\n|upkeep\n|turn|17\n|inactive|Time left: 300 sec this turn | 300 sec total\n|\n|t:|1783548388\n|-end|p2a: Iron Hands|Quark Drive|[silent]\n|switch|p2a: Alomomola|Alomomola, L87, F|100/100\n|move|p1a: Electrode|Thunderbolt|p2a: Alomomola\n|-supereffective|p2a: Alomomola\n|-damage|p2a: Alomomola|10/100\n|-damage|p1a: Electrode|128/260 psn|[from] item: Life Orb\n|\n|-damage|p1a: Electrode|96/260 psn|[from] psn\n|upkeep\n|turn|18\n|inactive|Time left: 300 sec this turn | 300 sec total\n|\n|t:|1783548389\n|switch|p2a: Iron Hands|Iron Hands, L79, tera:Fighting|38/100\n|move|p1a: Electrode|Thunderbolt|p2a: Iron Hands\n|-damage|p2a: Iron Hands|11/100\n|-damage|p1a: Electrode|70/260 psn|[from] item: Life Orb\n|\n|-damage|p1a: Electrode|38/260 psn|[from] psn\n|upkeep\n|turn|19\n|inactive|Time left: 300 sec this turn | 300 sec total\n|\n|t:|1783548390\n|-terastallize|p1a: Electrode|Ice\n|move|p2a: Iron Hands|Fake Out|p1a: Electrode\n|-damage|p1a: Electrode|1/260 psn\n|cant|p1a: Electrode|flinch\n|\n|-damage|p1a: Electrode|0 fnt|[from] psn\n|faint|p1a: Electrode\n|upkeep\n|inactive|Time left: 300 sec this turn | 300 sec total | 5 sec grace\n|\n|t:|1783548391\n|switch|p1a: Spiritomb|Spiritomb, L89, M|76/234 psn\n|turn|20\n|inactive|Time left: 300 sec this turn | 300 sec total\n|\n|t:|1783548392\n|move|p1a: Spiritomb|Sucker Punch|p2a: Iron Hands\n|-resisted|p2a: Iron Hands\n|-damage|p2a: Iron Hands|2/100\n|move|p2a: Iron Hands|Thunder Punch|p1a: Spiritomb\n|-damage|p1a: Spiritomb|0 fnt\n|faint|p1a: Spiritomb\n|\n|win|p0y7366533", "uploadtime": 1783548392, "views": 0, "rating": 0, "private": 0, "password": null, "_winner": "p0y7366533", "_our_name": "p0x736acd8"}