{"id": "battle-gen9randombattle-228", "formatid": "gen9randombattle", "format": "[Gen 9] Random Battle", "players": ["p0x228ccfa", "p0y2289638"], "log": "|init|battle\n|title|p0x228ccfa vs. p0y2289638\n|j|\u2606p0x228ccfa\n|j|\u2606p0y2289638\n|t:|1783541745\n|gametype|singles\n|player|p1|p0x228ccfa|265|\n|player|p2|p0y2289638|266|\n|gen|9\n|tier|[Gen 9] Random Battle\n|rule|Species Clause: Limit one of each Pok\u00e9mon\n|rule|HP Percentage Mod: HP is shown in percentages\n|rule|Sleep Clause Mod: Limit one foe put to sleep\n|rule|Illusion Level Mod: Illusion disguises the Pok\u00e9mon's true level\n|\n|t:|1783541745\n|teamsize|p1|6\n|teamsize|p2|6\n|start\n|switch|p1a: Solgaleo|Solgaleo, L74|325/325\n|switch|p2a: Minun|Minun, L95, M|100/100\n|turn|1\n|inactive|Battle timer is ON: inactive players will automatically lose when time's up. (requested by p0x228ccfa)\n|inactive|p0y2289638 also wants the timer to be on.\n|\n|t:|1783541746\n|move|p2a: Minun|Thunderbolt|p1a: Solgaleo\n|-damage|p1a: Solgaleo|187/325\n|-damage|p2a: Minun|91/100|[from] item: Life Orb\n|move|p1a: Solgaleo|Earthquake|p2a: Minun\n|-supereffective|p2a: Minun\n|-damage|p2a: Minun|17/100\n|\n|upkeep\n|turn|2\n|inactive|Time left: 300 sec this turn | 300 sec total\n|\n|t:|1783541748\n|move|p2a: Minun|Thunderbolt|p1a: Solgaleo\n|-damage|p1a: Solgaleo|38/325\n|-status|p1a: Solgaleo|par\n|-damage|p2a: Minun|7/100|[from] item: Life Orb\n|move|p1a: Solgaleo|Knock Off|p2a: Minun\n|-damage|p2a: Minun|0 fnt\n|-enditem|p2a: Minun|Life Orb|[from] move: Knock Off|[of] p1a: Solgaleo\n|faint|p2a: Minun\n|\n|upkeep\n|\n|t:|1783541749\n|switch|p2a: Magnezone|Magnezone, L85|100/100\n|turn|3\n|inactive|Time left: 300 sec this turn | 300 sec total\n|\n|t:|1783541750\n|move|p2a: Magnezone|Flash Cannon|p1a: Solgaleo\n|-resisted|p1a: Solgaleo\n|-damage|p1a: Solgaleo|0 fnt\n|faint|p1a: Solgaleo\n|\n|upkeep\n|inactive|Time left: 300 sec this turn | 300 sec total | 5 sec grace\n|\n|t:|1783541751\n|switch|p1a: Entei|Entei, L78|307/307\n|turn|4\n|inactive|Time left: 300 sec this turn | 300 sec total\n|\n|t:|1783541752\n|switch|p2a: Alomomola|Alomomola, L87, M|100/100\n|move|p1a: Entei|Sacred Fire|p2a: Alomomola\n|-resisted|p2a: Alomomola\n|-damage|p2a: Alomomola|80/100\n|-status|p2a: Alomomola|brn\n|\n|-heal|p2a: Alomomola|86/100 brn|[from] item: Leftovers\n|-damage|p2a: Alomomola|80/100 brn|[from] brn\n|upkeep\n|turn|5\n|inactive|Time left: 300 sec this turn | 300 sec total\n|\n|t:|1783541753\n|move|p1a: Entei|Sacred Fire|p2a: Alomomola\n|-resisted|p2a: Alomomola\n|-damage|p2a: Alomomola|61/100 brn\n|move|p2a: Alomomola|Scald|p1a: Entei\n|-supereffective|p1a: Entei\n|-damage|p1a: Entei|197/307\n|\n|-heal|p2a: Alomomola|67/100 brn|[from] item: Leftovers\n|-damage|p2a: Alomomola|61/100 brn|[from] brn\n|upkeep\n|turn|6\n|inactive|Time left: 300 sec this turn | 300 sec total\n|\n|t:|1783541755\n|move|p1a: Entei|Sacred Fire|p2a: Alomomola\n|-resisted|p2a: Alomomola\n|-damage|p2a: Alomomola|43/100 brn\n|move|p2a: Alomomola|Flip Turn|p1a: Entei\n|-supereffective|p1a: Entei\n|-damage|p1a: Entei|134/307\n|\n|t:|1783541755\n|switch|p2a: Magnezone|Magnezone, L85|100/100|[from] Flip Turn\n|\n|upkeep\n|turn|7\n|inactive|Time left: 300 sec this turn | 300 sec total\n|\n|t:|1783541756\n|move|p2a: Magnezone|Thunderbolt|p1a: Entei\n|-damage|p1a: Entei|0 fnt\n|faint|p1a: Entei\n|\n|upkeep\n|inactive|Time left: 300 sec this turn | 300 sec total | 5 sec grace\n|\n|t:|1783541757\n|switch|p1a: Virizion|Virizion, L82|283/283\n|turn|8\n|inactive|Time left: 300 sec this turn | 300 sec total\n|\n|t:|1783541758\n|move|p2a: Magnezone|Thunderbolt|p1a: Virizion\n|-resisted|p1a: Virizion\n|-damage|p1a: Virizion|234/283\n|move|p1a: Virizion|Swords Dance|p1a: Virizion\n|-boost|p1a: Virizion|atk|2\n|\n|upkeep\n|turn|9\n|inactive|Time left: 300 sec this turn | 300 sec total\n|\n|t:|1783541759\n|move|p2a: Magnezone|Thunderbolt|p1a: Virizion\n|-resisted|p1a: Virizion\n|-damage|p1a: Virizion|185/283\n|move|p1a: Virizion|Close Combat|p2a: Magnezone\n|-supereffective|p2a: Magnezone\n|-crit|p2a: Magnezone\n|-damage|p2a: Magnezone|0 fnt\n|-unboost|p1a: Virizion|def|1\n|-unboost|p1a: Virizion|spd|1\n|faint|p2a: Magnezone\n|-damage|p1a: Virizion|157/283|[from] item: Life Orb\n|\n|upkeep\n|\n|t:|1783541760\n|switch|p2a: Klefki|Klefki, L84, M|100/100\n|turn|10\n|inactive|Time left: 300 sec this turn | 300 sec total\n|\n|t:|1783541761\n|move|p2a: Klefki|Thunder Wave|p1a: Virizion\n|-status|p1a: Virizion|par\n|cant|p1a: Virizion|par\n|\n|upkeep\n|turn|11\n|inactive|Time left: 300 sec this turn | 300 sec total\n|\n|t:|1783541762\n|switch|p1a: Lugia|Lugia, L73|275/275\n|move|p2a: Klefki|Dazzling Gleam|p1a: Lugia\n|-damage|p1a: Lugia|250/275\n|\n|upkeep\n|turn|12\n|inactive|Time left: 300 sec this turn | 300 sec total\n|\n|t:|1783541763\n|switch|p2a: Piloswine|Piloswine, L85, M|100/100\n|move|p1a: Lugia|Calm Mind|p1a: Lugia\n|-boost|p1a: Lugia|spa|1\n|-boost|p1a: Lugia|spd|1\n|\n|upkeep\n|turn|13\n|inactive|Time left: 300 sec this turn | 300 sec total\n|\n|t:|1783541764\n|move|p1a: Lugia|Aeroblast|p2a: Piloswine\n|-damage|p2a: Piloswine|69/100\n|move|p2a: Piloswine|Icicle Crash|p1a: Lugia\n|-supereffective|p1a: Lugia\n|-damage|p1a: Lugia|88/275\n|\n|upkeep\n|turn|14\n|inactive|Time left: 300 sec this turn | 300 sec total\n|\n|t:|1783541766\n|move|p1a: Lugia|Recover|p1a: Lugia\n|-heal|p1a: Lugia|226/275\n|move|p2a: Piloswine|Icicle Crash|p1a: Lugia\n|-supereffective|p1a: Lugia\n|-damage|p1a: Lugia|64/275\n|\n|upkeep\n|turn|15\n|inactive|Time left: 300 sec this turn | 300 sec total\n|\n|t:|1783541767\n|move|p1a: Lugia|Recover|p1a: Lugia\n|-heal|p1a: Lugia|202/275\n|move|p2a: Piloswine|Icicle Crash|p1a: Lugia|[miss]\n|-miss|p2a: Piloswine|p1a: Lugia\n|\n|upkeep\n|turn|16\n|inactive|Time left: 300 sec this turn | 300 sec total\n|\n|t:|1783541768\n|move|p1a: Lugia|Recover|p1a: Lugia\n|-heal|p1a: Lugia|275/275\n|move|p2a: Piloswine|Icicle Crash|p1a: Lugia\n|-supereffective|p1a: Lugia\n|-damage|p1a: Lugia|190/275\n|\n|upkeep\n|turn|17\n|inactive|Time left: 300 sec this turn | 300 sec total\n|\n|t:|1783541769\n|move|p1a: Lugia|Recover|p1a: Lugia\n|-heal|p1a: Lugia|275/275\n|move|p2a: Piloswine|Icicle Crash|p1a: Lugia\n|-supereffective|p1a: Lugia\n|-damage|p1a: Lugia|191/275\n|\n|upkeep\n|turn|18\n|inactive|Time left: 300 sec this turn | 300 sec total\n|\n|t:|1783541770\n|move|p1a: Lugia|Recover|p1a: Lugia\n|-heal|p1a: Lugia|275/275\n|move|p2a: Piloswine|Icicle Crash|p1a: Lugia\n|-supereffective|p1a: Lugia\n|-damage|p1a: Lugia|199/275\n|\n|upkeep\n|turn|19\n|inactive|Time left: 300 sec this turn | 300 sec total\n|\n|t:|1783541771\n|move|p1a: Lugia|Recover|p1a: Lugia\n|-heal|p1a: Lugia|275/275\n|move|p2a: Piloswine|Icicle Crash|p1a: Lugia|[miss]\n|-miss|p2a: Piloswine|p1a: Lugia\n|\n|upkeep\n|turn|20\n|inactive|Time left: 300 sec this turn | 300 sec total\n|\n|t:|1783541772\n|move|p1a: Lugia|Aeroblast|p2a: Piloswine\n|-damage|p2a: Piloswine|39/100\n|move|p2a: Piloswine|Roar|p1a: Lugia\n|drag|p1a: Virizion|Virizion, L82|157/283 par\n|\n|upkeep\n|turn|21\n|inactive|Time left: 300 sec this turn | 300 sec total\n|\n|t:|1783541773\n|switch|p1a: Lugia|Lugia, L73|275/275\n|move|p2a: Piloswine|Icicle Crash|p1a: Lugia|[miss]\n|-miss|p2a: Piloswine|p1a: Lugia\n|\n|upkeep\n|turn|22\n|inactive|Time left: 300 sec this turn | 300 sec total\n|\n|t:|1783541775\n|move|p1a: Lugia|Aeroblast|p2a: Piloswine\n|-damage|p2a: Piloswine|15/100\n|move|p2a: Piloswine|Stealth Rock|p1a: Lugia\n|-sidestart|p1: p0x228ccfa|move: Stealth Rock\n|\n|upkeep\n|turn|23\n|inactive|Time left: 300 sec this turn | 300 sec total\n|\n|t:|1783541775\n|switch|p2a: Klefki|Klefki, L84, M|100/100\n|move|p1a: Lugia|Calm Mind|p1a: Lugia\n|-boost|p1a: Lugia|spa|1\n|-boost|p1a: Lugia|spd|1\n|\n|upkeep\n|turn|24\n|inactive|Time left: 300 sec this turn | 300 sec total\n|\n|t:|1783541777\n|move|p2a: Klefki|Thunder Wave|p1a: Lugia\n|-status|p1a: Lugia|par\n|cant|p1a: Lugia|par\n|\n|upkeep\n|turn|25\n|inactive|Time left: 300 sec this turn | 300 sec total\n|\n|t:|1783541778\n|move|p2a: Klefki|Spikes|p1a: Lugia\n|-sidestart|p1: p0x228ccfa|Spikes\n|move|p1a: Lugia|Calm Mind|p1a: Lugia\n|-boost|p1a: Lugia|spa|1\n|-boost|p1a: Lugia|spd|1\n|\n|upkeep\n|turn|26\n|inactive|Time left: 300 sec this turn | 300 sec total\n|\n|t:|1783541779\n|move|p2a: Klefki|Dazzling Gleam|p1a: Lugia\n|-damage|p1a: Lugia|260/275 par\n|move|p1a: Lugia|Aeroblast|p2a: Klefki\n|-resisted|p2a: Klefki\n|-damage|p2a: Klefki|69/100\n|\n|-heal|p2a: Klefki|75/100|[from] item: Leftovers\n|upkeep\n|turn|27\n|inactive|Time left: 300 sec this turn | 300 sec total\n|\n|t:|1783541780\n|move|p2a: Klefki|Foul Play|p1a: Lugia\n|-supereffective|p1a: Lugia\n|-damage|p1a: Lugia|192/275 par\n|move|p1a: Lugia|Aeroblast|p2a: Klefki\n|-resisted|p2a: Klefki\n|-damage|p2a: Klefki|43/100\n|\n|-heal|p2a: Klefki|49/100|[from] item: Leftovers\n|upkeep\n|turn|28\n|inactive|Time left: 300 sec this turn | 300 sec total\n|\n|t:|1783541781\n|move|p2a: Klefki|Foul Play|p1a: Lugia\n|-supereffective|p1a: Lugia\n|-damage|p1a: Lugia|124/275 par\n|move|p1a: Lugia|Aeroblast|p2a: Klefki\n|-resisted|p2a: Klefki\n|-damage|p2a: Klefki|17/100\n|\n|-heal|p2a: Klefki|23/100|[from] item: Leftovers\n|upkeep\n|turn|29\n|inactive|Time left: 300 sec this turn | 300 sec total\n|\n|t:|1783541782\n|move|p2a: Klefki|Foul Play|p1a: Lugia\n|-supereffective|p1a: Lugia\n|-damage|p1a: Lugia|54/275 par\n|move|p1a: Lugia|Recover|p1a: Lugia\n|-heal|p1a: Lugia|192/275 par\n|\n|-heal|p2a: Klefki|29/100|[from] item: Leftovers\n|upkeep\n|turn|30\n|inactive|Time left: 300 sec this turn | 300 sec total\n|\n|t:|1783541783\n|move|p2a: Klefki|Foul Play|p1a: Lugia\n|-supereffective|p1a: Lugia\n|-damage|p1a: Lugia|118/275 par\n|move|p1a: Lugia|Aeroblast|p2a: Klefki\n|-resisted|p2a: Klefki\n|-damage|p2a: Klefki|0 fnt\n|faint|p2a: Klefki\n|\n|upkeep\n|\n|t:|1783541784\n|switch|p2a: Piloswine|Piloswine, L85, M|15/100\n|turn|31\n|inactive|Time left: 300 sec this turn | 300 sec total\n|\n|t:|1783541785\n|move|p2a: Piloswine|Icicle Crash|p1a: Lugia\n|-supereffective|p1a: Lugia\n|-damage|p1a: Lugia|0 fnt\n|faint|p1a: Lugia\n|\n|upkeep\n|inactive|Time left: 300 sec this turn | 300 sec total | 5 sec grace\n|\n|t:|1783541786\n|switch|p1a: Staraptor|Staraptor, L79, F|263/263\n|-damage|p1a: Staraptor|198/263|[from] Stealth Rock\n|turn|32\n|inactive|Time left: 300 sec this turn | 300 sec total\n|\n|t:|1783541787\n|switch|p2a: Alomomola|Alomomola, L87, M|76/100 brn\n|move|p1a: Staraptor|Brave Bird|p2a: Alomomola\n|-damage|p2a: Alomomola|20/100 brn\n|-damage|p1a: Staraptor|118/263|[from] Recoil\n|\n|-heal|p2a: Alomomola|26/100 brn|[from] item: Leftovers\n|-damage|p2a: Alomomola|20/100 brn|[from] brn\n|upkeep\n|turn|33\n|inactive|Time left: 300 sec this turn | 300 sec total\n|\n|t:|1783541788\n|move|p2a: Alomomola|Protect|p2a: Alomomola\n|-singleturn|p2a: Alomomola|Protect\n|move|p1a: Staraptor|Brave Bird|p2a: Alomomola\n|-activate|p2a: Alomomola|move: Protect\n|\n|-heal|p2a: Alomomola|26/100 brn|[from] item: Leftovers\n|-damage|p2a: Alomomola|20/100 brn|[from] brn\n|upkeep\n|turn|34\n|inactive|Time left: 300 sec this turn | 300 sec total\n|\n|t:|1783541789\n|switch|p2a: Terapagos|Terapagos, L77, F|100/100\n|-activate|p2a: Terapagos|ability: Tera Shift\n|detailschange|p2a: Terapagos|Terapagos-Terastal, L77, F\n|-heal|p2a: Terapagos|100/100|[silent]\n|move|p1a: Staraptor|Brave Bird|p2a: Terapagos\n|-activate|p2a: Terapagos|ability: Tera Shell\n|-resisted|p2a: Terapagos\n|-damage|p2a: Terapagos|58/100\n|-damage|p1a: Staraptor|79/263|[from] Recoil\n|\n|upkeep\n|turn|35\n|inactive|Time left: 300 sec this turn | 300 sec total\n|\n|t:|1783541790\n|switch|p2a: Alomomola|Alomomola, L87, M|54/100 brn\n|move|p1a: Staraptor|Brave Bird|p2a: Alomomola\n|-damage|p2a: Alomomola|0 fnt\n|faint|p2a: Alomomola\n|-damage|p1a: Staraptor|4/263|[from] Recoil\n|\n|upkeep\n|\n|t:|1783541790\n|switch|p2a: Piloswine|Piloswine, L85, M|15/100\n|turn|36\n|inactive|Time left: 300 sec this turn | 300 sec total\n|\n|t:|1783541791\n|move|p1a: Staraptor|Brave Bird|p2a: Piloswine\n|-damage|p2a: Piloswine|0 fnt\n|faint|p2a: Piloswine\n|-damage|p1a: Staraptor|0 fnt|[from] Recoil\n|faint|p1a: Staraptor\n|\n|upkeep\n|inactive|Time left: 300 sec this turn | 300 sec total | 5 sec grace\n|\n|t:|1783541792\n|switch|p1a: Bastiodon|Bastiodon, L89, F|252/252\n|switch|p2a: Terapagos|Terapagos-Terastal, L77, F|58/100\n|-damage|p1a: Bastiodon|237/252|[from] Stealth Rock\n|-damage|p1a: Bastiodon|206/252|[from] Spikes\n|turn|37\n|inactive|Time left: 300 sec this turn | 300 sec total\n|\n|t:|1783541793\n|-terastallize|p1a: Bastiodon|Fighting\n|move|p2a: Terapagos|Rest|p2a: Terapagos\n|-status|p2a: Terapagos|slp|[from] move: Rest\n|-heal|p2a: Terapagos|100/100 slp|[silent]\n|-enditem|p2a: Terapagos|Chesto Berry|[eat]\n|-curestatus|p2a: Terapagos|slp|[msg]\n|move|p1a: Bastiodon|Body Press|p2a: Terapagos\n|-activate|p2a: Terapagos|ability: Tera Shell\n|-resisted|p2a: Terapagos\n|-damage|p2a: Terapagos|76/100\n|\n|upkeep\n|turn|38\n|inactive|Time left: 300 sec this turn | 300 sec total\n|\n|t:|1783541794\n|move|p2a: Terapagos|Rest|p2a: Terapagos\n|-status|p2a: Terapagos|slp|[from] move: Rest\n|-heal|p2a: Terapagos|100/100 slp|[silent]\n|move|p1a: Bastiodon|Body Press|p2a: Terapagos\n|-activate|p2a: Terapagos|ability: Tera Shell\n|-resisted|p2a: Terapagos\n|-damage|p2a: Terapagos|75/100 slp\n|\n|upkeep\n|turn|39\n|inactive|Time left: 300 sec this turn | 300 sec total\n|\n|t:|1783541795\n|-terastallize|p2a: Terapagos|Stellar\n|detailschange|p2a: Terapagos|Terapagos-Stellar, L77, F, tera:Stellar\n|-heal|p2a: Terapagos|82/100 slp|[silent]\n|cant|p2a: Terapagos|slp\n|move|p1a: Bastiodon|Body Press|p2a: Terapagos\n|-supereffective|p2a: Terapagos\n|-damage|p2a: Terapagos|11/100 slp\n|\n|upkeep\n|turn|40\n|inactive|Time left: 300 sec this turn | 300 sec total\n|\n|t:|1783541796\n|cant|p2a: Terapagos|slp\n|move|p1a: Bastiodon|Foul Play|p2a: Terapagos\n|-damage|p2a: Terapagos|0 fnt\n|faint|p2a: Terapagos\n|detailschange|p2: Terapagos|Terapagos, L77, F|[silent]\n|\n|win|p0x228ccfa", "uploadtime": 1783541796, "views": 0, "rating": 0, "private": 0, "password": null, "_winner": "p0x228ccfa", "_our_name": "p0x228ccfa"}