{"id": "battle-gen9randombattle-230", "formatid": "gen9randombattle", "format": "[Gen 9] Random Battle", "players": ["p0x2303b32", "p0y23034e2"], "log": "|init|battle\n|title|p0x2303b32 vs. p0y23034e2\n|j|\u2606p0x2303b32\n|j|\u2606p0y23034e2\n|t:|1783542225\n|gametype|singles\n|player|p1|p0x2303b32|265|\n|player|p2|p0y23034e2|102|\n|gen|9\n|tier|[Gen 9] Random Battle\n|rule|Species Clause: Limit one of each Pok\u00e9mon\n|rule|HP Percentage Mod: HP is shown in percentages\n|rule|Sleep Clause Mod: Limit one foe put to sleep\n|rule|Illusion Level Mod: Illusion disguises the Pok\u00e9mon's true level\n|\n|t:|1783542225\n|teamsize|p1|6\n|teamsize|p2|6\n|start\n|switch|p1a: Masquerain|Masquerain, L87, M|100/100\n|switch|p2a: Terapagos|Terapagos, L77, M|265/265\n|-activate|p2a: Terapagos|ability: Tera Shift\n|detailschange|p2a: Terapagos|Terapagos-Terastal, L77, M\n|-heal|p2a: Terapagos|273/273|[silent]\n|-ability|p1a: Masquerain|Intimidate|boost\n|-unboost|p2a: Terapagos|atk|1\n|turn|1\n|inactive|Battle timer is ON: inactive players will automatically lose when time's up. (requested by p0x2303b32)\n|inactive|Time left: 300 sec this turn | 300 sec total | 60 sec grace\n|inactive|p0y23034e2 also wants the timer to be on.\n|\n|t:|1783542227\n|move|p1a: Masquerain|Quiver Dance|p1a: Masquerain\n|-boost|p1a: Masquerain|spa|1\n|-boost|p1a: Masquerain|spd|1\n|-boost|p1a: Masquerain|spe|1\n|move|p2a: Terapagos|Tera Starstorm|p1a: Masquerain\n|-damage|p1a: Masquerain|73/100\n|\n|upkeep\n|turn|2\n|inactive|Time left: 300 sec this turn | 300 sec total\n|\n|t:|1783542229\n|switch|p2a: Hoopa|Hoopa, L85|275/275\n|move|p1a: Masquerain|Hurricane|p2a: Hoopa\n|-damage|p2a: Hoopa|127/275\n|-start|p2a: Hoopa|confusion\n|\n|upkeep\n|turn|3\n|inactive|Time left: 300 sec this turn | 300 sec total\n|\n|t:|1783542230\n|move|p1a: Masquerain|Quiver Dance|p1a: Masquerain\n|-boost|p1a: Masquerain|spa|1\n|-boost|p1a: Masquerain|spd|1\n|-boost|p1a: Masquerain|spe|1\n|-activate|p2a: Hoopa|confusion\n|-damage|p2a: Hoopa|94/275|[from] confusion\n|\n|upkeep\n|turn|4\n|inactive|Time left: 300 sec this turn | 300 sec total\n|\n|t:|1783542231\n|move|p1a: Masquerain|Bug Buzz|p2a: Hoopa\n|-damage|p2a: Hoopa|0 fnt\n|faint|p2a: Hoopa\n|\n|upkeep\n|inactive|Time left: 300 sec this turn | 300 sec total | 5 sec grace\n|\n|t:|1783542232\n|switch|p2a: Plusle|Plusle, L95, M|268/268\n|turn|5\n|inactive|Time left: 300 sec this turn | 300 sec total\n|\n|t:|1783542234\n|move|p1a: Masquerain|Bug Buzz|p2a: Plusle\n|-damage|p2a: Plusle|64/268\n|move|p2a: Plusle|Thunderbolt|p1a: Masquerain\n|-supereffective|p1a: Masquerain\n|-damage|p1a: Masquerain|13/100\n|-damage|p2a: Plusle|38/268|[from] item: Life Orb\n|\n|upkeep\n|turn|6\n|inactive|Time left: 300 sec this turn | 300 sec total\n|\n|t:|1783542235\n|move|p1a: Masquerain|Bug Buzz|p2a: Plusle\n|-damage|p2a: Plusle|0 fnt\n|faint|p2a: Plusle\n|\n|upkeep\n|inactive|Time left: 300 sec this turn | 300 sec total | 5 sec grace\n|\n|t:|1783542236\n|switch|p2a: Eternatus|Eternatus, L69|308/308\n|-ability|p2a: Eternatus|Pressure\n|turn|7\n|inactive|Time left: 300 sec this turn | 300 sec total\n|\n|t:|1783542237\n|move|p1a: Masquerain|Hurricane|p2a: Eternatus|[miss]\n|-miss|p1a: Masquerain|p2a: Eternatus\n|move|p2a: Eternatus|Dynamax Cannon|p1a: Masquerain\n|-damage|p1a: Masquerain|0 fnt\n|faint|p1a: Masquerain\n|\n|upkeep\n|\n|t:|1783542238\n|switch|p1a: Sunflora|Sunflora, F|100/100\n|turn|8\n|inactive|Time left: 300 sec this turn | 300 sec total\n|\n|t:|1783542239\n|move|p2a: Eternatus|Sludge Bomb|p1a: Sunflora\n|-supereffective|p1a: Sunflora\n|-damage|p1a: Sunflora|52/100\n|-status|p1a: Sunflora|psn\n|move|p1a: Sunflora|Earth Power|p2a: Eternatus\n|-supereffective|p2a: Eternatus\n|-damage|p2a: Eternatus|6/308\n|\n|-damage|p1a: Sunflora|39/100 psn|[from] psn\n|upkeep\n|turn|9\n|inactive|Time left: 300 sec this turn | 300 sec total\n|\n|t:|1783542240\n|switch|p1a: Tinkaton|Tinkaton, L82, F|100/100\n|-ability|p1a: Tinkaton|Mold Breaker\n|move|p2a: Eternatus|Sludge Bomb|p1a: Tinkaton\n|-immune|p1a: Tinkaton\n|\n|upkeep\n|turn|10\n|inactive|Time left: 300 sec this turn | 300 sec total\n|\n|t:|1783542241\n|move|p2a: Eternatus|Recover|p2a: Eternatus\n|-heal|p2a: Eternatus|160/308\n|move|p1a: Tinkaton|Swords Dance|p1a: Tinkaton\n|-boost|p1a: Tinkaton|atk|2\n|\n|upkeep\n|turn|11\n|inactive|Time left: 300 sec this turn | 300 sec total\n|\n|t:|1783542242\n|move|p2a: Eternatus|Fire Blast|p1a: Tinkaton\n|-supereffective|p1a: Tinkaton\n|-damage|p1a: Tinkaton|55/100\n|move|p1a: Tinkaton|Gigaton Hammer|p2a: Eternatus\n|-damage|p2a: Eternatus|0 fnt\n|faint|p2a: Eternatus\n|\n|-heal|p1a: Tinkaton|61/100|[from] item: Leftovers\n|upkeep\n|inactive|Time left: 300 sec this turn | 300 sec total | 5 sec grace\n|\n|t:|1783542244\n|switch|p2a: Metagross|Metagross, L79|256/256\n|turn|12\n|inactive|Time left: 300 sec this turn | 300 sec total\n|\n|t:|1783542245\n|move|p1a: Tinkaton|Knock Off|p2a: Metagross\n|-supereffective|p2a: Metagross\n|-damage|p2a: Metagross|88/256\n|-enditem|p2a: Metagross|Weakness Policy\n|-boost|p2a: Metagross|atk|2|[from] item: Weakness Policy\n|-boost|p2a: Metagross|spa|2|[from] item: Weakness Policy\n|move|p2a: Metagross|Earthquake|p1a: Tinkaton\n|-supereffective|p1a: Tinkaton\n|-damage|p1a: Tinkaton|0 fnt\n|faint|p1a: Tinkaton\n|\n|upkeep\n|\n|t:|1783542246\n|switch|p1a: Tauros|Tauros-Paldea-Combat, L82, M|100/100\n|-ability|p1a: Tauros|Intimidate|boost\n|-fail|p2a: Metagross|unboost|[from] ability: Clear Body|[of] p2a: Metagross\n|turn|13\n|inactive|Time left: 300 sec this turn | 300 sec total\n|\n|t:|1783542247\n|move|p1a: Tauros|Close Combat|p2a: Metagross\n|-damage|p2a: Metagross|0 fnt\n|-unboost|p1a: Tauros|def|1\n|-unboost|p1a: Tauros|spd|1\n|faint|p2a: Metagross\n|-damage|p1a: Tauros|91/100|[from] item: Life Orb\n|\n|upkeep\n|inactive|Time left: 300 sec this turn | 300 sec total | 5 sec grace\n|\n|t:|1783542248\n|switch|p2a: Luvdisc|Luvdisc, M|247/247\n|turn|14\n|inactive|Time left: 300 sec this turn | 300 sec total\n|\n|t:|1783542249\n|move|p2a: Luvdisc|Surf|p1a: Tauros\n|-damage|p1a: Tauros|38/100\n|move|p1a: Tauros|Close Combat|p2a: Luvdisc\n|-damage|p2a: Luvdisc|59/247\n|-unboost|p1a: Tauros|def|1\n|-unboost|p1a: Tauros|spd|1\n|-damage|p1a: Tauros|29/100|[from] item: Life Orb\n|\n|upkeep\n|turn|15\n|inactive|Time left: 300 sec this turn | 300 sec total\n|\n|t:|1783542250\n|switch|p1a: Sunflora|Sunflora, F|39/100 psn\n|move|p2a: Luvdisc|Surf|p1a: Sunflora\n|-resisted|p1a: Sunflora\n|-damage|p1a: Sunflora|29/100 psn\n|\n|-damage|p1a: Sunflora|17/100 psn|[from] psn\n|upkeep\n|turn|16\n|inactive|Time left: 300 sec this turn | 300 sec total\n|\n|t:|1783542251\n|move|p2a: Luvdisc|Substitute|p2a: Luvdisc\n|-fail|p2a: Luvdisc|move: Substitute|[weak]\n|move|p1a: Sunflora|Leaf Storm|p2a: Luvdisc|[miss]\n|-miss|p1a: Sunflora|p2a: Luvdisc\n|\n|-damage|p1a: Sunflora|4/100 psn|[from] psn\n|upkeep\n|turn|17\n|inactive|Time left: 300 sec this turn | 300 sec total\n|\n|t:|1783542252\n|move|p2a: Luvdisc|Surf|p1a: Sunflora\n|-resisted|p1a: Sunflora\n|-damage|p1a: Sunflora|0 fnt\n|faint|p1a: Sunflora\n|\n|upkeep\n|\n|t:|1783542253\n|switch|p1a: Tornadus|Tornadus-Therian, L79, M|100/100\n|turn|18\n|inactive|Time left: 300 sec this turn | 300 sec total\n|\n|t:|1783542254\n|move|p2a: Luvdisc|Endeavor|p1a: Tornadus\n|-damage|p1a: Tornadus|24/100\n|move|p1a: Tornadus|Knock Off|p2a: Luvdisc\n|-damage|p2a: Luvdisc|0 fnt\n|-enditem|p2a: Luvdisc|Heavy-Duty Boots|[from] move: Knock Off|[of] p1a: Tornadus\n|faint|p2a: Luvdisc\n|\n|upkeep\n|inactive|Time left: 300 sec this turn | 300 sec total | 5 sec grace\n|\n|t:|1783542255\n|switch|p2a: Terapagos|Terapagos-Terastal, L77, M|273/273\n|turn|19\n|inactive|Time left: 300 sec this turn | 300 sec total\n|\n|t:|1783542256\n|move|p1a: Tornadus|U-turn|p2a: Terapagos\n|-activate|p2a: Terapagos|ability: Tera Shell\n|-resisted|p2a: Terapagos\n|-damage|p2a: Terapagos|253/273\n|\n|t:|1783542257\n|switch|p1a: Tauros|Tauros-Paldea-Combat, L82, M|29/100|[from] U-turn\n|-ability|p1a: Tauros|Intimidate|boost\n|-unboost|p2a: Terapagos|atk|1\n|move|p2a: Terapagos|Tera Starstorm|p1a: Tauros\n|-damage|p1a: Tauros|0 fnt\n|faint|p1a: Tauros\n|\n|upkeep\n|\n|t:|1783542258\n|switch|p1a: Tornadus|Tornadus-Therian, L79, M|57/100\n|turn|20\n|inactive|Time left: 300 sec this turn | 300 sec total\n|\n|t:|1783542259\n|move|p1a: Tornadus|U-turn|p2a: Terapagos\n|-damage|p2a: Terapagos|207/273\n|\n|t:|1783542260\n|switch|p1a: Sableye|Sableye, L88, F|100/100|[from] U-turn\n|move|p2a: Terapagos|Calm Mind|p2a: Terapagos\n|-boost|p2a: Terapagos|spa|1\n|-boost|p2a: Terapagos|spd|1\n|\n|upkeep\n|turn|21\n|inactive|Time left: 300 sec this turn | 300 sec total\n|\n|t:|1783542261\n|move|p2a: Terapagos|Calm Mind|p2a: Terapagos\n|-boost|p2a: Terapagos|spa|1\n|-boost|p2a: Terapagos|spd|1\n|move|p1a: Sableye|Knock Off|p2a: Terapagos\n|-damage|p2a: Terapagos|126/273\n|-enditem|p2a: Terapagos|Chesto Berry|[from] move: Knock Off|[of] p1a: Sableye\n|\n|upkeep\n|turn|22\n|inactive|Time left: 300 sec this turn | 300 sec total\n|\n|t:|1783542262\n|move|p2a: Terapagos|Earth Power|p1a: Sableye\n|-damage|p1a: Sableye|41/100\n|move|p1a: Sableye|Knock Off|p2a: Terapagos\n|-damage|p2a: Terapagos|68/273\n|\n|-heal|p1a: Sableye|47/100|[from] item: Leftovers\n|upkeep\n|turn|23\n|inactive|Time left: 300 sec this turn | 300 sec total\n|\n|t:|1783542263\n|-terastallize|p1a: Sableye|Steel\n|move|p1a: Sableye|Encore|p2a: Terapagos\n|-start|p2a: Terapagos|Encore\n|move|p2a: Terapagos|Earth Power|p1a: Sableye\n|-supereffective|p1a: Sableye\n|-damage|p1a: Sableye|0 fnt\n|faint|p1a: Sableye\n|\n|upkeep\n|\n|t:|1783542264\n|switch|p1a: Tornadus|Tornadus-Therian, L79, M|90/100\n|turn|24\n|inactive|Time left: 300 sec this turn | 300 sec total\n|\n|t:|1783542265\n|move|p1a: Tornadus|Knock Off|p2a: Terapagos\n|-damage|p2a: Terapagos|32/273\n|move|p2a: Terapagos|Earth Power|p1a: Tornadus\n|-immune|p1a: Tornadus\n|\n|upkeep\n|turn|25\n|inactive|Time left: 300 sec this turn | 300 sec total\n|\n|t:|1783542265\n|move|p1a: Tornadus|Knock Off|p2a: Terapagos\n|-damage|p2a: Terapagos|0 fnt\n|faint|p2a: Terapagos\n|\n|win|p0x2303b32", "uploadtime": 1783542265, "views": 0, "rating": 0, "private": 0, "password": null, "_winner": "p0x2303b32", "_our_name": "p0y23034e2"}