{"id": "battle-gen9randombattle-1744", "formatid": "gen9randombattle", "format": "[Gen 9] Random Battle", "players": ["p0x1744b519", "p0y17441f56"], "log": "|init|battle\n|title|p0x1744b519 vs. p0y17441f56\n|j|\u2606p0x1744b519\n|j|\u2606p0y17441f56\n|t:|1783559436\n|gametype|singles\n|player|p1|p0x1744b519|101|\n|player|p2|p0y17441f56|266|\n|gen|9\n|tier|[Gen 9] Random Battle\n|rule|Species Clause: Limit one of each Pok\u00e9mon\n|rule|HP Percentage Mod: HP is shown in percentages\n|rule|Sleep Clause Mod: Limit one foe put to sleep\n|rule|Illusion Level Mod: Illusion disguises the Pok\u00e9mon's true level\n|\n|t:|1783559436\n|teamsize|p1|6\n|teamsize|p2|6\n|start\n|switch|p1a: Phione|Phione, L91|100/100\n|switch|p2a: Goodra|Goodra-Hisui, L82, F|265/265\n|turn|1\n|inactive|Battle timer is ON: inactive players will automatically lose when time's up. (requested by p0y17441f56)\n|\n|t:|1783559437\n|move|p1a: Phione|Scald|p2a: Goodra\n|-resisted|p2a: Goodra\n|-damage|p2a: Goodra|244/265\n|move|p2a: Goodra|Knock Off|p1a: Phione\n|-damage|p1a: Phione|78/100\n|-enditem|p1a: Phione|Leftovers|[from] move: Knock Off|[of] p2a: Goodra\n|\n|upkeep\n|turn|2\n|inactive|Time left: 300 sec this turn | 300 sec total\n|inactive|p0x1744b519 also wants the timer to be on.\n|\n|t:|1783559439\n|move|p1a: Phione|Scald|p2a: Goodra\n|-resisted|p2a: Goodra\n|-damage|p2a: Goodra|225/265\n|move|p2a: Goodra|Knock Off|p1a: Phione\n|-damage|p1a: Phione|63/100\n|\n|upkeep\n|turn|3\n|inactive|Time left: 300 sec this turn | 300 sec total\n|\n|t:|1783559440\n|move|p1a: Phione|Scald|p2a: Goodra\n|-resisted|p2a: Goodra\n|-damage|p2a: Goodra|205/265\n|-status|p2a: Goodra|brn\n|move|p2a: Goodra|Earthquake|p1a: Phione\n|-damage|p1a: Phione|51/100\n|\n|-damage|p2a: Goodra|189/265 brn|[from] brn\n|upkeep\n|turn|4\n|inactive|Time left: 300 sec this turn | 300 sec total\n|\n|t:|1783559441\n|move|p1a: Phione|Scald|p2a: Goodra\n|-resisted|p2a: Goodra\n|-damage|p2a: Goodra|168/265 brn\n|move|p2a: Goodra|Draco Meteor|p1a: Phione\n|-damage|p1a: Phione|0 fnt\n|-unboost|p2a: Goodra|spa|2\n|faint|p1a: Phione\n|\n|-damage|p2a: Goodra|152/265 brn|[from] brn\n|upkeep\n|\n|t:|1783559442\n|switch|p1a: Armarouge|Armarouge, L80, F|100/100\n|turn|5\n|inactive|Time left: 300 sec this turn | 300 sec total\n|\n|t:|1783559444\n|switch|p2a: Milotic|Milotic, L83, F|293/293\n|move|p1a: Armarouge|Meteor Beam||[still]\n|-prepare|p1a: Armarouge|Meteor Beam\n|-boost|p1a: Armarouge|spa|1\n|-enditem|p1a: Armarouge|Power Herb\n|-anim|p1a: Armarouge|Meteor Beam|p2a: Milotic\n|-damage|p2a: Milotic|185/293\n|\n|-heal|p2a: Milotic|203/293|[from] item: Leftovers\n|upkeep\n|turn|6\n|inactive|Time left: 300 sec this turn | 300 sec total\n|\n|t:|1783559445\n|move|p2a: Milotic|Scald|p1a: Armarouge\n|-supereffective|p1a: Armarouge\n|-damage|p1a: Armarouge|30/100\n|move|p1a: Armarouge|Psyshock|p2a: Milotic\n|-damage|p2a: Milotic|53/293\n|\n|-heal|p2a: Milotic|71/293|[from] item: Leftovers\n|upkeep\n|turn|7\n|inactive|Time left: 300 sec this turn | 300 sec total\n|\n|t:|1783559446\n|move|p2a: Milotic|Scald|p1a: Armarouge\n|-supereffective|p1a: Armarouge\n|-damage|p1a: Armarouge|0 fnt\n|faint|p1a: Armarouge\n|\n|-heal|p2a: Milotic|89/293|[from] item: Leftovers\n|upkeep\n|\n|t:|1783559447\n|switch|p1a: Tauros|Tauros-Paldea-Combat, L82, M|100/100\n|-ability|p1a: Tauros|Intimidate|boost\n|-unboost|p2a: Milotic|atk|1\n|-ability|p2a: Milotic|Competitive|boost\n|-boost|p2a: Milotic|spa|2\n|turn|8\n|inactive|Time left: 300 sec this turn | 300 sec total\n|\n|t:|1783559448\n|switch|p2a: Giratina|Giratina-Origin, L72|335/335\n|move|p1a: Tauros|Close Combat|p2a: Giratina\n|-immune|p2a: Giratina\n|\n|upkeep\n|turn|9\n|inactive|Time left: 300 sec this turn | 300 sec total\n|\n|t:|1783559449\n|move|p1a: Tauros|Bulk Up|p1a: Tauros\n|-boost|p1a: Tauros|atk|1\n|-boost|p1a: Tauros|def|1\n|move|p2a: Giratina|Poltergeist|p1a: Tauros\n|-activate|p1a: Tauros|move: Poltergeist|Life Orb\n|-damage|p1a: Tauros|71/100\n|\n|upkeep\n|turn|10\n|inactive|Time left: 300 sec this turn | 300 sec total\n|\n|t:|1783559450\n|-terastallize|p1a: Tauros|Dark\n|move|p1a: Tauros|Throat Chop|p2a: Giratina\n|-supereffective|p2a: Giratina\n|-damage|p2a: Giratina|0 fnt\n|faint|p2a: Giratina\n|-damage|p1a: Tauros|62/100|[from] item: Life Orb\n|\n|upkeep\n|inactive|Time left: 300 sec this turn | 300 sec total | 5 sec grace\n|\n|t:|1783559451\n|switch|p2a: Copperajah|Copperajah, L86, M|349/349\n|turn|11\n|inactive|Time left: 300 sec this turn | 300 sec total\n|\n|t:|1783559452\n|-terastallize|p2a: Copperajah|Flying\n|move|p1a: Tauros|Close Combat|p2a: Copperajah\n|-resisted|p2a: Copperajah\n|-damage|p2a: Copperajah|211/349\n|-unboost|p1a: Tauros|def|1\n|-unboost|p1a: Tauros|spd|1\n|-damage|p1a: Tauros|52/100|[from] item: Life Orb\n|move|p2a: Copperajah|Heavy Slam|p1a: Tauros\n|-damage|p1a: Tauros|0 fnt\n|faint|p1a: Tauros\n|\n|upkeep\n|\n|t:|1783559453\n|switch|p1a: Eiscue|Eiscue, L88, F|100/100\n|turn|12\n|inactive|Time left: 300 sec this turn | 300 sec total\n|\n|t:|1783559454\n|switch|p2a: Milotic|Milotic, L83, F|89/293\n|move|p1a: Eiscue|Belly Drum|p1a: Eiscue\n|-damage|p1a: Eiscue|50/100\n|-setboost|p1a: Eiscue|atk|6|[from] move: Belly Drum\n|-enditem|p1a: Eiscue|Sitrus Berry|[eat]\n|-heal|p1a: Eiscue|75/100|[from] item: Sitrus Berry\n|\n|-heal|p2a: Milotic|107/293|[from] item: Leftovers\n|upkeep\n|turn|13\n|inactive|Time left: 300 sec this turn | 300 sec total\n|\n|t:|1783559455\n|move|p2a: Milotic|Haze|p2a: Milotic\n|-clearallboost\n|move|p1a: Eiscue|Ice Spinner|p2a: Milotic\n|-resisted|p2a: Milotic\n|-damage|p2a: Milotic|63/293\n|\n|-heal|p2a: Milotic|81/293|[from] item: Leftovers\n|upkeep\n|turn|14\n|inactive|Time left: 300 sec this turn | 300 sec total\n|\n|t:|1783559456\n|move|p2a: Milotic|Recover|p2a: Milotic\n|-heal|p2a: Milotic|228/293\n|move|p1a: Eiscue|Ice Spinner|p2a: Milotic\n|-resisted|p2a: Milotic\n|-damage|p2a: Milotic|183/293\n|\n|-heal|p2a: Milotic|201/293|[from] item: Leftovers\n|upkeep\n|turn|15\n|inactive|Time left: 300 sec this turn | 300 sec total\n|\n|t:|1783559458\n|move|p2a: Milotic|Scald|p1a: Eiscue\n|-damage|p1a: Eiscue|46/100\n|-status|p1a: Eiscue|brn\n|move|p1a: Eiscue|Ice Spinner|p2a: Milotic\n|-resisted|p2a: Milotic\n|-damage|p2a: Milotic|179/293\n|\n|-heal|p2a: Milotic|197/293|[from] item: Leftovers\n|-damage|p1a: Eiscue|40/100 brn|[from] brn\n|upkeep\n|turn|16\n|inactive|Time left: 300 sec this turn | 300 sec total\n|\n|t:|1783559459\n|move|p2a: Milotic|Scald|p1a: Eiscue\n|-damage|p1a: Eiscue|9/100 brn\n|move|p1a: Eiscue|Ice Spinner|p2a: Milotic\n|-resisted|p2a: Milotic\n|-damage|p2a: Milotic|176/293\n|\n|-heal|p2a: Milotic|194/293|[from] item: Leftovers\n|-damage|p1a: Eiscue|2/100 brn|[from] brn\n|upkeep\n|turn|17\n|inactive|Time left: 300 sec this turn | 300 sec total\n|\n|t:|1783559460\n|switch|p1a: Grimmsnarl|Grimmsnarl, L83, M|100/100\n|move|p2a: Milotic|Recover|p2a: Milotic\n|-heal|p2a: Milotic|293/293\n|\n|upkeep\n|turn|18\n|inactive|Time left: 300 sec this turn | 300 sec total\n|\n|t:|1783559461\n|move|p2a: Milotic|Scald|p1a: Grimmsnarl\n|-damage|p1a: Grimmsnarl|66/100\n|-status|p1a: Grimmsnarl|brn\n|move|p1a: Grimmsnarl|Spirit Break|p2a: Milotic\n|-damage|p2a: Milotic|245/293\n|-unboost|p2a: Milotic|spa|1\n|-ability|p2a: Milotic|Competitive|boost\n|-boost|p2a: Milotic|spa|2\n|\n|-heal|p2a: Milotic|263/293|[from] item: Leftovers\n|-heal|p1a: Grimmsnarl|72/100 brn|[from] item: Leftovers\n|-damage|p1a: Grimmsnarl|66/100 brn|[from] brn\n|upkeep\n|turn|19\n|inactive|Time left: 300 sec this turn | 300 sec total\n|\n|t:|1783559462\n|switch|p1a: Eiscue|Eiscue, L88, F|2/100 brn\n|move|p2a: Milotic|Ice Beam|p1a: Eiscue\n|-resisted|p1a: Eiscue\n|-damage|p1a: Eiscue|0 fnt\n|faint|p1a: Eiscue\n|\n|-heal|p2a: Milotic|281/293|[from] item: Leftovers\n|upkeep\n|\n|t:|1783559463\n|switch|p1a: Grimmsnarl|Grimmsnarl, L83, M|66/100 brn\n|turn|20\n|inactive|Time left: 300 sec this turn | 300 sec total\n|\n|t:|1783559464\n|move|p1a: Grimmsnarl|Sucker Punch|p2a: Milotic\n|-damage|p2a: Milotic|238/293\n|move|p2a: Milotic|Scald|p1a: Grimmsnarl\n|-damage|p1a: Grimmsnarl|19/100 brn\n|\n|-heal|p2a: Milotic|256/293|[from] item: Leftovers\n|-heal|p1a: Grimmsnarl|25/100 brn|[from] item: Leftovers\n|-damage|p1a: Grimmsnarl|19/100 brn|[from] brn\n|upkeep\n|turn|21\n|inactive|Time left: 300 sec this turn | 300 sec total\n|\n|t:|1783559466\n|switch|p1a: Ditto|Ditto, L87|100/100\n|-transform|p1a: Ditto|p2a: Milotic|[from] ability: Imposter\n|move|p2a: Milotic|Ice Beam|p1a: Ditto\n|-resisted|p1a: Ditto\n|-damage|p1a: Ditto|84/100\n|\n|-heal|p2a: Milotic|274/293|[from] item: Leftovers\n|upkeep\n|turn|22\n|inactive|Time left: 300 sec this turn | 300 sec total\n|\n|t:|1783559467\n|move|p1a: Ditto|Recover|p1a: Ditto\n|-heal|p1a: Ditto|100/100\n|move|p2a: Milotic|Scald|p1a: Ditto\n|-resisted|p1a: Ditto\n|-damage|p1a: Ditto|80/100\n|\n|-heal|p2a: Milotic|292/293|[from] item: Leftovers\n|upkeep\n|turn|23\n|inactive|Time left: 300 sec this turn | 300 sec total\n|\n|t:|1783559468\n|move|p1a: Ditto|Recover|p1a: Ditto\n|-heal|p1a: Ditto|100/100\n|move|p2a: Milotic|Ice Beam|p1a: Ditto\n|-resisted|p1a: Ditto\n|-damage|p1a: Ditto|84/100\n|-status|p1a: Ditto|frz\n|\n|-heal|p2a: Milotic|293/293|[from] item: Leftovers\n|upkeep\n|turn|24\n|inactive|Time left: 300 sec this turn | 300 sec total\n|\n|t:|1783559469\n|cant|p1a: Ditto|frz\n|move|p2a: Milotic|Ice Beam|p1a: Ditto\n|-resisted|p1a: Ditto\n|-damage|p1a: Ditto|68/100 frz\n|\n|upkeep\n|turn|25\n|inactive|Time left: 300 sec this turn | 300 sec total\n|\n|t:|1783559470\n|cant|p1a: Ditto|frz\n|move|p2a: Milotic|Ice Beam|p1a: Ditto\n|-resisted|p1a: Ditto\n|-damage|p1a: Ditto|52/100 frz\n|\n|upkeep\n|turn|26\n|inactive|Time left: 300 sec this turn | 300 sec total\n|\n|t:|1783559471\n|cant|p1a: Ditto|frz\n|move|p2a: Milotic|Scald|p1a: Ditto\n|-resisted|p1a: Ditto\n|-damage|p1a: Ditto|28/100 frz\n|-curestatus|p1a: Ditto|frz|[msg]\n|\n|upkeep\n|turn|27\n|inactive|Time left: 300 sec this turn | 300 sec total\n|\n|t:|1783559472\n|switch|p1a: Grimmsnarl|Grimmsnarl, L83, M|19/100 brn\n|move|p2a: Milotic|Scald|p1a: Grimmsnarl\n|-damage|p1a: Grimmsnarl|0 fnt\n|faint|p1a: Grimmsnarl\n|\n|upkeep\n|\n|t:|1783559472\n|switch|p1a: Ditto|Ditto, L87|28/100\n|-transform|p1a: Ditto|p2a: Milotic|[from] ability: Imposter\n|turn|28\n|inactive|Time left: 300 sec this turn | 300 sec total\n|\n|t:|1783559473\n|move|p1a: Ditto|Recover|p1a: Ditto\n|-heal|p1a: Ditto|79/100\n|move|p2a: Milotic|Scald|p1a: Ditto\n|-resisted|p1a: Ditto\n|-damage|p1a: Ditto|57/100\n|-status|p1a: Ditto|brn\n|\n|-damage|p1a: Ditto|51/100 brn|[from] brn\n|upkeep\n|turn|29\n|inactive|Time left: 300 sec this turn | 300 sec total\n|\n|t:|1783559475\n|move|p1a: Ditto|Recover|p1a: Ditto\n|-heal|p1a: Ditto|100/100 brn\n|move|p2a: Milotic|Scald|p1a: Ditto\n|-resisted|p1a: Ditto\n|-damage|p1a: Ditto|80/100 brn\n|\n|-damage|p1a: Ditto|74/100 brn|[from] brn\n|upkeep\n|turn|30\n|inactive|Time left: 300 sec this turn | 300 sec total\n|\n|t:|1783559476\n|move|p1a: Ditto|Recover|p1a: Ditto\n|-heal|p1a: Ditto|100/100 brn\n|move|p2a: Milotic|Ice Beam|p1a: Ditto\n|-resisted|p1a: Ditto\n|-damage|p1a: Ditto|84/100 brn\n|\n|-damage|p1a: Ditto|77/100 brn|[from] brn\n|upkeep\n|turn|31\n|inactive|Time left: 300 sec this turn | 300 sec total\n|\n|t:|1783559477\n|move|p1a: Ditto|Recover|p1a: Ditto\n|-heal|p1a: Ditto|100/100 brn\n|move|p2a: Milotic|Scald|p1a: Ditto\n|-resisted|p1a: Ditto\n|-damage|p1a: Ditto|77/100 brn\n|\n|-damage|p1a: Ditto|71/100 brn|[from] brn\n|upkeep\n|turn|32\n|inactive|Time left: 300 sec this turn | 300 sec total\n|\n|t:|1783559478\n|move|p1a: Ditto|Recover|p1a: Ditto\n|-heal|p1a: Ditto|100/100 brn\n|move|p2a: Milotic|Ice Beam|p1a: Ditto\n|-resisted|p1a: Ditto\n|-damage|p1a: Ditto|84/100 brn\n|\n|-damage|p1a: Ditto|78/100 brn|[from] brn\n|upkeep\n|turn|33\n|inactive|Time left: 300 sec this turn | 300 sec total\n|\n|t:|1783559479\n|-activate|p1a: Ditto|move: Struggle\n|move|p1a: Ditto|Struggle|p2a: Milotic\n|-damage|p2a: Milotic|282/293\n|-damage|p1a: Ditto|53/100 brn|[from] recoil\n|move|p2a: Milotic|Scald|p1a: Ditto\n|-resisted|p1a: Ditto\n|-damage|p1a: Ditto|32/100 brn\n|\n|-heal|p2a: Milotic|293/293|[from] item: Leftovers\n|-damage|p1a: Ditto|26/100 brn|[from] brn\n|upkeep\n|turn|34\n|inactive|Time left: 300 sec this turn | 300 sec total\n|\n|t:|1783559480\n|-activate|p1a: Ditto|move: Struggle\n|move|p1a: Ditto|Struggle|p2a: Milotic\n|-crit|p2a: Milotic\n|-damage|p2a: Milotic|277/293\n|-damage|p1a: Ditto|1/100 brn|[from] recoil\n|move|p2a: Milotic|Ice Beam|p1a: Ditto\n|-resisted|p1a: Ditto\n|-damage|p1a: Ditto|0 fnt\n|faint|p1a: Ditto\n|\n|win|p0y17441f56", "uploadtime": 1783559480, "views": 0, "rating": 0, "private": 0, "password": null, "_winner": "p0y17441f56", "_our_name": "p0y17441f56"}