{"id": "battle-gen9randombattle-878", "formatid": "gen9randombattle", "format": "[Gen 9] Random Battle", "players": ["p0x87832e1", "p0y878a6a4"], "log": "|init|battle\n|title|p0x87832e1 vs. p0y878a6a4\n|j|\u2606p0x87832e1\n|j|\u2606p0y878a6a4\n|t:|1783549308\n|gametype|singles\n|player|p1|p0x87832e1|265|\n|player|p2|p0y878a6a4|265|\n|gen|9\n|tier|[Gen 9] Random Battle\n|rule|Species Clause: Limit one of each Pok\u00e9mon\n|rule|HP Percentage Mod: HP is shown in percentages\n|rule|Sleep Clause Mod: Limit one foe put to sleep\n|rule|Illusion Level Mod: Illusion disguises the Pok\u00e9mon's true level\n|\n|t:|1783549308\n|teamsize|p1|6\n|teamsize|p2|6\n|start\n|switch|p1a: Meowscarada|Meowscarada, L78, M|100/100\n|switch|p2a: Keldeo|Keldeo-Resolute, L79|273/273\n|turn|1\n|inactive|Battle timer is ON: inactive players will automatically lose when time's up. (requested by p0x87832e1)\n|inactive|Time left: 300 sec this turn | 300 sec total | 60 sec grace\n|\n|t:|1783549309\n|move|p1a: Meowscarada|Flower Trick|p2a: Keldeo\n|-start|p1a: Meowscarada|typechange|Grass|[from] ability: Protean\n|-supereffective|p2a: Keldeo\n|-crit|p2a: Keldeo\n|-damage|p2a: Keldeo|45/273\n|move|p2a: Keldeo|Secret Sword|p1a: Meowscarada\n|-damage|p1a: Meowscarada|45/100\n|\n|-heal|p2a: Keldeo|62/273|[from] item: Leftovers\n|upkeep\n|turn|2\n|inactive|Time left: 300 sec this turn | 300 sec total\n|inactive|p0y878a6a4 also wants the timer to be on.\n|\n|t:|1783549310\n|switch|p2a: Entei|Entei, L78|307/307\n|move|p1a: Meowscarada|Flower Trick|p2a: Entei\n|-resisted|p2a: Entei\n|-crit|p2a: Entei\n|-damage|p2a: Entei|252/307\n|\n|upkeep\n|turn|3\n|inactive|Time left: 300 sec this turn | 300 sec total\n|\n|t:|1783549311\n|move|p1a: Meowscarada|Toxic Spikes|p2a: Entei\n|-sidestart|p2: p0y878a6a4|move: Toxic Spikes\n|move|p2a: Entei|Sacred Fire|p1a: Meowscarada\n|-supereffective|p1a: Meowscarada\n|-damage|p1a: Meowscarada|0 fnt\n|faint|p1a: Meowscarada\n|\n|upkeep\n|\n|t:|1783549312\n|switch|p1a: Pikachu|Pikachu-Unova, L93, M|100/100\n|turn|4\n|inactive|Time left: 300 sec this turn | 300 sec total\n|\n|t:|1783549313\n|-terastallize|p1a: Pikachu|Water\n|move|p1a: Pikachu|Surf|p2a: Entei\n|-supereffective|p2a: Entei\n|-damage|p2a: Entei|0 fnt\n|faint|p2a: Entei\n|\n|upkeep\n|inactive|Time left: 300 sec this turn | 300 sec total | 5 sec grace\n|\n|t:|1783549314\n|switch|p2a: Lugia|Lugia, L73|275/275\n|turn|5\n|inactive|Time left: 300 sec this turn | 300 sec total\n|\n|t:|1783549315\n|move|p1a: Pikachu|Knock Off|p2a: Lugia\n|-supereffective|p2a: Lugia\n|-damage|p2a: Lugia|185/275\n|-enditem|p2a: Lugia|Heavy-Duty Boots|[from] move: Knock Off|[of] p1a: Pikachu\n|move|p2a: Lugia|Calm Mind|p2a: Lugia\n|-boost|p2a: Lugia|spa|1\n|-boost|p2a: Lugia|spd|1\n|\n|upkeep\n|turn|6\n|inactive|Time left: 300 sec this turn | 300 sec total\n|\n|t:|1783549316\n|-terastallize|p2a: Lugia|Steel\n|move|p1a: Pikachu|Volt Tackle|p2a: Lugia\n|-damage|p2a: Lugia|1/275\n|-damage|p1a: Pikachu|72/100|[from] Recoil\n|move|p2a: Lugia|Aeroblast|p1a: Pikachu\n|-damage|p1a: Pikachu|2/100\n|\n|upkeep\n|turn|7\n|inactive|Time left: 300 sec this turn | 300 sec total\n|\n|t:|1783549317\n|move|p1a: Pikachu|Knock Off|p2a: Lugia\n|-damage|p2a: Lugia|0 fnt\n|faint|p2a: Lugia\n|\n|upkeep\n|inactive|Time left: 300 sec this turn | 300 sec total | 5 sec grace\n|\n|t:|1783549318\n|switch|p2a: Blissey|Blissey, L85, F|572/572\n|-status|p2a: Blissey|psn\n|turn|8\n|inactive|Time left: 300 sec this turn | 300 sec total\n|\n|t:|1783549319\n|-curestatus|p2a: Blissey|psn|[from] ability: Natural Cure|[silent]\n|switch|p2a: Krookodile|Krookodile, L79, F|280/280\n|-status|p2a: Krookodile|psn\n|-ability|p2a: Krookodile|Intimidate|boost\n|-unboost|p1a: Pikachu|atk|1\n|move|p1a: Pikachu|Knock Off|p2a: Krookodile\n|-resisted|p2a: Krookodile\n|-damage|p2a: Krookodile|238/280 psn\n|-enditem|p2a: Krookodile|Leftovers|[from] move: Knock Off|[of] p1a: Pikachu\n|\n|-damage|p2a: Krookodile|203/280 psn|[from] psn\n|upkeep\n|turn|9\n|inactive|Time left: 300 sec this turn | 300 sec total\n|\n|t:|1783549320\n|switch|p2a: Blissey|Blissey, L85, F|572/572\n|-status|p2a: Blissey|psn\n|move|p1a: Pikachu|Surf|p2a: Blissey\n|-damage|p2a: Blissey|470/572 psn\n|\n|-heal|p2a: Blissey|505/572 psn|[from] item: Leftovers\n|-damage|p2a: Blissey|434/572 psn|[from] psn\n|upkeep\n|turn|10\n|inactive|Time left: 300 sec this turn | 300 sec total\n|\n|t:|1783549321\n|move|p1a: Pikachu|Knock Off|p2a: Blissey\n|-damage|p2a: Blissey|230/572 psn\n|-enditem|p2a: Blissey|Leftovers|[from] move: Knock Off|[of] p1a: Pikachu\n|move|p2a: Blissey|Soft-Boiled|p2a: Blissey\n|-heal|p2a: Blissey|516/572 psn\n|\n|-damage|p2a: Blissey|445/572 psn|[from] psn\n|upkeep\n|turn|11\n|inactive|Time left: 300 sec this turn | 300 sec total\n|\n|t:|1783549322\n|switch|p1a: Leavanny|Leavanny, L86, M|100/100\n|move|p2a: Blissey|Stealth Rock|p1a: Leavanny\n|-sidestart|p1: p0x87832e1|move: Stealth Rock\n|\n|-damage|p2a: Blissey|374/572 psn|[from] psn\n|upkeep\n|turn|12\n|inactive|Time left: 300 sec this turn | 300 sec total\n|\n|t:|1783549323\n|move|p1a: Leavanny|Sticky Web|p2a: Blissey\n|-sidestart|p2: p0y878a6a4|move: Sticky Web\n|move|p2a: Blissey|Seismic Toss|p1a: Leavanny\n|-damage|p1a: Leavanny|69/100\n|\n|-damage|p2a: Blissey|303/572 psn|[from] psn\n|upkeep\n|turn|13\n|inactive|Time left: 300 sec this turn | 300 sec total\n|\n|t:|1783549324\n|move|p1a: Leavanny|Bullet Seed|p2a: Blissey\n|-damage|p2a: Blissey|216/572 psn\n|-damage|p2a: Blissey|132/572 psn\n|-damage|p2a: Blissey|41/572 psn\n|-crit|p2a: Blissey\n|-damage|p2a: Blissey|0 fnt\n|faint|p2a: Blissey\n|-hitcount|p2: Blissey|4\n|\n|upkeep\n|inactive|Time left: 300 sec this turn | 300 sec total | 5 sec grace\n|\n|t:|1783549325\n|switch|p2a: Krookodile|Krookodile, L79, F|203/280 psn\n|-activate|p2a: Krookodile|move: Sticky Web\n|-unboost|p2a: Krookodile|spe|1\n|-ability|p2a: Krookodile|Intimidate|boost\n|-unboost|p1a: Leavanny|atk|1\n|turn|14\n|inactive|Time left: 300 sec this turn | 300 sec total\n|\n|t:|1783549326\n|move|p1a: Leavanny|Bullet Seed|p2a: Krookodile\n|-supereffective|p2a: Krookodile\n|-damage|p2a: Krookodile|161/280 psn\n|-supereffective|p2a: Krookodile\n|-damage|p2a: Krookodile|117/280 psn\n|-supereffective|p2a: Krookodile\n|-damage|p2a: Krookodile|69/280 psn\n|-supereffective|p2a: Krookodile\n|-damage|p2a: Krookodile|27/280 psn\n|-hitcount|p2a: Krookodile|4\n|move|p2a: Krookodile|Gunk Shot|p1a: Leavanny\n|-supereffective|p1a: Leavanny\n|-damage|p1a: Leavanny|0 fnt\n|faint|p1a: Leavanny\n|\n|-damage|p2a: Krookodile|0 fnt|[from] psn\n|faint|p2a: Krookodile\n|upkeep\n|inactive|Time left: 300 sec this turn | 300 sec total | 5 sec grace\n|\n|t:|1783549327\n|switch|p1a: Clefable|Clefable, L83, M|100/100\n|switch|p2a: Gothitelle|Gothitelle, L90, F|272/272\n|-status|p2a: Gothitelle|psn\n|-activate|p2a: Gothitelle|move: Sticky Web\n|-unboost|p2a: Gothitelle|spe|1\n|-damage|p1a: Clefable|88/100|[from] Stealth Rock\n|turn|15\n|inactive|Time left: 300 sec this turn | 300 sec total\n|\n|t:|1783549328\n|move|p1a: Clefable|Moonblast|p2a: Gothitelle\n|-damage|p2a: Gothitelle|199/272 psn\n|move|p2a: Gothitelle|Calm Mind|p2a: Gothitelle\n|-boost|p2a: Gothitelle|spa|1\n|-boost|p2a: Gothitelle|spd|1\n|\n|-heal|p1a: Clefable|94/100|[from] item: Leftovers\n|-heal|p2a: Gothitelle|216/272 psn|[from] item: Leftovers\n|-damage|p2a: Gothitelle|182/272 psn|[from] psn\n|upkeep\n|turn|16\n|inactive|Time left: 300 sec this turn | 300 sec total\n|\n|t:|1783549329\n|move|p1a: Clefable|Moonblast|p2a: Gothitelle\n|-damage|p2a: Gothitelle|107/272 psn\n|move|p2a: Gothitelle|Psychic Noise|p1a: Clefable\n|-damage|p1a: Clefable|64/100\n|-start|p1a: Clefable|move: Heal Block\n|\n|-heal|p2a: Gothitelle|124/272 psn|[from] item: Leftovers\n|-damage|p2a: Gothitelle|90/272 psn|[from] psn\n|upkeep\n|turn|17\n|inactive|Time left: 300 sec this turn | 300 sec total\n|\n|t:|1783549330\n|move|p1a: Clefable|Moonblast|p2a: Gothitelle\n|-damage|p2a: Gothitelle|9/272 psn\n|move|p2a: Gothitelle|Psychic Noise|p1a: Clefable\n|-damage|p1a: Clefable|32/100\n|\n|-heal|p2a: Gothitelle|26/272 psn|[from] item: Leftovers\n|-damage|p2a: Gothitelle|0 fnt|[from] psn\n|faint|p2a: Gothitelle\n|-end|p1a: Clefable|move: Heal Block\n|upkeep\n|inactive|Time left: 300 sec this turn | 300 sec total | 5 sec grace\n|\n|t:|1783549331\n|switch|p2a: Keldeo|Keldeo-Resolute, L79|62/273\n|-status|p2a: Keldeo|psn\n|-activate|p2a: Keldeo|move: Sticky Web\n|-unboost|p2a: Keldeo|spe|1\n|turn|18\n|inactive|Time left: 300 sec this turn | 300 sec total\n|\n|t:|1783549332\n|move|p1a: Clefable|Moonblast|p2a: Keldeo\n|-supereffective|p2a: Keldeo\n|-damage|p2a: Keldeo|0 fnt\n|faint|p2a: Keldeo\n|\n|win|p0x87832e1", "uploadtime": 1783549332, "views": 0, "rating": 0, "private": 0, "password": null, "_winner": "p0x87832e1", "_our_name": "p0y878a6a4"}