{"id": "battle-gen9randombattle-1007", "formatid": "gen9randombattle", "format": "[Gen 9] Random Battle", "players": ["p0x1007c74e", "p0y1007e3bf"], "log": "|init|battle\n|title|p0x1007c74e vs. p0y1007e3bf\n|j|\u2606p0x1007c74e\n|j|\u2606p0y1007e3bf\n|t:|1783551592\n|gametype|singles\n|player|p1|p0x1007c74e|101|\n|player|p2|p0y1007e3bf|170|\n|gen|9\n|tier|[Gen 9] Random Battle\n|rule|Species Clause: Limit one of each Pok\u00e9mon\n|rule|HP Percentage Mod: HP is shown in percentages\n|rule|Sleep Clause Mod: Limit one foe put to sleep\n|rule|Illusion Level Mod: Illusion disguises the Pok\u00e9mon's true level\n|\n|t:|1783551592\n|teamsize|p1|6\n|teamsize|p2|6\n|start\n|switch|p1a: Klawf|Klawf, L90, M|100/100\n|switch|p2a: Hippowdon|Hippowdon, L82, F|311/311\n|-weather|Sandstorm|[from] ability: Sand Stream|[of] p2a: Hippowdon\n|turn|1\n|inactive|Battle timer is ON: inactive players will automatically lose when time's up. (requested by p0y1007e3bf)\n|inactive|p0x1007c74e also wants the timer to be on.\n|\n|t:|1783551593\n|move|p1a: Klawf|Stealth Rock|p2a: Hippowdon\n|-sidestart|p2: p0y1007e3bf|move: Stealth Rock\n|move|p2a: Hippowdon|Earthquake|p1a: Klawf\n|-supereffective|p1a: Klawf\n|-damage|p1a: Klawf|42/100\n|\n|-weather|Sandstorm|[upkeep]\n|upkeep\n|turn|2\n|inactive|Time left: 300 sec this turn | 300 sec total\n|\n|t:|1783551594\n|switch|p1a: Gliscor|Gliscor, L76, M|100/100\n|move|p2a: Hippowdon|Stealth Rock|p1a: Gliscor\n|-sidestart|p1: p0x1007c74e|move: Stealth Rock\n|\n|-weather|Sandstorm|[upkeep]\n|-status|p1a: Gliscor|tox|[from] item: Toxic Orb\n|upkeep\n|turn|3\n|inactive|Time left: 300 sec this turn | 300 sec total\n|\n|t:|1783551595\n|move|p1a: Gliscor|Toxic Spikes|p2a: Hippowdon\n|-sidestart|p2: p0y1007e3bf|move: Toxic Spikes\n|move|p2a: Hippowdon|Earthquake|p1a: Gliscor\n|-immune|p1a: Gliscor\n|\n|-weather|Sandstorm|[upkeep]\n|upkeep\n|turn|4\n|inactive|Time left: 300 sec this turn | 300 sec total\n|\n|t:|1783551596\n|move|p1a: Gliscor|Toxic Spikes|p2a: Hippowdon\n|-sidestart|p2: p0y1007e3bf|move: Toxic Spikes\n|move|p2a: Hippowdon|Earthquake|p1a: Gliscor\n|-immune|p1a: Gliscor\n|\n|-weather|Sandstorm|[upkeep]\n|upkeep\n|turn|5\n|inactive|Time left: 300 sec this turn | 300 sec total\n|\n|t:|1783551597\n|switch|p2a: Okidogi|Okidogi, L77, M|262/262\n|-damage|p2a: Okidogi|246/262|[from] Stealth Rock\n|-sideend|p2: p0y1007e3bf|move: Toxic Spikes|[of] p2a: Okidogi\n|move|p1a: Gliscor|Earthquake|p2a: Okidogi\n|-supereffective|p2a: Okidogi\n|-crit|p2a: Okidogi\n|-damage|p2a: Okidogi|28/262\n|\n|-weather|none\n|upkeep\n|turn|6\n|inactive|Time left: 300 sec this turn | 300 sec total\n|\n|t:|1783551598\n|switch|p2a: Mudsdale|Mudsdale, L83, F|302/302\n|-damage|p2a: Mudsdale|284/302|[from] Stealth Rock\n|move|p1a: Gliscor|Toxic Spikes|p2a: Mudsdale\n|-sidestart|p2: p0y1007e3bf|move: Toxic Spikes\n|\n|-heal|p2a: Mudsdale|302/302|[from] item: Leftovers\n|upkeep\n|turn|7\n|inactive|Time left: 300 sec this turn | 300 sec total\n|\n|t:|1783551599\n|move|p1a: Gliscor|Toxic Spikes|p2a: Mudsdale\n|-sidestart|p2: p0y1007e3bf|move: Toxic Spikes\n|move|p2a: Mudsdale|Heavy Slam|p1a: Gliscor\n|-damage|p1a: Gliscor|66/100 tox\n|\n|-heal|p1a: Gliscor|78/100 tox|[from] ability: Poison Heal\n|upkeep\n|turn|8\n|inactive|Time left: 300 sec this turn | 300 sec total\n|\n|t:|1783551600\n|switch|p2a: Okidogi|Okidogi, L77, M|28/262\n|-damage|p2a: Okidogi|12/262|[from] Stealth Rock\n|-sideend|p2: p0y1007e3bf|move: Toxic Spikes|[of] p2a: Okidogi\n|move|p1a: Gliscor|Earthquake|p2a: Okidogi\n|-supereffective|p2a: Okidogi\n|-damage|p2a: Okidogi|0 fnt\n|faint|p2a: Okidogi\n|\n|-heal|p1a: Gliscor|90/100 tox|[from] ability: Poison Heal\n|upkeep\n|inactive|Time left: 300 sec this turn | 300 sec total | 5 sec grace\n|\n|t:|1783551601\n|switch|p2a: Mudsdale|Mudsdale, L83, F|302/302\n|-damage|p2a: Mudsdale|284/302|[from] Stealth Rock\n|turn|9\n|inactive|Time left: 300 sec this turn | 300 sec total\n|\n|t:|1783551602\n|move|p1a: Gliscor|Toxic Spikes|p2a: Mudsdale\n|-sidestart|p2: p0y1007e3bf|move: Toxic Spikes\n|move|p2a: Mudsdale|Heavy Slam|p1a: Gliscor\n|-damage|p1a: Gliscor|54/100 tox\n|\n|-heal|p2a: Mudsdale|302/302|[from] item: Leftovers\n|-heal|p1a: Gliscor|66/100 tox|[from] ability: Poison Heal\n|upkeep\n|turn|10\n|inactive|Time left: 300 sec this turn | 300 sec total\n|\n|t:|1783551603\n|move|p1a: Gliscor|Toxic Spikes|p2a: Mudsdale\n|-sidestart|p2: p0y1007e3bf|move: Toxic Spikes\n|move|p2a: Mudsdale|Heavy Slam|p1a: Gliscor\n|-damage|p1a: Gliscor|28/100 tox\n|\n|-heal|p1a: Gliscor|40/100 tox|[from] ability: Poison Heal\n|upkeep\n|turn|11\n|inactive|Time left: 300 sec this turn | 300 sec total\n|\n|t:|1783551604\n|move|p1a: Gliscor|Protect|p1a: Gliscor\n|-singleturn|p1a: Gliscor|Protect\n|move|p2a: Mudsdale|Heavy Slam|p1a: Gliscor\n|-activate|p1a: Gliscor|move: Protect\n|\n|-heal|p1a: Gliscor|52/100 tox|[from] ability: Poison Heal\n|upkeep\n|turn|12\n|inactive|Time left: 300 sec this turn | 300 sec total\n|\n|t:|1783551605\n|move|p1a: Gliscor|Earthquake|p2a: Mudsdale\n|-damage|p2a: Mudsdale|215/302\n|-ability|p2a: Mudsdale|Stamina|boost\n|-boost|p2a: Mudsdale|def|1\n|move|p2a: Mudsdale|Heavy Slam|p1a: Gliscor\n|-damage|p1a: Gliscor|16/100 tox\n|\n|-heal|p2a: Mudsdale|233/302|[from] item: Leftovers\n|-heal|p1a: Gliscor|29/100 tox|[from] ability: Poison Heal\n|upkeep\n|turn|13\n|inactive|Time left: 300 sec this turn | 300 sec total\n|\n|t:|1783551606\n|move|p1a: Gliscor|Protect|p1a: Gliscor\n|-singleturn|p1a: Gliscor|Protect\n|move|p2a: Mudsdale|Heavy Slam|p1a: Gliscor\n|-activate|p1a: Gliscor|move: Protect\n|\n|-heal|p2a: Mudsdale|251/302|[from] item: Leftovers\n|-heal|p1a: Gliscor|41/100 tox|[from] ability: Poison Heal\n|upkeep\n|turn|14\n|inactive|Time left: 300 sec this turn | 300 sec total\n|\n|t:|1783551607\n|move|p1a: Gliscor|Knock Off|p2a: Mudsdale\n|-damage|p2a: Mudsdale|219/302\n|-ability|p2a: Mudsdale|Stamina|boost\n|-boost|p2a: Mudsdale|def|1\n|-enditem|p2a: Mudsdale|Leftovers|[from] move: Knock Off|[of] p1a: Gliscor\n|move|p2a: Mudsdale|Heavy Slam|p1a: Gliscor\n|-damage|p1a: Gliscor|7/100 tox\n|\n|-heal|p1a: Gliscor|19/100 tox|[from] ability: Poison Heal\n|upkeep\n|turn|15\n|inactive|Time left: 300 sec this turn | 300 sec total\n|\n|t:|1783551608\n|move|p1a: Gliscor|Protect|p1a: Gliscor\n|-singleturn|p1a: Gliscor|Protect\n|move|p2a: Mudsdale|Heavy Slam|p1a: Gliscor\n|-activate|p1a: Gliscor|move: Protect\n|\n|-heal|p1a: Gliscor|31/100 tox|[from] ability: Poison Heal\n|upkeep\n|turn|16\n|inactive|Time left: 300 sec this turn | 300 sec total\n|\n|t:|1783551609\n|move|p1a: Gliscor|Protect||[still]\n|-fail|p1a: Gliscor\n|move|p2a: Mudsdale|Heavy Slam|p1a: Gliscor\n|-damage|p1a: Gliscor|0 fnt\n|faint|p1a: Gliscor\n|\n|upkeep\n|\n|t:|1783551610\n|switch|p1a: Regice|Regice, L88|100/100\n|turn|17\n|inactive|Time left: 300 sec this turn | 300 sec total\n|\n|t:|1783551611\n|-terastallize|p2a: Mudsdale|Steel\n|move|p1a: Regice|Ice Beam|p2a: Mudsdale\n|-resisted|p2a: Mudsdale\n|-damage|p2a: Mudsdale|164/302\n|-ability|p2a: Mudsdale|Stamina|boost\n|-boost|p2a: Mudsdale|def|1\n|move|p2a: Mudsdale|Heavy Slam|p1a: Regice\n|-supereffective|p1a: Regice\n|-damage|p1a: Regice|10/100\n|\n|upkeep\n|turn|18\n|inactive|Time left: 300 sec this turn | 300 sec total\n|\n|t:|1783551612\n|move|p1a: Regice|Thunder Wave|p2a: Mudsdale\n|-status|p2a: Mudsdale|par\n|move|p2a: Mudsdale|Earthquake|p1a: Regice\n|-damage|p1a: Regice|0 fnt\n|faint|p1a: Regice\n|\n|upkeep\n|\n|t:|1783551613\n|switch|p1a: Bruxish|Bruxish, L85, F|100/100\n|-damage|p1a: Bruxish|88/100|[from] Stealth Rock\n|turn|19\n|inactive|Time left: 300 sec this turn | 300 sec total\n|\n|t:|1783551615\n|move|p1a: Bruxish|Wave Crash|p2a: Mudsdale\n|-damage|p2a: Mudsdale|94/302 par\n|-ability|p2a: Mudsdale|Stamina|boost\n|-boost|p2a: Mudsdale|def|1\n|-damage|p1a: Bruxish|79/100|[from] Recoil\n|move|p2a: Mudsdale|Earthquake|p1a: Bruxish\n|-damage|p1a: Bruxish|25/100\n|\n|upkeep\n|turn|20\n|inactive|Time left: 300 sec this turn | 300 sec total\n|\n|t:|1783551616\n|move|p1a: Bruxish|Wave Crash|p2a: Mudsdale\n|-damage|p2a: Mudsdale|31/302 par\n|-ability|p2a: Mudsdale|Stamina|boost\n|-boost|p2a: Mudsdale|def|1\n|-damage|p1a: Bruxish|16/100|[from] Recoil\n|move|p2a: Mudsdale|Earthquake|p1a: Bruxish\n|-damage|p1a: Bruxish|0 fnt\n|faint|p1a: Bruxish\n|\n|upkeep\n|\n|t:|1783551617\n|switch|p1a: Klawf|Klawf, L90, M|75/100\n|-damage|p1a: Klawf|63/100|[from] Stealth Rock\n|turn|21\n|inactive|Time left: 300 sec this turn | 300 sec total\n|\n|t:|1783551618\n|move|p1a: Klawf|High Horsepower|p2a: Mudsdale\n|-supereffective|p2a: Mudsdale\n|-damage|p2a: Mudsdale|0 fnt\n|faint|p2a: Mudsdale\n|-damage|p1a: Klawf|53/100|[from] item: Life Orb\n|\n|upkeep\n|inactive|Time left: 300 sec this turn | 300 sec total | 5 sec grace\n|\n|t:|1783551619\n|switch|p2a: Volbeat|Volbeat, L90, M|263/263\n|turn|22\n|inactive|Time left: 300 sec this turn | 300 sec total\n|\n|t:|1783551620\n|move|p2a: Volbeat|Lunge|p1a: Klawf\n|-damage|p1a: Klawf|31/100\n|-unboost|p1a: Klawf|atk|1\n|move|p1a: Klawf|Stone Edge|p2a: Volbeat\n|-supereffective|p2a: Volbeat\n|-damage|p2a: Volbeat|29/263\n|-damage|p1a: Klawf|21/100|[from] item: Life Orb\n|\n|upkeep\n|turn|23\n|inactive|Time left: 300 sec this turn | 300 sec total\n|\n|t:|1783551622\n|switch|p1a: Solgaleo|Solgaleo, L74|100/100\n|-damage|p1a: Solgaleo|94/100|[from] Stealth Rock\n|move|p2a: Volbeat|Lunge|p1a: Solgaleo\n|-crit|p1a: Solgaleo\n|-damage|p1a: Solgaleo|58/100\n|\n|-heal|p1a: Solgaleo|64/100|[from] item: Leftovers\n|upkeep\n|turn|24\n|inactive|Time left: 300 sec this turn | 300 sec total\n|\n|t:|1783551623\n|move|p2a: Volbeat|Roost|p2a: Volbeat\n|-heal|p2a: Volbeat|161/263\n|-singleturn|p2a: Volbeat|move: Roost\n|move|p1a: Solgaleo|Knock Off|p2a: Volbeat\n|-damage|p2a: Volbeat|83/263\n|-enditem|p2a: Volbeat|Heavy-Duty Boots|[from] move: Knock Off|[of] p1a: Solgaleo\n|\n|-heal|p1a: Solgaleo|70/100|[from] item: Leftovers\n|upkeep\n|turn|25\n|inactive|Time left: 300 sec this turn | 300 sec total\n|\n|t:|1783551624\n|move|p2a: Volbeat|Roost|p2a: Volbeat\n|-heal|p2a: Volbeat|215/263\n|-singleturn|p2a: Volbeat|move: Roost\n|move|p1a: Solgaleo|Sunsteel Strike|p2a: Volbeat\n|-crit|p2a: Volbeat\n|-damage|p2a: Volbeat|29/263\n|\n|-heal|p1a: Solgaleo|76/100|[from] item: Leftovers\n|upkeep\n|turn|26\n|inactive|Time left: 300 sec this turn | 300 sec total\n|\n|t:|1783551625\n|move|p2a: Volbeat|Roost|p2a: Volbeat\n|-heal|p2a: Volbeat|161/263\n|-singleturn|p2a: Volbeat|move: Roost\n|move|p1a: Solgaleo|Sunsteel Strike|p2a: Volbeat\n|-damage|p2a: Volbeat|55/263\n|\n|-heal|p1a: Solgaleo|83/100|[from] item: Leftovers\n|upkeep\n|turn|27\n|inactive|Time left: 300 sec this turn | 300 sec total\n|\n|t:|1783551627\n|move|p2a: Volbeat|Roost|p2a: Volbeat\n|-heal|p2a: Volbeat|187/263\n|-singleturn|p2a: Volbeat|move: Roost\n|move|p1a: Solgaleo|Sunsteel Strike|p2a: Volbeat\n|-damage|p2a: Volbeat|66/263\n|\n|-heal|p1a: Solgaleo|89/100|[from] item: Leftovers\n|upkeep\n|turn|28\n|inactive|Time left: 300 sec this turn | 300 sec total\n|\n|t:|1783551628\n|move|p2a: Volbeat|Roost|p2a: Volbeat\n|-heal|p2a: Volbeat|198/263\n|-singleturn|p2a: Volbeat|move: Roost\n|move|p1a: Solgaleo|Sunsteel Strike|p2a: Volbeat\n|-damage|p2a: Volbeat|90/263\n|\n|-heal|p1a: Solgaleo|95/100|[from] item: Leftovers\n|upkeep\n|turn|29\n|inactive|Time left: 300 sec this turn | 300 sec total\n|\n|t:|1783551629\n|move|p2a: Volbeat|Roost|p2a: Volbeat\n|-heal|p2a: Volbeat|222/263\n|-singleturn|p2a: Volbeat|move: Roost\n|move|p1a: Solgaleo|Sunsteel Strike|p2a: Volbeat\n|-damage|p2a: Volbeat|105/263\n|\n|-heal|p1a: Solgaleo|100/100|[from] item: Leftovers\n|upkeep\n|turn|30\n|inactive|Time left: 300 sec this turn | 300 sec total\n|\n|t:|1783551630\n|move|p2a: Volbeat|Roost|p2a: Volbeat\n|-heal|p2a: Volbeat|237/263\n|-singleturn|p2a: Volbeat|move: Roost\n|move|p1a: Solgaleo|Sunsteel Strike|p2a: Volbeat\n|-damage|p2a: Volbeat|128/263\n|\n|upkeep\n|turn|31\n|inactive|Time left: 300 sec this turn | 300 sec total\n|\n|t:|1783551631\n|move|p2a: Volbeat|Thunder Wave|p1a: Solgaleo\n|-status|p1a: Solgaleo|par\n|move|p1a: Solgaleo|Sunsteel Strike|p2a: Volbeat\n|-damage|p2a: Volbeat|17/263\n|\n|upkeep\n|turn|32\n|inactive|Time left: 300 sec this turn | 300 sec total\n|\n|t:|1783551632\n|move|p2a: Volbeat|Roost|p2a: Volbeat\n|-heal|p2a: Volbeat|149/263\n|-singleturn|p2a: Volbeat|move: Roost\n|cant|p1a: Solgaleo|par\n|\n|upkeep\n|turn|33\n|inactive|Time left: 300 sec this turn | 300 sec total\n|\n|t:|1783551633\n|move|p2a: Volbeat|Lunge|p1a: Solgaleo\n|-damage|p1a: Solgaleo|77/100 par\n|move|p1a: Solgaleo|Knock Off|p2a: Volbeat\n|-damage|p2a: Volbeat|95/263\n|\n|-heal|p1a: Solgaleo|84/100 par|[from] item: Leftovers\n|upkeep\n|turn|34\n|inactive|Time left: 300 sec this turn | 300 sec total\n|\n|t:|1783551634\n|move|p2a: Volbeat|Lunge|p1a: Solgaleo\n|-damage|p1a: Solgaleo|60/100 par\n|move|p1a: Solgaleo|Knock Off|p2a: Volbeat\n|-damage|p2a: Volbeat|43/263\n|\n|-heal|p1a: Solgaleo|67/100 par|[from] item: Leftovers\n|upkeep\n|turn|35\n|inactive|Time left: 300 sec this turn | 300 sec total\n|\n|t:|1783551635\n|move|p2a: Volbeat|Lunge|p1a: Solgaleo\n|-damage|p1a: Solgaleo|44/100 par\n|move|p1a: Solgaleo|Sunsteel Strike|p2a: Volbeat\n|-damage|p2a: Volbeat|0 fnt\n|faint|p2a: Volbeat\n|\n|-heal|p1a: Solgaleo|50/100 par|[from] item: Leftovers\n|upkeep\n|inactive|Time left: 300 sec this turn | 300 sec total | 5 sec grace\n|\n|t:|1783551636\n|switch|p2a: Hippowdon|Hippowdon, L82, F|311/311\n|-damage|p2a: Hippowdon|292/311|[from] Stealth Rock\n|-status|p2a: Hippowdon|tox\n|-weather|Sandstorm|[from] ability: Sand Stream|[of] p2a: Hippowdon\n|turn|36\n|inactive|Time left: 300 sec this turn | 300 sec total\n|\n|t:|1783551636\n|move|p2a: Hippowdon|Earthquake|p1a: Solgaleo\n|-supereffective|p1a: Solgaleo\n|-damage|p1a: Solgaleo|0 fnt\n|faint|p1a: Solgaleo\n|\n|-weather|Sandstorm|[upkeep]\n|-heal|p2a: Hippowdon|311/311 tox|[from] item: Leftovers\n|-damage|p2a: Hippowdon|292/311 tox|[from] psn\n|upkeep\n|\n|t:|1783551637\n|switch|p1a: Victreebel|Victreebel, L90, F|100/100\n|-damage|p1a: Victreebel|88/100|[from] Stealth Rock\n|turn|37\n|inactive|Time left: 300 sec this turn | 300 sec total\n|\n|t:|1783551638\n|move|p1a: Victreebel|Power Whip|p2a: Hippowdon\n|-supereffective|p2a: Hippowdon\n|-damage|p2a: Hippowdon|0 fnt\n|faint|p2a: Hippowdon\n|-damage|p1a: Victreebel|78/100|[from] item: Life Orb\n|\n|-weather|Sandstorm|[upkeep]\n|-damage|p1a: Victreebel|72/100|[from] Sandstorm\n|upkeep\n|inactive|Time left: 300 sec this turn | 300 sec total | 5 sec grace\n|\n|t:|1783551639\n|switch|p2a: Passimian|Passimian, L83, M|302/302\n|-damage|p2a: Passimian|284/302|[from] Stealth Rock\n|-status|p2a: Passimian|tox\n|turn|38\n|inactive|Time left: 300 sec this turn | 300 sec total\n|\n|t:|1783551639\n|move|p2a: Passimian|Rock Slide|p1a: Victreebel\n|-damage|p1a: Victreebel|48/100\n|move|p1a: Victreebel|Sunny Day|p1a: Victreebel\n|-weather|SunnyDay\n|\n|-weather|SunnyDay|[upkeep]\n|-damage|p2a: Passimian|266/302 tox|[from] psn\n|upkeep\n|turn|39\n|inactive|Time left: 300 sec this turn | 300 sec total\n|\n|t:|1783551640\n|-terastallize|p1a: Victreebel|Fire\n|move|p1a: Victreebel|Weather Ball|p2a: Passimian\n|-damage|p2a: Passimian|0 fnt\n|faint|p2a: Passimian\n|-damage|p1a: Victreebel|38/100|[from] item: Life Orb\n|\n|-weather|SunnyDay|[upkeep]\n|upkeep\n|inactive|Time left: 300 sec this turn | 300 sec total | 5 sec grace\n|\n|t:|1783551641\n|switch|p2a: Rampardos|Rampardos, L90, F|321/321\n|-damage|p2a: Rampardos|281/321|[from] Stealth Rock\n|-status|p2a: Rampardos|tox\n|turn|40\n|inactive|Time left: 300 sec this turn | 300 sec total\n|\n|t:|1783551642\n|move|p1a: Victreebel|Power Whip|p2a: Rampardos\n|-supereffective|p2a: Rampardos\n|-damage|p2a: Rampardos|0 fnt\n|faint|p2a: Rampardos\n|-damage|p1a: Victreebel|28/100|[from] item: Life Orb\n|\n|win|p0x1007c74e", "uploadtime": 1783551642, "views": 0, "rating": 0, "private": 0, "password": null, "_winner": "p0x1007c74e", "_our_name": "p0y1007e3bf"}