{"id": "battle-gen9randombattle-1964", "formatid": "gen9randombattle", "format": "[Gen 9] Random Battle", "players": ["p0x19642f4f", "p0y19647486"], "log": "|init|battle\n|title|p0x19642f4f vs. p0y19647486\n|j|\u2606p0x19642f4f\n|j|\u2606p0y19647486\n|t:|1783561995\n|gametype|singles\n|player|p1|p0x19642f4f|102|\n|player|p2|p0y19647486|266|\n|gen|9\n|tier|[Gen 9] Random Battle\n|rule|Species Clause: Limit one of each Pok\u00e9mon\n|rule|HP Percentage Mod: HP is shown in percentages\n|rule|Sleep Clause Mod: Limit one foe put to sleep\n|rule|Illusion Level Mod: Illusion disguises the Pok\u00e9mon's true level\n|\n|t:|1783561995\n|teamsize|p1|6\n|teamsize|p2|6\n|start\n|switch|p1a: Sableye|Sableye, L88, F|100/100\n|switch|p2a: Slowking|Slowking, L88, M|310/310\n|turn|1\n|inactive|Battle timer is ON: inactive players will automatically lose when time's up. (requested by p0x19642f4f)\n|inactive|Time left: 300 sec this turn | 300 sec total | 60 sec grace\n|inactive|p0y19647486 also wants the timer to be on.\n|\n|t:|1783561997\n|move|p1a: Sableye|Knock Off|p2a: Slowking\n|-supereffective|p2a: Slowking\n|-damage|p2a: Slowking|124/310\n|-enditem|p2a: Slowking|Leftovers|[from] move: Knock Off|[of] p1a: Sableye\n|move|p2a: Slowking|Scald|p1a: Sableye\n|-damage|p1a: Sableye|52/100\n|-status|p1a: Sableye|brn\n|\n|-heal|p1a: Sableye|59/100 brn|[from] item: Leftovers\n|-damage|p1a: Sableye|52/100 brn|[from] brn\n|upkeep\n|turn|2\n|inactive|Time left: 300 sec this turn | 300 sec total\n|\n|t:|1783561998\n|switch|p2a: Luxray|Luxray, L88, M|283/283\n|move|p1a: Sableye|Recover|p1a: Sableye\n|-heal|p1a: Sableye|100/100 brn\n|\n|-damage|p1a: Sableye|94/100 brn|[from] brn\n|-status|p2a: Luxray|brn|[from] item: Flame Orb\n|upkeep\n|turn|3\n|inactive|Time left: 300 sec this turn | 300 sec total\n|\n|t:|1783561999\n|switch|p1a: Wyrdeer|Wyrdeer, L87, M|100/100\n|-ability|p1a: Wyrdeer|Intimidate|boost\n|-unboost|p2a: Luxray|atk|1\n|move|p2a: Luxray|Play Rough|p1a: Wyrdeer\n|-damage|p1a: Wyrdeer|72/100\n|\n|-heal|p1a: Wyrdeer|78/100|[from] item: Leftovers\n|-damage|p2a: Luxray|266/283 brn|[from] brn\n|upkeep\n|turn|4\n|inactive|Time left: 300 sec this turn | 300 sec total\n|\n|t:|1783562000\n|move|p2a: Luxray|Facade|p1a: Wyrdeer\n|-damage|p1a: Wyrdeer|36/100\n|move|p1a: Wyrdeer|Body Slam|p2a: Luxray\n|-damage|p2a: Luxray|151/283 brn\n|\n|-heal|p1a: Wyrdeer|43/100|[from] item: Leftovers\n|-damage|p2a: Luxray|134/283 brn|[from] brn\n|upkeep\n|turn|5\n|inactive|Time left: 300 sec this turn | 300 sec total\n|\n|t:|1783562001\n|move|p2a: Luxray|Facade|p1a: Wyrdeer\n|-damage|p1a: Wyrdeer|0 fnt\n|faint|p1a: Wyrdeer\n|\n|-damage|p2a: Luxray|117/283 brn|[from] brn\n|upkeep\n|\n|t:|1783562002\n|switch|p1a: Gallade|Gallade, L80, M|100/100\n|turn|6\n|inactive|Time left: 300 sec this turn | 300 sec total\n|\n|t:|1783562003\n|switch|p2a: Slowking|Slowking, L88, M|227/310\n|move|p1a: Gallade|Psycho Cut|p2a: Slowking\n|-resisted|p2a: Slowking\n|-damage|p2a: Slowking|141/310\n|-damage|p1a: Gallade|90/100|[from] item: Life Orb\n|\n|upkeep\n|turn|7\n|inactive|Time left: 300 sec this turn | 300 sec total\n|\n|t:|1783562004\n|move|p1a: Gallade|Night Slash|p2a: Slowking\n|-supereffective|p2a: Slowking\n|-damage|p2a: Slowking|0 fnt\n|faint|p2a: Slowking\n|-damage|p1a: Gallade|80/100|[from] item: Life Orb\n|\n|upkeep\n|inactive|Time left: 300 sec this turn | 300 sec total | 5 sec grace\n|\n|t:|1783562006\n|switch|p2a: Staraptor|Staraptor, L79, M|263/263\n|turn|8\n|inactive|Time left: 300 sec this turn | 300 sec total\n|\n|t:|1783562007\n|switch|p1a: Bastiodon|Bastiodon, L89, M|100/100\n|move|p2a: Staraptor|Brave Bird|p1a: Bastiodon\n|-resisted|p1a: Bastiodon\n|-damage|p1a: Bastiodon|86/100\n|-damage|p2a: Staraptor|251/263|[from] Recoil\n|\n|upkeep\n|turn|9\n|inactive|Time left: 300 sec this turn | 300 sec total\n|\n|t:|1783562008\n|move|p2a: Staraptor|Brave Bird|p1a: Bastiodon\n|-resisted|p1a: Bastiodon\n|-damage|p1a: Bastiodon|72/100\n|-damage|p2a: Staraptor|239/263|[from] Recoil\n|move|p1a: Bastiodon|Iron Defense|p1a: Bastiodon\n|-boost|p1a: Bastiodon|def|2\n|\n|upkeep\n|turn|10\n|inactive|Time left: 300 sec this turn | 300 sec total\n|\n|t:|1783562009\n|switch|p2a: Toxtricity|Toxtricity, L82, F|257/257\n|move|p1a: Bastiodon|Body Press|p2a: Toxtricity\n|-resisted|p2a: Toxtricity\n|-damage|p2a: Toxtricity|147/257\n|\n|upkeep\n|turn|11\n|inactive|Time left: 300 sec this turn | 300 sec total\n|\n|t:|1783562009\n|move|p2a: Toxtricity|Sludge Wave|p1a: Bastiodon\n|-immune|p1a: Bastiodon\n|move|p1a: Bastiodon|Body Press|p2a: Toxtricity\n|-resisted|p2a: Toxtricity\n|-crit|p2a: Toxtricity\n|-damage|p2a: Toxtricity|0 fnt\n|faint|p2a: Toxtricity\n|\n|upkeep\n|inactive|Time left: 300 sec this turn | 300 sec total | 5 sec grace\n|\n|t:|1783562010\n|switch|p2a: Beartic|Beartic, L91, M|321/321\n|turn|12\n|inactive|Time left: 300 sec this turn | 300 sec total\n|\n|t:|1783562011\n|-terastallize|p2a: Beartic|Fighting\n|-terastallize|p1a: Bastiodon|Fighting\n|move|p2a: Beartic|Close Combat|p1a: Bastiodon\n|-damage|p1a: Bastiodon|50/100\n|-unboost|p2a: Beartic|def|1\n|-unboost|p2a: Beartic|spd|1\n|move|p1a: Bastiodon|Body Press|p2a: Beartic\n|-damage|p2a: Beartic|0 fnt\n|faint|p2a: Beartic\n|\n|upkeep\n|inactive|Time left: 300 sec this turn | 300 sec total | 5 sec grace\n|\n|t:|1783562012\n|switch|p2a: Staraptor|Staraptor, L79, M|239/263\n|turn|13\n|inactive|Time left: 300 sec this turn | 300 sec total\n|\n|t:|1783562013\n|move|p2a: Staraptor|Brave Bird|p1a: Bastiodon\n|-supereffective|p1a: Bastiodon\n|-damage|p1a: Bastiodon|0 fnt\n|faint|p1a: Bastiodon\n|-damage|p2a: Staraptor|197/263|[from] Recoil\n|\n|upkeep\n|\n|t:|1783562014\n|switch|p1a: Weezing|Weezing, L88, F|100/100\n|turn|14\n|inactive|Time left: 300 sec this turn | 300 sec total\n|\n|t:|1783562015\n|move|p2a: Staraptor|Brave Bird|p1a: Weezing\n|-damage|p1a: Weezing|33/100\n|-damage|p2a: Staraptor|139/263|[from] Recoil\n|move|p1a: Weezing|Gunk Shot|p2a: Staraptor\n|-damage|p2a: Staraptor|0 fnt\n|faint|p2a: Staraptor\n|\n|-heal|p1a: Weezing|39/100|[from] item: Leftovers\n|upkeep\n|inactive|Time left: 300 sec this turn | 300 sec total | 5 sec grace\n|\n|t:|1783562016\n|switch|p2a: Drednaw|Drednaw, L81, M|278/278\n|turn|15\n|inactive|Time left: 300 sec this turn | 300 sec total\n|\n|t:|1783562017\n|switch|p1a: Amoonguss|Amoonguss, L82, M|100/100\n|move|p2a: Drednaw|Shell Smash|p2a: Drednaw\n|-unboost|p2a: Drednaw|def|1\n|-unboost|p2a: Drednaw|spd|1\n|-boost|p2a: Drednaw|atk|2\n|-boost|p2a: Drednaw|spa|2\n|-boost|p2a: Drednaw|spe|2\n|-enditem|p2a: Drednaw|White Herb\n|-clearnegativeboost|p2a: Drednaw|[silent]\n|\n|upkeep\n|turn|16\n|inactive|Time left: 300 sec this turn | 300 sec total\n|\n|t:|1783562018\n|move|p2a: Drednaw|Stone Edge|p1a: Amoonguss\n|-damage|p1a: Amoonguss|21/100\n|move|p1a: Amoonguss|Giga Drain|p2a: Drednaw\n|-supereffective|p2a: Drednaw\n|-damage|p2a: Drednaw|0 fnt\n|-heal|p1a: Amoonguss|64/100|[from] drain|[of] p2a: Drednaw\n|faint|p2a: Drednaw\n|\n|upkeep\n|inactive|Time left: 300 sec this turn | 300 sec total | 5 sec grace\n|\n|t:|1783562019\n|switch|p2a: Luxray|Luxray, L88, M|117/283 brn\n|turn|17\n|inactive|Time left: 300 sec this turn | 300 sec total\n|\n|t:|1783562020\n|move|p2a: Luxray|Facade|p1a: Amoonguss\n|-damage|p1a: Amoonguss|0 fnt\n|-damage|p2a: Luxray|70/283 brn|[from] item: Rocky Helmet|[of] p1a: Amoonguss\n|faint|p1a: Amoonguss\n|\n|-damage|p2a: Luxray|53/283 brn|[from] brn\n|upkeep\n|\n|t:|1783562021\n|switch|p1a: Gallade|Gallade, L80, M|80/100\n|turn|18\n|inactive|Time left: 300 sec this turn | 300 sec total\n|\n|t:|1783562022\n|move|p1a: Gallade|Night Slash|p2a: Luxray\n|-crit|p2a: Luxray\n|-damage|p2a: Luxray|0 fnt\n|faint|p2a: Luxray\n|-damage|p1a: Gallade|70/100|[from] item: Life Orb\n|\n|win|p0x19642f4f", "uploadtime": 1783562022, "views": 0, "rating": 0, "private": 0, "password": null, "_winner": "p0x19642f4f", "_our_name": "p0y19647486"}