{"id": "battle-gen9randombattle-1386", "formatid": "gen9randombattle", "format": "[Gen 9] Random Battle", "players": ["p0x138615d4", "p0y1386b06e"], "log": "|init|battle\n|title|p0x138615d4 vs. p0y1386b06e\n|j|\u2606p0x138615d4\n|j|\u2606p0y1386b06e\n|t:|1783556114\n|gametype|singles\n|player|p1|p0x138615d4|266|\n|player|p2|p0y1386b06e|1|\n|gen|9\n|tier|[Gen 9] Random Battle\n|rule|Species Clause: Limit one of each Pok\u00e9mon\n|rule|HP Percentage Mod: HP is shown in percentages\n|rule|Sleep Clause Mod: Limit one foe put to sleep\n|rule|Illusion Level Mod: Illusion disguises the Pok\u00e9mon's true level\n|\n|t:|1783556114\n|teamsize|p1|6\n|teamsize|p2|6\n|start\n|switch|p1a: Regidrago|Regidrago, L77|100/100\n|switch|p2a: Dudunsparce|Dudunsparce-Three-Segment, L83, M|343/343\n|turn|1\n|inactive|Battle timer is ON: inactive players will automatically lose when time's up. (requested by p0x138615d4)\n|inactive|Time left: 300 sec this turn | 300 sec total | 60 sec grace\n|inactive|p0y1386b06e also wants the timer to be on.\n|\n|t:|1783556115\n|switch|p2a: Gardevoir|Gardevoir, L83, F|249/249\n|-ability|p2a: Gardevoir|Dragon's Maw|Trace|[from] ability: Trace|[of] p1a: Regidrago\n|move|p1a: Regidrago|Dragon Dance|p1a: Regidrago\n|-boost|p1a: Regidrago|atk|1\n|-boost|p1a: Regidrago|spe|1\n|\n|upkeep\n|turn|2\n|inactive|Time left: 300 sec this turn | 300 sec total\n|\n|t:|1783556116\n|-terastallize|p1a: Regidrago|Steel\n|move|p2a: Gardevoir|Moonblast|p1a: Regidrago\n|-resisted|p1a: Regidrago\n|-damage|p1a: Regidrago|78/100\n|move|p1a: Regidrago|Tera Blast|p2a: Gardevoir|[anim] Tera Blast Steel\n|-supereffective|p2a: Gardevoir\n|-damage|p2a: Gardevoir|0 fnt\n|faint|p2a: Gardevoir\n|-damage|p1a: Regidrago|68/100|[from] item: Life Orb\n|\n|upkeep\n|inactive|Time left: 300 sec this turn | 300 sec total | 5 sec grace\n|\n|t:|1783556117\n|switch|p2a: Beartic|Beartic, L91, F|321/321\n|turn|3\n|inactive|Time left: 300 sec this turn | 300 sec total\n|\n|t:|1783556118\n|move|p1a: Regidrago|Tera Blast|p2a: Beartic|[anim] Tera Blast Steel\n|-supereffective|p2a: Beartic\n|-damage|p2a: Beartic|45/321\n|-damage|p1a: Regidrago|58/100|[from] item: Life Orb\n|move|p2a: Beartic|Earthquake|p1a: Regidrago\n|-supereffective|p1a: Regidrago\n|-damage|p1a: Regidrago|0 fnt\n|faint|p1a: Regidrago\n|\n|upkeep\n|\n|t:|1783556119\n|switch|p1a: Noctowl|Noctowl, L95, F|100/100\n|turn|4\n|inactive|Time left: 300 sec this turn | 300 sec total\n|\n|t:|1783556120\n|move|p1a: Noctowl|Hyper Voice|p2a: Beartic\n|-damage|p2a: Beartic|0 fnt\n|faint|p2a: Beartic\n|\n|upkeep\n|inactive|Time left: 300 sec this turn | 300 sec total | 5 sec grace\n|\n|t:|1783556121\n|switch|p2a: Komala|Komala, L87, M|255/255\n|-ability|p2a: Komala|Comatose\n|turn|5\n|inactive|Time left: 300 sec this turn | 300 sec total\n|\n|t:|1783556122\n|move|p1a: Noctowl|Hurricane|p2a: Komala\n|-damage|p2a: Komala|164/255\n|-start|p2a: Komala|confusion\n|-activate|p2a: Komala|confusion\n|-damage|p2a: Komala|122/255|[from] confusion\n|\n|upkeep\n|turn|6\n|inactive|Time left: 300 sec this turn | 300 sec total\n|\n|t:|1783556124\n|move|p1a: Noctowl|Calm Mind|p1a: Noctowl\n|-boost|p1a: Noctowl|spa|1\n|-boost|p1a: Noctowl|spd|1\n|-activate|p2a: Komala|confusion\n|move|p2a: Komala|Rapid Spin|p1a: Noctowl\n|-damage|p1a: Noctowl|77/100\n|-boost|p2a: Komala|spe|1\n|\n|upkeep\n|turn|7\n|inactive|Time left: 300 sec this turn | 300 sec total\n|\n|t:|1783556125\n|-activate|p2a: Komala|confusion\n|-damage|p2a: Komala|80/255|[from] confusion\n|move|p1a: Noctowl|Hurricane|p2a: Komala\n|-damage|p2a: Komala|0 fnt\n|faint|p2a: Komala\n|\n|upkeep\n|inactive|Time left: 300 sec this turn | 300 sec total | 5 sec grace\n|\n|t:|1783556126\n|switch|p2a: Dudunsparce|Dudunsparce-Three-Segment, L83, M|343/343\n|turn|8\n|inactive|Time left: 300 sec this turn | 300 sec total\n|\n|t:|1783556127\n|move|p1a: Noctowl|Calm Mind|p1a: Noctowl\n|-boost|p1a: Noctowl|spa|1\n|-boost|p1a: Noctowl|spd|1\n|move|p2a: Dudunsparce|Calm Mind|p2a: Dudunsparce\n|-boost|p2a: Dudunsparce|spa|1\n|-boost|p2a: Dudunsparce|spd|1\n|\n|upkeep\n|turn|9\n|inactive|Time left: 300 sec this turn | 300 sec total\n|\n|t:|1783556128\n|move|p1a: Noctowl|Hurricane|p2a: Dudunsparce\n|-damage|p2a: Dudunsparce|148/343\n|move|p2a: Dudunsparce|Calm Mind|p2a: Dudunsparce\n|-boost|p2a: Dudunsparce|spa|1\n|-boost|p2a: Dudunsparce|spd|1\n|\n|-heal|p2a: Dudunsparce|169/343|[from] item: Leftovers\n|upkeep\n|turn|10\n|inactive|Time left: 300 sec this turn | 300 sec total\n|\n|t:|1783556129\n|move|p1a: Noctowl|Hurricane|p2a: Dudunsparce|[miss]\n|-miss|p1a: Noctowl|p2a: Dudunsparce\n|move|p2a: Dudunsparce|Roost|p2a: Dudunsparce\n|-heal|p2a: Dudunsparce|341/343\n|-singleturn|p2a: Dudunsparce|move: Roost\n|\n|-heal|p2a: Dudunsparce|343/343|[from] item: Leftovers\n|upkeep\n|turn|11\n|inactive|Time left: 300 sec this turn | 300 sec total\n|\n|t:|1783556130\n|move|p1a: Noctowl|Hurricane|p2a: Dudunsparce\n|-damage|p2a: Dudunsparce|189/343\n|move|p2a: Dudunsparce|Calm Mind|p2a: Dudunsparce\n|-boost|p2a: Dudunsparce|spa|1\n|-boost|p2a: Dudunsparce|spd|1\n|\n|-heal|p2a: Dudunsparce|210/343|[from] item: Leftovers\n|upkeep\n|turn|12\n|inactive|Time left: 300 sec this turn | 300 sec total\n|\n|t:|1783556131\n|move|p1a: Noctowl|Hurricane|p2a: Dudunsparce\n|-damage|p2a: Dudunsparce|84/343\n|move|p2a: Dudunsparce|Roost|p2a: Dudunsparce\n|-heal|p2a: Dudunsparce|256/343\n|-singleturn|p2a: Dudunsparce|move: Roost\n|\n|-heal|p2a: Dudunsparce|277/343|[from] item: Leftovers\n|upkeep\n|turn|13\n|inactive|Time left: 300 sec this turn | 300 sec total\n|\n|t:|1783556132\n|move|p1a: Noctowl|Calm Mind|p1a: Noctowl\n|-boost|p1a: Noctowl|spa|1\n|-boost|p1a: Noctowl|spd|1\n|move|p2a: Dudunsparce|Boomburst|p1a: Noctowl\n|-damage|p1a: Noctowl|43/100\n|\n|-heal|p2a: Dudunsparce|298/343|[from] item: Leftovers\n|upkeep\n|turn|14\n|inactive|Time left: 300 sec this turn | 300 sec total\n|\n|t:|1783556133\n|move|p1a: Noctowl|Roost|p1a: Noctowl\n|-heal|p1a: Noctowl|93/100\n|-singleturn|p1a: Noctowl|move: Roost\n|move|p2a: Dudunsparce|Boomburst|p1a: Noctowl\n|-damage|p1a: Noctowl|62/100\n|\n|-heal|p2a: Dudunsparce|319/343|[from] item: Leftovers\n|upkeep\n|turn|15\n|inactive|Time left: 300 sec this turn | 300 sec total\n|\n|t:|1783556135\n|move|p1a: Noctowl|Roost|p1a: Noctowl\n|-heal|p1a: Noctowl|100/100\n|-singleturn|p1a: Noctowl|move: Roost\n|move|p2a: Dudunsparce|Boomburst|p1a: Noctowl\n|-damage|p1a: Noctowl|68/100\n|\n|-heal|p2a: Dudunsparce|340/343|[from] item: Leftovers\n|upkeep\n|turn|16\n|inactive|Time left: 300 sec this turn | 300 sec total\n|\n|t:|1783556136\n|move|p1a: Noctowl|Roost|p1a: Noctowl\n|-heal|p1a: Noctowl|100/100\n|-singleturn|p1a: Noctowl|move: Roost\n|move|p2a: Dudunsparce|Boomburst|p1a: Noctowl\n|-damage|p1a: Noctowl|66/100\n|\n|-heal|p2a: Dudunsparce|343/343|[from] item: Leftovers\n|upkeep\n|turn|17\n|inactive|Time left: 300 sec this turn | 300 sec total\n|\n|t:|1783556137\n|move|p1a: Noctowl|Calm Mind|p1a: Noctowl\n|-boost|p1a: Noctowl|spa|1\n|-boost|p1a: Noctowl|spd|1\n|move|p2a: Dudunsparce|Boomburst|p1a: Noctowl\n|-damage|p1a: Noctowl|38/100\n|\n|upkeep\n|turn|18\n|inactive|Time left: 300 sec this turn | 300 sec total\n|\n|t:|1783556138\n|move|p1a: Noctowl|Roost|p1a: Noctowl\n|-heal|p1a: Noctowl|88/100\n|-singleturn|p1a: Noctowl|move: Roost\n|move|p2a: Dudunsparce|Boomburst|p1a: Noctowl\n|-damage|p1a: Noctowl|63/100\n|\n|upkeep\n|turn|19\n|inactive|Time left: 300 sec this turn | 300 sec total\n|\n|t:|1783556139\n|move|p1a: Noctowl|Hurricane|p2a: Dudunsparce|[miss]\n|-miss|p1a: Noctowl|p2a: Dudunsparce\n|move|p2a: Dudunsparce|Calm Mind|p2a: Dudunsparce\n|-boost|p2a: Dudunsparce|spa|1\n|-boost|p2a: Dudunsparce|spd|1\n|\n|upkeep\n|turn|20\n|inactive|Time left: 300 sec this turn | 300 sec total\n|\n|t:|1783556140\n|move|p1a: Noctowl|Roost|p1a: Noctowl\n|-heal|p1a: Noctowl|100/100\n|-singleturn|p1a: Noctowl|move: Roost\n|move|p2a: Dudunsparce|Boomburst|p1a: Noctowl\n|-damage|p1a: Noctowl|71/100\n|\n|upkeep\n|turn|21\n|inactive|Time left: 300 sec this turn | 300 sec total\n|\n|t:|1783556141\n|move|p1a: Noctowl|Hyper Voice|p2a: Dudunsparce\n|-damage|p2a: Dudunsparce|226/343\n|move|p2a: Dudunsparce|Boomburst|p1a: Noctowl\n|-damage|p1a: Noctowl|39/100\n|\n|-heal|p2a: Dudunsparce|247/343|[from] item: Leftovers\n|upkeep\n|turn|22\n|inactive|Time left: 300 sec this turn | 300 sec total\n|\n|t:|1783556142\n|move|p1a: Noctowl|Roost|p1a: Noctowl\n|-heal|p1a: Noctowl|89/100\n|-singleturn|p1a: Noctowl|move: Roost\n|move|p2a: Dudunsparce|Boomburst|p1a: Noctowl\n|-damage|p1a: Noctowl|56/100\n|\n|-heal|p2a: Dudunsparce|268/343|[from] item: Leftovers\n|upkeep\n|turn|23\n|inactive|Time left: 300 sec this turn | 300 sec total\n|\n|t:|1783556143\n|move|p1a: Noctowl|Hurricane|p2a: Dudunsparce\n|-damage|p2a: Dudunsparce|108/343\n|-start|p2a: Dudunsparce|confusion\n|-activate|p2a: Dudunsparce|confusion\n|move|p2a: Dudunsparce|Boomburst|p1a: Noctowl\n|-damage|p1a: Noctowl|25/100\n|\n|-heal|p2a: Dudunsparce|129/343|[from] item: Leftovers\n|upkeep\n|turn|24\n|inactive|Time left: 300 sec this turn | 300 sec total\n|\n|t:|1783556144\n|move|p1a: Noctowl|Hurricane|p2a: Dudunsparce\n|-damage|p2a: Dudunsparce|0 fnt\n|faint|p2a: Dudunsparce\n|\n|upkeep\n|inactive|Time left: 300 sec this turn | 300 sec total | 5 sec grace\n|\n|t:|1783556145\n|switch|p2a: Delphox|Delphox, L84, F|263/263\n|turn|25\n|inactive|Time left: 300 sec this turn | 300 sec total\n|\n|t:|1783556146\n|move|p2a: Delphox|Psyshock|p1a: Noctowl\n|-damage|p1a: Noctowl|0 fnt\n|faint|p1a: Noctowl\n|\n|upkeep\n|\n|t:|1783556147\n|switch|p1a: Piloswine|Piloswine, L85, F|100/100\n|turn|26\n|inactive|Time left: 300 sec this turn | 300 sec total\n|\n|t:|1783556148\n|-terastallize|p2a: Delphox|Grass\n|move|p2a: Delphox|Nasty Plot|p2a: Delphox\n|-boost|p2a: Delphox|spa|2\n|move|p1a: Piloswine|Earthquake|p2a: Delphox\n|-resisted|p2a: Delphox\n|-damage|p2a: Delphox|197/263\n|\n|upkeep\n|turn|27\n|inactive|Time left: 300 sec this turn | 300 sec total\n|\n|t:|1783556149\n|move|p1a: Piloswine|Ice Shard|p2a: Delphox\n|-supereffective|p2a: Delphox\n|-damage|p2a: Delphox|93/263\n|move|p2a: Delphox|Grass Knot|p1a: Piloswine\n|-supereffective|p1a: Piloswine\n|-damage|p1a: Piloswine|1/100\n|\n|upkeep\n|turn|28\n|inactive|Time left: 300 sec this turn | 300 sec total\n|\n|t:|1783556150\n|switch|p2a: Glimmora|Glimmora, L75, F|248/248\n|-item|p2a: Glimmora|Air Balloon\n|move|p1a: Piloswine|Ice Shard|p2a: Glimmora\n|-damage|p2a: Glimmora|197/248\n|-activate|p2a: Glimmora|ability: Toxic Debris\n|-sidestart|p1: p0x138615d4|move: Toxic Spikes\n|-enditem|p2a: Glimmora|Air Balloon\n|\n|upkeep\n|turn|29\n|inactive|Time left: 300 sec this turn | 300 sec total\n|\n|t:|1783556151\n|move|p2a: Glimmora|Sludge Wave|p1a: Piloswine\n|-resisted|p1a: Piloswine\n|-damage|p1a: Piloswine|0 fnt\n|faint|p1a: Piloswine\n|\n|upkeep\n|\n|t:|1783556152\n|switch|p1a: Cresselia|Cresselia, L80, F|100/100\n|turn|30\n|inactive|Time left: 300 sec this turn | 300 sec total\n|\n|t:|1783556153\n|move|p1a: Cresselia|Calm Mind|p1a: Cresselia\n|-boost|p1a: Cresselia|spa|1\n|-boost|p1a: Cresselia|spd|1\n|move|p2a: Glimmora|Spikes|p1a: Cresselia\n|-sidestart|p1: p0x138615d4|Spikes\n|\n|upkeep\n|turn|31\n|inactive|Time left: 300 sec this turn | 300 sec total\n|\n|t:|1783556154\n|move|p1a: Cresselia|Psyshock|p2a: Glimmora\n|-supereffective|p2a: Glimmora\n|-damage|p2a: Glimmora|0 fnt\n|faint|p2a: Glimmora\n|\n|upkeep\n|inactive|Time left: 300 sec this turn | 300 sec total | 5 sec grace\n|\n|t:|1783556155\n|switch|p2a: Delphox|Delphox, L84, F, tera:Grass|93/263\n|turn|32\n|inactive|Time left: 300 sec this turn | 300 sec total\n|\n|t:|1783556156\n|move|p2a: Delphox|Psyshock|p1a: Cresselia\n|-resisted|p1a: Cresselia\n|-damage|p1a: Cresselia|88/100\n|move|p1a: Cresselia|Psyshock|p2a: Delphox\n|-damage|p2a: Delphox|0 fnt\n|faint|p2a: Delphox\n|\n|win|p0x138615d4", "uploadtime": 1783556156, "views": 0, "rating": 0, "private": 0, "password": null, "_winner": "p0x138615d4", "_our_name": "p0y1386b06e"}