{"id": "battle-gen9randombattle-2638", "formatid": "gen9randombattle", "format": "[Gen 9] Random Battle", "players": ["p0x26382a7b", "p0y2638438d"], "log": "|init|battle\n|title|p0x26382a7b vs. p0y2638438d\n|j|\u2606p0x26382a7b\n|j|\u2606p0y2638438d\n|t:|1783570454\n|gametype|singles\n|player|p1|p0x26382a7b|102|\n|player|p2|p0y2638438d|2|\n|gen|9\n|tier|[Gen 9] Random Battle\n|rule|Species Clause: Limit one of each Pok\u00e9mon\n|rule|HP Percentage Mod: HP is shown in percentages\n|rule|Sleep Clause Mod: Limit one foe put to sleep\n|rule|Illusion Level Mod: Illusion disguises the Pok\u00e9mon's true level\n|\n|t:|1783570454\n|teamsize|p1|6\n|teamsize|p2|6\n|start\n|switch|p1a: Meganium|Meganium, L90, F|100/100\n|switch|p2a: Grimmsnarl|Grimmsnarl, L83, M|293/293\n|turn|1\n|inactive|Battle timer is ON: inactive players will automatically lose when time's up. (requested by p0y2638438d)\n|inactive|p0x26382a7b also wants the timer to be on.\n|\n|t:|1783570455\n|move|p1a: Meganium|Knock Off|p2a: Grimmsnarl\n|-resisted|p2a: Grimmsnarl\n|-damage|p2a: Grimmsnarl|273/293\n|-enditem|p2a: Grimmsnarl|Leftovers|[from] move: Knock Off|[of] p1a: Meganium\n|move|p2a: Grimmsnarl|Spirit Break|p1a: Meganium\n|-damage|p1a: Meganium|73/100\n|-unboost|p1a: Meganium|spa|1\n|\n|-heal|p1a: Meganium|79/100|[from] item: Leftovers\n|upkeep\n|turn|2\n|inactive|Time left: 300 sec this turn | 300 sec total\n|\n|t:|1783570457\n|switch|p1a: Qwilfish|Qwilfish-Hisui, L83, M|100/100\n|-ability|p1a: Qwilfish|Intimidate|boost\n|-unboost|p2a: Grimmsnarl|atk|1\n|move|p2a: Grimmsnarl|Spirit Break|p1a: Qwilfish\n|-damage|p1a: Qwilfish|83/100\n|-unboost|p1a: Qwilfish|spa|1\n|\n|upkeep\n|turn|3\n|inactive|Time left: 300 sec this turn | 300 sec total\n|\n|t:|1783570458\n|switch|p2a: Slaking|Slaking, L84, F|389/389\n|move|p1a: Qwilfish|Gunk Shot|p2a: Slaking\n|-damage|p2a: Slaking|272/389\n|\n|upkeep\n|turn|4\n|inactive|Time left: 300 sec this turn | 300 sec total\n|\n|t:|1783570459\n|switch|p1a: Iron Treads|Iron Treads, L77|100/100\n|move|p2a: Slaking|Giga Impact|p1a: Iron Treads\n|-resisted|p1a: Iron Treads\n|-damage|p1a: Iron Treads|40/100\n|-mustrecharge|p2a: Slaking\n|\n|-heal|p1a: Iron Treads|47/100|[from] item: Leftovers\n|upkeep\n|turn|5\n|inactive|Time left: 300 sec this turn | 300 sec total\n|\n|t:|1783570460\n|cant|p2a: Slaking|recharge\n|move|p1a: Iron Treads|Stealth Rock|p2a: Slaking\n|-sidestart|p2: p0y2638438d|move: Stealth Rock\n|\n|-heal|p1a: Iron Treads|53/100|[from] item: Leftovers\n|upkeep\n|turn|6\n|inactive|Time left: 300 sec this turn | 300 sec total\n|\n|t:|1783570461\n|-end|p1a: Iron Treads|Quark Drive|[silent]\n|switch|p1a: Qwilfish|Qwilfish-Hisui, L83, M|83/100\n|-ability|p1a: Qwilfish|Intimidate|boost\n|-unboost|p2a: Slaking|atk|1\n|move|p2a: Slaking|Giga Impact|p1a: Qwilfish\n|-damage|p1a: Qwilfish|14/100\n|-mustrecharge|p2a: Slaking\n|\n|upkeep\n|turn|7\n|inactive|Time left: 300 sec this turn | 300 sec total\n|\n|t:|1783570462\n|cant|p2a: Slaking|recharge\n|move|p1a: Qwilfish|Spikes|p2a: Slaking\n|-sidestart|p2: p0y2638438d|Spikes\n|\n|upkeep\n|turn|8\n|inactive|Time left: 300 sec this turn | 300 sec total\n|\n|t:|1783570463\n|switch|p1a: Iron Treads|Iron Treads, L77|53/100\n|move|p2a: Slaking|Giga Impact|p1a: Iron Treads|[miss]\n|-miss|p2a: Slaking|p1a: Iron Treads\n|\n|-heal|p1a: Iron Treads|59/100|[from] item: Leftovers\n|upkeep\n|turn|9\n|inactive|Time left: 300 sec this turn | 300 sec total\n|\n|t:|1783570463\n|switch|p2a: Pelipper|Pelipper, L86, F|243/243\n|-weather|RainDance|[from] ability: Drizzle|[of] p2a: Pelipper\n|move|p1a: Iron Treads|Iron Head|p2a: Pelipper\n|-resisted|p2a: Pelipper\n|-damage|p2a: Pelipper|210/243\n|\n|-weather|RainDance|[upkeep]\n|-heal|p1a: Iron Treads|65/100|[from] item: Leftovers\n|upkeep\n|turn|10\n|inactive|Time left: 300 sec this turn | 300 sec total\n|\n|t:|1783570464\n|move|p1a: Iron Treads|Volt Switch|p2a: Pelipper\n|-supereffective|p2a: Pelipper\n|-damage|p2a: Pelipper|46/243\n|\n|t:|1783570465\n|-end|p1a: Iron Treads|Quark Drive|[silent]\n|switch|p1a: Zacian|Zacian, L69|100/100|[from] Volt Switch\n|-ability|p1a: Zacian|Intrepid Sword|boost\n|-boost|p1a: Zacian|atk|1\n|move|p2a: Pelipper|Surf|p1a: Zacian\n|-damage|p1a: Zacian|44/100\n|\n|-weather|RainDance|[upkeep]\n|upkeep\n|turn|11\n|inactive|Time left: 300 sec this turn | 300 sec total\n|\n|t:|1783570466\n|switch|p2a: Amoonguss|Amoonguss, L82, M|321/321\n|-damage|p2a: Amoonguss|281/321|[from] Stealth Rock\n|-damage|p2a: Amoonguss|241/321|[from] Spikes\n|move|p1a: Zacian|Play Rough|p2a: Amoonguss\n|-resisted|p2a: Amoonguss\n|-damage|p2a: Amoonguss|142/321\n|-damage|p1a: Zacian|27/100|[from] item: Rocky Helmet|[of] p2a: Amoonguss\n|\n|-weather|RainDance|[upkeep]\n|upkeep\n|turn|12\n|inactive|Time left: 300 sec this turn | 300 sec total\n|\n|t:|1783570468\n|move|p1a: Zacian|Play Rough|p2a: Amoonguss\n|-resisted|p2a: Amoonguss\n|-damage|p2a: Amoonguss|44/321\n|-damage|p1a: Zacian|11/100|[from] item: Rocky Helmet|[of] p2a: Amoonguss\n|move|p2a: Amoonguss|Sludge Bomb|p1a: Zacian\n|-supereffective|p1a: Zacian\n|-damage|p1a: Zacian|0 fnt\n|faint|p1a: Zacian\n|\n|-weather|RainDance|[upkeep]\n|upkeep\n|\n|t:|1783570469\n|switch|p1a: Meganium|Meganium, L90, F|79/100\n|turn|13\n|inactive|Time left: 300 sec this turn | 300 sec total\n|\n|t:|1783570470\n|switch|p2a: Slaking|Slaking, L84, F|272/389\n|-damage|p2a: Slaking|224/389|[from] Stealth Rock\n|-damage|p2a: Slaking|176/389|[from] Spikes\n|move|p1a: Meganium|Knock Off|p2a: Slaking\n|-damage|p2a: Slaking|109/389\n|-enditem|p2a: Slaking|Choice Band|[from] move: Knock Off|[of] p1a: Meganium\n|\n|-weather|none\n|-heal|p1a: Meganium|85/100|[from] item: Leftovers\n|upkeep\n|turn|14\n|inactive|Time left: 300 sec this turn | 300 sec total\n|\n|t:|1783570470\n|move|p2a: Slaking|Giga Impact|p1a: Meganium\n|-damage|p1a: Meganium|16/100\n|-mustrecharge|p2a: Slaking\n|move|p1a: Meganium|Energy Ball|p2a: Slaking\n|-damage|p2a: Slaking|0 fnt\n|faint|p2a: Slaking\n|\n|-heal|p1a: Meganium|22/100|[from] item: Leftovers\n|upkeep\n|inactive|Time left: 300 sec this turn | 300 sec total | 5 sec grace\n|\n|t:|1783570471\n|switch|p2a: Roaring Moon|Roaring Moon, L72|270/270\n|-damage|p2a: Roaring Moon|237/270|[from] Stealth Rock\n|-damage|p2a: Roaring Moon|204/270|[from] Spikes\n|-enditem|p2a: Roaring Moon|Booster Energy\n|-activate|p2a: Roaring Moon|ability: Protosynthesis|[fromitem]\n|-start|p2a: Roaring Moon|protosynthesisatk\n|turn|15\n|inactive|Time left: 300 sec this turn | 300 sec total\n|\n|t:|1783570472\n|switch|p1a: Qwilfish|Qwilfish-Hisui, L83, M|14/100\n|-ability|p1a: Qwilfish|Intimidate|boost\n|-unboost|p2a: Roaring Moon|atk|1\n|move|p2a: Roaring Moon|Outrage|p1a: Qwilfish\n|-damage|p1a: Qwilfish|0 fnt\n|faint|p1a: Qwilfish\n|\n|upkeep\n|\n|t:|1783570473\n|switch|p1a: Iron Treads|Iron Treads, L77|65/100\n|turn|16\n|inactive|Time left: 300 sec this turn | 300 sec total\n|\n|t:|1783570474\n|move|p2a: Roaring Moon|Outrage|p1a: Iron Treads|[from] lockedmove\n|-resisted|p1a: Iron Treads\n|-damage|p1a: Iron Treads|48/100\n|-start|p2a: Roaring Moon|confusion|[fatigue]\n|move|p1a: Iron Treads|Iron Head|p2a: Roaring Moon\n|-damage|p2a: Roaring Moon|104/270\n|\n|-heal|p1a: Iron Treads|54/100|[from] item: Leftovers\n|upkeep\n|turn|17\n|inactive|Time left: 300 sec this turn | 300 sec total\n|\n|t:|1783570475\n|-activate|p2a: Roaring Moon|confusion\n|move|p2a: Roaring Moon|Knock Off|p1a: Iron Treads\n|-damage|p1a: Iron Treads|24/100\n|-enditem|p1a: Iron Treads|Leftovers|[from] move: Knock Off|[of] p2a: Roaring Moon\n|move|p1a: Iron Treads|Iron Head|p2a: Roaring Moon\n|-damage|p2a: Roaring Moon|2/270\n|\n|upkeep\n|turn|18\n|inactive|Time left: 300 sec this turn | 300 sec total\n|\n|t:|1783570475\n|-activate|p2a: Roaring Moon|confusion\n|move|p2a: Roaring Moon|Outrage|p1a: Iron Treads\n|-resisted|p1a: Iron Treads\n|-damage|p1a: Iron Treads|6/100\n|move|p1a: Iron Treads|Volt Switch|p2a: Roaring Moon\n|-resisted|p2a: Roaring Moon\n|-damage|p2a: Roaring Moon|0 fnt\n|faint|p2a: Roaring Moon\n|-end|p2a: Roaring Moon|Protosynthesis|[silent]\n|\n|t:|1783570476\n|-end|p1a: Iron Treads|Quark Drive|[silent]\n|switch|p1a: Venusaur|Venusaur, L84, M|100/100|[from] Volt Switch\n|\n|upkeep\n|inactive|Time left: 300 sec this turn | 300 sec total | 10 sec grace\n|\n|t:|1783570477\n|switch|p2a: Quaquaval|Quaquaval, L79, M|264/264\n|-damage|p2a: Quaquaval|248/264|[from] Stealth Rock\n|-damage|p2a: Quaquaval|215/264|[from] Spikes\n|turn|19\n|inactive|Time left: 300 sec this turn | 300 sec total\n|\n|t:|1783570478\n|move|p1a: Venusaur|Sludge Bomb|p2a: Quaquaval\n|-damage|p2a: Quaquaval|106/264\n|move|p2a: Quaquaval|Triple Axel|p1a: Venusaur\n|-supereffective|p1a: Venusaur\n|-damage|p1a: Venusaur|86/100\n|-supereffective|p1a: Venusaur\n|-damage|p1a: Venusaur|56/100\n|-supereffective|p1a: Venusaur\n|-damage|p1a: Venusaur|13/100\n|-hitcount|p1a: Venusaur|3\n|-damage|p2a: Quaquaval|80/264|[from] item: Life Orb\n|\n|-heal|p1a: Venusaur|19/100|[from] item: Leftovers\n|upkeep\n|turn|20\n|inactive|Time left: 300 sec this turn | 300 sec total\n|\n|t:|1783570478\n|-terastallize|p2a: Quaquaval|Steel\n|move|p1a: Venusaur|Sludge Bomb|p2a: Quaquaval\n|-immune|p2a: Quaquaval\n|move|p2a: Quaquaval|Aqua Step|p1a: Venusaur\n|-resisted|p1a: Venusaur\n|-damage|p1a: Venusaur|0 fnt\n|-boost|p2a: Quaquaval|spe|1\n|faint|p1a: Venusaur\n|-ability|p2a: Quaquaval|Moxie|boost\n|-boost|p2a: Quaquaval|atk|1\n|-damage|p2a: Quaquaval|54/264|[from] item: Life Orb\n|\n|upkeep\n|\n|t:|1783570479\n|switch|p1a: Mandibuzz|Mandibuzz, L85, F|100/100\n|turn|21\n|inactive|Time left: 300 sec this turn | 300 sec total\n|\n|t:|1783570480\n|move|p2a: Quaquaval|Triple Axel|p1a: Mandibuzz\n|-supereffective|p1a: Mandibuzz\n|-damage|p1a: Mandibuzz|83/100\n|-supereffective|p1a: Mandibuzz\n|-damage|p1a: Mandibuzz|51/100\n|-supereffective|p1a: Mandibuzz\n|-damage|p1a: Mandibuzz|4/100\n|-hitcount|p1a: Mandibuzz|3\n|-damage|p2a: Quaquaval|28/264|[from] item: Life Orb\n|move|p1a: Mandibuzz|Knock Off|p2a: Quaquaval\n|-damage|p2a: Quaquaval|0 fnt\n|-enditem|p2a: Quaquaval|Life Orb|[from] move: Knock Off|[of] p1a: Mandibuzz\n|faint|p2a: Quaquaval\n|\n|upkeep\n|inactive|Time left: 300 sec this turn | 300 sec total | 5 sec grace\n|\n|t:|1783570481\n|switch|p2a: Grimmsnarl|Grimmsnarl, L83, M|273/293\n|-damage|p2a: Grimmsnarl|237/293|[from] Stealth Rock\n|-damage|p2a: Grimmsnarl|201/293|[from] Spikes\n|turn|22\n|inactive|Time left: 300 sec this turn | 300 sec total\n|\n|t:|1783570482\n|move|p1a: Mandibuzz|Roost|p1a: Mandibuzz\n|-heal|p1a: Mandibuzz|54/100\n|-singleturn|p1a: Mandibuzz|move: Roost\n|move|p2a: Grimmsnarl|Spirit Break|p1a: Mandibuzz\n|-supereffective|p1a: Mandibuzz\n|-damage|p1a: Mandibuzz|8/100\n|-unboost|p1a: Mandibuzz|spa|1\n|\n|upkeep\n|turn|23\n|inactive|Time left: 300 sec this turn | 300 sec total\n|\n|t:|1783570483\n|move|p1a: Mandibuzz|Roost|p1a: Mandibuzz\n|-heal|p1a: Mandibuzz|58/100\n|-singleturn|p1a: Mandibuzz|move: Roost\n|move|p2a: Grimmsnarl|Spirit Break|p1a: Mandibuzz\n|-supereffective|p1a: Mandibuzz\n|-damage|p1a: Mandibuzz|7/100\n|-unboost|p1a: Mandibuzz|spa|1\n|\n|upkeep\n|turn|24\n|inactive|Time left: 300 sec this turn | 300 sec total\n|\n|t:|1783570484\n|move|p1a: Mandibuzz|Roost|p1a: Mandibuzz\n|-heal|p1a: Mandibuzz|57/100\n|-singleturn|p1a: Mandibuzz|move: Roost\n|move|p2a: Grimmsnarl|Spirit Break|p1a: Mandibuzz\n|-supereffective|p1a: Mandibuzz\n|-damage|p1a: Mandibuzz|10/100\n|-unboost|p1a: Mandibuzz|spa|1\n|\n|upkeep\n|turn|25\n|inactive|Time left: 300 sec this turn | 300 sec total\n|\n|t:|1783570484\n|move|p1a: Mandibuzz|Roost|p1a: Mandibuzz\n|-heal|p1a: Mandibuzz|60/100\n|-singleturn|p1a: Mandibuzz|move: Roost\n|move|p2a: Grimmsnarl|Spirit Break|p1a: Mandibuzz\n|-supereffective|p1a: Mandibuzz\n|-damage|p1a: Mandibuzz|12/100\n|-unboost|p1a: Mandibuzz|spa|1\n|\n|upkeep\n|turn|26\n|inactive|Time left: 300 sec this turn | 300 sec total\n|\n|t:|1783570485\n|move|p1a: Mandibuzz|Brave Bird|p2a: Grimmsnarl\n|-damage|p2a: Grimmsnarl|72/293\n|-damage|p1a: Mandibuzz|0 fnt|[from] Recoil\n|faint|p1a: Mandibuzz\n|move|p2a: Grimmsnarl|Spirit Break|p1: Mandibuzz|[notarget]\n|-fail|p2a: Grimmsnarl\n|\n|upkeep\n|\n|t:|1783570486\n|switch|p1a: Meganium|Meganium, L90, F|22/100\n|turn|27\n|inactive|Time left: 300 sec this turn | 300 sec total\n|\n|t:|1783570487\n|move|p2a: Grimmsnarl|Parting Shot|p1a: Meganium\n|-unboost|p1a: Meganium|atk|1\n|-unboost|p1a: Meganium|spa|1\n|inactive|Time left: 300 sec this turn | 300 sec total | 5 sec grace\n|\n|t:|1783570488\n|switch|p2a: Amoonguss|Amoonguss, L82, M|151/321|[from] Parting Shot\n|-damage|p2a: Amoonguss|111/321|[from] Stealth Rock\n|-damage|p2a: Amoonguss|71/321|[from] Spikes\n|move|p1a: Meganium|Synthesis|p1a: Meganium\n|-heal|p1a: Meganium|72/100\n|\n|-heal|p1a: Meganium|78/100|[from] item: Leftovers\n|upkeep\n|turn|28\n|inactive|Time left: 300 sec this turn | 300 sec total\n|\n|t:|1783570489\n|switch|p1a: Iron Treads|Iron Treads, L77|6/100\n|move|p2a: Amoonguss|Sludge Bomb|p1a: Iron Treads\n|-immune|p1a: Iron Treads\n|\n|upkeep\n|turn|29\n|inactive|Time left: 300 sec this turn | 300 sec total\n|\n|t:|1783570490\n|switch|p2a: Grimmsnarl|Grimmsnarl, L83, M|72/293\n|-damage|p2a: Grimmsnarl|36/293|[from] Stealth Rock\n|-damage|p2a: Grimmsnarl|0 fnt|[from] Spikes\n|faint|p2a: Grimmsnarl\n|move|p1a: Iron Treads|Iron Head|p2: Grimmsnarl|[notarget]\n|-fail|p1a: Iron Treads\n|\n|upkeep\n|inactive|Time left: 300 sec this turn | 300 sec total | 5 sec grace\n|\n|t:|1783570490\n|switch|p2a: Amoonguss|Amoonguss, L82, M|178/321\n|-damage|p2a: Amoonguss|138/321|[from] Stealth Rock\n|-damage|p2a: Amoonguss|98/321|[from] Spikes\n|turn|30\n|inactive|Time left: 300 sec this turn | 300 sec total\n|\n|t:|1783570491\n|switch|p2a: Pelipper|Pelipper, L86, F|46/243\n|-weather|RainDance|[from] ability: Drizzle|[of] p2a: Pelipper\n|move|p1a: Iron Treads|Volt Switch|p2a: Pelipper\n|-supereffective|p2a: Pelipper\n|-crit|p2a: Pelipper\n|-damage|p2a: Pelipper|0 fnt\n|faint|p2a: Pelipper\n|\n|t:|1783570492\n|-end|p1a: Iron Treads|Quark Drive|[silent]\n|switch|p1a: Meganium|Meganium, L90, F|78/100|[from] Volt Switch\n|\n|-weather|RainDance|[upkeep]\n|-heal|p1a: Meganium|84/100|[from] item: Leftovers\n|upkeep\n|inactive|Time left: 300 sec this turn | 300 sec total | 10 sec grace\n|\n|t:|1783570493\n|switch|p2a: Amoonguss|Amoonguss, L82, M|205/321\n|-damage|p2a: Amoonguss|165/321|[from] Stealth Rock\n|-damage|p2a: Amoonguss|125/321|[from] Spikes\n|turn|31\n|inactive|Time left: 300 sec this turn | 300 sec total\n|\n|t:|1783570494\n|move|p1a: Meganium|Knock Off|p2a: Amoonguss\n|-damage|p2a: Amoonguss|45/321\n|-damage|p1a: Meganium|68/100|[from] item: Rocky Helmet|[of] p2a: Amoonguss\n|-enditem|p2a: Amoonguss|Rocky Helmet|[from] move: Knock Off|[of] p1a: Meganium\n|move|p2a: Amoonguss|Sludge Bomb|p1a: Meganium\n|-supereffective|p1a: Meganium\n|-damage|p1a: Meganium|19/100\n|\n|-weather|RainDance|[upkeep]\n|-heal|p1a: Meganium|26/100|[from] item: Leftovers\n|upkeep\n|turn|32\n|inactive|Time left: 300 sec this turn | 300 sec total\n|\n|t:|1783570495\n|move|p1a: Meganium|Knock Off|p2a: Amoonguss\n|-damage|p2a: Amoonguss|0 fnt\n|faint|p2a: Amoonguss\n|\n|win|p0x26382a7b", "uploadtime": 1783570495, "views": 0, "rating": 0, "private": 0, "password": null, "_winner": "p0x26382a7b", "_our_name": "p0y2638438d"}