{"id": "battle-gen9randombattle-1471", "formatid": "gen9randombattle", "format": "[Gen 9] Random Battle", "players": ["p0x1471d578", "p0y14713376"], "log": "|init|battle\n|title|p0x1471d578 vs. p0y14713376\n|j|\u2606p0x1471d578\n|j|\u2606p0y14713376\n|t:|1783557135\n|gametype|singles\n|player|p1|p0x1471d578|170|\n|player|p2|p0y14713376|102|\n|gen|9\n|tier|[Gen 9] Random Battle\n|rule|Species Clause: Limit one of each Pok\u00e9mon\n|rule|HP Percentage Mod: HP is shown in percentages\n|rule|Sleep Clause Mod: Limit one foe put to sleep\n|rule|Illusion Level Mod: Illusion disguises the Pok\u00e9mon's true level\n|\n|t:|1783557135\n|teamsize|p1|6\n|teamsize|p2|6\n|start\n|switch|p1a: Lycanroc|Lycanroc, L86, F|269/269\n|switch|p2a: Uxie|Uxie, L83|100/100\n|turn|1\n|inactive|Battle timer is ON: inactive players will automatically lose when time's up. (requested by p0x1471d578)\n|\n|t:|1783557136\n|move|p1a: Lycanroc|Stealth Rock|p2a: Uxie\n|-sidestart|p2: p0y14713376|move: Stealth Rock\n|move|p2a: Uxie|U-turn|p1a: Lycanroc\n|-damage|p1a: Lycanroc|217/269\n|inactive|p0y14713376 also wants the timer to be on.\n|\n|t:|1783557137\n|switch|p2a: Bruxish|Bruxish, L85, F|100/100|[from] U-turn\n|-damage|p2a: Bruxish|88/100|[from] Stealth Rock\n|\n|upkeep\n|turn|2\n|inactive|Time left: 300 sec this turn | 300 sec total\n|\n|t:|1783557138\n|switch|p1a: Overqwil|Overqwil, L82, M|274/274\n|-ability|p1a: Overqwil|Intimidate|boost\n|-unboost|p2a: Bruxish|atk|1\n|move|p2a: Bruxish|Psychic Fangs|p1a: Overqwil\n|-immune|p1a: Overqwil\n|\n|upkeep\n|turn|3\n|inactive|Time left: 300 sec this turn | 300 sec total\n|\n|t:|1783557139\n|switch|p2a: Koraidon|Koraidon, L64|100/100\n|-damage|p2a: Koraidon|95/100|[from] Stealth Rock\n|-weather|SunnyDay|[from] ability: Orichalcum Pulse|[of] p2a: Koraidon\n|-activate|p2a: Koraidon|Orichalcum Pulse|[source]\n|move|p1a: Overqwil|Swords Dance|p1a: Overqwil\n|-boost|p1a: Overqwil|atk|2\n|\n|-weather|SunnyDay|[upkeep]\n|upkeep\n|turn|4\n|inactive|Time left: 300 sec this turn | 300 sec total\n|\n|t:|1783557140\n|move|p2a: Koraidon|Flare Blitz|p1a: Overqwil\n|-damage|p1a: Overqwil|145/274\n|-damage|p2a: Koraidon|76/100|[from] Recoil\n|move|p1a: Overqwil|Scale Shot|p2a: Koraidon\n|-supereffective|p2a: Koraidon\n|-damage|p2a: Koraidon|42/100\n|-supereffective|p2a: Koraidon\n|-damage|p2a: Koraidon|7/100\n|-supereffective|p2a: Koraidon\n|-damage|p2a: Koraidon|0 fnt\n|faint|p2a: Koraidon\n|-hitcount|p2: Koraidon|3\n|-unboost|p1a: Overqwil|def|1\n|-boost|p1a: Overqwil|spe|1\n|\n|-weather|SunnyDay|[upkeep]\n|upkeep\n|\n|t:|1783557141\n|switch|p2a: Pincurchin|Pincurchin, M|100/100\n|-damage|p2a: Pincurchin|88/100|[from] Stealth Rock\n|-fieldstart|move: Electric Terrain|[from] ability: Electric Surge|[of] p2a: Pincurchin\n|turn|5\n|inactive|Time left: 300 sec this turn | 300 sec total\n|\n|t:|1783557142\n|-terastallize|p1a: Overqwil|Dragon\n|move|p1a: Overqwil|Gunk Shot|p2a: Pincurchin|[miss]\n|-miss|p1a: Overqwil|p2a: Pincurchin\n|move|p2a: Pincurchin|Zing Zap|p1a: Overqwil\n|-resisted|p1a: Overqwil\n|-crit|p1a: Overqwil\n|-damage|p1a: Overqwil|0 fnt\n|faint|p1a: Overqwil\n|\n|-weather|SunnyDay|[upkeep]\n|-heal|p2a: Pincurchin|94/100|[from] item: Leftovers\n|upkeep\n|inactive|Time left: 300 sec this turn | 300 sec total | 5 sec grace\n|\n|t:|1783557143\n|switch|p1a: Kricketune|Kricketune, L99, M|312/312\n|turn|6\n|inactive|Time left: 300 sec this turn | 300 sec total\n|\n|t:|1783557144\n|move|p1a: Kricketune|Sticky Web|p2a: Pincurchin\n|-sidestart|p2: p0y14713376|move: Sticky Web\n|move|p2a: Pincurchin|Zing Zap|p1a: Kricketune\n|-damage|p1a: Kricketune|111/312\n|\n|-weather|SunnyDay|[upkeep]\n|-heal|p2a: Pincurchin|100/100|[from] item: Leftovers\n|upkeep\n|turn|7\n|inactive|Time left: 300 sec this turn | 300 sec total\n|\n|t:|1783557145\n|move|p1a: Kricketune|Pounce|p2a: Pincurchin\n|-damage|p2a: Pincurchin|72/100\n|-unboost|p2a: Pincurchin|spe|1\n|move|p2a: Pincurchin|Zing Zap|p1a: Kricketune\n|-damage|p1a: Kricketune|0 fnt\n|faint|p1a: Kricketune\n|\n|-weather|none\n|-heal|p2a: Pincurchin|78/100|[from] item: Leftovers\n|upkeep\n|inactive|Time left: 300 sec this turn | 300 sec total | 5 sec grace\n|\n|t:|1783557146\n|switch|p1a: Hitmontop|Hitmontop, L88, M|231/231\n|-ability|p1a: Hitmontop|Intimidate|boost\n|-unboost|p2a: Pincurchin|atk|1\n|turn|8\n|inactive|Time left: 300 sec this turn | 300 sec total\n|\n|t:|1783557147\n|move|p1a: Hitmontop|Rapid Spin|p2a: Pincurchin\n|-damage|p2a: Pincurchin|67/100\n|-boost|p1a: Hitmontop|spe|1\n|move|p2a: Pincurchin|Zing Zap|p1a: Hitmontop\n|-damage|p1a: Hitmontop|137/231\n|\n|-heal|p2a: Pincurchin|73/100|[from] item: Leftovers\n|upkeep\n|turn|9\n|inactive|Time left: 300 sec this turn | 300 sec total\n|\n|t:|1783557148\n|move|p1a: Hitmontop|Earthquake|p2a: Pincurchin\n|-supereffective|p2a: Pincurchin\n|-damage|p2a: Pincurchin|25/100\n|move|p2a: Pincurchin|Zing Zap|p1a: Hitmontop\n|-damage|p1a: Hitmontop|43/231\n|\n|-heal|p2a: Pincurchin|31/100|[from] item: Leftovers\n|-fieldend|move: Electric Terrain\n|upkeep\n|turn|10\n|inactive|Time left: 300 sec this turn | 300 sec total\n|\n|t:|1783557149\n|move|p1a: Hitmontop|Close Combat|p2a: Pincurchin\n|-damage|p2a: Pincurchin|0 fnt\n|-unboost|p1a: Hitmontop|def|1\n|-unboost|p1a: Hitmontop|spd|1\n|faint|p2a: Pincurchin\n|\n|upkeep\n|\n|t:|1783557150\n|switch|p2a: Bruxish|Bruxish, L85, F|88/100\n|-damage|p2a: Bruxish|76/100|[from] Stealth Rock\n|-activate|p2a: Bruxish|move: Sticky Web\n|-unboost|p2a: Bruxish|spe|1\n|turn|11\n|inactive|Time left: 300 sec this turn | 300 sec total\n|\n|t:|1783557151\n|move|p1a: Hitmontop|Sucker Punch|p2a: Bruxish\n|-supereffective|p2a: Bruxish\n|-damage|p2a: Bruxish|31/100\n|move|p2a: Bruxish|Psychic Fangs|p1a: Hitmontop\n|-supereffective|p1a: Hitmontop\n|-damage|p1a: Hitmontop|0 fnt\n|faint|p1a: Hitmontop\n|\n|upkeep\n|inactive|Time left: 300 sec this turn | 300 sec total | 5 sec grace\n|\n|t:|1783557152\n|switch|p1a: Sneasler|Sneasler, L74, M|240/240\n|turn|12\n|inactive|Time left: 300 sec this turn | 300 sec total\n|\n|t:|1783557153\n|move|p1a: Sneasler|Dire Claw|p2a: Bruxish\n|-damage|p2a: Bruxish|0 fnt\n|faint|p2a: Bruxish\n|\n|upkeep\n|\n|t:|1783557154\n|switch|p2a: Gholdengo|Gholdengo, L77|100/100\n|-damage|p2a: Gholdengo|94/100|[from] Stealth Rock\n|-activate|p2a: Gholdengo|move: Sticky Web\n|-unboost|p2a: Gholdengo|spe|1\n|turn|13\n|inactive|Time left: 300 sec this turn | 300 sec total\n|\n|t:|1783557155\n|switch|p1a: Feraligatr|Feraligatr, L79, M|264/264\n|move|p2a: Gholdengo|Nasty Plot|p2a: Gholdengo\n|-boost|p2a: Gholdengo|spa|2\n|\n|-heal|p2a: Gholdengo|100/100|[from] item: Leftovers\n|upkeep\n|turn|14\n|inactive|Time left: 300 sec this turn | 300 sec total\n|\n|t:|1783557156\n|move|p1a: Feraligatr|Liquidation|p2a: Gholdengo\n|-damage|p2a: Gholdengo|48/100\n|move|p2a: Gholdengo|Recover|p2a: Gholdengo\n|-heal|p2a: Gholdengo|98/100\n|\n|-heal|p2a: Gholdengo|100/100|[from] item: Leftovers\n|upkeep\n|turn|15\n|inactive|Time left: 300 sec this turn | 300 sec total\n|\n|t:|1783557157\n|move|p1a: Feraligatr|Liquidation|p2a: Gholdengo\n|-damage|p2a: Gholdengo|47/100\n|move|p2a: Gholdengo|Shadow Ball|p1a: Feraligatr\n|-damage|p1a: Feraligatr|59/264\n|\n|-heal|p2a: Gholdengo|53/100|[from] item: Leftovers\n|upkeep\n|turn|16\n|inactive|Time left: 300 sec this turn | 300 sec total\n|\n|t:|1783557158\n|switch|p2a: Uxie|Uxie, L83|100/100\n|-damage|p2a: Uxie|88/100|[from] Stealth Rock\n|move|p1a: Feraligatr|Liquidation|p2a: Uxie\n|-damage|p2a: Uxie|44/100\n|\n|-heal|p2a: Uxie|50/100|[from] item: Leftovers\n|upkeep\n|turn|17\n|inactive|Time left: 300 sec this turn | 300 sec total\n|\n|t:|1783557159\n|switch|p1a: Lycanroc|Lycanroc, L86, F|217/269\n|move|p2a: Uxie|Psychic Noise|p1a: Lycanroc\n|-damage|p1a: Lycanroc|141/269\n|-start|p1a: Lycanroc|move: Heal Block\n|\n|-heal|p2a: Uxie|57/100|[from] item: Leftovers\n|upkeep\n|turn|18\n|inactive|Time left: 300 sec this turn | 300 sec total\n|\n|t:|1783557160\n|move|p1a: Lycanroc|Stone Edge|p2a: Uxie\n|-damage|p2a: Uxie|7/100\n|-damage|p1a: Lycanroc|115/269|[from] item: Life Orb\n|move|p2a: Uxie|Psychic Noise|p1a: Lycanroc\n|-damage|p1a: Lycanroc|42/269\n|\n|-heal|p2a: Uxie|13/100|[from] item: Leftovers\n|-end|p1a: Lycanroc|move: Heal Block\n|upkeep\n|turn|19\n|inactive|Time left: 300 sec this turn | 300 sec total\n|\n|t:|1783557162\n|switch|p2a: Gholdengo|Gholdengo, L77|53/100\n|-damage|p2a: Gholdengo|47/100|[from] Stealth Rock\n|-activate|p2a: Gholdengo|move: Sticky Web\n|-unboost|p2a: Gholdengo|spe|1\n|move|p1a: Lycanroc|Stone Edge|p2a: Gholdengo|[miss]\n|-miss|p1a: Lycanroc|p2a: Gholdengo\n|\n|-heal|p2a: Gholdengo|53/100|[from] item: Leftovers\n|upkeep\n|turn|20\n|inactive|Time left: 300 sec this turn | 300 sec total\n|\n|t:|1783557163\n|move|p1a: Lycanroc|Stone Edge|p2a: Gholdengo|[miss]\n|-miss|p1a: Lycanroc|p2a: Gholdengo\n|move|p2a: Gholdengo|Nasty Plot|p2a: Gholdengo\n|-boost|p2a: Gholdengo|spa|2\n|\n|-heal|p2a: Gholdengo|59/100|[from] item: Leftovers\n|upkeep\n|turn|21\n|inactive|Time left: 300 sec this turn | 300 sec total\n|\n|t:|1783557164\n|move|p1a: Lycanroc|Stone Edge|p2a: Gholdengo\n|-resisted|p2a: Gholdengo\n|-crit|p2a: Gholdengo\n|-damage|p2a: Gholdengo|10/100\n|-damage|p1a: Lycanroc|16/269|[from] item: Life Orb\n|move|p2a: Gholdengo|Recover|p2a: Gholdengo\n|-heal|p2a: Gholdengo|60/100\n|\n|-heal|p2a: Gholdengo|66/100|[from] item: Leftovers\n|upkeep\n|turn|22\n|inactive|Time left: 300 sec this turn | 300 sec total\n|\n|t:|1783557165\n|move|p1a: Lycanroc|Stone Edge|p2a: Gholdengo\n|-resisted|p2a: Gholdengo\n|-damage|p2a: Gholdengo|31/100\n|-damage|p1a: Lycanroc|0 fnt|[from] item: Life Orb\n|faint|p1a: Lycanroc\n|move|p2a: Gholdengo|Recover|p2a: Gholdengo\n|-heal|p2a: Gholdengo|81/100\n|\n|-heal|p2a: Gholdengo|87/100|[from] item: Leftovers\n|upkeep\n|inactive|Time left: 300 sec this turn | 300 sec total | 5 sec grace\n|\n|t:|1783557165\n|switch|p1a: Feraligatr|Feraligatr, L79, M|59/264\n|turn|23\n|inactive|Time left: 300 sec this turn | 300 sec total\n|\n|t:|1783557166\n|move|p1a: Feraligatr|Crunch|p2a: Gholdengo\n|-supereffective|p2a: Gholdengo\n|-damage|p2a: Gholdengo|19/100\n|move|p2a: Gholdengo|Make It Rain|p1a: Feraligatr\n|-resisted|p1a: Feraligatr\n|-damage|p1a: Feraligatr|0 fnt\n|-unboost|p2a: Gholdengo|spa|1\n|faint|p1a: Feraligatr\n|\n|-heal|p2a: Gholdengo|25/100|[from] item: Leftovers\n|upkeep\n|inactive|Time left: 300 sec this turn | 300 sec total | 5 sec grace\n|\n|t:|1783557167\n|switch|p1a: Sneasler|Sneasler, L74, M|240/240\n|turn|24\n|inactive|Time left: 300 sec this turn | 300 sec total\n|\n|t:|1783557168\n|move|p1a: Sneasler|Dire Claw|p2a: Gholdengo\n|-immune|p2a: Gholdengo\n|move|p2a: Gholdengo|Make It Rain|p1a: Sneasler\n|-damage|p1a: Sneasler|12/240\n|-unboost|p2a: Gholdengo|spa|1\n|\n|-heal|p2a: Gholdengo|31/100|[from] item: Leftovers\n|upkeep\n|turn|25\n|inactive|Time left: 300 sec this turn | 300 sec total\n|\n|t:|1783557169\n|move|p1a: Sneasler|Dire Claw|p2a: Gholdengo\n|-immune|p2a: Gholdengo\n|move|p2a: Gholdengo|Shadow Ball|p1a: Sneasler\n|-damage|p1a: Sneasler|0 fnt\n|faint|p1a: Sneasler\n|\n|win|p0y14713376", "uploadtime": 1783557169, "views": 0, "rating": 0, "private": 0, "password": null, "_winner": "p0y14713376", "_our_name": "p0x1471d578"}