{"id": "battle-gen9randombattle-1745", "formatid": "gen9randombattle", "format": "[Gen 9] Random Battle", "players": ["p0x17456978", "p0y174517e5"], "log": "|init|battle\n|title|p0x17456978 vs. p0y174517e5\n|j|\u2606p0x17456978\n|j|\u2606p0y174517e5\n|t:|1783560163\n|gametype|singles\n|player|p1|p0x17456978|102|\n|player|p2|p0y174517e5|170|\n|gen|9\n|tier|[Gen 9] Random Battle\n|rule|Species Clause: Limit one of each Pok\u00e9mon\n|rule|HP Percentage Mod: HP is shown in percentages\n|rule|Sleep Clause Mod: Limit one foe put to sleep\n|rule|Illusion Level Mod: Illusion disguises the Pok\u00e9mon's true level\n|\n|t:|1783560163\n|teamsize|p1|6\n|teamsize|p2|6\n|start\n|switch|p1a: Mudsdale|Mudsdale, L83, F|100/100\n|switch|p2a: Rhyperior|Rhyperior, L82, M|323/323\n|turn|1\n|inactive|Battle timer is ON: inactive players will automatically lose when time's up. (requested by p0y174517e5)\n|inactive|p0x17456978 also wants the timer to be on.\n|\n|t:|1783560165\n|move|p2a: Rhyperior|Earthquake|p1a: Mudsdale\n|-damage|p1a: Mudsdale|59/100\n|-ability|p1a: Mudsdale|Stamina|boost\n|-boost|p1a: Mudsdale|def|1\n|move|p1a: Mudsdale|Earthquake|p2a: Rhyperior\n|-supereffective|p2a: Rhyperior\n|-damage|p2a: Rhyperior|187/323\n|-enditem|p2a: Rhyperior|Weakness Policy\n|-boost|p2a: Rhyperior|atk|2|[from] item: Weakness Policy\n|-boost|p2a: Rhyperior|spa|2|[from] item: Weakness Policy\n|\n|-heal|p1a: Mudsdale|65/100|[from] item: Leftovers\n|upkeep\n|turn|2\n|inactive|Time left: 300 sec this turn | 300 sec total\n|\n|t:|1783560166\n|-terastallize|p2a: Rhyperior|Ground\n|move|p2a: Rhyperior|Earthquake|p1a: Mudsdale\n|-damage|p1a: Mudsdale|0 fnt\n|faint|p1a: Mudsdale\n|\n|upkeep\n|\n|t:|1783560166\n|switch|p1a: Armarouge|Armarouge, L80, F|100/100\n|turn|3\n|inactive|Time left: 300 sec this turn | 300 sec total\n|\n|t:|1783560167\n|switch|p2a: Iron Moth|Iron Moth, L78|253/253\n|move|p1a: Armarouge|Armor Cannon|p2a: Iron Moth\n|-resisted|p2a: Iron Moth\n|-damage|p2a: Iron Moth|163/253\n|-unboost|p1a: Armarouge|def|1\n|-unboost|p1a: Armarouge|spd|1\n|\n|upkeep\n|turn|4\n|inactive|Time left: 300 sec this turn | 300 sec total\n|\n|t:|1783560169\n|switch|p1a: Great Tusk|Great Tusk, L77|100/100\n|move|p2a: Iron Moth|Sludge Wave|p1a: Great Tusk\n|-resisted|p1a: Great Tusk\n|-damage|p1a: Great Tusk|72/100\n|\n|-heal|p1a: Great Tusk|78/100|[from] item: Leftovers\n|upkeep\n|turn|5\n|inactive|Time left: 300 sec this turn | 300 sec total\n|\n|t:|1783560170\n|move|p2a: Iron Moth|Energy Ball|p1a: Great Tusk\n|-supereffective|p1a: Great Tusk\n|-damage|p1a: Great Tusk|2/100\n|move|p1a: Great Tusk|Earthquake|p2a: Iron Moth\n|-supereffective|p2a: Iron Moth\n|-damage|p2a: Iron Moth|0 fnt\n|faint|p2a: Iron Moth\n|-end|p2a: Iron Moth|Quark Drive|[silent]\n|\n|-heal|p1a: Great Tusk|8/100|[from] item: Leftovers\n|upkeep\n|inactive|Time left: 300 sec this turn | 300 sec total | 5 sec grace\n|\n|t:|1783560171\n|switch|p2a: Koraidon|Koraidon, L64|235/235\n|-weather|SunnyDay|[from] ability: Orichalcum Pulse|[of] p2a: Koraidon\n|-activate|p1a: Great Tusk|ability: Protosynthesis\n|-start|p1a: Great Tusk|protosynthesisatk\n|-activate|p2a: Koraidon|Orichalcum Pulse|[source]\n|turn|6\n|inactive|Time left: 300 sec this turn | 300 sec total\n|\n|t:|1783560172\n|-end|p1a: Great Tusk|Protosynthesis|[silent]\n|switch|p1a: Armarouge|Armarouge, L80, F|100/100\n|move|p2a: Koraidon|Outrage|p1a: Armarouge\n|-damage|p1a: Armarouge|25/100\n|-ability|p1a: Armarouge|Weak Armor|boost\n|-unboost|p1a: Armarouge|def|1\n|-boost|p1a: Armarouge|spe|2\n|\n|-weather|SunnyDay|[upkeep]\n|upkeep\n|turn|7\n|inactive|Time left: 300 sec this turn | 300 sec total\n|\n|t:|1783560173\n|move|p1a: Armarouge|Psyshock|p2a: Koraidon\n|-supereffective|p2a: Koraidon\n|-damage|p2a: Koraidon|0 fnt\n|faint|p2a: Koraidon\n|\n|-weather|SunnyDay|[upkeep]\n|upkeep\n|inactive|Time left: 300 sec this turn | 300 sec total | 5 sec grace\n|\n|t:|1783560174\n|switch|p2a: Scovillain|Scovillain, L91, M|266/266\n|turn|8\n|inactive|Time left: 300 sec this turn | 300 sec total\n|\n|t:|1783560175\n|switch|p1a: Great Tusk|Great Tusk, L77|8/100\n|-activate|p1a: Great Tusk|ability: Protosynthesis\n|-start|p1a: Great Tusk|protosynthesisatk\n|move|p2a: Scovillain|Fire Blast|p1a: Great Tusk\n|-damage|p1a: Great Tusk|0 fnt\n|faint|p1a: Great Tusk\n|-end|p1a: Great Tusk|Protosynthesis|[silent]\n|\n|-weather|SunnyDay|[upkeep]\n|upkeep\n|\n|t:|1783560176\n|switch|p1a: Armarouge|Armarouge, L80, F|25/100\n|turn|9\n|inactive|Time left: 300 sec this turn | 300 sec total\n|\n|t:|1783560177\n|move|p2a: Scovillain|Fire Blast|p1a: Armarouge\n|-resisted|p1a: Armarouge\n|-damage|p1a: Armarouge|0 fnt\n|faint|p1a: Armarouge\n|\n|-weather|SunnyDay|[upkeep]\n|upkeep\n|\n|t:|1783560178\n|switch|p1a: Virizion|Virizion, L82|100/100\n|turn|10\n|inactive|Time left: 300 sec this turn | 300 sec total\n|\n|t:|1783560179\n|-terastallize|p1a: Virizion|Rock\n|move|p2a: Scovillain|Fire Blast|p1a: Virizion\n|-resisted|p1a: Virizion\n|-crit|p1a: Virizion\n|-damage|p1a: Virizion|55/100\n|move|p1a: Virizion|Swords Dance|p1a: Virizion\n|-boost|p1a: Virizion|atk|2\n|\n|-weather|none\n|upkeep\n|turn|11\n|inactive|Time left: 300 sec this turn | 300 sec total\n|\n|t:|1783560180\n|switch|p2a: Clodsire|Clodsire, L81, M|343/343\n|move|p1a: Virizion|Close Combat|p2a: Clodsire\n|-resisted|p2a: Clodsire\n|-crit|p2a: Clodsire\n|-damage|p2a: Clodsire|187/343\n|-unboost|p1a: Virizion|def|1\n|-unboost|p1a: Virizion|spd|1\n|-damage|p1a: Virizion|45/100|[from] item: Life Orb\n|\n|-heal|p2a: Clodsire|208/343|[from] item: Leftovers\n|upkeep\n|turn|12\n|inactive|Time left: 300 sec this turn | 300 sec total\n|\n|t:|1783560181\n|move|p1a: Virizion|Leaf Blade|p2a: Clodsire\n|-damage|p2a: Clodsire|56/343\n|-damage|p1a: Virizion|35/100|[from] item: Life Orb\n|move|p2a: Clodsire|Earthquake|p1a: Virizion\n|-supereffective|p1a: Virizion\n|-damage|p1a: Virizion|0 fnt\n|faint|p1a: Virizion\n|\n|-heal|p2a: Clodsire|77/343|[from] item: Leftovers\n|upkeep\n|\n|t:|1783560182\n|switch|p1a: Ribombee|Ribombee, L83, M|100/100\n|turn|13\n|inactive|Time left: 300 sec this turn | 300 sec total\n|\n|t:|1783560183\n|move|p1a: Ribombee|Quiver Dance|p1a: Ribombee\n|-boost|p1a: Ribombee|spa|1\n|-boost|p1a: Ribombee|spd|1\n|-boost|p1a: Ribombee|spe|1\n|move|p2a: Clodsire|Gunk Shot|p1a: Ribombee|[miss]\n|-miss|p2a: Clodsire|p1a: Ribombee\n|\n|-heal|p2a: Clodsire|98/343|[from] item: Leftovers\n|upkeep\n|turn|14\n|inactive|Time left: 300 sec this turn | 300 sec total\n|\n|t:|1783560184\n|move|p1a: Ribombee|Tera Blast|p2a: Clodsire\n|-damage|p2a: Clodsire|51/343\n|move|p2a: Clodsire|Gunk Shot|p1a: Ribombee|[miss]\n|-miss|p2a: Clodsire|p1a: Ribombee\n|\n|-heal|p2a: Clodsire|72/343|[from] item: Leftovers\n|upkeep\n|turn|15\n|inactive|Time left: 300 sec this turn | 300 sec total\n|\n|t:|1783560185\n|move|p1a: Ribombee|Tera Blast|p2a: Clodsire\n|-damage|p2a: Clodsire|17/343\n|move|p2a: Clodsire|Gunk Shot|p1a: Ribombee|[miss]\n|-miss|p2a: Clodsire|p1a: Ribombee\n|\n|-heal|p2a: Clodsire|38/343|[from] item: Leftovers\n|upkeep\n|turn|16\n|inactive|Time left: 300 sec this turn | 300 sec total\n|\n|t:|1783560186\n|move|p1a: Ribombee|Tera Blast|p2a: Clodsire\n|-damage|p2a: Clodsire|0 fnt\n|faint|p2a: Clodsire\n|\n|upkeep\n|inactive|Time left: 300 sec this turn | 300 sec total | 5 sec grace\n|\n|t:|1783560187\n|switch|p2a: Scovillain|Scovillain, L91, M|266/266\n|turn|17\n|inactive|Time left: 300 sec this turn | 300 sec total\n|\n|t:|1783560188\n|move|p1a: Ribombee|Quiver Dance|p1a: Ribombee\n|-boost|p1a: Ribombee|spa|1\n|-boost|p1a: Ribombee|spd|1\n|-boost|p1a: Ribombee|spe|1\n|move|p2a: Scovillain|Fire Blast|p1a: Ribombee\n|-supereffective|p1a: Ribombee\n|-damage|p1a: Ribombee|20/100\n|\n|upkeep\n|turn|18\n|inactive|Time left: 300 sec this turn | 300 sec total\n|\n|t:|1783560189\n|move|p1a: Ribombee|Bug Buzz|p2a: Scovillain\n|-damage|p2a: Scovillain|44/266\n|move|p2a: Scovillain|Fire Blast|p1a: Ribombee\n|-supereffective|p1a: Ribombee\n|-damage|p1a: Ribombee|0 fnt\n|faint|p1a: Ribombee\n|\n|upkeep\n|\n|t:|1783560190\n|switch|p1a: Pachirisu|Pachirisu, L96, F|100/100\n|turn|19\n|inactive|Time left: 300 sec this turn | 300 sec total\n|\n|t:|1783560191\n|switch|p2a: Rhyperior|Rhyperior, L82, M, tera:Ground|187/323\n|move|p1a: Pachirisu|Super Fang|p2a: Rhyperior\n|-damage|p2a: Rhyperior|94/323\n|\n|upkeep\n|turn|20\n|inactive|Time left: 300 sec this turn | 300 sec total\n|\n|t:|1783560192\n|move|p1a: Pachirisu|Discharge|p2a: Rhyperior\n|-immune|p2a: Rhyperior\n|move|p2a: Rhyperior|Earthquake|p1a: Pachirisu\n|-supereffective|p1a: Pachirisu\n|-damage|p1a: Pachirisu|0 fnt\n|faint|p1a: Pachirisu\n|\n|win|p0y174517e5", "uploadtime": 1783560192, "views": 0, "rating": 0, "private": 0, "password": null, "_winner": "p0y174517e5", "_our_name": "p0y174517e5"}