{"id": "battle-gen9randombattle-2022", "formatid": "gen9randombattle", "format": "[Gen 9] Random Battle", "players": ["p0x2022ec10", "p0y202230a6"], "log": "|init|battle\n|title|p0x2022ec10 vs. p0y202230a6\n|j|\u2606p0x2022ec10\n|j|\u2606p0y202230a6\n|t:|1783562672\n|gametype|singles\n|player|p1|p0x2022ec10|1|\n|player|p2|p0y202230a6|266|\n|gen|9\n|tier|[Gen 9] Random Battle\n|rule|Species Clause: Limit one of each Pok\u00e9mon\n|rule|HP Percentage Mod: HP is shown in percentages\n|rule|Sleep Clause Mod: Limit one foe put to sleep\n|rule|Illusion Level Mod: Illusion disguises the Pok\u00e9mon's true level\n|\n|t:|1783562672\n|teamsize|p1|6\n|teamsize|p2|6\n|start\n|switch|p1a: Rabsca|Rabsca, L91, M|284/284\n|switch|p2a: Brute Bonnet|Brute Bonnet, L80|100/100\n|turn|1\n|inactive|Battle timer is ON: inactive players will automatically lose when time's up. (requested by p0y202230a6)\n|inactive|Time left: 300 sec this turn | 300 sec total | 60 sec grace\n|\n|t:|1783562673\n|move|p2a: Brute Bonnet|Dark Pulse|p1a: Rabsca\n|-supereffective|p1a: Rabsca\n|-damage|p1a: Rabsca|58/284\n|-damage|p2a: Brute Bonnet|91/100|[from] item: Life Orb\n|move|p1a: Rabsca|Bug Buzz|p2a: Brute Bonnet\n|-supereffective|p2a: Brute Bonnet\n|-damage|p2a: Brute Bonnet|0 fnt\n|replace|p2a: Zoroark|Zoroark, L83, M\n|-end|p2a: Zoroark|Illusion\n|-hint|Illusion Level Mod is active, so this Pok\u00e9mon's true level was hidden.\n|faint|p2a: Zoroark\n|\n|upkeep\n|inactive|p0x2022ec10 also wants the timer to be on.\n|\n|t:|1783562674\n|switch|p2a: Flutter Mane|Flutter Mane, L74|100/100\n|turn|2\n|inactive|Time left: 300 sec this turn | 300 sec total\n|\n|t:|1783562675\n|switch|p1a: Fezandipiti|Fezandipiti, L82, M|278/278\n|move|p2a: Flutter Mane|Shadow Ball|p1a: Fezandipiti\n|-damage|p1a: Fezandipiti|188/278\n|-damage|p2a: Flutter Mane|91/100|[from] item: Life Orb\n|\n|-heal|p1a: Fezandipiti|205/278|[from] item: Leftovers\n|upkeep\n|turn|3\n|inactive|Time left: 300 sec this turn | 300 sec total\n|\n|t:|1783562676\n|-end|p2a: Flutter Mane|Protosynthesis|[silent]\n|switch|p2a: Gastrodon|Gastrodon, L86, F|100/100\n|move|p1a: Fezandipiti|Gunk Shot|p2a: Gastrodon|[miss]\n|-miss|p1a: Fezandipiti|p2a: Gastrodon\n|\n|-heal|p1a: Fezandipiti|222/278|[from] item: Leftovers\n|upkeep\n|turn|4\n|inactive|Time left: 300 sec this turn | 300 sec total\n|\n|t:|1783562677\n|move|p1a: Fezandipiti|Swords Dance|p1a: Fezandipiti\n|-boost|p1a: Fezandipiti|atk|2\n|move|p2a: Gastrodon|Earthquake|p1a: Fezandipiti\n|-supereffective|p1a: Fezandipiti\n|-crit|p1a: Fezandipiti\n|-damage|p1a: Fezandipiti|0 fnt\n|faint|p1a: Fezandipiti\n|\n|upkeep\n|inactive|Time left: 300 sec this turn | 300 sec total | 5 sec grace\n|\n|t:|1783562678\n|switch|p1a: Zarude|Zarude, L77|288/288\n|turn|5\n|inactive|Time left: 300 sec this turn | 300 sec total\n|\n|t:|1783562679\n|switch|p2a: Venusaur|Venusaur, L84, F|100/100\n|move|p1a: Zarude|Swords Dance|p1a: Zarude\n|-boost|p1a: Zarude|atk|2\n|\n|upkeep\n|turn|6\n|inactive|Time left: 300 sec this turn | 300 sec total\n|\n|t:|1783562680\n|move|p1a: Zarude|Knock Off|p2a: Venusaur\n|-damage|p2a: Venusaur|7/100\n|-enditem|p2a: Venusaur|Leftovers|[from] move: Knock Off|[of] p1a: Zarude\n|-damage|p1a: Zarude|260/288|[from] item: Life Orb\n|move|p2a: Venusaur|Sludge Bomb|p1a: Zarude\n|-supereffective|p1a: Zarude\n|-damage|p1a: Zarude|74/288\n|\n|upkeep\n|turn|7\n|inactive|Time left: 300 sec this turn | 300 sec total\n|\n|t:|1783562681\n|move|p1a: Zarude|Knock Off|p2a: Venusaur\n|-damage|p2a: Venusaur|0 fnt\n|faint|p2a: Venusaur\n|-damage|p1a: Zarude|46/288|[from] item: Life Orb\n|\n|upkeep\n|\n|t:|1783562682\n|switch|p2a: Flutter Mane|Flutter Mane, L74|91/100\n|turn|8\n|inactive|Time left: 300 sec this turn | 300 sec total\n|\n|t:|1783562683\n|move|p2a: Flutter Mane|Moonblast|p1a: Zarude\n|-supereffective|p1a: Zarude\n|-damage|p1a: Zarude|0 fnt\n|faint|p1a: Zarude\n|-damage|p2a: Flutter Mane|81/100|[from] item: Life Orb\n|\n|upkeep\n|inactive|Time left: 300 sec this turn | 300 sec total | 5 sec grace\n|\n|t:|1783562684\n|switch|p1a: Barraskewda|Barraskewda, L81, F|231/231\n|turn|9\n|inactive|Time left: 300 sec this turn | 300 sec total\n|\n|t:|1783562685\n|-end|p2a: Flutter Mane|Protosynthesis|[silent]\n|switch|p2a: Gastrodon|Gastrodon, L86, F|100/100\n|move|p1a: Barraskewda|Waterfall|p2a: Gastrodon\n|-ability|p2a: Gastrodon|Storm Drain|boost\n|-boost|p2a: Gastrodon|spa|1\n|\n|upkeep\n|turn|10\n|inactive|Time left: 300 sec this turn | 300 sec total\n|\n|t:|1783562686\n|switch|p1a: Grumpig|Grumpig, L92, F|297/297\n|move|p2a: Gastrodon|Ice Beam|p1a: Grumpig\n|-damage|p1a: Grumpig|257/297\n|\n|-heal|p1a: Grumpig|275/297|[from] item: Leftovers\n|upkeep\n|turn|11\n|inactive|Time left: 300 sec this turn | 300 sec total\n|\n|t:|1783562687\n|move|p1a: Grumpig|Nasty Plot|p1a: Grumpig\n|-boost|p1a: Grumpig|spa|2\n|move|p2a: Gastrodon|Earthquake|p1a: Grumpig\n|-damage|p1a: Grumpig|163/297\n|\n|-heal|p1a: Grumpig|181/297|[from] item: Leftovers\n|upkeep\n|turn|12\n|inactive|Time left: 300 sec this turn | 300 sec total\n|\n|t:|1783562688\n|move|p1a: Grumpig|Psychic|p2a: Gastrodon\n|-damage|p2a: Gastrodon|33/100\n|move|p2a: Gastrodon|Clear Smog|p1a: Grumpig\n|-crit|p1a: Grumpig\n|-damage|p1a: Grumpig|123/297\n|-clearboost|p1a: Grumpig\n|\n|-heal|p1a: Grumpig|141/297|[from] item: Leftovers\n|-heal|p2a: Gastrodon|39/100|[from] item: Leftovers\n|upkeep\n|turn|13\n|inactive|Time left: 300 sec this turn | 300 sec total\n|\n|t:|1783562689\n|move|p1a: Grumpig|Psychic|p2a: Gastrodon\n|-damage|p2a: Gastrodon|6/100\n|move|p2a: Gastrodon|Recover|p2a: Gastrodon\n|-heal|p2a: Gastrodon|56/100\n|\n|-heal|p1a: Grumpig|159/297|[from] item: Leftovers\n|-heal|p2a: Gastrodon|62/100|[from] item: Leftovers\n|upkeep\n|turn|14\n|inactive|Time left: 300 sec this turn | 300 sec total\n|\n|t:|1783562691\n|move|p1a: Grumpig|Nasty Plot|p1a: Grumpig\n|-boost|p1a: Grumpig|spa|2\n|move|p2a: Gastrodon|Earthquake|p1a: Grumpig\n|-damage|p1a: Grumpig|50/297\n|\n|-heal|p1a: Grumpig|68/297|[from] item: Leftovers\n|-heal|p2a: Gastrodon|68/100|[from] item: Leftovers\n|upkeep\n|turn|15\n|inactive|Time left: 300 sec this turn | 300 sec total\n|\n|t:|1783562692\n|move|p1a: Grumpig|Psychic|p2a: Gastrodon\n|-damage|p2a: Gastrodon|4/100\n|move|p2a: Gastrodon|Earthquake|p1a: Grumpig\n|-damage|p1a: Grumpig|0 fnt\n|faint|p1a: Grumpig\n|\n|-heal|p2a: Gastrodon|10/100|[from] item: Leftovers\n|upkeep\n|inactive|Time left: 300 sec this turn | 300 sec total | 5 sec grace\n|\n|t:|1783562693\n|switch|p1a: Rabsca|Rabsca, L91, M|58/284\n|turn|16\n|inactive|Time left: 300 sec this turn | 300 sec total\n|\n|t:|1783562694\n|switch|p2a: Flutter Mane|Flutter Mane, L74|81/100\n|move|p1a: Rabsca|Bug Buzz|p2a: Flutter Mane\n|-resisted|p2a: Flutter Mane\n|-damage|p2a: Flutter Mane|69/100\n|\n|upkeep\n|turn|17\n|inactive|Time left: 300 sec this turn | 300 sec total\n|\n|t:|1783562695\n|move|p2a: Flutter Mane|Calm Mind|p2a: Flutter Mane\n|-boost|p2a: Flutter Mane|spa|1\n|-boost|p2a: Flutter Mane|spd|1\n|move|p1a: Rabsca|Psychic|p2a: Flutter Mane\n|-damage|p2a: Flutter Mane|32/100\n|\n|upkeep\n|turn|18\n|inactive|Time left: 300 sec this turn | 300 sec total\n|\n|t:|1783562696\n|move|p2a: Flutter Mane|Thunderbolt|p1a: Rabsca\n|-damage|p1a: Rabsca|0 fnt\n|faint|p1a: Rabsca\n|-damage|p2a: Flutter Mane|22/100|[from] item: Life Orb\n|\n|upkeep\n|inactive|Time left: 300 sec this turn | 300 sec total | 5 sec grace\n|\n|t:|1783562696\n|switch|p1a: Barraskewda|Barraskewda, L81, F|231/231\n|turn|19\n|inactive|Time left: 300 sec this turn | 300 sec total\n|\n|t:|1783562698\n|-end|p2a: Flutter Mane|Protosynthesis|[silent]\n|switch|p2a: Gastrodon|Gastrodon, L86, F|10/100\n|move|p1a: Barraskewda|Throat Chop|p2a: Gastrodon\n|-damage|p2a: Gastrodon|0 fnt\n|faint|p2a: Gastrodon\n|\n|upkeep\n|\n|t:|1783562698\n|switch|p2a: Minun|Minun, L95, M|100/100\n|turn|20\n|inactive|Time left: 300 sec this turn | 300 sec total\n|\n|t:|1783562699\n|move|p1a: Barraskewda|Throat Chop|p2a: Minun\n|-damage|p2a: Minun|55/100\n|-start|p2a: Minun|Throat Chop|[silent]\n|move|p2a: Minun|Thunderbolt|p1a: Barraskewda\n|-supereffective|p1a: Barraskewda\n|-damage|p1a: Barraskewda|0 fnt\n|faint|p1a: Barraskewda\n|-damage|p2a: Minun|45/100|[from] item: Life Orb\n|\n|upkeep\n|inactive|Time left: 300 sec this turn | 300 sec total | 5 sec grace\n|\n|t:|1783562700\n|switch|p1a: Walking Wake|Walking Wake, L79|286/286\n|turn|21\n|inactive|Time left: 300 sec this turn | 300 sec total\n|\n|t:|1783562701\n|-terastallize|p1a: Walking Wake|Fire\n|move|p2a: Minun|Thunderbolt|p1a: Walking Wake\n|-damage|p1a: Walking Wake|146/286\n|-damage|p2a: Minun|36/100|[from] item: Life Orb\n|move|p1a: Walking Wake|Sunny Day|p1a: Walking Wake\n|-weather|SunnyDay\n|-activate|p1a: Walking Wake|ability: Protosynthesis\n|-start|p1a: Walking Wake|protosynthesisspa\n|\n|-weather|SunnyDay|[upkeep]\n|-end|p2a: Minun|Throat Chop|[silent]\n|upkeep\n|turn|22\n|inactive|Time left: 300 sec this turn | 300 sec total\n|\n|t:|1783562702\n|move|p2a: Minun|Thunderbolt|p1a: Walking Wake\n|-damage|p1a: Walking Wake|0 fnt\n|faint|p1a: Walking Wake\n|-end|p1a: Walking Wake|Protosynthesis|[silent]\n|-damage|p2a: Minun|26/100|[from] item: Life Orb\n|\n|win|p0y202230a6", "uploadtime": 1783562702, "views": 0, "rating": 0, "private": 0, "password": null, "_winner": "p0y202230a6", "_our_name": "p0x2022ec10"}