{"id": "battle-gen9randombattle-1891", "formatid": "gen9randombattle", "format": "[Gen 9] Random Battle", "players": ["p0x189069a5", "p0y1890c74c"], "log": "|init|battle\n|title|p0x189069a5 vs. p0y1890c74c\n|j|\u2606p0x189069a5\n|j|\u2606p0y1890c74c\n|t:|1783561111\n|gametype|singles\n|player|p1|p0x189069a5|170|\n|player|p2|p0y1890c74c|169|\n|gen|9\n|tier|[Gen 9] Random Battle\n|rule|Species Clause: Limit one of each Pok\u00e9mon\n|rule|HP Percentage Mod: HP is shown in percentages\n|rule|Sleep Clause Mod: Limit one foe put to sleep\n|rule|Illusion Level Mod: Illusion disguises the Pok\u00e9mon's true level\n|\n|t:|1783561112\n|teamsize|p1|6\n|teamsize|p2|6\n|start\n|switch|p1a: Skeledirge|Skeledirge, L79, M|100/100\n|switch|p2a: Delphox|Delphox, L84, F|263/263\n|turn|1\n|inactive|Battle timer is ON: inactive players will automatically lose when time's up. (requested by p0x189069a5)\n|inactive|Time left: 300 sec this turn | 300 sec total | 60 sec grace\n|inactive|p0y1890c74c also wants the timer to be on.\n|\n|t:|1783561113\n|move|p2a: Delphox|Psyshock|p1a: Skeledirge\n|-damage|p1a: Skeledirge|69/100\n|move|p1a: Skeledirge|Torch Song|p2a: Delphox\n|-resisted|p2a: Delphox\n|-damage|p2a: Delphox|223/263\n|-boost|p1a: Skeledirge|spa|1\n|\n|upkeep\n|turn|2\n|inactive|Time left: 300 sec this turn | 300 sec total\n|\n|t:|1783561114\n|switch|p2a: Tyranitar|Tyranitar, L78, M|284/284\n|-weather|Sandstorm|[from] ability: Sand Stream|[of] p2a: Tyranitar\n|move|p1a: Skeledirge|Torch Song|p2a: Tyranitar\n|-resisted|p2a: Tyranitar\n|-damage|p2a: Tyranitar|245/284\n|-boost|p1a: Skeledirge|spa|1\n|\n|-weather|Sandstorm|[upkeep]\n|-damage|p1a: Skeledirge|62/100|[from] Sandstorm\n|upkeep\n|turn|3\n|inactive|Time left: 300 sec this turn | 300 sec total\n|\n|t:|1783561115\n|move|p1a: Skeledirge|Will-O-Wisp|p2a: Tyranitar\n|-status|p2a: Tyranitar|brn\n|move|p2a: Tyranitar|Knock Off|p1a: Skeledirge\n|-supereffective|p1a: Skeledirge\n|-damage|p1a: Skeledirge|24/100\n|-enditem|p1a: Skeledirge|Heavy-Duty Boots|[from] move: Knock Off|[of] p2a: Tyranitar\n|\n|-weather|Sandstorm|[upkeep]\n|-damage|p1a: Skeledirge|18/100|[from] Sandstorm\n|-damage|p2a: Tyranitar|228/284 brn|[from] brn\n|upkeep\n|turn|4\n|inactive|Time left: 300 sec this turn | 300 sec total\n|\n|t:|1783561117\n|move|p1a: Skeledirge|Slack Off|p1a: Skeledirge\n|-heal|p1a: Skeledirge|68/100\n|move|p2a: Tyranitar|Dragon Dance|p2a: Tyranitar\n|-boost|p2a: Tyranitar|atk|1\n|-boost|p2a: Tyranitar|spe|1\n|\n|-weather|Sandstorm|[upkeep]\n|-damage|p1a: Skeledirge|61/100|[from] Sandstorm\n|-damage|p2a: Tyranitar|211/284 brn|[from] brn\n|upkeep\n|turn|5\n|inactive|Time left: 300 sec this turn | 300 sec total\n|\n|t:|1783561118\n|move|p2a: Tyranitar|Stone Edge|p1a: Skeledirge\n|-supereffective|p1a: Skeledirge\n|-damage|p1a: Skeledirge|25/100\n|move|p1a: Skeledirge|Slack Off|p1a: Skeledirge\n|-heal|p1a: Skeledirge|75/100\n|\n|-weather|Sandstorm|[upkeep]\n|-damage|p1a: Skeledirge|69/100|[from] Sandstorm\n|-damage|p2a: Tyranitar|194/284 brn|[from] brn\n|upkeep\n|turn|6\n|inactive|Time left: 300 sec this turn | 300 sec total\n|\n|t:|1783561119\n|move|p2a: Tyranitar|Stone Edge|p1a: Skeledirge\n|-supereffective|p1a: Skeledirge\n|-damage|p1a: Skeledirge|29/100\n|move|p1a: Skeledirge|Torch Song|p2a: Tyranitar\n|-resisted|p2a: Tyranitar\n|-damage|p2a: Tyranitar|139/284 brn\n|-boost|p1a: Skeledirge|spa|1\n|\n|-weather|none\n|-damage|p2a: Tyranitar|122/284 brn|[from] brn\n|upkeep\n|turn|7\n|inactive|Time left: 300 sec this turn | 300 sec total\n|\n|t:|1783561120\n|-terastallize|p1a: Skeledirge|Water\n|move|p2a: Tyranitar|Stone Edge|p1a: Skeledirge\n|-damage|p1a: Skeledirge|8/100\n|move|p1a: Skeledirge|Slack Off|p1a: Skeledirge\n|-heal|p1a: Skeledirge|58/100\n|\n|-damage|p2a: Tyranitar|105/284 brn|[from] brn\n|upkeep\n|turn|8\n|inactive|Time left: 300 sec this turn | 300 sec total\n|\n|t:|1783561121\n|move|p2a: Tyranitar|Stone Edge|p1a: Skeledirge\n|-damage|p1a: Skeledirge|39/100\n|move|p1a: Skeledirge|Slack Off|p1a: Skeledirge\n|-heal|p1a: Skeledirge|89/100\n|\n|-damage|p2a: Tyranitar|88/284 brn|[from] brn\n|upkeep\n|turn|9\n|inactive|Time left: 300 sec this turn | 300 sec total\n|\n|t:|1783561122\n|move|p2a: Tyranitar|Knock Off|p1a: Skeledirge\n|-damage|p1a: Skeledirge|76/100\n|move|p1a: Skeledirge|Hex|p2a: Tyranitar\n|-resisted|p2a: Tyranitar\n|-damage|p2a: Tyranitar|0 fnt\n|faint|p2a: Tyranitar\n|\n|upkeep\n|inactive|Time left: 300 sec this turn | 300 sec total | 5 sec grace\n|\n|t:|1783561123\n|switch|p2a: Arcanine|Arcanine-Hisui, L79, F|279/279\n|turn|10\n|inactive|Time left: 300 sec this turn | 300 sec total\n|\n|t:|1783561124\n|move|p2a: Arcanine|Head Smash|p1a: Skeledirge\n|-damage|p1a: Skeledirge|4/100\n|move|p1a: Skeledirge|Hex|p2a: Arcanine\n|-crit|p2a: Arcanine\n|-damage|p2a: Arcanine|0 fnt\n|faint|p2a: Arcanine\n|\n|upkeep\n|inactive|Time left: 300 sec this turn | 300 sec total | 5 sec grace\n|\n|t:|1783561125\n|switch|p2a: Ribombee|Ribombee, L83, F|235/235\n|turn|11\n|inactive|Time left: 300 sec this turn | 300 sec total\n|\n|t:|1783561126\n|move|p2a: Ribombee|Moonblast|p1a: Skeledirge\n|-damage|p1a: Skeledirge|0 fnt\n|faint|p1a: Skeledirge\n|\n|upkeep\n|\n|t:|1783561127\n|switch|p1a: Wigglytuff|Wigglytuff, L96, M|100/100\n|turn|12\n|inactive|Time left: 300 sec this turn | 300 sec total\n|\n|t:|1783561128\n|move|p2a: Ribombee|Quiver Dance|p2a: Ribombee\n|-boost|p2a: Ribombee|spa|1\n|-boost|p2a: Ribombee|spd|1\n|-boost|p2a: Ribombee|spe|1\n|move|p1a: Wigglytuff|Fire Blast|p2a: Ribombee\n|-supereffective|p2a: Ribombee\n|-damage|p2a: Ribombee|101/235\n|\n|upkeep\n|turn|13\n|inactive|Time left: 300 sec this turn | 300 sec total\n|\n|t:|1783561129\n|move|p2a: Ribombee|Quiver Dance|p2a: Ribombee\n|-boost|p2a: Ribombee|spa|1\n|-boost|p2a: Ribombee|spd|1\n|-boost|p2a: Ribombee|spe|1\n|move|p1a: Wigglytuff|Fire Blast|p2a: Ribombee\n|-supereffective|p2a: Ribombee\n|-damage|p2a: Ribombee|0 fnt\n|faint|p2a: Ribombee\n|\n|upkeep\n|inactive|Time left: 300 sec this turn | 300 sec total | 5 sec grace\n|\n|t:|1783561130\n|switch|p2a: Delphox|Delphox, L84, F|223/263\n|turn|14\n|inactive|Time left: 300 sec this turn | 300 sec total\n|\n|t:|1783561131\n|move|p2a: Delphox|Fire Blast|p1a: Wigglytuff\n|-damage|p1a: Wigglytuff|58/100\n|move|p1a: Wigglytuff|Knock Off|p2a: Delphox\n|-supereffective|p2a: Delphox\n|-damage|p2a: Delphox|69/263\n|-enditem|p2a: Delphox|Choice Scarf|[from] move: Knock Off|[of] p1a: Wigglytuff\n|\n|-heal|p1a: Wigglytuff|64/100|[from] item: Leftovers\n|upkeep\n|turn|15\n|inactive|Time left: 300 sec this turn | 300 sec total\n|\n|t:|1783561132\n|move|p2a: Delphox|Fire Blast|p1a: Wigglytuff\n|-damage|p1a: Wigglytuff|1/100\n|move|p1a: Wigglytuff|Knock Off|p2a: Delphox\n|-supereffective|p2a: Delphox\n|-damage|p2a: Delphox|0 fnt\n|faint|p2a: Delphox\n|\n|-heal|p1a: Wigglytuff|7/100|[from] item: Leftovers\n|upkeep\n|inactive|Time left: 300 sec this turn | 300 sec total | 5 sec grace\n|\n|t:|1783561133\n|switch|p2a: Brute Bonnet|Brute Bonnet, L80|309/309\n|turn|16\n|inactive|Time left: 300 sec this turn | 300 sec total\n|\n|t:|1783561134\n|move|p1a: Wigglytuff|Thunder Wave|p2a: Brute Bonnet\n|-status|p2a: Brute Bonnet|par\n|move|p2a: Brute Bonnet|Crunch|p1a: Wigglytuff\n|-resisted|p1a: Wigglytuff\n|-damage|p1a: Wigglytuff|0 fnt\n|faint|p1a: Wigglytuff\n|\n|upkeep\n|\n|t:|1783561135\n|switch|p1a: Iron Valiant|Iron Valiant, L78|100/100\n|turn|17\n|inactive|Time left: 300 sec this turn | 300 sec total\n|\n|t:|1783561136\n|-end|p2a: Brute Bonnet|Protosynthesis|[silent]\n|switch|p2a: Granbull|Granbull, L88, F|302/302\n|-ability|p2a: Granbull|Intimidate|boost\n|-unboost|p1a: Iron Valiant|atk|1\n|move|p1a: Iron Valiant|Moonblast|p2a: Granbull\n|-damage|p2a: Granbull|119/302\n|-unboost|p2a: Granbull|spa|1\n|-damage|p1a: Iron Valiant|91/100|[from] item: Life Orb\n|\n|-heal|p2a: Granbull|137/302|[from] item: Leftovers\n|upkeep\n|turn|18\n|inactive|Time left: 300 sec this turn | 300 sec total\n|\n|t:|1783561137\n|switch|p2a: Brute Bonnet|Brute Bonnet, L80|309/309 par\n|move|p1a: Iron Valiant|Moonblast|p2a: Brute Bonnet\n|-supereffective|p2a: Brute Bonnet\n|-damage|p2a: Brute Bonnet|72/309 par\n|-damage|p1a: Iron Valiant|81/100|[from] item: Life Orb\n|\n|-heal|p2a: Brute Bonnet|91/309 par|[from] item: Leftovers\n|upkeep\n|turn|19\n|inactive|Time left: 300 sec this turn | 300 sec total\n|\n|t:|1783561138\n|-terastallize|p2a: Brute Bonnet|Poison\n|move|p1a: Iron Valiant|Moonblast|p2a: Brute Bonnet\n|-resisted|p2a: Brute Bonnet\n|-damage|p2a: Brute Bonnet|25/309 par\n|-damage|p1a: Iron Valiant|71/100|[from] item: Life Orb\n|move|p2a: Brute Bonnet|Spore|p1a: Iron Valiant\n|-status|p1a: Iron Valiant|slp|[from] move: Spore\n|\n|-heal|p2a: Brute Bonnet|44/309 par|[from] item: Leftovers\n|upkeep\n|turn|20\n|inactive|Time left: 300 sec this turn | 300 sec total\n|\n|t:|1783561139\n|-end|p1a: Iron Valiant|Quark Drive|[silent]\n|switch|p1a: Darkrai|Darkrai, L77|100/100\n|-end|p2a: Brute Bonnet|Protosynthesis|[silent]\n|switch|p2a: Granbull|Granbull, L88, F|137/302\n|-ability|p2a: Granbull|Intimidate|boost\n|-unboost|p1a: Darkrai|atk|1\n|\n|-heal|p2a: Granbull|155/302|[from] item: Leftovers\n|upkeep\n|turn|21\n|inactive|Time left: 300 sec this turn | 300 sec total\n|\n|t:|1783561140\n|switch|p2a: Brute Bonnet|Brute Bonnet, L80, tera:Poison|44/309 par\n|move|p1a: Darkrai|Sludge Bomb|p2a: Brute Bonnet\n|-resisted|p2a: Brute Bonnet\n|-damage|p2a: Brute Bonnet|8/309 par\n|\n|-heal|p2a: Brute Bonnet|27/309 par|[from] item: Leftovers\n|upkeep\n|turn|22\n|inactive|Time left: 300 sec this turn | 300 sec total\n|\n|t:|1783561141\n|-end|p2a: Brute Bonnet|Protosynthesis|[silent]\n|switch|p2a: Granbull|Granbull, L88, F|155/302\n|-ability|p2a: Granbull|Intimidate|boost\n|-unboost|p1a: Darkrai|atk|1\n|move|p1a: Darkrai|Sludge Bomb|p2a: Granbull\n|-supereffective|p2a: Granbull\n|-damage|p2a: Granbull|0 fnt\n|faint|p2a: Granbull\n|\n|upkeep\n|inactive|Time left: 300 sec this turn | 300 sec total | 5 sec grace\n|\n|t:|1783561142\n|switch|p2a: Brute Bonnet|Brute Bonnet, L80, tera:Poison|27/309 par\n|turn|23\n|inactive|Time left: 300 sec this turn | 300 sec total\n|\n|t:|1783561142\n|move|p1a: Darkrai|Sludge Bomb|p2a: Brute Bonnet\n|-resisted|p2a: Brute Bonnet\n|-damage|p2a: Brute Bonnet|0 fnt\n|faint|p2a: Brute Bonnet\n|-end|p2a: Brute Bonnet|Protosynthesis|[silent]\n|\n|win|p0x189069a5", "uploadtime": 1783561143, "views": 0, "rating": 0, "private": 0, "password": null, "_winner": "p0x189069a5", "_our_name": "p0y1890c74c"}