{"id": "battle-gen9randombattle-2534", "formatid": "gen9randombattle", "format": "[Gen 9] Random Battle", "players": ["p0x2534fe17", "p0y2534e7a0"], "log": "|init|battle\n|title|p0x2534fe17 vs. p0y2534e7a0\n|j|\u2606p0x2534fe17\n|j|\u2606p0y2534e7a0\n|t:|1783568350\n|gametype|singles\n|player|p1|p0x2534fe17|102|\n|player|p2|p0y2534e7a0|169|\n|gen|9\n|tier|[Gen 9] Random Battle\n|rule|Species Clause: Limit one of each Pok\u00e9mon\n|rule|HP Percentage Mod: HP is shown in percentages\n|rule|Sleep Clause Mod: Limit one foe put to sleep\n|rule|Illusion Level Mod: Illusion disguises the Pok\u00e9mon's true level\n|\n|t:|1783568350\n|teamsize|p1|6\n|teamsize|p2|6\n|start\n|switch|p1a: Mesprit|Mesprit, L85|100/100\n|switch|p2a: Slowbro|Slowbro, L85, F|300/300\n|turn|1\n|inactive|Battle timer is ON: inactive players will automatically lose when time's up. (requested by p0x2534fe17)\n|inactive|Time left: 300 sec this turn | 300 sec total | 60 sec grace\n|inactive|p0y2534e7a0 also wants the timer to be on.\n|\n|t:|1783568351\n|move|p1a: Mesprit|Psychic|p2a: Slowbro\n|-resisted|p2a: Slowbro\n|-damage|p2a: Slowbro|261/300\n|move|p2a: Slowbro|Scald|p1a: Mesprit\n|-damage|p1a: Mesprit|71/100\n|\n|upkeep\n|turn|2\n|inactive|Time left: 300 sec this turn | 300 sec total\n|\n|t:|1783568353\n|move|p1a: Mesprit|Psychic|p2a: Slowbro\n|-resisted|p2a: Slowbro\n|-damage|p2a: Slowbro|220/300\n|move|p2a: Slowbro|Scald|p1a: Mesprit\n|-damage|p1a: Mesprit|40/100\n|-status|p1a: Mesprit|brn\n|\n|-damage|p1a: Mesprit|34/100 brn|[from] brn\n|upkeep\n|turn|3\n|inactive|Time left: 300 sec this turn | 300 sec total\n|\n|t:|1783568355\n|move|p1a: Mesprit|Psychic|p2a: Slowbro\n|-resisted|p2a: Slowbro\n|-damage|p2a: Slowbro|184/300\n|move|p2a: Slowbro|Scald|p1a: Mesprit\n|-damage|p1a: Mesprit|7/100 brn\n|\n|-damage|p1a: Mesprit|1/100 brn|[from] brn\n|upkeep\n|turn|4\n|inactive|Time left: 300 sec this turn | 300 sec total\n|\n|t:|1783568356\n|switch|p1a: Hatterene|Hatterene, L85, F|100/100\n|move|p2a: Slowbro|Scald|p1a: Hatterene\n|-damage|p1a: Hatterene|80/100\n|-status|p1a: Hatterene|brn\n|\n|-damage|p1a: Hatterene|74/100 brn|[from] brn\n|upkeep\n|turn|5\n|inactive|Time left: 300 sec this turn | 300 sec total\n|\n|t:|1783568358\n|move|p2a: Slowbro|Scald|p1a: Hatterene\n|-damage|p1a: Hatterene|52/100 brn\n|move|p1a: Hatterene|Mystical Fire|p2a: Slowbro\n|-resisted|p2a: Slowbro\n|-damage|p2a: Slowbro|161/300\n|-unboost|p2a: Slowbro|spa|1\n|\n|-damage|p1a: Hatterene|46/100 brn|[from] brn\n|upkeep\n|turn|6\n|inactive|Time left: 300 sec this turn | 300 sec total\n|\n|t:|1783568359\n|switch|p2a: Florges|Florges-Yellow, L85, F|271/271\n|move|p1a: Hatterene|Draining Kiss|p2a: Florges\n|-damage|p2a: Florges|225/271\n|-heal|p1a: Hatterene|61/100 brn|[from] drain|[of] p2a: Florges\n|\n|-heal|p2a: Florges|241/271|[from] item: Leftovers\n|-damage|p1a: Hatterene|55/100 brn|[from] brn\n|upkeep\n|turn|7\n|inactive|Time left: 300 sec this turn | 300 sec total\n|\n|t:|1783568360\n|move|p2a: Florges|Moonblast|p1a: Hatterene\n|-damage|p1a: Hatterene|25/100 brn\n|move|p1a: Hatterene|Mystical Fire|p2a: Florges\n|-damage|p2a: Florges|194/271\n|-unboost|p2a: Florges|spa|1\n|\n|-heal|p2a: Florges|210/271|[from] item: Leftovers\n|-damage|p1a: Hatterene|19/100 brn|[from] brn\n|upkeep\n|turn|8\n|inactive|Time left: 300 sec this turn | 300 sec total\n|\n|t:|1783568361\n|switch|p1a: Torterra|Torterra, L78, F|100/100\n|move|p2a: Florges|Moonblast|p1a: Torterra\n|-damage|p1a: Torterra|69/100\n|-unboost|p1a: Torterra|spa|1\n|\n|-heal|p2a: Florges|226/271|[from] item: Leftovers\n|upkeep\n|turn|9\n|inactive|Time left: 300 sec this turn | 300 sec total\n|\n|t:|1783568362\n|switch|p2a: Chandelure|Chandelure, L83, M|235/235\n|move|p1a: Torterra|Shell Smash|p1a: Torterra\n|-unboost|p1a: Torterra|def|1\n|-unboost|p1a: Torterra|spd|1\n|-boost|p1a: Torterra|atk|2\n|-boost|p1a: Torterra|spa|2\n|-boost|p1a: Torterra|spe|2\n|\n|upkeep\n|turn|10\n|inactive|Time left: 300 sec this turn | 300 sec total\n|\n|t:|1783568364\n|move|p2a: Chandelure|Fire Blast|p1a: Torterra\n|-supereffective|p1a: Torterra\n|-damage|p1a: Torterra|0 fnt\n|faint|p1a: Torterra\n|\n|upkeep\n|\n|t:|1783568365\n|switch|p1a: Dondozo|Dondozo, L78, F|100/100\n|turn|11\n|inactive|Time left: 300 sec this turn | 300 sec total\n|\n|t:|1783568366\n|switch|p2a: Slowbro|Slowbro, L85, F|261/300\n|move|p1a: Dondozo|Wave Crash|p2a: Slowbro\n|-resisted|p2a: Slowbro\n|-damage|p2a: Slowbro|218/300\n|-damage|p1a: Dondozo|97/100|[from] Recoil\n|\n|-heal|p1a: Dondozo|100/100|[from] item: Leftovers\n|upkeep\n|turn|12\n|inactive|Time left: 300 sec this turn | 300 sec total\n|\n|t:|1783568367\n|switch|p2a: Florges|Florges-Yellow, L85, F|226/271\n|move|p1a: Dondozo|Wave Crash|p2a: Florges\n|-damage|p2a: Florges|81/271\n|-damage|p1a: Dondozo|87/100|[from] Recoil\n|\n|-heal|p2a: Florges|97/271|[from] item: Leftovers\n|-heal|p1a: Dondozo|93/100|[from] item: Leftovers\n|upkeep\n|turn|13\n|inactive|Time left: 300 sec this turn | 300 sec total\n|\n|t:|1783568368\n|move|p2a: Florges|Protect|p2a: Florges\n|-singleturn|p2a: Florges|Protect\n|move|p1a: Dondozo|Wave Crash|p2a: Florges\n|-activate|p2a: Florges|move: Protect\n|\n|-heal|p2a: Florges|113/271|[from] item: Leftovers\n|-heal|p1a: Dondozo|99/100|[from] item: Leftovers\n|upkeep\n|turn|14\n|inactive|Time left: 300 sec this turn | 300 sec total\n|\n|t:|1783568369\n|move|p2a: Florges|Moonblast|p1a: Dondozo\n|-damage|p1a: Dondozo|55/100\n|-unboost|p1a: Dondozo|spa|1\n|move|p1a: Dondozo|Wave Crash|p2a: Florges\n|-damage|p2a: Florges|0 fnt\n|faint|p2a: Florges\n|-damage|p1a: Dondozo|45/100|[from] Recoil\n|\n|-heal|p1a: Dondozo|51/100|[from] item: Leftovers\n|upkeep\n|inactive|Time left: 300 sec this turn | 300 sec total | 5 sec grace\n|\n|t:|1783568370\n|switch|p2a: Pincurchin|Pincurchin, M|258/258\n|-fieldstart|move: Electric Terrain|[from] ability: Electric Surge|[of] p2a: Pincurchin\n|turn|15\n|inactive|Time left: 300 sec this turn | 300 sec total\n|\n|t:|1783568371\n|switch|p1a: Brute Bonnet|Brute Bonnet, L80|100/100\n|move|p2a: Pincurchin|Zing Zap|p1a: Brute Bonnet\n|-resisted|p1a: Brute Bonnet\n|-damage|p1a: Brute Bonnet|78/100\n|\n|-heal|p1a: Brute Bonnet|84/100|[from] item: Leftovers\n|upkeep\n|turn|16\n|inactive|Time left: 300 sec this turn | 300 sec total\n|\n|t:|1783568372\n|move|p1a: Brute Bonnet|Crunch|p2a: Pincurchin\n|-damage|p2a: Pincurchin|183/258\n|move|p2a: Pincurchin|Zing Zap|p1a: Brute Bonnet\n|-resisted|p1a: Brute Bonnet\n|-damage|p1a: Brute Bonnet|60/100\n|\n|-heal|p1a: Brute Bonnet|66/100|[from] item: Leftovers\n|-heal|p2a: Pincurchin|199/258|[from] item: Leftovers\n|upkeep\n|turn|17\n|inactive|Time left: 300 sec this turn | 300 sec total\n|\n|t:|1783568373\n|move|p1a: Brute Bonnet|Seed Bomb|p2a: Pincurchin\n|-damage|p2a: Pincurchin|121/258\n|move|p2a: Pincurchin|Recover|p2a: Pincurchin\n|-heal|p2a: Pincurchin|250/258\n|\n|-heal|p1a: Brute Bonnet|72/100|[from] item: Leftovers\n|-heal|p2a: Pincurchin|258/258|[from] item: Leftovers\n|upkeep\n|turn|18\n|inactive|Time left: 300 sec this turn | 300 sec total\n|\n|t:|1783568374\n|move|p1a: Brute Bonnet|Crunch|p2a: Pincurchin\n|-damage|p2a: Pincurchin|185/258\n|move|p2a: Pincurchin|Curse|p2a: Pincurchin\n|-unboost|p2a: Pincurchin|spe|1\n|-boost|p2a: Pincurchin|atk|1\n|-boost|p2a: Pincurchin|def|1\n|\n|-heal|p1a: Brute Bonnet|78/100|[from] item: Leftovers\n|-heal|p2a: Pincurchin|201/258|[from] item: Leftovers\n|upkeep\n|turn|19\n|inactive|Time left: 300 sec this turn | 300 sec total\n|\n|t:|1783568375\n|move|p1a: Brute Bonnet|Seed Bomb|p2a: Pincurchin\n|-damage|p2a: Pincurchin|147/258\n|move|p2a: Pincurchin|Zing Zap|p1a: Brute Bonnet\n|-resisted|p1a: Brute Bonnet\n|-damage|p1a: Brute Bonnet|40/100\n|\n|-heal|p1a: Brute Bonnet|46/100|[from] item: Leftovers\n|-heal|p2a: Pincurchin|163/258|[from] item: Leftovers\n|-fieldend|move: Electric Terrain\n|upkeep\n|turn|20\n|inactive|Time left: 300 sec this turn | 300 sec total\n|\n|t:|1783568376\n|move|p1a: Brute Bonnet|Spore|p2a: Pincurchin\n|-status|p2a: Pincurchin|slp|[from] move: Spore\n|cant|p2a: Pincurchin|slp\n|\n|-heal|p1a: Brute Bonnet|53/100|[from] item: Leftovers\n|-heal|p2a: Pincurchin|179/258 slp|[from] item: Leftovers\n|upkeep\n|turn|21\n|inactive|Time left: 300 sec this turn | 300 sec total\n|\n|t:|1783568377\n|move|p1a: Brute Bonnet|Seed Bomb|p2a: Pincurchin\n|-damage|p2a: Pincurchin|125/258 slp\n|cant|p2a: Pincurchin|slp\n|\n|-heal|p1a: Brute Bonnet|59/100|[from] item: Leftovers\n|-heal|p2a: Pincurchin|141/258 slp|[from] item: Leftovers\n|upkeep\n|turn|22\n|inactive|Time left: 300 sec this turn | 300 sec total\n|\n|t:|1783568378\n|move|p1a: Brute Bonnet|Crunch|p2a: Pincurchin\n|-damage|p2a: Pincurchin|93/258 slp\n|-curestatus|p2a: Pincurchin|slp|[msg]\n|move|p2a: Pincurchin|Zing Zap|p1a: Brute Bonnet\n|-resisted|p1a: Brute Bonnet\n|-damage|p1a: Brute Bonnet|30/100\n|\n|-heal|p1a: Brute Bonnet|36/100|[from] item: Leftovers\n|-heal|p2a: Pincurchin|109/258|[from] item: Leftovers\n|upkeep\n|turn|23\n|inactive|Time left: 300 sec this turn | 300 sec total\n|\n|t:|1783568379\n|move|p1a: Brute Bonnet|Spore|p2a: Pincurchin\n|-status|p2a: Pincurchin|slp|[from] move: Spore\n|cant|p2a: Pincurchin|slp\n|\n|-heal|p1a: Brute Bonnet|42/100|[from] item: Leftovers\n|-heal|p2a: Pincurchin|125/258 slp|[from] item: Leftovers\n|upkeep\n|turn|24\n|inactive|Time left: 300 sec this turn | 300 sec total\n|\n|t:|1783568380\n|move|p1a: Brute Bonnet|Crunch|p2a: Pincurchin\n|-damage|p2a: Pincurchin|76/258 slp\n|cant|p2a: Pincurchin|slp\n|\n|-heal|p1a: Brute Bonnet|48/100|[from] item: Leftovers\n|-heal|p2a: Pincurchin|92/258 slp|[from] item: Leftovers\n|upkeep\n|turn|25\n|inactive|Time left: 300 sec this turn | 300 sec total\n|\n|t:|1783568380\n|move|p1a: Brute Bonnet|Crunch|p2a: Pincurchin\n|-damage|p2a: Pincurchin|40/258 slp\n|-unboost|p2a: Pincurchin|def|1\n|-curestatus|p2a: Pincurchin|slp|[msg]\n|move|p2a: Pincurchin|Recover|p2a: Pincurchin\n|-heal|p2a: Pincurchin|169/258\n|\n|-heal|p1a: Brute Bonnet|54/100|[from] item: Leftovers\n|-heal|p2a: Pincurchin|185/258|[from] item: Leftovers\n|upkeep\n|turn|26\n|inactive|Time left: 300 sec this turn | 300 sec total\n|\n|t:|1783568381\n|move|p1a: Brute Bonnet|Spore|p2a: Pincurchin\n|-status|p2a: Pincurchin|slp|[from] move: Spore\n|cant|p2a: Pincurchin|slp\n|\n|-heal|p1a: Brute Bonnet|60/100|[from] item: Leftovers\n|-heal|p2a: Pincurchin|201/258 slp|[from] item: Leftovers\n|upkeep\n|turn|27\n|inactive|Time left: 300 sec this turn | 300 sec total\n|\n|t:|1783568382\n|move|p1a: Brute Bonnet|Crunch|p2a: Pincurchin\n|-damage|p2a: Pincurchin|122/258 slp\n|cant|p2a: Pincurchin|slp\n|\n|-heal|p1a: Brute Bonnet|67/100|[from] item: Leftovers\n|-heal|p2a: Pincurchin|138/258 slp|[from] item: Leftovers\n|upkeep\n|turn|28\n|inactive|Time left: 300 sec this turn | 300 sec total\n|\n|t:|1783568383\n|move|p1a: Brute Bonnet|Crunch|p2a: Pincurchin\n|-damage|p2a: Pincurchin|59/258 slp\n|-curestatus|p2a: Pincurchin|slp|[msg]\n|move|p2a: Pincurchin|Recover|p2a: Pincurchin\n|-heal|p2a: Pincurchin|188/258\n|\n|-heal|p1a: Brute Bonnet|73/100|[from] item: Leftovers\n|-heal|p2a: Pincurchin|204/258|[from] item: Leftovers\n|upkeep\n|turn|29\n|inactive|Time left: 300 sec this turn | 300 sec total\n|\n|t:|1783568384\n|move|p1a: Brute Bonnet|Spore|p2a: Pincurchin\n|-status|p2a: Pincurchin|slp|[from] move: Spore\n|cant|p2a: Pincurchin|slp\n|\n|-heal|p1a: Brute Bonnet|79/100|[from] item: Leftovers\n|-heal|p2a: Pincurchin|220/258 slp|[from] item: Leftovers\n|upkeep\n|turn|30\n|inactive|Time left: 300 sec this turn | 300 sec total\n|\n|t:|1783568385\n|move|p1a: Brute Bonnet|Crunch|p2a: Pincurchin\n|-damage|p2a: Pincurchin|139/258 slp\n|cant|p2a: Pincurchin|slp\n|\n|-heal|p1a: Brute Bonnet|85/100|[from] item: Leftovers\n|-heal|p2a: Pincurchin|155/258 slp|[from] item: Leftovers\n|upkeep\n|turn|31\n|inactive|Time left: 300 sec this turn | 300 sec total\n|\n|t:|1783568386\n|move|p1a: Brute Bonnet|Crunch|p2a: Pincurchin\n|-damage|p2a: Pincurchin|77/258 slp\n|cant|p2a: Pincurchin|slp\n|\n|-heal|p1a: Brute Bonnet|91/100|[from] item: Leftovers\n|-heal|p2a: Pincurchin|93/258 slp|[from] item: Leftovers\n|upkeep\n|turn|32\n|inactive|Time left: 300 sec this turn | 300 sec total\n|\n|t:|1783568387\n|move|p1a: Brute Bonnet|Crunch|p2a: Pincurchin\n|-damage|p2a: Pincurchin|15/258 slp\n|-curestatus|p2a: Pincurchin|slp|[msg]\n|move|p2a: Pincurchin|Recover|p2a: Pincurchin\n|-heal|p2a: Pincurchin|144/258\n|\n|-heal|p1a: Brute Bonnet|97/100|[from] item: Leftovers\n|-heal|p2a: Pincurchin|160/258|[from] item: Leftovers\n|upkeep\n|turn|33\n|inactive|Time left: 300 sec this turn | 300 sec total\n|\n|t:|1783568387\n|move|p1a: Brute Bonnet|Spore|p2a: Pincurchin\n|-status|p2a: Pincurchin|slp|[from] move: Spore\n|cant|p2a: Pincurchin|slp\n|\n|-heal|p1a: Brute Bonnet|100/100|[from] item: Leftovers\n|-heal|p2a: Pincurchin|176/258 slp|[from] item: Leftovers\n|upkeep\n|turn|34\n|inactive|Time left: 300 sec this turn | 300 sec total\n|\n|t:|1783568388\n|move|p1a: Brute Bonnet|Crunch|p2a: Pincurchin\n|-damage|p2a: Pincurchin|100/258 slp\n|-unboost|p2a: Pincurchin|def|1\n|-curestatus|p2a: Pincurchin|slp|[msg]\n|move|p2a: Pincurchin|Curse|p2a: Pincurchin\n|-unboost|p2a: Pincurchin|spe|1\n|-boost|p2a: Pincurchin|atk|1\n|-boost|p2a: Pincurchin|def|1\n|\n|-heal|p2a: Pincurchin|116/258|[from] item: Leftovers\n|upkeep\n|turn|35\n|inactive|Time left: 300 sec this turn | 300 sec total\n|\n|t:|1783568389\n|move|p1a: Brute Bonnet|Crunch|p2a: Pincurchin\n|-damage|p2a: Pincurchin|44/258\n|move|p2a: Pincurchin|Recover|p2a: Pincurchin\n|-heal|p2a: Pincurchin|173/258\n|\n|-heal|p2a: Pincurchin|189/258|[from] item: Leftovers\n|upkeep\n|turn|36\n|inactive|Time left: 300 sec this turn | 300 sec total\n|\n|t:|1783568390\n|move|p1a: Brute Bonnet|Spore|p2a: Pincurchin\n|-status|p2a: Pincurchin|slp|[from] move: Spore\n|cant|p2a: Pincurchin|slp\n|\n|-heal|p2a: Pincurchin|205/258 slp|[from] item: Leftovers\n|upkeep\n|turn|37\n|inactive|Time left: 300 sec this turn | 300 sec total\n|\n|t:|1783568391\n|move|p1a: Brute Bonnet|Crunch|p2a: Pincurchin\n|-damage|p2a: Pincurchin|130/258 slp\n|-unboost|p2a: Pincurchin|def|1\n|cant|p2a: Pincurchin|slp\n|\n|-heal|p2a: Pincurchin|146/258 slp|[from] item: Leftovers\n|upkeep\n|turn|38\n|inactive|Time left: 300 sec this turn | 300 sec total\n|\n|t:|1783568392\n|move|p1a: Brute Bonnet|Crunch|p2a: Pincurchin\n|-damage|p2a: Pincurchin|40/258 slp\n|-curestatus|p2a: Pincurchin|slp|[msg]\n|move|p2a: Pincurchin|Recover|p2a: Pincurchin\n|-heal|p2a: Pincurchin|169/258\n|\n|-heal|p2a: Pincurchin|185/258|[from] item: Leftovers\n|upkeep\n|turn|39\n|inactive|Time left: 300 sec this turn | 300 sec total\n|\n|t:|1783568393\n|move|p1a: Brute Bonnet|Spore|p2a: Pincurchin\n|-status|p2a: Pincurchin|slp|[from] move: Spore\n|cant|p2a: Pincurchin|slp\n|\n|-heal|p2a: Pincurchin|201/258 slp|[from] item: Leftovers\n|upkeep\n|turn|40\n|inactive|Time left: 300 sec this turn | 300 sec total\n|\n|t:|1783568394\n|switch|p2a: Hitmonchan|Hitmonchan, L87, M|229/229\n|move|p1a: Brute Bonnet|Crunch|p2a: Hitmonchan\n|-resisted|p2a: Hitmonchan\n|-damage|p2a: Hitmonchan|176/229\n|\n|-heal|p2a: Hitmonchan|190/229|[from] item: Leftovers\n|upkeep\n|turn|41\n|inactive|Time left: 300 sec this turn | 300 sec total\n|\n|t:|1783568395\n|-end|p1a: Brute Bonnet|Protosynthesis|[silent]\n|switch|p1a: Dondozo|Dondozo, L78, F|51/100\n|move|p2a: Hitmonchan|Drain Punch|p1a: Dondozo\n|-damage|p1a: Dondozo|27/100\n|-heal|p2a: Hitmonchan|229/229|[from] drain|[of] p1a: Dondozo\n|\n|-heal|p1a: Dondozo|33/100|[from] item: Leftovers\n|upkeep\n|turn|42\n|inactive|Time left: 300 sec this turn | 300 sec total\n|\n|t:|1783568396\n|move|p2a: Hitmonchan|Rapid Spin|p1a: Dondozo\n|-damage|p1a: Dondozo|22/100\n|-boost|p2a: Hitmonchan|spe|1\n|move|p1a: Dondozo|Rest|p1a: Dondozo\n|-status|p1a: Dondozo|slp|[from] move: Rest\n|-heal|p1a: Dondozo|100/100 slp|[silent]\n|\n|upkeep\n|turn|43\n|inactive|Time left: 300 sec this turn | 300 sec total\n|\n|t:|1783568398\n|move|p2a: Hitmonchan|Knock Off|p1a: Dondozo\n|-damage|p1a: Dondozo|83/100 slp\n|-enditem|p1a: Dondozo|Leftovers|[from] move: Knock Off|[of] p2a: Hitmonchan\n|cant|p1a: Dondozo|slp\n|move|p1a: Dondozo|Sleep Talk|p1a: Dondozo\n|move|p1a: Dondozo|Wave Crash|p2a: Hitmonchan|[from] move: Sleep Talk\n|-damage|p2a: Hitmonchan|102/229\n|-damage|p1a: Dondozo|71/100 slp|[from] Recoil\n|\n|-heal|p2a: Hitmonchan|116/229|[from] item: Leftovers\n|upkeep\n|turn|44\n|inactive|Time left: 300 sec this turn | 300 sec total\n|\n|t:|1783568399\n|move|p2a: Hitmonchan|Drain Punch|p1a: Dondozo\n|-damage|p1a: Dondozo|44/100 slp\n|-heal|p2a: Hitmonchan|166/229|[from] drain|[of] p1a: Dondozo\n|cant|p1a: Dondozo|slp\n|move|p1a: Dondozo|Sleep Talk|p1a: Dondozo\n|move|p1a: Dondozo|Curse|p1a: Dondozo|[from] move: Sleep Talk\n|-unboost|p1a: Dondozo|spe|1\n|-boost|p1a: Dondozo|atk|1\n|-boost|p1a: Dondozo|def|1\n|\n|-heal|p2a: Hitmonchan|180/229|[from] item: Leftovers\n|upkeep\n|turn|45\n|inactive|Time left: 300 sec this turn | 300 sec total\n|\n|t:|1783568400\n|move|p2a: Hitmonchan|Encore||[still]\n|-fail|p2a: Hitmonchan\n|-curestatus|p1a: Dondozo|slp|[msg]\n|move|p1a: Dondozo|Wave Crash|p2a: Hitmonchan\n|-crit|p2a: Hitmonchan\n|-damage|p2a: Hitmonchan|0 fnt\n|faint|p2a: Hitmonchan\n|-damage|p1a: Dondozo|28/100|[from] Recoil\n|\n|upkeep\n|inactive|Time left: 300 sec this turn | 300 sec total | 5 sec grace\n|\n|t:|1783568401\n|switch|p2a: Chandelure|Chandelure, L83, M|235/235\n|turn|46\n|inactive|Time left: 300 sec this turn | 300 sec total\n|\n|t:|1783568402\n|move|p2a: Chandelure|Shadow Ball|p1a: Dondozo\n|-damage|p1a: Dondozo|0 fnt\n|faint|p1a: Dondozo\n|\n|upkeep\n|\n|t:|1783568403\n|switch|p1a: Brute Bonnet|Brute Bonnet, L80|100/100\n|turn|47\n|inactive|Time left: 300 sec this turn | 300 sec total\n|\n|t:|1783568404\n|switch|p2a: Pincurchin|Pincurchin, M|201/258 slp\n|-fieldstart|move: Electric Terrain|[from] ability: Electric Surge|[of] p2a: Pincurchin\n|move|p1a: Brute Bonnet|Crunch|p2a: Pincurchin\n|-damage|p2a: Pincurchin|122/258 slp\n|\n|-heal|p2a: Pincurchin|138/258 slp|[from] item: Leftovers\n|upkeep\n|turn|48\n|inactive|Time left: 300 sec this turn | 300 sec total\n|\n|t:|1783568405\n|move|p1a: Brute Bonnet|Crunch|p2a: Pincurchin\n|-damage|p2a: Pincurchin|62/258 slp\n|-curestatus|p2a: Pincurchin|slp|[msg]\n|move|p2a: Pincurchin|Recover|p2a: Pincurchin\n|-heal|p2a: Pincurchin|191/258\n|\n|-heal|p2a: Pincurchin|207/258|[from] item: Leftovers\n|upkeep\n|turn|49\n|inactive|Time left: 300 sec this turn | 300 sec total\n|\n|t:|1783568406\n|move|p1a: Brute Bonnet|Crunch|p2a: Pincurchin\n|-damage|p2a: Pincurchin|126/258\n|move|p2a: Pincurchin|Curse|p2a: Pincurchin\n|-unboost|p2a: Pincurchin|spe|1\n|-boost|p2a: Pincurchin|atk|1\n|-boost|p2a: Pincurchin|def|1\n|\n|-heal|p2a: Pincurchin|142/258|[from] item: Leftovers\n|upkeep\n|turn|50\n|inactive|Time left: 300 sec this turn | 300 sec total\n|\n|t:|1783568407\n|move|p1a: Brute Bonnet|Seed Bomb|p2a: Pincurchin\n|-damage|p2a: Pincurchin|87/258\n|move|p2a: Pincurchin|Recover|p2a: Pincurchin\n|-heal|p2a: Pincurchin|216/258\n|\n|-heal|p2a: Pincurchin|232/258|[from] item: Leftovers\n|upkeep\n|turn|51\n|inactive|Time left: 300 sec this turn | 300 sec total\n|\n|t:|1783568408\n|move|p1a: Brute Bonnet|Crunch|p2a: Pincurchin\n|-damage|p2a: Pincurchin|180/258\n|move|p2a: Pincurchin|Zing Zap|p1a: Brute Bonnet\n|-resisted|p1a: Brute Bonnet\n|-damage|p1a: Brute Bonnet|64/100\n|\n|-heal|p1a: Brute Bonnet|70/100|[from] item: Leftovers\n|-heal|p2a: Pincurchin|196/258|[from] item: Leftovers\n|-fieldend|move: Electric Terrain\n|upkeep\n|turn|52\n|inactive|Time left: 300 sec this turn | 300 sec total\n|\n|t:|1783568410\n|move|p1a: Brute Bonnet|Spore|p2a: Pincurchin\n|-status|p2a: Pincurchin|slp|[from] move: Spore\n|cant|p2a: Pincurchin|slp\n|\n|-heal|p1a: Brute Bonnet|76/100|[from] item: Leftovers\n|-heal|p2a: Pincurchin|212/258 slp|[from] item: Leftovers\n|upkeep\n|turn|53\n|inactive|Time left: 300 sec this turn | 300 sec total\n|\n|t:|1783568411\n|move|p1a: Brute Bonnet|Crunch|p2a: Pincurchin\n|-damage|p2a: Pincurchin|158/258 slp\n|-unboost|p2a: Pincurchin|def|1\n|-curestatus|p2a: Pincurchin|slp|[msg]\n|move|p2a: Pincurchin|Curse|p2a: Pincurchin\n|-unboost|p2a: Pincurchin|spe|1\n|-boost|p2a: Pincurchin|atk|1\n|-boost|p2a: Pincurchin|def|1\n|\n|-heal|p1a: Brute Bonnet|82/100|[from] item: Leftovers\n|-heal|p2a: Pincurchin|174/258|[from] item: Leftovers\n|upkeep\n|turn|54\n|inactive|Time left: 300 sec this turn | 300 sec total\n|\n|t:|1783568412\n|move|p1a: Brute Bonnet|Spore|p2a: Pincurchin\n|-status|p2a: Pincurchin|slp|[from] move: Spore\n|cant|p2a: Pincurchin|slp\n|\n|-heal|p1a: Brute Bonnet|88/100|[from] item: Leftovers\n|-heal|p2a: Pincurchin|190/258 slp|[from] item: Leftovers\n|upkeep\n|turn|55\n|inactive|Time left: 300 sec this turn | 300 sec total\n|\n|t:|1783568413\n|move|p1a: Brute Bonnet|Crunch|p2a: Pincurchin\n|-damage|p2a: Pincurchin|135/258 slp\n|cant|p2a: Pincurchin|slp\n|\n|-heal|p1a: Brute Bonnet|94/100|[from] item: Leftovers\n|-heal|p2a: Pincurchin|151/258 slp|[from] item: Leftovers\n|upkeep\n|turn|56\n|inactive|Time left: 300 sec this turn | 300 sec total\n|\n|t:|1783568414\n|move|p1a: Brute Bonnet|Crunch|p2a: Pincurchin\n|-damage|p2a: Pincurchin|96/258 slp\n|-curestatus|p2a: Pincurchin|slp|[msg]\n|move|p2a: Pincurchin|Liquidation|p1a: Brute Bonnet\n|-resisted|p1a: Brute Bonnet\n|-damage|p1a: Brute Bonnet|66/100\n|\n|-heal|p1a: Brute Bonnet|72/100|[from] item: Leftovers\n|-heal|p2a: Pincurchin|112/258|[from] item: Leftovers\n|upkeep\n|turn|57\n|inactive|Time left: 300 sec this turn | 300 sec total\n|\n|t:|1783568415\n|move|p1a: Brute Bonnet|Spore|p2a: Pincurchin\n|-status|p2a: Pincurchin|slp|[from] move: Spore\n|cant|p2a: Pincurchin|slp\n|\n|-heal|p1a: Brute Bonnet|78/100|[from] item: Leftovers\n|-heal|p2a: Pincurchin|128/258 slp|[from] item: Leftovers\n|upkeep\n|turn|58\n|inactive|Time left: 300 sec this turn | 300 sec total\n|\n|t:|1783568416\n|move|p1a: Brute Bonnet|Crunch|p2a: Pincurchin\n|-damage|p2a: Pincurchin|71/258 slp\n|cant|p2a: Pincurchin|slp\n|\n|-heal|p1a: Brute Bonnet|84/100|[from] item: Leftovers\n|-heal|p2a: Pincurchin|87/258 slp|[from] item: Leftovers\n|upkeep\n|turn|59\n|inactive|Time left: 300 sec this turn | 300 sec total\n|\n|t:|1783568417\n|move|p1a: Brute Bonnet|Seed Bomb|p2a: Pincurchin\n|-damage|p2a: Pincurchin|36/258 slp\n|-curestatus|p2a: Pincurchin|slp|[msg]\n|move|p2a: Pincurchin|Zing Zap|p1a: Brute Bonnet\n|-resisted|p1a: Brute Bonnet\n|-damage|p1a: Brute Bonnet|48/100\n|\n|-heal|p1a: Brute Bonnet|54/100|[from] item: Leftovers\n|-heal|p2a: Pincurchin|52/258|[from] item: Leftovers\n|upkeep\n|turn|60\n|inactive|Time left: 300 sec this turn | 300 sec total\n|\n|t:|1783568418\n|move|p1a: Brute Bonnet|Seed Bomb|p2a: Pincurchin\n|-damage|p2a: Pincurchin|1/258\n|move|p2a: Pincurchin|Zing Zap|p1a: Brute Bonnet\n|-resisted|p1a: Brute Bonnet\n|-damage|p1a: Brute Bonnet|13/100\n|\n|-heal|p1a: Brute Bonnet|20/100|[from] item: Leftovers\n|-heal|p2a: Pincurchin|17/258|[from] item: Leftovers\n|upkeep\n|turn|61\n|inactive|Time left: 300 sec this turn | 300 sec total\n|\n|t:|1783568419\n|move|p1a: Brute Bonnet|Crunch|p2a: Pincurchin\n|-damage|p2a: Pincurchin|0 fnt\n|faint|p2a: Pincurchin\n|\n|-heal|p1a: Brute Bonnet|26/100|[from] item: Leftovers\n|upkeep\n|inactive|Time left: 300 sec this turn | 300 sec total | 5 sec grace\n|\n|t:|1783568420\n|switch|p2a: Chandelure|Chandelure, L83, M|235/235\n|turn|62\n|inactive|Time left: 300 sec this turn | 300 sec total\n|\n|t:|1783568421\n|move|p1a: Brute Bonnet|Sucker Punch|p2a: Chandelure\n|-supereffective|p2a: Chandelure\n|-damage|p2a: Chandelure|73/235\n|move|p2a: Chandelure|Fire Blast|p1a: Brute Bonnet\n|-supereffective|p1a: Brute Bonnet\n|-damage|p1a: Brute Bonnet|0 fnt\n|faint|p1a: Brute Bonnet\n|-end|p1a: Brute Bonnet|Protosynthesis|[silent]\n|\n|upkeep\n|\n|t:|1783568422\n|switch|p1a: Mienshao|Mienshao, L83, M|100/100\n|turn|63\n|inactive|Time left: 300 sec this turn | 300 sec total\n|\n|t:|1783568423\n|move|p2a: Chandelure|Fire Blast|p1a: Mienshao\n|-damage|p1a: Mienshao|38/100\n|move|p1a: Mienshao|Knock Off|p2a: Chandelure\n|-supereffective|p2a: Chandelure\n|-damage|p2a: Chandelure|0 fnt\n|-enditem|p2a: Chandelure|Choice Scarf|[from] move: Knock Off|[of] p1a: Mienshao\n|faint|p2a: Chandelure\n|\n|upkeep\n|inactive|Time left: 300 sec this turn | 300 sec total | 5 sec grace\n|\n|t:|1783568423\n|switch|p2a: Wugtrio|Wugtrio, L91, F|212/212\n|turn|64\n|inactive|Time left: 300 sec this turn | 300 sec total\n|\n|t:|1783568424\n|switch|p1a: Hatterene|Hatterene, L85, F|19/100 brn\n|move|p2a: Wugtrio|Liquidation|p1a: Hatterene\n|-damage|p1a: Hatterene|0 fnt\n|faint|p1a: Hatterene\n|\n|upkeep\n|\n|t:|1783568425\n|switch|p1a: Mesprit|Mesprit, L85|1/100 brn\n|turn|65\n|inactive|Time left: 300 sec this turn | 300 sec total\n|\n|t:|1783568426\n|move|p1a: Mesprit|Thunderbolt|p2a: Wugtrio\n|-supereffective|p2a: Wugtrio\n|-damage|p2a: Wugtrio|50/212\n|move|p2a: Wugtrio|Liquidation|p1a: Mesprit\n|-damage|p1a: Mesprit|0 fnt\n|faint|p1a: Mesprit\n|\n|upkeep\n|\n|t:|1783568426\n|switch|p1a: Mienshao|Mienshao, L83, M|71/100\n|turn|66\n|inactive|Time left: 300 sec this turn | 300 sec total\n|\n|t:|1783568427\n|-terastallize|p1a: Mienshao|Dark\n|move|p1a: Mienshao|Fake Out|p2a: Wugtrio\n|-damage|p2a: Wugtrio|5/212\n|-ability|p2a: Wugtrio|Gooey\n|-unboost|p1a: Mienshao|spe|1\n|cant|p2a: Wugtrio|flinch\n|\n|upkeep\n|turn|67\n|inactive|Time left: 300 sec this turn | 300 sec total\n|\n|t:|1783568428\n|move|p2a: Wugtrio|Liquidation|p1a: Mienshao\n|-damage|p1a: Mienshao|0 fnt\n|faint|p1a: Mienshao\n|\n|win|p0y2534e7a0", "uploadtime": 1783568428, "views": 0, "rating": 0, "private": 0, "password": null, "_winner": "p0y2534e7a0", "_our_name": "p0y2534e7a0"}