{"id": "battle-gen9randombattle-1761", "formatid": "gen9randombattle", "format": "[Gen 9] Random Battle", "players": ["p0x1761a1e4", "p0y1761e7d3"], "log": "|init|battle\n|title|p0x1761a1e4 vs. p0y1761e7d3\n|j|\u2606p0x1761a1e4\n|j|\u2606p0y1761e7d3\n|t:|1783560338\n|gametype|singles\n|player|p1|p0x1761a1e4|265|\n|player|p2|p0y1761e7d3|1|\n|gen|9\n|tier|[Gen 9] Random Battle\n|rule|Species Clause: Limit one of each Pok\u00e9mon\n|rule|HP Percentage Mod: HP is shown in percentages\n|rule|Sleep Clause Mod: Limit one foe put to sleep\n|rule|Illusion Level Mod: Illusion disguises the Pok\u00e9mon's true level\n|\n|t:|1783560338\n|teamsize|p1|6\n|teamsize|p2|6\n|start\n|switch|p1a: Kommo-o|Kommo-o, L77, M|242/242\n|switch|p2a: Piloswine|Piloswine, L85, M|100/100\n|turn|1\n|inactive|Battle timer is ON: inactive players will automatically lose when time's up. (requested by p0x1761a1e4)\n|inactive|p0y1761e7d3 also wants the timer to be on.\n|\n|t:|1783560340\n|move|p1a: Kommo-o|Clangorous Soul|p1a: Kommo-o\n|-boost|p1a: Kommo-o|atk|1\n|-boost|p1a: Kommo-o|def|1\n|-boost|p1a: Kommo-o|spa|1\n|-boost|p1a: Kommo-o|spd|1\n|-boost|p1a: Kommo-o|spe|1\n|-damage|p1a: Kommo-o|163/242\n|-enditem|p1a: Kommo-o|Throat Spray\n|-boost|p1a: Kommo-o|spa|1|[from] item: Throat Spray\n|move|p2a: Piloswine|Earthquake|p1a: Kommo-o\n|-damage|p1a: Kommo-o|105/242\n|\n|upkeep\n|turn|2\n|inactive|Time left: 300 sec this turn | 300 sec total\n|\n|t:|1783560341\n|-terastallize|p2a: Piloswine|Poison\n|move|p1a: Kommo-o|Drain Punch|p2a: Piloswine\n|-resisted|p2a: Piloswine\n|-damage|p2a: Piloswine|88/100\n|-heal|p1a: Kommo-o|125/242|[from] drain|[of] p2a: Piloswine\n|move|p2a: Piloswine|Icicle Crash|p1a: Kommo-o\n|-supereffective|p1a: Kommo-o\n|-damage|p1a: Kommo-o|27/242\n|\n|upkeep\n|turn|3\n|inactive|Time left: 300 sec this turn | 300 sec total\n|\n|t:|1783560342\n|move|p1a: Kommo-o|Boomburst|p2a: Piloswine\n|-damage|p2a: Piloswine|43/100\n|move|p2a: Piloswine|Earthquake|p1a: Kommo-o\n|-damage|p1a: Kommo-o|0 fnt\n|faint|p1a: Kommo-o\n|\n|upkeep\n|inactive|Time left: 300 sec this turn | 300 sec total | 5 sec grace\n|\n|t:|1783560343\n|switch|p1a: Ariados|Ariados, L95, F|287/287\n|turn|4\n|inactive|Time left: 300 sec this turn | 300 sec total\n|\n|t:|1783560344\n|move|p2a: Piloswine|Earthquake|p1a: Ariados\n|-damage|p1a: Ariados|163/287\n|move|p1a: Ariados|Sticky Web|p2a: Piloswine\n|-sidestart|p2: p0y1761e7d3|move: Sticky Web\n|\n|upkeep\n|turn|5\n|inactive|Time left: 300 sec this turn | 300 sec total\n|\n|t:|1783560345\n|switch|p1a: Crawdaunt|Crawdaunt, L84, M|243/243\n|move|p2a: Piloswine|Earthquake|p1a: Crawdaunt\n|-damage|p1a: Crawdaunt|135/243\n|\n|upkeep\n|turn|6\n|inactive|Time left: 300 sec this turn | 300 sec total\n|\n|t:|1783560346\n|move|p1a: Crawdaunt|Knock Off|p2a: Piloswine\n|-damage|p2a: Piloswine|0 fnt\n|-enditem|p2a: Piloswine|Eviolite|[from] move: Knock Off|[of] p1a: Crawdaunt\n|faint|p2a: Piloswine\n|-damage|p1a: Crawdaunt|111/243|[from] item: Life Orb\n|\n|upkeep\n|\n|t:|1783560347\n|switch|p2a: Hawlucha|Hawlucha, L80, M|100/100\n|turn|7\n|inactive|Time left: 300 sec this turn | 300 sec total\n|\n|t:|1783560348\n|switch|p1a: Minun|Minun, L95, M|268/268\n|move|p2a: Hawlucha|Close Combat|p1a: Minun\n|-damage|p1a: Minun|111/268\n|-unboost|p2a: Hawlucha|def|1\n|-unboost|p2a: Hawlucha|spd|1\n|-enditem|p2a: Hawlucha|White Herb\n|-clearnegativeboost|p2a: Hawlucha|[silent]\n|\n|upkeep\n|turn|8\n|inactive|Time left: 300 sec this turn | 300 sec total\n|\n|t:|1783560349\n|switch|p1a: Ariados|Ariados, L95, F|163/287\n|move|p2a: Hawlucha|Close Combat|p1a: Ariados\n|-resisted|p1a: Ariados\n|-damage|p1a: Ariados|132/287\n|-unboost|p2a: Hawlucha|def|1\n|-unboost|p2a: Hawlucha|spd|1\n|\n|upkeep\n|turn|9\n|inactive|Time left: 300 sec this turn | 300 sec total\n|\n|t:|1783560350\n|-terastallize|p1a: Ariados|Ghost\n|move|p2a: Hawlucha|Brave Bird|p1a: Ariados\n|-damage|p1a: Ariados|14/287\n|-damage|p2a: Hawlucha|85/100|[from] Recoil\n|move|p1a: Ariados|Poison Jab|p2a: Hawlucha\n|-damage|p2a: Hawlucha|10/100\n|\n|upkeep\n|turn|10\n|inactive|Time left: 300 sec this turn | 300 sec total\n|\n|t:|1783560352\n|move|p2a: Hawlucha|Stone Edge|p1a: Ariados|[miss]\n|-miss|p2a: Hawlucha|p1a: Ariados\n|move|p1a: Ariados|Megahorn|p2a: Hawlucha\n|-resisted|p2a: Hawlucha\n|-damage|p2a: Hawlucha|0 fnt\n|faint|p2a: Hawlucha\n|\n|upkeep\n|\n|t:|1783560352\n|switch|p2a: Oricorio|Oricorio-Pa'u, L87, M|100/100\n|turn|11\n|inactive|Time left: 300 sec this turn | 300 sec total\n|\n|t:|1783560353\n|move|p2a: Oricorio|Quiver Dance|p2a: Oricorio\n|-boost|p2a: Oricorio|spa|1\n|-boost|p2a: Oricorio|spd|1\n|-boost|p2a: Oricorio|spe|1\n|move|p1a: Ariados|Knock Off|p2a: Oricorio\n|-supereffective|p2a: Oricorio\n|-damage|p2a: Oricorio|31/100\n|-enditem|p2a: Oricorio|Heavy-Duty Boots|[from] move: Knock Off|[of] p1a: Ariados\n|\n|upkeep\n|turn|12\n|inactive|Time left: 300 sec this turn | 300 sec total\n|\n|t:|1783560354\n|move|p2a: Oricorio|Revelation Dance|p1a: Ariados\n|-damage|p1a: Ariados|0 fnt\n|faint|p1a: Ariados\n|\n|upkeep\n|inactive|Time left: 300 sec this turn | 300 sec total | 5 sec grace\n|\n|t:|1783560355\n|switch|p1a: Crawdaunt|Crawdaunt, L84, M|111/243\n|turn|13\n|inactive|Time left: 300 sec this turn | 300 sec total\n|\n|t:|1783560356\n|move|p1a: Crawdaunt|Aqua Jet|p2a: Oricorio\n|-damage|p2a: Oricorio|0 fnt\n|faint|p2a: Oricorio\n|-damage|p1a: Crawdaunt|87/243|[from] item: Life Orb\n|\n|upkeep\n|\n|t:|1783560357\n|switch|p2a: Lilligant|Lilligant-Hisui, L79, F|100/100\n|-activate|p2a: Lilligant|move: Sticky Web\n|-unboost|p2a: Lilligant|spe|1\n|turn|14\n|inactive|Time left: 300 sec this turn | 300 sec total\n|\n|t:|1783560358\n|move|p1a: Crawdaunt|Crabhammer|p2a: Lilligant\n|-resisted|p2a: Lilligant\n|-damage|p2a: Lilligant|46/100\n|-damage|p1a: Crawdaunt|63/243|[from] item: Life Orb\n|move|p2a: Lilligant|Victory Dance|p2a: Lilligant\n|-boost|p2a: Lilligant|atk|1\n|-boost|p2a: Lilligant|def|1\n|-boost|p2a: Lilligant|spe|1\n|\n|upkeep\n|turn|15\n|inactive|Time left: 300 sec this turn | 300 sec total\n|\n|t:|1783560359\n|move|p2a: Lilligant|Victory Dance|p2a: Lilligant\n|-boost|p2a: Lilligant|atk|1\n|-boost|p2a: Lilligant|def|1\n|-boost|p2a: Lilligant|spe|1\n|move|p1a: Crawdaunt|Crabhammer|p2a: Lilligant\n|-resisted|p2a: Lilligant\n|-damage|p2a: Lilligant|21/100\n|-damage|p1a: Crawdaunt|39/243|[from] item: Life Orb\n|\n|upkeep\n|turn|16\n|inactive|Time left: 300 sec this turn | 300 sec total\n|\n|t:|1783560360\n|move|p1a: Crawdaunt|Aqua Jet|p2a: Lilligant\n|-resisted|p2a: Lilligant\n|-crit|p2a: Lilligant\n|-damage|p2a: Lilligant|0 fnt\n|faint|p2a: Lilligant\n|-damage|p1a: Crawdaunt|15/243|[from] item: Life Orb\n|\n|upkeep\n|\n|t:|1783560361\n|switch|p2a: Zangoose|Zangoose, L85, M|100/100\n|-activate|p2a: Zangoose|move: Sticky Web\n|-unboost|p2a: Zangoose|spe|1\n|turn|17\n|inactive|Time left: 300 sec this turn | 300 sec total\n|\n|t:|1783560362\n|move|p2a: Zangoose|Quick Attack|p1a: Crawdaunt\n|-damage|p1a: Crawdaunt|0 fnt\n|faint|p1a: Crawdaunt\n|\n|-status|p2a: Zangoose|tox|[from] item: Toxic Orb\n|upkeep\n|inactive|Time left: 300 sec this turn | 300 sec total | 5 sec grace\n|\n|t:|1783560362\n|switch|p1a: Cinderace|Cinderace, L77, F|249/249\n|turn|18\n|inactive|Time left: 300 sec this turn | 300 sec total\n|\n|t:|1783560363\n|move|p1a: Cinderace|High Jump Kick|p2a: Zangoose\n|-start|p1a: Cinderace|typechange|Fighting|[from] ability: Libero\n|-supereffective|p2a: Zangoose\n|-damage|p2a: Zangoose|0 fnt\n|faint|p2a: Zangoose\n|\n|upkeep\n|\n|t:|1783560364\n|switch|p2a: Probopass|Probopass, L91, F|100/100\n|-activate|p2a: Probopass|move: Sticky Web\n|-unboost|p2a: Probopass|spe|1\n|turn|19\n|inactive|Time left: 300 sec this turn | 300 sec total\n|\n|t:|1783560365\n|move|p1a: Cinderace|High Jump Kick|p2a: Probopass\n|-supereffective|p2a: Probopass\n|-damage|p2a: Probopass|0 fnt\n|faint|p2a: Probopass\n|\n|win|p0x1761a1e4", "uploadtime": 1783560365, "views": 0, "rating": 0, "private": 0, "password": null, "_winner": "p0x1761a1e4", "_our_name": "p0x1761a1e4"}