{"id": "battle-gen9randombattle-738", "formatid": "gen9randombattle", "format": "[Gen 9] Random Battle", "players": ["p0x7381da7", "p0y7389ff6"], "log": "|init|battle\n|title|p0x7381da7 vs. p0y7389ff6\n|j|\u2606p0x7381da7\n|j|\u2606p0y7389ff6\n|t:|1783548376\n|gametype|singles\n|player|p1|p0x7381da7|1|\n|player|p2|p0y7389ff6|102|\n|gen|9\n|tier|[Gen 9] Random Battle\n|rule|Species Clause: Limit one of each Pok\u00e9mon\n|rule|HP Percentage Mod: HP is shown in percentages\n|rule|Sleep Clause Mod: Limit one foe put to sleep\n|rule|Illusion Level Mod: Illusion disguises the Pok\u00e9mon's true level\n|\n|t:|1783548376\n|teamsize|p1|6\n|teamsize|p2|6\n|start\n|switch|p1a: Cyclizar|Cyclizar, L84, F|100/100\n|switch|p2a: Archaludon|Archaludon, L78, F|268/268\n|turn|1\n|inactive|Battle timer is ON: inactive players will automatically lose when time's up. (requested by p0x7381da7)\n|inactive|Time left: 300 sec this turn | 300 sec total | 60 sec grace\n|\n|t:|1783548377\n|move|p1a: Cyclizar|Shed Tail|p1a: Cyclizar\n|-start|p1a: Cyclizar|Substitute|[from] move: Shed Tail\n|-damage|p1a: Cyclizar|50/100\n|inactive|p0y7389ff6 also wants the timer to be on.\n|\n|t:|1783548379\n|switch|p1a: Ninetales|Ninetales-Alola, L78, M|100/100|[from] Shed Tail\n|-weather|Snowscape|[from] ability: Snow Warning|[of] p1a: Ninetales\n|move|p2a: Archaludon|Flash Cannon|p1a: Ninetales\n|-supereffective|p1a: Ninetales\n|-end|p1a: Ninetales|Substitute\n|\n|-weather|Snowscape|[upkeep]\n|upkeep\n|turn|2\n|inactive|Time left: 300 sec this turn | 300 sec total\n|\n|t:|1783548380\n|move|p1a: Ninetales|Aurora Veil|p1a: Ninetales\n|-sidestart|p1: p0x7381da7|move: Aurora Veil\n|move|p2a: Archaludon|Flash Cannon|p1a: Ninetales\n|-supereffective|p1a: Ninetales\n|-damage|p1a: Ninetales|29/100\n|\n|-weather|Snowscape|[upkeep]\n|upkeep\n|turn|3\n|inactive|Time left: 300 sec this turn | 300 sec total\n|\n|t:|1783548381\n|move|p1a: Ninetales|Moonblast|p2a: Archaludon\n|-damage|p2a: Archaludon|169/268\n|-unboost|p2a: Archaludon|spa|1\n|-ability|p2a: Archaludon|Stamina|boost\n|-boost|p2a: Archaludon|def|1\n|move|p2a: Archaludon|Stealth Rock|p1a: Ninetales\n|-sidestart|p1: p0x7381da7|move: Stealth Rock\n|\n|-weather|Snowscape|[upkeep]\n|-heal|p2a: Archaludon|185/268|[from] item: Leftovers\n|upkeep\n|turn|4\n|inactive|Time left: 300 sec this turn | 300 sec total\n|\n|t:|1783548382\n|move|p1a: Ninetales|Moonblast|p2a: Archaludon\n|-damage|p2a: Archaludon|82/268\n|-ability|p2a: Archaludon|Stamina|boost\n|-boost|p2a: Archaludon|def|1\n|move|p2a: Archaludon|Flash Cannon|p1a: Ninetales\n|-supereffective|p1a: Ninetales\n|-damage|p1a: Ninetales|0 fnt\n|faint|p1a: Ninetales\n|\n|-weather|Snowscape|[upkeep]\n|-heal|p2a: Archaludon|98/268|[from] item: Leftovers\n|upkeep\n|\n|t:|1783548383\n|switch|p1a: Groudon|Groudon, L72|100/100\n|-damage|p1a: Groudon|94/100|[from] Stealth Rock\n|-weather|SunnyDay|[from] ability: Drought|[of] p1a: Groudon\n|turn|5\n|inactive|Time left: 300 sec this turn | 300 sec total\n|\n|t:|1783548385\n|move|p2a: Archaludon|Body Press|p1a: Groudon\n|-damage|p1a: Groudon|74/100\n|move|p1a: Groudon|Precipice Blades|p2a: Archaludon\n|-supereffective|p2a: Archaludon\n|-damage|p2a: Archaludon|0 fnt\n|faint|p2a: Archaludon\n|\n|-weather|SunnyDay|[upkeep]\n|-heal|p1a: Groudon|80/100|[from] item: Leftovers\n|upkeep\n|inactive|Time left: 300 sec this turn | 300 sec total | 5 sec grace\n|\n|t:|1783548386\n|switch|p2a: Whiscash|Whiscash, L88, M|337/337\n|turn|6\n|inactive|Time left: 300 sec this turn | 300 sec total\n|\n|t:|1783548387\n|move|p1a: Groudon|Precipice Blades|p2a: Whiscash\n|-damage|p2a: Whiscash|180/337\n|move|p2a: Whiscash|Ice Beam|p1a: Groudon\n|-supereffective|p1a: Groudon\n|-damage|p1a: Groudon|53/100\n|\n|-weather|SunnyDay|[upkeep]\n|-heal|p1a: Groudon|59/100|[from] item: Leftovers\n|-heal|p2a: Whiscash|201/337|[from] item: Leftovers\n|upkeep\n|turn|7\n|inactive|Time left: 300 sec this turn | 300 sec total\n|\n|t:|1783548388\n|move|p1a: Groudon|Precipice Blades|p2a: Whiscash\n|-damage|p2a: Whiscash|53/337\n|move|p2a: Whiscash|Ice Beam|p1a: Groudon\n|-supereffective|p1a: Groudon\n|-damage|p1a: Groudon|34/100\n|\n|-weather|SunnyDay|[upkeep]\n|-heal|p1a: Groudon|40/100|[from] item: Leftovers\n|-heal|p2a: Whiscash|74/337|[from] item: Leftovers\n|upkeep\n|turn|8\n|inactive|Time left: 300 sec this turn | 300 sec total\n|\n|t:|1783548389\n|move|p1a: Groudon|Heat Crash|p2a: Whiscash\n|-resisted|p2a: Whiscash\n|-damage|p2a: Whiscash|3/337\n|move|p2a: Whiscash|Hydro Pump|p1a: Groudon\n|-supereffective|p1a: Groudon\n|-damage|p1a: Groudon|16/100\n|\n|-weather|SunnyDay|[upkeep]\n|-heal|p1a: Groudon|22/100|[from] item: Leftovers\n|-heal|p2a: Whiscash|24/337|[from] item: Leftovers\n|upkeep\n|turn|9\n|inactive|Time left: 300 sec this turn | 300 sec total\n|\n|t:|1783548390\n|move|p1a: Groudon|Heat Crash|p2a: Whiscash\n|-resisted|p2a: Whiscash\n|-damage|p2a: Whiscash|0 fnt\n|faint|p2a: Whiscash\n|\n|-weather|none\n|-heal|p1a: Groudon|28/100|[from] item: Leftovers\n|-sideend|p1: p0x7381da7|move: Aurora Veil\n|upkeep\n|inactive|Time left: 300 sec this turn | 300 sec total | 5 sec grace\n|\n|t:|1783548391\n|switch|p2a: Florges|Florges-Orange, L85, F|271/271\n|turn|10\n|inactive|Time left: 300 sec this turn | 300 sec total\n|\n|t:|1783548392\n|move|p2a: Florges|Moonblast|p1a: Groudon\n|-damage|p1a: Groudon|0 fnt\n|faint|p1a: Groudon\n|\n|upkeep\n|\n|t:|1783548393\n|switch|p1a: Gyarados|Gyarados, L79, M|100/100\n|turn|11\n|inactive|Time left: 300 sec this turn | 300 sec total\n|\n|t:|1783548394\n|move|p2a: Florges|Moonblast|p1a: Gyarados\n|-damage|p1a: Gyarados|59/100\n|move|p1a: Gyarados|Dragon Dance|p1a: Gyarados\n|-boost|p1a: Gyarados|atk|1\n|-boost|p1a: Gyarados|spe|1\n|\n|upkeep\n|turn|12\n|inactive|Time left: 300 sec this turn | 300 sec total\n|\n|t:|1783548395\n|switch|p2a: Corviknight|Corviknight, L80, M|288/288\n|-ability|p2a: Corviknight|Pressure\n|move|p1a: Gyarados|Waterfall|p2a: Corviknight\n|-damage|p2a: Corviknight|159/288\n|-damage|p1a: Gyarados|43/100|[from] item: Rocky Helmet|[of] p2a: Corviknight\n|\n|upkeep\n|turn|13\n|inactive|Time left: 300 sec this turn | 300 sec total\n|\n|t:|1783548396\n|move|p1a: Gyarados|Waterfall|p2a: Corviknight\n|-damage|p2a: Corviknight|23/288\n|-damage|p1a: Gyarados|27/100|[from] item: Rocky Helmet|[of] p2a: Corviknight\n|move|p2a: Corviknight|Brave Bird|p1a: Gyarados\n|-damage|p1a: Gyarados|0 fnt\n|faint|p1a: Gyarados\n|-damage|p2a: Corviknight|0 fnt|[from] Recoil\n|faint|p2a: Corviknight\n|\n|upkeep\n|inactive|Time left: 300 sec this turn | 300 sec total | 5 sec grace\n|\n|t:|1783548397\n|switch|p1a: Cyclizar|Cyclizar, L84, F|84/100\n|switch|p2a: Beartic|Beartic, L91, F|321/321\n|turn|14\n|inactive|Time left: 300 sec this turn | 300 sec total\n|\n|t:|1783548397\n|move|p1a: Cyclizar|Shed Tail|p1a: Cyclizar\n|-start|p1a: Cyclizar|Substitute|[from] move: Shed Tail\n|-damage|p1a: Cyclizar|33/100\n|\n|t:|1783548398\n|switch|p1a: Krookodile|Krookodile, L79, F|100/100|[from] Shed Tail\n|-damage|p1a: Krookodile|94/100|[from] Stealth Rock\n|-ability|p1a: Krookodile|Intimidate|boost\n|-unboost|p2a: Beartic|atk|1\n|move|p2a: Beartic|Icicle Crash|p1a: Krookodile\n|-supereffective|p1a: Krookodile\n|-end|p1a: Krookodile|Substitute\n|\n|upkeep\n|turn|15\n|inactive|Time left: 300 sec this turn | 300 sec total\n|\n|t:|1783548399\n|move|p1a: Krookodile|Earthquake|p2a: Beartic\n|-damage|p2a: Beartic|219/321\n|move|p2a: Beartic|Icicle Crash|p1a: Krookodile\n|-supereffective|p1a: Krookodile\n|-damage|p1a: Krookodile|27/100\n|\n|upkeep\n|turn|16\n|inactive|Time left: 300 sec this turn | 300 sec total\n|\n|t:|1783548400\n|switch|p2a: Brambleghast|Brambleghast, L88, M|240/240\n|move|p1a: Krookodile|Earthquake|p2a: Brambleghast\n|-resisted|p2a: Brambleghast\n|-damage|p2a: Brambleghast|175/240\n|\n|upkeep\n|turn|17\n|inactive|Time left: 300 sec this turn | 300 sec total\n|\n|t:|1783548401\n|move|p1a: Krookodile|Earthquake|p2a: Brambleghast\n|-resisted|p2a: Brambleghast\n|-damage|p2a: Brambleghast|116/240\n|move|p2a: Brambleghast|Power Whip|p1a: Krookodile\n|-supereffective|p1a: Krookodile\n|-damage|p1a: Krookodile|0 fnt\n|faint|p1a: Krookodile\n|\n|upkeep\n|\n|t:|1783548402\n|switch|p1a: Cyclizar|Cyclizar, L84, F|67/100\n|turn|18\n|inactive|Time left: 300 sec this turn | 300 sec total\n|\n|t:|1783548404\n|switch|p2a: Florges|Florges-Orange, L85, F|271/271\n|move|p1a: Cyclizar|Draco Meteor|p2a: Florges\n|-immune|p2a: Florges\n|\n|upkeep\n|turn|19\n|inactive|Time left: 300 sec this turn | 300 sec total\n|\n|t:|1783548404\n|move|p1a: Cyclizar|Shed Tail|p1a: Cyclizar\n|-start|p1a: Cyclizar|Substitute|[from] move: Shed Tail\n|-damage|p1a: Cyclizar|17/100\n|\n|t:|1783548405\n|switch|p1a: Lapras|Lapras, L87, M|100/100|[from] Shed Tail\n|-damage|p1a: Lapras|76/100|[from] Stealth Rock\n|move|p2a: Florges|Moonblast|p1a: Lapras\n|-end|p1a: Lapras|Substitute\n|\n|upkeep\n|turn|20\n|inactive|Time left: 300 sec this turn | 300 sec total\n|\n|t:|1783548406\n|move|p2a: Florges|Calm Mind|p2a: Florges\n|-boost|p2a: Florges|spa|1\n|-boost|p2a: Florges|spd|1\n|move|p1a: Lapras|Dragon Dance|p1a: Lapras\n|-boost|p1a: Lapras|atk|1\n|-boost|p1a: Lapras|spe|1\n|\n|upkeep\n|turn|21\n|inactive|Time left: 300 sec this turn | 300 sec total\n|\n|t:|1783548407\n|move|p1a: Lapras|Icicle Spear|p2a: Florges\n|-damage|p2a: Florges|223/271\n|-damage|p2a: Florges|178/271\n|-damage|p2a: Florges|132/271\n|-damage|p2a: Florges|86/271\n|-damage|p2a: Florges|41/271\n|-hitcount|p2a: Florges|5\n|move|p2a: Florges|Moonblast|p1a: Lapras\n|-damage|p1a: Lapras|30/100\n|\n|-heal|p2a: Florges|57/271|[from] item: Leftovers\n|upkeep\n|turn|22\n|inactive|Time left: 300 sec this turn | 300 sec total\n|\n|t:|1783548408\n|move|p1a: Lapras|Icicle Spear|p2a: Florges\n|-damage|p2a: Florges|12/271\n|-damage|p2a: Florges|0 fnt\n|faint|p2a: Florges\n|-hitcount|p2: Florges|2\n|\n|upkeep\n|inactive|Time left: 300 sec this turn | 300 sec total | 5 sec grace\n|\n|t:|1783548409\n|switch|p2a: Beartic|Beartic, L91, F|219/321\n|turn|23\n|inactive|Time left: 300 sec this turn | 300 sec total\n|\n|t:|1783548410\n|move|p1a: Lapras|Waterfall|p2a: Beartic\n|-damage|p2a: Beartic|104/321\n|move|p2a: Beartic|Close Combat|p1a: Lapras\n|-supereffective|p1a: Lapras\n|-damage|p1a: Lapras|0 fnt\n|-unboost|p2a: Beartic|def|1\n|-unboost|p2a: Beartic|spd|1\n|faint|p1a: Lapras\n|\n|upkeep\n|\n|t:|1783548411\n|switch|p1a: Cyclizar|Cyclizar, L84, F|50/100\n|turn|24\n|inactive|Time left: 300 sec this turn | 300 sec total\n|\n|t:|1783548412\n|move|p1a: Cyclizar|Draco Meteor|p2a: Beartic\n|-damage|p2a: Beartic|0 fnt\n|-unboost|p1a: Cyclizar|spa|2\n|faint|p2a: Beartic\n|\n|upkeep\n|inactive|Time left: 300 sec this turn | 300 sec total | 5 sec grace\n|\n|t:|1783548413\n|switch|p2a: Brambleghast|Brambleghast, L88, M|116/240\n|turn|25\n|inactive|Time left: 300 sec this turn | 300 sec total\n|\n|t:|1783548414\n|-terastallize|p2a: Brambleghast|Steel\n|move|p1a: Cyclizar|Draco Meteor|p2a: Brambleghast\n|-resisted|p2a: Brambleghast\n|-damage|p2a: Brambleghast|81/240\n|-unboost|p1a: Cyclizar|spa|2\n|move|p2a: Brambleghast|Rapid Spin|p1a: Cyclizar\n|-damage|p1a: Cyclizar|28/100\n|-boost|p2a: Brambleghast|spe|1\n|\n|upkeep\n|turn|26\n|inactive|Time left: 300 sec this turn | 300 sec total\n|\n|t:|1783548415\n|move|p2a: Brambleghast|Strength Sap|p1a: Cyclizar\n|-unboost|p1a: Cyclizar|atk|1\n|-heal|p2a: Brambleghast|240/240\n|move|p1a: Cyclizar|Rapid Spin|p2a: Brambleghast\n|-resisted|p2a: Brambleghast\n|-damage|p2a: Brambleghast|220/240\n|-boost|p1a: Cyclizar|spe|1\n|-sideend|p1: p0x7381da7|Stealth Rock|[from] move: Rapid Spin|[of] p1a: Cyclizar\n|\n|upkeep\n|turn|27\n|inactive|Time left: 300 sec this turn | 300 sec total\n|\n|t:|1783548416\n|move|p1a: Cyclizar|Rapid Spin|p2a: Brambleghast\n|-resisted|p2a: Brambleghast\n|-damage|p2a: Brambleghast|199/240\n|-boost|p1a: Cyclizar|spe|1\n|move|p2a: Brambleghast|Power Whip|p1a: Cyclizar|[miss]\n|-miss|p2a: Brambleghast|p1a: Cyclizar\n|\n|upkeep\n|turn|28\n|inactive|Time left: 300 sec this turn | 300 sec total\n|\n|t:|1783548417\n|move|p1a: Cyclizar|Rapid Spin|p2a: Brambleghast\n|-resisted|p2a: Brambleghast\n|-crit|p2a: Brambleghast\n|-damage|p2a: Brambleghast|154/240\n|-boost|p1a: Cyclizar|spe|1\n|move|p2a: Brambleghast|Power Whip|p1a: Cyclizar\n|-resisted|p1a: Cyclizar\n|-damage|p1a: Cyclizar|0 fnt\n|faint|p1a: Cyclizar\n|\n|win|p0y7389ff6", "uploadtime": 1783548417, "views": 0, "rating": 0, "private": 0, "password": null, "_winner": "p0y7389ff6", "_our_name": "p0y7389ff6"}