{"id": "battle-gen9randombattle-1989", "formatid": "gen9randombattle", "format": "[Gen 9] Random Battle", "players": ["p0x1989251b", "p0y19899bba"], "log": "|init|battle\n|title|p0x1989251b vs. p0y19899bba\n|j|\u2606p0x1989251b\n|j|\u2606p0y19899bba\n|t:|1783563011\n|gametype|singles\n|player|p1|p0x1989251b|265|\n|player|p2|p0y19899bba|101|\n|gen|9\n|tier|[Gen 9] Random Battle\n|rule|Species Clause: Limit one of each Pok\u00e9mon\n|rule|HP Percentage Mod: HP is shown in percentages\n|rule|Sleep Clause Mod: Limit one foe put to sleep\n|rule|Illusion Level Mod: Illusion disguises the Pok\u00e9mon's true level\n|\n|t:|1783563011\n|teamsize|p1|6\n|teamsize|p2|6\n|start\n|switch|p1a: Landorus|Landorus, L75, M|257/257\n|switch|p2a: Granbull|Granbull, L88, F|100/100\n|-ability|p2a: Granbull|Intimidate|boost\n|-unboost|p1a: Landorus|atk|1\n|turn|1\n|inactive|Battle timer is ON: inactive players will automatically lose when time's up. (requested by p0y19899bba)\n|inactive|Time left: 300 sec this turn | 300 sec total | 60 sec grace\n|inactive|p0x1989251b also wants the timer to be on.\n|\n|t:|1783563013\n|move|p1a: Landorus|Earth Power|p2a: Granbull\n|-damage|p2a: Granbull|42/100\n|move|p2a: Granbull|Play Rough|p1a: Landorus\n|-damage|p1a: Landorus|121/257\n|\n|-heal|p2a: Granbull|48/100|[from] item: Leftovers\n|upkeep\n|turn|2\n|inactive|Time left: 300 sec this turn | 300 sec total\n|\n|t:|1783563014\n|switch|p2a: Porygon2|Porygon2, L81|100/100\n|-ability|p2a: Porygon2|Download|boost\n|-boost|p2a: Porygon2|spa|1\n|move|p1a: Landorus|Earth Power|p2a: Porygon2\n|-damage|p2a: Porygon2|63/100\n|\n|upkeep\n|turn|3\n|inactive|Time left: 300 sec this turn | 300 sec total\n|\n|t:|1783563015\n|move|p1a: Landorus|Focus Blast|p2a: Porygon2\n|-supereffective|p2a: Porygon2\n|-damage|p2a: Porygon2|0 fnt\n|faint|p2a: Porygon2\n|\n|upkeep\n|\n|t:|1783563016\n|switch|p2a: Staraptor|Staraptor, L79, F|100/100\n|turn|4\n|inactive|Time left: 300 sec this turn | 300 sec total\n|\n|t:|1783563018\n|switch|p1a: Lanturn|Lanturn, L89, F|367/367\n|move|p2a: Staraptor|Brave Bird|p1a: Lanturn\n|-resisted|p1a: Lanturn\n|-damage|p1a: Lanturn|226/367\n|-damage|p2a: Staraptor|83/100|[from] Recoil\n|\n|-heal|p1a: Lanturn|248/367|[from] item: Leftovers\n|upkeep\n|turn|5\n|inactive|Time left: 300 sec this turn | 300 sec total\n|\n|t:|1783563019\n|switch|p2a: Flareon|Flareon, L90, F|100/100\n|move|p1a: Lanturn|Thunderbolt|p2a: Flareon\n|-damage|p2a: Flareon|73/100\n|\n|-heal|p1a: Lanturn|270/367|[from] item: Leftovers\n|-status|p2a: Flareon|tox|[from] item: Toxic Orb\n|upkeep\n|turn|6\n|inactive|Time left: 300 sec this turn | 300 sec total\n|\n|t:|1783563020\n|move|p1a: Lanturn|Scald|p2a: Flareon\n|-supereffective|p2a: Flareon\n|-damage|p2a: Flareon|29/100 tox\n|move|p2a: Flareon|Facade|p1a: Lanturn\n|-damage|p1a: Lanturn|0 fnt\n|faint|p1a: Lanturn\n|\n|-damage|p2a: Flareon|23/100 tox|[from] psn\n|upkeep\n|inactive|Time left: 300 sec this turn | 300 sec total | 5 sec grace\n|\n|t:|1783563021\n|switch|p1a: Galvantula|Galvantula, L82, F|249/249\n|turn|7\n|inactive|Time left: 300 sec this turn | 300 sec total\n|\n|t:|1783563022\n|move|p1a: Galvantula|Thunder|p2a: Flareon\n|-damage|p2a: Flareon|0 fnt\n|faint|p2a: Flareon\n|\n|upkeep\n|\n|t:|1783563023\n|switch|p2a: Metagross|Metagross, L79|100/100\n|turn|8\n|inactive|Time left: 300 sec this turn | 300 sec total\n|\n|t:|1783563024\n|move|p1a: Galvantula|Sticky Web|p2a: Metagross\n|-sidestart|p2: p0y19899bba|move: Sticky Web\n|move|p2a: Metagross|Psychic Fangs|p1a: Galvantula\n|-damage|p1a: Galvantula|111/249\n|\n|upkeep\n|turn|9\n|inactive|Time left: 300 sec this turn | 300 sec total\n|\n|t:|1783563025\n|move|p1a: Galvantula|Volt Switch|p2a: Metagross\n|-damage|p2a: Metagross|70/100\n|inactive|Time left: 300 sec this turn | 300 sec total | 5 sec grace\n|\n|t:|1783563026\n|switch|p1a: Honchkrow|Honchkrow, L86, F|312/312|[from] Volt Switch\n|move|p2a: Metagross|Knock Off|p1a: Honchkrow\n|-resisted|p1a: Honchkrow\n|-damage|p1a: Honchkrow|257/312\n|-enditem|p1a: Honchkrow|Heavy-Duty Boots|[from] move: Knock Off|[of] p2a: Metagross\n|\n|-heal|p2a: Metagross|76/100|[from] item: Leftovers\n|upkeep\n|turn|10\n|inactive|Time left: 300 sec this turn | 300 sec total\n|\n|t:|1783563027\n|move|p1a: Honchkrow|Lash Out|p2a: Metagross\n|-supereffective|p2a: Metagross\n|-damage|p2a: Metagross|15/100\n|move|p2a: Metagross|Heavy Slam|p1a: Honchkrow\n|-damage|p1a: Honchkrow|64/312\n|\n|-heal|p2a: Metagross|21/100|[from] item: Leftovers\n|upkeep\n|turn|11\n|inactive|Time left: 300 sec this turn | 300 sec total\n|\n|t:|1783563029\n|move|p1a: Honchkrow|Lash Out|p2a: Metagross\n|-supereffective|p2a: Metagross\n|-damage|p2a: Metagross|0 fnt\n|faint|p2a: Metagross\n|-ability|p1a: Honchkrow|Moxie|boost\n|-boost|p1a: Honchkrow|atk|1\n|\n|upkeep\n|\n|t:|1783563029\n|switch|p2a: Regieleki|Regieleki, L79|100/100\n|-activate|p2a: Regieleki|move: Sticky Web\n|-unboost|p2a: Regieleki|spe|1\n|turn|12\n|inactive|Time left: 300 sec this turn | 300 sec total\n|\n|t:|1783563030\n|-terastallize|p1a: Honchkrow|Dark\n|move|p1a: Honchkrow|Sucker Punch|p2a: Regieleki\n|-damage|p2a: Regieleki|0 fnt\n|faint|p2a: Regieleki\n|-ability|p1a: Honchkrow|Moxie|boost\n|-boost|p1a: Honchkrow|atk|1\n|\n|upkeep\n|\n|t:|1783563031\n|switch|p2a: Staraptor|Staraptor, L79, F|83/100\n|turn|13\n|inactive|Time left: 300 sec this turn | 300 sec total\n|\n|t:|1783563032\n|switch|p2a: Granbull|Granbull, L88, F|48/100\n|-activate|p2a: Granbull|move: Sticky Web\n|-unboost|p2a: Granbull|spe|1\n|-ability|p2a: Granbull|Intimidate|boost\n|-unboost|p1a: Honchkrow|atk|1\n|move|p1a: Honchkrow|Sucker Punch||[still]\n|-fail|p1a: Honchkrow\n|\n|-heal|p2a: Granbull|54/100|[from] item: Leftovers\n|upkeep\n|turn|14\n|inactive|Time left: 300 sec this turn | 300 sec total\n|\n|t:|1783563033\n|switch|p2a: Staraptor|Staraptor, L79, F|83/100\n|move|p1a: Honchkrow|Brave Bird|p2a: Staraptor\n|-damage|p2a: Staraptor|0 fnt\n|faint|p2a: Staraptor\n|-ability|p1a: Honchkrow|Moxie|boost\n|-boost|p1a: Honchkrow|atk|1\n|-damage|p1a: Honchkrow|0 fnt|[from] Recoil\n|faint|p1a: Honchkrow\n|\n|upkeep\n|inactive|Time left: 300 sec this turn | 300 sec total | 5 sec grace\n|\n|t:|1783563033\n|switch|p2a: Granbull|Granbull, L88, F|54/100\n|switch|p1a: Landorus|Landorus, L75, M|121/257\n|-activate|p2a: Granbull|move: Sticky Web\n|-unboost|p2a: Granbull|spe|1\n|-ability|p2a: Granbull|Intimidate|boost\n|-unboost|p1a: Landorus|atk|1\n|turn|15\n|inactive|Time left: 300 sec this turn | 300 sec total\n|\n|t:|1783563034\n|-terastallize|p2a: Granbull|Ground\n|move|p1a: Landorus|Earth Power|p2a: Granbull\n|-damage|p2a: Granbull|0 fnt\n|faint|p2a: Granbull\n|\n|win|p0x1989251b", "uploadtime": 1783563034, "views": 0, "rating": 0, "private": 0, "password": null, "_winner": "p0x1989251b", "_our_name": "p0x1989251b"}