{"id": "battle-gen9randombattle-2034", "formatid": "gen9randombattle", "format": "[Gen 9] Random Battle", "players": ["p0x2034710f", "p0y2034bfef"], "log": "|init|battle\n|title|p0x2034710f vs. p0y2034bfef\n|j|\u2606p0x2034710f\n|j|\u2606p0y2034bfef\n|t:|1783563562\n|gametype|singles\n|player|p1|p0x2034710f|266|\n|player|p2|p0y2034bfef|1|\n|gen|9\n|tier|[Gen 9] Random Battle\n|rule|Species Clause: Limit one of each Pok\u00e9mon\n|rule|HP Percentage Mod: HP is shown in percentages\n|rule|Sleep Clause Mod: Limit one foe put to sleep\n|rule|Illusion Level Mod: Illusion disguises the Pok\u00e9mon's true level\n|\n|t:|1783563562\n|teamsize|p1|6\n|teamsize|p2|6\n|start\n|switch|p1a: Yanmega|Yanmega, L82, M|100/100\n|switch|p2a: Wo-Chien|Wo-Chien, L83|277/277\n|-ability|p2a: Wo-Chien|Tablets of Ruin\n|turn|1\n|inactive|Battle timer is ON: inactive players will automatically lose when time's up. (requested by p0x2034710f)\n|inactive|Time left: 300 sec this turn | 300 sec total | 60 sec grace\n|inactive|p0y2034bfef also wants the timer to be on.\n|\n|t:|1783563563\n|switch|p2a: Ceruledge|Ceruledge, L78, F|245/245\n|move|p1a: Yanmega|Bug Buzz|p2a: Ceruledge\n|-resisted|p2a: Ceruledge\n|-damage|p2a: Ceruledge|171/245\n|\n|upkeep\n|turn|2\n|inactive|Time left: 300 sec this turn | 300 sec total\n|\n|t:|1783563564\n|switch|p1a: Overqwil|Overqwil, L82, F|100/100\n|-ability|p1a: Overqwil|Intimidate|boost\n|-unboost|p2a: Ceruledge|atk|1\n|move|p2a: Ceruledge|Bitter Blade|p1a: Overqwil\n|-damage|p1a: Overqwil|75/100\n|-heal|p2a: Ceruledge|206/245|[from] drain|[of] p1a: Overqwil\n|\n|upkeep\n|turn|3\n|inactive|Time left: 300 sec this turn | 300 sec total\n|\n|t:|1783563565\n|move|p1a: Overqwil|Swords Dance|p1a: Overqwil\n|-boost|p1a: Overqwil|atk|2\n|move|p2a: Ceruledge|Swords Dance|p2a: Ceruledge\n|-boost|p2a: Ceruledge|atk|2\n|\n|upkeep\n|turn|4\n|inactive|Time left: 300 sec this turn | 300 sec total\n|\n|t:|1783563566\n|move|p1a: Overqwil|Liquidation|p2a: Ceruledge\n|-supereffective|p2a: Ceruledge\n|-damage|p2a: Ceruledge|0 fnt\n|faint|p2a: Ceruledge\n|-damage|p1a: Overqwil|65/100|[from] item: Life Orb\n|\n|upkeep\n|inactive|Time left: 300 sec this turn | 300 sec total | 5 sec grace\n|\n|t:|1783563567\n|switch|p2a: Palkia|Palkia, L75|259/259\n|-ability|p2a: Palkia|Pressure\n|turn|5\n|inactive|Time left: 300 sec this turn | 300 sec total\n|\n|t:|1783563568\n|move|p2a: Palkia|Draco Meteor|p1a: Overqwil\n|-damage|p1a: Overqwil|0 fnt\n|-unboost|p2a: Palkia|spa|2\n|faint|p1a: Overqwil\n|\n|upkeep\n|\n|t:|1783563569\n|switch|p1a: Yanmega|Yanmega, L82, M|100/100\n|turn|6\n|inactive|Time left: 300 sec this turn | 300 sec total\n|\n|t:|1783563570\n|switch|p2a: Dragalge|Dragalge, L88, M|258/258\n|move|p1a: Yanmega|Bug Buzz|p2a: Dragalge\n|-resisted|p2a: Dragalge\n|-damage|p2a: Dragalge|142/258\n|\n|upkeep\n|turn|7\n|inactive|Time left: 300 sec this turn | 300 sec total\n|\n|t:|1783563571\n|-terastallize|p1a: Yanmega|Bug\n|move|p1a: Yanmega|Bug Buzz|p2a: Dragalge\n|-resisted|p2a: Dragalge\n|-damage|p2a: Dragalge|2/258\n|move|p2a: Dragalge|Draco Meteor|p1a: Yanmega\n|-damage|p1a: Yanmega|0 fnt\n|-unboost|p2a: Dragalge|spa|2\n|faint|p1a: Yanmega\n|\n|upkeep\n|\n|t:|1783563572\n|switch|p1a: Komala|Komala, L87, F|100/100\n|-ability|p1a: Komala|Comatose\n|turn|8\n|inactive|Time left: 300 sec this turn | 300 sec total\n|\n|t:|1783563573\n|switch|p2a: Medicham|Medicham, L86, M|243/243\n|move|p1a: Komala|Rapid Spin|p2a: Medicham\n|-damage|p2a: Medicham|176/243\n|-boost|p1a: Komala|spe|1\n|\n|upkeep\n|turn|9\n|inactive|Time left: 300 sec this turn | 300 sec total\n|\n|t:|1783563574\n|switch|p1a: Calyrex|Calyrex-Shadow, L64|100/100\n|-ability|p1a: Calyrex|As One\n|-ability|p1a: Calyrex|Unnerve\n|move|p2a: Medicham|Close Combat|p1a: Calyrex\n|-immune|p1a: Calyrex\n|\n|upkeep\n|turn|10\n|inactive|Time left: 300 sec this turn | 300 sec total\n|\n|t:|1783563574\n|switch|p2a: Wo-Chien|Wo-Chien, L83|277/277\n|-ability|p2a: Wo-Chien|Tablets of Ruin\n|move|p1a: Calyrex|Astral Barrage|p2a: Wo-Chien\n|-resisted|p2a: Wo-Chien\n|-damage|p2a: Wo-Chien|213/277\n|\n|-heal|p2a: Wo-Chien|230/277|[from] item: Leftovers\n|upkeep\n|turn|11\n|inactive|Time left: 300 sec this turn | 300 sec total\n|\n|t:|1783563575\n|switch|p1a: Komala|Komala, L87, F|100/100\n|-ability|p1a: Komala|Comatose\n|move|p2a: Wo-Chien|Knock Off|p1a: Komala\n|-damage|p1a: Komala|60/100\n|-enditem|p1a: Komala|Assault Vest|[from] move: Knock Off|[of] p2a: Wo-Chien\n|\n|-heal|p2a: Wo-Chien|247/277|[from] item: Leftovers\n|upkeep\n|turn|12\n|inactive|Time left: 300 sec this turn | 300 sec total\n|\n|t:|1783563576\n|move|p2a: Wo-Chien|Ruination|p1a: Komala\n|-damage|p1a: Komala|30/100\n|move|p1a: Komala|U-turn|p2a: Wo-Chien\n|-supereffective|p2a: Wo-Chien\n|-damage|p2a: Wo-Chien|83/277\n|\n|t:|1783563576\n|switch|p1a: Espeon|Espeon, L84, F|100/100|[from] U-turn\n|\n|-heal|p2a: Wo-Chien|100/277|[from] item: Leftovers\n|upkeep\n|turn|13\n|inactive|Time left: 300 sec this turn | 300 sec total\n|\n|t:|1783563577\n|-terastallize|p2a: Wo-Chien|Poison\n|move|p1a: Espeon|Alluring Voice|p2a: Wo-Chien\n|-resisted|p2a: Wo-Chien\n|-damage|p2a: Wo-Chien|70/277\n|-damage|p1a: Espeon|91/100|[from] item: Life Orb\n|move|p2a: Wo-Chien|Knock Off|p1a: Espeon\n|-supereffective|p1a: Espeon\n|-crit|p1a: Espeon\n|-damage|p1a: Espeon|0 fnt\n|-enditem|p1a: Espeon|Life Orb|[from] move: Knock Off|[of] p2a: Wo-Chien\n|faint|p1a: Espeon\n|\n|-heal|p2a: Wo-Chien|87/277|[from] item: Leftovers\n|upkeep\n|\n|t:|1783563578\n|switch|p1a: Calyrex|Calyrex-Shadow, L64|100/100\n|-ability|p1a: Calyrex|As One\n|-ability|p1a: Calyrex|Unnerve\n|turn|14\n|inactive|Time left: 300 sec this turn | 300 sec total\n|\n|t:|1783563578\n|switch|p2a: Dragalge|Dragalge, L88, M|2/258\n|move|p1a: Calyrex|Astral Barrage|p2a: Dragalge\n|-damage|p2a: Dragalge|0 fnt\n|faint|p2a: Dragalge\n|-ability|p1a: Calyrex|Grim Neigh|boost\n|-boost|p1a: Calyrex|spa|1\n|\n|upkeep\n|inactive|Time left: 300 sec this turn | 300 sec total | 5 sec grace\n|\n|t:|1783563579\n|switch|p2a: Palkia|Palkia, L75|259/259\n|-ability|p2a: Palkia|Pressure\n|turn|15\n|inactive|Time left: 300 sec this turn | 300 sec total\n|\n|t:|1783563580\n|move|p2a: Palkia|Spacial Rend|p1a: Calyrex\n|-damage|p1a: Calyrex|44/100\n|move|p1a: Calyrex|Astral Barrage|p2a: Palkia\n|-damage|p2a: Palkia|25/259\n|\n|upkeep\n|turn|16\n|inactive|Time left: 300 sec this turn | 300 sec total\n|\n|t:|1783563581\n|switch|p1a: Quagsire|Quagsire, L84, M|100/100\n|move|p2a: Palkia|Spacial Rend|p1a: Quagsire|[miss]\n|-miss|p2a: Palkia|p1a: Quagsire\n|\n|upkeep\n|turn|17\n|inactive|Time left: 300 sec this turn | 300 sec total\n|\n|t:|1783563582\n|move|p2a: Palkia|Spacial Rend|p1a: Quagsire\n|-damage|p1a: Quagsire|47/100\n|move|p1a: Quagsire|Recover|p1a: Quagsire\n|-heal|p1a: Quagsire|97/100\n|\n|-heal|p1a: Quagsire|100/100|[from] item: Leftovers\n|upkeep\n|turn|18\n|inactive|Time left: 300 sec this turn | 300 sec total\n|\n|t:|1783563583\n|move|p2a: Palkia|Spacial Rend|p1a: Quagsire\n|-damage|p1a: Quagsire|47/100\n|move|p1a: Quagsire|Earthquake|p2a: Palkia\n|-damage|p2a: Palkia|0 fnt\n|faint|p2a: Palkia\n|\n|-heal|p1a: Quagsire|53/100|[from] item: Leftovers\n|upkeep\n|inactive|Time left: 300 sec this turn | 300 sec total | 5 sec grace\n|\n|t:|1783563584\n|switch|p2a: Wo-Chien|Wo-Chien, L83, tera:Poison|87/277\n|-ability|p2a: Wo-Chien|Tablets of Ruin\n|turn|19\n|inactive|Time left: 300 sec this turn | 300 sec total\n|\n|t:|1783563585\n|move|p2a: Wo-Chien|Giga Drain|p1a: Quagsire\n|-supereffective|p1a: Quagsire\n|-damage|p1a: Quagsire|0 fnt\n|-heal|p2a: Wo-Chien|165/277|[from] drain|[of] p1a: Quagsire\n|faint|p1a: Quagsire\n|\n|-heal|p2a: Wo-Chien|182/277|[from] item: Leftovers\n|upkeep\n|\n|t:|1783563586\n|switch|p1a: Komala|Komala, L87, F|30/100\n|-ability|p1a: Komala|Comatose\n|turn|20\n|inactive|Time left: 300 sec this turn | 300 sec total\n|\n|t:|1783563587\n|move|p2a: Wo-Chien|Giga Drain|p1a: Komala\n|-damage|p1a: Komala|1/100\n|-heal|p2a: Wo-Chien|220/277|[from] drain|[of] p1a: Komala\n|move|p1a: Komala|Body Slam|p2a: Wo-Chien\n|-damage|p2a: Wo-Chien|150/277\n|\n|-heal|p2a: Wo-Chien|167/277|[from] item: Leftovers\n|upkeep\n|turn|21\n|inactive|Time left: 300 sec this turn | 300 sec total\n|\n|t:|1783563588\n|move|p2a: Wo-Chien|Knock Off|p1a: Komala\n|-damage|p1a: Komala|0 fnt\n|faint|p1a: Komala\n|\n|-heal|p2a: Wo-Chien|184/277|[from] item: Leftovers\n|upkeep\n|\n|t:|1783563589\n|switch|p1a: Calyrex|Calyrex-Shadow, L64|44/100\n|-ability|p1a: Calyrex|As One\n|-ability|p1a: Calyrex|Unnerve\n|turn|22\n|inactive|Time left: 300 sec this turn | 300 sec total\n|\n|t:|1783563590\n|move|p1a: Calyrex|Psyshock|p2a: Wo-Chien\n|-supereffective|p2a: Wo-Chien\n|-damage|p2a: Wo-Chien|0 fnt\n|faint|p2a: Wo-Chien\n|-ability|p1a: Calyrex|Grim Neigh|boost\n|-boost|p1a: Calyrex|spa|1\n|\n|upkeep\n|inactive|Time left: 300 sec this turn | 300 sec total | 5 sec grace\n|\n|t:|1783563591\n|switch|p2a: Dedenne|Dedenne, L88, M|261/261\n|turn|23\n|inactive|Time left: 300 sec this turn | 300 sec total\n|\n|t:|1783563592\n|move|p1a: Calyrex|Psyshock|p2a: Dedenne\n|-damage|p2a: Dedenne|57/261\n|move|p2a: Dedenne|Thunderbolt|p1a: Calyrex\n|-damage|p1a: Calyrex|0 fnt\n|-enditem|p2a: Dedenne|Sitrus Berry|[eat]\n|-heal|p2a: Dedenne|122/261|[from] item: Sitrus Berry\n|-heal|p2a: Dedenne|209/261|[from] ability: Cheek Pouch\n|faint|p1a: Calyrex\n|\n|win|p0y2034bfef", "uploadtime": 1783563592, "views": 0, "rating": 0, "private": 0, "password": null, "_winner": "p0y2034bfef", "_our_name": "p0y2034bfef"}