{"id": "battle-gen9randombattle-2114", "formatid": "gen9randombattle", "format": "[Gen 9] Random Battle", "players": ["p0x21142b83", "p0y211435aa"], "log": "|init|battle\n|title|p0x21142b83 vs. p0y211435aa\n|j|\u2606p0x21142b83\n|j|\u2606p0y211435aa\n|t:|1783563674\n|gametype|singles\n|player|p1|p0x21142b83|265|\n|player|p2|p0y211435aa|169|\n|gen|9\n|tier|[Gen 9] Random Battle\n|rule|Species Clause: Limit one of each Pok\u00e9mon\n|rule|HP Percentage Mod: HP is shown in percentages\n|rule|Sleep Clause Mod: Limit one foe put to sleep\n|rule|Illusion Level Mod: Illusion disguises the Pok\u00e9mon's true level\n|\n|t:|1783563674\n|teamsize|p1|6\n|teamsize|p2|6\n|start\n|switch|p1a: Empoleon|Empoleon, L84, F|278/278\n|switch|p2a: Calyrex|Calyrex-Shadow, L64|100/100\n|-ability|p2a: Calyrex|As One\n|-ability|p2a: Calyrex|Unnerve\n|turn|1\n|inactive|Battle timer is ON: inactive players will automatically lose when time's up. (requested by p0y211435aa)\n|inactive|Time left: 300 sec this turn | 300 sec total | 60 sec grace\n|inactive|p0x21142b83 also wants the timer to be on.\n|\n|t:|1783563676\n|move|p2a: Calyrex|Nasty Plot|p2a: Calyrex\n|-boost|p2a: Calyrex|spa|2\n|move|p1a: Empoleon|Knock Off|p2a: Calyrex\n|-supereffective|p2a: Calyrex\n|-damage|p2a: Calyrex|0 fnt\n|-enditem|p2a: Calyrex|Life Orb|[from] move: Knock Off|[of] p1a: Empoleon\n|faint|p2a: Calyrex\n|\n|upkeep\n|\n|t:|1783563677\n|switch|p2a: Leavanny|Leavanny, L86, M|100/100\n|turn|2\n|inactive|Time left: 300 sec this turn | 300 sec total\n|\n|t:|1783563678\n|move|p2a: Leavanny|Sticky Web|p1a: Empoleon\n|-sidestart|p1: p0x21142b83|move: Sticky Web\n|move|p1a: Empoleon|Knock Off|p2a: Leavanny\n|-damage|p2a: Leavanny|78/100\n|-enditem|p2a: Leavanny|Heavy-Duty Boots|[from] move: Knock Off|[of] p1a: Empoleon\n|\n|upkeep\n|turn|3\n|inactive|Time left: 300 sec this turn | 300 sec total\n|\n|t:|1783563679\n|move|p2a: Leavanny|Knock Off|p1a: Empoleon\n|-damage|p1a: Empoleon|201/278\n|-enditem|p1a: Empoleon|Leftovers|[from] move: Knock Off|[of] p2a: Leavanny\n|move|p1a: Empoleon|Stealth Rock|p2a: Leavanny\n|-sidestart|p2: p0y211435aa|move: Stealth Rock\n|\n|upkeep\n|turn|4\n|inactive|Time left: 300 sec this turn | 300 sec total\n|\n|t:|1783563680\n|move|p2a: Leavanny|Leaf Blade|p1a: Empoleon\n|-damage|p1a: Empoleon|90/278\n|move|p1a: Empoleon|Roost|p1a: Empoleon\n|-heal|p1a: Empoleon|229/278\n|-singleturn|p1a: Empoleon|move: Roost\n|\n|upkeep\n|turn|5\n|inactive|Time left: 300 sec this turn | 300 sec total\n|\n|t:|1783563681\n|move|p2a: Leavanny|Leaf Blade|p1a: Empoleon\n|-damage|p1a: Empoleon|117/278\n|move|p1a: Empoleon|Surf|p2a: Leavanny\n|-resisted|p2a: Leavanny\n|-damage|p2a: Leavanny|57/100\n|\n|upkeep\n|turn|6\n|inactive|Time left: 300 sec this turn | 300 sec total\n|\n|t:|1783563682\n|move|p2a: Leavanny|Leaf Blade|p1a: Empoleon\n|-damage|p1a: Empoleon|15/278\n|move|p1a: Empoleon|Roost|p1a: Empoleon\n|-heal|p1a: Empoleon|154/278\n|-singleturn|p1a: Empoleon|move: Roost\n|\n|upkeep\n|turn|7\n|inactive|Time left: 300 sec this turn | 300 sec total\n|\n|t:|1783563683\n|move|p2a: Leavanny|Leaf Blade|p1a: Empoleon\n|-damage|p1a: Empoleon|57/278\n|move|p1a: Empoleon|Roost|p1a: Empoleon\n|-heal|p1a: Empoleon|196/278\n|-singleturn|p1a: Empoleon|move: Roost\n|\n|upkeep\n|turn|8\n|inactive|Time left: 300 sec this turn | 300 sec total\n|\n|t:|1783563684\n|move|p2a: Leavanny|Leaf Blade|p1a: Empoleon\n|-damage|p1a: Empoleon|85/278\n|move|p1a: Empoleon|Roost|p1a: Empoleon\n|-heal|p1a: Empoleon|224/278\n|-singleturn|p1a: Empoleon|move: Roost\n|\n|upkeep\n|turn|9\n|inactive|Time left: 300 sec this turn | 300 sec total\n|\n|t:|1783563685\n|move|p2a: Leavanny|Leaf Blade|p1a: Empoleon\n|-damage|p1a: Empoleon|121/278\n|move|p1a: Empoleon|Surf|p2a: Leavanny\n|-resisted|p2a: Leavanny\n|-damage|p2a: Leavanny|37/100\n|\n|upkeep\n|turn|10\n|inactive|Time left: 300 sec this turn | 300 sec total\n|\n|t:|1783563686\n|move|p2a: Leavanny|Leaf Blade|p1a: Empoleon\n|-damage|p1a: Empoleon|22/278\n|move|p1a: Empoleon|Roost|p1a: Empoleon\n|-heal|p1a: Empoleon|161/278\n|-singleturn|p1a: Empoleon|move: Roost\n|\n|upkeep\n|turn|11\n|inactive|Time left: 300 sec this turn | 300 sec total\n|\n|t:|1783563687\n|move|p2a: Leavanny|Leaf Blade|p1a: Empoleon\n|-damage|p1a: Empoleon|56/278\n|move|p1a: Empoleon|Roost|p1a: Empoleon\n|-heal|p1a: Empoleon|195/278\n|-singleturn|p1a: Empoleon|move: Roost\n|\n|upkeep\n|turn|12\n|inactive|Time left: 300 sec this turn | 300 sec total\n|\n|t:|1783563689\n|move|p2a: Leavanny|Leaf Blade|p1a: Empoleon\n|-damage|p1a: Empoleon|83/278\n|move|p1a: Empoleon|Roost|p1a: Empoleon\n|-heal|p1a: Empoleon|222/278\n|-singleturn|p1a: Empoleon|move: Roost\n|\n|upkeep\n|turn|13\n|inactive|Time left: 300 sec this turn | 300 sec total\n|\n|t:|1783563690\n|move|p2a: Leavanny|Leaf Blade|p1a: Empoleon\n|-crit|p1a: Empoleon\n|-damage|p1a: Empoleon|62/278\n|move|p1a: Empoleon|Surf|p2a: Leavanny\n|-resisted|p2a: Leavanny\n|-damage|p2a: Leavanny|17/100\n|\n|upkeep\n|turn|14\n|inactive|Time left: 300 sec this turn | 300 sec total\n|\n|t:|1783563691\n|move|p2a: Leavanny|Lunge|p1a: Empoleon\n|-resisted|p1a: Empoleon\n|-damage|p1a: Empoleon|0 fnt\n|faint|p1a: Empoleon\n|\n|upkeep\n|inactive|Time left: 300 sec this turn | 300 sec total | 5 sec grace\n|\n|t:|1783563692\n|switch|p1a: Tornadus|Tornadus, L82, M|264/264\n|turn|15\n|inactive|Time left: 300 sec this turn | 300 sec total\n|\n|t:|1783563693\n|move|p1a: Tornadus|Bleakwind Storm|p2a: Leavanny\n|-supereffective|p2a: Leavanny\n|-damage|p2a: Leavanny|0 fnt\n|faint|p2a: Leavanny\n|\n|upkeep\n|\n|t:|1783563694\n|switch|p2a: Golurk|Golurk, L87|100/100\n|-damage|p2a: Golurk|94/100|[from] Stealth Rock\n|turn|16\n|inactive|Time left: 300 sec this turn | 300 sec total\n|\n|t:|1783563695\n|switch|p1a: Porygon2|Porygon2, L81|270/270\n|-activate|p1a: Porygon2|move: Sticky Web\n|-unboost|p1a: Porygon2|spe|1\n|-ability|p1a: Porygon2|Download|boost\n|-boost|p1a: Porygon2|spa|1\n|move|p2a: Golurk|Poltergeist|p1a: Porygon2\n|-immune|p1a: Porygon2\n|\n|upkeep\n|turn|17\n|inactive|Time left: 300 sec this turn | 300 sec total\n|\n|t:|1783563696\n|move|p2a: Golurk|Poltergeist|p1a: Porygon2\n|-immune|p1a: Porygon2\n|move|p1a: Porygon2|Shadow Ball|p2a: Golurk\n|-supereffective|p2a: Golurk\n|-damage|p2a: Golurk|37/100\n|\n|upkeep\n|turn|18\n|inactive|Time left: 300 sec this turn | 300 sec total\n|\n|t:|1783563697\n|move|p2a: Golurk|Poltergeist|p1a: Porygon2\n|-immune|p1a: Porygon2\n|move|p1a: Porygon2|Shadow Ball|p2a: Golurk\n|-supereffective|p2a: Golurk\n|-damage|p2a: Golurk|0 fnt\n|faint|p2a: Golurk\n|\n|upkeep\n|\n|t:|1783563698\n|switch|p2a: Eelektross|Eelektross, L87, M|100/100\n|-damage|p2a: Eelektross|88/100|[from] Stealth Rock\n|turn|19\n|inactive|Time left: 300 sec this turn | 300 sec total\n|\n|t:|1783563699\n|move|p2a: Eelektross|Coil|p2a: Eelektross\n|-boost|p2a: Eelektross|atk|1\n|-boost|p2a: Eelektross|def|1\n|-boost|p2a: Eelektross|accuracy|1\n|move|p1a: Porygon2|Tera Blast|p2a: Eelektross\n|-damage|p2a: Eelektross|40/100\n|\n|-heal|p2a: Eelektross|46/100|[from] item: Leftovers\n|upkeep\n|turn|20\n|inactive|Time left: 300 sec this turn | 300 sec total\n|\n|t:|1783563700\n|-terastallize|p1a: Porygon2|Fairy\n|move|p2a: Eelektross|Drain Punch|p1a: Porygon2\n|-resisted|p1a: Porygon2\n|-damage|p1a: Porygon2|237/270\n|-heal|p2a: Eelektross|52/100|[from] drain|[of] p1a: Porygon2\n|move|p1a: Porygon2|Tera Blast|p2a: Eelektross|[anim] Tera Blast Fairy\n|-damage|p2a: Eelektross|9/100\n|\n|-heal|p2a: Eelektross|16/100|[from] item: Leftovers\n|upkeep\n|turn|21\n|inactive|Time left: 300 sec this turn | 300 sec total\n|\n|t:|1783563701\n|move|p2a: Eelektross|Supercell Slam|p1a: Porygon2\n|-damage|p1a: Porygon2|96/270\n|move|p1a: Porygon2|Tera Blast|p2a: Eelektross|[anim] Tera Blast Fairy\n|-damage|p2a: Eelektross|0 fnt\n|faint|p2a: Eelektross\n|\n|upkeep\n|\n|t:|1783563702\n|switch|p2a: Qwilfish|Qwilfish, L86, F|100/100\n|-ability|p2a: Qwilfish|Intimidate|boost\n|-unboost|p1a: Porygon2|atk|1\n|turn|22\n|inactive|Time left: 300 sec this turn | 300 sec total\n|\n|t:|1783563703\n|move|p2a: Qwilfish|Gunk Shot|p1a: Porygon2\n|-supereffective|p1a: Porygon2\n|-damage|p1a: Porygon2|0 fnt\n|faint|p1a: Porygon2\n|\n|upkeep\n|inactive|Time left: 300 sec this turn | 300 sec total | 5 sec grace\n|\n|t:|1783563704\n|switch|p1a: Rampardos|Rampardos, L90, F|321/321\n|-activate|p1a: Rampardos|move: Sticky Web\n|-unboost|p1a: Rampardos|spe|1\n|turn|23\n|inactive|Time left: 300 sec this turn | 300 sec total\n|\n|t:|1783563705\n|move|p2a: Qwilfish|Flip Turn|p1a: Rampardos\n|-supereffective|p1a: Rampardos\n|-damage|p1a: Rampardos|163/321\n|\n|t:|1783563706\n|switch|p2a: Noivern|Noivern, L82, F|100/100|[from] Flip Turn\n|move|p1a: Rampardos|Head Smash|p2a: Noivern|[miss]\n|-miss|p1a: Rampardos|p2a: Noivern\n|\n|upkeep\n|turn|24\n|inactive|Time left: 300 sec this turn | 300 sec total\n|\n|t:|1783563707\n|move|p2a: Noivern|Draco Meteor|p1a: Rampardos\n|-damage|p1a: Rampardos|0 fnt\n|-unboost|p2a: Noivern|spa|2\n|faint|p1a: Rampardos\n|\n|upkeep\n|inactive|Time left: 300 sec this turn | 300 sec total | 5 sec grace\n|\n|t:|1783563708\n|switch|p1a: Tornadus|Tornadus, L82, M|264/264\n|turn|25\n|inactive|Time left: 300 sec this turn | 300 sec total\n|\n|t:|1783563709\n|switch|p2a: Qwilfish|Qwilfish, L86, F|100/100\n|-ability|p2a: Qwilfish|Intimidate|boost\n|-unboost|p1a: Tornadus|atk|1\n|move|p1a: Tornadus|Nasty Plot|p1a: Tornadus\n|-boost|p1a: Tornadus|spa|2\n|\n|upkeep\n|turn|26\n|inactive|Time left: 300 sec this turn | 300 sec total\n|\n|t:|1783563710\n|move|p1a: Tornadus|Bleakwind Storm|p2a: Qwilfish|[miss]\n|-miss|p1a: Tornadus|p2a: Qwilfish\n|move|p2a: Qwilfish|Gunk Shot|p1a: Tornadus\n|-damage|p1a: Tornadus|96/264\n|\n|upkeep\n|turn|27\n|inactive|Time left: 300 sec this turn | 300 sec total\n|\n|t:|1783563711\n|move|p1a: Tornadus|Bleakwind Storm|p2a: Qwilfish\n|-damage|p2a: Qwilfish|0 fnt\n|faint|p2a: Qwilfish\n|\n|upkeep\n|\n|t:|1783563712\n|switch|p2a: Noivern|Noivern, L82, F|100/100\n|turn|28\n|inactive|Time left: 300 sec this turn | 300 sec total\n|\n|t:|1783563714\n|move|p2a: Noivern|Hurricane|p1a: Tornadus\n|-damage|p1a: Tornadus|0 fnt\n|faint|p1a: Tornadus\n|\n|upkeep\n|inactive|Time left: 300 sec this turn | 300 sec total | 5 sec grace\n|\n|t:|1783563714\n|switch|p1a: Muk|Muk-Alola, L82, M|306/306\n|-activate|p1a: Muk|move: Sticky Web\n|-unboost|p1a: Muk|spe|1\n|turn|29\n|inactive|Time left: 300 sec this turn | 300 sec total\n|\n|t:|1783563715\n|move|p2a: Noivern|Flamethrower|p1a: Muk\n|-damage|p1a: Muk|268/306\n|move|p1a: Muk|Knock Off|p2a: Noivern\n|-damage|p2a: Noivern|60/100\n|-enditem|p2a: Noivern|Heavy-Duty Boots|[from] move: Knock Off|[of] p1a: Muk\n|\n|upkeep\n|turn|30\n|inactive|Time left: 300 sec this turn | 300 sec total\n|\n|t:|1783563716\n|move|p2a: Noivern|Roost|p2a: Noivern\n|-heal|p2a: Noivern|100/100\n|-singleturn|p2a: Noivern|move: Roost\n|move|p1a: Muk|Poison Jab|p2a: Noivern\n|-damage|p2a: Noivern|68/100\n|-status|p2a: Noivern|psn\n|\n|-damage|p2a: Noivern|56/100 psn|[from] psn\n|upkeep\n|turn|31\n|inactive|Time left: 300 sec this turn | 300 sec total\n|\n|t:|1783563717\n|move|p2a: Noivern|Roost|p2a: Noivern\n|-heal|p2a: Noivern|100/100 psn\n|-singleturn|p2a: Noivern|move: Roost\n|move|p1a: Muk|Poison Jab|p2a: Noivern\n|-damage|p2a: Noivern|63/100 psn\n|\n|-damage|p2a: Noivern|51/100 psn|[from] psn\n|upkeep\n|turn|32\n|inactive|Time left: 300 sec this turn | 300 sec total\n|\n|t:|1783563718\n|move|p2a: Noivern|Roost|p2a: Noivern\n|-heal|p2a: Noivern|100/100 psn\n|-singleturn|p2a: Noivern|move: Roost\n|move|p1a: Muk|Poison Jab|p2a: Noivern\n|-damage|p2a: Noivern|63/100 psn\n|\n|-damage|p2a: Noivern|51/100 psn|[from] psn\n|upkeep\n|turn|33\n|inactive|Time left: 300 sec this turn | 300 sec total\n|\n|t:|1783563719\n|move|p2a: Noivern|Roost|p2a: Noivern\n|-heal|p2a: Noivern|100/100 psn\n|-singleturn|p2a: Noivern|move: Roost\n|move|p1a: Muk|Poison Jab|p2a: Noivern\n|-damage|p2a: Noivern|69/100 psn\n|\n|-damage|p2a: Noivern|56/100 psn|[from] psn\n|upkeep\n|turn|34\n|inactive|Time left: 300 sec this turn | 300 sec total\n|\n|t:|1783563720\n|move|p2a: Noivern|Roost|p2a: Noivern\n|-heal|p2a: Noivern|100/100 psn\n|-singleturn|p2a: Noivern|move: Roost\n|move|p1a: Muk|Poison Jab|p2a: Noivern\n|-damage|p2a: Noivern|66/100 psn\n|\n|-damage|p2a: Noivern|54/100 psn|[from] psn\n|upkeep\n|turn|35\n|inactive|Time left: 300 sec this turn | 300 sec total\n|\n|t:|1783563721\n|move|p2a: Noivern|Roost|p2a: Noivern\n|-heal|p2a: Noivern|100/100 psn\n|-singleturn|p2a: Noivern|move: Roost\n|move|p1a: Muk|Poison Jab|p2a: Noivern\n|-damage|p2a: Noivern|69/100 psn\n|\n|-damage|p2a: Noivern|57/100 psn|[from] psn\n|upkeep\n|turn|36\n|inactive|Time left: 300 sec this turn | 300 sec total\n|\n|t:|1783563722\n|move|p2a: Noivern|Roost|p2a: Noivern\n|-heal|p2a: Noivern|100/100 psn\n|-singleturn|p2a: Noivern|move: Roost\n|move|p1a: Muk|Poison Jab|p2a: Noivern\n|-damage|p2a: Noivern|68/100 psn\n|\n|-damage|p2a: Noivern|55/100 psn|[from] psn\n|upkeep\n|turn|37\n|inactive|Time left: 300 sec this turn | 300 sec total\n|\n|t:|1783563723\n|move|p2a: Noivern|Hurricane|p1a: Muk\n|-damage|p1a: Muk|193/306\n|move|p1a: Muk|Poison Jab|p2a: Noivern\n|-damage|p2a: Noivern|21/100 psn\n|\n|-damage|p2a: Noivern|9/100 psn|[from] psn\n|upkeep\n|turn|38\n|inactive|Time left: 300 sec this turn | 300 sec total\n|\n|t:|1783563724\n|-terastallize|p2a: Noivern|Fire\n|move|p2a: Noivern|Roost|p2a: Noivern\n|-heal|p2a: Noivern|59/100 psn\n|move|p1a: Muk|Knock Off|p2a: Noivern\n|-damage|p2a: Noivern|32/100 psn\n|\n|-damage|p2a: Noivern|20/100 psn|[from] psn\n|upkeep\n|turn|39\n|inactive|Time left: 300 sec this turn | 300 sec total\n|\n|t:|1783563725\n|move|p2a: Noivern|Flamethrower|p1a: Muk\n|-damage|p1a: Muk|133/306\n|move|p1a: Muk|Poison Jab|p2a: Noivern\n|-damage|p2a: Noivern|0 fnt\n|faint|p2a: Noivern\n|\n|win|p0x21142b83", "uploadtime": 1783563725, "views": 0, "rating": 0, "private": 0, "password": null, "_winner": "p0x21142b83", "_our_name": "p0x21142b83"}