{"id": "battle-gen9randombattle-239", "formatid": "gen9randombattle", "format": "[Gen 9] Random Battle", "players": ["p0x239e95b", "p0y239291b"], "log": "|init|battle\n|title|p0x239e95b vs. p0y239291b\n|j|\u2606p0x239e95b\n|j|\u2606p0y239291b\n|t:|1783542346\n|gametype|singles\n|player|p1|p0x239e95b|265|\n|player|p2|p0y239291b|266|\n|gen|9\n|tier|[Gen 9] Random Battle\n|rule|Species Clause: Limit one of each Pok\u00e9mon\n|rule|HP Percentage Mod: HP is shown in percentages\n|rule|Sleep Clause Mod: Limit one foe put to sleep\n|rule|Illusion Level Mod: Illusion disguises the Pok\u00e9mon's true level\n|\n|t:|1783542346\n|teamsize|p1|6\n|teamsize|p2|6\n|start\n|switch|p1a: Ogerpon|Ogerpon, L80, F|100/100\n|switch|p2a: Minun|Minun, L95, M|268/268\n|turn|1\n|inactive|Battle timer is ON: inactive players will automatically lose when time's up. (requested by p0y239291b)\n|\n|t:|1783542348\n|switch|p2a: Armarouge|Armarouge, L80, M|267/267\n|move|p1a: Ogerpon|Knock Off|p2a: Armarouge\n|-supereffective|p2a: Armarouge\n|-damage|p2a: Armarouge|135/267\n|-ability|p2a: Armarouge|Weak Armor|boost\n|-unboost|p2a: Armarouge|def|1\n|-boost|p2a: Armarouge|spe|2\n|-enditem|p2a: Armarouge|Power Herb|[from] move: Knock Off|[of] p1a: Ogerpon\n|\n|upkeep\n|turn|2\n|inactive|Time left: 300 sec this turn | 300 sec total\n|inactive|p0x239e95b also wants the timer to be on.\n|\n|t:|1783542349\n|switch|p1a: Probopass|Probopass, L91, M|100/100\n|move|p2a: Armarouge|Armor Cannon|p1a: Probopass\n|-damage|p1a: Probopass|69/100\n|-unboost|p2a: Armarouge|def|1\n|-unboost|p2a: Armarouge|spd|1\n|\n|-heal|p1a: Probopass|75/100|[from] item: Leftovers\n|upkeep\n|turn|3\n|inactive|Time left: 300 sec this turn | 300 sec total\n|\n|t:|1783542350\n|move|p2a: Armarouge|Armor Cannon|p1a: Probopass\n|-damage|p1a: Probopass|41/100\n|-unboost|p2a: Armarouge|def|1\n|-unboost|p2a: Armarouge|spd|1\n|move|p1a: Probopass|Body Press|p2a: Armarouge\n|-resisted|p2a: Armarouge\n|-damage|p2a: Armarouge|19/267\n|-ability|p2a: Armarouge|Weak Armor|boost\n|-unboost|p2a: Armarouge|def|1\n|-boost|p2a: Armarouge|spe|2\n|\n|-heal|p1a: Probopass|47/100|[from] item: Leftovers\n|upkeep\n|turn|4\n|inactive|Time left: 300 sec this turn | 300 sec total\n|\n|t:|1783542351\n|move|p2a: Armarouge|Armor Cannon|p1a: Probopass\n|-damage|p1a: Probopass|12/100\n|-unboost|p2a: Armarouge|def|1\n|-unboost|p2a: Armarouge|spd|1\n|move|p1a: Probopass|Flash Cannon|p2a: Armarouge\n|-resisted|p2a: Armarouge\n|-damage|p2a: Armarouge|0 fnt\n|faint|p2a: Armarouge\n|\n|-heal|p1a: Probopass|18/100|[from] item: Leftovers\n|upkeep\n|inactive|Time left: 300 sec this turn | 300 sec total | 5 sec grace\n|\n|t:|1783542352\n|switch|p2a: Cloyster|Cloyster, L80, M|211/211\n|turn|5\n|inactive|Time left: 300 sec this turn | 300 sec total\n|\n|t:|1783542353\n|move|p2a: Cloyster|Hydro Pump|p1a: Probopass\n|-supereffective|p1a: Probopass\n|-damage|p1a: Probopass|0 fnt\n|faint|p1a: Probopass\n|\n|upkeep\n|\n|t:|1783542354\n|switch|p1a: Deoxys|Deoxys-Attack, L72|100/100\n|-ability|p1a: Deoxys|Pressure\n|turn|6\n|inactive|Time left: 300 sec this turn | 300 sec total\n|\n|t:|1783542356\n|move|p1a: Deoxys|Psycho Boost|p2a: Cloyster\n|-damage|p2a: Cloyster|0 fnt\n|-unboost|p1a: Deoxys|spa|2\n|faint|p2a: Cloyster\n|-damage|p1a: Deoxys|91/100|[from] item: Life Orb\n|\n|upkeep\n|inactive|Time left: 300 sec this turn | 300 sec total | 5 sec grace\n|\n|t:|1783542356\n|switch|p2a: Rillaboom|Rillaboom, L79, F|288/288\n|-fieldstart|move: Grassy Terrain|[from] ability: Grassy Surge|[of] p2a: Rillaboom\n|turn|7\n|inactive|Time left: 300 sec this turn | 300 sec total\n|\n|t:|1783542357\n|switch|p1a: Weezing|Weezing, L88, M|100/100\n|move|p2a: Rillaboom|Swords Dance|p2a: Rillaboom\n|-boost|p2a: Rillaboom|atk|2\n|\n|upkeep\n|turn|8\n|inactive|Time left: 300 sec this turn | 300 sec total\n|\n|t:|1783542358\n|move|p2a: Rillaboom|Knock Off|p1a: Weezing\n|-damage|p1a: Weezing|45/100\n|-enditem|p1a: Weezing|Leftovers|[from] move: Knock Off|[of] p2a: Rillaboom\n|-damage|p2a: Rillaboom|260/288|[from] item: Life Orb\n|move|p1a: Weezing|Sludge Bomb|p2a: Rillaboom\n|-supereffective|p2a: Rillaboom\n|-damage|p2a: Rillaboom|18/288\n|\n|-heal|p2a: Rillaboom|36/288|[from] Grassy Terrain\n|upkeep\n|turn|9\n|inactive|Time left: 300 sec this turn | 300 sec total\n|\n|t:|1783542359\n|move|p2a: Rillaboom|Wood Hammer|p1a: Weezing\n|-resisted|p1a: Weezing\n|-damage|p1a: Weezing|0 fnt\n|faint|p1a: Weezing\n|-damage|p2a: Rillaboom|0 fnt|[from] Recoil\n|faint|p2a: Rillaboom\n|\n|upkeep\n|inactive|Time left: 300 sec this turn | 300 sec total | 5 sec grace\n|\n|t:|1783542360\n|switch|p2a: Sawsbuck|Sawsbuck-Summer, L88, M|284/284\n|switch|p1a: Florges|Florges, L85, F|100/100\n|turn|10\n|inactive|Time left: 300 sec this turn | 300 sec total\n|\n|t:|1783542361\n|move|p2a: Sawsbuck|Swords Dance|p2a: Sawsbuck\n|-boost|p2a: Sawsbuck|atk|2\n|move|p1a: Florges|Moonblast|p2a: Sawsbuck\n|-damage|p2a: Sawsbuck|163/284\n|\n|-heal|p2a: Sawsbuck|180/284|[from] Grassy Terrain\n|upkeep\n|turn|11\n|inactive|Time left: 300 sec this turn | 300 sec total\n|\n|t:|1783542362\n|move|p1a: Florges|Protect|p1a: Florges\n|-singleturn|p1a: Florges|Protect\n|move|p2a: Sawsbuck|Horn Leech|p1a: Florges\n|-activate|p1a: Florges|move: Protect\n|\n|-heal|p2a: Sawsbuck|197/284|[from] Grassy Terrain\n|-fieldend|move: Grassy Terrain\n|upkeep\n|turn|12\n|inactive|Time left: 300 sec this turn | 300 sec total\n|\n|t:|1783542363\n|-terastallize|p1a: Florges|Steel\n|move|p2a: Sawsbuck|Horn Leech|p1a: Florges\n|-resisted|p1a: Florges\n|-damage|p1a: Florges|51/100\n|-heal|p2a: Sawsbuck|264/284|[from] drain|[of] p1a: Florges\n|-damage|p2a: Sawsbuck|236/284|[from] item: Life Orb\n|move|p1a: Florges|Moonblast|p2a: Sawsbuck\n|-damage|p2a: Sawsbuck|104/284\n|\n|-heal|p1a: Florges|57/100|[from] item: Leftovers\n|upkeep\n|turn|13\n|inactive|Time left: 300 sec this turn | 300 sec total\n|\n|t:|1783542364\n|move|p2a: Sawsbuck|Headbutt|p1a: Florges\n|-resisted|p1a: Florges\n|-damage|p1a: Florges|13/100\n|-damage|p2a: Sawsbuck|76/284|[from] item: Life Orb\n|cant|p1a: Florges|flinch\n|\n|-heal|p1a: Florges|19/100|[from] item: Leftovers\n|upkeep\n|turn|14\n|inactive|Time left: 300 sec this turn | 300 sec total\n|\n|t:|1783542365\n|move|p2a: Sawsbuck|Horn Leech|p1a: Florges\n|-resisted|p1a: Florges\n|-damage|p1a: Florges|0 fnt\n|-heal|p2a: Sawsbuck|101/284|[from] drain|[of] p1a: Florges\n|faint|p1a: Florges\n|-damage|p2a: Sawsbuck|73/284|[from] item: Life Orb\n|\n|upkeep\n|\n|t:|1783542366\n|switch|p1a: Ogerpon|Ogerpon, L80, F|100/100\n|turn|15\n|inactive|Time left: 300 sec this turn | 300 sec total\n|\n|t:|1783542367\n|switch|p2a: Gliscor|Gliscor, L76, M|239/239\n|move|p1a: Ogerpon|Knock Off|p2a: Gliscor\n|-damage|p2a: Gliscor|176/239\n|-enditem|p2a: Gliscor|Toxic Orb|[from] move: Knock Off|[of] p1a: Ogerpon\n|\n|upkeep\n|turn|16\n|inactive|Time left: 300 sec this turn | 300 sec total\n|\n|t:|1783542369\n|move|p1a: Ogerpon|Ivy Cudgel|p2a: Gliscor\n|-damage|p2a: Gliscor|74/239\n|move|p2a: Gliscor|Knock Off|p1a: Ogerpon\n|-damage|p1a: Ogerpon|79/100\n|-enditem|p1a: Ogerpon|Heavy-Duty Boots|[from] move: Knock Off|[of] p2a: Gliscor\n|\n|upkeep\n|turn|17\n|inactive|Time left: 300 sec this turn | 300 sec total\n|\n|t:|1783542370\n|move|p2a: Gliscor|Protect|p2a: Gliscor\n|-singleturn|p2a: Gliscor|Protect\n|move|p1a: Ogerpon|Ivy Cudgel|p2a: Gliscor\n|-activate|p2a: Gliscor|move: Protect\n|\n|upkeep\n|turn|18\n|inactive|Time left: 300 sec this turn | 300 sec total\n|\n|t:|1783542371\n|move|p2a: Gliscor|Protect|p2a: Gliscor\n|-singleturn|p2a: Gliscor|Protect\n|move|p1a: Ogerpon|Ivy Cudgel|p2a: Gliscor\n|-activate|p2a: Gliscor|move: Protect\n|\n|upkeep\n|turn|19\n|inactive|Time left: 300 sec this turn | 300 sec total\n|\n|t:|1783542372\n|move|p1a: Ogerpon|Ivy Cudgel|p2a: Gliscor\n|-damage|p2a: Gliscor|0 fnt\n|faint|p2a: Gliscor\n|\n|upkeep\n|inactive|Time left: 300 sec this turn | 300 sec total | 5 sec grace\n|\n|t:|1783542374\n|switch|p2a: Minun|Minun, L95, M|268/268\n|turn|20\n|inactive|Time left: 300 sec this turn | 300 sec total\n|\n|t:|1783542375\n|move|p2a: Minun|Nasty Plot|p2a: Minun\n|-boost|p2a: Minun|spa|2\n|move|p1a: Ogerpon|Ivy Cudgel|p2a: Minun\n|-damage|p2a: Minun|115/268\n|\n|upkeep\n|turn|21\n|inactive|Time left: 300 sec this turn | 300 sec total\n|\n|t:|1783542376\n|switch|p2a: Sawsbuck|Sawsbuck-Summer, L88, M|73/284\n|move|p1a: Ogerpon|Ivy Cudgel|p2a: Sawsbuck\n|-resisted|p2a: Sawsbuck\n|-damage|p2a: Sawsbuck|7/284\n|\n|upkeep\n|turn|22\n|inactive|Time left: 300 sec this turn | 300 sec total\n|\n|t:|1783542377\n|move|p1a: Ogerpon|Ivy Cudgel|p2a: Sawsbuck\n|-resisted|p2a: Sawsbuck\n|-damage|p2a: Sawsbuck|0 fnt\n|faint|p2a: Sawsbuck\n|\n|upkeep\n|inactive|Time left: 300 sec this turn | 300 sec total | 5 sec grace\n|\n|t:|1783542378\n|switch|p2a: Minun|Minun, L95, M|115/268\n|turn|23\n|inactive|Time left: 300 sec this turn | 300 sec total\n|\n|t:|1783542379\n|-terastallize|p2a: Minun|Electric\n|move|p2a: Minun|Thunderbolt|p1a: Ogerpon\n|-resisted|p1a: Ogerpon\n|-damage|p1a: Ogerpon|46/100\n|-damage|p2a: Minun|89/268|[from] item: Life Orb\n|move|p1a: Ogerpon|Ivy Cudgel|p2a: Minun\n|-damage|p2a: Minun|0 fnt\n|faint|p2a: Minun\n|\n|win|p0x239e95b", "uploadtime": 1783542379, "views": 0, "rating": 0, "private": 0, "password": null, "_winner": "p0x239e95b", "_our_name": "p0y239291b"}