{"id": "battle-gen9randombattle-2636", "formatid": "gen9randombattle", "format": "[Gen 9] Random Battle", "players": ["p0x2636ac62", "p0y2636a05d"], "log": "|init|battle\n|title|p0x2636ac62 vs. p0y2636a05d\n|j|\u2606p0x2636ac62\n|j|\u2606p0y2636a05d\n|t:|1783569431\n|gametype|singles\n|player|p1|p0x2636ac62|169|\n|player|p2|p0y2636a05d|1|\n|gen|9\n|tier|[Gen 9] Random Battle\n|rule|Species Clause: Limit one of each Pok\u00e9mon\n|rule|HP Percentage Mod: HP is shown in percentages\n|rule|Sleep Clause Mod: Limit one foe put to sleep\n|rule|Illusion Level Mod: Illusion disguises the Pok\u00e9mon's true level\n|\n|t:|1783569431\n|teamsize|p1|6\n|teamsize|p2|6\n|start\n|switch|p1a: Ribombee|Ribombee, L83, F|100/100\n|switch|p2a: Mabosstiff|Mabosstiff, L86, M|278/278\n|turn|1\n|inactive|Battle timer is ON: inactive players will automatically lose when time's up. (requested by p0y2636a05d)\n|inactive|p0x2636ac62 also wants the timer to be on.\n|\n|t:|1783569432\n|move|p2a: Mabosstiff|Crunch|p1a: Ribombee\n|-resisted|p1a: Ribombee\n|-crit|p1a: Ribombee\n|-damage|p1a: Ribombee|58/100\n|move|p1a: Ribombee|Sticky Web|p2a: Mabosstiff\n|-sidestart|p2: p0y2636a05d|move: Sticky Web\n|\n|upkeep\n|turn|2\n|inactive|Time left: 300 sec this turn | 300 sec total\n|\n|t:|1783569433\n|move|p2a: Mabosstiff|Crunch|p1a: Ribombee\n|-resisted|p1a: Ribombee\n|-damage|p1a: Ribombee|30/100\n|move|p1a: Ribombee|Moonblast|p2a: Mabosstiff\n|-supereffective|p2a: Mabosstiff\n|-damage|p2a: Mabosstiff|48/278\n|-unboost|p2a: Mabosstiff|spa|1\n|\n|upkeep\n|turn|3\n|inactive|Time left: 300 sec this turn | 300 sec total\n|\n|t:|1783569434\n|move|p2a: Mabosstiff|Crunch|p1a: Ribombee\n|-resisted|p1a: Ribombee\n|-damage|p1a: Ribombee|0 fnt\n|faint|p1a: Ribombee\n|\n|upkeep\n|\n|t:|1783569435\n|switch|p1a: Morpeko|Morpeko, L88, F|100/100\n|turn|4\n|inactive|Time left: 300 sec this turn | 300 sec total\n|\n|t:|1783569436\n|move|p2a: Mabosstiff|Crunch|p1a: Morpeko\n|-resisted|p1a: Morpeko\n|-damage|p1a: Morpeko|72/100\n|move|p1a: Morpeko|Aura Wheel|p2a: Mabosstiff\n|-damage|p2a: Mabosstiff|0 fnt\n|-boost|p1a: Morpeko|spe|1\n|faint|p2a: Mabosstiff\n|\n|-formechange|p1a: Morpeko|Morpeko-Hangry||[from] ability: Hunger Switch\n|upkeep\n|inactive|Time left: 300 sec this turn | 300 sec total | 5 sec grace\n|\n|t:|1783569437\n|switch|p2a: Malamar|Malamar, L82, F|275/275\n|-activate|p2a: Malamar|move: Sticky Web\n|-boost|p2a: Malamar|spe|1\n|turn|5\n|inactive|Time left: 300 sec this turn | 300 sec total\n|\n|t:|1783569438\n|move|p1a: Morpeko|Protect|p1a: Morpeko\n|-singleturn|p1a: Morpeko|Protect\n|move|p2a: Malamar|Superpower|p1a: Morpeko\n|-activate|p1a: Morpeko|move: Protect\n|\n|-formechange|p1a: Morpeko|Morpeko||[from] ability: Hunger Switch\n|upkeep\n|turn|6\n|inactive|Time left: 300 sec this turn | 300 sec total\n|\n|t:|1783569439\n|-terastallize|p1a: Morpeko|Electric\n|move|p1a: Morpeko|Aura Wheel|p2a: Malamar\n|-damage|p2a: Malamar|117/275\n|-boost|p1a: Morpeko|spe|1\n|move|p2a: Malamar|Superpower|p1a: Morpeko\n|-damage|p1a: Morpeko|32/100\n|-boost|p2a: Malamar|atk|1\n|-boost|p2a: Malamar|def|1\n|\n|-heal|p2a: Malamar|134/275|[from] item: Leftovers\n|upkeep\n|turn|7\n|inactive|Time left: 300 sec this turn | 300 sec total\n|\n|t:|1783569440\n|move|p1a: Morpeko|Aura Wheel|p2a: Malamar\n|-damage|p2a: Malamar|26/275\n|-boost|p1a: Morpeko|spe|1\n|move|p2a: Malamar|Superpower|p1a: Morpeko\n|-damage|p1a: Morpeko|0 fnt\n|-boost|p2a: Malamar|atk|1\n|-boost|p2a: Malamar|def|1\n|faint|p1a: Morpeko\n|\n|-heal|p2a: Malamar|43/275|[from] item: Leftovers\n|upkeep\n|\n|t:|1783569441\n|switch|p1a: Tauros|Tauros-Paldea-Blaze, L81, M|100/100\n|-ability|p1a: Tauros|Intimidate|boost\n|-boost|p2a: Malamar|atk|1\n|turn|8\n|inactive|Time left: 300 sec this turn | 300 sec total\n|\n|t:|1783569442\n|move|p2a: Malamar|Rest|p2a: Malamar\n|-status|p2a: Malamar|slp|[from] move: Rest\n|-heal|p2a: Malamar|275/275 slp|[silent]\n|move|p1a: Tauros|Close Combat|p2a: Malamar\n|-damage|p2a: Malamar|169/275 slp\n|-unboost|p1a: Tauros|def|1\n|-unboost|p1a: Tauros|spd|1\n|\n|-heal|p2a: Malamar|186/275 slp|[from] item: Leftovers\n|upkeep\n|turn|9\n|inactive|Time left: 300 sec this turn | 300 sec total\n|\n|t:|1783569443\n|cant|p2a: Malamar|slp\n|move|p2a: Malamar|Sleep Talk|p2a: Malamar\n|move|p2a: Malamar|Rest||[from] move: Sleep Talk|[still]\n|-fail|p2a: Malamar\n|move|p1a: Tauros|Close Combat|p2a: Malamar\n|-damage|p2a: Malamar|84/275 slp\n|-unboost|p1a: Tauros|def|1\n|-unboost|p1a: Tauros|spd|1\n|\n|-heal|p2a: Malamar|101/275 slp|[from] item: Leftovers\n|upkeep\n|turn|10\n|inactive|Time left: 300 sec this turn | 300 sec total\n|\n|t:|1783569444\n|cant|p2a: Malamar|slp\n|move|p2a: Malamar|Sleep Talk|p2a: Malamar\n|move|p2a: Malamar|Rest||[from] move: Sleep Talk|[still]\n|-fail|p2a: Malamar\n|move|p1a: Tauros|Close Combat|p2a: Malamar\n|-damage|p2a: Malamar|0 fnt\n|-unboost|p1a: Tauros|def|1\n|-unboost|p1a: Tauros|spd|1\n|faint|p2a: Malamar\n|\n|upkeep\n|inactive|Time left: 300 sec this turn | 300 sec total | 5 sec grace\n|\n|t:|1783569445\n|switch|p2a: Polteageist|Polteageist-Antique, L78|222/222\n|-activate|p2a: Polteageist|move: Sticky Web\n|-unboost|p2a: Polteageist|spe|1\n|-enditem|p2a: Polteageist|White Herb\n|-clearnegativeboost|p2a: Polteageist|[silent]\n|turn|11\n|inactive|Time left: 300 sec this turn | 300 sec total\n|\n|t:|1783569446\n|switch|p1a: Chimecho|Chimecho, L93, M|100/100\n|move|p2a: Polteageist|Shell Smash|p2a: Polteageist\n|-unboost|p2a: Polteageist|def|1\n|-unboost|p2a: Polteageist|spd|1\n|-boost|p2a: Polteageist|atk|2\n|-boost|p2a: Polteageist|spa|2\n|-boost|p2a: Polteageist|spe|2\n|\n|upkeep\n|turn|12\n|inactive|Time left: 300 sec this turn | 300 sec total\n|\n|t:|1783569447\n|move|p2a: Polteageist|Shadow Ball|p1a: Chimecho\n|-resisted|p1a: Chimecho\n|-damage|p1a: Chimecho|44/100\n|replace|p1a: Zoroark|Zoroark, L83, M\n|-end|p1a: Zoroark|Illusion\n|-hint|Illusion Level Mod is active, so this Pok\u00e9mon's true level was hidden.\n|move|p1a: Zoroark|Dark Pulse|p2a: Polteageist\n|-supereffective|p2a: Polteageist\n|-damage|p2a: Polteageist|0 fnt\n|faint|p2a: Polteageist\n|\n|upkeep\n|inactive|Time left: 300 sec this turn | 300 sec total | 5 sec grace\n|\n|t:|1783569448\n|switch|p2a: Beartic|Beartic, L91, F|321/321\n|-activate|p2a: Beartic|move: Sticky Web\n|-unboost|p2a: Beartic|spe|1\n|turn|13\n|inactive|Time left: 300 sec this turn | 300 sec total\n|\n|t:|1783569449\n|move|p1a: Zoroark|Dark Pulse|p2a: Beartic\n|-damage|p2a: Beartic|171/321\n|move|p2a: Beartic|Icicle Crash|p1a: Zoroark\n|-damage|p1a: Zoroark|0 fnt\n|faint|p1a: Zoroark\n|\n|upkeep\n|\n|t:|1783569450\n|switch|p1a: Rampardos|Rampardos, L90, M|100/100\n|turn|14\n|inactive|Time left: 300 sec this turn | 300 sec total\n|\n|t:|1783569451\n|move|p1a: Rampardos|Fire Punch|p2a: Beartic\n|-supereffective|p2a: Beartic\n|-damage|p2a: Beartic|0 fnt\n|faint|p2a: Beartic\n|\n|upkeep\n|inactive|Time left: 300 sec this turn | 300 sec total | 5 sec grace\n|\n|t:|1783569451\n|switch|p2a: Leavanny|Leavanny, L86, M|269/269\n|-activate|p2a: Leavanny|move: Sticky Web\n|-unboost|p2a: Leavanny|spe|1\n|turn|15\n|inactive|Time left: 300 sec this turn | 300 sec total\n|\n|t:|1783569452\n|-terastallize|p2a: Leavanny|Ghost\n|move|p1a: Rampardos|Fire Punch|p2a: Leavanny\n|-damage|p2a: Leavanny|103/269\n|move|p2a: Leavanny|Bullet Seed|p1a: Rampardos\n|-supereffective|p1a: Rampardos\n|-damage|p1a: Rampardos|78/100\n|-supereffective|p1a: Rampardos\n|-damage|p1a: Rampardos|57/100\n|-supereffective|p1a: Rampardos\n|-damage|p1a: Rampardos|33/100\n|-supereffective|p1a: Rampardos\n|-damage|p1a: Rampardos|11/100\n|-supereffective|p1a: Rampardos\n|-damage|p1a: Rampardos|0 fnt\n|faint|p1a: Rampardos\n|-hitcount|p1: Rampardos|5\n|\n|upkeep\n|\n|t:|1783569453\n|switch|p1a: Tauros|Tauros-Paldea-Blaze, L81, M|100/100\n|-ability|p1a: Tauros|Intimidate|boost\n|-unboost|p2a: Leavanny|atk|1\n|turn|16\n|inactive|Time left: 300 sec this turn | 300 sec total\n|\n|t:|1783569454\n|move|p1a: Tauros|Flare Blitz|p2a: Leavanny\n|-damage|p2a: Leavanny|0 fnt\n|faint|p2a: Leavanny\n|-damage|p1a: Tauros|87/100|[from] Recoil\n|\n|upkeep\n|inactive|Time left: 300 sec this turn | 300 sec total | 5 sec grace\n|\n|t:|1783569455\n|switch|p2a: Brambleghast|Brambleghast, L88, F|240/240\n|-activate|p2a: Brambleghast|move: Sticky Web\n|-unboost|p2a: Brambleghast|spe|1\n|turn|17\n|inactive|Time left: 300 sec this turn | 300 sec total\n|\n|t:|1783569456\n|move|p1a: Tauros|Flare Blitz|p2a: Brambleghast\n|-supereffective|p2a: Brambleghast\n|-damage|p2a: Brambleghast|0 fnt\n|faint|p2a: Brambleghast\n|-damage|p1a: Tauros|56/100|[from] Recoil\n|\n|win|p0x2636ac62", "uploadtime": 1783569456, "views": 0, "rating": 0, "private": 0, "password": null, "_winner": "p0x2636ac62", "_our_name": "p0y2636a05d"}