{"id": "battle-gen9randombattle-2236", "formatid": "gen9randombattle", "format": "[Gen 9] Random Battle", "players": ["p0x22366e27", "p0y2236a30f"], "log": "|init|battle\n|title|p0x22366e27 vs. p0y2236a30f\n|j|\u2606p0x22366e27\n|j|\u2606p0y2236a30f\n|t:|1783565924\n|gametype|singles\n|player|p1|p0x22366e27|169|\n|player|p2|p0y2236a30f|265|\n|gen|9\n|tier|[Gen 9] Random Battle\n|rule|Species Clause: Limit one of each Pok\u00e9mon\n|rule|HP Percentage Mod: HP is shown in percentages\n|rule|Sleep Clause Mod: Limit one foe put to sleep\n|rule|Illusion Level Mod: Illusion disguises the Pok\u00e9mon's true level\n|\n|t:|1783565924\n|teamsize|p1|6\n|teamsize|p2|6\n|start\n|switch|p1a: Indeedee|Indeedee-F, L90, F|100/100\n|switch|p2a: Giratina|Giratina, L75|349/349\n|-fieldstart|move: Psychic Terrain|[from] ability: Psychic Surge|[of] p1a: Indeedee\n|-ability|p2a: Giratina|Pressure\n|turn|1\n|inactive|Battle timer is ON: inactive players will automatically lose when time's up. (requested by p0x22366e27)\n|inactive|Time left: 300 sec this turn | 300 sec total | 60 sec grace\n|inactive|p0y2236a30f also wants the timer to be on.\n|\n|t:|1783565926\n|move|p1a: Indeedee|Psychic|p2a: Giratina\n|-damage|p2a: Giratina|181/349\n|-damage|p1a: Indeedee|91/100|[from] item: Life Orb\n|move|p2a: Giratina|Dragon Tail|p1a: Indeedee\n|-damage|p1a: Indeedee|69/100\n|drag|p1a: Vaporeon|Vaporeon, L86, F|100/100\n|\n|-heal|p2a: Giratina|202/349|[from] item: Leftovers\n|upkeep\n|turn|2\n|inactive|Time left: 300 sec this turn | 300 sec total\n|\n|t:|1783565927\n|move|p2a: Giratina|Rest|p2a: Giratina\n|-status|p2a: Giratina|slp|[from] move: Rest\n|-heal|p2a: Giratina|349/349 slp|[silent]\n|move|p1a: Vaporeon|Scald|p2a: Giratina\n|-resisted|p2a: Giratina\n|-damage|p2a: Giratina|308/349 slp\n|\n|-heal|p2a: Giratina|329/349 slp|[from] item: Leftovers\n|upkeep\n|turn|3\n|inactive|Time left: 300 sec this turn | 300 sec total\n|\n|t:|1783565928\n|switch|p2a: Bombirdier|Bombirdier, L85, M|258/258\n|move|p1a: Vaporeon|Scald|p2a: Bombirdier\n|-damage|p2a: Bombirdier|162/258\n|\n|upkeep\n|turn|4\n|inactive|Time left: 300 sec this turn | 300 sec total\n|\n|t:|1783565929\n|move|p2a: Bombirdier|Knock Off|p1a: Vaporeon\n|-damage|p1a: Vaporeon|43/100\n|-enditem|p1a: Vaporeon|Leftovers|[from] move: Knock Off|[of] p2a: Bombirdier\n|move|p1a: Vaporeon|Scald|p2a: Bombirdier\n|-damage|p2a: Bombirdier|59/258\n|\n|upkeep\n|turn|5\n|inactive|Time left: 300 sec this turn | 300 sec total\n|\n|t:|1783565931\n|move|p2a: Bombirdier|Knock Off|p1a: Vaporeon\n|-damage|p1a: Vaporeon|3/100\n|move|p1a: Vaporeon|Scald|p2a: Bombirdier\n|-damage|p2a: Bombirdier|0 fnt\n|faint|p2a: Bombirdier\n|\n|-fieldend|move: Psychic Terrain\n|upkeep\n|inactive|Time left: 300 sec this turn | 300 sec total | 5 sec grace\n|\n|t:|1783565932\n|switch|p2a: Entei|Entei, L78|307/307\n|turn|6\n|inactive|Time left: 300 sec this turn | 300 sec total\n|\n|t:|1783565933\n|switch|p1a: Carbink|Carbink, L90|100/100\n|move|p2a: Entei|Sacred Fire|p1a: Carbink\n|-resisted|p1a: Carbink\n|-damage|p1a: Carbink|79/100\n|-status|p1a: Carbink|brn\n|\n|-damage|p1a: Carbink|73/100 brn|[from] brn\n|upkeep\n|turn|7\n|inactive|Time left: 300 sec this turn | 300 sec total\n|\n|t:|1783565934\n|move|p2a: Entei|Sacred Fire|p1a: Carbink\n|-resisted|p1a: Carbink\n|-damage|p1a: Carbink|52/100 brn\n|move|p1a: Carbink|Rest|p1a: Carbink\n|-status|p1a: Carbink|slp|[from] move: Rest\n|-heal|p1a: Carbink|100/100 slp|[silent]\n|-enditem|p1a: Carbink|Chesto Berry|[eat]\n|-curestatus|p1a: Carbink|slp|[msg]\n|\n|upkeep\n|turn|8\n|inactive|Time left: 300 sec this turn | 300 sec total\n|\n|t:|1783565935\n|move|p2a: Entei|Sacred Fire|p1a: Carbink\n|-resisted|p1a: Carbink\n|-damage|p1a: Carbink|80/100\n|move|p1a: Carbink|Iron Defense|p1a: Carbink\n|-boost|p1a: Carbink|def|2\n|\n|upkeep\n|turn|9\n|inactive|Time left: 300 sec this turn | 300 sec total\n|\n|t:|1783565936\n|switch|p2a: Clodsire|Clodsire, L81, M|343/343\n|move|p1a: Carbink|Body Press|p2a: Clodsire\n|-resisted|p2a: Clodsire\n|-damage|p2a: Clodsire|284/343\n|\n|-heal|p2a: Clodsire|305/343|[from] item: Leftovers\n|upkeep\n|turn|10\n|inactive|Time left: 300 sec this turn | 300 sec total\n|\n|t:|1783565936\n|move|p1a: Carbink|Body Press|p2a: Clodsire\n|-resisted|p2a: Clodsire\n|-damage|p2a: Clodsire|239/343\n|move|p2a: Clodsire|Toxic|p1a: Carbink\n|-status|p1a: Carbink|tox\n|\n|-heal|p2a: Clodsire|260/343|[from] item: Leftovers\n|-damage|p1a: Carbink|74/100 tox|[from] psn\n|upkeep\n|turn|11\n|inactive|Time left: 300 sec this turn | 300 sec total\n|\n|t:|1783565937\n|move|p1a: Carbink|Body Press|p2a: Clodsire\n|-resisted|p2a: Clodsire\n|-damage|p2a: Clodsire|201/343\n|move|p2a: Clodsire|Earthquake|p1a: Carbink\n|-supereffective|p1a: Carbink\n|-damage|p1a: Carbink|35/100 tox\n|\n|-heal|p2a: Clodsire|222/343|[from] item: Leftovers\n|-damage|p1a: Carbink|23/100 tox|[from] psn\n|upkeep\n|turn|12\n|inactive|Time left: 300 sec this turn | 300 sec total\n|\n|t:|1783565939\n|move|p1a: Carbink|Rest|p1a: Carbink\n|-status|p1a: Carbink|slp|[from] move: Rest\n|-heal|p1a: Carbink|100/100 slp|[silent]\n|move|p2a: Clodsire|Earthquake|p1a: Carbink\n|-supereffective|p1a: Carbink\n|-damage|p1a: Carbink|62/100 slp\n|\n|-heal|p2a: Clodsire|243/343|[from] item: Leftovers\n|upkeep\n|turn|13\n|inactive|Time left: 300 sec this turn | 300 sec total\n|\n|t:|1783565940\n|cant|p1a: Carbink|slp\n|move|p2a: Clodsire|Earthquake|p1a: Carbink\n|-supereffective|p1a: Carbink\n|-damage|p1a: Carbink|15/100 slp\n|\n|-heal|p2a: Clodsire|264/343|[from] item: Leftovers\n|upkeep\n|turn|14\n|inactive|Time left: 300 sec this turn | 300 sec total\n|\n|t:|1783565941\n|switch|p1a: Staraptor|Staraptor, L79, F|100/100\n|move|p2a: Clodsire|Gunk Shot|p1a: Staraptor\n|-damage|p1a: Staraptor|58/100\n|-status|p1a: Staraptor|psn\n|\n|-heal|p2a: Clodsire|285/343|[from] item: Leftovers\n|-damage|p1a: Staraptor|46/100 psn|[from] psn\n|upkeep\n|turn|15\n|inactive|Time left: 300 sec this turn | 300 sec total\n|\n|t:|1783565942\n|move|p1a: Staraptor|Brave Bird|p2a: Clodsire\n|-damage|p2a: Clodsire|0 fnt\n|faint|p2a: Clodsire\n|-damage|p1a: Staraptor|10/100 psn|[from] Recoil\n|\n|-damage|p1a: Staraptor|0 fnt|[from] psn\n|faint|p1a: Staraptor\n|upkeep\n|inactive|Time left: 300 sec this turn | 300 sec total | 5 sec grace\n|\n|t:|1783565943\n|switch|p1a: Carbink|Carbink, L90|15/100 slp\n|switch|p2a: Entei|Entei, L78|307/307\n|turn|16\n|inactive|Time left: 300 sec this turn | 300 sec total\n|\n|t:|1783565944\n|move|p2a: Entei|Sacred Fire|p1a: Carbink\n|-resisted|p1a: Carbink\n|-damage|p1a: Carbink|0 fnt\n|faint|p1a: Carbink\n|\n|upkeep\n|\n|t:|1783565945\n|switch|p1a: Indeedee|Indeedee-F, L90, F|69/100\n|-fieldstart|move: Psychic Terrain|[from] ability: Psychic Surge|[of] p1a: Indeedee\n|turn|17\n|inactive|Time left: 300 sec this turn | 300 sec total\n|\n|t:|1783565946\n|-terastallize|p1a: Indeedee|Psychic\n|move|p1a: Indeedee|Psychic|p2a: Entei\n|-damage|p2a: Entei|21/307\n|-damage|p1a: Indeedee|59/100|[from] item: Life Orb\n|move|p2a: Entei|Sacred Fire|p1a: Indeedee\n|-damage|p1a: Indeedee|0 fnt\n|faint|p1a: Indeedee\n|\n|upkeep\n|\n|t:|1783565947\n|switch|p1a: Dialga|Dialga-Origin, L73|100/100\n|-ability|p1a: Dialga|Pressure\n|turn|18\n|inactive|Time left: 300 sec this turn | 300 sec total\n|\n|t:|1783565948\n|move|p2a: Entei|Sacred Fire|p1a: Dialga\n|-damage|p1a: Dialga|45/100\n|move|p1a: Dialga|Heavy Slam|p2a: Entei\n|-resisted|p2a: Entei\n|-damage|p2a: Entei|0 fnt\n|faint|p2a: Entei\n|\n|upkeep\n|inactive|Time left: 300 sec this turn | 300 sec total | 5 sec grace\n|\n|t:|1783565949\n|switch|p2a: Iron Valiant|Iron Valiant, L78|244/244\n|turn|19\n|inactive|Time left: 300 sec this turn | 300 sec total\n|\n|t:|1783565950\n|move|p2a: Iron Valiant|Close Combat|p1a: Dialga\n|-supereffective|p1a: Dialga\n|-damage|p1a: Dialga|0 fnt\n|-unboost|p2a: Iron Valiant|def|1\n|-unboost|p2a: Iron Valiant|spd|1\n|faint|p1a: Dialga\n|-damage|p2a: Iron Valiant|220/244|[from] item: Life Orb\n|\n|upkeep\n|\n|t:|1783565951\n|switch|p1a: Solgaleo|Solgaleo, L74|100/100\n|turn|20\n|inactive|Time left: 300 sec this turn | 300 sec total\n|\n|t:|1783565952\n|-terastallize|p2a: Iron Valiant|Dark\n|move|p2a: Iron Valiant|Swords Dance|p2a: Iron Valiant\n|-boost|p2a: Iron Valiant|atk|2\n|move|p1a: Solgaleo|Sunsteel Strike|p2a: Iron Valiant\n|-damage|p2a: Iron Valiant|36/244\n|\n|upkeep\n|turn|21\n|inactive|Time left: 300 sec this turn | 300 sec total\n|\n|t:|1783565953\n|move|p2a: Iron Valiant|Knock Off|p1a: Solgaleo\n|-supereffective|p1a: Solgaleo\n|-damage|p1a: Solgaleo|0 fnt\n|-enditem|p1a: Solgaleo|Leftovers|[from] move: Knock Off|[of] p2a: Iron Valiant\n|faint|p1a: Solgaleo\n|-damage|p2a: Iron Valiant|12/244|[from] item: Life Orb\n|\n|-fieldend|move: Psychic Terrain\n|upkeep\n|\n|t:|1783565954\n|switch|p1a: Vaporeon|Vaporeon, L86, F|3/100\n|turn|22\n|inactive|Time left: 300 sec this turn | 300 sec total\n|\n|t:|1783565955\n|move|p1a: Vaporeon|Protect|p1a: Vaporeon\n|-singleturn|p1a: Vaporeon|Protect\n|move|p2a: Iron Valiant|Spirit Break|p1a: Vaporeon\n|-activate|p1a: Vaporeon|move: Protect\n|\n|upkeep\n|turn|23\n|inactive|Time left: 300 sec this turn | 300 sec total\n|\n|t:|1783565956\n|move|p1a: Vaporeon|Protect||[still]\n|-fail|p1a: Vaporeon\n|move|p2a: Iron Valiant|Spirit Break|p1a: Vaporeon\n|-damage|p1a: Vaporeon|0 fnt\n|faint|p1a: Vaporeon\n|-damage|p2a: Iron Valiant|0 fnt|[from] item: Life Orb\n|faint|p2a: Iron Valiant\n|-end|p2a: Iron Valiant|Quark Drive|[silent]\n|\n|win|p0y2236a30f", "uploadtime": 1783565956, "views": 0, "rating": 0, "private": 0, "password": null, "_winner": "p0y2236a30f", "_our_name": "p0y2236a30f"}