{"id": "battle-gen9randombattle-2055", "formatid": "gen9randombattle", "format": "[Gen 9] Random Battle", "players": ["p0x20550826", "p0y205591c8"], "log": "|init|battle\n|title|p0x20550826 vs. p0y205591c8\n|j|\u2606p0x20550826\n|j|\u2606p0y205591c8\n|t:|1783563803\n|gametype|singles\n|player|p1|p0x20550826|102|\n|player|p2|p0y205591c8|265|\n|gen|9\n|tier|[Gen 9] Random Battle\n|rule|Species Clause: Limit one of each Pok\u00e9mon\n|rule|HP Percentage Mod: HP is shown in percentages\n|rule|Sleep Clause Mod: Limit one foe put to sleep\n|rule|Illusion Level Mod: Illusion disguises the Pok\u00e9mon's true level\n|\n|t:|1783563803\n|teamsize|p1|6\n|teamsize|p2|6\n|start\n|switch|p1a: Meowscarada|Meowscarada, L78, M|247/247\n|switch|p2a: Flareon|Flareon, L90, F|100/100\n|turn|1\n|inactive|Battle timer is ON: inactive players will automatically lose when time's up. (requested by p0x20550826)\n|inactive|p0y205591c8 also wants the timer to be on.\n|\n|t:|1783563805\n|move|p1a: Meowscarada|Knock Off|p2a: Flareon\n|-start|p1a: Meowscarada|typechange|Dark|[from] ability: Protean\n|-damage|p2a: Flareon|37/100\n|-enditem|p2a: Flareon|Toxic Orb|[from] move: Knock Off|[of] p1a: Meowscarada\n|move|p2a: Flareon|Flare Blitz|p1a: Meowscarada\n|-damage|p1a: Meowscarada|24/247\n|-damage|p2a: Flareon|8/100|[from] Recoil\n|\n|upkeep\n|turn|2\n|inactive|Time left: 300 sec this turn | 300 sec total\n|\n|t:|1783563806\n|move|p2a: Flareon|Quick Attack|p1a: Meowscarada\n|-damage|p1a: Meowscarada|0 fnt\n|faint|p1a: Meowscarada\n|\n|upkeep\n|inactive|Time left: 300 sec this turn | 300 sec total | 5 sec grace\n|\n|t:|1783563807\n|switch|p1a: Galvantula|Galvantula, L82, M|249/249\n|turn|3\n|inactive|Time left: 300 sec this turn | 300 sec total\n|\n|t:|1783563808\n|move|p1a: Galvantula|Sticky Web|p2a: Flareon\n|-sidestart|p2: p0y205591c8|move: Sticky Web\n|move|p2a: Flareon|Flare Blitz|p1a: Galvantula\n|-supereffective|p1a: Galvantula\n|-damage|p1a: Galvantula|0 fnt\n|faint|p1a: Galvantula\n|-damage|p2a: Flareon|0 fnt|[from] Recoil\n|faint|p2a: Flareon\n|\n|upkeep\n|inactive|Time left: 300 sec this turn | 300 sec total | 5 sec grace\n|\n|t:|1783563809\n|switch|p1a: Kyogre|Kyogre, L71|259/259\n|switch|p2a: Politoed|Politoed, L88, M|100/100\n|-weather|RainDance|[from] ability: Drizzle|[of] p1a: Kyogre\n|-activate|p2a: Politoed|move: Sticky Web\n|-unboost|p2a: Politoed|spe|1\n|turn|4\n|inactive|Time left: 300 sec this turn | 300 sec total\n|\n|t:|1783563810\n|move|p1a: Kyogre|Thunder|p2a: Politoed\n|-supereffective|p2a: Politoed\n|-crit|p2a: Politoed\n|-damage|p2a: Politoed|26/100\n|-status|p2a: Politoed|par\n|move|p2a: Politoed|Haze|p2a: Politoed\n|-clearallboost\n|\n|-weather|RainDance|[upkeep]\n|-heal|p2a: Politoed|32/100 par|[from] item: Leftovers\n|upkeep\n|turn|5\n|inactive|Time left: 300 sec this turn | 300 sec total\n|\n|t:|1783563811\n|move|p1a: Kyogre|Thunder|p2a: Politoed\n|-supereffective|p2a: Politoed\n|-damage|p2a: Politoed|0 fnt\n|faint|p2a: Politoed\n|\n|-weather|RainDance|[upkeep]\n|upkeep\n|\n|t:|1783563812\n|switch|p2a: Toxtricity|Toxtricity, L82, M|100/100\n|-activate|p2a: Toxtricity|move: Sticky Web\n|-unboost|p2a: Toxtricity|spe|1\n|turn|6\n|inactive|Time left: 300 sec this turn | 300 sec total\n|\n|t:|1783563813\n|switch|p1a: Wyrdeer|Wyrdeer, L87, M|321/321\n|-ability|p1a: Wyrdeer|Intimidate|boost\n|-unboost|p2a: Toxtricity|atk|1\n|move|p2a: Toxtricity|Boomburst|p1a: Wyrdeer\n|-damage|p1a: Wyrdeer|105/321\n|\n|-weather|RainDance|[upkeep]\n|-heal|p1a: Wyrdeer|125/321|[from] item: Leftovers\n|upkeep\n|turn|7\n|inactive|Time left: 300 sec this turn | 300 sec total\n|\n|t:|1783563814\n|switch|p2a: Rabsca|Rabsca, L91, F|100/100\n|move|p1a: Wyrdeer|Earthquake|p2a: Rabsca\n|-resisted|p2a: Rabsca\n|-damage|p2a: Rabsca|87/100\n|\n|-weather|RainDance|[upkeep]\n|-heal|p1a: Wyrdeer|145/321|[from] item: Leftovers\n|upkeep\n|turn|8\n|inactive|Time left: 300 sec this turn | 300 sec total\n|\n|t:|1783563815\n|move|p1a: Wyrdeer|Megahorn|p2a: Rabsca\n|-supereffective|p2a: Rabsca\n|-damage|p2a: Rabsca|20/100\n|move|p2a: Rabsca|Bug Buzz|p1a: Wyrdeer\n|-supereffective|p1a: Wyrdeer\n|-damage|p1a: Wyrdeer|0 fnt\n|faint|p1a: Wyrdeer\n|\n|-weather|none\n|upkeep\n|inactive|Time left: 300 sec this turn | 300 sec total | 5 sec grace\n|\n|t:|1783563816\n|switch|p1a: Kyogre|Kyogre, L71|259/259\n|-weather|RainDance|[from] ability: Drizzle|[of] p1a: Kyogre\n|turn|9\n|inactive|Time left: 300 sec this turn | 300 sec total\n|\n|t:|1783563817\n|switch|p2a: Dragapult|Dragapult, L77, M|100/100\n|move|p1a: Kyogre|Water Spout|p2a: Dragapult\n|-resisted|p2a: Dragapult\n|-damage|p2a: Dragapult|41/100\n|\n|-weather|RainDance|[upkeep]\n|upkeep\n|turn|10\n|inactive|Time left: 300 sec this turn | 300 sec total\n|\n|t:|1783563818\n|move|p2a: Dragapult|Dragon Darts|p1a: Kyogre\n|-damage|p1a: Kyogre|195/259\n|-anim|p2a: Dragapult|Dragon Darts|p1a: Kyogre\n|-damage|p1a: Kyogre|131/259\n|move|p1a: Kyogre|Water Spout|p2a: Dragapult\n|-resisted|p2a: Dragapult\n|-damage|p2a: Dragapult|15/100\n|\n|-weather|RainDance|[upkeep]\n|upkeep\n|turn|11\n|inactive|Time left: 300 sec this turn | 300 sec total\n|\n|t:|1783563819\n|switch|p1a: Glastrier|Glastrier, L86|312/312\n|move|p2a: Dragapult|Dragon Darts|p1a: Glastrier\n|-damage|p1a: Glastrier|273/312\n|-anim|p2a: Dragapult|Dragon Darts|p1a: Glastrier\n|-damage|p1a: Glastrier|237/312\n|\n|-weather|RainDance|[upkeep]\n|upkeep\n|turn|12\n|inactive|Time left: 300 sec this turn | 300 sec total\n|\n|t:|1783563820\n|move|p2a: Dragapult|Will-O-Wisp|p1a: Glastrier\n|-status|p1a: Glastrier|brn\n|move|p1a: Glastrier|Icicle Crash|p2a: Dragapult\n|-supereffective|p2a: Dragapult\n|-damage|p2a: Dragapult|0 fnt\n|faint|p2a: Dragapult\n|-ability|p1a: Glastrier|Chilling Neigh|boost\n|-boost|p1a: Glastrier|atk|1\n|\n|-weather|RainDance|[upkeep]\n|-damage|p1a: Glastrier|218/312 brn|[from] brn\n|upkeep\n|\n|t:|1783563821\n|switch|p2a: Rabsca|Rabsca, L91, F|20/100\n|turn|13\n|inactive|Time left: 300 sec this turn | 300 sec total\n|\n|t:|1783563822\n|move|p2a: Rabsca|Recover|p2a: Rabsca\n|-heal|p2a: Rabsca|70/100\n|move|p1a: Glastrier|Icicle Crash|p2a: Rabsca\n|-damage|p2a: Rabsca|35/100\n|\n|-weather|none\n|-damage|p1a: Glastrier|199/312 brn|[from] brn\n|upkeep\n|turn|14\n|inactive|Time left: 300 sec this turn | 300 sec total\n|\n|t:|1783563823\n|move|p2a: Rabsca|Recover|p2a: Rabsca\n|-heal|p2a: Rabsca|85/100\n|move|p1a: Glastrier|Icicle Crash|p2a: Rabsca\n|-damage|p2a: Rabsca|52/100\n|\n|-damage|p1a: Glastrier|180/312 brn|[from] brn\n|upkeep\n|turn|15\n|inactive|Time left: 300 sec this turn | 300 sec total\n|\n|t:|1783563824\n|move|p2a: Rabsca|Recover|p2a: Rabsca\n|-heal|p2a: Rabsca|100/100\n|move|p1a: Glastrier|Icicle Crash|p2a: Rabsca\n|-damage|p2a: Rabsca|68/100\n|\n|-damage|p1a: Glastrier|161/312 brn|[from] brn\n|upkeep\n|turn|16\n|inactive|Time left: 300 sec this turn | 300 sec total\n|\n|t:|1783563825\n|move|p2a: Rabsca|Bug Buzz|p1a: Glastrier\n|-damage|p1a: Glastrier|49/312 brn\n|move|p1a: Glastrier|Icicle Crash|p2a: Rabsca\n|-damage|p2a: Rabsca|37/100\n|\n|-damage|p1a: Glastrier|30/312 brn|[from] brn\n|upkeep\n|turn|17\n|inactive|Time left: 300 sec this turn | 300 sec total\n|\n|t:|1783563826\n|switch|p1a: Greedent|Greedent, L86, M|347/347\n|move|p2a: Rabsca|Recover|p2a: Rabsca\n|-heal|p2a: Rabsca|87/100\n|\n|upkeep\n|turn|18\n|inactive|Time left: 300 sec this turn | 300 sec total\n|\n|t:|1783563827\n|move|p2a: Rabsca|Bug Buzz|p1a: Greedent\n|-damage|p1a: Greedent|197/347\n|move|p1a: Greedent|Swords Dance|p1a: Greedent\n|-boost|p1a: Greedent|atk|2\n|\n|upkeep\n|turn|19\n|inactive|Time left: 300 sec this turn | 300 sec total\n|\n|t:|1783563828\n|move|p2a: Rabsca|Psychic|p1a: Greedent\n|-damage|p1a: Greedent|62/347\n|-enditem|p1a: Greedent|Sitrus Berry|[eat]\n|-heal|p1a: Greedent|148/347|[from] item: Sitrus Berry\n|-heal|p1a: Greedent|263/347|[from] ability: Cheek Pouch\n|move|p1a: Greedent|Knock Off|p2a: Rabsca\n|-supereffective|p2a: Rabsca\n|-damage|p2a: Rabsca|0 fnt\n|-enditem|p2a: Rabsca|Heavy-Duty Boots|[from] move: Knock Off|[of] p1a: Greedent\n|faint|p2a: Rabsca\n|\n|upkeep\n|\n|t:|1783563829\n|switch|p2a: Toxtricity|Toxtricity, L82, M|100/100\n|-activate|p2a: Toxtricity|move: Sticky Web\n|-unboost|p2a: Toxtricity|spe|1\n|turn|20\n|inactive|Time left: 300 sec this turn | 300 sec total\n|\n|t:|1783563830\n|-terastallize|p2a: Toxtricity|Normal\n|move|p2a: Toxtricity|Boomburst|p1a: Greedent\n|-damage|p1a: Greedent|0 fnt\n|faint|p1a: Greedent\n|\n|upkeep\n|inactive|Time left: 300 sec this turn | 300 sec total | 5 sec grace\n|\n|t:|1783563831\n|switch|p1a: Kyogre|Kyogre, L71|131/259\n|-weather|RainDance|[from] ability: Drizzle|[of] p1a: Kyogre\n|turn|21\n|inactive|Time left: 300 sec this turn | 300 sec total\n|\n|t:|1783563832\n|-terastallize|p1a: Kyogre|Water\n|move|p1a: Kyogre|Origin Pulse|p2a: Toxtricity\n|-damage|p2a: Toxtricity|0 fnt\n|faint|p2a: Toxtricity\n|\n|-weather|RainDance|[upkeep]\n|upkeep\n|\n|t:|1783563834\n|switch|p2a: Registeel|Registeel, L81|100/100\n|-activate|p2a: Registeel|move: Sticky Web\n|-fail|p2a: Registeel|unboost|[from] ability: Clear Body|[of] p2a: Registeel\n|turn|22\n|inactive|Time left: 300 sec this turn | 300 sec total\n|\n|t:|1783563835\n|move|p1a: Kyogre|Origin Pulse|p2a: Registeel\n|-damage|p2a: Registeel|36/100\n|move|p2a: Registeel|Thunder Wave|p1a: Kyogre\n|-status|p1a: Kyogre|par\n|\n|-weather|RainDance|[upkeep]\n|-heal|p2a: Registeel|42/100|[from] item: Leftovers\n|upkeep\n|turn|23\n|inactive|Time left: 300 sec this turn | 300 sec total\n|\n|t:|1783563836\n|move|p2a: Registeel|Iron Defense|p2a: Registeel\n|-boost|p2a: Registeel|def|2\n|cant|p1a: Kyogre|par\n|\n|-weather|RainDance|[upkeep]\n|-heal|p2a: Registeel|48/100|[from] item: Leftovers\n|upkeep\n|turn|24\n|inactive|Time left: 300 sec this turn | 300 sec total\n|\n|t:|1783563837\n|move|p2a: Registeel|Body Press|p1a: Kyogre\n|-damage|p1a: Kyogre|0 fnt\n|faint|p1a: Kyogre\n|\n|-weather|RainDance|[upkeep]\n|-heal|p2a: Registeel|54/100|[from] item: Leftovers\n|upkeep\n|inactive|Time left: 300 sec this turn | 300 sec total | 5 sec grace\n|\n|t:|1783563838\n|switch|p1a: Glastrier|Glastrier, L86|30/312 brn\n|turn|25\n|inactive|Time left: 300 sec this turn | 300 sec total\n|\n|t:|1783563839\n|move|p2a: Registeel|Body Press|p1a: Glastrier\n|-supereffective|p1a: Glastrier\n|-damage|p1a: Glastrier|0 fnt\n|faint|p1a: Glastrier\n|\n|win|p0y205591c8", "uploadtime": 1783563839, "views": 0, "rating": 0, "private": 0, "password": null, "_winner": "p0y205591c8", "_our_name": "p0x20550826"}