{"id": "battle-gen9randombattle-740", "formatid": "gen9randombattle", "format": "[Gen 9] Random Battle", "players": ["p0x7401c01", "p0y7402ec8"], "log": "|init|battle\n|title|p0x7401c01 vs. p0y7402ec8\n|j|\u2606p0x7401c01\n|j|\u2606p0y7402ec8\n|t:|1783547714\n|gametype|singles\n|player|p1|p0x7401c01|265|\n|player|p2|p0y7402ec8|265|\n|gen|9\n|tier|[Gen 9] Random Battle\n|rule|Species Clause: Limit one of each Pok\u00e9mon\n|rule|HP Percentage Mod: HP is shown in percentages\n|rule|Sleep Clause Mod: Limit one foe put to sleep\n|rule|Illusion Level Mod: Illusion disguises the Pok\u00e9mon's true level\n|\n|t:|1783547715\n|teamsize|p1|6\n|teamsize|p2|6\n|start\n|switch|p1a: Gogoat|Gogoat, L88, F|360/360\n|switch|p2a: Bisharp|Bisharp, L79, M|100/100\n|turn|1\n|inactive|Battle timer is ON: inactive players will automatically lose when time's up. (requested by p0x7401c01)\n|inactive|p0y7402ec8 also wants the timer to be on.\n|\n|t:|1783547716\n|switch|p2a: Yanmega|Yanmega, L82, F|100/100\n|move|p1a: Gogoat|Bulk Up|p1a: Gogoat\n|-boost|p1a: Gogoat|atk|1\n|-boost|p1a: Gogoat|def|1\n|\n|upkeep\n|turn|2\n|inactive|Time left: 300 sec this turn | 300 sec total\n|\n|t:|1783547717\n|move|p2a: Yanmega|Air Slash|p1a: Gogoat\n|-supereffective|p1a: Gogoat\n|-damage|p1a: Gogoat|180/360\n|move|p1a: Gogoat|Rock Slide|p2a: Yanmega\n|-supereffective|p2a: Yanmega\n|-damage|p2a: Yanmega|0 fnt\n|faint|p2a: Yanmega\n|\n|-heal|p1a: Gogoat|202/360|[from] item: Leftovers\n|upkeep\n|\n|t:|1783547718\n|switch|p2a: Articuno|Articuno-Galar, L84|100/100\n|turn|3\n|inactive|Time left: 300 sec this turn | 300 sec total\n|\n|t:|1783547719\n|switch|p1a: Copperajah|Copperajah, L86, M|349/349\n|move|p2a: Articuno|Hurricane|p1a: Copperajah\n|-resisted|p1a: Copperajah\n|-damage|p1a: Copperajah|273/349\n|\n|upkeep\n|turn|4\n|inactive|Time left: 300 sec this turn | 300 sec total\n|\n|t:|1783547720\n|move|p2a: Articuno|Hurricane|p1a: Copperajah\n|-resisted|p1a: Copperajah\n|-damage|p1a: Copperajah|191/349\n|move|p1a: Copperajah|Heat Crash|p2a: Articuno\n|-damage|p2a: Articuno|37/100\n|\n|upkeep\n|turn|5\n|inactive|Time left: 300 sec this turn | 300 sec total\n|\n|t:|1783547721\n|switch|p2a: Politoed|Politoed, L88, F|100/100\n|-weather|RainDance|[from] ability: Drizzle|[of] p2a: Politoed\n|move|p1a: Copperajah|Heat Crash|p2a: Politoed\n|-resisted|p2a: Politoed\n|-damage|p2a: Politoed|85/100\n|\n|-weather|RainDance|[upkeep]\n|upkeep\n|turn|6\n|inactive|Time left: 300 sec this turn | 300 sec total\n|\n|t:|1783547722\n|switch|p1a: Toxapex|Toxapex, L82, M|216/216\n|move|p2a: Politoed|Weather Ball|p1a: Toxapex\n|-resisted|p1a: Toxapex\n|-damage|p1a: Toxapex|123/216\n|\n|-weather|RainDance|[upkeep]\n|upkeep\n|turn|7\n|inactive|Time left: 300 sec this turn | 300 sec total\n|\n|t:|1783547723\n|move|p2a: Politoed|Weather Ball|p1a: Toxapex\n|-resisted|p1a: Toxapex\n|-damage|p1a: Toxapex|36/216\n|move|p1a: Toxapex|Recover|p1a: Toxapex\n|-heal|p1a: Toxapex|144/216\n|\n|-weather|RainDance|[upkeep]\n|upkeep\n|turn|8\n|inactive|Time left: 300 sec this turn | 300 sec total\n|\n|t:|1783547724\n|move|p2a: Politoed|Weather Ball|p1a: Toxapex\n|-resisted|p1a: Toxapex\n|-damage|p1a: Toxapex|59/216\n|move|p1a: Toxapex|Toxic|p2a: Politoed\n|-status|p2a: Politoed|tox\n|\n|-weather|RainDance|[upkeep]\n|-damage|p2a: Politoed|79/100 tox|[from] psn\n|upkeep\n|turn|9\n|inactive|Time left: 300 sec this turn | 300 sec total\n|\n|t:|1783547725\n|switch|p1a: Gogoat|Gogoat, L88, F|202/360\n|move|p2a: Politoed|Weather Ball|p1a: Gogoat\n|-resisted|p1a: Gogoat\n|-damage|p1a: Gogoat|76/360\n|\n|-weather|none\n|-heal|p1a: Gogoat|98/360|[from] item: Leftovers\n|-damage|p2a: Politoed|67/100 tox|[from] psn\n|upkeep\n|turn|10\n|inactive|Time left: 300 sec this turn | 300 sec total\n|\n|t:|1783547725\n|switch|p2a: Garchomp|Garchomp, L74, F|100/100\n|move|p1a: Gogoat|Milk Drink|p1a: Gogoat\n|-heal|p1a: Gogoat|278/360\n|\n|-heal|p1a: Gogoat|300/360|[from] item: Leftovers\n|upkeep\n|turn|11\n|inactive|Time left: 300 sec this turn | 300 sec total\n|\n|t:|1783547726\n|move|p2a: Garchomp|Outrage|p1a: Gogoat\n|-damage|p1a: Gogoat|147/360\n|move|p1a: Gogoat|Bulk Up|p1a: Gogoat\n|-boost|p1a: Gogoat|atk|1\n|-boost|p1a: Gogoat|def|1\n|\n|-heal|p1a: Gogoat|169/360|[from] item: Leftovers\n|upkeep\n|turn|12\n|inactive|Time left: 300 sec this turn | 300 sec total\n|\n|t:|1783547727\n|move|p2a: Garchomp|Outrage|p1a: Gogoat|[from] lockedmove\n|-damage|p1a: Gogoat|66/360\n|-start|p2a: Garchomp|confusion|[fatigue]\n|move|p1a: Gogoat|Milk Drink|p1a: Gogoat\n|-heal|p1a: Gogoat|246/360\n|\n|-heal|p1a: Gogoat|268/360|[from] item: Leftovers\n|upkeep\n|turn|13\n|inactive|Time left: 300 sec this turn | 300 sec total\n|\n|t:|1783547728\n|switch|p2a: Articuno|Articuno-Galar, L84|37/100\n|move|p1a: Gogoat|Horn Leech|p2a: Articuno\n|-resisted|p2a: Articuno\n|-damage|p2a: Articuno|13/100\n|-heal|p1a: Gogoat|303/360|[from] drain|[of] p2a: Articuno\n|\n|-heal|p1a: Gogoat|325/360|[from] item: Leftovers\n|upkeep\n|turn|14\n|inactive|Time left: 300 sec this turn | 300 sec total\n|\n|t:|1783547729\n|move|p2a: Articuno|Hurricane|p1a: Gogoat\n|-supereffective|p1a: Gogoat\n|-damage|p1a: Gogoat|59/360\n|move|p1a: Gogoat|Rock Slide|p2a: Articuno\n|-supereffective|p2a: Articuno\n|-damage|p2a: Articuno|0 fnt\n|faint|p2a: Articuno\n|\n|-heal|p1a: Gogoat|81/360|[from] item: Leftovers\n|upkeep\n|\n|t:|1783547730\n|switch|p2a: Politoed|Politoed, L88, F|67/100 tox\n|-weather|RainDance|[from] ability: Drizzle|[of] p2a: Politoed\n|turn|15\n|inactive|Time left: 300 sec this turn | 300 sec total\n|\n|t:|1783547731\n|move|p2a: Politoed|Weather Ball|p1a: Gogoat\n|-resisted|p1a: Gogoat\n|-crit|p1a: Gogoat\n|-damage|p1a: Gogoat|0 fnt\n|faint|p1a: Gogoat\n|\n|-weather|RainDance|[upkeep]\n|-damage|p2a: Politoed|61/100 tox|[from] psn\n|upkeep\n|inactive|Time left: 300 sec this turn | 300 sec total | 5 sec grace\n|\n|t:|1783547731\n|switch|p1a: Zacian|Zacian, L69|241/241\n|-ability|p1a: Zacian|Intrepid Sword|boost\n|-boost|p1a: Zacian|atk|1\n|turn|16\n|inactive|Time left: 300 sec this turn | 300 sec total\n|\n|t:|1783547732\n|move|p1a: Zacian|Play Rough|p2a: Politoed\n|-damage|p2a: Politoed|1/100 tox\n|move|p2a: Politoed|Weather Ball|p1a: Zacian\n|-damage|p1a: Zacian|6/241\n|\n|-weather|RainDance|[upkeep]\n|-damage|p2a: Politoed|0 fnt|[from] psn\n|faint|p2a: Politoed\n|upkeep\n|\n|t:|1783547733\n|switch|p2a: Bisharp|Bisharp, L79, M|100/100\n|turn|17\n|inactive|Time left: 300 sec this turn | 300 sec total\n|\n|t:|1783547734\n|move|p1a: Zacian|Play Rough|p2a: Bisharp\n|-damage|p2a: Bisharp|55/100\n|move|p2a: Bisharp|Throat Chop|p1a: Zacian\n|-resisted|p1a: Zacian\n|-damage|p1a: Zacian|0 fnt\n|faint|p1a: Zacian\n|\n|-weather|RainDance|[upkeep]\n|upkeep\n|inactive|Time left: 300 sec this turn | 300 sec total | 5 sec grace\n|\n|t:|1783547735\n|switch|p1a: Yanmega|Yanmega, L82, M|275/275\n|turn|18\n|inactive|Time left: 300 sec this turn | 300 sec total\n|\n|t:|1783547736\n|move|p1a: Yanmega|Bug Buzz|p2a: Bisharp\n|-damage|p2a: Bisharp|19/100\n|move|p2a: Bisharp|Iron Head|p1a: Yanmega\n|-damage|p1a: Yanmega|185/275\n|\n|-weather|RainDance|[upkeep]\n|-ability|p1a: Yanmega|Speed Boost|boost\n|-boost|p1a: Yanmega|spe|1\n|upkeep\n|turn|19\n|inactive|Time left: 300 sec this turn | 300 sec total\n|\n|t:|1783547737\n|move|p2a: Bisharp|Sucker Punch|p1a: Yanmega\n|-damage|p1a: Yanmega|107/275\n|move|p1a: Yanmega|Bug Buzz|p2a: Bisharp\n|-damage|p2a: Bisharp|0 fnt\n|faint|p2a: Bisharp\n|\n|-weather|none\n|-ability|p1a: Yanmega|Speed Boost|boost\n|-boost|p1a: Yanmega|spe|1\n|upkeep\n|\n|t:|1783547738\n|switch|p2a: Garchomp|Garchomp, L74, F|100/100\n|turn|20\n|inactive|Time left: 300 sec this turn | 300 sec total\n|\n|t:|1783547739\n|move|p1a: Yanmega|Air Slash|p2a: Garchomp\n|-damage|p2a: Garchomp|63/100\n|move|p2a: Garchomp|Outrage|p1a: Yanmega\n|-damage|p1a: Yanmega|0 fnt\n|faint|p1a: Yanmega\n|\n|upkeep\n|inactive|Time left: 300 sec this turn | 300 sec total | 5 sec grace\n|\n|t:|1783547740\n|switch|p1a: Toxapex|Toxapex, L82, M|131/216\n|turn|21\n|inactive|Time left: 300 sec this turn | 300 sec total\n|\n|t:|1783547741\n|move|p2a: Garchomp|Outrage|p1a: Toxapex|[from] lockedmove\n|-damage|p1a: Toxapex|52/216\n|-damage|p2a: Garchomp|47/100|[from] item: Rocky Helmet|[of] p1a: Toxapex\n|-start|p2a: Garchomp|confusion|[fatigue]\n|move|p1a: Toxapex|Recover|p1a: Toxapex\n|-heal|p1a: Toxapex|160/216\n|\n|upkeep\n|turn|22\n|inactive|Time left: 300 sec this turn | 300 sec total\n|\n|t:|1783547742\n|-activate|p2a: Garchomp|confusion\n|move|p2a: Garchomp|Earthquake|p1a: Toxapex\n|-supereffective|p1a: Toxapex\n|-damage|p1a: Toxapex|20/216\n|move|p1a: Toxapex|Toxic|p2a: Garchomp\n|-status|p2a: Garchomp|tox\n|\n|-damage|p2a: Garchomp|41/100 tox|[from] psn\n|upkeep\n|turn|23\n|inactive|Time left: 300 sec this turn | 300 sec total\n|\n|t:|1783547744\n|-activate|p2a: Garchomp|confusion\n|-damage|p2a: Garchomp|30/100 tox|[from] confusion\n|move|p1a: Toxapex|Recover|p1a: Toxapex\n|-heal|p1a: Toxapex|128/216\n|\n|-damage|p2a: Garchomp|18/100 tox|[from] psn\n|upkeep\n|turn|24\n|inactive|Time left: 300 sec this turn | 300 sec total\n|\n|t:|1783547745\n|-end|p2a: Garchomp|confusion\n|move|p2a: Garchomp|Earthquake|p1a: Toxapex\n|-supereffective|p1a: Toxapex\n|-damage|p1a: Toxapex|0 fnt\n|faint|p1a: Toxapex\n|\n|-damage|p2a: Garchomp|0 fnt|[from] psn\n|faint|p2a: Garchomp\n|upkeep\n|inactive|Time left: 300 sec this turn | 300 sec total | 5 sec grace\n|\n|t:|1783547746\n|switch|p2a: Hitmontop|Hitmontop, L88, M|100/100\n|switch|p1a: Copperajah|Copperajah, L86, M|191/349\n|-ability|p2a: Hitmontop|Intimidate|boost\n|-unboost|p1a: Copperajah|atk|1\n|turn|25\n|inactive|Time left: 300 sec this turn | 300 sec total\n|\n|t:|1783547747\n|-terastallize|p1a: Copperajah|Fire\n|move|p2a: Hitmontop|Earthquake|p1a: Copperajah\n|-supereffective|p1a: Copperajah\n|-damage|p1a: Copperajah|23/349\n|move|p1a: Copperajah|Heat Crash|p2a: Hitmontop\n|-damage|p2a: Hitmontop|34/100\n|\n|upkeep\n|turn|26\n|inactive|Time left: 300 sec this turn | 300 sec total\n|\n|t:|1783547748\n|-terastallize|p2a: Hitmontop|Steel\n|move|p2a: Hitmontop|Rapid Spin|p1a: Copperajah\n|-damage|p1a: Copperajah|0 fnt\n|-boost|p2a: Hitmontop|spe|1\n|faint|p1a: Copperajah\n|\n|upkeep\n|inactive|Time left: 300 sec this turn | 300 sec total | 5 sec grace\n|\n|t:|1783547749\n|switch|p1a: Dragapult|Dragapult, L77, F|262/262\n|turn|27\n|inactive|Time left: 300 sec this turn | 300 sec total\n|\n|t:|1783547750\n|move|p2a: Hitmontop|Sucker Punch||[still]\n|-fail|p2a: Hitmontop\n|move|p1a: Dragapult|Will-O-Wisp|p2a: Hitmontop\n|-status|p2a: Hitmontop|brn\n|\n|-damage|p2a: Hitmontop|28/100 brn|[from] brn\n|upkeep\n|turn|28\n|inactive|Time left: 300 sec this turn | 300 sec total\n|\n|t:|1783547751\n|move|p1a: Dragapult|Hex|p2a: Hitmontop\n|-damage|p2a: Hitmontop|0 fnt\n|faint|p2a: Hitmontop\n|\n|win|p0x7401c01", "uploadtime": 1783547751, "views": 0, "rating": 0, "private": 0, "password": null, "_winner": "p0x7401c01", "_our_name": "p0x7401c01"}