{"id": "battle-gen9randombattle-2861", "formatid": "gen9randombattle", "format": "[Gen 9] Random Battle", "players": ["p0x28618005", "p0y2861c914"], "log": "|init|battle\n|title|p0x28618005 vs. p0y2861c914\n|j|\u2606p0x28618005\n|j|\u2606p0y2861c914\n|t:|1783572952\n|gametype|singles\n|player|p1|p0x28618005|265|\n|player|p2|p0y2861c914|2|\n|gen|9\n|tier|[Gen 9] Random Battle\n|rule|Species Clause: Limit one of each Pok\u00e9mon\n|rule|HP Percentage Mod: HP is shown in percentages\n|rule|Sleep Clause Mod: Limit one foe put to sleep\n|rule|Illusion Level Mod: Illusion disguises the Pok\u00e9mon's true level\n|\n|t:|1783572952\n|teamsize|p1|6\n|teamsize|p2|6\n|start\n|switch|p1a: Necrozma|Necrozma-Dusk-Mane, L69|248/248\n|switch|p2a: Gouging Fire|Gouging Fire, L74|100/100\n|turn|1\n|inactive|Battle timer is ON: inactive players will automatically lose when time's up. (requested by p0x28618005)\n|inactive|p0y2861c914 also wants the timer to be on.\n|\n|t:|1783572953\n|move|p2a: Gouging Fire|Dragon Dance|p2a: Gouging Fire\n|-boost|p2a: Gouging Fire|atk|1\n|-boost|p2a: Gouging Fire|spe|1\n|move|p1a: Necrozma|Dragon Dance|p1a: Necrozma\n|-boost|p1a: Necrozma|atk|1\n|-boost|p1a: Necrozma|spe|1\n|\n|upkeep\n|turn|2\n|inactive|Time left: 300 sec this turn | 300 sec total\n|\n|t:|1783572954\n|move|p2a: Gouging Fire|Outrage|p1a: Necrozma\n|-resisted|p1a: Necrozma\n|-damage|p1a: Necrozma|168/248\n|move|p1a: Necrozma|Photon Geyser|p2a: Gouging Fire\n|-damage|p2a: Gouging Fire|52/100\n|\n|upkeep\n|turn|3\n|inactive|Time left: 300 sec this turn | 300 sec total\n|\n|t:|1783572955\n|move|p2a: Gouging Fire|Outrage|p1a: Necrozma|[from] lockedmove\n|-resisted|p1a: Necrozma\n|-damage|p1a: Necrozma|95/248\n|-start|p2a: Gouging Fire|confusion|[fatigue]\n|move|p1a: Necrozma|Dragon Dance|p1a: Necrozma\n|-boost|p1a: Necrozma|atk|1\n|-boost|p1a: Necrozma|spe|1\n|\n|upkeep\n|turn|4\n|inactive|Time left: 300 sec this turn | 300 sec total\n|\n|t:|1783572956\n|move|p1a: Necrozma|Photon Geyser|p2a: Gouging Fire\n|-damage|p2a: Gouging Fire|0 fnt\n|faint|p2a: Gouging Fire\n|-end|p2a: Gouging Fire|Protosynthesis|[silent]\n|\n|upkeep\n|\n|t:|1783572957\n|switch|p2a: Gogoat|Gogoat, L88, M|100/100\n|turn|5\n|inactive|Time left: 300 sec this turn | 300 sec total\n|\n|t:|1783572958\n|move|p1a: Necrozma|Photon Geyser|p2a: Gogoat\n|-damage|p2a: Gogoat|34/100\n|move|p2a: Gogoat|Earthquake|p1a: Necrozma\n|-supereffective|p1a: Necrozma\n|-damage|p1a: Necrozma|0 fnt\n|faint|p1a: Necrozma\n|\n|-heal|p2a: Gogoat|40/100|[from] item: Leftovers\n|upkeep\n|inactive|Time left: 300 sec this turn | 300 sec total | 5 sec grace\n|\n|t:|1783572959\n|switch|p1a: Tornadus|Tornadus-Therian, L79, M|254/254\n|turn|6\n|inactive|Time left: 300 sec this turn | 300 sec total\n|\n|t:|1783572960\n|switch|p2a: Flareon|Flareon, L90, M|100/100\n|move|p1a: Tornadus|Bleakwind Storm|p2a: Flareon\n|-damage|p2a: Flareon|51/100\n|-unboost|p2a: Flareon|spe|1\n|\n|-status|p2a: Flareon|tox|[from] item: Toxic Orb\n|upkeep\n|turn|7\n|inactive|Time left: 300 sec this turn | 300 sec total\n|\n|t:|1783572961\n|-terastallize|p1a: Tornadus|Flying\n|move|p1a: Tornadus|Bleakwind Storm|p2a: Flareon\n|-damage|p2a: Flareon|0 fnt\n|faint|p2a: Flareon\n|\n|upkeep\n|\n|t:|1783572961\n|switch|p2a: Tinkaton|Tinkaton, L82, F|100/100\n|-ability|p2a: Tinkaton|Mold Breaker\n|turn|8\n|inactive|Time left: 300 sec this turn | 300 sec total\n|\n|t:|1783572962\n|move|p1a: Tornadus|Bleakwind Storm|p2a: Tinkaton\n|-resisted|p2a: Tinkaton\n|-damage|p2a: Tinkaton|67/100\n|move|p2a: Tinkaton|Swords Dance|p2a: Tinkaton\n|-boost|p2a: Tinkaton|atk|2\n|\n|-heal|p2a: Tinkaton|73/100|[from] item: Leftovers\n|upkeep\n|turn|9\n|inactive|Time left: 300 sec this turn | 300 sec total\n|\n|t:|1783572963\n|switch|p1a: Electivire|Electivire, L84, M|263/263\n|move|p2a: Tinkaton|Gigaton Hammer|p1a: Electivire\n|-resisted|p1a: Electivire\n|-damage|p1a: Electivire|101/263\n|\n|-heal|p2a: Tinkaton|79/100|[from] item: Leftovers\n|upkeep\n|turn|10\n|inactive|Time left: 300 sec this turn | 300 sec total\n|\n|t:|1783572964\n|move|p2a: Tinkaton|Protect|p2a: Tinkaton\n|-singleturn|p2a: Tinkaton|Protect\n|move|p1a: Electivire|Earthquake|p2a: Tinkaton\n|-activate|p2a: Tinkaton|move: Protect\n|\n|-heal|p2a: Tinkaton|86/100|[from] item: Leftovers\n|upkeep\n|turn|11\n|inactive|Time left: 300 sec this turn | 300 sec total\n|\n|t:|1783572965\n|move|p1a: Electivire|Earthquake|p2a: Tinkaton\n|-supereffective|p2a: Tinkaton\n|-damage|p2a: Tinkaton|0 fnt\n|faint|p2a: Tinkaton\n|-damage|p1a: Electivire|75/263|[from] item: Life Orb\n|\n|upkeep\n|\n|t:|1783572966\n|switch|p2a: Lurantis|Lurantis, L87, F|100/100\n|turn|12\n|inactive|Time left: 300 sec this turn | 300 sec total\n|\n|t:|1783572967\n|switch|p1a: Tornadus|Tornadus-Therian, L79, M, tera:Flying|254/254\n|move|p2a: Lurantis|Leaf Storm|p1a: Tornadus\n|-resisted|p1a: Tornadus\n|-damage|p1a: Tornadus|188/254\n|-boost|p2a: Lurantis|spa|2\n|\n|upkeep\n|turn|13\n|inactive|Time left: 300 sec this turn | 300 sec total\n|\n|t:|1783572968\n|move|p1a: Tornadus|Bleakwind Storm|p2a: Lurantis\n|-supereffective|p2a: Lurantis\n|-damage|p2a: Lurantis|0 fnt\n|faint|p2a: Lurantis\n|\n|upkeep\n|\n|t:|1783572969\n|switch|p2a: Hitmontop|Hitmontop, L88, M|100/100\n|-ability|p2a: Hitmontop|Intimidate|boost\n|-unboost|p1a: Tornadus|atk|1\n|turn|14\n|inactive|Time left: 300 sec this turn | 300 sec total\n|\n|t:|1783572970\n|move|p1a: Tornadus|Bleakwind Storm|p2a: Hitmontop\n|-supereffective|p2a: Hitmontop\n|-damage|p2a: Hitmontop|0 fnt\n|faint|p2a: Hitmontop\n|\n|upkeep\n|\n|t:|1783572971\n|switch|p2a: Gogoat|Gogoat, L88, M|40/100\n|turn|15\n|inactive|Time left: 300 sec this turn | 300 sec total\n|\n|t:|1783572972\n|-terastallize|p2a: Gogoat|Water\n|move|p1a: Tornadus|Bleakwind Storm|p2a: Gogoat\n|-damage|p2a: Gogoat|0 fnt\n|faint|p2a: Gogoat\n|\n|win|p0x28618005", "uploadtime": 1783572972, "views": 0, "rating": 0, "private": 0, "password": null, "_winner": "p0x28618005", "_our_name": "p0x28618005"}