{"id": "battle-gen9randombattle-2223", "formatid": "gen9randombattle", "format": "[Gen 9] Random Battle", "players": ["p0x2223754c", "p0y22238875"], "log": "|init|battle\n|title|p0x2223754c vs. p0y22238875\n|j|\u2606p0x2223754c\n|j|\u2606p0y22238875\n|t:|1783565759\n|gametype|singles\n|player|p1|p0x2223754c|2|\n|player|p2|p0y22238875|265|\n|gen|9\n|tier|[Gen 9] Random Battle\n|rule|Species Clause: Limit one of each Pok\u00e9mon\n|rule|HP Percentage Mod: HP is shown in percentages\n|rule|Sleep Clause Mod: Limit one foe put to sleep\n|rule|Illusion Level Mod: Illusion disguises the Pok\u00e9mon's true level\n|\n|t:|1783565759\n|teamsize|p1|6\n|teamsize|p2|6\n|start\n|switch|p1a: Infernape|Infernape, L82, F|259/259\n|switch|p2a: Bombirdier|Bombirdier, L85, M|100/100\n|turn|1\n|inactive|Battle timer is ON: inactive players will automatically lose when time's up. (requested by p0y22238875)\n|inactive|Time left: 300 sec this turn | 300 sec total | 60 sec grace\n|\n|t:|1783565761\n|move|p1a: Infernape|Close Combat|p2a: Bombirdier\n|-damage|p2a: Bombirdier|30/100\n|-unboost|p1a: Infernape|def|1\n|-unboost|p1a: Infernape|spd|1\n|-damage|p1a: Infernape|234/259|[from] item: Life Orb\n|move|p2a: Bombirdier|Brave Bird|p1a: Infernape\n|-supereffective|p1a: Infernape\n|-damage|p1a: Infernape|0 fnt\n|faint|p1a: Infernape\n|-damage|p2a: Bombirdier|0 fnt|[from] Recoil\n|faint|p2a: Bombirdier\n|\n|upkeep\n|inactive|Time left: 300 sec this turn | 300 sec total | 65 sec grace\n|inactive|p0x2223754c also wants the timer to be on.\n|\n|t:|1783565762\n|switch|p1a: Manaphy|Manaphy, L78|284/284\n|switch|p2a: Abomasnow|Abomasnow, L84, F|100/100\n|-weather|Snowscape|[from] ability: Snow Warning|[of] p2a: Abomasnow\n|turn|2\n|inactive|Time left: 300 sec this turn | 300 sec total\n|\n|t:|1783565764\n|move|p1a: Manaphy|Tail Glow|p1a: Manaphy\n|-boost|p1a: Manaphy|spa|3\n|move|p2a: Abomasnow|Aurora Veil|p2a: Abomasnow\n|-sidestart|p2: p0y22238875|move: Aurora Veil\n|\n|-weather|Snowscape|[upkeep]\n|upkeep\n|turn|3\n|inactive|Time left: 300 sec this turn | 300 sec total\n|\n|t:|1783565765\n|move|p1a: Manaphy|Surf|p2a: Abomasnow\n|-resisted|p2a: Abomasnow\n|-damage|p2a: Abomasnow|81/100\n|move|p2a: Abomasnow|Wood Hammer|p1a: Manaphy\n|-supereffective|p1a: Manaphy\n|-damage|p1a: Manaphy|50/284\n|-damage|p2a: Abomasnow|54/100|[from] Recoil\n|\n|-weather|Snowscape|[upkeep]\n|-heal|p1a: Manaphy|67/284|[from] item: Leftovers\n|upkeep\n|turn|4\n|inactive|Time left: 300 sec this turn | 300 sec total\n|\n|t:|1783565766\n|move|p1a: Manaphy|Ice Beam|p2a: Abomasnow\n|-damage|p2a: Abomasnow|28/100\n|move|p2a: Abomasnow|Wood Hammer|p1a: Manaphy\n|-supereffective|p1a: Manaphy\n|-damage|p1a: Manaphy|0 fnt\n|faint|p1a: Manaphy\n|-damage|p2a: Abomasnow|20/100|[from] Recoil\n|\n|-weather|Snowscape|[upkeep]\n|upkeep\n|inactive|Time left: 300 sec this turn | 300 sec total | 5 sec grace\n|\n|t:|1783565767\n|switch|p1a: Groudon|Groudon, L72|263/263\n|-weather|SunnyDay|[from] ability: Drought|[of] p1a: Groudon\n|turn|5\n|inactive|Time left: 300 sec this turn | 300 sec total\n|\n|t:|1783565768\n|switch|p2a: Espathra|Espathra, L80, F|100/100\n|move|p1a: Groudon|Heat Crash|p2a: Espathra\n|-damage|p2a: Espathra|68/100\n|\n|-weather|SunnyDay|[upkeep]\n|-heal|p2a: Espathra|74/100|[from] item: Leftovers\n|upkeep\n|turn|6\n|inactive|Time left: 300 sec this turn | 300 sec total\n|\n|t:|1783565769\n|move|p2a: Espathra|Calm Mind|p2a: Espathra\n|-boost|p2a: Espathra|spa|1\n|-boost|p2a: Espathra|spd|1\n|move|p1a: Groudon|Heat Crash|p2a: Espathra\n|-damage|p2a: Espathra|43/100\n|\n|-weather|SunnyDay|[upkeep]\n|-heal|p2a: Espathra|49/100|[from] item: Leftovers\n|-ability|p2a: Espathra|Speed Boost|boost\n|-boost|p2a: Espathra|spe|1\n|upkeep\n|turn|7\n|inactive|Time left: 300 sec this turn | 300 sec total\n|\n|t:|1783565770\n|-terastallize|p1a: Groudon|Fire\n|move|p2a: Espathra|Calm Mind|p2a: Espathra\n|-boost|p2a: Espathra|spa|1\n|-boost|p2a: Espathra|spd|1\n|move|p1a: Groudon|Heat Crash|p2a: Espathra\n|-damage|p2a: Espathra|0 fnt\n|faint|p2a: Espathra\n|\n|-weather|SunnyDay|[upkeep]\n|upkeep\n|\n|t:|1783565771\n|switch|p2a: Iron Valiant|Iron Valiant, L78|100/100\n|turn|8\n|inactive|Time left: 300 sec this turn | 300 sec total\n|\n|t:|1783565772\n|move|p2a: Iron Valiant|Swords Dance|p2a: Iron Valiant\n|-boost|p2a: Iron Valiant|atk|2\n|move|p1a: Groudon|Heat Crash|p2a: Iron Valiant\n|-crit|p2a: Iron Valiant\n|-damage|p2a: Iron Valiant|0 fnt\n|faint|p2a: Iron Valiant\n|-end|p2a: Iron Valiant|Quark Drive|[silent]\n|\n|-weather|SunnyDay|[upkeep]\n|upkeep\n|\n|t:|1783565773\n|switch|p2a: Slither Wing|Slither Wing, L81|100/100\n|-activate|p2a: Slither Wing|ability: Protosynthesis\n|-start|p2a: Slither Wing|protosynthesisatk\n|turn|9\n|inactive|Time left: 300 sec this turn | 300 sec total\n|\n|t:|1783565774\n|move|p2a: Slither Wing|Bulk Up|p2a: Slither Wing\n|-boost|p2a: Slither Wing|atk|1\n|-boost|p2a: Slither Wing|def|1\n|move|p1a: Groudon|Heat Crash|p2a: Slither Wing\n|-supereffective|p2a: Slither Wing\n|-damage|p2a: Slither Wing|49/100\n|\n|-weather|none\n|-end|p2a: Slither Wing|Protosynthesis\n|-sideend|p2: p0y22238875|move: Aurora Veil\n|upkeep\n|-enditem|p2a: Slither Wing|Booster Energy\n|-activate|p2a: Slither Wing|ability: Protosynthesis|[fromitem]\n|-start|p2a: Slither Wing|protosynthesisatk\n|turn|10\n|inactive|Time left: 300 sec this turn | 300 sec total\n|\n|t:|1783565775\n|move|p2a: Slither Wing|Earthquake|p1a: Groudon\n|-supereffective|p1a: Groudon\n|-damage|p1a: Groudon|0 fnt\n|faint|p1a: Groudon\n|\n|upkeep\n|inactive|Time left: 300 sec this turn | 300 sec total | 5 sec grace\n|\n|t:|1783565776\n|switch|p1a: Gengar|Gengar, L81, M|230/230\n|turn|11\n|inactive|Time left: 300 sec this turn | 300 sec total\n|\n|t:|1783565777\n|move|p1a: Gengar|Sludge Wave|p2a: Slither Wing\n|-damage|p2a: Slither Wing|0 fnt\n|faint|p2a: Slither Wing\n|-end|p2a: Slither Wing|Protosynthesis|[silent]\n|-damage|p1a: Gengar|207/230|[from] item: Life Orb\n|\n|upkeep\n|\n|t:|1783565778\n|switch|p2a: Mismagius|Mismagius, L86, F|100/100\n|turn|12\n|inactive|Time left: 300 sec this turn | 300 sec total\n|\n|t:|1783565779\n|move|p2a: Mismagius|Shadow Ball|p1a: Gengar\n|-supereffective|p1a: Gengar\n|-damage|p1a: Gengar|0 fnt\n|faint|p1a: Gengar\n|\n|upkeep\n|inactive|Time left: 300 sec this turn | 300 sec total | 5 sec grace\n|\n|t:|1783565780\n|switch|p1a: Gurdurr|Gurdurr, L85, F|283/283\n|turn|13\n|inactive|Time left: 300 sec this turn | 300 sec total\n|\n|t:|1783565781\n|-terastallize|p2a: Mismagius|Fighting\n|move|p2a: Mismagius|Nasty Plot|p2a: Mismagius\n|-boost|p2a: Mismagius|spa|2\n|move|p1a: Gurdurr|Knock Off|p2a: Mismagius\n|-resisted|p2a: Mismagius\n|-damage|p2a: Mismagius|82/100\n|-enditem|p2a: Mismagius|Leftovers|[from] move: Knock Off|[of] p1a: Gurdurr\n|\n|upkeep\n|turn|14\n|inactive|Time left: 300 sec this turn | 300 sec total\n|\n|t:|1783565782\n|switch|p1a: Delibird|Delibird, F|252/252\n|move|p2a: Mismagius|Tera Blast|p1a: Delibird|[anim] Tera Blast Fighting\n|-damage|p1a: Delibird|0 fnt\n|faint|p1a: Delibird\n|\n|upkeep\n|inactive|Time left: 300 sec this turn | 300 sec total | 5 sec grace\n|\n|t:|1783565783\n|switch|p1a: Gurdurr|Gurdurr, L85, F|283/283\n|turn|15\n|inactive|Time left: 300 sec this turn | 300 sec total\n|\n|t:|1783565784\n|move|p2a: Mismagius|Tera Blast|p1a: Gurdurr|[anim] Tera Blast Fighting\n|-damage|p1a: Gurdurr|88/283\n|move|p1a: Gurdurr|Drain Punch|p2a: Mismagius\n|-damage|p2a: Mismagius|38/100\n|-heal|p1a: Gurdurr|141/283|[from] drain|[of] p2a: Mismagius\n|\n|upkeep\n|turn|16\n|inactive|Time left: 300 sec this turn | 300 sec total\n|\n|t:|1783565785\n|move|p1a: Gurdurr|Mach Punch|p2a: Mismagius\n|-damage|p2a: Mismagius|12/100\n|move|p2a: Mismagius|Shadow Ball|p1a: Gurdurr\n|-damage|p1a: Gurdurr|0 fnt\n|faint|p1a: Gurdurr\n|\n|win|p0y22238875", "uploadtime": 1783565785, "views": 0, "rating": 0, "private": 0, "password": null, "_winner": "p0y22238875", "_our_name": "p0x2223754c"}