{"id": "battle-gen9randombattle-1436", "formatid": "gen9randombattle", "format": "[Gen 9] Random Battle", "players": ["p0x1436cb97", "p0y1436ea34"], "log": "|init|battle\n|title|p0x1436cb97 vs. p0y1436ea34\n|j|\u2606p0x1436cb97\n|j|\u2606p0y1436ea34\n|t:|1783556728\n|gametype|singles\n|player|p1|p0x1436cb97|1|\n|player|p2|p0y1436ea34|2|\n|gen|9\n|tier|[Gen 9] Random Battle\n|rule|Species Clause: Limit one of each Pok\u00e9mon\n|rule|HP Percentage Mod: HP is shown in percentages\n|rule|Sleep Clause Mod: Limit one foe put to sleep\n|rule|Illusion Level Mod: Illusion disguises the Pok\u00e9mon's true level\n|\n|t:|1783556728\n|teamsize|p1|6\n|teamsize|p2|6\n|start\n|switch|p1a: Piloswine|Piloswine, L85, M|309/309\n|switch|p2a: Typhlosion|Typhlosion, L84, F|100/100\n|turn|1\n|inactive|Battle timer is ON: inactive players will automatically lose when time's up. (requested by p0y1436ea34)\n|inactive|Time left: 300 sec this turn | 300 sec total | 60 sec grace\n|\n|t:|1783556729\n|move|p2a: Typhlosion|Eruption|p1a: Piloswine\n|-supereffective|p1a: Piloswine\n|-damage|p1a: Piloswine|97/309\n|move|p1a: Piloswine|Earthquake|p2a: Typhlosion\n|-supereffective|p2a: Typhlosion\n|-damage|p2a: Typhlosion|2/100\n|\n|upkeep\n|turn|2\n|inactive|Time left: 300 sec this turn | 300 sec total\n|inactive|p0x1436cb97 also wants the timer to be on.\n|\n|t:|1783556731\n|switch|p2a: Pelipper|Pelipper, L86, F|100/100\n|-weather|RainDance|[from] ability: Drizzle|[of] p2a: Pelipper\n|move|p1a: Piloswine|Stealth Rock|p2a: Pelipper\n|-sidestart|p2: p0y1436ea34|move: Stealth Rock\n|\n|-weather|RainDance|[upkeep]\n|upkeep\n|turn|3\n|inactive|Time left: 300 sec this turn | 300 sec total\n|\n|t:|1783556732\n|switch|p1a: Arboliva|Arboliva, L91, M|288/288\n|move|p2a: Pelipper|Weather Ball|p1a: Arboliva\n|-resisted|p1a: Arboliva\n|-damage|p1a: Arboliva|193/288\n|\n|-weather|RainDance|[upkeep]\n|upkeep\n|turn|4\n|inactive|Time left: 300 sec this turn | 300 sec total\n|\n|t:|1783556733\n|move|p2a: Pelipper|Weather Ball|p1a: Arboliva\n|-resisted|p1a: Arboliva\n|-damage|p1a: Arboliva|89/288\n|-enditem|p1a: Arboliva|Sitrus Berry|[eat]\n|-heal|p1a: Arboliva|161/288|[from] item: Sitrus Berry\n|move|p1a: Arboliva|Hyper Voice|p2a: Pelipper\n|-damage|p2a: Pelipper|33/100\n|\n|-weather|RainDance|[upkeep]\n|-item|p1a: Arboliva|Sitrus Berry|[from] ability: Harvest\n|upkeep\n|turn|5\n|inactive|Time left: 300 sec this turn | 300 sec total\n|\n|t:|1783556734\n|move|p2a: Pelipper|Weather Ball|p1a: Arboliva\n|-resisted|p1a: Arboliva\n|-damage|p1a: Arboliva|69/288\n|-enditem|p1a: Arboliva|Sitrus Berry|[eat]\n|-heal|p1a: Arboliva|141/288|[from] item: Sitrus Berry\n|move|p1a: Arboliva|Hyper Voice|p2a: Pelipper\n|-damage|p2a: Pelipper|0 fnt\n|faint|p2a: Pelipper\n|\n|-weather|RainDance|[upkeep]\n|-item|p1a: Arboliva|Sitrus Berry|[from] ability: Harvest\n|upkeep\n|-enditem|p1a: Arboliva|Sitrus Berry|[eat]\n|-heal|p1a: Arboliva|213/288|[from] item: Sitrus Berry\n|\n|t:|1783556735\n|switch|p2a: Hatterene|Hatterene, L85, F|100/100\n|-damage|p2a: Hatterene|88/100|[from] Stealth Rock\n|turn|6\n|inactive|Time left: 300 sec this turn | 300 sec total\n|\n|t:|1783556736\n|move|p1a: Arboliva|Hyper Voice|p2a: Hatterene\n|-damage|p2a: Hatterene|36/100\n|move|p2a: Hatterene|Calm Mind|p2a: Hatterene\n|-boost|p2a: Hatterene|spa|1\n|-boost|p2a: Hatterene|spd|1\n|\n|-weather|none\n|-heal|p2a: Hatterene|42/100|[from] item: Leftovers\n|upkeep\n|turn|7\n|inactive|Time left: 300 sec this turn | 300 sec total\n|\n|t:|1783556737\n|move|p1a: Arboliva|Hyper Voice|p2a: Hatterene\n|-damage|p2a: Hatterene|8/100\n|move|p2a: Hatterene|Draining Kiss|p1a: Arboliva\n|-damage|p1a: Arboliva|128/288\n|-heal|p2a: Hatterene|35/100|[from] drain|[of] p1a: Arboliva\n|\n|-heal|p2a: Hatterene|41/100|[from] item: Leftovers\n|upkeep\n|turn|8\n|inactive|Time left: 300 sec this turn | 300 sec total\n|\n|t:|1783556738\n|move|p1a: Arboliva|Hyper Voice|p2a: Hatterene\n|-damage|p2a: Hatterene|4/100\n|move|p2a: Hatterene|Draining Kiss|p1a: Arboliva\n|-damage|p1a: Arboliva|43/288\n|-heal|p2a: Hatterene|31/100|[from] drain|[of] p1a: Arboliva\n|\n|-heal|p2a: Hatterene|37/100|[from] item: Leftovers\n|-item|p1a: Arboliva|Sitrus Berry|[from] ability: Harvest\n|upkeep\n|-enditem|p1a: Arboliva|Sitrus Berry|[eat]\n|-heal|p1a: Arboliva|115/288|[from] item: Sitrus Berry\n|turn|9\n|inactive|Time left: 300 sec this turn | 300 sec total\n|\n|t:|1783556739\n|move|p1a: Arboliva|Hyper Voice|p2a: Hatterene\n|-damage|p2a: Hatterene|4/100\n|move|p2a: Hatterene|Draining Kiss|p1a: Arboliva\n|-damage|p1a: Arboliva|37/288\n|-heal|p2a: Hatterene|29/100|[from] drain|[of] p1a: Arboliva\n|\n|-heal|p2a: Hatterene|35/100|[from] item: Leftovers\n|upkeep\n|turn|10\n|inactive|Time left: 300 sec this turn | 300 sec total\n|\n|t:|1783556740\n|move|p1a: Arboliva|Hyper Voice|p2a: Hatterene\n|-damage|p2a: Hatterene|0 fnt\n|faint|p2a: Hatterene\n|\n|-item|p1a: Arboliva|Sitrus Berry|[from] ability: Harvest\n|upkeep\n|-enditem|p1a: Arboliva|Sitrus Berry|[eat]\n|-heal|p1a: Arboliva|109/288|[from] item: Sitrus Berry\n|\n|t:|1783556741\n|switch|p2a: Ursaluna|Ursaluna-Bloodmoon, L79, M|100/100\n|-damage|p2a: Ursaluna|94/100|[from] Stealth Rock\n|turn|11\n|inactive|Time left: 300 sec this turn | 300 sec total\n|\n|t:|1783556742\n|move|p1a: Arboliva|Protect|p1a: Arboliva\n|-singleturn|p1a: Arboliva|Protect\n|move|p2a: Ursaluna|Blood Moon|p1a: Arboliva\n|-activate|p1a: Arboliva|move: Protect\n|\n|-heal|p2a: Ursaluna|100/100|[from] item: Leftovers\n|upkeep\n|turn|12\n|inactive|Time left: 300 sec this turn | 300 sec total\n|\n|t:|1783556743\n|move|p2a: Ursaluna|Calm Mind|p2a: Ursaluna\n|-boost|p2a: Ursaluna|spa|1\n|-boost|p2a: Ursaluna|spd|1\n|move|p1a: Arboliva|Leech Seed|p2a: Ursaluna\n|-start|p2a: Ursaluna|move: Leech Seed\n|\n|-damage|p2a: Ursaluna|88/100|[from] Leech Seed|[of] p1a: Arboliva\n|-heal|p1a: Arboliva|147/288|[silent]\n|upkeep\n|turn|13\n|inactive|Time left: 300 sec this turn | 300 sec total\n|\n|t:|1783556744\n|move|p1a: Arboliva|Protect|p1a: Arboliva\n|-singleturn|p1a: Arboliva|Protect\n|move|p2a: Ursaluna|Blood Moon|p1a: Arboliva\n|-activate|p1a: Arboliva|move: Protect\n|\n|-heal|p2a: Ursaluna|94/100|[from] item: Leftovers\n|-damage|p2a: Ursaluna|82/100|[from] Leech Seed|[of] p1a: Arboliva\n|-heal|p1a: Arboliva|185/288|[silent]\n|upkeep\n|turn|14\n|inactive|Time left: 300 sec this turn | 300 sec total\n|\n|t:|1783556745\n|move|p2a: Ursaluna|Calm Mind|p2a: Ursaluna\n|-boost|p2a: Ursaluna|spa|1\n|-boost|p2a: Ursaluna|spd|1\n|move|p1a: Arboliva|Hyper Voice|p2a: Ursaluna\n|-damage|p2a: Ursaluna|54/100\n|\n|-heal|p2a: Ursaluna|60/100|[from] item: Leftovers\n|-damage|p2a: Ursaluna|48/100|[from] Leech Seed|[of] p1a: Arboliva\n|-heal|p1a: Arboliva|223/288|[silent]\n|upkeep\n|turn|15\n|inactive|Time left: 300 sec this turn | 300 sec total\n|\n|t:|1783556747\n|move|p1a: Arboliva|Protect|p1a: Arboliva\n|-singleturn|p1a: Arboliva|Protect\n|move|p2a: Ursaluna|Blood Moon|p1a: Arboliva\n|-activate|p1a: Arboliva|move: Protect\n|\n|-heal|p2a: Ursaluna|54/100|[from] item: Leftovers\n|-damage|p2a: Ursaluna|41/100|[from] Leech Seed|[of] p1a: Arboliva\n|-heal|p1a: Arboliva|261/288|[silent]\n|upkeep\n|turn|16\n|inactive|Time left: 300 sec this turn | 300 sec total\n|\n|t:|1783556748\n|move|p2a: Ursaluna|Moonlight|p2a: Ursaluna\n|-heal|p2a: Ursaluna|91/100\n|move|p1a: Arboliva|Hyper Voice|p2a: Ursaluna\n|-damage|p2a: Ursaluna|60/100\n|\n|-heal|p2a: Ursaluna|66/100|[from] item: Leftovers\n|-damage|p2a: Ursaluna|54/100|[from] Leech Seed|[of] p1a: Arboliva\n|-heal|p1a: Arboliva|288/288|[silent]\n|-item|p1a: Arboliva|Sitrus Berry|[from] ability: Harvest\n|upkeep\n|turn|17\n|inactive|Time left: 300 sec this turn | 300 sec total\n|\n|t:|1783556749\n|move|p1a: Arboliva|Protect|p1a: Arboliva\n|-singleturn|p1a: Arboliva|Protect\n|move|p2a: Ursaluna|Blood Moon|p1a: Arboliva\n|-activate|p1a: Arboliva|move: Protect\n|\n|-heal|p2a: Ursaluna|60/100|[from] item: Leftovers\n|-damage|p2a: Ursaluna|48/100|[from] Leech Seed|[of] p1a: Arboliva\n|upkeep\n|turn|18\n|inactive|Time left: 300 sec this turn | 300 sec total\n|\n|t:|1783556750\n|move|p2a: Ursaluna|Moonlight|p2a: Ursaluna\n|-heal|p2a: Ursaluna|98/100\n|move|p1a: Arboliva|Hyper Voice|p2a: Ursaluna\n|-damage|p2a: Ursaluna|70/100\n|\n|-heal|p2a: Ursaluna|76/100|[from] item: Leftovers\n|-damage|p2a: Ursaluna|64/100|[from] Leech Seed|[of] p1a: Arboliva\n|upkeep\n|turn|19\n|inactive|Time left: 300 sec this turn | 300 sec total\n|\n|t:|1783556751\n|move|p2a: Ursaluna|Blood Moon|p1a: Arboliva\n|-damage|p1a: Arboliva|17/288\n|-enditem|p1a: Arboliva|Sitrus Berry|[eat]\n|-heal|p1a: Arboliva|89/288|[from] item: Sitrus Berry\n|move|p1a: Arboliva|Hyper Voice|p2a: Ursaluna\n|-damage|p2a: Ursaluna|32/100\n|\n|-heal|p2a: Ursaluna|38/100|[from] item: Leftovers\n|-damage|p2a: Ursaluna|26/100|[from] Leech Seed|[of] p1a: Arboliva\n|-heal|p1a: Arboliva|127/288|[silent]\n|-item|p1a: Arboliva|Sitrus Berry|[from] ability: Harvest\n|upkeep\n|-enditem|p1a: Arboliva|Sitrus Berry|[eat]\n|-heal|p1a: Arboliva|199/288|[from] item: Sitrus Berry\n|turn|20\n|inactive|Time left: 300 sec this turn | 300 sec total\n|\n|t:|1783556752\n|move|p2a: Ursaluna|Moonlight|p2a: Ursaluna\n|-heal|p2a: Ursaluna|76/100\n|move|p1a: Arboliva|Hyper Voice|p2a: Ursaluna\n|-damage|p2a: Ursaluna|44/100\n|\n|-heal|p2a: Ursaluna|50/100|[from] item: Leftovers\n|-damage|p2a: Ursaluna|38/100|[from] Leech Seed|[of] p1a: Arboliva\n|-heal|p1a: Arboliva|237/288|[silent]\n|upkeep\n|turn|21\n|inactive|Time left: 300 sec this turn | 300 sec total\n|\n|t:|1783556753\n|move|p1a: Arboliva|Protect|p1a: Arboliva\n|-singleturn|p1a: Arboliva|Protect\n|move|p2a: Ursaluna|Moonlight|p2a: Ursaluna\n|-heal|p2a: Ursaluna|88/100\n|\n|-heal|p2a: Ursaluna|94/100|[from] item: Leftovers\n|-damage|p2a: Ursaluna|81/100|[from] Leech Seed|[of] p1a: Arboliva\n|-heal|p1a: Arboliva|275/288|[silent]\n|-item|p1a: Arboliva|Sitrus Berry|[from] ability: Harvest\n|upkeep\n|turn|22\n|inactive|Time left: 300 sec this turn | 300 sec total\n|\n|t:|1783556754\n|move|p2a: Ursaluna|Blood Moon|p1a: Arboliva\n|-damage|p1a: Arboliva|22/288\n|-enditem|p1a: Arboliva|Sitrus Berry|[eat]\n|-heal|p1a: Arboliva|94/288|[from] item: Sitrus Berry\n|move|p1a: Arboliva|Hyper Voice|p2a: Ursaluna\n|-damage|p2a: Ursaluna|50/100\n|\n|-heal|p2a: Ursaluna|56/100|[from] item: Leftovers\n|-damage|p2a: Ursaluna|44/100|[from] Leech Seed|[of] p1a: Arboliva\n|-heal|p1a: Arboliva|132/288|[silent]\n|upkeep\n|turn|23\n|inactive|Time left: 300 sec this turn | 300 sec total\n|\n|t:|1783556754\n|move|p2a: Ursaluna|Moonlight|p2a: Ursaluna\n|-heal|p2a: Ursaluna|94/100\n|move|p1a: Arboliva|Hyper Voice|p2a: Ursaluna\n|-damage|p2a: Ursaluna|65/100\n|\n|-heal|p2a: Ursaluna|71/100|[from] item: Leftovers\n|-damage|p2a: Ursaluna|59/100|[from] Leech Seed|[of] p1a: Arboliva\n|-heal|p1a: Arboliva|170/288|[silent]\n|-item|p1a: Arboliva|Sitrus Berry|[from] ability: Harvest\n|upkeep\n|turn|24\n|inactive|Time left: 300 sec this turn | 300 sec total\n|\n|t:|1783556756\n|move|p1a: Arboliva|Protect|p1a: Arboliva\n|-singleturn|p1a: Arboliva|Protect\n|move|p2a: Ursaluna|Blood Moon|p1a: Arboliva\n|-activate|p1a: Arboliva|move: Protect\n|\n|-heal|p2a: Ursaluna|65/100|[from] item: Leftovers\n|-damage|p2a: Ursaluna|52/100|[from] Leech Seed|[of] p1a: Arboliva\n|-heal|p1a: Arboliva|208/288|[silent]\n|upkeep\n|turn|25\n|inactive|Time left: 300 sec this turn | 300 sec total\n|\n|t:|1783556757\n|move|p2a: Ursaluna|Moonlight|p2a: Ursaluna\n|-heal|p2a: Ursaluna|100/100\n|move|p1a: Arboliva|Substitute|p1a: Arboliva\n|-start|p1a: Arboliva|Substitute\n|-damage|p1a: Arboliva|136/288\n|-enditem|p1a: Arboliva|Sitrus Berry|[eat]\n|-heal|p1a: Arboliva|208/288|[from] item: Sitrus Berry\n|\n|-damage|p2a: Ursaluna|88/100|[from] Leech Seed|[of] p1a: Arboliva\n|-heal|p1a: Arboliva|246/288|[silent]\n|upkeep\n|turn|26\n|inactive|Time left: 300 sec this turn | 300 sec total\n|\n|t:|1783556758\n|move|p2a: Ursaluna|Earth Power|p1a: Arboliva\n|-resisted|p1a: Arboliva\n|-end|p1a: Arboliva|Substitute\n|move|p1a: Arboliva|Hyper Voice|p2a: Ursaluna\n|-damage|p2a: Ursaluna|60/100\n|\n|-heal|p2a: Ursaluna|66/100|[from] item: Leftovers\n|-damage|p2a: Ursaluna|54/100|[from] Leech Seed|[of] p1a: Arboliva\n|-heal|p1a: Arboliva|284/288|[silent]\n|-item|p1a: Arboliva|Sitrus Berry|[from] ability: Harvest\n|upkeep\n|turn|27\n|inactive|Time left: 300 sec this turn | 300 sec total\n|\n|t:|1783556759\n|move|p2a: Ursaluna|Blood Moon|p1a: Arboliva\n|-damage|p1a: Arboliva|31/288\n|-enditem|p1a: Arboliva|Sitrus Berry|[eat]\n|-heal|p1a: Arboliva|103/288|[from] item: Sitrus Berry\n|move|p1a: Arboliva|Hyper Voice|p2a: Ursaluna\n|-damage|p2a: Ursaluna|25/100\n|\n|-heal|p2a: Ursaluna|31/100|[from] item: Leftovers\n|-damage|p2a: Ursaluna|18/100|[from] Leech Seed|[of] p1a: Arboliva\n|-heal|p1a: Arboliva|141/288|[silent]\n|upkeep\n|turn|28\n|inactive|Time left: 300 sec this turn | 300 sec total\n|\n|t:|1783556760\n|switch|p1a: Swampert|Swampert, L83, F|302/302\n|move|p2a: Ursaluna|Moonlight|p2a: Ursaluna\n|-heal|p2a: Ursaluna|68/100\n|\n|-heal|p2a: Ursaluna|75/100|[from] item: Leftovers\n|-damage|p2a: Ursaluna|62/100|[from] Leech Seed|[of] p1a: Swampert\n|upkeep\n|turn|29\n|inactive|Time left: 300 sec this turn | 300 sec total\n|\n|t:|1783556761\n|move|p1a: Swampert|Earthquake|p2a: Ursaluna\n|-damage|p2a: Ursaluna|28/100\n|move|p2a: Ursaluna|Moonlight|p2a: Ursaluna\n|-heal|p2a: Ursaluna|78/100\n|\n|-heal|p2a: Ursaluna|84/100|[from] item: Leftovers\n|-damage|p2a: Ursaluna|72/100|[from] Leech Seed|[of] p1a: Swampert\n|upkeep\n|turn|30\n|inactive|Time left: 300 sec this turn | 300 sec total\n|\n|t:|1783556762\n|move|p1a: Swampert|Earthquake|p2a: Ursaluna\n|-damage|p2a: Ursaluna|38/100\n|move|p2a: Ursaluna|Earth Power|p1a: Swampert\n|-damage|p1a: Swampert|94/302\n|\n|-heal|p1a: Swampert|112/302|[from] item: Leftovers\n|-heal|p2a: Ursaluna|44/100|[from] item: Leftovers\n|-damage|p2a: Ursaluna|32/100|[from] Leech Seed|[of] p1a: Swampert\n|-heal|p1a: Swampert|150/302|[silent]\n|upkeep\n|turn|31\n|inactive|Time left: 300 sec this turn | 300 sec total\n|\n|t:|1783556763\n|move|p1a: Swampert|Earthquake|p2a: Ursaluna\n|-damage|p2a: Ursaluna|1/100\n|move|p2a: Ursaluna|Earth Power|p1a: Swampert\n|-damage|p1a: Swampert|0 fnt\n|faint|p1a: Swampert\n|\n|-heal|p2a: Ursaluna|7/100|[from] item: Leftovers\n|upkeep\n|inactive|Time left: 300 sec this turn | 300 sec total | 5 sec grace\n|\n|t:|1783556764\n|switch|p1a: Piloswine|Piloswine, L85, M|97/309\n|turn|32\n|inactive|Time left: 300 sec this turn | 300 sec total\n|\n|t:|1783556765\n|move|p1a: Piloswine|Earthquake|p2a: Ursaluna\n|-damage|p2a: Ursaluna|0 fnt\n|faint|p2a: Ursaluna\n|\n|upkeep\n|\n|t:|1783556766\n|switch|p2a: Grimmsnarl|Grimmsnarl, L83, M|100/100\n|-damage|p2a: Grimmsnarl|88/100|[from] Stealth Rock\n|turn|33\n|inactive|Time left: 300 sec this turn | 300 sec total\n|\n|t:|1783556767\n|move|p2a: Grimmsnarl|Reflect|p2a: Grimmsnarl\n|-sidestart|p2: p0y1436ea34|Reflect\n|move|p1a: Piloswine|Earthquake|p2a: Grimmsnarl\n|-damage|p2a: Grimmsnarl|66/100\n|\n|upkeep\n|turn|34\n|inactive|Time left: 300 sec this turn | 300 sec total\n|\n|t:|1783556768\n|move|p2a: Grimmsnarl|Light Screen|p2a: Grimmsnarl\n|-sidestart|p2: p0y1436ea34|move: Light Screen\n|move|p1a: Piloswine|Earthquake|p2a: Grimmsnarl\n|-damage|p2a: Grimmsnarl|42/100\n|\n|upkeep\n|turn|35\n|inactive|Time left: 300 sec this turn | 300 sec total\n|\n|t:|1783556769\n|move|p2a: Grimmsnarl|Spirit Break|p1a: Piloswine\n|-damage|p1a: Piloswine|37/309\n|-unboost|p1a: Piloswine|spa|1\n|move|p1a: Piloswine|Earthquake|p2a: Grimmsnarl\n|-damage|p2a: Grimmsnarl|17/100\n|\n|upkeep\n|turn|36\n|inactive|Time left: 300 sec this turn | 300 sec total\n|\n|t:|1783556770\n|switch|p1a: Pecharunt|Pecharunt, L77|262/262\n|move|p2a: Grimmsnarl|Spirit Break|p1a: Pecharunt\n|-resisted|p1a: Pecharunt\n|-damage|p1a: Pecharunt|231/262\n|-unboost|p1a: Pecharunt|spa|1\n|\n|-heal|p1a: Pecharunt|247/262|[from] item: Leftovers\n|upkeep\n|turn|37\n|inactive|Time left: 300 sec this turn | 300 sec total\n|\n|t:|1783556771\n|move|p2a: Grimmsnarl|Thunder Wave|p1a: Pecharunt\n|-status|p1a: Pecharunt|par\n|move|p1a: Pecharunt|Parting Shot|p2a: Grimmsnarl\n|-unboost|p2a: Grimmsnarl|atk|1\n|-unboost|p2a: Grimmsnarl|spa|1\n|inactive|Time left: 300 sec this turn | 300 sec total | 5 sec grace\n|\n|t:|1783556772\n|switch|p1a: Infernape|Infernape, L82, M|259/259|[from] Parting Shot\n|\n|upkeep\n|turn|38\n|inactive|Time left: 300 sec this turn | 300 sec total\n|\n|t:|1783556773\n|switch|p2a: Tornadus|Tornadus, L82, M|100/100\n|move|p1a: Infernape|Swords Dance|p1a: Infernape\n|-boost|p1a: Infernape|atk|2\n|\n|upkeep\n|turn|39\n|inactive|Time left: 300 sec this turn | 300 sec total\n|\n|t:|1783556774\n|-terastallize|p1a: Infernape|Fire\n|move|p2a: Tornadus|Bleakwind Storm|p1a: Infernape\n|-damage|p1a: Infernape|103/259\n|move|p1a: Infernape|Flare Blitz|p2a: Tornadus\n|-damage|p2a: Tornadus|7/100\n|-damage|p1a: Infernape|21/259|[from] Recoil\n|-damage|p1a: Infernape|0 fnt|[from] item: Life Orb\n|faint|p1a: Infernape\n|\n|upkeep\n|inactive|Time left: 300 sec this turn | 300 sec total | 5 sec grace\n|\n|t:|1783556775\n|switch|p1a: Piloswine|Piloswine, L85, M|37/309\n|turn|40\n|inactive|Time left: 300 sec this turn | 300 sec total\n|\n|t:|1783556775\n|switch|p2a: Typhlosion|Typhlosion, L84, F|2/100\n|-damage|p2a: Typhlosion|0 fnt|[from] Stealth Rock\n|faint|p2a: Typhlosion\n|move|p1a: Piloswine|Ice Shard|p2: Typhlosion|[notarget]\n|-fail|p1a: Piloswine\n|\n|-sideend|p2: p0y1436ea34|Reflect\n|upkeep\n|\n|t:|1783556776\n|switch|p2a: Tornadus|Tornadus, L82, M|7/100\n|turn|41\n|inactive|Time left: 300 sec this turn | 300 sec total\n|\n|t:|1783556777\n|switch|p2a: Grimmsnarl|Grimmsnarl, L83, M|17/100\n|-damage|p2a: Grimmsnarl|5/100|[from] Stealth Rock\n|move|p1a: Piloswine|Ice Shard|p2a: Grimmsnarl\n|-damage|p2a: Grimmsnarl|0 fnt\n|faint|p2a: Grimmsnarl\n|\n|-sideend|p2: p0y1436ea34|move: Light Screen\n|upkeep\n|\n|t:|1783556778\n|switch|p2a: Tornadus|Tornadus, L82, M|7/100\n|turn|42\n|inactive|Time left: 300 sec this turn | 300 sec total\n|\n|t:|1783556779\n|move|p1a: Piloswine|Ice Shard|p2a: Tornadus\n|-supereffective|p2a: Tornadus\n|-damage|p2a: Tornadus|0 fnt\n|faint|p2a: Tornadus\n|\n|win|p0x1436cb97", "uploadtime": 1783556779, "views": 0, "rating": 0, "private": 0, "password": null, "_winner": "p0x1436cb97", "_our_name": "p0x1436cb97"}