{"id": "battle-gen9randombattle-1520", "formatid": "gen9randombattle", "format": "[Gen 9] Random Battle", "players": ["p0x1520c742", "p0y152099c2"], "log": "|init|battle\n|title|p0x1520c742 vs. p0y152099c2\n|j|\u2606p0x1520c742\n|j|\u2606p0y152099c2\n|t:|1783556772\n|gametype|singles\n|player|p1|p0x1520c742|265|\n|player|p2|p0y152099c2|170|\n|gen|9\n|tier|[Gen 9] Random Battle\n|rule|Species Clause: Limit one of each Pok\u00e9mon\n|rule|HP Percentage Mod: HP is shown in percentages\n|rule|Sleep Clause Mod: Limit one foe put to sleep\n|rule|Illusion Level Mod: Illusion disguises the Pok\u00e9mon's true level\n|\n|t:|1783556772\n|teamsize|p1|6\n|teamsize|p2|6\n|start\n|switch|p1a: Flareon|Flareon, L90, F|263/263\n|switch|p2a: Pyroar|Pyroar, L88, M|100/100\n|-ability|p2a: Pyroar|Unnerve\n|turn|1\n|inactive|Battle timer is ON: inactive players will automatically lose when time's up. (requested by p0y152099c2)\n|inactive|Time left: 300 sec this turn | 300 sec total | 60 sec grace\n|inactive|p0x1520c742 also wants the timer to be on.\n|\n|t:|1783556774\n|switch|p1a: Ursaluna|Ursaluna, L79, F|335/335\n|move|p2a: Pyroar|Work Up|p2a: Pyroar\n|-boost|p2a: Pyroar|atk|1\n|-boost|p2a: Pyroar|spa|1\n|\n|-status|p1a: Ursaluna|brn|[from] item: Flame Orb\n|upkeep\n|turn|2\n|inactive|Time left: 300 sec this turn | 300 sec total\n|\n|t:|1783556775\n|-terastallize|p2a: Pyroar|Fire\n|move|p2a: Pyroar|Fire Blast|p1a: Ursaluna\n|-damage|p1a: Ursaluna|15/335 brn\n|move|p1a: Ursaluna|Headlong Rush|p2a: Pyroar\n|-supereffective|p2a: Pyroar\n|-damage|p2a: Pyroar|0 fnt\n|-unboost|p1a: Ursaluna|def|1\n|-unboost|p1a: Ursaluna|spd|1\n|faint|p2a: Pyroar\n|\n|-damage|p1a: Ursaluna|0 fnt|[from] brn\n|faint|p1a: Ursaluna\n|upkeep\n|inactive|Time left: 300 sec this turn | 300 sec total | 5 sec grace\n|\n|t:|1783556776\n|switch|p2a: Conkeldurr|Conkeldurr, L80, M|100/100\n|switch|p1a: Mabosstiff|Mabosstiff, L86, M|278/278\n|turn|3\n|inactive|Time left: 300 sec this turn | 300 sec total\n|\n|t:|1783556777\n|move|p1a: Mabosstiff|Play Rough|p2a: Conkeldurr\n|-supereffective|p2a: Conkeldurr\n|-damage|p2a: Conkeldurr|16/100\n|move|p2a: Conkeldurr|Close Combat|p1a: Mabosstiff\n|-supereffective|p1a: Mabosstiff\n|-damage|p1a: Mabosstiff|0 fnt\n|-unboost|p2a: Conkeldurr|def|1\n|-unboost|p2a: Conkeldurr|spd|1\n|faint|p1a: Mabosstiff\n|\n|-status|p2a: Conkeldurr|brn|[from] item: Flame Orb\n|upkeep\n|inactive|Time left: 300 sec this turn | 300 sec total | 5 sec grace\n|\n|t:|1783556777\n|switch|p1a: Flareon|Flareon, L90, F|263/263\n|turn|4\n|inactive|Time left: 300 sec this turn | 300 sec total\n|\n|t:|1783556778\n|switch|p2a: Salamence|Salamence, L77, M|100/100\n|move|p1a: Flareon|Trailblaze|p2a: Salamence\n|-resisted|p2a: Salamence\n|-damage|p2a: Salamence|95/100\n|-boost|p1a: Flareon|spe|1\n|\n|-status|p1a: Flareon|tox|[from] item: Toxic Orb\n|upkeep\n|turn|5\n|inactive|Time left: 300 sec this turn | 300 sec total\n|\n|t:|1783556779\n|-terastallize|p1a: Flareon|Normal\n|move|p1a: Flareon|Facade|p2a: Salamence\n|-damage|p2a: Salamence|0 fnt\n|faint|p2a: Salamence\n|\n|-damage|p1a: Flareon|247/263 tox|[from] psn\n|upkeep\n|\n|t:|1783556780\n|switch|p2a: Golurk|Golurk, L87|100/100\n|turn|6\n|inactive|Time left: 300 sec this turn | 300 sec total\n|\n|t:|1783556781\n|move|p1a: Flareon|Flare Blitz|p2a: Golurk\n|-damage|p2a: Golurk|12/100\n|-damage|p1a: Flareon|160/263 tox|[from] Recoil\n|move|p2a: Golurk|Dynamic Punch|p1a: Flareon\n|-supereffective|p1a: Flareon\n|-damage|p1a: Flareon|0 fnt\n|faint|p1a: Flareon\n|\n|upkeep\n|inactive|Time left: 300 sec this turn | 300 sec total | 5 sec grace\n|\n|t:|1783556783\n|switch|p1a: Cresselia|Cresselia, L80, F|323/323\n|turn|7\n|inactive|Time left: 300 sec this turn | 300 sec total\n|\n|t:|1783556784\n|move|p1a: Cresselia|Psyshock|p2a: Golurk\n|-damage|p2a: Golurk|0 fnt\n|faint|p2a: Golurk\n|\n|upkeep\n|\n|t:|1783556785\n|switch|p2a: Tinkaton|Tinkaton, L82, F|100/100\n|-ability|p2a: Tinkaton|Mold Breaker\n|turn|8\n|inactive|Time left: 300 sec this turn | 300 sec total\n|\n|t:|1783556786\n|move|p2a: Tinkaton|Swords Dance|p2a: Tinkaton\n|-boost|p2a: Tinkaton|atk|2\n|move|p1a: Cresselia|Calm Mind|p1a: Cresselia\n|-boost|p1a: Cresselia|spa|1\n|-boost|p1a: Cresselia|spd|1\n|\n|upkeep\n|turn|9\n|inactive|Time left: 300 sec this turn | 300 sec total\n|\n|t:|1783556787\n|move|p2a: Tinkaton|Swords Dance|p2a: Tinkaton\n|-boost|p2a: Tinkaton|atk|2\n|move|p1a: Cresselia|Moonlight|p1a: Cresselia\n|-fail|p1a: Cresselia|heal\n|\n|upkeep\n|turn|10\n|inactive|Time left: 300 sec this turn | 300 sec total\n|\n|t:|1783556788\n|move|p2a: Tinkaton|Gigaton Hammer|p1a: Cresselia\n|-damage|p1a: Cresselia|0 fnt\n|faint|p1a: Cresselia\n|\n|upkeep\n|inactive|Time left: 300 sec this turn | 300 sec total | 5 sec grace\n|\n|t:|1783556789\n|switch|p1a: Illumise|Illumise, L91, F|266/266\n|turn|11\n|inactive|Time left: 300 sec this turn | 300 sec total\n|\n|t:|1783556790\n|move|p1a: Illumise|Encore|p2a: Tinkaton\n|-start|p2a: Tinkaton|Encore\n|move|p2a: Tinkaton|Gigaton Hammer|p1a: Illumise\n|-damage|p1a: Illumise|0 fnt\n|faint|p1a: Illumise\n|-hint|Some effects can force a Pokemon to use Gigaton Hammer again in a row.\n|\n|upkeep\n|inactive|Time left: 300 sec this turn | 300 sec total | 5 sec grace\n|\n|t:|1783556791\n|switch|p1a: Jolteon|Jolteon, L84, M|246/246\n|turn|12\n|inactive|Time left: 300 sec this turn | 300 sec total\n|\n|t:|1783556792\n|move|p1a: Jolteon|Calm Mind|p1a: Jolteon\n|-boost|p1a: Jolteon|spa|1\n|-boost|p1a: Jolteon|spd|1\n|-activate|p2a: Tinkaton|move: Struggle\n|move|p2a: Tinkaton|Struggle|p1a: Jolteon\n|-damage|p1a: Jolteon|144/246\n|-damage|p2a: Tinkaton|75/100|[from] recoil\n|\n|-heal|p1a: Jolteon|159/246|[from] item: Leftovers\n|-heal|p2a: Tinkaton|82/100|[from] item: Leftovers\n|upkeep\n|turn|13\n|inactive|Time left: 300 sec this turn | 300 sec total\n|\n|t:|1783556793\n|switch|p2a: Conkeldurr|Conkeldurr, L80, M|16/100 brn\n|move|p1a: Jolteon|Thunderbolt|p2a: Conkeldurr\n|-damage|p2a: Conkeldurr|0 fnt\n|faint|p2a: Conkeldurr\n|\n|-heal|p1a: Jolteon|174/246|[from] item: Leftovers\n|upkeep\n|\n|t:|1783556794\n|switch|p2a: Tinkaton|Tinkaton, L82, F|82/100\n|-ability|p2a: Tinkaton|Mold Breaker\n|turn|14\n|inactive|Time left: 300 sec this turn | 300 sec total\n|\n|t:|1783556795\n|move|p2a: Tinkaton|Protect|p2a: Tinkaton\n|-singleturn|p2a: Tinkaton|Protect\n|move|p1a: Jolteon|Thunderbolt|p2a: Tinkaton\n|-activate|p2a: Tinkaton|move: Protect\n|\n|-heal|p1a: Jolteon|189/246|[from] item: Leftovers\n|-heal|p2a: Tinkaton|88/100|[from] item: Leftovers\n|upkeep\n|turn|15\n|inactive|Time left: 300 sec this turn | 300 sec total\n|\n|t:|1783556796\n|move|p1a: Jolteon|Thunderbolt|p2a: Tinkaton\n|-damage|p2a: Tinkaton|41/100\n|move|p2a: Tinkaton|Play Rough|p1a: Jolteon\n|-damage|p1a: Jolteon|90/246\n|\n|-heal|p1a: Jolteon|105/246|[from] item: Leftovers\n|-heal|p2a: Tinkaton|47/100|[from] item: Leftovers\n|upkeep\n|turn|16\n|inactive|Time left: 300 sec this turn | 300 sec total\n|\n|t:|1783556798\n|move|p2a: Tinkaton|Protect|p2a: Tinkaton\n|-singleturn|p2a: Tinkaton|Protect\n|move|p1a: Jolteon|Thunderbolt|p2a: Tinkaton\n|-activate|p2a: Tinkaton|move: Protect\n|\n|-heal|p1a: Jolteon|120/246|[from] item: Leftovers\n|-heal|p2a: Tinkaton|53/100|[from] item: Leftovers\n|upkeep\n|turn|17\n|inactive|Time left: 300 sec this turn | 300 sec total\n|\n|t:|1783556799\n|move|p1a: Jolteon|Thunderbolt|p2a: Tinkaton\n|-damage|p2a: Tinkaton|1/100\n|move|p2a: Tinkaton|Play Rough|p1a: Jolteon\n|-damage|p1a: Jolteon|24/246\n|\n|-heal|p1a: Jolteon|39/246|[from] item: Leftovers\n|-heal|p2a: Tinkaton|7/100|[from] item: Leftovers\n|upkeep\n|turn|18\n|inactive|Time left: 300 sec this turn | 300 sec total\n|\n|t:|1783556800\n|move|p1a: Jolteon|Thunderbolt|p2a: Tinkaton\n|-damage|p2a: Tinkaton|0 fnt\n|faint|p2a: Tinkaton\n|\n|-heal|p1a: Jolteon|54/246|[from] item: Leftovers\n|upkeep\n|\n|t:|1783556801\n|switch|p2a: Gholdengo|Gholdengo, L77|100/100\n|turn|19\n|inactive|Time left: 300 sec this turn | 300 sec total\n|\n|t:|1783556801\n|move|p1a: Jolteon|Thunderbolt|p2a: Gholdengo\n|-damage|p2a: Gholdengo|37/100\n|move|p2a: Gholdengo|Shadow Ball|p1a: Jolteon\n|-damage|p1a: Jolteon|0 fnt\n|faint|p1a: Jolteon\n|\n|win|p0y152099c2", "uploadtime": 1783556802, "views": 0, "rating": 0, "private": 0, "password": null, "_winner": "p0y152099c2", "_our_name": "p0x1520c742"}