{"id": "battle-gen9randombattle-626", "formatid": "gen9randombattle", "format": "[Gen 9] Random Battle", "players": ["p0x626f389", "p0y62691e7"], "log": "|init|battle\n|title|p0x626f389 vs. p0y62691e7\n|j|\u2606p0x626f389\n|j|\u2606p0y62691e7\n|t:|1783547084\n|gametype|singles\n|player|p1|p0x626f389|102|\n|player|p2|p0y62691e7|102|\n|gen|9\n|tier|[Gen 9] Random Battle\n|rule|Species Clause: Limit one of each Pok\u00e9mon\n|rule|HP Percentage Mod: HP is shown in percentages\n|rule|Sleep Clause Mod: Limit one foe put to sleep\n|rule|Illusion Level Mod: Illusion disguises the Pok\u00e9mon's true level\n|\n|t:|1783547084\n|teamsize|p1|6\n|teamsize|p2|6\n|start\n|switch|p1a: Toxtricity|Toxtricity, L82, F|257/257\n|switch|p2a: Beartic|Beartic, L91, M|100/100\n|turn|1\n|inactive|Battle timer is ON: inactive players will automatically lose when time's up. (requested by p0x626f389)\n|inactive|p0y62691e7 also wants the timer to be on.\n|\n|t:|1783547086\n|move|p1a: Toxtricity|Boomburst|p2a: Beartic\n|-damage|p2a: Beartic|59/100\n|-enditem|p1a: Toxtricity|Throat Spray\n|-boost|p1a: Toxtricity|spa|1|[from] item: Throat Spray\n|move|p2a: Beartic|Earthquake|p1a: Toxtricity\n|-supereffective|p1a: Toxtricity\n|-damage|p1a: Toxtricity|0 fnt\n|faint|p1a: Toxtricity\n|\n|upkeep\n|inactive|Time left: 300 sec this turn | 300 sec total | 65 sec grace\n|\n|t:|1783547087\n|switch|p1a: Arceus|Arceus-Bug, L73|295/295\n|turn|2\n|inactive|Time left: 300 sec this turn | 300 sec total\n|\n|t:|1783547089\n|move|p1a: Arceus|Judgment|p2a: Beartic\n|-damage|p2a: Beartic|22/100\n|move|p2a: Beartic|Icicle Crash|p1a: Arceus\n|-damage|p1a: Arceus|171/295\n|\n|upkeep\n|turn|3\n|inactive|Time left: 300 sec this turn | 300 sec total\n|\n|t:|1783547090\n|switch|p2a: Sinistcha|Sinistcha, L83|100/100\n|move|p1a: Arceus|Judgment|p2a: Sinistcha\n|-damage|p2a: Sinistcha|48/100\n|\n|-heal|p2a: Sinistcha|54/100|[from] item: Leftovers\n|upkeep\n|turn|4\n|inactive|Time left: 300 sec this turn | 300 sec total\n|\n|t:|1783547091\n|move|p1a: Arceus|Judgment|p2a: Sinistcha\n|-damage|p2a: Sinistcha|5/100\n|move|p2a: Sinistcha|Strength Sap|p1a: Arceus\n|-unboost|p1a: Arceus|atk|1\n|-heal|p2a: Sinistcha|76/100\n|\n|-heal|p2a: Sinistcha|82/100|[from] item: Leftovers\n|upkeep\n|turn|5\n|inactive|Time left: 300 sec this turn | 300 sec total\n|\n|t:|1783547092\n|move|p1a: Arceus|Judgment|p2a: Sinistcha\n|-damage|p2a: Sinistcha|28/100\n|move|p2a: Sinistcha|Calm Mind|p2a: Sinistcha\n|-boost|p2a: Sinistcha|spa|1\n|-boost|p2a: Sinistcha|spd|1\n|\n|-heal|p2a: Sinistcha|34/100|[from] item: Leftovers\n|upkeep\n|turn|6\n|inactive|Time left: 300 sec this turn | 300 sec total\n|\n|t:|1783547093\n|move|p1a: Arceus|Judgment|p2a: Sinistcha\n|-damage|p2a: Sinistcha|0 fnt\n|faint|p2a: Sinistcha\n|\n|upkeep\n|\n|t:|1783547094\n|switch|p2a: Groudon|Groudon, L72|100/100\n|-weather|SunnyDay|[from] ability: Drought|[of] p2a: Groudon\n|turn|7\n|inactive|Time left: 300 sec this turn | 300 sec total\n|\n|t:|1783547095\n|move|p1a: Arceus|Recover|p1a: Arceus\n|-heal|p1a: Arceus|295/295\n|move|p2a: Groudon|Swords Dance|p2a: Groudon\n|-boost|p2a: Groudon|atk|2\n|\n|-weather|SunnyDay|[upkeep]\n|upkeep\n|turn|8\n|inactive|Time left: 300 sec this turn | 300 sec total\n|\n|t:|1783547096\n|switch|p1a: Giratina|Giratina, L75|349/349\n|-ability|p1a: Giratina|Pressure\n|move|p2a: Groudon|Precipice Blades|p1a: Giratina\n|-damage|p1a: Giratina|108/349\n|\n|-weather|SunnyDay|[upkeep]\n|-heal|p1a: Giratina|129/349|[from] item: Leftovers\n|upkeep\n|turn|9\n|inactive|Time left: 300 sec this turn | 300 sec total\n|\n|t:|1783547096\n|move|p1a: Giratina|Rest|p1a: Giratina\n|-status|p1a: Giratina|slp|[from] move: Rest\n|-heal|p1a: Giratina|349/349 slp|[silent]\n|move|p2a: Groudon|Precipice Blades|p1a: Giratina\n|-damage|p1a: Giratina|130/349 slp\n|\n|-weather|SunnyDay|[upkeep]\n|-heal|p1a: Giratina|151/349 slp|[from] item: Leftovers\n|upkeep\n|turn|10\n|inactive|Time left: 300 sec this turn | 300 sec total\n|\n|t:|1783547097\n|switch|p1a: Arceus|Arceus-Bug, L73|295/295\n|move|p2a: Groudon|Precipice Blades|p1a: Arceus\n|-resisted|p1a: Arceus\n|-damage|p1a: Arceus|169/295\n|\n|-weather|SunnyDay|[upkeep]\n|upkeep\n|turn|11\n|inactive|Time left: 300 sec this turn | 300 sec total\n|\n|t:|1783547098\n|switch|p1a: Giratina|Giratina, L75|151/349 slp\n|-ability|p1a: Giratina|Pressure\n|move|p2a: Groudon|Heat Crash|p1a: Giratina\n|-resisted|p1a: Giratina\n|-damage|p1a: Giratina|115/349 slp\n|\n|-weather|none\n|-heal|p1a: Giratina|136/349 slp|[from] item: Leftovers\n|upkeep\n|turn|12\n|inactive|Time left: 300 sec this turn | 300 sec total\n|\n|t:|1783547098\n|move|p2a: Groudon|Swords Dance|p2a: Groudon\n|-boost|p2a: Groudon|atk|2\n|cant|p1a: Giratina|slp\n|\n|-heal|p1a: Giratina|157/349 slp|[from] item: Leftovers\n|upkeep\n|turn|13\n|inactive|Time left: 300 sec this turn | 300 sec total\n|\n|t:|1783547099\n|move|p2a: Groudon|Precipice Blades|p1a: Giratina\n|-damage|p1a: Giratina|0 fnt\n|faint|p1a: Giratina\n|\n|upkeep\n|inactive|Time left: 300 sec this turn | 300 sec total | 5 sec grace\n|\n|t:|1783547100\n|switch|p1a: Arceus|Arceus-Bug, L73|169/295\n|turn|14\n|inactive|Time left: 300 sec this turn | 300 sec total\n|\n|t:|1783547101\n|move|p1a: Arceus|Recover|p1a: Arceus\n|-heal|p1a: Arceus|295/295\n|move|p2a: Groudon|Precipice Blades|p1a: Arceus|[miss]\n|-miss|p2a: Groudon|p1a: Arceus\n|\n|upkeep\n|turn|15\n|inactive|Time left: 300 sec this turn | 300 sec total\n|\n|t:|1783547102\n|move|p1a: Arceus|Judgment|p2a: Groudon\n|-damage|p2a: Groudon|47/100\n|move|p2a: Groudon|Precipice Blades|p1a: Arceus\n|-resisted|p1a: Arceus\n|-damage|p1a: Arceus|112/295\n|\n|-heal|p2a: Groudon|53/100|[from] item: Leftovers\n|upkeep\n|turn|16\n|inactive|Time left: 300 sec this turn | 300 sec total\n|\n|t:|1783547103\n|move|p1a: Arceus|Judgment|p2a: Groudon\n|-damage|p2a: Groudon|0 fnt\n|faint|p2a: Groudon\n|\n|upkeep\n|\n|t:|1783547104\n|switch|p2a: Infernape|Infernape, L82, F|100/100\n|turn|17\n|inactive|Time left: 300 sec this turn | 300 sec total\n|\n|t:|1783547105\n|move|p2a: Infernape|Flare Blitz|p1a: Arceus\n|-supereffective|p1a: Arceus\n|-damage|p1a: Arceus|0 fnt\n|faint|p1a: Arceus\n|-damage|p2a: Infernape|86/100|[from] Recoil\n|\n|upkeep\n|inactive|Time left: 300 sec this turn | 300 sec total | 5 sec grace\n|\n|t:|1783547106\n|switch|p1a: Electivire|Electivire, L84, M|263/263\n|turn|18\n|inactive|Time left: 300 sec this turn | 300 sec total\n|\n|t:|1783547107\n|move|p2a: Infernape|Flare Blitz|p1a: Electivire\n|-damage|p1a: Electivire|104/263\n|-damage|p2a: Infernape|66/100|[from] Recoil\n|move|p1a: Electivire|Earthquake|p2a: Infernape\n|-supereffective|p2a: Infernape\n|-damage|p2a: Infernape|0 fnt\n|faint|p2a: Infernape\n|-damage|p1a: Electivire|78/263|[from] item: Life Orb\n|\n|upkeep\n|\n|t:|1783547108\n|switch|p2a: Appletun|Appletun, L92, M|100/100\n|turn|19\n|inactive|Time left: 300 sec this turn | 300 sec total\n|\n|t:|1783547109\n|switch|p1a: Registeel|Registeel, L81|262/262\n|move|p2a: Appletun|Apple Acid|p1a: Registeel\n|-resisted|p1a: Registeel\n|-damage|p1a: Registeel|226/262\n|\n|-heal|p1a: Registeel|242/262|[from] item: Leftovers\n|upkeep\n|turn|20\n|inactive|Time left: 300 sec this turn | 300 sec total\n|\n|t:|1783547110\n|move|p1a: Registeel|Iron Defense|p1a: Registeel\n|-boost|p1a: Registeel|def|2\n|move|p2a: Appletun|Leech Seed|p1a: Registeel|[miss]\n|-miss|p2a: Appletun|p1a: Registeel\n|\n|-heal|p1a: Registeel|258/262|[from] item: Leftovers\n|upkeep\n|turn|21\n|inactive|Time left: 300 sec this turn | 300 sec total\n|\n|t:|1783547111\n|move|p1a: Registeel|Iron Defense|p1a: Registeel\n|-boost|p1a: Registeel|def|2\n|move|p2a: Appletun|Leech Seed|p1a: Registeel\n|-start|p1a: Registeel|move: Leech Seed\n|\n|-heal|p1a: Registeel|262/262|[from] item: Leftovers\n|-damage|p1a: Registeel|230/262|[from] Leech Seed|[of] p2a: Appletun\n|upkeep\n|turn|22\n|inactive|Time left: 300 sec this turn | 300 sec total\n|\n|t:|1783547112\n|switch|p2a: Meowstic|Meowstic, L89, M|100/100\n|move|p1a: Registeel|Body Press|p2a: Meowstic\n|-resisted|p2a: Meowstic\n|-damage|p2a: Meowstic|60/100\n|\n|-heal|p2a: Meowstic|66/100|[from] item: Leftovers\n|-heal|p1a: Registeel|246/262|[from] item: Leftovers\n|-damage|p1a: Registeel|214/262|[from] Leech Seed|[of] p2a: Meowstic\n|-heal|p2a: Meowstic|77/100|[silent]\n|upkeep\n|turn|23\n|inactive|Time left: 300 sec this turn | 300 sec total\n|\n|t:|1783547113\n|move|p2a: Meowstic|Yawn|p1a: Registeel\n|-start|p1a: Registeel|move: Yawn|[of] p2a: Meowstic\n|move|p1a: Registeel|Body Press|p2a: Meowstic\n|-resisted|p2a: Meowstic\n|-damage|p2a: Meowstic|31/100\n|\n|-heal|p2a: Meowstic|37/100|[from] item: Leftovers\n|-heal|p1a: Registeel|230/262|[from] item: Leftovers\n|-damage|p1a: Registeel|198/262|[from] Leech Seed|[of] p2a: Meowstic\n|-heal|p2a: Meowstic|49/100|[silent]\n|upkeep\n|turn|24\n|inactive|Time left: 300 sec this turn | 300 sec total\n|\n|t:|1783547114\n|switch|p1a: Blissey|Blissey, L85, F|572/572\n|move|p2a: Meowstic|Psychic Noise|p1a: Blissey\n|-damage|p1a: Blissey|518/572\n|-start|p1a: Blissey|move: Heal Block\n|\n|-heal|p2a: Meowstic|55/100|[from] item: Leftovers\n|upkeep\n|turn|25\n|inactive|Time left: 300 sec this turn | 300 sec total\n|\n|t:|1783547115\n|move|p2a: Meowstic|Yawn|p1a: Blissey\n|-start|p1a: Blissey|move: Yawn|[of] p2a: Meowstic\n|move|p1a: Blissey|Seismic Toss|p2a: Meowstic\n|-damage|p2a: Meowstic|24/100\n|\n|-heal|p2a: Meowstic|30/100|[from] item: Leftovers\n|-end|p1a: Blissey|move: Heal Block\n|upkeep\n|turn|26\n|inactive|Time left: 300 sec this turn | 300 sec total\n|\n|t:|1783547117\n|move|p2a: Meowstic|Psychic Noise|p1a: Blissey\n|-damage|p1a: Blissey|463/572\n|-start|p1a: Blissey|move: Heal Block\n|move|p1a: Blissey|Seismic Toss|p2a: Meowstic\n|-damage|p2a: Meowstic|0 fnt\n|faint|p2a: Meowstic\n|\n|-end|p1a: Blissey|move: Yawn|[silent]\n|-status|p1a: Blissey|slp\n|upkeep\n|\n|t:|1783547118\n|switch|p2a: Beartic|Beartic, L91, M|22/100\n|turn|27\n|inactive|Time left: 300 sec this turn | 300 sec total\n|\n|t:|1783547119\n|-curestatus|p1a: Blissey|slp|[from] ability: Natural Cure|[silent]\n|switch|p1a: Electivire|Electivire, L84, M|78/263\n|move|p2a: Beartic|Swords Dance|p2a: Beartic\n|-boost|p2a: Beartic|atk|2\n|\n|upkeep\n|turn|28\n|inactive|Time left: 300 sec this turn | 300 sec total\n|\n|t:|1783547120\n|move|p2a: Beartic|Aqua Jet|p1a: Electivire\n|-damage|p1a: Electivire|0 fnt\n|faint|p1a: Electivire\n|\n|upkeep\n|inactive|Time left: 300 sec this turn | 300 sec total | 5 sec grace\n|\n|t:|1783547121\n|switch|p1a: Registeel|Registeel, L81|198/262\n|turn|29\n|inactive|Time left: 300 sec this turn | 300 sec total\n|\n|t:|1783547122\n|-terastallize|p2a: Beartic|Ground\n|-terastallize|p1a: Registeel|Fighting\n|move|p2a: Beartic|Earthquake|p1a: Registeel\n|-damage|p1a: Registeel|0 fnt\n|faint|p1a: Registeel\n|\n|upkeep\n|inactive|Time left: 300 sec this turn | 300 sec total | 5 sec grace\n|\n|t:|1783547123\n|switch|p1a: Blissey|Blissey, L85, F|463/572\n|turn|30\n|inactive|Time left: 300 sec this turn | 300 sec total\n|\n|t:|1783547124\n|move|p2a: Beartic|Earthquake|p1a: Blissey\n|-damage|p1a: Blissey|0 fnt\n|faint|p1a: Blissey\n|\n|win|p0y62691e7", "uploadtime": 1783547124, "views": 0, "rating": 0, "private": 0, "password": null, "_winner": "p0y62691e7", "_our_name": "p0x626f389"}