{"id": "battle-gen9randombattle-2512", "formatid": "gen9randombattle", "format": "[Gen 9] Random Battle", "players": ["p0x25123403", "p0y25121460"], "log": "|init|battle\n|title|p0x25123403 vs. p0y25121460\n|j|\u2606p0x25123403\n|j|\u2606p0y25121460\n|t:|1783568136\n|gametype|singles\n|player|p1|p0x25123403|169|\n|player|p2|p0y25121460|266|\n|gen|9\n|tier|[Gen 9] Random Battle\n|rule|Species Clause: Limit one of each Pok\u00e9mon\n|rule|HP Percentage Mod: HP is shown in percentages\n|rule|Sleep Clause Mod: Limit one foe put to sleep\n|rule|Illusion Level Mod: Illusion disguises the Pok\u00e9mon's true level\n|\n|t:|1783568136\n|teamsize|p1|6\n|teamsize|p2|6\n|start\n|switch|p1a: Noivern|Noivern, L82, F|100/100\n|switch|p2a: Indeedee|Indeedee-F, L90, F|272/272\n|-fieldstart|move: Psychic Terrain|[from] ability: Psychic Surge|[of] p2a: Indeedee\n|turn|1\n|inactive|Battle timer is ON: inactive players will automatically lose when time's up. (requested by p0y25121460)\n|\n|t:|1783568137\n|move|p1a: Noivern|Hurricane|p2a: Indeedee\n|-damage|p2a: Indeedee|136/272\n|move|p2a: Indeedee|Calm Mind|p2a: Indeedee\n|-boost|p2a: Indeedee|spa|1\n|-boost|p2a: Indeedee|spd|1\n|\n|upkeep\n|turn|2\n|inactive|Time left: 300 sec this turn | 300 sec total\n|inactive|p0x25123403 also wants the timer to be on.\n|\n|t:|1783568138\n|move|p1a: Noivern|Hurricane|p2a: Indeedee\n|-damage|p2a: Indeedee|52/272\n|move|p2a: Indeedee|Psyshock|p1a: Noivern\n|-damage|p1a: Noivern|2/100\n|-damage|p2a: Indeedee|25/272|[from] item: Life Orb\n|\n|upkeep\n|turn|3\n|inactive|Time left: 300 sec this turn | 300 sec total\n|\n|t:|1783568139\n|switch|p2a: Drednaw|Drednaw, L81, M|278/278\n|move|p1a: Noivern|Hurricane|p2a: Drednaw\n|-resisted|p2a: Drednaw\n|-damage|p2a: Drednaw|170/278\n|\n|upkeep\n|turn|4\n|inactive|Time left: 300 sec this turn | 300 sec total\n|\n|t:|1783568140\n|move|p1a: Noivern|Hurricane|p2a: Drednaw\n|-resisted|p2a: Drednaw\n|-damage|p2a: Drednaw|60/278\n|move|p2a: Drednaw|Shell Smash|p2a: Drednaw\n|-unboost|p2a: Drednaw|def|1\n|-unboost|p2a: Drednaw|spd|1\n|-boost|p2a: Drednaw|atk|2\n|-boost|p2a: Drednaw|spa|2\n|-boost|p2a: Drednaw|spe|2\n|-enditem|p2a: Drednaw|White Herb\n|-clearnegativeboost|p2a: Drednaw|[silent]\n|\n|upkeep\n|turn|5\n|inactive|Time left: 300 sec this turn | 300 sec total\n|\n|t:|1783568141\n|move|p2a: Drednaw|Stone Edge|p1a: Noivern\n|-supereffective|p1a: Noivern\n|-damage|p1a: Noivern|0 fnt\n|faint|p1a: Noivern\n|\n|-fieldend|move: Psychic Terrain\n|upkeep\n|\n|t:|1783568142\n|switch|p1a: Whiscash|Whiscash, L88, M|100/100\n|turn|6\n|inactive|Time left: 300 sec this turn | 300 sec total\n|\n|t:|1783568143\n|move|p2a: Drednaw|Liquidation|p1a: Whiscash\n|-damage|p1a: Whiscash|42/100\n|-unboost|p1a: Whiscash|def|1\n|move|p1a: Whiscash|Earthquake|p2a: Drednaw\n|-supereffective|p2a: Drednaw\n|-damage|p2a: Drednaw|0 fnt\n|faint|p2a: Drednaw\n|\n|-heal|p1a: Whiscash|48/100|[from] item: Leftovers\n|upkeep\n|inactive|Time left: 300 sec this turn | 300 sec total | 5 sec grace\n|\n|t:|1783568144\n|switch|p2a: Lurantis|Lurantis, L87, M|264/264\n|turn|7\n|inactive|Time left: 300 sec this turn | 300 sec total\n|\n|t:|1783568145\n|switch|p1a: Grumpig|Grumpig, L92, F|100/100\n|move|p2a: Lurantis|Leaf Storm|p1a: Grumpig\n|-crit|p1a: Grumpig\n|-damage|p1a: Grumpig|54/100\n|-boost|p2a: Lurantis|spa|2\n|\n|-heal|p1a: Grumpig|60/100|[from] item: Leftovers\n|upkeep\n|turn|8\n|inactive|Time left: 300 sec this turn | 300 sec total\n|\n|t:|1783568146\n|move|p1a: Grumpig|Psychic|p2a: Lurantis\n|-damage|p2a: Lurantis|165/264\n|move|p2a: Lurantis|Leaf Storm|p1a: Grumpig\n|-damage|p1a: Grumpig|0 fnt\n|-boost|p2a: Lurantis|spa|2\n|faint|p1a: Grumpig\n|\n|-heal|p2a: Lurantis|181/264|[from] item: Leftovers\n|upkeep\n|\n|t:|1783568147\n|switch|p1a: Pawmot|Pawmot, L80, M|100/100\n|turn|9\n|inactive|Time left: 300 sec this turn | 300 sec total\n|\n|t:|1783568148\n|move|p1a: Pawmot|Close Combat|p2a: Lurantis\n|-damage|p2a: Lurantis|2/264\n|-unboost|p1a: Pawmot|def|1\n|-unboost|p1a: Pawmot|spd|1\n|-damage|p1a: Pawmot|91/100|[from] item: Life Orb\n|move|p2a: Lurantis|Leaf Storm|p1a: Pawmot\n|-damage|p1a: Pawmot|0 fnt\n|-boost|p2a: Lurantis|spa|2\n|faint|p1a: Pawmot\n|\n|-heal|p2a: Lurantis|18/264|[from] item: Leftovers\n|upkeep\n|\n|t:|1783568149\n|switch|p1a: Espathra|Espathra, L80, F|100/100\n|turn|10\n|inactive|Time left: 300 sec this turn | 300 sec total\n|\n|t:|1783568150\n|switch|p2a: Typhlosion|Typhlosion, L84, M|267/267\n|move|p1a: Espathra|Lumina Crash|p2a: Typhlosion\n|-damage|p2a: Typhlosion|140/267\n|-unboost|p2a: Typhlosion|spd|2\n|\n|-ability|p1a: Espathra|Speed Boost|boost\n|-boost|p1a: Espathra|spe|1\n|upkeep\n|turn|11\n|inactive|Time left: 300 sec this turn | 300 sec total\n|\n|t:|1783568150\n|switch|p2a: Lurantis|Lurantis, L87, M|18/264\n|move|p1a: Espathra|Lumina Crash|p2a: Lurantis\n|-damage|p2a: Lurantis|0 fnt\n|faint|p2a: Lurantis\n|\n|-ability|p1a: Espathra|Speed Boost|boost\n|-boost|p1a: Espathra|spe|1\n|upkeep\n|inactive|Time left: 300 sec this turn | 300 sec total | 5 sec grace\n|\n|t:|1783568151\n|switch|p2a: Typhlosion|Typhlosion, L84, M|140/267\n|turn|12\n|inactive|Time left: 300 sec this turn | 300 sec total\n|\n|t:|1783568152\n|-terastallize|p1a: Espathra|Psychic\n|move|p1a: Espathra|Lumina Crash|p2a: Typhlosion\n|-damage|p2a: Typhlosion|0 fnt\n|faint|p2a: Typhlosion\n|\n|-ability|p1a: Espathra|Speed Boost|boost\n|-boost|p1a: Espathra|spe|1\n|upkeep\n|inactive|Time left: 300 sec this turn | 300 sec total | 5 sec grace\n|\n|t:|1783568153\n|switch|p2a: Jumpluff|Jumpluff, L87, M|271/271\n|turn|13\n|inactive|Time left: 300 sec this turn | 300 sec total\n|\n|t:|1783568154\n|-terastallize|p2a: Jumpluff|Steel\n|move|p1a: Espathra|Lumina Crash|p2a: Jumpluff\n|-resisted|p2a: Jumpluff\n|-damage|p2a: Jumpluff|195/271\n|-unboost|p2a: Jumpluff|spd|2\n|move|p2a: Jumpluff|Leech Seed|p1a: Espathra\n|-start|p1a: Espathra|move: Leech Seed\n|\n|-damage|p1a: Espathra|88/100|[from] Leech Seed|[of] p2a: Jumpluff\n|-heal|p2a: Jumpluff|230/271|[silent]\n|-ability|p1a: Espathra|Speed Boost|boost\n|-boost|p1a: Espathra|spe|1\n|upkeep\n|turn|14\n|inactive|Time left: 300 sec this turn | 300 sec total\n|\n|t:|1783568155\n|move|p1a: Espathra|Lumina Crash|p2a: Jumpluff\n|-resisted|p2a: Jumpluff\n|-damage|p2a: Jumpluff|94/271\n|-unboost|p2a: Jumpluff|spd|2\n|move|p2a: Jumpluff|Substitute|p2a: Jumpluff\n|-start|p2a: Jumpluff|Substitute\n|-damage|p2a: Jumpluff|27/271\n|\n|-damage|p1a: Espathra|76/100|[from] Leech Seed|[of] p2a: Jumpluff\n|-heal|p2a: Jumpluff|62/271|[silent]\n|-ability|p1a: Espathra|Speed Boost|boost\n|-boost|p1a: Espathra|spe|1\n|upkeep\n|turn|15\n|inactive|Time left: 300 sec this turn | 300 sec total\n|\n|t:|1783568155\n|move|p1a: Espathra|Lumina Crash|p2a: Jumpluff\n|-resisted|p2a: Jumpluff\n|-end|p2a: Jumpluff|Substitute\n|move|p2a: Jumpluff|Strength Sap|p1a: Espathra\n|-unboost|p1a: Espathra|atk|1\n|-heal|p2a: Jumpluff|204/271\n|\n|-damage|p1a: Espathra|63/100|[from] Leech Seed|[of] p2a: Jumpluff\n|-heal|p2a: Jumpluff|239/271|[silent]\n|-ability|p1a: Espathra|Speed Boost|boost\n|-boost|p1a: Espathra|spe|1\n|upkeep\n|turn|16\n|inactive|Time left: 300 sec this turn | 300 sec total\n|\n|t:|1783568156\n|switch|p2a: Indeedee|Indeedee-F, L90, F|25/272\n|-fieldstart|move: Psychic Terrain|[from] ability: Psychic Surge|[of] p2a: Indeedee\n|move|p1a: Espathra|Lumina Crash|p2a: Indeedee\n|-resisted|p2a: Indeedee\n|-damage|p2a: Indeedee|0 fnt\n|faint|p2a: Indeedee\n|\n|upkeep\n|inactive|Time left: 300 sec this turn | 300 sec total | 5 sec grace\n|\n|t:|1783568157\n|switch|p2a: Jumpluff|Jumpluff, L87, M, tera:Steel|239/271\n|turn|17\n|inactive|Time left: 300 sec this turn | 300 sec total\n|\n|t:|1783568158\n|move|p1a: Espathra|Lumina Crash|p2a: Jumpluff\n|-resisted|p2a: Jumpluff\n|-damage|p2a: Jumpluff|140/271\n|-unboost|p2a: Jumpluff|spd|2\n|move|p2a: Jumpluff|Substitute|p2a: Jumpluff\n|-start|p2a: Jumpluff|Substitute\n|-damage|p2a: Jumpluff|73/271\n|\n|-damage|p1a: Espathra|51/100|[from] Leech Seed|[of] p2a: Jumpluff\n|-heal|p2a: Jumpluff|108/271|[silent]\n|upkeep\n|turn|18\n|inactive|Time left: 300 sec this turn | 300 sec total\n|\n|t:|1783568159\n|switch|p1a: Lapras|Lapras, L87, M|100/100\n|move|p2a: Jumpluff|Acrobatics|p1a: Lapras\n|-damage|p1a: Lapras|77/100\n|\n|upkeep\n|turn|19\n|inactive|Time left: 300 sec this turn | 300 sec total\n|\n|t:|1783568160\n|move|p2a: Jumpluff|Strength Sap|p1a: Lapras\n|-unboost|p1a: Lapras|atk|1\n|-heal|p2a: Jumpluff|260/271\n|move|p1a: Lapras|Sparkling Aria|p2a: Jumpluff\n|-damage|p2a: Jumpluff|100/271\n|\n|upkeep\n|turn|20\n|inactive|Time left: 300 sec this turn | 300 sec total\n|\n|t:|1783568161\n|move|p2a: Jumpluff|Leech Seed|p1a: Lapras\n|-start|p1a: Lapras|move: Leech Seed\n|move|p1a: Lapras|Sparkling Aria|p2a: Jumpluff\n|-damage|p2a: Jumpluff|0 fnt\n|faint|p2a: Jumpluff\n|\n|-fieldend|move: Psychic Terrain\n|upkeep\n|inactive|Time left: 300 sec this turn | 300 sec total | 5 sec grace\n|\n|t:|1783568162\n|switch|p2a: Porygon-Z|Porygon-Z, L83|277/277\n|turn|21\n|inactive|Time left: 300 sec this turn | 300 sec total\n|\n|t:|1783568163\n|switch|p1a: Espathra|Espathra, L80, F, tera:Psychic|51/100\n|move|p2a: Porygon-Z|Agility|p2a: Porygon-Z\n|-boost|p2a: Porygon-Z|spe|2\n|\n|upkeep\n|turn|22\n|inactive|Time left: 300 sec this turn | 300 sec total\n|\n|t:|1783568164\n|move|p2a: Porygon-Z|Nasty Plot|p2a: Porygon-Z\n|-boost|p2a: Porygon-Z|spa|2\n|move|p1a: Espathra|Lumina Crash|p2a: Porygon-Z\n|-damage|p2a: Porygon-Z|87/277\n|-unboost|p2a: Porygon-Z|spd|2\n|\n|-ability|p1a: Espathra|Speed Boost|boost\n|-boost|p1a: Espathra|spe|1\n|upkeep\n|turn|23\n|inactive|Time left: 300 sec this turn | 300 sec total\n|\n|t:|1783568165\n|move|p2a: Porygon-Z|Tera Blast|p1a: Espathra\n|-damage|p1a: Espathra|0 fnt\n|faint|p1a: Espathra\n|-damage|p2a: Porygon-Z|60/277|[from] item: Life Orb\n|\n|upkeep\n|\n|t:|1783568166\n|switch|p1a: Lapras|Lapras, L87, M|77/100\n|turn|24\n|inactive|Time left: 300 sec this turn | 300 sec total\n|\n|t:|1783568167\n|switch|p1a: Whiscash|Whiscash, L88, M|48/100\n|move|p2a: Porygon-Z|Tera Blast|p1a: Whiscash\n|-damage|p1a: Whiscash|0 fnt\n|faint|p1a: Whiscash\n|-damage|p2a: Porygon-Z|33/277|[from] item: Life Orb\n|\n|upkeep\n|\n|t:|1783568168\n|switch|p1a: Lapras|Lapras, L87, M|77/100\n|turn|25\n|inactive|Time left: 300 sec this turn | 300 sec total\n|\n|t:|1783568169\n|move|p2a: Porygon-Z|Tera Blast|p1a: Lapras\n|-damage|p1a: Lapras|0 fnt\n|faint|p1a: Lapras\n|-damage|p2a: Porygon-Z|6/277|[from] item: Life Orb\n|\n|win|p0y25121460", "uploadtime": 1783568169, "views": 0, "rating": 0, "private": 0, "password": null, "_winner": "p0y25121460", "_our_name": "p0y25121460"}