{"id": "battle-gen9randombattle-2893", "formatid": "gen9randombattle", "format": "[Gen 9] Random Battle", "players": ["p0x2893b4a3", "p0y2893a56b"], "log": "|init|battle\n|title|p0x2893b4a3 vs. p0y2893a56b\n|j|\u2606p0x2893b4a3\n|j|\u2606p0y2893a56b\n|t:|1783572344\n|gametype|singles\n|player|p1|p0x2893b4a3|169|\n|player|p2|p0y2893a56b|170|\n|gen|9\n|tier|[Gen 9] Random Battle\n|rule|Species Clause: Limit one of each Pok\u00e9mon\n|rule|HP Percentage Mod: HP is shown in percentages\n|rule|Sleep Clause Mod: Limit one foe put to sleep\n|rule|Illusion Level Mod: Illusion disguises the Pok\u00e9mon's true level\n|\n|t:|1783572344\n|teamsize|p1|6\n|teamsize|p2|6\n|start\n|switch|p1a: Okidogi|Okidogi, L77, M|262/262\n|switch|p2a: Hitmonlee|Hitmonlee, L85, M|100/100\n|turn|1\n|inactive|Battle timer is ON: inactive players will automatically lose when time's up. (requested by p0x2893b4a3)\n|inactive|p0y2893a56b also wants the timer to be on.\n|\n|t:|1783572346\n|move|p2a: Hitmonlee|High Jump Kick|p1a: Okidogi\n|-resisted|p1a: Okidogi\n|-damage|p1a: Okidogi|130/262\n|move|p1a: Okidogi|Drain Punch|p2a: Hitmonlee\n|-damage|p2a: Hitmonlee|46/100\n|-heal|p1a: Okidogi|191/262|[from] drain|[of] p2a: Hitmonlee\n|\n|-heal|p1a: Okidogi|207/262|[from] item: Leftovers\n|upkeep\n|turn|2\n|inactive|Time left: 300 sec this turn | 300 sec total\n|\n|t:|1783572347\n|move|p2a: Hitmonlee|High Jump Kick|p1a: Okidogi\n|-resisted|p1a: Okidogi\n|-damage|p1a: Okidogi|73/262\n|move|p1a: Okidogi|Drain Punch|p2a: Hitmonlee\n|-damage|p2a: Hitmonlee|0 fnt\n|-heal|p1a: Okidogi|124/262|[from] drain|[of] p2a: Hitmonlee\n|faint|p2a: Hitmonlee\n|\n|-heal|p1a: Okidogi|140/262|[from] item: Leftovers\n|upkeep\n|\n|t:|1783572348\n|switch|p2a: Magnezone|Magnezone, L85|100/100\n|turn|3\n|inactive|Time left: 300 sec this turn | 300 sec total\n|\n|t:|1783572350\n|move|p1a: Okidogi|Drain Punch|p2a: Magnezone\n|-supereffective|p2a: Magnezone\n|-damage|p2a: Magnezone|45/100\n|-heal|p1a: Okidogi|212/262|[from] drain|[of] p2a: Magnezone\n|move|p2a: Magnezone|Flash Cannon|p1a: Okidogi\n|-damage|p1a: Okidogi|56/262\n|\n|-heal|p1a: Okidogi|72/262|[from] item: Leftovers\n|-heal|p2a: Magnezone|51/100|[from] item: Leftovers\n|upkeep\n|turn|4\n|inactive|Time left: 300 sec this turn | 300 sec total\n|\n|t:|1783572351\n|move|p1a: Okidogi|Drain Punch|p2a: Magnezone\n|-supereffective|p2a: Magnezone\n|-damage|p2a: Magnezone|0 fnt\n|-heal|p1a: Okidogi|137/262|[from] drain|[of] p2a: Magnezone\n|faint|p2a: Magnezone\n|\n|-heal|p1a: Okidogi|153/262|[from] item: Leftovers\n|upkeep\n|\n|t:|1783572352\n|switch|p2a: Gouging Fire|Gouging Fire, L74|100/100\n|turn|5\n|inactive|Time left: 300 sec this turn | 300 sec total\n|\n|t:|1783572353\n|move|p2a: Gouging Fire|Dragon Dance|p2a: Gouging Fire\n|-boost|p2a: Gouging Fire|atk|1\n|-boost|p2a: Gouging Fire|spe|1\n|move|p1a: Okidogi|Drain Punch|p2a: Gouging Fire\n|-damage|p2a: Gouging Fire|73/100\n|-heal|p1a: Okidogi|191/262|[from] drain|[of] p2a: Gouging Fire\n|\n|-heal|p1a: Okidogi|207/262|[from] item: Leftovers\n|upkeep\n|turn|6\n|inactive|Time left: 300 sec this turn | 300 sec total\n|\n|t:|1783572354\n|switch|p1a: Qwilfish|Qwilfish-Hisui, L83, F|244/244\n|-ability|p1a: Qwilfish|Intimidate|boost\n|-unboost|p2a: Gouging Fire|atk|1\n|move|p2a: Gouging Fire|Outrage|p1a: Qwilfish\n|-damage|p1a: Qwilfish|162/244\n|\n|upkeep\n|turn|7\n|inactive|Time left: 300 sec this turn | 300 sec total\n|\n|t:|1783572355\n|move|p2a: Gouging Fire|Outrage|p1a: Qwilfish|[from] lockedmove\n|-damage|p1a: Qwilfish|77/244\n|-start|p2a: Gouging Fire|confusion|[fatigue]\n|move|p1a: Qwilfish|Gunk Shot|p2a: Gouging Fire\n|-damage|p2a: Gouging Fire|35/100\n|\n|upkeep\n|turn|8\n|inactive|Time left: 300 sec this turn | 300 sec total\n|\n|t:|1783572356\n|switch|p1a: Okidogi|Okidogi, L77, M|207/262\n|-activate|p2a: Gouging Fire|confusion\n|move|p2a: Gouging Fire|Heat Crash|p1a: Okidogi\n|-damage|p1a: Okidogi|98/262\n|\n|-heal|p1a: Okidogi|114/262|[from] item: Leftovers\n|upkeep\n|turn|9\n|inactive|Time left: 300 sec this turn | 300 sec total\n|\n|t:|1783572357\n|-end|p2a: Gouging Fire|confusion\n|move|p2a: Gouging Fire|Outrage|p1a: Okidogi\n|-damage|p1a: Okidogi|21/262\n|move|p1a: Okidogi|Drain Punch|p2a: Gouging Fire\n|-damage|p2a: Gouging Fire|9/100\n|-heal|p1a: Okidogi|58/262|[from] drain|[of] p2a: Gouging Fire\n|\n|-heal|p1a: Okidogi|74/262|[from] item: Leftovers\n|upkeep\n|turn|10\n|inactive|Time left: 300 sec this turn | 300 sec total\n|\n|t:|1783572358\n|switch|p1a: Qwilfish|Qwilfish-Hisui, L83, F|77/244\n|-ability|p1a: Qwilfish|Intimidate|boost\n|-unboost|p2a: Gouging Fire|atk|1\n|move|p2a: Gouging Fire|Outrage|p1a: Qwilfish|[from] lockedmove\n|-damage|p1a: Qwilfish|26/244\n|-start|p2a: Gouging Fire|confusion|[fatigue]\n|\n|upkeep\n|turn|11\n|inactive|Time left: 300 sec this turn | 300 sec total\n|\n|t:|1783572359\n|-activate|p2a: Gouging Fire|confusion\n|move|p2a: Gouging Fire|Morning Sun|p2a: Gouging Fire\n|-heal|p2a: Gouging Fire|59/100\n|move|p1a: Qwilfish|Gunk Shot|p2a: Gouging Fire\n|-damage|p2a: Gouging Fire|19/100\n|\n|upkeep\n|turn|12\n|inactive|Time left: 300 sec this turn | 300 sec total\n|\n|t:|1783572360\n|switch|p1a: Kyogre|Kyogre, L71|259/259\n|-weather|RainDance|[from] ability: Drizzle|[of] p1a: Kyogre\n|-activate|p2a: Gouging Fire|confusion\n|move|p2a: Gouging Fire|Outrage|p1a: Kyogre\n|-damage|p1a: Kyogre|168/259\n|\n|-weather|RainDance|[upkeep]\n|upkeep\n|turn|13\n|inactive|Time left: 300 sec this turn | 300 sec total\n|\n|t:|1783572361\n|-activate|p2a: Gouging Fire|confusion\n|move|p2a: Gouging Fire|Outrage|p1a: Kyogre|[from] lockedmove\n|-damage|p1a: Kyogre|80/259\n|move|p1a: Kyogre|Origin Pulse|p2a: Gouging Fire\n|-crit|p2a: Gouging Fire\n|-damage|p2a: Gouging Fire|0 fnt\n|faint|p2a: Gouging Fire\n|-end|p2a: Gouging Fire|Protosynthesis|[silent]\n|\n|-weather|RainDance|[upkeep]\n|upkeep\n|\n|t:|1783572362\n|switch|p2a: Virizion|Virizion, L82|100/100\n|turn|14\n|inactive|Time left: 300 sec this turn | 300 sec total\n|\n|t:|1783572363\n|switch|p1a: Iron Leaves|Iron Leaves, L80|275/275\n|move|p2a: Virizion|Swords Dance|p2a: Virizion\n|-boost|p2a: Virizion|atk|2\n|\n|-weather|RainDance|[upkeep]\n|upkeep\n|turn|15\n|inactive|Time left: 300 sec this turn | 300 sec total\n|\n|t:|1783572364\n|move|p2a: Virizion|Leaf Blade|p1a: Iron Leaves\n|-resisted|p1a: Iron Leaves\n|-damage|p1a: Iron Leaves|154/275\n|-damage|p2a: Virizion|91/100|[from] item: Life Orb\n|move|p1a: Iron Leaves|Psyblade|p2a: Virizion\n|-supereffective|p2a: Virizion\n|-damage|p2a: Virizion|0 fnt\n|faint|p2a: Virizion\n|\n|-weather|RainDance|[upkeep]\n|upkeep\n|\n|t:|1783572365\n|switch|p2a: Exeggutor|Exeggutor, L89, M|100/100\n|turn|16\n|inactive|Time left: 300 sec this turn | 300 sec total\n|\n|t:|1783572365\n|-end|p1a: Iron Leaves|Quark Drive|[silent]\n|switch|p1a: Qwilfish|Qwilfish-Hisui, L83, F|26/244\n|-ability|p1a: Qwilfish|Intimidate|boost\n|-unboost|p2a: Exeggutor|atk|1\n|move|p2a: Exeggutor|Sludge Bomb|p1a: Qwilfish\n|-resisted|p1a: Qwilfish\n|-damage|p1a: Qwilfish|0 fnt\n|faint|p1a: Qwilfish\n|\n|-weather|none\n|upkeep\n|inactive|Time left: 300 sec this turn | 300 sec total | 5 sec grace\n|\n|t:|1783572366\n|switch|p1a: Iron Leaves|Iron Leaves, L80|154/275\n|turn|17\n|inactive|Time left: 300 sec this turn | 300 sec total\n|\n|t:|1783572367\n|-terastallize|p2a: Exeggutor|Steel\n|move|p1a: Iron Leaves|Megahorn|p2a: Exeggutor\n|-resisted|p2a: Exeggutor\n|-damage|p2a: Exeggutor|79/100\n|move|p2a: Exeggutor|Sludge Bomb|p1a: Iron Leaves\n|-supereffective|p1a: Iron Leaves\n|-damage|p1a: Iron Leaves|0 fnt\n|faint|p1a: Iron Leaves\n|-end|p1a: Iron Leaves|Quark Drive|[silent]\n|\n|upkeep\n|inactive|Time left: 300 sec this turn | 300 sec total | 5 sec grace\n|\n|t:|1783572368\n|switch|p1a: Zebstrika|Zebstrika, L87, M|272/272\n|turn|18\n|inactive|Time left: 300 sec this turn | 300 sec total\n|\n|t:|1783572369\n|-terastallize|p1a: Zebstrika|Ground\n|move|p1a: Zebstrika|High Horsepower|p2a: Exeggutor\n|-supereffective|p2a: Exeggutor\n|-damage|p2a: Exeggutor|0 fnt\n|faint|p2a: Exeggutor\n|-damage|p1a: Zebstrika|245/272|[from] item: Life Orb\n|\n|upkeep\n|\n|t:|1783572370\n|switch|p2a: Ursaring|Ursaring, L84, M|100/100\n|turn|19\n|inactive|Time left: 300 sec this turn | 300 sec total\n|\n|t:|1783572371\n|move|p1a: Zebstrika|High Horsepower|p2a: Ursaring\n|-damage|p2a: Ursaring|49/100\n|-damage|p1a: Zebstrika|218/272|[from] item: Life Orb\n|move|p2a: Ursaring|Crunch|p1a: Zebstrika\n|-damage|p1a: Zebstrika|128/272\n|\n|-status|p2a: Ursaring|tox|[from] item: Toxic Orb\n|upkeep\n|turn|20\n|inactive|Time left: 300 sec this turn | 300 sec total\n|\n|t:|1783572372\n|move|p1a: Zebstrika|Volt Switch|p2a: Ursaring\n|-damage|p2a: Ursaring|12/100 tox\n|-damage|p1a: Zebstrika|101/272|[from] item: Life Orb\n|inactive|Time left: 300 sec this turn | 300 sec total | 5 sec grace\n|\n|t:|1783572373\n|switch|p1a: Scovillain|Scovillain, L91, M|266/266|[from] Volt Switch\n|move|p2a: Ursaring|Swords Dance|p2a: Ursaring\n|-boost|p2a: Ursaring|atk|2\n|\n|-damage|p2a: Ursaring|6/100 tox|[from] psn\n|upkeep\n|turn|21\n|inactive|Time left: 300 sec this turn | 300 sec total\n|\n|t:|1783572373\n|switch|p1a: Okidogi|Okidogi, L77, M|74/262\n|move|p2a: Ursaring|Swords Dance|p2a: Ursaring\n|-boost|p2a: Ursaring|atk|2\n|\n|-heal|p1a: Okidogi|90/262|[from] item: Leftovers\n|-damage|p2a: Ursaring|0 fnt|[from] psn\n|faint|p2a: Ursaring\n|\n|win|p0x2893b4a3", "uploadtime": 1783572373, "views": 0, "rating": 0, "private": 0, "password": null, "_winner": "p0x2893b4a3", "_our_name": "p0x2893b4a3"}