{"id": "battle-gen9randombattle-2650", "formatid": "gen9randombattle", "format": "[Gen 9] Random Battle", "players": ["p0x265027f4", "p0y265068ea"], "log": "|init|battle\n|title|p0x265027f4 vs. p0y265068ea\n|j|\u2606p0x265027f4\n|j|\u2606p0y265068ea\n|t:|1783570573\n|gametype|singles\n|player|p1|p0x265027f4|101|\n|player|p2|p0y265068ea|170|\n|gen|9\n|tier|[Gen 9] Random Battle\n|rule|Species Clause: Limit one of each Pok\u00e9mon\n|rule|HP Percentage Mod: HP is shown in percentages\n|rule|Sleep Clause Mod: Limit one foe put to sleep\n|rule|Illusion Level Mod: Illusion disguises the Pok\u00e9mon's true level\n|\n|t:|1783570573\n|teamsize|p1|6\n|teamsize|p2|6\n|start\n|switch|p1a: Sceptile|Sceptile, L87, M|100/100\n|switch|p2a: Iron Thorns|Iron Thorns, L83|302/302\n|turn|1\n|inactive|Battle timer is ON: inactive players will automatically lose when time's up. (requested by p0y265068ea)\n|inactive|p0x265027f4 also wants the timer to be on.\n|\n|t:|1783570575\n|-end|p2a: Iron Thorns|Quark Drive|[silent]\n|switch|p2a: Kommo-o|Kommo-o, L77, M|242/242\n|move|p1a: Sceptile|Giga Drain|p2a: Kommo-o\n|-resisted|p2a: Kommo-o\n|-damage|p2a: Kommo-o|199/242\n|\n|upkeep\n|turn|2\n|inactive|Time left: 300 sec this turn | 300 sec total\n|\n|t:|1783570576\n|move|p1a: Sceptile|Leech Seed|p2a: Kommo-o|[miss]\n|-miss|p1a: Sceptile|p2a: Kommo-o\n|move|p2a: Kommo-o|Clangorous Soul|p2a: Kommo-o\n|-boost|p2a: Kommo-o|atk|1\n|-boost|p2a: Kommo-o|def|1\n|-boost|p2a: Kommo-o|spa|1\n|-boost|p2a: Kommo-o|spd|1\n|-boost|p2a: Kommo-o|spe|1\n|-damage|p2a: Kommo-o|120/242\n|-enditem|p2a: Kommo-o|Throat Spray\n|-boost|p2a: Kommo-o|spa|1|[from] item: Throat Spray\n|\n|upkeep\n|turn|3\n|inactive|Time left: 300 sec this turn | 300 sec total\n|\n|t:|1783570577\n|switch|p1a: Necrozma|Necrozma-Dawn-Wings, L76|100/100\n|move|p2a: Kommo-o|Drain Punch|p1a: Necrozma\n|-immune|p1a: Necrozma\n|\n|upkeep\n|turn|4\n|inactive|Time left: 300 sec this turn | 300 sec total\n|\n|t:|1783570578\n|move|p2a: Kommo-o|Clanging Scales|p1a: Necrozma\n|-damage|p1a: Necrozma|34/100\n|-unboost|p2a: Kommo-o|def|1\n|move|p1a: Necrozma|Photon Geyser|p2a: Kommo-o\n|-supereffective|p2a: Kommo-o\n|-damage|p2a: Kommo-o|0 fnt\n|faint|p2a: Kommo-o\n|-damage|p1a: Necrozma|24/100|[from] item: Life Orb\n|\n|upkeep\n|inactive|Time left: 300 sec this turn | 300 sec total | 5 sec grace\n|\n|t:|1783570579\n|switch|p2a: Mabosstiff|Mabosstiff, L86, F|278/278\n|turn|5\n|inactive|Time left: 300 sec this turn | 300 sec total\n|\n|t:|1783570580\n|switch|p1a: Cobalion|Cobalion, L80|100/100\n|move|p2a: Mabosstiff|Crunch|p1a: Cobalion\n|-resisted|p1a: Cobalion\n|-damage|p1a: Cobalion|73/100\n|-ability|p1a: Cobalion|Justified|boost\n|-boost|p1a: Cobalion|atk|1\n|\n|-heal|p1a: Cobalion|80/100|[from] item: Leftovers\n|upkeep\n|turn|6\n|inactive|Time left: 300 sec this turn | 300 sec total\n|\n|t:|1783570581\n|switch|p2a: Arbok|Arbok, L87, F|246/246\n|-ability|p2a: Arbok|Intimidate|boost\n|-unboost|p1a: Cobalion|atk|1\n|move|p1a: Cobalion|Close Combat|p2a: Arbok\n|-resisted|p2a: Arbok\n|-damage|p2a: Arbok|185/246\n|-unboost|p1a: Cobalion|def|1\n|-unboost|p1a: Cobalion|spd|1\n|\n|-heal|p1a: Cobalion|86/100|[from] item: Leftovers\n|-heal|p2a: Arbok|200/246|[from] item: Leftovers\n|upkeep\n|turn|7\n|inactive|Time left: 300 sec this turn | 300 sec total\n|\n|t:|1783570582\n|move|p1a: Cobalion|Swords Dance|p1a: Cobalion\n|-boost|p1a: Cobalion|atk|2\n|move|p2a: Arbok|Earthquake|p1a: Cobalion\n|-supereffective|p1a: Cobalion\n|-damage|p1a: Cobalion|27/100\n|\n|-heal|p1a: Cobalion|33/100|[from] item: Leftovers\n|-heal|p2a: Arbok|215/246|[from] item: Leftovers\n|upkeep\n|turn|8\n|inactive|Time left: 300 sec this turn | 300 sec total\n|\n|t:|1783570583\n|move|p1a: Cobalion|Iron Head|p2a: Arbok\n|-damage|p2a: Arbok|58/246\n|move|p2a: Arbok|Earthquake|p1a: Cobalion\n|-supereffective|p1a: Cobalion\n|-crit|p1a: Cobalion\n|-damage|p1a: Cobalion|0 fnt\n|faint|p1a: Cobalion\n|\n|-heal|p2a: Arbok|73/246|[from] item: Leftovers\n|upkeep\n|\n|t:|1783570584\n|switch|p1a: Kyogre|Kyogre, L71|100/100\n|-weather|RainDance|[from] ability: Drizzle|[of] p1a: Kyogre\n|turn|9\n|inactive|Time left: 300 sec this turn | 300 sec total\n|\n|t:|1783570585\n|move|p2a: Arbok|Sucker Punch|p1a: Kyogre\n|-damage|p1a: Kyogre|75/100\n|move|p1a: Kyogre|Water Spout|p2a: Arbok\n|-damage|p2a: Arbok|0 fnt\n|faint|p2a: Arbok\n|\n|-weather|RainDance|[upkeep]\n|upkeep\n|inactive|Time left: 300 sec this turn | 300 sec total | 5 sec grace\n|\n|t:|1783570586\n|switch|p2a: Mabosstiff|Mabosstiff, L86, F|278/278\n|turn|10\n|inactive|Time left: 300 sec this turn | 300 sec total\n|\n|t:|1783570587\n|move|p2a: Mabosstiff|Crunch|p1a: Kyogre\n|-damage|p1a: Kyogre|24/100\n|move|p1a: Kyogre|Water Spout|p2a: Mabosstiff\n|-damage|p2a: Mabosstiff|217/278\n|\n|-weather|RainDance|[upkeep]\n|upkeep\n|turn|11\n|inactive|Time left: 300 sec this turn | 300 sec total\n|\n|t:|1783570588\n|switch|p1a: Necrozma|Necrozma-Dawn-Wings, L76|24/100\n|move|p2a: Mabosstiff|Crunch|p1a: Necrozma\n|-supereffective|p1a: Necrozma\n|-damage|p1a: Necrozma|0 fnt\n|faint|p1a: Necrozma\n|\n|-weather|RainDance|[upkeep]\n|upkeep\n|\n|t:|1783570589\n|switch|p1a: Sceptile|Sceptile, L87, M|100/100\n|turn|12\n|inactive|Time left: 300 sec this turn | 300 sec total\n|\n|t:|1783570590\n|move|p2a: Mabosstiff|Crunch|p1a: Sceptile\n|-damage|p1a: Sceptile|53/100\n|move|p1a: Sceptile|Giga Drain|p2a: Mabosstiff\n|-damage|p2a: Mabosstiff|118/278\n|-heal|p1a: Sceptile|72/100|[from] drain|[of] p2a: Mabosstiff\n|\n|-weather|RainDance|[upkeep]\n|-heal|p1a: Sceptile|78/100|[from] item: Leftovers\n|upkeep\n|turn|13\n|inactive|Time left: 300 sec this turn | 300 sec total\n|\n|t:|1783570591\n|move|p2a: Mabosstiff|Crunch|p1a: Sceptile\n|-damage|p1a: Sceptile|30/100\n|move|p1a: Sceptile|Giga Drain|p2a: Mabosstiff\n|-damage|p2a: Mabosstiff|0 fnt\n|-heal|p1a: Sceptile|52/100|[from] drain|[of] p2a: Mabosstiff\n|faint|p2a: Mabosstiff\n|\n|-weather|none\n|-heal|p1a: Sceptile|58/100|[from] item: Leftovers\n|upkeep\n|inactive|Time left: 300 sec this turn | 300 sec total | 5 sec grace\n|\n|t:|1783570592\n|switch|p2a: Carbink|Carbink, L90|236/236\n|turn|14\n|inactive|Time left: 300 sec this turn | 300 sec total\n|\n|t:|1783570593\n|-terastallize|p2a: Carbink|Fighting\n|move|p1a: Sceptile|Giga Drain|p2a: Carbink\n|-damage|p2a: Carbink|179/236\n|-heal|p1a: Sceptile|69/100|[from] drain|[of] p2a: Carbink\n|move|p2a: Carbink|Body Press|p1a: Sceptile\n|-damage|p1a: Sceptile|2/100\n|\n|-heal|p1a: Sceptile|8/100|[from] item: Leftovers\n|-heal|p2a: Carbink|193/236|[from] item: Leftovers\n|upkeep\n|turn|15\n|inactive|Time left: 300 sec this turn | 300 sec total\n|\n|t:|1783570594\n|move|p1a: Sceptile|Giga Drain|p2a: Carbink\n|-damage|p2a: Carbink|105/236\n|-heal|p1a: Sceptile|25/100|[from] drain|[of] p2a: Carbink\n|move|p2a: Carbink|Body Press|p1a: Sceptile\n|-damage|p1a: Sceptile|0 fnt\n|faint|p1a: Sceptile\n|\n|-heal|p2a: Carbink|119/236|[from] item: Leftovers\n|upkeep\n|\n|t:|1783570595\n|switch|p1a: Vivillon|Vivillon-Sandstorm, L83, F|100/100\n|turn|16\n|inactive|Time left: 300 sec this turn | 300 sec total\n|\n|t:|1783570596\n|move|p1a: Vivillon|Quiver Dance|p1a: Vivillon\n|-boost|p1a: Vivillon|spa|1\n|-boost|p1a: Vivillon|spd|1\n|-boost|p1a: Vivillon|spe|1\n|move|p2a: Carbink|Moonblast|p1a: Vivillon\n|-damage|p1a: Vivillon|74/100\n|\n|-heal|p2a: Carbink|133/236|[from] item: Leftovers\n|upkeep\n|turn|17\n|inactive|Time left: 300 sec this turn | 300 sec total\n|\n|t:|1783570597\n|switch|p2a: Snorlax|Snorlax, L82, F|397/397\n|move|p1a: Vivillon|Quiver Dance|p1a: Vivillon\n|-boost|p1a: Vivillon|spa|1\n|-boost|p1a: Vivillon|spd|1\n|-boost|p1a: Vivillon|spe|1\n|\n|upkeep\n|turn|18\n|inactive|Time left: 300 sec this turn | 300 sec total\n|\n|t:|1783570598\n|move|p1a: Vivillon|Sleep Powder|p2a: Snorlax\n|-status|p2a: Snorlax|slp|[from] move: Sleep Powder\n|cant|p2a: Snorlax|slp\n|\n|upkeep\n|turn|19\n|inactive|Time left: 300 sec this turn | 300 sec total\n|\n|t:|1783570599\n|move|p1a: Vivillon|Hurricane|p2a: Snorlax|[miss]\n|-miss|p1a: Vivillon|p2a: Snorlax\n|-curestatus|p2a: Snorlax|slp|[msg]\n|move|p2a: Snorlax|Body Slam|p1a: Vivillon\n|-damage|p1a: Vivillon|24/100\n|\n|upkeep\n|turn|20\n|inactive|Time left: 300 sec this turn | 300 sec total\n|\n|t:|1783570600\n|move|p1a: Vivillon|Sleep Powder|p2a: Snorlax\n|-status|p2a: Snorlax|slp|[from] move: Sleep Powder\n|cant|p2a: Snorlax|slp\n|\n|upkeep\n|turn|21\n|inactive|Time left: 300 sec this turn | 300 sec total\n|\n|t:|1783570601\n|move|p1a: Vivillon|Hurricane|p2a: Snorlax\n|-damage|p2a: Snorlax|204/397 slp\n|-curestatus|p2a: Snorlax|slp|[msg]\n|move|p2a: Snorlax|Body Slam|p1a: Vivillon\n|-damage|p1a: Vivillon|0 fnt\n|faint|p1a: Vivillon\n|\n|-heal|p2a: Snorlax|228/397|[from] item: Leftovers\n|upkeep\n|\n|t:|1783570602\n|switch|p1a: Oinkologne|Oinkologne, L92, M|100/100\n|turn|22\n|inactive|Time left: 300 sec this turn | 300 sec total\n|\n|t:|1783570603\n|move|p1a: Oinkologne|Body Slam|p2a: Snorlax\n|-damage|p2a: Snorlax|84/397\n|move|p2a: Snorlax|Body Slam|p1a: Oinkologne\n|-damage|p1a: Oinkologne|72/100\n|\n|-heal|p1a: Oinkologne|78/100|[from] item: Leftovers\n|-heal|p2a: Snorlax|108/397|[from] item: Leftovers\n|upkeep\n|turn|23\n|inactive|Time left: 300 sec this turn | 300 sec total\n|\n|t:|1783570604\n|switch|p2a: Carbink|Carbink, L90, tera:Fighting|133/236\n|move|p1a: Oinkologne|Body Slam|p2a: Carbink\n|-damage|p2a: Carbink|72/236\n|\n|-heal|p1a: Oinkologne|84/100|[from] item: Leftovers\n|-heal|p2a: Carbink|86/236|[from] item: Leftovers\n|upkeep\n|turn|24\n|inactive|Time left: 300 sec this turn | 300 sec total\n|\n|t:|1783570605\n|-terastallize|p1a: Oinkologne|Ground\n|move|p1a: Oinkologne|High Horsepower|p2a: Carbink|[miss]\n|-miss|p1a: Oinkologne|p2a: Carbink\n|move|p2a: Carbink|Body Press|p1a: Oinkologne\n|-damage|p1a: Oinkologne|45/100\n|\n|-heal|p1a: Oinkologne|52/100|[from] item: Leftovers\n|-heal|p2a: Carbink|100/236|[from] item: Leftovers\n|upkeep\n|turn|25\n|inactive|Time left: 300 sec this turn | 300 sec total\n|\n|t:|1783570606\n|move|p1a: Oinkologne|High Horsepower|p2a: Carbink\n|-damage|p2a: Carbink|24/236\n|move|p2a: Carbink|Iron Defense|p2a: Carbink\n|-boost|p2a: Carbink|def|2\n|\n|-heal|p1a: Oinkologne|58/100|[from] item: Leftovers\n|-heal|p2a: Carbink|38/236|[from] item: Leftovers\n|upkeep\n|turn|26\n|inactive|Time left: 300 sec this turn | 300 sec total\n|\n|t:|1783570607\n|move|p1a: Oinkologne|High Horsepower|p2a: Carbink\n|-damage|p2a: Carbink|1/236\n|move|p2a: Carbink|Rock Polish|p2a: Carbink\n|-boost|p2a: Carbink|spe|2\n|\n|-heal|p2a: Carbink|15/236|[from] item: Leftovers\n|-heal|p1a: Oinkologne|64/100|[from] item: Leftovers\n|upkeep\n|turn|27\n|inactive|Time left: 300 sec this turn | 300 sec total\n|\n|t:|1783570607\n|move|p2a: Carbink|Body Press|p1a: Oinkologne\n|-damage|p1a: Oinkologne|0 fnt\n|faint|p1a: Oinkologne\n|\n|-heal|p2a: Carbink|29/236|[from] item: Leftovers\n|upkeep\n|\n|t:|1783570608\n|switch|p1a: Kyogre|Kyogre, L71|24/100\n|-weather|RainDance|[from] ability: Drizzle|[of] p1a: Kyogre\n|turn|28\n|inactive|Time left: 300 sec this turn | 300 sec total\n|\n|t:|1783570609\n|move|p2a: Carbink|Body Press|p1a: Kyogre\n|-damage|p1a: Kyogre|0 fnt\n|faint|p1a: Kyogre\n|\n|win|p0y265068ea", "uploadtime": 1783570609, "views": 0, "rating": 0, "private": 0, "password": null, "_winner": "p0y265068ea", "_our_name": "p0y265068ea"}