{"id": "battle-gen9randombattle-2317", "formatid": "gen9randombattle", "format": "[Gen 9] Random Battle", "players": ["p0x23173eed", "p0y231759bc"], "log": "|init|battle\n|title|p0x23173eed vs. p0y231759bc\n|j|\u2606p0x23173eed\n|j|\u2606p0y231759bc\n|t:|1783565892\n|gametype|singles\n|player|p1|p0x23173eed|2|\n|player|p2|p0y231759bc|2|\n|gen|9\n|tier|[Gen 9] Random Battle\n|rule|Species Clause: Limit one of each Pok\u00e9mon\n|rule|HP Percentage Mod: HP is shown in percentages\n|rule|Sleep Clause Mod: Limit one foe put to sleep\n|rule|Illusion Level Mod: Illusion disguises the Pok\u00e9mon's true level\n|\n|t:|1783565892\n|teamsize|p1|6\n|teamsize|p2|6\n|start\n|switch|p1a: Alcremie|Alcremie-Caramel-Swirl, L90, F|263/263\n|switch|p2a: Kingdra|Kingdra, L84, M|100/100\n|turn|1\n|inactive|Battle timer is ON: inactive players will automatically lose when time's up. (requested by p0y231759bc)\n|inactive|Time left: 300 sec this turn | 300 sec total | 60 sec grace\n|inactive|p0x23173eed also wants the timer to be on.\n|\n|t:|1783565893\n|move|p2a: Kingdra|Dragon Dance|p2a: Kingdra\n|-boost|p2a: Kingdra|atk|1\n|-boost|p2a: Kingdra|spe|1\n|move|p1a: Alcremie|Alluring Voice|p2a: Kingdra\n|-supereffective|p2a: Kingdra\n|-damage|p2a: Kingdra|20/100\n|-start|p2a: Kingdra|confusion\n|-enditem|p2a: Kingdra|Lum Berry|[eat]\n|-end|p2a: Kingdra|confusion\n|\n|upkeep\n|turn|2\n|inactive|Time left: 300 sec this turn | 300 sec total\n|\n|t:|1783565894\n|switch|p1a: Slaking|Slaking, L84, M|389/389\n|move|p2a: Kingdra|Waterfall|p1a: Slaking\n|-damage|p1a: Slaking|286/389\n|\n|upkeep\n|turn|3\n|inactive|Time left: 300 sec this turn | 300 sec total\n|\n|t:|1783565895\n|move|p2a: Kingdra|Waterfall|p1a: Slaking\n|-damage|p1a: Slaking|165/389\n|move|p1a: Slaking|Giga Impact|p2a: Kingdra\n|-damage|p2a: Kingdra|0 fnt\n|-mustrecharge|p1a: Slaking\n|faint|p2a: Kingdra\n|\n|upkeep\n|\n|t:|1783565896\n|switch|p2a: Overqwil|Overqwil, L82, M|100/100\n|-ability|p2a: Overqwil|Intimidate|boost\n|-unboost|p1a: Slaking|atk|1\n|turn|4\n|inactive|Time left: 300 sec this turn | 300 sec total\n|\n|t:|1783565898\n|cant|p1a: Slaking|recharge\n|move|p2a: Overqwil|Gunk Shot|p1a: Slaking\n|-damage|p1a: Slaking|4/389\n|-damage|p2a: Overqwil|91/100|[from] item: Life Orb\n|\n|upkeep\n|turn|5\n|inactive|Time left: 300 sec this turn | 300 sec total\n|\n|t:|1783565899\n|switch|p2a: Sandslash|Sandslash, L89, F|100/100\n|move|p1a: Slaking|Giga Impact|p2a: Sandslash\n|-damage|p2a: Sandslash|39/100\n|-mustrecharge|p1a: Slaking\n|\n|-heal|p2a: Sandslash|45/100|[from] item: Leftovers\n|upkeep\n|turn|6\n|inactive|Time left: 300 sec this turn | 300 sec total\n|\n|t:|1783565900\n|cant|p1a: Slaking|recharge\n|move|p2a: Sandslash|Rapid Spin|p1a: Slaking\n|-crit|p1a: Slaking\n|-damage|p1a: Slaking|0 fnt\n|-boost|p2a: Sandslash|spe|1\n|faint|p1a: Slaking\n|\n|-heal|p2a: Sandslash|51/100|[from] item: Leftovers\n|upkeep\n|inactive|Time left: 300 sec this turn | 300 sec total | 5 sec grace\n|\n|t:|1783565901\n|switch|p1a: Sylveon|Sylveon, L85, F|300/300\n|turn|7\n|inactive|Time left: 300 sec this turn | 300 sec total\n|\n|t:|1783565902\n|move|p2a: Sandslash|Earthquake|p1a: Sylveon\n|-damage|p1a: Sylveon|147/300\n|move|p1a: Sylveon|Hyper Voice|p2a: Sandslash\n|-damage|p2a: Sandslash|0 fnt\n|faint|p2a: Sandslash\n|\n|-heal|p1a: Sylveon|165/300|[from] item: Leftovers\n|upkeep\n|\n|t:|1783565903\n|switch|p2a: Overqwil|Overqwil, L82, M|91/100\n|-ability|p2a: Overqwil|Intimidate|boost\n|-unboost|p1a: Sylveon|atk|1\n|turn|8\n|inactive|Time left: 300 sec this turn | 300 sec total\n|\n|t:|1783565904\n|move|p2a: Overqwil|Swords Dance|p2a: Overqwil\n|-boost|p2a: Overqwil|atk|2\n|move|p1a: Sylveon|Hyper Voice|p2a: Overqwil\n|-damage|p2a: Overqwil|29/100\n|\n|-heal|p1a: Sylveon|183/300|[from] item: Leftovers\n|upkeep\n|turn|9\n|inactive|Time left: 300 sec this turn | 300 sec total\n|\n|t:|1783565905\n|switch|p1a: Greninja|Greninja, L80, M|246/246\n|move|p2a: Overqwil|Liquidation|p1a: Greninja\n|-resisted|p1a: Greninja\n|-damage|p1a: Greninja|130/246\n|-damage|p2a: Overqwil|19/100|[from] item: Life Orb\n|\n|upkeep\n|turn|10\n|inactive|Time left: 300 sec this turn | 300 sec total\n|\n|t:|1783565906\n|switch|p2a: Vileplume|Vileplume, L85, M|100/100\n|move|p1a: Greninja|U-turn|p2a: Vileplume\n|-start|p1a: Greninja|typechange|Bug|[from] ability: Protean\n|-damage|p2a: Vileplume|65/100\n|-damage|p1a: Greninja|106/246|[from] item: Life Orb\n|inactive|Time left: 300 sec this turn | 300 sec total | 5 sec grace\n|\n|t:|1783565907\n|switch|p1a: Sylveon|Sylveon, L85, F|183/300|[from] U-turn\n|\n|-heal|p1a: Sylveon|201/300|[from] item: Leftovers\n|-heal|p2a: Vileplume|71/100|[from] item: Leftovers\n|upkeep\n|turn|11\n|inactive|Time left: 300 sec this turn | 300 sec total\n|\n|t:|1783565908\n|move|p1a: Sylveon|Calm Mind|p1a: Sylveon\n|-boost|p1a: Sylveon|spa|1\n|-boost|p1a: Sylveon|spd|1\n|move|p2a: Vileplume|Sludge Bomb|p1a: Sylveon\n|-supereffective|p1a: Sylveon\n|-damage|p1a: Sylveon|91/300\n|\n|-heal|p1a: Sylveon|109/300|[from] item: Leftovers\n|-heal|p2a: Vileplume|77/100|[from] item: Leftovers\n|upkeep\n|turn|12\n|inactive|Time left: 300 sec this turn | 300 sec total\n|\n|t:|1783565909\n|move|p1a: Sylveon|Calm Mind|p1a: Sylveon\n|-boost|p1a: Sylveon|spa|1\n|-boost|p1a: Sylveon|spd|1\n|move|p2a: Vileplume|Sludge Bomb|p1a: Sylveon\n|-supereffective|p1a: Sylveon\n|-damage|p1a: Sylveon|29/300\n|\n|-heal|p1a: Sylveon|47/300|[from] item: Leftovers\n|-heal|p2a: Vileplume|83/100|[from] item: Leftovers\n|upkeep\n|turn|13\n|inactive|Time left: 300 sec this turn | 300 sec total\n|\n|t:|1783565910\n|move|p1a: Sylveon|Protect|p1a: Sylveon\n|-singleturn|p1a: Sylveon|Protect\n|move|p2a: Vileplume|Leech Seed|p1a: Sylveon\n|-activate|p1a: Sylveon|move: Protect\n|\n|-heal|p1a: Sylveon|65/300|[from] item: Leftovers\n|-heal|p2a: Vileplume|89/100|[from] item: Leftovers\n|upkeep\n|turn|14\n|inactive|Time left: 300 sec this turn | 300 sec total\n|\n|t:|1783565911\n|move|p1a: Sylveon|Hyper Voice|p2a: Vileplume\n|-resisted|p2a: Vileplume\n|-damage|p2a: Vileplume|45/100\n|move|p2a: Vileplume|Sludge Bomb|p1a: Sylveon\n|-supereffective|p1a: Sylveon\n|-damage|p1a: Sylveon|0 fnt\n|faint|p1a: Sylveon\n|\n|-heal|p2a: Vileplume|51/100|[from] item: Leftovers\n|upkeep\n|inactive|Time left: 300 sec this turn | 300 sec total | 5 sec grace\n|\n|t:|1783565912\n|switch|p1a: Greninja|Greninja, L80, M|106/246\n|turn|15\n|inactive|Time left: 300 sec this turn | 300 sec total\n|\n|t:|1783565913\n|move|p1a: Greninja|Gunk Shot|p2a: Vileplume\n|-start|p1a: Greninja|typechange|Poison|[from] ability: Protean\n|-damage|p2a: Vileplume|0 fnt\n|faint|p2a: Vileplume\n|-damage|p1a: Greninja|82/246|[from] item: Life Orb\n|\n|upkeep\n|\n|t:|1783565914\n|switch|p2a: Eelektross|Eelektross, L87, M|100/100\n|turn|16\n|inactive|Time left: 300 sec this turn | 300 sec total\n|\n|t:|1783565915\n|move|p1a: Greninja|Gunk Shot|p2a: Eelektross\n|-damage|p2a: Eelektross|43/100\n|-damage|p1a: Greninja|58/246|[from] item: Life Orb\n|move|p2a: Eelektross|Knock Off|p1a: Greninja\n|-damage|p1a: Greninja|0 fnt\n|-enditem|p1a: Greninja|Life Orb|[from] move: Knock Off|[of] p2a: Eelektross\n|faint|p1a: Greninja\n|\n|-heal|p2a: Eelektross|49/100|[from] item: Leftovers\n|upkeep\n|inactive|Time left: 300 sec this turn | 300 sec total | 5 sec grace\n|\n|t:|1783565916\n|switch|p1a: Alcremie|Alcremie-Caramel-Swirl, L90, F|263/263\n|turn|17\n|inactive|Time left: 300 sec this turn | 300 sec total\n|\n|t:|1783565917\n|move|p1a: Alcremie|Alluring Voice|p2a: Eelektross\n|-damage|p2a: Eelektross|13/100\n|move|p2a: Eelektross|Supercell Slam|p1a: Alcremie\n|-damage|p1a: Alcremie|133/263\n|\n|-heal|p1a: Alcremie|149/263|[from] item: Leftovers\n|-heal|p2a: Eelektross|19/100|[from] item: Leftovers\n|upkeep\n|turn|18\n|inactive|Time left: 300 sec this turn | 300 sec total\n|\n|t:|1783565918\n|switch|p2a: Armarouge|Armarouge, L80, M|100/100\n|move|p1a: Alcremie|Tera Blast|p2a: Armarouge\n|-damage|p2a: Armarouge|71/100\n|\n|-heal|p1a: Alcremie|165/263|[from] item: Leftovers\n|upkeep\n|turn|19\n|inactive|Time left: 300 sec this turn | 300 sec total\n|\n|t:|1783565919\n|-terastallize|p1a: Alcremie|Ground\n|move|p1a: Alcremie|Tera Blast|p2a: Armarouge|[anim] Tera Blast Ground\n|-supereffective|p2a: Armarouge\n|-damage|p2a: Armarouge|0 fnt\n|faint|p2a: Armarouge\n|\n|-heal|p1a: Alcremie|181/263|[from] item: Leftovers\n|upkeep\n|\n|t:|1783565920\n|switch|p2a: Overqwil|Overqwil, L82, M|19/100\n|-ability|p2a: Overqwil|Intimidate|boost\n|-unboost|p1a: Alcremie|atk|1\n|turn|20\n|inactive|Time left: 300 sec this turn | 300 sec total\n|\n|t:|1783565921\n|move|p2a: Overqwil|Liquidation|p1a: Alcremie\n|-supereffective|p1a: Alcremie\n|-damage|p1a: Alcremie|0 fnt\n|faint|p1a: Alcremie\n|-damage|p2a: Overqwil|10/100|[from] item: Life Orb\n|\n|upkeep\n|inactive|Time left: 300 sec this turn | 300 sec total | 5 sec grace\n|\n|t:|1783565922\n|switch|p1a: Drednaw|Drednaw, L81, M|278/278\n|turn|21\n|inactive|Time left: 300 sec this turn | 300 sec total\n|\n|t:|1783565923\n|move|p2a: Overqwil|Crunch|p1a: Drednaw\n|-damage|p1a: Drednaw|164/278\n|-unboost|p1a: Drednaw|def|1\n|-damage|p2a: Overqwil|0 fnt|[from] item: Life Orb\n|-enditem|p1a: Drednaw|White Herb\n|-clearnegativeboost|p1a: Drednaw|[silent]\n|faint|p2a: Overqwil\n|move|p1a: Drednaw|Liquidation|p2: Overqwil|[notarget]\n|-fail|p1a: Drednaw\n|\n|upkeep\n|\n|t:|1783565924\n|switch|p2a: Eelektross|Eelektross, L87, M|19/100\n|turn|22\n|inactive|Time left: 300 sec this turn | 300 sec total\n|\n|t:|1783565925\n|move|p1a: Drednaw|Liquidation|p2a: Eelektross\n|-damage|p2a: Eelektross|0 fnt\n|faint|p2a: Eelektross\n|\n|win|p0x23173eed", "uploadtime": 1783565925, "views": 0, "rating": 0, "private": 0, "password": null, "_winner": "p0x23173eed", "_our_name": "p0x23173eed"}