{"id": "battle-gen9randombattle-183", "formatid": "gen9randombattle", "format": "[Gen 9] Random Battle", "players": ["p0x183ab8e", "p0y183e23d"], "log": "|init|battle\n|title|p0x183ab8e vs. p0y183e23d\n|j|\u2606p0x183ab8e\n|j|\u2606p0y183e23d\n|t:|1783535884\n|gametype|singles\n|player|p1|p0x183ab8e|1|\n|player|p2|p0y183e23d|266|\n|gen|9\n|tier|[Gen 9] Random Battle\n|rule|Species Clause: Limit one of each Pok\u00e9mon\n|rule|HP Percentage Mod: HP is shown in percentages\n|rule|Sleep Clause Mod: Limit one foe put to sleep\n|rule|Illusion Level Mod: Illusion disguises the Pok\u00e9mon's true level\n|\n|t:|1783535884\n|teamsize|p1|6\n|teamsize|p2|6\n|start\n|switch|p1a: Slither Wing|Slither Wing, L81|270/270\n|switch|p2a: Metagross|Metagross, L79|100/100\n|turn|1\n|inactive|Battle timer is ON: inactive players will automatically lose when time's up. (requested by p0y183e23d)\n|inactive|Time left: 300 sec this turn | 300 sec total | 60 sec grace\n|inactive|p0x183ab8e also wants the timer to be on.\n|\n|t:|1783535886\n|-end|p1a: Slither Wing|Protosynthesis|[silent]\n|switch|p1a: Conkeldurr|Conkeldurr, L80, M|299/299\n|move|p2a: Metagross|Psychic Fangs|p1a: Conkeldurr\n|-supereffective|p1a: Conkeldurr\n|-damage|p1a: Conkeldurr|15/299\n|\n|-status|p1a: Conkeldurr|brn|[from] item: Flame Orb\n|upkeep\n|turn|2\n|inactive|Time left: 300 sec this turn | 300 sec total\n|\n|t:|1783535887\n|switch|p1a: Lunala|Lunala, L70|308/308\n|move|p2a: Metagross|Psychic Fangs|p1a: Lunala\n|-resisted|p1a: Lunala\n|-damage|p1a: Lunala|263/308\n|\n|-heal|p1a: Lunala|282/308|[from] item: Leftovers\n|upkeep\n|turn|3\n|inactive|Time left: 300 sec this turn | 300 sec total\n|\n|t:|1783535888\n|move|p1a: Lunala|Moongeist Beam|p2a: Metagross\n|-supereffective|p2a: Metagross\n|-damage|p2a: Metagross|23/100\n|move|p2a: Metagross|Psychic Fangs|p1a: Lunala\n|-resisted|p1a: Lunala\n|-damage|p1a: Lunala|184/308\n|\n|-heal|p1a: Lunala|203/308|[from] item: Leftovers\n|upkeep\n|turn|4\n|inactive|Time left: 300 sec this turn | 300 sec total\n|\n|t:|1783535889\n|move|p1a: Lunala|Moongeist Beam|p2a: Metagross\n|-supereffective|p2a: Metagross\n|-damage|p2a: Metagross|0 fnt\n|faint|p2a: Metagross\n|\n|-heal|p1a: Lunala|222/308|[from] item: Leftovers\n|upkeep\n|\n|t:|1783535890\n|switch|p2a: Talonflame|Talonflame, L83, M|100/100\n|turn|5\n|inactive|Time left: 300 sec this turn | 300 sec total\n|\n|t:|1783535892\n|move|p2a: Talonflame|Swords Dance|p2a: Talonflame\n|-boost|p2a: Talonflame|atk|2\n|move|p1a: Lunala|Moongeist Beam|p2a: Talonflame\n|-damage|p2a: Talonflame|51/100\n|\n|-heal|p1a: Lunala|241/308|[from] item: Leftovers\n|upkeep\n|turn|6\n|inactive|Time left: 300 sec this turn | 300 sec total\n|\n|t:|1783535893\n|switch|p1a: Overqwil|Overqwil, L82, F|274/274\n|-ability|p1a: Overqwil|Intimidate|boost\n|-unboost|p2a: Talonflame|atk|1\n|move|p2a: Talonflame|Flare Blitz|p1a: Overqwil\n|-damage|p1a: Overqwil|118/274\n|-damage|p2a: Talonflame|31/100|[from] Recoil\n|\n|upkeep\n|turn|7\n|inactive|Time left: 300 sec this turn | 300 sec total\n|\n|t:|1783535894\n|switch|p1a: Malamar|Malamar, L82, M|275/275\n|move|p2a: Talonflame|Brave Bird|p1a: Malamar\n|-damage|p1a: Malamar|106/275\n|-damage|p2a: Talonflame|10/100|[from] Recoil\n|\n|upkeep\n|turn|8\n|inactive|Time left: 300 sec this turn | 300 sec total\n|\n|t:|1783535895\n|switch|p1a: Overqwil|Overqwil, L82, F|118/274\n|-ability|p1a: Overqwil|Intimidate|boost\n|-unboost|p2a: Talonflame|atk|1\n|move|p2a: Talonflame|Brave Bird|p1a: Overqwil\n|-damage|p1a: Overqwil|16/274\n|-damage|p2a: Talonflame|0 fnt|[from] Recoil\n|faint|p2a: Talonflame\n|\n|upkeep\n|\n|t:|1783535896\n|switch|p2a: Lugia|Lugia, L73|100/100\n|turn|9\n|inactive|Time left: 300 sec this turn | 300 sec total\n|\n|t:|1783535897\n|switch|p1a: Lunala|Lunala, L70|241/308\n|move|p2a: Lugia|Aeroblast|p1a: Lunala\n|-damage|p1a: Lunala|157/308\n|\n|-heal|p1a: Lunala|176/308|[from] item: Leftovers\n|upkeep\n|turn|10\n|inactive|Time left: 300 sec this turn | 300 sec total\n|\n|t:|1783535898\n|move|p2a: Lugia|Calm Mind|p2a: Lugia\n|-boost|p2a: Lugia|spa|1\n|-boost|p2a: Lugia|spd|1\n|move|p1a: Lunala|Calm Mind|p1a: Lunala\n|-boost|p1a: Lunala|spa|1\n|-boost|p1a: Lunala|spd|1\n|\n|-heal|p1a: Lunala|195/308|[from] item: Leftovers\n|upkeep\n|turn|11\n|inactive|Time left: 300 sec this turn | 300 sec total\n|\n|t:|1783535899\n|move|p2a: Lugia|Calm Mind|p2a: Lugia\n|-boost|p2a: Lugia|spa|1\n|-boost|p2a: Lugia|spd|1\n|move|p1a: Lunala|Moongeist Beam|p2a: Lugia\n|-supereffective|p2a: Lugia\n|-damage|p2a: Lugia|57/100\n|\n|-heal|p1a: Lunala|214/308|[from] item: Leftovers\n|upkeep\n|turn|12\n|inactive|Time left: 300 sec this turn | 300 sec total\n|\n|t:|1783535900\n|move|p2a: Lugia|Aeroblast|p1a: Lunala\n|-damage|p1a: Lunala|115/308\n|move|p1a: Lunala|Moongeist Beam|p2a: Lugia\n|-supereffective|p2a: Lugia\n|-damage|p2a: Lugia|20/100\n|\n|-heal|p1a: Lunala|134/308|[from] item: Leftovers\n|upkeep\n|turn|13\n|inactive|Time left: 300 sec this turn | 300 sec total\n|\n|t:|1783535901\n|move|p2a: Lugia|Recover|p2a: Lugia\n|-heal|p2a: Lugia|70/100\n|move|p1a: Lunala|Moongeist Beam|p2a: Lugia\n|-supereffective|p2a: Lugia\n|-damage|p2a: Lugia|31/100\n|\n|-heal|p1a: Lunala|153/308|[from] item: Leftovers\n|upkeep\n|turn|14\n|inactive|Time left: 300 sec this turn | 300 sec total\n|\n|t:|1783535901\n|move|p2a: Lugia|Recover|p2a: Lugia\n|-heal|p2a: Lugia|81/100\n|move|p1a: Lunala|Moongeist Beam|p2a: Lugia\n|-supereffective|p2a: Lugia\n|-damage|p2a: Lugia|43/100\n|\n|-heal|p1a: Lunala|172/308|[from] item: Leftovers\n|upkeep\n|turn|15\n|inactive|Time left: 300 sec this turn | 300 sec total\n|\n|t:|1783535902\n|move|p2a: Lugia|Aeroblast|p1a: Lunala\n|-damage|p1a: Lunala|60/308\n|move|p1a: Lunala|Moonlight|p1a: Lunala\n|-heal|p1a: Lunala|214/308\n|\n|-heal|p1a: Lunala|233/308|[from] item: Leftovers\n|upkeep\n|turn|16\n|inactive|Time left: 300 sec this turn | 300 sec total\n|\n|t:|1783535903\n|move|p2a: Lugia|Recover|p2a: Lugia\n|-heal|p2a: Lugia|93/100\n|move|p1a: Lunala|Calm Mind|p1a: Lunala\n|-boost|p1a: Lunala|spa|1\n|-boost|p1a: Lunala|spd|1\n|\n|-heal|p1a: Lunala|252/308|[from] item: Leftovers\n|upkeep\n|turn|17\n|inactive|Time left: 300 sec this turn | 300 sec total\n|\n|t:|1783535904\n|move|p2a: Lugia|Calm Mind|p2a: Lugia\n|-boost|p2a: Lugia|spa|1\n|-boost|p2a: Lugia|spd|1\n|move|p1a: Lunala|Calm Mind|p1a: Lunala\n|-boost|p1a: Lunala|spa|1\n|-boost|p1a: Lunala|spd|1\n|\n|-heal|p1a: Lunala|271/308|[from] item: Leftovers\n|upkeep\n|turn|18\n|inactive|Time left: 300 sec this turn | 300 sec total\n|\n|t:|1783535904\n|move|p2a: Lugia|Aeroblast|p1a: Lunala\n|-damage|p1a: Lunala|187/308\n|move|p1a: Lunala|Moongeist Beam|p2a: Lugia\n|-supereffective|p2a: Lugia\n|-damage|p2a: Lugia|36/100\n|\n|-heal|p1a: Lunala|206/308|[from] item: Leftovers\n|upkeep\n|turn|19\n|inactive|Time left: 300 sec this turn | 300 sec total\n|\n|t:|1783535905\n|move|p2a: Lugia|Recover|p2a: Lugia\n|-heal|p2a: Lugia|87/100\n|move|p1a: Lunala|Psyshock|p2a: Lugia\n|-resisted|p2a: Lugia\n|-damage|p2a: Lugia|58/100\n|\n|-heal|p1a: Lunala|225/308|[from] item: Leftovers\n|upkeep\n|turn|20\n|inactive|Time left: 300 sec this turn | 300 sec total\n|\n|t:|1783535905\n|move|p2a: Lugia|Recover|p2a: Lugia\n|-heal|p2a: Lugia|100/100\n|move|p1a: Lunala|Psyshock|p2a: Lugia\n|-resisted|p2a: Lugia\n|-damage|p2a: Lugia|86/100\n|\n|-heal|p1a: Lunala|244/308|[from] item: Leftovers\n|upkeep\n|turn|21\n|inactive|Time left: 300 sec this turn | 300 sec total\n|\n|t:|1783535906\n|move|p2a: Lugia|Aeroblast|p1a: Lunala|[miss]\n|-miss|p2a: Lugia|p1a: Lunala\n|move|p1a: Lunala|Moonlight|p1a: Lunala\n|-heal|p1a: Lunala|308/308\n|\n|upkeep\n|turn|22\n|inactive|Time left: 300 sec this turn | 300 sec total\n|\n|t:|1783535907\n|move|p2a: Lugia|Calm Mind|p2a: Lugia\n|-boost|p2a: Lugia|spa|1\n|-boost|p2a: Lugia|spd|1\n|move|p1a: Lunala|Psyshock|p2a: Lugia\n|-resisted|p2a: Lugia\n|-damage|p2a: Lugia|54/100\n|\n|upkeep\n|turn|23\n|inactive|Time left: 300 sec this turn | 300 sec total\n|\n|t:|1783535908\n|move|p2a: Lugia|Recover|p2a: Lugia\n|-heal|p2a: Lugia|100/100\n|move|p1a: Lunala|Psyshock|p2a: Lugia\n|-resisted|p2a: Lugia\n|-damage|p2a: Lugia|84/100\n|\n|upkeep\n|turn|24\n|inactive|Time left: 300 sec this turn | 300 sec total\n|\n|t:|1783535909\n|move|p2a: Lugia|Recover|p2a: Lugia\n|-heal|p2a: Lugia|100/100\n|move|p1a: Lunala|Psyshock|p2a: Lugia\n|-resisted|p2a: Lugia\n|-damage|p2a: Lugia|85/100\n|\n|upkeep\n|turn|25\n|inactive|Time left: 300 sec this turn | 300 sec total\n|\n|t:|1783535909\n|move|p2a: Lugia|Recover|p2a: Lugia\n|-heal|p2a: Lugia|100/100\n|move|p1a: Lunala|Psyshock|p2a: Lugia\n|-resisted|p2a: Lugia\n|-damage|p2a: Lugia|85/100\n|\n|upkeep\n|turn|26\n|inactive|Time left: 300 sec this turn | 300 sec total\n|\n|t:|1783535910\n|move|p2a: Lugia|Aeroblast|p1a: Lunala\n|-damage|p1a: Lunala|263/308\n|move|p1a: Lunala|Psyshock|p2a: Lugia\n|-resisted|p2a: Lugia\n|-damage|p2a: Lugia|57/100\n|\n|-heal|p1a: Lunala|282/308|[from] item: Leftovers\n|upkeep\n|turn|27\n|inactive|Time left: 300 sec this turn | 300 sec total\n|\n|t:|1783535912\n|move|p2a: Lugia|Aeroblast|p1a: Lunala\n|-damage|p1a: Lunala|194/308\n|move|p1a: Lunala|Psyshock|p2a: Lugia\n|-resisted|p2a: Lugia\n|-damage|p2a: Lugia|24/100\n|\n|-heal|p1a: Lunala|213/308|[from] item: Leftovers\n|upkeep\n|turn|28\n|inactive|Time left: 300 sec this turn | 300 sec total\n|\n|t:|1783535913\n|move|p2a: Lugia|Aeroblast|p1a: Lunala\n|-damage|p1a: Lunala|120/308\n|move|p1a: Lunala|Psyshock|p2a: Lugia\n|-resisted|p2a: Lugia\n|-damage|p2a: Lugia|0 fnt\n|faint|p2a: Lugia\n|\n|-heal|p1a: Lunala|139/308|[from] item: Leftovers\n|upkeep\n|\n|t:|1783535913\n|switch|p2a: Tauros|Tauros-Paldea-Aqua, L81, M|100/100\n|turn|29\n|inactive|Time left: 300 sec this turn | 300 sec total\n|\n|t:|1783535914\n|-terastallize|p2a: Tauros|Water\n|move|p2a: Tauros|Liquidation|p1a: Lunala\n|-damage|p1a: Lunala|0 fnt\n|faint|p1a: Lunala\n|\n|upkeep\n|inactive|Time left: 300 sec this turn | 300 sec total | 5 sec grace\n|\n|t:|1783535916\n|switch|p1a: Serperior|Serperior, L79, M|248/248\n|turn|30\n|inactive|Time left: 300 sec this turn | 300 sec total\n|\n|t:|1783535917\n|switch|p2a: Kommo-o|Kommo-o, L77, F|100/100\n|move|p1a: Serperior|Leaf Storm|p2a: Kommo-o\n|-resisted|p2a: Kommo-o\n|-damage|p2a: Kommo-o|75/100\n|-boost|p1a: Serperior|spa|2\n|-damage|p1a: Serperior|224/248|[from] item: Life Orb\n|\n|upkeep\n|turn|31\n|inactive|Time left: 300 sec this turn | 300 sec total\n|\n|t:|1783535918\n|move|p1a: Serperior|Leaf Storm|p2a: Kommo-o|[miss]\n|-miss|p1a: Serperior|p2a: Kommo-o\n|move|p2a: Kommo-o|Scale Shot|p1a: Serperior\n|-damage|p1a: Serperior|200/248\n|-damage|p1a: Serperior|176/248\n|-damage|p1a: Serperior|151/248\n|-damage|p1a: Serperior|124/248\n|-hitcount|p1a: Serperior|4\n|-unboost|p2a: Kommo-o|def|1\n|-boost|p2a: Kommo-o|spe|1\n|\n|upkeep\n|turn|32\n|inactive|Time left: 300 sec this turn | 300 sec total\n|\n|t:|1783535919\n|move|p2a: Kommo-o|Close Combat|p1a: Serperior\n|-damage|p1a: Serperior|15/248\n|-unboost|p2a: Kommo-o|def|1\n|-unboost|p2a: Kommo-o|spd|1\n|move|p1a: Serperior|Glare|p2a: Kommo-o\n|-status|p2a: Kommo-o|par\n|\n|upkeep\n|turn|33\n|inactive|Time left: 300 sec this turn | 300 sec total\n|\n|t:|1783535920\n|move|p1a: Serperior|Synthesis|p1a: Serperior\n|-heal|p1a: Serperior|139/248\n|move|p2a: Kommo-o|Close Combat|p1a: Serperior\n|-damage|p1a: Serperior|28/248\n|-unboost|p2a: Kommo-o|def|1\n|-unboost|p2a: Kommo-o|spd|1\n|\n|upkeep\n|turn|34\n|inactive|Time left: 300 sec this turn | 300 sec total\n|\n|t:|1783535921\n|move|p1a: Serperior|Synthesis|p1a: Serperior\n|-heal|p1a: Serperior|152/248\n|move|p2a: Kommo-o|Close Combat|p1a: Serperior\n|-damage|p1a: Serperior|34/248\n|-unboost|p2a: Kommo-o|def|1\n|-unboost|p2a: Kommo-o|spd|1\n|\n|upkeep\n|turn|35\n|inactive|Time left: 300 sec this turn | 300 sec total\n|\n|t:|1783535922\n|move|p1a: Serperior|Synthesis|p1a: Serperior\n|-heal|p1a: Serperior|158/248\n|cant|p2a: Kommo-o|par\n|\n|upkeep\n|turn|36\n|inactive|Time left: 300 sec this turn | 300 sec total\n|\n|t:|1783535923\n|move|p1a: Serperior|Leaf Storm|p2a: Kommo-o\n|-resisted|p2a: Kommo-o\n|-damage|p2a: Kommo-o|0 fnt\n|-boost|p1a: Serperior|spa|2\n|faint|p2a: Kommo-o\n|-damage|p1a: Serperior|134/248|[from] item: Life Orb\n|\n|upkeep\n|\n|t:|1783535924\n|switch|p2a: Tauros|Tauros-Paldea-Aqua, L81, M, tera:Water|100/100\n|turn|37\n|inactive|Time left: 300 sec this turn | 300 sec total\n|\n|t:|1783535925\n|move|p1a: Serperior|Leaf Storm|p2a: Tauros\n|-supereffective|p2a: Tauros\n|-damage|p2a: Tauros|0 fnt\n|-boost|p1a: Serperior|spa|2\n|faint|p2a: Tauros\n|-damage|p1a: Serperior|110/248|[from] item: Life Orb\n|\n|upkeep\n|\n|t:|1783535926\n|switch|p2a: Piloswine|Piloswine, L85, F|100/100\n|turn|38\n|inactive|Time left: 300 sec this turn | 300 sec total\n|\n|t:|1783535927\n|-terastallize|p1a: Serperior|Rock\n|move|p1a: Serperior|Leaf Storm|p2a: Piloswine\n|-supereffective|p2a: Piloswine\n|-damage|p2a: Piloswine|0 fnt\n|faint|p2a: Piloswine\n|-damage|p1a: Serperior|86/248|[from] item: Life Orb\n|\n|win|p0x183ab8e", "uploadtime": 1783535927, "views": 0, "rating": 0, "private": 0, "password": null, "_winner": "p0x183ab8e", "_our_name": "p0x183ab8e"}