{"id": "battle-gen9randombattle-124", "formatid": "gen9randombattle", "format": "[Gen 9] Random Battle", "players": ["p0x124d517", "p0y124f02a"], "log": "|init|battle\n|title|p0x124d517 vs. p0y124f02a\n|j|\u2606p0x124d517\n|j|\u2606p0y124f02a\n|t:|1783535180\n|gametype|singles\n|player|p1|p0x124d517|169|\n|player|p2|p0y124f02a|2|\n|gen|9\n|tier|[Gen 9] Random Battle\n|rule|Species Clause: Limit one of each Pok\u00e9mon\n|rule|HP Percentage Mod: HP is shown in percentages\n|rule|Sleep Clause Mod: Limit one foe put to sleep\n|rule|Illusion Level Mod: Illusion disguises the Pok\u00e9mon's true level\n|\n|t:|1783535180\n|teamsize|p1|6\n|teamsize|p2|6\n|start\n|switch|p1a: Talonflame|Talonflame, L83, F|100/100\n|switch|p2a: Gurdurr|Gurdurr, L85, F|283/283\n|turn|1\n|inactive|Battle timer is ON: inactive players will automatically lose when time's up. (requested by p0x124d517)\n|inactive|Time left: 300 sec this turn | 300 sec total | 60 sec grace\n|inactive|p0y124f02a also wants the timer to be on.\n|\n|t:|1783535181\n|move|p1a: Talonflame|Swords Dance|p1a: Talonflame\n|-boost|p1a: Talonflame|atk|2\n|move|p2a: Gurdurr|Knock Off|p1a: Talonflame\n|-damage|p1a: Talonflame|68/100\n|-enditem|p1a: Talonflame|Heavy-Duty Boots|[from] move: Knock Off|[of] p2a: Gurdurr\n|\n|upkeep\n|turn|2\n|inactive|Time left: 300 sec this turn | 300 sec total\n|\n|t:|1783535183\n|move|p1a: Talonflame|Brave Bird|p2a: Gurdurr\n|-supereffective|p2a: Gurdurr\n|-damage|p2a: Gurdurr|1/283\n|-damage|p1a: Talonflame|33/100|[from] Recoil\n|move|p2a: Gurdurr|Knock Off|p1a: Talonflame\n|-damage|p1a: Talonflame|11/100\n|\n|upkeep\n|turn|3\n|inactive|Time left: 300 sec this turn | 300 sec total\n|\n|t:|1783535184\n|move|p2a: Gurdurr|Mach Punch|p1a: Talonflame\n|-resisted|p1a: Talonflame\n|-damage|p1a: Talonflame|0 fnt\n|faint|p1a: Talonflame\n|\n|upkeep\n|\n|t:|1783535185\n|switch|p1a: Salamence|Salamence, L77, M|100/100\n|-ability|p1a: Salamence|Intimidate|boost\n|-unboost|p2a: Gurdurr|atk|1\n|turn|4\n|inactive|Time left: 300 sec this turn | 300 sec total\n|\n|t:|1783535186\n|move|p2a: Gurdurr|Mach Punch|p1a: Salamence\n|-resisted|p1a: Salamence\n|-damage|p1a: Salamence|94/100\n|move|p1a: Salamence|Dragon Dance|p1a: Salamence\n|-boost|p1a: Salamence|atk|1\n|-boost|p1a: Salamence|spe|1\n|\n|upkeep\n|turn|5\n|inactive|Time left: 300 sec this turn | 300 sec total\n|\n|t:|1783535187\n|move|p1a: Salamence|Outrage|p2a: Gurdurr\n|-damage|p2a: Gurdurr|0 fnt\n|faint|p2a: Gurdurr\n|\n|upkeep\n|inactive|Time left: 300 sec this turn | 300 sec total | 5 sec grace\n|\n|t:|1783535188\n|switch|p2a: Wo-Chien|Wo-Chien, L83|277/277\n|-ability|p2a: Wo-Chien|Tablets of Ruin\n|turn|6\n|inactive|Time left: 300 sec this turn | 300 sec total\n|\n|t:|1783535189\n|move|p1a: Salamence|Outrage|p2a: Wo-Chien|[from] lockedmove\n|-damage|p2a: Wo-Chien|142/277\n|move|p2a: Wo-Chien|Ruination|p1a: Salamence\n|-damage|p1a: Salamence|47/100\n|\n|-heal|p2a: Wo-Chien|159/277|[from] item: Leftovers\n|upkeep\n|turn|7\n|inactive|Time left: 300 sec this turn | 300 sec total\n|\n|t:|1783535190\n|move|p1a: Salamence|Outrage|p2a: Wo-Chien|[from] lockedmove\n|-damage|p2a: Wo-Chien|5/277\n|-start|p1a: Salamence|confusion|[fatigue]\n|move|p2a: Wo-Chien|Knock Off|p1a: Salamence\n|-damage|p1a: Salamence|9/100\n|-enditem|p1a: Salamence|Heavy-Duty Boots|[from] move: Knock Off|[of] p2a: Wo-Chien\n|\n|-heal|p2a: Wo-Chien|22/277|[from] item: Leftovers\n|upkeep\n|turn|8\n|inactive|Time left: 300 sec this turn | 300 sec total\n|\n|t:|1783535191\n|-activate|p1a: Salamence|confusion\n|-damage|p1a: Salamence|0 fnt|[from] confusion\n|faint|p1a: Salamence\n|move|p2a: Wo-Chien|Knock Off|p1: Salamence|[notarget]\n|-fail|p2a: Wo-Chien\n|\n|-heal|p2a: Wo-Chien|39/277|[from] item: Leftovers\n|upkeep\n|\n|t:|1783535192\n|switch|p1a: Girafarig|Girafarig, L89, F|100/100\n|turn|9\n|inactive|Time left: 300 sec this turn | 300 sec total\n|\n|t:|1783535193\n|move|p1a: Girafarig|Dazzling Gleam|p2a: Wo-Chien\n|-supereffective|p2a: Wo-Chien\n|-damage|p2a: Wo-Chien|0 fnt\n|faint|p2a: Wo-Chien\n|\n|upkeep\n|inactive|Time left: 300 sec this turn | 300 sec total | 5 sec grace\n|\n|t:|1783535194\n|switch|p2a: Houndoom|Houndoom, L87, M|272/272\n|turn|10\n|inactive|Time left: 300 sec this turn | 300 sec total\n|\n|t:|1783535194\n|switch|p1a: Chansey|Chansey, L85, F|100/100\n|move|p2a: Houndoom|Nasty Plot|p2a: Houndoom\n|-boost|p2a: Houndoom|spa|2\n|\n|upkeep\n|turn|11\n|inactive|Time left: 300 sec this turn | 300 sec total\n|\n|t:|1783535195\n|move|p2a: Houndoom|Nasty Plot|p2a: Houndoom\n|-boost|p2a: Houndoom|spa|2\n|move|p1a: Chansey|Seismic Toss|p2a: Houndoom\n|-damage|p2a: Houndoom|187/272\n|\n|upkeep\n|turn|12\n|inactive|Time left: 300 sec this turn | 300 sec total\n|\n|t:|1783535196\n|move|p2a: Houndoom|Fire Blast|p1a: Chansey\n|-damage|p1a: Chansey|57/100\n|-status|p1a: Chansey|brn\n|move|p1a: Chansey|Thunder Wave|p2a: Houndoom\n|-status|p2a: Houndoom|par\n|\n|-damage|p1a: Chansey|51/100 brn|[from] brn\n|upkeep\n|turn|13\n|inactive|Time left: 300 sec this turn | 300 sec total\n|\n|t:|1783535197\n|move|p1a: Chansey|Soft-Boiled|p1a: Chansey\n|-heal|p1a: Chansey|100/100 brn\n|move|p2a: Houndoom|Dark Pulse|p1a: Chansey\n|-damage|p1a: Chansey|69/100 brn\n|\n|-damage|p1a: Chansey|63/100 brn|[from] brn\n|upkeep\n|turn|14\n|inactive|Time left: 300 sec this turn | 300 sec total\n|\n|t:|1783535197\n|move|p1a: Chansey|Soft-Boiled|p1a: Chansey\n|-heal|p1a: Chansey|100/100 brn\n|move|p2a: Houndoom|Dark Pulse|p1a: Chansey\n|-damage|p1a: Chansey|72/100 brn\n|\n|-damage|p1a: Chansey|66/100 brn|[from] brn\n|upkeep\n|turn|15\n|inactive|Time left: 300 sec this turn | 300 sec total\n|\n|t:|1783535198\n|move|p1a: Chansey|Seismic Toss|p2a: Houndoom\n|-damage|p2a: Houndoom|102/272 par\n|move|p2a: Houndoom|Dark Pulse|p1a: Chansey\n|-damage|p1a: Chansey|36/100 brn\n|\n|-damage|p1a: Chansey|30/100 brn|[from] brn\n|upkeep\n|turn|16\n|inactive|Time left: 300 sec this turn | 300 sec total\n|\n|t:|1783535199\n|move|p1a: Chansey|Seismic Toss|p2a: Houndoom\n|-damage|p2a: Houndoom|17/272 par\n|move|p2a: Houndoom|Dark Pulse|p1a: Chansey\n|-damage|p1a: Chansey|2/100 brn\n|\n|-damage|p1a: Chansey|0 fnt|[from] brn\n|faint|p1a: Chansey\n|upkeep\n|\n|t:|1783535200\n|switch|p1a: Girafarig|Girafarig, L89, F|100/100\n|turn|17\n|inactive|Time left: 300 sec this turn | 300 sec total\n|\n|t:|1783535201\n|move|p1a: Girafarig|Shadow Ball|p2a: Houndoom\n|-resisted|p2a: Houndoom\n|-damage|p2a: Houndoom|0 fnt\n|faint|p2a: Houndoom\n|\n|upkeep\n|inactive|Time left: 300 sec this turn | 300 sec total | 5 sec grace\n|\n|t:|1783535202\n|switch|p2a: Basculin|Basculin, L86, M|261/261\n|turn|18\n|inactive|Time left: 300 sec this turn | 300 sec total\n|\n|t:|1783535203\n|switch|p1a: Trevenant|Trevenant, L89, M|100/100\n|move|p2a: Basculin|Wave Crash|p1a: Trevenant\n|-resisted|p1a: Trevenant\n|-damage|p1a: Trevenant|57/100\n|-damage|p2a: Basculin|219/261|[from] Recoil\n|\n|upkeep\n|turn|19\n|inactive|Time left: 300 sec this turn | 300 sec total\n|\n|t:|1783535204\n|move|p2a: Basculin|Wave Crash|p1a: Trevenant\n|-resisted|p1a: Trevenant\n|-damage|p1a: Trevenant|15/100\n|-damage|p2a: Basculin|178/261|[from] Recoil\n|move|p1a: Trevenant|Horn Leech|p2a: Basculin\n|-supereffective|p2a: Basculin\n|-damage|p2a: Basculin|0 fnt\n|-heal|p1a: Trevenant|45/100|[from] drain|[of] p2a: Basculin\n|faint|p2a: Basculin\n|-damage|p1a: Trevenant|35/100|[from] item: Life Orb\n|\n|upkeep\n|inactive|Time left: 300 sec this turn | 300 sec total | 5 sec grace\n|\n|t:|1783535205\n|switch|p2a: Magmortar|Magmortar, L88, F|275/275\n|turn|20\n|inactive|Time left: 300 sec this turn | 300 sec total\n|\n|t:|1783535206\n|move|p2a: Magmortar|Fire Blast|p1a: Trevenant|[miss]\n|-miss|p2a: Magmortar|p1a: Trevenant\n|move|p1a: Trevenant|Poltergeist|p2a: Magmortar\n|-activate|p2a: Magmortar|move: Poltergeist|Heavy-Duty Boots\n|-damage|p2a: Magmortar|57/275\n|-damage|p1a: Trevenant|25/100|[from] item: Life Orb\n|\n|upkeep\n|turn|21\n|inactive|Time left: 300 sec this turn | 300 sec total\n|\n|t:|1783535207\n|move|p2a: Magmortar|Fire Blast|p1a: Trevenant\n|-supereffective|p1a: Trevenant\n|-damage|p1a: Trevenant|0 fnt\n|faint|p1a: Trevenant\n|\n|upkeep\n|\n|t:|1783535208\n|switch|p1a: Girafarig|Girafarig, L89, F|100/100\n|turn|22\n|inactive|Time left: 300 sec this turn | 300 sec total\n|\n|t:|1783535209\n|switch|p2a: Hawlucha|Hawlucha, L80, F|256/256\n|move|p1a: Girafarig|Nasty Plot|p1a: Girafarig\n|-boost|p1a: Girafarig|spa|2\n|\n|upkeep\n|turn|23\n|inactive|Time left: 300 sec this turn | 300 sec total\n|\n|t:|1783535210\n|switch|p2a: Magmortar|Magmortar, L88, F|57/275\n|-terastallize|p1a: Girafarig|Fairy\n|move|p1a: Girafarig|Dazzling Gleam|p2a: Magmortar\n|-resisted|p2a: Magmortar\n|-damage|p2a: Magmortar|0 fnt\n|faint|p2a: Magmortar\n|\n|upkeep\n|inactive|Time left: 300 sec this turn | 300 sec total | 5 sec grace\n|\n|t:|1783535210\n|switch|p2a: Hawlucha|Hawlucha, L80, F|256/256\n|turn|24\n|inactive|Time left: 300 sec this turn | 300 sec total\n|\n|t:|1783535211\n|move|p2a: Hawlucha|Swords Dance|p2a: Hawlucha\n|-boost|p2a: Hawlucha|atk|2\n|move|p1a: Girafarig|Psyshock|p2a: Hawlucha\n|-supereffective|p2a: Hawlucha\n|-damage|p2a: Hawlucha|0 fnt\n|faint|p2a: Hawlucha\n|\n|win|p0x124d517", "uploadtime": 1783535211, "views": 0, "rating": 0, "private": 0, "password": null, "_winner": "p0x124d517", "_our_name": "p0y124f02a"}