{"id": "battle-gen9randombattle-1224", "formatid": "gen9randombattle", "format": "[Gen 9] Random Battle", "players": ["p0x1224f56b", "p0y122433b7"], "log": "|init|battle\n|title|p0x1224f56b vs. p0y122433b7\n|j|\u2606p0x1224f56b\n|j|\u2606p0y122433b7\n|t:|1783554164\n|gametype|singles\n|player|p1|p0x1224f56b|170|\n|player|p2|p0y122433b7|1|\n|gen|9\n|tier|[Gen 9] Random Battle\n|rule|Species Clause: Limit one of each Pok\u00e9mon\n|rule|HP Percentage Mod: HP is shown in percentages\n|rule|Sleep Clause Mod: Limit one foe put to sleep\n|rule|Illusion Level Mod: Illusion disguises the Pok\u00e9mon's true level\n|\n|t:|1783554164\n|teamsize|p1|6\n|teamsize|p2|6\n|start\n|switch|p1a: Rayquaza|Rayquaza, L72|270/270\n|switch|p2a: Rabsca|Rabsca, L91, M|100/100\n|-ability|p1a: Rayquaza|Air Lock\n|turn|1\n|inactive|Battle timer is ON: inactive players will automatically lose when time's up. (requested by p0y122433b7)\n|inactive|Time left: 300 sec this turn | 300 sec total | 60 sec grace\n|inactive|p0x1224f56b also wants the timer to be on.\n|\n|t:|1783554166\n|move|p1a: Rayquaza|Dragon Ascent|p2a: Rabsca\n|-supereffective|p2a: Rabsca\n|-damage|p2a: Rabsca|0 fnt\n|-unboost|p1a: Rayquaza|def|1\n|-unboost|p1a: Rayquaza|spd|1\n|faint|p2a: Rabsca\n|\n|upkeep\n|\n|t:|1783554167\n|switch|p2a: Ampharos|Ampharos, L88, M|100/100\n|turn|2\n|inactive|Time left: 300 sec this turn | 300 sec total\n|\n|t:|1783554168\n|switch|p1a: Gastrodon|Gastrodon-East, L86, F|331/331\n|move|p2a: Ampharos|Thunderbolt|p1a: Gastrodon\n|-immune|p1a: Gastrodon\n|\n|upkeep\n|turn|3\n|inactive|Time left: 300 sec this turn | 300 sec total\n|\n|t:|1783554170\n|move|p2a: Ampharos|Thunderbolt|p1a: Gastrodon\n|-immune|p1a: Gastrodon\n|move|p1a: Gastrodon|Earthquake|p2a: Ampharos\n|-supereffective|p2a: Ampharos\n|-damage|p2a: Ampharos|31/100\n|\n|upkeep\n|turn|4\n|inactive|Time left: 300 sec this turn | 300 sec total\n|\n|t:|1783554171\n|switch|p2a: Chesnaught|Chesnaught, L84, M|100/100\n|move|p1a: Gastrodon|Earthquake|p2a: Chesnaught\n|-resisted|p2a: Chesnaught\n|-damage|p2a: Chesnaught|88/100\n|\n|-heal|p2a: Chesnaught|94/100|[from] item: Leftovers\n|upkeep\n|turn|5\n|inactive|Time left: 300 sec this turn | 300 sec total\n|\n|t:|1783554172\n|switch|p1a: Rayquaza|Rayquaza, L72|270/270\n|-ability|p1a: Rayquaza|Air Lock\n|move|p2a: Chesnaught|Trailblaze|p1a: Rayquaza\n|-resisted|p1a: Rayquaza\n|-damage|p1a: Rayquaza|254/270\n|-boost|p2a: Chesnaught|spe|1\n|\n|-heal|p2a: Chesnaught|99/100|[from] item: Leftovers\n|upkeep\n|turn|6\n|inactive|Time left: 300 sec this turn | 300 sec total\n|\n|t:|1783554173\n|move|p2a: Chesnaught|Iron Defense|p2a: Chesnaught\n|-boost|p2a: Chesnaught|def|2\n|move|p1a: Rayquaza|Dragon Ascent|p2a: Chesnaught\n|-supereffective|p2a: Chesnaught\n|-damage|p2a: Chesnaught|0 fnt\n|-unboost|p1a: Rayquaza|def|1\n|-unboost|p1a: Rayquaza|spd|1\n|faint|p2a: Chesnaught\n|\n|upkeep\n|\n|t:|1783554174\n|switch|p2a: Oricorio|Oricorio-Pa'u, L87, F|100/100\n|turn|7\n|inactive|Time left: 300 sec this turn | 300 sec total\n|\n|t:|1783554175\n|move|p2a: Oricorio|Quiver Dance|p2a: Oricorio\n|-boost|p2a: Oricorio|spa|1\n|-boost|p2a: Oricorio|spd|1\n|-boost|p2a: Oricorio|spe|1\n|move|p1a: Rayquaza|Dragon Ascent|p2a: Oricorio\n|-damage|p2a: Oricorio|16/100\n|-unboost|p1a: Rayquaza|def|1\n|-unboost|p1a: Rayquaza|spd|1\n|\n|upkeep\n|turn|8\n|inactive|Time left: 300 sec this turn | 300 sec total\n|\n|t:|1783554176\n|switch|p1a: Gastrodon|Gastrodon-East, L86, F|331/331\n|move|p2a: Oricorio|Revelation Dance|p1a: Gastrodon\n|-damage|p1a: Gastrodon|172/331\n|\n|-heal|p1a: Gastrodon|192/331|[from] item: Leftovers\n|upkeep\n|turn|9\n|inactive|Time left: 300 sec this turn | 300 sec total\n|\n|t:|1783554177\n|move|p2a: Oricorio|Roost|p2a: Oricorio\n|-heal|p2a: Oricorio|66/100\n|-singleturn|p2a: Oricorio|move: Roost\n|move|p1a: Gastrodon|Ice Beam|p2a: Oricorio\n|-damage|p2a: Oricorio|48/100\n|\n|-heal|p1a: Gastrodon|212/331|[from] item: Leftovers\n|upkeep\n|turn|10\n|inactive|Time left: 300 sec this turn | 300 sec total\n|\n|t:|1783554178\n|move|p2a: Oricorio|Quiver Dance|p2a: Oricorio\n|-boost|p2a: Oricorio|spa|1\n|-boost|p2a: Oricorio|spd|1\n|-boost|p2a: Oricorio|spe|1\n|move|p1a: Gastrodon|Ice Beam|p2a: Oricorio\n|-supereffective|p2a: Oricorio\n|-damage|p2a: Oricorio|22/100\n|\n|-heal|p1a: Gastrodon|232/331|[from] item: Leftovers\n|upkeep\n|turn|11\n|inactive|Time left: 300 sec this turn | 300 sec total\n|\n|t:|1783554179\n|move|p2a: Oricorio|Roost|p2a: Oricorio\n|-heal|p2a: Oricorio|72/100\n|-singleturn|p2a: Oricorio|move: Roost\n|move|p1a: Gastrodon|Ice Beam|p2a: Oricorio\n|-damage|p2a: Oricorio|59/100\n|-status|p2a: Oricorio|frz\n|\n|-heal|p1a: Gastrodon|252/331|[from] item: Leftovers\n|upkeep\n|turn|12\n|inactive|Time left: 300 sec this turn | 300 sec total\n|\n|t:|1783554180\n|-curestatus|p2a: Oricorio|frz|[msg]\n|move|p2a: Oricorio|Hurricane|p1a: Gastrodon|[miss]\n|-miss|p2a: Oricorio|p1a: Gastrodon\n|move|p1a: Gastrodon|Ice Beam|p2a: Oricorio\n|-supereffective|p2a: Oricorio\n|-crit|p2a: Oricorio\n|-damage|p2a: Oricorio|0 fnt\n|faint|p2a: Oricorio\n|\n|-heal|p1a: Gastrodon|272/331|[from] item: Leftovers\n|upkeep\n|\n|t:|1783554181\n|switch|p2a: Zamazenta|Zamazenta, L71|100/100\n|-ability|p2a: Zamazenta|Dauntless Shield|boost\n|-boost|p2a: Zamazenta|def|1\n|turn|13\n|inactive|Time left: 300 sec this turn | 300 sec total\n|\n|t:|1783554182\n|move|p2a: Zamazenta|Iron Defense|p2a: Zamazenta\n|-boost|p2a: Zamazenta|def|2\n|move|p1a: Gastrodon|Recover|p1a: Gastrodon\n|-heal|p1a: Gastrodon|331/331\n|\n|upkeep\n|turn|14\n|inactive|Time left: 300 sec this turn | 300 sec total\n|\n|t:|1783554183\n|move|p2a: Zamazenta|Body Press|p1a: Gastrodon\n|-damage|p1a: Gastrodon|138/331\n|move|p1a: Gastrodon|Recover|p1a: Gastrodon\n|-heal|p1a: Gastrodon|304/331\n|\n|-heal|p1a: Gastrodon|324/331|[from] item: Leftovers\n|upkeep\n|turn|15\n|inactive|Time left: 300 sec this turn | 300 sec total\n|\n|t:|1783554184\n|move|p2a: Zamazenta|Body Press|p1a: Gastrodon\n|-damage|p1a: Gastrodon|122/331\n|move|p1a: Gastrodon|Recover|p1a: Gastrodon\n|-heal|p1a: Gastrodon|288/331\n|\n|-heal|p1a: Gastrodon|308/331|[from] item: Leftovers\n|upkeep\n|turn|16\n|inactive|Time left: 300 sec this turn | 300 sec total\n|\n|t:|1783554185\n|move|p2a: Zamazenta|Body Press|p1a: Gastrodon\n|-damage|p1a: Gastrodon|113/331\n|move|p1a: Gastrodon|Recover|p1a: Gastrodon\n|-heal|p1a: Gastrodon|279/331\n|\n|-heal|p1a: Gastrodon|299/331|[from] item: Leftovers\n|upkeep\n|turn|17\n|inactive|Time left: 300 sec this turn | 300 sec total\n|\n|t:|1783554186\n|move|p2a: Zamazenta|Body Press|p1a: Gastrodon\n|-damage|p1a: Gastrodon|92/331\n|move|p1a: Gastrodon|Recover|p1a: Gastrodon\n|-heal|p1a: Gastrodon|258/331\n|\n|-heal|p1a: Gastrodon|278/331|[from] item: Leftovers\n|upkeep\n|turn|18\n|inactive|Time left: 300 sec this turn | 300 sec total\n|\n|t:|1783554187\n|move|p2a: Zamazenta|Body Press|p1a: Gastrodon\n|-damage|p1a: Gastrodon|56/331\n|move|p1a: Gastrodon|Recover|p1a: Gastrodon\n|-heal|p1a: Gastrodon|222/331\n|\n|-heal|p1a: Gastrodon|242/331|[from] item: Leftovers\n|upkeep\n|turn|19\n|inactive|Time left: 300 sec this turn | 300 sec total\n|\n|t:|1783554188\n|move|p2a: Zamazenta|Body Press|p1a: Gastrodon\n|-damage|p1a: Gastrodon|22/331\n|move|p1a: Gastrodon|Recover|p1a: Gastrodon\n|-heal|p1a: Gastrodon|188/331\n|\n|-heal|p1a: Gastrodon|208/331|[from] item: Leftovers\n|upkeep\n|turn|20\n|inactive|Time left: 300 sec this turn | 300 sec total\n|\n|t:|1783554189\n|switch|p1a: Rayquaza|Rayquaza, L72|254/270\n|-ability|p1a: Rayquaza|Air Lock\n|move|p2a: Zamazenta|Body Press|p1a: Rayquaza\n|-resisted|p1a: Rayquaza\n|-damage|p1a: Rayquaza|149/270\n|\n|upkeep\n|turn|21\n|inactive|Time left: 300 sec this turn | 300 sec total\n|\n|t:|1783554190\n|move|p2a: Zamazenta|Body Press|p1a: Rayquaza\n|-resisted|p1a: Rayquaza\n|-damage|p1a: Rayquaza|51/270\n|move|p1a: Rayquaza|Dragon Ascent|p2a: Zamazenta\n|-supereffective|p2a: Zamazenta\n|-damage|p2a: Zamazenta|44/100\n|-unboost|p1a: Rayquaza|def|1\n|-unboost|p1a: Rayquaza|spd|1\n|\n|-heal|p2a: Zamazenta|50/100|[from] item: Leftovers\n|upkeep\n|turn|22\n|inactive|Time left: 300 sec this turn | 300 sec total\n|\n|t:|1783554191\n|move|p2a: Zamazenta|Body Press|p1a: Rayquaza\n|-resisted|p1a: Rayquaza\n|-damage|p1a: Rayquaza|0 fnt\n|faint|p1a: Rayquaza\n|\n|-heal|p2a: Zamazenta|56/100|[from] item: Leftovers\n|upkeep\n|inactive|Time left: 300 sec this turn | 300 sec total | 5 sec grace\n|\n|t:|1783554192\n|switch|p1a: Gouging Fire|Gouging Fire, L74|277/277\n|turn|23\n|inactive|Time left: 300 sec this turn | 300 sec total\n|\n|t:|1783554193\n|move|p2a: Zamazenta|Body Press|p1a: Gouging Fire\n|-damage|p1a: Gouging Fire|123/277\n|move|p1a: Gouging Fire|Dragon Dance|p1a: Gouging Fire\n|-boost|p1a: Gouging Fire|atk|1\n|-boost|p1a: Gouging Fire|spe|1\n|\n|-heal|p2a: Zamazenta|62/100|[from] item: Leftovers\n|upkeep\n|turn|24\n|inactive|Time left: 300 sec this turn | 300 sec total\n|\n|t:|1783554194\n|move|p1a: Gouging Fire|Morning Sun|p1a: Gouging Fire\n|-heal|p1a: Gouging Fire|261/277\n|move|p2a: Zamazenta|Body Press|p1a: Gouging Fire\n|-damage|p1a: Gouging Fire|110/277\n|\n|-heal|p2a: Zamazenta|68/100|[from] item: Leftovers\n|upkeep\n|turn|25\n|inactive|Time left: 300 sec this turn | 300 sec total\n|\n|t:|1783554195\n|move|p1a: Gouging Fire|Morning Sun|p1a: Gouging Fire\n|-heal|p1a: Gouging Fire|248/277\n|move|p2a: Zamazenta|Body Press|p1a: Gouging Fire\n|-damage|p1a: Gouging Fire|97/277\n|\n|-heal|p2a: Zamazenta|74/100|[from] item: Leftovers\n|upkeep\n|turn|26\n|inactive|Time left: 300 sec this turn | 300 sec total\n|\n|t:|1783554196\n|move|p1a: Gouging Fire|Morning Sun|p1a: Gouging Fire\n|-heal|p1a: Gouging Fire|235/277\n|move|p2a: Zamazenta|Body Press|p1a: Gouging Fire\n|-damage|p1a: Gouging Fire|76/277\n|\n|-heal|p2a: Zamazenta|80/100|[from] item: Leftovers\n|upkeep\n|turn|27\n|inactive|Time left: 300 sec this turn | 300 sec total\n|\n|t:|1783554197\n|-terastallize|p1a: Gouging Fire|Fairy\n|move|p1a: Gouging Fire|Morning Sun|p1a: Gouging Fire\n|-heal|p1a: Gouging Fire|214/277\n|move|p2a: Zamazenta|Body Press|p1a: Gouging Fire\n|-resisted|p1a: Gouging Fire\n|-damage|p1a: Gouging Fire|133/277\n|\n|-heal|p2a: Zamazenta|86/100|[from] item: Leftovers\n|upkeep\n|turn|28\n|inactive|Time left: 300 sec this turn | 300 sec total\n|\n|t:|1783554198\n|move|p1a: Gouging Fire|Morning Sun|p1a: Gouging Fire\n|-heal|p1a: Gouging Fire|271/277\n|move|p2a: Zamazenta|Iron Head|p1a: Gouging Fire\n|-supereffective|p1a: Gouging Fire\n|-damage|p1a: Gouging Fire|185/277\n|\n|-heal|p2a: Zamazenta|92/100|[from] item: Leftovers\n|upkeep\n|turn|29\n|inactive|Time left: 300 sec this turn | 300 sec total\n|\n|t:|1783554199\n|move|p1a: Gouging Fire|Morning Sun|p1a: Gouging Fire\n|-heal|p1a: Gouging Fire|277/277\n|move|p2a: Zamazenta|Iron Head|p1a: Gouging Fire\n|-supereffective|p1a: Gouging Fire\n|-damage|p1a: Gouging Fire|197/277\n|\n|-heal|p2a: Zamazenta|98/100|[from] item: Leftovers\n|upkeep\n|turn|30\n|inactive|Time left: 300 sec this turn | 300 sec total\n|\n|t:|1783554200\n|move|p1a: Gouging Fire|Dragon Dance|p1a: Gouging Fire\n|-boost|p1a: Gouging Fire|atk|1\n|-boost|p1a: Gouging Fire|spe|1\n|move|p2a: Zamazenta|Body Press|p1a: Gouging Fire\n|-resisted|p1a: Gouging Fire\n|-damage|p1a: Gouging Fire|116/277\n|\n|-heal|p2a: Zamazenta|100/100|[from] item: Leftovers\n|upkeep\n|turn|31\n|inactive|Time left: 300 sec this turn | 300 sec total\n|\n|t:|1783554201\n|move|p1a: Gouging Fire|Morning Sun|p1a: Gouging Fire\n|-heal|p1a: Gouging Fire|254/277\n|move|p2a: Zamazenta|Iron Head|p1a: Gouging Fire\n|-supereffective|p1a: Gouging Fire\n|-damage|p1a: Gouging Fire|176/277\n|\n|upkeep\n|turn|32\n|inactive|Time left: 300 sec this turn | 300 sec total\n|\n|t:|1783554202\n|move|p1a: Gouging Fire|Morning Sun|p1a: Gouging Fire\n|-heal|p1a: Gouging Fire|277/277\n|move|p2a: Zamazenta|Iron Head|p1a: Gouging Fire\n|-supereffective|p1a: Gouging Fire\n|-damage|p1a: Gouging Fire|199/277\n|\n|upkeep\n|turn|33\n|inactive|Time left: 300 sec this turn | 300 sec total\n|\n|t:|1783554203\n|move|p1a: Gouging Fire|Outrage|p2a: Zamazenta\n|-damage|p2a: Zamazenta|65/100\n|move|p2a: Zamazenta|Iron Head|p1a: Gouging Fire\n|-supereffective|p1a: Gouging Fire\n|-damage|p1a: Gouging Fire|109/277\n|\n|-heal|p2a: Zamazenta|71/100|[from] item: Leftovers\n|upkeep\n|turn|34\n|inactive|Time left: 300 sec this turn | 300 sec total\n|\n|t:|1783554205\n|move|p1a: Gouging Fire|Outrage|p2a: Zamazenta|[from] lockedmove\n|-damage|p2a: Zamazenta|39/100\n|move|p2a: Zamazenta|Iron Head|p1a: Gouging Fire\n|-supereffective|p1a: Gouging Fire\n|-damage|p1a: Gouging Fire|21/277\n|\n|-heal|p2a: Zamazenta|45/100|[from] item: Leftovers\n|upkeep\n|turn|35\n|inactive|Time left: 300 sec this turn | 300 sec total\n|\n|t:|1783554206\n|move|p1a: Gouging Fire|Outrage|p2a: Zamazenta|[from] lockedmove\n|-damage|p2a: Zamazenta|13/100\n|-start|p1a: Gouging Fire|confusion|[fatigue]\n|move|p2a: Zamazenta|Iron Head|p1a: Gouging Fire\n|-supereffective|p1a: Gouging Fire\n|-damage|p1a: Gouging Fire|0 fnt\n|faint|p1a: Gouging Fire\n|-end|p1a: Gouging Fire|Protosynthesis|[silent]\n|\n|-heal|p2a: Zamazenta|19/100|[from] item: Leftovers\n|upkeep\n|inactive|Time left: 300 sec this turn | 300 sec total | 5 sec grace\n|\n|t:|1783554207\n|switch|p1a: Quaquaval|Quaquaval, L79, M|264/264\n|turn|36\n|inactive|Time left: 300 sec this turn | 300 sec total\n|\n|t:|1783554208\n|-terastallize|p2a: Zamazenta|Fighting\n|move|p2a: Zamazenta|Body Press|p1a: Quaquaval\n|-damage|p1a: Quaquaval|0 fnt\n|faint|p1a: Quaquaval\n|\n|-heal|p2a: Zamazenta|25/100|[from] item: Leftovers\n|upkeep\n|inactive|Time left: 300 sec this turn | 300 sec total | 5 sec grace\n|\n|t:|1783554209\n|switch|p1a: Gastrodon|Gastrodon-East, L86, F|208/331\n|turn|37\n|inactive|Time left: 300 sec this turn | 300 sec total\n|\n|t:|1783554210\n|move|p2a: Zamazenta|Iron Head|p1a: Gastrodon\n|-resisted|p1a: Gastrodon\n|-damage|p1a: Gastrodon|178/331\n|move|p1a: Gastrodon|Ice Beam|p2a: Zamazenta\n|-damage|p2a: Zamazenta|0 fnt\n|faint|p2a: Zamazenta\n|\n|-heal|p1a: Gastrodon|198/331|[from] item: Leftovers\n|upkeep\n|\n|t:|1783554211\n|switch|p2a: Palafin|Palafin, L77, F|100/100\n|turn|38\n|inactive|Time left: 300 sec this turn | 300 sec total\n|\n|t:|1783554212\n|move|p2a: Palafin|Close Combat|p1a: Gastrodon\n|-damage|p1a: Gastrodon|105/331\n|-unboost|p2a: Palafin|def|1\n|-unboost|p2a: Palafin|spd|1\n|move|p1a: Gastrodon|Earthquake|p2a: Palafin\n|-damage|p2a: Palafin|39/100\n|\n|-heal|p1a: Gastrodon|125/331|[from] item: Leftovers\n|upkeep\n|turn|39\n|inactive|Time left: 300 sec this turn | 300 sec total\n|\n|t:|1783554213\n|move|p2a: Palafin|Close Combat|p1a: Gastrodon\n|-damage|p1a: Gastrodon|26/331\n|-unboost|p2a: Palafin|def|1\n|-unboost|p2a: Palafin|spd|1\n|move|p1a: Gastrodon|Earthquake|p2a: Palafin\n|-damage|p2a: Palafin|0 fnt\n|faint|p2a: Palafin\n|\n|-heal|p1a: Gastrodon|46/331|[from] item: Leftovers\n|upkeep\n|\n|t:|1783554214\n|switch|p2a: Ampharos|Ampharos, L88, M|31/100\n|turn|40\n|inactive|Time left: 300 sec this turn | 300 sec total\n|\n|t:|1783554215\n|move|p2a: Ampharos|Focus Blast|p1a: Gastrodon\n|-damage|p1a: Gastrodon|0 fnt\n|faint|p1a: Gastrodon\n|\n|upkeep\n|inactive|Time left: 300 sec this turn | 300 sec total | 5 sec grace\n|\n|t:|1783554216\n|switch|p1a: Tauros|Tauros, L82, M|257/257\n|turn|41\n|inactive|Time left: 300 sec this turn | 300 sec total\n|\n|t:|1783554217\n|move|p1a: Tauros|Earthquake|p2a: Ampharos\n|-supereffective|p2a: Ampharos\n|-damage|p2a: Ampharos|0 fnt\n|faint|p2a: Ampharos\n|-damage|p1a: Tauros|232/257|[from] item: Life Orb\n|\n|win|p0x1224f56b", "uploadtime": 1783554217, "views": 0, "rating": 0, "private": 0, "password": null, "_winner": "p0x1224f56b", "_our_name": "p0x1224f56b"}