{"id": "battle-gen9randombattle-2581", "formatid": "gen9randombattle", "format": "[Gen 9] Random Battle", "players": ["p0x2581159e", "p0y258112e8"], "log": "|init|battle\n|title|p0x2581159e vs. p0y258112e8\n|j|\u2606p0x2581159e\n|j|\u2606p0y258112e8\n|t:|1783568880\n|gametype|singles\n|player|p1|p0x2581159e|169|\n|player|p2|p0y258112e8|265|\n|gen|9\n|tier|[Gen 9] Random Battle\n|rule|Species Clause: Limit one of each Pok\u00e9mon\n|rule|HP Percentage Mod: HP is shown in percentages\n|rule|Sleep Clause Mod: Limit one foe put to sleep\n|rule|Illusion Level Mod: Illusion disguises the Pok\u00e9mon's true level\n|\n|t:|1783568880\n|teamsize|p1|6\n|teamsize|p2|6\n|start\n|switch|p1a: Sudowoodo|Sudowoodo, L94, M|100/100\n|switch|p2a: Haxorus|Haxorus, L77, F|244/244\n|-ability|p2a: Haxorus|Mold Breaker\n|turn|1\n|inactive|Battle timer is ON: inactive players will automatically lose when time's up. (requested by p0x2581159e)\n|inactive|Time left: 300 sec this turn | 300 sec total | 60 sec grace\n|inactive|p0y258112e8 also wants the timer to be on.\n|\n|t:|1783568882\n|move|p2a: Haxorus|Swords Dance|p2a: Haxorus\n|-boost|p2a: Haxorus|atk|2\n|move|p1a: Sudowoodo|Head Smash|p2a: Haxorus\n|-damage|p2a: Haxorus|0 fnt\n|faint|p2a: Haxorus\n|\n|upkeep\n|inactive|Time left: 300 sec this turn | 300 sec total | 65 sec grace\n|\n|t:|1783568883\n|switch|p2a: Victreebel|Victreebel, L90, F|290/290\n|turn|2\n|inactive|Time left: 300 sec this turn | 300 sec total\n|\n|t:|1783568884\n|move|p2a: Victreebel|Power Whip|p1a: Sudowoodo\n|-supereffective|p1a: Sudowoodo\n|-damage|p1a: Sudowoodo|0 fnt\n|faint|p1a: Sudowoodo\n|-damage|p2a: Victreebel|261/290|[from] item: Life Orb\n|\n|upkeep\n|\n|t:|1783568885\n|switch|p1a: Vikavolt|Vikavolt, L83, F|100/100\n|turn|3\n|inactive|Time left: 300 sec this turn | 300 sec total\n|\n|t:|1783568886\n|move|p2a: Victreebel|Sludge Wave|p1a: Vikavolt\n|-damage|p1a: Vikavolt|35/100\n|-status|p1a: Vikavolt|psn\n|-damage|p2a: Victreebel|232/290|[from] item: Life Orb\n|move|p1a: Vikavolt|Sticky Web|p2a: Victreebel\n|-sidestart|p2: p0y258112e8|move: Sticky Web\n|\n|-damage|p1a: Vikavolt|23/100 psn|[from] psn\n|upkeep\n|turn|4\n|inactive|Time left: 300 sec this turn | 300 sec total\n|\n|t:|1783568887\n|switch|p1a: Empoleon|Empoleon, L84, M|100/100\n|move|p2a: Victreebel|Sludge Wave|p1a: Empoleon\n|-immune|p1a: Empoleon\n|\n|upkeep\n|turn|5\n|inactive|Time left: 300 sec this turn | 300 sec total\n|\n|t:|1783568888\n|move|p2a: Victreebel|Power Whip|p1a: Empoleon\n|-damage|p1a: Empoleon|26/100\n|-damage|p2a: Victreebel|203/290|[from] item: Life Orb\n|move|p1a: Empoleon|Knock Off|p2a: Victreebel\n|-damage|p2a: Victreebel|131/290\n|-enditem|p2a: Victreebel|Life Orb|[from] move: Knock Off|[of] p1a: Empoleon\n|\n|-heal|p1a: Empoleon|32/100|[from] item: Leftovers\n|upkeep\n|turn|6\n|inactive|Time left: 300 sec this turn | 300 sec total\n|\n|t:|1783568889\n|move|p2a: Victreebel|Power Whip|p1a: Empoleon\n|-damage|p1a: Empoleon|0 fnt\n|faint|p1a: Empoleon\n|\n|upkeep\n|\n|t:|1783568890\n|switch|p1a: Excadrill|Excadrill, L79, M|100/100\n|-ability|p1a: Excadrill|Mold Breaker\n|turn|7\n|inactive|Time left: 300 sec this turn | 300 sec total\n|\n|t:|1783568891\n|-terastallize|p2a: Victreebel|Grass\n|move|p1a: Excadrill|Earthquake|p2a: Victreebel\n|-resisted|p2a: Victreebel\n|-damage|p2a: Victreebel|58/290\n|move|p2a: Victreebel|Power Whip|p1a: Excadrill\n|-damage|p1a: Excadrill|5/100\n|\n|upkeep\n|turn|8\n|inactive|Time left: 300 sec this turn | 300 sec total\n|\n|t:|1783568892\n|move|p2a: Victreebel|Sucker Punch|p1a: Excadrill\n|-damage|p1a: Excadrill|0 fnt\n|faint|p1a: Excadrill\n|\n|upkeep\n|\n|t:|1783568893\n|switch|p1a: Spectrier|Spectrier, L75|100/100\n|turn|9\n|inactive|Time left: 300 sec this turn | 300 sec total\n|\n|t:|1783568893\n|move|p1a: Spectrier|Shadow Ball|p2a: Victreebel\n|-damage|p2a: Victreebel|0 fnt\n|faint|p2a: Victreebel\n|-ability|p1a: Spectrier|Grim Neigh|boost\n|-boost|p1a: Spectrier|spa|1\n|\n|upkeep\n|inactive|Time left: 300 sec this turn | 300 sec total | 5 sec grace\n|\n|t:|1783568894\n|switch|p2a: Brute Bonnet|Brute Bonnet, L80|309/309\n|-activate|p2a: Brute Bonnet|move: Sticky Web\n|-unboost|p2a: Brute Bonnet|spe|1\n|turn|10\n|inactive|Time left: 300 sec this turn | 300 sec total\n|\n|t:|1783568895\n|move|p1a: Spectrier|Substitute|p1a: Spectrier\n|-start|p1a: Spectrier|Substitute\n|-damage|p1a: Spectrier|76/100\n|move|p2a: Brute Bonnet|Crunch|p1a: Spectrier\n|-supereffective|p1a: Spectrier\n|-end|p1a: Spectrier|Substitute\n|\n|-heal|p1a: Spectrier|82/100|[from] item: Leftovers\n|upkeep\n|turn|11\n|inactive|Time left: 300 sec this turn | 300 sec total\n|\n|t:|1783568896\n|-terastallize|p1a: Spectrier|Fighting\n|move|p1a: Spectrier|Tera Blast|p2a: Brute Bonnet|[anim] Tera Blast Fighting\n|-supereffective|p2a: Brute Bonnet\n|-damage|p2a: Brute Bonnet|13/309\n|move|p2a: Brute Bonnet|Spore|p1a: Spectrier\n|-status|p1a: Spectrier|slp|[from] move: Spore\n|\n|-heal|p1a: Spectrier|88/100 slp|[from] item: Leftovers\n|-heal|p2a: Brute Bonnet|32/309|[from] item: Leftovers\n|upkeep\n|turn|12\n|inactive|Time left: 300 sec this turn | 300 sec total\n|\n|t:|1783568897\n|cant|p1a: Spectrier|slp\n|move|p2a: Brute Bonnet|Close Combat|p1a: Spectrier\n|-damage|p1a: Spectrier|38/100 slp\n|-unboost|p2a: Brute Bonnet|def|1\n|-unboost|p2a: Brute Bonnet|spd|1\n|\n|-heal|p1a: Spectrier|45/100 slp|[from] item: Leftovers\n|-heal|p2a: Brute Bonnet|51/309|[from] item: Leftovers\n|upkeep\n|turn|13\n|inactive|Time left: 300 sec this turn | 300 sec total\n|\n|t:|1783568898\n|cant|p1a: Spectrier|slp\n|move|p2a: Brute Bonnet|Close Combat|p1a: Spectrier\n|-damage|p1a: Spectrier|0 fnt\n|-unboost|p2a: Brute Bonnet|def|1\n|-unboost|p2a: Brute Bonnet|spd|1\n|faint|p1a: Spectrier\n|\n|-heal|p2a: Brute Bonnet|70/309|[from] item: Leftovers\n|upkeep\n|\n|t:|1783568899\n|switch|p1a: Vikavolt|Vikavolt, L83, F|23/100 psn\n|turn|14\n|inactive|Time left: 300 sec this turn | 300 sec total\n|\n|t:|1783568900\n|move|p2a: Brute Bonnet|Sucker Punch|p1a: Vikavolt\n|-damage|p1a: Vikavolt|0 fnt\n|faint|p1a: Vikavolt\n|\n|-heal|p2a: Brute Bonnet|89/309|[from] item: Leftovers\n|upkeep\n|\n|t:|1783568901\n|switch|p1a: Gothitelle|Gothitelle, L90, M|100/100\n|turn|15\n|inactive|Time left: 300 sec this turn | 300 sec total\n|\n|t:|1783568902\n|move|p2a: Brute Bonnet|Sucker Punch|p1a: Gothitelle\n|-supereffective|p1a: Gothitelle\n|-crit|p1a: Gothitelle\n|-damage|p1a: Gothitelle|17/100\n|move|p1a: Gothitelle|Dark Pulse|p2a: Brute Bonnet\n|-resisted|p2a: Brute Bonnet\n|-damage|p2a: Brute Bonnet|25/309\n|\n|-heal|p1a: Gothitelle|23/100|[from] item: Leftovers\n|-heal|p2a: Brute Bonnet|44/309|[from] item: Leftovers\n|upkeep\n|turn|16\n|inactive|Time left: 300 sec this turn | 300 sec total\n|\n|t:|1783568903\n|move|p2a: Brute Bonnet|Sucker Punch||[still]\n|-fail|p2a: Brute Bonnet\n|move|p1a: Gothitelle|Calm Mind|p1a: Gothitelle\n|-boost|p1a: Gothitelle|spa|1\n|-boost|p1a: Gothitelle|spd|1\n|\n|-heal|p1a: Gothitelle|29/100|[from] item: Leftovers\n|-heal|p2a: Brute Bonnet|63/309|[from] item: Leftovers\n|upkeep\n|turn|17\n|inactive|Time left: 300 sec this turn | 300 sec total\n|\n|t:|1783568904\n|move|p2a: Brute Bonnet|Sucker Punch||[still]\n|-fail|p2a: Brute Bonnet\n|move|p1a: Gothitelle|Calm Mind|p1a: Gothitelle\n|-boost|p1a: Gothitelle|spa|1\n|-boost|p1a: Gothitelle|spd|1\n|\n|-heal|p1a: Gothitelle|35/100|[from] item: Leftovers\n|-heal|p2a: Brute Bonnet|82/309|[from] item: Leftovers\n|upkeep\n|turn|18\n|inactive|Time left: 300 sec this turn | 300 sec total\n|\n|t:|1783568904\n|move|p2a: Brute Bonnet|Sucker Punch||[still]\n|-fail|p2a: Brute Bonnet\n|move|p1a: Gothitelle|Calm Mind|p1a: Gothitelle\n|-boost|p1a: Gothitelle|spa|1\n|-boost|p1a: Gothitelle|spd|1\n|\n|-heal|p1a: Gothitelle|42/100|[from] item: Leftovers\n|-heal|p2a: Brute Bonnet|101/309|[from] item: Leftovers\n|upkeep\n|turn|19\n|inactive|Time left: 300 sec this turn | 300 sec total\n|\n|t:|1783568905\n|move|p2a: Brute Bonnet|Sucker Punch||[still]\n|-fail|p2a: Brute Bonnet\n|move|p1a: Gothitelle|Calm Mind|p1a: Gothitelle\n|-boost|p1a: Gothitelle|spa|1\n|-boost|p1a: Gothitelle|spd|1\n|\n|-heal|p1a: Gothitelle|48/100|[from] item: Leftovers\n|-heal|p2a: Brute Bonnet|120/309|[from] item: Leftovers\n|upkeep\n|turn|20\n|inactive|Time left: 300 sec this turn | 300 sec total\n|\n|t:|1783568906\n|move|p2a: Brute Bonnet|Sucker Punch||[still]\n|-fail|p2a: Brute Bonnet\n|move|p1a: Gothitelle|Calm Mind|p1a: Gothitelle\n|-boost|p1a: Gothitelle|spa|1\n|-boost|p1a: Gothitelle|spd|1\n|\n|-heal|p1a: Gothitelle|54/100|[from] item: Leftovers\n|-heal|p2a: Brute Bonnet|139/309|[from] item: Leftovers\n|upkeep\n|turn|21\n|inactive|Time left: 300 sec this turn | 300 sec total\n|\n|t:|1783568907\n|move|p2a: Brute Bonnet|Sucker Punch|p1a: Gothitelle\n|-supereffective|p1a: Gothitelle\n|-damage|p1a: Gothitelle|3/100\n|move|p1a: Gothitelle|Dark Pulse|p2a: Brute Bonnet\n|-resisted|p2a: Brute Bonnet\n|-damage|p2a: Brute Bonnet|0 fnt\n|faint|p2a: Brute Bonnet\n|-end|p2a: Brute Bonnet|Protosynthesis|[silent]\n|\n|-heal|p1a: Gothitelle|10/100|[from] item: Leftovers\n|upkeep\n|inactive|Time left: 300 sec this turn | 300 sec total | 5 sec grace\n|\n|t:|1783568908\n|switch|p2a: Cresselia|Cresselia, L80, F|323/323\n|turn|22\n|inactive|Time left: 300 sec this turn | 300 sec total\n|\n|t:|1783568909\n|move|p2a: Cresselia|Psyshock|p1a: Gothitelle\n|-resisted|p1a: Gothitelle\n|-damage|p1a: Gothitelle|0 fnt\n|faint|p1a: Gothitelle\n|\n|win|p0y258112e8", "uploadtime": 1783568909, "views": 0, "rating": 0, "private": 0, "password": null, "_winner": "p0y258112e8", "_our_name": "p0y258112e8"}