{"id": "battle-gen9randombattle-6", "formatid": "gen9randombattle", "format": "[Gen 9] Random Battle", "players": ["p0x0069c00", "p0y006f378"], "log": "|init|battle\n|title|p0x0069c00 vs. p0y006f378\n|j|\u2606p0x0069c00\n|j|\u2606p0y006f378\n|t:|1783539237\n|gametype|singles\n|player|p1|p0x0069c00|265|\n|player|p2|p0y006f378|1|\n|gen|9\n|tier|[Gen 9] Random Battle\n|rule|Species Clause: Limit one of each Pok\u00e9mon\n|rule|HP Percentage Mod: HP is shown in percentages\n|rule|Sleep Clause Mod: Limit one foe put to sleep\n|rule|Illusion Level Mod: Illusion disguises the Pok\u00e9mon's true level\n|\n|t:|1783539237\n|teamsize|p1|6\n|teamsize|p2|6\n|start\n|switch|p1a: Delphox|Delphox, L84, F|263/263\n|switch|p2a: Ludicolo|Ludicolo, L90, F|100/100\n|turn|1\n|inactive|Battle timer is ON: inactive players will automatically lose when time's up. (requested by p0y006f378)\n|inactive|Time left: 300 sec this turn | 300 sec total | 60 sec grace\n|inactive|p0x0069c00 also wants the timer to be on.\n|\n|t:|1783539238\n|move|p1a: Delphox|Psyshock|p2a: Ludicolo\n|-damage|p2a: Ludicolo|63/100\n|move|p2a: Ludicolo|Hydro Pump|p1a: Delphox\n|-supereffective|p1a: Delphox\n|-damage|p1a: Delphox|0 fnt\n|faint|p1a: Delphox\n|\n|upkeep\n|inactive|Time left: 300 sec this turn | 300 sec total | 65 sec grace\n|\n|t:|1783539239\n|switch|p1a: Kyogre|Kyogre, L71|259/259\n|-weather|RainDance|[from] ability: Drizzle|[of] p1a: Kyogre\n|turn|2\n|inactive|Time left: 300 sec this turn | 300 sec total\n|\n|t:|1783539240\n|move|p2a: Ludicolo|Hydro Pump|p1a: Kyogre|[miss]\n|-miss|p2a: Ludicolo|p1a: Kyogre\n|move|p1a: Kyogre|Calm Mind|p1a: Kyogre\n|-boost|p1a: Kyogre|spa|1\n|-boost|p1a: Kyogre|spd|1\n|\n|-weather|RainDance|[upkeep]\n|upkeep\n|turn|3\n|inactive|Time left: 300 sec this turn | 300 sec total\n|\n|t:|1783539241\n|switch|p2a: Abomasnow|Abomasnow, L84, F|100/100\n|-weather|Snowscape|[from] ability: Snow Warning|[of] p2a: Abomasnow\n|move|p1a: Kyogre|Ice Beam|p2a: Abomasnow\n|-damage|p2a: Abomasnow|68/100\n|\n|-weather|Snowscape|[upkeep]\n|upkeep\n|turn|4\n|inactive|Time left: 300 sec this turn | 300 sec total\n|\n|t:|1783539242\n|move|p1a: Kyogre|Ice Beam|p2a: Abomasnow\n|-damage|p2a: Abomasnow|30/100\n|move|p2a: Abomasnow|Aurora Veil|p2a: Abomasnow\n|-sidestart|p2: p0y006f378|move: Aurora Veil\n|\n|-weather|Snowscape|[upkeep]\n|upkeep\n|turn|5\n|inactive|Time left: 300 sec this turn | 300 sec total\n|\n|t:|1783539243\n|switch|p1a: Magcargo|Magcargo, L95, M|268/268\n|move|p2a: Abomasnow|Wood Hammer|p1a: Magcargo\n|-damage|p1a: Magcargo|189/268\n|-ability|p1a: Magcargo|Weak Armor|boost\n|-unboost|p1a: Magcargo|def|1\n|-boost|p1a: Magcargo|spe|2\n|-damage|p2a: Abomasnow|21/100|[from] Recoil\n|\n|-weather|Snowscape|[upkeep]\n|upkeep\n|turn|6\n|inactive|Time left: 300 sec this turn | 300 sec total\n|\n|t:|1783539245\n|switch|p2a: Ludicolo|Ludicolo, L90, F|63/100\n|move|p1a: Magcargo|Power Gem|p2a: Ludicolo\n|-crit|p2a: Ludicolo\n|-damage|p2a: Ludicolo|18/100\n|\n|-weather|Snowscape|[upkeep]\n|upkeep\n|turn|7\n|inactive|Time left: 300 sec this turn | 300 sec total\n|\n|t:|1783539246\n|move|p1a: Magcargo|Fire Blast|p2a: Ludicolo\n|-damage|p2a: Ludicolo|0 fnt\n|faint|p2a: Ludicolo\n|\n|-weather|none\n|upkeep\n|\n|t:|1783539247\n|switch|p2a: Minior|Minior-Indigo, L79|100/100\n|-formechange|p2a: Minior|Minior-Meteor||[from] ability: Shields Down\n|turn|8\n|inactive|Time left: 300 sec this turn | 300 sec total\n|\n|t:|1783539248\n|-terastallize|p1a: Magcargo|Grass\n|move|p1a: Magcargo|Shell Smash|p1a: Magcargo\n|-unboost|p1a: Magcargo|def|1\n|-unboost|p1a: Magcargo|spd|1\n|-boost|p1a: Magcargo|atk|2\n|-boost|p1a: Magcargo|spa|2\n|-boost|p1a: Magcargo|spe|2\n|move|p2a: Minior|Shell Smash|p2a: Minior\n|-unboost|p2a: Minior|def|1\n|-unboost|p2a: Minior|spd|1\n|-boost|p2a: Minior|atk|2\n|-boost|p2a: Minior|spa|2\n|-boost|p2a: Minior|spe|2\n|-enditem|p2a: Minior|White Herb\n|-clearnegativeboost|p2a: Minior|[silent]\n|\n|upkeep\n|turn|9\n|inactive|Time left: 300 sec this turn | 300 sec total\n|\n|t:|1783539249\n|move|p1a: Magcargo|Power Gem|p2a: Minior\n|-supereffective|p2a: Minior\n|-damage|p2a: Minior|13/100\n|move|p2a: Minior|Shell Smash|p2a: Minior\n|-unboost|p2a: Minior|def|1\n|-unboost|p2a: Minior|spd|1\n|-boost|p2a: Minior|atk|2\n|-boost|p2a: Minior|spa|2\n|-boost|p2a: Minior|spe|2\n|\n|-formechange|p2a: Minior|Minior-Indigo||[from] ability: Shields Down\n|upkeep\n|turn|10\n|inactive|Time left: 300 sec this turn | 300 sec total\n|\n|t:|1783539250\n|move|p2a: Minior|Acrobatics|p1a: Magcargo\n|-supereffective|p1a: Magcargo\n|-damage|p1a: Magcargo|0 fnt\n|faint|p1a: Magcargo\n|\n|upkeep\n|inactive|Time left: 300 sec this turn | 300 sec total | 5 sec grace\n|\n|t:|1783539251\n|switch|p1a: Girafarig|Girafarig, L89, M|269/269\n|turn|11\n|inactive|Time left: 300 sec this turn | 300 sec total\n|\n|t:|1783539252\n|move|p2a: Minior|Acrobatics|p1a: Girafarig\n|-damage|p1a: Girafarig|22/269\n|move|p1a: Girafarig|Psychic|p2a: Minior\n|-damage|p2a: Minior|0 fnt\n|faint|p2a: Minior\n|\n|-sideend|p2: p0y006f378|move: Aurora Veil\n|upkeep\n|\n|t:|1783539253\n|switch|p2a: Komala|Komala, L87, F|100/100\n|-ability|p2a: Komala|Comatose\n|turn|12\n|inactive|Time left: 300 sec this turn | 300 sec total\n|\n|t:|1783539254\n|move|p1a: Girafarig|Psychic|p2a: Komala\n|-damage|p2a: Komala|75/100\n|move|p2a: Komala|Rapid Spin|p1a: Girafarig\n|-damage|p1a: Girafarig|0 fnt\n|-boost|p2a: Komala|spe|1\n|faint|p1a: Girafarig\n|\n|upkeep\n|inactive|Time left: 300 sec this turn | 300 sec total | 5 sec grace\n|\n|t:|1783539255\n|switch|p1a: Honchkrow|Honchkrow, L86, F|312/312\n|turn|13\n|inactive|Time left: 300 sec this turn | 300 sec total\n|\n|t:|1783539256\n|move|p2a: Komala|Body Slam|p1a: Honchkrow\n|-damage|p1a: Honchkrow|144/312\n|move|p1a: Honchkrow|Brave Bird|p2a: Komala\n|-damage|p2a: Komala|0 fnt\n|faint|p2a: Komala\n|-ability|p1a: Honchkrow|Moxie|boost\n|-boost|p1a: Honchkrow|atk|1\n|-damage|p1a: Honchkrow|82/312|[from] Recoil\n|\n|upkeep\n|\n|t:|1783539257\n|switch|p2a: Abomasnow|Abomasnow, L84, F|21/100\n|-weather|Snowscape|[from] ability: Snow Warning|[of] p2a: Abomasnow\n|turn|14\n|inactive|Time left: 300 sec this turn | 300 sec total\n|\n|t:|1783539258\n|move|p2a: Abomasnow|Ice Shard|p1a: Honchkrow\n|-supereffective|p1a: Honchkrow\n|-damage|p1a: Honchkrow|0 fnt\n|faint|p1a: Honchkrow\n|\n|-weather|Snowscape|[upkeep]\n|upkeep\n|inactive|Time left: 300 sec this turn | 300 sec total | 5 sec grace\n|\n|t:|1783539259\n|switch|p1a: Kyogre|Kyogre, L71|259/259\n|-weather|RainDance|[from] ability: Drizzle|[of] p1a: Kyogre\n|turn|15\n|inactive|Time left: 300 sec this turn | 300 sec total\n|\n|t:|1783539260\n|switch|p2a: Muk|Muk-Alola, L82, M|100/100\n|move|p1a: Kyogre|Origin Pulse|p2a: Muk|[miss]\n|-miss|p1a: Kyogre|p2a: Muk\n|\n|-weather|RainDance|[upkeep]\n|upkeep\n|turn|16\n|inactive|Time left: 300 sec this turn | 300 sec total\n|\n|t:|1783539261\n|move|p1a: Kyogre|Origin Pulse|p2a: Muk|[miss]\n|-miss|p1a: Kyogre|p2a: Muk\n|move|p2a: Muk|Knock Off|p1a: Kyogre\n|-damage|p1a: Kyogre|130/259\n|-enditem|p1a: Kyogre|Leftovers|[from] move: Knock Off|[of] p2a: Muk\n|\n|-weather|RainDance|[upkeep]\n|upkeep\n|turn|17\n|inactive|Time left: 300 sec this turn | 300 sec total\n|\n|t:|1783539262\n|move|p1a: Kyogre|Origin Pulse|p2a: Muk\n|-damage|p2a: Muk|64/100\n|move|p2a: Muk|Gunk Shot|p1a: Kyogre\n|-damage|p1a: Kyogre|0 fnt\n|faint|p1a: Kyogre\n|\n|-weather|RainDance|[upkeep]\n|upkeep\n|inactive|Time left: 300 sec this turn | 300 sec total | 5 sec grace\n|\n|t:|1783539262\n|switch|p1a: Vaporeon|Vaporeon, L86, F|364/364\n|turn|18\n|inactive|Time left: 300 sec this turn | 300 sec total\n|\n|t:|1783539263\n|move|p1a: Vaporeon|Scald|p2a: Muk\n|-damage|p2a: Muk|36/100\n|-status|p2a: Muk|brn\n|move|p2a: Muk|Knock Off|p1a: Vaporeon\n|-crit|p1a: Vaporeon\n|-damage|p1a: Vaporeon|256/364\n|-enditem|p1a: Vaporeon|Leftovers|[from] move: Knock Off|[of] p2a: Muk\n|\n|-weather|RainDance|[upkeep]\n|-damage|p2a: Muk|30/100 brn|[from] brn\n|upkeep\n|turn|19\n|inactive|Time left: 300 sec this turn | 300 sec total\n|\n|t:|1783539264\n|switch|p2a: Abomasnow|Abomasnow, L84, F|21/100\n|-weather|Snowscape|[from] ability: Snow Warning|[of] p2a: Abomasnow\n|move|p1a: Vaporeon|Wish|p1a: Vaporeon\n|\n|-weather|Snowscape|[upkeep]\n|upkeep\n|turn|20\n|inactive|Time left: 300 sec this turn | 300 sec total\n|\n|t:|1783539265\n|move|p1a: Vaporeon|Ice Beam|p2a: Abomasnow\n|-damage|p2a: Abomasnow|0 fnt\n|faint|p2a: Abomasnow\n|\n|-weather|Snowscape|[upkeep]\n|-heal|p1a: Vaporeon|364/364|[from] move: Wish|[wisher] Vaporeon\n|upkeep\n|\n|t:|1783539267\n|switch|p2a: Sandaconda|Sandaconda, L84, F|100/100\n|turn|21\n|inactive|Time left: 300 sec this turn | 300 sec total\n|\n|t:|1783539268\n|-terastallize|p2a: Sandaconda|Water\n|move|p2a: Sandaconda|Earthquake|p1a: Vaporeon\n|-damage|p1a: Vaporeon|207/364\n|move|p1a: Vaporeon|Scald|p2a: Sandaconda\n|-resisted|p2a: Sandaconda\n|-damage|p2a: Sandaconda|80/100\n|\n|-weather|Snowscape|[upkeep]\n|-heal|p2a: Sandaconda|86/100|[from] item: Leftovers\n|upkeep\n|turn|22\n|inactive|Time left: 300 sec this turn | 300 sec total\n|\n|t:|1783539269\n|move|p2a: Sandaconda|Earthquake|p1a: Vaporeon\n|-damage|p1a: Vaporeon|53/364\n|move|p1a: Vaporeon|Wish|p1a: Vaporeon\n|\n|-weather|Snowscape|[upkeep]\n|-heal|p2a: Sandaconda|92/100|[from] item: Leftovers\n|upkeep\n|turn|23\n|inactive|Time left: 300 sec this turn | 300 sec total\n|\n|t:|1783539270\n|move|p1a: Vaporeon|Protect|p1a: Vaporeon\n|-singleturn|p1a: Vaporeon|Protect\n|move|p2a: Sandaconda|Stone Edge|p1a: Vaporeon\n|-activate|p1a: Vaporeon|move: Protect\n|\n|-weather|none\n|-heal|p1a: Vaporeon|235/364|[from] move: Wish|[wisher] Vaporeon\n|-heal|p2a: Sandaconda|98/100|[from] item: Leftovers\n|upkeep\n|turn|24\n|inactive|Time left: 300 sec this turn | 300 sec total\n|\n|t:|1783539271\n|move|p2a: Sandaconda|Earthquake|p1a: Vaporeon\n|-damage|p1a: Vaporeon|100/364\n|move|p1a: Vaporeon|Wish|p1a: Vaporeon\n|\n|-heal|p2a: Sandaconda|100/100|[from] item: Leftovers\n|upkeep\n|turn|25\n|inactive|Time left: 300 sec this turn | 300 sec total\n|\n|t:|1783539272\n|move|p1a: Vaporeon|Protect|p1a: Vaporeon\n|-singleturn|p1a: Vaporeon|Protect\n|move|p2a: Sandaconda|Earthquake|p1a: Vaporeon\n|-activate|p1a: Vaporeon|move: Protect\n|\n|-heal|p1a: Vaporeon|282/364|[from] move: Wish|[wisher] Vaporeon\n|upkeep\n|turn|26\n|inactive|Time left: 300 sec this turn | 300 sec total\n|\n|t:|1783539272\n|move|p2a: Sandaconda|Earthquake|p1a: Vaporeon\n|-damage|p1a: Vaporeon|138/364\n|move|p1a: Vaporeon|Wish|p1a: Vaporeon\n|\n|upkeep\n|turn|27\n|inactive|Time left: 300 sec this turn | 300 sec total\n|\n|t:|1783539273\n|move|p1a: Vaporeon|Protect|p1a: Vaporeon\n|-singleturn|p1a: Vaporeon|Protect\n|move|p2a: Sandaconda|Earthquake|p1a: Vaporeon\n|-activate|p1a: Vaporeon|move: Protect\n|\n|-heal|p1a: Vaporeon|320/364|[from] move: Wish|[wisher] Vaporeon\n|upkeep\n|turn|28\n|inactive|Time left: 300 sec this turn | 300 sec total\n|\n|t:|1783539274\n|move|p2a: Sandaconda|Earthquake|p1a: Vaporeon\n|-damage|p1a: Vaporeon|164/364\n|move|p1a: Vaporeon|Wish|p1a: Vaporeon\n|\n|upkeep\n|turn|29\n|inactive|Time left: 300 sec this turn | 300 sec total\n|\n|t:|1783539275\n|move|p1a: Vaporeon|Protect|p1a: Vaporeon\n|-singleturn|p1a: Vaporeon|Protect\n|move|p2a: Sandaconda|Earthquake|p1a: Vaporeon\n|-activate|p1a: Vaporeon|move: Protect\n|\n|-heal|p1a: Vaporeon|346/364|[from] move: Wish|[wisher] Vaporeon\n|upkeep\n|turn|30\n|inactive|Time left: 300 sec this turn | 300 sec total\n|\n|t:|1783539276\n|move|p2a: Sandaconda|Earthquake|p1a: Vaporeon\n|-damage|p1a: Vaporeon|199/364\n|move|p1a: Vaporeon|Wish|p1a: Vaporeon\n|\n|upkeep\n|turn|31\n|inactive|Time left: 300 sec this turn | 300 sec total\n|\n|t:|1783539277\n|move|p1a: Vaporeon|Protect|p1a: Vaporeon\n|-singleturn|p1a: Vaporeon|Protect\n|move|p2a: Sandaconda|Earthquake|p1a: Vaporeon\n|-activate|p1a: Vaporeon|move: Protect\n|\n|-heal|p1a: Vaporeon|364/364|[from] move: Wish|[wisher] Vaporeon\n|upkeep\n|turn|32\n|inactive|Time left: 300 sec this turn | 300 sec total\n|\n|t:|1783539279\n|move|p2a: Sandaconda|Earthquake|p1a: Vaporeon\n|-damage|p1a: Vaporeon|223/364\n|move|p1a: Vaporeon|Wish|p1a: Vaporeon\n|\n|upkeep\n|turn|33\n|inactive|Time left: 300 sec this turn | 300 sec total\n|\n|t:|1783539280\n|move|p1a: Vaporeon|Protect|p1a: Vaporeon\n|-singleturn|p1a: Vaporeon|Protect\n|move|p2a: Sandaconda|Earthquake|p1a: Vaporeon\n|-activate|p1a: Vaporeon|move: Protect\n|\n|-heal|p1a: Vaporeon|364/364|[from] move: Wish|[wisher] Vaporeon\n|upkeep\n|turn|34\n|inactive|Time left: 300 sec this turn | 300 sec total\n|\n|t:|1783539281\n|move|p2a: Sandaconda|Earthquake|p1a: Vaporeon\n|-damage|p1a: Vaporeon|229/364\n|move|p1a: Vaporeon|Wish|p1a: Vaporeon\n|\n|upkeep\n|turn|35\n|inactive|Time left: 300 sec this turn | 300 sec total\n|\n|t:|1783539282\n|move|p1a: Vaporeon|Protect|p1a: Vaporeon\n|-singleturn|p1a: Vaporeon|Protect\n|move|p2a: Sandaconda|Earthquake|p1a: Vaporeon\n|-activate|p1a: Vaporeon|move: Protect\n|\n|-heal|p1a: Vaporeon|364/364|[from] move: Wish|[wisher] Vaporeon\n|upkeep\n|turn|36\n|inactive|Time left: 300 sec this turn | 300 sec total\n|\n|t:|1783539283\n|move|p2a: Sandaconda|Earthquake|p1a: Vaporeon\n|-damage|p1a: Vaporeon|217/364\n|move|p1a: Vaporeon|Wish|p1a: Vaporeon\n|\n|upkeep\n|turn|37\n|inactive|Time left: 300 sec this turn | 300 sec total\n|\n|t:|1783539284\n|move|p1a: Vaporeon|Protect|p1a: Vaporeon\n|-singleturn|p1a: Vaporeon|Protect\n|move|p2a: Sandaconda|Earthquake|p1a: Vaporeon\n|-activate|p1a: Vaporeon|move: Protect\n|\n|-heal|p1a: Vaporeon|364/364|[from] move: Wish|[wisher] Vaporeon\n|upkeep\n|turn|38\n|inactive|Time left: 300 sec this turn | 300 sec total\n|\n|t:|1783539284\n|move|p2a: Sandaconda|Stone Edge|p1a: Vaporeon\n|-damage|p1a: Vaporeon|269/364\n|move|p1a: Vaporeon|Ice Beam|p2a: Sandaconda\n|-resisted|p2a: Sandaconda\n|-damage|p2a: Sandaconda|83/100\n|\n|-heal|p2a: Sandaconda|89/100|[from] item: Leftovers\n|upkeep\n|turn|39\n|inactive|Time left: 300 sec this turn | 300 sec total\n|\n|t:|1783539285\n|move|p2a: Sandaconda|Stone Edge|p1a: Vaporeon\n|-damage|p1a: Vaporeon|162/364\n|move|p1a: Vaporeon|Wish|p1a: Vaporeon\n|\n|-heal|p2a: Sandaconda|95/100|[from] item: Leftovers\n|upkeep\n|turn|40\n|inactive|Time left: 300 sec this turn | 300 sec total\n|\n|t:|1783539286\n|move|p1a: Vaporeon|Protect|p1a: Vaporeon\n|-singleturn|p1a: Vaporeon|Protect\n|move|p2a: Sandaconda|Stone Edge|p1a: Vaporeon\n|-activate|p1a: Vaporeon|move: Protect\n|\n|-heal|p1a: Vaporeon|344/364|[from] move: Wish|[wisher] Vaporeon\n|-heal|p2a: Sandaconda|100/100|[from] item: Leftovers\n|upkeep\n|turn|41\n|inactive|Time left: 300 sec this turn | 300 sec total\n|\n|t:|1783539287\n|move|p2a: Sandaconda|Stone Edge|p1a: Vaporeon\n|-damage|p1a: Vaporeon|244/364\n|move|p1a: Vaporeon|Wish|p1a: Vaporeon\n|\n|upkeep\n|turn|42\n|inactive|Time left: 300 sec this turn | 300 sec total\n|\n|t:|1783539288\n|move|p2a: Sandaconda|Stone Edge|p1a: Vaporeon\n|-damage|p1a: Vaporeon|154/364\n|move|p1a: Vaporeon|Scald|p2a: Sandaconda\n|-resisted|p2a: Sandaconda\n|-damage|p2a: Sandaconda|80/100\n|-status|p2a: Sandaconda|brn\n|\n|-heal|p1a: Vaporeon|336/364|[from] move: Wish|[wisher] Vaporeon\n|-heal|p2a: Sandaconda|86/100 brn|[from] item: Leftovers\n|-damage|p2a: Sandaconda|80/100 brn|[from] brn\n|upkeep\n|turn|43\n|inactive|Time left: 300 sec this turn | 300 sec total\n|\n|t:|1783539289\n|move|p2a: Sandaconda|Rest|p2a: Sandaconda\n|-status|p2a: Sandaconda|slp|[from] move: Rest\n|-heal|p2a: Sandaconda|100/100 slp|[silent]\n|move|p1a: Vaporeon|Wish|p1a: Vaporeon\n|\n|upkeep\n|turn|44\n|inactive|Time left: 300 sec this turn | 300 sec total\n|\n|t:|1783539290\n|cant|p2a: Sandaconda|slp\n|move|p1a: Vaporeon|Ice Beam|p2a: Sandaconda\n|-resisted|p2a: Sandaconda\n|-damage|p2a: Sandaconda|83/100 slp\n|\n|-heal|p1a: Vaporeon|364/364|[from] move: Wish|[wisher] Vaporeon\n|-heal|p2a: Sandaconda|90/100 slp|[from] item: Leftovers\n|upkeep\n|turn|45\n|inactive|Time left: 300 sec this turn | 300 sec total\n|\n|t:|1783539292\n|cant|p2a: Sandaconda|slp\n|move|p1a: Vaporeon|Ice Beam|p2a: Sandaconda\n|-resisted|p2a: Sandaconda\n|-damage|p2a: Sandaconda|75/100 slp\n|\n|-heal|p2a: Sandaconda|81/100 slp|[from] item: Leftovers\n|upkeep\n|turn|46\n|inactive|Time left: 300 sec this turn | 300 sec total\n|\n|t:|1783539293\n|-curestatus|p2a: Sandaconda|slp|[msg]\n|move|p2a: Sandaconda|Rest|p2a: Sandaconda\n|-status|p2a: Sandaconda|slp|[from] move: Rest\n|-heal|p2a: Sandaconda|100/100 slp|[silent]\n|move|p1a: Vaporeon|Wish|p1a: Vaporeon\n|\n|upkeep\n|turn|47\n|inactive|Time left: 300 sec this turn | 300 sec total\n|\n|t:|1783539294\n|cant|p2a: Sandaconda|slp\n|move|p1a: Vaporeon|Scald|p2a: Sandaconda\n|-resisted|p2a: Sandaconda\n|-damage|p2a: Sandaconda|80/100 slp\n|\n|-activate|p2a: Sandaconda|ability: Shed Skin\n|-curestatus|p2a: Sandaconda|slp|[msg]\n|-heal|p2a: Sandaconda|86/100|[from] item: Leftovers\n|upkeep\n|turn|48\n|inactive|Time left: 300 sec this turn | 300 sec total\n|\n|t:|1783539295\n|move|p2a: Sandaconda|Rest|p2a: Sandaconda\n|-status|p2a: Sandaconda|slp|[from] move: Rest\n|-heal|p2a: Sandaconda|100/100 slp|[silent]\n|move|p1a: Vaporeon|Wish|p1a: Vaporeon\n|\n|upkeep\n|turn|49\n|inactive|Time left: 300 sec this turn | 300 sec total\n|\n|t:|1783539296\n|cant|p2a: Sandaconda|slp\n|move|p1a: Vaporeon|Ice Beam|p2a: Sandaconda\n|-resisted|p2a: Sandaconda\n|-damage|p2a: Sandaconda|83/100 slp\n|\n|-activate|p2a: Sandaconda|ability: Shed Skin\n|-curestatus|p2a: Sandaconda|slp|[msg]\n|-heal|p2a: Sandaconda|89/100|[from] item: Leftovers\n|upkeep\n|turn|50\n|inactive|Time left: 300 sec this turn | 300 sec total\n|\n|t:|1783539297\n|move|p1a: Vaporeon|Protect|p1a: Vaporeon\n|-singleturn|p1a: Vaporeon|Protect\n|move|p2a: Sandaconda|Stealth Rock|p1a: Vaporeon\n|-sidestart|p1: p0x0069c00|move: Stealth Rock\n|\n|-heal|p2a: Sandaconda|95/100|[from] item: Leftovers\n|upkeep\n|turn|51\n|inactive|Time left: 300 sec this turn | 300 sec total\n|\n|t:|1783539298\n|move|p2a: Sandaconda|Stone Edge|p1a: Vaporeon\n|-damage|p1a: Vaporeon|257/364\n|move|p1a: Vaporeon|Wish|p1a: Vaporeon\n|\n|-heal|p2a: Sandaconda|100/100|[from] item: Leftovers\n|upkeep\n|turn|52\n|inactive|Time left: 300 sec this turn | 300 sec total\n|\n|t:|1783539300\n|move|p2a: Sandaconda|Stone Edge|p1a: Vaporeon\n|-crit|p1a: Vaporeon\n|-damage|p1a: Vaporeon|109/364\n|move|p1a: Vaporeon|Scald|p2a: Sandaconda\n|-resisted|p2a: Sandaconda\n|-damage|p2a: Sandaconda|80/100\n|\n|-heal|p1a: Vaporeon|291/364|[from] move: Wish|[wisher] Vaporeon\n|-heal|p2a: Sandaconda|86/100|[from] item: Leftovers\n|upkeep\n|turn|53\n|inactive|Time left: 300 sec this turn | 300 sec total\n|\n|t:|1783539301\n|move|p2a: Sandaconda|Stealth Rock||[still]\n|-fail|p2a: Sandaconda\n|move|p1a: Vaporeon|Wish|p1a: Vaporeon\n|\n|-heal|p2a: Sandaconda|92/100|[from] item: Leftovers\n|upkeep\n|turn|54\n|inactive|Time left: 300 sec this turn | 300 sec total\n|\n|t:|1783539302\n|move|p2a: Sandaconda|Stealth Rock||[still]\n|-fail|p2a: Sandaconda\n|move|p1a: Vaporeon|Ice Beam|p2a: Sandaconda\n|-resisted|p2a: Sandaconda\n|-damage|p2a: Sandaconda|75/100\n|\n|-heal|p1a: Vaporeon|364/364|[from] move: Wish|[wisher] Vaporeon\n|-heal|p2a: Sandaconda|81/100|[from] item: Leftovers\n|upkeep\n|turn|55\n|inactive|Time left: 300 sec this turn | 300 sec total\n|\n|t:|1783539303\n|move|p2a: Sandaconda|Rest|p2a: Sandaconda\n|-status|p2a: Sandaconda|slp|[from] move: Rest\n|-heal|p2a: Sandaconda|100/100 slp|[silent]\n|move|p1a: Vaporeon|Scald|p2a: Sandaconda\n|-resisted|p2a: Sandaconda\n|-damage|p2a: Sandaconda|77/100 slp\n|\n|-heal|p2a: Sandaconda|83/100 slp|[from] item: Leftovers\n|upkeep\n|turn|56\n|inactive|Time left: 300 sec this turn | 300 sec total\n|\n|t:|1783539304\n|cant|p2a: Sandaconda|slp\n|move|p1a: Vaporeon|Ice Beam|p2a: Sandaconda\n|-resisted|p2a: Sandaconda\n|-damage|p2a: Sandaconda|67/100 slp\n|\n|-heal|p2a: Sandaconda|73/100 slp|[from] item: Leftovers\n|upkeep\n|turn|57\n|inactive|Time left: 300 sec this turn | 300 sec total\n|\n|t:|1783539305\n|cant|p2a: Sandaconda|slp\n|move|p1a: Vaporeon|Scald|p2a: Sandaconda\n|-resisted|p2a: Sandaconda\n|-damage|p2a: Sandaconda|52/100 slp\n|\n|-heal|p2a: Sandaconda|58/100 slp|[from] item: Leftovers\n|upkeep\n|turn|58\n|inactive|Time left: 300 sec this turn | 300 sec total\n|\n|t:|1783539306\n|-curestatus|p2a: Sandaconda|slp|[msg]\n|move|p2a: Sandaconda|Rest|p2a: Sandaconda\n|-status|p2a: Sandaconda|slp|[from] move: Rest\n|-heal|p2a: Sandaconda|100/100 slp|[silent]\n|move|p1a: Vaporeon|Ice Beam|p2a: Sandaconda\n|-resisted|p2a: Sandaconda\n|-damage|p2a: Sandaconda|83/100 slp\n|\n|-heal|p2a: Sandaconda|90/100 slp|[from] item: Leftovers\n|upkeep\n|turn|59\n|inactive|Time left: 300 sec this turn | 300 sec total\n|\n|t:|1783539307\n|cant|p2a: Sandaconda|slp\n|move|p1a: Vaporeon|Scald|p2a: Sandaconda\n|-resisted|p2a: Sandaconda\n|-damage|p2a: Sandaconda|69/100 slp\n|\n|-activate|p2a: Sandaconda|ability: Shed Skin\n|-curestatus|p2a: Sandaconda|slp|[msg]\n|-heal|p2a: Sandaconda|75/100|[from] item: Leftovers\n|upkeep\n|turn|60\n|inactive|Time left: 300 sec this turn | 300 sec total\n|\n|t:|1783539309\n|move|p2a: Sandaconda|Rest|p2a: Sandaconda\n|-status|p2a: Sandaconda|slp|[from] move: Rest\n|-heal|p2a: Sandaconda|100/100 slp|[silent]\n|move|p1a: Vaporeon|Ice Beam|p2a: Sandaconda\n|-resisted|p2a: Sandaconda\n|-damage|p2a: Sandaconda|82/100 slp\n|\n|-heal|p2a: Sandaconda|88/100 slp|[from] item: Leftovers\n|upkeep\n|turn|61\n|inactive|Time left: 300 sec this turn | 300 sec total\n|\n|t:|1783539310\n|cant|p2a: Sandaconda|slp\n|move|p1a: Vaporeon|Ice Beam|p2a: Sandaconda\n|-resisted|p2a: Sandaconda\n|-damage|p2a: Sandaconda|71/100 slp\n|\n|-heal|p2a: Sandaconda|77/100 slp|[from] item: Leftovers\n|upkeep\n|turn|62\n|inactive|Time left: 300 sec this turn | 300 sec total\n|\n|t:|1783539311\n|cant|p2a: Sandaconda|slp\n|move|p1a: Vaporeon|Ice Beam|p2a: Sandaconda\n|-resisted|p2a: Sandaconda\n|-damage|p2a: Sandaconda|59/100 slp\n|\n|-heal|p2a: Sandaconda|66/100 slp|[from] item: Leftovers\n|upkeep\n|turn|63\n|inactive|Time left: 300 sec this turn | 300 sec total\n|\n|t:|1783539312\n|-curestatus|p2a: Sandaconda|slp|[msg]\n|move|p2a: Sandaconda|Stealth Rock||[still]\n|-fail|p2a: Sandaconda\n|move|p1a: Vaporeon|Scald|p2a: Sandaconda\n|-resisted|p2a: Sandaconda\n|-damage|p2a: Sandaconda|44/100\n|\n|-heal|p2a: Sandaconda|50/100|[from] item: Leftovers\n|upkeep\n|turn|64\n|inactive|Time left: 300 sec this turn | 300 sec total\n|\n|t:|1783539313\n|move|p2a: Sandaconda|Rest|p2a: Sandaconda\n|-status|p2a: Sandaconda|slp|[from] move: Rest\n|-heal|p2a: Sandaconda|100/100 slp|[silent]\n|move|p1a: Vaporeon|Scald|p2a: Sandaconda\n|-resisted|p2a: Sandaconda\n|-damage|p2a: Sandaconda|76/100 slp\n|\n|-heal|p2a: Sandaconda|82/100 slp|[from] item: Leftovers\n|upkeep\n|turn|65\n|inactive|Time left: 300 sec this turn | 300 sec total\n|\n|t:|1783539314\n|cant|p2a: Sandaconda|slp\n|move|p1a: Vaporeon|Scald|p2a: Sandaconda\n|-resisted|p2a: Sandaconda\n|-damage|p2a: Sandaconda|60/100 slp\n|\n|-heal|p2a: Sandaconda|66/100 slp|[from] item: Leftovers\n|upkeep\n|turn|66\n|inactive|Time left: 300 sec this turn | 300 sec total\n|\n|t:|1783539315\n|cant|p2a: Sandaconda|slp\n|move|p1a: Vaporeon|Scald|p2a: Sandaconda\n|-resisted|p2a: Sandaconda\n|-damage|p2a: Sandaconda|45/100 slp\n|\n|-activate|p2a: Sandaconda|ability: Shed Skin\n|-curestatus|p2a: Sandaconda|slp|[msg]\n|-heal|p2a: Sandaconda|52/100|[from] item: Leftovers\n|upkeep\n|turn|67\n|inactive|Time left: 300 sec this turn | 300 sec total\n|\n|t:|1783539316\n|move|p2a: Sandaconda|Stealth Rock||[still]\n|-fail|p2a: Sandaconda\n|move|p1a: Vaporeon|Ice Beam|p2a: Sandaconda\n|-resisted|p2a: Sandaconda\n|-damage|p2a: Sandaconda|36/100\n|\n|-heal|p2a: Sandaconda|42/100|[from] item: Leftovers\n|upkeep\n|turn|68\n|inactive|Time left: 300 sec this turn | 300 sec total\n|\n|t:|1783539317\n|move|p2a: Sandaconda|Rest|p2a: Sandaconda\n|-status|p2a: Sandaconda|slp|[from] move: Rest\n|-heal|p2a: Sandaconda|100/100 slp|[silent]\n|move|p1a: Vaporeon|Scald|p2a: Sandaconda\n|-resisted|p2a: Sandaconda\n|-crit|p2a: Sandaconda\n|-damage|p2a: Sandaconda|69/100 slp\n|\n|-heal|p2a: Sandaconda|75/100 slp|[from] item: Leftovers\n|upkeep\n|turn|69\n|inactive|Time left: 300 sec this turn | 300 sec total\n|\n|t:|1783539318\n|cant|p2a: Sandaconda|slp\n|move|p1a: Vaporeon|Scald|p2a: Sandaconda\n|-resisted|p2a: Sandaconda\n|-damage|p2a: Sandaconda|53/100 slp\n|\n|-heal|p2a: Sandaconda|59/100 slp|[from] item: Leftovers\n|upkeep\n|turn|70\n|inactive|Time left: 300 sec this turn | 300 sec total\n|\n|t:|1783539319\n|cant|p2a: Sandaconda|slp\n|move|p1a: Vaporeon|Scald|p2a: Sandaconda\n|-resisted|p2a: Sandaconda\n|-damage|p2a: Sandaconda|37/100 slp\n|\n|-activate|p2a: Sandaconda|ability: Shed Skin\n|-curestatus|p2a: Sandaconda|slp|[msg]\n|-heal|p2a: Sandaconda|43/100|[from] item: Leftovers\n|upkeep\n|turn|71\n|inactive|Time left: 300 sec this turn | 300 sec total\n|\n|t:|1783539320\n|switch|p2a: Muk|Muk-Alola, L82, M|30/100 brn\n|move|p1a: Vaporeon|Scald|p2a: Muk\n|-damage|p2a: Muk|10/100 brn\n|\n|-damage|p2a: Muk|3/100 brn|[from] brn\n|upkeep\n|turn|72\n|inactive|Time left: 300 sec this turn | 300 sec total\n|\n|t:|1783539321\n|move|p2a: Muk|Shadow Sneak|p1a: Vaporeon\n|-damage|p1a: Vaporeon|346/364\n|move|p1a: Vaporeon|Scald|p2a: Muk\n|-damage|p2a: Muk|0 fnt\n|faint|p2a: Muk\n|\n|upkeep\n|\n|t:|1783539322\n|switch|p2a: Sandaconda|Sandaconda, L84, F, tera:Water|43/100\n|turn|73\n|inactive|Time left: 300 sec this turn | 300 sec total\n|\n|t:|1783539323\n|move|p2a: Sandaconda|Stealth Rock||[still]\n|-fail|p2a: Sandaconda\n|move|p1a: Vaporeon|Scald|p2a: Sandaconda\n|-resisted|p2a: Sandaconda\n|-damage|p2a: Sandaconda|22/100\n|\n|-heal|p2a: Sandaconda|28/100|[from] item: Leftovers\n|upkeep\n|turn|74\n|inactive|Time left: 300 sec this turn | 300 sec total\n|\n|t:|1783539324\n|move|p2a: Sandaconda|Stealth Rock||[still]\n|-fail|p2a: Sandaconda\n|move|p1a: Vaporeon|Scald|p2a: Sandaconda\n|-resisted|p2a: Sandaconda\n|-damage|p2a: Sandaconda|6/100\n|\n|-heal|p2a: Sandaconda|12/100|[from] item: Leftovers\n|upkeep\n|turn|75\n|inactive|Time left: 300 sec this turn | 300 sec total\n|\n|t:|1783539325\n|move|p2a: Sandaconda|Stealth Rock||[still]\n|-fail|p2a: Sandaconda\n|move|p1a: Vaporeon|Ice Beam|p2a: Sandaconda\n|-resisted|p2a: Sandaconda\n|-damage|p2a: Sandaconda|0 fnt\n|faint|p2a: Sandaconda\n|\n|win|p0x0069c00", "uploadtime": 1783539325, "views": 0, "rating": 0, "private": 0, "password": null, "_winner": "p0x0069c00", "_our_name": "p0x0069c00"}