{"id": "battle-gen9randombattle-356", "formatid": "gen9randombattle", "format": "[Gen 9] Random Battle", "players": ["p0x356a754", "p0y3560e27"], "log": "|init|battle\n|title|p0x356a754 vs. p0y3560e27\n|j|\u2606p0x356a754\n|j|\u2606p0y3560e27\n|t:|1783543781\n|gametype|singles\n|player|p1|p0x356a754|170|\n|player|p2|p0y3560e27|170|\n|gen|9\n|tier|[Gen 9] Random Battle\n|rule|Species Clause: Limit one of each Pok\u00e9mon\n|rule|HP Percentage Mod: HP is shown in percentages\n|rule|Sleep Clause Mod: Limit one foe put to sleep\n|rule|Illusion Level Mod: Illusion disguises the Pok\u00e9mon's true level\n|\n|t:|1783543781\n|teamsize|p1|6\n|teamsize|p2|6\n|start\n|switch|p1a: Quaquaval|Quaquaval, L79, F|100/100\n|switch|p2a: Mamoswine|Mamoswine, L81, F|219/219\n|turn|1\n|inactive|Battle timer is ON: inactive players will automatically lose when time's up. (requested by p0x356a754)\n|inactive|Time left: 300 sec this turn | 300 sec total | 60 sec grace\n|\n|t:|1783543782\n|move|p2a: Mamoswine|Bitter Malice|p1a: Quaquaval\n|-damage|p1a: Quaquaval|43/100\n|-unboost|p1a: Quaquaval|atk|1\n|-damage|p2a: Mamoswine|198/219|[from] item: Life Orb\n|move|p1a: Quaquaval|Aqua Step|p2a: Mamoswine\n|-damage|p2a: Mamoswine|74/219\n|-boost|p1a: Quaquaval|spe|1\n|replace|p2a: Zoroark|Zoroark-Hisui, L80, M\n|-end|p2a: Zoroark|Illusion\n|-hint|Illusion Level Mod is active, so this Pok\u00e9mon's true level was hidden.\n|\n|upkeep\n|turn|2\n|inactive|Time left: 300 sec this turn | 300 sec total\n|inactive|p0y3560e27 also wants the timer to be on.\n|\n|t:|1783543784\n|switch|p2a: Rayquaza|Rayquaza, L72|270/270\n|-ability|p2a: Rayquaza|Air Lock\n|move|p1a: Quaquaval|Aqua Step|p2a: Rayquaza\n|-resisted|p2a: Rayquaza\n|-damage|p2a: Rayquaza|217/270\n|-boost|p1a: Quaquaval|spe|1\n|\n|upkeep\n|turn|3\n|inactive|Time left: 300 sec this turn | 300 sec total\n|\n|t:|1783543785\n|switch|p1a: Alcremie|Alcremie-Matcha-Cream, L90, F|100/100\n|move|p2a: Rayquaza|Scale Shot|p1a: Alcremie\n|-immune|p1a: Alcremie\n|\n|upkeep\n|turn|4\n|inactive|Time left: 300 sec this turn | 300 sec total\n|\n|t:|1783543786\n|switch|p2a: Mamoswine|Mamoswine, L81, F|311/311\n|move|p1a: Alcremie|Alluring Voice|p2a: Mamoswine\n|-damage|p2a: Mamoswine|170/311\n|\n|upkeep\n|turn|5\n|inactive|Time left: 300 sec this turn | 300 sec total\n|\n|t:|1783543788\n|move|p2a: Mamoswine|Earthquake|p1a: Alcremie\n|-damage|p1a: Alcremie|28/100\n|move|p1a: Alcremie|Alluring Voice|p2a: Mamoswine\n|-damage|p2a: Mamoswine|29/311\n|\n|-heal|p1a: Alcremie|34/100|[from] item: Leftovers\n|upkeep\n|turn|6\n|inactive|Time left: 300 sec this turn | 300 sec total\n|\n|t:|1783543789\n|switch|p1a: Jumpluff|Jumpluff, L87, F|100/100\n|move|p2a: Mamoswine|Earthquake|p1a: Jumpluff\n|-immune|p1a: Jumpluff\n|\n|upkeep\n|turn|7\n|inactive|Time left: 300 sec this turn | 300 sec total\n|\n|t:|1783543790\n|switch|p2a: Donphan|Donphan, L84, F|288/288\n|move|p1a: Jumpluff|Acrobatics|p2a: Donphan\n|-damage|p2a: Donphan|219/288\n|\n|-heal|p2a: Donphan|237/288|[from] item: Leftovers\n|upkeep\n|turn|8\n|inactive|Time left: 300 sec this turn | 300 sec total\n|\n|t:|1783543791\n|move|p1a: Jumpluff|Strength Sap|p2a: Donphan\n|-unboost|p2a: Donphan|atk|1\n|move|p2a: Donphan|Stealth Rock|p1a: Jumpluff\n|-sidestart|p1: p0x356a754|move: Stealth Rock\n|\n|-heal|p2a: Donphan|255/288|[from] item: Leftovers\n|upkeep\n|turn|9\n|inactive|Time left: 300 sec this turn | 300 sec total\n|\n|t:|1783543792\n|move|p1a: Jumpluff|Leech Seed|p2a: Donphan|[miss]\n|-miss|p1a: Jumpluff|p2a: Donphan\n|move|p2a: Donphan|Rapid Spin|p1a: Jumpluff\n|-damage|p1a: Jumpluff|89/100\n|-boost|p2a: Donphan|spe|1\n|\n|-heal|p2a: Donphan|273/288|[from] item: Leftovers\n|upkeep\n|turn|10\n|inactive|Time left: 300 sec this turn | 300 sec total\n|\n|t:|1783543793\n|move|p1a: Jumpluff|Leech Seed|p2a: Donphan\n|-start|p2a: Donphan|move: Leech Seed\n|move|p2a: Donphan|Earthquake|p1a: Jumpluff\n|-immune|p1a: Jumpluff\n|\n|-heal|p2a: Donphan|288/288|[from] item: Leftovers\n|-damage|p2a: Donphan|252/288|[from] Leech Seed|[of] p1a: Jumpluff\n|-heal|p1a: Jumpluff|100/100|[silent]\n|upkeep\n|turn|11\n|inactive|Time left: 300 sec this turn | 300 sec total\n|\n|t:|1783543794\n|switch|p2a: Delphox|Delphox, L84, F|263/263\n|move|p1a: Jumpluff|Acrobatics|p2a: Delphox\n|-damage|p2a: Delphox|166/263\n|\n|upkeep\n|turn|12\n|inactive|Time left: 300 sec this turn | 300 sec total\n|\n|t:|1783543795\n|move|p1a: Jumpluff|Substitute|p1a: Jumpluff\n|-start|p1a: Jumpluff|Substitute\n|-damage|p1a: Jumpluff|76/100\n|move|p2a: Delphox|Fire Blast|p1a: Jumpluff|[miss]\n|-miss|p2a: Delphox|p1a: Jumpluff\n|\n|upkeep\n|turn|13\n|inactive|Time left: 300 sec this turn | 300 sec total\n|\n|t:|1783543796\n|move|p1a: Jumpluff|Acrobatics|p2a: Delphox\n|-damage|p2a: Delphox|70/263\n|move|p2a: Delphox|Fire Blast|p1a: Jumpluff\n|-supereffective|p1a: Jumpluff\n|-end|p1a: Jumpluff|Substitute\n|\n|upkeep\n|turn|14\n|inactive|Time left: 300 sec this turn | 300 sec total\n|\n|t:|1783543798\n|switch|p2a: Donphan|Donphan, L84, F|252/288\n|move|p1a: Jumpluff|Acrobatics|p2a: Donphan\n|-damage|p2a: Donphan|192/288\n|\n|-heal|p2a: Donphan|210/288|[from] item: Leftovers\n|upkeep\n|turn|15\n|inactive|Time left: 300 sec this turn | 300 sec total\n|\n|t:|1783543799\n|move|p1a: Jumpluff|Strength Sap|p2a: Donphan\n|-unboost|p2a: Donphan|atk|1\n|-heal|p1a: Jumpluff|100/100\n|move|p2a: Donphan|Rapid Spin|p1a: Jumpluff\n|-damage|p1a: Jumpluff|89/100\n|-boost|p2a: Donphan|spe|1\n|\n|-heal|p2a: Donphan|228/288|[from] item: Leftovers\n|upkeep\n|turn|16\n|inactive|Time left: 300 sec this turn | 300 sec total\n|\n|t:|1783543800\n|move|p2a: Donphan|Ice Shard|p1a: Jumpluff\n|-supereffective|p1a: Jumpluff\n|-damage|p1a: Jumpluff|51/100\n|move|p1a: Jumpluff|Leech Seed|p2a: Donphan\n|-start|p2a: Donphan|move: Leech Seed\n|\n|-heal|p2a: Donphan|246/288|[from] item: Leftovers\n|-damage|p2a: Donphan|210/288|[from] Leech Seed|[of] p1a: Jumpluff\n|-heal|p1a: Jumpluff|64/100|[silent]\n|upkeep\n|turn|17\n|inactive|Time left: 300 sec this turn | 300 sec total\n|\n|t:|1783543801\n|switch|p2a: Rayquaza|Rayquaza, L72|217/270\n|-ability|p2a: Rayquaza|Air Lock\n|move|p1a: Jumpluff|Acrobatics|p2a: Rayquaza\n|-damage|p2a: Rayquaza|120/270\n|\n|upkeep\n|turn|18\n|inactive|Time left: 300 sec this turn | 300 sec total\n|\n|t:|1783543802\n|move|p1a: Jumpluff|Strength Sap|p2a: Rayquaza\n|-unboost|p2a: Rayquaza|atk|1\n|-heal|p1a: Jumpluff|100/100\n|move|p2a: Rayquaza|Scale Shot|p1a: Jumpluff\n|-damage|p1a: Jumpluff|92/100\n|-damage|p1a: Jumpluff|85/100\n|-damage|p1a: Jumpluff|77/100\n|-damage|p1a: Jumpluff|68/100\n|-damage|p1a: Jumpluff|60/100\n|-hitcount|p1a: Jumpluff|5\n|-unboost|p2a: Rayquaza|def|1\n|-boost|p2a: Rayquaza|spe|1\n|\n|upkeep\n|turn|19\n|inactive|Time left: 300 sec this turn | 300 sec total\n|\n|t:|1783543803\n|-terastallize|p1a: Jumpluff|Steel\n|move|p2a: Rayquaza|Dragon Ascent|p1a: Jumpluff\n|-resisted|p1a: Jumpluff\n|-damage|p1a: Jumpluff|42/100\n|-unboost|p2a: Rayquaza|def|1\n|-unboost|p2a: Rayquaza|spd|1\n|move|p1a: Jumpluff|Strength Sap|p2a: Rayquaza\n|-unboost|p2a: Rayquaza|atk|1\n|-heal|p1a: Jumpluff|100/100\n|\n|upkeep\n|turn|20\n|inactive|Time left: 300 sec this turn | 300 sec total\n|\n|t:|1783543803\n|switch|p2a: Donphan|Donphan, L84, F|210/288\n|move|p1a: Jumpluff|Acrobatics|p2a: Donphan\n|-damage|p2a: Donphan|144/288\n|\n|-heal|p2a: Donphan|162/288|[from] item: Leftovers\n|upkeep\n|turn|21\n|inactive|Time left: 300 sec this turn | 300 sec total\n|\n|t:|1783543804\n|move|p1a: Jumpluff|Strength Sap|p2a: Donphan\n|-unboost|p2a: Donphan|atk|1\n|move|p2a: Donphan|Earthquake|p1a: Jumpluff\n|-supereffective|p1a: Jumpluff\n|-damage|p1a: Jumpluff|30/100\n|\n|-heal|p2a: Donphan|180/288|[from] item: Leftovers\n|upkeep\n|turn|22\n|inactive|Time left: 300 sec this turn | 300 sec total\n|\n|t:|1783543805\n|move|p1a: Jumpluff|Strength Sap|p2a: Donphan\n|-unboost|p2a: Donphan|atk|1\n|-heal|p1a: Jumpluff|91/100\n|move|p2a: Donphan|Earthquake|p1a: Jumpluff\n|-supereffective|p1a: Jumpluff\n|-damage|p1a: Jumpluff|36/100\n|\n|-heal|p2a: Donphan|198/288|[from] item: Leftovers\n|upkeep\n|turn|23\n|inactive|Time left: 300 sec this turn | 300 sec total\n|\n|t:|1783543806\n|move|p1a: Jumpluff|Strength Sap|p2a: Donphan\n|-unboost|p2a: Donphan|atk|1\n|-heal|p1a: Jumpluff|82/100\n|move|p2a: Donphan|Earthquake|p1a: Jumpluff\n|-supereffective|p1a: Jumpluff\n|-damage|p1a: Jumpluff|42/100\n|\n|-heal|p2a: Donphan|216/288|[from] item: Leftovers\n|upkeep\n|turn|24\n|inactive|Time left: 300 sec this turn | 300 sec total\n|\n|t:|1783543807\n|move|p1a: Jumpluff|Strength Sap|p2a: Donphan\n|-unboost|p2a: Donphan|atk|1\n|-heal|p1a: Jumpluff|79/100\n|move|p2a: Donphan|Earthquake|p1a: Jumpluff\n|-supereffective|p1a: Jumpluff\n|-damage|p1a: Jumpluff|40/100\n|\n|-heal|p2a: Donphan|234/288|[from] item: Leftovers\n|upkeep\n|turn|25\n|inactive|Time left: 300 sec this turn | 300 sec total\n|\n|t:|1783543808\n|switch|p2a: Delphox|Delphox, L84, F|70/263\n|move|p1a: Jumpluff|Strength Sap|p2a: Delphox\n|-unboost|p2a: Delphox|atk|1\n|-heal|p1a: Jumpluff|85/100\n|\n|upkeep\n|turn|26\n|inactive|Time left: 300 sec this turn | 300 sec total\n|\n|t:|1783543809\n|switch|p2a: Donphan|Donphan, L84, F|234/288\n|move|p1a: Jumpluff|Acrobatics|p2a: Donphan\n|-damage|p2a: Donphan|173/288\n|\n|-heal|p2a: Donphan|191/288|[from] item: Leftovers\n|upkeep\n|turn|27\n|inactive|Time left: 300 sec this turn | 300 sec total\n|\n|t:|1783543810\n|move|p1a: Jumpluff|Strength Sap|p2a: Donphan\n|-unboost|p2a: Donphan|atk|1\n|-heal|p1a: Jumpluff|100/100\n|move|p2a: Donphan|Earthquake|p1a: Jumpluff\n|-supereffective|p1a: Jumpluff\n|-damage|p1a: Jumpluff|32/100\n|\n|-heal|p2a: Donphan|209/288|[from] item: Leftovers\n|upkeep\n|turn|28\n|inactive|Time left: 300 sec this turn | 300 sec total\n|\n|t:|1783543812\n|move|p1a: Jumpluff|Strength Sap|p2a: Donphan\n|-unboost|p2a: Donphan|atk|1\n|-heal|p1a: Jumpluff|93/100\n|move|p2a: Donphan|Earthquake|p1a: Jumpluff\n|-supereffective|p1a: Jumpluff\n|-damage|p1a: Jumpluff|38/100\n|\n|-heal|p2a: Donphan|227/288|[from] item: Leftovers\n|upkeep\n|turn|29\n|inactive|Time left: 300 sec this turn | 300 sec total\n|\n|t:|1783543813\n|move|p1a: Jumpluff|Strength Sap|p2a: Donphan\n|-unboost|p2a: Donphan|atk|1\n|-heal|p1a: Jumpluff|84/100\n|move|p2a: Donphan|Earthquake|p1a: Jumpluff\n|-supereffective|p1a: Jumpluff\n|-damage|p1a: Jumpluff|46/100\n|\n|-heal|p2a: Donphan|245/288|[from] item: Leftovers\n|upkeep\n|turn|30\n|inactive|Time left: 300 sec this turn | 300 sec total\n|\n|t:|1783543814\n|move|p1a: Jumpluff|Strength Sap|p2a: Donphan\n|-unboost|p2a: Donphan|atk|1\n|-heal|p1a: Jumpluff|82/100\n|move|p2a: Donphan|Earthquake|p1a: Jumpluff\n|-supereffective|p1a: Jumpluff\n|-damage|p1a: Jumpluff|48/100\n|\n|-heal|p2a: Donphan|263/288|[from] item: Leftovers\n|upkeep\n|turn|31\n|inactive|Time left: 300 sec this turn | 300 sec total\n|\n|t:|1783543815\n|switch|p2a: Delphox|Delphox, L84, F|70/263\n|move|p1a: Jumpluff|Strength Sap|p2a: Delphox\n|-unboost|p2a: Delphox|atk|1\n|-heal|p1a: Jumpluff|93/100\n|\n|upkeep\n|turn|32\n|inactive|Time left: 300 sec this turn | 300 sec total\n|\n|t:|1783543816\n|switch|p2a: Donphan|Donphan, L84, F|263/288\n|move|p1a: Jumpluff|Acrobatics|p2a: Donphan\n|-damage|p2a: Donphan|202/288\n|\n|-heal|p2a: Donphan|220/288|[from] item: Leftovers\n|upkeep\n|turn|33\n|inactive|Time left: 300 sec this turn | 300 sec total\n|\n|t:|1783543817\n|move|p1a: Jumpluff|Strength Sap|p2a: Donphan\n|-unboost|p2a: Donphan|atk|1\n|-heal|p1a: Jumpluff|100/100\n|move|p2a: Donphan|Earthquake|p1a: Jumpluff\n|-supereffective|p1a: Jumpluff\n|-damage|p1a: Jumpluff|25/100\n|\n|-heal|p2a: Donphan|238/288|[from] item: Leftovers\n|upkeep\n|turn|34\n|inactive|Time left: 300 sec this turn | 300 sec total\n|\n|t:|1783543819\n|move|p1a: Jumpluff|Strength Sap|p2a: Donphan\n|-unboost|p2a: Donphan|atk|1\n|-heal|p1a: Jumpluff|86/100\n|move|p2a: Donphan|Earthquake|p1a: Jumpluff\n|-supereffective|p1a: Jumpluff\n|-damage|p1a: Jumpluff|35/100\n|\n|-heal|p2a: Donphan|256/288|[from] item: Leftovers\n|upkeep\n|turn|35\n|inactive|Time left: 300 sec this turn | 300 sec total\n|\n|t:|1783543820\n|move|p1a: Jumpluff|Leech Seed|p2a: Donphan\n|-start|p2a: Donphan|move: Leech Seed\n|move|p2a: Donphan|Earthquake|p1a: Jumpluff\n|-supereffective|p1a: Jumpluff\n|-damage|p1a: Jumpluff|0 fnt\n|faint|p1a: Jumpluff\n|\n|-heal|p2a: Donphan|274/288|[from] item: Leftovers\n|upkeep\n|\n|t:|1783543821\n|switch|p1a: Quaquaval|Quaquaval, L79, F|43/100\n|-damage|p1a: Quaquaval|37/100|[from] Stealth Rock\n|turn|36\n|inactive|Time left: 300 sec this turn | 300 sec total\n|\n|t:|1783543822\n|switch|p2a: Mamoswine|Mamoswine, L81, F|29/311\n|move|p1a: Quaquaval|Aqua Step|p2a: Mamoswine\n|-supereffective|p2a: Mamoswine\n|-damage|p2a: Mamoswine|0 fnt\n|-boost|p1a: Quaquaval|spe|1\n|faint|p2a: Mamoswine\n|-ability|p1a: Quaquaval|Moxie|boost\n|-boost|p1a: Quaquaval|atk|1\n|\n|upkeep\n|inactive|Time left: 300 sec this turn | 300 sec total | 5 sec grace\n|\n|t:|1783543823\n|switch|p2a: Rayquaza|Rayquaza, L72|120/270\n|-ability|p2a: Rayquaza|Air Lock\n|turn|37\n|inactive|Time left: 300 sec this turn | 300 sec total\n|\n|t:|1783543824\n|move|p1a: Quaquaval|Aqua Step|p2a: Rayquaza\n|-resisted|p2a: Rayquaza\n|-damage|p2a: Rayquaza|5/270\n|-boost|p1a: Quaquaval|spe|1\n|move|p2a: Rayquaza|Dragon Ascent|p1a: Quaquaval\n|-supereffective|p1a: Quaquaval\n|-damage|p1a: Quaquaval|0 fnt\n|-unboost|p2a: Rayquaza|def|1\n|-unboost|p2a: Rayquaza|spd|1\n|faint|p1a: Quaquaval\n|\n|upkeep\n|\n|t:|1783543825\n|switch|p1a: Ceruledge|Ceruledge, L78, F|100/100\n|turn|38\n|inactive|Time left: 300 sec this turn | 300 sec total\n|\n|t:|1783543826\n|move|p2a: Rayquaza|Earthquake|p1a: Ceruledge\n|-supereffective|p1a: Ceruledge\n|-damage|p1a: Ceruledge|29/100\n|-ability|p1a: Ceruledge|Weak Armor|boost\n|-unboost|p1a: Ceruledge|def|1\n|-boost|p1a: Ceruledge|spe|2\n|move|p1a: Ceruledge|Bitter Blade|p2a: Rayquaza\n|-resisted|p2a: Rayquaza\n|-damage|p2a: Rayquaza|0 fnt\n|-heal|p1a: Ceruledge|30/100|[from] drain|[of] p2a: Rayquaza\n|faint|p2a: Rayquaza\n|\n|upkeep\n|inactive|Time left: 300 sec this turn | 300 sec total | 5 sec grace\n|\n|t:|1783543827\n|switch|p2a: Donphan|Donphan, L84, F|274/288\n|turn|39\n|inactive|Time left: 300 sec this turn | 300 sec total\n|\n|t:|1783543828\n|move|p1a: Ceruledge|Poltergeist|p2a: Donphan\n|-activate|p2a: Donphan|move: Poltergeist|Leftovers\n|-damage|p2a: Donphan|172/288\n|move|p2a: Donphan|Earthquake|p1a: Ceruledge\n|-supereffective|p1a: Ceruledge\n|-damage|p1a: Ceruledge|0 fnt\n|faint|p1a: Ceruledge\n|\n|-heal|p2a: Donphan|190/288|[from] item: Leftovers\n|upkeep\n|\n|t:|1783543829\n|switch|p1a: Alcremie|Alcremie-Matcha-Cream, L90, F|34/100\n|-damage|p1a: Alcremie|22/100|[from] Stealth Rock\n|turn|40\n|inactive|Time left: 300 sec this turn | 300 sec total\n|\n|t:|1783543830\n|move|p1a: Alcremie|Recover|p1a: Alcremie\n|-heal|p1a: Alcremie|72/100\n|move|p2a: Donphan|Rapid Spin|p1a: Alcremie\n|-damage|p1a: Alcremie|56/100\n|-boost|p2a: Donphan|spe|1\n|\n|-heal|p2a: Donphan|208/288|[from] item: Leftovers\n|-heal|p1a: Alcremie|62/100|[from] item: Leftovers\n|upkeep\n|turn|41\n|inactive|Time left: 300 sec this turn | 300 sec total\n|\n|t:|1783543831\n|move|p2a: Donphan|Earthquake|p1a: Alcremie\n|-damage|p1a: Alcremie|15/100\n|move|p1a: Alcremie|Recover|p1a: Alcremie\n|-heal|p1a: Alcremie|65/100\n|\n|-heal|p2a: Donphan|226/288|[from] item: Leftovers\n|-heal|p1a: Alcremie|71/100|[from] item: Leftovers\n|upkeep\n|turn|42\n|inactive|Time left: 300 sec this turn | 300 sec total\n|\n|t:|1783543833\n|move|p2a: Donphan|Earthquake|p1a: Alcremie\n|-damage|p1a: Alcremie|23/100\n|move|p1a: Alcremie|Recover|p1a: Alcremie\n|-heal|p1a: Alcremie|74/100\n|\n|-heal|p2a: Donphan|244/288|[from] item: Leftovers\n|-heal|p1a: Alcremie|80/100|[from] item: Leftovers\n|upkeep\n|turn|43\n|inactive|Time left: 300 sec this turn | 300 sec total\n|\n|t:|1783543834\n|switch|p2a: Zangoose|Zangoose, L85, F|263/263\n|move|p1a: Alcremie|Alluring Voice|p2a: Zangoose\n|-damage|p2a: Zangoose|122/263\n|\n|-heal|p1a: Alcremie|86/100|[from] item: Leftovers\n|-status|p2a: Zangoose|tox|[from] item: Toxic Orb\n|upkeep\n|turn|44\n|inactive|Time left: 300 sec this turn | 300 sec total\n|\n|t:|1783543835\n|move|p2a: Zangoose|Facade|p1a: Alcremie\n|-damage|p1a: Alcremie|0 fnt\n|faint|p1a: Alcremie\n|\n|-damage|p2a: Zangoose|106/263 tox|[from] psn\n|upkeep\n|\n|t:|1783543836\n|switch|p1a: Pawmot|Pawmot, L80, M|100/100\n|-damage|p1a: Pawmot|94/100|[from] Stealth Rock\n|turn|45\n|inactive|Time left: 300 sec this turn | 300 sec total\n|\n|t:|1783543837\n|switch|p2a: Donphan|Donphan, L84, F|244/288\n|move|p1a: Pawmot|Double Shock|p2a: Donphan\n|-immune|p2a: Donphan\n|\n|-heal|p2a: Donphan|262/288|[from] item: Leftovers\n|upkeep\n|turn|46\n|inactive|Time left: 300 sec this turn | 300 sec total\n|\n|t:|1783543838\n|move|p1a: Pawmot|Close Combat|p2a: Donphan\n|-damage|p2a: Donphan|136/288\n|-unboost|p1a: Pawmot|def|1\n|-unboost|p1a: Pawmot|spd|1\n|-damage|p1a: Pawmot|84/100|[from] item: Life Orb\n|move|p2a: Donphan|Earthquake|p1a: Pawmot\n|-supereffective|p1a: Pawmot\n|-damage|p1a: Pawmot|0 fnt\n|faint|p1a: Pawmot\n|\n|-heal|p2a: Donphan|154/288|[from] item: Leftovers\n|upkeep\n|\n|t:|1783543839\n|switch|p1a: Victreebel|Victreebel, L90, M|100/100\n|-damage|p1a: Victreebel|88/100|[from] Stealth Rock\n|turn|47\n|inactive|Time left: 300 sec this turn | 300 sec total\n|\n|t:|1783543840\n|move|p2a: Donphan|Ice Shard|p1a: Victreebel\n|-supereffective|p1a: Victreebel\n|-damage|p1a: Victreebel|60/100\n|move|p1a: Victreebel|Sunny Day|p1a: Victreebel\n|-weather|SunnyDay\n|\n|-weather|SunnyDay|[upkeep]\n|-heal|p2a: Donphan|172/288|[from] item: Leftovers\n|upkeep\n|turn|48\n|inactive|Time left: 300 sec this turn | 300 sec total\n|\n|t:|1783543841\n|-terastallize|p2a: Donphan|Steel\n|move|p2a: Donphan|Ice Shard|p1a: Victreebel\n|-supereffective|p1a: Victreebel\n|-damage|p1a: Victreebel|34/100\n|move|p1a: Victreebel|Weather Ball|p2a: Donphan\n|-supereffective|p2a: Donphan\n|-damage|p2a: Donphan|0 fnt\n|faint|p2a: Donphan\n|-damage|p1a: Victreebel|24/100|[from] item: Life Orb\n|\n|-weather|SunnyDay|[upkeep]\n|upkeep\n|inactive|Time left: 300 sec this turn | 300 sec total | 5 sec grace\n|\n|t:|1783543842\n|switch|p2a: Zangoose|Zangoose, L85, F|106/263 tox\n|turn|49\n|inactive|Time left: 300 sec this turn | 300 sec total\n|\n|t:|1783543843\n|move|p2a: Zangoose|Quick Attack|p1a: Victreebel\n|-damage|p1a: Victreebel|0 fnt\n|faint|p1a: Victreebel\n|\n|win|p0y3560e27", "uploadtime": 1783543843, "views": 0, "rating": 0, "private": 0, "password": null, "_winner": "p0y3560e27", "_our_name": "p0y3560e27"}