{"id": "battle-gen9randombattle-1840", "formatid": "gen9randombattle", "format": "[Gen 9] Random Battle", "players": ["p0x1840c13a", "p0y1840650f"], "log": "|init|battle\n|title|p0x1840c13a vs. p0y1840650f\n|j|\u2606p0x1840c13a\n|j|\u2606p0y1840650f\n|t:|1783560556\n|gametype|singles\n|player|p1|p0x1840c13a|170|\n|player|p2|p0y1840650f|1|\n|gen|9\n|tier|[Gen 9] Random Battle\n|rule|Species Clause: Limit one of each Pok\u00e9mon\n|rule|HP Percentage Mod: HP is shown in percentages\n|rule|Sleep Clause Mod: Limit one foe put to sleep\n|rule|Illusion Level Mod: Illusion disguises the Pok\u00e9mon's true level\n|\n|t:|1783560556\n|teamsize|p1|6\n|teamsize|p2|6\n|start\n|switch|p1a: Talonflame|Talonflame, L83, M|265/265\n|switch|p2a: Wo-Chien|Wo-Chien, L83|100/100\n|-ability|p2a: Wo-Chien|Tablets of Ruin\n|turn|1\n|inactive|Battle timer is ON: inactive players will automatically lose when time's up. (requested by p0y1840650f)\n|inactive|Time left: 300 sec this turn | 300 sec total | 60 sec grace\n|\n|t:|1783560557\n|switch|p1a: Ursaluna|Ursaluna-Bloodmoon, L79, M|308/308\n|move|p2a: Wo-Chien|Knock Off|p1a: Ursaluna\n|-crit|p1a: Ursaluna\n|-damage|p1a: Ursaluna|182/308\n|-enditem|p1a: Ursaluna|Leftovers|[from] move: Knock Off|[of] p2a: Wo-Chien\n|\n|upkeep\n|turn|2\n|inactive|Time left: 300 sec this turn | 300 sec total\n|inactive|p0x1840c13a also wants the timer to be on.\n|\n|t:|1783560558\n|move|p2a: Wo-Chien|Giga Drain|p1a: Ursaluna\n|-supereffective|p1a: Ursaluna\n|-damage|p1a: Ursaluna|0 fnt\n|faint|p1a: Ursaluna\n|\n|upkeep\n|inactive|Time left: 300 sec this turn | 300 sec total | 5 sec grace\n|\n|t:|1783560559\n|switch|p1a: Palkia|Palkia, L75|259/259\n|-ability|p1a: Palkia|Pressure\n|turn|3\n|inactive|Time left: 300 sec this turn | 300 sec total\n|\n|t:|1783560560\n|move|p1a: Palkia|Fire Blast|p2a: Wo-Chien\n|-supereffective|p2a: Wo-Chien\n|-damage|p2a: Wo-Chien|33/100\n|move|p2a: Wo-Chien|Ruination|p1a: Palkia\n|-damage|p1a: Palkia|130/259\n|\n|-heal|p2a: Wo-Chien|39/100|[from] item: Leftovers\n|upkeep\n|turn|4\n|inactive|Time left: 300 sec this turn | 300 sec total\n|\n|t:|1783560561\n|move|p1a: Palkia|Fire Blast|p2a: Wo-Chien\n|-supereffective|p2a: Wo-Chien\n|-damage|p2a: Wo-Chien|0 fnt\n|faint|p2a: Wo-Chien\n|\n|upkeep\n|\n|t:|1783560562\n|switch|p2a: Eternatus|Eternatus, L69|100/100\n|-ability|p2a: Eternatus|Pressure\n|turn|5\n|inactive|Time left: 300 sec this turn | 300 sec total\n|\n|t:|1783560563\n|switch|p1a: Scream Tail|Scream Tail, L84|330/330\n|move|p2a: Eternatus|Dynamax Cannon|p1a: Scream Tail\n|-immune|p1a: Scream Tail\n|\n|upkeep\n|turn|6\n|inactive|Time left: 300 sec this turn | 300 sec total\n|\n|t:|1783560564\n|move|p1a: Scream Tail|Thunder Wave|p2a: Eternatus|[miss]\n|-miss|p1a: Scream Tail|p2a: Eternatus\n|move|p2a: Eternatus|Meteor Beam||[still]\n|-prepare|p2a: Eternatus|Meteor Beam\n|-boost|p2a: Eternatus|spa|1\n|-enditem|p2a: Eternatus|Power Herb\n|-anim|p2a: Eternatus|Meteor Beam|p1a: Scream Tail\n|-damage|p1a: Scream Tail|237/330\n|\n|-heal|p1a: Scream Tail|257/330|[from] item: Leftovers\n|upkeep\n|turn|7\n|inactive|Time left: 300 sec this turn | 300 sec total\n|\n|t:|1783560565\n|move|p1a: Scream Tail|Thunder Wave|p2a: Eternatus\n|-status|p2a: Eternatus|par\n|cant|p2a: Eternatus|par\n|\n|-heal|p1a: Scream Tail|277/330|[from] item: Leftovers\n|upkeep\n|turn|8\n|inactive|Time left: 300 sec this turn | 300 sec total\n|\n|t:|1783560566\n|move|p1a: Scream Tail|Play Rough|p2a: Eternatus\n|-damage|p2a: Eternatus|73/100 par\n|move|p2a: Eternatus|Meteor Beam||[still]\n|-prepare|p2a: Eternatus|Meteor Beam\n|-boost|p2a: Eternatus|spa|1\n|\n|-heal|p1a: Scream Tail|297/330|[from] item: Leftovers\n|upkeep\n|turn|9\n|inactive|Time left: 300 sec this turn | 300 sec total\n|\n|t:|1783560567\n|-end|p1a: Scream Tail|Protosynthesis|[silent]\n|switch|p1a: Sandslash|Sandslash, L89, F|278/278\n|move|p2a: Eternatus|Meteor Beam|p1a: Sandslash|[from] lockedmove\n|-resisted|p1a: Sandslash\n|-damage|p1a: Sandslash|180/278\n|\n|-heal|p1a: Sandslash|197/278|[from] item: Leftovers\n|upkeep\n|turn|10\n|inactive|Time left: 300 sec this turn | 300 sec total\n|\n|t:|1783560568\n|switch|p2a: Scrafty|Scrafty, L83, M|100/100\n|-ability|p2a: Scrafty|Intimidate|boost\n|-unboost|p1a: Sandslash|atk|1\n|move|p1a: Sandslash|Earthquake|p2a: Scrafty\n|-damage|p2a: Scrafty|72/100\n|\n|-heal|p1a: Sandslash|214/278|[from] item: Leftovers\n|-heal|p2a: Scrafty|78/100|[from] item: Leftovers\n|upkeep\n|turn|11\n|inactive|Time left: 300 sec this turn | 300 sec total\n|\n|t:|1783560569\n|move|p1a: Sandslash|Knock Off|p2a: Scrafty\n|-resisted|p2a: Scrafty\n|-damage|p2a: Scrafty|73/100\n|-enditem|p2a: Scrafty|Leftovers|[from] move: Knock Off|[of] p1a: Sandslash\n|move|p2a: Scrafty|Dragon Dance|p2a: Scrafty\n|-boost|p2a: Scrafty|atk|1\n|-boost|p2a: Scrafty|spe|1\n|\n|-heal|p1a: Sandslash|231/278|[from] item: Leftovers\n|upkeep\n|turn|12\n|inactive|Time left: 300 sec this turn | 300 sec total\n|\n|t:|1783560570\n|switch|p1a: Scream Tail|Scream Tail, L84|297/330\n|move|p2a: Scrafty|Knock Off|p1a: Scream Tail\n|-damage|p1a: Scream Tail|170/330\n|-enditem|p1a: Scream Tail|Leftovers|[from] move: Knock Off|[of] p2a: Scrafty\n|\n|upkeep\n|turn|13\n|inactive|Time left: 300 sec this turn | 300 sec total\n|\n|t:|1783560571\n|-terastallize|p2a: Scrafty|Poison\n|move|p1a: Scream Tail|Play Rough|p2a: Scrafty\n|-resisted|p2a: Scrafty\n|-damage|p2a: Scrafty|60/100\n|move|p2a: Scrafty|Dragon Dance|p2a: Scrafty\n|-boost|p2a: Scrafty|atk|1\n|-boost|p2a: Scrafty|spe|1\n|\n|upkeep\n|turn|14\n|inactive|Time left: 300 sec this turn | 300 sec total\n|\n|t:|1783560572\n|move|p2a: Scrafty|Knock Off|p1a: Scream Tail\n|-damage|p1a: Scream Tail|61/330\n|move|p1a: Scream Tail|Wish|p1a: Scream Tail\n|\n|upkeep\n|turn|15\n|inactive|Time left: 300 sec this turn | 300 sec total\n|\n|t:|1783560573\n|-end|p1a: Scream Tail|Protosynthesis|[silent]\n|switch|p1a: Sandslash|Sandslash, L89, F|231/278\n|move|p2a: Scrafty|Dragon Dance|p2a: Scrafty\n|-boost|p2a: Scrafty|atk|1\n|-boost|p2a: Scrafty|spe|1\n|\n|-heal|p1a: Sandslash|278/278|[from] move: Wish|[wisher] Scream Tail\n|upkeep\n|turn|16\n|inactive|Time left: 300 sec this turn | 300 sec total\n|\n|t:|1783560574\n|move|p2a: Scrafty|Drain Punch|p1a: Sandslash\n|-damage|p1a: Sandslash|143/278\n|-heal|p2a: Scrafty|88/100|[from] drain|[of] p1a: Sandslash\n|move|p1a: Sandslash|Earthquake|p2a: Scrafty\n|-supereffective|p2a: Scrafty\n|-damage|p2a: Scrafty|6/100\n|\n|-heal|p1a: Sandslash|160/278|[from] item: Leftovers\n|upkeep\n|turn|17\n|inactive|Time left: 300 sec this turn | 300 sec total\n|\n|t:|1783560576\n|switch|p1a: Scream Tail|Scream Tail, L84|61/330\n|move|p2a: Scrafty|Knock Off|p1a: Scream Tail\n|-damage|p1a: Scream Tail|0 fnt\n|faint|p1a: Scream Tail\n|-end|p1a: Scream Tail|Protosynthesis|[silent]\n|\n|upkeep\n|inactive|Time left: 300 sec this turn | 300 sec total | 5 sec grace\n|\n|t:|1783560577\n|switch|p1a: Gyarados|Gyarados, L79, F|280/280\n|turn|18\n|inactive|Time left: 300 sec this turn | 300 sec total\n|\n|t:|1783560578\n|move|p2a: Scrafty|Knock Off|p1a: Gyarados\n|-damage|p1a: Gyarados|4/280\n|-enditem|p1a: Gyarados|Heavy-Duty Boots|[from] move: Knock Off|[of] p2a: Scrafty\n|move|p1a: Gyarados|Tera Blast|p2a: Scrafty\n|-damage|p2a: Scrafty|0 fnt\n|faint|p2a: Scrafty\n|-ability|p1a: Gyarados|Moxie|boost\n|-boost|p1a: Gyarados|atk|1\n|\n|upkeep\n|\n|t:|1783560578\n|switch|p2a: Tatsugiri|Tatsugiri, L87, F|100/100\n|turn|19\n|inactive|Time left: 300 sec this turn | 300 sec total\n|\n|t:|1783560579\n|switch|p1a: Palkia|Palkia, L75|130/259\n|-ability|p1a: Palkia|Pressure\n|move|p2a: Tatsugiri|Rapid Spin|p1a: Palkia\n|-damage|p1a: Palkia|107/259\n|-boost|p2a: Tatsugiri|spe|1\n|\n|upkeep\n|turn|20\n|inactive|Time left: 300 sec this turn | 300 sec total\n|\n|t:|1783560580\n|move|p2a: Tatsugiri|Draco Meteor|p1a: Palkia\n|-supereffective|p1a: Palkia\n|-damage|p1a: Palkia|0 fnt\n|-unboost|p2a: Tatsugiri|spa|2\n|faint|p1a: Palkia\n|\n|upkeep\n|inactive|Time left: 300 sec this turn | 300 sec total | 5 sec grace\n|\n|t:|1783560581\n|switch|p1a: Sandslash|Sandslash, L89, F|160/278\n|turn|21\n|inactive|Time left: 300 sec this turn | 300 sec total\n|\n|t:|1783560582\n|move|p2a: Tatsugiri|Hydro Pump|p1a: Sandslash\n|-supereffective|p1a: Sandslash\n|-damage|p1a: Sandslash|0 fnt\n|faint|p1a: Sandslash\n|\n|upkeep\n|inactive|Time left: 300 sec this turn | 300 sec total | 5 sec grace\n|\n|t:|1783560583\n|switch|p1a: Talonflame|Talonflame, L83, M|265/265\n|turn|22\n|inactive|Time left: 300 sec this turn | 300 sec total\n|\n|t:|1783560584\n|move|p2a: Tatsugiri|Hydro Pump|p1a: Talonflame\n|-supereffective|p1a: Talonflame\n|-damage|p1a: Talonflame|95/265\n|move|p1a: Talonflame|Brave Bird|p2a: Tatsugiri\n|-damage|p2a: Tatsugiri|49/100\n|-damage|p1a: Talonflame|51/265|[from] Recoil\n|\n|upkeep\n|turn|23\n|inactive|Time left: 300 sec this turn | 300 sec total\n|\n|t:|1783560585\n|move|p2a: Tatsugiri|Draco Meteor|p1a: Talonflame\n|-damage|p1a: Talonflame|0 fnt\n|-unboost|p2a: Tatsugiri|spa|2\n|faint|p1a: Talonflame\n|\n|upkeep\n|inactive|Time left: 300 sec this turn | 300 sec total | 5 sec grace\n|\n|t:|1783560586\n|switch|p1a: Gyarados|Gyarados, L79, F|4/280\n|turn|24\n|inactive|Time left: 300 sec this turn | 300 sec total\n|\n|t:|1783560587\n|-terastallize|p1a: Gyarados|Flying\n|move|p2a: Tatsugiri|Rapid Spin|p1a: Gyarados\n|-damage|p1a: Gyarados|0 fnt\n|-boost|p2a: Tatsugiri|spe|1\n|faint|p1a: Gyarados\n|\n|win|p0y1840650f", "uploadtime": 1783560587, "views": 0, "rating": 0, "private": 0, "password": null, "_winner": "p0y1840650f", "_our_name": "p0x1840c13a"}