{"id": "battle-gen9randombattle-774", "formatid": "gen9randombattle", "format": "[Gen 9] Random Battle", "players": ["p0x774597d", "p0y774999f"], "log": "|init|battle\n|title|p0x774597d vs. p0y774999f\n|j|\u2606p0x774597d\n|j|\u2606p0y774999f\n|t:|1783548864\n|gametype|singles\n|player|p1|p0x774597d|102|\n|player|p2|p0y774999f|2|\n|gen|9\n|tier|[Gen 9] Random Battle\n|rule|Species Clause: Limit one of each Pok\u00e9mon\n|rule|HP Percentage Mod: HP is shown in percentages\n|rule|Sleep Clause Mod: Limit one foe put to sleep\n|rule|Illusion Level Mod: Illusion disguises the Pok\u00e9mon's true level\n|\n|t:|1783548864\n|teamsize|p1|6\n|teamsize|p2|6\n|start\n|switch|p1a: Clefable|Clefable, L83, F|293/293\n|switch|p2a: Rotom|Rotom-Wash, L82|100/100\n|turn|1\n|inactive|Battle timer is ON: inactive players will automatically lose when time's up. (requested by p0y774999f)\n|inactive|Time left: 300 sec this turn | 300 sec total | 60 sec grace\n|inactive|p0x774597d also wants the timer to be on.\n|\n|t:|1783548865\n|move|p2a: Rotom|Hydro Pump|p1a: Clefable|[miss]\n|-miss|p2a: Rotom|p1a: Clefable\n|move|p1a: Clefable|Calm Mind|p1a: Clefable\n|-boost|p1a: Clefable|spa|1\n|-boost|p1a: Clefable|spd|1\n|\n|upkeep\n|turn|2\n|inactive|Time left: 300 sec this turn | 300 sec total\n|\n|t:|1783548866\n|move|p2a: Rotom|Hydro Pump|p1a: Clefable\n|-damage|p1a: Clefable|217/293\n|move|p1a: Clefable|Moonblast|p2a: Rotom\n|-damage|p2a: Rotom|22/100\n|-unboost|p2a: Rotom|spa|1\n|\n|upkeep\n|turn|3\n|inactive|Time left: 300 sec this turn | 300 sec total\n|\n|t:|1783548867\n|switch|p2a: Clefable|Clefable, L83, F|100/100\n|move|p1a: Clefable|Moonblast|p2a: Clefable\n|-damage|p2a: Clefable|59/100\n|\n|-heal|p2a: Clefable|65/100|[from] item: Leftovers\n|upkeep\n|turn|4\n|inactive|Time left: 300 sec this turn | 300 sec total\n|\n|t:|1783548869\n|move|p2a: Clefable|Moonblast|p1a: Clefable\n|-damage|p1a: Clefable|121/293\n|move|p1a: Clefable|Moonblast|p2a: Clefable\n|-damage|p2a: Clefable|22/100\n|\n|-heal|p2a: Clefable|28/100|[from] item: Leftovers\n|upkeep\n|turn|5\n|inactive|Time left: 300 sec this turn | 300 sec total\n|\n|t:|1783548870\n|move|p1a: Clefable|Moonblast|p2a: Clefable\n|-damage|p2a: Clefable|0 fnt\n|faint|p2a: Clefable\n|\n|upkeep\n|\n|t:|1783548871\n|switch|p2a: Inteleon|Inteleon, L81, M|100/100\n|turn|6\n|inactive|Time left: 300 sec this turn | 300 sec total\n|\n|t:|1783548872\n|move|p2a: Inteleon|Hydro Pump|p1a: Clefable\n|-damage|p1a: Clefable|0 fnt\n|faint|p1a: Clefable\n|\n|upkeep\n|inactive|Time left: 300 sec this turn | 300 sec total | 5 sec grace\n|\n|t:|1783548873\n|switch|p1a: Archaludon|Archaludon, L78, M|268/268\n|turn|7\n|inactive|Time left: 300 sec this turn | 300 sec total\n|\n|t:|1783548874\n|move|p2a: Inteleon|Hydro Pump|p1a: Archaludon\n|-resisted|p1a: Archaludon\n|-damage|p1a: Archaludon|128/268\n|-ability|p1a: Archaludon|Stamina|boost\n|-boost|p1a: Archaludon|def|1\n|move|p1a: Archaludon|Outrage|p2a: Inteleon\n|-damage|p2a: Inteleon|37/100\n|\n|upkeep\n|turn|8\n|inactive|Time left: 300 sec this turn | 300 sec total\n|\n|t:|1783548875\n|move|p2a: Inteleon|Hydro Pump|p1a: Archaludon\n|-resisted|p1a: Archaludon\n|-damage|p1a: Archaludon|0 fnt\n|faint|p1a: Archaludon\n|\n|upkeep\n|inactive|Time left: 300 sec this turn | 300 sec total | 5 sec grace\n|\n|t:|1783548876\n|switch|p1a: Floatzel|Floatzel, L86, F|286/286\n|turn|9\n|inactive|Time left: 300 sec this turn | 300 sec total\n|\n|t:|1783548877\n|move|p1a: Floatzel|Wave Crash|p2a: Inteleon\n|-resisted|p2a: Inteleon\n|-damage|p2a: Inteleon|0 fnt\n|faint|p2a: Inteleon\n|-damage|p1a: Floatzel|256/286|[from] Recoil\n|\n|upkeep\n|\n|t:|1783548878\n|switch|p2a: Rotom|Rotom-Wash, L82|22/100\n|turn|10\n|inactive|Time left: 300 sec this turn | 300 sec total\n|\n|t:|1783548879\n|switch|p1a: Magearna|Magearna, L77|250/250\n|move|p2a: Rotom|Thunderbolt|p1a: Magearna\n|-damage|p1a: Magearna|168/250\n|\n|upkeep\n|turn|11\n|inactive|Time left: 300 sec this turn | 300 sec total\n|\n|t:|1783548880\n|move|p2a: Rotom|Thunderbolt|p1a: Magearna\n|-damage|p1a: Magearna|90/250\n|move|p1a: Magearna|Shift Gear|p1a: Magearna\n|-boost|p1a: Magearna|spe|2\n|-boost|p1a: Magearna|atk|1\n|\n|upkeep\n|turn|12\n|inactive|Time left: 300 sec this turn | 300 sec total\n|\n|t:|1783548881\n|move|p1a: Magearna|Tera Blast|p2a: Rotom\n|-damage|p2a: Rotom|0 fnt\n|faint|p2a: Rotom\n|-ability|p1a: Magearna|Soul-Heart|boost\n|-boost|p1a: Magearna|spa|1\n|\n|upkeep\n|\n|t:|1783548882\n|switch|p2a: Houndstone|Houndstone, L86, F|100/100\n|turn|13\n|inactive|Time left: 300 sec this turn | 300 sec total\n|\n|t:|1783548883\n|move|p1a: Magearna|Fleur Cannon|p2a: Houndstone\n|-damage|p2a: Houndstone|27/100\n|-unboost|p1a: Magearna|spa|2\n|move|p2a: Houndstone|Poltergeist|p1a: Magearna\n|-activate|p1a: Magearna|move: Poltergeist|Weakness Policy\n|-damage|p1a: Magearna|0 fnt\n|faint|p1a: Magearna\n|\n|-heal|p2a: Houndstone|33/100|[from] item: Leftovers\n|upkeep\n|inactive|Time left: 300 sec this turn | 300 sec total | 5 sec grace\n|\n|t:|1783548885\n|switch|p1a: Floatzel|Floatzel, L86, F|256/286\n|turn|14\n|inactive|Time left: 300 sec this turn | 300 sec total\n|\n|t:|1783548885\n|switch|p2a: Arboliva|Arboliva, L91, F|100/100\n|move|p1a: Floatzel|Wave Crash|p2a: Arboliva\n|-resisted|p2a: Arboliva\n|-damage|p2a: Arboliva|65/100\n|-damage|p1a: Floatzel|222/286|[from] Recoil\n|\n|upkeep\n|turn|15\n|inactive|Time left: 300 sec this turn | 300 sec total\n|\n|t:|1783548886\n|switch|p1a: Honchkrow|Honchkrow, L86, F|312/312\n|move|p2a: Arboliva|Hyper Voice|p1a: Honchkrow\n|-damage|p1a: Honchkrow|134/312\n|\n|upkeep\n|turn|16\n|inactive|Time left: 300 sec this turn | 300 sec total\n|\n|t:|1783548888\n|switch|p2a: Kingambit|Kingambit, L74, M|100/100\n|-activate|p2a: Kingambit|ability: Supreme Overlord\n|-start|p2a: Kingambit|fallen3|[silent]\n|move|p1a: Honchkrow|Brave Bird|p2a: Kingambit\n|-resisted|p2a: Kingambit\n|-damage|p2a: Kingambit|72/100\n|-damage|p1a: Honchkrow|109/312|[from] Recoil\n|\n|-heal|p2a: Kingambit|78/100|[from] item: Leftovers\n|upkeep\n|turn|17\n|inactive|Time left: 300 sec this turn | 300 sec total\n|\n|t:|1783548889\n|move|p1a: Honchkrow|Heat Wave|p2a: Kingambit\n|-supereffective|p2a: Kingambit\n|-damage|p2a: Kingambit|13/100\n|move|p2a: Kingambit|Swords Dance|p2a: Kingambit\n|-boost|p2a: Kingambit|atk|2\n|\n|-heal|p2a: Kingambit|19/100|[from] item: Leftovers\n|upkeep\n|turn|18\n|inactive|Time left: 300 sec this turn | 300 sec total\n|\n|t:|1783548890\n|-terastallize|p1a: Honchkrow|Dark\n|move|p1a: Honchkrow|Sucker Punch|p2a: Kingambit\n|-resisted|p2a: Kingambit\n|-damage|p2a: Kingambit|0 fnt\n|faint|p2a: Kingambit\n|-end|p2a: Kingambit|fallen3|[silent]\n|-ability|p1a: Honchkrow|Moxie|boost\n|-boost|p1a: Honchkrow|atk|1\n|\n|upkeep\n|\n|t:|1783548891\n|switch|p2a: Arboliva|Arboliva, L91, F|65/100\n|turn|19\n|inactive|Time left: 300 sec this turn | 300 sec total\n|\n|t:|1783548892\n|move|p2a: Arboliva|Protect|p2a: Arboliva\n|-singleturn|p2a: Arboliva|Protect\n|move|p1a: Honchkrow|Brave Bird|p2a: Arboliva\n|-activate|p2a: Arboliva|move: Protect\n|\n|upkeep\n|turn|20\n|inactive|Time left: 300 sec this turn | 300 sec total\n|\n|t:|1783548893\n|move|p2a: Arboliva|Protect||[still]\n|-fail|p2a: Arboliva\n|move|p1a: Honchkrow|Brave Bird|p2a: Arboliva\n|-supereffective|p2a: Arboliva\n|-damage|p2a: Arboliva|0 fnt\n|faint|p2a: Arboliva\n|-ability|p1a: Honchkrow|Moxie|boost\n|-boost|p1a: Honchkrow|atk|1\n|-damage|p1a: Honchkrow|48/312|[from] Recoil\n|\n|upkeep\n|\n|t:|1783548894\n|switch|p2a: Houndstone|Houndstone, L86, F|33/100\n|turn|21\n|inactive|Time left: 300 sec this turn | 300 sec total\n|\n|t:|1783548895\n|-terastallize|p2a: Houndstone|Fighting\n|move|p1a: Honchkrow|Brave Bird|p2a: Houndstone\n|-supereffective|p2a: Houndstone\n|-damage|p2a: Houndstone|0 fnt\n|faint|p2a: Houndstone\n|-damage|p1a: Honchkrow|20/312|[from] Recoil\n|\n|win|p0x774597d", "uploadtime": 1783548895, "views": 0, "rating": 0, "private": 0, "password": null, "_winner": "p0x774597d", "_our_name": "p0x774597d"}