{"id": "battle-gen9randombattle-2833", "formatid": "gen9randombattle", "format": "[Gen 9] Random Battle", "players": ["p0x2833c73d", "p0y283369df"], "log": "|init|battle\n|title|p0x2833c73d vs. p0y283369df\n|j|\u2606p0x2833c73d\n|j|\u2606p0y283369df\n|t:|1783571653\n|gametype|singles\n|player|p1|p0x2833c73d|266|\n|player|p2|p0y283369df|1|\n|gen|9\n|tier|[Gen 9] Random Battle\n|rule|Species Clause: Limit one of each Pok\u00e9mon\n|rule|HP Percentage Mod: HP is shown in percentages\n|rule|Sleep Clause Mod: Limit one foe put to sleep\n|rule|Illusion Level Mod: Illusion disguises the Pok\u00e9mon's true level\n|\n|t:|1783571653\n|teamsize|p1|6\n|teamsize|p2|6\n|start\n|switch|p1a: Mightyena|Mightyena, L96, F|290/290\n|switch|p2a: Magmortar|Magmortar, L88, M|100/100\n|-ability|p1a: Mightyena|Intimidate|boost\n|-unboost|p2a: Magmortar|atk|1\n|turn|1\n|inactive|Battle timer is ON: inactive players will automatically lose when time's up. (requested by p0y283369df)\n|inactive|Time left: 300 sec this turn | 300 sec total | 60 sec grace\n|\n|t:|1783571654\n|switch|p1a: Armarouge|Armarouge, L80, M|267/267\n|move|p2a: Magmortar|Fire Blast|p1a: Armarouge\n|-resisted|p1a: Armarouge\n|-damage|p1a: Armarouge|184/267\n|\n|upkeep\n|turn|2\n|inactive|Time left: 300 sec this turn | 300 sec total\n|inactive|p0x2833c73d also wants the timer to be on.\n|\n|t:|1783571656\n|move|p2a: Magmortar|Fire Blast|p1a: Armarouge\n|-resisted|p1a: Armarouge\n|-damage|p1a: Armarouge|95/267\n|move|p1a: Armarouge|Meteor Beam||[still]\n|-prepare|p1a: Armarouge|Meteor Beam\n|-boost|p1a: Armarouge|spa|1\n|-enditem|p1a: Armarouge|Power Herb\n|-anim|p1a: Armarouge|Meteor Beam|p2a: Magmortar\n|-supereffective|p2a: Magmortar\n|-damage|p2a: Magmortar|11/100\n|\n|upkeep\n|turn|3\n|inactive|Time left: 300 sec this turn | 300 sec total\n|\n|t:|1783571657\n|move|p2a: Magmortar|Thunderbolt|p1a: Armarouge\n|-damage|p1a: Armarouge|0 fnt\n|faint|p1a: Armarouge\n|\n|upkeep\n|inactive|Time left: 300 sec this turn | 300 sec total | 5 sec grace\n|\n|t:|1783571658\n|switch|p1a: Primarina|Primarina, L83, M|268/268\n|turn|4\n|inactive|Time left: 300 sec this turn | 300 sec total\n|\n|t:|1783571659\n|move|p2a: Magmortar|Thunderbolt|p1a: Primarina\n|-supereffective|p1a: Primarina\n|-damage|p1a: Primarina|124/268\n|move|p1a: Primarina|Moonblast|p2a: Magmortar\n|-resisted|p2a: Magmortar\n|-damage|p2a: Magmortar|0 fnt\n|faint|p2a: Magmortar\n|\n|upkeep\n|\n|t:|1783571660\n|switch|p2a: Salazzle|Salazzle, L83, F|100/100\n|turn|5\n|inactive|Time left: 300 sec this turn | 300 sec total\n|\n|t:|1783571662\n|move|p2a: Salazzle|Sludge Wave|p1a: Primarina\n|-supereffective|p1a: Primarina\n|-crit|p1a: Primarina\n|-damage|p1a: Primarina|0 fnt\n|faint|p1a: Primarina\n|\n|upkeep\n|inactive|Time left: 300 sec this turn | 300 sec total | 5 sec grace\n|\n|t:|1783571663\n|switch|p1a: Golem|Golem, L87, M|281/281\n|turn|6\n|inactive|Time left: 300 sec this turn | 300 sec total\n|\n|t:|1783571663\n|switch|p2a: Krookodile|Krookodile, L79, F|100/100\n|-ability|p2a: Krookodile|Intimidate|boost\n|-unboost|p1a: Golem|atk|1\n|move|p1a: Golem|Stone Edge|p2a: Krookodile\n|-resisted|p2a: Krookodile\n|-damage|p2a: Krookodile|82/100\n|\n|-heal|p2a: Krookodile|88/100|[from] item: Leftovers\n|upkeep\n|turn|7\n|inactive|Time left: 300 sec this turn | 300 sec total\n|\n|t:|1783571665\n|switch|p1a: Mightyena|Mightyena, L96, F|290/290\n|-ability|p1a: Mightyena|Intimidate|boost\n|-unboost|p2a: Krookodile|atk|1\n|move|p2a: Krookodile|Bulk Up|p2a: Krookodile\n|-boost|p2a: Krookodile|atk|1\n|-boost|p2a: Krookodile|def|1\n|\n|-heal|p2a: Krookodile|94/100|[from] item: Leftovers\n|upkeep\n|turn|8\n|inactive|Time left: 300 sec this turn | 300 sec total\n|\n|t:|1783571666\n|move|p2a: Krookodile|Bulk Up|p2a: Krookodile\n|-boost|p2a: Krookodile|atk|1\n|-boost|p2a: Krookodile|def|1\n|move|p1a: Mightyena|Crunch|p2a: Krookodile\n|-resisted|p2a: Krookodile\n|-damage|p2a: Krookodile|84/100\n|\n|-heal|p2a: Krookodile|90/100|[from] item: Leftovers\n|upkeep\n|turn|9\n|inactive|Time left: 300 sec this turn | 300 sec total\n|\n|t:|1783571667\n|switch|p1a: Zamazenta|Zamazenta, L71|248/248\n|-ability|p1a: Zamazenta|Dauntless Shield|boost\n|-boost|p1a: Zamazenta|def|1\n|move|p2a: Krookodile|Earthquake|p1a: Zamazenta\n|-damage|p1a: Zamazenta|140/248\n|\n|-heal|p2a: Krookodile|96/100|[from] item: Leftovers\n|upkeep\n|turn|10\n|inactive|Time left: 300 sec this turn | 300 sec total\n|\n|t:|1783571668\n|move|p1a: Zamazenta|Iron Defense|p1a: Zamazenta\n|-boost|p1a: Zamazenta|def|2\n|move|p2a: Krookodile|Earthquake|p1a: Zamazenta\n|-damage|p1a: Zamazenta|80/248\n|\n|-heal|p2a: Krookodile|100/100|[from] item: Leftovers\n|upkeep\n|turn|11\n|inactive|Time left: 300 sec this turn | 300 sec total\n|\n|t:|1783571669\n|move|p1a: Zamazenta|Body Press|p2a: Krookodile\n|-supereffective|p2a: Krookodile\n|-damage|p2a: Krookodile|34/100\n|move|p2a: Krookodile|Earthquake|p1a: Zamazenta\n|-damage|p1a: Zamazenta|14/248\n|\n|-heal|p2a: Krookodile|40/100|[from] item: Leftovers\n|upkeep\n|turn|12\n|inactive|Time left: 300 sec this turn | 300 sec total\n|\n|t:|1783571670\n|move|p1a: Zamazenta|Rest|p1a: Zamazenta\n|-status|p1a: Zamazenta|slp|[from] move: Rest\n|-heal|p1a: Zamazenta|248/248 slp|[silent]\n|-enditem|p1a: Zamazenta|Chesto Berry|[eat]\n|-curestatus|p1a: Zamazenta|slp|[msg]\n|move|p2a: Krookodile|Knock Off|p1a: Zamazenta\n|-resisted|p1a: Zamazenta\n|-damage|p1a: Zamazenta|228/248\n|\n|-heal|p2a: Krookodile|46/100|[from] item: Leftovers\n|upkeep\n|turn|13\n|inactive|Time left: 300 sec this turn | 300 sec total\n|\n|t:|1783571671\n|-terastallize|p2a: Krookodile|Poison\n|move|p1a: Zamazenta|Body Press|p2a: Krookodile\n|-resisted|p2a: Krookodile\n|-damage|p2a: Krookodile|30/100\n|move|p2a: Krookodile|Bulk Up|p2a: Krookodile\n|-boost|p2a: Krookodile|atk|1\n|-boost|p2a: Krookodile|def|1\n|\n|-heal|p2a: Krookodile|36/100|[from] item: Leftovers\n|upkeep\n|turn|14\n|inactive|Time left: 300 sec this turn | 300 sec total\n|\n|t:|1783571672\n|move|p1a: Zamazenta|Iron Head|p2a: Krookodile\n|-damage|p2a: Krookodile|28/100\n|move|p2a: Krookodile|Earthquake|p1a: Zamazenta\n|-damage|p1a: Zamazenta|140/248\n|\n|-heal|p2a: Krookodile|34/100|[from] item: Leftovers\n|upkeep\n|turn|15\n|inactive|Time left: 300 sec this turn | 300 sec total\n|\n|t:|1783571673\n|move|p1a: Zamazenta|Body Press|p2a: Krookodile\n|-resisted|p2a: Krookodile\n|-damage|p2a: Krookodile|20/100\n|move|p2a: Krookodile|Earthquake|p1a: Zamazenta\n|-damage|p1a: Zamazenta|50/248\n|\n|-heal|p2a: Krookodile|26/100|[from] item: Leftovers\n|upkeep\n|turn|16\n|inactive|Time left: 300 sec this turn | 300 sec total\n|\n|t:|1783571675\n|move|p1a: Zamazenta|Rest|p1a: Zamazenta\n|-status|p1a: Zamazenta|slp|[from] move: Rest\n|-heal|p1a: Zamazenta|248/248 slp|[silent]\n|move|p2a: Krookodile|Earthquake|p1a: Zamazenta\n|-damage|p1a: Zamazenta|167/248 slp\n|\n|-heal|p2a: Krookodile|32/100|[from] item: Leftovers\n|upkeep\n|turn|17\n|inactive|Time left: 300 sec this turn | 300 sec total\n|\n|t:|1783571676\n|cant|p1a: Zamazenta|slp\n|move|p2a: Krookodile|Earthquake|p1a: Zamazenta\n|-damage|p1a: Zamazenta|79/248 slp\n|\n|-heal|p2a: Krookodile|38/100|[from] item: Leftovers\n|upkeep\n|turn|18\n|inactive|Time left: 300 sec this turn | 300 sec total\n|\n|t:|1783571677\n|cant|p1a: Zamazenta|slp\n|move|p2a: Krookodile|Earthquake|p1a: Zamazenta\n|-damage|p1a: Zamazenta|0 fnt\n|faint|p1a: Zamazenta\n|\n|-heal|p2a: Krookodile|44/100|[from] item: Leftovers\n|upkeep\n|inactive|Time left: 300 sec this turn | 300 sec total | 5 sec grace\n|\n|t:|1783571678\n|switch|p1a: Golem|Golem, L87, M|281/281\n|turn|19\n|inactive|Time left: 300 sec this turn | 300 sec total\n|\n|t:|1783571679\n|move|p2a: Krookodile|Knock Off|p1a: Golem\n|-crit|p1a: Golem\n|-damage|p1a: Golem|71/281\n|-enditem|p1a: Golem|Custap Berry|[from] move: Knock Off|[of] p2a: Krookodile\n|move|p1a: Golem|Earthquake|p2a: Krookodile\n|-supereffective|p2a: Krookodile\n|-damage|p2a: Krookodile|0 fnt\n|faint|p2a: Krookodile\n|\n|upkeep\n|\n|t:|1783571680\n|switch|p2a: Greninja|Greninja, L80, M|100/100\n|turn|20\n|inactive|Time left: 300 sec this turn | 300 sec total\n|\n|t:|1783571681\n|switch|p1a: Mightyena|Mightyena, L96, F|290/290\n|-ability|p1a: Mightyena|Intimidate|boost\n|-unboost|p2a: Greninja|atk|1\n|move|p2a: Greninja|Ice Beam|p1a: Mightyena\n|-damage|p1a: Mightyena|198/290\n|-damage|p2a: Greninja|91/100|[from] item: Life Orb\n|\n|-heal|p1a: Mightyena|216/290|[from] item: Leftovers\n|upkeep\n|turn|21\n|inactive|Time left: 300 sec this turn | 300 sec total\n|\n|t:|1783571682\n|move|p2a: Greninja|Hydro Pump|p1a: Mightyena\n|-damage|p1a: Mightyena|55/290\n|-damage|p2a: Greninja|81/100|[from] item: Life Orb\n|move|p1a: Mightyena|Crunch|p2a: Greninja\n|-resisted|p2a: Greninja\n|-damage|p2a: Greninja|55/100\n|\n|-heal|p1a: Mightyena|73/290|[from] item: Leftovers\n|upkeep\n|turn|22\n|inactive|Time left: 300 sec this turn | 300 sec total\n|\n|t:|1783571683\n|switch|p1a: Volbeat|Volbeat, L90, M|263/263\n|move|p2a: Greninja|Ice Beam|p1a: Volbeat\n|-damage|p1a: Volbeat|189/263\n|-damage|p2a: Greninja|46/100|[from] item: Life Orb\n|\n|upkeep\n|turn|23\n|inactive|Time left: 300 sec this turn | 300 sec total\n|\n|t:|1783571684\n|move|p2a: Greninja|Dark Pulse|p1a: Volbeat\n|-damage|p1a: Volbeat|92/263\n|-damage|p2a: Greninja|36/100|[from] item: Life Orb\n|cant|p1a: Volbeat|flinch\n|\n|upkeep\n|turn|24\n|inactive|Time left: 300 sec this turn | 300 sec total\n|\n|t:|1783571685\n|switch|p1a: Mightyena|Mightyena, L96, F|73/290\n|-ability|p1a: Mightyena|Intimidate|boost\n|-unboost|p2a: Greninja|atk|1\n|move|p2a: Greninja|Dark Pulse|p1a: Mightyena\n|-resisted|p1a: Mightyena\n|-damage|p1a: Mightyena|15/290\n|-damage|p2a: Greninja|26/100|[from] item: Life Orb\n|\n|-heal|p1a: Mightyena|33/290|[from] item: Leftovers\n|upkeep\n|turn|25\n|inactive|Time left: 300 sec this turn | 300 sec total\n|\n|t:|1783571686\n|move|p1a: Mightyena|Sucker Punch|p2a: Greninja\n|-resisted|p2a: Greninja\n|-damage|p2a: Greninja|4/100\n|move|p2a: Greninja|Ice Beam|p1a: Mightyena\n|-damage|p1a: Mightyena|0 fnt\n|faint|p1a: Mightyena\n|-ability|p2a: Greninja|Battle Bond|boost\n|-boost|p2a: Greninja|atk|1\n|-boost|p2a: Greninja|spa|1\n|-boost|p2a: Greninja|spe|1\n|-activate|p2a: Greninja|ability: Battle Bond\n|-damage|p2a: Greninja|0 fnt|[from] item: Life Orb\n|faint|p2a: Greninja\n|\n|upkeep\n|inactive|Time left: 300 sec this turn | 300 sec total | 5 sec grace\n|\n|t:|1783571688\n|switch|p2a: Bruxish|Bruxish, L85, M|100/100\n|switch|p1a: Volbeat|Volbeat, L90, M|92/263\n|turn|26\n|inactive|Time left: 300 sec this turn | 300 sec total\n|\n|t:|1783571688\n|move|p1a: Volbeat|Thunder Wave|p2a: Bruxish\n|-status|p2a: Bruxish|par\n|cant|p2a: Bruxish|par\n|\n|upkeep\n|turn|27\n|inactive|Time left: 300 sec this turn | 300 sec total\n|\n|t:|1783571689\n|move|p1a: Volbeat|U-turn|p2a: Bruxish\n|-supereffective|p2a: Bruxish\n|-damage|p2a: Bruxish|41/100 par\n|inactive|Time left: 300 sec this turn | 300 sec total | 5 sec grace\n|\n|t:|1783571690\n|switch|p1a: Golem|Golem, L87, M|71/281|[from] U-turn\n|move|p2a: Bruxish|Psychic Fangs|p1a: Golem\n|-damage|p1a: Golem|0 fnt\n|faint|p1a: Golem\n|\n|upkeep\n|inactive|Time left: 300 sec this turn | 300 sec total | 10 sec grace\n|\n|t:|1783571690\n|switch|p1a: Volbeat|Volbeat, L90, M|92/263\n|turn|28\n|inactive|Time left: 300 sec this turn | 300 sec total\n|\n|t:|1783571691\n|-terastallize|p1a: Volbeat|Steel\n|move|p1a: Volbeat|Roost|p1a: Volbeat\n|-heal|p1a: Volbeat|224/263\n|move|p2a: Bruxish|Psychic Fangs|p1a: Volbeat\n|-resisted|p1a: Volbeat\n|-damage|p1a: Volbeat|112/263\n|\n|upkeep\n|turn|29\n|inactive|Time left: 300 sec this turn | 300 sec total\n|\n|t:|1783571692\n|switch|p2a: Salazzle|Salazzle, L83, F|100/100\n|move|p1a: Volbeat|Roost|p1a: Volbeat\n|-heal|p1a: Volbeat|244/263\n|\n|upkeep\n|turn|30\n|inactive|Time left: 300 sec this turn | 300 sec total\n|\n|t:|1783571693\n|move|p1a: Volbeat|Thunder Wave|p2a: Salazzle|[miss]\n|-miss|p1a: Volbeat|p2a: Salazzle\n|move|p2a: Salazzle|Fire Blast|p1a: Volbeat\n|-supereffective|p1a: Volbeat\n|-damage|p1a: Volbeat|16/263\n|\n|upkeep\n|turn|31\n|inactive|Time left: 300 sec this turn | 300 sec total\n|\n|t:|1783571693\n|move|p1a: Volbeat|Thunder Wave|p2a: Salazzle\n|-status|p2a: Salazzle|par\n|move|p2a: Salazzle|Fire Blast|p1a: Volbeat\n|-supereffective|p1a: Volbeat\n|-damage|p1a: Volbeat|0 fnt\n|faint|p1a: Volbeat\n|\n|win|p0y283369df", "uploadtime": 1783571693, "views": 0, "rating": 0, "private": 0, "password": null, "_winner": "p0y283369df", "_our_name": "p0x2833c73d"}