{"id": "battle-gen9randombattle-2027", "formatid": "gen9randombattle", "format": "[Gen 9] Random Battle", "players": ["p0x20275d76", "p0y20279bc8"], "log": "|init|battle\n|title|p0x20275d76 vs. p0y20279bc8\n|j|\u2606p0x20275d76\n|j|\u2606p0y20279bc8\n|t:|1783563489\n|gametype|singles\n|player|p1|p0x20275d76|265|\n|player|p2|p0y20279bc8|2|\n|gen|9\n|tier|[Gen 9] Random Battle\n|rule|Species Clause: Limit one of each Pok\u00e9mon\n|rule|HP Percentage Mod: HP is shown in percentages\n|rule|Sleep Clause Mod: Limit one foe put to sleep\n|rule|Illusion Level Mod: Illusion disguises the Pok\u00e9mon's true level\n|\n|t:|1783563489\n|teamsize|p1|6\n|teamsize|p2|6\n|start\n|switch|p1a: Bisharp|Bisharp, L79, M|100/100\n|switch|p2a: Bisharp|Bisharp, L79, M|232/232\n|turn|1\n|inactive|Battle timer is ON: inactive players will automatically lose when time's up. (requested by p0y20279bc8)\n|inactive|p0x20275d76 also wants the timer to be on.\n|\n|t:|1783563490\n|move|p1a: Bisharp|Swords Dance|p1a: Bisharp\n|-boost|p1a: Bisharp|atk|2\n|move|p2a: Bisharp|Swords Dance|p2a: Bisharp\n|-boost|p2a: Bisharp|atk|2\n|\n|upkeep\n|turn|2\n|inactive|Time left: 300 sec this turn | 300 sec total\n|\n|t:|1783563491\n|move|p1a: Bisharp|Swords Dance|p1a: Bisharp\n|-boost|p1a: Bisharp|atk|2\n|move|p2a: Bisharp|Swords Dance|p2a: Bisharp\n|-boost|p2a: Bisharp|atk|2\n|\n|upkeep\n|turn|3\n|inactive|Time left: 300 sec this turn | 300 sec total\n|\n|t:|1783563492\n|move|p1a: Bisharp|Iron Head|p2a: Bisharp\n|-resisted|p2a: Bisharp\n|-damage|p2a: Bisharp|150/232\n|move|p2a: Bisharp|Iron Head|p1a: Bisharp\n|-resisted|p1a: Bisharp\n|-damage|p1a: Bisharp|63/100\n|\n|upkeep\n|turn|4\n|inactive|Time left: 300 sec this turn | 300 sec total\n|\n|t:|1783563493\n|move|p1a: Bisharp|Sucker Punch|p2a: Bisharp\n|-resisted|p2a: Bisharp\n|-crit|p2a: Bisharp\n|-damage|p2a: Bisharp|44/232\n|move|p2a: Bisharp|Sucker Punch||[still]\n|-fail|p2a: Bisharp\n|\n|upkeep\n|turn|5\n|inactive|Time left: 300 sec this turn | 300 sec total\n|\n|t:|1783563494\n|move|p2a: Bisharp|Sucker Punch|p1a: Bisharp\n|-resisted|p1a: Bisharp\n|-damage|p1a: Bisharp|28/100\n|move|p1a: Bisharp|Throat Chop|p2a: Bisharp\n|-resisted|p2a: Bisharp\n|-damage|p2a: Bisharp|0 fnt\n|faint|p2a: Bisharp\n|\n|upkeep\n|inactive|Time left: 300 sec this turn | 300 sec total | 5 sec grace\n|\n|t:|1783563495\n|switch|p2a: Umbreon|Umbreon, L84, F|297/297\n|turn|6\n|inactive|Time left: 300 sec this turn | 300 sec total\n|\n|t:|1783563496\n|move|p2a: Umbreon|Foul Play|p1a: Bisharp\n|-resisted|p1a: Bisharp\n|-damage|p1a: Bisharp|0 fnt\n|faint|p1a: Bisharp\n|\n|upkeep\n|\n|t:|1783563497\n|switch|p1a: Calyrex|Calyrex, L93|100/100\n|-ability|p1a: Calyrex|Unnerve\n|turn|7\n|inactive|Time left: 300 sec this turn | 300 sec total\n|\n|t:|1783563497\n|move|p1a: Calyrex|Calm Mind|p1a: Calyrex\n|-boost|p1a: Calyrex|spa|1\n|-boost|p1a: Calyrex|spd|1\n|move|p2a: Umbreon|Foul Play|p1a: Calyrex\n|-supereffective|p1a: Calyrex\n|-damage|p1a: Calyrex|61/100\n|\n|-heal|p1a: Calyrex|68/100|[from] item: Leftovers\n|upkeep\n|turn|8\n|inactive|Time left: 300 sec this turn | 300 sec total\n|\n|t:|1783563498\n|move|p1a: Calyrex|Giga Drain|p2a: Umbreon\n|-damage|p2a: Umbreon|198/297\n|-heal|p1a: Calyrex|82/100|[from] drain|[of] p2a: Umbreon\n|move|p2a: Umbreon|Foul Play|p1a: Calyrex\n|-supereffective|p1a: Calyrex\n|-damage|p1a: Calyrex|43/100\n|\n|-heal|p1a: Calyrex|49/100|[from] item: Leftovers\n|-heal|p2a: Umbreon|216/297|[from] item: Leftovers\n|upkeep\n|turn|9\n|inactive|Time left: 300 sec this turn | 300 sec total\n|\n|t:|1783563500\n|move|p1a: Calyrex|Giga Drain|p2a: Umbreon\n|-damage|p2a: Umbreon|129/297\n|-heal|p1a: Calyrex|62/100|[from] drain|[of] p2a: Umbreon\n|move|p2a: Umbreon|Foul Play|p1a: Calyrex\n|-supereffective|p1a: Calyrex\n|-damage|p1a: Calyrex|19/100\n|\n|-heal|p1a: Calyrex|25/100|[from] item: Leftovers\n|-heal|p2a: Umbreon|147/297|[from] item: Leftovers\n|upkeep\n|turn|10\n|inactive|Time left: 300 sec this turn | 300 sec total\n|\n|t:|1783563501\n|-terastallize|p1a: Calyrex|Steel\n|move|p1a: Calyrex|Giga Drain|p2a: Umbreon\n|-damage|p2a: Umbreon|53/297\n|-heal|p1a: Calyrex|39/100|[from] drain|[of] p2a: Umbreon\n|move|p2a: Umbreon|Foul Play|p1a: Calyrex\n|-damage|p1a: Calyrex|18/100\n|\n|-heal|p1a: Calyrex|25/100|[from] item: Leftovers\n|-heal|p2a: Umbreon|71/297|[from] item: Leftovers\n|upkeep\n|turn|11\n|inactive|Time left: 300 sec this turn | 300 sec total\n|\n|t:|1783563502\n|move|p2a: Umbreon|Protect|p2a: Umbreon\n|-singleturn|p2a: Umbreon|Protect\n|move|p1a: Calyrex|Giga Drain|p2a: Umbreon\n|-activate|p2a: Umbreon|move: Protect\n|\n|-heal|p1a: Calyrex|31/100|[from] item: Leftovers\n|-heal|p2a: Umbreon|89/297|[from] item: Leftovers\n|upkeep\n|turn|12\n|inactive|Time left: 300 sec this turn | 300 sec total\n|\n|t:|1783563503\n|move|p1a: Calyrex|Giga Drain|p2a: Umbreon\n|-damage|p2a: Umbreon|0 fnt\n|-heal|p1a: Calyrex|44/100|[from] drain|[of] p2a: Umbreon\n|faint|p2a: Umbreon\n|\n|-heal|p1a: Calyrex|50/100|[from] item: Leftovers\n|upkeep\n|inactive|Time left: 300 sec this turn | 300 sec total | 5 sec grace\n|\n|t:|1783563504\n|switch|p2a: Hawlucha|Hawlucha, L80, M|256/256\n|turn|13\n|inactive|Time left: 300 sec this turn | 300 sec total\n|\n|t:|1783563505\n|move|p2a: Hawlucha|Close Combat|p1a: Calyrex\n|-supereffective|p1a: Calyrex\n|-damage|p1a: Calyrex|0 fnt\n|-unboost|p2a: Hawlucha|def|1\n|-unboost|p2a: Hawlucha|spd|1\n|faint|p1a: Calyrex\n|-enditem|p2a: Hawlucha|White Herb\n|-clearnegativeboost|p2a: Hawlucha|[silent]\n|\n|upkeep\n|\n|t:|1783563506\n|switch|p1a: Ludicolo|Ludicolo, L90, F|100/100\n|turn|14\n|inactive|Time left: 300 sec this turn | 300 sec total\n|\n|t:|1783563507\n|move|p2a: Hawlucha|Brave Bird|p1a: Ludicolo\n|-supereffective|p1a: Ludicolo\n|-damage|p1a: Ludicolo|7/100\n|-damage|p2a: Hawlucha|167/256|[from] Recoil\n|move|p1a: Ludicolo|Ice Beam|p2a: Hawlucha\n|-supereffective|p2a: Hawlucha\n|-damage|p2a: Hawlucha|0 fnt\n|faint|p2a: Hawlucha\n|\n|upkeep\n|inactive|Time left: 300 sec this turn | 300 sec total | 5 sec grace\n|\n|t:|1783563508\n|switch|p2a: Diancie|Diancie, L82|216/216\n|turn|15\n|inactive|Time left: 300 sec this turn | 300 sec total\n|\n|t:|1783563509\n|move|p1a: Ludicolo|Ice Beam|p2a: Diancie\n|-damage|p2a: Diancie|146/216\n|move|p2a: Diancie|Calm Mind|p2a: Diancie\n|-boost|p2a: Diancie|spa|1\n|-boost|p2a: Diancie|spd|1\n|\n|-heal|p2a: Diancie|159/216|[from] item: Leftovers\n|upkeep\n|turn|16\n|inactive|Time left: 300 sec this turn | 300 sec total\n|\n|t:|1783563509\n|switch|p1a: Ting-Lu|Ting-Lu, L78|100/100\n|-ability|p1a: Ting-Lu|Vessel of Ruin\n|move|p2a: Diancie|Calm Mind|p2a: Diancie\n|-boost|p2a: Diancie|spa|1\n|-boost|p2a: Diancie|spd|1\n|\n|-heal|p2a: Diancie|172/216|[from] item: Leftovers\n|upkeep\n|turn|17\n|inactive|Time left: 300 sec this turn | 300 sec total\n|\n|t:|1783563510\n|move|p2a: Diancie|Draining Kiss|p1a: Ting-Lu\n|-supereffective|p1a: Ting-Lu\n|-damage|p1a: Ting-Lu|50/100\n|-heal|p2a: Diancie|216/216|[from] drain|[of] p1a: Ting-Lu\n|move|p1a: Ting-Lu|Heavy Slam|p2a: Diancie\n|-supereffective|p2a: Diancie\n|-damage|p2a: Diancie|0 fnt\n|faint|p2a: Diancie\n|\n|-heal|p1a: Ting-Lu|56/100|[from] item: Leftovers\n|upkeep\n|inactive|Time left: 300 sec this turn | 300 sec total | 5 sec grace\n|\n|t:|1783563511\n|switch|p2a: Ursaluna|Ursaluna-Bloodmoon, L79, M|308/308\n|turn|18\n|inactive|Time left: 300 sec this turn | 300 sec total\n|\n|t:|1783563512\n|switch|p1a: Ludicolo|Ludicolo, L90, F|7/100\n|move|p2a: Ursaluna|Blood Moon|p1a: Ludicolo\n|-damage|p1a: Ludicolo|0 fnt\n|faint|p1a: Ludicolo\n|\n|upkeep\n|\n|t:|1783563513\n|switch|p1a: Minior|Minior-Orange, L79|100/100\n|-formechange|p1a: Minior|Minior-Meteor||[from] ability: Shields Down\n|turn|19\n|inactive|Time left: 300 sec this turn | 300 sec total\n|\n|t:|1783563514\n|-terastallize|p2a: Ursaluna|Normal\n|move|p1a: Minior|Shell Smash|p1a: Minior\n|-unboost|p1a: Minior|def|1\n|-unboost|p1a: Minior|spd|1\n|-boost|p1a: Minior|atk|2\n|-boost|p1a: Minior|spa|2\n|-boost|p1a: Minior|spe|2\n|-enditem|p1a: Minior|White Herb\n|-clearnegativeboost|p1a: Minior|[silent]\n|move|p2a: Ursaluna|Calm Mind|p2a: Ursaluna\n|-boost|p2a: Ursaluna|spa|1\n|-boost|p2a: Ursaluna|spd|1\n|\n|upkeep\n|turn|20\n|inactive|Time left: 300 sec this turn | 300 sec total\n|\n|t:|1783563515\n|move|p1a: Minior|Acrobatics|p2a: Ursaluna\n|-damage|p2a: Ursaluna|196/308\n|move|p2a: Ursaluna|Calm Mind|p2a: Ursaluna\n|-boost|p2a: Ursaluna|spa|1\n|-boost|p2a: Ursaluna|spd|1\n|\n|-heal|p2a: Ursaluna|215/308|[from] item: Leftovers\n|upkeep\n|turn|21\n|inactive|Time left: 300 sec this turn | 300 sec total\n|\n|t:|1783563516\n|move|p1a: Minior|Acrobatics|p2a: Ursaluna\n|-damage|p2a: Ursaluna|85/308\n|move|p2a: Ursaluna|Moonlight|p2a: Ursaluna\n|-heal|p2a: Ursaluna|239/308\n|\n|-heal|p2a: Ursaluna|258/308|[from] item: Leftovers\n|upkeep\n|turn|22\n|inactive|Time left: 300 sec this turn | 300 sec total\n|\n|t:|1783563517\n|move|p1a: Minior|Acrobatics|p2a: Ursaluna\n|-damage|p2a: Ursaluna|144/308\n|move|p2a: Ursaluna|Calm Mind|p2a: Ursaluna\n|-boost|p2a: Ursaluna|spa|1\n|-boost|p2a: Ursaluna|spd|1\n|\n|-heal|p2a: Ursaluna|163/308|[from] item: Leftovers\n|upkeep\n|turn|23\n|inactive|Time left: 300 sec this turn | 300 sec total\n|\n|t:|1783563518\n|move|p1a: Minior|Acrobatics|p2a: Ursaluna\n|-damage|p2a: Ursaluna|46/308\n|move|p2a: Ursaluna|Blood Moon|p1a: Minior\n|-resisted|p1a: Minior\n|-damage|p1a: Minior|0 fnt\n|faint|p1a: Minior\n|\n|-heal|p2a: Ursaluna|65/308|[from] item: Leftovers\n|upkeep\n|\n|t:|1783563519\n|switch|p1a: Sneasler|Sneasler, L74, M|100/100\n|turn|24\n|inactive|Time left: 300 sec this turn | 300 sec total\n|\n|t:|1783563520\n|move|p1a: Sneasler|Close Combat|p2a: Ursaluna\n|-supereffective|p2a: Ursaluna\n|-damage|p2a: Ursaluna|0 fnt\n|-unboost|p1a: Sneasler|def|1\n|-unboost|p1a: Sneasler|spd|1\n|faint|p2a: Ursaluna\n|-enditem|p1a: Sneasler|White Herb\n|-clearnegativeboost|p1a: Sneasler|[silent]\n|\n|upkeep\n|inactive|Time left: 300 sec this turn | 300 sec total | 5 sec grace\n|\n|t:|1783563521\n|switch|p2a: Raichu|Raichu-Alola, L87, M|246/246\n|turn|25\n|inactive|Time left: 300 sec this turn | 300 sec total\n|\n|t:|1783563523\n|move|p1a: Sneasler|Close Combat|p2a: Raichu\n|-resisted|p2a: Raichu\n|-damage|p2a: Raichu|158/246\n|-unboost|p1a: Sneasler|def|1\n|-unboost|p1a: Sneasler|spd|1\n|move|p2a: Raichu|Nasty Plot|p2a: Raichu\n|-boost|p2a: Raichu|spa|2\n|\n|upkeep\n|turn|26\n|inactive|Time left: 300 sec this turn | 300 sec total\n|\n|t:|1783563524\n|move|p1a: Sneasler|Gunk Shot|p2a: Raichu\n|-damage|p2a: Raichu|0 fnt\n|faint|p2a: Raichu\n|\n|win|p0x20275d76", "uploadtime": 1783563524, "views": 0, "rating": 0, "private": 0, "password": null, "_winner": "p0x20275d76", "_our_name": "p0y20279bc8"}