{"id": "battle-gen9randombattle-2898", "formatid": "gen9randombattle", "format": "[Gen 9] Random Battle", "players": ["p0x289822ad", "p0y28987246"], "log": "|init|battle\n|title|p0x289822ad vs. p0y28987246\n|j|\u2606p0x289822ad\n|j|\u2606p0y28987246\n|t:|1783573382\n|gametype|singles\n|player|p1|p0x289822ad|169|\n|player|p2|p0y28987246|169|\n|gen|9\n|tier|[Gen 9] Random Battle\n|rule|Species Clause: Limit one of each Pok\u00e9mon\n|rule|HP Percentage Mod: HP is shown in percentages\n|rule|Sleep Clause Mod: Limit one foe put to sleep\n|rule|Illusion Level Mod: Illusion disguises the Pok\u00e9mon's true level\n|\n|t:|1783573382\n|teamsize|p1|6\n|teamsize|p2|6\n|start\n|switch|p1a: Orthworm|Orthworm, L88, F|100/100\n|switch|p2a: Arbok|Arbok, L87, M|246/246\n|-ability|p2a: Arbok|Intimidate|boost\n|-unboost|p1a: Orthworm|atk|1\n|turn|1\n|inactive|Battle timer is ON: inactive players will automatically lose when time's up. (requested by p0x289822ad)\n|inactive|Time left: 300 sec this turn | 300 sec total | 60 sec grace\n|inactive|p0y28987246 also wants the timer to be on.\n|\n|t:|1783573384\n|move|p2a: Arbok|Glare|p1a: Orthworm\n|-status|p1a: Orthworm|par\n|cant|p1a: Orthworm|par\n|\n|upkeep\n|turn|2\n|inactive|Time left: 300 sec this turn | 300 sec total\n|\n|t:|1783573385\n|switch|p2a: Raichu|Raichu-Alola, L87, M|246/246\n|move|p1a: Orthworm|Stealth Rock|p2a: Raichu\n|-sidestart|p2: p0y28987246|move: Stealth Rock\n|\n|upkeep\n|turn|3\n|inactive|Time left: 300 sec this turn | 300 sec total\n|\n|t:|1783573386\n|switch|p1a: Greedent|Greedent, L86, F|100/100\n|move|p2a: Raichu|Thunderbolt|p1a: Greedent\n|-damage|p1a: Greedent|56/100\n|\n|upkeep\n|turn|4\n|inactive|Time left: 300 sec this turn | 300 sec total\n|\n|t:|1783573387\n|move|p2a: Raichu|Thunderbolt|p1a: Greedent\n|-damage|p1a: Greedent|5/100\n|-enditem|p1a: Greedent|Sitrus Berry|[eat]\n|-heal|p1a: Greedent|30/100|[from] item: Sitrus Berry\n|-heal|p1a: Greedent|63/100|[from] ability: Cheek Pouch\n|move|p1a: Greedent|Knock Off|p2a: Raichu\n|-supereffective|p2a: Raichu\n|-damage|p2a: Raichu|44/246\n|-enditem|p2a: Raichu|Choice Specs|[from] move: Knock Off|[of] p1a: Greedent\n|\n|upkeep\n|turn|5\n|inactive|Time left: 300 sec this turn | 300 sec total\n|\n|t:|1783573389\n|move|p2a: Raichu|Thunderbolt|p1a: Greedent\n|-damage|p1a: Greedent|30/100\n|move|p1a: Greedent|Knock Off|p2a: Raichu\n|-supereffective|p2a: Raichu\n|-damage|p2a: Raichu|0 fnt\n|faint|p2a: Raichu\n|\n|upkeep\n|inactive|Time left: 300 sec this turn | 300 sec total | 5 sec grace\n|\n|t:|1783573389\n|switch|p2a: Passimian|Passimian, L83, M|302/302\n|-damage|p2a: Passimian|284/302|[from] Stealth Rock\n|turn|6\n|inactive|Time left: 300 sec this turn | 300 sec total\n|\n|t:|1783573390\n|move|p2a: Passimian|Drain Punch|p1a: Greedent\n|-supereffective|p1a: Greedent\n|-damage|p1a: Greedent|0 fnt\n|-heal|p2a: Passimian|302/302|[from] drain|[of] p1a: Greedent\n|faint|p1a: Greedent\n|\n|upkeep\n|\n|t:|1783573391\n|switch|p1a: Pelipper|Pelipper, L86, F|100/100\n|-weather|RainDance|[from] ability: Drizzle|[of] p1a: Pelipper\n|turn|7\n|inactive|Time left: 300 sec this turn | 300 sec total\n|\n|t:|1783573392\n|move|p2a: Passimian|Knock Off|p1a: Pelipper\n|-crit|p1a: Pelipper\n|-damage|p1a: Pelipper|53/100\n|-enditem|p1a: Pelipper|Heavy-Duty Boots|[from] move: Knock Off|[of] p2a: Passimian\n|move|p1a: Pelipper|Hurricane|p2a: Passimian\n|-supereffective|p2a: Passimian\n|-damage|p2a: Passimian|0 fnt\n|faint|p2a: Passimian\n|\n|-weather|RainDance|[upkeep]\n|upkeep\n|inactive|Time left: 300 sec this turn | 300 sec total | 5 sec grace\n|\n|t:|1783573393\n|switch|p2a: Komala|Komala, L87, M|255/255\n|-damage|p2a: Komala|224/255|[from] Stealth Rock\n|-ability|p2a: Komala|Comatose\n|turn|8\n|inactive|Time left: 300 sec this turn | 300 sec total\n|\n|t:|1783573394\n|move|p2a: Komala|Rapid Spin|p1a: Pelipper\n|-damage|p1a: Pelipper|29/100\n|-boost|p2a: Komala|spe|1\n|-sideend|p2: p0y28987246|Stealth Rock|[from] move: Rapid Spin|[of] p2a: Komala\n|move|p1a: Pelipper|Roost|p1a: Pelipper\n|-heal|p1a: Pelipper|80/100\n|-singleturn|p1a: Pelipper|move: Roost\n|\n|-weather|RainDance|[upkeep]\n|upkeep\n|turn|9\n|inactive|Time left: 300 sec this turn | 300 sec total\n|\n|t:|1783573394\n|move|p2a: Komala|Body Slam|p1a: Pelipper\n|-damage|p1a: Pelipper|38/100\n|move|p1a: Pelipper|Hurricane|p2a: Komala\n|-damage|p2a: Komala|151/255\n|-start|p2a: Komala|confusion\n|\n|-weather|RainDance|[upkeep]\n|upkeep\n|turn|10\n|inactive|Time left: 300 sec this turn | 300 sec total\n|\n|t:|1783573395\n|-activate|p2a: Komala|confusion\n|-damage|p2a: Komala|109/255|[from] confusion\n|move|p1a: Pelipper|Hydro Pump|p2a: Komala\n|-damage|p2a: Komala|1/255\n|\n|-weather|RainDance|[upkeep]\n|upkeep\n|turn|11\n|inactive|Time left: 300 sec this turn | 300 sec total\n|\n|t:|1783573396\n|-activate|p2a: Komala|confusion\n|-damage|p2a: Komala|0 fnt|[from] confusion\n|faint|p2a: Komala\n|move|p1a: Pelipper|Roost|p1a: Pelipper\n|-heal|p1a: Pelipper|88/100\n|-singleturn|p1a: Pelipper|move: Roost\n|\n|-weather|none\n|upkeep\n|inactive|Time left: 300 sec this turn | 300 sec total | 5 sec grace\n|\n|t:|1783573397\n|switch|p2a: Weavile|Weavile, L79, F|240/240\n|turn|12\n|inactive|Time left: 300 sec this turn | 300 sec total\n|\n|t:|1783573398\n|move|p2a: Weavile|Swords Dance|p2a: Weavile\n|-boost|p2a: Weavile|atk|2\n|move|p1a: Pelipper|U-turn|p2a: Weavile\n|-supereffective|p2a: Weavile\n|-damage|p2a: Weavile|152/240\n|\n|t:|1783573398\n|switch|p1a: Orthworm|Orthworm, L88, F|100/100 par|[from] U-turn\n|\n|upkeep\n|turn|13\n|inactive|Time left: 300 sec this turn | 300 sec total\n|\n|t:|1783573399\n|move|p2a: Weavile|Low Kick|p1a: Orthworm\n|-supereffective|p1a: Orthworm\n|-damage|p1a: Orthworm|22/100 par\n|move|p1a: Orthworm|Body Press|p2a: Weavile\n|-supereffective|p2a: Weavile\n|-damage|p2a: Weavile|0 fnt\n|faint|p2a: Weavile\n|\n|-heal|p1a: Orthworm|28/100 par|[from] item: Leftovers\n|upkeep\n|inactive|Time left: 300 sec this turn | 300 sec total | 5 sec grace\n|\n|t:|1783573400\n|switch|p2a: Kommo-o|Kommo-o, L77, M|242/242\n|turn|14\n|inactive|Time left: 300 sec this turn | 300 sec total\n|\n|t:|1783573401\n|move|p2a: Kommo-o|Swords Dance|p2a: Kommo-o\n|-boost|p2a: Kommo-o|atk|2\n|move|p1a: Orthworm|Heavy Slam|p2a: Kommo-o\n|-damage|p2a: Kommo-o|170/242\n|\n|-heal|p1a: Orthworm|34/100 par|[from] item: Leftovers\n|upkeep\n|turn|15\n|inactive|Time left: 300 sec this turn | 300 sec total\n|\n|t:|1783573402\n|move|p2a: Kommo-o|Scale Shot|p1a: Orthworm|[miss]\n|-miss|p2a: Kommo-o|p1a: Orthworm\n|move|p1a: Orthworm|Body Press|p2a: Kommo-o\n|-damage|p2a: Kommo-o|103/242\n|\n|-heal|p1a: Orthworm|40/100 par|[from] item: Leftovers\n|upkeep\n|turn|16\n|inactive|Time left: 300 sec this turn | 300 sec total\n|\n|t:|1783573403\n|move|p2a: Kommo-o|Swords Dance|p2a: Kommo-o\n|-boost|p2a: Kommo-o|atk|2\n|move|p1a: Orthworm|Body Press|p2a: Kommo-o\n|-damage|p2a: Kommo-o|27/242\n|\n|-heal|p1a: Orthworm|46/100 par|[from] item: Leftovers\n|upkeep\n|turn|17\n|inactive|Time left: 300 sec this turn | 300 sec total\n|\n|t:|1783573404\n|move|p2a: Kommo-o|Close Combat|p1a: Orthworm\n|-supereffective|p1a: Orthworm\n|-damage|p1a: Orthworm|0 fnt\n|-unboost|p2a: Kommo-o|def|1\n|-unboost|p2a: Kommo-o|spd|1\n|faint|p1a: Orthworm\n|\n|upkeep\n|\n|t:|1783573405\n|switch|p1a: Arceus|Arceus-Steel, L70|100/100\n|turn|18\n|inactive|Time left: 300 sec this turn | 300 sec total\n|\n|t:|1783573406\n|move|p1a: Arceus|Earthquake|p2a: Kommo-o\n|-damage|p2a: Kommo-o|0 fnt\n|faint|p2a: Kommo-o\n|\n|upkeep\n|inactive|Time left: 300 sec this turn | 300 sec total | 5 sec grace\n|\n|t:|1783573407\n|switch|p2a: Arbok|Arbok, L87, M|246/246\n|-ability|p2a: Arbok|Intimidate|boost\n|-unboost|p1a: Arceus|atk|1\n|turn|19\n|inactive|Time left: 300 sec this turn | 300 sec total\n|\n|t:|1783573408\n|move|p1a: Arceus|Judgment|p2a: Arbok\n|-damage|p2a: Arbok|129/246\n|move|p2a: Arbok|Glare|p1a: Arceus\n|-status|p1a: Arceus|par\n|\n|upkeep\n|turn|20\n|inactive|Time left: 300 sec this turn | 300 sec total\n|\n|t:|1783573409\n|move|p2a: Arbok|Earthquake|p1a: Arceus\n|-supereffective|p1a: Arceus\n|-damage|p1a: Arceus|39/100 par\n|-damage|p2a: Arbok|105/246|[from] item: Life Orb\n|move|p1a: Arceus|Judgment|p2a: Arbok\n|-damage|p2a: Arbok|2/246\n|\n|upkeep\n|turn|21\n|inactive|Time left: 300 sec this turn | 300 sec total\n|\n|t:|1783573410\n|-terastallize|p1a: Arceus|Ghost\n|move|p2a: Arbok|Glare|p1a: Arceus\n|-fail|p1a: Arceus|par\n|move|p1a: Arceus|Earthquake|p2a: Arbok\n|-supereffective|p2a: Arbok\n|-crit|p2a: Arbok\n|-damage|p2a: Arbok|0 fnt\n|faint|p2a: Arbok\n|\n|win|p0x289822ad", "uploadtime": 1783573410, "views": 0, "rating": 0, "private": 0, "password": null, "_winner": "p0x289822ad", "_our_name": "p0y28987246"}