{"id": "battle-gen9randombattle-1056", "formatid": "gen9randombattle", "format": "[Gen 9] Random Battle", "players": ["p0x1056edde", "p0y10565166"], "log": "|init|battle\n|title|p0x1056edde vs. p0y10565166\n|j|\u2606p0x1056edde\n|j|\u2606p0y10565166\n|t:|1783551423\n|gametype|singles\n|player|p1|p0x1056edde|1|\n|player|p2|p0y10565166|2|\n|gen|9\n|tier|[Gen 9] Random Battle\n|rule|Species Clause: Limit one of each Pok\u00e9mon\n|rule|HP Percentage Mod: HP is shown in percentages\n|rule|Sleep Clause Mod: Limit one foe put to sleep\n|rule|Illusion Level Mod: Illusion disguises the Pok\u00e9mon's true level\n|\n|t:|1783551423\n|teamsize|p1|6\n|teamsize|p2|6\n|start\n|switch|p1a: Metagross|Metagross, L79|256/256\n|switch|p2a: Samurott|Samurott, L88, F|100/100\n|turn|1\n|inactive|Battle timer is ON: inactive players will automatically lose when time's up. (requested by p0y10565166)\n|inactive|Time left: 300 sec this turn | 300 sec total | 60 sec grace\n|inactive|p0x1056edde also wants the timer to be on.\n|\n|t:|1783551424\n|switch|p1a: Conkeldurr|Conkeldurr, L80, F|299/299\n|move|p2a: Samurott|Hydro Pump|p1a: Conkeldurr|[miss]\n|-miss|p2a: Samurott|p1a: Conkeldurr\n|\n|-status|p1a: Conkeldurr|brn|[from] item: Flame Orb\n|upkeep\n|turn|2\n|inactive|Time left: 300 sec this turn | 300 sec total\n|\n|t:|1783551425\n|move|p2a: Samurott|Hydro Pump|p1a: Conkeldurr\n|-damage|p1a: Conkeldurr|104/299 brn\n|move|p1a: Conkeldurr|Facade|p2a: Samurott\n|-damage|p2a: Samurott|40/100\n|\n|-damage|p1a: Conkeldurr|86/299 brn|[from] brn\n|upkeep\n|turn|3\n|inactive|Time left: 300 sec this turn | 300 sec total\n|\n|t:|1783551427\n|switch|p1a: Masquerain|Masquerain, L87, F|264/264\n|-ability|p1a: Masquerain|Intimidate|boost\n|-unboost|p2a: Samurott|atk|1\n|move|p2a: Samurott|Hydro Pump|p1a: Masquerain\n|-damage|p1a: Masquerain|122/264\n|\n|upkeep\n|turn|4\n|inactive|Time left: 300 sec this turn | 300 sec total\n|\n|t:|1783551428\n|move|p1a: Masquerain|Quiver Dance|p1a: Masquerain\n|-boost|p1a: Masquerain|spa|1\n|-boost|p1a: Masquerain|spd|1\n|-boost|p1a: Masquerain|spe|1\n|move|p2a: Samurott|Hydro Pump|p1a: Masquerain\n|-damage|p1a: Masquerain|32/264\n|\n|upkeep\n|turn|5\n|inactive|Time left: 300 sec this turn | 300 sec total\n|\n|t:|1783551429\n|move|p2a: Samurott|Aqua Jet|p1a: Masquerain\n|-damage|p1a: Masquerain|0 fnt\n|faint|p1a: Masquerain\n|\n|upkeep\n|inactive|Time left: 300 sec this turn | 300 sec total | 5 sec grace\n|\n|t:|1783551431\n|switch|p1a: Pikachu|Pikachu-Original, L93, M|216/216\n|turn|6\n|inactive|Time left: 300 sec this turn | 300 sec total\n|\n|t:|1783551432\n|switch|p2a: Meganium|Meganium, L90, F|100/100\n|move|p1a: Pikachu|Volt Switch|p2a: Meganium\n|-resisted|p2a: Meganium\n|-damage|p2a: Meganium|84/100\n|inactive|Time left: 300 sec this turn | 300 sec total | 5 sec grace\n|\n|t:|1783551433\n|switch|p1a: Metagross|Metagross, L79|256/256|[from] Volt Switch\n|\n|-heal|p2a: Meganium|90/100|[from] item: Leftovers\n|upkeep\n|turn|7\n|inactive|Time left: 300 sec this turn | 300 sec total\n|\n|t:|1783551434\n|move|p2a: Meganium|Swords Dance|p2a: Meganium\n|-boost|p2a: Meganium|atk|2\n|move|p1a: Metagross|Heavy Slam|p2a: Meganium\n|-damage|p2a: Meganium|45/100\n|\n|-heal|p2a: Meganium|51/100|[from] item: Leftovers\n|upkeep\n|turn|8\n|inactive|Time left: 300 sec this turn | 300 sec total\n|\n|t:|1783551435\n|move|p2a: Meganium|Knock Off|p1a: Metagross\n|-supereffective|p1a: Metagross\n|-damage|p1a: Metagross|40/256\n|-enditem|p1a: Metagross|Leftovers|[from] move: Knock Off|[of] p2a: Meganium\n|move|p1a: Metagross|Heavy Slam|p2a: Meganium\n|-damage|p2a: Meganium|4/100\n|\n|-heal|p2a: Meganium|10/100|[from] item: Leftovers\n|upkeep\n|turn|9\n|inactive|Time left: 300 sec this turn | 300 sec total\n|\n|t:|1783551437\n|move|p2a: Meganium|Petal Blizzard|p1a: Metagross\n|-resisted|p1a: Metagross\n|-damage|p1a: Metagross|0 fnt\n|faint|p1a: Metagross\n|\n|-heal|p2a: Meganium|17/100|[from] item: Leftovers\n|upkeep\n|inactive|Time left: 300 sec this turn | 300 sec total | 5 sec grace\n|\n|t:|1783551438\n|switch|p1a: Meowstic|Meowstic-F, L89, F|277/277\n|turn|10\n|inactive|Time left: 300 sec this turn | 300 sec total\n|\n|t:|1783551439\n|-terastallize|p2a: Meganium|Steel\n|move|p1a: Meowstic|Dark Pulse|p2a: Meganium\n|-damage|p2a: Meganium|0 fnt\n|faint|p2a: Meganium\n|-damage|p1a: Meowstic|250/277|[from] item: Life Orb\n|\n|upkeep\n|\n|t:|1783551440\n|switch|p2a: Mamoswine|Mamoswine, L81, M|100/100\n|turn|11\n|inactive|Time left: 300 sec this turn | 300 sec total\n|\n|t:|1783551441\n|move|p1a: Meowstic|Nasty Plot|p1a: Meowstic\n|-boost|p1a: Meowstic|spa|2\n|move|p2a: Mamoswine|Earthquake|p1a: Meowstic\n|-damage|p1a: Meowstic|57/277\n|\n|upkeep\n|turn|12\n|inactive|Time left: 300 sec this turn | 300 sec total\n|\n|t:|1783551442\n|move|p1a: Meowstic|Psychic|p2a: Mamoswine\n|-damage|p2a: Mamoswine|0 fnt\n|faint|p2a: Mamoswine\n|-damage|p1a: Meowstic|30/277|[from] item: Life Orb\n|\n|upkeep\n|\n|t:|1783551443\n|switch|p2a: Spectrier|Spectrier, L75|100/100\n|turn|13\n|inactive|Time left: 300 sec this turn | 300 sec total\n|\n|t:|1783551444\n|move|p2a: Spectrier|Shadow Ball|p1a: Meowstic\n|-supereffective|p1a: Meowstic\n|-damage|p1a: Meowstic|0 fnt\n|faint|p1a: Meowstic\n|-ability|p2a: Spectrier|Grim Neigh|boost\n|-boost|p2a: Spectrier|spa|1\n|\n|upkeep\n|inactive|Time left: 300 sec this turn | 300 sec total | 5 sec grace\n|\n|t:|1783551445\n|switch|p1a: Haxorus|Haxorus, L77, M|244/244\n|-ability|p1a: Haxorus|Mold Breaker\n|turn|14\n|inactive|Time left: 300 sec this turn | 300 sec total\n|\n|t:|1783551446\n|move|p2a: Spectrier|Shadow Ball|p1a: Haxorus\n|-damage|p1a: Haxorus|60/244\n|move|p1a: Haxorus|Scale Shot|p2a: Spectrier\n|-damage|p2a: Spectrier|85/100\n|-damage|p2a: Spectrier|68/100\n|-damage|p2a: Spectrier|50/100\n|-damage|p2a: Spectrier|33/100\n|-damage|p2a: Spectrier|15/100\n|-hitcount|p2a: Spectrier|5\n|-unboost|p1a: Haxorus|def|1\n|-boost|p1a: Haxorus|spe|1\n|\n|-heal|p2a: Spectrier|22/100|[from] item: Leftovers\n|upkeep\n|turn|15\n|inactive|Time left: 300 sec this turn | 300 sec total\n|\n|t:|1783551447\n|move|p1a: Haxorus|Earthquake|p2a: Spectrier\n|-damage|p2a: Spectrier|0 fnt\n|faint|p2a: Spectrier\n|\n|upkeep\n|\n|t:|1783551448\n|switch|p2a: Giratina|Giratina-Origin, L72|100/100\n|turn|16\n|inactive|Time left: 300 sec this turn | 300 sec total\n|\n|t:|1783551449\n|move|p2a: Giratina|Shadow Sneak|p1a: Haxorus\n|-damage|p1a: Haxorus|0 fnt\n|faint|p1a: Haxorus\n|\n|upkeep\n|inactive|Time left: 300 sec this turn | 300 sec total | 5 sec grace\n|\n|t:|1783551450\n|switch|p1a: Pikachu|Pikachu-Original, L93, M|216/216\n|turn|17\n|inactive|Time left: 300 sec this turn | 300 sec total\n|\n|t:|1783551451\n|move|p1a: Pikachu|Play Rough|p2a: Giratina\n|-supereffective|p2a: Giratina\n|-damage|p2a: Giratina|38/100\n|move|p2a: Giratina|Poltergeist|p1a: Pikachu\n|-activate|p1a: Pikachu|move: Poltergeist|Light Ball\n|-damage|p1a: Pikachu|38/216\n|\n|upkeep\n|turn|18\n|inactive|Time left: 300 sec this turn | 300 sec total\n|\n|t:|1783551452\n|switch|p1a: Conkeldurr|Conkeldurr, L80, F|86/299 brn\n|move|p2a: Giratina|Shadow Sneak|p1a: Conkeldurr\n|-damage|p1a: Conkeldurr|40/299 brn\n|\n|-damage|p1a: Conkeldurr|22/299 brn|[from] brn\n|upkeep\n|turn|19\n|inactive|Time left: 300 sec this turn | 300 sec total\n|\n|t:|1783551453\n|move|p2a: Giratina|Draco Meteor|p1a: Conkeldurr\n|-damage|p1a: Conkeldurr|0 fnt\n|-unboost|p2a: Giratina|spa|2\n|faint|p1a: Conkeldurr\n|\n|upkeep\n|inactive|Time left: 300 sec this turn | 300 sec total | 5 sec grace\n|\n|t:|1783551453\n|switch|p1a: Pikachu|Pikachu-Original, L93, M|38/216\n|turn|20\n|inactive|Time left: 300 sec this turn | 300 sec total\n|\n|t:|1783551454\n|-terastallize|p1a: Pikachu|Water\n|move|p2a: Giratina|Shadow Sneak|p1a: Pikachu\n|-damage|p1a: Pikachu|0 fnt\n|faint|p1a: Pikachu\n|\n|win|p0y10565166", "uploadtime": 1783551454, "views": 0, "rating": 0, "private": 0, "password": null, "_winner": "p0y10565166", "_our_name": "p0x1056edde"}