{"id": "battle-gen9randombattle-1092", "formatid": "gen9randombattle", "format": "[Gen 9] Random Battle", "players": ["p0x10925b6d", "p0y10921459"], "log": "|init|battle\n|title|p0x10925b6d vs. p0y10921459\n|j|\u2606p0x10925b6d\n|j|\u2606p0y10921459\n|t:|1783551837\n|gametype|singles\n|player|p1|p0x10925b6d|266|\n|player|p2|p0y10921459|101|\n|gen|9\n|tier|[Gen 9] Random Battle\n|rule|Species Clause: Limit one of each Pok\u00e9mon\n|rule|HP Percentage Mod: HP is shown in percentages\n|rule|Sleep Clause Mod: Limit one foe put to sleep\n|rule|Illusion Level Mod: Illusion disguises the Pok\u00e9mon's true level\n|\n|t:|1783551837\n|teamsize|p1|6\n|teamsize|p2|6\n|start\n|switch|p1a: Volcarona|Volcarona, L77, F|100/100\n|switch|p2a: Chansey|Chansey, L85, F|564/564\n|turn|1\n|inactive|Battle timer is ON: inactive players will automatically lose when time's up. (requested by p0y10921459)\n|inactive|p0x10925b6d also wants the timer to be on.\n|\n|t:|1783551839\n|move|p1a: Volcarona|Quiver Dance|p1a: Volcarona\n|-boost|p1a: Volcarona|spa|1\n|-boost|p1a: Volcarona|spd|1\n|-boost|p1a: Volcarona|spe|1\n|move|p2a: Chansey|Stealth Rock|p1a: Volcarona\n|-sidestart|p1: p0x10925b6d|move: Stealth Rock\n|\n|upkeep\n|turn|2\n|inactive|Time left: 300 sec this turn | 300 sec total\n|\n|t:|1783551840\n|move|p1a: Volcarona|Quiver Dance|p1a: Volcarona\n|-boost|p1a: Volcarona|spa|1\n|-boost|p1a: Volcarona|spd|1\n|-boost|p1a: Volcarona|spe|1\n|move|p2a: Chansey|Seismic Toss|p1a: Volcarona\n|-damage|p1a: Volcarona|67/100\n|\n|upkeep\n|turn|3\n|inactive|Time left: 300 sec this turn | 300 sec total\n|\n|t:|1783551841\n|move|p1a: Volcarona|Quiver Dance|p1a: Volcarona\n|-boost|p1a: Volcarona|spa|1\n|-boost|p1a: Volcarona|spd|1\n|-boost|p1a: Volcarona|spe|1\n|move|p2a: Chansey|Seismic Toss|p1a: Volcarona\n|-damage|p1a: Volcarona|34/100\n|\n|upkeep\n|turn|4\n|inactive|Time left: 300 sec this turn | 300 sec total\n|\n|t:|1783551842\n|move|p1a: Volcarona|Bug Buzz|p2a: Chansey\n|-damage|p2a: Chansey|417/564\n|move|p2a: Chansey|Seismic Toss|p1a: Volcarona\n|-damage|p1a: Volcarona|1/100\n|\n|upkeep\n|turn|5\n|inactive|Time left: 300 sec this turn | 300 sec total\n|\n|t:|1783551844\n|move|p1a: Volcarona|Bug Buzz|p2a: Chansey\n|-damage|p2a: Chansey|194/564\n|move|p2a: Chansey|Seismic Toss|p1a: Volcarona\n|-damage|p1a: Volcarona|0 fnt\n|faint|p1a: Volcarona\n|\n|upkeep\n|\n|t:|1783551845\n|switch|p1a: Torterra|Torterra, L78, F|100/100\n|-damage|p1a: Torterra|94/100|[from] Stealth Rock\n|turn|6\n|inactive|Time left: 300 sec this turn | 300 sec total\n|\n|t:|1783551846\n|move|p2a: Chansey|Soft-Boiled|p2a: Chansey\n|-heal|p2a: Chansey|476/564\n|move|p1a: Torterra|Shell Smash|p1a: Torterra\n|-unboost|p1a: Torterra|def|1\n|-unboost|p1a: Torterra|spd|1\n|-boost|p1a: Torterra|atk|2\n|-boost|p1a: Torterra|spa|2\n|-boost|p1a: Torterra|spe|2\n|\n|upkeep\n|turn|7\n|inactive|Time left: 300 sec this turn | 300 sec total\n|\n|t:|1783551847\n|switch|p2a: Forretress|Forretress, L84, M|263/263\n|move|p1a: Torterra|Rock Blast|p2a: Forretress\n|-crit|p2a: Forretress\n|-damage|p2a: Forretress|226/263\n|-damage|p2a: Forretress|203/263\n|-damage|p2a: Forretress|178/263\n|-damage|p2a: Forretress|153/263\n|-hitcount|p2a: Forretress|4\n|\n|-heal|p2a: Forretress|169/263|[from] item: Leftovers\n|upkeep\n|turn|8\n|inactive|Time left: 300 sec this turn | 300 sec total\n|\n|t:|1783551848\n|move|p1a: Torterra|Headlong Rush|p2a: Forretress\n|-damage|p2a: Forretress|0 fnt\n|-unboost|p1a: Torterra|def|1\n|-unboost|p1a: Torterra|spd|1\n|faint|p2a: Forretress\n|\n|upkeep\n|inactive|Time left: 300 sec this turn | 300 sec total | 5 sec grace\n|\n|t:|1783551849\n|switch|p2a: Garchomp|Garchomp, L74, M|282/282\n|turn|9\n|inactive|Time left: 300 sec this turn | 300 sec total\n|\n|t:|1783551850\n|-terastallize|p1a: Torterra|Ground\n|move|p1a: Torterra|Headlong Rush|p2a: Garchomp\n|-damage|p2a: Garchomp|0 fnt\n|-unboost|p1a: Torterra|def|1\n|-unboost|p1a: Torterra|spd|1\n|-damage|p1a: Torterra|82/100|[from] ability: Rough Skin|[of] p2a: Garchomp\n|-damage|p1a: Torterra|65/100|[from] item: Rocky Helmet|[of] p2a: Garchomp\n|faint|p2a: Garchomp\n|\n|upkeep\n|inactive|Time left: 300 sec this turn | 300 sec total | 5 sec grace\n|\n|t:|1783551851\n|switch|p2a: Kingambit|Kingambit, L74, M|270/270\n|-activate|p2a: Kingambit|ability: Supreme Overlord\n|-start|p2a: Kingambit|fallen2|[silent]\n|turn|10\n|inactive|Time left: 300 sec this turn | 300 sec total\n|\n|t:|1783551852\n|move|p2a: Kingambit|Sucker Punch|p1a: Torterra\n|-damage|p1a: Torterra|0 fnt\n|faint|p1a: Torterra\n|\n|upkeep\n|\n|t:|1783551853\n|switch|p1a: Kyurem|Kyurem-White, L73|100/100\n|-damage|p1a: Kyurem|76/100|[from] Stealth Rock\n|-ability|p1a: Kyurem|Turboblaze\n|turn|11\n|inactive|Time left: 300 sec this turn | 300 sec total\n|\n|t:|1783551855\n|move|p1a: Kyurem|Fusion Flare|p2a: Kingambit\n|-supereffective|p2a: Kingambit\n|-damage|p2a: Kingambit|0 fnt\n|faint|p2a: Kingambit\n|-end|p2a: Kingambit|fallen2|[silent]\n|\n|upkeep\n|inactive|Time left: 300 sec this turn | 300 sec total | 5 sec grace\n|\n|t:|1783551856\n|switch|p2a: Oricorio|Oricorio, L84, F|263/263\n|turn|12\n|inactive|Time left: 300 sec this turn | 300 sec total\n|\n|t:|1783551857\n|switch|p1a: Qwilfish|Qwilfish, L86, M|100/100\n|-damage|p1a: Qwilfish|88/100|[from] Stealth Rock\n|-ability|p1a: Qwilfish|Intimidate|boost\n|-unboost|p2a: Oricorio|atk|1\n|move|p2a: Oricorio|Quiver Dance|p2a: Oricorio\n|-boost|p2a: Oricorio|spa|1\n|-boost|p2a: Oricorio|spd|1\n|-boost|p2a: Oricorio|spe|1\n|\n|-heal|p1a: Qwilfish|94/100|[from] item: Leftovers\n|upkeep\n|turn|13\n|inactive|Time left: 300 sec this turn | 300 sec total\n|\n|t:|1783551857\n|-terastallize|p2a: Oricorio|Ground\n|move|p2a: Oricorio|Revelation Dance|p1a: Qwilfish\n|-supereffective|p1a: Qwilfish\n|-damage|p1a: Qwilfish|0 fnt\n|faint|p1a: Qwilfish\n|\n|upkeep\n|\n|t:|1783551858\n|switch|p1a: Kyurem|Kyurem-White, L73|76/100\n|-damage|p1a: Kyurem|51/100|[from] Stealth Rock\n|-ability|p1a: Kyurem|Turboblaze\n|turn|14\n|inactive|Time left: 300 sec this turn | 300 sec total\n|\n|t:|1783551859\n|move|p2a: Oricorio|Hurricane|p1a: Kyurem|[miss]\n|-miss|p2a: Oricorio|p1a: Kyurem\n|move|p1a: Kyurem|Ice Beam|p2a: Oricorio\n|-supereffective|p2a: Oricorio\n|-damage|p2a: Oricorio|9/263\n|\n|upkeep\n|turn|15\n|inactive|Time left: 300 sec this turn | 300 sec total\n|\n|t:|1783551860\n|move|p2a: Oricorio|Hurricane|p1a: Kyurem\n|-crit|p1a: Kyurem\n|-damage|p1a: Kyurem|0 fnt\n|faint|p1a: Kyurem\n|\n|upkeep\n|\n|t:|1783551861\n|switch|p1a: Deoxys|Deoxys-Speed, L82|100/100\n|-damage|p1a: Deoxys|88/100|[from] Stealth Rock\n|-ability|p1a: Deoxys|Pressure\n|turn|16\n|inactive|Time left: 300 sec this turn | 300 sec total\n|\n|t:|1783551862\n|move|p1a: Deoxys|Knock Off|p2a: Oricorio\n|-damage|p2a: Oricorio|0 fnt\n|-enditem|p2a: Oricorio|Heavy-Duty Boots|[from] move: Knock Off|[of] p1a: Deoxys\n|faint|p2a: Oricorio\n|\n|-heal|p1a: Deoxys|94/100|[from] item: Leftovers\n|upkeep\n|inactive|Time left: 300 sec this turn | 300 sec total | 5 sec grace\n|\n|t:|1783551863\n|switch|p2a: Tatsugiri|Tatsugiri, L87, F|260/260\n|turn|17\n|inactive|Time left: 300 sec this turn | 300 sec total\n|\n|t:|1783551864\n|move|p1a: Deoxys|Knock Off|p2a: Tatsugiri\n|-damage|p2a: Tatsugiri|177/260\n|-enditem|p2a: Tatsugiri|Heavy-Duty Boots|[from] move: Knock Off|[of] p1a: Deoxys\n|move|p2a: Tatsugiri|Nasty Plot|p2a: Tatsugiri\n|-boost|p2a: Tatsugiri|spa|2\n|\n|-heal|p1a: Deoxys|99/100|[from] item: Leftovers\n|upkeep\n|turn|18\n|inactive|Time left: 300 sec this turn | 300 sec total\n|\n|t:|1783551866\n|move|p1a: Deoxys|Psycho Boost|p2a: Tatsugiri\n|-damage|p2a: Tatsugiri|42/260\n|-unboost|p1a: Deoxys|spa|2\n|move|p2a: Tatsugiri|Surf|p1a: Deoxys\n|-damage|p1a: Deoxys|0 fnt\n|faint|p1a: Deoxys\n|\n|upkeep\n|\n|t:|1783551867\n|switch|p1a: Shaymin|Shaymin, L82|100/100\n|-damage|p1a: Shaymin|88/100|[from] Stealth Rock\n|turn|19\n|inactive|Time left: 300 sec this turn | 300 sec total\n|\n|t:|1783551868\n|move|p1a: Shaymin|Air Slash|p2a: Tatsugiri\n|-damage|p2a: Tatsugiri|0 fnt\n|faint|p2a: Tatsugiri\n|\n|-heal|p1a: Shaymin|94/100|[from] item: Leftovers\n|upkeep\n|inactive|Time left: 300 sec this turn | 300 sec total | 5 sec grace\n|\n|t:|1783551868\n|switch|p2a: Chansey|Chansey, L85, F|476/564\n|turn|20\n|inactive|Time left: 300 sec this turn | 300 sec total\n|\n|t:|1783551869\n|move|p1a: Shaymin|Leech Seed|p2a: Chansey\n|-start|p2a: Chansey|move: Leech Seed\n|move|p2a: Chansey|Thunder Wave|p1a: Shaymin\n|-status|p1a: Shaymin|par\n|\n|-heal|p1a: Shaymin|99/100 par|[from] item: Leftovers\n|-damage|p2a: Chansey|406/564|[from] Leech Seed|[of] p1a: Shaymin\n|-heal|p1a: Shaymin|100/100 par|[silent]\n|upkeep\n|turn|21\n|inactive|Time left: 300 sec this turn | 300 sec total\n|\n|t:|1783551870\n|move|p2a: Chansey|Soft-Boiled|p2a: Chansey\n|-heal|p2a: Chansey|564/564\n|move|p1a: Shaymin|Substitute|p1a: Shaymin\n|-start|p1a: Shaymin|Substitute\n|-damage|p1a: Shaymin|76/100 par\n|\n|-heal|p1a: Shaymin|82/100 par|[from] item: Leftovers\n|-damage|p2a: Chansey|494/564|[from] Leech Seed|[of] p1a: Shaymin\n|-heal|p1a: Shaymin|100/100 par|[silent]\n|upkeep\n|turn|22\n|inactive|Time left: 300 sec this turn | 300 sec total\n|\n|t:|1783551871\n|move|p2a: Chansey|Soft-Boiled|p2a: Chansey\n|-heal|p2a: Chansey|564/564\n|move|p1a: Shaymin|Seed Flare|p2a: Chansey|[miss]\n|-miss|p1a: Shaymin|p2a: Chansey\n|\n|-damage|p2a: Chansey|494/564|[from] Leech Seed|[of] p1a: Shaymin\n|upkeep\n|turn|23\n|inactive|Time left: 300 sec this turn | 300 sec total\n|\n|t:|1783551872\n|move|p2a: Chansey|Soft-Boiled|p2a: Chansey\n|-heal|p2a: Chansey|564/564\n|move|p1a: Shaymin|Seed Flare|p2a: Chansey\n|-damage|p2a: Chansey|492/564\n|\n|-damage|p2a: Chansey|422/564|[from] Leech Seed|[of] p1a: Shaymin\n|upkeep\n|turn|24\n|inactive|Time left: 300 sec this turn | 300 sec total\n|\n|t:|1783551873\n|move|p2a: Chansey|Soft-Boiled|p2a: Chansey\n|-heal|p2a: Chansey|564/564\n|move|p1a: Shaymin|Seed Flare|p2a: Chansey\n|-damage|p2a: Chansey|486/564\n|\n|-damage|p2a: Chansey|416/564|[from] Leech Seed|[of] p1a: Shaymin\n|upkeep\n|turn|25\n|inactive|Time left: 300 sec this turn | 300 sec total\n|\n|t:|1783551874\n|move|p2a: Chansey|Soft-Boiled|p2a: Chansey\n|-heal|p2a: Chansey|564/564\n|move|p1a: Shaymin|Seed Flare|p2a: Chansey\n|-damage|p2a: Chansey|492/564\n|-unboost|p2a: Chansey|spd|2\n|\n|-damage|p2a: Chansey|422/564|[from] Leech Seed|[of] p1a: Shaymin\n|upkeep\n|turn|26\n|inactive|Time left: 300 sec this turn | 300 sec total\n|\n|t:|1783551875\n|move|p2a: Chansey|Soft-Boiled|p2a: Chansey\n|-heal|p2a: Chansey|564/564\n|move|p1a: Shaymin|Seed Flare|p2a: Chansey\n|-damage|p2a: Chansey|417/564\n|-unboost|p2a: Chansey|spd|2\n|\n|-damage|p2a: Chansey|347/564|[from] Leech Seed|[of] p1a: Shaymin\n|upkeep\n|turn|27\n|inactive|Time left: 300 sec this turn | 300 sec total\n|\n|t:|1783551876\n|move|p2a: Chansey|Soft-Boiled|p2a: Chansey\n|-heal|p2a: Chansey|564/564\n|move|p1a: Shaymin|Seed Flare|p2a: Chansey\n|-crit|p2a: Chansey\n|-damage|p2a: Chansey|221/564\n|\n|-damage|p2a: Chansey|151/564|[from] Leech Seed|[of] p1a: Shaymin\n|upkeep\n|turn|28\n|inactive|Time left: 300 sec this turn | 300 sec total\n|\n|t:|1783551877\n|move|p2a: Chansey|Stealth Rock||[still]\n|-fail|p2a: Chansey\n|move|p1a: Shaymin|Air Slash|p2a: Chansey\n|-damage|p2a: Chansey|68/564\n|\n|-damage|p2a: Chansey|0 fnt|[from] Leech Seed|[of] p1a: Shaymin\n|faint|p2a: Chansey\n|\n|win|p0x10925b6d", "uploadtime": 1783551877, "views": 0, "rating": 0, "private": 0, "password": null, "_winner": "p0x10925b6d", "_our_name": "p0y10921459"}