{"id": "battle-gen9randombattle-601", "formatid": "gen9randombattle", "format": "[Gen 9] Random Battle", "players": ["p0x6014948", "p0y601f49d"], "log": "|init|battle\n|title|p0x6014948 vs. p0y601f49d\n|j|\u2606p0x6014948\n|j|\u2606p0y601f49d\n|t:|1783546058\n|gametype|singles\n|player|p1|p0x6014948|2|\n|player|p2|p0y601f49d|1|\n|gen|9\n|tier|[Gen 9] Random Battle\n|rule|Species Clause: Limit one of each Pok\u00e9mon\n|rule|HP Percentage Mod: HP is shown in percentages\n|rule|Sleep Clause Mod: Limit one foe put to sleep\n|rule|Illusion Level Mod: Illusion disguises the Pok\u00e9mon's true level\n|\n|t:|1783546058\n|teamsize|p1|6\n|teamsize|p2|6\n|start\n|switch|p1a: Terapagos|Terapagos, L77, F|265/265\n|switch|p2a: Slowbro|Slowbro-Galar, L87, F|100/100\n|-activate|p1a: Terapagos|ability: Tera Shift\n|detailschange|p1a: Terapagos|Terapagos-Terastal, L77, F\n|-heal|p1a: Terapagos|273/273|[silent]\n|turn|1\n|inactive|Battle timer is ON: inactive players will automatically lose when time's up. (requested by p0x6014948)\n|inactive|p0y601f49d also wants the timer to be on.\n|\n|t:|1783546060\n|move|p1a: Terapagos|Calm Mind|p1a: Terapagos\n|-boost|p1a: Terapagos|spa|1\n|-boost|p1a: Terapagos|spd|1\n|move|p2a: Slowbro|Shell Side Arm|p1a: Terapagos|[anim] Shell Side Arm Physical\n|-activate|p1a: Terapagos|ability: Tera Shell\n|-resisted|p1a: Terapagos\n|-damage|p1a: Terapagos|224/273\n|-hint|Physical Shell Side Arm\n|\n|upkeep\n|turn|2\n|inactive|Time left: 300 sec this turn | 300 sec total\n|\n|t:|1783546061\n|move|p1a: Terapagos|Calm Mind|p1a: Terapagos\n|-boost|p1a: Terapagos|spa|1\n|-boost|p1a: Terapagos|spd|1\n|move|p2a: Slowbro|Shell Side Arm|p1a: Terapagos|[anim] Shell Side Arm Physical\n|-damage|p1a: Terapagos|124/273\n|-hint|Physical Shell Side Arm\n|\n|upkeep\n|turn|3\n|inactive|Time left: 300 sec this turn | 300 sec total\n|\n|t:|1783546062\n|move|p1a: Terapagos|Tera Starstorm|p2a: Slowbro\n|-damage|p2a: Slowbro|48/100\n|move|p2a: Slowbro|Psychic|p1a: Terapagos\n|-damage|p1a: Terapagos|76/273\n|\n|upkeep\n|turn|4\n|inactive|Time left: 300 sec this turn | 300 sec total\n|\n|t:|1783546063\n|switch|p2a: Blissey|Blissey, L85, F|100/100\n|move|p1a: Terapagos|Tera Starstorm|p2a: Blissey\n|-damage|p2a: Blissey|74/100\n|\n|-heal|p2a: Blissey|80/100|[from] item: Leftovers\n|upkeep\n|turn|5\n|inactive|Time left: 300 sec this turn | 300 sec total\n|\n|t:|1783546064\n|move|p1a: Terapagos|Rest|p1a: Terapagos\n|-status|p1a: Terapagos|slp|[from] move: Rest\n|-heal|p1a: Terapagos|273/273 slp|[silent]\n|-enditem|p1a: Terapagos|Chesto Berry|[eat]\n|-curestatus|p1a: Terapagos|slp|[msg]\n|move|p2a: Blissey|Seismic Toss|p1a: Terapagos\n|-damage|p1a: Terapagos|188/273\n|\n|-heal|p2a: Blissey|86/100|[from] item: Leftovers\n|upkeep\n|turn|6\n|inactive|Time left: 300 sec this turn | 300 sec total\n|\n|t:|1783546065\n|move|p1a: Terapagos|Tera Starstorm|p2a: Blissey\n|-damage|p2a: Blissey|59/100\n|move|p2a: Blissey|Thunder Wave|p1a: Terapagos\n|-status|p1a: Terapagos|par\n|\n|-heal|p2a: Blissey|66/100|[from] item: Leftovers\n|upkeep\n|turn|7\n|inactive|Time left: 300 sec this turn | 300 sec total\n|\n|t:|1783546067\n|move|p2a: Blissey|Seismic Toss|p1a: Terapagos\n|-damage|p1a: Terapagos|103/273 par\n|move|p1a: Terapagos|Tera Starstorm|p2a: Blissey\n|-damage|p2a: Blissey|37/100\n|\n|-heal|p2a: Blissey|43/100|[from] item: Leftovers\n|upkeep\n|turn|8\n|inactive|Time left: 300 sec this turn | 300 sec total\n|\n|t:|1783546068\n|move|p2a: Blissey|Soft-Boiled|p2a: Blissey\n|-heal|p2a: Blissey|93/100\n|move|p1a: Terapagos|Tera Starstorm|p2a: Blissey\n|-damage|p2a: Blissey|66/100\n|\n|-heal|p2a: Blissey|72/100|[from] item: Leftovers\n|upkeep\n|turn|9\n|inactive|Time left: 300 sec this turn | 300 sec total\n|\n|t:|1783546069\n|move|p2a: Blissey|Seismic Toss|p1a: Terapagos\n|-damage|p1a: Terapagos|18/273 par\n|move|p1a: Terapagos|Rest|p1a: Terapagos\n|-status|p1a: Terapagos|slp|[from] move: Rest\n|-heal|p1a: Terapagos|273/273 slp|[silent]\n|\n|-heal|p2a: Blissey|78/100|[from] item: Leftovers\n|upkeep\n|turn|10\n|inactive|Time left: 300 sec this turn | 300 sec total\n|\n|t:|1783546070\n|cant|p1a: Terapagos|slp\n|move|p2a: Blissey|Seismic Toss|p1a: Terapagos\n|-damage|p1a: Terapagos|188/273 slp\n|\n|-heal|p2a: Blissey|85/100|[from] item: Leftovers\n|upkeep\n|turn|11\n|inactive|Time left: 300 sec this turn | 300 sec total\n|\n|t:|1783546071\n|cant|p1a: Terapagos|slp\n|move|p2a: Blissey|Seismic Toss|p1a: Terapagos\n|-damage|p1a: Terapagos|103/273 slp\n|\n|-heal|p2a: Blissey|91/100|[from] item: Leftovers\n|upkeep\n|turn|12\n|inactive|Time left: 300 sec this turn | 300 sec total\n|\n|t:|1783546072\n|-curestatus|p1a: Terapagos|slp|[msg]\n|move|p1a: Terapagos|Tera Starstorm|p2a: Blissey\n|-damage|p2a: Blissey|64/100\n|move|p2a: Blissey|Seismic Toss|p1a: Terapagos\n|-damage|p1a: Terapagos|18/273\n|\n|-heal|p2a: Blissey|70/100|[from] item: Leftovers\n|upkeep\n|turn|13\n|inactive|Time left: 300 sec this turn | 300 sec total\n|\n|t:|1783546073\n|move|p1a: Terapagos|Rest|p1a: Terapagos\n|-status|p1a: Terapagos|slp|[from] move: Rest\n|-heal|p1a: Terapagos|273/273 slp|[silent]\n|move|p2a: Blissey|Seismic Toss|p1a: Terapagos\n|-damage|p1a: Terapagos|188/273 slp\n|\n|-heal|p2a: Blissey|77/100|[from] item: Leftovers\n|upkeep\n|turn|14\n|inactive|Time left: 300 sec this turn | 300 sec total\n|\n|t:|1783546074\n|switch|p2a: Bombirdier|Bombirdier, L85, M|100/100\n|cant|p1a: Terapagos|slp\n|\n|upkeep\n|turn|15\n|inactive|Time left: 300 sec this turn | 300 sec total\n|\n|t:|1783546076\n|move|p2a: Bombirdier|Brave Bird|p1a: Terapagos\n|-damage|p1a: Terapagos|55/273 slp\n|-damage|p2a: Bombirdier|83/100|[from] Recoil\n|cant|p1a: Terapagos|slp\n|\n|upkeep\n|turn|16\n|inactive|Time left: 300 sec this turn | 300 sec total\n|\n|t:|1783546077\n|move|p2a: Bombirdier|Brave Bird|p1a: Terapagos\n|-damage|p1a: Terapagos|0 fnt\n|faint|p1a: Terapagos\n|-damage|p2a: Bombirdier|76/100|[from] Recoil\n|\n|upkeep\n|inactive|Time left: 300 sec this turn | 300 sec total | 5 sec grace\n|\n|t:|1783546078\n|switch|p1a: Perrserker|Perrserker, L89, F|269/269\n|turn|17\n|inactive|Time left: 300 sec this turn | 300 sec total\n|\n|t:|1783546079\n|move|p2a: Bombirdier|Knock Off|p1a: Perrserker\n|-damage|p1a: Perrserker|173/269\n|-enditem|p1a: Perrserker|Choice Band|[from] move: Knock Off|[of] p2a: Bombirdier\n|move|p1a: Perrserker|Iron Head|p2a: Bombirdier\n|-damage|p2a: Bombirdier|19/100\n|\n|upkeep\n|turn|18\n|inactive|Time left: 300 sec this turn | 300 sec total\n|\n|t:|1783546080\n|move|p2a: Bombirdier|Stealth Rock|p1a: Perrserker\n|-sidestart|p1: p0x6014948|move: Stealth Rock\n|move|p1a: Perrserker|Knock Off|p2a: Bombirdier\n|-resisted|p2a: Bombirdier\n|-damage|p2a: Bombirdier|0 fnt\n|-enditem|p2a: Bombirdier|Heavy-Duty Boots|[from] move: Knock Off|[of] p1a: Perrserker\n|faint|p2a: Bombirdier\n|\n|upkeep\n|\n|t:|1783546081\n|switch|p2a: Kyogre|Kyogre, L71|100/100\n|-weather|RainDance|[from] ability: Drizzle|[of] p2a: Kyogre\n|turn|19\n|inactive|Time left: 300 sec this turn | 300 sec total\n|\n|t:|1783546081\n|move|p2a: Kyogre|Origin Pulse|p1a: Perrserker\n|-damage|p1a: Perrserker|0 fnt\n|faint|p1a: Perrserker\n|\n|-weather|RainDance|[upkeep]\n|upkeep\n|inactive|Time left: 300 sec this turn | 300 sec total | 5 sec grace\n|\n|t:|1783546082\n|switch|p1a: Serperior|Serperior, L79, M|248/248\n|-damage|p1a: Serperior|217/248|[from] Stealth Rock\n|turn|20\n|inactive|Time left: 300 sec this turn | 300 sec total\n|\n|t:|1783546083\n|move|p1a: Serperior|Leaf Storm|p2a: Kyogre\n|-supereffective|p2a: Kyogre\n|-damage|p2a: Kyogre|42/100\n|-boost|p1a: Serperior|spa|2\n|move|p2a: Kyogre|Ice Beam|p1a: Serperior\n|-supereffective|p1a: Serperior\n|-damage|p1a: Serperior|81/248\n|\n|-weather|RainDance|[upkeep]\n|-heal|p1a: Serperior|96/248|[from] item: Leftovers\n|-heal|p2a: Kyogre|48/100|[from] item: Leftovers\n|upkeep\n|turn|21\n|inactive|Time left: 300 sec this turn | 300 sec total\n|\n|t:|1783546084\n|switch|p2a: Slowbro|Slowbro-Galar, L87, F|82/100\n|move|p1a: Serperior|Leaf Storm|p2a: Slowbro|[miss]\n|-miss|p1a: Serperior|p2a: Slowbro\n|\n|-weather|RainDance|[upkeep]\n|-heal|p1a: Serperior|111/248|[from] item: Leftovers\n|upkeep\n|turn|22\n|inactive|Time left: 300 sec this turn | 300 sec total\n|\n|t:|1783546085\n|move|p1a: Serperior|Substitute|p1a: Serperior\n|-start|p1a: Serperior|Substitute\n|-damage|p1a: Serperior|49/248\n|move|p2a: Slowbro|Shell Side Arm|p1a: Serperior|[anim] Shell Side Arm Physical\n|-supereffective|p1a: Serperior\n|-end|p1a: Serperior|Substitute\n|-hint|Physical Shell Side Arm\n|\n|-weather|RainDance|[upkeep]\n|-heal|p1a: Serperior|64/248|[from] item: Leftovers\n|upkeep\n|turn|23\n|inactive|Time left: 300 sec this turn | 300 sec total\n|\n|t:|1783546086\n|move|p1a: Serperior|Substitute|p1a: Serperior\n|-start|p1a: Serperior|Substitute\n|-damage|p1a: Serperior|2/248\n|move|p2a: Slowbro|Shell Side Arm|p1a: Serperior|[anim] Shell Side Arm Physical\n|-supereffective|p1a: Serperior\n|-end|p1a: Serperior|Substitute\n|-hint|Physical Shell Side Arm\n|\n|-weather|none\n|-heal|p1a: Serperior|17/248|[from] item: Leftovers\n|upkeep\n|turn|24\n|inactive|Time left: 300 sec this turn | 300 sec total\n|\n|t:|1783546087\n|move|p1a: Serperior|Leech Seed|p2a: Slowbro\n|-start|p2a: Slowbro|move: Leech Seed\n|move|p2a: Slowbro|Foul Play|p1a: Serperior\n|-damage|p1a: Serperior|0 fnt\n|faint|p1a: Serperior\n|\n|upkeep\n|inactive|Time left: 300 sec this turn | 300 sec total | 5 sec grace\n|\n|t:|1783546088\n|switch|p1a: Vespiquen|Vespiquen, L99, F|299/299\n|-ability|p1a: Vespiquen|Pressure\n|turn|25\n|inactive|Time left: 300 sec this turn | 300 sec total\n|\n|t:|1783546089\n|switch|p2a: Pincurchin|Pincurchin, M|100/100\n|-fieldstart|move: Electric Terrain|[from] ability: Electric Surge|[of] p2a: Pincurchin\n|move|p1a: Vespiquen|Hurricane|p2a: Pincurchin\n|-resisted|p2a: Pincurchin\n|-damage|p2a: Pincurchin|78/100\n|\n|-heal|p2a: Pincurchin|85/100|[from] item: Leftovers\n|upkeep\n|turn|26\n|inactive|Time left: 300 sec this turn | 300 sec total\n|\n|t:|1783546090\n|move|p1a: Vespiquen|Toxic Spikes|p2a: Pincurchin\n|-sidestart|p2: p0y601f49d|move: Toxic Spikes\n|move|p2a: Pincurchin|Thunderbolt|p1a: Vespiquen\n|-supereffective|p1a: Vespiquen\n|-damage|p1a: Vespiquen|23/299\n|\n|-heal|p2a: Pincurchin|91/100|[from] item: Leftovers\n|upkeep\n|turn|27\n|inactive|Time left: 300 sec this turn | 300 sec total\n|\n|t:|1783546091\n|move|p1a: Vespiquen|Roost|p1a: Vespiquen\n|-heal|p1a: Vespiquen|173/299\n|-singleturn|p1a: Vespiquen|move: Roost\n|move|p2a: Pincurchin|Thunderbolt|p1a: Vespiquen\n|-damage|p1a: Vespiquen|43/299\n|\n|-heal|p2a: Pincurchin|97/100|[from] item: Leftovers\n|upkeep\n|turn|28\n|inactive|Time left: 300 sec this turn | 300 sec total\n|\n|t:|1783546092\n|move|p1a: Vespiquen|Roost|p1a: Vespiquen\n|-heal|p1a: Vespiquen|193/299\n|-singleturn|p1a: Vespiquen|move: Roost\n|move|p2a: Pincurchin|Thunderbolt|p1a: Vespiquen\n|-damage|p1a: Vespiquen|75/299\n|\n|-heal|p2a: Pincurchin|100/100|[from] item: Leftovers\n|upkeep\n|turn|29\n|inactive|Time left: 300 sec this turn | 300 sec total\n|\n|t:|1783546093\n|move|p1a: Vespiquen|Roost|p1a: Vespiquen\n|-heal|p1a: Vespiquen|225/299\n|-singleturn|p1a: Vespiquen|move: Roost\n|move|p2a: Pincurchin|Thunderbolt|p1a: Vespiquen\n|-damage|p1a: Vespiquen|93/299\n|\n|-fieldend|move: Electric Terrain\n|upkeep\n|turn|30\n|inactive|Time left: 300 sec this turn | 300 sec total\n|\n|t:|1783546094\n|move|p1a: Vespiquen|Roost|p1a: Vespiquen\n|-heal|p1a: Vespiquen|243/299\n|-singleturn|p1a: Vespiquen|move: Roost\n|move|p2a: Pincurchin|Thunderbolt|p1a: Vespiquen\n|-damage|p1a: Vespiquen|141/299\n|\n|upkeep\n|turn|31\n|inactive|Time left: 300 sec this turn | 300 sec total\n|\n|t:|1783546095\n|move|p1a: Vespiquen|Roost|p1a: Vespiquen\n|-heal|p1a: Vespiquen|291/299\n|-singleturn|p1a: Vespiquen|move: Roost\n|move|p2a: Pincurchin|Thunderbolt|p1a: Vespiquen\n|-damage|p1a: Vespiquen|185/299\n|\n|upkeep\n|turn|32\n|inactive|Time left: 300 sec this turn | 300 sec total\n|\n|t:|1783546096\n|move|p1a: Vespiquen|Roost|p1a: Vespiquen\n|-heal|p1a: Vespiquen|299/299\n|-singleturn|p1a: Vespiquen|move: Roost\n|move|p2a: Pincurchin|Thunderbolt|p1a: Vespiquen\n|-damage|p1a: Vespiquen|200/299\n|\n|upkeep\n|turn|33\n|inactive|Time left: 300 sec this turn | 300 sec total\n|\n|t:|1783546097\n|move|p1a: Vespiquen|Roost|p1a: Vespiquen\n|-heal|p1a: Vespiquen|299/299\n|-singleturn|p1a: Vespiquen|move: Roost\n|move|p2a: Pincurchin|Thunderbolt|p1a: Vespiquen\n|-damage|p1a: Vespiquen|200/299\n|\n|upkeep\n|turn|34\n|inactive|Time left: 300 sec this turn | 300 sec total\n|\n|t:|1783546098\n|move|p1a: Vespiquen|Roost|p1a: Vespiquen\n|-heal|p1a: Vespiquen|299/299\n|-singleturn|p1a: Vespiquen|move: Roost\n|move|p2a: Pincurchin|Thunderbolt|p1a: Vespiquen\n|-damage|p1a: Vespiquen|208/299\n|\n|upkeep\n|turn|35\n|inactive|Time left: 300 sec this turn | 300 sec total\n|\n|t:|1783546099\n|move|p1a: Vespiquen|Hurricane|p2a: Pincurchin|[miss]\n|-miss|p1a: Vespiquen|p2a: Pincurchin\n|move|p2a: Pincurchin|Thunderbolt|p1a: Vespiquen\n|-supereffective|p1a: Vespiquen\n|-damage|p1a: Vespiquen|10/299\n|\n|upkeep\n|turn|36\n|inactive|Time left: 300 sec this turn | 300 sec total\n|\n|t:|1783546101\n|move|p1a: Vespiquen|Hurricane|p2a: Pincurchin\n|-resisted|p2a: Pincurchin\n|-damage|p2a: Pincurchin|77/100\n|move|p2a: Pincurchin|Thunderbolt|p1a: Vespiquen\n|-supereffective|p1a: Vespiquen\n|-damage|p1a: Vespiquen|0 fnt\n|faint|p1a: Vespiquen\n|\n|-heal|p2a: Pincurchin|83/100|[from] item: Leftovers\n|upkeep\n|inactive|Time left: 300 sec this turn | 300 sec total | 5 sec grace\n|\n|t:|1783546102\n|switch|p1a: Dachsbun|Dachsbun, L92, M|254/254\n|-damage|p1a: Dachsbun|223/254|[from] Stealth Rock\n|turn|37\n|inactive|Time left: 300 sec this turn | 300 sec total\n|\n|t:|1783546103\n|move|p1a: Dachsbun|Protect|p1a: Dachsbun\n|-singleturn|p1a: Dachsbun|Protect\n|move|p2a: Pincurchin|Thunderbolt|p1a: Dachsbun\n|-activate|p1a: Dachsbun|move: Protect\n|\n|-heal|p1a: Dachsbun|238/254|[from] item: Leftovers\n|-heal|p2a: Pincurchin|89/100|[from] item: Leftovers\n|upkeep\n|turn|38\n|inactive|Time left: 300 sec this turn | 300 sec total\n|\n|t:|1783546104\n|switch|p2a: Slowbro|Slowbro-Galar, L87, F|100/100\n|-sideend|p2: p0y601f49d|move: Toxic Spikes|[of] p2a: Slowbro\n|move|p1a: Dachsbun|Yawn|p2a: Slowbro\n|-start|p2a: Slowbro|move: Yawn|[of] p1a: Dachsbun\n|\n|-heal|p1a: Dachsbun|253/254|[from] item: Leftovers\n|upkeep\n|turn|39\n|inactive|Time left: 300 sec this turn | 300 sec total\n|\n|t:|1783546105\n|switch|p2a: Pincurchin|Pincurchin, M|89/100\n|-fieldstart|move: Electric Terrain|[from] ability: Electric Surge|[of] p2a: Pincurchin\n|move|p1a: Dachsbun|Play Rough|p2a: Pincurchin\n|-damage|p2a: Pincurchin|58/100\n|\n|-heal|p1a: Dachsbun|254/254|[from] item: Leftovers\n|-heal|p2a: Pincurchin|64/100|[from] item: Leftovers\n|upkeep\n|turn|40\n|inactive|Time left: 300 sec this turn | 300 sec total\n|\n|t:|1783546106\n|move|p1a: Dachsbun|Play Rough|p2a: Pincurchin\n|-damage|p2a: Pincurchin|33/100\n|move|p2a: Pincurchin|Thunderbolt|p1a: Dachsbun\n|-damage|p1a: Dachsbun|85/254\n|\n|-heal|p1a: Dachsbun|100/254|[from] item: Leftovers\n|-heal|p2a: Pincurchin|40/100|[from] item: Leftovers\n|upkeep\n|turn|41\n|inactive|Time left: 300 sec this turn | 300 sec total\n|\n|t:|1783546107\n|move|p1a: Dachsbun|Play Rough|p2a: Pincurchin\n|-damage|p2a: Pincurchin|8/100\n|move|p2a: Pincurchin|Recover|p2a: Pincurchin\n|-heal|p2a: Pincurchin|58/100\n|\n|-heal|p1a: Dachsbun|115/254|[from] item: Leftovers\n|-heal|p2a: Pincurchin|64/100|[from] item: Leftovers\n|upkeep\n|turn|42\n|inactive|Time left: 300 sec this turn | 300 sec total\n|\n|t:|1783546108\n|move|p1a: Dachsbun|Wish|p1a: Dachsbun\n|move|p2a: Pincurchin|Scald|p1a: Dachsbun\n|-damage|p1a: Dachsbun|46/254\n|\n|-heal|p1a: Dachsbun|61/254|[from] item: Leftovers\n|-heal|p2a: Pincurchin|70/100|[from] item: Leftovers\n|upkeep\n|turn|43\n|inactive|Time left: 300 sec this turn | 300 sec total\n|\n|t:|1783546109\n|move|p1a: Dachsbun|Protect|p1a: Dachsbun\n|-singleturn|p1a: Dachsbun|Protect\n|move|p2a: Pincurchin|Scald|p1a: Dachsbun\n|-activate|p1a: Dachsbun|move: Protect\n|\n|-heal|p1a: Dachsbun|188/254|[from] move: Wish|[wisher] Dachsbun\n|-heal|p1a: Dachsbun|203/254|[from] item: Leftovers\n|-heal|p2a: Pincurchin|76/100|[from] item: Leftovers\n|-fieldend|move: Electric Terrain\n|upkeep\n|turn|44\n|inactive|Time left: 300 sec this turn | 300 sec total\n|\n|t:|1783546110\n|move|p1a: Dachsbun|Play Rough|p2a: Pincurchin\n|-damage|p2a: Pincurchin|47/100\n|move|p2a: Pincurchin|Scald|p1a: Dachsbun\n|-damage|p1a: Dachsbun|128/254\n|\n|-heal|p1a: Dachsbun|143/254|[from] item: Leftovers\n|-heal|p2a: Pincurchin|53/100|[from] item: Leftovers\n|upkeep\n|turn|45\n|inactive|Time left: 300 sec this turn | 300 sec total\n|\n|t:|1783546112\n|move|p1a: Dachsbun|Play Rough|p2a: Pincurchin\n|-damage|p2a: Pincurchin|24/100\n|move|p2a: Pincurchin|Recover|p2a: Pincurchin\n|-heal|p2a: Pincurchin|74/100\n|\n|-heal|p1a: Dachsbun|158/254|[from] item: Leftovers\n|-heal|p2a: Pincurchin|80/100|[from] item: Leftovers\n|upkeep\n|turn|46\n|inactive|Time left: 300 sec this turn | 300 sec total\n|\n|t:|1783546113\n|move|p1a: Dachsbun|Wish|p1a: Dachsbun\n|move|p2a: Pincurchin|Scald|p1a: Dachsbun\n|-damage|p1a: Dachsbun|79/254\n|\n|-heal|p1a: Dachsbun|94/254|[from] item: Leftovers\n|-heal|p2a: Pincurchin|87/100|[from] item: Leftovers\n|upkeep\n|turn|47\n|inactive|Time left: 300 sec this turn | 300 sec total\n|\n|t:|1783546114\n|move|p1a: Dachsbun|Protect|p1a: Dachsbun\n|-singleturn|p1a: Dachsbun|Protect\n|move|p2a: Pincurchin|Scald|p1a: Dachsbun\n|-activate|p1a: Dachsbun|move: Protect\n|\n|-heal|p1a: Dachsbun|221/254|[from] move: Wish|[wisher] Dachsbun\n|-heal|p1a: Dachsbun|236/254|[from] item: Leftovers\n|-heal|p2a: Pincurchin|93/100|[from] item: Leftovers\n|upkeep\n|turn|48\n|inactive|Time left: 300 sec this turn | 300 sec total\n|\n|t:|1783546115\n|move|p1a: Dachsbun|Play Rough|p2a: Pincurchin\n|-damage|p2a: Pincurchin|63/100\n|move|p2a: Pincurchin|Scald|p1a: Dachsbun\n|-damage|p1a: Dachsbun|166/254\n|\n|-heal|p1a: Dachsbun|181/254|[from] item: Leftovers\n|-heal|p2a: Pincurchin|69/100|[from] item: Leftovers\n|upkeep\n|turn|49\n|inactive|Time left: 300 sec this turn | 300 sec total\n|\n|t:|1783546116\n|move|p1a: Dachsbun|Play Rough|p2a: Pincurchin\n|-damage|p2a: Pincurchin|37/100\n|move|p2a: Pincurchin|Recover|p2a: Pincurchin\n|-heal|p2a: Pincurchin|87/100\n|\n|-heal|p1a: Dachsbun|196/254|[from] item: Leftovers\n|-heal|p2a: Pincurchin|93/100|[from] item: Leftovers\n|upkeep\n|turn|50\n|inactive|Time left: 300 sec this turn | 300 sec total\n|\n|t:|1783546117\n|move|p1a: Dachsbun|Wish|p1a: Dachsbun\n|move|p2a: Pincurchin|Scald|p1a: Dachsbun\n|-damage|p1a: Dachsbun|119/254\n|\n|-heal|p1a: Dachsbun|134/254|[from] item: Leftovers\n|-heal|p2a: Pincurchin|99/100|[from] item: Leftovers\n|upkeep\n|turn|51\n|inactive|Time left: 300 sec this turn | 300 sec total\n|\n|t:|1783546118\n|move|p1a: Dachsbun|Play Rough|p2a: Pincurchin\n|-damage|p2a: Pincurchin|70/100\n|move|p2a: Pincurchin|Scald|p1a: Dachsbun\n|-damage|p1a: Dachsbun|56/254\n|-status|p1a: Dachsbun|brn\n|\n|-heal|p1a: Dachsbun|183/254 brn|[from] move: Wish|[wisher] Dachsbun\n|-heal|p1a: Dachsbun|198/254 brn|[from] item: Leftovers\n|-heal|p2a: Pincurchin|76/100|[from] item: Leftovers\n|-damage|p1a: Dachsbun|183/254 brn|[from] brn\n|upkeep\n|turn|52\n|inactive|Time left: 300 sec this turn | 300 sec total\n|\n|t:|1783546119\n|move|p1a: Dachsbun|Wish|p1a: Dachsbun\n|move|p2a: Pincurchin|Toxic Spikes|p1a: Dachsbun\n|-sidestart|p1: p0x6014948|move: Toxic Spikes\n|\n|-heal|p1a: Dachsbun|198/254 brn|[from] item: Leftovers\n|-heal|p2a: Pincurchin|82/100|[from] item: Leftovers\n|-damage|p1a: Dachsbun|183/254 brn|[from] brn\n|upkeep\n|turn|53\n|inactive|Time left: 300 sec this turn | 300 sec total\n|\n|t:|1783546120\n|move|p1a: Dachsbun|Yawn|p2a: Pincurchin\n|-start|p2a: Pincurchin|move: Yawn|[of] p1a: Dachsbun\n|move|p2a: Pincurchin|Recover|p2a: Pincurchin\n|-heal|p2a: Pincurchin|100/100\n|\n|-heal|p1a: Dachsbun|254/254 brn|[from] move: Wish|[wisher] Dachsbun\n|-damage|p1a: Dachsbun|239/254 brn|[from] brn\n|upkeep\n|turn|54\n|inactive|Time left: 300 sec this turn | 300 sec total\n|\n|t:|1783546121\n|switch|p2a: Kyogre|Kyogre, L71|48/100\n|-weather|RainDance|[from] ability: Drizzle|[of] p2a: Kyogre\n|move|p1a: Dachsbun|Yawn|p2a: Kyogre\n|-start|p2a: Kyogre|move: Yawn|[of] p1a: Dachsbun\n|\n|-weather|RainDance|[upkeep]\n|-heal|p1a: Dachsbun|254/254 brn|[from] item: Leftovers\n|-heal|p2a: Kyogre|54/100|[from] item: Leftovers\n|-damage|p1a: Dachsbun|239/254 brn|[from] brn\n|upkeep\n|turn|55\n|inactive|Time left: 300 sec this turn | 300 sec total\n|\n|t:|1783546122\n|switch|p2a: Blissey|Blissey, L85, F|77/100\n|move|p1a: Dachsbun|Wish|p1a: Dachsbun\n|\n|-weather|RainDance|[upkeep]\n|-heal|p1a: Dachsbun|254/254 brn|[from] item: Leftovers\n|-heal|p2a: Blissey|83/100|[from] item: Leftovers\n|-damage|p1a: Dachsbun|239/254 brn|[from] brn\n|upkeep\n|turn|56\n|inactive|Time left: 300 sec this turn | 300 sec total\n|\n|t:|1783546123\n|move|p1a: Dachsbun|Play Rough|p2a: Blissey\n|-damage|p2a: Blissey|59/100\n|move|p2a: Blissey|Soft-Boiled|p2a: Blissey\n|-heal|p2a: Blissey|100/100\n|\n|-weather|RainDance|[upkeep]\n|-heal|p1a: Dachsbun|254/254 brn|[from] move: Wish|[wisher] Dachsbun\n|-damage|p1a: Dachsbun|239/254 brn|[from] brn\n|upkeep\n|turn|57\n|inactive|Time left: 300 sec this turn | 300 sec total\n|\n|t:|1783546124\n|switch|p2a: Kyogre|Kyogre, L71|54/100\n|move|p1a: Dachsbun|Wish|p1a: Dachsbun\n|\n|-weather|RainDance|[upkeep]\n|-heal|p1a: Dachsbun|254/254 brn|[from] item: Leftovers\n|-heal|p2a: Kyogre|60/100|[from] item: Leftovers\n|-damage|p1a: Dachsbun|239/254 brn|[from] brn\n|upkeep\n|turn|58\n|inactive|Time left: 300 sec this turn | 300 sec total\n|\n|t:|1783546125\n|move|p1a: Dachsbun|Yawn|p2a: Kyogre\n|-start|p2a: Kyogre|move: Yawn|[of] p1a: Dachsbun\n|move|p2a: Kyogre|Calm Mind|p2a: Kyogre\n|-boost|p2a: Kyogre|spa|1\n|-boost|p2a: Kyogre|spd|1\n|\n|-weather|none\n|-heal|p1a: Dachsbun|254/254 brn|[from] move: Wish|[wisher] Dachsbun\n|-heal|p2a: Kyogre|67/100|[from] item: Leftovers\n|-damage|p1a: Dachsbun|239/254 brn|[from] brn\n|upkeep\n|turn|59\n|inactive|Time left: 300 sec this turn | 300 sec total\n|\n|t:|1783546126\n|move|p1a: Dachsbun|Play Rough|p2a: Kyogre\n|-damage|p2a: Kyogre|45/100\n|move|p2a: Kyogre|Origin Pulse|p1a: Dachsbun\n|-damage|p1a: Dachsbun|70/254 brn\n|\n|-heal|p1a: Dachsbun|85/254 brn|[from] item: Leftovers\n|-heal|p2a: Kyogre|51/100|[from] item: Leftovers\n|-damage|p1a: Dachsbun|70/254 brn|[from] brn\n|-end|p2a: Kyogre|move: Yawn|[silent]\n|-status|p2a: Kyogre|slp\n|upkeep\n|turn|60\n|inactive|Time left: 300 sec this turn | 300 sec total\n|\n|t:|1783546127\n|move|p1a: Dachsbun|Wish|p1a: Dachsbun\n|cant|p2a: Kyogre|slp\n|\n|-heal|p1a: Dachsbun|85/254 brn|[from] item: Leftovers\n|-heal|p2a: Kyogre|57/100 slp|[from] item: Leftovers\n|-damage|p1a: Dachsbun|70/254 brn|[from] brn\n|upkeep\n|turn|61\n|inactive|Time left: 300 sec this turn | 300 sec total\n|\n|t:|1783546128\n|move|p1a: Dachsbun|Play Rough|p2a: Kyogre|[miss]\n|-miss|p1a: Dachsbun|p2a: Kyogre\n|cant|p2a: Kyogre|slp\n|\n|-heal|p1a: Dachsbun|197/254 brn|[from] move: Wish|[wisher] Dachsbun\n|-heal|p1a: Dachsbun|212/254 brn|[from] item: Leftovers\n|-heal|p2a: Kyogre|63/100 slp|[from] item: Leftovers\n|-damage|p1a: Dachsbun|197/254 brn|[from] brn\n|upkeep\n|turn|62\n|inactive|Time left: 300 sec this turn | 300 sec total\n|\n|t:|1783546128\n|move|p1a: Dachsbun|Wish|p1a: Dachsbun\n|cant|p2a: Kyogre|slp\n|\n|-heal|p1a: Dachsbun|212/254 brn|[from] item: Leftovers\n|-heal|p2a: Kyogre|69/100 slp|[from] item: Leftovers\n|-damage|p1a: Dachsbun|197/254 brn|[from] brn\n|upkeep\n|turn|63\n|inactive|Time left: 300 sec this turn | 300 sec total\n|\n|t:|1783546129\n|move|p1a: Dachsbun|Play Rough|p2a: Kyogre\n|-damage|p2a: Kyogre|48/100 slp\n|-curestatus|p2a: Kyogre|slp|[msg]\n|move|p2a: Kyogre|Calm Mind|p2a: Kyogre\n|-boost|p2a: Kyogre|spa|1\n|-boost|p2a: Kyogre|spd|1\n|\n|-heal|p1a: Dachsbun|254/254 brn|[from] move: Wish|[wisher] Dachsbun\n|-heal|p2a: Kyogre|55/100|[from] item: Leftovers\n|-damage|p1a: Dachsbun|239/254 brn|[from] brn\n|upkeep\n|turn|64\n|inactive|Time left: 300 sec this turn | 300 sec total\n|\n|t:|1783546130\n|move|p1a: Dachsbun|Play Rough|p2a: Kyogre\n|-damage|p2a: Kyogre|33/100\n|move|p2a: Kyogre|Origin Pulse|p1a: Dachsbun\n|-damage|p1a: Dachsbun|0 fnt\n|faint|p1a: Dachsbun\n|\n|-heal|p2a: Kyogre|39/100|[from] item: Leftovers\n|upkeep\n|inactive|Time left: 300 sec this turn | 300 sec total | 5 sec grace\n|\n|t:|1783546131\n|switch|p1a: Greninja|Greninja, L80, M|246/246\n|-damage|p1a: Greninja|216/246|[from] Stealth Rock\n|-status|p1a: Greninja|psn\n|turn|65\n|inactive|Time left: 300 sec this turn | 300 sec total\n|\n|t:|1783546132\n|move|p1a: Greninja|Dark Pulse|p2a: Kyogre\n|-damage|p2a: Kyogre|20/100\n|-damage|p1a: Greninja|192/246 psn|[from] item: Life Orb\n|cant|p2a: Kyogre|flinch\n|\n|-heal|p2a: Kyogre|26/100|[from] item: Leftovers\n|-damage|p1a: Greninja|162/246 psn|[from] psn\n|upkeep\n|turn|66\n|inactive|Time left: 300 sec this turn | 300 sec total\n|\n|t:|1783546133\n|-terastallize|p2a: Kyogre|Electric\n|move|p1a: Greninja|Gunk Shot|p2a: Kyogre|[miss]\n|-miss|p1a: Greninja|p2a: Kyogre\n|move|p2a: Kyogre|Ice Beam|p1a: Greninja\n|-resisted|p1a: Greninja\n|-damage|p1a: Greninja|77/246 psn\n|\n|-heal|p2a: Kyogre|33/100|[from] item: Leftovers\n|-damage|p1a: Greninja|47/246 psn|[from] psn\n|upkeep\n|turn|67\n|inactive|Time left: 300 sec this turn | 300 sec total\n|\n|t:|1783546134\n|-terastallize|p1a: Greninja|Water\n|move|p1a: Greninja|Ice Beam|p2a: Kyogre\n|-damage|p2a: Kyogre|20/100\n|-damage|p1a: Greninja|23/246 psn|[from] item: Life Orb\n|move|p2a: Kyogre|Ice Beam|p1a: Greninja\n|-resisted|p1a: Greninja\n|-damage|p1a: Greninja|0 fnt\n|faint|p1a: Greninja\n|\n|win|p0y601f49d", "uploadtime": 1783546134, "views": 0, "rating": 0, "private": 0, "password": null, "_winner": "p0y601f49d", "_our_name": "p0x6014948"}