{"id": "battle-gen9randombattle-1939", "formatid": "gen9randombattle", "format": "[Gen 9] Random Battle", "players": ["p0x1939f3a5", "p0y19390898"], "log": "|init|battle\n|title|p0x1939f3a5 vs. p0y19390898\n|j|\u2606p0x1939f3a5\n|j|\u2606p0y19390898\n|t:|1783561710\n|gametype|singles\n|player|p1|p0x1939f3a5|102|\n|player|p2|p0y19390898|265|\n|gen|9\n|tier|[Gen 9] Random Battle\n|rule|Species Clause: Limit one of each Pok\u00e9mon\n|rule|HP Percentage Mod: HP is shown in percentages\n|rule|Sleep Clause Mod: Limit one foe put to sleep\n|rule|Illusion Level Mod: Illusion disguises the Pok\u00e9mon's true level\n|\n|t:|1783561710\n|teamsize|p1|6\n|teamsize|p2|6\n|start\n|switch|p1a: Iron Bundle|Iron Bundle, L78|215/215\n|switch|p2a: Weezing|Weezing-Galar, L86, M|100/100\n|turn|1\n|inactive|Battle timer is ON: inactive players will automatically lose when time's up. (requested by p0y19390898)\n|inactive|Time left: 300 sec this turn | 300 sec total | 60 sec grace\n|inactive|p0x1939f3a5 also wants the timer to be on.\n|\n|t:|1783561712\n|move|p1a: Iron Bundle|Hydro Pump|p2a: Weezing\n|-damage|p2a: Weezing|46/100\n|move|p2a: Weezing|Gunk Shot|p1a: Iron Bundle|[miss]\n|-miss|p2a: Weezing|p1a: Iron Bundle\n|\n|-heal|p2a: Weezing|52/100|[from] item: Leftovers\n|upkeep\n|turn|2\n|inactive|Time left: 300 sec this turn | 300 sec total\n|\n|t:|1783561713\n|move|p1a: Iron Bundle|Hydro Pump|p2a: Weezing\n|-damage|p2a: Weezing|0 fnt\n|faint|p2a: Weezing\n|\n|upkeep\n|\n|t:|1783561714\n|switch|p2a: Kricketune|Kricketune, L99, F|100/100\n|turn|3\n|inactive|Time left: 300 sec this turn | 300 sec total\n|\n|t:|1783561715\n|move|p1a: Iron Bundle|Ice Beam|p2a: Kricketune\n|-damage|p2a: Kricketune|60/100\n|move|p2a: Kricketune|Sticky Web|p1a: Iron Bundle\n|-sidestart|p1: p0x1939f3a5|move: Sticky Web\n|\n|upkeep\n|turn|4\n|inactive|Time left: 300 sec this turn | 300 sec total\n|\n|t:|1783561716\n|move|p1a: Iron Bundle|Ice Beam|p2a: Kricketune\n|-damage|p2a: Kricketune|21/100\n|move|p2a: Kricketune|Pounce|p1a: Iron Bundle\n|-damage|p1a: Iron Bundle|130/215\n|-unboost|p1a: Iron Bundle|spe|1\n|\n|upkeep\n|turn|5\n|inactive|Time left: 300 sec this turn | 300 sec total\n|\n|t:|1783561717\n|-end|p1a: Iron Bundle|Quark Drive|[silent]\n|switch|p1a: Lurantis|Lurantis, L87, M|264/264\n|-activate|p1a: Lurantis|move: Sticky Web\n|-boost|p1a: Lurantis|spe|1\n|move|p2a: Kricketune|Pounce|p1a: Lurantis\n|-supereffective|p1a: Lurantis\n|-damage|p1a: Lurantis|88/264\n|-boost|p1a: Lurantis|spe|1\n|\n|upkeep\n|turn|6\n|inactive|Time left: 300 sec this turn | 300 sec total\n|\n|t:|1783561718\n|switch|p2a: Orthworm|Orthworm, L88, F|100/100\n|move|p1a: Lurantis|Leaf Storm|p2a: Orthworm|[miss]\n|-miss|p1a: Lurantis|p2a: Orthworm\n|\n|upkeep\n|turn|7\n|inactive|Time left: 300 sec this turn | 300 sec total\n|\n|t:|1783561719\n|-terastallize|p2a: Orthworm|Fighting\n|move|p1a: Lurantis|Superpower|p2a: Orthworm\n|-damage|p2a: Orthworm|78/100\n|-boost|p1a: Lurantis|atk|1\n|-boost|p1a: Lurantis|def|1\n|move|p2a: Orthworm|Body Press|p1a: Lurantis\n|-damage|p1a: Lurantis|12/264\n|\n|-heal|p2a: Orthworm|84/100|[from] item: Leftovers\n|upkeep\n|turn|8\n|inactive|Time left: 300 sec this turn | 300 sec total\n|\n|t:|1783561720\n|move|p1a: Lurantis|Leaf Storm|p2a: Orthworm\n|-damage|p2a: Orthworm|16/100\n|-boost|p1a: Lurantis|spa|2\n|move|p2a: Orthworm|Heavy Slam|p1a: Lurantis\n|-damage|p1a: Lurantis|0 fnt\n|faint|p1a: Lurantis\n|\n|-heal|p2a: Orthworm|22/100|[from] item: Leftovers\n|upkeep\n|inactive|Time left: 300 sec this turn | 300 sec total | 5 sec grace\n|\n|t:|1783561721\n|switch|p1a: Iron Bundle|Iron Bundle, L78|130/215\n|turn|9\n|inactive|Time left: 300 sec this turn | 300 sec total\n|\n|t:|1783561722\n|switch|p2a: Mew|Mew, L82|100/100\n|move|p1a: Iron Bundle|Ice Beam|p2a: Mew\n|-damage|p2a: Mew|66/100\n|\n|upkeep\n|turn|10\n|inactive|Time left: 300 sec this turn | 300 sec total\n|\n|t:|1783561723\n|move|p1a: Iron Bundle|Ice Beam|p2a: Mew\n|-damage|p2a: Mew|34/100\n|move|p2a: Mew|Close Combat|p1a: Iron Bundle\n|-supereffective|p1a: Iron Bundle\n|-damage|p1a: Iron Bundle|0 fnt\n|-unboost|p2a: Mew|def|1\n|-unboost|p2a: Mew|spd|1\n|faint|p1a: Iron Bundle\n|-end|p1a: Iron Bundle|Quark Drive|[silent]\n|-damage|p2a: Mew|24/100|[from] item: Life Orb\n|\n|upkeep\n|inactive|Time left: 300 sec this turn | 300 sec total | 5 sec grace\n|\n|t:|1783561724\n|switch|p1a: Chandelure|Chandelure, L83, F|235/235\n|turn|11\n|inactive|Time left: 300 sec this turn | 300 sec total\n|\n|t:|1783561724\n|move|p2a: Mew|Psychic Fangs|p1a: Chandelure\n|-damage|p1a: Chandelure|113/235\n|-damage|p2a: Mew|15/100|[from] item: Life Orb\n|move|p1a: Chandelure|Fire Blast|p2a: Mew\n|-damage|p2a: Mew|0 fnt\n|faint|p2a: Mew\n|\n|upkeep\n|\n|t:|1783561725\n|switch|p2a: Leafeon|Leafeon, L88, M|100/100\n|turn|12\n|inactive|Time left: 300 sec this turn | 300 sec total\n|\n|t:|1783561726\n|move|p2a: Leafeon|Knock Off|p1a: Chandelure\n|-supereffective|p1a: Chandelure\n|-damage|p1a: Chandelure|0 fnt\n|-enditem|p1a: Chandelure|Heavy-Duty Boots|[from] move: Knock Off|[of] p2a: Leafeon\n|faint|p1a: Chandelure\n|-damage|p2a: Leafeon|91/100|[from] item: Life Orb\n|\n|upkeep\n|inactive|Time left: 300 sec this turn | 300 sec total | 5 sec grace\n|\n|t:|1783561727\n|switch|p1a: Victreebel|Victreebel, L90, M|290/290\n|-activate|p1a: Victreebel|move: Sticky Web\n|-unboost|p1a: Victreebel|spe|1\n|turn|13\n|inactive|Time left: 300 sec this turn | 300 sec total\n|\n|t:|1783561727\n|switch|p2a: Kricketune|Kricketune, L99, F|21/100\n|move|p1a: Victreebel|Sludge Wave|p2a: Kricketune\n|-crit|p2a: Kricketune\n|-damage|p2a: Kricketune|0 fnt\n|faint|p2a: Kricketune\n|-damage|p1a: Victreebel|261/290|[from] item: Life Orb\n|\n|upkeep\n|\n|t:|1783561728\n|switch|p2a: Kilowattrel|Kilowattrel, L83, F|100/100\n|turn|14\n|inactive|Time left: 300 sec this turn | 300 sec total\n|\n|t:|1783561729\n|move|p2a: Kilowattrel|Hurricane|p1a: Victreebel\n|-supereffective|p1a: Victreebel\n|-damage|p1a: Victreebel|0 fnt\n|faint|p1a: Victreebel\n|\n|upkeep\n|inactive|Time left: 300 sec this turn | 300 sec total | 5 sec grace\n|\n|t:|1783561730\n|switch|p1a: Iron Boulder|Iron Boulder, L77|265/265\n|-activate|p1a: Iron Boulder|move: Sticky Web\n|-unboost|p1a: Iron Boulder|spe|1\n|-enditem|p1a: Iron Boulder|Booster Energy\n|-activate|p1a: Iron Boulder|ability: Quark Drive|[fromitem]\n|-start|p1a: Iron Boulder|quarkdriveatk\n|turn|15\n|inactive|Time left: 300 sec this turn | 300 sec total\n|\n|t:|1783561731\n|-terastallize|p1a: Iron Boulder|Fighting\n|move|p2a: Kilowattrel|U-turn|p1a: Iron Boulder\n|-resisted|p1a: Iron Boulder\n|-damage|p1a: Iron Boulder|243/265\n|\n|t:|1783561732\n|switch|p2a: Orthworm|Orthworm, L88, F, tera:Fighting|22/100|[from] U-turn\n|move|p1a: Iron Boulder|Swords Dance|p1a: Iron Boulder\n|-boost|p1a: Iron Boulder|atk|2\n|\n|-heal|p2a: Orthworm|28/100|[from] item: Leftovers\n|upkeep\n|turn|16\n|inactive|Time left: 300 sec this turn | 300 sec total\n|\n|t:|1783561732\n|move|p2a: Orthworm|Body Press|p1a: Iron Boulder\n|-damage|p1a: Iron Boulder|93/265\n|move|p1a: Iron Boulder|Zen Headbutt|p2a: Orthworm|[miss]\n|-miss|p1a: Iron Boulder|p2a: Orthworm\n|\n|-heal|p2a: Orthworm|34/100|[from] item: Leftovers\n|upkeep\n|turn|17\n|inactive|Time left: 300 sec this turn | 300 sec total\n|\n|t:|1783561733\n|-end|p1a: Iron Boulder|Quark Drive|[silent]\n|switch|p1a: Medicham|Medicham, L86, F|243/243\n|-activate|p1a: Medicham|move: Sticky Web\n|-unboost|p1a: Medicham|spe|1\n|move|p2a: Orthworm|Body Press|p1a: Medicham\n|-resisted|p1a: Medicham\n|-damage|p1a: Medicham|170/243\n|\n|-heal|p2a: Orthworm|40/100|[from] item: Leftovers\n|upkeep\n|turn|18\n|inactive|Time left: 300 sec this turn | 300 sec total\n|\n|t:|1783561734\n|move|p1a: Medicham|Zen Headbutt|p2a: Orthworm|[miss]\n|-miss|p1a: Medicham|p2a: Orthworm\n|move|p2a: Orthworm|Heavy Slam|p1a: Medicham\n|-damage|p1a: Medicham|40/243\n|\n|-heal|p2a: Orthworm|46/100|[from] item: Leftovers\n|upkeep\n|turn|19\n|inactive|Time left: 300 sec this turn | 300 sec total\n|\n|t:|1783561735\n|switch|p2a: Leafeon|Leafeon, L88, M|91/100\n|move|p1a: Medicham|Zen Headbutt|p2a: Leafeon\n|-damage|p2a: Leafeon|54/100\n|\n|upkeep\n|turn|20\n|inactive|Time left: 300 sec this turn | 300 sec total\n|\n|t:|1783561736\n|switch|p1a: Iron Boulder|Iron Boulder, L77, tera:Fighting|93/265\n|-activate|p1a: Iron Boulder|move: Sticky Web\n|-unboost|p1a: Iron Boulder|spe|1\n|move|p2a: Leafeon|Double-Edge|p1a: Iron Boulder\n|-damage|p1a: Iron Boulder|0 fnt\n|faint|p1a: Iron Boulder\n|-end|p1a: Iron Boulder|Quark Drive|[silent]\n|-damage|p2a: Leafeon|42/100|[from] Recoil\n|-damage|p2a: Leafeon|33/100|[from] item: Life Orb\n|\n|upkeep\n|inactive|Time left: 300 sec this turn | 300 sec total | 5 sec grace\n|\n|t:|1783561737\n|switch|p1a: Medicham|Medicham, L86, F|40/243\n|-activate|p1a: Medicham|move: Sticky Web\n|-unboost|p1a: Medicham|spe|1\n|turn|21\n|inactive|Time left: 300 sec this turn | 300 sec total\n|\n|t:|1783561738\n|move|p2a: Leafeon|Double-Edge|p1a: Medicham\n|-damage|p1a: Medicham|0 fnt\n|faint|p1a: Medicham\n|-damage|p2a: Leafeon|28/100|[from] Recoil\n|-damage|p2a: Leafeon|18/100|[from] item: Life Orb\n|\n|win|p0y19390898", "uploadtime": 1783561738, "views": 0, "rating": 0, "private": 0, "password": null, "_winner": "p0y19390898", "_our_name": "p0x1939f3a5"}