{"id": "battle-gen9randombattle-1599", "formatid": "gen9randombattle", "format": "[Gen 9] Random Battle", "players": ["p0x1599f2c9", "p0y15998600"], "log": "|init|battle\n|title|p0x1599f2c9 vs. p0y15998600\n|j|\u2606p0x1599f2c9\n|j|\u2606p0y15998600\n|t:|1783558507\n|gametype|singles\n|player|p1|p0x1599f2c9|169|\n|player|p2|p0y15998600|265|\n|gen|9\n|tier|[Gen 9] Random Battle\n|rule|Species Clause: Limit one of each Pok\u00e9mon\n|rule|HP Percentage Mod: HP is shown in percentages\n|rule|Sleep Clause Mod: Limit one foe put to sleep\n|rule|Illusion Level Mod: Illusion disguises the Pok\u00e9mon's true level\n|\n|t:|1783558507\n|teamsize|p1|6\n|teamsize|p2|6\n|start\n|switch|p1a: Bellibolt|Bellibolt, L84, F|100/100\n|switch|p2a: Slaking|Slaking, L84, M|389/389\n|turn|1\n|inactive|Battle timer is ON: inactive players will automatically lose when time's up. (requested by p0x1599f2c9)\n|inactive|Time left: 300 sec this turn | 300 sec total | 60 sec grace\n|inactive|p0y15998600 also wants the timer to be on.\n|\n|t:|1783558508\n|switch|p1a: Arceus|Arceus-Ghost, L69|100/100\n|move|p2a: Slaking|Giga Impact|p1a: Arceus\n|-immune|p1a: Arceus\n|\n|upkeep\n|turn|2\n|inactive|Time left: 300 sec this turn | 300 sec total\n|\n|t:|1783558509\n|switch|p2a: Masquerain|Masquerain, L87, M|264/264\n|-ability|p2a: Masquerain|Intimidate|boost\n|-unboost|p1a: Arceus|atk|1\n|move|p1a: Arceus|Calm Mind|p1a: Arceus\n|-boost|p1a: Arceus|spa|1\n|-boost|p1a: Arceus|spd|1\n|\n|upkeep\n|turn|3\n|inactive|Time left: 300 sec this turn | 300 sec total\n|\n|t:|1783558511\n|move|p1a: Arceus|Judgment|p2a: Masquerain\n|-damage|p2a: Masquerain|114/264\n|move|p2a: Masquerain|Sticky Web|p1a: Arceus\n|-sidestart|p1: p0x1599f2c9|move: Sticky Web\n|\n|upkeep\n|turn|4\n|inactive|Time left: 300 sec this turn | 300 sec total\n|\n|t:|1783558512\n|switch|p2a: Slaking|Slaking, L84, M|389/389\n|move|p1a: Arceus|Judgment|p2a: Slaking\n|-immune|p2a: Slaking\n|\n|upkeep\n|turn|5\n|inactive|Time left: 300 sec this turn | 300 sec total\n|\n|t:|1783558513\n|move|p2a: Slaking|Knock Off|p1a: Arceus\n|-supereffective|p1a: Arceus\n|-damage|p1a: Arceus|56/100\n|move|p1a: Arceus|Focus Blast|p2a: Slaking|[miss]\n|-miss|p1a: Arceus|p2a: Slaking\n|\n|upkeep\n|turn|6\n|inactive|Time left: 300 sec this turn | 300 sec total\n|\n|t:|1783558514\n|cant|p2a: Slaking|ability: Truant\n|move|p1a: Arceus|Recover|p1a: Arceus\n|-heal|p1a: Arceus|100/100\n|\n|upkeep\n|turn|7\n|inactive|Time left: 300 sec this turn | 300 sec total\n|\n|t:|1783558515\n|move|p2a: Slaking|Knock Off|p1a: Arceus\n|-supereffective|p1a: Arceus\n|-damage|p1a: Arceus|55/100\n|move|p1a: Arceus|Focus Blast|p2a: Slaking|[miss]\n|-miss|p1a: Arceus|p2a: Slaking\n|\n|upkeep\n|turn|8\n|inactive|Time left: 300 sec this turn | 300 sec total\n|\n|t:|1783558516\n|switch|p2a: Magearna|Magearna-Original, L77|250/250\n|move|p1a: Arceus|Recover|p1a: Arceus\n|-heal|p1a: Arceus|100/100\n|\n|upkeep\n|turn|9\n|inactive|Time left: 300 sec this turn | 300 sec total\n|\n|t:|1783558517\n|move|p1a: Arceus|Judgment|p2a: Magearna\n|-damage|p2a: Magearna|106/250\n|move|p2a: Magearna|Calm Mind|p2a: Magearna\n|-boost|p2a: Magearna|spa|1\n|-boost|p2a: Magearna|spd|1\n|\n|-heal|p2a: Magearna|121/250|[from] item: Leftovers\n|upkeep\n|turn|10\n|inactive|Time left: 300 sec this turn | 300 sec total\n|\n|t:|1783558518\n|move|p1a: Arceus|Judgment|p2a: Magearna\n|-damage|p2a: Magearna|28/250\n|move|p2a: Magearna|Shift Gear|p2a: Magearna\n|-boost|p2a: Magearna|spe|2\n|-boost|p2a: Magearna|atk|1\n|\n|-heal|p2a: Magearna|43/250|[from] item: Leftovers\n|upkeep\n|turn|11\n|inactive|Time left: 300 sec this turn | 300 sec total\n|\n|t:|1783558519\n|move|p2a: Magearna|Fleur Cannon|p1a: Arceus\n|-damage|p1a: Arceus|53/100\n|-unboost|p2a: Magearna|spa|2\n|move|p1a: Arceus|Judgment|p2a: Magearna\n|-damage|p2a: Magearna|0 fnt\n|faint|p2a: Magearna\n|\n|upkeep\n|inactive|Time left: 300 sec this turn | 300 sec total | 5 sec grace\n|\n|t:|1783558520\n|switch|p2a: Pyroar|Pyroar, L88, M|295/295\n|-ability|p2a: Pyroar|Unnerve\n|turn|12\n|inactive|Time left: 300 sec this turn | 300 sec total\n|\n|t:|1783558521\n|move|p2a: Pyroar|Fire Blast|p1a: Arceus\n|-damage|p1a: Arceus|19/100\n|move|p1a: Arceus|Recover|p1a: Arceus\n|-heal|p1a: Arceus|69/100\n|\n|upkeep\n|turn|13\n|inactive|Time left: 300 sec this turn | 300 sec total\n|\n|t:|1783558522\n|move|p2a: Pyroar|Fire Blast|p1a: Arceus|[miss]\n|-miss|p2a: Pyroar|p1a: Arceus\n|move|p1a: Arceus|Focus Blast|p2a: Pyroar\n|-supereffective|p2a: Pyroar\n|-damage|p2a: Pyroar|69/295\n|\n|upkeep\n|turn|14\n|inactive|Time left: 300 sec this turn | 300 sec total\n|\n|t:|1783558524\n|move|p2a: Pyroar|Fire Blast|p1a: Arceus\n|-damage|p1a: Arceus|39/100\n|move|p1a: Arceus|Focus Blast|p2a: Pyroar\n|-supereffective|p2a: Pyroar\n|-damage|p2a: Pyroar|0 fnt\n|faint|p2a: Pyroar\n|\n|upkeep\n|inactive|Time left: 300 sec this turn | 300 sec total | 5 sec grace\n|\n|t:|1783558525\n|switch|p2a: Slaking|Slaking, L84, M|389/389\n|turn|15\n|inactive|Time left: 300 sec this turn | 300 sec total\n|\n|t:|1783558526\n|move|p2a: Slaking|Knock Off|p1a: Arceus\n|-supereffective|p1a: Arceus\n|-damage|p1a: Arceus|0 fnt\n|faint|p1a: Arceus\n|\n|upkeep\n|\n|t:|1783558527\n|switch|p1a: Darkrai|Darkrai, L77|100/100\n|-activate|p1a: Darkrai|move: Sticky Web\n|-unboost|p1a: Darkrai|spe|1\n|turn|16\n|inactive|Time left: 300 sec this turn | 300 sec total\n|\n|t:|1783558528\n|switch|p2a: Zamazenta|Zamazenta-Crowned, L68|238/238\n|-ability|p2a: Zamazenta|Dauntless Shield|boost\n|-boost|p2a: Zamazenta|def|1\n|move|p1a: Darkrai|Hypnosis|p2a: Zamazenta\n|-status|p2a: Zamazenta|slp|[from] move: Hypnosis\n|\n|-damage|p2a: Zamazenta|209/238 slp|[from] ability: Bad Dreams|[of] p1a: Darkrai\n|upkeep\n|turn|17\n|inactive|Time left: 300 sec this turn | 300 sec total\n|\n|t:|1783558529\n|switch|p2a: Slaking|Slaking, L84, M|389/389\n|move|p1a: Darkrai|Dark Pulse|p2a: Slaking\n|-crit|p2a: Slaking\n|-damage|p2a: Slaking|147/389\n|-damage|p1a: Darkrai|91/100|[from] item: Life Orb\n|\n|upkeep\n|turn|18\n|inactive|Time left: 300 sec this turn | 300 sec total\n|\n|t:|1783558530\n|switch|p1a: Bisharp|Bisharp, L79, M|100/100\n|-activate|p1a: Bisharp|move: Sticky Web\n|-unboost|p1a: Bisharp|spe|1\n|-ability|p1a: Bisharp|Defiant|boost\n|-boost|p1a: Bisharp|atk|2\n|move|p2a: Slaking|Giga Impact|p1a: Bisharp\n|-resisted|p1a: Bisharp\n|-damage|p1a: Bisharp|67/100\n|-mustrecharge|p2a: Slaking\n|\n|upkeep\n|turn|19\n|inactive|Time left: 300 sec this turn | 300 sec total\n|\n|t:|1783558531\n|cant|p2a: Slaking|recharge\n|move|p1a: Bisharp|Iron Head|p2a: Slaking\n|-damage|p2a: Slaking|0 fnt\n|faint|p2a: Slaking\n|\n|upkeep\n|inactive|Time left: 300 sec this turn | 300 sec total | 5 sec grace\n|\n|t:|1783558532\n|switch|p2a: Malamar|Malamar, L82, M|275/275\n|turn|20\n|inactive|Time left: 300 sec this turn | 300 sec total\n|\n|t:|1783558533\n|-terastallize|p1a: Bisharp|Ghost\n|move|p2a: Malamar|Superpower|p1a: Bisharp\n|-immune|p1a: Bisharp\n|move|p1a: Bisharp|Iron Head|p2a: Malamar\n|-damage|p2a: Malamar|76/275\n|\n|upkeep\n|turn|21\n|inactive|Time left: 300 sec this turn | 300 sec total\n|\n|t:|1783558534\n|move|p2a: Malamar|Rest|p2a: Malamar\n|-status|p2a: Malamar|slp|[from] move: Rest\n|-heal|p2a: Malamar|275/275 slp|[silent]\n|-enditem|p2a: Malamar|Chesto Berry|[eat]\n|-curestatus|p2a: Malamar|slp|[msg]\n|move|p1a: Bisharp|Iron Head|p2a: Malamar\n|-damage|p2a: Malamar|85/275\n|\n|upkeep\n|turn|22\n|inactive|Time left: 300 sec this turn | 300 sec total\n|\n|t:|1783558535\n|-terastallize|p2a: Malamar|Fighting\n|move|p1a: Bisharp|Sucker Punch|p2a: Malamar\n|-resisted|p2a: Malamar\n|-damage|p2a: Malamar|0 fnt\n|faint|p2a: Malamar\n|\n|upkeep\n|inactive|Time left: 300 sec this turn | 300 sec total | 5 sec grace\n|\n|t:|1783558535\n|switch|p2a: Zamazenta|Zamazenta-Crowned, L68|209/238 slp\n|turn|23\n|inactive|Time left: 300 sec this turn | 300 sec total\n|\n|t:|1783558536\n|cant|p2a: Zamazenta|slp\n|move|p1a: Bisharp|Iron Head|p2a: Zamazenta\n|-resisted|p2a: Zamazenta\n|-damage|p2a: Zamazenta|137/238 slp\n|\n|upkeep\n|turn|24\n|inactive|Time left: 300 sec this turn | 300 sec total\n|\n|t:|1783558538\n|cant|p2a: Zamazenta|slp\n|move|p1a: Bisharp|Throat Chop|p2a: Zamazenta\n|-resisted|p2a: Zamazenta\n|-damage|p2a: Zamazenta|63/238 slp\n|-start|p2a: Zamazenta|Throat Chop|[silent]\n|\n|upkeep\n|turn|25\n|inactive|Time left: 300 sec this turn | 300 sec total\n|\n|t:|1783558539\n|-curestatus|p2a: Zamazenta|slp|[msg]\n|move|p2a: Zamazenta|Iron Defense|p2a: Zamazenta\n|-boost|p2a: Zamazenta|def|2\n|move|p1a: Bisharp|Throat Chop|p2a: Zamazenta\n|-resisted|p2a: Zamazenta\n|-damage|p2a: Zamazenta|27/238\n|\n|-end|p2a: Zamazenta|Throat Chop|[silent]\n|upkeep\n|turn|26\n|inactive|Time left: 300 sec this turn | 300 sec total\n|\n|t:|1783558540\n|move|p2a: Zamazenta|Iron Defense|p2a: Zamazenta\n|-boost|p2a: Zamazenta|def|2\n|move|p1a: Bisharp|Throat Chop|p2a: Zamazenta\n|-resisted|p2a: Zamazenta\n|-damage|p2a: Zamazenta|0 fnt\n|faint|p2a: Zamazenta\n|\n|upkeep\n|inactive|Time left: 300 sec this turn | 300 sec total | 5 sec grace\n|\n|t:|1783558540\n|switch|p2a: Masquerain|Masquerain, L87, M|114/264\n|-ability|p2a: Masquerain|Intimidate|boost\n|-unboost|p1a: Bisharp|atk|1\n|-ability|p1a: Bisharp|Defiant|boost\n|-boost|p1a: Bisharp|atk|2\n|turn|27\n|inactive|Time left: 300 sec this turn | 300 sec total\n|\n|t:|1783558541\n|move|p2a: Masquerain|Stun Spore|p1a: Bisharp\n|-status|p1a: Bisharp|par\n|cant|p1a: Bisharp|par\n|\n|upkeep\n|turn|28\n|inactive|Time left: 300 sec this turn | 300 sec total\n|\n|t:|1783558542\n|move|p2a: Masquerain|Hurricane|p1a: Bisharp\n|-damage|p1a: Bisharp|17/100 par\n|move|p1a: Bisharp|Iron Head|p2a: Masquerain\n|-damage|p2a: Masquerain|0 fnt\n|faint|p2a: Masquerain\n|\n|win|p0x1599f2c9", "uploadtime": 1783558542, "views": 0, "rating": 0, "private": 0, "password": null, "_winner": "p0x1599f2c9", "_our_name": "p0y15998600"}