{"id": "battle-gen9randombattle-1582", "formatid": "gen9randombattle", "format": "[Gen 9] Random Battle", "players": ["p0x1582bf78", "p0y1582afaf"], "log": "|init|battle\n|title|p0x1582bf78 vs. p0y1582afaf\n|j|\u2606p0x1582bf78\n|j|\u2606p0y1582afaf\n|t:|1783558336\n|gametype|singles\n|player|p1|p0x1582bf78|2|\n|player|p2|p0y1582afaf|1|\n|gen|9\n|tier|[Gen 9] Random Battle\n|rule|Species Clause: Limit one of each Pok\u00e9mon\n|rule|HP Percentage Mod: HP is shown in percentages\n|rule|Sleep Clause Mod: Limit one foe put to sleep\n|rule|Illusion Level Mod: Illusion disguises the Pok\u00e9mon's true level\n|\n|t:|1783558336\n|teamsize|p1|6\n|teamsize|p2|6\n|start\n|switch|p1a: Regice|Regice, L88|100/100\n|switch|p2a: Palkia|Palkia-Origin, L72|249/249\n|-ability|p2a: Palkia|Pressure\n|turn|1\n|inactive|Battle timer is ON: inactive players will automatically lose when time's up. (requested by p0x1582bf78)\n|inactive|Time left: 300 sec this turn | 300 sec total | 60 sec grace\n|\n|t:|1783558337\n|move|p2a: Palkia|Thunder Wave|p1a: Regice\n|-status|p1a: Regice|par\n|cant|p1a: Regice|par\n|\n|upkeep\n|turn|2\n|inactive|Time left: 300 sec this turn | 300 sec total\n|inactive|p0y1582afaf also wants the timer to be on.\n|\n|t:|1783558338\n|switch|p2a: Baxcalibur|Baxcalibur, L75, M|296/296\n|cant|p1a: Regice|par\n|\n|upkeep\n|turn|3\n|inactive|Time left: 300 sec this turn | 300 sec total\n|\n|t:|1783558339\n|move|p2a: Baxcalibur|Dragon Dance|p2a: Baxcalibur\n|-boost|p2a: Baxcalibur|atk|1\n|-boost|p2a: Baxcalibur|spe|1\n|cant|p1a: Regice|par\n|\n|upkeep\n|turn|4\n|inactive|Time left: 300 sec this turn | 300 sec total\n|\n|t:|1783558340\n|move|p2a: Baxcalibur|Glaive Rush|p1a: Regice\n|-damage|p1a: Regice|33/100 par\n|-singlemove|p2a: Baxcalibur|Glaive Rush|[silent]\n|cant|p1a: Regice|par\n|\n|upkeep\n|turn|5\n|inactive|Time left: 300 sec this turn | 300 sec total\n|\n|t:|1783558341\n|move|p2a: Baxcalibur|Glaive Rush|p1a: Regice\n|-damage|p1a: Regice|0 fnt\n|-singlemove|p2a: Baxcalibur|Glaive Rush|[silent]\n|faint|p1a: Regice\n|\n|upkeep\n|\n|t:|1783558341\n|switch|p1a: Ribombee|Ribombee, L83, M|100/100\n|turn|6\n|inactive|Time left: 300 sec this turn | 300 sec total\n|\n|t:|1783558342\n|move|p2a: Baxcalibur|Icicle Crash|p1a: Ribombee\n|-damage|p1a: Ribombee|16/100\n|move|p1a: Ribombee|Moonblast|p2a: Baxcalibur\n|-supereffective|p2a: Baxcalibur\n|-damage|p2a: Baxcalibur|72/296\n|\n|upkeep\n|turn|7\n|inactive|Time left: 300 sec this turn | 300 sec total\n|\n|t:|1783558343\n|move|p2a: Baxcalibur|Earthquake|p1a: Ribombee\n|-resisted|p1a: Ribombee\n|-damage|p1a: Ribombee|0 fnt\n|faint|p1a: Ribombee\n|\n|upkeep\n|\n|t:|1783558344\n|switch|p1a: Medicham|Medicham, L86, M|100/100\n|turn|8\n|inactive|Time left: 300 sec this turn | 300 sec total\n|\n|t:|1783558345\n|move|p1a: Medicham|Bullet Punch|p2a: Baxcalibur\n|-supereffective|p2a: Baxcalibur\n|-damage|p2a: Baxcalibur|0 fnt\n|faint|p2a: Baxcalibur\n|\n|upkeep\n|inactive|Time left: 300 sec this turn | 300 sec total | 5 sec grace\n|\n|t:|1783558346\n|switch|p2a: Pincurchin|Pincurchin, F|258/258\n|-fieldstart|move: Electric Terrain|[from] ability: Electric Surge|[of] p2a: Pincurchin\n|turn|9\n|inactive|Time left: 300 sec this turn | 300 sec total\n|\n|t:|1783558347\n|switch|p1a: Minun|Minun, L95, F|100/100\n|move|p2a: Pincurchin|Scald|p1a: Minun\n|-damage|p1a: Minun|72/100\n|\n|upkeep\n|turn|10\n|inactive|Time left: 300 sec this turn | 300 sec total\n|\n|t:|1783558348\n|move|p1a: Minun|Nasty Plot|p1a: Minun\n|-boost|p1a: Minun|spa|2\n|move|p2a: Pincurchin|Scald|p1a: Minun\n|-damage|p1a: Minun|45/100\n|\n|upkeep\n|turn|11\n|inactive|Time left: 300 sec this turn | 300 sec total\n|\n|t:|1783558349\n|move|p1a: Minun|Nasty Plot|p1a: Minun\n|-boost|p1a: Minun|spa|2\n|move|p2a: Pincurchin|Scald|p1a: Minun\n|-damage|p1a: Minun|18/100\n|\n|upkeep\n|turn|12\n|inactive|Time left: 300 sec this turn | 300 sec total\n|\n|t:|1783558350\n|-terastallize|p1a: Minun|Electric\n|move|p1a: Minun|Thunderbolt|p2a: Pincurchin\n|-resisted|p2a: Pincurchin\n|-damage|p2a: Pincurchin|0 fnt\n|faint|p2a: Pincurchin\n|-damage|p1a: Minun|8/100|[from] item: Life Orb\n|\n|upkeep\n|inactive|Time left: 300 sec this turn | 300 sec total | 5 sec grace\n|\n|t:|1783558351\n|switch|p2a: Urshifu|Urshifu, L74, M|270/270\n|turn|13\n|inactive|Time left: 300 sec this turn | 300 sec total\n|\n|t:|1783558352\n|move|p2a: Urshifu|U-turn|p1a: Minun\n|-crit|p1a: Minun\n|-damage|p1a: Minun|0 fnt\n|faint|p1a: Minun\n|inactive|Time left: 300 sec this turn | 300 sec total | 5 sec grace\n|\n|t:|1783558353\n|switch|p2a: Noctowl|Noctowl, L95, M|344/344|[from] U-turn\n|\n|-fieldend|move: Electric Terrain\n|upkeep\n|\n|t:|1783558353\n|switch|p1a: Medicham|Medicham, L86, M|100/100\n|turn|14\n|inactive|Time left: 300 sec this turn | 300 sec total\n|\n|t:|1783558354\n|move|p1a: Medicham|Close Combat|p2a: Noctowl\n|-damage|p2a: Noctowl|0 fnt\n|-unboost|p1a: Medicham|def|1\n|-unboost|p1a: Medicham|spd|1\n|faint|p2a: Noctowl\n|\n|upkeep\n|inactive|Time left: 300 sec this turn | 300 sec total | 5 sec grace\n|\n|t:|1783558355\n|switch|p2a: Zebstrika|Zebstrika, L87, F|272/272\n|turn|15\n|inactive|Time left: 300 sec this turn | 300 sec total\n|\n|t:|1783558356\n|move|p2a: Zebstrika|Supercell Slam|p1a: Medicham\n|-damage|p1a: Medicham|4/100\n|-damage|p2a: Zebstrika|245/272|[from] item: Life Orb\n|move|p1a: Medicham|Close Combat|p2a: Zebstrika\n|-damage|p2a: Zebstrika|0 fnt\n|-unboost|p1a: Medicham|def|1\n|-unboost|p1a: Medicham|spd|1\n|faint|p2a: Zebstrika\n|\n|upkeep\n|inactive|Time left: 300 sec this turn | 300 sec total | 5 sec grace\n|\n|t:|1783558357\n|switch|p2a: Urshifu|Urshifu, L74, M|270/270\n|turn|16\n|inactive|Time left: 300 sec this turn | 300 sec total\n|\n|t:|1783558358\n|move|p2a: Urshifu|U-turn|p1a: Medicham\n|-damage|p1a: Medicham|0 fnt\n|faint|p1a: Medicham\n|inactive|Time left: 300 sec this turn | 300 sec total | 5 sec grace\n|\n|t:|1783558359\n|switch|p2a: Palkia|Palkia-Origin, L72|249/249|[from] U-turn\n|-ability|p2a: Palkia|Pressure\n|\n|upkeep\n|\n|t:|1783558360\n|switch|p1a: Drednaw|Drednaw, L81, F|100/100\n|turn|17\n|inactive|Time left: 300 sec this turn | 300 sec total\n|\n|t:|1783558361\n|move|p2a: Palkia|Hydro Pump|p1a: Drednaw\n|-damage|p1a: Drednaw|31/100\n|move|p1a: Drednaw|Shell Smash|p1a: Drednaw\n|-unboost|p1a: Drednaw|def|1\n|-unboost|p1a: Drednaw|spd|1\n|-boost|p1a: Drednaw|atk|2\n|-boost|p1a: Drednaw|spa|2\n|-boost|p1a: Drednaw|spe|2\n|-enditem|p1a: Drednaw|White Herb\n|-clearnegativeboost|p1a: Drednaw|[silent]\n|\n|upkeep\n|turn|18\n|inactive|Time left: 300 sec this turn | 300 sec total\n|\n|t:|1783558362\n|move|p1a: Drednaw|Stone Edge|p2a: Palkia\n|-damage|p2a: Palkia|12/249\n|move|p2a: Palkia|Hydro Pump|p1a: Drednaw\n|-damage|p1a: Drednaw|0 fnt\n|faint|p1a: Drednaw\n|\n|upkeep\n|\n|t:|1783558364\n|switch|p1a: Ogerpon|Ogerpon-Cornerstone, L76, F|100/100\n|turn|19\n|inactive|Time left: 300 sec this turn | 300 sec total\n|\n|t:|1783558365\n|-terastallize|p2a: Palkia|Water\n|move|p2a: Palkia|Hydro Pump|p1a: Ogerpon\n|-damage|p1a: Ogerpon|14/100\n|move|p1a: Ogerpon|Swords Dance|p1a: Ogerpon\n|-boost|p1a: Ogerpon|atk|2\n|\n|upkeep\n|turn|20\n|inactive|Time left: 300 sec this turn | 300 sec total\n|\n|t:|1783558366\n|move|p2a: Palkia|Draco Meteor|p1a: Ogerpon\n|-damage|p1a: Ogerpon|0 fnt\n|-unboost|p2a: Palkia|spa|2\n|faint|p1a: Ogerpon\n|\n|win|p0y1582afaf", "uploadtime": 1783558366, "views": 0, "rating": 0, "private": 0, "password": null, "_winner": "p0y1582afaf", "_our_name": "p0y1582afaf"}