{"id": "battle-gen9randombattle-777", "formatid": "gen9randombattle", "format": "[Gen 9] Random Battle", "players": ["p0x777d3ab", "p0y7774083"], "log": "|init|battle\n|title|p0x777d3ab vs. p0y7774083\n|j|\u2606p0x777d3ab\n|j|\u2606p0y7774083\n|t:|1783548132\n|gametype|singles\n|player|p1|p0x777d3ab|101|\n|player|p2|p0y7774083|1|\n|gen|9\n|tier|[Gen 9] Random Battle\n|rule|Species Clause: Limit one of each Pok\u00e9mon\n|rule|HP Percentage Mod: HP is shown in percentages\n|rule|Sleep Clause Mod: Limit one foe put to sleep\n|rule|Illusion Level Mod: Illusion disguises the Pok\u00e9mon's true level\n|\n|t:|1783548132\n|teamsize|p1|6\n|teamsize|p2|6\n|start\n|switch|p1a: Spiritomb|Spiritomb, L89, M|234/234\n|switch|p2a: Drednaw|Drednaw, L81, F|100/100\n|turn|1\n|inactive|Battle timer is ON: inactive players will automatically lose when time's up. (requested by p0y7774083)\n|inactive|Time left: 300 sec this turn | 300 sec total | 60 sec grace\n|inactive|p0x777d3ab also wants the timer to be on.\n|\n|t:|1783548134\n|move|p2a: Drednaw|Shell Smash|p2a: Drednaw\n|-unboost|p2a: Drednaw|def|1\n|-unboost|p2a: Drednaw|spd|1\n|-boost|p2a: Drednaw|atk|2\n|-boost|p2a: Drednaw|spa|2\n|-boost|p2a: Drednaw|spe|2\n|-enditem|p2a: Drednaw|White Herb\n|-clearnegativeboost|p2a: Drednaw|[silent]\n|move|p1a: Spiritomb|Foul Play|p2a: Drednaw\n|-damage|p2a: Drednaw|0 fnt\n|faint|p2a: Drednaw\n|\n|upkeep\n|\n|t:|1783548134\n|switch|p2a: Vivillon|Vivillon, L83, M|100/100\n|turn|2\n|inactive|Time left: 300 sec this turn | 300 sec total\n|\n|t:|1783548136\n|move|p2a: Vivillon|Sleep Powder|p1a: Spiritomb\n|-status|p1a: Spiritomb|slp|[from] move: Sleep Powder\n|cant|p1a: Spiritomb|slp\n|\n|upkeep\n|turn|3\n|inactive|Time left: 300 sec this turn | 300 sec total\n|\n|t:|1783548137\n|move|p2a: Vivillon|Quiver Dance|p2a: Vivillon\n|-boost|p2a: Vivillon|spa|1\n|-boost|p2a: Vivillon|spd|1\n|-boost|p2a: Vivillon|spe|1\n|cant|p1a: Spiritomb|slp\n|\n|upkeep\n|turn|4\n|inactive|Time left: 300 sec this turn | 300 sec total\n|\n|t:|1783548138\n|move|p2a: Vivillon|Quiver Dance|p2a: Vivillon\n|-boost|p2a: Vivillon|spa|1\n|-boost|p2a: Vivillon|spd|1\n|-boost|p2a: Vivillon|spe|1\n|cant|p1a: Spiritomb|slp\n|\n|upkeep\n|turn|5\n|inactive|Time left: 300 sec this turn | 300 sec total\n|\n|t:|1783548139\n|move|p2a: Vivillon|Hurricane|p1a: Spiritomb|[miss]\n|-miss|p2a: Vivillon|p1a: Spiritomb\n|-curestatus|p1a: Spiritomb|slp|[msg]\n|move|p1a: Spiritomb|Foul Play|p2a: Vivillon\n|-damage|p2a: Vivillon|64/100\n|\n|upkeep\n|turn|6\n|inactive|Time left: 300 sec this turn | 300 sec total\n|\n|t:|1783548140\n|move|p2a: Vivillon|Sleep Powder|p1a: Spiritomb\n|-status|p1a: Spiritomb|slp|[from] move: Sleep Powder\n|cant|p1a: Spiritomb|slp\n|\n|upkeep\n|turn|7\n|inactive|Time left: 300 sec this turn | 300 sec total\n|\n|t:|1783548141\n|switch|p1a: Zekrom|Zekrom, L71|259/259\n|-ability|p1a: Zekrom|Teravolt\n|move|p2a: Vivillon|Hurricane|p1a: Zekrom\n|-resisted|p1a: Zekrom\n|-damage|p1a: Zekrom|134/259\n|\n|-heal|p1a: Zekrom|150/259|[from] item: Leftovers\n|upkeep\n|turn|8\n|inactive|Time left: 300 sec this turn | 300 sec total\n|\n|t:|1783548142\n|move|p2a: Vivillon|Bug Buzz|p1a: Zekrom\n|-damage|p1a: Zekrom|0 fnt\n|faint|p1a: Zekrom\n|\n|upkeep\n|inactive|Time left: 300 sec this turn | 300 sec total | 5 sec grace\n|\n|t:|1783548143\n|switch|p1a: Spiritomb|Spiritomb, L89, M|234/234 slp\n|turn|9\n|inactive|Time left: 300 sec this turn | 300 sec total\n|\n|t:|1783548144\n|cant|p1a: Spiritomb|slp\n|move|p2a: Vivillon|Hurricane|p1a: Spiritomb\n|-damage|p1a: Spiritomb|57/234 slp\n|\n|upkeep\n|turn|10\n|inactive|Time left: 300 sec this turn | 300 sec total\n|\n|t:|1783548145\n|-curestatus|p1a: Spiritomb|slp|[msg]\n|move|p1a: Spiritomb|Sucker Punch|p2a: Vivillon\n|-damage|p2a: Vivillon|1/100\n|move|p2a: Vivillon|Hurricane|p1a: Spiritomb\n|-damage|p1a: Spiritomb|0 fnt\n|faint|p1a: Spiritomb\n|\n|upkeep\n|inactive|Time left: 300 sec this turn | 300 sec total | 5 sec grace\n|\n|t:|1783548146\n|switch|p1a: Rillaboom|Rillaboom, L79, F|288/288\n|-fieldstart|move: Grassy Terrain|[from] ability: Grassy Surge|[of] p1a: Rillaboom\n|turn|11\n|inactive|Time left: 300 sec this turn | 300 sec total\n|\n|t:|1783548147\n|move|p1a: Rillaboom|Grassy Glide|p2a: Vivillon\n|-resisted|p2a: Vivillon\n|-damage|p2a: Vivillon|0 fnt\n|faint|p2a: Vivillon\n|-damage|p1a: Rillaboom|260/288|[from] item: Life Orb\n|\n|-heal|p1a: Rillaboom|278/288|[from] Grassy Terrain\n|upkeep\n|\n|t:|1783548148\n|switch|p2a: Umbreon|Umbreon, L84, M|100/100\n|turn|12\n|inactive|Time left: 300 sec this turn | 300 sec total\n|\n|t:|1783548149\n|move|p1a: Rillaboom|Swords Dance|p1a: Rillaboom\n|-boost|p1a: Rillaboom|atk|2\n|move|p2a: Umbreon|Foul Play|p1a: Rillaboom\n|-crit|p1a: Rillaboom\n|-damage|p1a: Rillaboom|0 fnt\n|faint|p1a: Rillaboom\n|\n|upkeep\n|inactive|Time left: 300 sec this turn | 300 sec total | 5 sec grace\n|\n|t:|1783548150\n|switch|p1a: Venomoth|Venomoth, L84, F|255/255\n|turn|13\n|inactive|Time left: 300 sec this turn | 300 sec total\n|\n|t:|1783548151\n|move|p1a: Venomoth|Quiver Dance|p1a: Venomoth\n|-boost|p1a: Venomoth|spa|1\n|-boost|p1a: Venomoth|spd|1\n|-boost|p1a: Venomoth|spe|1\n|move|p2a: Umbreon|Foul Play|p1a: Venomoth\n|-damage|p1a: Venomoth|185/255\n|\n|-heal|p1a: Venomoth|200/255|[from] Grassy Terrain\n|upkeep\n|turn|14\n|inactive|Time left: 300 sec this turn | 300 sec total\n|\n|t:|1783548152\n|move|p1a: Venomoth|Quiver Dance|p1a: Venomoth\n|-boost|p1a: Venomoth|spa|1\n|-boost|p1a: Venomoth|spd|1\n|-boost|p1a: Venomoth|spe|1\n|move|p2a: Umbreon|Foul Play|p1a: Venomoth\n|-crit|p1a: Venomoth\n|-damage|p1a: Venomoth|88/255\n|\n|-heal|p1a: Venomoth|103/255|[from] Grassy Terrain\n|upkeep\n|turn|15\n|inactive|Time left: 300 sec this turn | 300 sec total\n|\n|t:|1783548153\n|-terastallize|p2a: Umbreon|Poison\n|move|p1a: Venomoth|Bug Buzz|p2a: Umbreon\n|-resisted|p2a: Umbreon\n|-damage|p2a: Umbreon|55/100\n|move|p2a: Umbreon|Foul Play|p1a: Venomoth\n|-damage|p1a: Venomoth|30/255\n|\n|-heal|p1a: Venomoth|45/255|[from] Grassy Terrain\n|-heal|p2a: Umbreon|61/100|[from] Grassy Terrain\n|-heal|p2a: Umbreon|67/100|[from] item: Leftovers\n|-fieldend|move: Grassy Terrain\n|upkeep\n|turn|16\n|inactive|Time left: 300 sec this turn | 300 sec total\n|\n|t:|1783548155\n|move|p1a: Venomoth|Sleep Powder|p2a: Umbreon\n|-status|p2a: Umbreon|slp|[from] move: Sleep Powder\n|cant|p2a: Umbreon|slp\n|\n|-heal|p2a: Umbreon|73/100 slp|[from] item: Leftovers\n|upkeep\n|turn|17\n|inactive|Time left: 300 sec this turn | 300 sec total\n|\n|t:|1783548156\n|move|p1a: Venomoth|Sludge Wave|p2a: Umbreon\n|-resisted|p2a: Umbreon\n|-damage|p2a: Umbreon|23/100 slp\n|cant|p2a: Umbreon|slp\n|\n|-heal|p2a: Umbreon|29/100 slp|[from] item: Leftovers\n|upkeep\n|turn|18\n|inactive|Time left: 300 sec this turn | 300 sec total\n|\n|t:|1783548157\n|move|p1a: Venomoth|Sludge Wave|p2a: Umbreon\n|-resisted|p2a: Umbreon\n|-damage|p2a: Umbreon|0 fnt\n|faint|p2a: Umbreon\n|\n|upkeep\n|\n|t:|1783548158\n|switch|p2a: Sandaconda|Sandaconda, L84, M|100/100\n|turn|19\n|inactive|Time left: 300 sec this turn | 300 sec total\n|\n|t:|1783548159\n|move|p1a: Venomoth|Bug Buzz|p2a: Sandaconda\n|-damage|p2a: Sandaconda|20/100\n|move|p2a: Sandaconda|Earthquake|p1a: Venomoth\n|-crit|p1a: Venomoth\n|-damage|p1a: Venomoth|0 fnt\n|faint|p1a: Venomoth\n|\n|-heal|p2a: Sandaconda|26/100|[from] item: Leftovers\n|upkeep\n|inactive|Time left: 300 sec this turn | 300 sec total | 5 sec grace\n|\n|t:|1783548160\n|switch|p1a: Arceus|Arceus-Flying, L69|279/279\n|turn|20\n|inactive|Time left: 300 sec this turn | 300 sec total\n|\n|t:|1783548161\n|switch|p2a: Dudunsparce|Dudunsparce, L83, F|100/100\n|move|p1a: Arceus|Judgment|p2a: Dudunsparce\n|-damage|p2a: Dudunsparce|69/100\n|\n|-heal|p2a: Dudunsparce|75/100|[from] item: Leftovers\n|upkeep\n|turn|21\n|inactive|Time left: 300 sec this turn | 300 sec total\n|\n|t:|1783548162\n|move|p1a: Arceus|Calm Mind|p1a: Arceus\n|-boost|p1a: Arceus|spa|1\n|-boost|p1a: Arceus|spd|1\n|move|p2a: Dudunsparce|Calm Mind|p2a: Dudunsparce\n|-boost|p2a: Dudunsparce|spa|1\n|-boost|p2a: Dudunsparce|spd|1\n|\n|-heal|p2a: Dudunsparce|81/100|[from] item: Leftovers\n|upkeep\n|turn|22\n|inactive|Time left: 300 sec this turn | 300 sec total\n|\n|t:|1783548163\n|move|p1a: Arceus|Calm Mind|p1a: Arceus\n|-boost|p1a: Arceus|spa|1\n|-boost|p1a: Arceus|spd|1\n|move|p2a: Dudunsparce|Calm Mind|p2a: Dudunsparce\n|-boost|p2a: Dudunsparce|spa|1\n|-boost|p2a: Dudunsparce|spd|1\n|\n|-heal|p2a: Dudunsparce|87/100|[from] item: Leftovers\n|upkeep\n|turn|23\n|inactive|Time left: 300 sec this turn | 300 sec total\n|\n|t:|1783548164\n|move|p1a: Arceus|Calm Mind|p1a: Arceus\n|-boost|p1a: Arceus|spa|1\n|-boost|p1a: Arceus|spd|1\n|move|p2a: Dudunsparce|Calm Mind|p2a: Dudunsparce\n|-boost|p2a: Dudunsparce|spa|1\n|-boost|p2a: Dudunsparce|spd|1\n|\n|-heal|p2a: Dudunsparce|93/100|[from] item: Leftovers\n|upkeep\n|turn|24\n|inactive|Time left: 300 sec this turn | 300 sec total\n|\n|t:|1783548165\n|move|p1a: Arceus|Calm Mind|p1a: Arceus\n|-boost|p1a: Arceus|spa|1\n|-boost|p1a: Arceus|spd|1\n|move|p2a: Dudunsparce|Boomburst|p1a: Arceus\n|-damage|p1a: Arceus|165/279\n|\n|-heal|p2a: Dudunsparce|99/100|[from] item: Leftovers\n|upkeep\n|turn|25\n|inactive|Time left: 300 sec this turn | 300 sec total\n|\n|t:|1783548166\n|move|p1a: Arceus|Recover|p1a: Arceus\n|-heal|p1a: Arceus|279/279\n|move|p2a: Dudunsparce|Boomburst|p1a: Arceus\n|-damage|p1a: Arceus|171/279\n|\n|-heal|p2a: Dudunsparce|100/100|[from] item: Leftovers\n|upkeep\n|turn|26\n|inactive|Time left: 300 sec this turn | 300 sec total\n|\n|t:|1783548168\n|move|p1a: Arceus|Recover|p1a: Arceus\n|-heal|p1a: Arceus|279/279\n|move|p2a: Dudunsparce|Boomburst|p1a: Arceus\n|-damage|p1a: Arceus|171/279\n|\n|upkeep\n|turn|27\n|inactive|Time left: 300 sec this turn | 300 sec total\n|\n|t:|1783548169\n|move|p1a: Arceus|Recover|p1a: Arceus\n|-heal|p1a: Arceus|279/279\n|move|p2a: Dudunsparce|Boomburst|p1a: Arceus\n|-damage|p1a: Arceus|176/279\n|\n|upkeep\n|turn|28\n|inactive|Time left: 300 sec this turn | 300 sec total\n|\n|t:|1783548170\n|move|p1a: Arceus|Recover|p1a: Arceus\n|-heal|p1a: Arceus|279/279\n|move|p2a: Dudunsparce|Boomburst|p1a: Arceus\n|-damage|p1a: Arceus|173/279\n|\n|upkeep\n|turn|29\n|inactive|Time left: 300 sec this turn | 300 sec total\n|\n|t:|1783548171\n|move|p1a: Arceus|Recover|p1a: Arceus\n|-heal|p1a: Arceus|279/279\n|move|p2a: Dudunsparce|Boomburst|p1a: Arceus\n|-damage|p1a: Arceus|182/279\n|\n|upkeep\n|turn|30\n|inactive|Time left: 300 sec this turn | 300 sec total\n|\n|t:|1783548172\n|move|p1a: Arceus|Judgment|p2a: Dudunsparce\n|-damage|p2a: Dudunsparce|57/100\n|move|p2a: Dudunsparce|Boomburst|p1a: Arceus\n|-damage|p1a: Arceus|74/279\n|\n|-heal|p2a: Dudunsparce|63/100|[from] item: Leftovers\n|upkeep\n|turn|31\n|inactive|Time left: 300 sec this turn | 300 sec total\n|\n|t:|1783548173\n|-terastallize|p1a: Arceus|Steel\n|move|p1a: Arceus|Judgment|p2a: Dudunsparce\n|-damage|p2a: Dudunsparce|20/100\n|move|p2a: Dudunsparce|Roost|p2a: Dudunsparce\n|-heal|p2a: Dudunsparce|70/100\n|-singleturn|p2a: Dudunsparce|move: Roost\n|\n|-heal|p2a: Dudunsparce|77/100|[from] item: Leftovers\n|upkeep\n|turn|32\n|inactive|Time left: 300 sec this turn | 300 sec total\n|\n|t:|1783548174\n|move|p1a: Arceus|Recover|p1a: Arceus\n|-heal|p1a: Arceus|214/279\n|move|p2a: Dudunsparce|Calm Mind|p2a: Dudunsparce\n|-boost|p2a: Dudunsparce|spa|1\n|-boost|p2a: Dudunsparce|spd|1\n|\n|-heal|p2a: Dudunsparce|83/100|[from] item: Leftovers\n|upkeep\n|turn|33\n|inactive|Time left: 300 sec this turn | 300 sec total\n|\n|t:|1783548175\n|move|p1a: Arceus|Calm Mind|p1a: Arceus\n|-boost|p1a: Arceus|spa|1\n|-boost|p1a: Arceus|spd|1\n|move|p2a: Dudunsparce|Calm Mind|p2a: Dudunsparce\n|-boost|p2a: Dudunsparce|spa|1\n|-boost|p2a: Dudunsparce|spd|1\n|\n|-heal|p2a: Dudunsparce|89/100|[from] item: Leftovers\n|upkeep\n|turn|34\n|inactive|Time left: 300 sec this turn | 300 sec total\n|\n|t:|1783548176\n|move|p1a: Arceus|Judgment|p2a: Dudunsparce\n|-damage|p2a: Dudunsparce|56/100\n|move|p2a: Dudunsparce|Calm Mind|p2a: Dudunsparce\n|-boost|p2a: Dudunsparce|spa|1\n|-boost|p2a: Dudunsparce|spd|1\n|\n|-heal|p2a: Dudunsparce|62/100|[from] item: Leftovers\n|upkeep\n|turn|35\n|inactive|Time left: 300 sec this turn | 300 sec total\n|\n|t:|1783548177\n|move|p1a: Arceus|Judgment|p2a: Dudunsparce\n|-damage|p2a: Dudunsparce|31/100\n|move|p2a: Dudunsparce|Roost|p2a: Dudunsparce\n|-heal|p2a: Dudunsparce|81/100\n|-singleturn|p2a: Dudunsparce|move: Roost\n|\n|-heal|p2a: Dudunsparce|87/100|[from] item: Leftovers\n|upkeep\n|turn|36\n|inactive|Time left: 300 sec this turn | 300 sec total\n|\n|t:|1783548178\n|move|p1a: Arceus|Calm Mind|p1a: Arceus\n|-boost|p1a: Arceus|spa|1\n|-boost|p1a: Arceus|spd|1\n|move|p2a: Dudunsparce|Shadow Ball|p1a: Arceus\n|-damage|p1a: Arceus|168/279\n|-unboost|p1a: Arceus|spd|1\n|\n|-heal|p2a: Dudunsparce|93/100|[from] item: Leftovers\n|upkeep\n|turn|37\n|inactive|Time left: 300 sec this turn | 300 sec total\n|\n|t:|1783548179\n|move|p1a: Arceus|Recover|p1a: Arceus\n|-heal|p1a: Arceus|279/279\n|move|p2a: Dudunsparce|Shadow Ball|p1a: Arceus\n|-damage|p1a: Arceus|227/279\n|\n|-heal|p2a: Dudunsparce|99/100|[from] item: Leftovers\n|upkeep\n|turn|38\n|inactive|Time left: 300 sec this turn | 300 sec total\n|\n|t:|1783548180\n|move|p1a: Arceus|Judgment|p2a: Dudunsparce\n|-damage|p2a: Dudunsparce|64/100\n|move|p2a: Dudunsparce|Boomburst|p1a: Arceus\n|-resisted|p1a: Arceus\n|-damage|p1a: Arceus|151/279\n|\n|-heal|p2a: Dudunsparce|70/100|[from] item: Leftovers\n|upkeep\n|turn|39\n|inactive|Time left: 300 sec this turn | 300 sec total\n|\n|t:|1783548181\n|move|p1a: Arceus|Recover|p1a: Arceus\n|-heal|p1a: Arceus|279/279\n|move|p2a: Dudunsparce|Boomburst|p1a: Arceus\n|-resisted|p1a: Arceus\n|-damage|p1a: Arceus|212/279\n|\n|-heal|p2a: Dudunsparce|77/100|[from] item: Leftovers\n|upkeep\n|turn|40\n|inactive|Time left: 300 sec this turn | 300 sec total\n|\n|t:|1783548182\n|move|p1a: Arceus|Judgment|p2a: Dudunsparce\n|-damage|p2a: Dudunsparce|42/100\n|move|p2a: Dudunsparce|Boomburst|p1a: Arceus\n|-resisted|p1a: Arceus\n|-damage|p1a: Arceus|143/279\n|\n|-heal|p2a: Dudunsparce|49/100|[from] item: Leftovers\n|upkeep\n|turn|41\n|inactive|Time left: 300 sec this turn | 300 sec total\n|\n|t:|1783548183\n|move|p1a: Arceus|Judgment|p2a: Dudunsparce\n|-crit|p2a: Dudunsparce\n|-damage|p2a: Dudunsparce|0 fnt\n|faint|p2a: Dudunsparce\n|\n|upkeep\n|\n|t:|1783548184\n|switch|p2a: Carbink|Carbink, L90|100/100\n|turn|42\n|inactive|Time left: 300 sec this turn | 300 sec total\n|\n|t:|1783548184\n|move|p1a: Arceus|Earth Power|p2a: Carbink\n|-supereffective|p2a: Carbink\n|-ability|p2a: Carbink|Sturdy\n|-damage|p2a: Carbink|1/100\n|move|p2a: Carbink|Rest|p2a: Carbink\n|-status|p2a: Carbink|slp|[from] move: Rest\n|-heal|p2a: Carbink|100/100 slp|[silent]\n|-enditem|p2a: Carbink|Chesto Berry|[eat]\n|-curestatus|p2a: Carbink|slp|[msg]\n|\n|upkeep\n|turn|43\n|inactive|Time left: 300 sec this turn | 300 sec total\n|\n|t:|1783548185\n|move|p1a: Arceus|Earth Power|p2a: Carbink\n|-supereffective|p2a: Carbink\n|-ability|p2a: Carbink|Sturdy\n|-damage|p2a: Carbink|1/100\n|move|p2a: Carbink|Rest|p2a: Carbink\n|-status|p2a: Carbink|slp|[from] move: Rest\n|-heal|p2a: Carbink|100/100 slp|[silent]\n|\n|upkeep\n|turn|44\n|inactive|Time left: 300 sec this turn | 300 sec total\n|\n|t:|1783548186\n|move|p1a: Arceus|Judgment|p2a: Carbink\n|-resisted|p2a: Carbink\n|-damage|p2a: Carbink|52/100 slp\n|cant|p2a: Carbink|slp\n|\n|upkeep\n|turn|45\n|inactive|Time left: 300 sec this turn | 300 sec total\n|\n|t:|1783548186\n|move|p1a: Arceus|Earth Power|p2a: Carbink\n|-supereffective|p2a: Carbink\n|-damage|p2a: Carbink|0 fnt\n|faint|p2a: Carbink\n|\n|upkeep\n|\n|t:|1783548187\n|switch|p2a: Sandaconda|Sandaconda, L84, M|26/100\n|turn|46\n|inactive|Time left: 300 sec this turn | 300 sec total\n|\n|t:|1783548188\n|move|p1a: Arceus|Judgment|p2a: Sandaconda\n|-damage|p2a: Sandaconda|0 fnt\n|faint|p2a: Sandaconda\n|\n|win|p0x777d3ab", "uploadtime": 1783548188, "views": 0, "rating": 0, "private": 0, "password": null, "_winner": "p0x777d3ab", "_our_name": "p0x777d3ab"}