{"id": "battle-gen9randombattle-754", "formatid": "gen9randombattle", "format": "[Gen 9] Random Battle", "players": ["p0x75361f2", "p0y7535eb1"], "log": "|init|battle\n|title|p0x75361f2 vs. p0y7535eb1\n|j|\u2606p0x75361f2\n|j|\u2606p0y7535eb1\n|t:|1783547869\n|gametype|singles\n|player|p1|p0x75361f2|170|\n|player|p2|p0y7535eb1|102|\n|gen|9\n|tier|[Gen 9] Random Battle\n|rule|Species Clause: Limit one of each Pok\u00e9mon\n|rule|HP Percentage Mod: HP is shown in percentages\n|rule|Sleep Clause Mod: Limit one foe put to sleep\n|rule|Illusion Level Mod: Illusion disguises the Pok\u00e9mon's true level\n|\n|t:|1783547869\n|teamsize|p1|6\n|teamsize|p2|6\n|start\n|switch|p1a: Braviary|Braviary-Hisui, L85, M|100/100\n|switch|p2a: Lumineon|Lumineon, L93, M|279/279\n|turn|1\n|inactive|Battle timer is ON: inactive players will automatically lose when time's up. (requested by p0x75361f2)\n|inactive|Time left: 300 sec this turn | 300 sec total | 60 sec grace\n|inactive|p0y7535eb1 also wants the timer to be on.\n|\n|t:|1783547870\n|move|p2a: Lumineon|Ice Beam|p1a: Braviary\n|-supereffective|p1a: Braviary\n|-damage|p1a: Braviary|49/100\n|-status|p1a: Braviary|frz\n|-damage|p2a: Lumineon|252/279|[from] item: Life Orb\n|cant|p1a: Braviary|frz\n|\n|upkeep\n|turn|2\n|inactive|Time left: 300 sec this turn | 300 sec total\n|\n|t:|1783547872\n|switch|p1a: Grumpig|Grumpig, L92, M|100/100\n|move|p2a: Lumineon|Hydro Pump|p1a: Grumpig\n|-damage|p1a: Grumpig|66/100\n|-damage|p2a: Lumineon|225/279|[from] item: Life Orb\n|\n|upkeep\n|turn|3\n|inactive|Time left: 300 sec this turn | 300 sec total\n|\n|t:|1783547873\n|switch|p2a: Cacturne|Cacturne, L92, F|278/278\n|move|p1a: Grumpig|Psyshock|p2a: Cacturne\n|-immune|p2a: Cacturne\n|\n|upkeep\n|turn|4\n|inactive|Time left: 300 sec this turn | 300 sec total\n|\n|t:|1783547874\n|switch|p1a: Braviary|Braviary-Hisui, L85, M|49/100 frz\n|move|p2a: Cacturne|Swords Dance|p2a: Cacturne\n|-boost|p2a: Cacturne|atk|2\n|\n|upkeep\n|turn|5\n|inactive|Time left: 300 sec this turn | 300 sec total\n|\n|t:|1783547875\n|cant|p1a: Braviary|frz\n|move|p2a: Cacturne|Knock Off|p1a: Braviary\n|-supereffective|p1a: Braviary\n|-damage|p1a: Braviary|0 fnt\n|-enditem|p1a: Braviary|Heavy-Duty Boots|[from] move: Knock Off|[of] p2a: Cacturne\n|faint|p1a: Braviary\n|-damage|p2a: Cacturne|251/278|[from] item: Life Orb\n|\n|upkeep\n|\n|t:|1783547876\n|switch|p1a: Zekrom|Zekrom, L71|100/100\n|-ability|p1a: Zekrom|Teravolt\n|turn|6\n|inactive|Time left: 300 sec this turn | 300 sec total\n|\n|t:|1783547877\n|move|p1a: Zekrom|Outrage|p2a: Cacturne\n|-damage|p2a: Cacturne|80/278\n|move|p2a: Cacturne|Knock Off|p1a: Zekrom\n|-damage|p1a: Zekrom|0 fnt\n|-enditem|p1a: Zekrom|Leftovers|[from] move: Knock Off|[of] p2a: Cacturne\n|faint|p1a: Zekrom\n|-damage|p2a: Cacturne|53/278|[from] item: Life Orb\n|\n|upkeep\n|\n|t:|1783547878\n|switch|p1a: Sandaconda|Sandaconda, L84, F|100/100\n|turn|7\n|inactive|Time left: 300 sec this turn | 300 sec total\n|\n|t:|1783547879\n|move|p2a: Cacturne|Sucker Punch|p1a: Sandaconda\n|-damage|p1a: Sandaconda|28/100\n|-damage|p2a: Cacturne|26/278|[from] item: Life Orb\n|move|p1a: Sandaconda|Earthquake|p2a: Cacturne\n|-resisted|p2a: Cacturne\n|-damage|p2a: Cacturne|0 fnt\n|faint|p2a: Cacturne\n|\n|-heal|p1a: Sandaconda|34/100|[from] item: Leftovers\n|upkeep\n|inactive|Time left: 300 sec this turn | 300 sec total | 5 sec grace\n|\n|t:|1783547880\n|switch|p2a: Rampardos|Rampardos, L90, F|321/321\n|turn|8\n|inactive|Time left: 300 sec this turn | 300 sec total\n|\n|t:|1783547881\n|move|p2a: Rampardos|Earthquake|p1a: Sandaconda\n|-crit|p1a: Sandaconda\n|-damage|p1a: Sandaconda|0 fnt\n|faint|p1a: Sandaconda\n|\n|upkeep\n|\n|t:|1783547882\n|switch|p1a: Grumpig|Grumpig, L92, M|66/100\n|turn|9\n|inactive|Time left: 300 sec this turn | 300 sec total\n|\n|t:|1783547883\n|move|p2a: Rampardos|Earthquake|p1a: Grumpig\n|-damage|p1a: Grumpig|17/100\n|move|p1a: Grumpig|Focus Blast|p2a: Rampardos|[miss]\n|-miss|p1a: Grumpig|p2a: Rampardos\n|\n|upkeep\n|turn|10\n|inactive|Time left: 300 sec this turn | 300 sec total\n|\n|t:|1783547885\n|move|p2a: Rampardos|Earthquake|p1a: Grumpig\n|-damage|p1a: Grumpig|0 fnt\n|faint|p1a: Grumpig\n|\n|upkeep\n|\n|t:|1783547886\n|switch|p1a: Toxtricity|Toxtricity, L82, M|100/100\n|turn|11\n|inactive|Time left: 300 sec this turn | 300 sec total\n|\n|t:|1783547887\n|-terastallize|p1a: Toxtricity|Normal\n|move|p1a: Toxtricity|Boomburst|p2a: Rampardos\n|-resisted|p2a: Rampardos\n|-damage|p2a: Rampardos|173/321\n|move|p2a: Rampardos|Earthquake|p1a: Toxtricity\n|-damage|p1a: Toxtricity|42/100\n|\n|upkeep\n|turn|12\n|inactive|Time left: 300 sec this turn | 300 sec total\n|\n|t:|1783547888\n|move|p1a: Toxtricity|Boomburst|p2a: Rampardos\n|-resisted|p2a: Rampardos\n|-damage|p2a: Rampardos|20/321\n|move|p2a: Rampardos|Earthquake|p1a: Toxtricity\n|-damage|p1a: Toxtricity|0 fnt\n|faint|p1a: Toxtricity\n|\n|upkeep\n|\n|t:|1783547888\n|switch|p1a: Sableye|Sableye, L88, M|100/100\n|turn|13\n|inactive|Time left: 300 sec this turn | 300 sec total\n|\n|t:|1783547889\n|move|p1a: Sableye|Thunder Wave|p2a: Rampardos\n|-status|p2a: Rampardos|par\n|move|p2a: Rampardos|Earthquake|p1a: Sableye\n|-damage|p1a: Sableye|46/100\n|\n|-heal|p1a: Sableye|52/100|[from] item: Leftovers\n|upkeep\n|turn|14\n|inactive|Time left: 300 sec this turn | 300 sec total\n|\n|t:|1783547890\n|switch|p2a: Lumineon|Lumineon, L93, M|225/279\n|move|p1a: Sableye|Recover|p1a: Sableye\n|-heal|p1a: Sableye|100/100\n|\n|upkeep\n|turn|15\n|inactive|Time left: 300 sec this turn | 300 sec total\n|\n|t:|1783547891\n|-terastallize|p2a: Lumineon|Fairy\n|move|p1a: Sableye|Thunder Wave|p2a: Lumineon\n|-status|p2a: Lumineon|par\n|cant|p2a: Lumineon|par\n|\n|upkeep\n|turn|16\n|inactive|Time left: 300 sec this turn | 300 sec total\n|\n|t:|1783547892\n|move|p1a: Sableye|Knock Off|p2a: Lumineon\n|-resisted|p2a: Lumineon\n|-damage|p2a: Lumineon|182/279 par\n|-enditem|p2a: Lumineon|Life Orb|[from] move: Knock Off|[of] p1a: Sableye\n|cant|p2a: Lumineon|par\n|\n|upkeep\n|turn|17\n|inactive|Time left: 300 sec this turn | 300 sec total\n|\n|t:|1783547893\n|move|p1a: Sableye|Knock Off|p2a: Lumineon\n|-resisted|p2a: Lumineon\n|-damage|p2a: Lumineon|153/279 par\n|move|p2a: Lumineon|Alluring Voice|p1a: Sableye\n|-supereffective|p1a: Sableye\n|-damage|p1a: Sableye|24/100\n|\n|-heal|p1a: Sableye|30/100|[from] item: Leftovers\n|upkeep\n|turn|18\n|inactive|Time left: 300 sec this turn | 300 sec total\n|\n|t:|1783547894\n|move|p1a: Sableye|Recover|p1a: Sableye\n|-heal|p1a: Sableye|81/100\n|move|p2a: Lumineon|Alluring Voice|p1a: Sableye\n|-supereffective|p1a: Sableye\n|-damage|p1a: Sableye|0 fnt\n|faint|p1a: Sableye\n|\n|win|p0y7535eb1", "uploadtime": 1783547894, "views": 0, "rating": 0, "private": 0, "password": null, "_winner": "p0y7535eb1", "_our_name": "p0y7535eb1"}