{"id": "battle-gen9randombattle-1881", "formatid": "gen9randombattle", "format": "[Gen 9] Random Battle", "players": ["p0x1881318b", "p0y1881f9c3"], "log": "|init|battle\n|title|p0x1881318b vs. p0y1881f9c3\n|j|\u2606p0x1881318b\n|j|\u2606p0y1881f9c3\n|t:|1783561793\n|gametype|singles\n|player|p1|p0x1881318b|170|\n|player|p2|p0y1881f9c3|169|\n|gen|9\n|tier|[Gen 9] Random Battle\n|rule|Species Clause: Limit one of each Pok\u00e9mon\n|rule|HP Percentage Mod: HP is shown in percentages\n|rule|Sleep Clause Mod: Limit one foe put to sleep\n|rule|Illusion Level Mod: Illusion disguises the Pok\u00e9mon's true level\n|\n|t:|1783561793\n|teamsize|p1|6\n|teamsize|p2|6\n|start\n|switch|p1a: Falinks|Falinks, L84|246/246\n|switch|p2a: Palkia|Palkia, L75|100/100\n|-ability|p2a: Palkia|Pressure\n|turn|1\n|inactive|Battle timer is ON: inactive players will automatically lose when time's up. (requested by p0x1881318b)\n|inactive|p0y1881f9c3 also wants the timer to be on.\n|\n|t:|1783561794\n|move|p2a: Palkia|Hydro Pump|p1a: Falinks\n|-damage|p1a: Falinks|47/246\n|move|p1a: Falinks|No Retreat|p1a: Falinks\n|-boost|p1a: Falinks|atk|1\n|-boost|p1a: Falinks|def|1\n|-boost|p1a: Falinks|spa|1\n|-boost|p1a: Falinks|spd|1\n|-boost|p1a: Falinks|spe|1\n|-start|p1a: Falinks|move: No Retreat\n|\n|upkeep\n|turn|2\n|inactive|Time left: 300 sec this turn | 300 sec total\n|\n|t:|1783561795\n|switch|p2a: Amoonguss|Amoonguss, L82, F|100/100\n|move|p1a: Falinks|Close Combat|p2a: Amoonguss\n|-resisted|p2a: Amoonguss\n|-damage|p2a: Amoonguss|51/100\n|-unboost|p1a: Falinks|def|1\n|-unboost|p1a: Falinks|spd|1\n|-damage|p1a: Falinks|6/246|[from] item: Rocky Helmet|[of] p2a: Amoonguss\n|-damage|p1a: Falinks|0 fnt|[from] item: Life Orb\n|faint|p1a: Falinks\n|\n|upkeep\n|inactive|Time left: 300 sec this turn | 300 sec total | 5 sec grace\n|\n|t:|1783561796\n|switch|p1a: Primarina|Primarina, L83, F|268/268\n|turn|3\n|inactive|Time left: 300 sec this turn | 300 sec total\n|\n|t:|1783561797\n|switch|p2a: Ariados|Ariados, L95, F|100/100\n|move|p1a: Primarina|Moonblast|p2a: Ariados\n|-resisted|p2a: Ariados\n|-damage|p2a: Ariados|70/100\n|\n|upkeep\n|turn|4\n|inactive|Time left: 300 sec this turn | 300 sec total\n|\n|t:|1783561798\n|move|p1a: Primarina|Moonblast|p2a: Ariados\n|-resisted|p2a: Ariados\n|-damage|p2a: Ariados|36/100\n|move|p2a: Ariados|Sticky Web|p1a: Primarina\n|-sidestart|p1: p0x1881318b|move: Sticky Web\n|\n|upkeep\n|turn|5\n|inactive|Time left: 300 sec this turn | 300 sec total\n|\n|t:|1783561799\n|move|p1a: Primarina|Moonblast|p2a: Ariados\n|-resisted|p2a: Ariados\n|-damage|p2a: Ariados|3/100\n|-unboost|p2a: Ariados|spa|1\n|move|p2a: Ariados|Poison Jab|p1a: Primarina\n|-supereffective|p1a: Primarina\n|-damage|p1a: Primarina|22/268\n|\n|upkeep\n|turn|6\n|inactive|Time left: 300 sec this turn | 300 sec total\n|\n|t:|1783561800\n|move|p2a: Ariados|Sucker Punch|p1a: Primarina\n|-resisted|p1a: Primarina\n|-damage|p1a: Primarina|0 fnt\n|faint|p1a: Primarina\n|\n|upkeep\n|inactive|Time left: 300 sec this turn | 300 sec total | 5 sec grace\n|\n|t:|1783561800\n|switch|p1a: Zangoose|Zangoose, L85, F|263/263\n|-activate|p1a: Zangoose|move: Sticky Web\n|-unboost|p1a: Zangoose|spe|1\n|turn|7\n|inactive|Time left: 300 sec this turn | 300 sec total\n|\n|t:|1783561801\n|move|p2a: Ariados|Sucker Punch|p1a: Zangoose\n|-damage|p1a: Zangoose|184/263\n|move|p1a: Zangoose|Knock Off|p2a: Ariados\n|-damage|p2a: Ariados|0 fnt\n|-enditem|p2a: Ariados|Heavy-Duty Boots|[from] move: Knock Off|[of] p1a: Zangoose\n|faint|p2a: Ariados\n|\n|-status|p1a: Zangoose|tox|[from] item: Toxic Orb\n|upkeep\n|\n|t:|1783561802\n|switch|p2a: Palkia|Palkia, L75|100/100\n|-ability|p2a: Palkia|Pressure\n|turn|8\n|inactive|Time left: 300 sec this turn | 300 sec total\n|\n|t:|1783561803\n|switch|p1a: Gogoat|Gogoat, L88, M|360/360\n|-activate|p1a: Gogoat|move: Sticky Web\n|-unboost|p1a: Gogoat|spe|1\n|move|p2a: Palkia|Spacial Rend|p1a: Gogoat\n|-damage|p1a: Gogoat|221/360\n|\n|-heal|p1a: Gogoat|243/360|[from] item: Leftovers\n|upkeep\n|turn|9\n|inactive|Time left: 300 sec this turn | 300 sec total\n|\n|t:|1783561804\n|move|p2a: Palkia|Fire Blast|p1a: Gogoat\n|-supereffective|p1a: Gogoat\n|-damage|p1a: Gogoat|59/360\n|move|p1a: Gogoat|Milk Drink|p1a: Gogoat\n|-heal|p1a: Gogoat|239/360\n|\n|-heal|p1a: Gogoat|261/360|[from] item: Leftovers\n|upkeep\n|turn|10\n|inactive|Time left: 300 sec this turn | 300 sec total\n|\n|t:|1783561805\n|move|p2a: Palkia|Spacial Rend|p1a: Gogoat\n|-damage|p1a: Gogoat|101/360\n|move|p1a: Gogoat|Horn Leech|p2a: Palkia\n|-damage|p2a: Palkia|63/100\n|-heal|p1a: Gogoat|149/360|[from] drain|[of] p2a: Palkia\n|\n|-heal|p1a: Gogoat|171/360|[from] item: Leftovers\n|upkeep\n|turn|11\n|inactive|Time left: 300 sec this turn | 300 sec total\n|\n|t:|1783561806\n|move|p2a: Palkia|Fire Blast|p1a: Gogoat\n|-supereffective|p1a: Gogoat\n|-damage|p1a: Gogoat|0 fnt\n|faint|p1a: Gogoat\n|\n|upkeep\n|inactive|Time left: 300 sec this turn | 300 sec total | 5 sec grace\n|\n|t:|1783561807\n|switch|p1a: Goodra|Goodra-Hisui, L82, M|265/265\n|-activate|p1a: Goodra|move: Sticky Web\n|-unboost|p1a: Goodra|spe|1\n|turn|12\n|inactive|Time left: 300 sec this turn | 300 sec total\n|\n|t:|1783561808\n|move|p2a: Palkia|Spacial Rend|p1a: Goodra\n|-damage|p1a: Goodra|196/265\n|move|p1a: Goodra|Draco Meteor|p2a: Palkia|[miss]\n|-miss|p1a: Goodra|p2a: Palkia\n|\n|upkeep\n|turn|13\n|inactive|Time left: 300 sec this turn | 300 sec total\n|\n|t:|1783561809\n|move|p2a: Palkia|Thunder Wave|p1a: Goodra\n|-status|p1a: Goodra|par\n|move|p1a: Goodra|Draco Meteor|p2a: Palkia\n|-supereffective|p2a: Palkia\n|-damage|p2a: Palkia|0 fnt\n|-unboost|p1a: Goodra|spa|2\n|faint|p2a: Palkia\n|\n|upkeep\n|\n|t:|1783561810\n|switch|p2a: Thundurus|Thundurus, L80, M|100/100\n|turn|14\n|inactive|Time left: 300 sec this turn | 300 sec total\n|\n|t:|1783561811\n|switch|p1a: Zangoose|Zangoose, L85, F|184/263 tox\n|-activate|p1a: Zangoose|move: Sticky Web\n|-unboost|p1a: Zangoose|spe|1\n|move|p2a: Thundurus|Thunderbolt|p1a: Zangoose\n|-damage|p1a: Zangoose|54/263 tox\n|\n|-damage|p1a: Zangoose|38/263 tox|[from] psn\n|upkeep\n|turn|15\n|inactive|Time left: 300 sec this turn | 300 sec total\n|\n|t:|1783561813\n|switch|p1a: Goodra|Goodra-Hisui, L82, M|196/265 par\n|-activate|p1a: Goodra|move: Sticky Web\n|-unboost|p1a: Goodra|spe|1\n|move|p2a: Thundurus|Thunderbolt|p1a: Goodra\n|-resisted|p1a: Goodra\n|-damage|p1a: Goodra|173/265 par\n|\n|upkeep\n|turn|16\n|inactive|Time left: 300 sec this turn | 300 sec total\n|\n|t:|1783561814\n|move|p2a: Thundurus|Focus Blast|p1a: Goodra\n|-supereffective|p1a: Goodra\n|-damage|p1a: Goodra|87/265 par\n|move|p1a: Goodra|Fire Blast|p2a: Thundurus\n|-damage|p2a: Thundurus|63/100\n|\n|upkeep\n|turn|17\n|inactive|Time left: 300 sec this turn | 300 sec total\n|\n|t:|1783561816\n|move|p2a: Thundurus|Focus Blast|p1a: Goodra\n|-supereffective|p1a: Goodra\n|-damage|p1a: Goodra|3/265 par\n|move|p1a: Goodra|Heavy Slam|p2a: Thundurus\n|-resisted|p2a: Thundurus\n|-damage|p2a: Thundurus|33/100\n|\n|upkeep\n|turn|18\n|inactive|Time left: 300 sec this turn | 300 sec total\n|\n|t:|1783561818\n|move|p2a: Thundurus|Thunderbolt|p1a: Goodra\n|-resisted|p1a: Goodra\n|-damage|p1a: Goodra|0 fnt\n|faint|p1a: Goodra\n|\n|upkeep\n|inactive|Time left: 300 sec this turn | 300 sec total | 5 sec grace\n|\n|t:|1783561820\n|switch|p1a: Persian|Persian, L92, F|269/269\n|-activate|p1a: Persian|move: Sticky Web\n|-unboost|p1a: Persian|spe|1\n|turn|19\n|inactive|Time left: 300 sec this turn | 300 sec total\n|\n|t:|1783561821\n|move|p1a: Persian|Fake Out|p2a: Thundurus\n|-damage|p2a: Thundurus|2/100\n|cant|p2a: Thundurus|flinch\n|\n|upkeep\n|turn|20\n|inactive|Time left: 300 sec this turn | 300 sec total\n|\n|t:|1783561822\n|move|p2a: Thundurus|Thunderbolt|p1a: Persian\n|-damage|p1a: Persian|154/269\n|-status|p1a: Persian|par\n|cant|p1a: Persian|par\n|\n|upkeep\n|turn|21\n|inactive|Time left: 300 sec this turn | 300 sec total\n|\n|t:|1783561823\n|switch|p1a: Zangoose|Zangoose, L85, F|38/263 tox\n|-activate|p1a: Zangoose|move: Sticky Web\n|-unboost|p1a: Zangoose|spe|1\n|move|p2a: Thundurus|Focus Blast|p1a: Zangoose\n|-supereffective|p1a: Zangoose\n|-damage|p1a: Zangoose|0 fnt\n|faint|p1a: Zangoose\n|\n|upkeep\n|inactive|Time left: 300 sec this turn | 300 sec total | 5 sec grace\n|\n|t:|1783561825\n|switch|p1a: Persian|Persian, L92, F|154/269 par\n|-activate|p1a: Persian|move: Sticky Web\n|-unboost|p1a: Persian|spe|1\n|turn|22\n|inactive|Time left: 300 sec this turn | 300 sec total\n|\n|t:|1783561825\n|cant|p1a: Persian|par\n|move|p2a: Thundurus|Thunderbolt|p1a: Persian\n|-damage|p1a: Persian|30/269 par\n|\n|upkeep\n|turn|23\n|inactive|Time left: 300 sec this turn | 300 sec total\n|\n|t:|1783561827\n|-terastallize|p2a: Thundurus|Grass\n|-terastallize|p1a: Persian|Normal\n|move|p1a: Persian|Fake Out||[still]\n|-hint|Fake Out only works on your first turn out.\n|-fail|p1a: Persian\n|move|p2a: Thundurus|Thunderbolt|p1a: Persian\n|-damage|p1a: Persian|0 fnt\n|faint|p1a: Persian\n|\n|win|p0y1881f9c3", "uploadtime": 1783561827, "views": 0, "rating": 0, "private": 0, "password": null, "_winner": "p0y1881f9c3", "_our_name": "p0x1881318b"}