{"id": "battle-gen9randombattle-156", "formatid": "gen9randombattle", "format": "[Gen 9] Random Battle", "players": ["p0x1563bd8", "p0y156dbe7"], "log": "|init|battle\n|title|p0x1563bd8 vs. p0y156dbe7\n|j|\u2606p0x1563bd8\n|j|\u2606p0y156dbe7\n|t:|1783540955\n|gametype|singles\n|player|p1|p0x1563bd8|170|\n|player|p2|p0y156dbe7|265|\n|gen|9\n|tier|[Gen 9] Random Battle\n|rule|Species Clause: Limit one of each Pok\u00e9mon\n|rule|HP Percentage Mod: HP is shown in percentages\n|rule|Sleep Clause Mod: Limit one foe put to sleep\n|rule|Illusion Level Mod: Illusion disguises the Pok\u00e9mon's true level\n|\n|t:|1783540955\n|teamsize|p1|6\n|teamsize|p2|6\n|start\n|switch|p1a: Phione|Phione, L91|293/293\n|switch|p2a: Mightyena|Mightyena, L96, F|100/100\n|-ability|p2a: Mightyena|Intimidate|boost\n|-unboost|p1a: Phione|atk|1\n|turn|1\n|inactive|Battle timer is ON: inactive players will automatically lose when time's up. (requested by p0y156dbe7)\n|inactive|Time left: 300 sec this turn | 300 sec total | 60 sec grace\n|inactive|p0x1563bd8 also wants the timer to be on.\n|\n|t:|1783540956\n|move|p1a: Phione|Scald|p2a: Mightyena\n|-damage|p2a: Mightyena|66/100\n|-status|p2a: Mightyena|brn\n|move|p2a: Mightyena|Crunch|p1a: Phione\n|-damage|p1a: Phione|221/293\n|\n|-heal|p1a: Phione|239/293|[from] item: Leftovers\n|-damage|p2a: Mightyena|60/100 brn|[from] brn\n|upkeep\n|turn|2\n|inactive|Time left: 300 sec this turn | 300 sec total\n|\n|t:|1783540958\n|switch|p1a: Hydrapple|Hydrapple, L83, F|312/312\n|move|p2a: Mightyena|Crunch|p1a: Hydrapple\n|-damage|p1a: Hydrapple|246/312\n|\n|-damage|p2a: Mightyena|54/100 brn|[from] brn\n|upkeep\n|turn|3\n|inactive|Time left: 300 sec this turn | 300 sec total\n|\n|t:|1783540959\n|move|p2a: Mightyena|Crunch|p1a: Hydrapple\n|-damage|p1a: Hydrapple|183/312\n|move|p1a: Hydrapple|Fickle Beam|p2a: Mightyena|[anim] Fickle Beam All Out\n|-activate|p1a: Hydrapple|move: Fickle Beam\n|-damage|p2a: Mightyena|0 fnt\n|faint|p2a: Mightyena\n|\n|upkeep\n|\n|t:|1783540960\n|switch|p2a: Lapras|Lapras, L87, M|100/100\n|turn|4\n|inactive|Time left: 300 sec this turn | 300 sec total\n|\n|t:|1783540961\n|switch|p1a: Hitmontop|Hitmontop, L88, M|231/231\n|-ability|p1a: Hitmontop|Intimidate|boost\n|-unboost|p2a: Lapras|atk|1\n|move|p2a: Lapras|Icicle Spear|p1a: Hitmontop\n|-damage|p1a: Hitmontop|216/231\n|-damage|p1a: Hitmontop|201/231\n|-damage|p1a: Hitmontop|185/231\n|-damage|p1a: Hitmontop|169/231\n|-hitcount|p1a: Hitmontop|4\n|\n|upkeep\n|turn|5\n|inactive|Time left: 300 sec this turn | 300 sec total\n|\n|t:|1783540962\n|switch|p2a: Tsareena|Tsareena, L87, F|100/100\n|move|p1a: Hitmontop|Close Combat|p2a: Tsareena\n|-damage|p2a: Tsareena|59/100\n|-unboost|p1a: Hitmontop|def|1\n|-unboost|p1a: Hitmontop|spd|1\n|\n|upkeep\n|turn|6\n|inactive|Time left: 300 sec this turn | 300 sec total\n|\n|t:|1783540963\n|switch|p1a: Gengar|Gengar, L81, F|230/230\n|move|p2a: Tsareena|Power Whip|p1a: Gengar\n|-resisted|p1a: Gengar\n|-damage|p1a: Gengar|114/230\n|-start|p2a: Tsareena|Disable|Power Whip|[from] ability: Cursed Body|[of] p1a: Gengar\n|\n|upkeep\n|turn|7\n|inactive|Time left: 300 sec this turn | 300 sec total\n|\n|t:|1783540964\n|switch|p2a: Lapras|Lapras, L87, M|100/100\n|move|p1a: Gengar|Sludge Wave|p2a: Lapras\n|-damage|p2a: Lapras|63/100\n|-damage|p1a: Gengar|91/230|[from] item: Life Orb\n|\n|upkeep\n|turn|8\n|inactive|Time left: 300 sec this turn | 300 sec total\n|\n|t:|1783540965\n|move|p1a: Gengar|Focus Blast|p2a: Lapras\n|-supereffective|p2a: Lapras\n|-damage|p2a: Lapras|0 fnt\n|faint|p2a: Lapras\n|-damage|p1a: Gengar|68/230|[from] item: Life Orb\n|\n|upkeep\n|\n|t:|1783540966\n|switch|p2a: Glalie|Glalie, L96, F|100/100\n|turn|9\n|inactive|Time left: 300 sec this turn | 300 sec total\n|\n|t:|1783540967\n|move|p1a: Gengar|Shadow Ball|p2a: Glalie\n|-crit|p2a: Glalie\n|-damage|p2a: Glalie|44/100\n|-damage|p1a: Gengar|45/230|[from] item: Life Orb\n|move|p2a: Glalie|Freeze-Dry|p1a: Gengar\n|-damage|p1a: Gengar|0 fnt\n|faint|p1a: Gengar\n|\n|upkeep\n|inactive|Time left: 300 sec this turn | 300 sec total | 5 sec grace\n|\n|t:|1783540969\n|switch|p1a: Munkidori|Munkidori, L79, M|269/269\n|turn|10\n|inactive|Time left: 300 sec this turn | 300 sec total\n|\n|t:|1783540970\n|move|p1a: Munkidori|Sludge Wave|p2a: Glalie\n|-crit|p2a: Glalie\n|-damage|p2a: Glalie|0 fnt\n|faint|p2a: Glalie\n|\n|upkeep\n|\n|t:|1783540971\n|switch|p2a: Tatsugiri|Tatsugiri, L87, M|100/100\n|turn|11\n|inactive|Time left: 300 sec this turn | 300 sec total\n|\n|t:|1783540972\n|move|p1a: Munkidori|Sludge Wave|p2a: Tatsugiri\n|-damage|p2a: Tatsugiri|60/100\n|move|p2a: Tatsugiri|Nasty Plot|p2a: Tatsugiri\n|-boost|p2a: Tatsugiri|spa|2\n|\n|upkeep\n|turn|12\n|inactive|Time left: 300 sec this turn | 300 sec total\n|\n|t:|1783540973\n|move|p1a: Munkidori|Sludge Wave|p2a: Tatsugiri\n|-damage|p2a: Tatsugiri|17/100\n|move|p2a: Tatsugiri|Hydro Pump|p1a: Munkidori\n|-damage|p1a: Munkidori|80/269\n|\n|upkeep\n|turn|13\n|inactive|Time left: 300 sec this turn | 300 sec total\n|\n|t:|1783540974\n|move|p1a: Munkidori|Psychic Noise|p2a: Tatsugiri\n|-damage|p2a: Tatsugiri|0 fnt\n|faint|p2a: Tatsugiri\n|\n|upkeep\n|\n|t:|1783540975\n|switch|p2a: Talonflame|Talonflame, L83, F|100/100\n|turn|14\n|inactive|Time left: 300 sec this turn | 300 sec total\n|\n|t:|1783540976\n|switch|p1a: Hydrapple|Hydrapple, L83, F|287/312\n|move|p2a: Talonflame|Brave Bird|p1a: Hydrapple\n|-supereffective|p1a: Hydrapple\n|-damage|p1a: Hydrapple|111/312\n|-damage|p2a: Talonflame|79/100|[from] Recoil\n|\n|upkeep\n|turn|15\n|inactive|Time left: 300 sec this turn | 300 sec total\n|\n|t:|1783540977\n|switch|p1a: Hitmontop|Hitmontop, L88, M|169/231\n|-ability|p1a: Hitmontop|Intimidate|boost\n|-unboost|p2a: Talonflame|atk|1\n|move|p2a: Talonflame|Brave Bird|p1a: Hitmontop\n|-supereffective|p1a: Hitmontop\n|-damage|p1a: Hitmontop|29/231\n|-damage|p2a: Talonflame|61/100|[from] Recoil\n|\n|upkeep\n|turn|16\n|inactive|Time left: 300 sec this turn | 300 sec total\n|\n|t:|1783540978\n|switch|p2a: Tsareena|Tsareena, L87, F|59/100\n|switch|p1a: Staraptor|Staraptor, L79, M|263/263\n|\n|upkeep\n|turn|17\n|inactive|Time left: 300 sec this turn | 300 sec total\n|\n|t:|1783540979\n|switch|p2a: Talonflame|Talonflame, L83, F|61/100\n|move|p1a: Staraptor|Brave Bird|p2a: Talonflame\n|-crit|p2a: Talonflame\n|-damage|p2a: Talonflame|0 fnt\n|-status|p1a: Staraptor|brn|[from] ability: Flame Body|[of] p2a: Talonflame\n|faint|p2a: Talonflame\n|-damage|p1a: Staraptor|210/263 brn|[from] Recoil\n|\n|-damage|p1a: Staraptor|194/263 brn|[from] brn\n|upkeep\n|\n|t:|1783540980\n|switch|p2a: Tsareena|Tsareena, L87, F|59/100\n|turn|18\n|inactive|Time left: 300 sec this turn | 300 sec total\n|\n|t:|1783540981\n|-terastallize|p2a: Tsareena|Fighting\n|move|p1a: Staraptor|Brave Bird|p2a: Tsareena\n|-supereffective|p2a: Tsareena\n|-damage|p2a: Tsareena|0 fnt\n|faint|p2a: Tsareena\n|-damage|p1a: Staraptor|143/263 brn|[from] Recoil\n|\n|win|p0x1563bd8", "uploadtime": 1783540981, "views": 0, "rating": 0, "private": 0, "password": null, "_winner": "p0x1563bd8", "_our_name": "p0x1563bd8"}