{"id": "battle-gen9randombattle-1374", "formatid": "gen9randombattle", "format": "[Gen 9] Random Battle", "players": ["p0x1374a462", "p0y13749b7e"], "log": "|init|battle\n|title|p0x1374a462 vs. p0y13749b7e\n|j|\u2606p0x1374a462\n|j|\u2606p0y13749b7e\n|t:|1783555976\n|gametype|singles\n|player|p1|p0x1374a462|1|\n|player|p2|p0y13749b7e|265|\n|gen|9\n|tier|[Gen 9] Random Battle\n|rule|Species Clause: Limit one of each Pok\u00e9mon\n|rule|HP Percentage Mod: HP is shown in percentages\n|rule|Sleep Clause Mod: Limit one foe put to sleep\n|rule|Illusion Level Mod: Illusion disguises the Pok\u00e9mon's true level\n|\n|t:|1783555976\n|teamsize|p1|6\n|teamsize|p2|6\n|start\n|switch|p1a: Great Tusk|Great Tusk, L77|100/100\n|switch|p2a: Rhydon|Rhydon, L85, F|317/317\n|turn|1\n|inactive|Battle timer is ON: inactive players will automatically lose when time's up. (requested by p0y13749b7e)\n|\n|t:|1783555977\n|move|p1a: Great Tusk|Rapid Spin|p2a: Rhydon\n|-resisted|p2a: Rhydon\n|-damage|p2a: Rhydon|307/317\n|-boost|p1a: Great Tusk|spe|1\n|move|p2a: Rhydon|Stealth Rock|p1a: Great Tusk\n|-sidestart|p1: p0x1374a462|move: Stealth Rock\n|\n|upkeep\n|turn|2\n|inactive|Time left: 300 sec this turn | 300 sec total\n|inactive|p0x1374a462 also wants the timer to be on.\n|\n|t:|1783555979\n|switch|p2a: Basculegion|Basculegion-F, L83, F|335/335\n|move|p1a: Great Tusk|Rapid Spin|p2a: Basculegion\n|-immune|p2a: Basculegion\n|\n|upkeep\n|turn|3\n|inactive|Time left: 300 sec this turn | 300 sec total\n|\n|t:|1783555980\n|move|p1a: Great Tusk|Knock Off|p2a: Basculegion\n|-supereffective|p2a: Basculegion\n|-damage|p2a: Basculegion|139/335\n|-enditem|p2a: Basculegion|Assault Vest|[from] move: Knock Off|[of] p1a: Great Tusk\n|move|p2a: Basculegion|Hydro Pump|p1a: Great Tusk\n|-supereffective|p1a: Great Tusk\n|-crit|p1a: Great Tusk\n|-damage|p1a: Great Tusk|0 fnt\n|faint|p1a: Great Tusk\n|-end|p1a: Great Tusk|Protosynthesis|[silent]\n|\n|upkeep\n|\n|t:|1783555980\n|switch|p1a: Cacturne|Cacturne, L92, F|100/100\n|-damage|p1a: Cacturne|88/100|[from] Stealth Rock\n|turn|4\n|inactive|Time left: 300 sec this turn | 300 sec total\n|\n|t:|1783555982\n|move|p2a: Basculegion|Shadow Ball|p1a: Cacturne\n|-resisted|p1a: Cacturne\n|-damage|p1a: Cacturne|63/100\n|-unboost|p1a: Cacturne|spd|1\n|move|p1a: Cacturne|Swords Dance|p1a: Cacturne\n|-boost|p1a: Cacturne|atk|2\n|\n|upkeep\n|turn|5\n|inactive|Time left: 300 sec this turn | 300 sec total\n|\n|t:|1783555982\n|move|p2a: Basculegion|Shadow Ball|p1a: Cacturne\n|-resisted|p1a: Cacturne\n|-damage|p1a: Cacturne|26/100\n|move|p1a: Cacturne|Knock Off|p2a: Basculegion\n|-supereffective|p2a: Basculegion\n|-damage|p2a: Basculegion|0 fnt\n|faint|p2a: Basculegion\n|-damage|p1a: Cacturne|16/100|[from] item: Life Orb\n|\n|upkeep\n|inactive|Time left: 300 sec this turn | 300 sec total | 5 sec grace\n|\n|t:|1783555983\n|switch|p2a: Toucannon|Toucannon, L88, M|284/284\n|turn|6\n|inactive|Time left: 300 sec this turn | 300 sec total\n|\n|t:|1783555984\n|move|p1a: Cacturne|Sucker Punch|p2a: Toucannon\n|-damage|p2a: Toucannon|0 fnt\n|faint|p2a: Toucannon\n|-damage|p1a: Cacturne|6/100|[from] item: Life Orb\n|\n|upkeep\n|inactive|Time left: 300 sec this turn | 300 sec total | 5 sec grace\n|\n|t:|1783555985\n|switch|p2a: Rhydon|Rhydon, L85, F|307/317\n|turn|7\n|inactive|Time left: 300 sec this turn | 300 sec total\n|\n|t:|1783555986\n|switch|p2a: Spidops|Spidops, L96, F|271/271\n|move|p1a: Cacturne|Seed Bomb|p2a: Spidops\n|-resisted|p2a: Spidops\n|-damage|p2a: Spidops|154/271\n|-damage|p1a: Cacturne|0 fnt|[from] item: Life Orb\n|faint|p1a: Cacturne\n|\n|upkeep\n|\n|t:|1783555987\n|switch|p1a: Lanturn|Lanturn, L89, M|100/100\n|-damage|p1a: Lanturn|88/100|[from] Stealth Rock\n|turn|8\n|inactive|Time left: 300 sec this turn | 300 sec total\n|\n|t:|1783555988\n|move|p1a: Lanturn|Thunderbolt|p2a: Spidops\n|-damage|p2a: Spidops|76/271\n|move|p2a: Spidops|Sticky Web|p1a: Lanturn\n|-sidestart|p1: p0x1374a462|move: Sticky Web\n|\n|-heal|p1a: Lanturn|94/100|[from] item: Leftovers\n|upkeep\n|turn|9\n|inactive|Time left: 300 sec this turn | 300 sec total\n|\n|t:|1783555988\n|move|p1a: Lanturn|Thunderbolt|p2a: Spidops\n|-damage|p2a: Spidops|0 fnt\n|faint|p2a: Spidops\n|\n|-heal|p1a: Lanturn|99/100|[from] item: Leftovers\n|upkeep\n|inactive|Time left: 300 sec this turn | 300 sec total | 5 sec grace\n|\n|t:|1783555989\n|switch|p2a: Beartic|Beartic, L91, M|321/321\n|turn|10\n|inactive|Time left: 300 sec this turn | 300 sec total\n|\n|t:|1783555990\n|move|p1a: Lanturn|Scald|p2a: Beartic\n|-damage|p2a: Beartic|248/321\n|-status|p2a: Beartic|brn\n|move|p2a: Beartic|Swords Dance|p2a: Beartic\n|-boost|p2a: Beartic|atk|2\n|\n|-heal|p1a: Lanturn|100/100|[from] item: Leftovers\n|-damage|p2a: Beartic|228/321 brn|[from] brn\n|upkeep\n|turn|11\n|inactive|Time left: 300 sec this turn | 300 sec total\n|\n|t:|1783555991\n|move|p1a: Lanturn|Scald|p2a: Beartic\n|-damage|p2a: Beartic|146/321 brn\n|move|p2a: Beartic|Icicle Crash|p1a: Lanturn\n|-resisted|p1a: Lanturn\n|-damage|p1a: Lanturn|77/100\n|\n|-heal|p1a: Lanturn|83/100|[from] item: Leftovers\n|-damage|p2a: Beartic|126/321 brn|[from] brn\n|upkeep\n|turn|12\n|inactive|Time left: 300 sec this turn | 300 sec total\n|\n|t:|1783555992\n|move|p1a: Lanturn|Thunderbolt|p2a: Beartic\n|-damage|p2a: Beartic|35/321 brn\n|move|p2a: Beartic|Close Combat|p1a: Lanturn\n|-damage|p1a: Lanturn|43/100\n|-unboost|p2a: Beartic|def|1\n|-unboost|p2a: Beartic|spd|1\n|\n|-heal|p1a: Lanturn|49/100|[from] item: Leftovers\n|-damage|p2a: Beartic|15/321 brn|[from] brn\n|upkeep\n|turn|13\n|inactive|Time left: 300 sec this turn | 300 sec total\n|\n|t:|1783555994\n|move|p2a: Beartic|Aqua Jet|p1a: Lanturn\n|-resisted|p1a: Lanturn\n|-damage|p1a: Lanturn|42/100\n|move|p1a: Lanturn|Scald|p2a: Beartic\n|-damage|p2a: Beartic|0 fnt\n|faint|p2a: Beartic\n|\n|-heal|p1a: Lanturn|48/100|[from] item: Leftovers\n|upkeep\n|inactive|Time left: 300 sec this turn | 300 sec total | 5 sec grace\n|\n|t:|1783555995\n|switch|p2a: Rotom|Rotom, L88|231/231\n|turn|14\n|inactive|Time left: 300 sec this turn | 300 sec total\n|\n|t:|1783555996\n|move|p2a: Rotom|Shadow Ball|p1a: Lanturn\n|-damage|p1a: Lanturn|22/100\n|-unboost|p1a: Lanturn|spd|1\n|move|p1a: Lanturn|Scald|p2a: Rotom\n|-damage|p2a: Rotom|152/231\n|\n|-heal|p1a: Lanturn|28/100|[from] item: Leftovers\n|upkeep\n|turn|15\n|inactive|Time left: 300 sec this turn | 300 sec total\n|\n|t:|1783555997\n|switch|p1a: Blissey|Blissey, L85, F|100/100\n|-damage|p1a: Blissey|88/100|[from] Stealth Rock\n|-activate|p1a: Blissey|move: Sticky Web\n|-unboost|p1a: Blissey|spe|1\n|move|p2a: Rotom|Shadow Ball|p1a: Blissey\n|-immune|p1a: Blissey\n|\n|-heal|p1a: Blissey|94/100|[from] item: Leftovers\n|upkeep\n|turn|16\n|inactive|Time left: 300 sec this turn | 300 sec total\n|\n|t:|1783555998\n|move|p2a: Rotom|Shadow Ball|p1a: Blissey\n|-immune|p1a: Blissey\n|move|p1a: Blissey|Seismic Toss|p2a: Rotom\n|-immune|p2a: Rotom\n|\n|-heal|p1a: Blissey|99/100|[from] item: Leftovers\n|upkeep\n|turn|17\n|inactive|Time left: 300 sec this turn | 300 sec total\n|\n|t:|1783555999\n|move|p2a: Rotom|Shadow Ball|p1a: Blissey\n|-immune|p1a: Blissey\n|move|p1a: Blissey|Stealth Rock|p2a: Rotom\n|-sidestart|p2: p0y13749b7e|move: Stealth Rock\n|\n|-heal|p1a: Blissey|100/100|[from] item: Leftovers\n|upkeep\n|turn|18\n|inactive|Time left: 300 sec this turn | 300 sec total\n|\n|t:|1783556000\n|move|p2a: Rotom|Shadow Ball|p1a: Blissey\n|-immune|p1a: Blissey\n|move|p1a: Blissey|Thunder Wave|p2a: Rotom\n|-immune|p2a: Rotom\n|\n|upkeep\n|turn|19\n|inactive|Time left: 300 sec this turn | 300 sec total\n|\n|t:|1783556001\n|move|p2a: Rotom|Shadow Ball|p1a: Blissey\n|-immune|p1a: Blissey\n|move|p1a: Blissey|Soft-Boiled||[still]\n|-fail|p1a: Blissey|heal\n|\n|upkeep\n|turn|20\n|inactive|Time left: 300 sec this turn | 300 sec total\n|\n|t:|1783556002\n|move|p2a: Rotom|Shadow Ball|p1a: Blissey\n|-immune|p1a: Blissey\n|move|p1a: Blissey|Seismic Toss|p2a: Rotom\n|-immune|p2a: Rotom\n|\n|upkeep\n|turn|21\n|inactive|Time left: 300 sec this turn | 300 sec total\n|\n|t:|1783556003\n|move|p2a: Rotom|Shadow Ball|p1a: Blissey\n|-immune|p1a: Blissey\n|move|p1a: Blissey|Thunder Wave|p2a: Rotom\n|-immune|p2a: Rotom\n|\n|upkeep\n|turn|22\n|inactive|Time left: 300 sec this turn | 300 sec total\n|\n|t:|1783556004\n|move|p2a: Rotom|Shadow Ball|p1a: Blissey\n|-immune|p1a: Blissey\n|move|p1a: Blissey|Stealth Rock||[still]\n|-fail|p1a: Blissey\n|\n|upkeep\n|turn|23\n|inactive|Time left: 300 sec this turn | 300 sec total\n|\n|t:|1783556005\n|move|p2a: Rotom|Shadow Ball|p1a: Blissey\n|-immune|p1a: Blissey\n|move|p1a: Blissey|Seismic Toss|p2a: Rotom\n|-immune|p2a: Rotom\n|\n|upkeep\n|turn|24\n|inactive|Time left: 300 sec this turn | 300 sec total\n|\n|t:|1783556006\n|move|p2a: Rotom|Shadow Ball|p1a: Blissey\n|-immune|p1a: Blissey\n|move|p1a: Blissey|Stealth Rock||[still]\n|-fail|p1a: Blissey\n|\n|upkeep\n|turn|25\n|inactive|Time left: 300 sec this turn | 300 sec total\n|\n|t:|1783556007\n|move|p2a: Rotom|Shadow Ball|p1a: Blissey\n|-immune|p1a: Blissey\n|move|p1a: Blissey|Seismic Toss|p2a: Rotom\n|-immune|p2a: Rotom\n|\n|upkeep\n|turn|26\n|inactive|Time left: 300 sec this turn | 300 sec total\n|\n|t:|1783556009\n|move|p2a: Rotom|Shadow Ball|p1a: Blissey\n|-immune|p1a: Blissey\n|move|p1a: Blissey|Stealth Rock||[still]\n|-fail|p1a: Blissey\n|\n|upkeep\n|turn|27\n|inactive|Time left: 300 sec this turn | 300 sec total\n|\n|t:|1783556010\n|move|p2a: Rotom|Shadow Ball|p1a: Blissey\n|-immune|p1a: Blissey\n|move|p1a: Blissey|Thunder Wave|p2a: Rotom\n|-immune|p2a: Rotom\n|\n|upkeep\n|turn|28\n|inactive|Time left: 300 sec this turn | 300 sec total\n|\n|t:|1783556011\n|move|p2a: Rotom|Shadow Ball|p1a: Blissey\n|-immune|p1a: Blissey\n|move|p1a: Blissey|Thunder Wave|p2a: Rotom\n|-immune|p2a: Rotom\n|\n|upkeep\n|turn|29\n|inactive|Time left: 300 sec this turn | 300 sec total\n|\n|t:|1783556012\n|move|p2a: Rotom|Shadow Ball|p1a: Blissey\n|-immune|p1a: Blissey\n|move|p1a: Blissey|Stealth Rock||[still]\n|-fail|p1a: Blissey\n|\n|upkeep\n|turn|30\n|inactive|Time left: 300 sec this turn | 300 sec total\n|\n|t:|1783556013\n|switch|p1a: Gurdurr|Gurdurr, L85, F|100/100\n|-damage|p1a: Gurdurr|94/100|[from] Stealth Rock\n|-activate|p1a: Gurdurr|move: Sticky Web\n|-unboost|p1a: Gurdurr|spe|1\n|move|p2a: Rotom|Shadow Ball|p1a: Gurdurr\n|-damage|p1a: Gurdurr|62/100\n|\n|upkeep\n|turn|31\n|inactive|Time left: 300 sec this turn | 300 sec total\n|\n|t:|1783556014\n|move|p2a: Rotom|Shadow Ball|p1a: Gurdurr\n|-damage|p1a: Gurdurr|31/100\n|move|p1a: Gurdurr|Knock Off|p2a: Rotom\n|-supereffective|p2a: Rotom\n|-damage|p2a: Rotom|0 fnt\n|-enditem|p2a: Rotom|Choice Scarf|[from] move: Knock Off|[of] p1a: Gurdurr\n|faint|p2a: Rotom\n|\n|upkeep\n|inactive|Time left: 300 sec this turn | 300 sec total | 5 sec grace\n|\n|t:|1783556016\n|switch|p2a: Rhydon|Rhydon, L85, F|307/317\n|-damage|p2a: Rhydon|288/317|[from] Stealth Rock\n|turn|32\n|inactive|Time left: 300 sec this turn | 300 sec total\n|\n|t:|1783556017\n|switch|p1a: Froslass|Froslass, L87, F|100/100\n|-damage|p1a: Froslass|76/100|[from] Stealth Rock\n|-activate|p1a: Froslass|move: Sticky Web\n|-unboost|p1a: Froslass|spe|1\n|move|p2a: Rhydon|Earthquake|p1a: Froslass\n|-damage|p1a: Froslass|21/100\n|\n|upkeep\n|turn|33\n|inactive|Time left: 300 sec this turn | 300 sec total\n|\n|t:|1783556018\n|move|p1a: Froslass|Destiny Bond|p1a: Froslass\n|-singlemove|p1a: Froslass|Destiny Bond\n|move|p2a: Rhydon|Stealth Rock||[still]\n|-fail|p2a: Rhydon\n|\n|upkeep\n|turn|34\n|inactive|Time left: 300 sec this turn | 300 sec total\n|\n|t:|1783556019\n|move|p1a: Froslass|Triple Axel|p2a: Rhydon\n|-supereffective|p2a: Rhydon\n|-damage|p2a: Rhydon|268/317\n|-supereffective|p2a: Rhydon\n|-damage|p2a: Rhydon|220/317\n|-supereffective|p2a: Rhydon\n|-damage|p2a: Rhydon|158/317\n|-hitcount|p2a: Rhydon|3\n|move|p2a: Rhydon|Earthquake|p1a: Froslass\n|-damage|p1a: Froslass|0 fnt\n|faint|p1a: Froslass\n|\n|upkeep\n|\n|t:|1783556020\n|switch|p1a: Lanturn|Lanturn, L89, M|28/100\n|-damage|p1a: Lanturn|16/100|[from] Stealth Rock\n|-activate|p1a: Lanturn|move: Sticky Web\n|-unboost|p1a: Lanturn|spe|1\n|turn|35\n|inactive|Time left: 300 sec this turn | 300 sec total\n|\n|t:|1783556021\n|move|p2a: Rhydon|Megahorn|p1a: Lanturn\n|-damage|p1a: Lanturn|0 fnt\n|faint|p1a: Lanturn\n|\n|upkeep\n|\n|t:|1783556022\n|switch|p1a: Blissey|Blissey, L85, F|100/100\n|-damage|p1a: Blissey|88/100|[from] Stealth Rock\n|-activate|p1a: Blissey|move: Sticky Web\n|-unboost|p1a: Blissey|spe|1\n|turn|36\n|inactive|Time left: 300 sec this turn | 300 sec total\n|\n|t:|1783556023\n|move|p2a: Rhydon|Earthquake|p1a: Blissey\n|-damage|p1a: Blissey|17/100\n|move|p1a: Blissey|Soft-Boiled|p1a: Blissey\n|-heal|p1a: Blissey|67/100\n|\n|-heal|p1a: Blissey|73/100|[from] item: Leftovers\n|upkeep\n|turn|37\n|inactive|Time left: 300 sec this turn | 300 sec total\n|\n|t:|1783556024\n|-terastallize|p2a: Rhydon|Flying\n|move|p2a: Rhydon|Earthquake|p1a: Blissey\n|-damage|p1a: Blissey|6/100\n|move|p1a: Blissey|Seismic Toss|p2a: Rhydon\n|-damage|p2a: Rhydon|73/317\n|\n|-heal|p1a: Blissey|12/100|[from] item: Leftovers\n|upkeep\n|turn|38\n|inactive|Time left: 300 sec this turn | 300 sec total\n|\n|t:|1783556025\n|move|p2a: Rhydon|Earthquake|p1a: Blissey\n|-damage|p1a: Blissey|0 fnt\n|faint|p1a: Blissey\n|\n|upkeep\n|\n|t:|1783556026\n|switch|p1a: Gurdurr|Gurdurr, L85, F|31/100\n|-damage|p1a: Gurdurr|25/100|[from] Stealth Rock\n|-activate|p1a: Gurdurr|move: Sticky Web\n|-unboost|p1a: Gurdurr|spe|1\n|turn|39\n|inactive|Time left: 300 sec this turn | 300 sec total\n|\n|t:|1783556027\n|move|p1a: Gurdurr|Mach Punch|p2a: Rhydon\n|-resisted|p2a: Rhydon\n|-damage|p2a: Rhydon|61/317\n|move|p2a: Rhydon|Earthquake|p1a: Gurdurr\n|-damage|p1a: Gurdurr|0 fnt\n|faint|p1a: Gurdurr\n|\n|win|p0y13749b7e", "uploadtime": 1783556027, "views": 0, "rating": 0, "private": 0, "password": null, "_winner": "p0y13749b7e", "_our_name": "p0y13749b7e"}