{"id": "battle-gen9randombattle-746", "formatid": "gen9randombattle", "format": "[Gen 9] Random Battle", "players": ["p0x746c943", "p0y746381d"], "log": "|init|battle\n|title|p0x746c943 vs. p0y746381d\n|j|\u2606p0x746c943\n|j|\u2606p0y746381d\n|t:|1783547787\n|gametype|singles\n|player|p1|p0x746c943|2|\n|player|p2|p0y746381d|266|\n|gen|9\n|tier|[Gen 9] Random Battle\n|rule|Species Clause: Limit one of each Pok\u00e9mon\n|rule|HP Percentage Mod: HP is shown in percentages\n|rule|Sleep Clause Mod: Limit one foe put to sleep\n|rule|Illusion Level Mod: Illusion disguises the Pok\u00e9mon's true level\n|\n|t:|1783547787\n|teamsize|p1|6\n|teamsize|p2|6\n|start\n|switch|p1a: Vigoroth|Vigoroth, L85, M|275/275\n|switch|p2a: Dugtrio|Dugtrio-Alola, L84, F|100/100\n|turn|1\n|inactive|Battle timer is ON: inactive players will automatically lose when time's up. (requested by p0x746c943)\n|\n|t:|1783547788\n|move|p2a: Dugtrio|Stealth Rock|p1a: Vigoroth\n|-sidestart|p1: p0x746c943|move: Stealth Rock\n|move|p1a: Vigoroth|Earthquake|p2a: Dugtrio\n|-supereffective|p2a: Dugtrio\n|-damage|p2a: Dugtrio|14/100\n|\n|upkeep\n|turn|2\n|inactive|Time left: 300 sec this turn | 300 sec total\n|inactive|p0y746381d also wants the timer to be on.\n|\n|t:|1783547789\n|move|p2a: Dugtrio|Iron Head|p1a: Vigoroth\n|-damage|p1a: Vigoroth|200/275\n|-damage|p2a: Dugtrio|4/100|[from] item: Life Orb\n|move|p1a: Vigoroth|Bulk Up|p1a: Vigoroth\n|-boost|p1a: Vigoroth|atk|1\n|-boost|p1a: Vigoroth|def|1\n|\n|upkeep\n|turn|3\n|inactive|Time left: 300 sec this turn | 300 sec total\n|\n|t:|1783547790\n|switch|p2a: Clodsire|Clodsire, L81, F|100/100\n|move|p1a: Vigoroth|Bulk Up|p1a: Vigoroth\n|-boost|p1a: Vigoroth|atk|1\n|-boost|p1a: Vigoroth|def|1\n|\n|upkeep\n|turn|4\n|inactive|Time left: 300 sec this turn | 300 sec total\n|\n|t:|1783547792\n|move|p1a: Vigoroth|Body Slam|p2a: Clodsire\n|-damage|p2a: Clodsire|69/100\n|move|p2a: Clodsire|Toxic|p1a: Vigoroth\n|-status|p1a: Vigoroth|tox\n|\n|-heal|p2a: Clodsire|75/100|[from] item: Leftovers\n|-damage|p1a: Vigoroth|183/275 tox|[from] psn\n|upkeep\n|turn|5\n|inactive|Time left: 300 sec this turn | 300 sec total\n|\n|t:|1783547793\n|move|p1a: Vigoroth|Body Slam|p2a: Clodsire\n|-damage|p2a: Clodsire|42/100\n|move|p2a: Clodsire|Recover|p2a: Clodsire\n|-heal|p2a: Clodsire|93/100\n|\n|-heal|p2a: Clodsire|99/100|[from] item: Leftovers\n|-damage|p1a: Vigoroth|149/275 tox|[from] psn\n|upkeep\n|turn|6\n|inactive|Time left: 300 sec this turn | 300 sec total\n|\n|t:|1783547794\n|move|p1a: Vigoroth|Slack Off|p1a: Vigoroth\n|-heal|p1a: Vigoroth|275/275 tox\n|move|p2a: Clodsire|Earthquake|p1a: Vigoroth\n|-damage|p1a: Vigoroth|217/275 tox\n|\n|-heal|p2a: Clodsire|100/100|[from] item: Leftovers\n|-damage|p1a: Vigoroth|166/275 tox|[from] psn\n|upkeep\n|turn|7\n|inactive|Time left: 300 sec this turn | 300 sec total\n|\n|t:|1783547795\n|move|p1a: Vigoroth|Slack Off|p1a: Vigoroth\n|-heal|p1a: Vigoroth|275/275 tox\n|move|p2a: Clodsire|Earthquake|p1a: Vigoroth\n|-damage|p1a: Vigoroth|215/275 tox\n|\n|-damage|p1a: Vigoroth|147/275 tox|[from] psn\n|upkeep\n|turn|8\n|inactive|Time left: 300 sec this turn | 300 sec total\n|\n|t:|1783547797\n|move|p1a: Vigoroth|Slack Off|p1a: Vigoroth\n|-heal|p1a: Vigoroth|275/275 tox\n|move|p2a: Clodsire|Earthquake|p1a: Vigoroth\n|-damage|p1a: Vigoroth|221/275 tox\n|\n|-damage|p1a: Vigoroth|136/275 tox|[from] psn\n|upkeep\n|turn|9\n|inactive|Time left: 300 sec this turn | 300 sec total\n|\n|t:|1783547798\n|move|p1a: Vigoroth|Slack Off|p1a: Vigoroth\n|-heal|p1a: Vigoroth|274/275 tox\n|move|p2a: Clodsire|Gunk Shot|p1a: Vigoroth|[miss]\n|-miss|p2a: Clodsire|p1a: Vigoroth\n|\n|-damage|p1a: Vigoroth|172/275 tox|[from] psn\n|upkeep\n|turn|10\n|inactive|Time left: 300 sec this turn | 300 sec total\n|\n|t:|1783547799\n|move|p1a: Vigoroth|Earthquake|p2a: Clodsire\n|-supereffective|p2a: Clodsire\n|-damage|p2a: Clodsire|52/100\n|move|p2a: Clodsire|Earthquake|p1a: Vigoroth\n|-damage|p1a: Vigoroth|109/275 tox\n|\n|-heal|p2a: Clodsire|58/100|[from] item: Leftovers\n|-damage|p1a: Vigoroth|0 fnt|[from] psn\n|faint|p1a: Vigoroth\n|upkeep\n|inactive|Time left: 300 sec this turn | 300 sec total | 5 sec grace\n|\n|t:|1783547800\n|switch|p1a: Tyranitar|Tyranitar, L78, F|284/284\n|-damage|p1a: Tyranitar|249/284|[from] Stealth Rock\n|-weather|Sandstorm|[from] ability: Sand Stream|[of] p1a: Tyranitar\n|turn|11\n|inactive|Time left: 300 sec this turn | 300 sec total\n|\n|t:|1783547801\n|move|p1a: Tyranitar|Knock Off|p2a: Clodsire\n|-damage|p2a: Clodsire|14/100\n|-enditem|p2a: Clodsire|Leftovers|[from] move: Knock Off|[of] p1a: Tyranitar\n|move|p2a: Clodsire|Recover|p2a: Clodsire\n|-heal|p2a: Clodsire|65/100\n|\n|-weather|Sandstorm|[upkeep]\n|-heal|p1a: Tyranitar|266/284|[from] item: Leftovers\n|upkeep\n|turn|12\n|inactive|Time left: 300 sec this turn | 300 sec total\n|\n|t:|1783547802\n|move|p1a: Tyranitar|Stealth Rock|p2a: Clodsire\n|-sidestart|p2: p0y746381d|move: Stealth Rock\n|move|p2a: Clodsire|Earthquake|p1a: Tyranitar\n|-supereffective|p1a: Tyranitar\n|-damage|p1a: Tyranitar|132/284\n|\n|-weather|Sandstorm|[upkeep]\n|-heal|p1a: Tyranitar|149/284|[from] item: Leftovers\n|upkeep\n|turn|13\n|inactive|Time left: 300 sec this turn | 300 sec total\n|\n|t:|1783547803\n|move|p1a: Tyranitar|Knock Off|p2a: Clodsire\n|-damage|p2a: Clodsire|36/100\n|move|p2a: Clodsire|Earthquake|p1a: Tyranitar\n|-supereffective|p1a: Tyranitar\n|-damage|p1a: Tyranitar|0 fnt\n|faint|p1a: Tyranitar\n|\n|-weather|Sandstorm|[upkeep]\n|upkeep\n|inactive|Time left: 300 sec this turn | 300 sec total | 5 sec grace\n|\n|t:|1783547804\n|switch|p1a: Suicune|Suicune, L82|298/298\n|-damage|p1a: Suicune|261/298|[from] Stealth Rock\n|-ability|p1a: Suicune|Pressure\n|turn|14\n|inactive|Time left: 300 sec this turn | 300 sec total\n|\n|t:|1783547805\n|switch|p2a: Empoleon|Empoleon, L84, M|100/100\n|-damage|p2a: Empoleon|94/100|[from] Stealth Rock\n|move|p1a: Suicune|Scald|p2a: Empoleon\n|-resisted|p2a: Empoleon\n|-damage|p2a: Empoleon|83/100\n|\n|-weather|Sandstorm|[upkeep]\n|-damage|p1a: Suicune|243/298|[from] Sandstorm\n|-heal|p1a: Suicune|261/298|[from] item: Leftovers\n|-heal|p2a: Empoleon|89/100|[from] item: Leftovers\n|upkeep\n|turn|15\n|inactive|Time left: 300 sec this turn | 300 sec total\n|\n|t:|1783547807\n|move|p1a: Suicune|Calm Mind|p1a: Suicune\n|-boost|p1a: Suicune|spa|1\n|-boost|p1a: Suicune|spd|1\n|move|p2a: Empoleon|Knock Off|p1a: Suicune\n|-damage|p1a: Suicune|208/298\n|-enditem|p1a: Suicune|Leftovers|[from] move: Knock Off|[of] p2a: Empoleon\n|\n|-weather|none\n|-heal|p2a: Empoleon|95/100|[from] item: Leftovers\n|upkeep\n|turn|16\n|inactive|Time left: 300 sec this turn | 300 sec total\n|\n|t:|1783547808\n|move|p1a: Suicune|Calm Mind|p1a: Suicune\n|-boost|p1a: Suicune|spa|1\n|-boost|p1a: Suicune|spd|1\n|move|p2a: Empoleon|Ice Beam|p1a: Suicune\n|-resisted|p1a: Suicune\n|-damage|p1a: Suicune|193/298\n|\n|-heal|p2a: Empoleon|100/100|[from] item: Leftovers\n|upkeep\n|turn|17\n|inactive|Time left: 300 sec this turn | 300 sec total\n|\n|t:|1783547809\n|move|p1a: Suicune|Calm Mind|p1a: Suicune\n|-boost|p1a: Suicune|spa|1\n|-boost|p1a: Suicune|spd|1\n|move|p2a: Empoleon|Roost||[still]\n|-fail|p2a: Empoleon|heal\n|\n|upkeep\n|turn|18\n|inactive|Time left: 300 sec this turn | 300 sec total\n|\n|t:|1783547810\n|move|p1a: Suicune|Scald|p2a: Empoleon\n|-resisted|p2a: Empoleon\n|-damage|p2a: Empoleon|71/100\n|move|p2a: Empoleon|Ice Beam|p1a: Suicune\n|-resisted|p1a: Suicune\n|-damage|p1a: Suicune|181/298\n|\n|-heal|p2a: Empoleon|77/100|[from] item: Leftovers\n|upkeep\n|turn|19\n|inactive|Time left: 300 sec this turn | 300 sec total\n|\n|t:|1783547811\n|move|p1a: Suicune|Scald|p2a: Empoleon\n|-resisted|p2a: Empoleon\n|-damage|p2a: Empoleon|49/100\n|move|p2a: Empoleon|Roost|p2a: Empoleon\n|-heal|p2a: Empoleon|99/100\n|-singleturn|p2a: Empoleon|move: Roost\n|\n|-heal|p2a: Empoleon|100/100|[from] item: Leftovers\n|upkeep\n|turn|20\n|inactive|Time left: 300 sec this turn | 300 sec total\n|\n|t:|1783547812\n|move|p1a: Suicune|Scald|p2a: Empoleon\n|-resisted|p2a: Empoleon\n|-damage|p2a: Empoleon|71/100\n|move|p2a: Empoleon|Surf|p1a: Suicune\n|-resisted|p1a: Suicune\n|-damage|p1a: Suicune|164/298\n|\n|-heal|p2a: Empoleon|77/100|[from] item: Leftovers\n|upkeep\n|turn|21\n|inactive|Time left: 300 sec this turn | 300 sec total\n|\n|t:|1783547813\n|move|p1a: Suicune|Substitute|p1a: Suicune\n|-start|p1a: Suicune|Substitute\n|-damage|p1a: Suicune|90/298\n|move|p2a: Empoleon|Roost|p2a: Empoleon\n|-heal|p2a: Empoleon|100/100\n|-singleturn|p2a: Empoleon|move: Roost\n|\n|upkeep\n|turn|22\n|inactive|Time left: 300 sec this turn | 300 sec total\n|\n|t:|1783547814\n|move|p1a: Suicune|Calm Mind|p1a: Suicune\n|-boost|p1a: Suicune|spa|1\n|-boost|p1a: Suicune|spd|1\n|move|p2a: Empoleon|Roost||[still]\n|-fail|p2a: Empoleon|heal\n|\n|upkeep\n|turn|23\n|inactive|Time left: 300 sec this turn | 300 sec total\n|\n|t:|1783547815\n|move|p1a: Suicune|Scald|p2a: Empoleon\n|-resisted|p2a: Empoleon\n|-damage|p2a: Empoleon|65/100\n|move|p2a: Empoleon|Roost|p2a: Empoleon\n|-heal|p2a: Empoleon|100/100\n|-singleturn|p2a: Empoleon|move: Roost\n|\n|upkeep\n|turn|24\n|inactive|Time left: 300 sec this turn | 300 sec total\n|\n|t:|1783547816\n|switch|p2a: Dugtrio|Dugtrio-Alola, L84, F|4/100\n|-damage|p2a: Dugtrio|1/100|[from] Stealth Rock\n|move|p1a: Suicune|Scald|p2a: Dugtrio\n|-supereffective|p2a: Dugtrio\n|-damage|p2a: Dugtrio|0 fnt\n|faint|p2a: Dugtrio\n|\n|upkeep\n|\n|t:|1783547817\n|switch|p2a: Maushold|Maushold, L76|100/100\n|-damage|p2a: Maushold|88/100|[from] Stealth Rock\n|turn|25\n|inactive|Time left: 300 sec this turn | 300 sec total\n|\n|t:|1783547818\n|-terastallize|p1a: Suicune|Steel\n|move|p2a: Maushold|Population Bomb|p1a: Suicune\n|-resisted|p1a: Suicune\n|-activate|p1a: Suicune|move: Substitute|[damage]\n|-resisted|p1a: Suicune\n|-activate|p1a: Suicune|move: Substitute|[damage]\n|-resisted|p1a: Suicune\n|-activate|p1a: Suicune|move: Substitute|[damage]\n|-resisted|p1a: Suicune\n|-activate|p1a: Suicune|move: Substitute|[damage]\n|-resisted|p1a: Suicune\n|-activate|p1a: Suicune|move: Substitute|[damage]\n|-resisted|p1a: Suicune\n|-activate|p1a: Suicune|move: Substitute|[damage]\n|-resisted|p1a: Suicune\n|-activate|p1a: Suicune|move: Substitute|[damage]\n|-resisted|p1a: Suicune\n|-activate|p1a: Suicune|move: Substitute|[damage]\n|-resisted|p1a: Suicune\n|-end|p1a: Suicune|Substitute\n|-resisted|p1a: Suicune\n|-damage|p1a: Suicune|81/298\n|-hitcount|p1a: Suicune|10\n|move|p1a: Suicune|Scald|p2a: Maushold\n|-damage|p2a: Maushold|0 fnt\n|faint|p2a: Maushold\n|\n|upkeep\n|\n|t:|1783547819\n|switch|p2a: Barraskewda|Barraskewda, L81, M|100/100\n|-damage|p2a: Barraskewda|88/100|[from] Stealth Rock\n|turn|26\n|inactive|Time left: 300 sec this turn | 300 sec total\n|\n|t:|1783547820\n|move|p1a: Suicune|Protect|p1a: Suicune\n|-singleturn|p1a: Suicune|Protect\n|move|p2a: Barraskewda|Waterfall|p1a: Suicune\n|-activate|p1a: Suicune|move: Protect\n|\n|upkeep\n|turn|27\n|inactive|Time left: 300 sec this turn | 300 sec total\n|\n|t:|1783547821\n|move|p1a: Suicune|Protect||[still]\n|-fail|p1a: Suicune\n|move|p2a: Barraskewda|Waterfall|p1a: Suicune\n|-damage|p1a: Suicune|0 fnt\n|faint|p1a: Suicune\n|\n|upkeep\n|inactive|Time left: 300 sec this turn | 300 sec total | 5 sec grace\n|\n|t:|1783547822\n|switch|p1a: Iron Hands|Iron Hands, L79|373/373\n|-damage|p1a: Iron Hands|350/373|[from] Stealth Rock\n|turn|28\n|inactive|Time left: 300 sec this turn | 300 sec total\n|\n|t:|1783547823\n|move|p2a: Barraskewda|Waterfall|p1a: Iron Hands\n|-damage|p1a: Iron Hands|226/373\n|move|p1a: Iron Hands|Thunder Punch|p2a: Barraskewda\n|-supereffective|p2a: Barraskewda\n|-damage|p2a: Barraskewda|0 fnt\n|faint|p2a: Barraskewda\n|\n|upkeep\n|\n|t:|1783547824\n|switch|p2a: Clodsire|Clodsire, L81, F|36/100\n|-damage|p2a: Clodsire|30/100|[from] Stealth Rock\n|turn|29\n|inactive|Time left: 300 sec this turn | 300 sec total\n|\n|t:|1783547825\n|move|p1a: Iron Hands|Ice Punch|p2a: Clodsire\n|-supereffective|p2a: Clodsire\n|-damage|p2a: Clodsire|0 fnt\n|faint|p2a: Clodsire\n|\n|upkeep\n|\n|t:|1783547826\n|switch|p2a: Empoleon|Empoleon, L84, M|100/100\n|-damage|p2a: Empoleon|94/100|[from] Stealth Rock\n|turn|30\n|inactive|Time left: 300 sec this turn | 300 sec total\n|\n|t:|1783547827\n|move|p2a: Empoleon|Surf|p1a: Iron Hands\n|-damage|p1a: Iron Hands|133/373\n|move|p1a: Iron Hands|Drain Punch|p2a: Empoleon\n|-supereffective|p2a: Empoleon\n|-damage|p2a: Empoleon|27/100\n|-heal|p1a: Iron Hands|226/373|[from] drain|[of] p2a: Empoleon\n|\n|-heal|p2a: Empoleon|34/100|[from] item: Leftovers\n|upkeep\n|turn|31\n|inactive|Time left: 300 sec this turn | 300 sec total\n|\n|t:|1783547828\n|move|p2a: Empoleon|Roost|p2a: Empoleon\n|-heal|p2a: Empoleon|84/100\n|-singleturn|p2a: Empoleon|move: Roost\n|move|p1a: Iron Hands|Drain Punch|p2a: Empoleon\n|-supereffective|p2a: Empoleon\n|-damage|p2a: Empoleon|17/100\n|-heal|p1a: Iron Hands|319/373|[from] drain|[of] p2a: Empoleon\n|\n|-heal|p2a: Empoleon|23/100|[from] item: Leftovers\n|upkeep\n|turn|32\n|inactive|Time left: 300 sec this turn | 300 sec total\n|\n|t:|1783547829\n|move|p2a: Empoleon|Roost|p2a: Empoleon\n|-heal|p2a: Empoleon|73/100\n|-singleturn|p2a: Empoleon|move: Roost\n|move|p1a: Iron Hands|Drain Punch|p2a: Empoleon\n|-supereffective|p2a: Empoleon\n|-damage|p2a: Empoleon|4/100\n|-heal|p1a: Iron Hands|373/373|[from] drain|[of] p2a: Empoleon\n|\n|-heal|p2a: Empoleon|10/100|[from] item: Leftovers\n|upkeep\n|turn|33\n|inactive|Time left: 300 sec this turn | 300 sec total\n|\n|t:|1783547830\n|move|p2a: Empoleon|Ice Beam|p1a: Iron Hands\n|-damage|p1a: Iron Hands|311/373\n|move|p1a: Iron Hands|Drain Punch|p2a: Empoleon\n|-supereffective|p2a: Empoleon\n|-damage|p2a: Empoleon|0 fnt\n|-heal|p1a: Iron Hands|324/373|[from] drain|[of] p2a: Empoleon\n|faint|p2a: Empoleon\n|\n|upkeep\n|\n|t:|1783547831\n|switch|p2a: Zapdos|Zapdos-Galar, L77|100/100\n|-damage|p2a: Zapdos|88/100|[from] Stealth Rock\n|turn|34\n|inactive|Time left: 300 sec this turn | 300 sec total\n|\n|t:|1783547832\n|-terastallize|p2a: Zapdos|Dark\n|move|p2a: Zapdos|Knock Off|p1a: Iron Hands\n|-resisted|p1a: Iron Hands\n|-damage|p1a: Iron Hands|273/373\n|-enditem|p1a: Iron Hands|Assault Vest|[from] move: Knock Off|[of] p2a: Zapdos\n|move|p1a: Iron Hands|Thunder Punch|p2a: Zapdos\n|-damage|p2a: Zapdos|52/100\n|\n|upkeep\n|turn|35\n|inactive|Time left: 300 sec this turn | 300 sec total\n|\n|t:|1783547833\n|move|p2a: Zapdos|Knock Off|p1a: Iron Hands\n|-resisted|p1a: Iron Hands\n|-damage|p1a: Iron Hands|240/373\n|move|p1a: Iron Hands|Drain Punch|p2a: Zapdos\n|-supereffective|p2a: Zapdos\n|-damage|p2a: Zapdos|0 fnt\n|-heal|p1a: Iron Hands|308/373|[from] drain|[of] p2a: Zapdos\n|faint|p2a: Zapdos\n|\n|win|p0x746c943", "uploadtime": 1783547833, "views": 0, "rating": 0, "private": 0, "password": null, "_winner": "p0x746c943", "_our_name": "p0x746c943"}