{"id": "battle-gen9randombattle-2870", "formatid": "gen9randombattle", "format": "[Gen 9] Random Battle", "players": ["p0x28703fb7", "p0y2870ad85"], "log": "|init|battle\n|title|p0x28703fb7 vs. p0y2870ad85\n|j|\u2606p0x28703fb7\n|j|\u2606p0y2870ad85\n|t:|1783573055\n|gametype|singles\n|player|p1|p0x28703fb7|170|\n|player|p2|p0y2870ad85|266|\n|gen|9\n|tier|[Gen 9] Random Battle\n|rule|Species Clause: Limit one of each Pok\u00e9mon\n|rule|HP Percentage Mod: HP is shown in percentages\n|rule|Sleep Clause Mod: Limit one foe put to sleep\n|rule|Illusion Level Mod: Illusion disguises the Pok\u00e9mon's true level\n|\n|t:|1783573055\n|teamsize|p1|6\n|teamsize|p2|6\n|start\n|switch|p1a: Politoed|Politoed, L88, M|100/100\n|switch|p2a: Amoonguss|Amoonguss, L82, F|321/321\n|-weather|RainDance|[from] ability: Drizzle|[of] p1a: Politoed\n|turn|1\n|inactive|Battle timer is ON: inactive players will automatically lose when time's up. (requested by p0x28703fb7)\n|inactive|Time left: 300 sec this turn | 300 sec total | 60 sec grace\n|inactive|p0y2870ad85 also wants the timer to be on.\n|\n|t:|1783573056\n|move|p1a: Politoed|Hydro Pump|p2a: Amoonguss\n|-resisted|p2a: Amoonguss\n|-damage|p2a: Amoonguss|179/321\n|move|p2a: Amoonguss|Giga Drain|p1a: Politoed\n|-supereffective|p1a: Politoed\n|-damage|p1a: Politoed|63/100\n|-heal|p2a: Amoonguss|236/321|[from] drain|[of] p1a: Politoed\n|\n|-weather|RainDance|[upkeep]\n|upkeep\n|turn|2\n|inactive|Time left: 300 sec this turn | 300 sec total\n|\n|t:|1783573057\n|move|p1a: Politoed|Hydro Pump|p2a: Amoonguss\n|-resisted|p2a: Amoonguss\n|-damage|p2a: Amoonguss|74/321\n|move|p2a: Amoonguss|Spore|p1a: Politoed\n|-status|p1a: Politoed|slp|[from] move: Spore\n|\n|-weather|RainDance|[upkeep]\n|upkeep\n|turn|3\n|inactive|Time left: 300 sec this turn | 300 sec total\n|\n|t:|1783573058\n|switch|p1a: Moltres|Moltres-Galar, L79|100/100\n|switch|p2a: Gyarados|Gyarados, L79, F|280/280\n|\n|-weather|RainDance|[upkeep]\n|upkeep\n|turn|4\n|inactive|Time left: 300 sec this turn | 300 sec total\n|\n|t:|1783573060\n|move|p1a: Moltres|Nasty Plot|p1a: Moltres\n|-boost|p1a: Moltres|spa|2\n|move|p2a: Gyarados|Waterfall|p1a: Moltres\n|-damage|p1a: Moltres|49/100\n|-ability|p1a: Moltres|Berserk|boost\n|-boost|p1a: Moltres|spa|1\n|\n|-weather|RainDance|[upkeep]\n|upkeep\n|turn|5\n|inactive|Time left: 300 sec this turn | 300 sec total\n|\n|t:|1783573061\n|move|p1a: Moltres|Rest|p1a: Moltres\n|-status|p1a: Moltres|slp|[from] move: Rest\n|-heal|p1a: Moltres|100/100 slp|[silent]\n|-enditem|p1a: Moltres|Chesto Berry|[eat]\n|-curestatus|p1a: Moltres|slp|[msg]\n|move|p2a: Gyarados|Waterfall|p1a: Moltres\n|-damage|p1a: Moltres|45/100\n|-ability|p1a: Moltres|Berserk|boost\n|-boost|p1a: Moltres|spa|1\n|\n|-weather|none\n|upkeep\n|turn|6\n|inactive|Time left: 300 sec this turn | 300 sec total\n|\n|t:|1783573062\n|move|p1a: Moltres|Hurricane|p2a: Gyarados\n|-damage|p2a: Gyarados|0 fnt\n|faint|p2a: Gyarados\n|\n|upkeep\n|inactive|Time left: 300 sec this turn | 300 sec total | 5 sec grace\n|\n|t:|1783573063\n|switch|p2a: Persian|Persian, L92, M|269/269\n|turn|7\n|inactive|Time left: 300 sec this turn | 300 sec total\n|\n|t:|1783573064\n|-terastallize|p1a: Moltres|Steel\n|move|p2a: Persian|Double-Edge|p1a: Moltres\n|-resisted|p1a: Moltres\n|-damage|p1a: Moltres|19/100\n|-damage|p2a: Persian|246/269|[from] Recoil\n|move|p1a: Moltres|Fiery Wrath|p2a: Persian\n|-damage|p2a: Persian|0 fnt\n|faint|p2a: Persian\n|\n|upkeep\n|inactive|Time left: 300 sec this turn | 300 sec total | 5 sec grace\n|\n|t:|1783573065\n|switch|p2a: Ho-Oh|Ho-Oh, L71|268/268\n|turn|8\n|inactive|Time left: 300 sec this turn | 300 sec total\n|\n|t:|1783573066\n|move|p1a: Moltres|Fiery Wrath|p2a: Ho-Oh\n|-crit|p2a: Ho-Oh\n|-damage|p2a: Ho-Oh|0 fnt\n|faint|p2a: Ho-Oh\n|\n|upkeep\n|inactive|Time left: 300 sec this turn | 300 sec total | 5 sec grace\n|\n|t:|1783573067\n|switch|p2a: Suicune|Suicune, L82|298/298\n|-ability|p2a: Suicune|Pressure\n|turn|9\n|inactive|Time left: 300 sec this turn | 300 sec total\n|\n|t:|1783573068\n|move|p1a: Moltres|Fiery Wrath|p2a: Suicune\n|-damage|p2a: Suicune|75/298\n|cant|p2a: Suicune|flinch\n|\n|-heal|p2a: Suicune|93/298|[from] item: Leftovers\n|upkeep\n|turn|10\n|inactive|Time left: 300 sec this turn | 300 sec total\n|\n|t:|1783573069\n|move|p1a: Moltres|Fiery Wrath|p2a: Suicune\n|-damage|p2a: Suicune|0 fnt\n|faint|p2a: Suicune\n|\n|upkeep\n|inactive|Time left: 300 sec this turn | 300 sec total | 5 sec grace\n|\n|t:|1783573070\n|switch|p2a: Amoonguss|Amoonguss, L82, F|181/321\n|turn|11\n|inactive|Time left: 300 sec this turn | 300 sec total\n|\n|t:|1783573070\n|switch|p2a: Torkoal|Torkoal, L88, F|266/266\n|-weather|SunnyDay|[from] ability: Drought|[of] p2a: Torkoal\n|move|p1a: Moltres|Fiery Wrath|p2a: Torkoal\n|-damage|p2a: Torkoal|0 fnt\n|faint|p2a: Torkoal\n|\n|-weather|SunnyDay|[upkeep]\n|upkeep\n|inactive|Time left: 300 sec this turn | 300 sec total | 5 sec grace\n|\n|t:|1783573071\n|switch|p2a: Amoonguss|Amoonguss, L82, F|288/321\n|turn|12\n|inactive|Time left: 300 sec this turn | 300 sec total\n|\n|t:|1783573072\n|move|p1a: Moltres|Fiery Wrath|p2a: Amoonguss\n|-damage|p2a: Amoonguss|23/321\n|move|p2a: Amoonguss|Spore|p1a: Moltres\n|-message|Sleep Clause Mod activated.\n|-hint|Sleep Clause Mod prevents players from putting more than one of their opponent's Pok\u00e9mon to sleep at a time\n|\n|-weather|SunnyDay|[upkeep]\n|upkeep\n|turn|13\n|inactive|Time left: 300 sec this turn | 300 sec total\n|\n|t:|1783573073\n|move|p1a: Moltres|Fiery Wrath|p2a: Amoonguss\n|-damage|p2a: Amoonguss|0 fnt\n|faint|p2a: Amoonguss\n|\n|win|p0x28703fb7", "uploadtime": 1783573073, "views": 0, "rating": 0, "private": 0, "password": null, "_winner": "p0x28703fb7", "_our_name": "p0y2870ad85"}