{"id": "battle-gen9randombattle-153", "formatid": "gen9randombattle", "format": "[Gen 9] Random Battle", "players": ["p0x153fbdf", "p0y153f753"], "log": "|init|battle\n|title|p0x153fbdf vs. p0y153f753\n|j|\u2606p0x153fbdf\n|j|\u2606p0y153f753\n|t:|1783540936\n|gametype|singles\n|player|p1|p0x153fbdf|169|\n|player|p2|p0y153f753|266|\n|gen|9\n|tier|[Gen 9] Random Battle\n|rule|Species Clause: Limit one of each Pok\u00e9mon\n|rule|HP Percentage Mod: HP is shown in percentages\n|rule|Sleep Clause Mod: Limit one foe put to sleep\n|rule|Illusion Level Mod: Illusion disguises the Pok\u00e9mon's true level\n|\n|t:|1783540936\n|teamsize|p1|6\n|teamsize|p2|6\n|start\n|switch|p1a: Iron Hands|Iron Hands, L79|100/100\n|switch|p2a: Raging Bolt|Raging Bolt, L78|323/323\n|turn|1\n|inactive|Battle timer is ON: inactive players will automatically lose when time's up. (requested by p0y153f753)\n|inactive|p0x153fbdf also wants the timer to be on.\n|\n|t:|1783540938\n|-end|p2a: Raging Bolt|Protosynthesis|[silent]\n|switch|p2a: Scream Tail|Scream Tail, L84|330/330\n|move|p1a: Iron Hands|Swords Dance|p1a: Iron Hands\n|-boost|p1a: Iron Hands|atk|2\n|\n|upkeep\n|turn|2\n|inactive|Time left: 300 sec this turn | 300 sec total\n|\n|t:|1783540939\n|move|p2a: Scream Tail|Play Rough|p1a: Iron Hands\n|-supereffective|p1a: Iron Hands\n|-damage|p1a: Iron Hands|69/100\n|move|p1a: Iron Hands|Thunder Punch|p2a: Scream Tail\n|-damage|p2a: Scream Tail|150/330\n|\n|-heal|p2a: Scream Tail|170/330|[from] item: Leftovers\n|-heal|p1a: Iron Hands|76/100|[from] item: Leftovers\n|upkeep\n|turn|3\n|inactive|Time left: 300 sec this turn | 300 sec total\n|\n|t:|1783540940\n|move|p2a: Scream Tail|Play Rough|p1a: Iron Hands\n|-supereffective|p1a: Iron Hands\n|-damage|p1a: Iron Hands|40/100\n|move|p1a: Iron Hands|Thunder Punch|p2a: Scream Tail\n|-damage|p2a: Scream Tail|7/330\n|\n|-heal|p2a: Scream Tail|27/330|[from] item: Leftovers\n|-heal|p1a: Iron Hands|46/100|[from] item: Leftovers\n|upkeep\n|turn|4\n|inactive|Time left: 300 sec this turn | 300 sec total\n|\n|t:|1783540941\n|move|p2a: Scream Tail|Play Rough|p1a: Iron Hands\n|-supereffective|p1a: Iron Hands\n|-crit|p1a: Iron Hands\n|-damage|p1a: Iron Hands|0 fnt\n|faint|p1a: Iron Hands\n|-end|p1a: Iron Hands|Quark Drive|[silent]\n|\n|-heal|p2a: Scream Tail|47/330|[from] item: Leftovers\n|upkeep\n|\n|t:|1783540941\n|switch|p1a: Gyarados|Gyarados, L79, F|100/100\n|turn|5\n|inactive|Time left: 300 sec this turn | 300 sec total\n|\n|t:|1783540942\n|-end|p2a: Scream Tail|Protosynthesis|[silent]\n|switch|p2a: Raging Bolt|Raging Bolt, L78|323/323\n|move|p1a: Gyarados|Dragon Dance|p1a: Gyarados\n|-boost|p1a: Gyarados|atk|1\n|-boost|p1a: Gyarados|spe|1\n|\n|upkeep\n|turn|6\n|inactive|Time left: 300 sec this turn | 300 sec total\n|\n|t:|1783540943\n|-end|p2a: Raging Bolt|Protosynthesis|[silent]\n|switch|p2a: Cacturne|Cacturne, L92, F|278/278\n|-terastallize|p1a: Gyarados|Ground\n|move|p1a: Gyarados|Earthquake|p2a: Cacturne\n|-resisted|p2a: Cacturne\n|-damage|p2a: Cacturne|173/278\n|\n|upkeep\n|turn|7\n|inactive|Time left: 300 sec this turn | 300 sec total\n|\n|t:|1783540944\n|move|p1a: Gyarados|Temper Flare|p2a: Cacturne\n|-supereffective|p2a: Cacturne\n|-damage|p2a: Cacturne|0 fnt\n|faint|p2a: Cacturne\n|-ability|p1a: Gyarados|Moxie|boost\n|-boost|p1a: Gyarados|atk|1\n|\n|upkeep\n|inactive|Time left: 300 sec this turn | 300 sec total | 5 sec grace\n|\n|t:|1783540945\n|switch|p2a: Bellossom|Bellossom, L84, M|263/263\n|turn|8\n|inactive|Time left: 300 sec this turn | 300 sec total\n|\n|t:|1783540946\n|move|p1a: Gyarados|Temper Flare|p2a: Bellossom\n|-supereffective|p2a: Bellossom\n|-damage|p2a: Bellossom|55/263\n|move|p2a: Bellossom|Giga Drain|p1a: Gyarados\n|-supereffective|p1a: Gyarados\n|-damage|p1a: Gyarados|49/100\n|-heal|p2a: Bellossom|127/263|[from] drain|[of] p1a: Gyarados\n|\n|-heal|p2a: Bellossom|143/263|[from] item: Leftovers\n|upkeep\n|turn|9\n|inactive|Time left: 300 sec this turn | 300 sec total\n|\n|t:|1783540946\n|move|p1a: Gyarados|Temper Flare|p2a: Bellossom\n|-supereffective|p2a: Bellossom\n|-damage|p2a: Bellossom|0 fnt\n|faint|p2a: Bellossom\n|-ability|p1a: Gyarados|Moxie|boost\n|-boost|p1a: Gyarados|atk|1\n|\n|upkeep\n|inactive|Time left: 300 sec this turn | 300 sec total | 5 sec grace\n|\n|t:|1783540947\n|switch|p2a: Scream Tail|Scream Tail, L84|47/330\n|turn|10\n|inactive|Time left: 300 sec this turn | 300 sec total\n|\n|t:|1783540948\n|move|p2a: Scream Tail|Protect|p2a: Scream Tail\n|-singleturn|p2a: Scream Tail|Protect\n|move|p1a: Gyarados|Earthquake|p2a: Scream Tail\n|-activate|p2a: Scream Tail|move: Protect\n|\n|-heal|p2a: Scream Tail|67/330|[from] item: Leftovers\n|upkeep\n|turn|11\n|inactive|Time left: 300 sec this turn | 300 sec total\n|\n|t:|1783540949\n|move|p2a: Scream Tail|Protect|p2a: Scream Tail\n|-singleturn|p2a: Scream Tail|Protect\n|move|p1a: Gyarados|Earthquake|p2a: Scream Tail\n|-activate|p2a: Scream Tail|move: Protect\n|\n|-heal|p2a: Scream Tail|87/330|[from] item: Leftovers\n|upkeep\n|turn|12\n|inactive|Time left: 300 sec this turn | 300 sec total\n|\n|t:|1783540950\n|move|p2a: Scream Tail|Protect|p2a: Scream Tail\n|-singleturn|p2a: Scream Tail|Protect\n|move|p1a: Gyarados|Earthquake|p2a: Scream Tail\n|-activate|p2a: Scream Tail|move: Protect\n|\n|-heal|p2a: Scream Tail|107/330|[from] item: Leftovers\n|upkeep\n|turn|13\n|inactive|Time left: 300 sec this turn | 300 sec total\n|\n|t:|1783540951\n|move|p1a: Gyarados|Earthquake|p2a: Scream Tail\n|-damage|p2a: Scream Tail|0 fnt\n|faint|p2a: Scream Tail\n|-end|p2a: Scream Tail|Protosynthesis|[silent]\n|-ability|p1a: Gyarados|Moxie|boost\n|-boost|p1a: Gyarados|atk|1\n|\n|upkeep\n|inactive|Time left: 300 sec this turn | 300 sec total | 5 sec grace\n|\n|t:|1783540952\n|switch|p2a: Lucario|Lucario, L84, F|255/255\n|turn|14\n|inactive|Time left: 300 sec this turn | 300 sec total\n|\n|t:|1783540953\n|move|p2a: Lucario|Vacuum Wave|p1a: Gyarados\n|-damage|p1a: Gyarados|27/100\n|-damage|p2a: Lucario|230/255|[from] item: Life Orb\n|move|p1a: Gyarados|Earthquake|p2a: Lucario\n|-supereffective|p2a: Lucario\n|-damage|p2a: Lucario|0 fnt\n|faint|p2a: Lucario\n|-ability|p1a: Gyarados|Moxie|boost\n|-boost|p1a: Gyarados|atk|1\n|\n|upkeep\n|inactive|Time left: 300 sec this turn | 300 sec total | 5 sec grace\n|\n|t:|1783540954\n|switch|p2a: Flareon|Flareon, L90, M|263/263\n|turn|15\n|inactive|Time left: 300 sec this turn | 300 sec total\n|\n|t:|1783540955\n|-terastallize|p2a: Flareon|Normal\n|move|p2a: Flareon|Quick Attack|p1a: Gyarados\n|-damage|p1a: Gyarados|3/100\n|move|p1a: Gyarados|Earthquake|p2a: Flareon\n|-damage|p2a: Flareon|0 fnt\n|faint|p2a: Flareon\n|-ability|p1a: Gyarados|Moxie|boost\n|-boost|p1a: Gyarados|atk|1\n|\n|upkeep\n|inactive|Time left: 300 sec this turn | 300 sec total | 5 sec grace\n|\n|t:|1783540956\n|switch|p2a: Raging Bolt|Raging Bolt, L78|323/323\n|turn|16\n|inactive|Time left: 300 sec this turn | 300 sec total\n|\n|t:|1783540957\n|move|p2a: Raging Bolt|Thunderclap|p1a: Gyarados\n|-immune|p1a: Gyarados\n|move|p1a: Gyarados|Earthquake|p2a: Raging Bolt\n|-supereffective|p2a: Raging Bolt\n|-damage|p2a: Raging Bolt|0 fnt\n|faint|p2a: Raging Bolt\n|-end|p2a: Raging Bolt|Protosynthesis|[silent]\n|\n|win|p0x153fbdf", "uploadtime": 1783540957, "views": 0, "rating": 0, "private": 0, "password": null, "_winner": "p0x153fbdf", "_our_name": "p0y153f753"}