{"id": "battle-gen9randombattle-1628", "formatid": "gen9randombattle", "format": "[Gen 9] Random Battle", "players": ["p0x16283e78", "p0y1628ef5a"], "log": "|init|battle\n|title|p0x16283e78 vs. p0y1628ef5a\n|j|\u2606p0x16283e78\n|j|\u2606p0y1628ef5a\n|t:|1783558102\n|gametype|singles\n|player|p1|p0x16283e78|101|\n|player|p2|p0y1628ef5a|169|\n|gen|9\n|tier|[Gen 9] Random Battle\n|rule|Species Clause: Limit one of each Pok\u00e9mon\n|rule|HP Percentage Mod: HP is shown in percentages\n|rule|Sleep Clause Mod: Limit one foe put to sleep\n|rule|Illusion Level Mod: Illusion disguises the Pok\u00e9mon's true level\n|\n|t:|1783558102\n|teamsize|p1|6\n|teamsize|p2|6\n|start\n|switch|p1a: Mandibuzz|Mandibuzz, L85, F|100/100\n|switch|p2a: Grafaiai|Grafaiai, L86, M|249/249\n|turn|1\n|inactive|Battle timer is ON: inactive players will automatically lose when time's up. (requested by p0x16283e78)\n|inactive|Time left: 300 sec this turn | 300 sec total | 60 sec grace\n|\n|t:|1783558103\n|move|p2a: Grafaiai|Swords Dance|p2a: Grafaiai\n|-boost|p2a: Grafaiai|atk|2\n|move|p1a: Mandibuzz|Foul Play|p2a: Grafaiai\n|-damage|p2a: Grafaiai|0 fnt\n|faint|p2a: Grafaiai\n|\n|upkeep\n|inactive|Time left: 300 sec this turn | 300 sec total | 65 sec grace\n|inactive|p0y1628ef5a also wants the timer to be on.\n|\n|t:|1783558104\n|switch|p2a: Typhlosion|Typhlosion-Hisui, L83, M|257/257\n|turn|2\n|inactive|Time left: 300 sec this turn | 300 sec total\n|\n|t:|1783558106\n|move|p2a: Typhlosion|Fire Blast|p1a: Mandibuzz\n|-damage|p1a: Mandibuzz|62/100\n|-status|p1a: Mandibuzz|brn\n|move|p1a: Mandibuzz|Foul Play|p2a: Typhlosion\n|-supereffective|p2a: Typhlosion\n|-damage|p2a: Typhlosion|184/257\n|\n|-heal|p2a: Typhlosion|200/257|[from] item: Leftovers\n|-damage|p1a: Mandibuzz|56/100 brn|[from] brn\n|upkeep\n|turn|3\n|inactive|Time left: 300 sec this turn | 300 sec total\n|\n|t:|1783558107\n|move|p2a: Typhlosion|Calm Mind|p2a: Typhlosion\n|-boost|p2a: Typhlosion|spa|1\n|-boost|p2a: Typhlosion|spd|1\n|move|p1a: Mandibuzz|Roost|p1a: Mandibuzz\n|-heal|p1a: Mandibuzz|100/100 brn\n|-singleturn|p1a: Mandibuzz|move: Roost\n|\n|-heal|p2a: Typhlosion|216/257|[from] item: Leftovers\n|-damage|p1a: Mandibuzz|94/100 brn|[from] brn\n|upkeep\n|turn|4\n|inactive|Time left: 300 sec this turn | 300 sec total\n|\n|t:|1783558108\n|move|p2a: Typhlosion|Fire Blast|p1a: Mandibuzz\n|-damage|p1a: Mandibuzz|33/100 brn\n|move|p1a: Mandibuzz|Foul Play|p2a: Typhlosion\n|-supereffective|p2a: Typhlosion\n|-damage|p2a: Typhlosion|140/257\n|\n|-heal|p2a: Typhlosion|156/257|[from] item: Leftovers\n|-damage|p1a: Mandibuzz|27/100 brn|[from] brn\n|upkeep\n|turn|5\n|inactive|Time left: 300 sec this turn | 300 sec total\n|\n|t:|1783558109\n|move|p2a: Typhlosion|Fire Blast|p1a: Mandibuzz|[miss]\n|-miss|p2a: Typhlosion|p1a: Mandibuzz\n|move|p1a: Mandibuzz|Foul Play|p2a: Typhlosion\n|-supereffective|p2a: Typhlosion\n|-damage|p2a: Typhlosion|77/257\n|\n|-heal|p2a: Typhlosion|93/257|[from] item: Leftovers\n|-damage|p1a: Mandibuzz|21/100 brn|[from] brn\n|upkeep\n|turn|6\n|inactive|Time left: 300 sec this turn | 300 sec total\n|\n|t:|1783558110\n|move|p2a: Typhlosion|Shadow Ball|p1a: Mandibuzz\n|-resisted|p1a: Mandibuzz\n|-damage|p1a: Mandibuzz|0 fnt\n|faint|p1a: Mandibuzz\n|\n|-heal|p2a: Typhlosion|109/257|[from] item: Leftovers\n|upkeep\n|\n|t:|1783558111\n|switch|p1a: Ampharos|Ampharos, L88, M|100/100\n|turn|7\n|inactive|Time left: 300 sec this turn | 300 sec total\n|\n|t:|1783558112\n|move|p2a: Typhlosion|Calm Mind|p2a: Typhlosion\n|-boost|p2a: Typhlosion|spa|1\n|-boost|p2a: Typhlosion|spd|1\n|move|p1a: Ampharos|Thunderbolt|p2a: Typhlosion\n|-damage|p2a: Typhlosion|15/257\n|\n|-heal|p2a: Typhlosion|31/257|[from] item: Leftovers\n|upkeep\n|turn|8\n|inactive|Time left: 300 sec this turn | 300 sec total\n|\n|t:|1783558113\n|switch|p1a: Dragalge|Dragalge, L88, F|100/100\n|move|p2a: Typhlosion|Fire Blast|p1a: Dragalge\n|-resisted|p1a: Dragalge\n|-damage|p1a: Dragalge|61/100\n|-status|p1a: Dragalge|brn\n|\n|-heal|p2a: Typhlosion|47/257|[from] item: Leftovers\n|-damage|p1a: Dragalge|54/100 brn|[from] brn\n|upkeep\n|turn|9\n|inactive|Time left: 300 sec this turn | 300 sec total\n|\n|t:|1783558114\n|move|p2a: Typhlosion|Shadow Ball|p1a: Dragalge\n|-damage|p1a: Dragalge|19/100 brn\n|move|p1a: Dragalge|Draco Meteor|p2a: Typhlosion\n|-damage|p2a: Typhlosion|0 fnt\n|-unboost|p1a: Dragalge|spa|2\n|faint|p2a: Typhlosion\n|\n|-damage|p1a: Dragalge|13/100 brn|[from] brn\n|upkeep\n|inactive|Time left: 300 sec this turn | 300 sec total | 5 sec grace\n|\n|t:|1783558115\n|switch|p2a: Iron Boulder|Iron Boulder, L77|265/265\n|-enditem|p2a: Iron Boulder|Booster Energy\n|-activate|p2a: Iron Boulder|ability: Quark Drive|[fromitem]\n|-start|p2a: Iron Boulder|quarkdrivespe\n|turn|10\n|inactive|Time left: 300 sec this turn | 300 sec total\n|\n|t:|1783558116\n|switch|p1a: Lunala|Lunala, L70|100/100\n|move|p2a: Iron Boulder|Swords Dance|p2a: Iron Boulder\n|-boost|p2a: Iron Boulder|atk|2\n|\n|upkeep\n|turn|11\n|inactive|Time left: 300 sec this turn | 300 sec total\n|\n|t:|1783558117\n|move|p2a: Iron Boulder|Mighty Cleave|p1a: Lunala\n|-damage|p1a: Lunala|62/100\n|move|p1a: Lunala|Moongeist Beam|p2a: Iron Boulder\n|-supereffective|p2a: Iron Boulder\n|-damage|p2a: Iron Boulder|79/265\n|\n|-heal|p1a: Lunala|68/100|[from] item: Leftovers\n|upkeep\n|turn|12\n|inactive|Time left: 300 sec this turn | 300 sec total\n|\n|t:|1783558118\n|switch|p1a: Dragalge|Dragalge, L88, F|13/100 brn\n|move|p2a: Iron Boulder|Mighty Cleave|p1a: Dragalge\n|-damage|p1a: Dragalge|0 fnt\n|faint|p1a: Dragalge\n|\n|upkeep\n|\n|t:|1783558119\n|switch|p1a: Ampharos|Ampharos, L88, M|100/100\n|turn|13\n|inactive|Time left: 300 sec this turn | 300 sec total\n|\n|t:|1783558120\n|move|p2a: Iron Boulder|Zen Headbutt|p1a: Ampharos\n|-damage|p1a: Ampharos|50/100\n|move|p1a: Ampharos|Thunderbolt|p2a: Iron Boulder\n|-damage|p2a: Iron Boulder|0 fnt\n|faint|p2a: Iron Boulder\n|-end|p2a: Iron Boulder|Quark Drive|[silent]\n|\n|upkeep\n|inactive|Time left: 300 sec this turn | 300 sec total | 5 sec grace\n|\n|t:|1783558121\n|switch|p2a: Gastrodon|Gastrodon-East, L86, F|331/331\n|turn|14\n|inactive|Time left: 300 sec this turn | 300 sec total\n|\n|t:|1783558121\n|switch|p1a: Lunala|Lunala, L70|68/100\n|move|p2a: Gastrodon|Earthquake|p1a: Lunala\n|-damage|p1a: Lunala|27/100\n|\n|-heal|p1a: Lunala|34/100|[from] item: Leftovers\n|upkeep\n|turn|15\n|inactive|Time left: 300 sec this turn | 300 sec total\n|\n|t:|1783558122\n|move|p1a: Lunala|Moonlight|p1a: Lunala\n|-heal|p1a: Lunala|84/100\n|move|p2a: Gastrodon|Earthquake|p1a: Lunala\n|-damage|p1a: Lunala|48/100\n|\n|-heal|p1a: Lunala|54/100|[from] item: Leftovers\n|upkeep\n|turn|16\n|inactive|Time left: 300 sec this turn | 300 sec total\n|\n|t:|1783558123\n|move|p1a: Lunala|Moonlight|p1a: Lunala\n|-heal|p1a: Lunala|100/100\n|move|p2a: Gastrodon|Earthquake|p1a: Lunala\n|-damage|p1a: Lunala|83/100\n|\n|-heal|p1a: Lunala|89/100|[from] item: Leftovers\n|upkeep\n|turn|17\n|inactive|Time left: 300 sec this turn | 300 sec total\n|\n|t:|1783558124\n|move|p1a: Lunala|Calm Mind|p1a: Lunala\n|-boost|p1a: Lunala|spa|1\n|-boost|p1a: Lunala|spd|1\n|move|p2a: Gastrodon|Earthquake|p1a: Lunala\n|-damage|p1a: Lunala|51/100\n|\n|-heal|p1a: Lunala|57/100|[from] item: Leftovers\n|upkeep\n|turn|18\n|inactive|Time left: 300 sec this turn | 300 sec total\n|\n|t:|1783558126\n|move|p1a: Lunala|Moonlight|p1a: Lunala\n|-heal|p1a: Lunala|100/100\n|move|p2a: Gastrodon|Earthquake|p1a: Lunala\n|-damage|p1a: Lunala|82/100\n|\n|-heal|p1a: Lunala|88/100|[from] item: Leftovers\n|upkeep\n|turn|19\n|inactive|Time left: 300 sec this turn | 300 sec total\n|\n|t:|1783558127\n|move|p1a: Lunala|Calm Mind|p1a: Lunala\n|-boost|p1a: Lunala|spa|1\n|-boost|p1a: Lunala|spd|1\n|move|p2a: Gastrodon|Earthquake|p1a: Lunala\n|-damage|p1a: Lunala|49/100\n|\n|-heal|p1a: Lunala|55/100|[from] item: Leftovers\n|upkeep\n|turn|20\n|inactive|Time left: 300 sec this turn | 300 sec total\n|\n|t:|1783558128\n|move|p1a: Lunala|Moonlight|p1a: Lunala\n|-heal|p1a: Lunala|100/100\n|move|p2a: Gastrodon|Recover||[still]\n|-fail|p2a: Gastrodon|heal\n|\n|upkeep\n|turn|21\n|inactive|Time left: 300 sec this turn | 300 sec total\n|\n|t:|1783558129\n|move|p1a: Lunala|Psyshock|p2a: Gastrodon\n|-damage|p2a: Gastrodon|142/331\n|move|p2a: Gastrodon|Recover|p2a: Gastrodon\n|-heal|p2a: Gastrodon|308/331\n|\n|-heal|p2a: Gastrodon|328/331|[from] item: Leftovers\n|upkeep\n|turn|22\n|inactive|Time left: 300 sec this turn | 300 sec total\n|\n|t:|1783558130\n|move|p1a: Lunala|Psyshock|p2a: Gastrodon\n|-damage|p2a: Gastrodon|147/331\n|move|p2a: Gastrodon|Recover|p2a: Gastrodon\n|-heal|p2a: Gastrodon|313/331\n|\n|-heal|p2a: Gastrodon|331/331|[from] item: Leftovers\n|upkeep\n|turn|23\n|inactive|Time left: 300 sec this turn | 300 sec total\n|\n|t:|1783558131\n|move|p1a: Lunala|Moongeist Beam|p2a: Gastrodon\n|-damage|p2a: Gastrodon|126/331\n|move|p2a: Gastrodon|Recover|p2a: Gastrodon\n|-heal|p2a: Gastrodon|292/331\n|\n|-heal|p2a: Gastrodon|312/331|[from] item: Leftovers\n|upkeep\n|turn|24\n|inactive|Time left: 300 sec this turn | 300 sec total\n|\n|t:|1783558132\n|move|p1a: Lunala|Moongeist Beam|p2a: Gastrodon\n|-damage|p2a: Gastrodon|105/331\n|move|p2a: Gastrodon|Recover|p2a: Gastrodon\n|-heal|p2a: Gastrodon|271/331\n|\n|-heal|p2a: Gastrodon|291/331|[from] item: Leftovers\n|upkeep\n|turn|25\n|inactive|Time left: 300 sec this turn | 300 sec total\n|\n|t:|1783558134\n|move|p1a: Lunala|Moongeist Beam|p2a: Gastrodon\n|-damage|p2a: Gastrodon|68/331\n|move|p2a: Gastrodon|Recover|p2a: Gastrodon\n|-heal|p2a: Gastrodon|234/331\n|\n|-heal|p2a: Gastrodon|254/331|[from] item: Leftovers\n|upkeep\n|turn|26\n|inactive|Time left: 300 sec this turn | 300 sec total\n|\n|t:|1783558135\n|move|p1a: Lunala|Psyshock|p2a: Gastrodon\n|-damage|p2a: Gastrodon|80/331\n|move|p2a: Gastrodon|Recover|p2a: Gastrodon\n|-heal|p2a: Gastrodon|246/331\n|\n|-heal|p2a: Gastrodon|266/331|[from] item: Leftovers\n|upkeep\n|turn|27\n|inactive|Time left: 300 sec this turn | 300 sec total\n|\n|t:|1783558136\n|move|p1a: Lunala|Moongeist Beam|p2a: Gastrodon\n|-damage|p2a: Gastrodon|73/331\n|move|p2a: Gastrodon|Recover|p2a: Gastrodon\n|-heal|p2a: Gastrodon|239/331\n|\n|-heal|p2a: Gastrodon|259/331|[from] item: Leftovers\n|upkeep\n|turn|28\n|inactive|Time left: 300 sec this turn | 300 sec total\n|\n|t:|1783558137\n|move|p1a: Lunala|Psyshock|p2a: Gastrodon\n|-damage|p2a: Gastrodon|75/331\n|move|p2a: Gastrodon|Stealth Rock|p1a: Lunala\n|-sidestart|p1: p0x16283e78|move: Stealth Rock\n|\n|-heal|p2a: Gastrodon|95/331|[from] item: Leftovers\n|upkeep\n|turn|29\n|inactive|Time left: 300 sec this turn | 300 sec total\n|\n|t:|1783558138\n|move|p1a: Lunala|Psyshock|p2a: Gastrodon\n|-damage|p2a: Gastrodon|0 fnt\n|faint|p2a: Gastrodon\n|\n|upkeep\n|inactive|Time left: 300 sec this turn | 300 sec total | 5 sec grace\n|\n|t:|1783558139\n|switch|p2a: Exeggutor|Exeggutor, L89, M|312/312\n|turn|30\n|inactive|Time left: 300 sec this turn | 300 sec total\n|\n|t:|1783558140\n|move|p2a: Exeggutor|Protect|p2a: Exeggutor\n|-singleturn|p2a: Exeggutor|Protect\n|move|p1a: Lunala|Moongeist Beam|p2a: Exeggutor\n|-activate|p2a: Exeggutor|move: Protect\n|\n|upkeep\n|turn|31\n|inactive|Time left: 300 sec this turn | 300 sec total\n|\n|t:|1783558141\n|-terastallize|p2a: Exeggutor|Steel\n|move|p1a: Lunala|Moongeist Beam|p2a: Exeggutor\n|-damage|p2a: Exeggutor|108/312\n|-enditem|p2a: Exeggutor|Sitrus Berry|[eat]\n|-heal|p2a: Exeggutor|186/312|[from] item: Sitrus Berry\n|move|p2a: Exeggutor|Leech Seed|p1a: Lunala\n|-start|p1a: Lunala|move: Leech Seed\n|\n|-damage|p1a: Lunala|88/100|[from] Leech Seed|[of] p2a: Exeggutor\n|-heal|p2a: Exeggutor|224/312|[silent]\n|upkeep\n|turn|32\n|inactive|Time left: 300 sec this turn | 300 sec total\n|\n|t:|1783558142\n|move|p2a: Exeggutor|Protect|p2a: Exeggutor\n|-singleturn|p2a: Exeggutor|Protect\n|move|p1a: Lunala|Calm Mind|p1a: Lunala\n|-boost|p1a: Lunala|spa|1\n|-boost|p1a: Lunala|spd|1\n|\n|-heal|p1a: Lunala|94/100|[from] item: Leftovers\n|-damage|p1a: Lunala|82/100|[from] Leech Seed|[of] p2a: Exeggutor\n|-heal|p2a: Exeggutor|262/312|[silent]\n|upkeep\n|turn|33\n|inactive|Time left: 300 sec this turn | 300 sec total\n|\n|t:|1783558143\n|move|p2a: Exeggutor|Protect|p2a: Exeggutor\n|-singleturn|p2a: Exeggutor|Protect\n|move|p1a: Lunala|Moongeist Beam|p2a: Exeggutor\n|-activate|p2a: Exeggutor|move: Protect\n|\n|-heal|p1a: Lunala|88/100|[from] item: Leftovers\n|-damage|p1a: Lunala|76/100|[from] Leech Seed|[of] p2a: Exeggutor\n|-heal|p2a: Exeggutor|300/312|[silent]\n|-item|p2a: Exeggutor|Sitrus Berry|[from] ability: Harvest\n|upkeep\n|turn|34\n|inactive|Time left: 300 sec this turn | 300 sec total\n|\n|t:|1783558144\n|move|p1a: Lunala|Psyshock|p2a: Exeggutor\n|-resisted|p2a: Exeggutor\n|-damage|p2a: Exeggutor|206/312\n|move|p2a: Exeggutor|Substitute|p2a: Exeggutor\n|-start|p2a: Exeggutor|Substitute\n|-damage|p2a: Exeggutor|128/312\n|-enditem|p2a: Exeggutor|Sitrus Berry|[eat]\n|-heal|p2a: Exeggutor|206/312|[from] item: Sitrus Berry\n|\n|-heal|p1a: Lunala|82/100|[from] item: Leftovers\n|-damage|p1a: Lunala|70/100|[from] Leech Seed|[of] p2a: Exeggutor\n|-heal|p2a: Exeggutor|244/312|[silent]\n|-item|p2a: Exeggutor|Sitrus Berry|[from] ability: Harvest\n|upkeep\n|turn|35\n|inactive|Time left: 300 sec this turn | 300 sec total\n|\n|t:|1783558145\n|move|p1a: Lunala|Psyshock|p2a: Exeggutor\n|-resisted|p2a: Exeggutor\n|-end|p2a: Exeggutor|Substitute\n|move|p2a: Exeggutor|Psychic Noise|p1a: Lunala\n|-resisted|p1a: Lunala\n|-damage|p1a: Lunala|62/100\n|-start|p1a: Lunala|move: Heal Block\n|\n|-damage|p1a: Lunala|50/100|[from] Leech Seed|[of] p2a: Exeggutor\n|-heal|p2a: Exeggutor|282/312|[silent]\n|upkeep\n|turn|36\n|inactive|Time left: 300 sec this turn | 300 sec total\n|\n|t:|1783558146\n|move|p1a: Lunala|Psyshock|p2a: Exeggutor\n|-resisted|p2a: Exeggutor\n|-damage|p2a: Exeggutor|184/312\n|move|p2a: Exeggutor|Substitute|p2a: Exeggutor\n|-start|p2a: Exeggutor|Substitute\n|-damage|p2a: Exeggutor|106/312\n|-enditem|p2a: Exeggutor|Sitrus Berry|[eat]\n|-heal|p2a: Exeggutor|184/312|[from] item: Sitrus Berry\n|\n|-damage|p1a: Lunala|37/100|[from] Leech Seed|[of] p2a: Exeggutor\n|-heal|p2a: Exeggutor|222/312|[silent]\n|-end|p1a: Lunala|move: Heal Block\n|-item|p2a: Exeggutor|Sitrus Berry|[from] ability: Harvest\n|upkeep\n|turn|37\n|inactive|Time left: 300 sec this turn | 300 sec total\n|\n|t:|1783558147\n|move|p1a: Lunala|Moonlight|p1a: Lunala\n|-heal|p1a: Lunala|87/100\n|move|p2a: Exeggutor|Psychic Noise|p1a: Lunala\n|-resisted|p1a: Lunala\n|-damage|p1a: Lunala|80/100\n|-start|p1a: Lunala|move: Heal Block\n|\n|-damage|p1a: Lunala|68/100|[from] Leech Seed|[of] p2a: Exeggutor\n|-heal|p2a: Exeggutor|260/312|[silent]\n|upkeep\n|turn|38\n|inactive|Time left: 300 sec this turn | 300 sec total\n|\n|t:|1783558149\n|move|p2a: Exeggutor|Protect|p2a: Exeggutor\n|-singleturn|p2a: Exeggutor|Protect\n|move|p1a: Lunala|Calm Mind|p1a: Lunala\n|-boost|p1a: Lunala|spa|1\n|-boost|p1a: Lunala|spd|1\n|\n|-damage|p1a: Lunala|56/100|[from] Leech Seed|[of] p2a: Exeggutor\n|-heal|p2a: Exeggutor|298/312|[silent]\n|-end|p1a: Lunala|move: Heal Block\n|upkeep\n|turn|39\n|inactive|Time left: 300 sec this turn | 300 sec total\n|\n|t:|1783558150\n|move|p1a: Lunala|Moonlight|p1a: Lunala\n|-heal|p1a: Lunala|100/100\n|move|p2a: Exeggutor|Psychic Noise|p1a: Lunala\n|-resisted|p1a: Lunala\n|-damage|p1a: Lunala|98/100\n|-start|p1a: Lunala|move: Heal Block\n|\n|-damage|p1a: Lunala|85/100|[from] Leech Seed|[of] p2a: Exeggutor\n|-heal|p2a: Exeggutor|312/312|[silent]\n|upkeep\n|turn|40\n|inactive|Time left: 300 sec this turn | 300 sec total\n|\n|t:|1783558151\n|move|p2a: Exeggutor|Protect|p2a: Exeggutor\n|-singleturn|p2a: Exeggutor|Protect\n|move|p1a: Lunala|Psyshock|p2a: Exeggutor\n|-activate|p2a: Exeggutor|move: Protect\n|\n|-damage|p1a: Lunala|73/100|[from] Leech Seed|[of] p2a: Exeggutor\n|-end|p1a: Lunala|move: Heal Block\n|upkeep\n|turn|41\n|inactive|Time left: 300 sec this turn | 300 sec total\n|\n|t:|1783558152\n|move|p1a: Lunala|Psyshock|p2a: Exeggutor\n|-resisted|p2a: Exeggutor\n|-end|p2a: Exeggutor|Substitute\n|move|p2a: Exeggutor|Psychic Noise|p1a: Lunala\n|-resisted|p1a: Lunala\n|-damage|p1a: Lunala|67/100\n|-start|p1a: Lunala|move: Heal Block\n|\n|-damage|p1a: Lunala|55/100|[from] Leech Seed|[of] p2a: Exeggutor\n|upkeep\n|turn|42\n|inactive|Time left: 300 sec this turn | 300 sec total\n|\n|t:|1783558153\n|move|p1a: Lunala|Psyshock|p2a: Exeggutor\n|-resisted|p2a: Exeggutor\n|-damage|p2a: Exeggutor|201/312\n|move|p2a: Exeggutor|Substitute|p2a: Exeggutor\n|-start|p2a: Exeggutor|Substitute\n|-damage|p2a: Exeggutor|123/312\n|-enditem|p2a: Exeggutor|Sitrus Berry|[eat]\n|-heal|p2a: Exeggutor|201/312|[from] item: Sitrus Berry\n|\n|-damage|p1a: Lunala|42/100|[from] Leech Seed|[of] p2a: Exeggutor\n|-heal|p2a: Exeggutor|239/312|[silent]\n|-end|p1a: Lunala|move: Heal Block\n|-item|p2a: Exeggutor|Sitrus Berry|[from] ability: Harvest\n|upkeep\n|turn|43\n|inactive|Time left: 300 sec this turn | 300 sec total\n|\n|t:|1783558154\n|move|p1a: Lunala|Moonlight|p1a: Lunala\n|-heal|p1a: Lunala|92/100\n|move|p2a: Exeggutor|Psychic Noise|p1a: Lunala\n|-resisted|p1a: Lunala\n|-damage|p1a: Lunala|86/100\n|-start|p1a: Lunala|move: Heal Block\n|\n|-damage|p1a: Lunala|74/100|[from] Leech Seed|[of] p2a: Exeggutor\n|-heal|p2a: Exeggutor|277/312|[silent]\n|upkeep\n|turn|44\n|inactive|Time left: 300 sec this turn | 300 sec total\n|\n|t:|1783558155\n|move|p2a: Exeggutor|Protect|p2a: Exeggutor\n|-singleturn|p2a: Exeggutor|Protect\n|move|p1a: Lunala|Psyshock|p2a: Exeggutor\n|-activate|p2a: Exeggutor|move: Protect\n|\n|-damage|p1a: Lunala|62/100|[from] Leech Seed|[of] p2a: Exeggutor\n|-heal|p2a: Exeggutor|312/312|[silent]\n|-end|p1a: Lunala|move: Heal Block\n|upkeep\n|turn|45\n|inactive|Time left: 300 sec this turn | 300 sec total\n|\n|t:|1783558156\n|move|p1a: Lunala|Psyshock|p2a: Exeggutor\n|-resisted|p2a: Exeggutor\n|-end|p2a: Exeggutor|Substitute\n|move|p2a: Exeggutor|Psychic Noise|p1a: Lunala\n|-resisted|p1a: Lunala\n|-damage|p1a: Lunala|56/100\n|-start|p1a: Lunala|move: Heal Block\n|\n|-damage|p1a: Lunala|43/100|[from] Leech Seed|[of] p2a: Exeggutor\n|upkeep\n|turn|46\n|inactive|Time left: 300 sec this turn | 300 sec total\n|\n|t:|1783558157\n|move|p1a: Lunala|Psyshock|p2a: Exeggutor\n|-resisted|p2a: Exeggutor\n|-damage|p2a: Exeggutor|202/312\n|move|p2a: Exeggutor|Substitute|p2a: Exeggutor\n|-start|p2a: Exeggutor|Substitute\n|-damage|p2a: Exeggutor|124/312\n|-enditem|p2a: Exeggutor|Sitrus Berry|[eat]\n|-heal|p2a: Exeggutor|202/312|[from] item: Sitrus Berry\n|\n|-damage|p1a: Lunala|31/100|[from] Leech Seed|[of] p2a: Exeggutor\n|-heal|p2a: Exeggutor|240/312|[silent]\n|-end|p1a: Lunala|move: Heal Block\n|-item|p2a: Exeggutor|Sitrus Berry|[from] ability: Harvest\n|upkeep\n|turn|47\n|inactive|Time left: 300 sec this turn | 300 sec total\n|\n|t:|1783558158\n|move|p1a: Lunala|Moonlight|p1a: Lunala\n|-heal|p1a: Lunala|81/100\n|move|p2a: Exeggutor|Psychic Noise|p1a: Lunala\n|-resisted|p1a: Lunala\n|-damage|p1a: Lunala|75/100\n|-start|p1a: Lunala|move: Heal Block\n|\n|-damage|p1a: Lunala|63/100|[from] Leech Seed|[of] p2a: Exeggutor\n|-heal|p2a: Exeggutor|278/312|[silent]\n|upkeep\n|turn|48\n|inactive|Time left: 300 sec this turn | 300 sec total\n|\n|t:|1783558159\n|move|p1a: Lunala|Calm Mind|p1a: Lunala\n|-boost|p1a: Lunala|spa|1\n|-boost|p1a: Lunala|spd|1\n|move|p2a: Exeggutor|Psychic Noise|p1a: Lunala\n|-resisted|p1a: Lunala\n|-damage|p1a: Lunala|57/100\n|\n|-damage|p1a: Lunala|45/100|[from] Leech Seed|[of] p2a: Exeggutor\n|-heal|p2a: Exeggutor|312/312|[silent]\n|-end|p1a: Lunala|move: Heal Block\n|upkeep\n|turn|49\n|inactive|Time left: 300 sec this turn | 300 sec total\n|\n|t:|1783558161\n|move|p1a: Lunala|Calm Mind|p1a: Lunala\n|-boost|p1a: Lunala|spa|1\n|-boost|p1a: Lunala|spd|1\n|move|p2a: Exeggutor|Psychic Noise|p1a: Lunala\n|-resisted|p1a: Lunala\n|-damage|p1a: Lunala|40/100\n|-start|p1a: Lunala|move: Heal Block\n|\n|-damage|p1a: Lunala|28/100|[from] Leech Seed|[of] p2a: Exeggutor\n|upkeep\n|turn|50\n|inactive|Time left: 300 sec this turn | 300 sec total\n|\n|t:|1783558162\n|move|p1a: Lunala|Calm Mind|p1a: Lunala\n|-boost|p1a: Lunala|spa|0\n|-boost|p1a: Lunala|spd|0\n|move|p2a: Exeggutor|Psychic Noise|p1a: Lunala\n|-resisted|p1a: Lunala\n|-damage|p1a: Lunala|24/100\n|\n|-damage|p1a: Lunala|11/100|[from] Leech Seed|[of] p2a: Exeggutor\n|-end|p1a: Lunala|move: Heal Block\n|upkeep\n|turn|51\n|inactive|Time left: 300 sec this turn | 300 sec total\n|\n|t:|1783558163\n|move|p1a: Lunala|Psyshock|p2a: Exeggutor\n|-resisted|p2a: Exeggutor\n|-end|p2a: Exeggutor|Substitute\n|move|p2a: Exeggutor|Leech Seed||[still]\n|-fail|p2a: Exeggutor\n|\n|-heal|p1a: Lunala|17/100|[from] item: Leftovers\n|-damage|p1a: Lunala|5/100|[from] Leech Seed|[of] p2a: Exeggutor\n|upkeep\n|turn|52\n|inactive|Time left: 300 sec this turn | 300 sec total\n|\n|t:|1783558164\n|move|p1a: Lunala|Psyshock|p2a: Exeggutor\n|-resisted|p2a: Exeggutor\n|-damage|p2a: Exeggutor|165/312\n|move|p2a: Exeggutor|Psychic Noise|p1a: Lunala\n|-resisted|p1a: Lunala\n|-damage|p1a: Lunala|1/100\n|-start|p1a: Lunala|move: Heal Block\n|\n|-damage|p1a: Lunala|0 fnt|[from] Leech Seed|[of] p2a: Exeggutor\n|-heal|p2a: Exeggutor|166/312|[silent]\n|faint|p1a: Lunala\n|upkeep\n|\n|t:|1783558165\n|switch|p1a: Ampharos|Ampharos, L88, M|50/100\n|-damage|p1a: Ampharos|38/100|[from] Stealth Rock\n|turn|53\n|inactive|Time left: 300 sec this turn | 300 sec total\n|\n|t:|1783558166\n|move|p2a: Exeggutor|Substitute|p2a: Exeggutor\n|-start|p2a: Exeggutor|Substitute\n|-damage|p2a: Exeggutor|88/312\n|-enditem|p2a: Exeggutor|Sitrus Berry|[eat]\n|-heal|p2a: Exeggutor|166/312|[from] item: Sitrus Berry\n|move|p1a: Ampharos|Thunderbolt|p2a: Exeggutor\n|-end|p2a: Exeggutor|Substitute\n|\n|upkeep\n|turn|54\n|inactive|Time left: 300 sec this turn | 300 sec total\n|\n|t:|1783558167\n|move|p2a: Exeggutor|Protect|p2a: Exeggutor\n|-singleturn|p2a: Exeggutor|Protect\n|move|p1a: Ampharos|Thunderbolt|p2a: Exeggutor\n|-activate|p2a: Exeggutor|move: Protect\n|\n|-item|p2a: Exeggutor|Sitrus Berry|[from] ability: Harvest\n|upkeep\n|turn|55\n|inactive|Time left: 300 sec this turn | 300 sec total\n|\n|t:|1783558168\n|move|p2a: Exeggutor|Substitute|p2a: Exeggutor\n|-start|p2a: Exeggutor|Substitute\n|-damage|p2a: Exeggutor|88/312\n|-enditem|p2a: Exeggutor|Sitrus Berry|[eat]\n|-heal|p2a: Exeggutor|166/312|[from] item: Sitrus Berry\n|move|p1a: Ampharos|Thunderbolt|p2a: Exeggutor\n|-end|p2a: Exeggutor|Substitute\n|\n|upkeep\n|turn|56\n|inactive|Time left: 300 sec this turn | 300 sec total\n|\n|t:|1783558169\n|move|p2a: Exeggutor|Protect|p2a: Exeggutor\n|-singleturn|p2a: Exeggutor|Protect\n|move|p1a: Ampharos|Thunderbolt|p2a: Exeggutor\n|-activate|p2a: Exeggutor|move: Protect\n|\n|-item|p2a: Exeggutor|Sitrus Berry|[from] ability: Harvest\n|upkeep\n|turn|57\n|inactive|Time left: 300 sec this turn | 300 sec total\n|\n|t:|1783558170\n|move|p2a: Exeggutor|Substitute|p2a: Exeggutor\n|-start|p2a: Exeggutor|Substitute\n|-damage|p2a: Exeggutor|88/312\n|-enditem|p2a: Exeggutor|Sitrus Berry|[eat]\n|-heal|p2a: Exeggutor|166/312|[from] item: Sitrus Berry\n|move|p1a: Ampharos|Thunderbolt|p2a: Exeggutor\n|-crit|p2a: Exeggutor\n|-end|p2a: Exeggutor|Substitute\n|\n|upkeep\n|turn|58\n|inactive|Time left: 300 sec this turn | 300 sec total\n|\n|t:|1783558171\n|move|p2a: Exeggutor|Protect|p2a: Exeggutor\n|-singleturn|p2a: Exeggutor|Protect\n|move|p1a: Ampharos|Thunderbolt|p2a: Exeggutor\n|-activate|p2a: Exeggutor|move: Protect\n|\n|upkeep\n|turn|59\n|inactive|Time left: 300 sec this turn | 300 sec total\n|\n|t:|1783558172\n|move|p2a: Exeggutor|Substitute|p2a: Exeggutor\n|-start|p2a: Exeggutor|Substitute\n|-damage|p2a: Exeggutor|88/312\n|move|p1a: Ampharos|Thunderbolt|p2a: Exeggutor\n|-end|p2a: Exeggutor|Substitute\n|\n|upkeep\n|turn|60\n|inactive|Time left: 300 sec this turn | 300 sec total\n|\n|t:|1783558173\n|move|p2a: Exeggutor|Protect|p2a: Exeggutor\n|-singleturn|p2a: Exeggutor|Protect\n|move|p1a: Ampharos|Thunderbolt|p2a: Exeggutor\n|-activate|p2a: Exeggutor|move: Protect\n|\n|-item|p2a: Exeggutor|Sitrus Berry|[from] ability: Harvest\n|upkeep\n|-enditem|p2a: Exeggutor|Sitrus Berry|[eat]\n|-heal|p2a: Exeggutor|166/312|[from] item: Sitrus Berry\n|turn|61\n|inactive|Time left: 300 sec this turn | 300 sec total\n|\n|t:|1783558174\n|move|p2a: Exeggutor|Substitute|p2a: Exeggutor\n|-start|p2a: Exeggutor|Substitute\n|-damage|p2a: Exeggutor|88/312\n|move|p1a: Ampharos|Thunderbolt|p2a: Exeggutor\n|-end|p2a: Exeggutor|Substitute\n|\n|upkeep\n|turn|62\n|inactive|Time left: 300 sec this turn | 300 sec total\n|\n|t:|1783558175\n|move|p2a: Exeggutor|Protect|p2a: Exeggutor\n|-singleturn|p2a: Exeggutor|Protect\n|move|p1a: Ampharos|Thunderbolt|p2a: Exeggutor\n|-activate|p2a: Exeggutor|move: Protect\n|\n|upkeep\n|turn|63\n|inactive|Time left: 300 sec this turn | 300 sec total\n|\n|t:|1783558176\n|move|p2a: Exeggutor|Substitute|p2a: Exeggutor\n|-start|p2a: Exeggutor|Substitute\n|-damage|p2a: Exeggutor|10/312\n|move|p1a: Ampharos|Thunderbolt|p2a: Exeggutor\n|-end|p2a: Exeggutor|Substitute\n|\n|-item|p2a: Exeggutor|Sitrus Berry|[from] ability: Harvest\n|upkeep\n|-enditem|p2a: Exeggutor|Sitrus Berry|[eat]\n|-heal|p2a: Exeggutor|88/312|[from] item: Sitrus Berry\n|turn|64\n|inactive|Time left: 300 sec this turn | 300 sec total\n|\n|t:|1783558177\n|move|p2a: Exeggutor|Psychic Noise|p1a: Ampharos\n|-damage|p1a: Ampharos|6/100\n|-start|p1a: Ampharos|move: Heal Block\n|move|p1a: Ampharos|Thunderbolt|p2a: Exeggutor\n|-damage|p2a: Exeggutor|0 fnt\n|faint|p2a: Exeggutor\n|\n|upkeep\n|inactive|Time left: 300 sec this turn | 300 sec total | 5 sec grace\n|\n|t:|1783558178\n|switch|p2a: Floatzel|Floatzel, L86, M|286/286\n|turn|65\n|inactive|Time left: 300 sec this turn | 300 sec total\n|\n|t:|1783558179\n|move|p2a: Floatzel|Ice Spinner|p1a: Ampharos\n|-damage|p1a: Ampharos|0 fnt\n|faint|p1a: Ampharos\n|\n|upkeep\n|\n|t:|1783558179\n|switch|p1a: Hypno|Hypno, L95, M|100/100\n|-damage|p1a: Hypno|88/100|[from] Stealth Rock\n|turn|66\n|inactive|Time left: 300 sec this turn | 300 sec total\n|\n|t:|1783558180\n|move|p2a: Floatzel|Bulk Up|p2a: Floatzel\n|-boost|p2a: Floatzel|atk|1\n|-boost|p2a: Floatzel|def|1\n|move|p1a: Hypno|Psychic Noise|p2a: Floatzel\n|-damage|p2a: Floatzel|172/286\n|-start|p2a: Floatzel|move: Heal Block\n|\n|-heal|p1a: Hypno|94/100|[from] item: Leftovers\n|upkeep\n|turn|67\n|inactive|Time left: 300 sec this turn | 300 sec total\n|\n|t:|1783558181\n|-terastallize|p1a: Hypno|Fairy\n|move|p2a: Floatzel|Bulk Up|p2a: Floatzel\n|-boost|p2a: Floatzel|atk|1\n|-boost|p2a: Floatzel|def|1\n|move|p1a: Hypno|Psychic Noise|p2a: Floatzel\n|-damage|p2a: Floatzel|61/286\n|\n|-heal|p1a: Hypno|99/100|[from] item: Leftovers\n|-end|p2a: Floatzel|move: Heal Block\n|upkeep\n|turn|68\n|inactive|Time left: 300 sec this turn | 300 sec total\n|\n|t:|1783558182\n|move|p2a: Floatzel|Bulk Up|p2a: Floatzel\n|-boost|p2a: Floatzel|atk|1\n|-boost|p2a: Floatzel|def|1\n|move|p1a: Hypno|Psychic Noise|p2a: Floatzel\n|-damage|p2a: Floatzel|0 fnt\n|faint|p2a: Floatzel\n|\n|win|p0x16283e78", "uploadtime": 1783558182, "views": 0, "rating": 0, "private": 0, "password": null, "_winner": "p0x16283e78", "_our_name": "p0y1628ef5a"}