{"id": "battle-gen9randombattle-122", "formatid": "gen9randombattle", "format": "[Gen 9] Random Battle", "players": ["p0x122e13d", "p0y1228566"], "log": "|init|battle\n|title|p0x122e13d vs. p0y1228566\n|j|\u2606p0x122e13d\n|j|\u2606p0y1228566\n|t:|1783535167\n|gametype|singles\n|player|p1|p0x122e13d|102|\n|player|p2|p0y1228566|101|\n|gen|9\n|tier|[Gen 9] Random Battle\n|rule|Species Clause: Limit one of each Pok\u00e9mon\n|rule|HP Percentage Mod: HP is shown in percentages\n|rule|Sleep Clause Mod: Limit one foe put to sleep\n|rule|Illusion Level Mod: Illusion disguises the Pok\u00e9mon's true level\n|\n|t:|1783535167\n|teamsize|p1|6\n|teamsize|p2|6\n|start\n|switch|p1a: Glalie|Glalie, L96, F|100/100\n|switch|p2a: Latias|Latias, L79, F|256/256\n|turn|1\n|inactive|Battle timer is ON: inactive players will automatically lose when time's up. (requested by p0x122e13d)\n|inactive|Time left: 300 sec this turn | 300 sec total | 60 sec grace\n|inactive|p0y1228566 also wants the timer to be on.\n|\n|t:|1783535168\n|move|p2a: Latias|Calm Mind|p2a: Latias\n|-boost|p2a: Latias|spa|1\n|-boost|p2a: Latias|spd|1\n|move|p1a: Glalie|Freeze-Dry|p2a: Latias\n|-supereffective|p2a: Latias\n|-damage|p2a: Latias|166/256\n|-status|p2a: Latias|frz\n|\n|upkeep\n|turn|2\n|inactive|Time left: 300 sec this turn | 300 sec total\n|\n|t:|1783535169\n|cant|p2a: Latias|frz\n|move|p1a: Glalie|Freeze-Dry|p2a: Latias\n|-supereffective|p2a: Latias\n|-damage|p2a: Latias|74/256 frz\n|\n|upkeep\n|turn|3\n|inactive|Time left: 300 sec this turn | 300 sec total\n|\n|t:|1783535170\n|cant|p2a: Latias|frz\n|move|p1a: Glalie|Freeze-Dry|p2a: Latias\n|-supereffective|p2a: Latias\n|-damage|p2a: Latias|0 fnt\n|faint|p2a: Latias\n|\n|upkeep\n|inactive|Time left: 300 sec this turn | 300 sec total | 5 sec grace\n|\n|t:|1783535171\n|switch|p2a: Araquanid|Araquanid, L82, M|246/246\n|turn|4\n|inactive|Time left: 300 sec this turn | 300 sec total\n|\n|t:|1783535172\n|move|p1a: Glalie|Freeze-Dry|p2a: Araquanid\n|-supereffective|p2a: Araquanid\n|-damage|p2a: Araquanid|120/246\n|move|p2a: Araquanid|Sticky Web|p1a: Glalie\n|-sidestart|p1: p0x122e13d|move: Sticky Web\n|\n|upkeep\n|turn|5\n|inactive|Time left: 300 sec this turn | 300 sec total\n|\n|t:|1783535173\n|switch|p2a: Frosmoth|Frosmoth, L82, F|249/249\n|move|p1a: Glalie|Freeze-Dry|p2a: Frosmoth\n|-resisted|p2a: Frosmoth\n|-damage|p2a: Frosmoth|227/249\n|\n|upkeep\n|turn|6\n|inactive|Time left: 300 sec this turn | 300 sec total\n|\n|t:|1783535174\n|move|p1a: Glalie|Spikes|p2a: Frosmoth\n|-sidestart|p2: p0y1228566|Spikes\n|move|p2a: Frosmoth|Quiver Dance|p2a: Frosmoth\n|-boost|p2a: Frosmoth|spa|1\n|-boost|p2a: Frosmoth|spd|1\n|-boost|p2a: Frosmoth|spe|1\n|\n|upkeep\n|turn|7\n|inactive|Time left: 300 sec this turn | 300 sec total\n|\n|t:|1783535175\n|move|p2a: Frosmoth|Quiver Dance|p2a: Frosmoth\n|-boost|p2a: Frosmoth|spa|1\n|-boost|p2a: Frosmoth|spd|1\n|-boost|p2a: Frosmoth|spe|1\n|move|p1a: Glalie|Spikes|p2a: Frosmoth\n|-sidestart|p2: p0y1228566|Spikes\n|\n|upkeep\n|turn|8\n|inactive|Time left: 300 sec this turn | 300 sec total\n|\n|t:|1783535176\n|move|p2a: Frosmoth|Ice Beam|p1a: Glalie\n|-resisted|p1a: Glalie\n|-damage|p1a: Glalie|64/100\n|move|p1a: Glalie|Earthquake|p2a: Frosmoth\n|-resisted|p2a: Frosmoth\n|-damage|p2a: Frosmoth|171/249\n|\n|upkeep\n|turn|9\n|inactive|Time left: 300 sec this turn | 300 sec total\n|\n|t:|1783535177\n|move|p2a: Frosmoth|Giga Drain|p1a: Glalie\n|-damage|p1a: Glalie|26/100\n|-heal|p2a: Frosmoth|230/249|[from] drain|[of] p1a: Glalie\n|move|p1a: Glalie|Earthquake|p2a: Frosmoth\n|-resisted|p2a: Frosmoth\n|-damage|p2a: Frosmoth|179/249\n|\n|upkeep\n|turn|10\n|inactive|Time left: 300 sec this turn | 300 sec total\n|\n|t:|1783535178\n|move|p2a: Frosmoth|Giga Drain|p1a: Glalie\n|-damage|p1a: Glalie|0 fnt\n|-heal|p2a: Frosmoth|219/249|[from] drain|[of] p1a: Glalie\n|faint|p1a: Glalie\n|\n|upkeep\n|\n|t:|1783535178\n|switch|p1a: Ogerpon|Ogerpon-Cornerstone, L76, F|100/100\n|-activate|p1a: Ogerpon|move: Sticky Web\n|-unboost|p1a: Ogerpon|spe|1\n|turn|11\n|inactive|Time left: 300 sec this turn | 300 sec total\n|\n|t:|1783535180\n|-terastallize|p2a: Frosmoth|Ground\n|move|p2a: Frosmoth|Ice Beam|p1a: Ogerpon\n|-supereffective|p1a: Ogerpon\n|-ability|p1a: Ogerpon|Sturdy\n|-damage|p1a: Ogerpon|1/100\n|move|p1a: Ogerpon|Ivy Cudgel|p2a: Frosmoth|[anim] Ivy Cudgel Rock\n|-resisted|p2a: Frosmoth\n|-damage|p2a: Frosmoth|134/249\n|\n|upkeep\n|turn|12\n|inactive|Time left: 300 sec this turn | 300 sec total\n|\n|t:|1783535181\n|move|p2a: Frosmoth|Ice Beam|p1a: Ogerpon\n|-supereffective|p1a: Ogerpon\n|-damage|p1a: Ogerpon|0 fnt\n|faint|p1a: Ogerpon\n|\n|upkeep\n|\n|t:|1783535182\n|switch|p1a: Toxicroak|Toxicroak, L84, F|100/100\n|-activate|p1a: Toxicroak|move: Sticky Web\n|-unboost|p1a: Toxicroak|spe|1\n|turn|13\n|inactive|Time left: 300 sec this turn | 300 sec total\n|\n|t:|1783535183\n|-terastallize|p1a: Toxicroak|Dark\n|move|p1a: Toxicroak|Sucker Punch|p2a: Frosmoth\n|-damage|p2a: Frosmoth|4/249\n|-damage|p1a: Toxicroak|91/100|[from] item: Life Orb\n|move|p2a: Frosmoth|Ice Beam|p1a: Toxicroak\n|-damage|p1a: Toxicroak|0 fnt\n|faint|p1a: Toxicroak\n|\n|upkeep\n|\n|t:|1783535184\n|switch|p1a: Camerupt|Camerupt, L91, M|100/100\n|-activate|p1a: Camerupt|move: Sticky Web\n|-unboost|p1a: Camerupt|spe|1\n|turn|14\n|inactive|Time left: 300 sec this turn | 300 sec total\n|\n|t:|1783535185\n|switch|p1a: Altaria|Altaria, L89, F|100/100\n|move|p2a: Frosmoth|Tera Blast|p1a: Altaria|[anim] Tera Blast Ground\n|-immune|p1a: Altaria\n|\n|upkeep\n|turn|15\n|inactive|Time left: 300 sec this turn | 300 sec total\n|\n|t:|1783535186\n|switch|p1a: Camerupt|Camerupt, L91, M|100/100\n|-activate|p1a: Camerupt|move: Sticky Web\n|-unboost|p1a: Camerupt|spe|1\n|move|p2a: Frosmoth|Ice Beam|p1a: Camerupt\n|-damage|p1a: Camerupt|24/100\n|\n|-heal|p1a: Camerupt|30/100|[from] item: Leftovers\n|upkeep\n|turn|16\n|inactive|Time left: 300 sec this turn | 300 sec total\n|\n|t:|1783535187\n|move|p2a: Frosmoth|Giga Drain|p1a: Camerupt\n|-damage|p1a: Camerupt|0 fnt\n|-heal|p2a: Frosmoth|45/249|[from] drain|[of] p1a: Camerupt\n|faint|p1a: Camerupt\n|\n|upkeep\n|\n|t:|1783535188\n|switch|p1a: Brambleghast|Brambleghast, L88, M|100/100\n|turn|17\n|inactive|Time left: 300 sec this turn | 300 sec total\n|\n|t:|1783535189\n|move|p2a: Frosmoth|Ice Beam|p1a: Brambleghast\n|-supereffective|p1a: Brambleghast\n|-damage|p1a: Brambleghast|0 fnt\n|faint|p1a: Brambleghast\n|\n|upkeep\n|\n|t:|1783535190\n|switch|p1a: Altaria|Altaria, L89, F|100/100\n|turn|18\n|inactive|Time left: 300 sec this turn | 300 sec total\n|\n|t:|1783535191\n|move|p2a: Frosmoth|Ice Beam|p1a: Altaria\n|-supereffective|p1a: Altaria\n|-damage|p1a: Altaria|0 fnt\n|faint|p1a: Altaria\n|\n|win|p0y1228566", "uploadtime": 1783535191, "views": 0, "rating": 0, "private": 0, "password": null, "_winner": "p0y1228566", "_our_name": "p0y1228566"}