{"id": "battle-gen9randombattle-884", "formatid": "gen9randombattle", "format": "[Gen 9] Random Battle", "players": ["p0x88499b7", "p0y884f9fb"], "log": "|init|battle\n|title|p0x88499b7 vs. p0y884f9fb\n|j|\u2606p0x88499b7\n|j|\u2606p0y884f9fb\n|t:|1783549380\n|gametype|singles\n|player|p1|p0x88499b7|170|\n|player|p2|p0y884f9fb|2|\n|gen|9\n|tier|[Gen 9] Random Battle\n|rule|Species Clause: Limit one of each Pok\u00e9mon\n|rule|HP Percentage Mod: HP is shown in percentages\n|rule|Sleep Clause Mod: Limit one foe put to sleep\n|rule|Illusion Level Mod: Illusion disguises the Pok\u00e9mon's true level\n|\n|t:|1783549380\n|teamsize|p1|6\n|teamsize|p2|6\n|start\n|switch|p1a: Polteageist|Polteageist-Antique, L78|222/222\n|switch|p2a: Ursaring|Ursaring, L84, F|100/100\n|turn|1\n|inactive|Battle timer is ON: inactive players will automatically lose when time's up. (requested by p0y884f9fb)\n|inactive|Time left: 300 sec this turn | 300 sec total | 60 sec grace\n|inactive|p0x88499b7 also wants the timer to be on.\n|\n|t:|1783549382\n|move|p1a: Polteageist|Shell Smash|p1a: Polteageist\n|-unboost|p1a: Polteageist|def|1\n|-unboost|p1a: Polteageist|spd|1\n|-boost|p1a: Polteageist|atk|2\n|-boost|p1a: Polteageist|spa|2\n|-boost|p1a: Polteageist|spe|2\n|-enditem|p1a: Polteageist|White Herb\n|-clearnegativeboost|p1a: Polteageist|[silent]\n|move|p2a: Ursaring|Earthquake|p1a: Polteageist\n|-damage|p1a: Polteageist|92/222\n|-start|p2a: Ursaring|Disable|Earthquake|[from] ability: Cursed Body|[of] p1a: Polteageist\n|\n|upkeep\n|turn|2\n|inactive|Time left: 300 sec this turn | 300 sec total\n|\n|t:|1783549383\n|switch|p2a: Sableye|Sableye, L88, M|100/100\n|move|p1a: Polteageist|Strength Sap|p2a: Sableye\n|-unboost|p2a: Sableye|atk|1\n|-heal|p1a: Polteageist|222/222\n|\n|upkeep\n|turn|3\n|inactive|Time left: 300 sec this turn | 300 sec total\n|\n|t:|1783549384\n|move|p2a: Sableye|Encore|p1a: Polteageist\n|-start|p1a: Polteageist|Encore\n|move|p1a: Polteageist|Strength Sap|p2a: Sableye\n|-unboost|p2a: Sableye|atk|1\n|\n|upkeep\n|turn|4\n|inactive|Time left: 300 sec this turn | 300 sec total\n|\n|t:|1783549385\n|switch|p2a: Camerupt|Camerupt, L91, F|100/100\n|move|p1a: Polteageist|Strength Sap|p2a: Camerupt\n|-unboost|p2a: Camerupt|atk|1\n|\n|upkeep\n|turn|5\n|inactive|Time left: 300 sec this turn | 300 sec total\n|\n|t:|1783549386\n|move|p1a: Polteageist|Strength Sap|p2a: Camerupt\n|-unboost|p2a: Camerupt|atk|1\n|move|p2a: Camerupt|Roar|p1a: Polteageist\n|drag|p1a: Sunflora|Sunflora, M|312/312\n|\n|upkeep\n|turn|6\n|inactive|Time left: 300 sec this turn | 300 sec total\n|\n|t:|1783549388\n|move|p2a: Camerupt|Stealth Rock|p1a: Sunflora\n|-sidestart|p1: p0x88499b7|move: Stealth Rock\n|move|p1a: Sunflora|Solar Beam||[still]\n|-prepare|p1a: Sunflora|Solar Beam\n|\n|upkeep\n|turn|7\n|inactive|Time left: 300 sec this turn | 300 sec total\n|\n|t:|1783549389\n|switch|p2a: Toucannon|Toucannon, L88, F|100/100\n|move|p1a: Sunflora|Solar Beam|p2a: Toucannon|[from] lockedmove\n|-resisted|p2a: Toucannon\n|-damage|p2a: Toucannon|50/100\n|-damage|p1a: Sunflora|281/312|[from] item: Life Orb\n|\n|upkeep\n|turn|8\n|inactive|Time left: 300 sec this turn | 300 sec total\n|\n|t:|1783549390\n|switch|p1a: Rhyperior|Rhyperior, L82, F|323/323\n|-damage|p1a: Rhyperior|303/323|[from] Stealth Rock\n|-singleturn|p2a: Toucannon|move: Beak Blast\n|move|p2a: Toucannon|Beak Blast|p1a: Rhyperior\n|-resisted|p1a: Rhyperior\n|-damage|p1a: Rhyperior|248/323\n|\n|upkeep\n|turn|9\n|inactive|Time left: 300 sec this turn | 300 sec total\n|\n|t:|1783549391\n|move|p2a: Toucannon|Roost|p2a: Toucannon\n|-heal|p2a: Toucannon|99/100\n|-singleturn|p2a: Toucannon|move: Roost\n|move|p1a: Rhyperior|Stone Edge|p2a: Toucannon\n|-damage|p2a: Toucannon|46/100\n|\n|upkeep\n|turn|10\n|inactive|Time left: 300 sec this turn | 300 sec total\n|\n|t:|1783549392\n|move|p2a: Toucannon|Roost|p2a: Toucannon\n|-heal|p2a: Toucannon|96/100\n|-singleturn|p2a: Toucannon|move: Roost\n|move|p1a: Rhyperior|Stone Edge|p2a: Toucannon|[miss]\n|-miss|p1a: Rhyperior|p2a: Toucannon\n|\n|upkeep\n|turn|11\n|inactive|Time left: 300 sec this turn | 300 sec total\n|\n|t:|1783549393\n|switch|p2a: Weezing|Weezing, L88, F|100/100\n|move|p1a: Rhyperior|Stone Edge|p2a: Weezing\n|-damage|p2a: Weezing|63/100\n|\n|-heal|p2a: Weezing|69/100|[from] item: Leftovers\n|upkeep\n|turn|12\n|inactive|Time left: 300 sec this turn | 300 sec total\n|\n|t:|1783549394\n|move|p2a: Weezing|Will-O-Wisp|p1a: Rhyperior\n|-status|p1a: Rhyperior|brn\n|move|p1a: Rhyperior|Rock Polish|p1a: Rhyperior\n|-boost|p1a: Rhyperior|spe|2\n|\n|-heal|p2a: Weezing|76/100|[from] item: Leftovers\n|-damage|p1a: Rhyperior|228/323 brn|[from] brn\n|upkeep\n|turn|13\n|inactive|Time left: 300 sec this turn | 300 sec total\n|\n|t:|1783549395\n|move|p1a: Rhyperior|Rock Polish|p1a: Rhyperior\n|-boost|p1a: Rhyperior|spe|2\n|move|p2a: Weezing|Pain Split|p1a: Rhyperior\n|-sethp|p1a: Rhyperior|211/323 brn|[from] move: Pain Split|[silent]\n|-sethp|p2a: Weezing|82/100|[from] move: Pain Split\n|\n|-heal|p2a: Weezing|88/100|[from] item: Leftovers\n|-damage|p1a: Rhyperior|191/323 brn|[from] brn\n|upkeep\n|turn|14\n|inactive|Time left: 300 sec this turn | 300 sec total\n|\n|t:|1783549396\n|move|p1a: Rhyperior|Ice Punch|p2a: Weezing\n|-damage|p2a: Weezing|78/100\n|move|p2a: Weezing|Will-O-Wisp|p1a: Rhyperior|[miss]\n|-miss|p2a: Weezing|p1a: Rhyperior\n|\n|-heal|p2a: Weezing|85/100|[from] item: Leftovers\n|-damage|p1a: Rhyperior|171/323 brn|[from] brn\n|upkeep\n|turn|15\n|inactive|Time left: 300 sec this turn | 300 sec total\n|\n|t:|1783549397\n|switch|p2a: Camerupt|Camerupt, L91, F|100/100\n|move|p1a: Rhyperior|Stone Edge|p2a: Camerupt\n|-damage|p2a: Camerupt|74/100\n|\n|-heal|p2a: Camerupt|80/100|[from] item: Leftovers\n|-damage|p1a: Rhyperior|151/323 brn|[from] brn\n|upkeep\n|turn|16\n|inactive|Time left: 300 sec this turn | 300 sec total\n|\n|t:|1783549398\n|move|p1a: Rhyperior|Earthquake|p2a: Camerupt\n|-supereffective|p2a: Camerupt\n|-damage|p2a: Camerupt|42/100\n|move|p2a: Camerupt|Earthquake|p1a: Rhyperior\n|-supereffective|p1a: Rhyperior\n|-damage|p1a: Rhyperior|0 fnt\n|faint|p1a: Rhyperior\n|\n|-heal|p2a: Camerupt|48/100|[from] item: Leftovers\n|upkeep\n|inactive|Time left: 300 sec this turn | 300 sec total | 5 sec grace\n|\n|t:|1783549399\n|switch|p1a: Gardevoir|Gardevoir, L83, F|249/249\n|-damage|p1a: Gardevoir|218/249|[from] Stealth Rock\n|-ability|p1a: Gardevoir|Solid Rock|Trace|[from] ability: Trace|[of] p2a: Camerupt\n|turn|17\n|inactive|Time left: 300 sec this turn | 300 sec total\n|\n|t:|1783549400\n|move|p1a: Gardevoir|Psyshock|p2a: Camerupt\n|-damage|p2a: Camerupt|0 fnt\n|faint|p2a: Camerupt\n|-damage|p1a: Gardevoir|194/249|[from] item: Life Orb\n|\n|upkeep\n|\n|t:|1783549401\n|switch|p2a: Pincurchin|Pincurchin, F|100/100\n|-fieldstart|move: Electric Terrain|[from] ability: Electric Surge|[of] p2a: Pincurchin\n|turn|18\n|inactive|Time left: 300 sec this turn | 300 sec total\n|\n|t:|1783549402\n|move|p1a: Gardevoir|Calm Mind|p1a: Gardevoir\n|-boost|p1a: Gardevoir|spa|1\n|-boost|p1a: Gardevoir|spd|1\n|move|p2a: Pincurchin|Zing Zap|p1a: Gardevoir\n|-damage|p1a: Gardevoir|1/249\n|\n|upkeep\n|turn|19\n|inactive|Time left: 300 sec this turn | 300 sec total\n|\n|t:|1783549404\n|move|p1a: Gardevoir|Moonblast|p2a: Pincurchin\n|-damage|p2a: Pincurchin|28/100\n|-unboost|p2a: Pincurchin|spa|1\n|-damage|p1a: Gardevoir|0 fnt|[from] item: Life Orb\n|faint|p1a: Gardevoir\n|move|p2a: Pincurchin|Recover|p2a: Pincurchin\n|-heal|p2a: Pincurchin|78/100\n|\n|-heal|p2a: Pincurchin|84/100|[from] item: Leftovers\n|upkeep\n|inactive|Time left: 300 sec this turn | 300 sec total | 5 sec grace\n|\n|t:|1783549405\n|switch|p1a: Sunflora|Sunflora, M|281/312\n|-damage|p1a: Sunflora|242/312|[from] Stealth Rock\n|turn|20\n|inactive|Time left: 300 sec this turn | 300 sec total\n|\n|t:|1783549406\n|switch|p2a: Weezing|Weezing, L88, F|85/100\n|move|p1a: Sunflora|Solar Beam||[still]\n|-prepare|p1a: Sunflora|Solar Beam\n|\n|-heal|p2a: Weezing|91/100|[from] item: Leftovers\n|upkeep\n|turn|21\n|inactive|Time left: 300 sec this turn | 300 sec total\n|\n|t:|1783549407\n|move|p2a: Weezing|Sludge Bomb|p1a: Sunflora\n|-supereffective|p1a: Sunflora\n|-damage|p1a: Sunflora|78/312\n|-status|p1a: Sunflora|psn\n|move|p1a: Sunflora|Solar Beam|p2a: Weezing|[from] lockedmove\n|-resisted|p2a: Weezing\n|-damage|p2a: Weezing|33/100\n|-damage|p1a: Sunflora|47/312 psn|[from] item: Life Orb\n|\n|-heal|p2a: Weezing|40/100|[from] item: Leftovers\n|-damage|p1a: Sunflora|8/312 psn|[from] psn\n|upkeep\n|turn|22\n|inactive|Time left: 300 sec this turn | 300 sec total\n|\n|t:|1783549408\n|switch|p2a: Toucannon|Toucannon, L88, F|96/100\n|move|p1a: Sunflora|Earth Power|p2a: Toucannon\n|-immune|p2a: Toucannon\n|\n|-damage|p1a: Sunflora|0 fnt|[from] psn\n|faint|p1a: Sunflora\n|-fieldend|move: Electric Terrain\n|upkeep\n|inactive|Time left: 300 sec this turn | 300 sec total | 5 sec grace\n|\n|t:|1783549409\n|switch|p1a: Ceruledge|Ceruledge, L78, M|245/245\n|turn|23\n|inactive|Time left: 300 sec this turn | 300 sec total\n|\n|t:|1783549410\n|move|p1a: Ceruledge|Swords Dance|p1a: Ceruledge\n|-boost|p1a: Ceruledge|atk|2\n|move|p2a: Toucannon|Knock Off|p1a: Ceruledge\n|-supereffective|p1a: Ceruledge\n|-damage|p1a: Ceruledge|49/245\n|-ability|p1a: Ceruledge|Weak Armor|boost\n|-unboost|p1a: Ceruledge|def|1\n|-boost|p1a: Ceruledge|spe|2\n|-enditem|p1a: Ceruledge|Heavy-Duty Boots|[from] move: Knock Off|[of] p2a: Toucannon\n|\n|upkeep\n|turn|24\n|inactive|Time left: 300 sec this turn | 300 sec total\n|\n|t:|1783549411\n|-terastallize|p1a: Ceruledge|Fire\n|-singleturn|p2a: Toucannon|move: Beak Blast\n|move|p1a: Ceruledge|Bitter Blade|p2a: Toucannon\n|-damage|p2a: Toucannon|0 fnt\n|-heal|p1a: Ceruledge|185/245|[from] drain|[of] p2a: Toucannon\n|faint|p2a: Toucannon\n|\n|upkeep\n|\n|t:|1783549412\n|switch|p2a: Ursaring|Ursaring, L84, F|100/100\n|turn|25\n|inactive|Time left: 300 sec this turn | 300 sec total\n|\n|t:|1783549413\n|move|p1a: Ceruledge|Bitter Blade|p2a: Ursaring\n|-damage|p2a: Ursaring|32/100\n|-heal|p1a: Ceruledge|245/245|[from] drain|[of] p2a: Ursaring\n|move|p2a: Ursaring|Earthquake|p1a: Ceruledge\n|-supereffective|p1a: Ceruledge\n|-damage|p1a: Ceruledge|0 fnt\n|faint|p1a: Ceruledge\n|\n|upkeep\n|inactive|Time left: 300 sec this turn | 300 sec total | 5 sec grace\n|\n|t:|1783549414\n|switch|p1a: Polteageist|Polteageist-Antique, L78|222/222\n|-damage|p1a: Polteageist|195/222|[from] Stealth Rock\n|turn|26\n|inactive|Time left: 300 sec this turn | 300 sec total\n|\n|t:|1783549415\n|switch|p2a: Pincurchin|Pincurchin, F|84/100\n|-fieldstart|move: Electric Terrain|[from] ability: Electric Surge|[of] p2a: Pincurchin\n|move|p1a: Polteageist|Shell Smash|p1a: Polteageist\n|-unboost|p1a: Polteageist|def|1\n|-unboost|p1a: Polteageist|spd|1\n|-boost|p1a: Polteageist|atk|2\n|-boost|p1a: Polteageist|spa|2\n|-boost|p1a: Polteageist|spe|2\n|\n|-heal|p2a: Pincurchin|90/100|[from] item: Leftovers\n|upkeep\n|turn|27\n|inactive|Time left: 300 sec this turn | 300 sec total\n|\n|t:|1783549416\n|move|p1a: Polteageist|Strength Sap|p2a: Pincurchin\n|-unboost|p2a: Pincurchin|atk|1\n|-heal|p1a: Polteageist|222/222\n|move|p2a: Pincurchin|Zing Zap|p1a: Polteageist\n|-damage|p1a: Polteageist|5/222\n|-start|p2a: Pincurchin|Disable|Zing Zap|[from] ability: Cursed Body|[of] p1a: Polteageist\n|\n|-heal|p2a: Pincurchin|96/100|[from] item: Leftovers\n|upkeep\n|turn|28\n|inactive|Time left: 300 sec this turn | 300 sec total\n|\n|t:|1783549417\n|move|p1a: Polteageist|Strength Sap|p2a: Pincurchin\n|-unboost|p2a: Pincurchin|atk|1\n|-heal|p1a: Polteageist|177/222\n|move|p2a: Pincurchin|Liquidation|p1a: Polteageist\n|-damage|p1a: Polteageist|88/222\n|\n|-heal|p2a: Pincurchin|100/100|[from] item: Leftovers\n|upkeep\n|turn|29\n|inactive|Time left: 300 sec this turn | 300 sec total\n|\n|t:|1783549418\n|move|p1a: Polteageist|Strength Sap|p2a: Pincurchin\n|-unboost|p2a: Pincurchin|atk|1\n|-heal|p1a: Polteageist|217/222\n|move|p2a: Pincurchin|Liquidation|p1a: Polteageist\n|-damage|p1a: Polteageist|141/222\n|\n|upkeep\n|turn|30\n|inactive|Time left: 300 sec this turn | 300 sec total\n|\n|t:|1783549420\n|switch|p2a: Sableye|Sableye, L88, M|100/100\n|move|p1a: Polteageist|Strength Sap|p2a: Sableye\n|-unboost|p2a: Sableye|atk|1\n|-heal|p1a: Polteageist|222/222\n|\n|-fieldend|move: Electric Terrain\n|upkeep\n|turn|31\n|inactive|Time left: 300 sec this turn | 300 sec total\n|\n|t:|1783549421\n|move|p1a: Polteageist|Shadow Ball|p2a: Sableye\n|-crit|p2a: Sableye\n|-damage|p2a: Sableye|0 fnt\n|faint|p2a: Sableye\n|\n|upkeep\n|\n|t:|1783549422\n|switch|p2a: Pincurchin|Pincurchin, F|100/100\n|-fieldstart|move: Electric Terrain|[from] ability: Electric Surge|[of] p2a: Pincurchin\n|turn|32\n|inactive|Time left: 300 sec this turn | 300 sec total\n|\n|t:|1783549423\n|move|p1a: Polteageist|Strength Sap|p2a: Pincurchin\n|-unboost|p2a: Pincurchin|atk|1\n|move|p2a: Pincurchin|Zing Zap|p1a: Polteageist\n|-damage|p1a: Polteageist|0 fnt\n|-start|p2a: Pincurchin|Disable|Zing Zap|[from] ability: Cursed Body|[of] p1a: Polteageist\n|faint|p1a: Polteageist\n|\n|upkeep\n|inactive|Time left: 300 sec this turn | 300 sec total | 5 sec grace\n|\n|t:|1783549424\n|switch|p1a: Zapdos|Zapdos-Galar, L77|265/265\n|-damage|p1a: Zapdos|232/265|[from] Stealth Rock\n|turn|33\n|inactive|Time left: 300 sec this turn | 300 sec total\n|\n|t:|1783549424\n|switch|p2a: Weezing|Weezing, L88, F|40/100\n|move|p1a: Zapdos|Bulk Up|p1a: Zapdos\n|-boost|p1a: Zapdos|atk|1\n|-boost|p1a: Zapdos|def|1\n|\n|-heal|p2a: Weezing|46/100|[from] item: Leftovers\n|upkeep\n|turn|34\n|inactive|Time left: 300 sec this turn | 300 sec total\n|\n|t:|1783549425\n|move|p1a: Zapdos|Bulk Up|p1a: Zapdos\n|-boost|p1a: Zapdos|atk|1\n|-boost|p1a: Zapdos|def|1\n|move|p2a: Weezing|Pain Split|p1a: Zapdos\n|-sethp|p1a: Zapdos|174/265|[from] move: Pain Split|[silent]\n|-sethp|p2a: Weezing|68/100|[from] move: Pain Split\n|\n|-heal|p2a: Weezing|74/100|[from] item: Leftovers\n|upkeep\n|turn|35\n|inactive|Time left: 300 sec this turn | 300 sec total\n|\n|t:|1783549426\n|move|p1a: Zapdos|Brave Bird|p2a: Weezing\n|-damage|p2a: Weezing|0 fnt\n|faint|p2a: Weezing\n|-damage|p1a: Zapdos|111/265|[from] Recoil\n|-damage|p1a: Zapdos|85/265|[from] item: Life Orb\n|\n|upkeep\n|\n|t:|1783549427\n|switch|p2a: Pincurchin|Pincurchin, F|100/100\n|turn|36\n|inactive|Time left: 300 sec this turn | 300 sec total\n|\n|t:|1783549428\n|-terastallize|p2a: Pincurchin|Grass\n|move|p1a: Zapdos|Close Combat|p2a: Pincurchin\n|-damage|p2a: Pincurchin|0 fnt\n|-unboost|p1a: Zapdos|def|1\n|-unboost|p1a: Zapdos|spd|1\n|faint|p2a: Pincurchin\n|-damage|p1a: Zapdos|59/265|[from] item: Life Orb\n|\n|-fieldend|move: Electric Terrain\n|upkeep\n|\n|t:|1783549429\n|switch|p2a: Ursaring|Ursaring, L84, F|32/100\n|turn|37\n|inactive|Time left: 300 sec this turn | 300 sec total\n|\n|t:|1783549430\n|move|p1a: Zapdos|Brave Bird|p2a: Ursaring\n|-damage|p2a: Ursaring|0 fnt\n|faint|p2a: Ursaring\n|-damage|p1a: Zapdos|29/265|[from] Recoil\n|-damage|p1a: Zapdos|3/265|[from] item: Life Orb\n|\n|win|p0x88499b7", "uploadtime": 1783549430, "views": 0, "rating": 0, "private": 0, "password": null, "_winner": "p0x88499b7", "_our_name": "p0x88499b7"}