{"id": "battle-gen9randombattle-407", "formatid": "gen9randombattle", "format": "[Gen 9] Random Battle", "players": ["p0x40789b4", "p0y407df95"], "log": "|init|battle\n|title|p0x40789b4 vs. p0y407df95\n|j|\u2606p0x40789b4\n|j|\u2606p0y407df95\n|t:|1783543780\n|gametype|singles\n|player|p1|p0x40789b4|266|\n|player|p2|p0y407df95|169|\n|gen|9\n|tier|[Gen 9] Random Battle\n|rule|Species Clause: Limit one of each Pok\u00e9mon\n|rule|HP Percentage Mod: HP is shown in percentages\n|rule|Sleep Clause Mod: Limit one foe put to sleep\n|rule|Illusion Level Mod: Illusion disguises the Pok\u00e9mon's true level\n|\n|t:|1783543780\n|teamsize|p1|6\n|teamsize|p2|6\n|start\n|switch|p1a: Regieleki|Regieleki, L79|100/100\n|switch|p2a: Armarouge|Armarouge, L80, M|267/267\n|turn|1\n|inactive|Battle timer is ON: inactive players will automatically lose when time's up. (requested by p0y407df95)\n|inactive|p0x40789b4 also wants the timer to be on.\n|\n|t:|1783543782\n|move|p1a: Regieleki|Volt Switch|p2a: Armarouge\n|-damage|p2a: Armarouge|158/267\n|\n|t:|1783543783\n|switch|p1a: Grumpig|Grumpig, L92, M|100/100|[from] Volt Switch\n|move|p2a: Armarouge|Meteor Beam||[still]\n|-prepare|p2a: Armarouge|Meteor Beam\n|-boost|p2a: Armarouge|spa|1\n|-enditem|p2a: Armarouge|Power Herb\n|-anim|p2a: Armarouge|Meteor Beam|p1a: Grumpig\n|-crit|p1a: Grumpig\n|-damage|p1a: Grumpig|41/100\n|\n|-heal|p1a: Grumpig|47/100|[from] item: Leftovers\n|upkeep\n|turn|2\n|inactive|Time left: 300 sec this turn | 300 sec total\n|\n|t:|1783543785\n|move|p1a: Grumpig|Earth Power|p2a: Armarouge\n|-supereffective|p2a: Armarouge\n|-damage|p2a: Armarouge|6/267\n|move|p2a: Armarouge|Meteor Beam||[still]\n|-prepare|p2a: Armarouge|Meteor Beam\n|-boost|p2a: Armarouge|spa|1\n|\n|-heal|p1a: Grumpig|53/100|[from] item: Leftovers\n|upkeep\n|turn|3\n|inactive|Time left: 300 sec this turn | 300 sec total\n|\n|t:|1783543786\n|move|p1a: Grumpig|Earth Power|p2a: Armarouge\n|-supereffective|p2a: Armarouge\n|-damage|p2a: Armarouge|0 fnt\n|faint|p2a: Armarouge\n|\n|-heal|p1a: Grumpig|59/100|[from] item: Leftovers\n|upkeep\n|inactive|Time left: 300 sec this turn | 300 sec total | 5 sec grace\n|\n|t:|1783543787\n|switch|p2a: Brute Bonnet|Brute Bonnet, L80|309/309\n|turn|4\n|inactive|Time left: 300 sec this turn | 300 sec total\n|\n|t:|1783543789\n|switch|p1a: Slaking|Slaking, L84, M|100/100\n|move|p2a: Brute Bonnet|Crunch|p1a: Slaking\n|-damage|p1a: Slaking|77/100\n|\n|upkeep\n|turn|5\n|inactive|Time left: 300 sec this turn | 300 sec total\n|\n|t:|1783543790\n|-end|p2a: Brute Bonnet|Protosynthesis|[silent]\n|switch|p2a: Dragapult|Dragapult, L77, M|262/262\n|move|p1a: Slaking|Giga Impact|p2a: Dragapult\n|-immune|p2a: Dragapult\n|\n|upkeep\n|turn|6\n|inactive|Time left: 300 sec this turn | 300 sec total\n|\n|t:|1783543791\n|move|p2a: Dragapult|Dragon Dance|p2a: Dragapult\n|-boost|p2a: Dragapult|atk|1\n|-boost|p2a: Dragapult|spe|1\n|cant|p1a: Slaking|ability: Truant\n|\n|upkeep\n|turn|7\n|inactive|Time left: 300 sec this turn | 300 sec total\n|\n|t:|1783543792\n|switch|p1a: Forretress|Forretress, L84, F|100/100\n|move|p2a: Dragapult|Dragon Darts|p1a: Forretress\n|-resisted|p1a: Forretress\n|-damage|p1a: Forretress|88/100\n|-anim|p2a: Dragapult|Dragon Darts|p1a: Forretress\n|-resisted|p1a: Forretress\n|-damage|p1a: Forretress|75/100\n|-damage|p2a: Dragapult|236/262|[from] item: Life Orb\n|\n|-heal|p1a: Forretress|81/100|[from] item: Leftovers\n|upkeep\n|turn|8\n|inactive|Time left: 300 sec this turn | 300 sec total\n|\n|t:|1783543793\n|switch|p1a: Slaking|Slaking, L84, M|77/100\n|move|p2a: Dragapult|Fire Blast|p1a: Slaking\n|-damage|p1a: Slaking|50/100\n|-damage|p2a: Dragapult|210/262|[from] item: Life Orb\n|\n|upkeep\n|turn|9\n|inactive|Time left: 300 sec this turn | 300 sec total\n|\n|t:|1783543794\n|move|p2a: Dragapult|Dragon Darts|p1a: Slaking\n|-crit|p1a: Slaking\n|-damage|p1a: Slaking|11/100\n|-anim|p2a: Dragapult|Dragon Darts|p1a: Slaking\n|-damage|p1a: Slaking|0 fnt\n|faint|p1a: Slaking\n|-damage|p2a: Dragapult|184/262|[from] item: Life Orb\n|\n|upkeep\n|\n|t:|1783543795\n|switch|p1a: Floatzel|Floatzel, L86, F|100/100\n|turn|10\n|inactive|Time left: 300 sec this turn | 300 sec total\n|\n|t:|1783543796\n|-terastallize|p2a: Dragapult|Ghost\n|move|p2a: Dragapult|Tera Blast|p1a: Floatzel|[anim] Tera Blast Ghost\n|-damage|p1a: Floatzel|5/100\n|-damage|p2a: Dragapult|158/262|[from] item: Life Orb\n|move|p1a: Floatzel|Crunch|p2a: Dragapult\n|-supereffective|p2a: Dragapult\n|-damage|p2a: Dragapult|0 fnt\n|faint|p2a: Dragapult\n|\n|upkeep\n|inactive|Time left: 300 sec this turn | 300 sec total | 5 sec grace\n|\n|t:|1783543797\n|switch|p2a: Iron Hands|Iron Hands, L79|373/373\n|turn|11\n|inactive|Time left: 300 sec this turn | 300 sec total\n|\n|t:|1783543798\n|switch|p1a: Grumpig|Grumpig, L92, M|59/100\n|move|p2a: Iron Hands|Swords Dance|p2a: Iron Hands\n|-boost|p2a: Iron Hands|atk|2\n|\n|-heal|p1a: Grumpig|65/100|[from] item: Leftovers\n|upkeep\n|turn|12\n|inactive|Time left: 300 sec this turn | 300 sec total\n|\n|t:|1783543799\n|move|p1a: Grumpig|Earth Power|p2a: Iron Hands\n|-supereffective|p2a: Iron Hands\n|-damage|p2a: Iron Hands|201/373\n|move|p2a: Iron Hands|Wild Charge|p1a: Grumpig\n|-damage|p1a: Grumpig|0 fnt\n|faint|p1a: Grumpig\n|-damage|p2a: Iron Hands|153/373|[from] Recoil\n|\n|-heal|p2a: Iron Hands|176/373|[from] item: Leftovers\n|upkeep\n|\n|t:|1783543800\n|switch|p1a: Ribombee|Ribombee, L83, F|100/100\n|turn|13\n|inactive|Time left: 300 sec this turn | 300 sec total\n|\n|t:|1783543801\n|-end|p2a: Iron Hands|Quark Drive|[silent]\n|switch|p2a: Primarina|Primarina, L83, F|268/268\n|move|p1a: Ribombee|Moonblast|p2a: Primarina\n|-damage|p2a: Primarina|187/268\n|-unboost|p2a: Primarina|spa|1\n|\n|upkeep\n|turn|14\n|inactive|Time left: 300 sec this turn | 300 sec total\n|\n|t:|1783543802\n|move|p1a: Ribombee|Sticky Web|p2a: Primarina\n|-sidestart|p2: p0y407df95|move: Sticky Web\n|move|p2a: Primarina|Hydro Pump|p1a: Ribombee\n|-damage|p1a: Ribombee|34/100\n|\n|upkeep\n|turn|15\n|inactive|Time left: 300 sec this turn | 300 sec total\n|\n|t:|1783543803\n|move|p1a: Ribombee|Moonblast|p2a: Primarina\n|-damage|p2a: Primarina|111/268\n|move|p2a: Primarina|Hydro Pump|p1a: Ribombee\n|-damage|p1a: Ribombee|0 fnt\n|faint|p1a: Ribombee\n|\n|upkeep\n|\n|t:|1783543804\n|switch|p1a: Regieleki|Regieleki, L79|100/100\n|turn|16\n|inactive|Time left: 300 sec this turn | 300 sec total\n|\n|t:|1783543805\n|switch|p2a: Iron Hands|Iron Hands, L79|176/373\n|-activate|p2a: Iron Hands|move: Sticky Web\n|-unboost|p2a: Iron Hands|spe|1\n|move|p1a: Regieleki|Volt Switch|p2a: Iron Hands\n|-resisted|p2a: Iron Hands\n|-damage|p2a: Iron Hands|104/373\n|\n|t:|1783543806\n|switch|p1a: Floatzel|Floatzel, L86, F|5/100|[from] Volt Switch\n|\n|-heal|p2a: Iron Hands|127/373|[from] item: Leftovers\n|upkeep\n|turn|17\n|inactive|Time left: 300 sec this turn | 300 sec total\n|\n|t:|1783543807\n|move|p1a: Floatzel|Wave Crash|p2a: Iron Hands\n|-damage|p2a: Iron Hands|0 fnt\n|faint|p2a: Iron Hands\n|-end|p2a: Iron Hands|Quark Drive|[silent]\n|-damage|p1a: Floatzel|0 fnt|[from] Recoil\n|faint|p1a: Floatzel\n|\n|upkeep\n|inactive|Time left: 300 sec this turn | 300 sec total | 5 sec grace\n|\n|t:|1783543807\n|switch|p1a: Regieleki|Regieleki, L79|100/100\n|switch|p2a: Chi-Yu|Chi-Yu, L77|211/211\n|-ability|p2a: Chi-Yu|Beads of Ruin\n|turn|18\n|inactive|Time left: 300 sec this turn | 300 sec total\n|\n|t:|1783543808\n|move|p1a: Regieleki|Thunderbolt|p2a: Chi-Yu\n|-damage|p2a: Chi-Yu|91/211\n|move|p2a: Chi-Yu|Fire Blast|p1a: Regieleki\n|-damage|p1a: Regieleki|0 fnt\n|faint|p1a: Regieleki\n|\n|upkeep\n|\n|t:|1783543809\n|switch|p1a: Forretress|Forretress, L84, F|81/100\n|turn|19\n|inactive|Time left: 300 sec this turn | 300 sec total\n|\n|t:|1783543810\n|-terastallize|p1a: Forretress|Water\n|move|p2a: Chi-Yu|Dark Pulse|p1a: Forretress\n|-damage|p1a: Forretress|24/100\n|move|p1a: Forretress|Thunder Wave|p2a: Chi-Yu\n|-status|p2a: Chi-Yu|par\n|\n|-heal|p1a: Forretress|30/100|[from] item: Leftovers\n|upkeep\n|turn|20\n|inactive|Time left: 300 sec this turn | 300 sec total\n|\n|t:|1783543811\n|move|p1a: Forretress|Iron Head|p2a: Chi-Yu\n|-resisted|p2a: Chi-Yu\n|-damage|p2a: Chi-Yu|42/211 par\n|move|p2a: Chi-Yu|Dark Pulse|p1a: Forretress\n|-damage|p1a: Forretress|0 fnt\n|faint|p1a: Forretress\n|\n|win|p0y407df95", "uploadtime": 1783543811, "views": 0, "rating": 0, "private": 0, "password": null, "_winner": "p0y407df95", "_our_name": "p0y407df95"}