{"id": "battle-gen9randombattle-432", "formatid": "gen9randombattle", "format": "[Gen 9] Random Battle", "players": ["p0x4324988", "p0y4322ed8"], "log": "|init|battle\n|title|p0x4324988 vs. p0y4322ed8\n|j|\u2606p0x4324988\n|j|\u2606p0y4322ed8\n|t:|1783544057\n|gametype|singles\n|player|p1|p0x4324988|102|\n|player|p2|p0y4322ed8|266|\n|gen|9\n|tier|[Gen 9] Random Battle\n|rule|Species Clause: Limit one of each Pok\u00e9mon\n|rule|HP Percentage Mod: HP is shown in percentages\n|rule|Sleep Clause Mod: Limit one foe put to sleep\n|rule|Illusion Level Mod: Illusion disguises the Pok\u00e9mon's true level\n|\n|t:|1783544057\n|teamsize|p1|6\n|teamsize|p2|6\n|start\n|switch|p1a: Swanna|Swanna, L89, F|100/100\n|switch|p2a: Ogerpon|Ogerpon-Hearthflame, L74, F|239/239\n|-ability|p2a: Ogerpon|Mold Breaker\n|turn|1\n|inactive|Battle timer is ON: inactive players will automatically lose when time's up. (requested by p0y4322ed8)\n|inactive|p0x4324988 also wants the timer to be on.\n|\n|t:|1783544059\n|switch|p2a: Lapras|Lapras, L87, M|368/368\n|move|p1a: Swanna|Brave Bird|p2a: Lapras\n|-damage|p2a: Lapras|221/368\n|-damage|p1a: Swanna|83/100|[from] Recoil\n|\n|upkeep\n|turn|2\n|inactive|Time left: 300 sec this turn | 300 sec total\n|\n|t:|1783544060\n|switch|p1a: Perrserker|Perrserker, L89, F|100/100\n|move|p2a: Lapras|Freeze-Dry|p1a: Perrserker\n|-resisted|p1a: Perrserker\n|-damage|p1a: Perrserker|83/100\n|\n|upkeep\n|turn|3\n|inactive|Time left: 300 sec this turn | 300 sec total\n|\n|t:|1783544061\n|move|p2a: Lapras|Sparkling Aria|p1a: Perrserker\n|-damage|p1a: Perrserker|40/100\n|move|p1a: Perrserker|Iron Head|p2a: Lapras\n|-damage|p2a: Lapras|34/368\n|-damage|p1a: Perrserker|30/100|[from] item: Life Orb\n|\n|upkeep\n|turn|4\n|inactive|Time left: 300 sec this turn | 300 sec total\n|\n|t:|1783544063\n|switch|p1a: Dragalge|Dragalge, L88, M|100/100\n|move|p2a: Lapras|Sparkling Aria|p1a: Dragalge\n|-resisted|p1a: Dragalge\n|-damage|p1a: Dragalge|91/100\n|\n|upkeep\n|turn|5\n|inactive|Time left: 300 sec this turn | 300 sec total\n|\n|t:|1783544064\n|move|p2a: Lapras|Rest|p2a: Lapras\n|-status|p2a: Lapras|slp|[from] move: Rest\n|-heal|p2a: Lapras|368/368 slp|[silent]\n|move|p1a: Dragalge|Sludge Wave|p2a: Lapras\n|-damage|p2a: Lapras|226/368 slp\n|\n|upkeep\n|turn|6\n|inactive|Time left: 300 sec this turn | 300 sec total\n|\n|t:|1783544065\n|switch|p2a: Gengar|Gengar, L81, M|230/230\n|move|p1a: Dragalge|Sludge Wave|p2a: Gengar\n|-resisted|p2a: Gengar\n|-damage|p2a: Gengar|185/230\n|-start|p1a: Dragalge|Disable|Sludge Wave|[from] ability: Cursed Body|[of] p2a: Gengar\n|\n|upkeep\n|turn|7\n|inactive|Time left: 300 sec this turn | 300 sec total\n|\n|t:|1783544066\n|move|p2a: Gengar|Nasty Plot|p2a: Gengar\n|-boost|p2a: Gengar|spa|2\n|move|p1a: Dragalge|Draco Meteor|p2a: Gengar\n|-damage|p2a: Gengar|0 fnt\n|-unboost|p1a: Dragalge|spa|2\n|faint|p2a: Gengar\n|\n|upkeep\n|inactive|Time left: 300 sec this turn | 300 sec total | 5 sec grace\n|\n|t:|1783544067\n|switch|p2a: Cloyster|Cloyster, L80, F|211/211\n|turn|8\n|inactive|Time left: 300 sec this turn | 300 sec total\n|\n|t:|1783544069\n|-terastallize|p1a: Dragalge|Fighting\n|move|p2a: Cloyster|Shell Smash|p2a: Cloyster\n|-unboost|p2a: Cloyster|def|1\n|-unboost|p2a: Cloyster|spd|1\n|-boost|p2a: Cloyster|atk|2\n|-boost|p2a: Cloyster|spa|2\n|-boost|p2a: Cloyster|spe|2\n|-enditem|p2a: Cloyster|White Herb\n|-clearnegativeboost|p2a: Cloyster|[silent]\n|move|p1a: Dragalge|Focus Blast|p2a: Cloyster|[miss]\n|-miss|p1a: Dragalge|p2a: Cloyster\n|\n|upkeep\n|turn|9\n|inactive|Time left: 300 sec this turn | 300 sec total\n|\n|t:|1783544070\n|switch|p1a: Dondozo|Dondozo, L78, M|100/100\n|move|p2a: Cloyster|Icicle Spear|p1a: Dondozo\n|-resisted|p1a: Dondozo\n|-damage|p1a: Dondozo|97/100\n|-resisted|p1a: Dondozo\n|-damage|p1a: Dondozo|94/100\n|-resisted|p1a: Dondozo\n|-damage|p1a: Dondozo|91/100\n|-resisted|p1a: Dondozo\n|-damage|p1a: Dondozo|88/100\n|-resisted|p1a: Dondozo\n|-damage|p1a: Dondozo|84/100\n|-hitcount|p1a: Dondozo|5\n|\n|-heal|p1a: Dondozo|90/100|[from] item: Leftovers\n|upkeep\n|turn|10\n|inactive|Time left: 300 sec this turn | 300 sec total\n|\n|t:|1783544071\n|move|p2a: Cloyster|Shell Smash|p2a: Cloyster\n|-unboost|p2a: Cloyster|def|1\n|-unboost|p2a: Cloyster|spd|1\n|-boost|p2a: Cloyster|atk|2\n|-boost|p2a: Cloyster|spa|2\n|-boost|p2a: Cloyster|spe|2\n|move|p1a: Dondozo|Curse|p1a: Dondozo\n|-unboost|p1a: Dondozo|spe|1\n|-boost|p1a: Dondozo|atk|1\n|-boost|p1a: Dondozo|def|1\n|\n|-heal|p1a: Dondozo|96/100|[from] item: Leftovers\n|upkeep\n|turn|11\n|inactive|Time left: 300 sec this turn | 300 sec total\n|\n|t:|1783544072\n|move|p2a: Cloyster|Icicle Spear|p1a: Dondozo\n|-resisted|p1a: Dondozo\n|-damage|p1a: Dondozo|94/100\n|-resisted|p1a: Dondozo\n|-damage|p1a: Dondozo|92/100\n|-resisted|p1a: Dondozo\n|-damage|p1a: Dondozo|90/100\n|-resisted|p1a: Dondozo\n|-damage|p1a: Dondozo|88/100\n|-resisted|p1a: Dondozo\n|-damage|p1a: Dondozo|86/100\n|-hitcount|p1a: Dondozo|5\n|move|p1a: Dondozo|Wave Crash|p2a: Cloyster\n|-resisted|p2a: Cloyster\n|-damage|p2a: Cloyster|164/211\n|-damage|p1a: Dondozo|81/100|[from] Recoil\n|\n|-heal|p1a: Dondozo|88/100|[from] item: Leftovers\n|upkeep\n|turn|12\n|inactive|Time left: 300 sec this turn | 300 sec total\n|\n|t:|1783544073\n|move|p2a: Cloyster|Drill Run|p1a: Dondozo\n|-damage|p1a: Dondozo|80/100\n|move|p1a: Dondozo|Wave Crash|p2a: Cloyster\n|-resisted|p2a: Cloyster\n|-damage|p2a: Cloyster|113/211\n|-damage|p1a: Dondozo|75/100|[from] Recoil\n|\n|-heal|p1a: Dondozo|81/100|[from] item: Leftovers\n|upkeep\n|turn|13\n|inactive|Time left: 300 sec this turn | 300 sec total\n|\n|t:|1783544074\n|move|p2a: Cloyster|Icicle Spear|p1a: Dondozo\n|-resisted|p1a: Dondozo\n|-damage|p1a: Dondozo|79/100\n|-resisted|p1a: Dondozo\n|-damage|p1a: Dondozo|77/100\n|-resisted|p1a: Dondozo\n|-damage|p1a: Dondozo|75/100\n|-resisted|p1a: Dondozo\n|-damage|p1a: Dondozo|72/100\n|-resisted|p1a: Dondozo\n|-damage|p1a: Dondozo|70/100\n|-hitcount|p1a: Dondozo|5\n|move|p1a: Dondozo|Wave Crash|p2a: Cloyster\n|-resisted|p2a: Cloyster\n|-damage|p2a: Cloyster|62/211\n|-damage|p1a: Dondozo|65/100|[from] Recoil\n|\n|-heal|p1a: Dondozo|71/100|[from] item: Leftovers\n|upkeep\n|turn|14\n|inactive|Time left: 300 sec this turn | 300 sec total\n|\n|t:|1783544075\n|move|p2a: Cloyster|Rock Blast|p1a: Dondozo\n|-damage|p1a: Dondozo|68/100\n|-damage|p1a: Dondozo|65/100\n|-damage|p1a: Dondozo|62/100\n|-damage|p1a: Dondozo|59/100\n|-damage|p1a: Dondozo|56/100\n|-hitcount|p1a: Dondozo|5\n|move|p1a: Dondozo|Wave Crash|p2a: Cloyster\n|-resisted|p2a: Cloyster\n|-damage|p2a: Cloyster|15/211\n|-damage|p1a: Dondozo|52/100|[from] Recoil\n|\n|-heal|p1a: Dondozo|58/100|[from] item: Leftovers\n|upkeep\n|turn|15\n|inactive|Time left: 300 sec this turn | 300 sec total\n|\n|t:|1783544076\n|-terastallize|p2a: Cloyster|Ground\n|move|p2a: Cloyster|Drill Run|p1a: Dondozo\n|-damage|p1a: Dondozo|46/100\n|move|p1a: Dondozo|Wave Crash|p2a: Cloyster\n|-supereffective|p2a: Cloyster\n|-damage|p2a: Cloyster|0 fnt\n|faint|p2a: Cloyster\n|-damage|p1a: Dondozo|45/100|[from] Recoil\n|\n|-heal|p1a: Dondozo|51/100|[from] item: Leftovers\n|upkeep\n|inactive|Time left: 300 sec this turn | 300 sec total | 5 sec grace\n|\n|t:|1783544077\n|switch|p2a: Sawsbuck|Sawsbuck-Autumn, L88, F|284/284\n|turn|16\n|inactive|Time left: 300 sec this turn | 300 sec total\n|\n|t:|1783544078\n|switch|p1a: Swanna|Swanna, L89, F|83/100\n|move|p2a: Sawsbuck|Swords Dance|p2a: Sawsbuck\n|-boost|p2a: Sawsbuck|atk|2\n|\n|upkeep\n|turn|17\n|inactive|Time left: 300 sec this turn | 300 sec total\n|\n|t:|1783544079\n|move|p1a: Swanna|Brave Bird|p2a: Sawsbuck\n|-supereffective|p2a: Sawsbuck\n|-damage|p2a: Sawsbuck|0 fnt\n|faint|p2a: Sawsbuck\n|-damage|p1a: Swanna|49/100|[from] Recoil\n|\n|upkeep\n|inactive|Time left: 300 sec this turn | 300 sec total | 5 sec grace\n|\n|t:|1783544079\n|switch|p2a: Lapras|Lapras, L87, M|226/368 slp\n|turn|18\n|inactive|Time left: 300 sec this turn | 300 sec total\n|\n|t:|1783544080\n|move|p1a: Swanna|Roost|p1a: Swanna\n|-heal|p1a: Swanna|99/100\n|-singleturn|p1a: Swanna|move: Roost\n|cant|p2a: Lapras|slp\n|move|p2a: Lapras|Sleep Talk|p2a: Lapras\n|move|p2a: Lapras|Sparkling Aria|p1a: Swanna|[from] move: Sleep Talk\n|-resisted|p1a: Swanna\n|-crit|p1a: Swanna\n|-damage|p1a: Swanna|69/100\n|\n|upkeep\n|turn|19\n|inactive|Time left: 300 sec this turn | 300 sec total\n|\n|t:|1783544081\n|move|p1a: Swanna|Brave Bird|p2a: Lapras\n|-damage|p2a: Lapras|91/368 slp\n|-damage|p1a: Swanna|53/100|[from] Recoil\n|cant|p2a: Lapras|slp\n|move|p2a: Lapras|Sleep Talk|p2a: Lapras\n|move|p2a: Lapras|Sparkling Aria|p1a: Swanna|[from] move: Sleep Talk\n|-resisted|p1a: Swanna\n|-damage|p1a: Swanna|33/100\n|\n|upkeep\n|turn|20\n|inactive|Time left: 300 sec this turn | 300 sec total\n|\n|t:|1783544082\n|move|p1a: Swanna|Brave Bird|p2a: Lapras\n|-damage|p2a: Lapras|0 fnt\n|faint|p2a: Lapras\n|-damage|p1a: Swanna|22/100|[from] Recoil\n|\n|upkeep\n|inactive|Time left: 300 sec this turn | 300 sec total | 5 sec grace\n|\n|t:|1783544082\n|switch|p2a: Infernape|Infernape, L82, M|259/259\n|turn|21\n|inactive|Time left: 300 sec this turn | 300 sec total\n|\n|t:|1783544083\n|switch|p2a: Ogerpon|Ogerpon-Hearthflame, L74, F|239/239\n|-ability|p2a: Ogerpon|Mold Breaker\n|move|p1a: Swanna|Hydro Pump|p2a: Ogerpon\n|-damage|p2a: Ogerpon|104/239\n|\n|upkeep\n|turn|22\n|inactive|Time left: 300 sec this turn | 300 sec total\n|\n|t:|1783544084\n|move|p1a: Swanna|Brave Bird|p2a: Ogerpon\n|-supereffective|p2a: Ogerpon\n|-damage|p2a: Ogerpon|0 fnt\n|faint|p2a: Ogerpon\n|-damage|p1a: Swanna|10/100|[from] Recoil\n|\n|upkeep\n|inactive|Time left: 300 sec this turn | 300 sec total | 5 sec grace\n|\n|t:|1783544085\n|switch|p2a: Infernape|Infernape, L82, M|259/259\n|turn|23\n|inactive|Time left: 300 sec this turn | 300 sec total\n|\n|t:|1783544086\n|move|p2a: Infernape|Mach Punch|p1a: Swanna\n|-resisted|p1a: Swanna\n|-damage|p1a: Swanna|0 fnt\n|faint|p1a: Swanna\n|-damage|p2a: Infernape|234/259|[from] item: Life Orb\n|\n|upkeep\n|\n|t:|1783544086\n|switch|p1a: Dondozo|Dondozo, L78, M|51/100\n|turn|24\n|inactive|Time left: 300 sec this turn | 300 sec total\n|\n|t:|1783544087\n|move|p2a: Infernape|Grass Knot|p1a: Dondozo\n|-supereffective|p1a: Dondozo\n|-damage|p1a: Dondozo|0 fnt\n|faint|p1a: Dondozo\n|-damage|p2a: Infernape|209/259|[from] item: Life Orb\n|\n|upkeep\n|\n|t:|1783544088\n|switch|p1a: Dragalge|Dragalge, L88, M, tera:Fighting|91/100\n|turn|25\n|inactive|Time left: 300 sec this turn | 300 sec total\n|\n|t:|1783544089\n|move|p2a: Infernape|Overheat|p1a: Dragalge\n|-damage|p1a: Dragalge|58/100\n|-unboost|p2a: Infernape|spa|2\n|-damage|p2a: Infernape|184/259|[from] item: Life Orb\n|move|p1a: Dragalge|Draco Meteor|p2a: Infernape\n|-damage|p2a: Infernape|15/259\n|-unboost|p1a: Dragalge|spa|2\n|\n|upkeep\n|turn|26\n|inactive|Time left: 300 sec this turn | 300 sec total\n|\n|t:|1783544091\n|move|p2a: Infernape|Overheat|p1a: Dragalge\n|-damage|p1a: Dragalge|41/100\n|-unboost|p2a: Infernape|spa|2\n|-damage|p2a: Infernape|0 fnt|[from] item: Life Orb\n|faint|p2a: Infernape\n|\n|win|p0x4324988", "uploadtime": 1783544091, "views": 0, "rating": 0, "private": 0, "password": null, "_winner": "p0x4324988", "_our_name": "p0y4322ed8"}