{"id": "battle-gen9randombattle-2366", "formatid": "gen9randombattle", "format": "[Gen 9] Random Battle", "players": ["p0x23662685", "p0y2366d113"], "log": "|init|battle\n|title|p0x23662685 vs. p0y2366d113\n|j|\u2606p0x23662685\n|j|\u2606p0y2366d113\n|t:|1783566454\n|gametype|singles\n|player|p1|p0x23662685|265|\n|player|p2|p0y2366d113|266|\n|gen|9\n|tier|[Gen 9] Random Battle\n|rule|Species Clause: Limit one of each Pok\u00e9mon\n|rule|HP Percentage Mod: HP is shown in percentages\n|rule|Sleep Clause Mod: Limit one foe put to sleep\n|rule|Illusion Level Mod: Illusion disguises the Pok\u00e9mon's true level\n|\n|t:|1783566454\n|teamsize|p1|6\n|teamsize|p2|6\n|start\n|switch|p1a: Iron Bundle|Iron Bundle, L78|215/215\n|switch|p2a: Mightyena|Mightyena, L96, M|100/100\n|-ability|p2a: Mightyena|Intimidate|boost\n|-unboost|p1a: Iron Bundle|atk|1\n|turn|1\n|inactive|Battle timer is ON: inactive players will automatically lose when time's up. (requested by p0x23662685)\n|inactive|p0y2366d113 also wants the timer to be on.\n|\n|t:|1783566455\n|-end|p1a: Iron Bundle|Quark Drive|[silent]\n|switch|p1a: Sandslash|Sandslash-Alola, L88, M|275/275\n|move|p2a: Mightyena|Throat Chop|p1a: Sandslash\n|-damage|p1a: Sandslash|163/275\n|-start|p1a: Sandslash|Throat Chop|[silent]\n|\n|upkeep\n|turn|2\n|inactive|Time left: 300 sec this turn | 300 sec total\n|\n|t:|1783566456\n|move|p2a: Mightyena|Throat Chop|p1a: Sandslash\n|-damage|p1a: Sandslash|45/275\n|move|p1a: Sandslash|Triple Axel|p2a: Mightyena\n|-damage|p2a: Mightyena|90/100\n|-damage|p2a: Mightyena|66/100\n|-damage|p2a: Mightyena|35/100\n|-hitcount|p2a: Mightyena|3\n|-damage|p1a: Sandslash|18/275|[from] item: Life Orb\n|\n|-end|p1a: Sandslash|Throat Chop|[silent]\n|upkeep\n|turn|3\n|inactive|Time left: 300 sec this turn | 300 sec total\n|\n|t:|1783566457\n|switch|p1a: Hitmontop|Hitmontop, L88, M|231/231\n|move|p2a: Mightyena|Throat Chop|p1a: Hitmontop\n|-resisted|p1a: Hitmontop\n|-damage|p1a: Hitmontop|159/231\n|-start|p1a: Hitmontop|Throat Chop|[silent]\n|\n|-heal|p1a: Hitmontop|173/231|[from] item: Leftovers\n|upkeep\n|turn|4\n|inactive|Time left: 300 sec this turn | 300 sec total\n|\n|t:|1783566458\n|move|p2a: Mightyena|Throat Chop|p1a: Hitmontop\n|-resisted|p1a: Hitmontop\n|-damage|p1a: Hitmontop|100/231\n|move|p1a: Hitmontop|Bulk Up|p1a: Hitmontop\n|-boost|p1a: Hitmontop|atk|1\n|-boost|p1a: Hitmontop|def|1\n|\n|-heal|p1a: Hitmontop|114/231|[from] item: Leftovers\n|-end|p1a: Hitmontop|Throat Chop|[silent]\n|upkeep\n|turn|5\n|inactive|Time left: 300 sec this turn | 300 sec total\n|\n|t:|1783566459\n|move|p2a: Mightyena|Throat Chop|p1a: Hitmontop\n|-resisted|p1a: Hitmontop\n|-damage|p1a: Hitmontop|63/231\n|-start|p1a: Hitmontop|Throat Chop|[silent]\n|move|p1a: Hitmontop|Rapid Spin|p2a: Mightyena\n|-crit|p2a: Mightyena\n|-damage|p2a: Mightyena|0 fnt\n|-boost|p1a: Hitmontop|spe|1\n|faint|p2a: Mightyena\n|\n|-heal|p1a: Hitmontop|77/231|[from] item: Leftovers\n|upkeep\n|\n|t:|1783566460\n|switch|p2a: Incineroar|Incineroar, L82, F|100/100\n|-ability|p2a: Incineroar|Intimidate|boost\n|-unboost|p1a: Hitmontop|atk|1\n|turn|6\n|inactive|Time left: 300 sec this turn | 300 sec total\n|\n|t:|1783566461\n|move|p1a: Hitmontop|Close Combat|p2a: Incineroar\n|-supereffective|p2a: Incineroar\n|-damage|p2a: Incineroar|7/100\n|-unboost|p1a: Hitmontop|def|1\n|-unboost|p1a: Hitmontop|spd|1\n|move|p2a: Incineroar|Flare Blitz|p1a: Hitmontop\n|-damage|p1a: Hitmontop|0 fnt\n|faint|p1a: Hitmontop\n|-damage|p2a: Incineroar|0 fnt|[from] Recoil\n|faint|p2a: Incineroar\n|\n|upkeep\n|inactive|Time left: 300 sec this turn | 300 sec total | 5 sec grace\n|\n|t:|1783566462\n|switch|p1a: Arboliva|Arboliva, L91, F|288/288\n|switch|p2a: Zacian|Zacian-Crowned, L64|100/100\n|-ability|p2a: Zacian|Intrepid Sword|boost\n|-boost|p2a: Zacian|atk|1\n|turn|7\n|inactive|Time left: 300 sec this turn | 300 sec total\n|\n|t:|1783566463\n|move|p2a: Zacian|Swords Dance|p2a: Zacian\n|-boost|p2a: Zacian|atk|2\n|move|p1a: Arboliva|Leech Seed|p2a: Zacian\n|-start|p2a: Zacian|move: Leech Seed\n|\n|-damage|p2a: Zacian|88/100|[from] Leech Seed|[of] p1a: Arboliva\n|upkeep\n|turn|8\n|inactive|Time left: 300 sec this turn | 300 sec total\n|\n|t:|1783566464\n|-terastallize|p1a: Arboliva|Water\n|move|p2a: Zacian|Behemoth Blade|p1a: Arboliva\n|-resisted|p1a: Arboliva\n|-damage|p1a: Arboliva|193/288\n|move|p1a: Arboliva|Hyper Voice|p2a: Zacian\n|-resisted|p2a: Zacian\n|-crit|p2a: Zacian\n|-damage|p2a: Zacian|41/100\n|\n|-damage|p2a: Zacian|28/100|[from] Leech Seed|[of] p1a: Arboliva\n|-heal|p1a: Arboliva|221/288|[silent]\n|upkeep\n|turn|9\n|inactive|Time left: 300 sec this turn | 300 sec total\n|\n|t:|1783566465\n|-terastallize|p2a: Zacian|Fighting\n|move|p2a: Zacian|Close Combat|p1a: Arboliva\n|-damage|p1a: Arboliva|0 fnt\n|-unboost|p2a: Zacian|def|1\n|-unboost|p2a: Zacian|spd|1\n|faint|p1a: Arboliva\n|\n|upkeep\n|inactive|Time left: 300 sec this turn | 300 sec total | 5 sec grace\n|\n|t:|1783566466\n|switch|p1a: Iron Bundle|Iron Bundle, L78|215/215\n|turn|10\n|inactive|Time left: 300 sec this turn | 300 sec total\n|\n|t:|1783566467\n|move|p1a: Iron Bundle|Ice Beam|p2a: Zacian\n|-damage|p2a: Zacian|0 fnt\n|faint|p2a: Zacian\n|\n|upkeep\n|\n|t:|1783566468\n|switch|p2a: Enamorus|Enamorus-Therian, L83, F|100/100\n|turn|11\n|inactive|Time left: 300 sec this turn | 300 sec total\n|\n|t:|1783566469\n|-end|p1a: Iron Bundle|Quark Drive|[silent]\n|switch|p1a: Sylveon|Sylveon, L85, M|300/300\n|move|p2a: Enamorus|Moonblast|p1a: Sylveon\n|-damage|p1a: Sylveon|204/300\n|-unboost|p1a: Sylveon|spa|1\n|\n|-heal|p1a: Sylveon|222/300|[from] item: Leftovers\n|upkeep\n|turn|12\n|inactive|Time left: 300 sec this turn | 300 sec total\n|\n|t:|1783566470\n|move|p1a: Sylveon|Calm Mind|p1a: Sylveon\n|-boost|p1a: Sylveon|spa|1\n|-boost|p1a: Sylveon|spd|1\n|move|p2a: Enamorus|Mystical Fire|p1a: Sylveon\n|-damage|p1a: Sylveon|185/300\n|-unboost|p1a: Sylveon|spa|1\n|\n|-heal|p1a: Sylveon|203/300|[from] item: Leftovers\n|upkeep\n|turn|13\n|inactive|Time left: 300 sec this turn | 300 sec total\n|\n|t:|1783566471\n|move|p1a: Sylveon|Calm Mind|p1a: Sylveon\n|-boost|p1a: Sylveon|spa|1\n|-boost|p1a: Sylveon|spd|1\n|move|p2a: Enamorus|Mystical Fire|p1a: Sylveon\n|-damage|p1a: Sylveon|179/300\n|-unboost|p1a: Sylveon|spa|1\n|\n|-heal|p1a: Sylveon|197/300|[from] item: Leftovers\n|upkeep\n|turn|14\n|inactive|Time left: 300 sec this turn | 300 sec total\n|\n|t:|1783566472\n|move|p1a: Sylveon|Hyper Voice|p2a: Enamorus\n|-damage|p2a: Enamorus|78/100\n|move|p2a: Enamorus|Mystical Fire|p1a: Sylveon\n|-damage|p1a: Sylveon|173/300\n|-unboost|p1a: Sylveon|spa|1\n|\n|-heal|p1a: Sylveon|191/300|[from] item: Leftovers\n|upkeep\n|turn|15\n|inactive|Time left: 300 sec this turn | 300 sec total\n|\n|t:|1783566473\n|move|p1a: Sylveon|Calm Mind|p1a: Sylveon\n|-boost|p1a: Sylveon|spa|1\n|-boost|p1a: Sylveon|spd|1\n|move|p2a: Enamorus|Moonblast|p1a: Sylveon\n|-damage|p1a: Sylveon|155/300\n|\n|-heal|p1a: Sylveon|173/300|[from] item: Leftovers\n|upkeep\n|turn|16\n|inactive|Time left: 300 sec this turn | 300 sec total\n|\n|t:|1783566474\n|move|p1a: Sylveon|Hyper Voice|p2a: Enamorus\n|-damage|p2a: Enamorus|55/100\n|move|p2a: Enamorus|Mystical Fire|p1a: Sylveon\n|-damage|p1a: Sylveon|151/300\n|-unboost|p1a: Sylveon|spa|1\n|\n|-heal|p1a: Sylveon|169/300|[from] item: Leftovers\n|upkeep\n|turn|17\n|inactive|Time left: 300 sec this turn | 300 sec total\n|\n|t:|1783566475\n|move|p1a: Sylveon|Wish|p1a: Sylveon\n|move|p2a: Enamorus|Moonblast|p1a: Sylveon\n|-damage|p1a: Sylveon|133/300\n|\n|-heal|p1a: Sylveon|151/300|[from] item: Leftovers\n|upkeep\n|turn|18\n|inactive|Time left: 300 sec this turn | 300 sec total\n|\n|t:|1783566476\n|move|p1a: Sylveon|Hyper Voice|p2a: Enamorus\n|-damage|p2a: Enamorus|38/100\n|move|p2a: Enamorus|Mystical Fire|p1a: Sylveon\n|-damage|p1a: Sylveon|132/300\n|-unboost|p1a: Sylveon|spa|1\n|\n|-heal|p1a: Sylveon|282/300|[from] move: Wish|[wisher] Sylveon\n|-heal|p1a: Sylveon|300/300|[from] item: Leftovers\n|upkeep\n|turn|19\n|inactive|Time left: 300 sec this turn | 300 sec total\n|\n|t:|1783566477\n|move|p1a: Sylveon|Hyper Voice|p2a: Enamorus\n|-damage|p2a: Enamorus|26/100\n|move|p2a: Enamorus|Mystical Fire|p1a: Sylveon\n|-damage|p1a: Sylveon|279/300\n|-unboost|p1a: Sylveon|spa|1\n|\n|-heal|p1a: Sylveon|297/300|[from] item: Leftovers\n|upkeep\n|turn|20\n|inactive|Time left: 300 sec this turn | 300 sec total\n|\n|t:|1783566477\n|move|p1a: Sylveon|Hyper Voice|p2a: Enamorus\n|-damage|p2a: Enamorus|15/100\n|move|p2a: Enamorus|Moonblast|p1a: Sylveon\n|-damage|p1a: Sylveon|260/300\n|-unboost|p1a: Sylveon|spa|1\n|\n|-heal|p1a: Sylveon|278/300|[from] item: Leftovers\n|upkeep\n|turn|21\n|inactive|Time left: 300 sec this turn | 300 sec total\n|\n|t:|1783566478\n|move|p1a: Sylveon|Hyper Voice|p2a: Enamorus\n|-damage|p2a: Enamorus|6/100\n|move|p2a: Enamorus|Moonblast|p1a: Sylveon\n|-damage|p1a: Sylveon|242/300\n|\n|-heal|p1a: Sylveon|260/300|[from] item: Leftovers\n|upkeep\n|turn|22\n|inactive|Time left: 300 sec this turn | 300 sec total\n|\n|t:|1783566479\n|move|p1a: Sylveon|Hyper Voice|p2a: Enamorus\n|-damage|p2a: Enamorus|0 fnt\n|faint|p2a: Enamorus\n|\n|-heal|p1a: Sylveon|278/300|[from] item: Leftovers\n|upkeep\n|\n|t:|1783566480\n|switch|p2a: Amoonguss|Amoonguss, L82, M|100/100\n|turn|23\n|inactive|Time left: 300 sec this turn | 300 sec total\n|\n|t:|1783566481\n|switch|p1a: Sandslash|Sandslash-Alola, L88, M|18/275\n|move|p2a: Amoonguss|Spore|p1a: Sandslash\n|-status|p1a: Sandslash|slp|[from] move: Spore\n|\n|upkeep\n|turn|24\n|inactive|Time left: 300 sec this turn | 300 sec total\n|\n|t:|1783566482\n|switch|p1a: Volbeat|Volbeat, L90, M|263/263\n|move|p2a: Amoonguss|Giga Drain|p1a: Volbeat\n|-resisted|p1a: Volbeat\n|-damage|p1a: Volbeat|233/263\n|\n|upkeep\n|turn|25\n|inactive|Time left: 300 sec this turn | 300 sec total\n|\n|t:|1783566483\n|move|p1a: Volbeat|Thunder Wave|p2a: Amoonguss\n|-status|p2a: Amoonguss|par\n|move|p2a: Amoonguss|Sludge Bomb|p1a: Volbeat\n|-damage|p1a: Volbeat|157/263\n|\n|upkeep\n|turn|26\n|inactive|Time left: 300 sec this turn | 300 sec total\n|\n|t:|1783566484\n|move|p1a: Volbeat|Lunge|p2a: Amoonguss\n|-damage|p2a: Amoonguss|71/100 par\n|-unboost|p2a: Amoonguss|atk|1\n|move|p2a: Amoonguss|Sludge Bomb|p1a: Volbeat\n|-damage|p1a: Volbeat|79/263\n|\n|-heal|p2a: Amoonguss|77/100 par|[from] item: Leftovers\n|upkeep\n|turn|27\n|inactive|Time left: 300 sec this turn | 300 sec total\n|\n|t:|1783566485\n|move|p1a: Volbeat|Lunge|p2a: Amoonguss\n|-damage|p2a: Amoonguss|45/100 par\n|-unboost|p2a: Amoonguss|atk|1\n|move|p2a: Amoonguss|Sludge Bomb|p1a: Volbeat\n|-damage|p1a: Volbeat|0 fnt\n|faint|p1a: Volbeat\n|\n|-heal|p2a: Amoonguss|52/100 par|[from] item: Leftovers\n|upkeep\n|inactive|Time left: 300 sec this turn | 300 sec total | 5 sec grace\n|\n|t:|1783566486\n|switch|p1a: Iron Bundle|Iron Bundle, L78|215/215\n|turn|28\n|inactive|Time left: 300 sec this turn | 300 sec total\n|\n|t:|1783566487\n|switch|p2a: Dipplin|Dipplin, L88, F|100/100\n|move|p1a: Iron Bundle|Freeze-Dry|p2a: Dipplin\n|-supereffective|p2a: Dipplin\n|-damage|p2a: Dipplin|23/100\n|\n|upkeep\n|turn|29\n|inactive|Time left: 300 sec this turn | 300 sec total\n|\n|t:|1783566488\n|move|p2a: Dipplin|Sucker Punch|p1a: Iron Bundle\n|-damage|p1a: Iron Bundle|169/215\n|move|p1a: Iron Bundle|Ice Beam|p2a: Dipplin\n|-supereffective|p2a: Dipplin\n|-damage|p2a: Dipplin|0 fnt\n|faint|p2a: Dipplin\n|\n|upkeep\n|\n|t:|1783566489\n|switch|p2a: Amoonguss|Amoonguss, L82, M|85/100 par\n|turn|30\n|inactive|Time left: 300 sec this turn | 300 sec total\n|\n|t:|1783566490\n|move|p1a: Iron Bundle|Ice Beam|p2a: Amoonguss\n|-supereffective|p2a: Amoonguss\n|-damage|p2a: Amoonguss|20/100 par\n|cant|p2a: Amoonguss|par\n|\n|-heal|p2a: Amoonguss|26/100 par|[from] item: Leftovers\n|upkeep\n|turn|31\n|inactive|Time left: 300 sec this turn | 300 sec total\n|\n|t:|1783566490\n|move|p1a: Iron Bundle|Freeze-Dry|p2a: Amoonguss\n|-supereffective|p2a: Amoonguss\n|-damage|p2a: Amoonguss|0 fnt\n|faint|p2a: Amoonguss\n|\n|win|p0x23662685", "uploadtime": 1783566490, "views": 0, "rating": 0, "private": 0, "password": null, "_winner": "p0x23662685", "_our_name": "p0x23662685"}