{"id": "battle-gen9randombattle-894", "formatid": "gen9randombattle", "format": "[Gen 9] Random Battle", "players": ["p0x8947104", "p0y8942192"], "log": "|init|battle\n|title|p0x8947104 vs. p0y8942192\n|j|\u2606p0x8947104\n|j|\u2606p0y8942192\n|t:|1783549518\n|gametype|singles\n|player|p1|p0x8947104|265|\n|player|p2|p0y8942192|1|\n|gen|9\n|tier|[Gen 9] Random Battle\n|rule|Species Clause: Limit one of each Pok\u00e9mon\n|rule|HP Percentage Mod: HP is shown in percentages\n|rule|Sleep Clause Mod: Limit one foe put to sleep\n|rule|Illusion Level Mod: Illusion disguises the Pok\u00e9mon's true level\n|\n|t:|1783549518\n|teamsize|p1|6\n|teamsize|p2|6\n|start\n|switch|p1a: Zekrom|Zekrom, L71|100/100\n|switch|p2a: Walking Wake|Walking Wake, L79|286/286\n|-ability|p1a: Zekrom|Teravolt\n|turn|1\n|inactive|Battle timer is ON: inactive players will automatically lose when time's up. (requested by p0x8947104)\n|inactive|Time left: 300 sec this turn | 300 sec total | 60 sec grace\n|inactive|p0y8942192 also wants the timer to be on.\n|\n|t:|1783549519\n|-terastallize|p1a: Zekrom|Fairy\n|move|p2a: Walking Wake|Draco Meteor|p1a: Zekrom\n|-immune|p1a: Zekrom\n|move|p1a: Zekrom|Outrage|p2a: Walking Wake\n|-supereffective|p2a: Walking Wake\n|-damage|p2a: Walking Wake|28/286\n|\n|upkeep\n|turn|2\n|inactive|Time left: 300 sec this turn | 300 sec total\n|\n|t:|1783549521\n|move|p2a: Walking Wake|Hydro Steam|p1a: Zekrom\n|-damage|p1a: Zekrom|49/100\n|-damage|p2a: Walking Wake|0 fnt|[from] item: Life Orb\n|faint|p2a: Walking Wake\n|-end|p2a: Walking Wake|Protosynthesis|[silent]\n|move|p1a: Zekrom|Outrage|p2: Walking Wake|[from] lockedmove|[notarget]\n|-fail|p1a: Zekrom\n|\n|-heal|p1a: Zekrom|55/100|[from] item: Leftovers\n|upkeep\n|inactive|Time left: 300 sec this turn | 300 sec total | 5 sec grace\n|\n|t:|1783549522\n|switch|p2a: Landorus|Landorus, L75, M|257/257\n|turn|3\n|inactive|Time left: 300 sec this turn | 300 sec total\n|\n|t:|1783549523\n|move|p2a: Landorus|Earth Power|p1a: Zekrom\n|-damage|p1a: Zekrom|0 fnt\n|faint|p1a: Zekrom\n|\n|upkeep\n|\n|t:|1783549524\n|switch|p1a: Wyrdeer|Wyrdeer, L87, M|100/100\n|-ability|p1a: Wyrdeer|Intimidate|boost\n|-unboost|p2a: Landorus|atk|1\n|turn|4\n|inactive|Time left: 300 sec this turn | 300 sec total\n|\n|t:|1783549525\n|move|p2a: Landorus|Stealth Rock|p1a: Wyrdeer\n|-sidestart|p1: p0x8947104|move: Stealth Rock\n|move|p1a: Wyrdeer|Body Slam|p2a: Landorus\n|-damage|p2a: Landorus|145/257\n|\n|upkeep\n|turn|5\n|inactive|Time left: 300 sec this turn | 300 sec total\n|\n|t:|1783549526\n|move|p2a: Landorus|Earth Power|p1a: Wyrdeer\n|-damage|p1a: Wyrdeer|67/100\n|move|p1a: Wyrdeer|Psychic Noise|p2a: Landorus\n|-damage|p2a: Landorus|30/257\n|-start|p2a: Landorus|move: Heal Block\n|\n|upkeep\n|turn|6\n|inactive|Time left: 300 sec this turn | 300 sec total\n|\n|t:|1783549528\n|move|p2a: Landorus|Earth Power|p1a: Wyrdeer\n|-damage|p1a: Wyrdeer|30/100\n|move|p1a: Wyrdeer|Body Slam|p2a: Landorus\n|-damage|p2a: Landorus|0 fnt\n|faint|p2a: Landorus\n|\n|upkeep\n|inactive|Time left: 300 sec this turn | 300 sec total | 5 sec grace\n|\n|t:|1783549529\n|switch|p2a: Mienshao|Mienshao, L83, M|244/244\n|turn|7\n|inactive|Time left: 300 sec this turn | 300 sec total\n|\n|t:|1783549530\n|move|p2a: Mienshao|Knock Off|p1a: Wyrdeer\n|-supereffective|p1a: Wyrdeer\n|-crit|p1a: Wyrdeer\n|-damage|p1a: Wyrdeer|0 fnt\n|-enditem|p1a: Wyrdeer|Assault Vest|[from] move: Knock Off|[of] p2a: Mienshao\n|faint|p1a: Wyrdeer\n|-damage|p2a: Mienshao|220/244|[from] item: Life Orb\n|\n|upkeep\n|\n|t:|1783549531\n|switch|p1a: Rillaboom|Rillaboom, L79, F|100/100\n|-damage|p1a: Rillaboom|88/100|[from] Stealth Rock\n|-fieldstart|move: Grassy Terrain|[from] ability: Grassy Surge|[of] p1a: Rillaboom\n|turn|8\n|inactive|Time left: 300 sec this turn | 300 sec total\n|\n|t:|1783549532\n|-terastallize|p2a: Mienshao|Fighting\n|move|p2a: Mienshao|Close Combat|p1a: Rillaboom\n|-damage|p1a: Rillaboom|0 fnt\n|-unboost|p2a: Mienshao|def|1\n|-unboost|p2a: Mienshao|spd|1\n|faint|p1a: Rillaboom\n|-damage|p2a: Mienshao|196/244|[from] item: Life Orb\n|\n|-heal|p2a: Mienshao|211/244|[from] Grassy Terrain\n|upkeep\n|\n|t:|1783549533\n|switch|p1a: Sudowoodo|Sudowoodo, L94, F|100/100\n|-damage|p1a: Sudowoodo|88/100|[from] Stealth Rock\n|turn|9\n|inactive|Time left: 300 sec this turn | 300 sec total\n|\n|t:|1783549534\n|move|p1a: Sudowoodo|Sucker Punch|p2a: Mienshao\n|-resisted|p2a: Mienshao\n|-damage|p2a: Mienshao|144/244\n|move|p2a: Mienshao|Close Combat|p1a: Sudowoodo\n|-supereffective|p1a: Sudowoodo\n|-damage|p1a: Sudowoodo|0 fnt\n|-unboost|p2a: Mienshao|def|1\n|-unboost|p2a: Mienshao|spd|1\n|faint|p1a: Sudowoodo\n|-damage|p2a: Mienshao|120/244|[from] item: Life Orb\n|\n|-heal|p2a: Mienshao|135/244|[from] Grassy Terrain\n|upkeep\n|\n|t:|1783549535\n|switch|p1a: Electivire|Electivire, L84, F|100/100\n|-damage|p1a: Electivire|88/100|[from] Stealth Rock\n|turn|10\n|inactive|Time left: 300 sec this turn | 300 sec total\n|\n|t:|1783549536\n|move|p2a: Mienshao|Close Combat|p1a: Electivire\n|-damage|p1a: Electivire|0 fnt\n|-unboost|p2a: Mienshao|def|1\n|-unboost|p2a: Mienshao|spd|1\n|faint|p1a: Electivire\n|-damage|p2a: Mienshao|111/244|[from] item: Life Orb\n|\n|-heal|p2a: Mienshao|126/244|[from] Grassy Terrain\n|upkeep\n|\n|t:|1783549536\n|switch|p1a: Bellossom|Bellossom, L84, F|100/100\n|-damage|p1a: Bellossom|88/100|[from] Stealth Rock\n|turn|11\n|inactive|Time left: 300 sec this turn | 300 sec total\n|\n|t:|1783549537\n|move|p2a: Mienshao|Close Combat|p1a: Bellossom\n|-damage|p1a: Bellossom|0 fnt\n|-unboost|p2a: Mienshao|def|1\n|-unboost|p2a: Mienshao|spd|1\n|faint|p1a: Bellossom\n|-damage|p2a: Mienshao|102/244|[from] item: Life Orb\n|\n|win|p0y8942192", "uploadtime": 1783549537, "views": 0, "rating": 0, "private": 0, "password": null, "_winner": "p0y8942192", "_our_name": "p0y8942192"}