{"id": "battle-gen9randombattle-2376", "formatid": "gen9randombattle", "format": "[Gen 9] Random Battle", "players": ["p0x237695ae", "p0y237661d1"], "log": "|init|battle\n|title|p0x237695ae vs. p0y237661d1\n|j|\u2606p0x237695ae\n|j|\u2606p0y237661d1\n|t:|1783566555\n|gametype|singles\n|player|p1|p0x237695ae|2|\n|player|p2|p0y237661d1|169|\n|gen|9\n|tier|[Gen 9] Random Battle\n|rule|Species Clause: Limit one of each Pok\u00e9mon\n|rule|HP Percentage Mod: HP is shown in percentages\n|rule|Sleep Clause Mod: Limit one foe put to sleep\n|rule|Illusion Level Mod: Illusion disguises the Pok\u00e9mon's true level\n|\n|t:|1783566555\n|teamsize|p1|6\n|teamsize|p2|6\n|start\n|switch|p1a: Kyogre|Kyogre, L71|259/259\n|switch|p2a: Barraskewda|Barraskewda, L81, M|100/100\n|-weather|RainDance|[from] ability: Drizzle|[of] p1a: Kyogre\n|turn|1\n|inactive|Battle timer is ON: inactive players will automatically lose when time's up. (requested by p0y237661d1)\n|inactive|Time left: 300 sec this turn | 300 sec total | 60 sec grace\n|inactive|p0x237695ae also wants the timer to be on.\n|\n|t:|1783566557\n|move|p2a: Barraskewda|Waterfall|p1a: Kyogre\n|-resisted|p1a: Kyogre\n|-damage|p1a: Kyogre|126/259\n|cant|p1a: Kyogre|flinch\n|\n|-weather|RainDance|[upkeep]\n|upkeep\n|turn|2\n|inactive|Time left: 300 sec this turn | 300 sec total\n|\n|t:|1783566558\n|move|p2a: Barraskewda|Waterfall|p1a: Kyogre\n|-resisted|p1a: Kyogre\n|-damage|p1a: Kyogre|3/259\n|move|p1a: Kyogre|Thunder|p2a: Barraskewda\n|-supereffective|p2a: Barraskewda\n|-crit|p2a: Barraskewda\n|-damage|p2a: Barraskewda|0 fnt\n|faint|p2a: Barraskewda\n|\n|-weather|RainDance|[upkeep]\n|upkeep\n|\n|t:|1783566559\n|switch|p2a: Iron Crown|Iron Crown, L78|100/100\n|turn|3\n|inactive|Time left: 300 sec this turn | 300 sec total\n|\n|t:|1783566560\n|move|p1a: Kyogre|Thunder|p2a: Iron Crown\n|-damage|p2a: Iron Crown|73/100\n|-status|p2a: Iron Crown|par\n|move|p2a: Iron Crown|Tachyon Cutter|p1a: Kyogre\n|-resisted|p1a: Kyogre\n|-damage|p1a: Kyogre|0 fnt\n|faint|p1a: Kyogre\n|-hitcount|p1: Kyogre|1\n|\n|-weather|RainDance|[upkeep]\n|upkeep\n|inactive|Time left: 300 sec this turn | 300 sec total | 5 sec grace\n|\n|t:|1783566561\n|switch|p1a: Inteleon|Inteleon, L81, M|246/246\n|turn|4\n|inactive|Time left: 300 sec this turn | 300 sec total\n|\n|t:|1783566562\n|-end|p2a: Iron Crown|Quark Drive|[silent]\n|switch|p2a: Lunala|Lunala, L70|100/100\n|move|p1a: Inteleon|Scald|p2a: Lunala\n|-damage|p2a: Lunala|65/100\n|\n|-weather|RainDance|[upkeep]\n|-heal|p2a: Lunala|72/100|[from] item: Leftovers\n|upkeep\n|turn|5\n|inactive|Time left: 300 sec this turn | 300 sec total\n|\n|t:|1783566563\n|switch|p2a: Electrode|Electrode-Hisui, L87|100/100\n|move|p1a: Inteleon|Scald|p2a: Electrode\n|-resisted|p2a: Electrode\n|-damage|p2a: Electrode|59/100\n|-status|p2a: Electrode|brn\n|\n|-weather|none\n|-heal|p2a: Electrode|65/100 brn|[from] item: Leftovers\n|-damage|p2a: Electrode|59/100 brn|[from] brn\n|upkeep\n|turn|6\n|inactive|Time left: 300 sec this turn | 300 sec total\n|\n|t:|1783566565\n|switch|p1a: Latios|Latios, L78, M|253/253\n|move|p2a: Electrode|Giga Drain|p1a: Latios\n|-resisted|p1a: Latios\n|-damage|p1a: Latios|217/253\n|-heal|p2a: Electrode|66/100 brn|[from] drain|[of] p1a: Latios\n|\n|-heal|p2a: Electrode|72/100 brn|[from] item: Leftovers\n|-damage|p2a: Electrode|66/100 brn|[from] brn\n|upkeep\n|turn|7\n|inactive|Time left: 300 sec this turn | 300 sec total\n|\n|t:|1783566566\n|switch|p2a: Iron Crown|Iron Crown, L78|73/100 par\n|move|p1a: Latios|Calm Mind|p1a: Latios\n|-boost|p1a: Latios|spa|1\n|-boost|p1a: Latios|spd|1\n|\n|upkeep\n|turn|8\n|inactive|Time left: 300 sec this turn | 300 sec total\n|\n|t:|1783566567\n|-end|p2a: Iron Crown|Quark Drive|[silent]\n|switch|p2a: Kingambit|Kingambit, L74, M|100/100\n|-activate|p2a: Kingambit|ability: Supreme Overlord\n|-start|p2a: Kingambit|fallen1|[silent]\n|move|p1a: Latios|Calm Mind|p1a: Latios\n|-boost|p1a: Latios|spa|1\n|-boost|p1a: Latios|spd|1\n|\n|upkeep\n|turn|9\n|inactive|Time left: 300 sec this turn | 300 sec total\n|\n|t:|1783566568\n|-terastallize|p1a: Latios|Steel\n|move|p1a: Latios|Calm Mind|p1a: Latios\n|-boost|p1a: Latios|spa|1\n|-boost|p1a: Latios|spd|1\n|move|p2a: Kingambit|Kowtow Cleave|p1a: Latios\n|-damage|p1a: Latios|91/253\n|\n|upkeep\n|turn|10\n|inactive|Time left: 300 sec this turn | 300 sec total\n|\n|t:|1783566569\n|move|p1a: Latios|Recover|p1a: Latios\n|-heal|p1a: Latios|218/253\n|move|p2a: Kingambit|Kowtow Cleave|p1a: Latios\n|-damage|p1a: Latios|103/253\n|\n|upkeep\n|turn|11\n|inactive|Time left: 300 sec this turn | 300 sec total\n|\n|t:|1783566570\n|move|p1a: Latios|Recover|p1a: Latios\n|-heal|p1a: Latios|230/253\n|move|p2a: Kingambit|Kowtow Cleave|p1a: Latios\n|-damage|p1a: Latios|110/253\n|\n|upkeep\n|turn|12\n|inactive|Time left: 300 sec this turn | 300 sec total\n|\n|t:|1783566570\n|move|p1a: Latios|Recover|p1a: Latios\n|-heal|p1a: Latios|237/253\n|move|p2a: Kingambit|Kowtow Cleave|p1a: Latios\n|-damage|p1a: Latios|123/253\n|\n|upkeep\n|turn|13\n|inactive|Time left: 300 sec this turn | 300 sec total\n|\n|t:|1783566571\n|move|p1a: Latios|Recover|p1a: Latios\n|-heal|p1a: Latios|250/253\n|move|p2a: Kingambit|Kowtow Cleave|p1a: Latios\n|-crit|p1a: Latios\n|-damage|p1a: Latios|76/253\n|\n|upkeep\n|turn|14\n|inactive|Time left: 300 sec this turn | 300 sec total\n|\n|t:|1783566572\n|move|p1a: Latios|Recover|p1a: Latios\n|-heal|p1a: Latios|203/253\n|move|p2a: Kingambit|Kowtow Cleave|p1a: Latios\n|-damage|p1a: Latios|77/253\n|\n|upkeep\n|turn|15\n|inactive|Time left: 300 sec this turn | 300 sec total\n|\n|t:|1783566573\n|move|p1a: Latios|Recover|p1a: Latios\n|-heal|p1a: Latios|204/253\n|move|p2a: Kingambit|Kowtow Cleave|p1a: Latios\n|-damage|p1a: Latios|95/253\n|\n|upkeep\n|turn|16\n|inactive|Time left: 300 sec this turn | 300 sec total\n|\n|t:|1783566574\n|move|p1a: Latios|Recover|p1a: Latios\n|-heal|p1a: Latios|222/253\n|move|p2a: Kingambit|Kowtow Cleave|p1a: Latios\n|-damage|p1a: Latios|104/253\n|\n|upkeep\n|turn|17\n|inactive|Time left: 300 sec this turn | 300 sec total\n|\n|t:|1783566575\n|move|p1a: Latios|Recover|p1a: Latios\n|-heal|p1a: Latios|231/253\n|move|p2a: Kingambit|Kowtow Cleave|p1a: Latios\n|-damage|p1a: Latios|104/253\n|\n|upkeep\n|turn|18\n|inactive|Time left: 300 sec this turn | 300 sec total\n|\n|t:|1783566575\n|move|p1a: Latios|Draco Meteor|p2a: Kingambit\n|-resisted|p2a: Kingambit\n|-damage|p2a: Kingambit|5/100\n|-unboost|p1a: Latios|spa|2\n|move|p2a: Kingambit|Kowtow Cleave|p1a: Latios\n|-damage|p1a: Latios|0 fnt\n|faint|p1a: Latios\n|\n|-heal|p2a: Kingambit|11/100|[from] item: Leftovers\n|upkeep\n|inactive|Time left: 300 sec this turn | 300 sec total | 5 sec grace\n|\n|t:|1783566576\n|switch|p1a: Lokix|Lokix, L82, M|251/251\n|turn|19\n|inactive|Time left: 300 sec this turn | 300 sec total\n|\n|t:|1783566577\n|move|p1a: Lokix|Swords Dance|p1a: Lokix\n|-boost|p1a: Lokix|atk|2\n|move|p2a: Kingambit|Iron Head|p1a: Lokix\n|-damage|p1a: Lokix|152/251\n|\n|-heal|p2a: Kingambit|17/100|[from] item: Leftovers\n|upkeep\n|turn|20\n|inactive|Time left: 300 sec this turn | 300 sec total\n|\n|t:|1783566578\n|move|p1a: Lokix|Leech Life|p2a: Kingambit\n|-damage|p2a: Kingambit|0 fnt\n|-heal|p1a: Lokix|174/251|[from] drain|[of] p2a: Kingambit\n|faint|p2a: Kingambit\n|-end|p2a: Kingambit|fallen1|[silent]\n|-damage|p1a: Lokix|149/251|[from] item: Life Orb\n|\n|upkeep\n|\n|t:|1783566579\n|switch|p2a: Skeledirge|Skeledirge, L79, F|100/100\n|turn|21\n|inactive|Time left: 300 sec this turn | 300 sec total\n|\n|t:|1783566580\n|move|p1a: Lokix|Knock Off|p2a: Skeledirge\n|-supereffective|p2a: Skeledirge\n|-damage|p2a: Skeledirge|18/100\n|-enditem|p2a: Skeledirge|Heavy-Duty Boots|[from] move: Knock Off|[of] p1a: Lokix\n|-damage|p1a: Lokix|124/251|[from] item: Life Orb\n|move|p2a: Skeledirge|Torch Song|p1a: Lokix\n|-supereffective|p1a: Lokix\n|-damage|p1a: Lokix|0 fnt\n|-boost|p2a: Skeledirge|spa|1\n|faint|p1a: Lokix\n|\n|upkeep\n|inactive|Time left: 300 sec this turn | 300 sec total | 5 sec grace\n|\n|t:|1783566581\n|switch|p1a: Inteleon|Inteleon, L81, M|246/246\n|turn|22\n|inactive|Time left: 300 sec this turn | 300 sec total\n|\n|t:|1783566581\n|move|p1a: Inteleon|Scald|p2a: Skeledirge\n|-supereffective|p2a: Skeledirge\n|-damage|p2a: Skeledirge|0 fnt\n|faint|p2a: Skeledirge\n|\n|upkeep\n|\n|t:|1783566582\n|switch|p2a: Electrode|Electrode-Hisui, L87|66/100 brn\n|turn|23\n|inactive|Time left: 300 sec this turn | 300 sec total\n|\n|t:|1783566583\n|switch|p1a: Malamar|Malamar, L82, M|275/275\n|move|p2a: Electrode|Thunderbolt|p1a: Malamar\n|-damage|p1a: Malamar|179/275\n|\n|-heal|p2a: Electrode|72/100 brn|[from] item: Leftovers\n|-heal|p1a: Malamar|196/275|[from] item: Leftovers\n|-damage|p2a: Electrode|66/100 brn|[from] brn\n|upkeep\n|turn|24\n|inactive|Time left: 300 sec this turn | 300 sec total\n|\n|t:|1783566584\n|move|p2a: Electrode|Leech Seed|p1a: Malamar\n|-start|p1a: Malamar|move: Leech Seed\n|move|p1a: Malamar|Knock Off|p2a: Electrode\n|-damage|p2a: Electrode|23/100 brn\n|-enditem|p2a: Electrode|Leftovers|[from] move: Knock Off|[of] p1a: Malamar\n|\n|-heal|p1a: Malamar|213/275|[from] item: Leftovers\n|-damage|p1a: Malamar|179/275|[from] Leech Seed|[of] p2a: Electrode\n|-heal|p2a: Electrode|37/100 brn|[silent]\n|-damage|p2a: Electrode|31/100 brn|[from] brn\n|upkeep\n|turn|25\n|inactive|Time left: 300 sec this turn | 300 sec total\n|\n|t:|1783566586\n|switch|p1a: Illumise|Illumise, L91, F|266/266\n|move|p2a: Electrode|Giga Drain|p1a: Illumise\n|-resisted|p1a: Illumise\n|-damage|p1a: Illumise|230/266\n|-heal|p2a: Electrode|38/100 brn|[from] drain|[of] p1a: Illumise\n|\n|-damage|p2a: Electrode|32/100 brn|[from] brn\n|upkeep\n|turn|26\n|inactive|Time left: 300 sec this turn | 300 sec total\n|\n|t:|1783566587\n|switch|p1a: Malamar|Malamar, L82, M|179/275\n|move|p2a: Electrode|Leech Seed|p1a: Malamar\n|-start|p1a: Malamar|move: Leech Seed\n|\n|-heal|p1a: Malamar|196/275|[from] item: Leftovers\n|-damage|p1a: Malamar|162/275|[from] Leech Seed|[of] p2a: Electrode\n|-heal|p2a: Electrode|46/100 brn|[silent]\n|-damage|p2a: Electrode|40/100 brn|[from] brn\n|upkeep\n|turn|27\n|inactive|Time left: 300 sec this turn | 300 sec total\n|\n|t:|1783566588\n|move|p2a: Electrode|Giga Drain|p1a: Malamar\n|-damage|p1a: Malamar|75/275\n|-heal|p2a: Electrode|58/100 brn|[from] drain|[of] p1a: Malamar\n|move|p1a: Malamar|Superpower|p2a: Electrode\n|-damage|p2a: Electrode|25/100 brn\n|-boost|p1a: Malamar|atk|1\n|-boost|p1a: Malamar|def|1\n|\n|-heal|p1a: Malamar|92/275|[from] item: Leftovers\n|-damage|p1a: Malamar|58/275|[from] Leech Seed|[of] p2a: Electrode\n|-heal|p2a: Electrode|39/100 brn|[silent]\n|-damage|p2a: Electrode|33/100 brn|[from] brn\n|upkeep\n|turn|28\n|inactive|Time left: 300 sec this turn | 300 sec total\n|\n|t:|1783566589\n|switch|p1a: Illumise|Illumise, L91, F|230/266\n|move|p2a: Electrode|Giga Drain|p1a: Illumise\n|-resisted|p1a: Illumise\n|-damage|p1a: Illumise|196/266\n|-heal|p2a: Electrode|40/100 brn|[from] drain|[of] p1a: Illumise\n|\n|-damage|p2a: Electrode|34/100 brn|[from] brn\n|upkeep\n|turn|29\n|inactive|Time left: 300 sec this turn | 300 sec total\n|\n|t:|1783566590\n|move|p1a: Illumise|Roost|p1a: Illumise\n|-heal|p1a: Illumise|266/266\n|-singleturn|p1a: Illumise|move: Roost\n|move|p2a: Electrode|Leech Seed|p1a: Illumise\n|-start|p1a: Illumise|move: Leech Seed\n|\n|-damage|p1a: Illumise|233/266|[from] Leech Seed|[of] p2a: Electrode\n|-heal|p2a: Electrode|47/100 brn|[silent]\n|-damage|p2a: Electrode|41/100 brn|[from] brn\n|upkeep\n|turn|30\n|inactive|Time left: 300 sec this turn | 300 sec total\n|\n|t:|1783566591\n|move|p1a: Illumise|Encore|p2a: Electrode\n|-start|p2a: Electrode|Encore\n|move|p2a: Electrode|Leech Seed||[still]\n|-fail|p2a: Electrode\n|\n|-damage|p1a: Illumise|200/266|[from] Leech Seed|[of] p2a: Electrode\n|-heal|p2a: Electrode|55/100 brn|[silent]\n|-damage|p2a: Electrode|48/100 brn|[from] brn\n|upkeep\n|turn|31\n|inactive|Time left: 300 sec this turn | 300 sec total\n|\n|t:|1783566592\n|switch|p2a: Lunala|Lunala, L70|72/100\n|switch|p1a: Inteleon|Inteleon, L81, M|246/246\n|\n|-heal|p2a: Lunala|78/100|[from] item: Leftovers\n|upkeep\n|turn|32\n|inactive|Time left: 300 sec this turn | 300 sec total\n|\n|t:|1783566593\n|move|p1a: Inteleon|Scald|p2a: Lunala\n|-damage|p2a: Lunala|32/100\n|move|p2a: Lunala|Moongeist Beam|p1a: Inteleon\n|-damage|p1a: Inteleon|111/246\n|\n|-heal|p2a: Lunala|38/100|[from] item: Leftovers\n|upkeep\n|turn|33\n|inactive|Time left: 300 sec this turn | 300 sec total\n|\n|t:|1783566594\n|switch|p2a: Electrode|Electrode-Hisui, L87|48/100 brn\n|move|p1a: Inteleon|Scald|p2a: Electrode\n|-resisted|p2a: Electrode\n|-damage|p2a: Electrode|20/100 brn\n|\n|-damage|p2a: Electrode|14/100 brn|[from] brn\n|upkeep\n|turn|34\n|inactive|Time left: 300 sec this turn | 300 sec total\n|\n|t:|1783566595\n|switch|p1a: Illumise|Illumise, L91, F|200/266\n|move|p2a: Electrode|Giga Drain|p1a: Illumise\n|-resisted|p1a: Illumise\n|-damage|p1a: Illumise|167/266\n|-heal|p2a: Electrode|21/100 brn|[from] drain|[of] p1a: Illumise\n|\n|-damage|p2a: Electrode|15/100 brn|[from] brn\n|upkeep\n|turn|35\n|inactive|Time left: 300 sec this turn | 300 sec total\n|\n|t:|1783566596\n|move|p1a: Illumise|Roost|p1a: Illumise\n|-heal|p1a: Illumise|266/266\n|-singleturn|p1a: Illumise|move: Roost\n|move|p2a: Electrode|Leech Seed|p1a: Illumise\n|-start|p1a: Illumise|move: Leech Seed\n|\n|-damage|p1a: Illumise|233/266|[from] Leech Seed|[of] p2a: Electrode\n|-heal|p2a: Electrode|29/100 brn|[silent]\n|-damage|p2a: Electrode|22/100 brn|[from] brn\n|upkeep\n|turn|36\n|inactive|Time left: 300 sec this turn | 300 sec total\n|\n|t:|1783566597\n|switch|p1a: Malamar|Malamar, L82, M|58/275\n|move|p2a: Electrode|Giga Drain|p1a: Malamar\n|-damage|p1a: Malamar|0 fnt\n|-heal|p2a: Electrode|34/100 brn|[from] drain|[of] p1a: Malamar\n|faint|p1a: Malamar\n|\n|-damage|p2a: Electrode|28/100 brn|[from] brn\n|upkeep\n|inactive|Time left: 300 sec this turn | 300 sec total | 5 sec grace\n|\n|t:|1783566597\n|switch|p1a: Illumise|Illumise, L91, F|233/266\n|turn|37\n|inactive|Time left: 300 sec this turn | 300 sec total\n|\n|t:|1783566598\n|move|p1a: Illumise|Encore|p2a: Electrode\n|-start|p2a: Electrode|Encore\n|move|p2a: Electrode|Giga Drain|p1a: Illumise\n|-resisted|p1a: Illumise\n|-damage|p1a: Illumise|201/266\n|-heal|p2a: Electrode|35/100 brn|[from] drain|[of] p1a: Illumise\n|\n|-damage|p2a: Electrode|29/100 brn|[from] brn\n|upkeep\n|turn|38\n|inactive|Time left: 300 sec this turn | 300 sec total\n|\n|t:|1783566599\n|move|p2a: Electrode|Giga Drain|p1a: Illumise\n|-resisted|p1a: Illumise\n|-damage|p1a: Illumise|165/266\n|-heal|p2a: Electrode|36/100 brn|[from] drain|[of] p1a: Illumise\n|move|p1a: Illumise|Bug Buzz|p2a: Electrode\n|-immune|p2a: Electrode|[from] ability: Soundproof\n|\n|-damage|p2a: Electrode|30/100 brn|[from] brn\n|upkeep\n|turn|39\n|inactive|Time left: 300 sec this turn | 300 sec total\n|\n|t:|1783566600\n|move|p1a: Illumise|Roost|p1a: Illumise\n|-heal|p1a: Illumise|266/266\n|-singleturn|p1a: Illumise|move: Roost\n|move|p2a: Electrode|Giga Drain|p1a: Illumise\n|-resisted|p1a: Illumise\n|-damage|p1a: Illumise|230/266\n|-heal|p2a: Electrode|37/100 brn|[from] drain|[of] p1a: Illumise\n|\n|-damage|p2a: Electrode|31/100 brn|[from] brn\n|-end|p2a: Electrode|Encore\n|upkeep\n|turn|40\n|inactive|Time left: 300 sec this turn | 300 sec total\n|\n|t:|1783566601\n|move|p1a: Illumise|Encore|p2a: Electrode\n|-start|p2a: Electrode|Encore\n|move|p2a: Electrode|Giga Drain|p1a: Illumise\n|-resisted|p1a: Illumise\n|-damage|p1a: Illumise|197/266\n|-heal|p2a: Electrode|38/100 brn|[from] drain|[of] p1a: Illumise\n|\n|-damage|p2a: Electrode|32/100 brn|[from] brn\n|upkeep\n|turn|41\n|inactive|Time left: 300 sec this turn | 300 sec total\n|\n|t:|1783566603\n|move|p2a: Electrode|Giga Drain|p1a: Illumise\n|-resisted|p1a: Illumise\n|-damage|p1a: Illumise|165/266\n|-heal|p2a: Electrode|38/100 brn|[from] drain|[of] p1a: Illumise\n|move|p1a: Illumise|Bug Buzz|p2a: Electrode\n|-immune|p2a: Electrode|[from] ability: Soundproof\n|\n|-damage|p2a: Electrode|32/100 brn|[from] brn\n|upkeep\n|turn|42\n|inactive|Time left: 300 sec this turn | 300 sec total\n|\n|t:|1783566604\n|move|p2a: Electrode|Giga Drain|p1a: Illumise\n|-resisted|p1a: Illumise\n|-damage|p1a: Illumise|128/266\n|-heal|p2a: Electrode|40/100 brn|[from] drain|[of] p1a: Illumise\n|move|p1a: Illumise|Bug Buzz|p2a: Electrode\n|-immune|p2a: Electrode|[from] ability: Soundproof\n|\n|-damage|p2a: Electrode|34/100 brn|[from] brn\n|-end|p2a: Electrode|Encore\n|upkeep\n|turn|43\n|inactive|Time left: 300 sec this turn | 300 sec total\n|\n|t:|1783566605\n|move|p1a: Illumise|Roost|p1a: Illumise\n|-heal|p1a: Illumise|261/266\n|-singleturn|p1a: Illumise|move: Roost\n|move|p2a: Electrode|Leech Seed|p1a: Illumise\n|-start|p1a: Illumise|move: Leech Seed\n|\n|-damage|p1a: Illumise|228/266|[from] Leech Seed|[of] p2a: Electrode\n|-heal|p2a: Electrode|47/100 brn|[silent]\n|-damage|p2a: Electrode|41/100 brn|[from] brn\n|upkeep\n|turn|44\n|inactive|Time left: 300 sec this turn | 300 sec total\n|\n|t:|1783566606\n|move|p1a: Illumise|Encore|p2a: Electrode\n|-start|p2a: Electrode|Encore\n|move|p2a: Electrode|Leech Seed||[still]\n|-fail|p2a: Electrode\n|\n|-damage|p1a: Illumise|195/266|[from] Leech Seed|[of] p2a: Electrode\n|-heal|p2a: Electrode|55/100 brn|[silent]\n|-damage|p2a: Electrode|48/100 brn|[from] brn\n|upkeep\n|turn|45\n|inactive|Time left: 300 sec this turn | 300 sec total\n|\n|t:|1783566606\n|switch|p2a: Iron Crown|Iron Crown, L78|73/100 par\n|switch|p1a: Inteleon|Inteleon, L81, M|111/246\n|\n|upkeep\n|turn|46\n|inactive|Time left: 300 sec this turn | 300 sec total\n|\n|t:|1783566607\n|move|p1a: Inteleon|Hydro Pump|p2a: Iron Crown\n|-damage|p2a: Iron Crown|9/100 par\n|move|p2a: Iron Crown|Psyshock|p1a: Inteleon\n|-damage|p1a: Inteleon|0 fnt\n|faint|p1a: Inteleon\n|\n|upkeep\n|inactive|Time left: 300 sec this turn | 300 sec total | 5 sec grace\n|\n|t:|1783566608\n|switch|p1a: Illumise|Illumise, L91, F|195/266\n|turn|47\n|inactive|Time left: 300 sec this turn | 300 sec total\n|\n|t:|1783566609\n|move|p1a: Illumise|Bug Buzz|p2a: Iron Crown\n|-damage|p2a: Iron Crown|0 fnt\n|faint|p2a: Iron Crown\n|-end|p2a: Iron Crown|Quark Drive|[silent]\n|\n|upkeep\n|\n|t:|1783566610\n|switch|p2a: Electrode|Electrode-Hisui, L87|48/100 brn\n|turn|48\n|inactive|Time left: 300 sec this turn | 300 sec total\n|\n|t:|1783566611\n|move|p1a: Illumise|Roost|p1a: Illumise\n|-heal|p1a: Illumise|266/266\n|-singleturn|p1a: Illumise|move: Roost\n|move|p2a: Electrode|Leech Seed|p1a: Illumise\n|-start|p1a: Illumise|move: Leech Seed\n|\n|-damage|p1a: Illumise|233/266|[from] Leech Seed|[of] p2a: Electrode\n|-heal|p2a: Electrode|62/100 brn|[silent]\n|-damage|p2a: Electrode|56/100 brn|[from] brn\n|upkeep\n|turn|49\n|inactive|Time left: 300 sec this turn | 300 sec total\n|\n|t:|1783566612\n|move|p2a: Electrode|Thunderbolt|p1a: Illumise\n|-damage|p1a: Illumise|152/266\n|-status|p1a: Illumise|par\n|move|p1a: Illumise|Bug Buzz|p2a: Electrode\n|-immune|p2a: Electrode|[from] ability: Soundproof\n|\n|-damage|p1a: Illumise|119/266 par|[from] Leech Seed|[of] p2a: Electrode\n|-heal|p2a: Electrode|69/100 brn|[silent]\n|-damage|p2a: Electrode|63/100 brn|[from] brn\n|upkeep\n|turn|50\n|inactive|Time left: 300 sec this turn | 300 sec total\n|\n|t:|1783566613\n|-terastallize|p2a: Electrode|Poison\n|move|p1a: Illumise|Roost|p1a: Illumise\n|-heal|p1a: Illumise|252/266 par\n|-singleturn|p1a: Illumise|move: Roost\n|move|p2a: Electrode|Thunderbolt|p1a: Illumise\n|-damage|p1a: Illumise|161/266 par\n|\n|-damage|p1a: Illumise|128/266 par|[from] Leech Seed|[of] p2a: Electrode\n|-heal|p2a: Electrode|77/100 brn|[silent]\n|-damage|p2a: Electrode|70/100 brn|[from] brn\n|upkeep\n|turn|51\n|inactive|Time left: 300 sec this turn | 300 sec total\n|\n|t:|1783566614\n|move|p1a: Illumise|Roost|p1a: Illumise\n|-heal|p1a: Illumise|261/266 par\n|-singleturn|p1a: Illumise|move: Roost\n|move|p2a: Electrode|Thunderbolt|p1a: Illumise\n|-damage|p1a: Illumise|176/266 par\n|\n|-damage|p1a: Illumise|143/266 par|[from] Leech Seed|[of] p2a: Electrode\n|-heal|p2a: Electrode|84/100 brn|[silent]\n|-damage|p2a: Electrode|78/100 brn|[from] brn\n|upkeep\n|turn|52\n|inactive|Time left: 300 sec this turn | 300 sec total\n|\n|t:|1783566615\n|move|p2a: Electrode|Thunderbolt|p1a: Illumise\n|-damage|p1a: Illumise|65/266 par\n|move|p1a: Illumise|Bug Buzz|p2a: Electrode\n|-immune|p2a: Electrode|[from] ability: Soundproof\n|\n|-damage|p1a: Illumise|32/266 par|[from] Leech Seed|[of] p2a: Electrode\n|-heal|p2a: Electrode|91/100 brn|[silent]\n|-damage|p2a: Electrode|85/100 brn|[from] brn\n|upkeep\n|turn|53\n|inactive|Time left: 300 sec this turn | 300 sec total\n|\n|t:|1783566616\n|cant|p1a: Illumise|par\n|move|p2a: Electrode|Thunderbolt|p1a: Illumise\n|-damage|p1a: Illumise|0 fnt\n|faint|p1a: Illumise\n|\n|win|p0y237661d1", "uploadtime": 1783566616, "views": 0, "rating": 0, "private": 0, "password": null, "_winner": "p0y237661d1", "_our_name": "p0x237695ae"}