{"id": "battle-gen9randombattle-1957", "formatid": "gen9randombattle", "format": "[Gen 9] Random Battle", "players": ["p0x19572471", "p0y195718cb"], "log": "|init|battle\n|title|p0x19572471 vs. p0y195718cb\n|j|\u2606p0x19572471\n|j|\u2606p0y195718cb\n|t:|1783561908\n|gametype|singles\n|player|p1|p0x19572471|101|\n|player|p2|p0y195718cb|1|\n|gen|9\n|tier|[Gen 9] Random Battle\n|rule|Species Clause: Limit one of each Pok\u00e9mon\n|rule|HP Percentage Mod: HP is shown in percentages\n|rule|Sleep Clause Mod: Limit one foe put to sleep\n|rule|Illusion Level Mod: Illusion disguises the Pok\u00e9mon's true level\n|\n|t:|1783561908\n|teamsize|p1|6\n|teamsize|p2|6\n|start\n|switch|p1a: Hitmonlee|Hitmonlee, L85, M|100/100\n|switch|p2a: Primarina|Primarina, L83, F|268/268\n|turn|1\n|inactive|Battle timer is ON: inactive players will automatically lose when time's up. (requested by p0y195718cb)\n|inactive|p0x19572471 also wants the timer to be on.\n|\n|t:|1783561909\n|switch|p1a: Jirachi|Jirachi, L80|100/100\n|move|p2a: Primarina|Psychic|p1a: Jirachi\n|-resisted|p1a: Jirachi\n|-damage|p1a: Jirachi|94/100\n|\n|-heal|p1a: Jirachi|100/100|[from] item: Leftovers\n|upkeep\n|turn|2\n|inactive|Time left: 300 sec this turn | 300 sec total\n|\n|t:|1783561911\n|move|p1a: Jirachi|Stealth Rock|p2a: Primarina\n|-sidestart|p2: p0y195718cb|move: Stealth Rock\n|move|p2a: Primarina|Calm Mind|p2a: Primarina\n|-boost|p2a: Primarina|spa|1\n|-boost|p2a: Primarina|spd|1\n|\n|upkeep\n|turn|3\n|inactive|Time left: 300 sec this turn | 300 sec total\n|\n|t:|1783561912\n|move|p1a: Jirachi|Body Slam|p2a: Primarina\n|-damage|p2a: Primarina|201/268\n|move|p2a: Primarina|Calm Mind|p2a: Primarina\n|-boost|p2a: Primarina|spa|1\n|-boost|p2a: Primarina|spd|1\n|\n|-heal|p2a: Primarina|217/268|[from] item: Leftovers\n|upkeep\n|turn|4\n|inactive|Time left: 300 sec this turn | 300 sec total\n|\n|t:|1783561913\n|move|p1a: Jirachi|Iron Head|p2a: Primarina\n|-damage|p2a: Primarina|126/268\n|move|p2a: Primarina|Sparkling Aria|p1a: Jirachi\n|-damage|p1a: Jirachi|25/100\n|\n|-heal|p1a: Jirachi|31/100|[from] item: Leftovers\n|-heal|p2a: Primarina|142/268|[from] item: Leftovers\n|upkeep\n|turn|5\n|inactive|Time left: 300 sec this turn | 300 sec total\n|\n|t:|1783561914\n|move|p1a: Jirachi|Iron Head|p2a: Primarina\n|-damage|p2a: Primarina|43/268\n|cant|p2a: Primarina|flinch\n|\n|-heal|p1a: Jirachi|37/100|[from] item: Leftovers\n|-heal|p2a: Primarina|59/268|[from] item: Leftovers\n|upkeep\n|turn|6\n|inactive|Time left: 300 sec this turn | 300 sec total\n|\n|t:|1783561915\n|move|p1a: Jirachi|Body Slam|p2a: Primarina\n|-damage|p2a: Primarina|0 fnt\n|faint|p2a: Primarina\n|\n|-heal|p1a: Jirachi|43/100|[from] item: Leftovers\n|upkeep\n|inactive|Time left: 300 sec this turn | 300 sec total | 5 sec grace\n|\n|t:|1783561916\n|switch|p2a: Banette|Banette, L93, M|270/270\n|-damage|p2a: Banette|237/270|[from] Stealth Rock\n|turn|7\n|inactive|Time left: 300 sec this turn | 300 sec total\n|\n|t:|1783561917\n|move|p2a: Banette|Shadow Sneak|p1a: Jirachi\n|-supereffective|p1a: Jirachi\n|-damage|p1a: Jirachi|0 fnt\n|faint|p1a: Jirachi\n|-damage|p2a: Banette|210/270|[from] item: Life Orb\n|\n|upkeep\n|\n|t:|1783561917\n|switch|p1a: Komala|Komala, L87, M|100/100\n|-ability|p1a: Komala|Comatose\n|turn|8\n|inactive|Time left: 300 sec this turn | 300 sec total\n|\n|t:|1783561918\n|move|p2a: Banette|Gunk Shot|p1a: Komala\n|-damage|p1a: Komala|29/100\n|-damage|p2a: Banette|183/270|[from] item: Life Orb\n|move|p1a: Komala|Knock Off|p2a: Banette\n|-supereffective|p2a: Banette\n|-damage|p2a: Banette|0 fnt\n|-enditem|p2a: Banette|Life Orb|[from] move: Knock Off|[of] p1a: Komala\n|faint|p2a: Banette\n|\n|upkeep\n|inactive|Time left: 300 sec this turn | 300 sec total | 5 sec grace\n|\n|t:|1783561919\n|switch|p2a: Okidogi|Okidogi, L77, M|262/262\n|-damage|p2a: Okidogi|246/262|[from] Stealth Rock\n|turn|9\n|inactive|Time left: 300 sec this turn | 300 sec total\n|\n|t:|1783561921\n|switch|p1a: Keldeo|Keldeo-Resolute, L79|100/100\n|move|p2a: Okidogi|Knock Off|p1a: Keldeo\n|-resisted|p1a: Keldeo\n|-damage|p1a: Keldeo|87/100\n|-ability|p1a: Keldeo|Justified|boost\n|-boost|p1a: Keldeo|atk|1\n|-status|p1a: Keldeo|tox|[from] ability: Toxic Chain|[of] p2a: Okidogi\n|-enditem|p1a: Keldeo|Leftovers|[from] move: Knock Off|[of] p2a: Okidogi\n|\n|-damage|p1a: Keldeo|81/100 tox|[from] psn\n|upkeep\n|turn|10\n|inactive|Time left: 300 sec this turn | 300 sec total\n|\n|t:|1783561922\n|move|p1a: Keldeo|Hydro Pump|p2a: Okidogi\n|-damage|p2a: Okidogi|158/262\n|move|p2a: Okidogi|Drain Punch|p1a: Keldeo\n|-damage|p1a: Keldeo|51/100 tox\n|-heal|p2a: Okidogi|199/262|[from] drain|[of] p1a: Keldeo\n|\n|-damage|p1a: Keldeo|39/100 tox|[from] psn\n|upkeep\n|turn|11\n|inactive|Time left: 300 sec this turn | 300 sec total\n|\n|t:|1783561923\n|move|p1a: Keldeo|Hydro Pump|p2a: Okidogi\n|-damage|p2a: Okidogi|109/262\n|move|p2a: Okidogi|Drain Punch|p1a: Keldeo\n|-damage|p1a: Keldeo|5/100 tox\n|-heal|p2a: Okidogi|155/262|[from] drain|[of] p1a: Keldeo\n|\n|-damage|p1a: Keldeo|0 fnt|[from] psn\n|faint|p1a: Keldeo\n|upkeep\n|\n|t:|1783561924\n|switch|p1a: Malamar|Malamar, L82, M|100/100\n|turn|12\n|inactive|Time left: 300 sec this turn | 300 sec total\n|\n|t:|1783561925\n|move|p2a: Okidogi|Gunk Shot|p1a: Malamar\n|-damage|p1a: Malamar|50/100\n|move|p1a: Malamar|Superpower|p2a: Okidogi\n|-resisted|p2a: Okidogi\n|-damage|p2a: Okidogi|124/262\n|-boost|p1a: Malamar|atk|1\n|-boost|p1a: Malamar|def|1\n|\n|upkeep\n|turn|13\n|inactive|Time left: 300 sec this turn | 300 sec total\n|\n|t:|1783561926\n|move|p2a: Okidogi|Knock Off|p1a: Malamar\n|-damage|p1a: Malamar|30/100\n|-enditem|p1a: Malamar|Chesto Berry|[from] move: Knock Off|[of] p2a: Okidogi\n|move|p1a: Malamar|Superpower|p2a: Okidogi\n|-resisted|p2a: Okidogi\n|-damage|p2a: Okidogi|76/262\n|-boost|p1a: Malamar|atk|1\n|-boost|p1a: Malamar|def|1\n|\n|upkeep\n|turn|14\n|inactive|Time left: 300 sec this turn | 300 sec total\n|\n|t:|1783561927\n|move|p2a: Okidogi|Drain Punch|p1a: Malamar\n|-crit|p1a: Malamar\n|-damage|p1a: Malamar|0 fnt\n|-heal|p2a: Okidogi|117/262|[from] drain|[of] p1a: Malamar\n|faint|p1a: Malamar\n|\n|upkeep\n|\n|t:|1783561928\n|switch|p1a: Swampert|Swampert, L83, M|100/100\n|turn|15\n|inactive|Time left: 300 sec this turn | 300 sec total\n|\n|t:|1783561929\n|move|p2a: Okidogi|Drain Punch|p1a: Swampert\n|-damage|p1a: Swampert|74/100\n|-heal|p2a: Okidogi|157/262|[from] drain|[of] p1a: Swampert\n|move|p1a: Swampert|Earthquake|p2a: Okidogi\n|-supereffective|p2a: Okidogi\n|-damage|p2a: Okidogi|0 fnt\n|faint|p2a: Okidogi\n|\n|-heal|p1a: Swampert|80/100|[from] item: Leftovers\n|upkeep\n|inactive|Time left: 300 sec this turn | 300 sec total | 5 sec grace\n|\n|t:|1783561930\n|switch|p2a: Jumpluff|Jumpluff, L87, M|271/271\n|-damage|p2a: Jumpluff|204/271|[from] Stealth Rock\n|turn|16\n|inactive|Time left: 300 sec this turn | 300 sec total\n|\n|t:|1783561931\n|move|p2a: Jumpluff|Strength Sap|p1a: Swampert\n|-unboost|p1a: Swampert|atk|1\n|-heal|p2a: Jumpluff|271/271\n|move|p1a: Swampert|Ice Beam|p2a: Jumpluff\n|-supereffective|p2a: Jumpluff\n|-damage|p2a: Jumpluff|75/271\n|\n|-heal|p1a: Swampert|86/100|[from] item: Leftovers\n|upkeep\n|turn|17\n|inactive|Time left: 300 sec this turn | 300 sec total\n|\n|t:|1783561932\n|move|p2a: Jumpluff|Strength Sap|p1a: Swampert\n|-unboost|p1a: Swampert|atk|1\n|-heal|p2a: Jumpluff|228/271\n|move|p1a: Swampert|Ice Beam|p2a: Jumpluff\n|-supereffective|p2a: Jumpluff\n|-damage|p2a: Jumpluff|12/271\n|\n|-heal|p1a: Swampert|92/100|[from] item: Leftovers\n|upkeep\n|turn|18\n|inactive|Time left: 300 sec this turn | 300 sec total\n|\n|t:|1783561933\n|-terastallize|p2a: Jumpluff|Steel\n|move|p2a: Jumpluff|Strength Sap|p1a: Swampert\n|-unboost|p1a: Swampert|atk|1\n|-heal|p2a: Jumpluff|127/271\n|move|p1a: Swampert|Flip Turn|p2a: Jumpluff\n|-damage|p2a: Jumpluff|93/271\n|\n|t:|1783561934\n|switch|p1a: Hitmonlee|Hitmonlee, L85, M|100/100|[from] Flip Turn\n|\n|upkeep\n|turn|19\n|inactive|Time left: 300 sec this turn | 300 sec total\n|\n|t:|1783561934\n|move|p1a: Hitmonlee|High Jump Kick|p2a: Jumpluff\n|-supereffective|p2a: Jumpluff\n|-damage|p2a: Jumpluff|0 fnt\n|faint|p2a: Jumpluff\n|\n|upkeep\n|inactive|Time left: 300 sec this turn | 300 sec total | 5 sec grace\n|\n|t:|1783561935\n|switch|p2a: Dragalge|Dragalge, L88, M|258/258\n|-damage|p2a: Dragalge|226/258|[from] Stealth Rock\n|turn|20\n|inactive|Time left: 300 sec this turn | 300 sec total\n|\n|t:|1783561936\n|switch|p1a: Swampert|Swampert, L83, M|92/100\n|move|p2a: Dragalge|Dragon Tail|p1a: Swampert\n|-damage|p1a: Swampert|65/100\n|drag|p1a: Komala|Komala, L87, M|29/100\n|-ability|p1a: Komala|Comatose\n|\n|upkeep\n|turn|21\n|inactive|Time left: 300 sec this turn | 300 sec total\n|\n|t:|1783561937\n|move|p1a: Komala|Earthquake|p2a: Dragalge\n|-supereffective|p2a: Dragalge\n|-damage|p2a: Dragalge|62/258\n|move|p2a: Dragalge|Dragon Tail|p1a: Komala\n|-damage|p1a: Komala|0 fnt\n|faint|p1a: Komala\n|\n|upkeep\n|\n|t:|1783561938\n|switch|p1a: Hitmonlee|Hitmonlee, L85, M|100/100\n|turn|22\n|inactive|Time left: 300 sec this turn | 300 sec total\n|\n|t:|1783561939\n|-terastallize|p1a: Hitmonlee|Fighting\n|move|p1a: Hitmonlee|High Jump Kick|p2a: Dragalge\n|-resisted|p2a: Dragalge\n|-damage|p2a: Dragalge|0 fnt\n|faint|p2a: Dragalge\n|\n|upkeep\n|inactive|Time left: 300 sec this turn | 300 sec total | 5 sec grace\n|\n|t:|1783561940\n|switch|p2a: Rotom|Rotom-Mow, L87|229/229\n|-damage|p2a: Rotom|201/229|[from] Stealth Rock\n|turn|23\n|inactive|Time left: 300 sec this turn | 300 sec total\n|\n|t:|1783561941\n|move|p2a: Rotom|Leaf Storm|p1a: Hitmonlee\n|-damage|p1a: Hitmonlee|37/100\n|-unboost|p2a: Rotom|spa|2\n|move|p1a: Hitmonlee|High Jump Kick|p2a: Rotom\n|-damage|p2a: Rotom|0 fnt\n|faint|p2a: Rotom\n|\n|win|p0x19572471", "uploadtime": 1783561941, "views": 0, "rating": 0, "private": 0, "password": null, "_winner": "p0x19572471", "_our_name": "p0y195718cb"}