{"id": "battle-gen9randombattle-435", "formatid": "gen9randombattle", "format": "[Gen 9] Random Battle", "players": ["p0x435c9d4", "p0y43553d1"], "log": "|init|battle\n|title|p0x435c9d4 vs. p0y43553d1\n|j|\u2606p0x435c9d4\n|j|\u2606p0y43553d1\n|t:|1783544790\n|gametype|singles\n|player|p1|p0x435c9d4|266|\n|player|p2|p0y43553d1|169|\n|gen|9\n|tier|[Gen 9] Random Battle\n|rule|Species Clause: Limit one of each Pok\u00e9mon\n|rule|HP Percentage Mod: HP is shown in percentages\n|rule|Sleep Clause Mod: Limit one foe put to sleep\n|rule|Illusion Level Mod: Illusion disguises the Pok\u00e9mon's true level\n|\n|t:|1783544790\n|teamsize|p1|6\n|teamsize|p2|6\n|start\n|switch|p1a: Chesnaught|Chesnaught, L84, F|100/100\n|switch|p2a: Squawkabilly|Squawkabilly-Yellow, L89, M|291/291\n|turn|1\n|inactive|Battle timer is ON: inactive players will automatically lose when time's up. (requested by p0y43553d1)\n|inactive|p0x435c9d4 also wants the timer to be on.\n|\n|t:|1783544791\n|switch|p1a: Conkeldurr|Conkeldurr, L80, M|100/100\n|move|p2a: Squawkabilly|Brave Bird|p1a: Conkeldurr\n|-supereffective|p1a: Conkeldurr\n|-damage|p1a: Conkeldurr|0 fnt\n|faint|p1a: Conkeldurr\n|-damage|p2a: Squawkabilly|192/291|[from] Recoil\n|\n|upkeep\n|\n|t:|1783544793\n|switch|p1a: Basculin|Basculin-Blue-Striped, L86, F|100/100\n|turn|2\n|inactive|Time left: 300 sec this turn | 300 sec total\n|\n|t:|1783544794\n|switch|p2a: Dachsbun|Dachsbun, L92, F|254/254\n|move|p1a: Basculin|Wave Crash|p2a: Dachsbun\n|-damage|p2a: Dachsbun|76/254\n|-damage|p1a: Basculin|78/100|[from] Recoil\n|\n|-heal|p2a: Dachsbun|91/254|[from] item: Leftovers\n|upkeep\n|turn|3\n|inactive|Time left: 300 sec this turn | 300 sec total\n|\n|t:|1783544795\n|move|p2a: Dachsbun|Play Rough|p1a: Basculin|[miss]\n|-miss|p2a: Dachsbun|p1a: Basculin\n|move|p1a: Basculin|Wave Crash|p2a: Dachsbun\n|-damage|p2a: Dachsbun|0 fnt\n|faint|p2a: Dachsbun\n|-damage|p1a: Basculin|66/100|[from] Recoil\n|\n|upkeep\n|inactive|Time left: 300 sec this turn | 300 sec total | 5 sec grace\n|\n|t:|1783544796\n|switch|p2a: Cresselia|Cresselia, L80, F|323/323\n|turn|4\n|inactive|Time left: 300 sec this turn | 300 sec total\n|\n|t:|1783544797\n|move|p1a: Basculin|Wave Crash|p2a: Cresselia\n|-damage|p2a: Cresselia|101/323\n|-damage|p1a: Basculin|38/100|[from] Recoil\n|move|p2a: Cresselia|Thunderbolt|p1a: Basculin\n|-supereffective|p1a: Basculin\n|-damage|p1a: Basculin|0 fnt\n|faint|p1a: Basculin\n|\n|-heal|p2a: Cresselia|121/323|[from] item: Leftovers\n|upkeep\n|\n|t:|1783544798\n|switch|p1a: Chandelure|Chandelure, L83, M|100/100\n|turn|5\n|inactive|Time left: 300 sec this turn | 300 sec total\n|\n|t:|1783544799\n|move|p2a: Cresselia|Moonlight|p2a: Cresselia\n|-heal|p2a: Cresselia|282/323\n|move|p1a: Chandelure|Shadow Ball|p2a: Cresselia\n|-supereffective|p2a: Cresselia\n|-damage|p2a: Cresselia|84/323\n|-unboost|p2a: Cresselia|spd|1\n|\n|-heal|p2a: Cresselia|104/323|[from] item: Leftovers\n|upkeep\n|turn|6\n|inactive|Time left: 300 sec this turn | 300 sec total\n|\n|t:|1783544800\n|move|p2a: Cresselia|Moonlight|p2a: Cresselia\n|-heal|p2a: Cresselia|265/323\n|move|p1a: Chandelure|Shadow Ball|p2a: Cresselia\n|-supereffective|p2a: Cresselia\n|-damage|p2a: Cresselia|0 fnt\n|faint|p2a: Cresselia\n|\n|upkeep\n|inactive|Time left: 300 sec this turn | 300 sec total | 5 sec grace\n|\n|t:|1783544800\n|switch|p2a: Vivillon|Vivillon-Icy Snow, L83, M|268/268\n|turn|7\n|inactive|Time left: 300 sec this turn | 300 sec total\n|\n|t:|1783544801\n|move|p2a: Vivillon|Sleep Powder|p1a: Chandelure\n|-status|p1a: Chandelure|slp|[from] move: Sleep Powder\n|cant|p1a: Chandelure|slp\n|\n|upkeep\n|turn|8\n|inactive|Time left: 300 sec this turn | 300 sec total\n|\n|t:|1783544802\n|move|p2a: Vivillon|Hurricane|p1a: Chandelure\n|-damage|p1a: Chandelure|50/100 slp\n|cant|p1a: Chandelure|slp\n|\n|upkeep\n|turn|9\n|inactive|Time left: 300 sec this turn | 300 sec total\n|\n|t:|1783544803\n|-terastallize|p2a: Vivillon|Flying\n|move|p2a: Vivillon|Hurricane|p1a: Chandelure\n|-damage|p1a: Chandelure|0 fnt\n|faint|p1a: Chandelure\n|\n|upkeep\n|\n|t:|1783544803\n|switch|p1a: Azelf|Azelf, L82|100/100\n|turn|10\n|inactive|Time left: 300 sec this turn | 300 sec total\n|\n|t:|1783544804\n|move|p1a: Azelf|Psychic|p2a: Vivillon\n|-damage|p2a: Vivillon|64/268\n|-damage|p1a: Azelf|91/100|[from] item: Life Orb\n|move|p2a: Vivillon|Quiver Dance|p2a: Vivillon\n|-boost|p2a: Vivillon|spa|1\n|-boost|p2a: Vivillon|spd|1\n|-boost|p2a: Vivillon|spe|1\n|\n|upkeep\n|turn|11\n|inactive|Time left: 300 sec this turn | 300 sec total\n|\n|t:|1783544805\n|move|p2a: Vivillon|Hurricane|p1a: Azelf\n|-damage|p1a: Azelf|0 fnt\n|faint|p1a: Azelf\n|\n|upkeep\n|\n|t:|1783544806\n|switch|p1a: Chesnaught|Chesnaught, L84, F|100/100\n|turn|12\n|inactive|Time left: 300 sec this turn | 300 sec total\n|\n|t:|1783544807\n|-terastallize|p1a: Chesnaught|Steel\n|move|p2a: Vivillon|Hurricane|p1a: Chesnaught\n|-resisted|p1a: Chesnaught\n|-damage|p1a: Chesnaught|58/100\n|-start|p1a: Chesnaught|confusion\n|-activate|p1a: Chesnaught|confusion\n|move|p1a: Chesnaught|Wood Hammer|p2a: Vivillon\n|-resisted|p2a: Vivillon\n|-crit|p2a: Vivillon\n|-damage|p2a: Vivillon|0 fnt\n|faint|p2a: Vivillon\n|-damage|p1a: Chesnaught|51/100|[from] Recoil\n|\n|upkeep\n|inactive|Time left: 300 sec this turn | 300 sec total | 5 sec grace\n|\n|t:|1783544808\n|switch|p2a: Registeel|Registeel, L81|262/262\n|turn|13\n|inactive|Time left: 300 sec this turn | 300 sec total\n|\n|t:|1783544809\n|switch|p1a: Sinistcha|Sinistcha-Masterpiece, L83|100/100\n|move|p2a: Registeel|Body Press|p1a: Sinistcha\n|-immune|p1a: Sinistcha\n|\n|upkeep\n|turn|14\n|inactive|Time left: 300 sec this turn | 300 sec total\n|\n|t:|1783544810\n|move|p1a: Sinistcha|Calm Mind|p1a: Sinistcha\n|-boost|p1a: Sinistcha|spa|1\n|-boost|p1a: Sinistcha|spd|1\n|move|p2a: Registeel|Thunder Wave|p1a: Sinistcha\n|-status|p1a: Sinistcha|par\n|\n|upkeep\n|turn|15\n|inactive|Time left: 300 sec this turn | 300 sec total\n|\n|t:|1783544811\n|switch|p2a: Squawkabilly|Squawkabilly-Yellow, L89, M|192/291\n|move|p1a: Sinistcha|Calm Mind|p1a: Sinistcha\n|-boost|p1a: Sinistcha|spa|1\n|-boost|p1a: Sinistcha|spd|1\n|\n|upkeep\n|turn|16\n|inactive|Time left: 300 sec this turn | 300 sec total\n|\n|t:|1783544812\n|move|p2a: Squawkabilly|Brave Bird|p1a: Sinistcha\n|-supereffective|p1a: Sinistcha\n|-damage|p1a: Sinistcha|0 fnt\n|faint|p1a: Sinistcha\n|-damage|p2a: Squawkabilly|108/291|[from] Recoil\n|\n|upkeep\n|\n|t:|1783544813\n|switch|p1a: Chesnaught|Chesnaught, L84, F, tera:Steel|51/100\n|turn|17\n|inactive|Time left: 300 sec this turn | 300 sec total\n|\n|t:|1783544814\n|move|p2a: Squawkabilly|Parting Shot|p1a: Chesnaught\n|-unboost|p1a: Chesnaught|atk|1\n|-unboost|p1a: Chesnaught|spa|1\n|inactive|Time left: 300 sec this turn | 300 sec total | 5 sec grace\n|\n|t:|1783544815\n|switch|p2a: Registeel|Registeel, L81|262/262|[from] Parting Shot\n|move|p1a: Chesnaught|Synthesis|p1a: Chesnaught\n|-heal|p1a: Chesnaught|100/100\n|\n|upkeep\n|turn|18\n|inactive|Time left: 300 sec this turn | 300 sec total\n|\n|t:|1783544816\n|move|p1a: Chesnaught|Body Press|p2a: Registeel\n|-supereffective|p2a: Registeel\n|-damage|p2a: Registeel|130/262\n|move|p2a: Registeel|Thunder Wave|p1a: Chesnaught\n|-status|p1a: Chesnaught|par\n|\n|-heal|p2a: Registeel|146/262|[from] item: Leftovers\n|upkeep\n|turn|19\n|inactive|Time left: 300 sec this turn | 300 sec total\n|\n|t:|1783544817\n|move|p2a: Registeel|Body Press|p1a: Chesnaught\n|-supereffective|p1a: Chesnaught\n|-damage|p1a: Chesnaught|61/100 par\n|-damage|p2a: Registeel|103/262|[from] item: Rocky Helmet|[of] p1a: Chesnaught\n|cant|p1a: Chesnaught|par\n|\n|-heal|p2a: Registeel|119/262|[from] item: Leftovers\n|upkeep\n|turn|20\n|inactive|Time left: 300 sec this turn | 300 sec total\n|\n|t:|1783544818\n|move|p2a: Registeel|Body Press|p1a: Chesnaught\n|-supereffective|p1a: Chesnaught\n|-damage|p1a: Chesnaught|22/100 par\n|-damage|p2a: Registeel|76/262|[from] item: Rocky Helmet|[of] p1a: Chesnaught\n|move|p1a: Chesnaught|Synthesis|p1a: Chesnaught\n|-heal|p1a: Chesnaught|72/100 par\n|\n|-heal|p2a: Registeel|92/262|[from] item: Leftovers\n|upkeep\n|turn|21\n|inactive|Time left: 300 sec this turn | 300 sec total\n|\n|t:|1783544819\n|move|p2a: Registeel|Body Press|p1a: Chesnaught\n|-supereffective|p1a: Chesnaught\n|-damage|p1a: Chesnaught|28/100 par\n|-damage|p2a: Registeel|49/262|[from] item: Rocky Helmet|[of] p1a: Chesnaught\n|move|p1a: Chesnaught|Synthesis|p1a: Chesnaught\n|-heal|p1a: Chesnaught|78/100 par\n|\n|-heal|p2a: Registeel|65/262|[from] item: Leftovers\n|upkeep\n|turn|22\n|inactive|Time left: 300 sec this turn | 300 sec total\n|\n|t:|1783544821\n|move|p2a: Registeel|Body Press|p1a: Chesnaught\n|-supereffective|p1a: Chesnaught\n|-damage|p1a: Chesnaught|38/100 par\n|-damage|p2a: Registeel|22/262|[from] item: Rocky Helmet|[of] p1a: Chesnaught\n|move|p1a: Chesnaught|Synthesis|p1a: Chesnaught\n|-heal|p1a: Chesnaught|88/100 par\n|\n|-heal|p2a: Registeel|38/262|[from] item: Leftovers\n|upkeep\n|turn|23\n|inactive|Time left: 300 sec this turn | 300 sec total\n|\n|t:|1783544822\n|move|p2a: Registeel|Stealth Rock|p1a: Chesnaught\n|-sidestart|p1: p0x435c9d4|move: Stealth Rock\n|move|p1a: Chesnaught|Body Press|p2a: Registeel\n|-supereffective|p2a: Registeel\n|-damage|p2a: Registeel|0 fnt\n|faint|p2a: Registeel\n|\n|upkeep\n|inactive|Time left: 300 sec this turn | 300 sec total | 5 sec grace\n|\n|t:|1783544823\n|switch|p2a: Squawkabilly|Squawkabilly-Yellow, L89, M|108/291\n|turn|24\n|inactive|Time left: 300 sec this turn | 300 sec total\n|\n|t:|1783544824\n|move|p2a: Squawkabilly|Parting Shot|p1a: Chesnaught\n|-unboost|p1a: Chesnaught|atk|1\n|-unboost|p1a: Chesnaught|spa|1\n|inactive|Time left: 300 sec this turn | 300 sec total | 5 sec grace\n|\n|t:|1783544825\n|switch|p2a: Terapagos|Terapagos, L77, M|265/265|[from] Parting Shot\n|-activate|p2a: Terapagos|ability: Tera Shift\n|detailschange|p2a: Terapagos|Terapagos-Terastal, L77, M\n|-heal|p2a: Terapagos|273/273|[silent]\n|move|p1a: Chesnaught|Synthesis|p1a: Chesnaught\n|-heal|p1a: Chesnaught|100/100 par\n|\n|upkeep\n|turn|25\n|inactive|Time left: 300 sec this turn | 300 sec total\n|\n|t:|1783544826\n|move|p2a: Terapagos|Dark Pulse|p1a: Chesnaught\n|-damage|p1a: Chesnaught|81/100 par\n|move|p1a: Chesnaught|Body Press|p2a: Terapagos\n|-activate|p2a: Terapagos|ability: Tera Shell\n|-resisted|p2a: Terapagos\n|-damage|p2a: Terapagos|225/273\n|\n|upkeep\n|turn|26\n|inactive|Time left: 300 sec this turn | 300 sec total\n|\n|t:|1783544827\n|move|p2a: Terapagos|Dark Pulse|p1a: Chesnaught\n|-damage|p1a: Chesnaught|59/100 par\n|cant|p1a: Chesnaught|flinch\n|\n|upkeep\n|turn|27\n|inactive|Time left: 300 sec this turn | 300 sec total\n|\n|t:|1783544828\n|move|p2a: Terapagos|Dark Pulse|p1a: Chesnaught\n|-damage|p1a: Chesnaught|40/100 par\n|cant|p1a: Chesnaught|flinch\n|\n|upkeep\n|turn|28\n|inactive|Time left: 300 sec this turn | 300 sec total\n|\n|t:|1783544829\n|move|p2a: Terapagos|Dark Pulse|p1a: Chesnaught\n|-damage|p1a: Chesnaught|20/100 par\n|move|p1a: Chesnaught|Synthesis|p1a: Chesnaught\n|-heal|p1a: Chesnaught|70/100 par\n|\n|upkeep\n|turn|29\n|inactive|Time left: 300 sec this turn | 300 sec total\n|\n|t:|1783544830\n|move|p2a: Terapagos|Dark Pulse|p1a: Chesnaught\n|-damage|p1a: Chesnaught|50/100 par\n|cant|p1a: Chesnaught|flinch\n|\n|upkeep\n|turn|30\n|inactive|Time left: 300 sec this turn | 300 sec total\n|\n|t:|1783544831\n|move|p2a: Terapagos|Dark Pulse|p1a: Chesnaught\n|-damage|p1a: Chesnaught|31/100 par\n|cant|p1a: Chesnaught|flinch\n|\n|upkeep\n|turn|31\n|inactive|Time left: 300 sec this turn | 300 sec total\n|\n|t:|1783544833\n|move|p2a: Terapagos|Dark Pulse|p1a: Chesnaught\n|-damage|p1a: Chesnaught|10/100 par\n|move|p1a: Chesnaught|Synthesis|p1a: Chesnaught\n|-heal|p1a: Chesnaught|60/100 par\n|\n|upkeep\n|turn|32\n|inactive|Time left: 300 sec this turn | 300 sec total\n|\n|t:|1783544834\n|move|p2a: Terapagos|Dark Pulse|p1a: Chesnaught\n|-damage|p1a: Chesnaught|40/100 par\n|cant|p1a: Chesnaught|par\n|\n|upkeep\n|turn|33\n|inactive|Time left: 300 sec this turn | 300 sec total\n|\n|t:|1783544835\n|move|p2a: Terapagos|Dark Pulse|p1a: Chesnaught\n|-crit|p1a: Chesnaught\n|-damage|p1a: Chesnaught|11/100 par\n|move|p1a: Chesnaught|Synthesis|p1a: Chesnaught\n|-heal|p1a: Chesnaught|61/100 par\n|\n|upkeep\n|turn|34\n|inactive|Time left: 300 sec this turn | 300 sec total\n|\n|t:|1783544836\n|move|p2a: Terapagos|Tera Starstorm|p1a: Chesnaught\n|-resisted|p1a: Chesnaught\n|-damage|p1a: Chesnaught|40/100 par\n|move|p1a: Chesnaught|Body Press|p2a: Terapagos\n|-supereffective|p2a: Terapagos\n|-damage|p2a: Terapagos|27/273\n|\n|upkeep\n|turn|35\n|inactive|Time left: 300 sec this turn | 300 sec total\n|\n|t:|1783544837\n|move|p2a: Terapagos|Tera Starstorm|p1a: Chesnaught\n|-resisted|p1a: Chesnaught\n|-damage|p1a: Chesnaught|19/100 par\n|cant|p1a: Chesnaught|par\n|\n|upkeep\n|turn|36\n|inactive|Time left: 300 sec this turn | 300 sec total\n|\n|t:|1783544838\n|move|p2a: Terapagos|Tera Starstorm|p1a: Chesnaught\n|-resisted|p1a: Chesnaught\n|-damage|p1a: Chesnaught|0 fnt\n|faint|p1a: Chesnaught\n|\n|win|p0y43553d1", "uploadtime": 1783544838, "views": 0, "rating": 0, "private": 0, "password": null, "_winner": "p0y43553d1", "_our_name": "p0y43553d1"}