{"id": "battle-gen9randombattle-93", "formatid": "gen9randombattle", "format": "[Gen 9] Random Battle", "players": ["p0x0938160", "p0y093f572"], "log": "|init|battle\n|title|p0x0938160 vs. p0y093f572\n|j|\u2606p0x0938160\n|j|\u2606p0y093f572\n|t:|1783534338\n|gametype|singles\n|player|p1|p0x0938160|266|\n|player|p2|p0y093f572|1|\n|gen|9\n|tier|[Gen 9] Random Battle\n|rule|Species Clause: Limit one of each Pok\u00e9mon\n|rule|HP Percentage Mod: HP is shown in percentages\n|rule|Sleep Clause Mod: Limit one foe put to sleep\n|rule|Illusion Level Mod: Illusion disguises the Pok\u00e9mon's true level\n|\n|t:|1783534338\n|teamsize|p1|6\n|teamsize|p2|6\n|start\n|switch|p1a: Spidops|Spidops, L96, F|100/100\n|switch|p2a: Weezing|Weezing, L88, F|258/258\n|turn|1\n|inactive|Battle timer is ON: inactive players will automatically lose when time's up. (requested by p0y093f572)\n|inactive|p0x0938160 also wants the timer to be on.\n|\n|t:|1783534339\n|move|p2a: Weezing|Fire Blast|p1a: Spidops\n|-supereffective|p1a: Spidops\n|-damage|p1a: Spidops|51/100\n|-status|p1a: Spidops|brn\n|move|p1a: Spidops|Sticky Web|p2a: Weezing\n|-sidestart|p2: p0y093f572|move: Sticky Web\n|\n|-damage|p1a: Spidops|45/100 brn|[from] brn\n|upkeep\n|turn|2\n|inactive|Time left: 300 sec this turn | 300 sec total\n|\n|t:|1783534341\n|move|p2a: Weezing|Fire Blast|p1a: Spidops\n|-supereffective|p1a: Spidops\n|-damage|p1a: Spidops|0 fnt\n|faint|p1a: Spidops\n|\n|upkeep\n|\n|t:|1783534342\n|switch|p1a: Vaporeon|Vaporeon, L86, F|100/100\n|turn|3\n|inactive|Time left: 300 sec this turn | 300 sec total\n|\n|t:|1783534343\n|move|p1a: Vaporeon|Calm Mind|p1a: Vaporeon\n|-boost|p1a: Vaporeon|spa|1\n|-boost|p1a: Vaporeon|spd|1\n|move|p2a: Weezing|Sludge Bomb|p1a: Vaporeon\n|-damage|p1a: Vaporeon|83/100\n|\n|-heal|p1a: Vaporeon|89/100|[from] item: Leftovers\n|upkeep\n|turn|4\n|inactive|Time left: 300 sec this turn | 300 sec total\n|\n|t:|1783534344\n|switch|p2a: Salamence|Salamence, L77, M|273/273\n|-ability|p2a: Salamence|Intimidate|boost\n|-unboost|p1a: Vaporeon|atk|1\n|move|p1a: Vaporeon|Scald|p2a: Salamence\n|-resisted|p2a: Salamence\n|-damage|p2a: Salamence|180/273\n|\n|-heal|p1a: Vaporeon|95/100|[from] item: Leftovers\n|upkeep\n|turn|5\n|inactive|Time left: 300 sec this turn | 300 sec total\n|\n|t:|1783534345\n|move|p2a: Salamence|Outrage|p1a: Vaporeon\n|-damage|p1a: Vaporeon|46/100\n|move|p1a: Vaporeon|Scald|p2a: Salamence\n|-resisted|p2a: Salamence\n|-damage|p2a: Salamence|90/273\n|-status|p2a: Salamence|brn\n|\n|-heal|p1a: Vaporeon|52/100|[from] item: Leftovers\n|-damage|p2a: Salamence|73/273 brn|[from] brn\n|upkeep\n|turn|6\n|inactive|Time left: 300 sec this turn | 300 sec total\n|\n|t:|1783534346\n|move|p2a: Salamence|Outrage|p1a: Vaporeon|[from] lockedmove\n|-damage|p1a: Vaporeon|27/100\n|-start|p2a: Salamence|confusion|[fatigue]\n|move|p1a: Vaporeon|Wish|p1a: Vaporeon\n|\n|-heal|p1a: Vaporeon|33/100|[from] item: Leftovers\n|-damage|p2a: Salamence|56/273 brn|[from] brn\n|upkeep\n|turn|7\n|inactive|Time left: 300 sec this turn | 300 sec total\n|\n|t:|1783534348\n|-activate|p2a: Salamence|confusion\n|move|p2a: Salamence|Roost|p2a: Salamence\n|-heal|p2a: Salamence|193/273 brn\n|-singleturn|p2a: Salamence|move: Roost\n|move|p1a: Vaporeon|Scald|p2a: Salamence\n|-resisted|p2a: Salamence\n|-damage|p2a: Salamence|106/273 brn\n|\n|-heal|p1a: Vaporeon|83/100|[from] move: Wish|[wisher] Vaporeon\n|-heal|p1a: Vaporeon|89/100|[from] item: Leftovers\n|-damage|p2a: Salamence|89/273 brn|[from] brn\n|upkeep\n|turn|8\n|inactive|Time left: 300 sec this turn | 300 sec total\n|\n|t:|1783534349\n|-end|p2a: Salamence|confusion\n|move|p2a: Salamence|Roost|p2a: Salamence\n|-heal|p2a: Salamence|226/273 brn\n|-singleturn|p2a: Salamence|move: Roost\n|move|p1a: Vaporeon|Scald|p2a: Salamence\n|-resisted|p2a: Salamence\n|-damage|p2a: Salamence|136/273 brn\n|\n|-heal|p1a: Vaporeon|95/100|[from] item: Leftovers\n|-damage|p2a: Salamence|119/273 brn|[from] brn\n|upkeep\n|turn|9\n|inactive|Time left: 300 sec this turn | 300 sec total\n|\n|t:|1783534350\n|move|p2a: Salamence|Roost|p2a: Salamence\n|-heal|p2a: Salamence|256/273 brn\n|-singleturn|p2a: Salamence|move: Roost\n|move|p1a: Vaporeon|Scald|p2a: Salamence\n|-resisted|p2a: Salamence\n|-damage|p2a: Salamence|166/273 brn\n|\n|-heal|p1a: Vaporeon|100/100|[from] item: Leftovers\n|-damage|p2a: Salamence|149/273 brn|[from] brn\n|upkeep\n|turn|10\n|inactive|Time left: 300 sec this turn | 300 sec total\n|\n|t:|1783534351\n|move|p2a: Salamence|Dragon Dance|p2a: Salamence\n|-boost|p2a: Salamence|atk|1\n|-boost|p2a: Salamence|spe|1\n|move|p1a: Vaporeon|Calm Mind|p1a: Vaporeon\n|-boost|p1a: Vaporeon|spa|1\n|-boost|p1a: Vaporeon|spd|1\n|\n|-damage|p2a: Salamence|132/273 brn|[from] brn\n|upkeep\n|turn|11\n|inactive|Time left: 300 sec this turn | 300 sec total\n|\n|t:|1783534352\n|move|p2a: Salamence|Roost|p2a: Salamence\n|-heal|p2a: Salamence|269/273 brn\n|-singleturn|p2a: Salamence|move: Roost\n|move|p1a: Vaporeon|Scald|p2a: Salamence\n|-resisted|p2a: Salamence\n|-damage|p2a: Salamence|158/273 brn\n|\n|-damage|p2a: Salamence|141/273 brn|[from] brn\n|upkeep\n|turn|12\n|inactive|Time left: 300 sec this turn | 300 sec total\n|\n|t:|1783534353\n|move|p2a: Salamence|Roost|p2a: Salamence\n|-heal|p2a: Salamence|273/273 brn\n|-singleturn|p2a: Salamence|move: Roost\n|move|p1a: Vaporeon|Scald|p2a: Salamence\n|-resisted|p2a: Salamence\n|-damage|p2a: Salamence|156/273 brn\n|\n|-damage|p2a: Salamence|139/273 brn|[from] brn\n|upkeep\n|turn|13\n|inactive|Time left: 300 sec this turn | 300 sec total\n|\n|t:|1783534354\n|move|p2a: Salamence|Roost|p2a: Salamence\n|-heal|p2a: Salamence|273/273 brn\n|-singleturn|p2a: Salamence|move: Roost\n|move|p1a: Vaporeon|Scald|p2a: Salamence\n|-resisted|p2a: Salamence\n|-damage|p2a: Salamence|161/273 brn\n|\n|-damage|p2a: Salamence|144/273 brn|[from] brn\n|upkeep\n|turn|14\n|inactive|Time left: 300 sec this turn | 300 sec total\n|\n|t:|1783534355\n|move|p2a: Salamence|Roost|p2a: Salamence\n|-heal|p2a: Salamence|273/273 brn\n|-singleturn|p2a: Salamence|move: Roost\n|move|p1a: Vaporeon|Scald|p2a: Salamence\n|-resisted|p2a: Salamence\n|-damage|p2a: Salamence|165/273 brn\n|\n|-damage|p2a: Salamence|148/273 brn|[from] brn\n|upkeep\n|turn|15\n|inactive|Time left: 300 sec this turn | 300 sec total\n|\n|t:|1783534355\n|move|p2a: Salamence|Dragon Dance|p2a: Salamence\n|-boost|p2a: Salamence|atk|1\n|-boost|p2a: Salamence|spe|1\n|move|p1a: Vaporeon|Scald|p2a: Salamence\n|-resisted|p2a: Salamence\n|-damage|p2a: Salamence|43/273 brn\n|\n|-damage|p2a: Salamence|26/273 brn|[from] brn\n|upkeep\n|turn|16\n|inactive|Time left: 300 sec this turn | 300 sec total\n|\n|t:|1783534356\n|move|p2a: Salamence|Roost|p2a: Salamence\n|-heal|p2a: Salamence|163/273 brn\n|-singleturn|p2a: Salamence|move: Roost\n|move|p1a: Vaporeon|Scald|p2a: Salamence\n|-resisted|p2a: Salamence\n|-damage|p2a: Salamence|50/273 brn\n|\n|-damage|p2a: Salamence|33/273 brn|[from] brn\n|upkeep\n|turn|17\n|inactive|Time left: 300 sec this turn | 300 sec total\n|\n|t:|1783534357\n|move|p2a: Salamence|Outrage|p1a: Vaporeon\n|-damage|p1a: Vaporeon|54/100\n|move|p1a: Vaporeon|Scald|p2a: Salamence\n|-resisted|p2a: Salamence\n|-damage|p2a: Salamence|0 fnt\n|faint|p2a: Salamence\n|\n|-heal|p1a: Vaporeon|60/100|[from] item: Leftovers\n|upkeep\n|inactive|Time left: 300 sec this turn | 300 sec total | 5 sec grace\n|\n|t:|1783534358\n|switch|p2a: Hitmonchan|Hitmonchan, L87, M|229/229\n|-activate|p2a: Hitmonchan|move: Sticky Web\n|-unboost|p2a: Hitmonchan|spe|1\n|turn|18\n|inactive|Time left: 300 sec this turn | 300 sec total\n|\n|t:|1783534360\n|move|p1a: Vaporeon|Scald|p2a: Hitmonchan\n|-damage|p2a: Hitmonchan|67/229\n|move|p2a: Hitmonchan|Rapid Spin|p1a: Vaporeon\n|-damage|p1a: Vaporeon|46/100\n|-boost|p2a: Hitmonchan|spe|1\n|-sideend|p2: p0y093f572|Sticky Web|[from] move: Rapid Spin|[of] p2a: Hitmonchan\n|\n|-heal|p2a: Hitmonchan|81/229|[from] item: Leftovers\n|-heal|p1a: Vaporeon|52/100|[from] item: Leftovers\n|upkeep\n|turn|19\n|inactive|Time left: 300 sec this turn | 300 sec total\n|\n|t:|1783534361\n|move|p2a: Hitmonchan|Knock Off|p1a: Vaporeon\n|-damage|p1a: Vaporeon|23/100\n|-enditem|p1a: Vaporeon|Leftovers|[from] move: Knock Off|[of] p2a: Hitmonchan\n|move|p1a: Vaporeon|Scald|p2a: Hitmonchan\n|-damage|p2a: Hitmonchan|0 fnt\n|faint|p2a: Hitmonchan\n|\n|upkeep\n|inactive|Time left: 300 sec this turn | 300 sec total | 5 sec grace\n|\n|t:|1783534362\n|switch|p2a: Lokix|Lokix, L82, M|251/251\n|turn|20\n|inactive|Time left: 300 sec this turn | 300 sec total\n|\n|t:|1783534363\n|move|p1a: Vaporeon|Protect|p1a: Vaporeon\n|-singleturn|p1a: Vaporeon|Protect\n|move|p2a: Lokix|U-turn|p1a: Vaporeon\n|-activate|p1a: Vaporeon|move: Protect\n|\n|upkeep\n|turn|21\n|inactive|Time left: 300 sec this turn | 300 sec total\n|\n|t:|1783534364\n|move|p1a: Vaporeon|Protect|p1a: Vaporeon\n|-singleturn|p1a: Vaporeon|Protect\n|move|p2a: Lokix|U-turn|p1a: Vaporeon\n|-activate|p1a: Vaporeon|move: Protect\n|\n|upkeep\n|turn|22\n|inactive|Time left: 300 sec this turn | 300 sec total\n|\n|t:|1783534364\n|switch|p1a: Zacian|Zacian, L69|100/100\n|-ability|p1a: Zacian|Intrepid Sword|boost\n|-boost|p1a: Zacian|atk|1\n|move|p2a: Lokix|U-turn|p1a: Zacian\n|-resisted|p1a: Zacian\n|-damage|p1a: Zacian|66/100\n|inactive|Time left: 300 sec this turn | 300 sec total | 5 sec grace\n|\n|t:|1783534366\n|switch|p2a: Weezing|Weezing, L88, F|258/258|[from] U-turn\n|\n|upkeep\n|turn|23\n|inactive|Time left: 300 sec this turn | 300 sec total\n|\n|t:|1783534367\n|switch|p1a: Emboar|Emboar, L84, F|100/100\n|move|p2a: Weezing|Sludge Bomb|p1a: Emboar\n|-damage|p1a: Emboar|76/100\n|\n|upkeep\n|turn|24\n|inactive|Time left: 300 sec this turn | 300 sec total\n|\n|t:|1783534368\n|move|p1a: Emboar|Flare Blitz|p2a: Weezing\n|-damage|p2a: Weezing|113/258\n|-damage|p1a: Emboar|61/100|[from] Recoil\n|move|p2a: Weezing|Sludge Bomb|p1a: Emboar\n|-damage|p1a: Emboar|37/100\n|\n|-heal|p2a: Weezing|129/258|[from] item: Leftovers\n|upkeep\n|turn|25\n|inactive|Time left: 300 sec this turn | 300 sec total\n|\n|t:|1783534369\n|move|p1a: Emboar|Flare Blitz|p2a: Weezing\n|-damage|p2a: Weezing|0 fnt\n|faint|p2a: Weezing\n|-damage|p1a: Emboar|23/100|[from] Recoil\n|\n|upkeep\n|inactive|Time left: 300 sec this turn | 300 sec total | 5 sec grace\n|\n|t:|1783534370\n|switch|p2a: Lokix|Lokix, L82, M|251/251\n|turn|26\n|inactive|Time left: 300 sec this turn | 300 sec total\n|\n|t:|1783534371\n|move|p2a: Lokix|Knock Off|p1a: Emboar\n|-resisted|p1a: Emboar\n|-damage|p1a: Emboar|0 fnt\n|-enditem|p1a: Emboar|Assault Vest|[from] move: Knock Off|[of] p2a: Lokix\n|faint|p1a: Emboar\n|\n|upkeep\n|\n|t:|1783534372\n|switch|p1a: Zacian|Zacian, L69|66/100\n|turn|27\n|inactive|Time left: 300 sec this turn | 300 sec total\n|\n|t:|1783534373\n|move|p1a: Zacian|Play Rough|p2a: Lokix\n|-supereffective|p2a: Lokix\n|-damage|p2a: Lokix|0 fnt\n|faint|p2a: Lokix\n|\n|upkeep\n|inactive|Time left: 300 sec this turn | 300 sec total | 5 sec grace\n|\n|t:|1783534374\n|switch|p2a: Muk|Muk-Alola, L82, M|306/306\n|turn|28\n|inactive|Time left: 300 sec this turn | 300 sec total\n|\n|t:|1783534375\n|move|p1a: Zacian|Play Rough|p2a: Muk\n|-damage|p2a: Muk|174/306\n|move|p2a: Muk|Poison Jab|p1a: Zacian\n|-supereffective|p1a: Zacian\n|-crit|p1a: Zacian\n|-damage|p1a: Zacian|0 fnt\n|faint|p1a: Zacian\n|\n|upkeep\n|\n|t:|1783534376\n|switch|p1a: Tauros|Tauros, L82, M|100/100\n|turn|29\n|inactive|Time left: 300 sec this turn | 300 sec total\n|\n|t:|1783534377\n|switch|p2a: Duraludon|Duraludon, L82, F|249/249\n|-terastallize|p1a: Tauros|Normal\n|move|p1a: Tauros|Body Slam|p2a: Duraludon\n|-resisted|p2a: Duraludon\n|-crit|p2a: Duraludon\n|-damage|p2a: Duraludon|163/249\n|\n|upkeep\n|turn|30\n|inactive|Time left: 300 sec this turn | 300 sec total\n|\n|t:|1783534379\n|move|p1a: Tauros|Body Slam|p2a: Duraludon\n|-resisted|p2a: Duraludon\n|-damage|p2a: Duraludon|111/249\n|move|p2a: Duraludon|Flash Cannon|p1a: Tauros\n|-damage|p1a: Tauros|52/100\n|\n|upkeep\n|turn|31\n|inactive|Time left: 300 sec this turn | 300 sec total\n|\n|t:|1783534380\n|-terastallize|p2a: Duraludon|Fighting\n|move|p1a: Tauros|Close Combat|p2a: Duraludon\n|-damage|p2a: Duraludon|54/249\n|-unboost|p1a: Tauros|def|1\n|-unboost|p1a: Tauros|spd|1\n|-damage|p1a: Tauros|43/100|[from] item: Life Orb\n|move|p2a: Duraludon|Flash Cannon|p1a: Tauros\n|-damage|p1a: Tauros|0 fnt\n|faint|p1a: Tauros\n|\n|upkeep\n|\n|t:|1783534380\n|switch|p1a: Lilligant|Lilligant-Hisui, L79, F|100/100\n|turn|32\n|inactive|Time left: 300 sec this turn | 300 sec total\n|\n|t:|1783534381\n|move|p1a: Lilligant|Leaf Blade|p2a: Duraludon\n|-damage|p2a: Duraludon|0 fnt\n|faint|p2a: Duraludon\n|\n|upkeep\n|inactive|Time left: 300 sec this turn | 300 sec total | 5 sec grace\n|\n|t:|1783534382\n|switch|p2a: Muk|Muk-Alola, L82, M|174/306\n|turn|33\n|inactive|Time left: 300 sec this turn | 300 sec total\n|\n|t:|1783534383\n|move|p1a: Lilligant|Close Combat|p2a: Muk\n|-damage|p2a: Muk|0 fnt\n|-unboost|p1a: Lilligant|def|1\n|-unboost|p1a: Lilligant|spd|1\n|faint|p2a: Muk\n|\n|win|p0x0938160", "uploadtime": 1783534383, "views": 0, "rating": 0, "private": 0, "password": null, "_winner": "p0x0938160", "_our_name": "p0y093f572"}