{"id": "battle-gen9randombattle-2951", "formatid": "gen9randombattle", "format": "[Gen 9] Random Battle", "players": ["p0x2951ef13", "p0y29517cc0"], "log": "|init|battle\n|title|p0x2951ef13 vs. p0y29517cc0\n|j|\u2606p0x2951ef13\n|j|\u2606p0y29517cc0\n|t:|1783573963\n|gametype|singles\n|player|p1|p0x2951ef13|1|\n|player|p2|p0y29517cc0|265|\n|gen|9\n|tier|[Gen 9] Random Battle\n|rule|Species Clause: Limit one of each Pok\u00e9mon\n|rule|HP Percentage Mod: HP is shown in percentages\n|rule|Sleep Clause Mod: Limit one foe put to sleep\n|rule|Illusion Level Mod: Illusion disguises the Pok\u00e9mon's true level\n|\n|t:|1783573963\n|teamsize|p1|6\n|teamsize|p2|6\n|start\n|switch|p1a: Golem|Golem, L87, F|100/100\n|switch|p2a: Wyrdeer|Wyrdeer, L87, M|321/321\n|-ability|p2a: Wyrdeer|Intimidate|boost\n|-unboost|p1a: Golem|atk|1\n|turn|1\n|inactive|Battle timer is ON: inactive players will automatically lose when time's up. (requested by p0y29517cc0)\n|\n|t:|1783573964\n|move|p2a: Wyrdeer|Body Slam|p1a: Golem\n|-resisted|p1a: Golem\n|-damage|p1a: Golem|87/100\n|move|p1a: Golem|Earthquake|p2a: Wyrdeer\n|-damage|p2a: Wyrdeer|222/321\n|\n|upkeep\n|turn|2\n|inactive|Time left: 300 sec this turn | 300 sec total\n|inactive|p0x2951ef13 also wants the timer to be on.\n|\n|t:|1783573965\n|move|p2a: Wyrdeer|Body Slam|p1a: Golem\n|-resisted|p1a: Golem\n|-damage|p1a: Golem|73/100\n|move|p1a: Golem|Earthquake|p2a: Wyrdeer\n|-damage|p2a: Wyrdeer|126/321\n|\n|upkeep\n|turn|3\n|inactive|Time left: 300 sec this turn | 300 sec total\n|\n|t:|1783573966\n|switch|p1a: Orthworm|Orthworm, L88, F|100/100\n|move|p2a: Wyrdeer|Psychic Noise|p1a: Orthworm\n|-resisted|p1a: Orthworm\n|-damage|p1a: Orthworm|79/100\n|-start|p1a: Orthworm|move: Heal Block\n|\n|upkeep\n|turn|4\n|inactive|Time left: 300 sec this turn | 300 sec total\n|\n|t:|1783573968\n|switch|p2a: Manaphy|Manaphy, L78|284/284\n|move|p1a: Orthworm|Stealth Rock|p2a: Manaphy\n|-sidestart|p2: p0y29517cc0|move: Stealth Rock\n|\n|-end|p1a: Orthworm|move: Heal Block\n|upkeep\n|turn|5\n|inactive|Time left: 300 sec this turn | 300 sec total\n|\n|t:|1783573969\n|move|p2a: Manaphy|Tail Glow|p2a: Manaphy\n|-boost|p2a: Manaphy|spa|3\n|move|p1a: Orthworm|Spikes|p2a: Manaphy\n|-sidestart|p2: p0y29517cc0|Spikes\n|\n|-heal|p1a: Orthworm|85/100|[from] item: Leftovers\n|upkeep\n|turn|6\n|inactive|Time left: 300 sec this turn | 300 sec total\n|\n|t:|1783573970\n|switch|p1a: Luxray|Luxray, L88, M|100/100\n|-ability|p1a: Luxray|Intimidate|boost\n|-unboost|p2a: Manaphy|atk|1\n|move|p2a: Manaphy|Hydro Pump|p1a: Luxray\n|-damage|p1a: Luxray|34/100\n|\n|upkeep\n|turn|7\n|inactive|Time left: 300 sec this turn | 300 sec total\n|\n|t:|1783573971\n|move|p2a: Manaphy|Ice Beam|p1a: Luxray\n|-damage|p1a: Luxray|0 fnt\n|faint|p1a: Luxray\n|\n|upkeep\n|\n|t:|1783573972\n|switch|p1a: Brute Bonnet|Brute Bonnet, L80|100/100\n|turn|8\n|inactive|Time left: 300 sec this turn | 300 sec total\n|\n|t:|1783573973\n|move|p2a: Manaphy|Ice Beam|p1a: Brute Bonnet\n|-supereffective|p1a: Brute Bonnet\n|-damage|p1a: Brute Bonnet|12/100\n|move|p1a: Brute Bonnet|Spore|p2a: Manaphy\n|-status|p2a: Manaphy|slp|[from] move: Spore\n|\n|-heal|p1a: Brute Bonnet|19/100|[from] item: Leftovers\n|upkeep\n|turn|9\n|inactive|Time left: 300 sec this turn | 300 sec total\n|\n|t:|1783573974\n|cant|p2a: Manaphy|slp\n|move|p1a: Brute Bonnet|Crunch|p2a: Manaphy\n|-damage|p2a: Manaphy|185/284 slp\n|-unboost|p2a: Manaphy|def|1\n|\n|-heal|p2a: Manaphy|202/284 slp|[from] item: Leftovers\n|-heal|p1a: Brute Bonnet|25/100|[from] item: Leftovers\n|upkeep\n|turn|10\n|inactive|Time left: 300 sec this turn | 300 sec total\n|\n|t:|1783573975\n|cant|p2a: Manaphy|slp\n|move|p1a: Brute Bonnet|Crunch|p2a: Manaphy\n|-damage|p2a: Manaphy|69/284 slp\n|\n|-heal|p2a: Manaphy|86/284 slp|[from] item: Leftovers\n|-heal|p1a: Brute Bonnet|31/100|[from] item: Leftovers\n|upkeep\n|turn|11\n|inactive|Time left: 300 sec this turn | 300 sec total\n|\n|t:|1783573976\n|move|p1a: Brute Bonnet|Sucker Punch|p2a: Manaphy\n|-damage|p2a: Manaphy|0 fnt\n|faint|p2a: Manaphy\n|\n|-heal|p1a: Brute Bonnet|37/100|[from] item: Leftovers\n|upkeep\n|inactive|Time left: 300 sec this turn | 300 sec total | 5 sec grace\n|\n|t:|1783573976\n|switch|p2a: Ceruledge|Ceruledge, L78, M|245/245\n|turn|12\n|inactive|Time left: 300 sec this turn | 300 sec total\n|\n|t:|1783573977\n|-end|p1a: Brute Bonnet|Protosynthesis|[silent]\n|switch|p1a: Salamence|Salamence, L77, M|100/100\n|-ability|p1a: Salamence|Intimidate|boost\n|-unboost|p2a: Ceruledge|atk|1\n|move|p2a: Ceruledge|Swords Dance|p2a: Ceruledge\n|-boost|p2a: Ceruledge|atk|2\n|\n|upkeep\n|turn|13\n|inactive|Time left: 300 sec this turn | 300 sec total\n|\n|t:|1783573978\n|move|p1a: Salamence|Dragon Dance|p1a: Salamence\n|-boost|p1a: Salamence|atk|1\n|-boost|p1a: Salamence|spe|1\n|move|p2a: Ceruledge|Poltergeist|p1a: Salamence\n|-activate|p1a: Salamence|move: Poltergeist|Heavy-Duty Boots\n|-crit|p1a: Salamence\n|-damage|p1a: Salamence|0 fnt\n|faint|p1a: Salamence\n|\n|upkeep\n|\n|t:|1783573979\n|switch|p1a: Golem|Golem, L87, F|73/100\n|turn|14\n|inactive|Time left: 300 sec this turn | 300 sec total\n|\n|t:|1783573980\n|-terastallize|p2a: Ceruledge|Fighting\n|move|p2a: Ceruledge|Close Combat|p1a: Golem\n|-supereffective|p1a: Golem\n|-damage|p1a: Golem|0 fnt\n|-unboost|p2a: Ceruledge|def|1\n|-unboost|p2a: Ceruledge|spd|1\n|faint|p1a: Golem\n|\n|upkeep\n|\n|t:|1783573981\n|switch|p1a: Orthworm|Orthworm, L88, F|85/100\n|turn|15\n|inactive|Time left: 300 sec this turn | 300 sec total\n|\n|t:|1783573982\n|-terastallize|p1a: Orthworm|Electric\n|move|p2a: Ceruledge|Poltergeist|p1a: Orthworm\n|-activate|p1a: Orthworm|move: Poltergeist|Leftovers\n|-damage|p1a: Orthworm|38/100\n|move|p1a: Orthworm|Heavy Slam|p2a: Ceruledge\n|-damage|p2a: Ceruledge|38/245\n|-ability|p2a: Ceruledge|Weak Armor|boost\n|-unboost|p2a: Ceruledge|def|1\n|-boost|p2a: Ceruledge|spe|2\n|\n|-heal|p1a: Orthworm|44/100|[from] item: Leftovers\n|upkeep\n|turn|16\n|inactive|Time left: 300 sec this turn | 300 sec total\n|\n|t:|1783573983\n|move|p2a: Ceruledge|Close Combat|p1a: Orthworm\n|-damage|p1a: Orthworm|0 fnt\n|-unboost|p2a: Ceruledge|def|1\n|-unboost|p2a: Ceruledge|spd|1\n|faint|p1a: Orthworm\n|\n|upkeep\n|\n|t:|1783573984\n|switch|p1a: Brute Bonnet|Brute Bonnet, L80|37/100\n|turn|17\n|inactive|Time left: 300 sec this turn | 300 sec total\n|\n|t:|1783573985\n|switch|p2a: Gurdurr|Gurdurr, L85, F|283/283\n|-damage|p2a: Gurdurr|266/283|[from] Stealth Rock\n|-damage|p2a: Gurdurr|231/283|[from] Spikes\n|move|p1a: Brute Bonnet|Sucker Punch||[still]\n|-fail|p1a: Brute Bonnet\n|\n|-heal|p1a: Brute Bonnet|43/100|[from] item: Leftovers\n|upkeep\n|turn|18\n|inactive|Time left: 300 sec this turn | 300 sec total\n|\n|t:|1783573986\n|move|p1a: Brute Bonnet|Spore|p2a: Gurdurr\n|-status|p2a: Gurdurr|slp|[from] move: Spore\n|cant|p2a: Gurdurr|slp\n|\n|-heal|p1a: Brute Bonnet|49/100|[from] item: Leftovers\n|upkeep\n|turn|19\n|inactive|Time left: 300 sec this turn | 300 sec total\n|\n|t:|1783573986\n|move|p1a: Brute Bonnet|Crunch|p2a: Gurdurr\n|-resisted|p2a: Gurdurr\n|-damage|p2a: Gurdurr|199/283 slp\n|cant|p2a: Gurdurr|slp\n|\n|-heal|p1a: Brute Bonnet|56/100|[from] item: Leftovers\n|upkeep\n|turn|20\n|inactive|Time left: 300 sec this turn | 300 sec total\n|\n|t:|1783573987\n|move|p1a: Brute Bonnet|Crunch|p2a: Gurdurr\n|-resisted|p2a: Gurdurr\n|-damage|p2a: Gurdurr|169/283 slp\n|cant|p2a: Gurdurr|slp\n|\n|-heal|p1a: Brute Bonnet|62/100|[from] item: Leftovers\n|upkeep\n|turn|21\n|inactive|Time left: 300 sec this turn | 300 sec total\n|\n|t:|1783573988\n|move|p1a: Brute Bonnet|Close Combat|p2a: Gurdurr\n|-damage|p2a: Gurdurr|98/283 slp\n|-unboost|p1a: Brute Bonnet|def|1\n|-unboost|p1a: Brute Bonnet|spd|1\n|-curestatus|p2a: Gurdurr|slp|[msg]\n|move|p2a: Gurdurr|Drain Punch|p1a: Brute Bonnet\n|-supereffective|p1a: Brute Bonnet\n|-damage|p1a: Brute Bonnet|0 fnt\n|-heal|p2a: Gurdurr|193/283|[from] drain|[of] p1a: Brute Bonnet\n|faint|p1a: Brute Bonnet\n|-end|p1a: Brute Bonnet|Protosynthesis|[silent]\n|\n|upkeep\n|\n|t:|1783573989\n|switch|p1a: Scizor|Scizor, L79, F|100/100\n|turn|22\n|inactive|Time left: 300 sec this turn | 300 sec total\n|\n|t:|1783573990\n|move|p1a: Scizor|U-turn|p2a: Gurdurr\n|-resisted|p2a: Gurdurr\n|-damage|p2a: Gurdurr|150/283\n|move|p2a: Gurdurr|Drain Punch|p1a: Scizor\n|-damage|p1a: Scizor|67/100\n|-heal|p2a: Gurdurr|191/283|[from] drain|[of] p1a: Scizor\n|\n|upkeep\n|turn|23\n|inactive|Time left: 300 sec this turn | 300 sec total\n|\n|t:|1783573991\n|switch|p2a: Copperajah|Copperajah, L86, M|349/349\n|-damage|p2a: Copperajah|328/349|[from] Stealth Rock\n|-damage|p2a: Copperajah|285/349|[from] Spikes\n|move|p1a: Scizor|U-turn|p2a: Copperajah\n|-resisted|p2a: Copperajah\n|-damage|p2a: Copperajah|218/349\n|\n|upkeep\n|turn|24\n|inactive|Time left: 300 sec this turn | 300 sec total\n|\n|t:|1783573992\n|move|p1a: Scizor|U-turn|p2a: Copperajah\n|-resisted|p2a: Copperajah\n|-damage|p2a: Copperajah|144/349\n|move|p2a: Copperajah|Heat Crash|p1a: Scizor\n|-supereffective|p1a: Scizor\n|-damage|p1a: Scizor|0 fnt\n|faint|p1a: Scizor\n|\n|win|p0y29517cc0", "uploadtime": 1783573992, "views": 0, "rating": 0, "private": 0, "password": null, "_winner": "p0y29517cc0", "_our_name": "p0y29517cc0"}