{"id": "battle-gen9randombattle-2593", "formatid": "gen9randombattle", "format": "[Gen 9] Random Battle", "players": ["p0x259398ad", "p0y2593c32e"], "log": "|init|battle\n|title|p0x259398ad vs. p0y2593c32e\n|j|\u2606p0x259398ad\n|j|\u2606p0y2593c32e\n|t:|1783569005\n|gametype|singles\n|player|p1|p0x259398ad|265|\n|player|p2|p0y2593c32e|169|\n|gen|9\n|tier|[Gen 9] Random Battle\n|rule|Species Clause: Limit one of each Pok\u00e9mon\n|rule|HP Percentage Mod: HP is shown in percentages\n|rule|Sleep Clause Mod: Limit one foe put to sleep\n|rule|Illusion Level Mod: Illusion disguises the Pok\u00e9mon's true level\n|\n|t:|1783569005\n|teamsize|p1|6\n|teamsize|p2|6\n|start\n|switch|p1a: Tentacruel|Tentacruel, L84, M|100/100\n|switch|p2a: Wigglytuff|Wigglytuff, L96, F|424/424\n|turn|1\n|inactive|Battle timer is ON: inactive players will automatically lose when time's up. (requested by p0y2593c32e)\n|inactive|p0x259398ad also wants the timer to be on.\n|\n|t:|1783569006\n|move|p1a: Tentacruel|Sludge Bomb|p2a: Wigglytuff\n|-supereffective|p2a: Wigglytuff\n|-damage|p2a: Wigglytuff|224/424\n|move|p2a: Wigglytuff|Knock Off|p1a: Tentacruel\n|-damage|p1a: Tentacruel|70/100\n|-enditem|p1a: Tentacruel|Assault Vest|[from] move: Knock Off|[of] p2a: Wigglytuff\n|\n|-heal|p2a: Wigglytuff|250/424|[from] item: Leftovers\n|upkeep\n|turn|2\n|inactive|Time left: 300 sec this turn | 300 sec total\n|\n|t:|1783569007\n|move|p2a: Wigglytuff|Protect|p2a: Wigglytuff\n|-singleturn|p2a: Wigglytuff|Protect\n|move|p1a: Tentacruel|Sludge Bomb|p2a: Wigglytuff\n|-activate|p2a: Wigglytuff|move: Protect\n|\n|-heal|p2a: Wigglytuff|276/424|[from] item: Leftovers\n|upkeep\n|turn|3\n|inactive|Time left: 300 sec this turn | 300 sec total\n|\n|t:|1783569008\n|move|p1a: Tentacruel|Sludge Bomb|p2a: Wigglytuff\n|-supereffective|p2a: Wigglytuff\n|-damage|p2a: Wigglytuff|76/424\n|move|p2a: Wigglytuff|Alluring Voice|p1a: Tentacruel\n|-resisted|p1a: Tentacruel\n|-damage|p1a: Tentacruel|55/100\n|\n|-heal|p2a: Wigglytuff|102/424|[from] item: Leftovers\n|upkeep\n|turn|4\n|inactive|Time left: 300 sec this turn | 300 sec total\n|\n|t:|1783569009\n|move|p2a: Wigglytuff|Protect|p2a: Wigglytuff\n|-singleturn|p2a: Wigglytuff|Protect\n|move|p1a: Tentacruel|Surf|p2a: Wigglytuff\n|-activate|p2a: Wigglytuff|move: Protect\n|\n|-heal|p2a: Wigglytuff|128/424|[from] item: Leftovers\n|upkeep\n|turn|5\n|inactive|Time left: 300 sec this turn | 300 sec total\n|\n|t:|1783569010\n|move|p1a: Tentacruel|Sludge Bomb|p2a: Wigglytuff\n|-supereffective|p2a: Wigglytuff\n|-damage|p2a: Wigglytuff|0 fnt\n|faint|p2a: Wigglytuff\n|\n|upkeep\n|inactive|Time left: 300 sec this turn | 300 sec total | 5 sec grace\n|\n|t:|1783569011\n|switch|p2a: Honchkrow|Honchkrow, L86, F|312/312\n|turn|6\n|inactive|Time left: 300 sec this turn | 300 sec total\n|\n|t:|1783569012\n|switch|p1a: Weezing|Weezing, L88, M|100/100\n|move|p2a: Honchkrow|Brave Bird|p1a: Weezing\n|-damage|p1a: Weezing|52/100\n|-damage|p2a: Honchkrow|270/312|[from] Recoil\n|\n|-heal|p1a: Weezing|58/100|[from] item: Leftovers\n|upkeep\n|turn|7\n|inactive|Time left: 300 sec this turn | 300 sec total\n|\n|t:|1783569013\n|move|p2a: Honchkrow|Brave Bird|p1a: Weezing\n|-damage|p1a: Weezing|13/100\n|-damage|p2a: Honchkrow|232/312|[from] Recoil\n|move|p1a: Weezing|Pain Split|p2a: Honchkrow\n|-sethp|p2a: Honchkrow|132/312|[from] move: Pain Split|[silent]\n|-sethp|p1a: Weezing|52/100|[from] move: Pain Split\n|\n|-heal|p1a: Weezing|58/100|[from] item: Leftovers\n|upkeep\n|turn|8\n|inactive|Time left: 300 sec this turn | 300 sec total\n|\n|t:|1783569014\n|move|p2a: Honchkrow|Heat Wave|p1a: Weezing\n|-damage|p1a: Weezing|24/100\n|move|p1a: Weezing|Gunk Shot|p2a: Honchkrow\n|-damage|p2a: Honchkrow|0 fnt\n|faint|p2a: Honchkrow\n|\n|-heal|p1a: Weezing|30/100|[from] item: Leftovers\n|upkeep\n|inactive|Time left: 300 sec this turn | 300 sec total | 5 sec grace\n|\n|t:|1783569015\n|switch|p2a: Drifblim|Drifblim, L86, F|396/396\n|turn|9\n|inactive|Time left: 300 sec this turn | 300 sec total\n|\n|t:|1783569017\n|switch|p1a: Passimian|Passimian, L83, M|100/100\n|move|p2a: Drifblim|Shadow Ball|p1a: Passimian\n|-damage|p1a: Passimian|60/100\n|\n|-heal|p1a: Passimian|66/100|[from] item: Leftovers\n|upkeep\n|turn|10\n|inactive|Time left: 300 sec this turn | 300 sec total\n|\n|t:|1783569018\n|switch|p1a: Clawitzer|Clawitzer, L87, F|100/100\n|move|p2a: Drifblim|Air Slash|p1a: Clawitzer\n|-damage|p1a: Clawitzer|71/100\n|\n|upkeep\n|turn|11\n|inactive|Time left: 300 sec this turn | 300 sec total\n|\n|t:|1783569019\n|move|p2a: Drifblim|Calm Mind|p2a: Drifblim\n|-boost|p2a: Drifblim|spa|1\n|-boost|p2a: Drifblim|spd|1\n|move|p1a: Clawitzer|Dark Pulse|p2a: Drifblim\n|-supereffective|p2a: Drifblim\n|-damage|p2a: Drifblim|82/396\n|-enditem|p2a: Drifblim|Sitrus Berry|[eat]\n|-heal|p2a: Drifblim|181/396|[from] item: Sitrus Berry\n|\n|upkeep\n|turn|12\n|inactive|Time left: 300 sec this turn | 300 sec total\n|\n|t:|1783569020\n|move|p2a: Drifblim|Air Slash|p1a: Clawitzer\n|-damage|p1a: Clawitzer|31/100\n|move|p1a: Clawitzer|Dark Pulse|p2a: Drifblim\n|-supereffective|p2a: Drifblim\n|-damage|p2a: Drifblim|0 fnt\n|faint|p2a: Drifblim\n|\n|upkeep\n|inactive|Time left: 300 sec this turn | 300 sec total | 5 sec grace\n|\n|t:|1783569021\n|switch|p2a: Whiscash|Whiscash, L88, F|337/337\n|turn|13\n|inactive|Time left: 300 sec this turn | 300 sec total\n|\n|t:|1783569022\n|switch|p1a: Weezing|Weezing, L88, M|30/100\n|move|p2a: Whiscash|Earthquake|p1a: Weezing\n|-immune|p1a: Weezing|[from] ability: Levitate\n|\n|-heal|p1a: Weezing|36/100|[from] item: Leftovers\n|upkeep\n|turn|14\n|inactive|Time left: 300 sec this turn | 300 sec total\n|\n|t:|1783569023\n|move|p2a: Whiscash|Hydro Pump|p1a: Weezing\n|-damage|p1a: Weezing|0 fnt\n|faint|p1a: Weezing\n|\n|upkeep\n|\n|t:|1783569024\n|switch|p1a: Chandelure|Chandelure, L83, F|100/100\n|turn|15\n|inactive|Time left: 300 sec this turn | 300 sec total\n|\n|t:|1783569025\n|move|p1a: Chandelure|Energy Ball|p2a: Whiscash\n|-supereffective|p2a: Whiscash\n|-damage|p2a: Whiscash|0 fnt\n|faint|p2a: Whiscash\n|\n|upkeep\n|inactive|Time left: 300 sec this turn | 300 sec total | 5 sec grace\n|\n|t:|1783569026\n|switch|p2a: Cetitan|Cetitan, L82, F|413/413\n|turn|16\n|inactive|Time left: 300 sec this turn | 300 sec total\n|\n|t:|1783569027\n|move|p1a: Chandelure|Fire Blast|p2a: Cetitan\n|-supereffective|p2a: Cetitan\n|-damage|p2a: Cetitan|0 fnt\n|faint|p2a: Cetitan\n|\n|upkeep\n|inactive|Time left: 300 sec this turn | 300 sec total | 5 sec grace\n|\n|t:|1783569028\n|switch|p2a: Oinkologne|Oinkologne-F, L92, F|361/361\n|turn|17\n|inactive|Time left: 300 sec this turn | 300 sec total\n|\n|t:|1783569029\n|move|p1a: Chandelure|Calm Mind|p1a: Chandelure\n|-boost|p1a: Chandelure|spa|1\n|-boost|p1a: Chandelure|spd|1\n|move|p2a: Oinkologne|Curse|p2a: Oinkologne\n|-unboost|p2a: Oinkologne|spe|1\n|-boost|p2a: Oinkologne|atk|1\n|-boost|p2a: Oinkologne|def|1\n|\n|upkeep\n|turn|18\n|inactive|Time left: 300 sec this turn | 300 sec total\n|\n|t:|1783569030\n|move|p1a: Chandelure|Calm Mind|p1a: Chandelure\n|-boost|p1a: Chandelure|spa|1\n|-boost|p1a: Chandelure|spd|1\n|move|p2a: Oinkologne|Curse|p2a: Oinkologne\n|-unboost|p2a: Oinkologne|spe|1\n|-boost|p2a: Oinkologne|atk|1\n|-boost|p2a: Oinkologne|def|1\n|\n|upkeep\n|turn|19\n|inactive|Time left: 300 sec this turn | 300 sec total\n|\n|t:|1783569031\n|move|p1a: Chandelure|Energy Ball|p2a: Oinkologne\n|-damage|p2a: Oinkologne|209/361\n|move|p2a: Oinkologne|Curse|p2a: Oinkologne\n|-unboost|p2a: Oinkologne|spe|1\n|-boost|p2a: Oinkologne|atk|1\n|-boost|p2a: Oinkologne|def|1\n|\n|-heal|p2a: Oinkologne|231/361|[from] item: Leftovers\n|upkeep\n|turn|20\n|inactive|Time left: 300 sec this turn | 300 sec total\n|\n|t:|1783569032\n|-terastallize|p1a: Chandelure|Ghost\n|move|p1a: Chandelure|Energy Ball|p2a: Oinkologne\n|-damage|p2a: Oinkologne|72/361\n|move|p2a: Oinkologne|Rest|p2a: Oinkologne\n|-status|p2a: Oinkologne|slp|[from] move: Rest\n|-heal|p2a: Oinkologne|361/361 slp|[silent]\n|\n|upkeep\n|turn|21\n|inactive|Time left: 300 sec this turn | 300 sec total\n|\n|t:|1783569033\n|move|p1a: Chandelure|Fire Blast|p2a: Oinkologne|[miss]\n|-miss|p1a: Chandelure|p2a: Oinkologne\n|cant|p2a: Oinkologne|slp\n|move|p2a: Oinkologne|Sleep Talk|p2a: Oinkologne\n|move|p2a: Oinkologne|Rest||[from] move: Sleep Talk|[still]\n|-fail|p2a: Oinkologne\n|\n|upkeep\n|turn|22\n|inactive|Time left: 300 sec this turn | 300 sec total\n|\n|t:|1783569034\n|move|p1a: Chandelure|Fire Blast|p2a: Oinkologne\n|-damage|p2a: Oinkologne|229/361 slp\n|cant|p2a: Oinkologne|slp\n|\n|-heal|p2a: Oinkologne|251/361 slp|[from] item: Leftovers\n|upkeep\n|turn|23\n|inactive|Time left: 300 sec this turn | 300 sec total\n|\n|t:|1783569035\n|move|p1a: Chandelure|Fire Blast|p2a: Oinkologne\n|-damage|p2a: Oinkologne|118/361 slp\n|-curestatus|p2a: Oinkologne|slp|[msg]\n|move|p2a: Oinkologne|Rest|p2a: Oinkologne\n|-status|p2a: Oinkologne|slp|[from] move: Rest\n|-heal|p2a: Oinkologne|361/361 slp|[silent]\n|\n|upkeep\n|turn|24\n|inactive|Time left: 300 sec this turn | 300 sec total\n|\n|t:|1783569036\n|move|p1a: Chandelure|Fire Blast|p2a: Oinkologne\n|-damage|p2a: Oinkologne|228/361 slp\n|cant|p2a: Oinkologne|slp\n|move|p2a: Oinkologne|Sleep Talk|p2a: Oinkologne\n|move|p2a: Oinkologne|Body Slam|p1a: Chandelure|[from] move: Sleep Talk\n|-immune|p1a: Chandelure\n|\n|-heal|p2a: Oinkologne|250/361 slp|[from] item: Leftovers\n|upkeep\n|turn|25\n|inactive|Time left: 300 sec this turn | 300 sec total\n|\n|t:|1783569036\n|move|p1a: Chandelure|Energy Ball|p2a: Oinkologne\n|-damage|p2a: Oinkologne|96/361 slp\n|cant|p2a: Oinkologne|slp\n|move|p2a: Oinkologne|Sleep Talk|p2a: Oinkologne\n|move|p2a: Oinkologne|Curse|p2a: Oinkologne|[from] move: Sleep Talk\n|-unboost|p2a: Oinkologne|spe|1\n|-boost|p2a: Oinkologne|atk|1\n|-boost|p2a: Oinkologne|def|1\n|\n|-heal|p2a: Oinkologne|118/361 slp|[from] item: Leftovers\n|upkeep\n|turn|26\n|inactive|Time left: 300 sec this turn | 300 sec total\n|\n|t:|1783569037\n|move|p1a: Chandelure|Fire Blast|p2a: Oinkologne\n|-damage|p2a: Oinkologne|0 fnt\n|faint|p2a: Oinkologne\n|\n|win|p0x259398ad", "uploadtime": 1783569037, "views": 0, "rating": 0, "private": 0, "password": null, "_winner": "p0x259398ad", "_our_name": "p0y2593c32e"}