{"id": "battle-gen9randombattle-2525", "formatid": "gen9randombattle", "format": "[Gen 9] Random Battle", "players": ["p0x2525d134", "p0y2525fdb9"], "log": "|init|battle\n|title|p0x2525d134 vs. p0y2525fdb9\n|j|\u2606p0x2525d134\n|j|\u2606p0y2525fdb9\n|t:|1783568256\n|gametype|singles\n|player|p1|p0x2525d134|169|\n|player|p2|p0y2525fdb9|169|\n|gen|9\n|tier|[Gen 9] Random Battle\n|rule|Species Clause: Limit one of each Pok\u00e9mon\n|rule|HP Percentage Mod: HP is shown in percentages\n|rule|Sleep Clause Mod: Limit one foe put to sleep\n|rule|Illusion Level Mod: Illusion disguises the Pok\u00e9mon's true level\n|\n|t:|1783568256\n|teamsize|p1|6\n|teamsize|p2|6\n|start\n|switch|p1a: Volbeat|Volbeat, L90, M|100/100\n|switch|p2a: Staraptor|Staraptor, L79, M|263/263\n|turn|1\n|inactive|Battle timer is ON: inactive players will automatically lose when time's up. (requested by p0y2525fdb9)\n|inactive|p0x2525d134 also wants the timer to be on.\n|\n|t:|1783568257\n|move|p2a: Staraptor|Brave Bird|p1a: Volbeat\n|-supereffective|p1a: Volbeat\n|-damage|p1a: Volbeat|0 fnt\n|faint|p1a: Volbeat\n|-damage|p2a: Staraptor|176/263|[from] Recoil\n|\n|upkeep\n|\n|t:|1783568258\n|switch|p1a: Furret|Furret, L94, F|100/100\n|-item|p2a: Staraptor|Choice Band|[from] ability: Frisk|[of] p1a: Furret\n|turn|2\n|inactive|Time left: 300 sec this turn | 300 sec total\n|\n|t:|1783568260\n|move|p1a: Furret|Double-Edge|p2a: Staraptor\n|-damage|p2a: Staraptor|0 fnt\n|faint|p2a: Staraptor\n|-damage|p1a: Furret|82/100|[from] Recoil\n|-damage|p1a: Furret|72/100|[from] item: Life Orb\n|\n|upkeep\n|inactive|Time left: 300 sec this turn | 300 sec total | 5 sec grace\n|\n|t:|1783568261\n|switch|p2a: Poliwrath|Poliwrath, L88, M|302/302\n|turn|3\n|inactive|Time left: 300 sec this turn | 300 sec total\n|\n|t:|1783568262\n|switch|p1a: Hariyama|Hariyama, L87, M|100/100\n|move|p2a: Poliwrath|Drain Punch|p1a: Hariyama\n|-damage|p1a: Hariyama|71/100\n|\n|-status|p1a: Hariyama|brn|[from] item: Flame Orb\n|upkeep\n|turn|4\n|inactive|Time left: 300 sec this turn | 300 sec total\n|\n|t:|1783568263\n|switch|p1a: Meganium|Meganium, L90, F|100/100\n|move|p2a: Poliwrath|Bulk Up|p2a: Poliwrath\n|-boost|p2a: Poliwrath|atk|1\n|-boost|p2a: Poliwrath|def|1\n|\n|upkeep\n|turn|5\n|inactive|Time left: 300 sec this turn | 300 sec total\n|\n|t:|1783568264\n|move|p1a: Meganium|Energy Ball|p2a: Poliwrath\n|-supereffective|p2a: Poliwrath\n|-damage|p2a: Poliwrath|110/302\n|move|p2a: Poliwrath|Bulk Up|p2a: Poliwrath\n|-boost|p2a: Poliwrath|atk|1\n|-boost|p2a: Poliwrath|def|1\n|\n|-heal|p2a: Poliwrath|128/302|[from] item: Leftovers\n|upkeep\n|turn|6\n|inactive|Time left: 300 sec this turn | 300 sec total\n|\n|t:|1783568265\n|move|p1a: Meganium|Energy Ball|p2a: Poliwrath\n|-supereffective|p2a: Poliwrath\n|-damage|p2a: Poliwrath|0 fnt\n|faint|p2a: Poliwrath\n|\n|upkeep\n|inactive|Time left: 300 sec this turn | 300 sec total | 5 sec grace\n|\n|t:|1783568266\n|switch|p2a: Morpeko|Morpeko, L88, M|245/245\n|turn|7\n|inactive|Time left: 300 sec this turn | 300 sec total\n|\n|t:|1783568267\n|move|p2a: Morpeko|Knock Off|p1a: Meganium\n|-damage|p1a: Meganium|68/100\n|-enditem|p1a: Meganium|Leftovers|[from] move: Knock Off|[of] p2a: Morpeko\n|move|p1a: Meganium|Knock Off|p2a: Morpeko\n|-resisted|p2a: Morpeko\n|-damage|p2a: Morpeko|201/245\n|-enditem|p2a: Morpeko|Leftovers|[from] move: Knock Off|[of] p1a: Meganium\n|\n|-formechange|p2a: Morpeko|Morpeko-Hangry||[from] ability: Hunger Switch\n|upkeep\n|turn|8\n|inactive|Time left: 300 sec this turn | 300 sec total\n|\n|t:|1783568268\n|move|p2a: Morpeko|Aura Wheel|p1a: Meganium\n|-damage|p1a: Meganium|32/100\n|-boost|p2a: Morpeko|spe|1\n|move|p1a: Meganium|Energy Ball|p2a: Morpeko\n|-damage|p2a: Morpeko|20/245\n|\n|-formechange|p2a: Morpeko|Morpeko||[from] ability: Hunger Switch\n|upkeep\n|turn|9\n|inactive|Time left: 300 sec this turn | 300 sec total\n|\n|t:|1783568269\n|move|p2a: Morpeko|Aura Wheel|p1a: Meganium\n|-resisted|p1a: Meganium\n|-damage|p1a: Meganium|12/100\n|-boost|p2a: Morpeko|spe|1\n|move|p1a: Meganium|Synthesis|p1a: Meganium\n|-heal|p1a: Meganium|62/100\n|\n|-formechange|p2a: Morpeko|Morpeko-Hangry||[from] ability: Hunger Switch\n|upkeep\n|turn|10\n|inactive|Time left: 300 sec this turn | 300 sec total\n|\n|t:|1783568270\n|move|p2a: Morpeko|Aura Wheel|p1a: Meganium\n|-damage|p1a: Meganium|24/100\n|-boost|p2a: Morpeko|spe|1\n|move|p1a: Meganium|Synthesis|p1a: Meganium\n|-heal|p1a: Meganium|74/100\n|\n|-formechange|p2a: Morpeko|Morpeko||[from] ability: Hunger Switch\n|upkeep\n|turn|11\n|inactive|Time left: 300 sec this turn | 300 sec total\n|\n|t:|1783568271\n|move|p2a: Morpeko|Protect|p2a: Morpeko\n|-singleturn|p2a: Morpeko|Protect\n|move|p1a: Meganium|Synthesis|p1a: Meganium\n|-heal|p1a: Meganium|100/100\n|\n|-formechange|p2a: Morpeko|Morpeko-Hangry||[from] ability: Hunger Switch\n|upkeep\n|turn|12\n|inactive|Time left: 300 sec this turn | 300 sec total\n|\n|t:|1783568271\n|move|p2a: Morpeko|Aura Wheel|p1a: Meganium\n|-damage|p1a: Meganium|62/100\n|-boost|p2a: Morpeko|spe|1\n|move|p1a: Meganium|Dragon Tail|p2a: Morpeko\n|-damage|p2a: Morpeko|0 fnt\n|faint|p2a: Morpeko\n|\n|upkeep\n|inactive|Time left: 300 sec this turn | 300 sec total | 5 sec grace\n|\n|t:|1783568273\n|switch|p2a: Dachsbun|Dachsbun, L92, F|254/254\n|turn|13\n|inactive|Time left: 300 sec this turn | 300 sec total\n|\n|t:|1783568273\n|move|p2a: Dachsbun|Play Rough|p1a: Meganium|[miss]\n|-miss|p2a: Dachsbun|p1a: Meganium\n|move|p1a: Meganium|Synthesis|p1a: Meganium\n|-heal|p1a: Meganium|100/100\n|\n|upkeep\n|turn|14\n|inactive|Time left: 300 sec this turn | 300 sec total\n|\n|t:|1783568274\n|move|p2a: Dachsbun|Play Rough|p1a: Meganium\n|-damage|p1a: Meganium|73/100\n|move|p1a: Meganium|Knock Off|p2a: Dachsbun\n|-resisted|p2a: Dachsbun\n|-damage|p2a: Dachsbun|227/254\n|-enditem|p2a: Dachsbun|Leftovers|[from] move: Knock Off|[of] p1a: Meganium\n|\n|upkeep\n|turn|15\n|inactive|Time left: 300 sec this turn | 300 sec total\n|\n|t:|1783568275\n|move|p2a: Dachsbun|Play Rough|p1a: Meganium\n|-damage|p1a: Meganium|45/100\n|move|p1a: Meganium|Synthesis|p1a: Meganium\n|-heal|p1a: Meganium|95/100\n|\n|upkeep\n|turn|16\n|inactive|Time left: 300 sec this turn | 300 sec total\n|\n|t:|1783568276\n|move|p2a: Dachsbun|Wish|p2a: Dachsbun\n|move|p1a: Meganium|Energy Ball|p2a: Dachsbun\n|-damage|p2a: Dachsbun|130/254\n|\n|upkeep\n|turn|17\n|inactive|Time left: 300 sec this turn | 300 sec total\n|\n|t:|1783568277\n|move|p2a: Dachsbun|Body Press|p1a: Meganium\n|-damage|p1a: Meganium|72/100\n|move|p1a: Meganium|Energy Ball|p2a: Dachsbun\n|-damage|p2a: Dachsbun|39/254\n|\n|-heal|p2a: Dachsbun|166/254|[from] move: Wish|[wisher] Dachsbun\n|upkeep\n|turn|18\n|inactive|Time left: 300 sec this turn | 300 sec total\n|\n|t:|1783568278\n|move|p2a: Dachsbun|Wish|p2a: Dachsbun\n|move|p1a: Meganium|Energy Ball|p2a: Dachsbun\n|-damage|p2a: Dachsbun|70/254\n|-unboost|p2a: Dachsbun|spd|1\n|\n|upkeep\n|turn|19\n|inactive|Time left: 300 sec this turn | 300 sec total\n|\n|t:|1783568280\n|move|p2a: Dachsbun|Protect|p2a: Dachsbun\n|-singleturn|p2a: Dachsbun|Protect\n|move|p1a: Meganium|Energy Ball|p2a: Dachsbun\n|-activate|p2a: Dachsbun|move: Protect\n|\n|-heal|p2a: Dachsbun|197/254|[from] move: Wish|[wisher] Dachsbun\n|upkeep\n|turn|20\n|inactive|Time left: 300 sec this turn | 300 sec total\n|\n|t:|1783568281\n|move|p2a: Dachsbun|Play Rough|p1a: Meganium\n|-damage|p1a: Meganium|45/100\n|move|p1a: Meganium|Energy Ball|p2a: Dachsbun\n|-damage|p2a: Dachsbun|49/254\n|\n|upkeep\n|turn|21\n|inactive|Time left: 300 sec this turn | 300 sec total\n|\n|t:|1783568282\n|move|p2a: Dachsbun|Body Press|p1a: Meganium\n|-damage|p1a: Meganium|21/100\n|move|p1a: Meganium|Synthesis|p1a: Meganium\n|-heal|p1a: Meganium|71/100\n|\n|upkeep\n|turn|22\n|inactive|Time left: 300 sec this turn | 300 sec total\n|\n|t:|1783568283\n|move|p2a: Dachsbun|Wish|p2a: Dachsbun\n|move|p1a: Meganium|Energy Ball|p2a: Dachsbun\n|-damage|p2a: Dachsbun|0 fnt\n|faint|p2a: Dachsbun\n|\n|upkeep\n|inactive|Time left: 300 sec this turn | 300 sec total | 5 sec grace\n|\n|t:|1783568284\n|switch|p2a: Hariyama|Hariyama, L87, F|392/392\n|turn|23\n|inactive|Time left: 300 sec this turn | 300 sec total\n|\n|t:|1783568285\n|move|p1a: Meganium|Synthesis|p1a: Meganium\n|-heal|p1a: Meganium|100/100\n|move|p2a: Hariyama|Knock Off|p1a: Meganium\n|-damage|p1a: Meganium|84/100\n|\n|upkeep\n|turn|24\n|inactive|Time left: 300 sec this turn | 300 sec total\n|\n|t:|1783568286\n|move|p1a: Meganium|Energy Ball|p2a: Hariyama\n|-damage|p2a: Hariyama|304/392\n|move|p2a: Hariyama|Knock Off|p1a: Meganium\n|-damage|p1a: Meganium|66/100\n|\n|upkeep\n|turn|25\n|inactive|Time left: 300 sec this turn | 300 sec total\n|\n|t:|1783568287\n|move|p1a: Meganium|Synthesis|p1a: Meganium\n|-heal|p1a: Meganium|100/100\n|move|p2a: Hariyama|Knock Off|p1a: Meganium\n|-damage|p1a: Meganium|82/100\n|\n|upkeep\n|turn|26\n|inactive|Time left: 300 sec this turn | 300 sec total\n|\n|t:|1783568288\n|move|p1a: Meganium|Knock Off|p2a: Hariyama\n|-resisted|p2a: Hariyama\n|-damage|p2a: Hariyama|261/392\n|-enditem|p2a: Hariyama|Assault Vest|[from] move: Knock Off|[of] p1a: Meganium\n|move|p2a: Hariyama|Close Combat|p1a: Meganium\n|-damage|p1a: Meganium|32/100\n|-unboost|p2a: Hariyama|def|1\n|-unboost|p2a: Hariyama|spd|1\n|\n|upkeep\n|turn|27\n|inactive|Time left: 300 sec this turn | 300 sec total\n|\n|t:|1783568289\n|-terastallize|p2a: Hariyama|Steel\n|move|p1a: Meganium|Energy Ball|p2a: Hariyama\n|-resisted|p2a: Hariyama\n|-damage|p2a: Hariyama|131/392\n|move|p2a: Hariyama|Close Combat|p1a: Meganium\n|-damage|p1a: Meganium|0 fnt\n|-unboost|p2a: Hariyama|def|1\n|-unboost|p2a: Hariyama|spd|1\n|faint|p1a: Meganium\n|\n|upkeep\n|\n|t:|1783568290\n|switch|p1a: Honchkrow|Honchkrow, L86, F|100/100\n|turn|28\n|inactive|Time left: 300 sec this turn | 300 sec total\n|\n|t:|1783568291\n|switch|p2a: Sandy Shocks|Sandy Shocks, L80|267/267\n|-terastallize|p1a: Honchkrow|Flying\n|move|p1a: Honchkrow|Brave Bird|p2a: Sandy Shocks\n|-resisted|p2a: Sandy Shocks\n|-damage|p2a: Sandy Shocks|156/267\n|-damage|p1a: Honchkrow|89/100|[from] Recoil\n|\n|upkeep\n|turn|29\n|inactive|Time left: 300 sec this turn | 300 sec total\n|\n|t:|1783568292\n|move|p1a: Honchkrow|Sucker Punch|p2a: Sandy Shocks\n|-damage|p2a: Sandy Shocks|57/267\n|move|p2a: Sandy Shocks|Thunderbolt|p1a: Honchkrow\n|-supereffective|p1a: Honchkrow\n|-damage|p1a: Honchkrow|0 fnt\n|faint|p1a: Honchkrow\n|\n|upkeep\n|\n|t:|1783568293\n|switch|p1a: Furret|Furret, L94, F|72/100\n|-item|p2a: Sandy Shocks|Heavy-Duty Boots|[from] ability: Frisk|[of] p1a: Furret\n|turn|30\n|inactive|Time left: 300 sec this turn | 300 sec total\n|\n|t:|1783568294\n|move|p1a: Furret|Brick Break|p2a: Sandy Shocks\n|-damage|p2a: Sandy Shocks|0 fnt\n|faint|p2a: Sandy Shocks\n|-end|p2a: Sandy Shocks|Protosynthesis|[silent]\n|-damage|p1a: Furret|62/100|[from] item: Life Orb\n|\n|upkeep\n|inactive|Time left: 300 sec this turn | 300 sec total | 5 sec grace\n|\n|t:|1783568295\n|switch|p2a: Hariyama|Hariyama, L87, F, tera:Steel|131/392\n|turn|31\n|inactive|Time left: 300 sec this turn | 300 sec total\n|\n|t:|1783568296\n|move|p2a: Hariyama|Bullet Punch|p1a: Furret\n|-damage|p1a: Furret|42/100\n|move|p1a: Furret|Brick Break|p2a: Hariyama\n|-supereffective|p2a: Hariyama\n|-crit|p2a: Hariyama\n|-damage|p2a: Hariyama|0 fnt\n|faint|p2a: Hariyama\n|-damage|p1a: Furret|32/100|[from] item: Life Orb\n|\n|win|p0x2525d134", "uploadtime": 1783568296, "views": 0, "rating": 0, "private": 0, "password": null, "_winner": "p0x2525d134", "_our_name": "p0y2525fdb9"}