{"id": "battle-gen9randombattle-37", "formatid": "gen9randombattle", "format": "[Gen 9] Random Battle", "players": ["p0x03741e0", "p0y037de54"], "log": "|init|battle\n|title|p0x03741e0 vs. p0y037de54\n|j|\u2606p0x03741e0\n|j|\u2606p0y037de54\n|t:|1783539854\n|gametype|singles\n|player|p1|p0x03741e0|102|\n|player|p2|p0y037de54|265|\n|gen|9\n|tier|[Gen 9] Random Battle\n|rule|Species Clause: Limit one of each Pok\u00e9mon\n|rule|HP Percentage Mod: HP is shown in percentages\n|rule|Sleep Clause Mod: Limit one foe put to sleep\n|rule|Illusion Level Mod: Illusion disguises the Pok\u00e9mon's true level\n|\n|t:|1783539854\n|teamsize|p1|6\n|teamsize|p2|6\n|start\n|switch|p1a: Cryogonal|Cryogonal, L89|287/287\n|switch|p2a: Basculin|Basculin, L86, M|100/100\n|turn|1\n|inactive|Battle timer is ON: inactive players will automatically lose when time's up. (requested by p0y037de54)\n|inactive|Time left: 300 sec this turn | 300 sec total | 60 sec grace\n|inactive|p0x03741e0 also wants the timer to be on.\n|\n|t:|1783539855\n|-terastallize|p1a: Cryogonal|Electric\n|move|p1a: Cryogonal|Tera Blast|p2a: Basculin|[anim] Tera Blast Electric\n|-supereffective|p2a: Basculin\n|-damage|p2a: Basculin|6/100\n|move|p2a: Basculin|Wave Crash|p1a: Cryogonal\n|-damage|p1a: Cryogonal|0 fnt\n|faint|p1a: Cryogonal\n|-damage|p2a: Basculin|0 fnt|[from] Recoil\n|faint|p2a: Basculin\n|\n|upkeep\n|inactive|Time left: 300 sec this turn | 300 sec total | 65 sec grace\n|\n|t:|1783539857\n|switch|p1a: Grafaiai|Grafaiai, L86, F|249/249\n|switch|p2a: Gumshoos|Gumshoos, L95, M|100/100\n|turn|2\n|inactive|Time left: 300 sec this turn | 300 sec total\n|\n|t:|1783539858\n|move|p1a: Grafaiai|Knock Off|p2a: Gumshoos\n|-crit|p2a: Gumshoos\n|-damage|p2a: Gumshoos|62/100\n|-status|p2a: Gumshoos|psn|[from] ability: Poison Touch|[of] p1a: Grafaiai\n|-enditem|p2a: Gumshoos|Choice Band|[from] move: Knock Off|[of] p1a: Grafaiai\n|move|p2a: Gumshoos|Double-Edge|p1a: Grafaiai\n|-damage|p1a: Grafaiai|0 fnt\n|faint|p1a: Grafaiai\n|-damage|p2a: Gumshoos|36/100 psn|[from] Recoil\n|\n|-damage|p2a: Gumshoos|24/100 psn|[from] psn\n|upkeep\n|inactive|Time left: 300 sec this turn | 300 sec total | 5 sec grace\n|\n|t:|1783539859\n|switch|p1a: Sylveon|Sylveon, L85, F|300/300\n|turn|3\n|inactive|Time left: 300 sec this turn | 300 sec total\n|\n|t:|1783539860\n|move|p1a: Sylveon|Hyper Voice|p2a: Gumshoos\n|-damage|p2a: Gumshoos|0 fnt\n|faint|p2a: Gumshoos\n|\n|upkeep\n|\n|t:|1783539861\n|switch|p2a: Oricorio|Oricorio-Pom-Pom, L82, M|100/100\n|turn|4\n|inactive|Time left: 300 sec this turn | 300 sec total\n|\n|t:|1783539862\n|move|p2a: Oricorio|Quiver Dance|p2a: Oricorio\n|-boost|p2a: Oricorio|spa|1\n|-boost|p2a: Oricorio|spd|1\n|-boost|p2a: Oricorio|spe|1\n|move|p1a: Sylveon|Calm Mind|p1a: Sylveon\n|-boost|p1a: Sylveon|spa|1\n|-boost|p1a: Sylveon|spd|1\n|\n|upkeep\n|turn|5\n|inactive|Time left: 300 sec this turn | 300 sec total\n|\n|t:|1783539863\n|move|p2a: Oricorio|Quiver Dance|p2a: Oricorio\n|-boost|p2a: Oricorio|spa|1\n|-boost|p2a: Oricorio|spd|1\n|-boost|p2a: Oricorio|spe|1\n|move|p1a: Sylveon|Calm Mind|p1a: Sylveon\n|-boost|p1a: Sylveon|spa|1\n|-boost|p1a: Sylveon|spd|1\n|\n|upkeep\n|turn|6\n|inactive|Time left: 300 sec this turn | 300 sec total\n|\n|t:|1783539864\n|move|p2a: Oricorio|Quiver Dance|p2a: Oricorio\n|-boost|p2a: Oricorio|spa|1\n|-boost|p2a: Oricorio|spd|1\n|-boost|p2a: Oricorio|spe|1\n|move|p1a: Sylveon|Hyper Voice|p2a: Oricorio\n|-damage|p2a: Oricorio|54/100\n|\n|upkeep\n|turn|7\n|inactive|Time left: 300 sec this turn | 300 sec total\n|\n|t:|1783539865\n|move|p2a: Oricorio|Roost|p2a: Oricorio\n|-heal|p2a: Oricorio|100/100\n|-singleturn|p2a: Oricorio|move: Roost\n|move|p1a: Sylveon|Hyper Voice|p2a: Oricorio\n|-damage|p2a: Oricorio|51/100\n|\n|upkeep\n|turn|8\n|inactive|Time left: 300 sec this turn | 300 sec total\n|\n|t:|1783539866\n|move|p2a: Oricorio|Roost|p2a: Oricorio\n|-heal|p2a: Oricorio|100/100\n|-singleturn|p2a: Oricorio|move: Roost\n|move|p1a: Sylveon|Hyper Voice|p2a: Oricorio\n|-damage|p2a: Oricorio|54/100\n|\n|upkeep\n|turn|9\n|inactive|Time left: 300 sec this turn | 300 sec total\n|\n|t:|1783539867\n|move|p2a: Oricorio|Roost|p2a: Oricorio\n|-heal|p2a: Oricorio|100/100\n|-singleturn|p2a: Oricorio|move: Roost\n|move|p1a: Sylveon|Hyper Voice|p2a: Oricorio\n|-damage|p2a: Oricorio|55/100\n|\n|upkeep\n|turn|10\n|inactive|Time left: 300 sec this turn | 300 sec total\n|\n|t:|1783539868\n|move|p2a: Oricorio|Roost|p2a: Oricorio\n|-heal|p2a: Oricorio|100/100\n|-singleturn|p2a: Oricorio|move: Roost\n|move|p1a: Sylveon|Hyper Voice|p2a: Oricorio\n|-damage|p2a: Oricorio|53/100\n|\n|upkeep\n|turn|11\n|inactive|Time left: 300 sec this turn | 300 sec total\n|\n|t:|1783539869\n|move|p2a: Oricorio|Roost|p2a: Oricorio\n|-heal|p2a: Oricorio|100/100\n|-singleturn|p2a: Oricorio|move: Roost\n|move|p1a: Sylveon|Hyper Voice|p2a: Oricorio\n|-damage|p2a: Oricorio|54/100\n|\n|upkeep\n|turn|12\n|inactive|Time left: 300 sec this turn | 300 sec total\n|\n|t:|1783539870\n|move|p2a: Oricorio|Roost|p2a: Oricorio\n|-heal|p2a: Oricorio|100/100\n|-singleturn|p2a: Oricorio|move: Roost\n|move|p1a: Sylveon|Hyper Voice|p2a: Oricorio\n|-damage|p2a: Oricorio|55/100\n|\n|upkeep\n|turn|13\n|inactive|Time left: 300 sec this turn | 300 sec total\n|\n|t:|1783539871\n|move|p2a: Oricorio|Roost|p2a: Oricorio\n|-heal|p2a: Oricorio|100/100\n|-singleturn|p2a: Oricorio|move: Roost\n|move|p1a: Sylveon|Hyper Voice|p2a: Oricorio\n|-damage|p2a: Oricorio|50/100\n|\n|upkeep\n|turn|14\n|inactive|Time left: 300 sec this turn | 300 sec total\n|\n|t:|1783539872\n|move|p2a: Oricorio|Roost|p2a: Oricorio\n|-heal|p2a: Oricorio|99/100\n|-singleturn|p2a: Oricorio|move: Roost\n|move|p1a: Sylveon|Hyper Voice|p2a: Oricorio\n|-damage|p2a: Oricorio|49/100\n|\n|upkeep\n|turn|15\n|inactive|Time left: 300 sec this turn | 300 sec total\n|\n|t:|1783539873\n|move|p2a: Oricorio|Quiver Dance|p2a: Oricorio\n|-boost|p2a: Oricorio|spa|1\n|-boost|p2a: Oricorio|spd|1\n|-boost|p2a: Oricorio|spe|1\n|move|p1a: Sylveon|Hyper Voice|p2a: Oricorio\n|-damage|p2a: Oricorio|6/100\n|\n|upkeep\n|turn|16\n|inactive|Time left: 300 sec this turn | 300 sec total\n|\n|t:|1783539874\n|move|p2a: Oricorio|Hurricane|p1a: Sylveon|[miss]\n|-miss|p2a: Oricorio|p1a: Sylveon\n|move|p1a: Sylveon|Hyper Voice|p2a: Oricorio\n|-damage|p2a: Oricorio|0 fnt\n|faint|p2a: Oricorio\n|\n|upkeep\n|\n|t:|1783539875\n|switch|p2a: Donphan|Donphan, L84, F|100/100\n|turn|17\n|inactive|Time left: 300 sec this turn | 300 sec total\n|\n|t:|1783539877\n|move|p1a: Sylveon|Hyper Voice|p2a: Donphan\n|-ability|p2a: Donphan|Sturdy\n|-damage|p2a: Donphan|1/100\n|move|p2a: Donphan|Stealth Rock|p1a: Sylveon\n|-sidestart|p1: p0x03741e0|move: Stealth Rock\n|\n|-heal|p2a: Donphan|7/100|[from] item: Leftovers\n|upkeep\n|turn|18\n|inactive|Time left: 300 sec this turn | 300 sec total\n|\n|t:|1783539878\n|move|p1a: Sylveon|Hyper Voice|p2a: Donphan\n|-crit|p2a: Donphan\n|-damage|p2a: Donphan|0 fnt\n|faint|p2a: Donphan\n|\n|upkeep\n|\n|t:|1783539879\n|switch|p2a: Skarmory|Skarmory, L80, F|100/100\n|turn|19\n|inactive|Time left: 300 sec this turn | 300 sec total\n|\n|t:|1783539880\n|move|p2a: Skarmory|Spikes|p1a: Sylveon\n|-sidestart|p1: p0x03741e0|Spikes\n|move|p1a: Sylveon|Hyper Voice|p2a: Skarmory\n|-resisted|p2a: Skarmory\n|-damage|p2a: Skarmory|38/100\n|\n|-heal|p2a: Skarmory|43/100|[from] item: Leftovers\n|upkeep\n|turn|20\n|inactive|Time left: 300 sec this turn | 300 sec total\n|\n|t:|1783539881\n|move|p2a: Skarmory|Roost|p2a: Skarmory\n|-heal|p2a: Skarmory|94/100\n|-singleturn|p2a: Skarmory|move: Roost\n|move|p1a: Sylveon|Calm Mind|p1a: Sylveon\n|-boost|p1a: Sylveon|spa|1\n|-boost|p1a: Sylveon|spd|1\n|\n|-heal|p2a: Skarmory|99/100|[from] item: Leftovers\n|upkeep\n|turn|21\n|inactive|Time left: 300 sec this turn | 300 sec total\n|\n|t:|1783539882\n|move|p2a: Skarmory|Spikes|p1a: Sylveon\n|-sidestart|p1: p0x03741e0|Spikes\n|move|p1a: Sylveon|Hyper Voice|p2a: Skarmory\n|-resisted|p2a: Skarmory\n|-damage|p2a: Skarmory|12/100\n|\n|-heal|p2a: Skarmory|18/100|[from] item: Leftovers\n|upkeep\n|turn|22\n|inactive|Time left: 300 sec this turn | 300 sec total\n|\n|t:|1783539884\n|move|p2a: Skarmory|Roost|p2a: Skarmory\n|-heal|p2a: Skarmory|69/100\n|-singleturn|p2a: Skarmory|move: Roost\n|move|p1a: Sylveon|Wish|p1a: Sylveon\n|\n|-heal|p2a: Skarmory|75/100|[from] item: Leftovers\n|upkeep\n|turn|23\n|inactive|Time left: 300 sec this turn | 300 sec total\n|\n|t:|1783539885\n|move|p2a: Skarmory|Roost|p2a: Skarmory\n|-heal|p2a: Skarmory|100/100\n|-singleturn|p2a: Skarmory|move: Roost\n|move|p1a: Sylveon|Calm Mind|p1a: Sylveon\n|-boost|p1a: Sylveon|spa|1\n|-boost|p1a: Sylveon|spd|1\n|\n|upkeep\n|turn|24\n|inactive|Time left: 300 sec this turn | 300 sec total\n|\n|t:|1783539886\n|move|p2a: Skarmory|Brave Bird|p1a: Sylveon\n|-damage|p1a: Sylveon|164/300\n|-damage|p2a: Skarmory|81/100|[from] Recoil\n|move|p1a: Sylveon|Wish|p1a: Sylveon\n|\n|-heal|p2a: Skarmory|87/100|[from] item: Leftovers\n|-heal|p1a: Sylveon|182/300|[from] item: Leftovers\n|upkeep\n|turn|25\n|inactive|Time left: 300 sec this turn | 300 sec total\n|\n|t:|1783539887\n|move|p2a: Skarmory|Spikes|p1a: Sylveon\n|-sidestart|p1: p0x03741e0|Spikes\n|move|p1a: Sylveon|Calm Mind|p1a: Sylveon\n|-boost|p1a: Sylveon|spa|1\n|-boost|p1a: Sylveon|spd|1\n|\n|-heal|p1a: Sylveon|300/300|[from] move: Wish|[wisher] Sylveon\n|-heal|p2a: Skarmory|93/100|[from] item: Leftovers\n|upkeep\n|turn|26\n|inactive|Time left: 300 sec this turn | 300 sec total\n|\n|t:|1783539888\n|move|p1a: Sylveon|Protect|p1a: Sylveon\n|-singleturn|p1a: Sylveon|Protect\n|move|p2a: Skarmory|Spikes||[still]\n|-fail|p2a: Skarmory\n|\n|-heal|p2a: Skarmory|99/100|[from] item: Leftovers\n|upkeep\n|turn|27\n|inactive|Time left: 300 sec this turn | 300 sec total\n|\n|t:|1783539889\n|move|p2a: Skarmory|Brave Bird|p1a: Sylveon\n|-damage|p1a: Sylveon|168/300\n|-damage|p2a: Skarmory|80/100|[from] Recoil\n|move|p1a: Sylveon|Wish|p1a: Sylveon\n|\n|-heal|p2a: Skarmory|86/100|[from] item: Leftovers\n|-heal|p1a: Sylveon|186/300|[from] item: Leftovers\n|upkeep\n|turn|28\n|inactive|Time left: 300 sec this turn | 300 sec total\n|\n|t:|1783539890\n|move|p1a: Sylveon|Protect|p1a: Sylveon\n|-singleturn|p1a: Sylveon|Protect\n|move|p2a: Skarmory|Roost|p2a: Skarmory\n|-heal|p2a: Skarmory|100/100\n|-singleturn|p2a: Skarmory|move: Roost\n|\n|-heal|p1a: Sylveon|300/300|[from] move: Wish|[wisher] Sylveon\n|upkeep\n|turn|29\n|inactive|Time left: 300 sec this turn | 300 sec total\n|\n|t:|1783539891\n|move|p2a: Skarmory|Brave Bird|p1a: Sylveon\n|-damage|p1a: Sylveon|174/300\n|-damage|p2a: Skarmory|83/100|[from] Recoil\n|move|p1a: Sylveon|Wish|p1a: Sylveon\n|\n|-heal|p2a: Skarmory|89/100|[from] item: Leftovers\n|-heal|p1a: Sylveon|192/300|[from] item: Leftovers\n|upkeep\n|turn|30\n|inactive|Time left: 300 sec this turn | 300 sec total\n|\n|t:|1783539893\n|move|p2a: Skarmory|Roost|p2a: Skarmory\n|-heal|p2a: Skarmory|100/100\n|-singleturn|p2a: Skarmory|move: Roost\n|move|p1a: Sylveon|Calm Mind|p1a: Sylveon\n|-boost|p1a: Sylveon|spa|1\n|-boost|p1a: Sylveon|spd|1\n|\n|-heal|p1a: Sylveon|300/300|[from] move: Wish|[wisher] Sylveon\n|upkeep\n|turn|31\n|inactive|Time left: 300 sec this turn | 300 sec total\n|\n|t:|1783539893\n|move|p2a: Skarmory|Body Press|p1a: Sylveon\n|-resisted|p1a: Sylveon\n|-damage|p1a: Sylveon|257/300\n|move|p1a: Sylveon|Wish|p1a: Sylveon\n|\n|-heal|p1a: Sylveon|275/300|[from] item: Leftovers\n|upkeep\n|turn|32\n|inactive|Time left: 300 sec this turn | 300 sec total\n|\n|t:|1783539895\n|move|p1a: Sylveon|Protect|p1a: Sylveon\n|-singleturn|p1a: Sylveon|Protect\n|move|p2a: Skarmory|Body Press|p1a: Sylveon\n|-activate|p1a: Sylveon|move: Protect\n|\n|-heal|p1a: Sylveon|300/300|[from] move: Wish|[wisher] Sylveon\n|upkeep\n|turn|33\n|inactive|Time left: 300 sec this turn | 300 sec total\n|\n|t:|1783539895\n|move|p1a: Sylveon|Protect|p1a: Sylveon\n|-singleturn|p1a: Sylveon|Protect\n|move|p2a: Skarmory|Body Press|p1a: Sylveon\n|-activate|p1a: Sylveon|move: Protect\n|\n|upkeep\n|turn|34\n|inactive|Time left: 300 sec this turn | 300 sec total\n|\n|t:|1783539896\n|move|p2a: Skarmory|Body Press|p1a: Sylveon\n|-resisted|p1a: Sylveon\n|-damage|p1a: Sylveon|259/300\n|move|p1a: Sylveon|Wish|p1a: Sylveon\n|\n|-heal|p1a: Sylveon|277/300|[from] item: Leftovers\n|upkeep\n|turn|35\n|inactive|Time left: 300 sec this turn | 300 sec total\n|\n|t:|1783539897\n|move|p2a: Skarmory|Body Press|p1a: Sylveon\n|-resisted|p1a: Sylveon\n|-damage|p1a: Sylveon|236/300\n|move|p1a: Sylveon|Calm Mind|p1a: Sylveon\n|-boost|p1a: Sylveon|spa|0\n|-boost|p1a: Sylveon|spd|0\n|\n|-heal|p1a: Sylveon|300/300|[from] move: Wish|[wisher] Sylveon\n|upkeep\n|turn|36\n|inactive|Time left: 300 sec this turn | 300 sec total\n|\n|t:|1783539898\n|move|p1a: Sylveon|Protect|p1a: Sylveon\n|-singleturn|p1a: Sylveon|Protect\n|move|p2a: Skarmory|Brave Bird|p1a: Sylveon\n|-activate|p1a: Sylveon|move: Protect\n|\n|upkeep\n|turn|37\n|inactive|Time left: 300 sec this turn | 300 sec total\n|\n|t:|1783539899\n|move|p2a: Skarmory|Brave Bird|p1a: Sylveon\n|-damage|p1a: Sylveon|179/300\n|-damage|p2a: Skarmory|83/100|[from] Recoil\n|move|p1a: Sylveon|Wish|p1a: Sylveon\n|\n|-heal|p2a: Skarmory|89/100|[from] item: Leftovers\n|-heal|p1a: Sylveon|197/300|[from] item: Leftovers\n|upkeep\n|turn|38\n|inactive|Time left: 300 sec this turn | 300 sec total\n|\n|t:|1783539900\n|move|p1a: Sylveon|Protect|p1a: Sylveon\n|-singleturn|p1a: Sylveon|Protect\n|move|p2a: Skarmory|Spikes||[still]\n|-fail|p2a: Skarmory\n|\n|-heal|p1a: Sylveon|300/300|[from] move: Wish|[wisher] Sylveon\n|-heal|p2a: Skarmory|95/100|[from] item: Leftovers\n|upkeep\n|turn|39\n|inactive|Time left: 300 sec this turn | 300 sec total\n|\n|t:|1783539901\n|move|p2a: Skarmory|Brave Bird|p1a: Sylveon\n|-damage|p1a: Sylveon|182/300\n|-damage|p2a: Skarmory|79/100|[from] Recoil\n|move|p1a: Sylveon|Wish|p1a: Sylveon\n|\n|-heal|p2a: Skarmory|85/100|[from] item: Leftovers\n|-heal|p1a: Sylveon|200/300|[from] item: Leftovers\n|upkeep\n|turn|40\n|inactive|Time left: 300 sec this turn | 300 sec total\n|\n|t:|1783539902\n|move|p2a: Skarmory|Spikes||[still]\n|-fail|p2a: Skarmory\n|move|p1a: Sylveon|Calm Mind|p1a: Sylveon\n|-boost|p1a: Sylveon|spa|0\n|-boost|p1a: Sylveon|spd|0\n|\n|-heal|p1a: Sylveon|300/300|[from] move: Wish|[wisher] Sylveon\n|-heal|p2a: Skarmory|91/100|[from] item: Leftovers\n|upkeep\n|turn|41\n|inactive|Time left: 300 sec this turn | 300 sec total\n|\n|t:|1783539903\n|move|p2a: Skarmory|Spikes||[still]\n|-fail|p2a: Skarmory\n|move|p1a: Sylveon|Wish|p1a: Sylveon\n|\n|-heal|p2a: Skarmory|97/100|[from] item: Leftovers\n|upkeep\n|turn|42\n|inactive|Time left: 300 sec this turn | 300 sec total\n|\n|t:|1783539904\n|move|p1a: Sylveon|Protect|p1a: Sylveon\n|-singleturn|p1a: Sylveon|Protect\n|move|p2a: Skarmory|Roost|p2a: Skarmory\n|-heal|p2a: Skarmory|100/100\n|-singleturn|p2a: Skarmory|move: Roost\n|\n|upkeep\n|turn|43\n|inactive|Time left: 300 sec this turn | 300 sec total\n|\n|t:|1783539905\n|move|p2a: Skarmory|Brave Bird|p1a: Sylveon\n|-damage|p1a: Sylveon|170/300\n|-damage|p2a: Skarmory|82/100|[from] Recoil\n|move|p1a: Sylveon|Wish|p1a: Sylveon\n|\n|-heal|p2a: Skarmory|88/100|[from] item: Leftovers\n|-heal|p1a: Sylveon|188/300|[from] item: Leftovers\n|upkeep\n|turn|44\n|inactive|Time left: 300 sec this turn | 300 sec total\n|\n|t:|1783539906\n|move|p1a: Sylveon|Protect|p1a: Sylveon\n|-singleturn|p1a: Sylveon|Protect\n|move|p2a: Skarmory|Body Press|p1a: Sylveon\n|-activate|p1a: Sylveon|move: Protect\n|\n|-heal|p1a: Sylveon|300/300|[from] move: Wish|[wisher] Sylveon\n|-heal|p2a: Skarmory|94/100|[from] item: Leftovers\n|upkeep\n|turn|45\n|inactive|Time left: 300 sec this turn | 300 sec total\n|\n|t:|1783539907\n|move|p2a: Skarmory|Brave Bird|p1a: Sylveon\n|-damage|p1a: Sylveon|180/300\n|-damage|p2a: Skarmory|77/100|[from] Recoil\n|move|p1a: Sylveon|Wish|p1a: Sylveon\n|\n|-heal|p2a: Skarmory|83/100|[from] item: Leftovers\n|-heal|p1a: Sylveon|198/300|[from] item: Leftovers\n|upkeep\n|turn|46\n|inactive|Time left: 300 sec this turn | 300 sec total\n|\n|t:|1783539909\n|move|p2a: Skarmory|Spikes||[still]\n|-fail|p2a: Skarmory\n|move|p1a: Sylveon|Wish||[still]\n|-fail|p1a: Sylveon\n|\n|-heal|p1a: Sylveon|300/300|[from] move: Wish|[wisher] Sylveon\n|-heal|p2a: Skarmory|89/100|[from] item: Leftovers\n|upkeep\n|turn|47\n|inactive|Time left: 300 sec this turn | 300 sec total\n|\n|t:|1783539910\n|move|p2a: Skarmory|Brave Bird|p1a: Sylveon\n|-damage|p1a: Sylveon|165/300\n|-damage|p2a: Skarmory|70/100|[from] Recoil\n|move|p1a: Sylveon|Wish|p1a: Sylveon\n|\n|-heal|p2a: Skarmory|76/100|[from] item: Leftovers\n|-heal|p1a: Sylveon|183/300|[from] item: Leftovers\n|upkeep\n|turn|48\n|inactive|Time left: 300 sec this turn | 300 sec total\n|\n|t:|1783539911\n|move|p2a: Skarmory|Roost|p2a: Skarmory\n|-heal|p2a: Skarmory|100/100\n|-singleturn|p2a: Skarmory|move: Roost\n|move|p1a: Sylveon|Wish||[still]\n|-fail|p1a: Sylveon\n|\n|-heal|p1a: Sylveon|300/300|[from] move: Wish|[wisher] Sylveon\n|upkeep\n|turn|49\n|inactive|Time left: 300 sec this turn | 300 sec total\n|\n|t:|1783539912\n|move|p2a: Skarmory|Body Press|p1a: Sylveon\n|-resisted|p1a: Sylveon\n|-damage|p1a: Sylveon|257/300\n|move|p1a: Sylveon|Calm Mind|p1a: Sylveon\n|-boost|p1a: Sylveon|spa|0\n|-boost|p1a: Sylveon|spd|0\n|\n|-heal|p1a: Sylveon|275/300|[from] item: Leftovers\n|upkeep\n|turn|50\n|inactive|Time left: 300 sec this turn | 300 sec total\n|\n|t:|1783539913\n|move|p1a: Sylveon|Protect|p1a: Sylveon\n|-singleturn|p1a: Sylveon|Protect\n|move|p2a: Skarmory|Roost||[still]\n|-fail|p2a: Skarmory|heal\n|\n|-heal|p1a: Sylveon|293/300|[from] item: Leftovers\n|upkeep\n|turn|51\n|inactive|Time left: 300 sec this turn | 300 sec total\n|\n|t:|1783539914\n|move|p2a: Skarmory|Brave Bird|p1a: Sylveon\n|-damage|p1a: Sylveon|172/300\n|-damage|p2a: Skarmory|83/100|[from] Recoil\n|move|p1a: Sylveon|Wish|p1a: Sylveon\n|\n|-heal|p2a: Skarmory|89/100|[from] item: Leftovers\n|-heal|p1a: Sylveon|190/300|[from] item: Leftovers\n|upkeep\n|turn|52\n|inactive|Time left: 300 sec this turn | 300 sec total\n|\n|t:|1783539915\n|move|p2a: Skarmory|Body Press|p1a: Sylveon\n|-resisted|p1a: Sylveon\n|-damage|p1a: Sylveon|145/300\n|move|p1a: Sylveon|Calm Mind|p1a: Sylveon\n|-boost|p1a: Sylveon|spa|0\n|-boost|p1a: Sylveon|spd|0\n|\n|-heal|p1a: Sylveon|295/300|[from] move: Wish|[wisher] Sylveon\n|-heal|p2a: Skarmory|95/100|[from] item: Leftovers\n|-heal|p1a: Sylveon|300/300|[from] item: Leftovers\n|upkeep\n|turn|53\n|inactive|Time left: 300 sec this turn | 300 sec total\n|\n|t:|1783539917\n|move|p1a: Sylveon|Protect|p1a: Sylveon\n|-singleturn|p1a: Sylveon|Protect\n|move|p2a: Skarmory|Brave Bird|p1a: Sylveon\n|-activate|p1a: Sylveon|move: Protect\n|\n|-heal|p2a: Skarmory|100/100|[from] item: Leftovers\n|upkeep\n|turn|54\n|inactive|Time left: 300 sec this turn | 300 sec total\n|\n|t:|1783539918\n|move|p1a: Sylveon|Protect||[still]\n|-fail|p1a: Sylveon\n|move|p2a: Skarmory|Brave Bird|p1a: Sylveon\n|-damage|p1a: Sylveon|171/300\n|-damage|p2a: Skarmory|82/100|[from] Recoil\n|\n|-heal|p2a: Skarmory|88/100|[from] item: Leftovers\n|-heal|p1a: Sylveon|189/300|[from] item: Leftovers\n|upkeep\n|turn|55\n|inactive|Time left: 300 sec this turn | 300 sec total\n|\n|t:|1783539919\n|move|p2a: Skarmory|Brave Bird|p1a: Sylveon\n|-damage|p1a: Sylveon|56/300\n|-damage|p2a: Skarmory|69/100|[from] Recoil\n|move|p1a: Sylveon|Wish|p1a: Sylveon\n|\n|-heal|p2a: Skarmory|75/100|[from] item: Leftovers\n|-heal|p1a: Sylveon|74/300|[from] item: Leftovers\n|upkeep\n|turn|56\n|inactive|Time left: 300 sec this turn | 300 sec total\n|\n|t:|1783539920\n|move|p1a: Sylveon|Protect|p1a: Sylveon\n|-singleturn|p1a: Sylveon|Protect\n|move|p2a: Skarmory|Brave Bird|p1a: Sylveon\n|-activate|p1a: Sylveon|move: Protect\n|\n|-heal|p1a: Sylveon|224/300|[from] move: Wish|[wisher] Sylveon\n|-heal|p2a: Skarmory|81/100|[from] item: Leftovers\n|-heal|p1a: Sylveon|242/300|[from] item: Leftovers\n|upkeep\n|turn|57\n|inactive|Time left: 300 sec this turn | 300 sec total\n|\n|t:|1783539921\n|move|p1a: Sylveon|Protect||[still]\n|-fail|p1a: Sylveon\n|move|p2a: Skarmory|Brave Bird|p1a: Sylveon\n|-damage|p1a: Sylveon|107/300\n|-damage|p2a: Skarmory|62/100|[from] Recoil\n|\n|-heal|p2a: Skarmory|68/100|[from] item: Leftovers\n|-heal|p1a: Sylveon|125/300|[from] item: Leftovers\n|upkeep\n|turn|58\n|inactive|Time left: 300 sec this turn | 300 sec total\n|\n|t:|1783539923\n|move|p1a: Sylveon|Protect|p1a: Sylveon\n|-singleturn|p1a: Sylveon|Protect\n|move|p2a: Skarmory|Brave Bird|p1a: Sylveon\n|-activate|p1a: Sylveon|move: Protect\n|\n|-heal|p2a: Skarmory|74/100|[from] item: Leftovers\n|-heal|p1a: Sylveon|143/300|[from] item: Leftovers\n|upkeep\n|turn|59\n|inactive|Time left: 300 sec this turn | 300 sec total\n|\n|t:|1783539924\n|move|p2a: Skarmory|Brave Bird|p1a: Sylveon\n|-damage|p1a: Sylveon|20/300\n|-damage|p2a: Skarmory|57/100|[from] Recoil\n|move|p1a: Sylveon|Calm Mind|p1a: Sylveon\n|-boost|p1a: Sylveon|spa|0\n|-boost|p1a: Sylveon|spd|0\n|\n|-heal|p2a: Skarmory|63/100|[from] item: Leftovers\n|-heal|p1a: Sylveon|38/300|[from] item: Leftovers\n|upkeep\n|turn|60\n|inactive|Time left: 300 sec this turn | 300 sec total\n|\n|t:|1783539925\n|move|p1a: Sylveon|Protect|p1a: Sylveon\n|-singleturn|p1a: Sylveon|Protect\n|move|p2a: Skarmory|Brave Bird|p1a: Sylveon\n|-activate|p1a: Sylveon|move: Protect\n|\n|-heal|p2a: Skarmory|69/100|[from] item: Leftovers\n|-heal|p1a: Sylveon|56/300|[from] item: Leftovers\n|upkeep\n|turn|61\n|inactive|Time left: 300 sec this turn | 300 sec total\n|\n|t:|1783539926\n|switch|p1a: Rotom|Rotom-Heat, L83|219/219\n|move|p2a: Skarmory|Brave Bird|p1a: Rotom\n|-resisted|p1a: Rotom\n|-damage|p1a: Rotom|174/219\n|-damage|p2a: Skarmory|62/100|[from] Recoil\n|\n|-heal|p2a: Skarmory|68/100|[from] item: Leftovers\n|upkeep\n|turn|62\n|inactive|Time left: 300 sec this turn | 300 sec total\n|\n|t:|1783539928\n|switch|p2a: Milotic|Milotic, L83, F|100/100\n|move|p1a: Rotom|Discharge|p2a: Milotic\n|-supereffective|p2a: Milotic\n|-damage|p2a: Milotic|53/100\n|\n|-heal|p2a: Milotic|59/100|[from] item: Leftovers\n|upkeep\n|turn|63\n|inactive|Time left: 300 sec this turn | 300 sec total\n|\n|t:|1783539929\n|move|p1a: Rotom|Discharge|p2a: Milotic\n|-supereffective|p2a: Milotic\n|-damage|p2a: Milotic|14/100\n|move|p2a: Milotic|Recover|p2a: Milotic\n|-heal|p2a: Milotic|64/100\n|\n|-heal|p2a: Milotic|70/100|[from] item: Leftovers\n|upkeep\n|turn|64\n|inactive|Time left: 300 sec this turn | 300 sec total\n|\n|t:|1783539930\n|move|p1a: Rotom|Discharge|p2a: Milotic\n|-supereffective|p2a: Milotic\n|-damage|p2a: Milotic|23/100\n|move|p2a: Milotic|Recover|p2a: Milotic\n|-heal|p2a: Milotic|73/100\n|\n|-heal|p2a: Milotic|79/100|[from] item: Leftovers\n|upkeep\n|turn|65\n|inactive|Time left: 300 sec this turn | 300 sec total\n|\n|t:|1783539931\n|move|p1a: Rotom|Discharge|p2a: Milotic\n|-supereffective|p2a: Milotic\n|-damage|p2a: Milotic|34/100\n|move|p2a: Milotic|Scald|p1a: Rotom\n|-supereffective|p1a: Rotom\n|-damage|p1a: Rotom|18/219\n|\n|-heal|p2a: Milotic|40/100|[from] item: Leftovers\n|upkeep\n|turn|66\n|inactive|Time left: 300 sec this turn | 300 sec total\n|\n|t:|1783539932\n|-terastallize|p2a: Milotic|Steel\n|move|p1a: Rotom|Discharge|p2a: Milotic\n|-damage|p2a: Milotic|17/100\n|move|p2a: Milotic|Scald|p1a: Rotom\n|-supereffective|p1a: Rotom\n|-damage|p1a: Rotom|0 fnt\n|faint|p1a: Rotom\n|\n|-heal|p2a: Milotic|23/100|[from] item: Leftovers\n|upkeep\n|inactive|Time left: 300 sec this turn | 300 sec total | 5 sec grace\n|\n|t:|1783539933\n|switch|p1a: Persian|Persian, L92, F|269/269\n|-damage|p1a: Persian|236/269|[from] Stealth Rock\n|-damage|p1a: Persian|169/269|[from] Spikes\n|turn|67\n|inactive|Time left: 300 sec this turn | 300 sec total\n|\n|t:|1783539934\n|switch|p2a: Skarmory|Skarmory, L80, F|68/100\n|move|p1a: Persian|Knock Off|p2a: Skarmory\n|-damage|p2a: Skarmory|47/100\n|-enditem|p2a: Skarmory|Leftovers|[from] move: Knock Off|[of] p1a: Persian\n|\n|upkeep\n|turn|68\n|inactive|Time left: 300 sec this turn | 300 sec total\n|\n|t:|1783539935\n|move|p1a: Persian|U-turn|p2a: Skarmory\n|-resisted|p2a: Skarmory\n|-crit|p2a: Skarmory\n|-damage|p2a: Skarmory|42/100\n|inactive|Time left: 300 sec this turn | 300 sec total | 5 sec grace\n|\n|t:|1783539936\n|switch|p1a: Sylveon|Sylveon, L85, F|56/300|[from] U-turn\n|-damage|p1a: Sylveon|19/300|[from] Stealth Rock\n|-damage|p1a: Sylveon|0 fnt|[from] Spikes\n|faint|p1a: Sylveon\n|move|p2a: Skarmory|Body Press|p1: Sylveon|[notarget]\n|-fail|p2a: Skarmory\n|\n|upkeep\n|inactive|Time left: 300 sec this turn | 300 sec total | 10 sec grace\n|\n|t:|1783539937\n|switch|p1a: Sunflora|Sunflora, F|312/312\n|-damage|p1a: Sunflora|273/312|[from] Stealth Rock\n|-damage|p1a: Sunflora|195/312|[from] Spikes\n|turn|69\n|inactive|Time left: 300 sec this turn | 300 sec total\n|\n|t:|1783539938\n|move|p2a: Skarmory|Body Press|p1a: Sunflora\n|-damage|p1a: Sunflora|114/312\n|move|p1a: Sunflora|Leaf Storm|p2a: Skarmory\n|-resisted|p2a: Skarmory\n|-damage|p2a: Skarmory|0 fnt\n|-unboost|p1a: Sunflora|spa|2\n|faint|p2a: Skarmory\n|\n|upkeep\n|\n|t:|1783539939\n|switch|p2a: Milotic|Milotic, L83, F, tera:Steel|23/100\n|turn|70\n|inactive|Time left: 300 sec this turn | 300 sec total\n|\n|t:|1783539940\n|move|p2a: Milotic|Recover|p2a: Milotic\n|-heal|p2a: Milotic|73/100\n|move|p1a: Sunflora|Leaf Storm|p2a: Milotic\n|-resisted|p2a: Milotic\n|-damage|p2a: Milotic|52/100\n|-unboost|p1a: Sunflora|spa|2\n|\n|-heal|p2a: Milotic|58/100|[from] item: Leftovers\n|upkeep\n|turn|71\n|inactive|Time left: 300 sec this turn | 300 sec total\n|\n|t:|1783539941\n|move|p2a: Milotic|Ice Beam|p1a: Sunflora\n|-supereffective|p1a: Sunflora\n|-damage|p1a: Sunflora|0 fnt\n|faint|p1a: Sunflora\n|\n|-heal|p2a: Milotic|64/100|[from] item: Leftovers\n|upkeep\n|inactive|Time left: 300 sec this turn | 300 sec total | 5 sec grace\n|\n|t:|1783539942\n|switch|p1a: Persian|Persian, L92, F|169/269\n|-damage|p1a: Persian|136/269|[from] Stealth Rock\n|-damage|p1a: Persian|69/269|[from] Spikes\n|turn|72\n|inactive|Time left: 300 sec this turn | 300 sec total\n|\n|t:|1783539943\n|move|p1a: Persian|Fake Out|p2a: Milotic\n|-resisted|p2a: Milotic\n|-damage|p2a: Milotic|50/100\n|cant|p2a: Milotic|flinch\n|\n|-heal|p2a: Milotic|56/100|[from] item: Leftovers\n|upkeep\n|turn|73\n|inactive|Time left: 300 sec this turn | 300 sec total\n|\n|t:|1783539944\n|move|p1a: Persian|Fake Out||[still]\n|-hint|Fake Out only works on your first turn out.\n|-fail|p1a: Persian\n|move|p2a: Milotic|Ice Beam|p1a: Persian\n|-damage|p1a: Persian|0 fnt\n|faint|p1a: Persian\n|\n|win|p0y037de54", "uploadtime": 1783539944, "views": 0, "rating": 0, "private": 0, "password": null, "_winner": "p0y037de54", "_our_name": "p0x03741e0"}