{"id": "battle-gen9randombattle-1283", "formatid": "gen9randombattle", "format": "[Gen 9] Random Battle", "players": ["p0x1283ea3b", "p0y12837ee5"], "log": "|init|battle\n|title|p0x1283ea3b vs. p0y12837ee5\n|j|\u2606p0x1283ea3b\n|j|\u2606p0y12837ee5\n|t:|1783554892\n|gametype|singles\n|player|p1|p0x1283ea3b|1|\n|player|p2|p0y12837ee5|265|\n|gen|9\n|tier|[Gen 9] Random Battle\n|rule|Species Clause: Limit one of each Pok\u00e9mon\n|rule|HP Percentage Mod: HP is shown in percentages\n|rule|Sleep Clause Mod: Limit one foe put to sleep\n|rule|Illusion Level Mod: Illusion disguises the Pok\u00e9mon's true level\n|\n|t:|1783554892\n|teamsize|p1|6\n|teamsize|p2|6\n|start\n|switch|p1a: Arbok|Arbok, L87, F|246/246\n|switch|p2a: Coalossal|Coalossal, L89, F|100/100\n|-ability|p1a: Arbok|Intimidate|boost\n|-unboost|p2a: Coalossal|atk|1\n|turn|1\n|inactive|Battle timer is ON: inactive players will automatically lose when time's up. (requested by p0x1283ea3b)\n|\n|t:|1783554894\n|switch|p2a: Piloswine|Piloswine, L85, F|100/100\n|move|p1a: Arbok|Earthquake|p2a: Piloswine\n|-damage|p2a: Piloswine|84/100\n|\n|upkeep\n|turn|2\n|inactive|Time left: 300 sec this turn | 300 sec total\n|inactive|p0y12837ee5 also wants the timer to be on.\n|\n|t:|1783554896\n|move|p1a: Arbok|Coil|p1a: Arbok\n|-boost|p1a: Arbok|atk|1\n|-boost|p1a: Arbok|def|1\n|-boost|p1a: Arbok|accuracy|1\n|move|p2a: Piloswine|Earthquake|p1a: Arbok\n|-supereffective|p1a: Arbok\n|-damage|p1a: Arbok|84/246\n|\n|-heal|p1a: Arbok|99/246|[from] item: Leftovers\n|upkeep\n|turn|3\n|inactive|Time left: 300 sec this turn | 300 sec total\n|\n|t:|1783554897\n|move|p1a: Arbok|Earthquake|p2a: Piloswine\n|-damage|p2a: Piloswine|58/100\n|move|p2a: Piloswine|Earthquake|p1a: Arbok\n|-supereffective|p1a: Arbok\n|-damage|p1a: Arbok|0 fnt\n|faint|p1a: Arbok\n|\n|upkeep\n|inactive|Time left: 300 sec this turn | 300 sec total | 5 sec grace\n|\n|t:|1783554898\n|switch|p1a: Crawdaunt|Crawdaunt, L84, M|243/243\n|turn|4\n|inactive|Time left: 300 sec this turn | 300 sec total\n|\n|t:|1783554899\n|move|p1a: Crawdaunt|Crabhammer|p2a: Piloswine\n|-supereffective|p2a: Piloswine\n|-damage|p2a: Piloswine|0 fnt\n|faint|p2a: Piloswine\n|-damage|p1a: Crawdaunt|219/243|[from] item: Life Orb\n|\n|upkeep\n|\n|t:|1783554900\n|switch|p2a: Lurantis|Lurantis, L87, M|100/100\n|turn|5\n|inactive|Time left: 300 sec this turn | 300 sec total\n|\n|t:|1783554901\n|move|p1a: Crawdaunt|Knock Off|p2a: Lurantis\n|-damage|p2a: Lurantis|19/100\n|-enditem|p2a: Lurantis|Assault Vest|[from] move: Knock Off|[of] p1a: Crawdaunt\n|-damage|p1a: Crawdaunt|195/243|[from] item: Life Orb\n|move|p2a: Lurantis|Superpower|p1a: Crawdaunt\n|-supereffective|p1a: Crawdaunt\n|-damage|p1a: Crawdaunt|0 fnt\n|-boost|p2a: Lurantis|atk|1\n|-boost|p2a: Lurantis|def|1\n|faint|p1a: Crawdaunt\n|\n|upkeep\n|inactive|Time left: 300 sec this turn | 300 sec total | 5 sec grace\n|\n|t:|1783554902\n|switch|p1a: Raging Bolt|Raging Bolt, L78|323/323\n|-enditem|p1a: Raging Bolt|Booster Energy\n|-activate|p1a: Raging Bolt|ability: Protosynthesis|[fromitem]\n|-start|p1a: Raging Bolt|protosynthesisspa\n|turn|6\n|inactive|Time left: 300 sec this turn | 300 sec total\n|\n|t:|1783554903\n|switch|p2a: Lanturn|Lanturn, L89, F|100/100\n|move|p1a: Raging Bolt|Thunderbolt|p2a: Lanturn\n|-immune|p2a: Lanturn|[from] ability: Volt Absorb\n|\n|upkeep\n|turn|7\n|inactive|Time left: 300 sec this turn | 300 sec total\n|\n|t:|1783554904\n|move|p2a: Lanturn|Scald|p1a: Raging Bolt\n|-resisted|p1a: Raging Bolt\n|-damage|p1a: Raging Bolt|279/323\n|-status|p1a: Raging Bolt|brn\n|move|p1a: Raging Bolt|Calm Mind|p1a: Raging Bolt\n|-boost|p1a: Raging Bolt|spa|1\n|-boost|p1a: Raging Bolt|spd|1\n|\n|-damage|p1a: Raging Bolt|259/323 brn|[from] brn\n|upkeep\n|turn|8\n|inactive|Time left: 300 sec this turn | 300 sec total\n|\n|t:|1783554905\n|switch|p2a: Jirachi|Jirachi, L80|100/100\n|move|p1a: Raging Bolt|Dragon Pulse|p2a: Jirachi\n|-resisted|p2a: Jirachi\n|-damage|p2a: Jirachi|69/100\n|\n|-heal|p2a: Jirachi|75/100|[from] item: Leftovers\n|-damage|p1a: Raging Bolt|239/323 brn|[from] brn\n|upkeep\n|turn|9\n|inactive|Time left: 300 sec this turn | 300 sec total\n|\n|t:|1783554906\n|move|p2a: Jirachi|Iron Head|p1a: Raging Bolt\n|-resisted|p1a: Raging Bolt\n|-damage|p1a: Raging Bolt|199/323 brn\n|cant|p1a: Raging Bolt|flinch\n|\n|-heal|p2a: Jirachi|82/100|[from] item: Leftovers\n|-damage|p1a: Raging Bolt|179/323 brn|[from] brn\n|upkeep\n|turn|10\n|inactive|Time left: 300 sec this turn | 300 sec total\n|\n|t:|1783554907\n|move|p2a: Jirachi|Iron Head|p1a: Raging Bolt\n|-resisted|p1a: Raging Bolt\n|-damage|p1a: Raging Bolt|137/323 brn\n|move|p1a: Raging Bolt|Thunderbolt|p2a: Jirachi\n|-damage|p2a: Jirachi|13/100\n|\n|-heal|p2a: Jirachi|19/100|[from] item: Leftovers\n|-damage|p1a: Raging Bolt|117/323 brn|[from] brn\n|upkeep\n|turn|11\n|inactive|Time left: 300 sec this turn | 300 sec total\n|\n|t:|1783554908\n|move|p2a: Jirachi|Iron Head|p1a: Raging Bolt\n|-resisted|p1a: Raging Bolt\n|-damage|p1a: Raging Bolt|77/323 brn\n|move|p1a: Raging Bolt|Dragon Pulse|p2a: Jirachi\n|-resisted|p2a: Jirachi\n|-damage|p2a: Jirachi|0 fnt\n|faint|p2a: Jirachi\n|\n|-damage|p1a: Raging Bolt|57/323 brn|[from] brn\n|upkeep\n|\n|t:|1783554909\n|switch|p2a: Lanturn|Lanturn, L89, F|100/100\n|turn|12\n|inactive|Time left: 300 sec this turn | 300 sec total\n|\n|t:|1783554911\n|move|p2a: Lanturn|Scald|p1a: Raging Bolt\n|-resisted|p1a: Raging Bolt\n|-damage|p1a: Raging Bolt|29/323 brn\n|move|p1a: Raging Bolt|Dragon Pulse|p2a: Lanturn\n|-damage|p2a: Lanturn|45/100\n|\n|-damage|p1a: Raging Bolt|9/323 brn|[from] brn\n|upkeep\n|turn|13\n|inactive|Time left: 300 sec this turn | 300 sec total\n|\n|t:|1783554912\n|-end|p1a: Raging Bolt|Protosynthesis|[silent]\n|switch|p1a: Grumpig|Grumpig, L92, F|297/297\n|move|p2a: Lanturn|Volt Switch|p1a: Grumpig\n|-damage|p1a: Grumpig|240/297\n|\n|t:|1783554913\n|switch|p2a: Swanna|Swanna, L89, F|100/100|[from] Volt Switch\n|\n|upkeep\n|turn|14\n|inactive|Time left: 300 sec this turn | 300 sec total\n|\n|t:|1783554914\n|move|p2a: Swanna|Brave Bird|p1a: Grumpig\n|-damage|p1a: Grumpig|78/297\n|-damage|p2a: Swanna|81/100|[from] Recoil\n|move|p1a: Grumpig|Psyshock|p2a: Swanna\n|-damage|p2a: Swanna|20/100\n|\n|upkeep\n|turn|15\n|inactive|Time left: 300 sec this turn | 300 sec total\n|\n|t:|1783554915\n|move|p2a: Swanna|Hydro Pump|p1a: Grumpig\n|-damage|p1a: Grumpig|0 fnt\n|faint|p1a: Grumpig\n|\n|upkeep\n|inactive|Time left: 300 sec this turn | 300 sec total | 5 sec grace\n|\n|t:|1783554916\n|switch|p1a: Lurantis|Lurantis, L87, F|264/264\n|turn|16\n|inactive|Time left: 300 sec this turn | 300 sec total\n|\n|t:|1783554917\n|-terastallize|p1a: Lurantis|Steel\n|move|p2a: Swanna|Brave Bird|p1a: Lurantis\n|-resisted|p1a: Lurantis\n|-damage|p1a: Lurantis|197/264\n|-damage|p2a: Swanna|12/100|[from] Recoil\n|move|p1a: Lurantis|Leaf Storm|p2a: Swanna\n|-damage|p2a: Swanna|0 fnt\n|-boost|p1a: Lurantis|spa|2\n|faint|p2a: Swanna\n|\n|upkeep\n|\n|t:|1783554918\n|switch|p2a: Lurantis|Lurantis, L87, M|19/100\n|turn|17\n|inactive|Time left: 300 sec this turn | 300 sec total\n|\n|t:|1783554919\n|move|p1a: Lurantis|Superpower|p2a: Lurantis\n|-damage|p2a: Lurantis|0 fnt\n|-boost|p1a: Lurantis|atk|1\n|-boost|p1a: Lurantis|def|1\n|faint|p2a: Lurantis\n|\n|upkeep\n|\n|t:|1783554920\n|switch|p2a: Coalossal|Coalossal, L89, F|100/100\n|turn|18\n|inactive|Time left: 300 sec this turn | 300 sec total\n|\n|t:|1783554921\n|move|p1a: Lurantis|Leaf Storm|p2a: Coalossal\n|-damage|p2a: Coalossal|27/100\n|-boost|p1a: Lurantis|spa|2\n|move|p2a: Coalossal|Flamethrower|p1a: Lurantis\n|-supereffective|p1a: Lurantis\n|-damage|p1a: Lurantis|81/264\n|\n|upkeep\n|turn|19\n|inactive|Time left: 300 sec this turn | 300 sec total\n|\n|t:|1783554922\n|move|p1a: Lurantis|Superpower|p2a: Coalossal\n|-supereffective|p2a: Coalossal\n|-damage|p2a: Coalossal|0 fnt\n|-boost|p1a: Lurantis|atk|1\n|-boost|p1a: Lurantis|def|1\n|-status|p1a: Lurantis|brn|[from] ability: Flame Body|[of] p2a: Coalossal\n|faint|p2a: Coalossal\n|\n|-damage|p1a: Lurantis|65/264 brn|[from] brn\n|upkeep\n|\n|t:|1783554923\n|switch|p2a: Lanturn|Lanturn, L89, F|45/100\n|turn|20\n|inactive|Time left: 300 sec this turn | 300 sec total\n|\n|t:|1783554924\n|move|p2a: Lanturn|Volt Switch|p1a: Lurantis\n|-damage|p1a: Lurantis|22/264 brn\n|move|p1a: Lurantis|Leaf Storm|p2a: Lanturn\n|-supereffective|p2a: Lanturn\n|-damage|p2a: Lanturn|0 fnt\n|-boost|p1a: Lurantis|spa|2\n|faint|p2a: Lanturn\n|\n|win|p0x1283ea3b", "uploadtime": 1783554924, "views": 0, "rating": 0, "private": 0, "password": null, "_winner": "p0x1283ea3b", "_our_name": "p0x1283ea3b"}