{"id": "battle-gen9randombattle-1545", "formatid": "gen9randombattle", "format": "[Gen 9] Random Battle", "players": ["p0x1545e9d6", "p0y15455f8c"], "log": "|init|battle\n|title|p0x1545e9d6 vs. p0y15455f8c\n|j|\u2606p0x1545e9d6\n|j|\u2606p0y15455f8c\n|t:|1783557065\n|gametype|singles\n|player|p1|p0x1545e9d6|102|\n|player|p2|p0y15455f8c|170|\n|gen|9\n|tier|[Gen 9] Random Battle\n|rule|Species Clause: Limit one of each Pok\u00e9mon\n|rule|HP Percentage Mod: HP is shown in percentages\n|rule|Sleep Clause Mod: Limit one foe put to sleep\n|rule|Illusion Level Mod: Illusion disguises the Pok\u00e9mon's true level\n|\n|t:|1783557065\n|teamsize|p1|6\n|teamsize|p2|6\n|start\n|switch|p1a: Clodsire|Clodsire, L81, F|100/100\n|switch|p2a: Venusaur|Venusaur, L84, F|272/272\n|turn|1\n|inactive|Battle timer is ON: inactive players will automatically lose when time's up. (requested by p0x1545e9d6)\n|inactive|Time left: 300 sec this turn | 300 sec total | 60 sec grace\n|inactive|p0y15455f8c also wants the timer to be on.\n|\n|t:|1783557066\n|move|p2a: Venusaur|Earth Power|p1a: Clodsire\n|-supereffective|p1a: Clodsire\n|-damage|p1a: Clodsire|61/100\n|move|p1a: Clodsire|Spikes|p2a: Venusaur\n|-sidestart|p2: p0y15455f8c|Spikes\n|\n|-heal|p1a: Clodsire|68/100|[from] item: Leftovers\n|upkeep\n|turn|2\n|inactive|Time left: 300 sec this turn | 300 sec total\n|\n|t:|1783557067\n|move|p2a: Venusaur|Earth Power|p1a: Clodsire\n|-supereffective|p1a: Clodsire\n|-damage|p1a: Clodsire|29/100\n|move|p1a: Clodsire|Recover|p1a: Clodsire\n|-heal|p1a: Clodsire|79/100\n|\n|-heal|p1a: Clodsire|85/100|[from] item: Leftovers\n|upkeep\n|turn|3\n|inactive|Time left: 300 sec this turn | 300 sec total\n|\n|t:|1783557068\n|switch|p2a: Blastoise|Blastoise, L80, F|258/258\n|-damage|p2a: Blastoise|226/258|[from] Spikes\n|move|p1a: Clodsire|Spikes|p2a: Blastoise\n|-sidestart|p2: p0y15455f8c|Spikes\n|\n|-heal|p1a: Clodsire|91/100|[from] item: Leftovers\n|upkeep\n|turn|4\n|inactive|Time left: 300 sec this turn | 300 sec total\n|\n|t:|1783557069\n|move|p2a: Blastoise|Shell Smash|p2a: Blastoise\n|-unboost|p2a: Blastoise|def|1\n|-unboost|p2a: Blastoise|spd|1\n|-boost|p2a: Blastoise|atk|2\n|-boost|p2a: Blastoise|spa|2\n|-boost|p2a: Blastoise|spe|2\n|-enditem|p2a: Blastoise|White Herb\n|-clearnegativeboost|p2a: Blastoise|[silent]\n|move|p1a: Clodsire|Earthquake|p2a: Blastoise\n|-damage|p2a: Blastoise|142/258\n|\n|-heal|p1a: Clodsire|98/100|[from] item: Leftovers\n|upkeep\n|turn|5\n|inactive|Time left: 300 sec this turn | 300 sec total\n|\n|t:|1783557070\n|move|p2a: Blastoise|Earthquake|p1a: Clodsire\n|-supereffective|p1a: Clodsire\n|-damage|p1a: Clodsire|55/100\n|move|p1a: Clodsire|Earthquake|p2a: Blastoise\n|-damage|p2a: Blastoise|61/258\n|\n|-heal|p1a: Clodsire|61/100|[from] item: Leftovers\n|upkeep\n|turn|6\n|inactive|Time left: 300 sec this turn | 300 sec total\n|\n|t:|1783557071\n|-terastallize|p1a: Clodsire|Flying\n|move|p2a: Blastoise|Earthquake|p1a: Clodsire\n|-immune|p1a: Clodsire\n|move|p1a: Clodsire|Earthquake|p2a: Blastoise\n|-damage|p2a: Blastoise|0 fnt\n|faint|p2a: Blastoise\n|\n|-heal|p1a: Clodsire|67/100|[from] item: Leftovers\n|upkeep\n|inactive|Time left: 300 sec this turn | 300 sec total | 5 sec grace\n|\n|t:|1783557072\n|switch|p2a: Iron Valiant|Iron Valiant, L78|244/244\n|-damage|p2a: Iron Valiant|204/244|[from] Spikes\n|turn|7\n|inactive|Time left: 300 sec this turn | 300 sec total\n|\n|t:|1783557074\n|move|p2a: Iron Valiant|Knock Off|p1a: Clodsire\n|-damage|p1a: Clodsire|26/100\n|-enditem|p1a: Clodsire|Leftovers|[from] move: Knock Off|[of] p2a: Iron Valiant\n|-damage|p2a: Iron Valiant|180/244|[from] item: Life Orb\n|move|p1a: Clodsire|Poison Jab|p2a: Iron Valiant\n|-supereffective|p2a: Iron Valiant\n|-damage|p2a: Iron Valiant|40/244\n|\n|upkeep\n|turn|8\n|inactive|Time left: 300 sec this turn | 300 sec total\n|\n|t:|1783557075\n|switch|p1a: Venusaur|Venusaur, L84, M|100/100\n|move|p2a: Iron Valiant|Close Combat|p1a: Venusaur\n|-resisted|p1a: Venusaur\n|-damage|p1a: Venusaur|65/100\n|-unboost|p2a: Iron Valiant|def|1\n|-unboost|p2a: Iron Valiant|spd|1\n|-damage|p2a: Iron Valiant|16/244|[from] item: Life Orb\n|\n|-heal|p1a: Venusaur|71/100|[from] item: Leftovers\n|upkeep\n|turn|9\n|inactive|Time left: 300 sec this turn | 300 sec total\n|\n|t:|1783557076\n|move|p2a: Iron Valiant|Knock Off|p1a: Venusaur\n|-damage|p1a: Venusaur|33/100\n|-enditem|p1a: Venusaur|Leftovers|[from] move: Knock Off|[of] p2a: Iron Valiant\n|-damage|p2a: Iron Valiant|0 fnt|[from] item: Life Orb\n|faint|p2a: Iron Valiant\n|-end|p2a: Iron Valiant|Quark Drive|[silent]\n|move|p1a: Venusaur|Sleep Powder|p2: Iron Valiant|[notarget]\n|-fail|p1a: Venusaur\n|\n|upkeep\n|inactive|Time left: 300 sec this turn | 300 sec total | 5 sec grace\n|\n|t:|1783557077\n|switch|p2a: Gengar|Gengar, L81, F|230/230\n|-damage|p2a: Gengar|192/230|[from] Spikes\n|turn|10\n|inactive|Time left: 300 sec this turn | 300 sec total\n|\n|t:|1783557078\n|switch|p1a: Clodsire|Clodsire, L81, F, tera:Flying|26/100\n|move|p2a: Gengar|Sludge Wave|p1a: Clodsire\n|-damage|p1a: Clodsire|0 fnt\n|faint|p1a: Clodsire\n|-damage|p2a: Gengar|169/230|[from] item: Life Orb\n|\n|upkeep\n|\n|t:|1783557079\n|switch|p1a: Iron Boulder|Iron Boulder, L77|100/100\n|turn|11\n|inactive|Time left: 300 sec this turn | 300 sec total\n|\n|t:|1783557081\n|move|p1a: Iron Boulder|Mighty Cleave|p2a: Gengar\n|-damage|p2a: Gengar|4/230\n|-damage|p1a: Iron Boulder|91/100|[from] item: Life Orb\n|move|p2a: Gengar|Shadow Ball|p1a: Iron Boulder\n|-supereffective|p1a: Iron Boulder\n|-damage|p1a: Iron Boulder|0 fnt\n|faint|p1a: Iron Boulder\n|-end|p1a: Iron Boulder|Quark Drive|[silent]\n|-damage|p2a: Gengar|0 fnt|[from] item: Life Orb\n|faint|p2a: Gengar\n|\n|upkeep\n|inactive|Time left: 300 sec this turn | 300 sec total | 5 sec grace\n|\n|t:|1783557082\n|switch|p1a: Mew|Mew, L82|100/100\n|switch|p2a: Oinkologne|Oinkologne, L92, M|352/352\n|-damage|p2a: Oinkologne|294/352|[from] Spikes\n|turn|12\n|inactive|Time left: 300 sec this turn | 300 sec total\n|\n|t:|1783557083\n|move|p1a: Mew|Nasty Plot|p1a: Mew\n|-boost|p1a: Mew|spa|2\n|move|p2a: Oinkologne|Double-Edge|p1a: Mew\n|-damage|p1a: Mew|55/100\n|-damage|p2a: Oinkologne|249/352|[from] Recoil\n|\n|-heal|p2a: Oinkologne|271/352|[from] item: Leftovers\n|upkeep\n|turn|13\n|inactive|Time left: 300 sec this turn | 300 sec total\n|\n|t:|1783557084\n|move|p1a: Mew|Psychic|p2a: Oinkologne\n|-damage|p2a: Oinkologne|20/352\n|-damage|p1a: Mew|45/100|[from] item: Life Orb\n|move|p2a: Oinkologne|Double-Edge|p1a: Mew\n|-damage|p1a: Mew|0 fnt\n|faint|p1a: Mew\n|-damage|p2a: Oinkologne|0 fnt|[from] Recoil\n|faint|p2a: Oinkologne\n|\n|upkeep\n|inactive|Time left: 300 sec this turn | 300 sec total | 5 sec grace\n|\n|t:|1783557086\n|switch|p1a: Dragapult|Dragapult, L77, M|100/100\n|switch|p2a: Venusaur|Venusaur, L84, F|272/272\n|-damage|p2a: Venusaur|227/272|[from] Spikes\n|turn|14\n|inactive|Time left: 300 sec this turn | 300 sec total\n|\n|t:|1783557087\n|move|p1a: Dragapult|Fire Blast|p2a: Venusaur\n|-supereffective|p2a: Venusaur\n|-damage|p2a: Venusaur|35/272\n|move|p2a: Venusaur|Sludge Bomb|p1a: Dragapult\n|-resisted|p1a: Dragapult\n|-damage|p1a: Dragapult|77/100\n|-status|p1a: Dragapult|psn\n|\n|-heal|p2a: Venusaur|52/272|[from] item: Leftovers\n|-damage|p1a: Dragapult|65/100 psn|[from] psn\n|upkeep\n|turn|15\n|inactive|Time left: 300 sec this turn | 300 sec total\n|\n|t:|1783557089\n|move|p1a: Dragapult|Fire Blast|p2a: Venusaur\n|-supereffective|p2a: Venusaur\n|-damage|p2a: Venusaur|0 fnt\n|faint|p2a: Venusaur\n|\n|-damage|p1a: Dragapult|53/100 psn|[from] psn\n|upkeep\n|inactive|Time left: 300 sec this turn | 300 sec total | 5 sec grace\n|\n|t:|1783557090\n|switch|p2a: Barraskewda|Barraskewda, L81, F|231/231\n|-damage|p2a: Barraskewda|193/231|[from] Spikes\n|turn|16\n|inactive|Time left: 300 sec this turn | 300 sec total\n|\n|t:|1783557091\n|move|p2a: Barraskewda|Waterfall|p1a: Dragapult\n|-resisted|p1a: Dragapult\n|-damage|p1a: Dragapult|19/100 psn\n|move|p1a: Dragapult|Fire Blast|p2a: Barraskewda\n|-resisted|p2a: Barraskewda\n|-damage|p2a: Barraskewda|113/231\n|\n|-damage|p1a: Dragapult|7/100 psn|[from] psn\n|upkeep\n|turn|17\n|inactive|Time left: 300 sec this turn | 300 sec total\n|\n|t:|1783557092\n|-terastallize|p2a: Barraskewda|Fighting\n|move|p2a: Barraskewda|Waterfall|p1a: Dragapult\n|-resisted|p1a: Dragapult\n|-damage|p1a: Dragapult|0 fnt\n|faint|p1a: Dragapult\n|\n|upkeep\n|\n|t:|1783557093\n|switch|p1a: Slither Wing|Slither Wing, L81|100/100\n|turn|18\n|inactive|Time left: 300 sec this turn | 300 sec total\n|\n|t:|1783557093\n|move|p2a: Barraskewda|Waterfall|p1a: Slither Wing\n|-damage|p1a: Slither Wing|39/100\n|move|p1a: Slither Wing|Close Combat|p2a: Barraskewda\n|-damage|p2a: Barraskewda|0 fnt\n|-unboost|p1a: Slither Wing|def|1\n|-unboost|p1a: Slither Wing|spd|1\n|faint|p2a: Barraskewda\n|\n|win|p0x1545e9d6", "uploadtime": 1783557093, "views": 0, "rating": 0, "private": 0, "password": null, "_winner": "p0x1545e9d6", "_our_name": "p0y15455f8c"}