{"id": "battle-gen9randombattle-1522", "formatid": "gen9randombattle", "format": "[Gen 9] Random Battle", "players": ["p0x1522a2d3", "p0y15227fea"], "log": "|init|battle\n|title|p0x1522a2d3 vs. p0y15227fea\n|j|\u2606p0x1522a2d3\n|j|\u2606p0y15227fea\n|t:|1783557716\n|gametype|singles\n|player|p1|p0x1522a2d3|2|\n|player|p2|p0y15227fea|169|\n|gen|9\n|tier|[Gen 9] Random Battle\n|rule|Species Clause: Limit one of each Pok\u00e9mon\n|rule|HP Percentage Mod: HP is shown in percentages\n|rule|Sleep Clause Mod: Limit one foe put to sleep\n|rule|Illusion Level Mod: Illusion disguises the Pok\u00e9mon's true level\n|\n|t:|1783557716\n|teamsize|p1|6\n|teamsize|p2|6\n|start\n|switch|p1a: Skuntank|Skuntank, L84, F|310/310\n|switch|p2a: Conkeldurr|Conkeldurr, L80, F|100/100\n|turn|1\n|inactive|Battle timer is ON: inactive players will automatically lose when time's up. (requested by p0y15227fea)\n|inactive|Time left: 300 sec this turn | 300 sec total | 60 sec grace\n|inactive|p0x1522a2d3 also wants the timer to be on.\n|\n|t:|1783557717\n|move|p1a: Skuntank|Knock Off|p2a: Conkeldurr\n|-resisted|p2a: Conkeldurr\n|-damage|p2a: Conkeldurr|83/100\n|-enditem|p2a: Conkeldurr|Flame Orb|[from] move: Knock Off|[of] p1a: Skuntank\n|move|p2a: Conkeldurr|Close Combat|p1a: Skuntank\n|-damage|p1a: Skuntank|103/310\n|-unboost|p2a: Conkeldurr|def|1\n|-unboost|p2a: Conkeldurr|spd|1\n|\n|upkeep\n|turn|2\n|inactive|Time left: 300 sec this turn | 300 sec total\n|\n|t:|1783557718\n|switch|p2a: Rhydon|Rhydon, L85, M|100/100\n|move|p1a: Skuntank|Toxic Spikes|p2a: Rhydon\n|-sidestart|p2: p0y15227fea|move: Toxic Spikes\n|\n|upkeep\n|turn|3\n|inactive|Time left: 300 sec this turn | 300 sec total\n|\n|t:|1783557719\n|switch|p1a: Gyarados|Gyarados, L79, M|280/280\n|-ability|p1a: Gyarados|Intimidate|boost\n|-unboost|p2a: Rhydon|atk|1\n|move|p2a: Rhydon|Stone Edge|p1a: Gyarados\n|-supereffective|p1a: Gyarados\n|-damage|p1a: Gyarados|58/280\n|\n|upkeep\n|turn|4\n|inactive|Time left: 300 sec this turn | 300 sec total\n|\n|t:|1783557720\n|move|p1a: Gyarados|Waterfall|p2a: Rhydon\n|-supereffective|p2a: Rhydon\n|-damage|p2a: Rhydon|39/100\n|move|p2a: Rhydon|Stone Edge|p1a: Gyarados\n|-supereffective|p1a: Gyarados\n|-damage|p1a: Gyarados|0 fnt\n|faint|p1a: Gyarados\n|\n|upkeep\n|inactive|Time left: 300 sec this turn | 300 sec total | 5 sec grace\n|\n|t:|1783557721\n|switch|p1a: Metagross|Metagross, L79|256/256\n|turn|5\n|inactive|Time left: 300 sec this turn | 300 sec total\n|\n|t:|1783557722\n|move|p1a: Metagross|Heavy Slam|p2a: Rhydon\n|-supereffective|p2a: Rhydon\n|-damage|p2a: Rhydon|0 fnt\n|faint|p2a: Rhydon\n|\n|upkeep\n|\n|t:|1783557723\n|switch|p2a: Greninja|Greninja, L80, M|100/100\n|-status|p2a: Greninja|psn\n|turn|6\n|inactive|Time left: 300 sec this turn | 300 sec total\n|\n|t:|1783557724\n|move|p2a: Greninja|Dark Pulse|p1a: Metagross\n|-start|p2a: Greninja|typechange|Dark|[from] ability: Protean\n|-supereffective|p1a: Metagross\n|-damage|p1a: Metagross|4/256\n|move|p1a: Metagross|Heavy Slam|p2a: Greninja\n|-crit|p2a: Greninja\n|-damage|p2a: Greninja|0 fnt\n|faint|p2a: Greninja\n|\n|-heal|p1a: Metagross|20/256|[from] item: Leftovers\n|upkeep\n|\n|t:|1783557725\n|switch|p2a: Magearna|Magearna-Original, L77|100/100\n|turn|7\n|inactive|Time left: 300 sec this turn | 300 sec total\n|\n|t:|1783557726\n|move|p1a: Metagross|Heavy Slam|p2a: Magearna\n|-damage|p2a: Magearna|51/100\n|move|p2a: Magearna|Shift Gear|p2a: Magearna\n|-boost|p2a: Magearna|spe|2\n|-boost|p2a: Magearna|atk|1\n|\n|-heal|p2a: Magearna|57/100|[from] item: Leftovers\n|-heal|p1a: Metagross|36/256|[from] item: Leftovers\n|upkeep\n|turn|8\n|inactive|Time left: 300 sec this turn | 300 sec total\n|\n|t:|1783557727\n|switch|p1a: Stantler|Stantler, L92, F|284/284\n|-ability|p1a: Stantler|Intimidate|boost\n|-unboost|p2a: Magearna|atk|1\n|move|p2a: Magearna|Flash Cannon|p1a: Stantler\n|-damage|p1a: Stantler|214/284\n|-unboost|p1a: Stantler|spd|1\n|\n|-heal|p2a: Magearna|63/100|[from] item: Leftovers\n|upkeep\n|turn|9\n|inactive|Time left: 300 sec this turn | 300 sec total\n|\n|t:|1783557728\n|move|p2a: Magearna|Calm Mind|p2a: Magearna\n|-boost|p2a: Magearna|spa|1\n|-boost|p2a: Magearna|spd|1\n|move|p1a: Stantler|Earthquake|p2a: Magearna\n|-supereffective|p2a: Magearna\n|-damage|p2a: Magearna|8/100\n|\n|-heal|p2a: Magearna|14/100|[from] item: Leftovers\n|upkeep\n|turn|10\n|inactive|Time left: 300 sec this turn | 300 sec total\n|\n|t:|1783557730\n|-terastallize|p1a: Stantler|Poison\n|move|p2a: Magearna|Flash Cannon|p1a: Stantler\n|-damage|p1a: Stantler|58/284\n|move|p1a: Stantler|Body Slam|p2a: Magearna\n|-resisted|p2a: Magearna\n|-damage|p2a: Magearna|0 fnt\n|faint|p2a: Magearna\n|\n|upkeep\n|\n|t:|1783557731\n|switch|p2a: Conkeldurr|Conkeldurr, L80, F|83/100\n|-status|p2a: Conkeldurr|psn\n|turn|11\n|inactive|Time left: 300 sec this turn | 300 sec total\n|\n|t:|1783557732\n|move|p1a: Stantler|Body Slam|p2a: Conkeldurr\n|-damage|p2a: Conkeldurr|48/100 psn\n|move|p2a: Conkeldurr|Facade|p1a: Stantler\n|-damage|p1a: Stantler|0 fnt\n|faint|p1a: Stantler\n|\n|-damage|p2a: Conkeldurr|36/100 psn|[from] psn\n|upkeep\n|inactive|Time left: 300 sec this turn | 300 sec total | 5 sec grace\n|\n|t:|1783557732\n|switch|p1a: Magmortar|Magmortar, L88, M|275/275\n|turn|12\n|inactive|Time left: 300 sec this turn | 300 sec total\n|\n|t:|1783557733\n|move|p2a: Conkeldurr|Mach Punch|p1a: Magmortar\n|-damage|p1a: Magmortar|178/275\n|move|p1a: Magmortar|Thunderbolt|p2a: Conkeldurr\n|-damage|p2a: Conkeldurr|0 fnt\n|faint|p2a: Conkeldurr\n|\n|upkeep\n|\n|t:|1783557735\n|switch|p2a: Raging Bolt|Raging Bolt, L78|100/100\n|-status|p2a: Raging Bolt|psn\n|turn|13\n|inactive|Time left: 300 sec this turn | 300 sec total\n|\n|t:|1783557736\n|switch|p1a: Umbreon|Umbreon, L84, M|297/297\n|move|p2a: Raging Bolt|Thunderbolt|p1a: Umbreon\n|-damage|p1a: Umbreon|210/297\n|\n|-heal|p1a: Umbreon|228/297|[from] item: Leftovers\n|-damage|p2a: Raging Bolt|88/100 psn|[from] psn\n|upkeep\n|turn|14\n|inactive|Time left: 300 sec this turn | 300 sec total\n|\n|t:|1783557737\n|move|p2a: Raging Bolt|Thunderbolt|p1a: Umbreon\n|-damage|p1a: Umbreon|146/297\n|move|p1a: Umbreon|Wish|p1a: Umbreon\n|\n|-heal|p1a: Umbreon|164/297|[from] item: Leftovers\n|-damage|p2a: Raging Bolt|76/100 psn|[from] psn\n|upkeep\n|turn|15\n|inactive|Time left: 300 sec this turn | 300 sec total\n|\n|t:|1783557738\n|move|p2a: Raging Bolt|Thunderbolt|p1a: Umbreon\n|-damage|p1a: Umbreon|85/297\n|move|p1a: Umbreon|Foul Play|p2a: Raging Bolt\n|-damage|p2a: Raging Bolt|58/100 psn\n|\n|-heal|p1a: Umbreon|233/297|[from] move: Wish|[wisher] Umbreon\n|-heal|p1a: Umbreon|251/297|[from] item: Leftovers\n|-damage|p2a: Raging Bolt|45/100 psn|[from] psn\n|upkeep\n|turn|16\n|inactive|Time left: 300 sec this turn | 300 sec total\n|\n|t:|1783557739\n|move|p2a: Raging Bolt|Thunderbolt|p1a: Umbreon\n|-damage|p1a: Umbreon|170/297\n|move|p1a: Umbreon|Wish|p1a: Umbreon\n|\n|-heal|p1a: Umbreon|188/297|[from] item: Leftovers\n|-damage|p2a: Raging Bolt|33/100 psn|[from] psn\n|upkeep\n|turn|17\n|inactive|Time left: 300 sec this turn | 300 sec total\n|\n|t:|1783557740\n|move|p2a: Raging Bolt|Thunderbolt|p1a: Umbreon\n|-damage|p1a: Umbreon|107/297\n|move|p1a: Umbreon|Foul Play|p2a: Raging Bolt\n|-damage|p2a: Raging Bolt|13/100 psn\n|\n|-heal|p1a: Umbreon|255/297|[from] move: Wish|[wisher] Umbreon\n|-heal|p1a: Umbreon|273/297|[from] item: Leftovers\n|-damage|p2a: Raging Bolt|1/100 psn|[from] psn\n|upkeep\n|turn|18\n|inactive|Time left: 300 sec this turn | 300 sec total\n|\n|t:|1783557741\n|move|p1a: Umbreon|Protect|p1a: Umbreon\n|-singleturn|p1a: Umbreon|Protect\n|move|p2a: Raging Bolt|Draco Meteor|p1a: Umbreon\n|-activate|p1a: Umbreon|move: Protect\n|\n|-heal|p1a: Umbreon|291/297|[from] item: Leftovers\n|-damage|p2a: Raging Bolt|0 fnt|[from] psn\n|faint|p2a: Raging Bolt\n|-end|p2a: Raging Bolt|Protosynthesis|[silent]\n|upkeep\n|\n|t:|1783557742\n|switch|p2a: Tropius|Tropius, L91, M|100/100\n|turn|19\n|inactive|Time left: 300 sec this turn | 300 sec total\n|\n|t:|1783557743\n|move|p1a: Umbreon|Toxic|p2a: Tropius\n|-status|p2a: Tropius|tox\n|move|p2a: Tropius|Leech Seed|p1a: Umbreon\n|-start|p1a: Umbreon|move: Leech Seed\n|\n|-heal|p1a: Umbreon|297/297|[from] item: Leftovers\n|-damage|p1a: Umbreon|260/297|[from] Leech Seed|[of] p2a: Tropius\n|-damage|p2a: Tropius|94/100 tox|[from] psn\n|upkeep\n|turn|20\n|inactive|Time left: 300 sec this turn | 300 sec total\n|\n|t:|1783557744\n|switch|p1a: Magmortar|Magmortar, L88, M|178/275\n|move|p2a: Tropius|Substitute|p2a: Tropius\n|-start|p2a: Tropius|Substitute\n|-damage|p2a: Tropius|69/100 tox\n|\n|-damage|p2a: Tropius|57/100 tox|[from] psn\n|upkeep\n|turn|21\n|inactive|Time left: 300 sec this turn | 300 sec total\n|\n|t:|1783557745\n|move|p2a: Tropius|Protect|p2a: Tropius\n|-singleturn|p2a: Tropius|Protect\n|move|p1a: Magmortar|Fire Blast|p2a: Tropius\n|-activate|p2a: Tropius|move: Protect\n|\n|-damage|p2a: Tropius|39/100 tox|[from] psn\n|upkeep\n|-enditem|p2a: Tropius|Sitrus Berry|[eat]\n|-heal|p2a: Tropius|64/100 tox|[from] item: Sitrus Berry\n|turn|22\n|inactive|Time left: 300 sec this turn | 300 sec total\n|\n|t:|1783557745\n|move|p2a: Tropius|Protect|p2a: Tropius\n|-singleturn|p2a: Tropius|Protect\n|move|p1a: Magmortar|Taunt|p2a: Tropius\n|-activate|p2a: Tropius|move: Protect\n|\n|-damage|p2a: Tropius|40/100 tox|[from] psn\n|upkeep\n|turn|23\n|inactive|Time left: 300 sec this turn | 300 sec total\n|\n|t:|1783557746\n|-terastallize|p2a: Tropius|Steel\n|move|p1a: Magmortar|Focus Blast|p2a: Tropius\n|-supereffective|p2a: Tropius\n|-end|p2a: Tropius|Substitute\n|move|p2a: Tropius|Leech Seed|p1a: Magmortar\n|-start|p1a: Magmortar|move: Leech Seed\n|\n|-damage|p1a: Magmortar|144/275|[from] Leech Seed|[of] p2a: Tropius\n|-heal|p2a: Tropius|50/100 tox|[silent]\n|-damage|p2a: Tropius|19/100 tox|[from] psn\n|upkeep\n|turn|24\n|inactive|Time left: 300 sec this turn | 300 sec total\n|\n|t:|1783557747\n|move|p1a: Magmortar|Taunt|p2a: Tropius\n|-start|p2a: Tropius|move: Taunt\n|move|p2a: Tropius|Air Slash|p1a: Magmortar\n|-damage|p1a: Magmortar|71/275\n|\n|-damage|p1a: Magmortar|37/275|[from] Leech Seed|[of] p2a: Tropius\n|-heal|p2a: Tropius|30/100 tox|[silent]\n|-damage|p2a: Tropius|0 fnt|[from] psn\n|faint|p2a: Tropius\n|\n|win|p0x1522a2d3", "uploadtime": 1783557747, "views": 0, "rating": 0, "private": 0, "password": null, "_winner": "p0x1522a2d3", "_our_name": "p0x1522a2d3"}