{"id": "battle-gen9randombattle-2037", "formatid": "gen9randombattle", "format": "[Gen 9] Random Battle", "players": ["p0x20373176", "p0y20375eed"], "log": "|init|battle\n|title|p0x20373176 vs. p0y20375eed\n|j|\u2606p0x20373176\n|j|\u2606p0y20375eed\n|t:|1783563580\n|gametype|singles\n|player|p1|p0x20373176|266|\n|player|p2|p0y20375eed|102|\n|gen|9\n|tier|[Gen 9] Random Battle\n|rule|Species Clause: Limit one of each Pok\u00e9mon\n|rule|HP Percentage Mod: HP is shown in percentages\n|rule|Sleep Clause Mod: Limit one foe put to sleep\n|rule|Illusion Level Mod: Illusion disguises the Pok\u00e9mon's true level\n|\n|t:|1783563580\n|teamsize|p1|6\n|teamsize|p2|6\n|start\n|switch|p1a: Jolteon|Jolteon, L84, F|246/246\n|switch|p2a: Electrode|Electrode, L92|100/100\n|turn|1\n|inactive|Battle timer is ON: inactive players will automatically lose when time's up. (requested by p0y20375eed)\n|inactive|Time left: 300 sec this turn | 300 sec total | 60 sec grace\n|\n|t:|1783563582\n|switch|p2a: Torterra|Torterra, L78, M|100/100\n|move|p1a: Jolteon|Calm Mind|p1a: Jolteon\n|-boost|p1a: Jolteon|spa|1\n|-boost|p1a: Jolteon|spd|1\n|\n|upkeep\n|turn|2\n|inactive|Time left: 300 sec this turn | 300 sec total\n|inactive|p0x20373176 also wants the timer to be on.\n|\n|t:|1783563583\n|switch|p1a: Scizor|Scizor, L79, M|240/240\n|move|p2a: Torterra|Headlong Rush|p1a: Scizor\n|-crit|p1a: Scizor\n|-damage|p1a: Scizor|71/240\n|-unboost|p2a: Torterra|def|1\n|-unboost|p2a: Torterra|spd|1\n|\n|upkeep\n|turn|3\n|inactive|Time left: 300 sec this turn | 300 sec total\n|\n|t:|1783563584\n|switch|p2a: Flamigo|Flamigo, L82, M|100/100\n|move|p1a: Scizor|U-turn|p2a: Flamigo\n|-resisted|p2a: Flamigo\n|-damage|p2a: Flamigo|86/100\n|inactive|Time left: 300 sec this turn | 300 sec total | 5 sec grace\n|\n|t:|1783563585\n|switch|p1a: Flareon|Flareon, L90, F|263/263|[from] U-turn\n|\n|-status|p1a: Flareon|tox|[from] item: Toxic Orb\n|upkeep\n|turn|4\n|inactive|Time left: 300 sec this turn | 300 sec total\n|\n|t:|1783563586\n|move|p2a: Flamigo|Close Combat|p1a: Flareon\n|-damage|p1a: Flareon|28/263 tox\n|-unboost|p2a: Flamigo|def|1\n|-unboost|p2a: Flamigo|spd|1\n|-damage|p2a: Flamigo|77/100|[from] item: Life Orb\n|move|p1a: Flareon|Facade|p2a: Flamigo\n|-damage|p2a: Flamigo|0 fnt\n|faint|p2a: Flamigo\n|\n|-damage|p1a: Flareon|12/263 tox|[from] psn\n|upkeep\n|\n|t:|1783563587\n|switch|p2a: Kyogre|Kyogre, L71|100/100\n|-weather|RainDance|[from] ability: Drizzle|[of] p2a: Kyogre\n|turn|5\n|inactive|Time left: 300 sec this turn | 300 sec total\n|\n|t:|1783563588\n|switch|p1a: Shaymin|Shaymin, L82|298/298\n|move|p2a: Kyogre|Water Spout|p1a: Shaymin\n|-resisted|p1a: Shaymin\n|-damage|p1a: Shaymin|176/298\n|\n|-weather|RainDance|[upkeep]\n|-heal|p1a: Shaymin|194/298|[from] item: Leftovers\n|upkeep\n|turn|6\n|inactive|Time left: 300 sec this turn | 300 sec total\n|\n|t:|1783563589\n|move|p2a: Kyogre|Water Spout|p1a: Shaymin\n|-resisted|p1a: Shaymin\n|-damage|p1a: Shaymin|89/298\n|move|p1a: Shaymin|Seed Flare|p2a: Kyogre\n|-supereffective|p2a: Kyogre\n|-damage|p2a: Kyogre|19/100\n|\n|-weather|RainDance|[upkeep]\n|-heal|p1a: Shaymin|107/298|[from] item: Leftovers\n|upkeep\n|turn|7\n|inactive|Time left: 300 sec this turn | 300 sec total\n|\n|t:|1783563590\n|switch|p2a: Torterra|Torterra, L78, M|100/100\n|move|p1a: Shaymin|Seed Flare|p2a: Torterra\n|-damage|p2a: Torterra|49/100\n|\n|-weather|RainDance|[upkeep]\n|-heal|p1a: Shaymin|125/298|[from] item: Leftovers\n|upkeep\n|turn|8\n|inactive|Time left: 300 sec this turn | 300 sec total\n|\n|t:|1783563591\n|move|p1a: Shaymin|Seed Flare|p2a: Torterra\n|-damage|p2a: Torterra|3/100\n|-unboost|p2a: Torterra|spd|2\n|move|p2a: Torterra|Shell Smash|p2a: Torterra\n|-unboost|p2a: Torterra|def|1\n|-unboost|p2a: Torterra|spd|1\n|-boost|p2a: Torterra|atk|2\n|-boost|p2a: Torterra|spa|2\n|-boost|p2a: Torterra|spe|2\n|\n|-weather|RainDance|[upkeep]\n|-heal|p1a: Shaymin|143/298|[from] item: Leftovers\n|upkeep\n|turn|9\n|inactive|Time left: 300 sec this turn | 300 sec total\n|\n|t:|1783563592\n|move|p2a: Torterra|Bullet Seed|p1a: Shaymin\n|-resisted|p1a: Shaymin\n|-damage|p1a: Shaymin|107/298\n|-resisted|p1a: Shaymin\n|-damage|p1a: Shaymin|72/298\n|-resisted|p1a: Shaymin\n|-damage|p1a: Shaymin|38/298\n|-resisted|p1a: Shaymin\n|-damage|p1a: Shaymin|0 fnt\n|faint|p1a: Shaymin\n|-hitcount|p1: Shaymin|4\n|\n|-weather|none\n|upkeep\n|inactive|Time left: 300 sec this turn | 300 sec total | 5 sec grace\n|\n|t:|1783563593\n|switch|p1a: Scizor|Scizor, L79, M|71/240\n|turn|10\n|inactive|Time left: 300 sec this turn | 300 sec total\n|\n|t:|1783563594\n|move|p1a: Scizor|Bullet Punch|p2a: Torterra\n|-damage|p2a: Torterra|0 fnt\n|faint|p2a: Torterra\n|\n|upkeep\n|\n|t:|1783563595\n|switch|p2a: Ogerpon|Ogerpon-Wellspring, L76, F|100/100\n|turn|11\n|inactive|Time left: 300 sec this turn | 300 sec total\n|\n|t:|1783563596\n|move|p1a: Scizor|Bullet Punch|p2a: Ogerpon\n|-resisted|p2a: Ogerpon\n|-damage|p2a: Ogerpon|76/100\n|move|p2a: Ogerpon|Swords Dance|p2a: Ogerpon\n|-boost|p2a: Ogerpon|atk|2\n|\n|upkeep\n|turn|12\n|inactive|Time left: 300 sec this turn | 300 sec total\n|\n|t:|1783563597\n|move|p1a: Scizor|Bullet Punch|p2a: Ogerpon\n|-resisted|p2a: Ogerpon\n|-damage|p2a: Ogerpon|53/100\n|move|p2a: Ogerpon|Power Whip|p1a: Scizor\n|-resisted|p1a: Scizor\n|-damage|p1a: Scizor|5/240\n|\n|upkeep\n|turn|13\n|inactive|Time left: 300 sec this turn | 300 sec total\n|\n|t:|1783563598\n|move|p1a: Scizor|Bullet Punch|p2a: Ogerpon\n|-resisted|p2a: Ogerpon\n|-damage|p2a: Ogerpon|30/100\n|move|p2a: Ogerpon|Play Rough|p1a: Scizor\n|-resisted|p1a: Scizor\n|-damage|p1a: Scizor|0 fnt\n|faint|p1a: Scizor\n|\n|upkeep\n|inactive|Time left: 300 sec this turn | 300 sec total | 5 sec grace\n|\n|t:|1783563599\n|switch|p1a: Jolteon|Jolteon, L84, F|246/246\n|turn|14\n|inactive|Time left: 300 sec this turn | 300 sec total\n|\n|t:|1783563600\n|switch|p2a: Electrode|Electrode, L92|100/100\n|move|p1a: Jolteon|Thunderbolt|p2a: Electrode\n|-resisted|p2a: Electrode\n|-damage|p2a: Electrode|82/100\n|\n|upkeep\n|turn|15\n|inactive|Time left: 300 sec this turn | 300 sec total\n|\n|t:|1783563601\n|move|p2a: Electrode|Foul Play|p1a: Jolteon\n|-damage|p1a: Jolteon|181/246\n|-damage|p2a: Electrode|72/100|[from] item: Life Orb\n|move|p1a: Jolteon|Calm Mind|p1a: Jolteon\n|-boost|p1a: Jolteon|spa|1\n|-boost|p1a: Jolteon|spd|1\n|\n|upkeep\n|turn|16\n|inactive|Time left: 300 sec this turn | 300 sec total\n|\n|t:|1783563602\n|move|p2a: Electrode|Explosion|p1a: Jolteon\n|-damage|p1a: Jolteon|0 fnt\n|faint|p2a: Electrode\n|faint|p1a: Jolteon\n|\n|upkeep\n|inactive|Time left: 300 sec this turn | 300 sec total | 5 sec grace\n|\n|t:|1783563603\n|switch|p2a: Lycanroc|Lycanroc-Dusk, L81, F|100/100\n|switch|p1a: Deoxys|Deoxys-Defense, L84|221/221\n|-ability|p1a: Deoxys|Pressure\n|turn|17\n|inactive|Time left: 300 sec this turn | 300 sec total\n|\n|t:|1783563604\n|move|p2a: Lycanroc|Swords Dance|p2a: Lycanroc\n|-boost|p2a: Lycanroc|atk|2\n|move|p1a: Deoxys|Cosmic Power|p1a: Deoxys\n|-boost|p1a: Deoxys|def|1\n|-boost|p1a: Deoxys|spd|1\n|\n|upkeep\n|turn|18\n|inactive|Time left: 300 sec this turn | 300 sec total\n|\n|t:|1783563605\n|move|p2a: Lycanroc|Stone Edge|p1a: Deoxys\n|-damage|p1a: Deoxys|103/221\n|-damage|p2a: Lycanroc|91/100|[from] item: Life Orb\n|move|p1a: Deoxys|Cosmic Power|p1a: Deoxys\n|-boost|p1a: Deoxys|def|1\n|-boost|p1a: Deoxys|spd|1\n|\n|-heal|p1a: Deoxys|116/221|[from] item: Leftovers\n|upkeep\n|turn|19\n|inactive|Time left: 300 sec this turn | 300 sec total\n|\n|t:|1783563606\n|move|p2a: Lycanroc|Stone Edge|p1a: Deoxys\n|-damage|p1a: Deoxys|30/221\n|-damage|p2a: Lycanroc|81/100|[from] item: Life Orb\n|move|p1a: Deoxys|Recover|p1a: Deoxys\n|-heal|p1a: Deoxys|141/221\n|\n|-heal|p1a: Deoxys|154/221|[from] item: Leftovers\n|upkeep\n|turn|20\n|inactive|Time left: 300 sec this turn | 300 sec total\n|\n|t:|1783563607\n|move|p2a: Lycanroc|Stone Edge|p1a: Deoxys\n|-damage|p1a: Deoxys|63/221\n|-damage|p2a: Lycanroc|71/100|[from] item: Life Orb\n|move|p1a: Deoxys|Stored Power|p2a: Lycanroc\n|-damage|p2a: Lycanroc|26/100\n|\n|-heal|p1a: Deoxys|76/221|[from] item: Leftovers\n|upkeep\n|turn|21\n|inactive|Time left: 300 sec this turn | 300 sec total\n|\n|t:|1783563608\n|move|p2a: Lycanroc|Stone Edge|p1a: Deoxys\n|-damage|p1a: Deoxys|0 fnt\n|faint|p1a: Deoxys\n|-damage|p2a: Lycanroc|16/100|[from] item: Life Orb\n|\n|upkeep\n|inactive|Time left: 300 sec this turn | 300 sec total | 5 sec grace\n|\n|t:|1783563609\n|switch|p1a: Flareon|Flareon, L90, F|12/263 tox\n|turn|22\n|inactive|Time left: 300 sec this turn | 300 sec total\n|\n|t:|1783563610\n|move|p1a: Flareon|Quick Attack|p2a: Lycanroc\n|-resisted|p2a: Lycanroc\n|-damage|p2a: Lycanroc|0 fnt\n|faint|p2a: Lycanroc\n|\n|-damage|p1a: Flareon|0 fnt|[from] psn\n|faint|p1a: Flareon\n|upkeep\n|inactive|Time left: 300 sec this turn | 300 sec total | 5 sec grace\n|\n|t:|1783563610\n|switch|p2a: Kyogre|Kyogre, L71|19/100\n|switch|p1a: Swalot|Swalot, L90, M|326/326\n|-weather|RainDance|[from] ability: Drizzle|[of] p2a: Kyogre\n|turn|23\n|inactive|Time left: 300 sec this turn | 300 sec total\n|\n|t:|1783563611\n|-terastallize|p2a: Kyogre|Water\n|-terastallize|p1a: Swalot|Dark\n|move|p2a: Kyogre|Origin Pulse|p1a: Swalot\n|-damage|p1a: Swalot|72/326\n|move|p1a: Swalot|Earthquake|p2a: Kyogre\n|-damage|p2a: Kyogre|0 fnt\n|faint|p2a: Kyogre\n|\n|-weather|RainDance|[upkeep]\n|-heal|p1a: Swalot|92/326|[from] item: Leftovers\n|upkeep\n|\n|t:|1783563612\n|switch|p2a: Ogerpon|Ogerpon-Wellspring, L76, F|30/100\n|turn|24\n|inactive|Time left: 300 sec this turn | 300 sec total\n|\n|t:|1783563613\n|move|p2a: Ogerpon|Ivy Cudgel|p1a: Swalot|[anim] Ivy Cudgel Water\n|-damage|p1a: Swalot|0 fnt\n|faint|p1a: Swalot\n|\n|win|p0y20375eed", "uploadtime": 1783563613, "views": 0, "rating": 0, "private": 0, "password": null, "_winner": "p0y20375eed", "_our_name": "p0x20373176"}