{"id": "battle-gen9randombattle-987", "formatid": "gen9randombattle", "format": "[Gen 9] Random Battle", "players": ["p0x987ab46", "p0y9875291"], "log": "|init|battle\n|title|p0x987ab46 vs. p0y9875291\n|j|\u2606p0x987ab46\n|j|\u2606p0y9875291\n|t:|1783550594\n|gametype|singles\n|player|p1|p0x987ab46|1|\n|player|p2|p0y9875291|101|\n|gen|9\n|tier|[Gen 9] Random Battle\n|rule|Species Clause: Limit one of each Pok\u00e9mon\n|rule|HP Percentage Mod: HP is shown in percentages\n|rule|Sleep Clause Mod: Limit one foe put to sleep\n|rule|Illusion Level Mod: Illusion disguises the Pok\u00e9mon's true level\n|\n|t:|1783550594\n|teamsize|p1|6\n|teamsize|p2|6\n|start\n|switch|p1a: Dragalge|Dragalge, L88, F|100/100\n|switch|p2a: Hitmonchan|Hitmonchan, L87, M|229/229\n|turn|1\n|inactive|Battle timer is ON: inactive players will automatically lose when time's up. (requested by p0x987ab46)\n|inactive|Time left: 300 sec this turn | 300 sec total | 60 sec grace\n|inactive|p0y9875291 also wants the timer to be on.\n|\n|t:|1783550596\n|move|p2a: Hitmonchan|Knock Off|p1a: Dragalge\n|-damage|p1a: Dragalge|70/100\n|-enditem|p1a: Dragalge|Leftovers|[from] move: Knock Off|[of] p2a: Hitmonchan\n|move|p1a: Dragalge|Sludge Wave|p2a: Hitmonchan\n|-damage|p2a: Hitmonchan|111/229\n|\n|-heal|p2a: Hitmonchan|125/229|[from] item: Leftovers\n|upkeep\n|turn|2\n|inactive|Time left: 300 sec this turn | 300 sec total\n|\n|t:|1783550597\n|move|p2a: Hitmonchan|Drain Punch|p1a: Dragalge\n|-resisted|p1a: Dragalge\n|-damage|p1a: Dragalge|51/100\n|-heal|p2a: Hitmonchan|149/229|[from] drain|[of] p1a: Dragalge\n|move|p1a: Dragalge|Sludge Wave|p2a: Hitmonchan\n|-damage|p2a: Hitmonchan|19/229\n|\n|-heal|p2a: Hitmonchan|33/229|[from] item: Leftovers\n|upkeep\n|turn|3\n|inactive|Time left: 300 sec this turn | 300 sec total\n|\n|t:|1783550598\n|move|p2a: Hitmonchan|Drain Punch|p1a: Dragalge\n|-resisted|p1a: Dragalge\n|-damage|p1a: Dragalge|31/100\n|-heal|p2a: Hitmonchan|59/229|[from] drain|[of] p1a: Dragalge\n|move|p1a: Dragalge|Sludge Wave|p2a: Hitmonchan\n|-damage|p2a: Hitmonchan|0 fnt\n|faint|p2a: Hitmonchan\n|\n|upkeep\n|inactive|Time left: 300 sec this turn | 300 sec total | 5 sec grace\n|\n|t:|1783550600\n|switch|p2a: Swanna|Swanna, L89, M|278/278\n|turn|4\n|inactive|Time left: 300 sec this turn | 300 sec total\n|\n|t:|1783550601\n|move|p2a: Swanna|Brave Bird|p1a: Dragalge\n|-damage|p1a: Dragalge|0 fnt\n|faint|p1a: Dragalge\n|-damage|p2a: Swanna|252/278|[from] Recoil\n|\n|upkeep\n|\n|t:|1783550602\n|switch|p1a: Bruxish|Bruxish, L85, F|100/100\n|turn|5\n|inactive|Time left: 300 sec this turn | 300 sec total\n|\n|t:|1783550603\n|move|p2a: Swanna|Knock Off|p1a: Bruxish\n|-supereffective|p1a: Bruxish\n|-damage|p1a: Bruxish|41/100\n|-enditem|p1a: Bruxish|Choice Band|[from] move: Knock Off|[of] p2a: Swanna\n|move|p1a: Bruxish|Psychic Fangs|p2a: Swanna\n|-damage|p2a: Swanna|81/278\n|\n|upkeep\n|turn|6\n|inactive|Time left: 300 sec this turn | 300 sec total\n|\n|t:|1783550604\n|switch|p1a: Mightyena|Mightyena, L96, M|100/100\n|-ability|p1a: Mightyena|Intimidate|boost\n|-unboost|p2a: Swanna|atk|1\n|move|p2a: Swanna|Brave Bird|p1a: Mightyena\n|-damage|p1a: Mightyena|67/100\n|-damage|p2a: Swanna|49/278|[from] Recoil\n|\n|upkeep\n|turn|7\n|inactive|Time left: 300 sec this turn | 300 sec total\n|\n|t:|1783550605\n|move|p2a: Swanna|Roost|p2a: Swanna\n|-heal|p2a: Swanna|188/278\n|-singleturn|p2a: Swanna|move: Roost\n|move|p1a: Mightyena|Crunch|p2a: Swanna\n|-damage|p2a: Swanna|58/278\n|-unboost|p2a: Swanna|def|1\n|\n|upkeep\n|turn|8\n|inactive|Time left: 300 sec this turn | 300 sec total\n|\n|t:|1783550607\n|move|p2a: Swanna|Brave Bird|p1a: Mightyena\n|-damage|p1a: Mightyena|36/100\n|-damage|p2a: Swanna|28/278|[from] Recoil\n|move|p1a: Mightyena|Crunch|p2a: Swanna\n|-damage|p2a: Swanna|0 fnt\n|faint|p2a: Swanna\n|\n|upkeep\n|inactive|Time left: 300 sec this turn | 300 sec total | 5 sec grace\n|\n|t:|1783550608\n|switch|p2a: Miraidon|Miraidon, L65|238/238\n|-fieldstart|move: Electric Terrain|[from] ability: Hadron Engine|[of] p2a: Miraidon\n|turn|9\n|inactive|Time left: 300 sec this turn | 300 sec total\n|\n|t:|1783550609\n|switch|p1a: Blissey|Blissey, L85, F|100/100\n|move|p2a: Miraidon|Electro Drift|p1a: Blissey\n|-damage|p1a: Blissey|75/100\n|-damage|p2a: Miraidon|215/238|[from] item: Life Orb\n|\n|-heal|p1a: Blissey|81/100|[from] item: Leftovers\n|upkeep\n|turn|10\n|inactive|Time left: 300 sec this turn | 300 sec total\n|\n|t:|1783550610\n|switch|p2a: Annihilape|Annihilape, L76, F|292/292\n|move|p1a: Blissey|Seismic Toss|p2a: Annihilape\n|-immune|p2a: Annihilape\n|\n|-heal|p1a: Blissey|87/100|[from] item: Leftovers\n|upkeep\n|turn|11\n|inactive|Time left: 300 sec this turn | 300 sec total\n|\n|t:|1783550611\n|switch|p1a: Chandelure|Chandelure, L83, M|100/100\n|move|p2a: Annihilape|Bulk Up|p2a: Annihilape\n|-boost|p2a: Annihilape|atk|1\n|-boost|p2a: Annihilape|def|1\n|\n|upkeep\n|turn|12\n|inactive|Time left: 300 sec this turn | 300 sec total\n|\n|t:|1783550613\n|-terastallize|p1a: Chandelure|Ghost\n|move|p1a: Chandelure|Shadow Ball|p2a: Annihilape\n|-supereffective|p2a: Annihilape\n|-crit|p2a: Annihilape\n|-damage|p2a: Annihilape|0 fnt\n|faint|p2a: Annihilape\n|\n|upkeep\n|inactive|Time left: 300 sec this turn | 300 sec total | 5 sec grace\n|\n|t:|1783550614\n|switch|p2a: Miraidon|Miraidon, L65|215/238\n|-activate|p2a: Miraidon|ability: Hadron Engine\n|turn|13\n|inactive|Time left: 300 sec this turn | 300 sec total\n|\n|t:|1783550615\n|move|p1a: Chandelure|Shadow Ball|p2a: Miraidon\n|-damage|p2a: Miraidon|51/238\n|move|p2a: Miraidon|Electro Drift|p1a: Chandelure\n|-damage|p1a: Chandelure|17/100\n|-damage|p2a: Miraidon|28/238|[from] item: Life Orb\n|\n|-fieldend|move: Electric Terrain\n|upkeep\n|turn|14\n|inactive|Time left: 300 sec this turn | 300 sec total\n|\n|t:|1783550616\n|move|p1a: Chandelure|Shadow Ball|p2a: Miraidon\n|-damage|p2a: Miraidon|0 fnt\n|faint|p2a: Miraidon\n|\n|upkeep\n|inactive|Time left: 300 sec this turn | 300 sec total | 5 sec grace\n|\n|t:|1783550617\n|switch|p2a: Eternatus|Eternatus, L69|308/308\n|-ability|p2a: Eternatus|Pressure\n|turn|15\n|inactive|Time left: 300 sec this turn | 300 sec total\n|\n|t:|1783550618\n|move|p1a: Chandelure|Shadow Ball|p2a: Eternatus\n|-damage|p2a: Eternatus|130/308\n|move|p2a: Eternatus|Dynamax Cannon|p1a: Chandelure\n|-damage|p1a: Chandelure|0 fnt\n|faint|p1a: Chandelure\n|\n|upkeep\n|\n|t:|1783550619\n|switch|p1a: Blissey|Blissey, L85, F|87/100\n|turn|16\n|inactive|Time left: 300 sec this turn | 300 sec total\n|\n|t:|1783550620\n|move|p2a: Eternatus|Recover|p2a: Eternatus\n|-heal|p2a: Eternatus|284/308\n|move|p1a: Blissey|Seismic Toss|p2a: Eternatus\n|-damage|p2a: Eternatus|199/308\n|-damage|p1a: Blissey|70/100|[from] item: Rocky Helmet|[of] p2a: Eternatus\n|\n|-heal|p1a: Blissey|76/100|[from] item: Leftovers\n|upkeep\n|turn|17\n|inactive|Time left: 300 sec this turn | 300 sec total\n|\n|t:|1783550621\n|move|p2a: Eternatus|Toxic Spikes|p1a: Blissey\n|-sidestart|p1: p0x987ab46|move: Toxic Spikes\n|move|p1a: Blissey|Seismic Toss|p2a: Eternatus\n|-damage|p2a: Eternatus|114/308\n|-damage|p1a: Blissey|60/100|[from] item: Rocky Helmet|[of] p2a: Eternatus\n|\n|-heal|p1a: Blissey|66/100|[from] item: Leftovers\n|upkeep\n|turn|18\n|inactive|Time left: 300 sec this turn | 300 sec total\n|\n|t:|1783550622\n|move|p2a: Eternatus|Recover|p2a: Eternatus\n|-heal|p2a: Eternatus|268/308\n|move|p1a: Blissey|Seismic Toss|p2a: Eternatus\n|-damage|p2a: Eternatus|183/308\n|-damage|p1a: Blissey|49/100|[from] item: Rocky Helmet|[of] p2a: Eternatus\n|\n|-heal|p1a: Blissey|55/100|[from] item: Leftovers\n|upkeep\n|turn|19\n|inactive|Time left: 300 sec this turn | 300 sec total\n|\n|t:|1783550623\n|move|p2a: Eternatus|Recover|p2a: Eternatus\n|-heal|p2a: Eternatus|308/308\n|move|p1a: Blissey|Thunder Wave|p2a: Eternatus\n|-status|p2a: Eternatus|par\n|\n|-heal|p1a: Blissey|62/100|[from] item: Leftovers\n|upkeep\n|turn|20\n|inactive|Time left: 300 sec this turn | 300 sec total\n|\n|t:|1783550624\n|move|p1a: Blissey|Soft-Boiled|p1a: Blissey\n|-heal|p1a: Blissey|100/100\n|move|p2a: Eternatus|Toxic Spikes|p1a: Blissey\n|-sidestart|p1: p0x987ab46|move: Toxic Spikes\n|\n|upkeep\n|turn|21\n|inactive|Time left: 300 sec this turn | 300 sec total\n|\n|t:|1783550625\n|move|p1a: Blissey|Seismic Toss|p2a: Eternatus\n|-damage|p2a: Eternatus|223/308 par\n|-damage|p1a: Blissey|84/100|[from] item: Rocky Helmet|[of] p2a: Eternatus\n|move|p2a: Eternatus|Flamethrower|p1a: Blissey\n|-damage|p1a: Blissey|76/100\n|\n|-heal|p1a: Blissey|82/100|[from] item: Leftovers\n|upkeep\n|turn|22\n|inactive|Time left: 300 sec this turn | 300 sec total\n|\n|t:|1783550626\n|move|p1a: Blissey|Seismic Toss|p2a: Eternatus\n|-damage|p2a: Eternatus|138/308 par\n|-damage|p1a: Blissey|66/100|[from] item: Rocky Helmet|[of] p2a: Eternatus\n|move|p2a: Eternatus|Recover|p2a: Eternatus\n|-heal|p2a: Eternatus|292/308 par\n|\n|-heal|p1a: Blissey|72/100|[from] item: Leftovers\n|upkeep\n|turn|23\n|inactive|Time left: 300 sec this turn | 300 sec total\n|\n|t:|1783550627\n|move|p1a: Blissey|Seismic Toss|p2a: Eternatus\n|-damage|p2a: Eternatus|207/308 par\n|-damage|p1a: Blissey|55/100|[from] item: Rocky Helmet|[of] p2a: Eternatus\n|move|p2a: Eternatus|Dynamax Cannon|p1a: Blissey\n|-damage|p1a: Blissey|43/100\n|\n|-heal|p1a: Blissey|49/100|[from] item: Leftovers\n|upkeep\n|turn|24\n|inactive|Time left: 300 sec this turn | 300 sec total\n|\n|t:|1783550628\n|move|p1a: Blissey|Soft-Boiled|p1a: Blissey\n|-heal|p1a: Blissey|99/100\n|move|p2a: Eternatus|Recover|p2a: Eternatus\n|-heal|p2a: Eternatus|308/308 par\n|\n|-heal|p1a: Blissey|100/100|[from] item: Leftovers\n|upkeep\n|turn|25\n|inactive|Time left: 300 sec this turn | 300 sec total\n|\n|t:|1783550629\n|move|p1a: Blissey|Seismic Toss|p2a: Eternatus\n|-damage|p2a: Eternatus|223/308 par\n|-damage|p1a: Blissey|84/100|[from] item: Rocky Helmet|[of] p2a: Eternatus\n|cant|p2a: Eternatus|par\n|\n|-heal|p1a: Blissey|90/100|[from] item: Leftovers\n|upkeep\n|turn|26\n|inactive|Time left: 300 sec this turn | 300 sec total\n|\n|t:|1783550630\n|move|p1a: Blissey|Seismic Toss|p2a: Eternatus\n|-damage|p2a: Eternatus|138/308 par\n|-damage|p1a: Blissey|73/100|[from] item: Rocky Helmet|[of] p2a: Eternatus\n|move|p2a: Eternatus|Recover|p2a: Eternatus\n|-heal|p2a: Eternatus|292/308 par\n|\n|-heal|p1a: Blissey|80/100|[from] item: Leftovers\n|upkeep\n|turn|27\n|inactive|Time left: 300 sec this turn | 300 sec total\n|\n|t:|1783550631\n|move|p1a: Blissey|Seismic Toss|p2a: Eternatus\n|-damage|p2a: Eternatus|207/308 par\n|-damage|p1a: Blissey|63/100|[from] item: Rocky Helmet|[of] p2a: Eternatus\n|move|p2a: Eternatus|Flamethrower|p1a: Blissey\n|-damage|p1a: Blissey|55/100\n|\n|-heal|p1a: Blissey|61/100|[from] item: Leftovers\n|upkeep\n|turn|28\n|inactive|Time left: 300 sec this turn | 300 sec total\n|\n|t:|1783550633\n|move|p1a: Blissey|Soft-Boiled|p1a: Blissey\n|-heal|p1a: Blissey|100/100\n|move|p2a: Eternatus|Recover|p2a: Eternatus\n|-heal|p2a: Eternatus|308/308 par\n|\n|upkeep\n|turn|29\n|inactive|Time left: 300 sec this turn | 300 sec total\n|\n|t:|1783550633\n|move|p1a: Blissey|Seismic Toss|p2a: Eternatus\n|-damage|p2a: Eternatus|223/308 par\n|-damage|p1a: Blissey|84/100|[from] item: Rocky Helmet|[of] p2a: Eternatus\n|move|p2a: Eternatus|Flamethrower|p1a: Blissey\n|-damage|p1a: Blissey|76/100\n|\n|-heal|p1a: Blissey|82/100|[from] item: Leftovers\n|upkeep\n|turn|30\n|inactive|Time left: 300 sec this turn | 300 sec total\n|\n|t:|1783550634\n|move|p1a: Blissey|Seismic Toss|p2a: Eternatus\n|-damage|p2a: Eternatus|138/308 par\n|-damage|p1a: Blissey|66/100|[from] item: Rocky Helmet|[of] p2a: Eternatus\n|move|p2a: Eternatus|Recover|p2a: Eternatus\n|-heal|p2a: Eternatus|292/308 par\n|\n|-heal|p1a: Blissey|72/100|[from] item: Leftovers\n|upkeep\n|turn|31\n|inactive|Time left: 300 sec this turn | 300 sec total\n|\n|t:|1783550635\n|move|p1a: Blissey|Seismic Toss|p2a: Eternatus\n|-damage|p2a: Eternatus|207/308 par\n|-damage|p1a: Blissey|55/100|[from] item: Rocky Helmet|[of] p2a: Eternatus\n|move|p2a: Eternatus|Dynamax Cannon|p1a: Blissey\n|-damage|p1a: Blissey|42/100\n|\n|-heal|p1a: Blissey|49/100|[from] item: Leftovers\n|upkeep\n|turn|32\n|inactive|Time left: 300 sec this turn | 300 sec total\n|\n|t:|1783550636\n|move|p1a: Blissey|Soft-Boiled|p1a: Blissey\n|-heal|p1a: Blissey|99/100\n|cant|p2a: Eternatus|par\n|\n|-heal|p1a: Blissey|100/100|[from] item: Leftovers\n|upkeep\n|turn|33\n|inactive|Time left: 300 sec this turn | 300 sec total\n|\n|t:|1783550637\n|move|p1a: Blissey|Seismic Toss|p2a: Eternatus\n|-damage|p2a: Eternatus|122/308 par\n|-damage|p1a: Blissey|84/100|[from] item: Rocky Helmet|[of] p2a: Eternatus\n|move|p2a: Eternatus|Dynamax Cannon|p1a: Blissey\n|-damage|p1a: Blissey|71/100\n|\n|-heal|p1a: Blissey|77/100|[from] item: Leftovers\n|upkeep\n|turn|34\n|inactive|Time left: 300 sec this turn | 300 sec total\n|\n|t:|1783550638\n|move|p1a: Blissey|Seismic Toss|p2a: Eternatus\n|-damage|p2a: Eternatus|37/308 par\n|-damage|p1a: Blissey|60/100|[from] item: Rocky Helmet|[of] p2a: Eternatus\n|move|p2a: Eternatus|Flamethrower|p1a: Blissey\n|-damage|p1a: Blissey|52/100\n|\n|-heal|p1a: Blissey|58/100|[from] item: Leftovers\n|upkeep\n|turn|35\n|inactive|Time left: 300 sec this turn | 300 sec total\n|\n|t:|1783550639\n|move|p1a: Blissey|Soft-Boiled|p1a: Blissey\n|-heal|p1a: Blissey|100/100\n|move|p2a: Eternatus|Dynamax Cannon|p1a: Blissey\n|-damage|p1a: Blissey|88/100\n|\n|-heal|p1a: Blissey|94/100|[from] item: Leftovers\n|upkeep\n|turn|36\n|inactive|Time left: 300 sec this turn | 300 sec total\n|\n|t:|1783550640\n|move|p1a: Blissey|Seismic Toss|p2a: Eternatus\n|-damage|p2a: Eternatus|0 fnt\n|-damage|p1a: Blissey|77/100|[from] item: Rocky Helmet|[of] p2a: Eternatus\n|faint|p2a: Eternatus\n|\n|-heal|p1a: Blissey|83/100|[from] item: Leftovers\n|upkeep\n|inactive|Time left: 300 sec this turn | 300 sec total | 5 sec grace\n|\n|t:|1783550641\n|switch|p2a: Volcanion|Volcanion, L79|256/256\n|turn|37\n|inactive|Time left: 300 sec this turn | 300 sec total\n|\n|t:|1783550642\n|move|p2a: Volcanion|Steam Eruption|p1a: Blissey|[miss]\n|-miss|p2a: Volcanion|p1a: Blissey\n|move|p1a: Blissey|Seismic Toss|p2a: Volcanion\n|-damage|p2a: Volcanion|171/256\n|\n|-heal|p1a: Blissey|89/100|[from] item: Leftovers\n|upkeep\n|turn|38\n|inactive|Time left: 300 sec this turn | 300 sec total\n|\n|t:|1783550643\n|move|p2a: Volcanion|Steam Eruption|p1a: Blissey\n|-damage|p1a: Blissey|74/100\n|-status|p1a: Blissey|brn\n|move|p1a: Blissey|Soft-Boiled|p1a: Blissey\n|-heal|p1a: Blissey|100/100 brn\n|\n|-damage|p1a: Blissey|94/100 brn|[from] brn\n|upkeep\n|turn|39\n|inactive|Time left: 300 sec this turn | 300 sec total\n|\n|t:|1783550644\n|move|p2a: Volcanion|Sludge Bomb|p1a: Blissey\n|-damage|p1a: Blissey|86/100 brn\n|move|p1a: Blissey|Thunder Wave|p2a: Volcanion\n|-status|p2a: Volcanion|par\n|\n|-heal|p1a: Blissey|92/100 brn|[from] item: Leftovers\n|-damage|p1a: Blissey|86/100 brn|[from] brn\n|upkeep\n|turn|40\n|inactive|Time left: 300 sec this turn | 300 sec total\n|\n|t:|1783550645\n|move|p1a: Blissey|Soft-Boiled|p1a: Blissey\n|-heal|p1a: Blissey|100/100 brn\n|move|p2a: Volcanion|Steam Eruption|p1a: Blissey|[miss]\n|-miss|p2a: Volcanion|p1a: Blissey\n|\n|-damage|p1a: Blissey|94/100 brn|[from] brn\n|upkeep\n|turn|41\n|inactive|Time left: 300 sec this turn | 300 sec total\n|\n|t:|1783550646\n|-curestatus|p1a: Blissey|brn|[from] ability: Natural Cure|[silent]\n|switch|p1a: Altaria|Altaria, L89, F|100/100\n|move|p2a: Volcanion|Steam Eruption|p1a: Altaria\n|-resisted|p1a: Altaria\n|-damage|p1a: Altaria|80/100\n|\n|upkeep\n|turn|42\n|inactive|Time left: 300 sec this turn | 300 sec total\n|\n|t:|1783550647\n|move|p1a: Altaria|Brave Bird|p2a: Volcanion\n|-damage|p2a: Volcanion|83/256 par\n|-damage|p1a: Altaria|70/100|[from] Recoil\n|move|p2a: Volcanion|Steam Eruption|p1a: Altaria\n|-resisted|p1a: Altaria\n|-damage|p1a: Altaria|52/100\n|-status|p1a: Altaria|brn\n|\n|-damage|p1a: Altaria|46/100 brn|[from] brn\n|upkeep\n|turn|43\n|inactive|Time left: 300 sec this turn | 300 sec total\n|\n|t:|1783550648\n|move|p1a: Altaria|Brave Bird|p2a: Volcanion\n|-damage|p2a: Volcanion|36/256 par\n|-damage|p1a: Altaria|40/100 brn|[from] Recoil\n|cant|p2a: Volcanion|par\n|\n|-damage|p1a: Altaria|34/100 brn|[from] brn\n|upkeep\n|turn|44\n|inactive|Time left: 300 sec this turn | 300 sec total\n|\n|t:|1783550649\n|move|p1a: Altaria|Brave Bird|p2a: Volcanion\n|-damage|p2a: Volcanion|0 fnt\n|faint|p2a: Volcanion\n|-damage|p1a: Altaria|30/100 brn|[from] Recoil\n|\n|win|p0x987ab46", "uploadtime": 1783550649, "views": 0, "rating": 0, "private": 0, "password": null, "_winner": "p0x987ab46", "_our_name": "p0y9875291"}