{"id": "battle-gen9randombattle-1453", "formatid": "gen9randombattle", "format": "[Gen 9] Random Battle", "players": ["p0x14538a38", "p0y14531271"], "log": "|init|battle\n|title|p0x14538a38 vs. p0y14531271\n|j|\u2606p0x14538a38\n|j|\u2606p0y14531271\n|t:|1783556001\n|gametype|singles\n|player|p1|p0x14538a38|102|\n|player|p2|p0y14531271|101|\n|gen|9\n|tier|[Gen 9] Random Battle\n|rule|Species Clause: Limit one of each Pok\u00e9mon\n|rule|HP Percentage Mod: HP is shown in percentages\n|rule|Sleep Clause Mod: Limit one foe put to sleep\n|rule|Illusion Level Mod: Illusion disguises the Pok\u00e9mon's true level\n|\n|t:|1783556001\n|teamsize|p1|6\n|teamsize|p2|6\n|start\n|switch|p1a: Sandaconda|Sandaconda, L84, F|258/258\n|switch|p2a: Heracross|Heracross, L80, F|100/100\n|turn|1\n|inactive|Battle timer is ON: inactive players will automatically lose when time's up. (requested by p0y14531271)\n|inactive|Time left: 300 sec this turn | 300 sec total | 60 sec grace\n|inactive|p0x14538a38 also wants the timer to be on.\n|\n|t:|1783556003\n|move|p2a: Heracross|Trailblaze|p1a: Sandaconda\n|-supereffective|p1a: Sandaconda\n|-damage|p1a: Sandaconda|200/258\n|-boost|p2a: Heracross|spe|1\n|move|p1a: Sandaconda|Glare|p2a: Heracross\n|-status|p2a: Heracross|par\n|\n|-heal|p1a: Sandaconda|216/258|[from] item: Leftovers\n|upkeep\n|turn|2\n|inactive|Time left: 300 sec this turn | 300 sec total\n|\n|t:|1783556004\n|move|p1a: Sandaconda|Stone Edge|p2a: Heracross\n|-damage|p2a: Heracross|65/100 par\n|move|p2a: Heracross|Knock Off|p1a: Sandaconda\n|-damage|p1a: Sandaconda|126/258\n|-enditem|p1a: Sandaconda|Leftovers|[from] move: Knock Off|[of] p2a: Heracross\n|\n|upkeep\n|turn|3\n|inactive|Time left: 300 sec this turn | 300 sec total\n|\n|t:|1783556005\n|move|p1a: Sandaconda|Rest|p1a: Sandaconda\n|-status|p1a: Sandaconda|slp|[from] move: Rest\n|-heal|p1a: Sandaconda|258/258 slp|[silent]\n|move|p2a: Heracross|Trailblaze|p1a: Sandaconda\n|-supereffective|p1a: Sandaconda\n|-damage|p1a: Sandaconda|170/258 slp\n|-boost|p2a: Heracross|spe|1\n|\n|upkeep\n|turn|4\n|inactive|Time left: 300 sec this turn | 300 sec total\n|\n|t:|1783556006\n|switch|p1a: Spidops|Spidops, L96, F|271/271\n|move|p2a: Heracross|Facade|p1a: Spidops\n|-damage|p1a: Spidops|122/271\n|\n|upkeep\n|turn|5\n|inactive|Time left: 300 sec this turn | 300 sec total\n|\n|t:|1783556007\n|move|p2a: Heracross|Facade|p1a: Spidops\n|-damage|p1a: Spidops|0 fnt\n|faint|p1a: Spidops\n|\n|upkeep\n|inactive|Time left: 300 sec this turn | 300 sec total | 5 sec grace\n|\n|t:|1783556008\n|switch|p1a: Miraidon|Miraidon, L65|238/238\n|-fieldstart|move: Electric Terrain|[from] ability: Hadron Engine|[of] p1a: Miraidon\n|turn|6\n|inactive|Time left: 300 sec this turn | 300 sec total\n|\n|t:|1783556010\n|switch|p2a: Iron Treads|Iron Treads, L77|100/100\n|-activate|p2a: Iron Treads|ability: Quark Drive\n|-start|p2a: Iron Treads|quarkdrivedef\n|move|p1a: Miraidon|Electro Drift|p2a: Iron Treads\n|-immune|p2a: Iron Treads\n|\n|upkeep\n|turn|7\n|inactive|Time left: 300 sec this turn | 300 sec total\n|\n|t:|1783556011\n|switch|p1a: Sandaconda|Sandaconda, L84, F|170/258 slp\n|move|p2a: Iron Treads|Earthquake|p1a: Sandaconda\n|-damage|p1a: Sandaconda|98/258 slp\n|\n|upkeep\n|turn|8\n|inactive|Time left: 300 sec this turn | 300 sec total\n|\n|t:|1783556012\n|move|p2a: Iron Treads|Earthquake|p1a: Sandaconda\n|-damage|p1a: Sandaconda|26/258 slp\n|cant|p1a: Sandaconda|slp\n|\n|-activate|p1a: Sandaconda|ability: Shed Skin\n|-curestatus|p1a: Sandaconda|slp|[msg]\n|upkeep\n|turn|9\n|inactive|Time left: 300 sec this turn | 300 sec total\n|\n|t:|1783556013\n|switch|p1a: Regirock|Regirock, L83|268/268\n|move|p2a: Iron Treads|Knock Off|p1a: Regirock\n|-damage|p1a: Regirock|231/268\n|-enditem|p1a: Regirock|Leftovers|[from] move: Knock Off|[of] p2a: Iron Treads\n|\n|upkeep\n|turn|10\n|inactive|Time left: 300 sec this turn | 300 sec total\n|\n|t:|1783556014\n|move|p2a: Iron Treads|Earthquake|p1a: Regirock\n|-supereffective|p1a: Regirock\n|-damage|p1a: Regirock|123/268\n|move|p1a: Regirock|Body Press|p2a: Iron Treads\n|-supereffective|p2a: Iron Treads\n|-damage|p2a: Iron Treads|54/100\n|\n|-fieldend|move: Electric Terrain\n|-end|p2a: Iron Treads|Quark Drive\n|upkeep\n|turn|11\n|inactive|Time left: 300 sec this turn | 300 sec total\n|\n|t:|1783556015\n|move|p2a: Iron Treads|Iron Head|p1a: Regirock\n|-supereffective|p1a: Regirock\n|-damage|p1a: Regirock|39/268\n|move|p1a: Regirock|Body Press|p2a: Iron Treads\n|-supereffective|p2a: Iron Treads\n|-damage|p2a: Iron Treads|0 fnt\n|faint|p2a: Iron Treads\n|-end|p2a: Iron Treads|Quark Drive|[silent]\n|\n|upkeep\n|\n|t:|1783556016\n|switch|p2a: Milotic|Milotic, L83, F|100/100\n|turn|12\n|inactive|Time left: 300 sec this turn | 300 sec total\n|\n|t:|1783556017\n|switch|p1a: Toxtricity|Toxtricity, L82, M|257/257\n|move|p2a: Milotic|Ice Beam|p1a: Toxtricity\n|-damage|p1a: Toxtricity|172/257\n|-status|p1a: Toxtricity|frz\n|\n|upkeep\n|turn|13\n|inactive|Time left: 300 sec this turn | 300 sec total\n|\n|t:|1783556018\n|move|p2a: Milotic|Ice Beam|p1a: Toxtricity\n|-damage|p1a: Toxtricity|88/257 frz\n|cant|p1a: Toxtricity|frz\n|\n|upkeep\n|turn|14\n|inactive|Time left: 300 sec this turn | 300 sec total\n|\n|t:|1783556019\n|switch|p2a: Squawkabilly|Squawkabilly-Blue, L85, F|100/100\n|-curestatus|p1a: Toxtricity|frz|[msg]\n|move|p1a: Toxtricity|Boomburst|p2a: Squawkabilly\n|-damage|p2a: Squawkabilly|0 fnt\n|faint|p2a: Squawkabilly\n|\n|upkeep\n|\n|t:|1783556020\n|switch|p2a: Gastrodon|Gastrodon-East, L86, F|100/100\n|turn|15\n|inactive|Time left: 300 sec this turn | 300 sec total\n|\n|t:|1783556021\n|-terastallize|p1a: Toxtricity|Normal\n|move|p1a: Toxtricity|Boomburst|p2a: Gastrodon\n|-damage|p2a: Gastrodon|10/100\n|move|p2a: Gastrodon|Earthquake|p1a: Toxtricity\n|-damage|p1a: Toxtricity|0 fnt\n|faint|p1a: Toxtricity\n|\n|-heal|p2a: Gastrodon|16/100|[from] item: Leftovers\n|upkeep\n|inactive|Time left: 300 sec this turn | 300 sec total | 5 sec grace\n|\n|t:|1783556022\n|switch|p1a: Sandaconda|Sandaconda, L84, F|26/258\n|turn|16\n|inactive|Time left: 300 sec this turn | 300 sec total\n|\n|t:|1783556023\n|move|p1a: Sandaconda|Earthquake|p2a: Gastrodon\n|-damage|p2a: Gastrodon|0 fnt\n|faint|p2a: Gastrodon\n|\n|upkeep\n|\n|t:|1783556024\n|switch|p2a: Milotic|Milotic, L83, F|100/100\n|turn|17\n|inactive|Time left: 300 sec this turn | 300 sec total\n|\n|t:|1783556025\n|move|p2a: Milotic|Scald|p1a: Sandaconda\n|-supereffective|p1a: Sandaconda\n|-damage|p1a: Sandaconda|0 fnt\n|faint|p1a: Sandaconda\n|\n|upkeep\n|inactive|Time left: 300 sec this turn | 300 sec total | 5 sec grace\n|\n|t:|1783556026\n|switch|p1a: Miraidon|Miraidon, L65|238/238\n|-fieldstart|move: Electric Terrain|[from] ability: Hadron Engine|[of] p1a: Miraidon\n|turn|18\n|inactive|Time left: 300 sec this turn | 300 sec total\n|\n|t:|1783556027\n|-terastallize|p2a: Milotic|Steel\n|move|p1a: Miraidon|Electro Drift|p2a: Milotic\n|-damage|p2a: Milotic|41/100\n|move|p2a: Milotic|Recover|p2a: Milotic\n|-heal|p2a: Milotic|91/100\n|\n|-heal|p2a: Milotic|97/100|[from] item: Leftovers\n|upkeep\n|turn|19\n|inactive|Time left: 300 sec this turn | 300 sec total\n|\n|t:|1783556028\n|move|p1a: Miraidon|Electro Drift|p2a: Milotic\n|-damage|p2a: Milotic|34/100\n|move|p2a: Milotic|Recover|p2a: Milotic\n|-heal|p2a: Milotic|84/100\n|\n|-heal|p2a: Milotic|90/100|[from] item: Leftovers\n|upkeep\n|turn|20\n|inactive|Time left: 300 sec this turn | 300 sec total\n|\n|t:|1783556029\n|move|p1a: Miraidon|Electro Drift|p2a: Milotic\n|-crit|p2a: Milotic\n|-damage|p2a: Milotic|0 fnt\n|faint|p2a: Milotic\n|\n|upkeep\n|\n|t:|1783556030\n|switch|p2a: Deoxys|Deoxys-Defense, L84|100/100\n|-ability|p2a: Deoxys|Pressure\n|turn|21\n|inactive|Time left: 300 sec this turn | 300 sec total\n|\n|t:|1783556031\n|move|p1a: Miraidon|Electro Drift|p2a: Deoxys\n|-damage|p2a: Deoxys|33/100\n|move|p2a: Deoxys|Recover|p2a: Deoxys\n|-heal|p2a: Deoxys|83/100\n|\n|-heal|p2a: Deoxys|89/100|[from] item: Leftovers\n|upkeep\n|turn|22\n|inactive|Time left: 300 sec this turn | 300 sec total\n|\n|t:|1783556032\n|move|p1a: Miraidon|Electro Drift|p2a: Deoxys\n|-damage|p2a: Deoxys|29/100\n|move|p2a: Deoxys|Cosmic Power|p2a: Deoxys\n|-boost|p2a: Deoxys|def|1\n|-boost|p2a: Deoxys|spd|1\n|\n|-heal|p2a: Deoxys|34/100|[from] item: Leftovers\n|-fieldend|move: Electric Terrain\n|upkeep\n|turn|23\n|inactive|Time left: 300 sec this turn | 300 sec total\n|\n|t:|1783556033\n|switch|p1a: Grumpig|Grumpig, L92, F|297/297\n|move|p2a: Deoxys|Recover|p2a: Deoxys\n|-heal|p2a: Deoxys|85/100\n|\n|-heal|p2a: Deoxys|91/100|[from] item: Leftovers\n|upkeep\n|turn|24\n|inactive|Time left: 300 sec this turn | 300 sec total\n|\n|t:|1783556034\n|move|p1a: Grumpig|Trick|p2a: Deoxys\n|-activate|p1a: Grumpig|move: Trick|[of] p2a: Deoxys\n|-item|p2a: Deoxys|Choice Scarf|[from] move: Trick\n|-item|p1a: Grumpig|Leftovers|[from] move: Trick\n|move|p2a: Deoxys|Night Shade|p1a: Grumpig\n|-damage|p1a: Grumpig|213/297\n|\n|-heal|p1a: Grumpig|231/297|[from] item: Leftovers\n|upkeep\n|turn|25\n|inactive|Time left: 300 sec this turn | 300 sec total\n|\n|t:|1783556035\n|move|p2a: Deoxys|Night Shade|p1a: Grumpig\n|-damage|p1a: Grumpig|147/297\n|move|p1a: Grumpig|Focus Blast|p2a: Deoxys\n|-resisted|p2a: Deoxys\n|-damage|p2a: Deoxys|82/100\n|\n|-heal|p1a: Grumpig|165/297|[from] item: Leftovers\n|upkeep\n|turn|26\n|inactive|Time left: 300 sec this turn | 300 sec total\n|\n|t:|1783556037\n|move|p2a: Deoxys|Night Shade|p1a: Grumpig\n|-damage|p1a: Grumpig|81/297\n|move|p1a: Grumpig|Focus Blast|p2a: Deoxys\n|-resisted|p2a: Deoxys\n|-damage|p2a: Deoxys|72/100\n|\n|-heal|p1a: Grumpig|99/297|[from] item: Leftovers\n|upkeep\n|turn|27\n|inactive|Time left: 300 sec this turn | 300 sec total\n|\n|t:|1783556038\n|move|p2a: Deoxys|Night Shade|p1a: Grumpig\n|-damage|p1a: Grumpig|15/297\n|move|p1a: Grumpig|Earth Power|p2a: Deoxys\n|-damage|p2a: Deoxys|60/100\n|\n|-heal|p1a: Grumpig|33/297|[from] item: Leftovers\n|upkeep\n|turn|28\n|inactive|Time left: 300 sec this turn | 300 sec total\n|\n|t:|1783556039\n|switch|p1a: Regirock|Regirock, L83|39/268\n|move|p2a: Deoxys|Night Shade|p1a: Regirock\n|-damage|p1a: Regirock|0 fnt\n|faint|p1a: Regirock\n|\n|upkeep\n|inactive|Time left: 300 sec this turn | 300 sec total | 5 sec grace\n|\n|t:|1783556040\n|switch|p1a: Miraidon|Miraidon, L65|238/238\n|-fieldstart|move: Electric Terrain|[from] ability: Hadron Engine|[of] p1a: Miraidon\n|turn|29\n|inactive|Time left: 300 sec this turn | 300 sec total\n|\n|t:|1783556040\n|move|p2a: Deoxys|Night Shade|p1a: Miraidon\n|-damage|p1a: Miraidon|154/238\n|move|p1a: Miraidon|Draco Meteor|p2a: Deoxys\n|-damage|p2a: Deoxys|20/100\n|-unboost|p1a: Miraidon|spa|2\n|\n|upkeep\n|turn|30\n|inactive|Time left: 300 sec this turn | 300 sec total\n|\n|t:|1783556041\n|move|p2a: Deoxys|Night Shade|p1a: Miraidon\n|-damage|p1a: Miraidon|70/238\n|move|p1a: Miraidon|Draco Meteor|p2a: Deoxys\n|-damage|p2a: Deoxys|0 fnt\n|-unboost|p1a: Miraidon|spa|2\n|faint|p2a: Deoxys\n|\n|upkeep\n|\n|t:|1783556042\n|switch|p2a: Heracross|Heracross, L80, F|65/100 par\n|turn|31\n|inactive|Time left: 300 sec this turn | 300 sec total\n|\n|t:|1783556043\n|switch|p1a: Grumpig|Grumpig, L92, F|33/297\n|move|p2a: Heracross|Facade|p1a: Grumpig\n|-damage|p1a: Grumpig|0 fnt\n|faint|p1a: Grumpig\n|\n|upkeep\n|inactive|Time left: 300 sec this turn | 300 sec total | 5 sec grace\n|\n|t:|1783556044\n|switch|p1a: Miraidon|Miraidon, L65|70/238\n|-activate|p1a: Miraidon|ability: Hadron Engine\n|turn|32\n|inactive|Time left: 300 sec this turn | 300 sec total\n|\n|t:|1783556045\n|move|p1a: Miraidon|Overheat|p2a: Heracross\n|-supereffective|p2a: Heracross\n|-damage|p2a: Heracross|0 fnt\n|-unboost|p1a: Miraidon|spa|2\n|faint|p2a: Heracross\n|\n|win|p0x14538a38", "uploadtime": 1783556045, "views": 0, "rating": 0, "private": 0, "password": null, "_winner": "p0x14538a38", "_our_name": "p0x14538a38"}