{"id": "battle-gen9randombattle-1841", "formatid": "gen9randombattle", "format": "[Gen 9] Random Battle", "players": ["p0x18412dd0", "p0y184107f0"], "log": "|init|battle\n|title|p0x18412dd0 vs. p0y184107f0\n|j|\u2606p0x18412dd0\n|j|\u2606p0y184107f0\n|t:|1783560566\n|gametype|singles\n|player|p1|p0x18412dd0|2|\n|player|p2|p0y184107f0|265|\n|gen|9\n|tier|[Gen 9] Random Battle\n|rule|Species Clause: Limit one of each Pok\u00e9mon\n|rule|HP Percentage Mod: HP is shown in percentages\n|rule|Sleep Clause Mod: Limit one foe put to sleep\n|rule|Illusion Level Mod: Illusion disguises the Pok\u00e9mon's true level\n|\n|t:|1783560566\n|teamsize|p1|6\n|teamsize|p2|6\n|start\n|switch|p1a: Probopass|Probopass, L91, F|257/257\n|switch|p2a: Thundurus|Thundurus-Therian, L80, M|100/100\n|turn|1\n|inactive|Battle timer is ON: inactive players will automatically lose when time's up. (requested by p0x18412dd0)\n|\n|t:|1783560568\n|move|p2a: Thundurus|Focus Blast|p1a: Probopass\n|-supereffective|p1a: Probopass\n|-damage|p1a: Probopass|0 fnt\n|faint|p1a: Probopass\n|\n|upkeep\n|inactive|Time left: 300 sec this turn | 300 sec total | 65 sec grace\n|inactive|p0y184107f0 also wants the timer to be on.\n|\n|t:|1783560569\n|switch|p1a: Slaking|Slaking, L84, M|389/389\n|turn|2\n|inactive|Time left: 300 sec this turn | 300 sec total\n|\n|t:|1783560570\n|switch|p2a: Scrafty|Scrafty, L83, F|100/100\n|-ability|p2a: Scrafty|Intimidate|boost\n|-unboost|p1a: Slaking|atk|1\n|move|p1a: Slaking|Giga Impact|p2a: Scrafty|[miss]\n|-miss|p1a: Slaking|p2a: Scrafty\n|\n|upkeep\n|turn|3\n|inactive|Time left: 300 sec this turn | 300 sec total\n|\n|t:|1783560571\n|switch|p1a: Dragonite|Dragonite, L74, F|257/257\n|move|p2a: Scrafty|Dragon Dance|p2a: Scrafty\n|-boost|p2a: Scrafty|atk|1\n|-boost|p2a: Scrafty|spe|1\n|\n|upkeep\n|turn|4\n|inactive|Time left: 300 sec this turn | 300 sec total\n|\n|t:|1783560573\n|move|p2a: Scrafty|Knock Off|p1a: Dragonite\n|-damage|p1a: Dragonite|182/257\n|-enditem|p1a: Dragonite|Heavy-Duty Boots|[from] move: Knock Off|[of] p2a: Scrafty\n|move|p1a: Dragonite|Outrage|p2a: Scrafty\n|-damage|p2a: Scrafty|59/100\n|\n|-heal|p2a: Scrafty|65/100|[from] item: Leftovers\n|upkeep\n|turn|5\n|inactive|Time left: 300 sec this turn | 300 sec total\n|\n|t:|1783560574\n|switch|p2a: Iron Valiant|Iron Valiant, L78|100/100\n|move|p1a: Dragonite|Outrage|p2a: Iron Valiant|[from] lockedmove\n|-immune|p2a: Iron Valiant\n|\n|upkeep\n|turn|6\n|inactive|Time left: 300 sec this turn | 300 sec total\n|\n|t:|1783560575\n|move|p2a: Iron Valiant|Swords Dance|p2a: Iron Valiant\n|-boost|p2a: Iron Valiant|atk|2\n|move|p1a: Dragonite|Outrage|p2a: Iron Valiant\n|-immune|p2a: Iron Valiant\n|\n|upkeep\n|turn|7\n|inactive|Time left: 300 sec this turn | 300 sec total\n|\n|t:|1783560576\n|move|p2a: Iron Valiant|Swords Dance|p2a: Iron Valiant\n|-boost|p2a: Iron Valiant|atk|2\n|move|p1a: Dragonite|Dragon Dance|p1a: Dragonite\n|-boost|p1a: Dragonite|atk|1\n|-boost|p1a: Dragonite|spe|1\n|\n|upkeep\n|turn|8\n|inactive|Time left: 300 sec this turn | 300 sec total\n|\n|t:|1783560577\n|-terastallize|p1a: Dragonite|Steel\n|move|p1a: Dragonite|Iron Head|p2a: Iron Valiant\n|-supereffective|p2a: Iron Valiant\n|-damage|p2a: Iron Valiant|0 fnt\n|faint|p2a: Iron Valiant\n|-end|p2a: Iron Valiant|Quark Drive|[silent]\n|\n|upkeep\n|\n|t:|1783560578\n|switch|p2a: Thundurus|Thundurus-Therian, L80, M|100/100\n|turn|9\n|inactive|Time left: 300 sec this turn | 300 sec total\n|\n|t:|1783560579\n|move|p2a: Thundurus|Focus Blast|p1a: Dragonite\n|-supereffective|p1a: Dragonite\n|-damage|p1a: Dragonite|0 fnt\n|faint|p1a: Dragonite\n|\n|upkeep\n|inactive|Time left: 300 sec this turn | 300 sec total | 5 sec grace\n|\n|t:|1783560580\n|switch|p1a: Venomoth|Venomoth, L84, F|255/255\n|turn|10\n|inactive|Time left: 300 sec this turn | 300 sec total\n|\n|t:|1783560581\n|switch|p2a: Iron Thorns|Iron Thorns, L83|100/100\n|-enditem|p2a: Iron Thorns|Booster Energy\n|-activate|p2a: Iron Thorns|ability: Quark Drive|[fromitem]\n|-start|p2a: Iron Thorns|quarkdriveatk\n|move|p1a: Venomoth|Quiver Dance|p1a: Venomoth\n|-boost|p1a: Venomoth|spa|1\n|-boost|p1a: Venomoth|spd|1\n|-boost|p1a: Venomoth|spe|1\n|\n|upkeep\n|turn|11\n|inactive|Time left: 300 sec this turn | 300 sec total\n|\n|t:|1783560582\n|move|p1a: Venomoth|Sleep Powder|p2a: Iron Thorns|[miss]\n|-miss|p1a: Venomoth|p2a: Iron Thorns\n|move|p2a: Iron Thorns|Stone Edge|p1a: Venomoth\n|-supereffective|p1a: Venomoth\n|-damage|p1a: Venomoth|0 fnt\n|faint|p1a: Venomoth\n|\n|upkeep\n|inactive|Time left: 300 sec this turn | 300 sec total | 5 sec grace\n|\n|t:|1783560582\n|switch|p1a: Slaking|Slaking, L84, M|389/389\n|turn|12\n|inactive|Time left: 300 sec this turn | 300 sec total\n|\n|t:|1783560583\n|-end|p2a: Iron Thorns|Quark Drive|[silent]\n|switch|p2a: Scrafty|Scrafty, L83, F|65/100\n|-ability|p2a: Scrafty|Intimidate|boost\n|-unboost|p1a: Slaking|atk|1\n|move|p1a: Slaking|Earthquake|p2a: Scrafty\n|-damage|p2a: Scrafty|40/100\n|\n|-heal|p2a: Scrafty|46/100|[from] item: Leftovers\n|upkeep\n|turn|13\n|inactive|Time left: 300 sec this turn | 300 sec total\n|\n|t:|1783560584\n|switch|p1a: Thundurus|Thundurus, L80, M|258/258\n|move|p2a: Scrafty|Drain Punch|p1a: Thundurus\n|-resisted|p1a: Thundurus\n|-damage|p1a: Thundurus|210/258\n|-heal|p2a: Scrafty|56/100|[from] drain|[of] p1a: Thundurus\n|\n|-heal|p2a: Scrafty|62/100|[from] item: Leftovers\n|upkeep\n|turn|14\n|inactive|Time left: 300 sec this turn | 300 sec total\n|\n|t:|1783560586\n|move|p1a: Thundurus|Focus Blast|p2a: Scrafty\n|-supereffective|p2a: Scrafty\n|-damage|p2a: Scrafty|0 fnt\n|faint|p2a: Scrafty\n|\n|upkeep\n|\n|t:|1783560587\n|switch|p2a: Iron Thorns|Iron Thorns, L83|100/100\n|turn|15\n|inactive|Time left: 300 sec this turn | 300 sec total\n|\n|t:|1783560588\n|switch|p1a: Slaking|Slaking, L84, M|389/389\n|move|p2a: Iron Thorns|Dragon Dance|p2a: Iron Thorns\n|-boost|p2a: Iron Thorns|atk|1\n|-boost|p2a: Iron Thorns|spe|1\n|\n|upkeep\n|turn|16\n|inactive|Time left: 300 sec this turn | 300 sec total\n|\n|t:|1783560589\n|-terastallize|p2a: Iron Thorns|Ground\n|move|p1a: Slaking|Earthquake|p2a: Iron Thorns\n|-damage|p2a: Iron Thorns|68/100\n|move|p2a: Iron Thorns|Earthquake|p1a: Slaking\n|-damage|p1a: Slaking|206/389\n|\n|upkeep\n|turn|17\n|inactive|Time left: 300 sec this turn | 300 sec total\n|\n|t:|1783560590\n|switch|p1a: Thundurus|Thundurus, L80, M|210/258\n|move|p2a: Iron Thorns|Dragon Dance|p2a: Iron Thorns\n|-boost|p2a: Iron Thorns|atk|1\n|-boost|p2a: Iron Thorns|spe|1\n|\n|upkeep\n|turn|18\n|inactive|Time left: 300 sec this turn | 300 sec total\n|\n|t:|1783560591\n|switch|p1a: Slaking|Slaking, L84, M|206/389\n|move|p2a: Iron Thorns|Wild Charge|p1a: Slaking\n|-damage|p1a: Slaking|0 fnt\n|faint|p1a: Slaking\n|-damage|p2a: Iron Thorns|51/100|[from] Recoil\n|\n|upkeep\n|inactive|Time left: 300 sec this turn | 300 sec total | 5 sec grace\n|\n|t:|1783560592\n|switch|p1a: Raichu|Raichu-Alola, L87, F|246/246\n|turn|19\n|inactive|Time left: 300 sec this turn | 300 sec total\n|\n|t:|1783560593\n|move|p2a: Iron Thorns|Stone Edge|p1a: Raichu\n|-damage|p1a: Raichu|0 fnt\n|faint|p1a: Raichu\n|\n|upkeep\n|inactive|Time left: 300 sec this turn | 300 sec total | 5 sec grace\n|\n|t:|1783560594\n|switch|p1a: Thundurus|Thundurus, L80, M|210/258\n|turn|20\n|inactive|Time left: 300 sec this turn | 300 sec total\n|\n|t:|1783560595\n|move|p2a: Iron Thorns|Wild Charge|p1a: Thundurus\n|-damage|p1a: Thundurus|0 fnt\n|faint|p1a: Thundurus\n|-damage|p2a: Iron Thorns|34/100|[from] Recoil\n|\n|win|p0y184107f0", "uploadtime": 1783560595, "views": 0, "rating": 0, "private": 0, "password": null, "_winner": "p0y184107f0", "_our_name": "p0x18412dd0"}