{"id": "battle-gen9randombattle-566", "formatid": "gen9randombattle", "format": "[Gen 9] Random Battle", "players": ["p0x566ef55", "p0y566edd2"], "log": "|init|battle\n|title|p0x566ef55 vs. p0y566edd2\n|j|\u2606p0x566ef55\n|j|\u2606p0y566edd2\n|t:|1783545638\n|gametype|singles\n|player|p1|p0x566ef55|265|\n|player|p2|p0y566edd2|102|\n|gen|9\n|tier|[Gen 9] Random Battle\n|rule|Species Clause: Limit one of each Pok\u00e9mon\n|rule|HP Percentage Mod: HP is shown in percentages\n|rule|Sleep Clause Mod: Limit one foe put to sleep\n|rule|Illusion Level Mod: Illusion disguises the Pok\u00e9mon's true level\n|\n|t:|1783545638\n|teamsize|p1|6\n|teamsize|p2|6\n|start\n|switch|p1a: Suicune|Suicune, L82|100/100\n|switch|p2a: Regirock|Regirock, L83|268/268\n|-ability|p1a: Suicune|Pressure\n|turn|1\n|inactive|Battle timer is ON: inactive players will automatically lose when time's up. (requested by p0y566edd2)\n|inactive|p0x566ef55 also wants the timer to be on.\n|\n|t:|1783545639\n|switch|p2a: Articuno|Articuno-Galar, L84|288/288\n|move|p1a: Suicune|Scald|p2a: Articuno\n|-damage|p2a: Articuno|216/288\n|\n|upkeep\n|turn|2\n|inactive|Time left: 300 sec this turn | 300 sec total\n|\n|t:|1783545640\n|move|p2a: Articuno|Calm Mind|p2a: Articuno\n|-boost|p2a: Articuno|spa|1\n|-boost|p2a: Articuno|spd|1\n|move|p1a: Suicune|Calm Mind|p1a: Suicune\n|-boost|p1a: Suicune|spa|1\n|-boost|p1a: Suicune|spd|1\n|\n|upkeep\n|turn|3\n|inactive|Time left: 300 sec this turn | 300 sec total\n|\n|t:|1783545641\n|move|p2a: Articuno|Calm Mind|p2a: Articuno\n|-boost|p2a: Articuno|spa|1\n|-boost|p2a: Articuno|spd|1\n|move|p1a: Suicune|Ice Beam|p2a: Articuno\n|-supereffective|p2a: Articuno\n|-damage|p2a: Articuno|138/288\n|-status|p2a: Articuno|frz\n|\n|upkeep\n|turn|4\n|inactive|Time left: 300 sec this turn | 300 sec total\n|\n|t:|1783545642\n|-curestatus|p2a: Articuno|frz|[msg]\n|move|p2a: Articuno|Freezing Glare|p1a: Suicune\n|-damage|p1a: Suicune|58/100\n|move|p1a: Suicune|Ice Beam|p2a: Articuno\n|-supereffective|p2a: Articuno\n|-damage|p2a: Articuno|66/288\n|\n|-heal|p1a: Suicune|64/100|[from] item: Leftovers\n|upkeep\n|turn|5\n|inactive|Time left: 300 sec this turn | 300 sec total\n|\n|t:|1783545643\n|move|p2a: Articuno|Recover|p2a: Articuno\n|-heal|p2a: Articuno|210/288\n|move|p1a: Suicune|Ice Beam|p2a: Articuno\n|-supereffective|p2a: Articuno\n|-damage|p2a: Articuno|138/288\n|\n|-heal|p1a: Suicune|70/100|[from] item: Leftovers\n|upkeep\n|turn|6\n|inactive|Time left: 300 sec this turn | 300 sec total\n|\n|t:|1783545644\n|move|p2a: Articuno|Freezing Glare|p1a: Suicune\n|-damage|p1a: Suicune|23/100\n|move|p1a: Suicune|Ice Beam|p2a: Articuno\n|-supereffective|p2a: Articuno\n|-damage|p2a: Articuno|62/288\n|\n|-heal|p1a: Suicune|29/100|[from] item: Leftovers\n|upkeep\n|turn|7\n|inactive|Time left: 300 sec this turn | 300 sec total\n|\n|t:|1783545645\n|move|p2a: Articuno|Freezing Glare|p1a: Suicune\n|-damage|p1a: Suicune|0 fnt\n|faint|p1a: Suicune\n|\n|upkeep\n|\n|t:|1783545646\n|switch|p1a: Sceptile|Sceptile, L87, M|100/100\n|turn|8\n|inactive|Time left: 300 sec this turn | 300 sec total\n|\n|t:|1783545647\n|move|p1a: Sceptile|Rock Slide|p2a: Articuno\n|-supereffective|p2a: Articuno\n|-damage|p2a: Articuno|0 fnt\n|faint|p2a: Articuno\n|-damage|p1a: Sceptile|91/100|[from] item: Life Orb\n|\n|upkeep\n|inactive|Time left: 300 sec this turn | 300 sec total | 5 sec grace\n|\n|t:|1783545648\n|switch|p2a: Skarmory|Skarmory, L80, M|235/235\n|turn|9\n|inactive|Time left: 300 sec this turn | 300 sec total\n|\n|t:|1783545650\n|switch|p1a: Girafarig|Girafarig, L89, M|100/100\n|move|p2a: Skarmory|Brave Bird|p1a: Girafarig\n|-damage|p1a: Girafarig|72/100\n|-damage|p2a: Skarmory|209/235|[from] Recoil\n|\n|-heal|p2a: Skarmory|223/235|[from] item: Leftovers\n|upkeep\n|turn|10\n|inactive|Time left: 300 sec this turn | 300 sec total\n|\n|t:|1783545651\n|move|p1a: Girafarig|Nasty Plot|p1a: Girafarig\n|-boost|p1a: Girafarig|spa|2\n|move|p2a: Skarmory|Stealth Rock|p1a: Girafarig\n|-sidestart|p1: p0x566ef55|move: Stealth Rock\n|\n|-heal|p2a: Skarmory|235/235|[from] item: Leftovers\n|upkeep\n|turn|11\n|inactive|Time left: 300 sec this turn | 300 sec total\n|\n|t:|1783545652\n|switch|p2a: Spiritomb|Spiritomb, L89, F|234/234\n|move|p1a: Girafarig|Thunderbolt|p2a: Spiritomb\n|-damage|p2a: Spiritomb|135/234\n|\n|-heal|p2a: Spiritomb|149/234|[from] item: Leftovers\n|upkeep\n|turn|12\n|inactive|Time left: 300 sec this turn | 300 sec total\n|\n|t:|1783545653\n|move|p1a: Girafarig|Thunderbolt|p2a: Spiritomb\n|-damage|p2a: Spiritomb|34/234\n|move|p2a: Spiritomb|Foul Play|p1a: Girafarig\n|-supereffective|p1a: Girafarig\n|-damage|p1a: Girafarig|31/100\n|\n|-heal|p2a: Spiritomb|48/234|[from] item: Leftovers\n|upkeep\n|turn|13\n|inactive|Time left: 300 sec this turn | 300 sec total\n|\n|t:|1783545654\n|move|p2a: Spiritomb|Sucker Punch|p1a: Girafarig\n|-supereffective|p1a: Girafarig\n|-damage|p1a: Girafarig|0 fnt\n|faint|p1a: Girafarig\n|\n|-heal|p2a: Spiritomb|62/234|[from] item: Leftovers\n|upkeep\n|\n|t:|1783545655\n|switch|p1a: Zekrom|Zekrom, L71|100/100\n|-damage|p1a: Zekrom|88/100|[from] Stealth Rock\n|-ability|p1a: Zekrom|Teravolt\n|turn|14\n|inactive|Time left: 300 sec this turn | 300 sec total\n|\n|t:|1783545656\n|move|p1a: Zekrom|Bolt Strike|p2a: Spiritomb\n|-damage|p2a: Spiritomb|0 fnt\n|faint|p2a: Spiritomb\n|\n|-heal|p1a: Zekrom|94/100|[from] item: Leftovers\n|upkeep\n|inactive|Time left: 300 sec this turn | 300 sec total | 5 sec grace\n|\n|t:|1783545657\n|switch|p2a: Haxorus|Haxorus, L77, M|244/244\n|-ability|p2a: Haxorus|Mold Breaker\n|turn|15\n|inactive|Time left: 300 sec this turn | 300 sec total\n|\n|t:|1783545658\n|-terastallize|p1a: Zekrom|Electric\n|move|p2a: Haxorus|Scale Shot|p1a: Zekrom\n|-damage|p1a: Zekrom|83/100\n|-damage|p1a: Zekrom|71/100\n|-damage|p1a: Zekrom|59/100\n|-damage|p1a: Zekrom|49/100\n|-hitcount|p1a: Zekrom|4\n|-unboost|p2a: Haxorus|def|1\n|-boost|p2a: Haxorus|spe|1\n|move|p1a: Zekrom|Outrage|p2a: Haxorus\n|-supereffective|p2a: Haxorus\n|-damage|p2a: Haxorus|0 fnt\n|faint|p2a: Haxorus\n|\n|-heal|p1a: Zekrom|55/100|[from] item: Leftovers\n|upkeep\n|inactive|Time left: 300 sec this turn | 300 sec total | 5 sec grace\n|\n|t:|1783545659\n|switch|p2a: Regirock|Regirock, L83|268/268\n|turn|16\n|inactive|Time left: 300 sec this turn | 300 sec total\n|\n|t:|1783545660\n|move|p1a: Zekrom|Outrage|p2a: Regirock|[from] lockedmove\n|-damage|p2a: Regirock|198/268\n|-start|p1a: Zekrom|confusion|[fatigue]\n|move|p2a: Regirock|Iron Defense|p2a: Regirock\n|-boost|p2a: Regirock|def|2\n|\n|-heal|p1a: Zekrom|61/100|[from] item: Leftovers\n|-heal|p2a: Regirock|214/268|[from] item: Leftovers\n|upkeep\n|turn|17\n|inactive|Time left: 300 sec this turn | 300 sec total\n|\n|t:|1783545660\n|-activate|p1a: Zekrom|confusion\n|move|p1a: Zekrom|Substitute|p1a: Zekrom\n|-start|p1a: Zekrom|Substitute\n|-damage|p1a: Zekrom|36/100\n|move|p2a: Regirock|Body Press|p1a: Zekrom\n|-end|p1a: Zekrom|Substitute\n|\n|-heal|p1a: Zekrom|43/100|[from] item: Leftovers\n|-heal|p2a: Regirock|230/268|[from] item: Leftovers\n|upkeep\n|turn|18\n|inactive|Time left: 300 sec this turn | 300 sec total\n|\n|t:|1783545661\n|-activate|p1a: Zekrom|confusion\n|move|p1a: Zekrom|Bolt Strike|p2a: Regirock\n|-crit|p2a: Regirock\n|-damage|p2a: Regirock|86/268\n|move|p2a: Regirock|Body Press|p1a: Zekrom\n|-damage|p1a: Zekrom|0 fnt\n|faint|p1a: Zekrom\n|\n|-heal|p2a: Regirock|102/268|[from] item: Leftovers\n|upkeep\n|\n|t:|1783545662\n|switch|p1a: Keldeo|Keldeo-Resolute, L79|100/100\n|-damage|p1a: Keldeo|94/100|[from] Stealth Rock\n|turn|19\n|inactive|Time left: 300 sec this turn | 300 sec total\n|\n|t:|1783545663\n|-terastallize|p2a: Regirock|Fighting\n|move|p1a: Keldeo|Hydro Pump|p2a: Regirock|[miss]\n|-miss|p1a: Keldeo|p2a: Regirock\n|move|p2a: Regirock|Body Press|p1a: Keldeo\n|-damage|p1a: Keldeo|0 fnt\n|faint|p1a: Keldeo\n|\n|-heal|p2a: Regirock|118/268|[from] item: Leftovers\n|upkeep\n|\n|t:|1783545664\n|switch|p1a: Sceptile|Sceptile, L87, M|91/100\n|-damage|p1a: Sceptile|78/100|[from] Stealth Rock\n|turn|20\n|inactive|Time left: 300 sec this turn | 300 sec total\n|\n|t:|1783545665\n|move|p1a: Sceptile|Rock Slide|p2a: Regirock\n|-resisted|p2a: Regirock\n|-crit|p2a: Regirock\n|-damage|p2a: Regirock|91/268\n|-damage|p1a: Sceptile|68/100|[from] item: Life Orb\n|move|p2a: Regirock|Body Press|p1a: Sceptile\n|-crit|p1a: Sceptile\n|-damage|p1a: Sceptile|0 fnt\n|faint|p1a: Sceptile\n|\n|-heal|p2a: Regirock|107/268|[from] item: Leftovers\n|upkeep\n|\n|t:|1783545665\n|switch|p1a: Oinkologne|Oinkologne, L92, M|100/100\n|-damage|p1a: Oinkologne|88/100|[from] Stealth Rock\n|turn|21\n|inactive|Time left: 300 sec this turn | 300 sec total\n|\n|t:|1783545666\n|move|p1a: Oinkologne|Double-Edge|p2a: Regirock\n|-damage|p2a: Regirock|67/268\n|-damage|p1a: Oinkologne|84/100|[from] Recoil\n|move|p2a: Regirock|Body Press|p1a: Oinkologne\n|-supereffective|p1a: Oinkologne\n|-crit|p1a: Oinkologne\n|-damage|p1a: Oinkologne|0 fnt\n|faint|p1a: Oinkologne\n|\n|win|p0y566edd2", "uploadtime": 1783545666, "views": 0, "rating": 0, "private": 0, "password": null, "_winner": "p0y566edd2", "_our_name": "p0y566edd2"}