{"id": "battle-gen9randombattle-2524", "formatid": "gen9randombattle", "format": "[Gen 9] Random Battle", "players": ["p0x2524cc05", "p0y25246a34"], "log": "|init|battle\n|title|p0x2524cc05 vs. p0y25246a34\n|j|\u2606p0x2524cc05\n|j|\u2606p0y25246a34\n|t:|1783569224\n|gametype|singles\n|player|p1|p0x2524cc05|266|\n|player|p2|p0y25246a34|101|\n|gen|9\n|tier|[Gen 9] Random Battle\n|rule|Species Clause: Limit one of each Pok\u00e9mon\n|rule|HP Percentage Mod: HP is shown in percentages\n|rule|Sleep Clause Mod: Limit one foe put to sleep\n|rule|Illusion Level Mod: Illusion disguises the Pok\u00e9mon's true level\n|\n|t:|1783569224\n|teamsize|p1|6\n|teamsize|p2|6\n|start\n|switch|p1a: Golem|Golem, L87, M|100/100\n|switch|p2a: Reuniclus|Reuniclus, L88, F|337/337\n|turn|1\n|inactive|Battle timer is ON: inactive players will automatically lose when time's up. (requested by p0x2524cc05)\n|inactive|Time left: 300 sec this turn | 300 sec total | 60 sec grace\n|inactive|p0y25246a34 also wants the timer to be on.\n|\n|t:|1783569226\n|move|p1a: Golem|Earthquake|p2a: Reuniclus\n|-damage|p2a: Reuniclus|198/337\n|move|p2a: Reuniclus|Psychic|p1a: Golem\n|-damage|p1a: Golem|31/100\n|\n|upkeep\n|turn|2\n|inactive|Time left: 300 sec this turn | 300 sec total\n|\n|t:|1783569227\n|move|p1a: Golem|Explosion|p2a: Reuniclus\n|-damage|p2a: Reuniclus|0 fnt\n|faint|p1a: Golem\n|faint|p2a: Reuniclus\n|\n|upkeep\n|inactive|Time left: 300 sec this turn | 300 sec total | 5 sec grace\n|\n|t:|1783569228\n|switch|p1a: Conkeldurr|Conkeldurr, L80, F|100/100\n|switch|p2a: Yanmega|Yanmega, L82, M|275/275\n|turn|3\n|inactive|Time left: 300 sec this turn | 300 sec total\n|\n|t:|1783569229\n|switch|p1a: Hatterene|Hatterene, L85, F|100/100\n|move|p2a: Yanmega|Air Slash|p1a: Hatterene\n|-damage|p1a: Hatterene|78/100\n|\n|-ability|p2a: Yanmega|Speed Boost|boost\n|-boost|p2a: Yanmega|spe|1\n|upkeep\n|turn|4\n|inactive|Time left: 300 sec this turn | 300 sec total\n|\n|t:|1783569230\n|move|p2a: Yanmega|Protect|p2a: Yanmega\n|-singleturn|p2a: Yanmega|Protect\n|move|p1a: Hatterene|Mystical Fire|p2a: Yanmega\n|-activate|p2a: Yanmega|move: Protect\n|\n|-ability|p2a: Yanmega|Speed Boost|boost\n|-boost|p2a: Yanmega|spe|1\n|upkeep\n|turn|5\n|inactive|Time left: 300 sec this turn | 300 sec total\n|\n|t:|1783569231\n|move|p2a: Yanmega|Air Slash|p1a: Hatterene\n|-damage|p1a: Hatterene|55/100\n|cant|p1a: Hatterene|flinch\n|\n|-ability|p2a: Yanmega|Speed Boost|boost\n|-boost|p2a: Yanmega|spe|1\n|upkeep\n|turn|6\n|inactive|Time left: 300 sec this turn | 300 sec total\n|\n|t:|1783569232\n|move|p2a: Yanmega|Protect|p2a: Yanmega\n|-singleturn|p2a: Yanmega|Protect\n|move|p1a: Hatterene|Mystical Fire|p2a: Yanmega\n|-activate|p2a: Yanmega|move: Protect\n|\n|-ability|p2a: Yanmega|Speed Boost|boost\n|-boost|p2a: Yanmega|spe|1\n|upkeep\n|turn|7\n|inactive|Time left: 300 sec this turn | 300 sec total\n|\n|t:|1783569233\n|move|p2a: Yanmega|Air Slash|p1a: Hatterene\n|-damage|p1a: Hatterene|35/100\n|move|p1a: Hatterene|Mystical Fire|p2a: Yanmega\n|-supereffective|p2a: Yanmega\n|-damage|p2a: Yanmega|65/275\n|-unboost|p2a: Yanmega|spa|1\n|\n|-ability|p2a: Yanmega|Speed Boost|boost\n|-boost|p2a: Yanmega|spe|1\n|upkeep\n|turn|8\n|inactive|Time left: 300 sec this turn | 300 sec total\n|\n|t:|1783569234\n|move|p2a: Yanmega|Protect|p2a: Yanmega\n|-singleturn|p2a: Yanmega|Protect\n|move|p1a: Hatterene|Draining Kiss|p2a: Yanmega\n|-activate|p2a: Yanmega|move: Protect\n|\n|-ability|p2a: Yanmega|Speed Boost|boost\n|-boost|p2a: Yanmega|spe|1\n|upkeep\n|turn|9\n|inactive|Time left: 300 sec this turn | 300 sec total\n|\n|t:|1783569234\n|switch|p2a: Luxray|Luxray, L88, M|284/284\n|-ability|p2a: Luxray|Intimidate|boost\n|-unboost|p1a: Hatterene|atk|1\n|move|p1a: Hatterene|Draining Kiss|p2a: Luxray\n|-damage|p2a: Luxray|233/284\n|-heal|p1a: Hatterene|51/100|[from] drain|[of] p2a: Luxray\n|\n|upkeep\n|turn|10\n|inactive|Time left: 300 sec this turn | 300 sec total\n|\n|t:|1783569236\n|switch|p1a: Conkeldurr|Conkeldurr, L80, F|100/100\n|move|p2a: Luxray|Play Rough|p1a: Conkeldurr\n|-supereffective|p1a: Conkeldurr\n|-damage|p1a: Conkeldurr|42/100\n|\n|-status|p1a: Conkeldurr|brn|[from] item: Flame Orb\n|upkeep\n|turn|11\n|inactive|Time left: 300 sec this turn | 300 sec total\n|\n|t:|1783569237\n|switch|p1a: Donphan|Donphan, L84, F|100/100\n|move|p2a: Luxray|Play Rough|p1a: Donphan\n|-damage|p1a: Donphan|79/100\n|-unboost|p1a: Donphan|atk|1\n|\n|-heal|p1a: Donphan|86/100|[from] item: Leftovers\n|upkeep\n|turn|12\n|inactive|Time left: 300 sec this turn | 300 sec total\n|\n|t:|1783569238\n|switch|p2a: Yanmega|Yanmega, L82, M|65/275\n|move|p1a: Donphan|Stealth Rock|p2a: Yanmega\n|-sidestart|p2: p0y25246a34|move: Stealth Rock\n|\n|-heal|p1a: Donphan|92/100|[from] item: Leftovers\n|upkeep\n|turn|13\n|inactive|Time left: 300 sec this turn | 300 sec total\n|\n|t:|1783569239\n|switch|p1a: Articuno|Articuno, L86|100/100\n|-ability|p1a: Articuno|Pressure\n|move|p2a: Yanmega|Bug Buzz|p1a: Articuno\n|-resisted|p1a: Articuno\n|-damage|p1a: Articuno|88/100\n|\n|-ability|p2a: Yanmega|Speed Boost|boost\n|-boost|p2a: Yanmega|spe|1\n|upkeep\n|turn|14\n|inactive|Time left: 300 sec this turn | 300 sec total\n|\n|t:|1783569240\n|move|p2a: Yanmega|Protect|p2a: Yanmega\n|-singleturn|p2a: Yanmega|Protect\n|move|p1a: Articuno|Brave Bird|p2a: Yanmega\n|-activate|p2a: Yanmega|move: Protect\n|\n|-ability|p2a: Yanmega|Speed Boost|boost\n|-boost|p2a: Yanmega|spe|1\n|upkeep\n|turn|15\n|inactive|Time left: 300 sec this turn | 300 sec total\n|\n|t:|1783569240\n|move|p2a: Yanmega|Air Slash|p1a: Articuno\n|-damage|p1a: Articuno|67/100\n|move|p1a: Articuno|Brave Bird|p2a: Yanmega\n|-supereffective|p2a: Yanmega\n|-damage|p2a: Yanmega|0 fnt\n|faint|p2a: Yanmega\n|-damage|p1a: Articuno|59/100|[from] Recoil\n|\n|upkeep\n|inactive|Time left: 300 sec this turn | 300 sec total | 5 sec grace\n|\n|t:|1783569241\n|switch|p2a: Poliwrath|Poliwrath, L88, M|302/302\n|-damage|p2a: Poliwrath|284/302|[from] Stealth Rock\n|turn|16\n|inactive|Time left: 300 sec this turn | 300 sec total\n|\n|t:|1783569242\n|move|p1a: Articuno|Freeze-Dry|p2a: Poliwrath\n|-supereffective|p2a: Poliwrath\n|-damage|p2a: Poliwrath|182/302\n|move|p2a: Poliwrath|Liquidation|p1a: Articuno\n|-damage|p1a: Articuno|28/100\n|\n|upkeep\n|turn|17\n|inactive|Time left: 300 sec this turn | 300 sec total\n|\n|t:|1783569243\n|switch|p2a: Luxray|Luxray, L88, M|233/284\n|-damage|p2a: Luxray|198/284|[from] Stealth Rock\n|-ability|p2a: Luxray|Intimidate|boost\n|-unboost|p1a: Articuno|atk|1\n|move|p1a: Articuno|Brave Bird|p2a: Luxray\n|-resisted|p2a: Luxray\n|-damage|p2a: Luxray|158/284\n|-damage|p1a: Articuno|24/100|[from] Recoil\n|\n|upkeep\n|turn|18\n|inactive|Time left: 300 sec this turn | 300 sec total\n|\n|t:|1783569243\n|move|p1a: Articuno|Roost|p1a: Articuno\n|-heal|p1a: Articuno|74/100\n|-singleturn|p1a: Articuno|move: Roost\n|move|p2a: Luxray|Wild Charge|p1a: Articuno\n|-damage|p1a: Articuno|36/100\n|-damage|p2a: Luxray|130/284|[from] Recoil\n|\n|upkeep\n|turn|19\n|inactive|Time left: 300 sec this turn | 300 sec total\n|\n|t:|1783569244\n|move|p1a: Articuno|Roost|p1a: Articuno\n|-heal|p1a: Articuno|86/100\n|-singleturn|p1a: Articuno|move: Roost\n|move|p2a: Luxray|Play Rough|p1a: Articuno\n|-damage|p1a: Articuno|60/100\n|\n|upkeep\n|turn|20\n|inactive|Time left: 300 sec this turn | 300 sec total\n|\n|t:|1783569245\n|move|p1a: Articuno|Roost|p1a: Articuno\n|-heal|p1a: Articuno|100/100\n|-singleturn|p1a: Articuno|move: Roost\n|move|p2a: Luxray|Play Rough|p1a: Articuno\n|-damage|p1a: Articuno|77/100\n|\n|upkeep\n|turn|21\n|inactive|Time left: 300 sec this turn | 300 sec total\n|\n|t:|1783569246\n|switch|p1a: Donphan|Donphan, L84, F|92/100\n|move|p2a: Luxray|Play Rough|p1a: Donphan\n|-damage|p1a: Donphan|71/100\n|\n|-heal|p1a: Donphan|77/100|[from] item: Leftovers\n|upkeep\n|turn|22\n|inactive|Time left: 300 sec this turn | 300 sec total\n|\n|t:|1783569247\n|switch|p2a: Poliwrath|Poliwrath, L88, M|182/302\n|-damage|p2a: Poliwrath|164/302|[from] Stealth Rock\n|move|p1a: Donphan|Earthquake|p2a: Poliwrath\n|-damage|p2a: Poliwrath|44/302\n|\n|-heal|p1a: Donphan|83/100|[from] item: Leftovers\n|upkeep\n|turn|23\n|inactive|Time left: 300 sec this turn | 300 sec total\n|\n|t:|1783569247\n|move|p2a: Poliwrath|Liquidation|p1a: Donphan\n|-supereffective|p1a: Donphan\n|-damage|p1a: Donphan|35/100\n|move|p1a: Donphan|Rapid Spin|p2a: Poliwrath\n|-crit|p2a: Poliwrath\n|-damage|p2a: Poliwrath|0 fnt\n|-boost|p1a: Donphan|spe|1\n|faint|p2a: Poliwrath\n|\n|-heal|p1a: Donphan|41/100|[from] item: Leftovers\n|upkeep\n|inactive|Time left: 300 sec this turn | 300 sec total | 5 sec grace\n|\n|t:|1783569248\n|switch|p2a: Pawmot|Pawmot, L80, M|243/243\n|-damage|p2a: Pawmot|228/243|[from] Stealth Rock\n|turn|24\n|inactive|Time left: 300 sec this turn | 300 sec total\n|\n|t:|1783569250\n|switch|p1a: Chimecho|Chimecho, L93, M|100/100\n|move|p2a: Pawmot|Close Combat|p1a: Chimecho\n|-resisted|p1a: Chimecho\n|-damage|p1a: Chimecho|69/100\n|-unboost|p2a: Pawmot|def|1\n|-unboost|p2a: Pawmot|spd|1\n|-damage|p2a: Pawmot|204/243|[from] item: Life Orb\n|\n|-heal|p1a: Chimecho|76/100|[from] item: Leftovers\n|upkeep\n|turn|25\n|inactive|Time left: 300 sec this turn | 300 sec total\n|\n|t:|1783569251\n|-terastallize|p2a: Pawmot|Electric\n|move|p2a: Pawmot|Double Shock|p1a: Chimecho\n|-damage|p1a: Chimecho|0 fnt\n|-start|p2a: Pawmot|typechange|Electric|[from] move: Double Shock\n|faint|p1a: Chimecho\n|-damage|p2a: Pawmot|180/243|[from] item: Life Orb\n|\n|upkeep\n|\n|t:|1783569252\n|switch|p1a: Articuno|Articuno, L86|77/100\n|-ability|p1a: Articuno|Pressure\n|turn|26\n|inactive|Time left: 300 sec this turn | 300 sec total\n|\n|t:|1783569253\n|-terastallize|p1a: Articuno|Ground\n|move|p2a: Pawmot|Double Shock|p1a: Articuno\n|-immune|p1a: Articuno\n|move|p1a: Articuno|Freeze-Dry|p2a: Pawmot\n|-damage|p2a: Pawmot|17/243\n|\n|upkeep\n|turn|27\n|inactive|Time left: 300 sec this turn | 300 sec total\n|\n|t:|1783569254\n|move|p2a: Pawmot|Knock Off|p1a: Articuno\n|-damage|p1a: Articuno|48/100\n|-enditem|p1a: Articuno|Heavy-Duty Boots|[from] move: Knock Off|[of] p2a: Pawmot\n|-damage|p2a: Pawmot|0 fnt|[from] item: Life Orb\n|faint|p2a: Pawmot\n|move|p1a: Articuno|Roost|p1a: Articuno\n|-heal|p1a: Articuno|98/100\n|\n|upkeep\n|inactive|Time left: 300 sec this turn | 300 sec total | 5 sec grace\n|\n|t:|1783569255\n|switch|p2a: Luxray|Luxray, L88, M|130/284\n|-damage|p2a: Luxray|95/284|[from] Stealth Rock\n|-ability|p2a: Luxray|Intimidate|boost\n|-unboost|p1a: Articuno|atk|1\n|turn|28\n|inactive|Time left: 300 sec this turn | 300 sec total\n|\n|t:|1783569256\n|move|p1a: Articuno|Freeze-Dry|p2a: Luxray\n|-damage|p2a: Luxray|46/284\n|move|p2a: Luxray|Play Rough|p1a: Articuno\n|-crit|p1a: Articuno\n|-damage|p1a: Articuno|60/100\n|\n|upkeep\n|turn|29\n|inactive|Time left: 300 sec this turn | 300 sec total\n|\n|t:|1783569257\n|move|p1a: Articuno|Freeze-Dry|p2a: Luxray\n|-damage|p2a: Luxray|0 fnt\n|faint|p2a: Luxray\n|\n|upkeep\n|inactive|Time left: 300 sec this turn | 300 sec total | 5 sec grace\n|\n|t:|1783569258\n|switch|p2a: Dragapult|Dragapult, L77, M|262/262\n|turn|30\n|inactive|Time left: 300 sec this turn | 300 sec total\n|\n|t:|1783569259\n|move|p2a: Dragapult|Dragon Darts|p1a: Articuno\n|-damage|p1a: Articuno|44/100\n|-anim|p2a: Dragapult|Dragon Darts|p1a: Articuno\n|-damage|p1a: Articuno|28/100\n|move|p1a: Articuno|Freeze-Dry|p2a: Dragapult\n|-supereffective|p2a: Dragapult\n|-damage|p2a: Dragapult|70/262\n|\n|upkeep\n|turn|31\n|inactive|Time left: 300 sec this turn | 300 sec total\n|\n|t:|1783569260\n|move|p2a: Dragapult|Dragon Darts|p1a: Articuno\n|-damage|p1a: Articuno|10/100\n|-anim|p2a: Dragapult|Dragon Darts|p1a: Articuno\n|-damage|p1a: Articuno|0 fnt\n|faint|p1a: Articuno\n|\n|upkeep\n|\n|t:|1783569260\n|switch|p1a: Donphan|Donphan, L84, F|41/100\n|turn|32\n|inactive|Time left: 300 sec this turn | 300 sec total\n|\n|t:|1783569261\n|move|p1a: Donphan|Ice Shard|p2a: Dragapult\n|-supereffective|p2a: Dragapult\n|-damage|p2a: Dragapult|0 fnt\n|faint|p2a: Dragapult\n|\n|win|p0x2524cc05", "uploadtime": 1783569261, "views": 0, "rating": 0, "private": 0, "password": null, "_winner": "p0x2524cc05", "_our_name": "p0y25246a34"}