{"id": "battle-gen9randombattle-118", "formatid": "gen9randombattle", "format": "[Gen 9] Random Battle", "players": ["p0x118daac", "p0y1189829"], "log": "|init|battle\n|title|p0x118daac vs. p0y1189829\n|j|\u2606p0x118daac\n|j|\u2606p0y1189829\n|t:|1783540853\n|gametype|singles\n|player|p1|p0x118daac|1|\n|player|p2|p0y1189829|266|\n|gen|9\n|tier|[Gen 9] Random Battle\n|rule|Species Clause: Limit one of each Pok\u00e9mon\n|rule|HP Percentage Mod: HP is shown in percentages\n|rule|Sleep Clause Mod: Limit one foe put to sleep\n|rule|Illusion Level Mod: Illusion disguises the Pok\u00e9mon's true level\n|\n|t:|1783540853\n|teamsize|p1|6\n|teamsize|p2|6\n|start\n|switch|p1a: Iron Crown|Iron Crown, L78|100/100\n|switch|p2a: Shaymin|Shaymin, L82|298/298\n|turn|1\n|inactive|Battle timer is ON: inactive players will automatically lose when time's up. (requested by p0x118daac)\n|inactive|Time left: 300 sec this turn | 300 sec total | 60 sec grace\n|inactive|p0y1189829 also wants the timer to be on.\n|\n|t:|1783540855\n|move|p2a: Shaymin|Seed Flare|p1a: Iron Crown\n|-resisted|p1a: Iron Crown\n|-damage|p1a: Iron Crown|78/100\n|move|p1a: Iron Crown|Calm Mind|p1a: Iron Crown\n|-boost|p1a: Iron Crown|spa|1\n|-boost|p1a: Iron Crown|spd|1\n|\n|-heal|p1a: Iron Crown|84/100|[from] item: Leftovers\n|upkeep\n|turn|2\n|inactive|Time left: 300 sec this turn | 300 sec total\n|\n|t:|1783540856\n|move|p2a: Shaymin|Leech Seed|p1a: Iron Crown\n|-start|p1a: Iron Crown|move: Leech Seed\n|move|p1a: Iron Crown|Calm Mind|p1a: Iron Crown\n|-boost|p1a: Iron Crown|spa|1\n|-boost|p1a: Iron Crown|spd|1\n|\n|-heal|p1a: Iron Crown|90/100|[from] item: Leftovers\n|-damage|p1a: Iron Crown|78/100|[from] Leech Seed|[of] p2a: Shaymin\n|upkeep\n|turn|3\n|inactive|Time left: 300 sec this turn | 300 sec total\n|\n|t:|1783540857\n|move|p2a: Shaymin|Air Slash|p1a: Iron Crown\n|-resisted|p1a: Iron Crown\n|-damage|p1a: Iron Crown|74/100\n|move|p1a: Iron Crown|Tachyon Cutter|p2a: Shaymin\n|-damage|p2a: Shaymin|186/298\n|-damage|p2a: Shaymin|83/298\n|-hitcount|p2a: Shaymin|2\n|\n|-heal|p2a: Shaymin|101/298|[from] item: Leftovers\n|-heal|p1a: Iron Crown|80/100|[from] item: Leftovers\n|-damage|p1a: Iron Crown|67/100|[from] Leech Seed|[of] p2a: Shaymin\n|-heal|p2a: Shaymin|134/298|[silent]\n|upkeep\n|turn|4\n|inactive|Time left: 300 sec this turn | 300 sec total\n|\n|t:|1783540858\n|move|p2a: Shaymin|Substitute|p2a: Shaymin\n|-start|p2a: Shaymin|Substitute\n|-damage|p2a: Shaymin|60/298\n|move|p1a: Iron Crown|Tachyon Cutter|p2a: Shaymin\n|-end|p2a: Shaymin|Substitute\n|-damage|p2a: Shaymin|0 fnt\n|faint|p2a: Shaymin\n|-hitcount|p2: Shaymin|2\n|\n|-heal|p1a: Iron Crown|73/100|[from] item: Leftovers\n|upkeep\n|inactive|Time left: 300 sec this turn | 300 sec total | 5 sec grace\n|\n|t:|1783540859\n|switch|p2a: Greedent|Greedent, L86, M|347/347\n|turn|5\n|inactive|Time left: 300 sec this turn | 300 sec total\n|\n|t:|1783540860\n|-terastallize|p2a: Greedent|Ground\n|move|p1a: Iron Crown|Focus Blast|p2a: Greedent\n|-damage|p2a: Greedent|147/347\n|-enditem|p2a: Greedent|Sitrus Berry|[eat]\n|-heal|p2a: Greedent|233/347|[from] item: Sitrus Berry\n|-heal|p2a: Greedent|347/347|[from] ability: Cheek Pouch\n|move|p2a: Greedent|Earthquake|p1a: Iron Crown\n|-supereffective|p1a: Iron Crown\n|-damage|p1a: Iron Crown|0 fnt\n|faint|p1a: Iron Crown\n|-end|p1a: Iron Crown|Quark Drive|[silent]\n|\n|upkeep\n|\n|t:|1783540861\n|switch|p1a: Regidrago|Regidrago, L77|100/100\n|turn|6\n|inactive|Time left: 300 sec this turn | 300 sec total\n|\n|t:|1783540863\n|-terastallize|p1a: Regidrago|Dragon\n|move|p1a: Regidrago|Outrage|p2a: Greedent\n|-damage|p2a: Greedent|157/347\n|move|p2a: Greedent|Earthquake|p1a: Regidrago\n|-damage|p1a: Regidrago|58/100\n|\n|upkeep\n|turn|7\n|inactive|Time left: 300 sec this turn | 300 sec total\n|\n|t:|1783540864\n|switch|p2a: Avalugg|Avalugg-Hisui, L90, F|317/317\n|move|p1a: Regidrago|Outrage|p2a: Avalugg|[from] lockedmove\n|-damage|p2a: Avalugg|195/317\n|\n|upkeep\n|turn|8\n|inactive|Time left: 300 sec this turn | 300 sec total\n|\n|t:|1783540865\n|move|p1a: Regidrago|Outrage|p2a: Avalugg|[from] lockedmove\n|-damage|p2a: Avalugg|79/317\n|-start|p1a: Regidrago|confusion|[fatigue]\n|move|p2a: Avalugg|Avalanche|p1a: Regidrago\n|-supereffective|p1a: Regidrago\n|-damage|p1a: Regidrago|0 fnt\n|faint|p1a: Regidrago\n|\n|upkeep\n|\n|t:|1783540866\n|switch|p1a: Galvantula|Galvantula, L82, M|100/100\n|turn|9\n|inactive|Time left: 300 sec this turn | 300 sec total\n|\n|t:|1783540867\n|switch|p2a: Greedent|Greedent, L86, M, tera:Ground|157/347\n|move|p1a: Galvantula|Bug Buzz|p2a: Greedent\n|-damage|p2a: Greedent|64/347\n|\n|upkeep\n|turn|10\n|inactive|Time left: 300 sec this turn | 300 sec total\n|\n|t:|1783540868\n|move|p1a: Galvantula|Sticky Web|p2a: Greedent\n|-sidestart|p2: p0y1189829|move: Sticky Web\n|move|p2a: Greedent|Knock Off|p1a: Galvantula\n|-damage|p1a: Galvantula|62/100\n|-enditem|p1a: Galvantula|Heavy-Duty Boots|[from] move: Knock Off|[of] p2a: Greedent\n|\n|upkeep\n|turn|11\n|inactive|Time left: 300 sec this turn | 300 sec total\n|\n|t:|1783540869\n|move|p1a: Galvantula|Energy Ball|p2a: Greedent\n|-supereffective|p2a: Greedent\n|-damage|p2a: Greedent|0 fnt\n|faint|p2a: Greedent\n|\n|upkeep\n|inactive|Time left: 300 sec this turn | 300 sec total | 5 sec grace\n|\n|t:|1783540870\n|switch|p2a: Gothitelle|Gothitelle, L90, M|272/272\n|-activate|p2a: Gothitelle|move: Sticky Web\n|-unboost|p2a: Gothitelle|spe|1\n|turn|12\n|inactive|Time left: 300 sec this turn | 300 sec total\n|\n|t:|1783540871\n|move|p1a: Galvantula|Bug Buzz|p2a: Gothitelle\n|-supereffective|p2a: Gothitelle\n|-damage|p2a: Gothitelle|128/272\n|move|p2a: Gothitelle|Calm Mind|p2a: Gothitelle\n|-boost|p2a: Gothitelle|spa|1\n|-boost|p2a: Gothitelle|spd|1\n|\n|-heal|p2a: Gothitelle|145/272|[from] item: Leftovers\n|upkeep\n|turn|13\n|inactive|Time left: 300 sec this turn | 300 sec total\n|\n|t:|1783540872\n|move|p1a: Galvantula|Bug Buzz|p2a: Gothitelle\n|-supereffective|p2a: Gothitelle\n|-crit|p2a: Gothitelle\n|-damage|p2a: Gothitelle|0 fnt\n|faint|p2a: Gothitelle\n|\n|upkeep\n|inactive|Time left: 300 sec this turn | 300 sec total | 5 sec grace\n|\n|t:|1783540873\n|switch|p2a: Avalugg|Avalugg-Hisui, L90, F|79/317\n|turn|14\n|inactive|Time left: 300 sec this turn | 300 sec total\n|\n|t:|1783540874\n|move|p1a: Galvantula|Bug Buzz|p2a: Avalugg\n|-damage|p2a: Avalugg|0 fnt\n|faint|p2a: Avalugg\n|\n|upkeep\n|inactive|Time left: 300 sec this turn | 300 sec total | 5 sec grace\n|\n|t:|1783540875\n|switch|p2a: Scyther|Scyther, L82, M|249/249\n|turn|15\n|inactive|Time left: 300 sec this turn | 300 sec total\n|\n|t:|1783540876\n|move|p1a: Galvantula|Thunder|p2a: Scyther\n|-supereffective|p2a: Scyther\n|-damage|p2a: Scyther|0 fnt\n|faint|p2a: Scyther\n|\n|upkeep\n|inactive|Time left: 300 sec this turn | 300 sec total | 5 sec grace\n|\n|t:|1783540877\n|switch|p2a: Inteleon|Inteleon, L81, F|246/246\n|-activate|p2a: Inteleon|move: Sticky Web\n|-unboost|p2a: Inteleon|spe|1\n|turn|16\n|inactive|Time left: 300 sec this turn | 300 sec total\n|\n|t:|1783540878\n|move|p1a: Galvantula|Thunder|p2a: Inteleon\n|-supereffective|p2a: Inteleon\n|-damage|p2a: Inteleon|0 fnt\n|faint|p2a: Inteleon\n|\n|win|p0x118daac", "uploadtime": 1783540878, "views": 0, "rating": 0, "private": 0, "password": null, "_winner": "p0x118daac", "_our_name": "p0y1189829"}