{"id": "battle-gen9randombattle-1518", "formatid": "gen9randombattle", "format": "[Gen 9] Random Battle", "players": ["p0x15186608", "p0y1518975a"], "log": "|init|battle\n|title|p0x15186608 vs. p0y1518975a\n|j|\u2606p0x15186608\n|j|\u2606p0y1518975a\n|t:|1783556737\n|gametype|singles\n|player|p1|p0x15186608|169|\n|player|p2|p0y1518975a|266|\n|gen|9\n|tier|[Gen 9] Random Battle\n|rule|Species Clause: Limit one of each Pok\u00e9mon\n|rule|HP Percentage Mod: HP is shown in percentages\n|rule|Sleep Clause Mod: Limit one foe put to sleep\n|rule|Illusion Level Mod: Illusion disguises the Pok\u00e9mon's true level\n|\n|t:|1783556737\n|teamsize|p1|6\n|teamsize|p2|6\n|start\n|switch|p1a: Mewtwo|Mewtwo, L72|272/272\n|switch|p2a: Rotom|Rotom-Mow, L87|100/100\n|-ability|p1a: Mewtwo|Pressure\n|turn|1\n|inactive|Battle timer is ON: inactive players will automatically lose when time's up. (requested by p0y1518975a)\n|inactive|Time left: 300 sec this turn | 300 sec total | 60 sec grace\n|inactive|p0x15186608 also wants the timer to be on.\n|\n|t:|1783556739\n|move|p2a: Rotom|Thunderbolt|p1a: Mewtwo\n|-damage|p1a: Mewtwo|146/272\n|move|p1a: Mewtwo|Nasty Plot|p1a: Mewtwo\n|-boost|p1a: Mewtwo|spa|2\n|\n|upkeep\n|turn|2\n|inactive|Time left: 300 sec this turn | 300 sec total\n|\n|t:|1783556740\n|move|p2a: Rotom|Thunderbolt|p1a: Mewtwo\n|-damage|p1a: Mewtwo|17/272\n|-status|p1a: Mewtwo|par\n|move|p1a: Mewtwo|Recover|p1a: Mewtwo\n|-heal|p1a: Mewtwo|153/272 par\n|\n|upkeep\n|turn|3\n|inactive|Time left: 300 sec this turn | 300 sec total\n|\n|t:|1783556741\n|move|p2a: Rotom|Thunderbolt|p1a: Mewtwo\n|-damage|p1a: Mewtwo|23/272 par\n|cant|p1a: Mewtwo|par\n|\n|upkeep\n|turn|4\n|inactive|Time left: 300 sec this turn | 300 sec total\n|\n|t:|1783556743\n|switch|p1a: Alcremie|Alcremie-Matcha-Cream, L90, F|263/263\n|move|p2a: Rotom|Thunderbolt|p1a: Alcremie\n|-damage|p1a: Alcremie|182/263\n|\n|-heal|p1a: Alcremie|198/263|[from] item: Leftovers\n|upkeep\n|turn|5\n|inactive|Time left: 300 sec this turn | 300 sec total\n|\n|t:|1783556744\n|move|p2a: Rotom|Thunderbolt|p1a: Alcremie\n|-damage|p1a: Alcremie|123/263\n|move|p1a: Alcremie|Calm Mind|p1a: Alcremie\n|-boost|p1a: Alcremie|spa|1\n|-boost|p1a: Alcremie|spd|1\n|\n|-heal|p1a: Alcremie|139/263|[from] item: Leftovers\n|upkeep\n|turn|6\n|inactive|Time left: 300 sec this turn | 300 sec total\n|\n|t:|1783556745\n|switch|p2a: Iron Treads|Iron Treads, L77|100/100\n|move|p1a: Alcremie|Alluring Voice|p2a: Iron Treads\n|-resisted|p2a: Iron Treads\n|-damage|p2a: Iron Treads|74/100\n|\n|-heal|p1a: Alcremie|155/263|[from] item: Leftovers\n|upkeep\n|turn|7\n|inactive|Time left: 300 sec this turn | 300 sec total\n|\n|t:|1783556746\n|move|p2a: Iron Treads|Iron Head|p1a: Alcremie\n|-supereffective|p1a: Alcremie\n|-damage|p1a: Alcremie|0 fnt\n|faint|p1a: Alcremie\n|\n|upkeep\n|inactive|Time left: 300 sec this turn | 300 sec total | 5 sec grace\n|\n|t:|1783556748\n|switch|p1a: Veluza|Veluza, L85, F|292/292\n|turn|8\n|inactive|Time left: 300 sec this turn | 300 sec total\n|\n|t:|1783556749\n|move|p1a: Veluza|Aqua Cutter|p2a: Iron Treads\n|-supereffective|p2a: Iron Treads\n|-crit|p2a: Iron Treads\n|-damage|p2a: Iron Treads|0 fnt\n|faint|p2a: Iron Treads\n|-end|p2a: Iron Treads|Quark Drive|[silent]\n|\n|upkeep\n|\n|t:|1783556750\n|switch|p2a: Manaphy|Manaphy, L78|100/100\n|turn|9\n|inactive|Time left: 300 sec this turn | 300 sec total\n|\n|t:|1783556751\n|move|p1a: Veluza|Aqua Cutter|p2a: Manaphy\n|-resisted|p2a: Manaphy\n|-crit|p2a: Manaphy\n|-damage|p2a: Manaphy|68/100\n|move|p2a: Manaphy|Tail Glow|p2a: Manaphy\n|-boost|p2a: Manaphy|spa|3\n|\n|-heal|p2a: Manaphy|74/100|[from] item: Leftovers\n|upkeep\n|turn|10\n|inactive|Time left: 300 sec this turn | 300 sec total\n|\n|t:|1783556752\n|switch|p1a: Mewtwo|Mewtwo, L72|23/272 par\n|-ability|p1a: Mewtwo|Pressure\n|move|p2a: Manaphy|Surf|p1a: Mewtwo\n|-damage|p1a: Mewtwo|0 fnt\n|faint|p1a: Mewtwo\n|\n|-heal|p2a: Manaphy|80/100|[from] item: Leftovers\n|upkeep\n|inactive|Time left: 300 sec this turn | 300 sec total | 5 sec grace\n|\n|t:|1783556753\n|switch|p1a: Klefki|Klefki, L84, M|233/233\n|turn|11\n|inactive|Time left: 300 sec this turn | 300 sec total\n|\n|t:|1783556754\n|move|p1a: Klefki|Thunder Wave|p2a: Manaphy\n|-status|p2a: Manaphy|par\n|move|p2a: Manaphy|Surf|p1a: Klefki\n|-damage|p1a: Klefki|37/233\n|\n|-heal|p1a: Klefki|51/233|[from] item: Leftovers\n|-heal|p2a: Manaphy|86/100 par|[from] item: Leftovers\n|upkeep\n|turn|12\n|inactive|Time left: 300 sec this turn | 300 sec total\n|\n|t:|1783556755\n|move|p1a: Klefki|Foul Play|p2a: Manaphy\n|-damage|p2a: Manaphy|69/100 par\n|cant|p2a: Manaphy|par\n|\n|-heal|p1a: Klefki|65/233|[from] item: Leftovers\n|-heal|p2a: Manaphy|75/100 par|[from] item: Leftovers\n|upkeep\n|turn|13\n|inactive|Time left: 300 sec this turn | 300 sec total\n|\n|t:|1783556756\n|move|p1a: Klefki|Spikes|p2a: Manaphy\n|-sidestart|p2: p0y1518975a|Spikes\n|move|p2a: Manaphy|Surf|p1a: Klefki\n|-damage|p1a: Klefki|0 fnt\n|faint|p1a: Klefki\n|\n|-heal|p2a: Manaphy|81/100 par|[from] item: Leftovers\n|upkeep\n|inactive|Time left: 300 sec this turn | 300 sec total | 5 sec grace\n|\n|t:|1783556757\n|switch|p1a: Braviary|Braviary, L85, M|309/309\n|turn|14\n|inactive|Time left: 300 sec this turn | 300 sec total\n|\n|t:|1783556759\n|move|p1a: Braviary|Brave Bird|p2a: Manaphy\n|-damage|p2a: Manaphy|23/100 par\n|-damage|p1a: Braviary|255/309|[from] Recoil\n|move|p2a: Manaphy|Ice Beam|p1a: Braviary\n|-supereffective|p1a: Braviary\n|-damage|p1a: Braviary|0 fnt\n|faint|p1a: Braviary\n|\n|-heal|p2a: Manaphy|29/100 par|[from] item: Leftovers\n|upkeep\n|inactive|Time left: 300 sec this turn | 300 sec total | 5 sec grace\n|\n|t:|1783556760\n|switch|p1a: Veluza|Veluza, L85, F|292/292\n|turn|15\n|inactive|Time left: 300 sec this turn | 300 sec total\n|\n|t:|1783556761\n|move|p1a: Veluza|Psycho Cut|p2a: Manaphy\n|-damage|p2a: Manaphy|0 fnt\n|faint|p2a: Manaphy\n|\n|upkeep\n|\n|t:|1783556762\n|switch|p2a: Rotom|Rotom-Mow, L87|100/100\n|turn|16\n|inactive|Time left: 300 sec this turn | 300 sec total\n|\n|t:|1783556763\n|move|p2a: Rotom|Leaf Storm|p1a: Veluza\n|-supereffective|p1a: Veluza\n|-damage|p1a: Veluza|0 fnt\n|-unboost|p2a: Rotom|spa|2\n|faint|p1a: Veluza\n|\n|upkeep\n|inactive|Time left: 300 sec this turn | 300 sec total | 5 sec grace\n|\n|t:|1783556764\n|switch|p1a: Gyarados|Gyarados, L79, F|280/280\n|turn|17\n|inactive|Time left: 300 sec this turn | 300 sec total\n|\n|t:|1783556765\n|switch|p2a: Dragonite|Dragonite, L74, M|100/100\n|-terastallize|p1a: Gyarados|Flying\n|move|p1a: Gyarados|Dragon Dance|p1a: Gyarados\n|-boost|p1a: Gyarados|atk|1\n|-boost|p1a: Gyarados|spe|1\n|\n|upkeep\n|turn|18\n|inactive|Time left: 300 sec this turn | 300 sec total\n|\n|t:|1783556766\n|move|p1a: Gyarados|Waterfall|p2a: Dragonite\n|-resisted|p2a: Dragonite\n|-damage|p2a: Dragonite|87/100\n|cant|p2a: Dragonite|flinch\n|\n|upkeep\n|turn|19\n|inactive|Time left: 300 sec this turn | 300 sec total\n|\n|t:|1783556767\n|move|p1a: Gyarados|Dragon Dance|p1a: Gyarados\n|-boost|p1a: Gyarados|atk|1\n|-boost|p1a: Gyarados|spe|1\n|move|p2a: Dragonite|Outrage|p1a: Gyarados\n|-damage|p1a: Gyarados|124/280\n|\n|upkeep\n|turn|20\n|inactive|Time left: 300 sec this turn | 300 sec total\n|\n|t:|1783556768\n|move|p1a: Gyarados|Tera Blast|p2a: Dragonite|[anim] Tera Blast Flying\n|-damage|p2a: Dragonite|0 fnt\n|faint|p2a: Dragonite\n|-ability|p1a: Gyarados|Moxie|boost\n|-boost|p1a: Gyarados|atk|1\n|\n|upkeep\n|\n|t:|1783556769\n|switch|p2a: Ditto|Ditto, L87|100/100\n|-damage|p2a: Ditto|88/100|[from] Spikes\n|-transform|p2a: Ditto|p1a: Gyarados|[from] ability: Imposter\n|-start|p2a: Ditto|typechange|Water/Flying|[silent]\n|turn|21\n|inactive|Time left: 300 sec this turn | 300 sec total\n|\n|t:|1783556770\n|-terastallize|p2a: Ditto|Ghost\n|move|p2a: Ditto|Waterfall|p1a: Gyarados\n|-damage|p1a: Gyarados|0 fnt\n|faint|p1a: Gyarados\n|\n|win|p0y1518975a", "uploadtime": 1783556770, "views": 0, "rating": 0, "private": 0, "password": null, "_winner": "p0y1518975a", "_our_name": "p0x15186608"}