{"id": "battle-gen9randombattle-2665", "formatid": "gen9randombattle", "format": "[Gen 9] Random Battle", "players": ["p0x2665dd18", "p0y26652d02"], "log": "|init|battle\n|title|p0x2665dd18 vs. p0y26652d02\n|j|\u2606p0x2665dd18\n|j|\u2606p0y26652d02\n|t:|1783569743\n|gametype|singles\n|player|p1|p0x2665dd18|2|\n|player|p2|p0y26652d02|2|\n|gen|9\n|tier|[Gen 9] Random Battle\n|rule|Species Clause: Limit one of each Pok\u00e9mon\n|rule|HP Percentage Mod: HP is shown in percentages\n|rule|Sleep Clause Mod: Limit one foe put to sleep\n|rule|Illusion Level Mod: Illusion disguises the Pok\u00e9mon's true level\n|\n|t:|1783569743\n|teamsize|p1|6\n|teamsize|p2|6\n|start\n|switch|p1a: Camerupt|Camerupt, L91, M|275/275\n|switch|p2a: Comfey|Comfey, L85, F|100/100\n|turn|1\n|inactive|Battle timer is ON: inactive players will automatically lose when time's up. (requested by p0y26652d02)\n|inactive|Time left: 300 sec this turn | 300 sec total | 60 sec grace\n|\n|t:|1783569745\n|switch|p2a: Articuno|Articuno-Galar, L84|100/100\n|move|p1a: Camerupt|Earthquake|p2a: Articuno\n|-immune|p2a: Articuno\n|\n|upkeep\n|turn|2\n|inactive|Time left: 300 sec this turn | 300 sec total\n|inactive|p0x2665dd18 also wants the timer to be on.\n|\n|t:|1783569746\n|move|p2a: Articuno|Freezing Glare|p1a: Camerupt\n|-damage|p1a: Camerupt|152/275\n|move|p1a: Camerupt|Stealth Rock|p2a: Articuno\n|-sidestart|p2: p0y26652d02|move: Stealth Rock\n|\n|-heal|p1a: Camerupt|169/275|[from] item: Leftovers\n|upkeep\n|turn|3\n|inactive|Time left: 300 sec this turn | 300 sec total\n|\n|t:|1783569747\n|switch|p1a: Ampharos|Ampharos, L88, F|302/302\n|move|p2a: Articuno|Hurricane|p1a: Ampharos\n|-resisted|p1a: Ampharos\n|-damage|p1a: Ampharos|232/302\n|\n|upkeep\n|turn|4\n|inactive|Time left: 300 sec this turn | 300 sec total\n|\n|t:|1783569748\n|move|p2a: Articuno|Calm Mind|p2a: Articuno\n|-boost|p2a: Articuno|spa|1\n|-boost|p2a: Articuno|spd|1\n|move|p1a: Ampharos|Thunderbolt|p2a: Articuno\n|-supereffective|p2a: Articuno\n|-damage|p2a: Articuno|25/100\n|\n|upkeep\n|turn|5\n|inactive|Time left: 300 sec this turn | 300 sec total\n|\n|t:|1783569749\n|move|p2a: Articuno|Recover|p2a: Articuno\n|-heal|p2a: Articuno|75/100\n|move|p1a: Ampharos|Thunderbolt|p2a: Articuno\n|-supereffective|p2a: Articuno\n|-damage|p2a: Articuno|1/100\n|\n|upkeep\n|turn|6\n|inactive|Time left: 300 sec this turn | 300 sec total\n|\n|t:|1783569750\n|move|p2a: Articuno|Freezing Glare|p1a: Ampharos\n|-damage|p1a: Ampharos|63/302\n|move|p1a: Ampharos|Thunderbolt|p2a: Articuno\n|-supereffective|p2a: Articuno\n|-damage|p2a: Articuno|0 fnt\n|faint|p2a: Articuno\n|\n|upkeep\n|\n|t:|1783569751\n|switch|p2a: Kleavor|Kleavor, L78, M|100/100\n|turn|7\n|inactive|Time left: 300 sec this turn | 300 sec total\n|\n|t:|1783569752\n|switch|p1a: Conkeldurr|Conkeldurr, L80, F|299/299\n|move|p2a: Kleavor|Stone Axe|p1a: Conkeldurr|[miss]\n|-miss|p2a: Kleavor|p1a: Conkeldurr\n|\n|-status|p1a: Conkeldurr|brn|[from] item: Flame Orb\n|upkeep\n|turn|8\n|inactive|Time left: 300 sec this turn | 300 sec total\n|\n|t:|1783569753\n|move|p2a: Kleavor|Stone Axe|p1a: Conkeldurr\n|-resisted|p1a: Conkeldurr\n|-damage|p1a: Conkeldurr|245/299 brn\n|-sidestart|p1: p0x2665dd18|move: Stealth Rock\n|move|p1a: Conkeldurr|Close Combat|p2a: Kleavor\n|-damage|p2a: Kleavor|0 fnt\n|-unboost|p1a: Conkeldurr|def|1\n|-unboost|p1a: Conkeldurr|spd|1\n|faint|p2a: Kleavor\n|\n|-damage|p1a: Conkeldurr|227/299 brn|[from] brn\n|upkeep\n|\n|t:|1783569754\n|switch|p2a: Leafeon|Leafeon, L88, M|100/100\n|-damage|p2a: Leafeon|88/100|[from] Stealth Rock\n|turn|9\n|inactive|Time left: 300 sec this turn | 300 sec total\n|\n|t:|1783569755\n|switch|p1a: Magmortar|Magmortar, L88, M|275/275\n|move|p2a: Leafeon|Leaf Blade|p1a: Magmortar\n|-resisted|p1a: Magmortar\n|-damage|p1a: Magmortar|181/275\n|-damage|p2a: Leafeon|78/100|[from] item: Life Orb\n|\n|upkeep\n|turn|10\n|inactive|Time left: 300 sec this turn | 300 sec total\n|\n|t:|1783569756\n|-terastallize|p2a: Leafeon|Normal\n|move|p2a: Leafeon|Double-Edge|p1a: Magmortar\n|-damage|p1a: Magmortar|0 fnt\n|-status|p2a: Leafeon|brn|[from] ability: Flame Body|[of] p1a: Magmortar\n|faint|p1a: Magmortar\n|-damage|p2a: Leafeon|55/100 brn|[from] Recoil\n|-damage|p2a: Leafeon|45/100 brn|[from] item: Life Orb\n|\n|-damage|p2a: Leafeon|39/100 brn|[from] brn\n|upkeep\n|inactive|Time left: 300 sec this turn | 300 sec total | 5 sec grace\n|\n|t:|1783569757\n|switch|p1a: Iron Bundle|Iron Bundle, L78|215/215\n|-damage|p1a: Iron Bundle|162/215|[from] Stealth Rock\n|turn|11\n|inactive|Time left: 300 sec this turn | 300 sec total\n|\n|t:|1783569758\n|move|p1a: Iron Bundle|Ice Beam|p2a: Leafeon\n|-crit|p2a: Leafeon\n|-damage|p2a: Leafeon|0 fnt\n|faint|p2a: Leafeon\n|\n|upkeep\n|\n|t:|1783569758\n|switch|p2a: Reshiram|Reshiram, L76|100/100\n|-ability|p2a: Reshiram|Turboblaze\n|turn|12\n|inactive|Time left: 300 sec this turn | 300 sec total\n|\n|t:|1783569759\n|move|p1a: Iron Bundle|Ice Beam|p2a: Reshiram\n|-damage|p2a: Reshiram|50/100\n|move|p2a: Reshiram|Dragon Dance|p2a: Reshiram\n|-boost|p2a: Reshiram|atk|1\n|-boost|p2a: Reshiram|spe|1\n|\n|upkeep\n|turn|13\n|inactive|Time left: 300 sec this turn | 300 sec total\n|\n|t:|1783569760\n|-end|p1a: Iron Bundle|Quark Drive|[silent]\n|switch|p1a: Ampharos|Ampharos, L88, F|63/302\n|-damage|p1a: Ampharos|26/302|[from] Stealth Rock\n|move|p2a: Reshiram|Outrage|p1a: Ampharos\n|-damage|p1a: Ampharos|0 fnt\n|faint|p1a: Ampharos\n|\n|upkeep\n|inactive|Time left: 300 sec this turn | 300 sec total | 5 sec grace\n|\n|t:|1783569761\n|switch|p1a: Conkeldurr|Conkeldurr, L80, F|227/299 brn\n|-damage|p1a: Conkeldurr|209/299 brn|[from] Stealth Rock\n|turn|14\n|inactive|Time left: 300 sec this turn | 300 sec total\n|\n|t:|1783569762\n|move|p2a: Reshiram|Outrage|p1a: Conkeldurr|[from] lockedmove\n|-damage|p1a: Conkeldurr|32/299 brn\n|move|p1a: Conkeldurr|Close Combat|p2a: Reshiram\n|-damage|p2a: Reshiram|0 fnt\n|-unboost|p1a: Conkeldurr|def|1\n|-unboost|p1a: Conkeldurr|spd|1\n|faint|p2a: Reshiram\n|\n|-damage|p1a: Conkeldurr|14/299 brn|[from] brn\n|upkeep\n|\n|t:|1783569763\n|switch|p2a: Meganium|Meganium, L90, M|100/100\n|-damage|p2a: Meganium|88/100|[from] Stealth Rock\n|turn|15\n|inactive|Time left: 300 sec this turn | 300 sec total\n|\n|t:|1783569764\n|move|p1a: Conkeldurr|Mach Punch|p2a: Meganium\n|-damage|p2a: Meganium|63/100\n|move|p2a: Meganium|Knock Off|p1a: Conkeldurr\n|-resisted|p1a: Conkeldurr\n|-damage|p1a: Conkeldurr|0 fnt\n|-enditem|p1a: Conkeldurr|Flame Orb|[from] move: Knock Off|[of] p2a: Meganium\n|faint|p1a: Conkeldurr\n|\n|-heal|p2a: Meganium|69/100|[from] item: Leftovers\n|upkeep\n|inactive|Time left: 300 sec this turn | 300 sec total | 5 sec grace\n|\n|t:|1783569765\n|switch|p1a: Squawkabilly|Squawkabilly-Blue, L85, M|278/278\n|-damage|p1a: Squawkabilly|209/278|[from] Stealth Rock\n|turn|16\n|inactive|Time left: 300 sec this turn | 300 sec total\n|\n|t:|1783569766\n|switch|p2a: Comfey|Comfey, L85, F|100/100\n|-damage|p2a: Comfey|88/100|[from] Stealth Rock\n|move|p1a: Squawkabilly|Brave Bird|p2a: Comfey\n|-damage|p2a: Comfey|27/100\n|-damage|p1a: Squawkabilly|163/278|[from] Recoil\n|\n|-heal|p2a: Comfey|33/100|[from] item: Leftovers\n|-status|p1a: Squawkabilly|brn|[from] item: Flame Orb\n|upkeep\n|turn|17\n|inactive|Time left: 300 sec this turn | 300 sec total\n|\n|t:|1783569767\n|-terastallize|p1a: Squawkabilly|Normal\n|move|p2a: Comfey|Stored Power|p1a: Squawkabilly\n|-crit|p1a: Squawkabilly\n|-damage|p1a: Squawkabilly|130/278 brn\n|move|p1a: Squawkabilly|Facade|p2a: Comfey\n|-damage|p2a: Comfey|0 fnt\n|faint|p2a: Comfey\n|\n|-damage|p1a: Squawkabilly|113/278 brn|[from] brn\n|upkeep\n|\n|t:|1783569768\n|switch|p2a: Meganium|Meganium, L90, M|69/100\n|-damage|p2a: Meganium|57/100|[from] Stealth Rock\n|turn|18\n|inactive|Time left: 300 sec this turn | 300 sec total\n|\n|t:|1783569769\n|move|p1a: Squawkabilly|Facade|p2a: Meganium\n|-damage|p2a: Meganium|0 fnt\n|faint|p2a: Meganium\n|\n|win|p0x2665dd18", "uploadtime": 1783569769, "views": 0, "rating": 0, "private": 0, "password": null, "_winner": "p0x2665dd18", "_our_name": "p0x2665dd18"}