{"id": "battle-gen9randombattle-2414", "formatid": "gen9randombattle", "format": "[Gen 9] Random Battle", "players": ["p0x24148689", "p0y24148852"], "log": "|init|battle\n|title|p0x24148689 vs. p0y24148852\n|j|\u2606p0x24148689\n|j|\u2606p0y24148852\n|t:|1783568014\n|gametype|singles\n|player|p1|p0x24148689|266|\n|player|p2|p0y24148852|2|\n|gen|9\n|tier|[Gen 9] Random Battle\n|rule|Species Clause: Limit one of each Pok\u00e9mon\n|rule|HP Percentage Mod: HP is shown in percentages\n|rule|Sleep Clause Mod: Limit one foe put to sleep\n|rule|Illusion Level Mod: Illusion disguises the Pok\u00e9mon's true level\n|\n|t:|1783568014\n|teamsize|p1|6\n|teamsize|p2|6\n|start\n|switch|p1a: Zapdos|Zapdos, L78|100/100\n|switch|p2a: Leafeon|Leafeon, L88, M|258/258\n|turn|1\n|inactive|Battle timer is ON: inactive players will automatically lose when time's up. (requested by p0y24148852)\n|inactive|p0x24148689 also wants the timer to be on.\n|\n|t:|1783568016\n|move|p2a: Leafeon|Swords Dance|p2a: Leafeon\n|-boost|p2a: Leafeon|atk|2\n|move|p1a: Zapdos|Hurricane|p2a: Leafeon\n|-supereffective|p2a: Leafeon\n|-damage|p2a: Leafeon|0 fnt\n|faint|p2a: Leafeon\n|\n|upkeep\n|inactive|Time left: 300 sec this turn | 300 sec total | 65 sec grace\n|\n|t:|1783568017\n|switch|p2a: Kleavor|Kleavor, L78, F|237/237\n|turn|2\n|inactive|Time left: 300 sec this turn | 300 sec total\n|\n|t:|1783568019\n|move|p2a: Kleavor|Stone Axe|p1a: Zapdos\n|-supereffective|p1a: Zapdos\n|-damage|p1a: Zapdos|0 fnt\n|-sidestart|p1: p0x24148689|move: Stealth Rock\n|faint|p1a: Zapdos\n|\n|upkeep\n|\n|t:|1783568020\n|switch|p1a: Oranguru|Oranguru, L92, F|100/100\n|-damage|p1a: Oranguru|88/100|[from] Stealth Rock\n|turn|3\n|inactive|Time left: 300 sec this turn | 300 sec total\n|\n|t:|1783568021\n|move|p2a: Kleavor|Stone Axe|p1a: Oranguru\n|-damage|p1a: Oranguru|55/100\n|move|p1a: Oranguru|Nasty Plot|p1a: Oranguru\n|-boost|p1a: Oranguru|spa|2\n|\n|-heal|p1a: Oranguru|61/100|[from] item: Leftovers\n|upkeep\n|turn|4\n|inactive|Time left: 300 sec this turn | 300 sec total\n|\n|t:|1783568022\n|-terastallize|p1a: Oranguru|Psychic\n|move|p2a: Kleavor|Stone Axe|p1a: Oranguru\n|-damage|p1a: Oranguru|27/100\n|move|p1a: Oranguru|Psyshock|p2a: Kleavor\n|-damage|p2a: Kleavor|0 fnt\n|faint|p2a: Kleavor\n|\n|-heal|p1a: Oranguru|34/100|[from] item: Leftovers\n|upkeep\n|inactive|Time left: 300 sec this turn | 300 sec total | 5 sec grace\n|\n|t:|1783568023\n|switch|p2a: Bruxish|Bruxish, L85, F|254/254\n|turn|5\n|inactive|Time left: 300 sec this turn | 300 sec total\n|\n|t:|1783568024\n|switch|p1a: Empoleon|Empoleon, L84, M|100/100\n|-damage|p1a: Empoleon|94/100|[from] Stealth Rock\n|move|p2a: Bruxish|Wave Crash|p1a: Empoleon\n|-resisted|p1a: Empoleon\n|-damage|p1a: Empoleon|55/100\n|-damage|p2a: Bruxish|218/254|[from] Recoil\n|\n|-heal|p1a: Empoleon|61/100|[from] item: Leftovers\n|upkeep\n|turn|6\n|inactive|Time left: 300 sec this turn | 300 sec total\n|\n|t:|1783568026\n|move|p2a: Bruxish|Wave Crash|p1a: Empoleon\n|-resisted|p1a: Empoleon\n|-damage|p1a: Empoleon|23/100\n|-damage|p2a: Bruxish|183/254|[from] Recoil\n|move|p1a: Empoleon|Roost|p1a: Empoleon\n|-heal|p1a: Empoleon|73/100\n|-singleturn|p1a: Empoleon|move: Roost\n|\n|-heal|p1a: Empoleon|79/100|[from] item: Leftovers\n|upkeep\n|turn|7\n|inactive|Time left: 300 sec this turn | 300 sec total\n|\n|t:|1783568027\n|move|p2a: Bruxish|Wave Crash|p1a: Empoleon\n|-resisted|p1a: Empoleon\n|-damage|p1a: Empoleon|43/100\n|-damage|p2a: Bruxish|150/254|[from] Recoil\n|move|p1a: Empoleon|Surf|p2a: Bruxish\n|-resisted|p2a: Bruxish\n|-damage|p2a: Bruxish|91/254\n|\n|-heal|p1a: Empoleon|49/100|[from] item: Leftovers\n|upkeep\n|turn|8\n|inactive|Time left: 300 sec this turn | 300 sec total\n|\n|t:|1783568028\n|move|p2a: Bruxish|Wave Crash|p1a: Empoleon\n|-resisted|p1a: Empoleon\n|-damage|p1a: Empoleon|10/100\n|-damage|p2a: Bruxish|55/254|[from] Recoil\n|move|p1a: Empoleon|Roost|p1a: Empoleon\n|-heal|p1a: Empoleon|60/100\n|-singleturn|p1a: Empoleon|move: Roost\n|\n|-heal|p1a: Empoleon|66/100|[from] item: Leftovers\n|upkeep\n|turn|9\n|inactive|Time left: 300 sec this turn | 300 sec total\n|\n|t:|1783568029\n|move|p2a: Bruxish|Wave Crash|p1a: Empoleon\n|-resisted|p1a: Empoleon\n|-damage|p1a: Empoleon|29/100\n|-damage|p2a: Bruxish|21/254|[from] Recoil\n|move|p1a: Empoleon|Surf|p2a: Bruxish\n|-resisted|p2a: Bruxish\n|-damage|p2a: Bruxish|0 fnt\n|faint|p2a: Bruxish\n|\n|-heal|p1a: Empoleon|35/100|[from] item: Leftovers\n|upkeep\n|inactive|Time left: 300 sec this turn | 300 sec total | 5 sec grace\n|\n|t:|1783568030\n|switch|p2a: Maushold|Maushold-Four, L76|238/238\n|turn|10\n|inactive|Time left: 300 sec this turn | 300 sec total\n|\n|t:|1783568031\n|switch|p1a: Sableye|Sableye, L88, M|100/100\n|-damage|p1a: Sableye|88/100|[from] Stealth Rock\n|move|p2a: Maushold|Population Bomb|p1a: Sableye\n|-immune|p1a: Sableye\n|\n|-heal|p1a: Sableye|94/100|[from] item: Leftovers\n|upkeep\n|turn|11\n|inactive|Time left: 300 sec this turn | 300 sec total\n|\n|t:|1783568032\n|switch|p2a: Camerupt|Camerupt, L91, F|275/275\n|move|p1a: Sableye|Knock Off|p2a: Camerupt\n|-damage|p2a: Camerupt|167/275\n|-enditem|p2a: Camerupt|Leftovers|[from] move: Knock Off|[of] p1a: Sableye\n|\n|-heal|p1a: Sableye|100/100|[from] item: Leftovers\n|upkeep\n|turn|12\n|inactive|Time left: 300 sec this turn | 300 sec total\n|\n|t:|1783568033\n|move|p1a: Sableye|Knock Off|p2a: Camerupt\n|-damage|p2a: Camerupt|103/275\n|move|p2a: Camerupt|Earthquake|p1a: Sableye\n|-damage|p1a: Sableye|41/100\n|\n|-heal|p1a: Sableye|47/100|[from] item: Leftovers\n|upkeep\n|turn|13\n|inactive|Time left: 300 sec this turn | 300 sec total\n|\n|t:|1783568033\n|move|p1a: Sableye|Recover|p1a: Sableye\n|-heal|p1a: Sableye|97/100\n|move|p2a: Camerupt|Earthquake|p1a: Sableye\n|-damage|p1a: Sableye|39/100\n|\n|-heal|p1a: Sableye|45/100|[from] item: Leftovers\n|upkeep\n|turn|14\n|inactive|Time left: 300 sec this turn | 300 sec total\n|\n|t:|1783568034\n|move|p1a: Sableye|Recover|p1a: Sableye\n|-heal|p1a: Sableye|95/100\n|move|p2a: Camerupt|Earthquake|p1a: Sableye\n|-damage|p1a: Sableye|37/100\n|\n|-heal|p1a: Sableye|43/100|[from] item: Leftovers\n|upkeep\n|turn|15\n|inactive|Time left: 300 sec this turn | 300 sec total\n|\n|t:|1783568036\n|move|p1a: Sableye|Recover|p1a: Sableye\n|-heal|p1a: Sableye|94/100\n|move|p2a: Camerupt|Earthquake|p1a: Sableye\n|-damage|p1a: Sableye|35/100\n|\n|-heal|p1a: Sableye|41/100|[from] item: Leftovers\n|upkeep\n|turn|16\n|inactive|Time left: 300 sec this turn | 300 sec total\n|\n|t:|1783568036\n|move|p1a: Sableye|Recover|p1a: Sableye\n|-heal|p1a: Sableye|91/100\n|move|p2a: Camerupt|Earthquake|p1a: Sableye\n|-damage|p1a: Sableye|28/100\n|\n|-heal|p1a: Sableye|34/100|[from] item: Leftovers\n|upkeep\n|turn|17\n|inactive|Time left: 300 sec this turn | 300 sec total\n|\n|t:|1783568037\n|move|p1a: Sableye|Knock Off|p2a: Camerupt\n|-damage|p2a: Camerupt|36/275\n|move|p2a: Camerupt|Earthquake|p1a: Sableye\n|-damage|p1a: Sableye|0 fnt\n|faint|p1a: Sableye\n|\n|upkeep\n|\n|t:|1783568038\n|switch|p1a: Empoleon|Empoleon, L84, M|35/100\n|-damage|p1a: Empoleon|29/100|[from] Stealth Rock\n|turn|18\n|inactive|Time left: 300 sec this turn | 300 sec total\n|\n|t:|1783568039\n|move|p1a: Empoleon|Surf|p2a: Camerupt\n|-supereffective|p2a: Camerupt\n|-damage|p2a: Camerupt|0 fnt\n|faint|p2a: Camerupt\n|\n|-heal|p1a: Empoleon|35/100|[from] item: Leftovers\n|upkeep\n|inactive|Time left: 300 sec this turn | 300 sec total | 5 sec grace\n|\n|t:|1783568040\n|switch|p2a: Maushold|Maushold-Four, L76|238/238\n|turn|19\n|inactive|Time left: 300 sec this turn | 300 sec total\n|\n|t:|1783568041\n|switch|p1a: Typhlosion|Typhlosion-Hisui, L83, M|100/100\n|-damage|p1a: Typhlosion|76/100|[from] Stealth Rock\n|move|p2a: Maushold|Population Bomb|p1a: Typhlosion\n|-immune|p1a: Typhlosion\n|\n|-heal|p1a: Typhlosion|82/100|[from] item: Leftovers\n|upkeep\n|turn|20\n|inactive|Time left: 300 sec this turn | 300 sec total\n|\n|t:|1783568042\n|move|p2a: Maushold|Bite|p1a: Typhlosion\n|-supereffective|p1a: Typhlosion\n|-crit|p1a: Typhlosion\n|-damage|p1a: Typhlosion|24/100\n|cant|p1a: Typhlosion|flinch\n|\n|-heal|p1a: Typhlosion|30/100|[from] item: Leftovers\n|upkeep\n|turn|21\n|inactive|Time left: 300 sec this turn | 300 sec total\n|\n|t:|1783568042\n|switch|p1a: Empoleon|Empoleon, L84, M|35/100\n|-damage|p1a: Empoleon|29/100|[from] Stealth Rock\n|move|p2a: Maushold|Bite|p1a: Empoleon\n|-damage|p1a: Empoleon|14/100\n|\n|-heal|p1a: Empoleon|20/100|[from] item: Leftovers\n|upkeep\n|turn|22\n|inactive|Time left: 300 sec this turn | 300 sec total\n|\n|t:|1783568043\n|move|p2a: Maushold|Population Bomb|p1a: Empoleon\n|-resisted|p1a: Empoleon\n|-damage|p1a: Empoleon|16/100\n|-resisted|p1a: Empoleon\n|-damage|p1a: Empoleon|11/100\n|-resisted|p1a: Empoleon\n|-damage|p1a: Empoleon|8/100\n|-resisted|p1a: Empoleon\n|-damage|p1a: Empoleon|3/100\n|-resisted|p1a: Empoleon\n|-damage|p1a: Empoleon|0 fnt\n|faint|p1a: Empoleon\n|-hitcount|p1: Empoleon|5\n|\n|upkeep\n|\n|t:|1783568044\n|switch|p1a: Oranguru|Oranguru, L92, F, tera:Psychic|34/100\n|-damage|p1a: Oranguru|21/100|[from] Stealth Rock\n|turn|23\n|inactive|Time left: 300 sec this turn | 300 sec total\n|\n|t:|1783568045\n|switch|p1a: Blissey|Blissey, L85, F|100/100\n|-damage|p1a: Blissey|88/100|[from] Stealth Rock\n|move|p2a: Maushold|Bite|p1a: Blissey\n|-damage|p1a: Blissey|67/100\n|\n|-heal|p1a: Blissey|73/100|[from] item: Leftovers\n|upkeep\n|turn|24\n|inactive|Time left: 300 sec this turn | 300 sec total\n|\n|t:|1783568046\n|switch|p1a: Typhlosion|Typhlosion-Hisui, L83, M|30/100\n|-damage|p1a: Typhlosion|6/100|[from] Stealth Rock\n|move|p2a: Maushold|Population Bomb|p1a: Typhlosion\n|-immune|p1a: Typhlosion\n|\n|-heal|p1a: Typhlosion|12/100|[from] item: Leftovers\n|upkeep\n|turn|25\n|inactive|Time left: 300 sec this turn | 300 sec total\n|\n|t:|1783568047\n|move|p2a: Maushold|Bite|p1a: Typhlosion\n|-supereffective|p1a: Typhlosion\n|-damage|p1a: Typhlosion|0 fnt\n|faint|p1a: Typhlosion\n|\n|upkeep\n|\n|t:|1783568048\n|switch|p1a: Blissey|Blissey, L85, F|73/100\n|-damage|p1a: Blissey|61/100|[from] Stealth Rock\n|turn|26\n|inactive|Time left: 300 sec this turn | 300 sec total\n|\n|t:|1783568049\n|switch|p1a: Oranguru|Oranguru, L92, F, tera:Psychic|21/100\n|-damage|p1a: Oranguru|9/100|[from] Stealth Rock\n|move|p2a: Maushold|Population Bomb|p1a: Oranguru\n|-damage|p1a: Oranguru|1/100\n|-damage|p1a: Oranguru|0 fnt\n|faint|p1a: Oranguru\n|-hitcount|p1: Oranguru|2\n|\n|upkeep\n|\n|t:|1783568049\n|switch|p1a: Blissey|Blissey, L85, F|61/100\n|-damage|p1a: Blissey|49/100|[from] Stealth Rock\n|turn|27\n|inactive|Time left: 300 sec this turn | 300 sec total\n|\n|t:|1783568050\n|-terastallize|p2a: Maushold|Normal\n|move|p2a: Maushold|Population Bomb|p1a: Blissey\n|-damage|p1a: Blissey|34/100\n|-damage|p1a: Blissey|18/100\n|-damage|p1a: Blissey|2/100\n|-damage|p1a: Blissey|0 fnt\n|faint|p1a: Blissey\n|-hitcount|p1: Blissey|4\n|\n|win|p0y24148852", "uploadtime": 1783568050, "views": 0, "rating": 0, "private": 0, "password": null, "_winner": "p0y24148852", "_our_name": "p0y24148852"}