{"id": "battle-gen9randombattle-1420", "formatid": "gen9randombattle", "format": "[Gen 9] Random Battle", "players": ["p0x14207aa7", "p0y1420b4c5"], "log": "|init|battle\n|title|p0x14207aa7 vs. p0y1420b4c5\n|j|\u2606p0x14207aa7\n|j|\u2606p0y1420b4c5\n|t:|1783555576\n|gametype|singles\n|player|p1|p0x14207aa7|1|\n|player|p2|p0y1420b4c5|102|\n|gen|9\n|tier|[Gen 9] Random Battle\n|rule|Species Clause: Limit one of each Pok\u00e9mon\n|rule|HP Percentage Mod: HP is shown in percentages\n|rule|Sleep Clause Mod: Limit one foe put to sleep\n|rule|Illusion Level Mod: Illusion disguises the Pok\u00e9mon's true level\n|\n|t:|1783555577\n|teamsize|p1|6\n|teamsize|p2|6\n|start\n|switch|p1a: Incineroar|Incineroar, L82, M|100/100\n|switch|p2a: Deoxys|Deoxys-Attack, L72|191/191\n|-ability|p2a: Deoxys|Pressure\n|-ability|p1a: Incineroar|Intimidate|boost\n|-unboost|p2a: Deoxys|atk|1\n|turn|1\n|inactive|Battle timer is ON: inactive players will automatically lose when time's up. (requested by p0y1420b4c5)\n|inactive|p0x14207aa7 also wants the timer to be on.\n|\n|t:|1783555578\n|switch|p2a: Qwilfish|Qwilfish, L86, F|252/252\n|-ability|p2a: Qwilfish|Intimidate|boost\n|-unboost|p1a: Incineroar|atk|1\n|move|p1a: Incineroar|Knock Off|p2a: Qwilfish\n|-damage|p2a: Qwilfish|182/252\n|-enditem|p2a: Qwilfish|Leftovers|[from] move: Knock Off|[of] p1a: Incineroar\n|\n|upkeep\n|turn|2\n|inactive|Time left: 300 sec this turn | 300 sec total\n|\n|t:|1783555579\n|move|p2a: Qwilfish|Gunk Shot|p1a: Incineroar\n|-damage|p1a: Incineroar|57/100\n|-status|p1a: Incineroar|psn\n|move|p1a: Incineroar|Parting Shot|p2a: Qwilfish\n|-unboost|p2a: Qwilfish|atk|1\n|-unboost|p2a: Qwilfish|spa|1\n|\n|t:|1783555580\n|switch|p1a: Articuno|Articuno-Galar, L84|100/100|[from] Parting Shot\n|\n|upkeep\n|turn|3\n|inactive|Time left: 300 sec this turn | 300 sec total\n|\n|t:|1783555581\n|switch|p2a: Clefable|Clefable, L83, F|293/293\n|move|p1a: Articuno|Freezing Glare|p2a: Clefable\n|-damage|p2a: Clefable|185/293\n|\n|-heal|p2a: Clefable|203/293|[from] item: Leftovers\n|upkeep\n|turn|4\n|inactive|Time left: 300 sec this turn | 300 sec total\n|\n|t:|1783555582\n|move|p1a: Articuno|Freezing Glare|p2a: Clefable\n|-damage|p2a: Clefable|85/293\n|move|p2a: Clefable|Calm Mind|p2a: Clefable\n|-boost|p2a: Clefable|spa|1\n|-boost|p2a: Clefable|spd|1\n|\n|-heal|p2a: Clefable|103/293|[from] item: Leftovers\n|upkeep\n|turn|5\n|inactive|Time left: 300 sec this turn | 300 sec total\n|\n|t:|1783555583\n|move|p1a: Articuno|Freezing Glare|p2a: Clefable\n|-damage|p2a: Clefable|18/293\n|move|p2a: Clefable|Moonlight|p2a: Clefable\n|-heal|p2a: Clefable|164/293\n|\n|-heal|p2a: Clefable|182/293|[from] item: Leftovers\n|upkeep\n|turn|6\n|inactive|Time left: 300 sec this turn | 300 sec total\n|\n|t:|1783555584\n|move|p1a: Articuno|Calm Mind|p1a: Articuno\n|-boost|p1a: Articuno|spa|1\n|-boost|p1a: Articuno|spd|1\n|move|p2a: Clefable|Moonblast|p1a: Articuno\n|-damage|p1a: Articuno|55/100\n|\n|-heal|p2a: Clefable|200/293|[from] item: Leftovers\n|upkeep\n|turn|7\n|inactive|Time left: 300 sec this turn | 300 sec total\n|\n|t:|1783555585\n|move|p1a: Articuno|Freezing Glare|p2a: Clefable\n|-damage|p2a: Clefable|124/293\n|move|p2a: Clefable|Moonblast|p1a: Articuno\n|-damage|p1a: Articuno|11/100\n|\n|-heal|p2a: Clefable|142/293|[from] item: Leftovers\n|upkeep\n|turn|8\n|inactive|Time left: 300 sec this turn | 300 sec total\n|\n|t:|1783555586\n|move|p1a: Articuno|Freezing Glare|p2a: Clefable\n|-damage|p2a: Clefable|67/293\n|move|p2a: Clefable|Moonblast|p1a: Articuno\n|-damage|p1a: Articuno|0 fnt\n|faint|p1a: Articuno\n|\n|-heal|p2a: Clefable|85/293|[from] item: Leftovers\n|upkeep\n|\n|t:|1783555587\n|switch|p1a: Garchomp|Garchomp, L74, M|100/100\n|turn|9\n|inactive|Time left: 300 sec this turn | 300 sec total\n|\n|t:|1783555588\n|move|p1a: Garchomp|Earthquake|p2a: Clefable\n|-damage|p2a: Clefable|0 fnt\n|faint|p2a: Clefable\n|\n|upkeep\n|inactive|Time left: 300 sec this turn | 300 sec total | 5 sec grace\n|\n|t:|1783555589\n|switch|p2a: Qwilfish|Qwilfish, L86, F|182/252\n|-ability|p2a: Qwilfish|Intimidate|boost\n|-unboost|p1a: Garchomp|atk|1\n|turn|10\n|inactive|Time left: 300 sec this turn | 300 sec total\n|\n|t:|1783555590\n|move|p2a: Qwilfish|Spikes|p1a: Garchomp\n|-sidestart|p1: p0x14207aa7|Spikes\n|move|p1a: Garchomp|Swords Dance|p1a: Garchomp\n|-boost|p1a: Garchomp|atk|2\n|\n|upkeep\n|turn|11\n|inactive|Time left: 300 sec this turn | 300 sec total\n|\n|t:|1783555591\n|switch|p2a: Chesnaught|Chesnaught, L84, M|285/285\n|move|p1a: Garchomp|Scale Shot|p2a: Chesnaught\n|-damage|p2a: Chesnaught|255/285\n|-damage|p2a: Chesnaught|225/285\n|-damage|p2a: Chesnaught|194/285\n|-damage|p2a: Chesnaught|163/285\n|-damage|p2a: Chesnaught|133/285\n|-hitcount|p2a: Chesnaught|5\n|-unboost|p1a: Garchomp|def|1\n|-boost|p1a: Garchomp|spe|1\n|\n|upkeep\n|turn|12\n|inactive|Time left: 300 sec this turn | 300 sec total\n|\n|t:|1783555592\n|move|p1a: Garchomp|Swords Dance|p1a: Garchomp\n|-boost|p1a: Garchomp|atk|2\n|move|p2a: Chesnaught|Synthesis|p2a: Chesnaught\n|-heal|p2a: Chesnaught|275/285\n|\n|upkeep\n|turn|13\n|inactive|Time left: 300 sec this turn | 300 sec total\n|\n|t:|1783555593\n|move|p1a: Garchomp|Earthquake|p2a: Chesnaught\n|-resisted|p2a: Chesnaught\n|-damage|p2a: Chesnaught|182/285\n|move|p2a: Chesnaught|Synthesis|p2a: Chesnaught\n|-heal|p2a: Chesnaught|285/285\n|\n|upkeep\n|turn|14\n|inactive|Time left: 300 sec this turn | 300 sec total\n|\n|t:|1783555594\n|move|p1a: Garchomp|Earthquake|p2a: Chesnaught\n|-resisted|p2a: Chesnaught\n|-damage|p2a: Chesnaught|177/285\n|move|p2a: Chesnaught|Wood Hammer|p1a: Garchomp\n|-damage|p1a: Garchomp|26/100\n|-damage|p2a: Chesnaught|142/285|[from] ability: Rough Skin|[of] p1a: Garchomp\n|-damage|p2a: Chesnaught|73/285|[from] Recoil\n|\n|upkeep\n|turn|15\n|inactive|Time left: 300 sec this turn | 300 sec total\n|\n|t:|1783555595\n|move|p1a: Garchomp|Earthquake|p2a: Chesnaught\n|-resisted|p2a: Chesnaught\n|-damage|p2a: Chesnaught|0 fnt\n|faint|p2a: Chesnaught\n|\n|upkeep\n|inactive|Time left: 300 sec this turn | 300 sec total | 5 sec grace\n|\n|t:|1783555596\n|switch|p2a: Jumpluff|Jumpluff, L87, F|271/271\n|turn|16\n|inactive|Time left: 300 sec this turn | 300 sec total\n|\n|t:|1783555597\n|-terastallize|p2a: Jumpluff|Steel\n|move|p1a: Garchomp|Scale Shot|p2a: Jumpluff\n|-resisted|p2a: Jumpluff\n|-damage|p2a: Jumpluff|237/271\n|-resisted|p2a: Jumpluff\n|-damage|p2a: Jumpluff|200/271\n|-resisted|p2a: Jumpluff\n|-damage|p2a: Jumpluff|164/271\n|-resisted|p2a: Jumpluff\n|-damage|p2a: Jumpluff|128/271\n|-hitcount|p2a: Jumpluff|4\n|-unboost|p1a: Garchomp|def|1\n|-boost|p1a: Garchomp|spe|1\n|move|p2a: Jumpluff|Acrobatics|p1a: Garchomp\n|-damage|p1a: Garchomp|0 fnt\n|-damage|p2a: Jumpluff|95/271|[from] ability: Rough Skin|[of] p1a: Garchomp\n|faint|p1a: Garchomp\n|\n|upkeep\n|\n|t:|1783555598\n|switch|p1a: Zebstrika|Zebstrika, L87, F|100/100\n|-damage|p1a: Zebstrika|88/100|[from] Spikes\n|turn|17\n|inactive|Time left: 300 sec this turn | 300 sec total\n|\n|t:|1783555599\n|move|p1a: Zebstrika|High Horsepower|p2a: Jumpluff\n|-supereffective|p2a: Jumpluff\n|-damage|p2a: Jumpluff|0 fnt\n|faint|p2a: Jumpluff\n|-damage|p1a: Zebstrika|78/100|[from] item: Life Orb\n|\n|upkeep\n|inactive|Time left: 300 sec this turn | 300 sec total | 5 sec grace\n|\n|t:|1783555600\n|switch|p2a: Deoxys|Deoxys-Attack, L72|191/191\n|-ability|p2a: Deoxys|Pressure\n|turn|18\n|inactive|Time left: 300 sec this turn | 300 sec total\n|\n|t:|1783555600\n|switch|p1a: Incineroar|Incineroar, L82, M|57/100 psn\n|-ability|p1a: Incineroar|Intimidate|boost\n|-unboost|p2a: Deoxys|atk|1\n|move|p2a: Deoxys|Psycho Boost|p1a: Incineroar\n|-immune|p1a: Incineroar\n|\n|-damage|p1a: Incineroar|44/100 psn|[from] psn\n|upkeep\n|turn|19\n|inactive|Time left: 300 sec this turn | 300 sec total\n|\n|t:|1783555602\n|move|p2a: Deoxys|Superpower|p1a: Incineroar\n|-supereffective|p1a: Incineroar\n|-damage|p1a: Incineroar|0 fnt\n|-unboost|p2a: Deoxys|atk|1\n|-unboost|p2a: Deoxys|def|1\n|faint|p1a: Incineroar\n|-damage|p2a: Deoxys|172/191|[from] item: Life Orb\n|\n|upkeep\n|\n|t:|1783555603\n|switch|p1a: Hippowdon|Hippowdon, L82, F|100/100\n|-damage|p1a: Hippowdon|88/100|[from] Spikes\n|-weather|Sandstorm|[from] ability: Sand Stream|[of] p1a: Hippowdon\n|turn|20\n|inactive|Time left: 300 sec this turn | 300 sec total\n|\n|t:|1783555603\n|-terastallize|p1a: Hippowdon|Rock\n|move|p2a: Deoxys|Psycho Boost|p1a: Hippowdon|[miss]\n|-miss|p2a: Deoxys|p1a: Hippowdon\n|move|p1a: Hippowdon|Earthquake|p2a: Deoxys\n|-damage|p2a: Deoxys|0 fnt\n|faint|p2a: Deoxys\n|\n|-weather|Sandstorm|[upkeep]\n|-heal|p1a: Hippowdon|94/100|[from] item: Leftovers\n|upkeep\n|inactive|Time left: 300 sec this turn | 300 sec total | 5 sec grace\n|\n|t:|1783555604\n|switch|p2a: Qwilfish|Qwilfish, L86, F|182/252\n|-ability|p2a: Qwilfish|Intimidate|boost\n|-unboost|p1a: Hippowdon|atk|1\n|turn|21\n|inactive|Time left: 300 sec this turn | 300 sec total\n|\n|t:|1783555605\n|move|p2a: Qwilfish|Waterfall|p1a: Hippowdon\n|-supereffective|p1a: Hippowdon\n|-damage|p1a: Hippowdon|48/100\n|move|p1a: Hippowdon|Earthquake|p2a: Qwilfish\n|-supereffective|p2a: Qwilfish\n|-damage|p2a: Qwilfish|24/252\n|\n|-weather|Sandstorm|[upkeep]\n|-damage|p2a: Qwilfish|9/252|[from] Sandstorm\n|-heal|p1a: Hippowdon|54/100|[from] item: Leftovers\n|upkeep\n|turn|22\n|inactive|Time left: 300 sec this turn | 300 sec total\n|\n|t:|1783555606\n|move|p2a: Qwilfish|Waterfall|p1a: Hippowdon\n|-supereffective|p1a: Hippowdon\n|-damage|p1a: Hippowdon|11/100\n|move|p1a: Hippowdon|Slack Off|p1a: Hippowdon\n|-heal|p1a: Hippowdon|61/100\n|\n|-weather|Sandstorm|[upkeep]\n|-damage|p2a: Qwilfish|0 fnt|[from] Sandstorm\n|faint|p2a: Qwilfish\n|-heal|p1a: Hippowdon|67/100|[from] item: Leftovers\n|upkeep\n|inactive|Time left: 300 sec this turn | 300 sec total | 5 sec grace\n|\n|t:|1783555607\n|switch|p2a: Magmortar|Magmortar, L88, M|275/275\n|turn|23\n|inactive|Time left: 300 sec this turn | 300 sec total\n|\n|t:|1783555608\n|move|p2a: Magmortar|Will-O-Wisp|p1a: Hippowdon\n|-status|p1a: Hippowdon|brn\n|move|p1a: Hippowdon|Earthquake|p2a: Magmortar\n|-supereffective|p2a: Magmortar\n|-damage|p2a: Magmortar|193/275\n|\n|-weather|Sandstorm|[upkeep]\n|-damage|p2a: Magmortar|176/275|[from] Sandstorm\n|-heal|p1a: Hippowdon|73/100 brn|[from] item: Leftovers\n|-damage|p1a: Hippowdon|67/100 brn|[from] brn\n|upkeep\n|turn|24\n|inactive|Time left: 300 sec this turn | 300 sec total\n|\n|t:|1783555609\n|move|p2a: Magmortar|Knock Off|p1a: Hippowdon\n|-damage|p1a: Hippowdon|49/100 brn\n|-enditem|p1a: Hippowdon|Leftovers|[from] move: Knock Off|[of] p2a: Magmortar\n|move|p1a: Hippowdon|Earthquake|p2a: Magmortar\n|-supereffective|p2a: Magmortar\n|-damage|p2a: Magmortar|86/275\n|\n|-weather|none\n|-damage|p1a: Hippowdon|43/100 brn|[from] brn\n|upkeep\n|turn|25\n|inactive|Time left: 300 sec this turn | 300 sec total\n|\n|t:|1783555610\n|move|p2a: Magmortar|Fire Blast|p1a: Hippowdon|[miss]\n|-miss|p2a: Magmortar|p1a: Hippowdon\n|move|p1a: Hippowdon|Earthquake|p2a: Magmortar\n|-supereffective|p2a: Magmortar\n|-damage|p2a: Magmortar|0 fnt\n|faint|p2a: Magmortar\n|\n|win|p0x14207aa7", "uploadtime": 1783555610, "views": 0, "rating": 0, "private": 0, "password": null, "_winner": "p0x14207aa7", "_our_name": "p0y1420b4c5"}