{"id": "battle-gen9randombattle-2584", "formatid": "gen9randombattle", "format": "[Gen 9] Random Battle", "players": ["p0x25841dad", "p0y25847b2b"], "log": "|init|battle\n|title|p0x25841dad vs. p0y25847b2b\n|j|\u2606p0x25841dad\n|j|\u2606p0y25847b2b\n|t:|1783568918\n|gametype|singles\n|player|p1|p0x25841dad|2|\n|player|p2|p0y25847b2b|102|\n|gen|9\n|tier|[Gen 9] Random Battle\n|rule|Species Clause: Limit one of each Pok\u00e9mon\n|rule|HP Percentage Mod: HP is shown in percentages\n|rule|Sleep Clause Mod: Limit one foe put to sleep\n|rule|Illusion Level Mod: Illusion disguises the Pok\u00e9mon's true level\n|\n|t:|1783568918\n|teamsize|p1|6\n|teamsize|p2|6\n|start\n|switch|p1a: Araquanid|Araquanid, L82, F|100/100\n|switch|p2a: Illumise|Illumise, L91, F|266/266\n|turn|1\n|inactive|Battle timer is ON: inactive players will automatically lose when time's up. (requested by p0x25841dad)\n|inactive|Time left: 300 sec this turn | 300 sec total | 60 sec grace\n|inactive|p0y25847b2b also wants the timer to be on.\n|\n|t:|1783568919\n|move|p2a: Illumise|Thunder Wave|p1a: Araquanid\n|-status|p1a: Araquanid|par\n|cant|p1a: Araquanid|par\n|\n|upkeep\n|turn|2\n|inactive|Time left: 300 sec this turn | 300 sec total\n|\n|t:|1783568921\n|switch|p2a: Ogerpon|Ogerpon, L80, F|259/259\n|move|p1a: Araquanid|Sticky Web|p2a: Ogerpon\n|-sidestart|p2: p0y25847b2b|move: Sticky Web\n|\n|upkeep\n|turn|3\n|inactive|Time left: 300 sec this turn | 300 sec total\n|\n|t:|1783568922\n|switch|p1a: Moltres|Moltres-Galar, L79|100/100\n|move|p2a: Ogerpon|Swords Dance|p2a: Ogerpon\n|-boost|p2a: Ogerpon|atk|2\n|\n|upkeep\n|turn|4\n|inactive|Time left: 300 sec this turn | 300 sec total\n|\n|t:|1783568923\n|move|p2a: Ogerpon|Swords Dance|p2a: Ogerpon\n|-boost|p2a: Ogerpon|atk|2\n|move|p1a: Moltres|Hurricane|p2a: Ogerpon|[miss]\n|-miss|p1a: Moltres|p2a: Ogerpon\n|\n|upkeep\n|turn|5\n|inactive|Time left: 300 sec this turn | 300 sec total\n|\n|t:|1783568924\n|move|p2a: Ogerpon|Superpower|p1a: Moltres\n|-damage|p1a: Moltres|0 fnt\n|-unboost|p2a: Ogerpon|atk|1\n|-unboost|p2a: Ogerpon|def|1\n|faint|p1a: Moltres\n|-damage|p2a: Ogerpon|234/259|[from] item: Life Orb\n|\n|upkeep\n|\n|t:|1783568925\n|switch|p1a: Deoxys|Deoxys, L74|100/100\n|-ability|p1a: Deoxys|Pressure\n|turn|6\n|inactive|Time left: 300 sec this turn | 300 sec total\n|\n|t:|1783568926\n|-terastallize|p1a: Deoxys|Dark\n|move|p1a: Deoxys|Knock Off|p2a: Ogerpon\n|-damage|p2a: Ogerpon|0 fnt\n|-enditem|p2a: Ogerpon|Life Orb|[from] move: Knock Off|[of] p1a: Deoxys\n|faint|p2a: Ogerpon\n|-damage|p1a: Deoxys|91/100|[from] item: Life Orb\n|\n|upkeep\n|inactive|Time left: 300 sec this turn | 300 sec total | 5 sec grace\n|\n|t:|1783568927\n|switch|p2a: Tornadus|Tornadus, L82, M|263/263\n|turn|7\n|inactive|Time left: 300 sec this turn | 300 sec total\n|\n|t:|1783568928\n|move|p1a: Deoxys|Knock Off|p2a: Tornadus\n|-damage|p2a: Tornadus|71/263\n|-enditem|p2a: Tornadus|Choice Specs|[from] move: Knock Off|[of] p1a: Deoxys\n|-damage|p1a: Deoxys|81/100|[from] item: Life Orb\n|move|p2a: Tornadus|Bleakwind Storm|p1a: Deoxys\n|-damage|p1a: Deoxys|0 fnt\n|faint|p1a: Deoxys\n|\n|upkeep\n|\n|t:|1783568928\n|switch|p1a: Azelf|Azelf, L82|100/100\n|turn|8\n|inactive|Time left: 300 sec this turn | 300 sec total\n|\n|t:|1783568929\n|switch|p2a: Spiritomb|Spiritomb, L89, F|234/234\n|-activate|p2a: Spiritomb|move: Sticky Web\n|-unboost|p2a: Spiritomb|spe|1\n|move|p1a: Azelf|Psychic|p2a: Spiritomb\n|-immune|p2a: Spiritomb\n|\n|upkeep\n|turn|9\n|inactive|Time left: 300 sec this turn | 300 sec total\n|\n|t:|1783568930\n|switch|p1a: Iron Treads|Iron Treads, L77|100/100\n|move|p2a: Spiritomb|Foul Play|p1a: Iron Treads\n|-damage|p1a: Iron Treads|66/100\n|\n|-heal|p1a: Iron Treads|72/100|[from] item: Leftovers\n|upkeep\n|turn|10\n|inactive|Time left: 300 sec this turn | 300 sec total\n|\n|t:|1783568931\n|move|p1a: Iron Treads|Iron Head|p2a: Spiritomb\n|-damage|p2a: Spiritomb|171/234\n|cant|p2a: Spiritomb|flinch\n|\n|-heal|p1a: Iron Treads|78/100|[from] item: Leftovers\n|-heal|p2a: Spiritomb|185/234|[from] item: Leftovers\n|upkeep\n|turn|11\n|inactive|Time left: 300 sec this turn | 300 sec total\n|\n|t:|1783568932\n|move|p1a: Iron Treads|Stealth Rock|p2a: Spiritomb\n|-sidestart|p2: p0y25847b2b|move: Stealth Rock\n|move|p2a: Spiritomb|Will-O-Wisp|p1a: Iron Treads\n|-status|p1a: Iron Treads|brn\n|\n|-heal|p1a: Iron Treads|84/100 brn|[from] item: Leftovers\n|-heal|p2a: Spiritomb|199/234|[from] item: Leftovers\n|-damage|p1a: Iron Treads|78/100 brn|[from] brn\n|upkeep\n|turn|12\n|inactive|Time left: 300 sec this turn | 300 sec total\n|\n|t:|1783568933\n|move|p1a: Iron Treads|Iron Head|p2a: Spiritomb\n|-damage|p2a: Spiritomb|167/234\n|move|p2a: Spiritomb|Poltergeist|p1a: Iron Treads\n|-activate|p1a: Iron Treads|move: Poltergeist|Leftovers\n|-damage|p1a: Iron Treads|36/100 brn\n|\n|-heal|p1a: Iron Treads|42/100 brn|[from] item: Leftovers\n|-heal|p2a: Spiritomb|181/234|[from] item: Leftovers\n|-damage|p1a: Iron Treads|36/100 brn|[from] brn\n|upkeep\n|turn|13\n|inactive|Time left: 300 sec this turn | 300 sec total\n|\n|t:|1783568934\n|move|p1a: Iron Treads|Earthquake|p2a: Spiritomb\n|-damage|p2a: Spiritomb|143/234\n|move|p2a: Spiritomb|Poltergeist|p1a: Iron Treads\n|-activate|p1a: Iron Treads|move: Poltergeist|Leftovers\n|-damage|p1a: Iron Treads|0 fnt\n|faint|p1a: Iron Treads\n|-end|p1a: Iron Treads|Quark Drive|[silent]\n|\n|-heal|p2a: Spiritomb|157/234|[from] item: Leftovers\n|upkeep\n|\n|t:|1783568934\n|switch|p1a: Gastrodon|Gastrodon-East, L86, M|100/100\n|turn|14\n|inactive|Time left: 300 sec this turn | 300 sec total\n|\n|t:|1783568935\n|move|p1a: Gastrodon|Earthquake|p2a: Spiritomb\n|-damage|p2a: Spiritomb|75/234\n|move|p2a: Spiritomb|Pain Split|p1a: Gastrodon\n|-sethp|p1a: Gastrodon|62/100|[from] move: Pain Split|[silent]\n|-sethp|p2a: Spiritomb|203/234|[from] move: Pain Split\n|\n|-heal|p1a: Gastrodon|68/100|[from] item: Leftovers\n|-heal|p2a: Spiritomb|217/234|[from] item: Leftovers\n|upkeep\n|turn|15\n|inactive|Time left: 300 sec this turn | 300 sec total\n|\n|t:|1783568936\n|move|p1a: Gastrodon|Earthquake|p2a: Spiritomb\n|-damage|p2a: Spiritomb|133/234\n|move|p2a: Spiritomb|Poltergeist|p1a: Gastrodon\n|-activate|p1a: Gastrodon|move: Poltergeist|Leftovers\n|-damage|p1a: Gastrodon|21/100\n|\n|-heal|p1a: Gastrodon|27/100|[from] item: Leftovers\n|-heal|p2a: Spiritomb|147/234|[from] item: Leftovers\n|upkeep\n|turn|16\n|inactive|Time left: 300 sec this turn | 300 sec total\n|\n|t:|1783568937\n|move|p1a: Gastrodon|Recover|p1a: Gastrodon\n|-heal|p1a: Gastrodon|78/100\n|move|p2a: Spiritomb|Poltergeist|p1a: Gastrodon\n|-activate|p1a: Gastrodon|move: Poltergeist|Leftovers\n|-damage|p1a: Gastrodon|33/100\n|\n|-heal|p1a: Gastrodon|39/100|[from] item: Leftovers\n|-heal|p2a: Spiritomb|161/234|[from] item: Leftovers\n|upkeep\n|turn|17\n|inactive|Time left: 300 sec this turn | 300 sec total\n|\n|t:|1783568938\n|move|p1a: Gastrodon|Recover|p1a: Gastrodon\n|-heal|p1a: Gastrodon|89/100\n|move|p2a: Spiritomb|Poltergeist|p1a: Gastrodon\n|-activate|p1a: Gastrodon|move: Poltergeist|Leftovers\n|-damage|p1a: Gastrodon|45/100\n|\n|-heal|p1a: Gastrodon|51/100|[from] item: Leftovers\n|-heal|p2a: Spiritomb|175/234|[from] item: Leftovers\n|upkeep\n|turn|18\n|inactive|Time left: 300 sec this turn | 300 sec total\n|\n|t:|1783568939\n|move|p1a: Gastrodon|Recover|p1a: Gastrodon\n|-heal|p1a: Gastrodon|100/100\n|move|p2a: Spiritomb|Poltergeist|p1a: Gastrodon|[miss]\n|-miss|p2a: Spiritomb|p1a: Gastrodon\n|\n|-heal|p2a: Spiritomb|189/234|[from] item: Leftovers\n|upkeep\n|turn|19\n|inactive|Time left: 300 sec this turn | 300 sec total\n|\n|t:|1783568940\n|move|p1a: Gastrodon|Surf|p2a: Spiritomb\n|-damage|p2a: Spiritomb|116/234\n|move|p2a: Spiritomb|Pain Split|p1a: Gastrodon\n|-sethp|p1a: Gastrodon|68/100|[from] move: Pain Split|[silent]\n|-sethp|p2a: Spiritomb|223/234|[from] move: Pain Split\n|\n|-heal|p1a: Gastrodon|74/100|[from] item: Leftovers\n|-heal|p2a: Spiritomb|234/234|[from] item: Leftovers\n|upkeep\n|turn|20\n|inactive|Time left: 300 sec this turn | 300 sec total\n|\n|t:|1783568941\n|switch|p2a: Sawsbuck|Sawsbuck, L88, F|284/284\n|-activate|p2a: Sawsbuck|move: Sticky Web\n|-unboost|p2a: Sawsbuck|spe|1\n|-damage|p2a: Sawsbuck|249/284|[from] Stealth Rock\n|move|p1a: Gastrodon|Surf|p2a: Sawsbuck\n|-resisted|p2a: Sawsbuck\n|-damage|p2a: Sawsbuck|192/284\n|\n|-heal|p1a: Gastrodon|80/100|[from] item: Leftovers\n|upkeep\n|turn|21\n|inactive|Time left: 300 sec this turn | 300 sec total\n|\n|t:|1783568942\n|switch|p1a: Azelf|Azelf, L82|100/100\n|move|p2a: Sawsbuck|Horn Leech|p1a: Azelf\n|-damage|p1a: Azelf|45/100\n|-heal|p2a: Sawsbuck|263/284|[from] drain|[of] p1a: Azelf\n|-damage|p2a: Sawsbuck|235/284|[from] item: Life Orb\n|\n|upkeep\n|turn|22\n|inactive|Time left: 300 sec this turn | 300 sec total\n|\n|t:|1783568943\n|move|p1a: Azelf|Knock Off|p2a: Sawsbuck\n|-damage|p2a: Sawsbuck|144/284\n|-enditem|p2a: Sawsbuck|Life Orb|[from] move: Knock Off|[of] p1a: Azelf\n|move|p2a: Sawsbuck|Horn Leech|p1a: Azelf\n|-damage|p1a: Azelf|0 fnt\n|-heal|p2a: Sawsbuck|202/284|[from] drain|[of] p1a: Azelf\n|faint|p1a: Azelf\n|\n|upkeep\n|\n|t:|1783568944\n|switch|p1a: Araquanid|Araquanid, L82, F|100/100 par\n|turn|23\n|inactive|Time left: 300 sec this turn | 300 sec total\n|\n|t:|1783568945\n|move|p2a: Sawsbuck|Swords Dance|p2a: Sawsbuck\n|-boost|p2a: Sawsbuck|atk|2\n|cant|p1a: Araquanid|par\n|\n|upkeep\n|turn|24\n|inactive|Time left: 300 sec this turn | 300 sec total\n|\n|t:|1783568946\n|move|p2a: Sawsbuck|Double-Edge|p1a: Araquanid\n|-damage|p1a: Araquanid|0 fnt\n|faint|p1a: Araquanid\n|-damage|p2a: Sawsbuck|121/284|[from] Recoil\n|\n|upkeep\n|\n|t:|1783568947\n|switch|p1a: Gastrodon|Gastrodon-East, L86, M|80/100\n|turn|25\n|inactive|Time left: 300 sec this turn | 300 sec total\n|\n|t:|1783568948\n|-terastallize|p2a: Sawsbuck|Ground\n|move|p2a: Sawsbuck|Double-Edge|p1a: Gastrodon\n|-damage|p1a: Gastrodon|0 fnt\n|faint|p1a: Gastrodon\n|-damage|p2a: Sawsbuck|34/284|[from] Recoil\n|\n|win|p0y25847b2b", "uploadtime": 1783568948, "views": 0, "rating": 0, "private": 0, "password": null, "_winner": "p0y25847b2b", "_our_name": "p0y25847b2b"}