{"id": "battle-gen9randombattle-2419", "formatid": "gen9randombattle", "format": "[Gen 9] Random Battle", "players": ["p0x2419844e", "p0y24190c0d"], "log": "|init|battle\n|title|p0x2419844e vs. p0y24190c0d\n|j|\u2606p0x2419844e\n|j|\u2606p0y24190c0d\n|t:|1783567058\n|gametype|singles\n|player|p1|p0x2419844e|102|\n|player|p2|p0y24190c0d|266|\n|gen|9\n|tier|[Gen 9] Random Battle\n|rule|Species Clause: Limit one of each Pok\u00e9mon\n|rule|HP Percentage Mod: HP is shown in percentages\n|rule|Sleep Clause Mod: Limit one foe put to sleep\n|rule|Illusion Level Mod: Illusion disguises the Pok\u00e9mon's true level\n|\n|t:|1783567058\n|teamsize|p1|6\n|teamsize|p2|6\n|start\n|switch|p1a: Tyranitar|Tyranitar, L78, M|100/100\n|switch|p2a: Pecharunt|Pecharunt, L77|262/262\n|-weather|Sandstorm|[from] ability: Sand Stream|[of] p1a: Tyranitar\n|turn|1\n|inactive|Battle timer is ON: inactive players will automatically lose when time's up. (requested by p0x2419844e)\n|inactive|Time left: 300 sec this turn | 300 sec total | 60 sec grace\n|inactive|p0y24190c0d also wants the timer to be on.\n|\n|t:|1783567060\n|move|p2a: Pecharunt|Parting Shot|p1a: Tyranitar\n|-unboost|p1a: Tyranitar|atk|1\n|-unboost|p1a: Tyranitar|spa|1\n|inactive|Time left: 300 sec this turn | 300 sec total | 65 sec grace\n|\n|t:|1783567061\n|switch|p2a: Skarmory|Skarmory, L80, F|235/235|[from] Parting Shot\n|move|p1a: Tyranitar|Knock Off|p2a: Skarmory\n|-damage|p2a: Skarmory|177/235\n|-damage|p1a: Tyranitar|84/100|[from] item: Rocky Helmet|[of] p2a: Skarmory\n|-enditem|p2a: Skarmory|Rocky Helmet|[from] move: Knock Off|[of] p1a: Tyranitar\n|\n|-weather|Sandstorm|[upkeep]\n|-heal|p1a: Tyranitar|90/100|[from] item: Leftovers\n|upkeep\n|turn|2\n|inactive|Time left: 300 sec this turn | 300 sec total\n|\n|t:|1783567063\n|switch|p1a: Qwilfish|Qwilfish-Hisui, L83, M|100/100\n|-ability|p1a: Qwilfish|Intimidate|boost\n|-unboost|p2a: Skarmory|atk|1\n|move|p2a: Skarmory|Spikes|p1a: Qwilfish\n|-sidestart|p1: p0x2419844e|Spikes\n|\n|-weather|Sandstorm|[upkeep]\n|-damage|p1a: Qwilfish|94/100|[from] Sandstorm\n|upkeep\n|turn|3\n|inactive|Time left: 300 sec this turn | 300 sec total\n|\n|t:|1783567064\n|move|p1a: Qwilfish|Spikes|p2a: Skarmory\n|-sidestart|p2: p0y24190c0d|Spikes\n|move|p2a: Skarmory|Spikes|p1a: Qwilfish\n|-sidestart|p1: p0x2419844e|Spikes\n|\n|-weather|Sandstorm|[upkeep]\n|-damage|p1a: Qwilfish|88/100|[from] Sandstorm\n|upkeep\n|turn|4\n|inactive|Time left: 300 sec this turn | 300 sec total\n|\n|t:|1783567065\n|move|p1a: Qwilfish|Crunch|p2a: Skarmory\n|-damage|p2a: Skarmory|111/235\n|-unboost|p2a: Skarmory|def|1\n|move|p2a: Skarmory|Roost|p2a: Skarmory\n|-heal|p2a: Skarmory|229/235\n|-singleturn|p2a: Skarmory|move: Roost\n|\n|-weather|Sandstorm|[upkeep]\n|-damage|p1a: Qwilfish|82/100|[from] Sandstorm\n|upkeep\n|turn|5\n|inactive|Time left: 300 sec this turn | 300 sec total\n|\n|t:|1783567066\n|move|p1a: Qwilfish|Toxic Spikes|p2a: Skarmory\n|-sidestart|p2: p0y24190c0d|move: Toxic Spikes\n|move|p2a: Skarmory|Spikes|p1a: Qwilfish\n|-sidestart|p1: p0x2419844e|Spikes\n|\n|-weather|none\n|upkeep\n|turn|6\n|inactive|Time left: 300 sec this turn | 300 sec total\n|\n|t:|1783567067\n|switch|p2a: Pecharunt|Pecharunt, L77|262/262\n|-damage|p2a: Pecharunt|230/262|[from] Spikes\n|-sideend|p2: p0y24190c0d|move: Toxic Spikes|[of] p2a: Pecharunt\n|move|p1a: Qwilfish|Crunch|p2a: Pecharunt\n|-supereffective|p2a: Pecharunt\n|-damage|p2a: Pecharunt|114/262\n|\n|-heal|p2a: Pecharunt|130/262|[from] item: Leftovers\n|upkeep\n|turn|7\n|inactive|Time left: 300 sec this turn | 300 sec total\n|\n|t:|1783567068\n|move|p1a: Qwilfish|Crunch|p2a: Pecharunt\n|-supereffective|p2a: Pecharunt\n|-damage|p2a: Pecharunt|10/262\n|move|p2a: Pecharunt|Recover|p2a: Pecharunt\n|-heal|p2a: Pecharunt|141/262\n|\n|-heal|p2a: Pecharunt|157/262|[from] item: Leftovers\n|upkeep\n|turn|8\n|inactive|Time left: 300 sec this turn | 300 sec total\n|\n|t:|1783567069\n|move|p1a: Qwilfish|Crunch|p2a: Pecharunt\n|-supereffective|p2a: Pecharunt\n|-damage|p2a: Pecharunt|55/262\n|move|p2a: Pecharunt|Recover|p2a: Pecharunt\n|-heal|p2a: Pecharunt|186/262\n|\n|-heal|p2a: Pecharunt|202/262|[from] item: Leftovers\n|upkeep\n|turn|9\n|inactive|Time left: 300 sec this turn | 300 sec total\n|\n|t:|1783567070\n|move|p1a: Qwilfish|Crunch|p2a: Pecharunt\n|-supereffective|p2a: Pecharunt\n|-damage|p2a: Pecharunt|82/262\n|move|p2a: Pecharunt|Recover|p2a: Pecharunt\n|-heal|p2a: Pecharunt|213/262\n|\n|-heal|p2a: Pecharunt|229/262|[from] item: Leftovers\n|upkeep\n|turn|10\n|inactive|Time left: 300 sec this turn | 300 sec total\n|\n|t:|1783567071\n|move|p1a: Qwilfish|Toxic Spikes|p2a: Pecharunt\n|-sidestart|p2: p0y24190c0d|move: Toxic Spikes\n|move|p2a: Pecharunt|Shadow Ball|p1a: Qwilfish\n|-resisted|p1a: Qwilfish\n|-damage|p1a: Qwilfish|68/100\n|\n|-heal|p2a: Pecharunt|245/262|[from] item: Leftovers\n|upkeep\n|turn|11\n|inactive|Time left: 300 sec this turn | 300 sec total\n|\n|t:|1783567072\n|move|p1a: Qwilfish|Crunch|p2a: Pecharunt\n|-supereffective|p2a: Pecharunt\n|-damage|p2a: Pecharunt|135/262\n|move|p2a: Pecharunt|Malignant Chain|p1a: Qwilfish\n|-resisted|p1a: Qwilfish\n|-damage|p1a: Qwilfish|52/100\n|\n|-heal|p2a: Pecharunt|151/262|[from] item: Leftovers\n|upkeep\n|turn|12\n|inactive|Time left: 300 sec this turn | 300 sec total\n|\n|t:|1783567073\n|move|p1a: Qwilfish|Spikes|p2a: Pecharunt\n|-sidestart|p2: p0y24190c0d|Spikes\n|move|p2a: Pecharunt|Recover|p2a: Pecharunt\n|-heal|p2a: Pecharunt|262/262\n|\n|upkeep\n|turn|13\n|inactive|Time left: 300 sec this turn | 300 sec total\n|\n|t:|1783567074\n|move|p1a: Qwilfish|Spikes|p2a: Pecharunt\n|-sidestart|p2: p0y24190c0d|Spikes\n|move|p2a: Pecharunt|Malignant Chain|p1a: Qwilfish\n|-resisted|p1a: Qwilfish\n|-damage|p1a: Qwilfish|36/100\n|\n|upkeep\n|turn|14\n|inactive|Time left: 300 sec this turn | 300 sec total\n|\n|t:|1783567074\n|move|p1a: Qwilfish|Crunch|p2a: Pecharunt\n|-supereffective|p2a: Pecharunt\n|-damage|p2a: Pecharunt|146/262\n|move|p2a: Pecharunt|Malignant Chain|p1a: Qwilfish\n|-resisted|p1a: Qwilfish\n|-damage|p1a: Qwilfish|19/100\n|\n|-heal|p2a: Pecharunt|162/262|[from] item: Leftovers\n|upkeep\n|turn|15\n|inactive|Time left: 300 sec this turn | 300 sec total\n|\n|t:|1783567076\n|move|p1a: Qwilfish|Crunch|p2a: Pecharunt\n|-supereffective|p2a: Pecharunt\n|-damage|p2a: Pecharunt|52/262\n|-unboost|p2a: Pecharunt|def|1\n|move|p2a: Pecharunt|Recover|p2a: Pecharunt\n|-heal|p2a: Pecharunt|183/262\n|\n|-heal|p2a: Pecharunt|199/262|[from] item: Leftovers\n|upkeep\n|turn|16\n|inactive|Time left: 300 sec this turn | 300 sec total\n|\n|t:|1783567076\n|move|p1a: Qwilfish|Crunch|p2a: Pecharunt\n|-supereffective|p2a: Pecharunt\n|-damage|p2a: Pecharunt|19/262\n|-unboost|p2a: Pecharunt|def|1\n|move|p2a: Pecharunt|Recover|p2a: Pecharunt\n|-heal|p2a: Pecharunt|150/262\n|\n|-heal|p2a: Pecharunt|166/262|[from] item: Leftovers\n|upkeep\n|turn|17\n|inactive|Time left: 300 sec this turn | 300 sec total\n|\n|t:|1783567077\n|switch|p2a: Skarmory|Skarmory, L80, F|229/235\n|move|p1a: Qwilfish|Crunch|p2a: Skarmory\n|-damage|p2a: Skarmory|165/235\n|\n|upkeep\n|turn|18\n|inactive|Time left: 300 sec this turn | 300 sec total\n|\n|t:|1783567078\n|move|p1a: Qwilfish|Crunch|p2a: Skarmory\n|-damage|p2a: Skarmory|107/235\n|-unboost|p2a: Skarmory|def|1\n|move|p2a: Skarmory|Brave Bird|p1a: Qwilfish\n|-damage|p1a: Qwilfish|0 fnt\n|faint|p1a: Qwilfish\n|-damage|p2a: Skarmory|92/235|[from] Recoil\n|\n|upkeep\n|\n|t:|1783567080\n|switch|p1a: Komala|Komala, L87, M|100/100\n|-damage|p1a: Komala|76/100|[from] Spikes\n|-ability|p1a: Komala|Comatose\n|turn|19\n|inactive|Time left: 300 sec this turn | 300 sec total\n|\n|t:|1783567081\n|move|p1a: Komala|Rapid Spin|p2a: Skarmory\n|-resisted|p2a: Skarmory\n|-damage|p2a: Skarmory|56/235\n|-boost|p1a: Komala|spe|1\n|-sideend|p1: p0x2419844e|Spikes|[from] move: Rapid Spin|[of] p1a: Komala\n|move|p2a: Skarmory|Roost|p2a: Skarmory\n|-heal|p2a: Skarmory|174/235\n|-singleturn|p2a: Skarmory|move: Roost\n|\n|upkeep\n|turn|20\n|inactive|Time left: 300 sec this turn | 300 sec total\n|\n|t:|1783567082\n|move|p1a: Komala|Body Slam|p2a: Skarmory\n|-resisted|p2a: Skarmory\n|-damage|p2a: Skarmory|114/235\n|move|p2a: Skarmory|Brave Bird|p1a: Komala\n|-damage|p1a: Komala|24/100\n|-damage|p2a: Skarmory|70/235|[from] Recoil\n|\n|upkeep\n|turn|21\n|inactive|Time left: 300 sec this turn | 300 sec total\n|\n|t:|1783567083\n|move|p1a: Komala|Knock Off|p2a: Skarmory\n|-damage|p2a: Skarmory|10/235\n|move|p2a: Skarmory|Roost|p2a: Skarmory\n|-heal|p2a: Skarmory|128/235\n|-singleturn|p2a: Skarmory|move: Roost\n|\n|upkeep\n|turn|22\n|inactive|Time left: 300 sec this turn | 300 sec total\n|\n|t:|1783567084\n|move|p1a: Komala|Body Slam|p2a: Skarmory\n|-resisted|p2a: Skarmory\n|-damage|p2a: Skarmory|68/235\n|-status|p2a: Skarmory|par\n|move|p2a: Skarmory|Brave Bird|p1a: Komala\n|-damage|p1a: Komala|0 fnt\n|faint|p1a: Komala\n|-damage|p2a: Skarmory|48/235 par|[from] Recoil\n|\n|upkeep\n|\n|t:|1783567085\n|switch|p1a: Tyranitar|Tyranitar, L78, M|90/100\n|-weather|Sandstorm|[from] ability: Sand Stream|[of] p1a: Tyranitar\n|turn|23\n|inactive|Time left: 300 sec this turn | 300 sec total\n|\n|t:|1783567086\n|move|p1a: Tyranitar|Knock Off|p2a: Skarmory\n|-damage|p2a: Skarmory|0 fnt\n|faint|p2a: Skarmory\n|\n|-weather|Sandstorm|[upkeep]\n|-heal|p1a: Tyranitar|96/100|[from] item: Leftovers\n|upkeep\n|inactive|Time left: 300 sec this turn | 300 sec total | 5 sec grace\n|\n|t:|1783567087\n|switch|p2a: Pecharunt|Pecharunt, L77|166/262\n|-damage|p2a: Pecharunt|101/262|[from] Spikes\n|-sideend|p2: p0y24190c0d|move: Toxic Spikes|[of] p2a: Pecharunt\n|turn|24\n|inactive|Time left: 300 sec this turn | 300 sec total\n|\n|t:|1783567088\n|move|p2a: Pecharunt|Recover|p2a: Pecharunt\n|-heal|p2a: Pecharunt|232/262\n|move|p1a: Tyranitar|Knock Off|p2a: Pecharunt\n|-supereffective|p2a: Pecharunt\n|-damage|p2a: Pecharunt|82/262\n|-enditem|p2a: Pecharunt|Leftovers|[from] move: Knock Off|[of] p1a: Tyranitar\n|\n|-weather|Sandstorm|[upkeep]\n|-damage|p2a: Pecharunt|66/262|[from] Sandstorm\n|-heal|p1a: Tyranitar|100/100|[from] item: Leftovers\n|upkeep\n|turn|25\n|inactive|Time left: 300 sec this turn | 300 sec total\n|\n|t:|1783567089\n|move|p2a: Pecharunt|Recover|p2a: Pecharunt\n|-heal|p2a: Pecharunt|197/262\n|move|p1a: Tyranitar|Knock Off|p2a: Pecharunt\n|-supereffective|p2a: Pecharunt\n|-damage|p2a: Pecharunt|89/262\n|\n|-weather|Sandstorm|[upkeep]\n|-damage|p2a: Pecharunt|73/262|[from] Sandstorm\n|upkeep\n|turn|26\n|inactive|Time left: 300 sec this turn | 300 sec total\n|\n|t:|1783567090\n|move|p2a: Pecharunt|Malignant Chain|p1a: Tyranitar\n|-resisted|p1a: Tyranitar\n|-damage|p1a: Tyranitar|92/100\n|-status|p1a: Tyranitar|tox\n|-start|p1a: Tyranitar|confusion|[from] ability: Poison Puppeteer|[of] p2a: Pecharunt\n|-activate|p1a: Tyranitar|confusion\n|-damage|p1a: Tyranitar|82/100 tox|[from] confusion\n|\n|-weather|Sandstorm|[upkeep]\n|-damage|p2a: Pecharunt|57/262|[from] Sandstorm\n|-heal|p1a: Tyranitar|88/100 tox|[from] item: Leftovers\n|-damage|p1a: Tyranitar|82/100 tox|[from] psn\n|upkeep\n|turn|27\n|inactive|Time left: 300 sec this turn | 300 sec total\n|\n|t:|1783567091\n|move|p2a: Pecharunt|Parting Shot|p1a: Tyranitar\n|-unboost|p1a: Tyranitar|atk|1\n|-unboost|p1a: Tyranitar|spa|1\n|inactive|Time left: 300 sec this turn | 300 sec total | 5 sec grace\n|\n|t:|1783567092\n|switch|p2a: Volbeat|Volbeat, L90, M|263/263|[from] Parting Shot\n|-activate|p1a: Tyranitar|confusion\n|move|p1a: Tyranitar|Stone Edge|p2a: Volbeat\n|-supereffective|p2a: Volbeat\n|-crit|p2a: Volbeat\n|-damage|p2a: Volbeat|0 fnt\n|faint|p2a: Volbeat\n|\n|-weather|none\n|-heal|p1a: Tyranitar|88/100 tox|[from] item: Leftovers\n|-damage|p1a: Tyranitar|76/100 tox|[from] psn\n|upkeep\n|inactive|Time left: 300 sec this turn | 300 sec total | 10 sec grace\n|\n|t:|1783567093\n|switch|p2a: Gogoat|Gogoat, L88, M|360/360\n|-damage|p2a: Gogoat|270/360|[from] Spikes\n|turn|28\n|inactive|Time left: 300 sec this turn | 300 sec total\n|\n|t:|1783567094\n|switch|p1a: Groudon|Groudon, L72|100/100\n|-weather|SunnyDay|[from] ability: Drought|[of] p1a: Groudon\n|move|p2a: Gogoat|Bulk Up|p2a: Gogoat\n|-boost|p2a: Gogoat|atk|1\n|-boost|p2a: Gogoat|def|1\n|\n|-weather|SunnyDay|[upkeep]\n|-heal|p2a: Gogoat|292/360|[from] item: Leftovers\n|upkeep\n|turn|29\n|inactive|Time left: 300 sec this turn | 300 sec total\n|\n|t:|1783567095\n|-terastallize|p1a: Groudon|Fire\n|-terastallize|p2a: Gogoat|Ground\n|move|p1a: Groudon|Heat Crash|p2a: Gogoat\n|-damage|p2a: Gogoat|130/360\n|move|p2a: Gogoat|Earthquake|p1a: Groudon\n|-supereffective|p1a: Groudon\n|-damage|p1a: Groudon|0 fnt\n|faint|p1a: Groudon\n|\n|-weather|SunnyDay|[upkeep]\n|-heal|p2a: Gogoat|152/360|[from] item: Leftovers\n|upkeep\n|\n|t:|1783567096\n|switch|p1a: Tsareena|Tsareena, L87, F|100/100\n|turn|30\n|inactive|Time left: 300 sec this turn | 300 sec total\n|\n|t:|1783567097\n|move|p1a: Tsareena|High Jump Kick|p2a: Gogoat\n|-damage|p2a: Gogoat|62/360\n|move|p2a: Gogoat|Milk Drink|p2a: Gogoat\n|-heal|p2a: Gogoat|242/360\n|\n|-weather|SunnyDay|[upkeep]\n|-heal|p2a: Gogoat|264/360|[from] item: Leftovers\n|upkeep\n|turn|31\n|inactive|Time left: 300 sec this turn | 300 sec total\n|\n|t:|1783567098\n|move|p1a: Tsareena|High Jump Kick|p2a: Gogoat\n|-damage|p2a: Gogoat|176/360\n|move|p2a: Gogoat|Bulk Up|p2a: Gogoat\n|-boost|p2a: Gogoat|atk|1\n|-boost|p2a: Gogoat|def|1\n|\n|-weather|SunnyDay|[upkeep]\n|-heal|p2a: Gogoat|198/360|[from] item: Leftovers\n|upkeep\n|turn|32\n|inactive|Time left: 300 sec this turn | 300 sec total\n|\n|t:|1783567099\n|move|p1a: Tsareena|High Jump Kick|p2a: Gogoat\n|-damage|p2a: Gogoat|122/360\n|move|p2a: Gogoat|Horn Leech|p1a: Tsareena\n|-resisted|p1a: Tsareena\n|-damage|p1a: Tsareena|70/100\n|-heal|p2a: Gogoat|163/360|[from] drain|[of] p1a: Tsareena\n|\n|-weather|none\n|-heal|p2a: Gogoat|185/360|[from] item: Leftovers\n|upkeep\n|turn|33\n|inactive|Time left: 300 sec this turn | 300 sec total\n|\n|t:|1783567100\n|move|p1a: Tsareena|Synthesis|p1a: Tsareena\n|-heal|p1a: Tsareena|100/100\n|move|p2a: Gogoat|Horn Leech|p1a: Tsareena\n|-resisted|p1a: Tsareena\n|-damage|p1a: Tsareena|73/100\n|-heal|p2a: Gogoat|222/360|[from] drain|[of] p1a: Tsareena\n|\n|-heal|p2a: Gogoat|244/360|[from] item: Leftovers\n|upkeep\n|turn|34\n|inactive|Time left: 300 sec this turn | 300 sec total\n|\n|t:|1783567101\n|move|p1a: Tsareena|Synthesis|p1a: Tsareena\n|-heal|p1a: Tsareena|100/100\n|move|p2a: Gogoat|Earthquake|p1a: Tsareena\n|-resisted|p1a: Tsareena\n|-damage|p1a: Tsareena|61/100\n|\n|-heal|p2a: Gogoat|266/360|[from] item: Leftovers\n|upkeep\n|turn|35\n|inactive|Time left: 300 sec this turn | 300 sec total\n|\n|t:|1783567102\n|move|p1a: Tsareena|Synthesis|p1a: Tsareena\n|-heal|p1a: Tsareena|100/100\n|move|p2a: Gogoat|Horn Leech|p1a: Tsareena\n|-resisted|p1a: Tsareena\n|-damage|p1a: Tsareena|71/100\n|-heal|p2a: Gogoat|306/360|[from] drain|[of] p1a: Tsareena\n|\n|-heal|p2a: Gogoat|328/360|[from] item: Leftovers\n|upkeep\n|turn|36\n|inactive|Time left: 300 sec this turn | 300 sec total\n|\n|t:|1783567103\n|move|p1a: Tsareena|Synthesis|p1a: Tsareena\n|-heal|p1a: Tsareena|100/100\n|move|p2a: Gogoat|Earthquake|p1a: Tsareena\n|-resisted|p1a: Tsareena\n|-damage|p1a: Tsareena|57/100\n|\n|-heal|p2a: Gogoat|350/360|[from] item: Leftovers\n|upkeep\n|turn|37\n|inactive|Time left: 300 sec this turn | 300 sec total\n|\n|t:|1783567104\n|move|p1a: Tsareena|Synthesis|p1a: Tsareena\n|-heal|p1a: Tsareena|100/100\n|move|p2a: Gogoat|Horn Leech|p1a: Tsareena\n|-resisted|p1a: Tsareena\n|-damage|p1a: Tsareena|70/100\n|-heal|p2a: Gogoat|360/360|[from] drain|[of] p1a: Tsareena\n|\n|upkeep\n|turn|38\n|inactive|Time left: 300 sec this turn | 300 sec total\n|\n|t:|1783567105\n|move|p1a: Tsareena|Synthesis|p1a: Tsareena\n|-heal|p1a: Tsareena|100/100\n|move|p2a: Gogoat|Earthquake|p1a: Tsareena\n|-resisted|p1a: Tsareena\n|-crit|p1a: Tsareena\n|-damage|p1a: Tsareena|45/100\n|\n|upkeep\n|turn|39\n|inactive|Time left: 300 sec this turn | 300 sec total\n|\n|t:|1783567106\n|move|p1a: Tsareena|Synthesis|p1a: Tsareena\n|-heal|p1a: Tsareena|95/100\n|move|p2a: Gogoat|Earthquake|p1a: Tsareena\n|-resisted|p1a: Tsareena\n|-damage|p1a: Tsareena|59/100\n|\n|upkeep\n|turn|40\n|inactive|Time left: 300 sec this turn | 300 sec total\n|\n|t:|1783567107\n|move|p1a: Tsareena|Synthesis|p1a: Tsareena\n|-heal|p1a: Tsareena|100/100\n|move|p2a: Gogoat|Earthquake|p1a: Tsareena\n|-resisted|p1a: Tsareena\n|-damage|p1a: Tsareena|64/100\n|\n|upkeep\n|turn|41\n|inactive|Time left: 300 sec this turn | 300 sec total\n|\n|t:|1783567109\n|move|p1a: Tsareena|High Jump Kick|p2a: Gogoat\n|-damage|p2a: Gogoat|294/360\n|move|p2a: Gogoat|Earthquake|p1a: Tsareena\n|-resisted|p1a: Tsareena\n|-damage|p1a: Tsareena|26/100\n|\n|-heal|p2a: Gogoat|316/360|[from] item: Leftovers\n|upkeep\n|turn|42\n|inactive|Time left: 300 sec this turn | 300 sec total\n|\n|t:|1783567110\n|move|p1a: Tsareena|High Jump Kick|p2a: Gogoat\n|-damage|p2a: Gogoat|244/360\n|move|p2a: Gogoat|Horn Leech|p1a: Tsareena\n|-resisted|p1a: Tsareena\n|-damage|p1a: Tsareena|0 fnt\n|-heal|p2a: Gogoat|279/360|[from] drain|[of] p1a: Tsareena\n|faint|p1a: Tsareena\n|\n|-heal|p2a: Gogoat|301/360|[from] item: Leftovers\n|upkeep\n|\n|t:|1783567111\n|switch|p1a: Tyranitar|Tyranitar, L78, M|76/100 tox\n|-weather|Sandstorm|[from] ability: Sand Stream|[of] p1a: Tyranitar\n|turn|43\n|inactive|Time left: 300 sec this turn | 300 sec total\n|\n|t:|1783567111\n|move|p2a: Gogoat|Horn Leech|p1a: Tyranitar\n|-supereffective|p1a: Tyranitar\n|-damage|p1a: Tyranitar|0 fnt\n|-heal|p2a: Gogoat|360/360|[from] drain|[of] p1a: Tyranitar\n|faint|p1a: Tyranitar\n|\n|-weather|Sandstorm|[upkeep]\n|upkeep\n|\n|t:|1783567112\n|switch|p1a: Lycanroc|Lycanroc-Midnight, L89, M|100/100\n|turn|44\n|inactive|Time left: 300 sec this turn | 300 sec total\n|\n|t:|1783567113\n|move|p1a: Lycanroc|Sucker Punch|p2a: Gogoat\n|-damage|p2a: Gogoat|309/360\n|-damage|p1a: Lycanroc|91/100|[from] item: Life Orb\n|move|p2a: Gogoat|Earthquake|p1a: Lycanroc\n|-supereffective|p1a: Lycanroc\n|-damage|p1a: Lycanroc|0 fnt\n|faint|p1a: Lycanroc\n|\n|win|p0y24190c0d", "uploadtime": 1783567113, "views": 0, "rating": 0, "private": 0, "password": null, "_winner": "p0y24190c0d", "_our_name": "p0y24190c0d"}