{"id": "battle-gen9randombattle-2036", "formatid": "gen9randombattle", "format": "[Gen 9] Random Battle", "players": ["p0x2036c698", "p0y203653cb"], "log": "|init|battle\n|title|p0x2036c698 vs. p0y203653cb\n|j|\u2606p0x2036c698\n|j|\u2606p0y203653cb\n|t:|1783563579\n|gametype|singles\n|player|p1|p0x2036c698|169|\n|player|p2|p0y203653cb|266|\n|gen|9\n|tier|[Gen 9] Random Battle\n|rule|Species Clause: Limit one of each Pok\u00e9mon\n|rule|HP Percentage Mod: HP is shown in percentages\n|rule|Sleep Clause Mod: Limit one foe put to sleep\n|rule|Illusion Level Mod: Illusion disguises the Pok\u00e9mon's true level\n|\n|t:|1783563579\n|teamsize|p1|6\n|teamsize|p2|6\n|start\n|switch|p1a: Bronzong|Bronzong, L88|261/261\n|switch|p2a: Scizor|Scizor, L79, F|100/100\n|turn|1\n|inactive|Battle timer is ON: inactive players will automatically lose when time's up. (requested by p0y203653cb)\n|inactive|Time left: 300 sec this turn | 300 sec total | 60 sec grace\n|inactive|p0x2036c698 also wants the timer to be on.\n|\n|t:|1783563580\n|switch|p1a: Hariyama|Hariyama, L87, M|392/392\n|move|p2a: Scizor|Knock Off|p1a: Hariyama\n|-resisted|p1a: Hariyama\n|-damage|p1a: Hariyama|317/392\n|-enditem|p1a: Hariyama|Flame Orb|[from] move: Knock Off|[of] p2a: Scizor\n|\n|upkeep\n|turn|2\n|inactive|Time left: 300 sec this turn | 300 sec total\n|\n|t:|1783563582\n|move|p2a: Scizor|Knock Off|p1a: Hariyama\n|-resisted|p1a: Hariyama\n|-damage|p1a: Hariyama|270/392\n|move|p1a: Hariyama|Close Combat|p2a: Scizor\n|-damage|p2a: Scizor|34/100\n|-unboost|p1a: Hariyama|def|1\n|-unboost|p1a: Hariyama|spd|1\n|\n|upkeep\n|turn|3\n|inactive|Time left: 300 sec this turn | 300 sec total\n|\n|t:|1783563583\n|move|p2a: Scizor|Knock Off|p1a: Hariyama\n|-resisted|p1a: Hariyama\n|-damage|p1a: Hariyama|201/392\n|move|p1a: Hariyama|Knock Off|p2a: Scizor\n|-damage|p2a: Scizor|1/100\n|-enditem|p2a: Scizor|Choice Band|[from] move: Knock Off|[of] p1a: Hariyama\n|\n|upkeep\n|turn|4\n|inactive|Time left: 300 sec this turn | 300 sec total\n|\n|t:|1783563584\n|switch|p1a: Heracross|Heracross, L80, M|259/259\n|move|p2a: Scizor|U-turn|p1a: Heracross\n|-resisted|p1a: Heracross\n|-damage|p1a: Heracross|211/259\n|\n|t:|1783563585\n|switch|p2a: Iron Hands|Iron Hands, L79|100/100|[from] U-turn\n|\n|upkeep\n|turn|5\n|inactive|Time left: 300 sec this turn | 300 sec total\n|\n|t:|1783563586\n|move|p1a: Heracross|Earthquake|p2a: Iron Hands\n|-supereffective|p2a: Iron Hands\n|-damage|p2a: Iron Hands|39/100\n|move|p2a: Iron Hands|Drain Punch|p1a: Heracross\n|-resisted|p1a: Heracross\n|-damage|p1a: Heracross|160/259\n|-heal|p2a: Iron Hands|46/100|[from] drain|[of] p1a: Heracross\n|\n|upkeep\n|turn|6\n|inactive|Time left: 300 sec this turn | 300 sec total\n|\n|t:|1783563587\n|-end|p2a: Iron Hands|Quark Drive|[silent]\n|switch|p2a: Flygon|Flygon, L82, M|100/100\n|move|p1a: Heracross|Earthquake|p2a: Flygon\n|-immune|p2a: Flygon|[from] ability: Levitate\n|\n|upkeep\n|turn|7\n|inactive|Time left: 300 sec this turn | 300 sec total\n|\n|t:|1783563589\n|switch|p1a: Misdreavus|Misdreavus, L90, M|254/254\n|move|p2a: Flygon|Dragon Dance|p2a: Flygon\n|-boost|p2a: Flygon|atk|1\n|-boost|p2a: Flygon|spe|1\n|\n|upkeep\n|turn|8\n|inactive|Time left: 300 sec this turn | 300 sec total\n|\n|t:|1783563590\n|-terastallize|p1a: Misdreavus|Fairy\n|move|p2a: Flygon|Dragon Dance|p2a: Flygon\n|-boost|p2a: Flygon|atk|1\n|-boost|p2a: Flygon|spe|1\n|move|p1a: Misdreavus|Draining Kiss|p2a: Flygon\n|-supereffective|p2a: Flygon\n|-damage|p2a: Flygon|42/100\n|\n|upkeep\n|turn|9\n|inactive|Time left: 300 sec this turn | 300 sec total\n|\n|t:|1783563591\n|-terastallize|p2a: Flygon|Steel\n|move|p2a: Flygon|Stone Edge|p1a: Misdreavus\n|-crit|p1a: Misdreavus\n|-damage|p1a: Misdreavus|90/254\n|move|p1a: Misdreavus|Draining Kiss|p2a: Flygon\n|-resisted|p2a: Flygon\n|-damage|p2a: Flygon|27/100\n|-heal|p1a: Misdreavus|119/254|[from] drain|[of] p2a: Flygon\n|\n|upkeep\n|turn|10\n|inactive|Time left: 300 sec this turn | 300 sec total\n|\n|t:|1783563592\n|move|p2a: Flygon|Stone Edge|p1a: Misdreavus\n|-damage|p1a: Misdreavus|6/254\n|move|p1a: Misdreavus|Shadow Ball|p2a: Flygon\n|-damage|p2a: Flygon|0 fnt\n|faint|p2a: Flygon\n|\n|upkeep\n|\n|t:|1783563593\n|switch|p2a: Scizor|Scizor, L79, F|1/100\n|turn|11\n|inactive|Time left: 300 sec this turn | 300 sec total\n|\n|t:|1783563594\n|move|p2a: Scizor|Bullet Punch|p1a: Misdreavus\n|-supereffective|p1a: Misdreavus\n|-damage|p1a: Misdreavus|0 fnt\n|faint|p1a: Misdreavus\n|\n|upkeep\n|inactive|Time left: 300 sec this turn | 300 sec total | 5 sec grace\n|\n|t:|1783563595\n|switch|p1a: Heracross|Heracross, L80, M|160/259\n|turn|12\n|inactive|Time left: 300 sec this turn | 300 sec total\n|\n|t:|1783563596\n|move|p2a: Scizor|Bullet Punch|p1a: Heracross\n|-damage|p1a: Heracross|75/259\n|move|p1a: Heracross|Earthquake|p2a: Scizor\n|-damage|p2a: Scizor|0 fnt\n|faint|p2a: Scizor\n|-ability|p1a: Heracross|Moxie|boost\n|-boost|p1a: Heracross|atk|1\n|\n|upkeep\n|\n|t:|1783563597\n|switch|p2a: Sinistcha|Sinistcha-Masterpiece, L83|100/100\n|turn|13\n|inactive|Time left: 300 sec this turn | 300 sec total\n|\n|t:|1783563598\n|move|p1a: Heracross|Earthquake|p2a: Sinistcha\n|-resisted|p2a: Sinistcha\n|-damage|p2a: Sinistcha|68/100\n|move|p2a: Sinistcha|Shadow Ball|p1a: Heracross\n|-damage|p1a: Heracross|0 fnt\n|faint|p1a: Heracross\n|\n|-heal|p2a: Sinistcha|74/100|[from] item: Leftovers\n|upkeep\n|inactive|Time left: 300 sec this turn | 300 sec total | 5 sec grace\n|\n|t:|1783563599\n|switch|p1a: Latias|Latias, L79, F|256/256\n|turn|14\n|inactive|Time left: 300 sec this turn | 300 sec total\n|\n|t:|1783563599\n|move|p1a: Latias|Calm Mind|p1a: Latias\n|-boost|p1a: Latias|spa|1\n|-boost|p1a: Latias|spd|1\n|move|p2a: Sinistcha|Calm Mind|p2a: Sinistcha\n|-boost|p2a: Sinistcha|spa|1\n|-boost|p2a: Sinistcha|spd|1\n|\n|-heal|p2a: Sinistcha|80/100|[from] item: Leftovers\n|upkeep\n|turn|15\n|inactive|Time left: 300 sec this turn | 300 sec total\n|\n|t:|1783563600\n|move|p1a: Latias|Calm Mind|p1a: Latias\n|-boost|p1a: Latias|spa|1\n|-boost|p1a: Latias|spd|1\n|move|p2a: Sinistcha|Calm Mind|p2a: Sinistcha\n|-boost|p2a: Sinistcha|spa|1\n|-boost|p2a: Sinistcha|spd|1\n|\n|-heal|p2a: Sinistcha|86/100|[from] item: Leftovers\n|upkeep\n|turn|16\n|inactive|Time left: 300 sec this turn | 300 sec total\n|\n|t:|1783563601\n|move|p1a: Latias|Psyshock|p2a: Sinistcha\n|-damage|p2a: Sinistcha|20/100\n|move|p2a: Sinistcha|Strength Sap|p1a: Latias\n|-unboost|p1a: Latias|atk|1\n|-heal|p2a: Sinistcha|72/100\n|\n|-heal|p2a: Sinistcha|78/100|[from] item: Leftovers\n|upkeep\n|turn|17\n|inactive|Time left: 300 sec this turn | 300 sec total\n|\n|t:|1783563602\n|move|p1a: Latias|Psyshock|p2a: Sinistcha\n|-damage|p2a: Sinistcha|6/100\n|move|p2a: Sinistcha|Shadow Ball|p1a: Latias\n|-supereffective|p1a: Latias\n|-damage|p1a: Latias|110/256\n|\n|-heal|p2a: Sinistcha|12/100|[from] item: Leftovers\n|upkeep\n|turn|18\n|inactive|Time left: 300 sec this turn | 300 sec total\n|\n|t:|1783563604\n|move|p1a: Latias|Psyshock|p2a: Sinistcha\n|-damage|p2a: Sinistcha|0 fnt\n|faint|p2a: Sinistcha\n|\n|upkeep\n|\n|t:|1783563604\n|switch|p2a: Pecharunt|Pecharunt, L77|100/100\n|turn|19\n|inactive|Time left: 300 sec this turn | 300 sec total\n|\n|t:|1783563605\n|move|p1a: Latias|Psyshock|p2a: Pecharunt\n|-supereffective|p2a: Pecharunt\n|-damage|p2a: Pecharunt|4/100\n|move|p2a: Pecharunt|Malignant Chain|p1a: Latias\n|-damage|p1a: Latias|77/256\n|-status|p1a: Latias|tox\n|-start|p1a: Latias|confusion|[from] ability: Poison Puppeteer|[of] p2a: Pecharunt\n|\n|-heal|p2a: Pecharunt|10/100|[from] item: Leftovers\n|-damage|p1a: Latias|61/256 tox|[from] psn\n|upkeep\n|turn|20\n|inactive|Time left: 300 sec this turn | 300 sec total\n|\n|t:|1783563606\n|-activate|p1a: Latias|confusion\n|move|p1a: Latias|Psyshock|p2a: Pecharunt\n|-supereffective|p2a: Pecharunt\n|-damage|p2a: Pecharunt|0 fnt\n|faint|p2a: Pecharunt\n|\n|-damage|p1a: Latias|29/256 tox|[from] psn\n|upkeep\n|\n|t:|1783563607\n|switch|p2a: Iron Hands|Iron Hands, L79|46/100\n|turn|21\n|inactive|Time left: 300 sec this turn | 300 sec total\n|\n|t:|1783563608\n|-activate|p1a: Latias|confusion\n|-damage|p1a: Latias|17/256 tox|[from] confusion\n|move|p2a: Iron Hands|Thunder Punch|p1a: Latias\n|-resisted|p1a: Latias\n|-damage|p1a: Latias|0 fnt\n|faint|p1a: Latias\n|\n|upkeep\n|inactive|Time left: 300 sec this turn | 300 sec total | 5 sec grace\n|\n|t:|1783563609\n|switch|p1a: Golem|Golem, L87, M|281/281\n|turn|22\n|inactive|Time left: 300 sec this turn | 300 sec total\n|\n|t:|1783563610\n|move|p1a: Golem|Earthquake|p2a: Iron Hands\n|-supereffective|p2a: Iron Hands\n|-damage|p2a: Iron Hands|0 fnt\n|faint|p2a: Iron Hands\n|-end|p2a: Iron Hands|Quark Drive|[silent]\n|\n|upkeep\n|\n|t:|1783563611\n|switch|p2a: Clodsire|Clodsire, L81, F|100/100\n|turn|23\n|inactive|Time left: 300 sec this turn | 300 sec total\n|\n|t:|1783563612\n|move|p1a: Golem|Earthquake|p2a: Clodsire\n|-supereffective|p2a: Clodsire\n|-damage|p2a: Clodsire|0 fnt\n|faint|p2a: Clodsire\n|\n|win|p0x2036c698", "uploadtime": 1783563612, "views": 0, "rating": 0, "private": 0, "password": null, "_winner": "p0x2036c698", "_our_name": "p0x2036c698"}