{"id": "battle-gen9randombattle-2752", "formatid": "gen9randombattle", "format": "[Gen 9] Random Battle", "players": ["p0x2752cfbb", "p0y27521a44"], "log": "|init|battle\n|title|p0x2752cfbb vs. p0y27521a44\n|j|\u2606p0x2752cfbb\n|j|\u2606p0y27521a44\n|t:|1783570725\n|gametype|singles\n|player|p1|p0x2752cfbb|1|\n|player|p2|p0y27521a44|1|\n|gen|9\n|tier|[Gen 9] Random Battle\n|rule|Species Clause: Limit one of each Pok\u00e9mon\n|rule|HP Percentage Mod: HP is shown in percentages\n|rule|Sleep Clause Mod: Limit one foe put to sleep\n|rule|Illusion Level Mod: Illusion disguises the Pok\u00e9mon's true level\n|\n|t:|1783570725\n|teamsize|p1|6\n|teamsize|p2|6\n|start\n|switch|p1a: Eelektross|Eelektross, L87, M|290/290\n|switch|p2a: Arceus|Arceus-Steel, L70|100/100\n|turn|1\n|inactive|Battle timer is ON: inactive players will automatically lose when time's up. (requested by p0x2752cfbb)\n|\n|t:|1783570726\n|move|p2a: Arceus|Calm Mind|p2a: Arceus\n|-boost|p2a: Arceus|spa|1\n|-boost|p2a: Arceus|spd|1\n|move|p1a: Eelektross|Discharge|p2a: Arceus\n|-damage|p2a: Arceus|78/100\n|\n|upkeep\n|turn|2\n|inactive|Time left: 300 sec this turn | 300 sec total\n|inactive|p0y27521a44 also wants the timer to be on.\n|\n|t:|1783570727\n|move|p2a: Arceus|Calm Mind|p2a: Arceus\n|-boost|p2a: Arceus|spa|1\n|-boost|p2a: Arceus|spd|1\n|move|p1a: Eelektross|Dragon Tail|p2a: Arceus\n|-resisted|p2a: Arceus\n|-damage|p2a: Arceus|70/100\n|drag|p2a: Brute Bonnet|Brute Bonnet, L80|100/100\n|\n|upkeep\n|turn|3\n|inactive|Time left: 300 sec this turn | 300 sec total\n|\n|t:|1783570728\n|move|p1a: Eelektross|U-turn|p2a: Brute Bonnet\n|-supereffective|p2a: Brute Bonnet\n|-damage|p2a: Brute Bonnet|28/100\n|inactive|Time left: 300 sec this turn | 300 sec total | 5 sec grace\n|\n|t:|1783570729\n|switch|p1a: Landorus|Landorus-Therian, L76, M|260/260|[from] U-turn\n|-ability|p1a: Landorus|Intimidate|boost\n|-unboost|p2a: Brute Bonnet|atk|1\n|move|p2a: Brute Bonnet|Crunch|p1a: Landorus\n|-damage|p1a: Landorus|190/260\n|-unboost|p1a: Landorus|def|1\n|\n|-heal|p1a: Landorus|206/260|[from] item: Leftovers\n|-heal|p2a: Brute Bonnet|34/100|[from] item: Leftovers\n|upkeep\n|turn|4\n|inactive|Time left: 300 sec this turn | 300 sec total\n|\n|t:|1783570730\n|-end|p2a: Brute Bonnet|Protosynthesis|[silent]\n|switch|p2a: Swanna|Swanna, L89, M|100/100\n|move|p1a: Landorus|Stealth Rock|p2a: Swanna\n|-sidestart|p2: p0y27521a44|move: Stealth Rock\n|\n|-heal|p1a: Landorus|222/260|[from] item: Leftovers\n|upkeep\n|turn|5\n|inactive|Time left: 300 sec this turn | 300 sec total\n|\n|t:|1783570731\n|switch|p1a: Eelektross|Eelektross, L87, M|290/290\n|move|p2a: Swanna|Hydro Pump|p1a: Eelektross\n|-damage|p1a: Eelektross|211/290\n|\n|upkeep\n|turn|6\n|inactive|Time left: 300 sec this turn | 300 sec total\n|\n|t:|1783570732\n|-terastallize|p2a: Swanna|Ground\n|move|p2a: Swanna|Defog|p1a: Eelektross\n|-unboost|p1a: Eelektross|evasion|1\n|-sideend|p2: p0y27521a44|Stealth Rock|[from] move: Defog|[of] p2a: Swanna\n|move|p1a: Eelektross|Discharge|p2a: Swanna\n|-immune|p2a: Swanna\n|\n|upkeep\n|turn|7\n|inactive|Time left: 300 sec this turn | 300 sec total\n|\n|t:|1783570733\n|move|p2a: Swanna|Hydro Pump|p1a: Eelektross\n|-damage|p1a: Eelektross|130/290\n|move|p1a: Eelektross|Knock Off|p2a: Swanna\n|-damage|p2a: Swanna|61/100\n|-enditem|p2a: Swanna|Heavy-Duty Boots|[from] move: Knock Off|[of] p1a: Eelektross\n|\n|upkeep\n|turn|8\n|inactive|Time left: 300 sec this turn | 300 sec total\n|\n|t:|1783570734\n|move|p2a: Swanna|Hydro Pump|p1a: Eelektross\n|-damage|p1a: Eelektross|45/290\n|move|p1a: Eelektross|U-turn|p2a: Swanna\n|-damage|p2a: Swanna|34/100\n|inactive|Time left: 300 sec this turn | 300 sec total | 5 sec grace\n|\n|t:|1783570735\n|switch|p1a: Muk|Muk-Alola, L82, F|306/306|[from] U-turn\n|\n|upkeep\n|turn|9\n|inactive|Time left: 300 sec this turn | 300 sec total\n|\n|t:|1783570736\n|move|p2a: Swanna|Roost|p2a: Swanna\n|-heal|p2a: Swanna|84/100\n|move|p1a: Muk|Ice Punch|p2a: Swanna\n|-supereffective|p2a: Swanna\n|-damage|p2a: Swanna|36/100\n|\n|upkeep\n|turn|10\n|inactive|Time left: 300 sec this turn | 300 sec total\n|\n|t:|1783570737\n|move|p2a: Swanna|Roost|p2a: Swanna\n|-heal|p2a: Swanna|86/100\n|move|p1a: Muk|Ice Punch|p2a: Swanna\n|-supereffective|p2a: Swanna\n|-damage|p2a: Swanna|42/100\n|\n|upkeep\n|turn|11\n|inactive|Time left: 300 sec this turn | 300 sec total\n|\n|t:|1783570738\n|move|p2a: Swanna|Roost|p2a: Swanna\n|-heal|p2a: Swanna|92/100\n|move|p1a: Muk|Knock Off|p2a: Swanna\n|-damage|p2a: Swanna|59/100\n|\n|upkeep\n|turn|12\n|inactive|Time left: 300 sec this turn | 300 sec total\n|\n|t:|1783570739\n|move|p2a: Swanna|Roost|p2a: Swanna\n|-heal|p2a: Swanna|100/100\n|move|p1a: Muk|Ice Punch|p2a: Swanna\n|-supereffective|p2a: Swanna\n|-crit|p2a: Swanna\n|-damage|p2a: Swanna|26/100\n|-status|p2a: Swanna|psn|[from] ability: Poison Touch|[of] p1a: Muk\n|\n|-damage|p2a: Swanna|14/100 psn|[from] psn\n|upkeep\n|turn|13\n|inactive|Time left: 300 sec this turn | 300 sec total\n|\n|t:|1783570741\n|move|p2a: Swanna|Brave Bird|p1a: Muk\n|-damage|p1a: Muk|167/306\n|-damage|p2a: Swanna|0 fnt|[from] Recoil\n|faint|p2a: Swanna\n|move|p1a: Muk|Poison Jab|p2: Swanna|[notarget]\n|-fail|p1a: Muk\n|\n|upkeep\n|\n|t:|1783570742\n|switch|p2a: Brute Bonnet|Brute Bonnet, L80|34/100\n|turn|14\n|inactive|Time left: 300 sec this turn | 300 sec total\n|\n|t:|1783570743\n|move|p2a: Brute Bonnet|Spore|p1a: Muk\n|-status|p1a: Muk|slp|[from] move: Spore\n|cant|p1a: Muk|slp\n|\n|-heal|p2a: Brute Bonnet|40/100|[from] item: Leftovers\n|upkeep\n|turn|15\n|inactive|Time left: 300 sec this turn | 300 sec total\n|\n|t:|1783570744\n|move|p2a: Brute Bonnet|Crunch|p1a: Muk\n|-resisted|p1a: Muk\n|-damage|p1a: Muk|109/306 slp\n|-unboost|p1a: Muk|def|1\n|cant|p1a: Muk|slp\n|\n|-heal|p2a: Brute Bonnet|46/100|[from] item: Leftovers\n|upkeep\n|turn|16\n|inactive|Time left: 300 sec this turn | 300 sec total\n|\n|t:|1783570745\n|switch|p1a: Landorus|Landorus-Therian, L76, M|222/260\n|-ability|p1a: Landorus|Intimidate|boost\n|-unboost|p2a: Brute Bonnet|atk|1\n|move|p2a: Brute Bonnet|Crunch|p1a: Landorus\n|-damage|p1a: Landorus|153/260\n|\n|-heal|p1a: Landorus|169/260|[from] item: Leftovers\n|-heal|p2a: Brute Bonnet|53/100|[from] item: Leftovers\n|upkeep\n|turn|17\n|inactive|Time left: 300 sec this turn | 300 sec total\n|\n|t:|1783570746\n|move|p1a: Landorus|Stealth Rock|p2a: Brute Bonnet\n|-sidestart|p2: p0y27521a44|move: Stealth Rock\n|move|p2a: Brute Bonnet|Seed Bomb|p1a: Landorus\n|-damage|p1a: Landorus|100/260\n|\n|-heal|p1a: Landorus|116/260|[from] item: Leftovers\n|-heal|p2a: Brute Bonnet|59/100|[from] item: Leftovers\n|upkeep\n|turn|18\n|inactive|Time left: 300 sec this turn | 300 sec total\n|\n|t:|1783570747\n|move|p1a: Landorus|U-turn|p2a: Brute Bonnet\n|-supereffective|p2a: Brute Bonnet\n|-damage|p2a: Brute Bonnet|0 fnt\n|faint|p2a: Brute Bonnet\n|-end|p2a: Brute Bonnet|Protosynthesis|[silent]\n|inactive|Time left: 300 sec this turn | 300 sec total | 5 sec grace\n|\n|t:|1783570748\n|switch|p1a: Serperior|Serperior, L79, M|248/248|[from] U-turn\n|\n|upkeep\n|\n|t:|1783570749\n|switch|p2a: Arceus|Arceus-Steel, L70|70/100\n|-damage|p2a: Arceus|64/100|[from] Stealth Rock\n|turn|19\n|inactive|Time left: 300 sec this turn | 300 sec total\n|\n|t:|1783570750\n|move|p1a: Serperior|Leaf Storm|p2a: Arceus\n|-resisted|p2a: Arceus\n|-damage|p2a: Arceus|48/100\n|-boost|p1a: Serperior|spa|2\n|move|p2a: Arceus|Calm Mind|p2a: Arceus\n|-boost|p2a: Arceus|spa|1\n|-boost|p2a: Arceus|spd|1\n|\n|upkeep\n|turn|20\n|inactive|Time left: 300 sec this turn | 300 sec total\n|\n|t:|1783570751\n|move|p1a: Serperior|Leaf Storm|p2a: Arceus\n|-resisted|p2a: Arceus\n|-damage|p2a: Arceus|27/100\n|-boost|p1a: Serperior|spa|2\n|move|p2a: Arceus|Recover|p2a: Arceus\n|-heal|p2a: Arceus|77/100\n|\n|upkeep\n|turn|21\n|inactive|Time left: 300 sec this turn | 300 sec total\n|\n|t:|1783570752\n|move|p1a: Serperior|Leaf Storm|p2a: Arceus\n|-resisted|p2a: Arceus\n|-damage|p2a: Arceus|46/100\n|-boost|p1a: Serperior|spa|2\n|move|p2a: Arceus|Judgment|p1a: Serperior\n|-damage|p1a: Serperior|74/248\n|\n|-heal|p1a: Serperior|89/248|[from] item: Leftovers\n|upkeep\n|turn|22\n|inactive|Time left: 300 sec this turn | 300 sec total\n|\n|t:|1783570753\n|-terastallize|p1a: Serperior|Grass\n|move|p1a: Serperior|Leaf Storm|p2a: Arceus\n|-resisted|p2a: Arceus\n|-damage|p2a: Arceus|0 fnt\n|faint|p2a: Arceus\n|\n|-heal|p1a: Serperior|104/248|[from] item: Leftovers\n|upkeep\n|\n|t:|1783570754\n|switch|p2a: Tsareena|Tsareena, L87, F|100/100\n|-damage|p2a: Tsareena|88/100|[from] Stealth Rock\n|turn|23\n|inactive|Time left: 300 sec this turn | 300 sec total\n|\n|t:|1783570755\n|move|p2a: Tsareena|U-turn|p1a: Serperior\n|-supereffective|p1a: Serperior\n|-damage|p1a: Serperior|0 fnt\n|faint|p1a: Serperior\n|\n|t:|1783570756\n|switch|p2a: Kyogre|Kyogre, L71|100/100|[from] U-turn\n|-damage|p2a: Kyogre|88/100|[from] Stealth Rock\n|-weather|RainDance|[from] ability: Drizzle|[of] p2a: Kyogre\n|\n|-weather|RainDance|[upkeep]\n|-heal|p2a: Kyogre|94/100|[from] item: Leftovers\n|upkeep\n|inactive|Time left: 300 sec this turn | 300 sec total | 10 sec grace\n|\n|t:|1783570757\n|switch|p1a: Landorus|Landorus-Therian, L76, M|116/260\n|-ability|p1a: Landorus|Intimidate|boost\n|-unboost|p2a: Kyogre|atk|1\n|turn|24\n|inactive|Time left: 300 sec this turn | 300 sec total\n|\n|t:|1783570758\n|move|p1a: Landorus|Earthquake|p2a: Kyogre\n|-damage|p2a: Kyogre|38/100\n|move|p2a: Kyogre|Origin Pulse|p1a: Landorus\n|-supereffective|p1a: Landorus\n|-damage|p1a: Landorus|0 fnt\n|faint|p1a: Landorus\n|\n|-weather|RainDance|[upkeep]\n|-heal|p2a: Kyogre|44/100|[from] item: Leftovers\n|upkeep\n|inactive|Time left: 300 sec this turn | 300 sec total | 5 sec grace\n|\n|t:|1783570759\n|switch|p1a: Meowstic|Meowstic-F, L89, F|277/277\n|turn|25\n|inactive|Time left: 300 sec this turn | 300 sec total\n|\n|t:|1783570760\n|move|p1a: Meowstic|Psyshock|p2a: Kyogre\n|-damage|p2a: Kyogre|0 fnt\n|faint|p2a: Kyogre\n|-damage|p1a: Meowstic|250/277|[from] item: Life Orb\n|\n|-weather|RainDance|[upkeep]\n|upkeep\n|\n|t:|1783570761\n|switch|p2a: Tsareena|Tsareena, L87, F|88/100\n|-damage|p2a: Tsareena|76/100|[from] Stealth Rock\n|turn|26\n|inactive|Time left: 300 sec this turn | 300 sec total\n|\n|t:|1783570762\n|switch|p1a: Muk|Muk-Alola, L82, F|109/306 slp\n|move|p2a: Tsareena|Knock Off|p1a: Muk\n|-resisted|p1a: Muk\n|-damage|p1a: Muk|60/306 slp\n|-enditem|p1a: Muk|Assault Vest|[from] move: Knock Off|[of] p2a: Tsareena\n|\n|-weather|RainDance|[upkeep]\n|upkeep\n|turn|27\n|inactive|Time left: 300 sec this turn | 300 sec total\n|\n|t:|1783570763\n|move|p2a: Tsareena|Knock Off|p1a: Muk\n|-resisted|p1a: Muk\n|-damage|p1a: Muk|29/306 slp\n|cant|p1a: Muk|slp\n|\n|-weather|none\n|upkeep\n|turn|28\n|inactive|Time left: 300 sec this turn | 300 sec total\n|\n|t:|1783570764\n|move|p2a: Tsareena|Knock Off|p1a: Muk\n|-resisted|p1a: Muk\n|-damage|p1a: Muk|0 fnt\n|faint|p1a: Muk\n|\n|upkeep\n|inactive|Time left: 300 sec this turn | 300 sec total | 5 sec grace\n|\n|t:|1783570765\n|switch|p1a: Terapagos|Terapagos, L77, M|265/265\n|-activate|p1a: Terapagos|ability: Tera Shift\n|detailschange|p1a: Terapagos|Terapagos-Terastal, L77, M\n|-heal|p1a: Terapagos|273/273|[silent]\n|turn|29\n|inactive|Time left: 300 sec this turn | 300 sec total\n|\n|t:|1783570765\n|move|p2a: Tsareena|Knock Off|p1a: Terapagos\n|-activate|p1a: Terapagos|ability: Tera Shell\n|-resisted|p1a: Terapagos\n|-damage|p1a: Terapagos|234/273\n|-enditem|p1a: Terapagos|Chesto Berry|[from] move: Knock Off|[of] p2a: Tsareena\n|move|p1a: Terapagos|Tera Starstorm|p2a: Tsareena\n|-damage|p2a: Tsareena|36/100\n|\n|upkeep\n|turn|30\n|inactive|Time left: 300 sec this turn | 300 sec total\n|\n|t:|1783570766\n|switch|p2a: Chansey|Chansey, L85, F|100/100\n|-damage|p2a: Chansey|88/100|[from] Stealth Rock\n|move|p1a: Terapagos|Tera Starstorm|p2a: Chansey\n|-damage|p2a: Chansey|76/100\n|\n|upkeep\n|turn|31\n|inactive|Time left: 300 sec this turn | 300 sec total\n|\n|t:|1783570767\n|move|p1a: Terapagos|Calm Mind|p1a: Terapagos\n|-boost|p1a: Terapagos|spa|1\n|-boost|p1a: Terapagos|spd|1\n|move|p2a: Chansey|Seismic Toss|p1a: Terapagos\n|-damage|p1a: Terapagos|149/273\n|\n|upkeep\n|turn|32\n|inactive|Time left: 300 sec this turn | 300 sec total\n|\n|t:|1783570768\n|move|p1a: Terapagos|Calm Mind|p1a: Terapagos\n|-boost|p1a: Terapagos|spa|1\n|-boost|p1a: Terapagos|spd|1\n|move|p2a: Chansey|Seismic Toss|p1a: Terapagos\n|-damage|p1a: Terapagos|64/273\n|\n|upkeep\n|turn|33\n|inactive|Time left: 300 sec this turn | 300 sec total\n|\n|t:|1783570769\n|move|p1a: Terapagos|Rest|p1a: Terapagos\n|-status|p1a: Terapagos|slp|[from] move: Rest\n|-heal|p1a: Terapagos|273/273 slp|[silent]\n|move|p2a: Chansey|Seismic Toss|p1a: Terapagos\n|-damage|p1a: Terapagos|188/273 slp\n|\n|upkeep\n|turn|34\n|inactive|Time left: 300 sec this turn | 300 sec total\n|\n|t:|1783570770\n|switch|p2a: Tsareena|Tsareena, L87, F|36/100\n|-damage|p2a: Tsareena|24/100|[from] Stealth Rock\n|cant|p1a: Terapagos|slp\n|\n|upkeep\n|turn|35\n|inactive|Time left: 300 sec this turn | 300 sec total\n|\n|t:|1783570770\n|move|p2a: Tsareena|Power Whip|p1a: Terapagos\n|-damage|p1a: Terapagos|46/273 slp\n|cant|p1a: Terapagos|slp\n|\n|upkeep\n|turn|36\n|inactive|Time left: 300 sec this turn | 300 sec total\n|\n|t:|1783570771\n|move|p2a: Tsareena|Power Whip|p1a: Terapagos\n|-damage|p1a: Terapagos|0 fnt\n|faint|p1a: Terapagos\n|\n|upkeep\n|inactive|Time left: 300 sec this turn | 300 sec total | 5 sec grace\n|\n|t:|1783570772\n|switch|p1a: Meowstic|Meowstic-F, L89, F|250/277\n|turn|37\n|inactive|Time left: 300 sec this turn | 300 sec total\n|\n|t:|1783570773\n|move|p2a: Tsareena|Power Whip|p1a: Meowstic\n|-damage|p1a: Meowstic|75/277\n|move|p1a: Meowstic|Psyshock|p2a: Tsareena\n|-damage|p2a: Tsareena|0 fnt\n|faint|p2a: Tsareena\n|-damage|p1a: Meowstic|48/277|[from] item: Life Orb\n|\n|upkeep\n|\n|t:|1783570774\n|switch|p2a: Chansey|Chansey, L85, F|76/100\n|-damage|p2a: Chansey|64/100|[from] Stealth Rock\n|turn|38\n|inactive|Time left: 300 sec this turn | 300 sec total\n|\n|t:|1783570775\n|move|p1a: Meowstic|Psyshock|p2a: Chansey\n|-damage|p2a: Chansey|20/100\n|-damage|p1a: Meowstic|21/277|[from] item: Life Orb\n|move|p2a: Chansey|Soft-Boiled|p2a: Chansey\n|-heal|p2a: Chansey|70/100\n|\n|upkeep\n|turn|39\n|inactive|Time left: 300 sec this turn | 300 sec total\n|\n|t:|1783570775\n|move|p1a: Meowstic|Nasty Plot|p1a: Meowstic\n|-boost|p1a: Meowstic|spa|2\n|move|p2a: Chansey|Soft-Boiled|p2a: Chansey\n|-heal|p2a: Chansey|100/100\n|\n|upkeep\n|turn|40\n|inactive|Time left: 300 sec this turn | 300 sec total\n|\n|t:|1783570776\n|move|p1a: Meowstic|Psyshock|p2a: Chansey\n|-damage|p2a: Chansey|18/100\n|-damage|p1a: Meowstic|0 fnt|[from] item: Life Orb\n|faint|p1a: Meowstic\n|move|p2a: Chansey|Seismic Toss|p1: Meowstic|[notarget]\n|-fail|p2a: Chansey\n|\n|upkeep\n|inactive|Time left: 300 sec this turn | 300 sec total | 5 sec grace\n|\n|t:|1783570777\n|switch|p1a: Eelektross|Eelektross, L87, M|45/290\n|turn|41\n|inactive|Time left: 300 sec this turn | 300 sec total\n|\n|t:|1783570778\n|move|p1a: Eelektross|Knock Off|p2a: Chansey\n|-damage|p2a: Chansey|0 fnt\n|-enditem|p2a: Chansey|Eviolite|[from] move: Knock Off|[of] p1a: Eelektross\n|faint|p2a: Chansey\n|\n|win|p0x2752cfbb", "uploadtime": 1783570778, "views": 0, "rating": 0, "private": 0, "password": null, "_winner": "p0x2752cfbb", "_our_name": "p0x2752cfbb"}