{"id": "battle-gen9randombattle-2940", "formatid": "gen9randombattle", "format": "[Gen 9] Random Battle", "players": ["p0x2940815b", "p0y29402e86"], "log": "|init|battle\n|title|p0x2940815b vs. p0y29402e86\n|j|\u2606p0x2940815b\n|j|\u2606p0y29402e86\n|t:|1783572871\n|gametype|singles\n|player|p1|p0x2940815b|102|\n|player|p2|p0y29402e86|1|\n|gen|9\n|tier|[Gen 9] Random Battle\n|rule|Species Clause: Limit one of each Pok\u00e9mon\n|rule|HP Percentage Mod: HP is shown in percentages\n|rule|Sleep Clause Mod: Limit one foe put to sleep\n|rule|Illusion Level Mod: Illusion disguises the Pok\u00e9mon's true level\n|\n|t:|1783572871\n|teamsize|p1|6\n|teamsize|p2|6\n|start\n|switch|p1a: Blastoise|Blastoise, L80, M|258/258\n|switch|p2a: Trevenant|Trevenant, L89, F|100/100\n|turn|1\n|inactive|Battle timer is ON: inactive players will automatically lose when time's up. (requested by p0y29402e86)\n|inactive|Time left: 300 sec this turn | 300 sec total | 60 sec grace\n|inactive|p0x2940815b also wants the timer to be on.\n|\n|t:|1783572873\n|move|p1a: Blastoise|Shell Smash|p1a: Blastoise\n|-unboost|p1a: Blastoise|def|1\n|-unboost|p1a: Blastoise|spd|1\n|-boost|p1a: Blastoise|atk|2\n|-boost|p1a: Blastoise|spa|2\n|-boost|p1a: Blastoise|spe|2\n|-enditem|p1a: Blastoise|White Herb\n|-clearnegativeboost|p1a: Blastoise|[silent]\n|move|p2a: Trevenant|Poltergeist||[still]\n|-fail|p2a: Trevenant\n|\n|upkeep\n|turn|2\n|inactive|Time left: 300 sec this turn | 300 sec total\n|\n|t:|1783572874\n|move|p1a: Blastoise|Shell Smash|p1a: Blastoise\n|-unboost|p1a: Blastoise|def|1\n|-unboost|p1a: Blastoise|spd|1\n|-boost|p1a: Blastoise|atk|2\n|-boost|p1a: Blastoise|spa|2\n|-boost|p1a: Blastoise|spe|2\n|move|p2a: Trevenant|Toxic|p1a: Blastoise\n|-status|p1a: Blastoise|tox\n|\n|-damage|p1a: Blastoise|242/258 tox|[from] psn\n|upkeep\n|turn|3\n|inactive|Time left: 300 sec this turn | 300 sec total\n|\n|t:|1783572875\n|move|p2a: Trevenant|Protect|p2a: Trevenant\n|-singleturn|p2a: Trevenant|Protect\n|move|p1a: Blastoise|Ice Beam|p2a: Trevenant\n|-activate|p2a: Trevenant|move: Protect\n|\n|-damage|p1a: Blastoise|210/258 tox|[from] psn\n|upkeep\n|turn|4\n|inactive|Time left: 300 sec this turn | 300 sec total\n|\n|t:|1783572876\n|move|p1a: Blastoise|Hydro Pump|p2a: Trevenant\n|-resisted|p2a: Trevenant\n|-damage|p2a: Trevenant|55/100\n|move|p2a: Trevenant|Drain Punch|p1a: Blastoise\n|-damage|p1a: Blastoise|115/258 tox\n|-heal|p2a: Trevenant|71/100|[from] drain|[of] p1a: Blastoise\n|\n|-damage|p1a: Blastoise|67/258 tox|[from] psn\n|upkeep\n|turn|5\n|inactive|Time left: 300 sec this turn | 300 sec total\n|\n|t:|1783572877\n|move|p2a: Trevenant|Protect|p2a: Trevenant\n|-singleturn|p2a: Trevenant|Protect\n|move|p1a: Blastoise|Hydro Pump|p2a: Trevenant\n|-activate|p2a: Trevenant|move: Protect\n|\n|-damage|p1a: Blastoise|3/258 tox|[from] psn\n|upkeep\n|turn|6\n|inactive|Time left: 300 sec this turn | 300 sec total\n|\n|t:|1783572878\n|switch|p2a: Swanna|Swanna, L89, M|100/100\n|move|p1a: Blastoise|Hydro Pump|p2a: Swanna\n|-resisted|p2a: Swanna\n|-damage|p2a: Swanna|0 fnt\n|faint|p2a: Swanna\n|\n|-damage|p1a: Blastoise|0 fnt|[from] psn\n|faint|p1a: Blastoise\n|upkeep\n|inactive|Time left: 300 sec this turn | 300 sec total | 5 sec grace\n|\n|t:|1783572879\n|switch|p2a: Inteleon|Inteleon, L81, F|100/100\n|switch|p1a: Passimian|Passimian, L83, F|302/302\n|turn|7\n|inactive|Time left: 300 sec this turn | 300 sec total\n|\n|t:|1783572880\n|move|p2a: Inteleon|Scald|p1a: Passimian\n|-damage|p1a: Passimian|101/302\n|move|p1a: Passimian|Close Combat|p2a: Inteleon\n|-damage|p2a: Inteleon|0 fnt\n|-unboost|p1a: Passimian|def|1\n|-unboost|p1a: Passimian|spd|1\n|faint|p2a: Inteleon\n|\n|upkeep\n|\n|t:|1783572881\n|switch|p2a: Staraptor|Staraptor, L79, F|100/100\n|turn|8\n|inactive|Time left: 300 sec this turn | 300 sec total\n|\n|t:|1783572882\n|switch|p1a: Incineroar|Incineroar, L82, F|290/290\n|-ability|p1a: Incineroar|Intimidate|boost\n|-unboost|p2a: Staraptor|atk|1\n|move|p2a: Staraptor|Brave Bird|p1a: Incineroar\n|-damage|p1a: Incineroar|131/290\n|-damage|p2a: Staraptor|81/100|[from] Recoil\n|\n|upkeep\n|turn|9\n|inactive|Time left: 300 sec this turn | 300 sec total\n|\n|t:|1783572883\n|move|p2a: Staraptor|Brave Bird|p1a: Incineroar\n|-damage|p1a: Incineroar|0 fnt\n|faint|p1a: Incineroar\n|-damage|p2a: Staraptor|64/100|[from] Recoil\n|\n|upkeep\n|inactive|Time left: 300 sec this turn | 300 sec total | 5 sec grace\n|\n|t:|1783572884\n|switch|p1a: Clefable|Clefable, L83, M|293/293\n|turn|10\n|inactive|Time left: 300 sec this turn | 300 sec total\n|\n|t:|1783572885\n|move|p2a: Staraptor|Brave Bird|p1a: Clefable\n|-damage|p1a: Clefable|115/293\n|-damage|p2a: Staraptor|42/100|[from] Recoil\n|move|p1a: Clefable|Moonblast|p2a: Staraptor\n|-damage|p2a: Staraptor|0 fnt\n|faint|p2a: Staraptor\n|\n|upkeep\n|\n|t:|1783572887\n|switch|p2a: Trevenant|Trevenant, L89, F|71/100\n|turn|11\n|inactive|Time left: 300 sec this turn | 300 sec total\n|\n|t:|1783572888\n|switch|p1a: Arceus|Arceus-Flying, L69|279/279\n|move|p2a: Trevenant|Poltergeist|p1a: Arceus\n|-activate|p1a: Arceus|move: Poltergeist|Sky Plate\n|-damage|p1a: Arceus|134/279\n|\n|upkeep\n|turn|12\n|inactive|Time left: 300 sec this turn | 300 sec total\n|\n|t:|1783572889\n|move|p1a: Arceus|Judgment|p2a: Trevenant\n|-supereffective|p2a: Trevenant\n|-damage|p2a: Trevenant|8/100\n|-enditem|p2a: Trevenant|Sitrus Berry|[eat]\n|-heal|p2a: Trevenant|33/100|[from] item: Sitrus Berry\n|move|p2a: Trevenant|Poltergeist|p1a: Arceus|[miss]\n|-miss|p2a: Trevenant|p1a: Arceus\n|\n|-item|p2a: Trevenant|Sitrus Berry|[from] ability: Harvest\n|upkeep\n|-enditem|p2a: Trevenant|Sitrus Berry|[eat]\n|-heal|p2a: Trevenant|58/100|[from] item: Sitrus Berry\n|turn|13\n|inactive|Time left: 300 sec this turn | 300 sec total\n|\n|t:|1783572890\n|-terastallize|p2a: Trevenant|Dark\n|move|p1a: Arceus|Recover|p1a: Arceus\n|-heal|p1a: Arceus|274/279\n|move|p2a: Trevenant|Poltergeist|p1a: Arceus|[miss]\n|-miss|p2a: Trevenant|p1a: Arceus\n|\n|upkeep\n|turn|14\n|inactive|Time left: 300 sec this turn | 300 sec total\n|\n|t:|1783572891\n|move|p1a: Arceus|Judgment|p2a: Trevenant\n|-damage|p2a: Trevenant|24/100\n|move|p2a: Trevenant|Poltergeist|p1a: Arceus\n|-activate|p1a: Arceus|move: Poltergeist|Sky Plate\n|-damage|p1a: Arceus|129/279\n|\n|upkeep\n|turn|15\n|inactive|Time left: 300 sec this turn | 300 sec total\n|\n|t:|1783572892\n|move|p1a: Arceus|Recover|p1a: Arceus\n|-heal|p1a: Arceus|269/279\n|move|p2a: Trevenant|Poltergeist|p1a: Arceus\n|-activate|p1a: Arceus|move: Poltergeist|Sky Plate\n|-damage|p1a: Arceus|131/279\n|\n|upkeep\n|turn|16\n|inactive|Time left: 300 sec this turn | 300 sec total\n|\n|t:|1783572893\n|move|p1a: Arceus|Judgment|p2a: Trevenant\n|-damage|p2a: Trevenant|0 fnt\n|faint|p2a: Trevenant\n|\n|upkeep\n|\n|t:|1783572894\n|switch|p2a: Kyurem|Kyurem, L77|100/100\n|-ability|p2a: Kyurem|Pressure\n|turn|17\n|inactive|Time left: 300 sec this turn | 300 sec total\n|\n|t:|1783572895\n|switch|p1a: Froslass|Froslass, L87, F|263/263\n|move|p2a: Kyurem|Freeze-Dry|p1a: Froslass\n|-resisted|p1a: Froslass\n|-damage|p1a: Froslass|215/263\n|\n|upkeep\n|turn|18\n|inactive|Time left: 300 sec this turn | 300 sec total\n|\n|t:|1783572896\n|move|p1a: Froslass|Triple Axel|p2a: Kyurem\n|-damage|p2a: Kyurem|94/100\n|-damage|p2a: Kyurem|80/100\n|-damage|p2a: Kyurem|59/100\n|-hitcount|p2a: Kyurem|3\n|move|p2a: Kyurem|Outrage|p1a: Froslass\n|-damage|p1a: Froslass|71/263\n|-start|p2a: Kyurem|Disable|Outrage|[from] ability: Cursed Body|[of] p1a: Froslass\n|\n|upkeep\n|turn|19\n|inactive|Time left: 300 sec this turn | 300 sec total\n|\n|t:|1783572897\n|switch|p1a: Clefable|Clefable, L83, M|115/293\n|cant|p2a: Kyurem|Disable|Outrage\n|\n|upkeep\n|turn|20\n|inactive|Time left: 300 sec this turn | 300 sec total\n|\n|t:|1783572898\n|move|p2a: Kyurem|Freeze-Dry|p1a: Clefable\n|-damage|p1a: Clefable|33/293\n|move|p1a: Clefable|Moonblast|p2a: Kyurem\n|-supereffective|p2a: Kyurem\n|-damage|p2a: Kyurem|0 fnt\n|faint|p2a: Kyurem\n|\n|upkeep\n|\n|t:|1783572899\n|switch|p2a: Grafaiai|Grafaiai, L86, M|100/100\n|turn|21\n|inactive|Time left: 300 sec this turn | 300 sec total\n|\n|t:|1783572900\n|move|p2a: Grafaiai|Gunk Shot|p1a: Clefable\n|-supereffective|p1a: Clefable\n|-damage|p1a: Clefable|0 fnt\n|faint|p1a: Clefable\n|\n|upkeep\n|inactive|Time left: 300 sec this turn | 300 sec total | 5 sec grace\n|\n|t:|1783572901\n|switch|p1a: Passimian|Passimian, L83, F|101/302\n|turn|22\n|inactive|Time left: 300 sec this turn | 300 sec total\n|\n|t:|1783572902\n|-terastallize|p1a: Passimian|Poison\n|move|p2a: Grafaiai|Gunk Shot|p1a: Passimian|[miss]\n|-miss|p2a: Grafaiai|p1a: Passimian\n|move|p1a: Passimian|Earthquake|p2a: Grafaiai\n|-supereffective|p2a: Grafaiai\n|-damage|p2a: Grafaiai|0 fnt\n|faint|p2a: Grafaiai\n|\n|win|p0x2940815b", "uploadtime": 1783572902, "views": 0, "rating": 0, "private": 0, "password": null, "_winner": "p0x2940815b", "_our_name": "p0x2940815b"}