{"id": "battle-gen9randombattle-1237", "formatid": "gen9randombattle", "format": "[Gen 9] Random Battle", "players": ["p0x1237e170", "p0y1237b4f4"], "log": "|init|battle\n|title|p0x1237e170 vs. p0y1237b4f4\n|j|\u2606p0x1237e170\n|j|\u2606p0y1237b4f4\n|t:|1783554302\n|gametype|singles\n|player|p1|p0x1237e170|102|\n|player|p2|p0y1237b4f4|266|\n|gen|9\n|tier|[Gen 9] Random Battle\n|rule|Species Clause: Limit one of each Pok\u00e9mon\n|rule|HP Percentage Mod: HP is shown in percentages\n|rule|Sleep Clause Mod: Limit one foe put to sleep\n|rule|Illusion Level Mod: Illusion disguises the Pok\u00e9mon's true level\n|\n|t:|1783554302\n|teamsize|p1|6\n|teamsize|p2|6\n|start\n|switch|p1a: Greedent|Greedent, L86, F|100/100\n|switch|p2a: Cinccino|Cinccino, L83, F|260/260\n|turn|1\n|inactive|Battle timer is ON: inactive players will automatically lose when time's up. (requested by p0x1237e170)\n|inactive|Time left: 300 sec this turn | 300 sec total | 60 sec grace\n|inactive|p0y1237b4f4 also wants the timer to be on.\n|\n|t:|1783554303\n|move|p2a: Cinccino|Tail Slap|p1a: Greedent\n|-damage|p1a: Greedent|91/100\n|-damage|p1a: Greedent|81/100\n|-damage|p1a: Greedent|72/100\n|-damage|p1a: Greedent|62/100\n|-damage|p1a: Greedent|52/100\n|-hitcount|p1a: Greedent|5\n|move|p1a: Greedent|Swords Dance|p1a: Greedent\n|-boost|p1a: Greedent|atk|2\n|\n|upkeep\n|turn|2\n|inactive|Time left: 300 sec this turn | 300 sec total\n|\n|t:|1783554304\n|switch|p2a: Incineroar|Incineroar, L82, F|290/290\n|-ability|p2a: Incineroar|Intimidate|boost\n|-unboost|p1a: Greedent|atk|1\n|move|p1a: Greedent|Body Slam|p2a: Incineroar\n|-damage|p2a: Incineroar|145/290\n|-status|p2a: Incineroar|par\n|\n|upkeep\n|turn|3\n|inactive|Time left: 300 sec this turn | 300 sec total\n|\n|t:|1783554306\n|switch|p2a: Inteleon|Inteleon, L81, F|246/246\n|move|p1a: Greedent|Earthquake|p2a: Inteleon\n|-damage|p2a: Inteleon|116/246\n|\n|upkeep\n|turn|4\n|inactive|Time left: 300 sec this turn | 300 sec total\n|\n|t:|1783554307\n|move|p2a: Inteleon|Hydro Pump|p1a: Greedent\n|-damage|p1a: Greedent|0 fnt\n|faint|p1a: Greedent\n|\n|upkeep\n|\n|t:|1783554308\n|switch|p1a: Mandibuzz|Mandibuzz, L85, F|100/100\n|turn|5\n|inactive|Time left: 300 sec this turn | 300 sec total\n|\n|t:|1783554309\n|move|p2a: Inteleon|Hydro Pump|p1a: Mandibuzz\n|-damage|p1a: Mandibuzz|43/100\n|move|p1a: Mandibuzz|Brave Bird|p2a: Inteleon\n|-damage|p2a: Inteleon|0 fnt\n|faint|p2a: Inteleon\n|-damage|p1a: Mandibuzz|32/100|[from] Recoil\n|\n|upkeep\n|inactive|Time left: 300 sec this turn | 300 sec total | 5 sec grace\n|\n|t:|1783554310\n|switch|p2a: Blastoise|Blastoise, L80, M|258/258\n|turn|6\n|inactive|Time left: 300 sec this turn | 300 sec total\n|\n|t:|1783554311\n|move|p1a: Mandibuzz|Roost|p1a: Mandibuzz\n|-heal|p1a: Mandibuzz|82/100\n|-singleturn|p1a: Mandibuzz|move: Roost\n|move|p2a: Blastoise|Shell Smash|p2a: Blastoise\n|-unboost|p2a: Blastoise|def|1\n|-unboost|p2a: Blastoise|spd|1\n|-boost|p2a: Blastoise|atk|2\n|-boost|p2a: Blastoise|spa|2\n|-boost|p2a: Blastoise|spe|2\n|-enditem|p2a: Blastoise|White Herb\n|-clearnegativeboost|p2a: Blastoise|[silent]\n|\n|upkeep\n|turn|7\n|inactive|Time left: 300 sec this turn | 300 sec total\n|\n|t:|1783554312\n|move|p2a: Blastoise|Ice Beam|p1a: Mandibuzz\n|-supereffective|p1a: Mandibuzz\n|-damage|p1a: Mandibuzz|20/100\n|move|p1a: Mandibuzz|Foul Play|p2a: Blastoise\n|-damage|p2a: Blastoise|105/258\n|\n|upkeep\n|turn|8\n|inactive|Time left: 300 sec this turn | 300 sec total\n|\n|t:|1783554313\n|-terastallize|p1a: Mandibuzz|Steel\n|move|p2a: Blastoise|Hydro Pump|p1a: Mandibuzz\n|-damage|p1a: Mandibuzz|0 fnt\n|faint|p1a: Mandibuzz\n|\n|upkeep\n|\n|t:|1783554314\n|switch|p1a: Overqwil|Overqwil, L82, M|100/100\n|-ability|p1a: Overqwil|Intimidate|boost\n|-unboost|p2a: Blastoise|atk|1\n|turn|9\n|inactive|Time left: 300 sec this turn | 300 sec total\n|\n|t:|1783554315\n|move|p2a: Blastoise|Ice Beam|p1a: Overqwil\n|-damage|p1a: Overqwil|54/100\n|move|p1a: Overqwil|Crunch|p2a: Blastoise\n|-damage|p2a: Blastoise|0 fnt\n|faint|p2a: Blastoise\n|-damage|p1a: Overqwil|44/100|[from] item: Life Orb\n|\n|upkeep\n|inactive|Time left: 300 sec this turn | 300 sec total | 5 sec grace\n|\n|t:|1783554316\n|switch|p2a: Enamorus|Enamorus, L79, F|247/247\n|turn|10\n|inactive|Time left: 300 sec this turn | 300 sec total\n|\n|t:|1783554317\n|switch|p1a: Granbull|Granbull, L88, M|100/100\n|-ability|p1a: Granbull|Intimidate|boost\n|-unboost|p2a: Enamorus|atk|1\n|move|p2a: Enamorus|Moonblast|p1a: Granbull\n|-damage|p1a: Granbull|53/100\n|\n|-heal|p1a: Granbull|59/100|[from] item: Leftovers\n|upkeep\n|turn|11\n|inactive|Time left: 300 sec this turn | 300 sec total\n|\n|t:|1783554318\n|move|p2a: Enamorus|Moonblast|p1a: Granbull\n|-damage|p1a: Granbull|8/100\n|move|p1a: Granbull|Play Rough|p2a: Enamorus\n|-damage|p2a: Enamorus|99/247\n|-unboost|p2a: Enamorus|atk|1\n|\n|-heal|p2a: Enamorus|114/247|[from] item: Leftovers\n|-heal|p1a: Granbull|14/100|[from] item: Leftovers\n|upkeep\n|turn|12\n|inactive|Time left: 300 sec this turn | 300 sec total\n|\n|t:|1783554319\n|switch|p1a: Dusknoir|Dusknoir, L89, F|100/100\n|-item|p2a: Enamorus|Leftovers|[from] ability: Frisk|[of] p1a: Dusknoir\n|move|p2a: Enamorus|Moonblast|p1a: Dusknoir\n|-damage|p1a: Dusknoir|67/100\n|-unboost|p1a: Dusknoir|spa|1\n|\n|-heal|p2a: Enamorus|129/247|[from] item: Leftovers\n|-heal|p1a: Dusknoir|73/100|[from] item: Leftovers\n|upkeep\n|turn|13\n|inactive|Time left: 300 sec this turn | 300 sec total\n|\n|t:|1783554320\n|switch|p2a: Incineroar|Incineroar, L82, F|145/290 par\n|-ability|p2a: Incineroar|Intimidate|boost\n|-unboost|p1a: Dusknoir|atk|1\n|move|p1a: Dusknoir|Poltergeist|p2a: Incineroar\n|-activate|p2a: Incineroar|move: Poltergeist|Heavy-Duty Boots\n|-resisted|p2a: Incineroar\n|-damage|p2a: Incineroar|103/290 par\n|\n|-heal|p1a: Dusknoir|79/100|[from] item: Leftovers\n|upkeep\n|turn|14\n|inactive|Time left: 300 sec this turn | 300 sec total\n|\n|t:|1783554321\n|switch|p1a: Granbull|Granbull, L88, M|14/100\n|-ability|p1a: Granbull|Intimidate|boost\n|-unboost|p2a: Incineroar|atk|1\n|move|p2a: Incineroar|Flare Blitz|p1a: Granbull\n|-damage|p1a: Granbull|0 fnt\n|faint|p1a: Granbull\n|-damage|p2a: Incineroar|89/290 par|[from] Recoil\n|\n|upkeep\n|\n|t:|1783554322\n|switch|p1a: Annihilape|Annihilape, L76, F|100/100\n|turn|15\n|inactive|Time left: 300 sec this turn | 300 sec total\n|\n|t:|1783554323\n|switch|p2a: Enamorus|Enamorus, L79, F|129/247\n|move|p1a: Annihilape|Bulk Up|p1a: Annihilape\n|-boost|p1a: Annihilape|atk|1\n|-boost|p1a: Annihilape|def|1\n|\n|-heal|p2a: Enamorus|144/247|[from] item: Leftovers\n|upkeep\n|turn|16\n|inactive|Time left: 300 sec this turn | 300 sec total\n|\n|t:|1783554324\n|move|p2a: Enamorus|Moonblast|p1a: Annihilape\n|-supereffective|p1a: Annihilape\n|-crit|p1a: Annihilape\n|-damage|p1a: Annihilape|0 fnt\n|faint|p1a: Annihilape\n|\n|-heal|p2a: Enamorus|159/247|[from] item: Leftovers\n|upkeep\n|\n|t:|1783554325\n|switch|p1a: Dusknoir|Dusknoir, L89, F|79/100\n|-item|p2a: Enamorus|Leftovers|[from] ability: Frisk|[of] p1a: Dusknoir\n|turn|17\n|inactive|Time left: 300 sec this turn | 300 sec total\n|\n|t:|1783554326\n|switch|p2a: Incineroar|Incineroar, L82, F|89/290 par\n|-ability|p2a: Incineroar|Intimidate|boost\n|-unboost|p1a: Dusknoir|atk|1\n|move|p1a: Dusknoir|Poltergeist|p2a: Incineroar\n|-activate|p2a: Incineroar|move: Poltergeist|Heavy-Duty Boots\n|-resisted|p2a: Incineroar\n|-damage|p2a: Incineroar|47/290 par\n|\n|-heal|p1a: Dusknoir|85/100|[from] item: Leftovers\n|upkeep\n|turn|18\n|inactive|Time left: 300 sec this turn | 300 sec total\n|\n|t:|1783554327\n|switch|p1a: Overqwil|Overqwil, L82, M|44/100\n|-ability|p1a: Overqwil|Intimidate|boost\n|-unboost|p2a: Incineroar|atk|1\n|switch|p2a: Enamorus|Enamorus, L79, F|159/247\n|\n|-heal|p2a: Enamorus|174/247|[from] item: Leftovers\n|upkeep\n|turn|19\n|inactive|Time left: 300 sec this turn | 300 sec total\n|\n|t:|1783554329\n|switch|p1a: Dusknoir|Dusknoir, L89, F|85/100\n|-item|p2a: Enamorus|Leftovers|[from] ability: Frisk|[of] p1a: Dusknoir\n|move|p2a: Enamorus|Moonblast|p1a: Dusknoir\n|-damage|p1a: Dusknoir|53/100\n|-unboost|p1a: Dusknoir|spa|1\n|\n|-heal|p2a: Enamorus|189/247|[from] item: Leftovers\n|-heal|p1a: Dusknoir|60/100|[from] item: Leftovers\n|upkeep\n|turn|20\n|inactive|Time left: 300 sec this turn | 300 sec total\n|\n|t:|1783554330\n|move|p2a: Enamorus|Moonblast|p1a: Dusknoir\n|-damage|p1a: Dusknoir|26/100\n|move|p1a: Dusknoir|Poltergeist|p2a: Enamorus\n|-activate|p2a: Enamorus|move: Poltergeist|Leftovers\n|-damage|p2a: Enamorus|29/247\n|\n|-heal|p2a: Enamorus|44/247|[from] item: Leftovers\n|-heal|p1a: Dusknoir|32/100|[from] item: Leftovers\n|upkeep\n|turn|21\n|inactive|Time left: 300 sec this turn | 300 sec total\n|\n|t:|1783554331\n|move|p2a: Enamorus|Moonblast|p1a: Dusknoir\n|-damage|p1a: Dusknoir|0 fnt\n|faint|p1a: Dusknoir\n|\n|-heal|p2a: Enamorus|59/247|[from] item: Leftovers\n|upkeep\n|\n|t:|1783554332\n|switch|p1a: Overqwil|Overqwil, L82, M|44/100\n|-ability|p1a: Overqwil|Intimidate|boost\n|-unboost|p2a: Enamorus|atk|1\n|turn|22\n|inactive|Time left: 300 sec this turn | 300 sec total\n|\n|t:|1783554333\n|-terastallize|p2a: Enamorus|Ground\n|move|p2a: Enamorus|Moonblast|p1a: Overqwil\n|-damage|p1a: Overqwil|0 fnt\n|faint|p1a: Overqwil\n|\n|win|p0y1237b4f4", "uploadtime": 1783554333, "views": 0, "rating": 0, "private": 0, "password": null, "_winner": "p0y1237b4f4", "_our_name": "p0y1237b4f4"}