{"id": "battle-gen9randombattle-1373", "formatid": "gen9randombattle", "format": "[Gen 9] Random Battle", "players": ["p0x13731d02", "p0y13732462"], "log": "|init|battle\n|title|p0x13731d02 vs. p0y13732462\n|j|\u2606p0x13731d02\n|j|\u2606p0y13732462\n|t:|1783555051\n|gametype|singles\n|player|p1|p0x13731d02|2|\n|player|p2|p0y13732462|170|\n|gen|9\n|tier|[Gen 9] Random Battle\n|rule|Species Clause: Limit one of each Pok\u00e9mon\n|rule|HP Percentage Mod: HP is shown in percentages\n|rule|Sleep Clause Mod: Limit one foe put to sleep\n|rule|Illusion Level Mod: Illusion disguises the Pok\u00e9mon's true level\n|\n|t:|1783555051\n|teamsize|p1|6\n|teamsize|p2|6\n|start\n|switch|p1a: Moltres|Moltres, L81|100/100\n|switch|p2a: Kyurem|Kyurem-White, L73|303/303\n|-ability|p2a: Kyurem|Turboblaze\n|turn|1\n|inactive|Battle timer is ON: inactive players will automatically lose when time's up. (requested by p0y13732462)\n|inactive|p0x13731d02 also wants the timer to be on.\n|\n|t:|1783555052\n|move|p2a: Kyurem|Ice Beam|p1a: Moltres\n|-damage|p1a: Moltres|58/100\n|move|p1a: Moltres|Fire Blast|p2a: Kyurem\n|-damage|p2a: Kyurem|158/303\n|\n|upkeep\n|turn|2\n|inactive|Time left: 300 sec this turn | 300 sec total\n|\n|t:|1783555054\n|move|p2a: Kyurem|Ice Beam|p1a: Moltres\n|-damage|p1a: Moltres|12/100\n|move|p1a: Moltres|Roost|p1a: Moltres\n|-heal|p1a: Moltres|62/100\n|-singleturn|p1a: Moltres|move: Roost\n|\n|upkeep\n|turn|3\n|inactive|Time left: 300 sec this turn | 300 sec total\n|\n|t:|1783555055\n|move|p2a: Kyurem|Ice Beam|p1a: Moltres\n|-damage|p1a: Moltres|16/100\n|move|p1a: Moltres|Roost|p1a: Moltres\n|-heal|p1a: Moltres|66/100\n|-singleturn|p1a: Moltres|move: Roost\n|\n|upkeep\n|turn|4\n|inactive|Time left: 300 sec this turn | 300 sec total\n|\n|t:|1783555056\n|move|p2a: Kyurem|Ice Beam|p1a: Moltres\n|-damage|p1a: Moltres|19/100\n|move|p1a: Moltres|Roost|p1a: Moltres\n|-heal|p1a: Moltres|69/100\n|-singleturn|p1a: Moltres|move: Roost\n|\n|upkeep\n|turn|5\n|inactive|Time left: 300 sec this turn | 300 sec total\n|\n|t:|1783555057\n|move|p2a: Kyurem|Ice Beam|p1a: Moltres\n|-damage|p1a: Moltres|24/100\n|move|p1a: Moltres|Fire Blast|p2a: Kyurem\n|-damage|p2a: Kyurem|17/303\n|\n|upkeep\n|turn|6\n|inactive|Time left: 300 sec this turn | 300 sec total\n|\n|t:|1783555058\n|switch|p1a: Polteageist|Polteageist-Antique, L78|100/100\n|move|p2a: Kyurem|Ice Beam|p1a: Polteageist\n|-damage|p1a: Polteageist|52/100\n|\n|upkeep\n|turn|7\n|inactive|Time left: 300 sec this turn | 300 sec total\n|\n|t:|1783555059\n|move|p2a: Kyurem|Ice Beam|p1a: Polteageist\n|-damage|p1a: Polteageist|6/100\n|move|p1a: Polteageist|Shell Smash|p1a: Polteageist\n|-unboost|p1a: Polteageist|def|1\n|-unboost|p1a: Polteageist|spd|1\n|-boost|p1a: Polteageist|atk|2\n|-boost|p1a: Polteageist|spa|2\n|-boost|p1a: Polteageist|spe|2\n|-enditem|p1a: Polteageist|White Herb\n|-clearnegativeboost|p1a: Polteageist|[silent]\n|\n|upkeep\n|turn|8\n|inactive|Time left: 300 sec this turn | 300 sec total\n|\n|t:|1783555061\n|move|p1a: Polteageist|Strength Sap|p2a: Kyurem\n|-unboost|p2a: Kyurem|atk|1\n|-heal|p1a: Polteageist|87/100\n|move|p2a: Kyurem|Ice Beam|p1a: Polteageist\n|-damage|p1a: Polteageist|39/100\n|\n|upkeep\n|turn|9\n|inactive|Time left: 300 sec this turn | 300 sec total\n|\n|t:|1783555062\n|move|p1a: Polteageist|Strength Sap|p2a: Kyurem\n|-unboost|p2a: Kyurem|atk|1\n|-heal|p1a: Polteageist|93/100\n|move|p2a: Kyurem|Ice Beam|p1a: Polteageist\n|-damage|p1a: Polteageist|43/100\n|-start|p2a: Kyurem|Disable|Ice Beam|[from] ability: Cursed Body|[of] p1a: Polteageist\n|\n|upkeep\n|turn|10\n|inactive|Time left: 300 sec this turn | 300 sec total\n|\n|t:|1783555063\n|move|p1a: Polteageist|Shadow Ball|p2a: Kyurem\n|-damage|p2a: Kyurem|0 fnt\n|faint|p2a: Kyurem\n|\n|upkeep\n|inactive|Time left: 300 sec this turn | 300 sec total | 5 sec grace\n|\n|t:|1783555064\n|switch|p2a: Deoxys|Deoxys-Speed, L82|216/216\n|-ability|p2a: Deoxys|Pressure\n|turn|11\n|inactive|Time left: 300 sec this turn | 300 sec total\n|\n|t:|1783555065\n|-terastallize|p1a: Polteageist|Fighting\n|move|p2a: Deoxys|Knock Off|p1a: Polteageist\n|-resisted|p1a: Polteageist\n|-damage|p1a: Polteageist|26/100\n|-damage|p2a: Deoxys|195/216|[from] item: Life Orb\n|move|p1a: Polteageist|Shadow Ball|p2a: Deoxys\n|-supereffective|p2a: Deoxys\n|-damage|p2a: Deoxys|0 fnt\n|faint|p2a: Deoxys\n|\n|upkeep\n|inactive|Time left: 300 sec this turn | 300 sec total | 5 sec grace\n|\n|t:|1783555066\n|switch|p2a: Squawkabilly|Squawkabilly-White, L89, F|291/291\n|turn|12\n|inactive|Time left: 300 sec this turn | 300 sec total\n|\n|t:|1783555067\n|move|p2a: Squawkabilly|Quick Attack|p1a: Polteageist|[miss]\n|-miss|p2a: Squawkabilly|p1a: Polteageist\n|move|p1a: Polteageist|Tera Blast|p2a: Squawkabilly|[anim] Tera Blast Fighting\n|-damage|p2a: Squawkabilly|15/291\n|\n|upkeep\n|turn|13\n|inactive|Time left: 300 sec this turn | 300 sec total\n|\n|t:|1783555068\n|move|p2a: Squawkabilly|Quick Attack|p1a: Polteageist\n|-damage|p1a: Polteageist|0 fnt\n|faint|p1a: Polteageist\n|\n|upkeep\n|\n|t:|1783555069\n|switch|p1a: Perrserker|Perrserker, L89, M|100/100\n|turn|14\n|inactive|Time left: 300 sec this turn | 300 sec total\n|\n|t:|1783555070\n|switch|p2a: Keldeo|Keldeo-Resolute, L79|273/273\n|move|p1a: Perrserker|Iron Head|p2a: Keldeo\n|-resisted|p2a: Keldeo\n|-damage|p2a: Keldeo|165/273\n|\n|upkeep\n|turn|15\n|inactive|Time left: 300 sec this turn | 300 sec total\n|\n|t:|1783555071\n|switch|p1a: Leavanny|Leavanny, L86, F|100/100\n|move|p2a: Keldeo|Calm Mind|p2a: Keldeo\n|-boost|p2a: Keldeo|spa|1\n|-boost|p2a: Keldeo|spd|1\n|\n|upkeep\n|turn|16\n|inactive|Time left: 300 sec this turn | 300 sec total\n|\n|t:|1783555072\n|move|p2a: Keldeo|Air Slash|p1a: Leavanny\n|-supereffective|p1a: Leavanny\n|-damage|p1a: Leavanny|0 fnt\n|faint|p1a: Leavanny\n|-damage|p2a: Keldeo|138/273|[from] item: Life Orb\n|\n|upkeep\n|\n|t:|1783555073\n|switch|p1a: Gastrodon|Gastrodon, L86, F|100/100\n|turn|17\n|inactive|Time left: 300 sec this turn | 300 sec total\n|\n|t:|1783555074\n|move|p2a: Keldeo|Secret Sword|p1a: Gastrodon\n|-damage|p1a: Gastrodon|36/100\n|-damage|p2a: Keldeo|111/273|[from] item: Life Orb\n|move|p1a: Gastrodon|Earthquake|p2a: Keldeo\n|-damage|p2a: Keldeo|12/273\n|\n|-heal|p1a: Gastrodon|42/100|[from] item: Leftovers\n|upkeep\n|turn|18\n|inactive|Time left: 300 sec this turn | 300 sec total\n|\n|t:|1783555075\n|move|p2a: Keldeo|Secret Sword|p1a: Gastrodon\n|-damage|p1a: Gastrodon|0 fnt\n|faint|p1a: Gastrodon\n|-damage|p2a: Keldeo|0 fnt|[from] item: Life Orb\n|faint|p2a: Keldeo\n|\n|upkeep\n|inactive|Time left: 300 sec this turn | 300 sec total | 5 sec grace\n|\n|t:|1783555076\n|switch|p2a: Squawkabilly|Squawkabilly-White, L89, F|15/291\n|switch|p1a: Perrserker|Perrserker, L89, M|100/100\n|turn|19\n|inactive|Time left: 300 sec this turn | 300 sec total\n|\n|t:|1783555077\n|move|p2a: Squawkabilly|Foul Play|p1a: Perrserker\n|-damage|p1a: Perrserker|37/100\n|move|p1a: Perrserker|Knock Off|p2a: Squawkabilly\n|-damage|p2a: Squawkabilly|0 fnt\n|-enditem|p2a: Squawkabilly|Choice Band|[from] move: Knock Off|[of] p1a: Perrserker\n|faint|p2a: Squawkabilly\n|\n|upkeep\n|inactive|Time left: 300 sec this turn | 300 sec total | 5 sec grace\n|\n|t:|1783555078\n|switch|p2a: Pecharunt|Pecharunt, L77|262/262\n|turn|20\n|inactive|Time left: 300 sec this turn | 300 sec total\n|\n|t:|1783555079\n|-terastallize|p2a: Pecharunt|Dark\n|move|p2a: Pecharunt|Nasty Plot|p2a: Pecharunt\n|-boost|p2a: Pecharunt|spa|2\n|move|p1a: Perrserker|Knock Off|p2a: Pecharunt\n|-resisted|p2a: Pecharunt\n|-damage|p2a: Pecharunt|208/262\n|-enditem|p2a: Pecharunt|Leftovers|[from] move: Knock Off|[of] p1a: Perrserker\n|\n|upkeep\n|turn|21\n|inactive|Time left: 300 sec this turn | 300 sec total\n|\n|t:|1783555080\n|switch|p1a: Toucannon|Toucannon, L88, F|100/100\n|move|p2a: Pecharunt|Shadow Ball|p1a: Toucannon\n|-immune|p1a: Toucannon\n|\n|upkeep\n|turn|22\n|inactive|Time left: 300 sec this turn | 300 sec total\n|\n|t:|1783555081\n|move|p2a: Pecharunt|Malignant Chain|p1a: Toucannon\n|-damage|p1a: Toucannon|39/100\n|-status|p1a: Toucannon|tox\n|-start|p1a: Toucannon|confusion|[from] ability: Poison Puppeteer|[of] p2a: Pecharunt\n|-activate|p1a: Toucannon|confusion\n|move|p1a: Toucannon|Boomburst|p2a: Pecharunt\n|-damage|p2a: Pecharunt|49/262\n|\n|-damage|p1a: Toucannon|33/100 tox|[from] psn\n|upkeep\n|turn|23\n|inactive|Time left: 300 sec this turn | 300 sec total\n|\n|t:|1783555082\n|move|p2a: Pecharunt|Recover|p2a: Pecharunt\n|-heal|p2a: Pecharunt|180/262\n|-activate|p1a: Toucannon|confusion\n|-damage|p1a: Toucannon|18/100 tox|[from] confusion\n|\n|-damage|p1a: Toucannon|6/100 tox|[from] psn\n|upkeep\n|turn|24\n|inactive|Time left: 300 sec this turn | 300 sec total\n|\n|t:|1783555083\n|move|p2a: Pecharunt|Malignant Chain|p1a: Toucannon\n|-damage|p1a: Toucannon|0 fnt\n|faint|p1a: Toucannon\n|\n|upkeep\n|\n|t:|1783555084\n|switch|p1a: Moltres|Moltres, L81|24/100\n|turn|25\n|inactive|Time left: 300 sec this turn | 300 sec total\n|\n|t:|1783555085\n|move|p1a: Moltres|Roost|p1a: Moltres\n|-heal|p1a: Moltres|74/100\n|-singleturn|p1a: Moltres|move: Roost\n|move|p2a: Pecharunt|Malignant Chain|p1a: Moltres\n|-damage|p1a: Moltres|9/100\n|-status|p1a: Moltres|tox\n|-start|p1a: Moltres|confusion|[from] ability: Poison Puppeteer|[of] p2a: Pecharunt\n|\n|-damage|p1a: Moltres|3/100 tox|[from] psn\n|upkeep\n|turn|26\n|inactive|Time left: 300 sec this turn | 300 sec total\n|\n|t:|1783555085\n|-activate|p1a: Moltres|confusion\n|move|p1a: Moltres|Roost|p1a: Moltres\n|-heal|p1a: Moltres|53/100 tox\n|-singleturn|p1a: Moltres|move: Roost\n|move|p2a: Pecharunt|Shadow Ball|p1a: Moltres\n|-damage|p1a: Moltres|3/100 tox\n|\n|-damage|p1a: Moltres|0 fnt|[from] psn\n|faint|p1a: Moltres\n|upkeep\n|\n|t:|1783555086\n|switch|p1a: Perrserker|Perrserker, L89, M|37/100\n|turn|27\n|inactive|Time left: 300 sec this turn | 300 sec total\n|\n|t:|1783555087\n|move|p2a: Pecharunt|Shadow Ball|p1a: Perrserker\n|-damage|p1a: Perrserker|0 fnt\n|faint|p1a: Perrserker\n|\n|win|p0y13732462", "uploadtime": 1783555087, "views": 0, "rating": 0, "private": 0, "password": null, "_winner": "p0y13732462", "_our_name": "p0y13732462"}