{"id": "battle-gen9randombattle-1929", "formatid": "gen9randombattle", "format": "[Gen 9] Random Battle", "players": ["p0x1929113f", "p0y1929fdf6"], "log": "|init|battle\n|title|p0x1929113f vs. p0y1929fdf6\n|j|\u2606p0x1929113f\n|j|\u2606p0y1929fdf6\n|t:|1783562295\n|gametype|singles\n|player|p1|p0x1929113f|170|\n|player|p2|p0y1929fdf6|169|\n|gen|9\n|tier|[Gen 9] Random Battle\n|rule|Species Clause: Limit one of each Pok\u00e9mon\n|rule|HP Percentage Mod: HP is shown in percentages\n|rule|Sleep Clause Mod: Limit one foe put to sleep\n|rule|Illusion Level Mod: Illusion disguises the Pok\u00e9mon's true level\n|\n|t:|1783562295\n|teamsize|p1|6\n|teamsize|p2|6\n|start\n|switch|p1a: Suicune|Suicune, L82|298/298\n|switch|p2a: Rillaboom|Rillaboom, L79, F|100/100\n|-ability|p1a: Suicune|Pressure\n|-fieldstart|move: Grassy Terrain|[from] ability: Grassy Surge|[of] p2a: Rillaboom\n|turn|1\n|inactive|Battle timer is ON: inactive players will automatically lose when time's up. (requested by p0x1929113f)\n|inactive|p0y1929fdf6 also wants the timer to be on.\n|\n|t:|1783562296\n|move|p1a: Suicune|Scald|p2a: Rillaboom\n|-resisted|p2a: Rillaboom\n|-damage|p2a: Rillaboom|85/100\n|move|p2a: Rillaboom|Wood Hammer|p1a: Suicune\n|-supereffective|p1a: Suicune\n|-damage|p1a: Suicune|0 fnt\n|faint|p1a: Suicune\n|-damage|p2a: Rillaboom|51/100|[from] Recoil\n|\n|-heal|p2a: Rillaboom|57/100|[from] Grassy Terrain\n|upkeep\n|inactive|Time left: 300 sec this turn | 300 sec total | 65 sec grace\n|\n|t:|1783562297\n|switch|p1a: Kricketune|Kricketune, L99, F|312/312\n|turn|2\n|inactive|Time left: 300 sec this turn | 300 sec total\n|\n|t:|1783562298\n|switch|p2a: Hatterene|Hatterene, L85, F|100/100\n|move|p1a: Kricketune|Sticky Web|p2a: Hatterene\n|move|p2a: Hatterene|Sticky Web|p1a: Kricketune|[from] ability: Magic Bounce\n|-sidestart|p1: p0x1929113f|move: Sticky Web\n|\n|upkeep\n|turn|3\n|inactive|Time left: 300 sec this turn | 300 sec total\n|\n|t:|1783562299\n|move|p1a: Kricketune|Pounce|p2a: Hatterene\n|-damage|p2a: Hatterene|61/100\n|-unboost|p2a: Hatterene|spe|1\n|move|p2a: Hatterene|Mystical Fire|p1a: Kricketune\n|-supereffective|p1a: Kricketune\n|-damage|p1a: Kricketune|134/312\n|-unboost|p1a: Kricketune|spa|1\n|\n|-heal|p1a: Kricketune|153/312|[from] Grassy Terrain\n|-heal|p2a: Hatterene|67/100|[from] Grassy Terrain\n|upkeep\n|turn|4\n|inactive|Time left: 300 sec this turn | 300 sec total\n|\n|t:|1783562300\n|switch|p1a: Empoleon|Empoleon, L84, M|278/278\n|-activate|p1a: Empoleon|move: Sticky Web\n|-unboost|p1a: Empoleon|spe|1\n|-ability|p1a: Empoleon|Competitive|boost\n|-boost|p1a: Empoleon|spa|2\n|move|p2a: Hatterene|Mystical Fire|p1a: Empoleon\n|-damage|p1a: Empoleon|218/278\n|-unboost|p1a: Empoleon|spa|1\n|-ability|p1a: Empoleon|Competitive|boost\n|-boost|p1a: Empoleon|spa|2\n|\n|-heal|p1a: Empoleon|235/278|[from] Grassy Terrain\n|-heal|p1a: Empoleon|252/278|[from] item: Leftovers\n|-heal|p2a: Hatterene|73/100|[from] Grassy Terrain\n|upkeep\n|turn|5\n|inactive|Time left: 300 sec this turn | 300 sec total\n|\n|t:|1783562301\n|move|p1a: Empoleon|Surf|p2a: Hatterene\n|-damage|p2a: Hatterene|2/100\n|move|p2a: Hatterene|Nuzzle|p1a: Empoleon\n|-supereffective|p1a: Empoleon\n|-damage|p1a: Empoleon|222/278\n|-status|p1a: Empoleon|par\n|\n|-heal|p2a: Hatterene|8/100|[from] Grassy Terrain\n|-heal|p1a: Empoleon|239/278 par|[from] Grassy Terrain\n|-heal|p1a: Empoleon|256/278 par|[from] item: Leftovers\n|-fieldend|move: Grassy Terrain\n|upkeep\n|turn|6\n|inactive|Time left: 300 sec this turn | 300 sec total\n|\n|t:|1783562302\n|move|p2a: Hatterene|Psychic Noise|p1a: Empoleon\n|-resisted|p1a: Empoleon\n|-damage|p1a: Empoleon|210/278 par\n|-start|p1a: Empoleon|move: Heal Block\n|cant|p1a: Empoleon|par\n|\n|upkeep\n|turn|7\n|inactive|Time left: 300 sec this turn | 300 sec total\n|\n|t:|1783562303\n|move|p2a: Hatterene|Mystical Fire|p1a: Empoleon\n|-damage|p1a: Empoleon|149/278 par\n|-unboost|p1a: Empoleon|spa|1\n|-ability|p1a: Empoleon|Competitive|boost\n|-boost|p1a: Empoleon|spa|2\n|move|p1a: Empoleon|Ice Beam|p2a: Hatterene\n|-damage|p2a: Hatterene|0 fnt\n|faint|p2a: Hatterene\n|\n|-end|p1a: Empoleon|move: Heal Block\n|upkeep\n|\n|t:|1783562304\n|switch|p2a: Electivire|Electivire, L84, M|100/100\n|turn|8\n|inactive|Time left: 300 sec this turn | 300 sec total\n|\n|t:|1783562306\n|-terastallize|p1a: Empoleon|Grass\n|move|p2a: Electivire|Supercell Slam|p1a: Empoleon|[miss]\n|-miss|p2a: Electivire|p1a: Empoleon\n|-damage|p2a: Electivire|51/100|[from] supercellslam\n|cant|p1a: Empoleon|par\n|\n|-heal|p1a: Empoleon|166/278 par|[from] item: Leftovers\n|upkeep\n|turn|9\n|inactive|Time left: 300 sec this turn | 300 sec total\n|\n|t:|1783562307\n|move|p2a: Electivire|Ice Punch|p1a: Empoleon\n|-supereffective|p1a: Empoleon\n|-damage|p1a: Empoleon|0 fnt\n|faint|p1a: Empoleon\n|-damage|p2a: Electivire|41/100|[from] item: Life Orb\n|\n|upkeep\n|inactive|Time left: 300 sec this turn | 300 sec total | 5 sec grace\n|\n|t:|1783562308\n|switch|p1a: Mesprit|Mesprit, L85|275/275\n|turn|10\n|inactive|Time left: 300 sec this turn | 300 sec total\n|\n|t:|1783562309\n|move|p2a: Electivire|Supercell Slam|p1a: Mesprit\n|-damage|p1a: Mesprit|135/275\n|-damage|p2a: Electivire|31/100|[from] item: Life Orb\n|move|p1a: Mesprit|Psychic|p2a: Electivire\n|-damage|p2a: Electivire|0 fnt\n|faint|p2a: Electivire\n|\n|upkeep\n|\n|t:|1783562311\n|switch|p2a: Sinistcha|Sinistcha, L83|100/100\n|turn|11\n|inactive|Time left: 300 sec this turn | 300 sec total\n|\n|t:|1783562312\n|switch|p1a: Noctowl|Noctowl, L95, F|344/344\n|move|p2a: Sinistcha|Shadow Ball|p1a: Noctowl\n|-immune|p1a: Noctowl\n|\n|upkeep\n|turn|12\n|inactive|Time left: 300 sec this turn | 300 sec total\n|\n|t:|1783562313\n|switch|p2a: Gouging Fire|Gouging Fire, L74|100/100\n|move|p1a: Noctowl|Nasty Plot|p1a: Noctowl\n|-boost|p1a: Noctowl|spa|2\n|\n|upkeep\n|turn|13\n|inactive|Time left: 300 sec this turn | 300 sec total\n|\n|t:|1783562314\n|move|p1a: Noctowl|Hurricane|p2a: Gouging Fire\n|-damage|p2a: Gouging Fire|2/100\n|move|p2a: Gouging Fire|Heat Crash|p1a: Noctowl\n|-damage|p1a: Noctowl|206/344\n|\n|upkeep\n|turn|14\n|inactive|Time left: 300 sec this turn | 300 sec total\n|\n|t:|1783562315\n|-end|p2a: Gouging Fire|Protosynthesis|[silent]\n|switch|p2a: Sinistcha|Sinistcha, L83|100/100\n|move|p1a: Noctowl|Hyper Voice|p2a: Sinistcha\n|-immune|p2a: Sinistcha\n|\n|upkeep\n|turn|15\n|inactive|Time left: 300 sec this turn | 300 sec total\n|\n|t:|1783562316\n|switch|p2a: Gouging Fire|Gouging Fire, L74|2/100\n|move|p1a: Noctowl|Hurricane|p2a: Gouging Fire\n|-damage|p2a: Gouging Fire|0 fnt\n|faint|p2a: Gouging Fire\n|-end|p2a: Gouging Fire|Protosynthesis|[silent]\n|\n|upkeep\n|\n|t:|1783562317\n|switch|p2a: Arceus|Arceus-Psychic, L70|100/100\n|turn|16\n|inactive|Time left: 300 sec this turn | 300 sec total\n|\n|t:|1783562318\n|move|p2a: Arceus|Cosmic Power|p2a: Arceus\n|-boost|p2a: Arceus|def|1\n|-boost|p2a: Arceus|spd|1\n|move|p1a: Noctowl|Hurricane|p2a: Arceus\n|-damage|p2a: Arceus|39/100\n|\n|upkeep\n|turn|17\n|inactive|Time left: 300 sec this turn | 300 sec total\n|\n|t:|1783562319\n|move|p2a: Arceus|Recover|p2a: Arceus\n|-heal|p2a: Arceus|89/100\n|move|p1a: Noctowl|Hyper Voice|p2a: Arceus\n|-damage|p2a: Arceus|41/100\n|\n|upkeep\n|turn|18\n|inactive|Time left: 300 sec this turn | 300 sec total\n|\n|t:|1783562320\n|move|p2a: Arceus|Recover|p2a: Arceus\n|-heal|p2a: Arceus|91/100\n|move|p1a: Noctowl|Hurricane|p2a: Arceus\n|-damage|p2a: Arceus|35/100\n|\n|upkeep\n|turn|19\n|inactive|Time left: 300 sec this turn | 300 sec total\n|\n|t:|1783562321\n|move|p2a: Arceus|Recover|p2a: Arceus\n|-heal|p2a: Arceus|85/100\n|move|p1a: Noctowl|Hyper Voice|p2a: Arceus\n|-damage|p2a: Arceus|36/100\n|\n|upkeep\n|turn|20\n|inactive|Time left: 300 sec this turn | 300 sec total\n|\n|t:|1783562322\n|move|p2a: Arceus|Recover|p2a: Arceus\n|-heal|p2a: Arceus|86/100\n|move|p1a: Noctowl|Hyper Voice|p2a: Arceus\n|-damage|p2a: Arceus|35/100\n|\n|upkeep\n|turn|21\n|inactive|Time left: 300 sec this turn | 300 sec total\n|\n|t:|1783562323\n|move|p2a: Arceus|Recover|p2a: Arceus\n|-heal|p2a: Arceus|85/100\n|move|p1a: Noctowl|Hyper Voice|p2a: Arceus\n|-damage|p2a: Arceus|32/100\n|\n|upkeep\n|turn|22\n|inactive|Time left: 300 sec this turn | 300 sec total\n|\n|t:|1783562324\n|move|p2a: Arceus|Recover|p2a: Arceus\n|-heal|p2a: Arceus|82/100\n|move|p1a: Noctowl|Hyper Voice|p2a: Arceus\n|-damage|p2a: Arceus|30/100\n|\n|upkeep\n|turn|23\n|inactive|Time left: 300 sec this turn | 300 sec total\n|\n|t:|1783562325\n|move|p2a: Arceus|Recover|p2a: Arceus\n|-heal|p2a: Arceus|80/100\n|move|p1a: Noctowl|Hyper Voice|p2a: Arceus\n|-damage|p2a: Arceus|35/100\n|\n|upkeep\n|turn|24\n|inactive|Time left: 300 sec this turn | 300 sec total\n|\n|t:|1783562326\n|move|p2a: Arceus|Recover|p2a: Arceus\n|-heal|p2a: Arceus|85/100\n|move|p1a: Noctowl|Hyper Voice|p2a: Arceus\n|-damage|p2a: Arceus|38/100\n|\n|upkeep\n|turn|25\n|inactive|Time left: 300 sec this turn | 300 sec total\n|\n|t:|1783562328\n|move|p2a: Arceus|Body Press|p1a: Noctowl\n|-damage|p1a: Noctowl|116/344\n|move|p1a: Noctowl|Hyper Voice|p2a: Arceus\n|-damage|p2a: Arceus|0 fnt\n|faint|p2a: Arceus\n|\n|upkeep\n|\n|t:|1783562329\n|switch|p2a: Rillaboom|Rillaboom, L79, F|57/100\n|-fieldstart|move: Grassy Terrain|[from] ability: Grassy Surge|[of] p2a: Rillaboom\n|turn|26\n|inactive|Time left: 300 sec this turn | 300 sec total\n|\n|t:|1783562330\n|switch|p2a: Sinistcha|Sinistcha, L83|100/100\n|move|p1a: Noctowl|Hyper Voice|p2a: Sinistcha\n|-immune|p2a: Sinistcha\n|\n|upkeep\n|turn|27\n|inactive|Time left: 300 sec this turn | 300 sec total\n|\n|t:|1783562331\n|switch|p2a: Rillaboom|Rillaboom, L79, F|57/100\n|move|p1a: Noctowl|Hurricane|p2a: Rillaboom|[miss]\n|-miss|p1a: Noctowl|p2a: Rillaboom\n|\n|-heal|p2a: Rillaboom|64/100|[from] Grassy Terrain\n|upkeep\n|turn|28\n|inactive|Time left: 300 sec this turn | 300 sec total\n|\n|t:|1783562332\n|switch|p2a: Sinistcha|Sinistcha, L83|100/100\n|move|p1a: Noctowl|Hyper Voice|p2a: Sinistcha\n|-immune|p2a: Sinistcha\n|\n|upkeep\n|turn|29\n|inactive|Time left: 300 sec this turn | 300 sec total\n|\n|t:|1783562333\n|switch|p2a: Rillaboom|Rillaboom, L79, F|64/100\n|move|p1a: Noctowl|Hurricane|p2a: Rillaboom\n|-supereffective|p2a: Rillaboom\n|-damage|p2a: Rillaboom|0 fnt\n|faint|p2a: Rillaboom\n|\n|upkeep\n|\n|t:|1783562334\n|switch|p2a: Sinistcha|Sinistcha, L83|100/100\n|turn|30\n|inactive|Time left: 300 sec this turn | 300 sec total\n|\n|t:|1783562335\n|-terastallize|p2a: Sinistcha|Steel\n|move|p1a: Noctowl|Hurricane|p2a: Sinistcha\n|-resisted|p2a: Sinistcha\n|-damage|p2a: Sinistcha|0 fnt\n|faint|p2a: Sinistcha\n|\n|win|p0x1929113f", "uploadtime": 1783562335, "views": 0, "rating": 0, "private": 0, "password": null, "_winner": "p0x1929113f", "_our_name": "p0x1929113f"}