{"id": "battle-gen9randombattle-2666", "formatid": "gen9randombattle", "format": "[Gen 9] Random Battle", "players": ["p0x2666bfb9", "p0y26667a6c"], "log": "|init|battle\n|title|p0x2666bfb9 vs. p0y26667a6c\n|j|\u2606p0x2666bfb9\n|j|\u2606p0y26667a6c\n|t:|1783569750\n|gametype|singles\n|player|p1|p0x2666bfb9|1|\n|player|p2|p0y26667a6c|102|\n|gen|9\n|tier|[Gen 9] Random Battle\n|rule|Species Clause: Limit one of each Pok\u00e9mon\n|rule|HP Percentage Mod: HP is shown in percentages\n|rule|Sleep Clause Mod: Limit one foe put to sleep\n|rule|Illusion Level Mod: Illusion disguises the Pok\u00e9mon's true level\n|\n|t:|1783569750\n|teamsize|p1|6\n|teamsize|p2|6\n|start\n|switch|p1a: Moltres|Moltres-Galar, L79|271/271\n|switch|p2a: Mesprit|Mesprit, L85|100/100\n|turn|1\n|inactive|Battle timer is ON: inactive players will automatically lose when time's up. (requested by p0x2666bfb9)\n|inactive|p0y26667a6c also wants the timer to be on.\n|\n|t:|1783569751\n|move|p1a: Moltres|Nasty Plot|p1a: Moltres\n|-boost|p1a: Moltres|spa|2\n|move|p2a: Mesprit|Knock Off|p1a: Moltres\n|-resisted|p1a: Moltres\n|-damage|p1a: Moltres|232/271\n|-enditem|p1a: Moltres|Chesto Berry|[from] move: Knock Off|[of] p2a: Mesprit\n|\n|upkeep\n|turn|2\n|inactive|Time left: 300 sec this turn | 300 sec total\n|\n|t:|1783569753\n|-terastallize|p2a: Mesprit|Dark\n|move|p1a: Moltres|Fiery Wrath|p2a: Mesprit\n|-resisted|p2a: Mesprit\n|-damage|p2a: Mesprit|83/100\n|cant|p2a: Mesprit|flinch\n|\n|upkeep\n|turn|3\n|inactive|Time left: 300 sec this turn | 300 sec total\n|\n|t:|1783569754\n|move|p1a: Moltres|Hurricane|p2a: Mesprit|[miss]\n|-miss|p1a: Moltres|p2a: Mesprit\n|move|p2a: Mesprit|Thunderbolt|p1a: Moltres\n|-supereffective|p1a: Moltres\n|-damage|p1a: Moltres|120/271\n|-ability|p1a: Moltres|Berserk|boost\n|-boost|p1a: Moltres|spa|1\n|\n|upkeep\n|turn|4\n|inactive|Time left: 300 sec this turn | 300 sec total\n|\n|t:|1783569755\n|move|p1a: Moltres|Hurricane|p2a: Mesprit|[miss]\n|-miss|p1a: Moltres|p2a: Mesprit\n|move|p2a: Mesprit|Thunderbolt|p1a: Moltres\n|-supereffective|p1a: Moltres\n|-damage|p1a: Moltres|12/271\n|\n|upkeep\n|turn|5\n|inactive|Time left: 300 sec this turn | 300 sec total\n|\n|t:|1783569756\n|move|p1a: Moltres|Rest|p1a: Moltres\n|-status|p1a: Moltres|slp|[from] move: Rest\n|-heal|p1a: Moltres|271/271 slp|[silent]\n|move|p2a: Mesprit|Thunderbolt|p1a: Moltres\n|-supereffective|p1a: Moltres\n|-damage|p1a: Moltres|161/271 slp\n|\n|upkeep\n|turn|6\n|inactive|Time left: 300 sec this turn | 300 sec total\n|\n|t:|1783569757\n|cant|p1a: Moltres|slp\n|move|p2a: Mesprit|Thunderbolt|p1a: Moltres\n|-supereffective|p1a: Moltres\n|-crit|p1a: Moltres\n|-damage|p1a: Moltres|0 fnt\n|faint|p1a: Moltres\n|\n|upkeep\n|inactive|Time left: 300 sec this turn | 300 sec total | 5 sec grace\n|\n|t:|1783569758\n|switch|p1a: Fezandipiti|Fezandipiti, L82, M|278/278\n|turn|7\n|inactive|Time left: 300 sec this turn | 300 sec total\n|\n|t:|1783569760\n|switch|p2a: Qwilfish|Qwilfish, L86, M|100/100\n|-ability|p2a: Qwilfish|Intimidate|boost\n|-unboost|p1a: Fezandipiti|atk|1\n|move|p1a: Fezandipiti|Swords Dance|p1a: Fezandipiti\n|-boost|p1a: Fezandipiti|atk|2\n|\n|upkeep\n|turn|8\n|inactive|Time left: 300 sec this turn | 300 sec total\n|\n|t:|1783569761\n|move|p1a: Fezandipiti|Swords Dance|p1a: Fezandipiti\n|-boost|p1a: Fezandipiti|atk|2\n|move|p2a: Qwilfish|Toxic Spikes|p1a: Fezandipiti\n|-sidestart|p1: p0x2666bfb9|move: Toxic Spikes\n|\n|upkeep\n|turn|9\n|inactive|Time left: 300 sec this turn | 300 sec total\n|\n|t:|1783569762\n|move|p1a: Fezandipiti|Gunk Shot|p2a: Qwilfish\n|-resisted|p2a: Qwilfish\n|-damage|p2a: Qwilfish|47/100\n|move|p2a: Qwilfish|Toxic Spikes|p1a: Fezandipiti\n|-sidestart|p1: p0x2666bfb9|move: Toxic Spikes\n|\n|upkeep\n|turn|10\n|inactive|Time left: 300 sec this turn | 300 sec total\n|\n|t:|1783569763\n|move|p1a: Fezandipiti|Gunk Shot|p2a: Qwilfish\n|-resisted|p2a: Qwilfish\n|-damage|p2a: Qwilfish|0 fnt\n|faint|p2a: Qwilfish\n|\n|upkeep\n|\n|t:|1783569764\n|switch|p2a: Farigiraf|Farigiraf, L90, F|100/100\n|turn|11\n|inactive|Time left: 300 sec this turn | 300 sec total\n|\n|t:|1783569765\n|move|p1a: Fezandipiti|Gunk Shot|p2a: Farigiraf\n|-damage|p2a: Farigiraf|9/100\n|-status|p2a: Farigiraf|psn\n|move|p2a: Farigiraf|Body Slam|p1a: Fezandipiti\n|-damage|p1a: Fezandipiti|173/278\n|-status|p1a: Fezandipiti|par\n|\n|-heal|p2a: Farigiraf|15/100 psn|[from] item: Leftovers\n|-heal|p1a: Fezandipiti|190/278 par|[from] item: Leftovers\n|-damage|p2a: Farigiraf|2/100 psn|[from] psn\n|upkeep\n|turn|12\n|inactive|Time left: 300 sec this turn | 300 sec total\n|\n|t:|1783569766\n|move|p2a: Farigiraf|Psychic Noise|p1a: Fezandipiti\n|-supereffective|p1a: Fezandipiti\n|-damage|p1a: Fezandipiti|34/278 par\n|-start|p1a: Fezandipiti|move: Heal Block\n|move|p1a: Fezandipiti|Tera Blast|p2a: Farigiraf\n|-damage|p2a: Farigiraf|0 fnt\n|faint|p2a: Farigiraf\n|\n|upkeep\n|\n|t:|1783569768\n|switch|p2a: Mesprit|Mesprit, L85, tera:Dark|83/100\n|turn|13\n|inactive|Time left: 300 sec this turn | 300 sec total\n|\n|t:|1783569768\n|move|p2a: Mesprit|Ice Beam|p1a: Fezandipiti\n|-damage|p1a: Fezandipiti|0 fnt\n|faint|p1a: Fezandipiti\n|\n|upkeep\n|inactive|Time left: 300 sec this turn | 300 sec total | 5 sec grace\n|\n|t:|1783569770\n|switch|p1a: Torkoal|Torkoal, L88, F|266/266\n|-weather|SunnyDay|[from] ability: Drought|[of] p1a: Torkoal\n|turn|14\n|inactive|Time left: 300 sec this turn | 300 sec total\n|\n|t:|1783569771\n|move|p2a: Mesprit|Psychic Noise|p1a: Torkoal\n|-damage|p1a: Torkoal|158/266\n|-start|p1a: Torkoal|move: Heal Block\n|move|p1a: Torkoal|Lava Plume|p2a: Mesprit\n|-damage|p2a: Mesprit|58/100\n|\n|-weather|SunnyDay|[upkeep]\n|upkeep\n|turn|15\n|inactive|Time left: 300 sec this turn | 300 sec total\n|\n|t:|1783569772\n|move|p2a: Mesprit|Psychic Noise|p1a: Torkoal\n|-damage|p1a: Torkoal|50/266\n|move|p1a: Torkoal|Lava Plume|p2a: Mesprit\n|-damage|p2a: Mesprit|32/100\n|\n|-weather|SunnyDay|[upkeep]\n|-end|p1a: Torkoal|move: Heal Block\n|upkeep\n|turn|16\n|inactive|Time left: 300 sec this turn | 300 sec total\n|\n|t:|1783569773\n|move|p2a: Mesprit|Knock Off|p1a: Torkoal\n|-damage|p1a: Torkoal|0 fnt\n|-enditem|p1a: Torkoal|Heavy-Duty Boots|[from] move: Knock Off|[of] p2a: Mesprit\n|faint|p1a: Torkoal\n|\n|-weather|SunnyDay|[upkeep]\n|upkeep\n|inactive|Time left: 300 sec this turn | 300 sec total | 5 sec grace\n|\n|t:|1783569775\n|switch|p1a: Swanna|Swanna, L89, M|278/278\n|turn|17\n|inactive|Time left: 300 sec this turn | 300 sec total\n|\n|t:|1783569776\n|switch|p2a: Iron Thorns|Iron Thorns, L83|100/100\n|move|p1a: Swanna|Brave Bird|p2a: Iron Thorns\n|-resisted|p2a: Iron Thorns\n|-damage|p2a: Iron Thorns|92/100\n|-damage|p1a: Swanna|269/278|[from] Recoil\n|\n|-weather|SunnyDay|[upkeep]\n|upkeep\n|turn|18\n|inactive|Time left: 300 sec this turn | 300 sec total\n|\n|t:|1783569776\n|-terastallize|p1a: Swanna|Ground\n|move|p1a: Swanna|Hydro Pump|p2a: Iron Thorns\n|-supereffective|p2a: Iron Thorns\n|-damage|p2a: Iron Thorns|52/100\n|move|p2a: Iron Thorns|Stone Edge|p1a: Swanna|[miss]\n|-miss|p2a: Iron Thorns|p1a: Swanna\n|\n|-weather|none\n|upkeep\n|turn|19\n|inactive|Time left: 300 sec this turn | 300 sec total\n|\n|t:|1783569777\n|-end|p2a: Iron Thorns|Quark Drive|[silent]\n|switch|p2a: Noivern|Noivern, L82, M|100/100\n|move|p1a: Swanna|Hydro Pump|p2a: Noivern\n|-resisted|p2a: Noivern\n|-damage|p2a: Noivern|79/100\n|\n|upkeep\n|turn|20\n|inactive|Time left: 300 sec this turn | 300 sec total\n|\n|t:|1783569778\n|move|p2a: Noivern|Hurricane|p1a: Swanna\n|-damage|p1a: Swanna|143/278\n|-start|p1a: Swanna|confusion\n|-activate|p1a: Swanna|confusion\n|-damage|p1a: Swanna|109/278|[from] confusion\n|\n|upkeep\n|turn|21\n|inactive|Time left: 300 sec this turn | 300 sec total\n|\n|t:|1783569779\n|move|p2a: Noivern|Hurricane|p1a: Swanna\n|-damage|p1a: Swanna|0 fnt\n|faint|p1a: Swanna\n|\n|upkeep\n|inactive|Time left: 300 sec this turn | 300 sec total | 5 sec grace\n|\n|t:|1783569780\n|switch|p1a: Shiftry|Shiftry, L89, M|305/305\n|-status|p1a: Shiftry|tox\n|turn|22\n|inactive|Time left: 300 sec this turn | 300 sec total\n|\n|t:|1783569781\n|move|p2a: Noivern|Flamethrower|p1a: Shiftry\n|-supereffective|p1a: Shiftry\n|-damage|p1a: Shiftry|143/305 tox\n|move|p1a: Shiftry|Leaf Blade|p2a: Noivern\n|-resisted|p2a: Noivern\n|-damage|p2a: Noivern|65/100\n|-damage|p1a: Shiftry|113/305 tox|[from] item: Life Orb\n|\n|-damage|p1a: Shiftry|94/305 tox|[from] psn\n|upkeep\n|turn|23\n|inactive|Time left: 300 sec this turn | 300 sec total\n|\n|t:|1783569782\n|move|p2a: Noivern|Flamethrower|p1a: Shiftry\n|-supereffective|p1a: Shiftry\n|-damage|p1a: Shiftry|0 fnt\n|faint|p1a: Shiftry\n|\n|upkeep\n|inactive|Time left: 300 sec this turn | 300 sec total | 5 sec grace\n|\n|t:|1783569783\n|switch|p1a: Sandslash|Sandslash, L89, F|278/278\n|-status|p1a: Sandslash|tox\n|turn|24\n|inactive|Time left: 300 sec this turn | 300 sec total\n|\n|t:|1783569784\n|move|p2a: Noivern|Draco Meteor|p1a: Sandslash\n|-damage|p1a: Sandslash|103/278 tox\n|-unboost|p2a: Noivern|spa|2\n|move|p1a: Sandslash|Stone Edge|p2a: Noivern\n|-supereffective|p2a: Noivern\n|-damage|p2a: Noivern|0 fnt\n|faint|p2a: Noivern\n|\n|-heal|p1a: Sandslash|120/278 tox|[from] item: Leftovers\n|-damage|p1a: Sandslash|103/278 tox|[from] psn\n|upkeep\n|\n|t:|1783569785\n|switch|p2a: Volcarona|Volcarona, L77, M|100/100\n|turn|25\n|inactive|Time left: 300 sec this turn | 300 sec total\n|\n|t:|1783569786\n|move|p2a: Volcarona|Tera Blast|p1a: Sandslash\n|-damage|p1a: Sandslash|27/278 tox\n|move|p1a: Sandslash|Earthquake|p2a: Volcarona\n|-damage|p2a: Volcarona|36/100\n|\n|-heal|p1a: Sandslash|44/278 tox|[from] item: Leftovers\n|-damage|p1a: Sandslash|10/278 tox|[from] psn\n|upkeep\n|turn|26\n|inactive|Time left: 300 sec this turn | 300 sec total\n|\n|t:|1783569787\n|switch|p2a: Iron Thorns|Iron Thorns, L83|52/100\n|move|p1a: Sandslash|Swords Dance|p1a: Sandslash\n|-boost|p1a: Sandslash|atk|2\n|\n|-heal|p1a: Sandslash|27/278 tox|[from] item: Leftovers\n|-damage|p1a: Sandslash|0 fnt|[from] psn\n|faint|p1a: Sandslash\n|\n|win|p0y26667a6c", "uploadtime": 1783569787, "views": 0, "rating": 0, "private": 0, "password": null, "_winner": "p0y26667a6c", "_our_name": "p0x2666bfb9"}