{"id": "battle-gen9randombattle-258", "formatid": "gen9randombattle", "format": "[Gen 9] Random Battle", "players": ["p0x2589a03", "p0y25828f5"], "log": "|init|battle\n|title|p0x2589a03 vs. p0y25828f5\n|j|\u2606p0x2589a03\n|j|\u2606p0y25828f5\n|t:|1783536263\n|gametype|singles\n|player|p1|p0x2589a03|265|\n|player|p2|p0y25828f5|170|\n|gen|9\n|tier|[Gen 9] Random Battle\n|rule|Species Clause: Limit one of each Pok\u00e9mon\n|rule|HP Percentage Mod: HP is shown in percentages\n|rule|Sleep Clause Mod: Limit one foe put to sleep\n|rule|Illusion Level Mod: Illusion disguises the Pok\u00e9mon's true level\n|\n|t:|1783536263\n|teamsize|p1|6\n|teamsize|p2|6\n|start\n|switch|p1a: Terapagos|Terapagos, L77, F|100/100\n|switch|p2a: Serperior|Serperior, L79, F|248/248\n|-activate|p1a: Terapagos|ability: Tera Shift\n|detailschange|p1a: Terapagos|Terapagos-Terastal, L77, F\n|-heal|p1a: Terapagos|100/100|[silent]\n|turn|1\n|inactive|Battle timer is ON: inactive players will automatically lose when time's up. (requested by p0y25828f5)\n|inactive|p0x2589a03 also wants the timer to be on.\n|\n|t:|1783536264\n|move|p2a: Serperior|Leaf Storm|p1a: Terapagos\n|-activate|p1a: Terapagos|ability: Tera Shell\n|-resisted|p1a: Terapagos\n|-damage|p1a: Terapagos|79/100\n|-boost|p2a: Serperior|spa|2\n|-damage|p2a: Serperior|224/248|[from] item: Life Orb\n|move|p1a: Terapagos|Calm Mind|p1a: Terapagos\n|-boost|p1a: Terapagos|spa|1\n|-boost|p1a: Terapagos|spd|1\n|\n|upkeep\n|turn|2\n|inactive|Time left: 300 sec this turn | 300 sec total\n|\n|t:|1783536265\n|move|p2a: Serperior|Leaf Storm|p1a: Terapagos|[miss]\n|-miss|p2a: Serperior|p1a: Terapagos\n|move|p1a: Terapagos|Rapid Spin|p2a: Serperior\n|-damage|p2a: Serperior|179/248\n|-boost|p1a: Terapagos|spe|1\n|\n|upkeep\n|turn|3\n|inactive|Time left: 300 sec this turn | 300 sec total\n|\n|t:|1783536266\n|switch|p2a: Rampardos|Rampardos, L90, F|321/321\n|move|p1a: Terapagos|Tera Starstorm|p2a: Rampardos\n|-resisted|p2a: Rampardos\n|-damage|p2a: Rampardos|210/321\n|\n|upkeep\n|turn|4\n|inactive|Time left: 300 sec this turn | 300 sec total\n|\n|t:|1783536267\n|move|p1a: Terapagos|Earth Power|p2a: Rampardos\n|-supereffective|p2a: Rampardos\n|-damage|p2a: Rampardos|0 fnt\n|faint|p2a: Rampardos\n|\n|upkeep\n|inactive|Time left: 300 sec this turn | 300 sec total | 5 sec grace\n|\n|t:|1783536268\n|switch|p2a: Mandibuzz|Mandibuzz, L85, F|326/326\n|turn|5\n|inactive|Time left: 300 sec this turn | 300 sec total\n|\n|t:|1783536270\n|move|p1a: Terapagos|Tera Starstorm|p2a: Mandibuzz\n|-damage|p2a: Mandibuzz|181/326\n|move|p2a: Mandibuzz|Toxic|p1a: Terapagos|[miss]\n|-miss|p2a: Mandibuzz|p1a: Terapagos\n|\n|upkeep\n|turn|6\n|inactive|Time left: 300 sec this turn | 300 sec total\n|\n|t:|1783536271\n|move|p1a: Terapagos|Tera Starstorm|p2a: Mandibuzz\n|-damage|p2a: Mandibuzz|30/326\n|move|p2a: Mandibuzz|Roost|p2a: Mandibuzz\n|-heal|p2a: Mandibuzz|193/326\n|-singleturn|p2a: Mandibuzz|move: Roost\n|\n|upkeep\n|turn|7\n|inactive|Time left: 300 sec this turn | 300 sec total\n|\n|t:|1783536272\n|move|p1a: Terapagos|Tera Starstorm|p2a: Mandibuzz\n|-crit|p2a: Mandibuzz\n|-damage|p2a: Mandibuzz|0 fnt\n|faint|p2a: Mandibuzz\n|\n|upkeep\n|inactive|Time left: 300 sec this turn | 300 sec total | 5 sec grace\n|\n|t:|1783536273\n|switch|p2a: Scream Tail|Scream Tail, L84|330/330\n|turn|8\n|inactive|Time left: 300 sec this turn | 300 sec total\n|\n|t:|1783536274\n|move|p1a: Terapagos|Calm Mind|p1a: Terapagos\n|-boost|p1a: Terapagos|spa|1\n|-boost|p1a: Terapagos|spd|1\n|move|p2a: Scream Tail|Encore|p1a: Terapagos\n|-start|p1a: Terapagos|Encore\n|\n|upkeep\n|turn|9\n|inactive|Time left: 300 sec this turn | 300 sec total\n|\n|t:|1783536275\n|move|p1a: Terapagos|Calm Mind|p1a: Terapagos\n|-boost|p1a: Terapagos|spa|1\n|-boost|p1a: Terapagos|spd|1\n|move|p2a: Scream Tail|Play Rough|p1a: Terapagos\n|-damage|p1a: Terapagos|56/100\n|\n|upkeep\n|turn|10\n|inactive|Time left: 300 sec this turn | 300 sec total\n|\n|t:|1783536276\n|move|p1a: Terapagos|Calm Mind|p1a: Terapagos\n|-boost|p1a: Terapagos|spa|1\n|-boost|p1a: Terapagos|spd|1\n|move|p2a: Scream Tail|Play Rough|p1a: Terapagos\n|-damage|p1a: Terapagos|29/100\n|\n|upkeep\n|turn|11\n|inactive|Time left: 300 sec this turn | 300 sec total\n|\n|t:|1783536277\n|move|p1a: Terapagos|Calm Mind|p1a: Terapagos\n|-boost|p1a: Terapagos|spa|1\n|-boost|p1a: Terapagos|spd|1\n|move|p2a: Scream Tail|Encore||[still]\n|-fail|p2a: Scream Tail\n|\n|-end|p1a: Terapagos|Encore\n|upkeep\n|turn|12\n|inactive|Time left: 300 sec this turn | 300 sec total\n|\n|t:|1783536278\n|move|p2a: Scream Tail|Protect|p2a: Scream Tail\n|-singleturn|p2a: Scream Tail|Protect\n|move|p1a: Terapagos|Tera Starstorm|p2a: Scream Tail\n|-activate|p2a: Scream Tail|move: Protect\n|\n|upkeep\n|turn|13\n|inactive|Time left: 300 sec this turn | 300 sec total\n|\n|t:|1783536279\n|move|p1a: Terapagos|Tera Starstorm|p2a: Scream Tail\n|-damage|p2a: Scream Tail|12/330\n|move|p2a: Scream Tail|Play Rough|p1a: Terapagos\n|-damage|p1a: Terapagos|6/100\n|\n|-heal|p2a: Scream Tail|32/330|[from] item: Leftovers\n|upkeep\n|turn|14\n|inactive|Time left: 300 sec this turn | 300 sec total\n|\n|t:|1783536280\n|move|p2a: Scream Tail|Protect|p2a: Scream Tail\n|-singleturn|p2a: Scream Tail|Protect\n|move|p1a: Terapagos|Earth Power|p2a: Scream Tail\n|-activate|p2a: Scream Tail|move: Protect\n|\n|-heal|p2a: Scream Tail|52/330|[from] item: Leftovers\n|upkeep\n|turn|15\n|inactive|Time left: 300 sec this turn | 300 sec total\n|\n|t:|1783536281\n|move|p2a: Scream Tail|Protect||[still]\n|-fail|p2a: Scream Tail\n|move|p1a: Terapagos|Tera Starstorm|p2a: Scream Tail\n|-damage|p2a: Scream Tail|0 fnt\n|faint|p2a: Scream Tail\n|-end|p2a: Scream Tail|Protosynthesis|[silent]\n|\n|upkeep\n|inactive|Time left: 300 sec this turn | 300 sec total | 5 sec grace\n|\n|t:|1783536282\n|switch|p2a: Serperior|Serperior, L79, F|179/248\n|turn|16\n|inactive|Time left: 300 sec this turn | 300 sec total\n|\n|t:|1783536283\n|move|p1a: Terapagos|Tera Starstorm|p2a: Serperior\n|-crit|p2a: Serperior\n|-damage|p2a: Serperior|0 fnt\n|faint|p2a: Serperior\n|\n|upkeep\n|inactive|Time left: 300 sec this turn | 300 sec total | 5 sec grace\n|\n|t:|1783536284\n|switch|p2a: Gothitelle|Gothitelle, L90, M|272/272\n|turn|17\n|inactive|Time left: 300 sec this turn | 300 sec total\n|\n|t:|1783536285\n|move|p1a: Terapagos|Earth Power|p2a: Gothitelle\n|-damage|p2a: Gothitelle|126/272\n|move|p2a: Gothitelle|Thunderbolt|p1a: Terapagos\n|-damage|p1a: Terapagos|0 fnt\n|faint|p1a: Terapagos\n|\n|-heal|p2a: Gothitelle|143/272|[from] item: Leftovers\n|upkeep\n|\n|t:|1783536286\n|switch|p1a: Miraidon|Miraidon, L65|100/100\n|-fieldstart|move: Electric Terrain|[from] ability: Hadron Engine|[of] p1a: Miraidon\n|turn|18\n|inactive|Time left: 300 sec this turn | 300 sec total\n|\n|t:|1783536288\n|move|p1a: Miraidon|Electro Drift|p2a: Gothitelle\n|-crit|p2a: Gothitelle\n|-damage|p2a: Gothitelle|0 fnt\n|faint|p2a: Gothitelle\n|\n|upkeep\n|inactive|Time left: 300 sec this turn | 300 sec total | 5 sec grace\n|\n|t:|1783536289\n|switch|p2a: Pyroar|Pyroar, L88, M|295/295\n|-ability|p2a: Pyroar|Unnerve\n|turn|19\n|inactive|Time left: 300 sec this turn | 300 sec total\n|\n|t:|1783536290\n|-terastallize|p2a: Pyroar|Fire\n|-terastallize|p1a: Miraidon|Electric\n|move|p2a: Pyroar|Fire Blast|p1a: Miraidon\n|-damage|p1a: Miraidon|13/100\n|move|p1a: Miraidon|Electro Drift|p2a: Pyroar\n|-damage|p2a: Pyroar|0 fnt\n|faint|p2a: Pyroar\n|\n|win|p0x2589a03", "uploadtime": 1783536290, "views": 0, "rating": 0, "private": 0, "password": null, "_winner": "p0x2589a03", "_our_name": "p0y25828f5"}