{"id": "battle-gen9randombattle-2447", "formatid": "gen9randombattle", "format": "[Gen 9] Random Battle", "players": ["p0x244720d4", "p0y244765e2"], "log": "|init|battle\n|title|p0x244720d4 vs. p0y244765e2\n|j|\u2606p0x244720d4\n|j|\u2606p0y244765e2\n|t:|1783567388\n|gametype|singles\n|player|p1|p0x244720d4|101|\n|player|p2|p0y244765e2|266|\n|gen|9\n|tier|[Gen 9] Random Battle\n|rule|Species Clause: Limit one of each Pok\u00e9mon\n|rule|HP Percentage Mod: HP is shown in percentages\n|rule|Sleep Clause Mod: Limit one foe put to sleep\n|rule|Illusion Level Mod: Illusion disguises the Pok\u00e9mon's true level\n|\n|t:|1783567388\n|teamsize|p1|6\n|teamsize|p2|6\n|start\n|switch|p1a: Mandibuzz|Mandibuzz, L85, F|100/100\n|switch|p2a: Quaquaval|Quaquaval, L79, F|264/264\n|turn|1\n|inactive|Battle timer is ON: inactive players will automatically lose when time's up. (requested by p0x244720d4)\n|inactive|Time left: 300 sec this turn | 300 sec total | 60 sec grace\n|inactive|p0y244765e2 also wants the timer to be on.\n|\n|t:|1783567389\n|move|p1a: Mandibuzz|Brave Bird|p2a: Quaquaval\n|-supereffective|p2a: Quaquaval\n|-damage|p2a: Quaquaval|48/264\n|-damage|p1a: Mandibuzz|79/100|[from] Recoil\n|move|p2a: Quaquaval|Swords Dance|p2a: Quaquaval\n|-boost|p2a: Quaquaval|atk|2\n|\n|-heal|p2a: Quaquaval|64/264|[from] item: Leftovers\n|upkeep\n|turn|2\n|inactive|Time left: 300 sec this turn | 300 sec total\n|\n|t:|1783567390\n|switch|p2a: Overqwil|Overqwil, L82, F|274/274\n|-ability|p2a: Overqwil|Intimidate|boost\n|-unboost|p1a: Mandibuzz|atk|1\n|move|p1a: Mandibuzz|Foul Play|p2a: Overqwil\n|-resisted|p2a: Overqwil\n|-damage|p2a: Overqwil|216/274\n|\n|upkeep\n|turn|3\n|inactive|Time left: 300 sec this turn | 300 sec total\n|\n|t:|1783567391\n|move|p2a: Overqwil|Gunk Shot|p1a: Mandibuzz\n|-damage|p1a: Mandibuzz|39/100\n|move|p1a: Mandibuzz|Foul Play|p2a: Overqwil\n|-resisted|p2a: Overqwil\n|-damage|p2a: Overqwil|164/274\n|\n|upkeep\n|turn|4\n|inactive|Time left: 300 sec this turn | 300 sec total\n|\n|t:|1783567392\n|move|p2a: Overqwil|Gunk Shot|p1a: Mandibuzz|[miss]\n|-miss|p2a: Overqwil|p1a: Mandibuzz\n|move|p1a: Mandibuzz|Roost|p1a: Mandibuzz\n|-heal|p1a: Mandibuzz|89/100\n|-singleturn|p1a: Mandibuzz|move: Roost\n|\n|upkeep\n|turn|5\n|inactive|Time left: 300 sec this turn | 300 sec total\n|\n|t:|1783567393\n|switch|p1a: Quagsire|Quagsire, L84, F|100/100\n|move|p2a: Overqwil|Swords Dance|p2a: Overqwil\n|-boost|p2a: Overqwil|atk|2\n|\n|upkeep\n|turn|6\n|inactive|Time left: 300 sec this turn | 300 sec total\n|\n|t:|1783567394\n|switch|p2a: Spidops|Spidops, L96, F|271/271\n|move|p1a: Quagsire|Earthquake|p2a: Spidops\n|-resisted|p2a: Spidops\n|-damage|p2a: Spidops|229/271\n|\n|upkeep\n|turn|7\n|inactive|Time left: 300 sec this turn | 300 sec total\n|\n|t:|1783567395\n|move|p2a: Spidops|Sticky Web|p1a: Quagsire\n|-sidestart|p1: p0x244720d4|move: Sticky Web\n|move|p1a: Quagsire|Toxic|p2a: Spidops\n|-status|p2a: Spidops|tox\n|\n|-damage|p2a: Spidops|213/271 tox|[from] psn\n|upkeep\n|turn|8\n|inactive|Time left: 300 sec this turn | 300 sec total\n|\n|t:|1783567396\n|move|p2a: Spidops|U-turn|p1a: Quagsire\n|-damage|p1a: Quagsire|73/100\n|inactive|Time left: 300 sec this turn | 300 sec total | 5 sec grace\n|\n|t:|1783567397\n|switch|p2a: Sceptile|Sceptile, L87, M|264/264|[from] U-turn\n|move|p1a: Quagsire|Earthquake|p2a: Sceptile\n|-resisted|p2a: Sceptile\n|-damage|p2a: Sceptile|207/264\n|\n|-heal|p2a: Sceptile|223/264|[from] item: Leftovers\n|-heal|p1a: Quagsire|79/100|[from] item: Leftovers\n|upkeep\n|turn|9\n|inactive|Time left: 300 sec this turn | 300 sec total\n|\n|t:|1783567398\n|switch|p1a: Spidops|Spidops, L96, F|100/100\n|move|p2a: Sceptile|Giga Drain|p1a: Spidops\n|-resisted|p1a: Spidops\n|-damage|p1a: Spidops|87/100\n|-heal|p2a: Sceptile|242/264|[from] drain|[of] p1a: Spidops\n|\n|-heal|p2a: Sceptile|258/264|[from] item: Leftovers\n|upkeep\n|turn|10\n|inactive|Time left: 300 sec this turn | 300 sec total\n|\n|t:|1783567400\n|move|p2a: Sceptile|Substitute|p2a: Sceptile\n|-start|p2a: Sceptile|Substitute\n|-damage|p2a: Sceptile|192/264\n|move|p1a: Spidops|Sticky Web|p2a: Sceptile\n|-sidestart|p2: p0y244765e2|move: Sticky Web\n|\n|-heal|p2a: Sceptile|208/264|[from] item: Leftovers\n|upkeep\n|turn|11\n|inactive|Time left: 300 sec this turn | 300 sec total\n|\n|t:|1783567401\n|move|p2a: Sceptile|Leech Seed|p1a: Spidops\n|-start|p1a: Spidops|move: Leech Seed\n|move|p1a: Spidops|Knock Off|p2a: Sceptile\n|-end|p2a: Sceptile|Substitute\n|\n|-heal|p2a: Sceptile|224/264|[from] item: Leftovers\n|-damage|p1a: Spidops|75/100|[from] Leech Seed|[of] p2a: Sceptile\n|-heal|p2a: Sceptile|257/264|[silent]\n|upkeep\n|turn|12\n|inactive|Time left: 300 sec this turn | 300 sec total\n|\n|t:|1783567402\n|switch|p1a: Arboliva|Arboliva, L91, M|100/100\n|-activate|p1a: Arboliva|move: Sticky Web\n|-unboost|p1a: Arboliva|spe|1\n|move|p2a: Sceptile|Giga Drain|p1a: Arboliva\n|-resisted|p1a: Arboliva\n|-damage|p1a: Arboliva|89/100\n|-heal|p2a: Sceptile|264/264|[from] drain|[of] p1a: Arboliva\n|-fieldstart|move: Grassy Terrain|[from] ability: Seed Sower|[of] p1a: Arboliva\n|\n|-heal|p1a: Arboliva|95/100|[from] Grassy Terrain\n|-heal|p1a: Arboliva|100/100|[from] item: Leftovers\n|upkeep\n|turn|13\n|inactive|Time left: 300 sec this turn | 300 sec total\n|\n|t:|1783567403\n|move|p2a: Sceptile|Giga Drain|p1a: Arboliva\n|-resisted|p1a: Arboliva\n|-damage|p1a: Arboliva|83/100\n|move|p1a: Arboliva|Hyper Voice|p2a: Sceptile\n|-damage|p2a: Sceptile|140/264\n|\n|-heal|p2a: Sceptile|156/264|[from] Grassy Terrain\n|-heal|p2a: Sceptile|172/264|[from] item: Leftovers\n|-heal|p1a: Arboliva|89/100|[from] Grassy Terrain\n|-heal|p1a: Arboliva|96/100|[from] item: Leftovers\n|upkeep\n|turn|14\n|inactive|Time left: 300 sec this turn | 300 sec total\n|\n|t:|1783567404\n|move|p2a: Sceptile|Focus Blast|p1a: Arboliva\n|-supereffective|p1a: Arboliva\n|-damage|p1a: Arboliva|39/100\n|move|p1a: Arboliva|Hyper Voice|p2a: Sceptile\n|-damage|p2a: Sceptile|43/264\n|\n|-heal|p2a: Sceptile|59/264|[from] Grassy Terrain\n|-heal|p2a: Sceptile|75/264|[from] item: Leftovers\n|-heal|p1a: Arboliva|45/100|[from] Grassy Terrain\n|-heal|p1a: Arboliva|52/100|[from] item: Leftovers\n|upkeep\n|turn|15\n|inactive|Time left: 300 sec this turn | 300 sec total\n|\n|t:|1783567405\n|move|p2a: Sceptile|Focus Blast|p1a: Arboliva\n|-supereffective|p1a: Arboliva\n|-damage|p1a: Arboliva|0 fnt\n|faint|p1a: Arboliva\n|\n|-heal|p2a: Sceptile|91/264|[from] Grassy Terrain\n|-heal|p2a: Sceptile|107/264|[from] item: Leftovers\n|upkeep\n|\n|t:|1783567406\n|switch|p1a: Mandibuzz|Mandibuzz, L85, F|89/100\n|turn|16\n|inactive|Time left: 300 sec this turn | 300 sec total\n|\n|t:|1783567407\n|move|p2a: Sceptile|Substitute|p2a: Sceptile\n|-start|p2a: Sceptile|Substitute\n|-damage|p2a: Sceptile|41/264\n|move|p1a: Mandibuzz|Foul Play|p2a: Sceptile\n|-end|p2a: Sceptile|Substitute\n|\n|-heal|p2a: Sceptile|57/264|[from] Grassy Terrain\n|-heal|p2a: Sceptile|73/264|[from] item: Leftovers\n|-fieldend|move: Grassy Terrain\n|upkeep\n|turn|17\n|inactive|Time left: 300 sec this turn | 300 sec total\n|\n|t:|1783567408\n|move|p2a: Sceptile|Giga Drain|p1a: Mandibuzz\n|-resisted|p1a: Mandibuzz\n|-damage|p1a: Mandibuzz|71/100\n|-heal|p2a: Sceptile|102/264|[from] drain|[of] p1a: Mandibuzz\n|move|p1a: Mandibuzz|Foul Play|p2a: Sceptile\n|-damage|p2a: Sceptile|12/264\n|\n|-heal|p2a: Sceptile|28/264|[from] item: Leftovers\n|upkeep\n|turn|18\n|inactive|Time left: 300 sec this turn | 300 sec total\n|\n|t:|1783567409\n|move|p2a: Sceptile|Giga Drain|p1a: Mandibuzz\n|-resisted|p1a: Mandibuzz\n|-damage|p1a: Mandibuzz|51/100\n|-heal|p2a: Sceptile|61/264|[from] drain|[of] p1a: Mandibuzz\n|move|p1a: Mandibuzz|Brave Bird|p2a: Sceptile\n|-supereffective|p2a: Sceptile\n|-damage|p2a: Sceptile|0 fnt\n|faint|p2a: Sceptile\n|-damage|p1a: Mandibuzz|45/100|[from] Recoil\n|\n|upkeep\n|inactive|Time left: 300 sec this turn | 300 sec total | 5 sec grace\n|\n|t:|1783567410\n|switch|p2a: Misdreavus|Misdreavus, L90, M|254/254\n|turn|19\n|inactive|Time left: 300 sec this turn | 300 sec total\n|\n|t:|1783567411\n|move|p2a: Misdreavus|Calm Mind|p2a: Misdreavus\n|-boost|p2a: Misdreavus|spa|1\n|-boost|p2a: Misdreavus|spd|1\n|move|p1a: Mandibuzz|Roost|p1a: Mandibuzz\n|-heal|p1a: Mandibuzz|95/100\n|-singleturn|p1a: Mandibuzz|move: Roost\n|\n|upkeep\n|turn|20\n|inactive|Time left: 300 sec this turn | 300 sec total\n|\n|t:|1783567411\n|move|p2a: Misdreavus|Calm Mind|p2a: Misdreavus\n|-boost|p2a: Misdreavus|spa|1\n|-boost|p2a: Misdreavus|spd|1\n|move|p1a: Mandibuzz|Foul Play|p2a: Misdreavus\n|-supereffective|p2a: Misdreavus\n|-damage|p2a: Misdreavus|162/254\n|\n|upkeep\n|turn|21\n|inactive|Time left: 300 sec this turn | 300 sec total\n|\n|t:|1783567412\n|move|p2a: Misdreavus|Will-O-Wisp|p1a: Mandibuzz\n|-status|p1a: Mandibuzz|brn\n|move|p1a: Mandibuzz|Foul Play|p2a: Misdreavus\n|-supereffective|p2a: Misdreavus\n|-damage|p2a: Misdreavus|119/254\n|\n|-damage|p1a: Mandibuzz|89/100 brn|[from] brn\n|upkeep\n|turn|22\n|inactive|Time left: 300 sec this turn | 300 sec total\n|\n|t:|1783567413\n|move|p2a: Misdreavus|Draining Kiss|p1a: Mandibuzz\n|-supereffective|p1a: Mandibuzz\n|-damage|p1a: Mandibuzz|43/100 brn\n|-heal|p2a: Misdreavus|230/254|[from] drain|[of] p1a: Mandibuzz\n|move|p1a: Mandibuzz|Foul Play|p2a: Misdreavus\n|-supereffective|p2a: Misdreavus\n|-damage|p2a: Misdreavus|184/254\n|\n|-damage|p1a: Mandibuzz|37/100 brn|[from] brn\n|upkeep\n|turn|23\n|inactive|Time left: 300 sec this turn | 300 sec total\n|\n|t:|1783567414\n|move|p2a: Misdreavus|Draining Kiss|p1a: Mandibuzz\n|-supereffective|p1a: Mandibuzz\n|-damage|p1a: Mandibuzz|0 fnt\n|-heal|p2a: Misdreavus|254/254|[from] drain|[of] p1a: Mandibuzz\n|faint|p1a: Mandibuzz\n|\n|upkeep\n|\n|t:|1783567415\n|switch|p1a: Quagsire|Quagsire, L84, F|79/100\n|-activate|p1a: Quagsire|move: Sticky Web\n|-unboost|p1a: Quagsire|spe|1\n|turn|24\n|inactive|Time left: 300 sec this turn | 300 sec total\n|\n|t:|1783567416\n|move|p2a: Misdreavus|Shadow Ball|p1a: Quagsire\n|-damage|p1a: Quagsire|44/100\n|-unboost|p1a: Quagsire|spd|1\n|move|p1a: Quagsire|Toxic|p2a: Misdreavus\n|-status|p2a: Misdreavus|tox\n|\n|-heal|p1a: Quagsire|50/100|[from] item: Leftovers\n|-damage|p2a: Misdreavus|239/254 tox|[from] psn\n|upkeep\n|turn|25\n|inactive|Time left: 300 sec this turn | 300 sec total\n|\n|t:|1783567417\n|switch|p1a: Alcremie|Alcremie, L90, F|100/100\n|-activate|p1a: Alcremie|move: Sticky Web\n|-unboost|p1a: Alcremie|spe|1\n|move|p2a: Misdreavus|Shadow Ball|p1a: Alcremie\n|-damage|p1a: Alcremie|53/100\n|\n|-heal|p1a: Alcremie|59/100|[from] item: Leftovers\n|-damage|p2a: Misdreavus|209/254 tox|[from] psn\n|upkeep\n|turn|26\n|inactive|Time left: 300 sec this turn | 300 sec total\n|\n|t:|1783567418\n|move|p2a: Misdreavus|Shadow Ball|p1a: Alcremie\n|-damage|p1a: Alcremie|10/100\n|move|p1a: Alcremie|Recover|p1a: Alcremie\n|-heal|p1a: Alcremie|60/100\n|\n|-heal|p1a: Alcremie|66/100|[from] item: Leftovers\n|-damage|p2a: Misdreavus|164/254 tox|[from] psn\n|upkeep\n|turn|27\n|inactive|Time left: 300 sec this turn | 300 sec total\n|\n|t:|1783567419\n|move|p2a: Misdreavus|Shadow Ball|p1a: Alcremie\n|-damage|p1a: Alcremie|21/100\n|move|p1a: Alcremie|Recover|p1a: Alcremie\n|-heal|p1a: Alcremie|71/100\n|\n|-heal|p1a: Alcremie|77/100|[from] item: Leftovers\n|-damage|p2a: Misdreavus|104/254 tox|[from] psn\n|upkeep\n|turn|28\n|inactive|Time left: 300 sec this turn | 300 sec total\n|\n|t:|1783567420\n|move|p2a: Misdreavus|Shadow Ball|p1a: Alcremie\n|-damage|p1a: Alcremie|29/100\n|move|p1a: Alcremie|Calm Mind|p1a: Alcremie\n|-boost|p1a: Alcremie|spa|1\n|-boost|p1a: Alcremie|spd|1\n|\n|-heal|p1a: Alcremie|35/100|[from] item: Leftovers\n|-damage|p2a: Misdreavus|29/254 tox|[from] psn\n|upkeep\n|turn|29\n|inactive|Time left: 300 sec this turn | 300 sec total\n|\n|t:|1783567421\n|move|p2a: Misdreavus|Shadow Ball|p1a: Alcremie\n|-damage|p1a: Alcremie|3/100\n|move|p1a: Alcremie|Recover|p1a: Alcremie\n|-heal|p1a: Alcremie|53/100\n|\n|-heal|p1a: Alcremie|59/100|[from] item: Leftovers\n|-damage|p2a: Misdreavus|0 fnt|[from] psn\n|faint|p2a: Misdreavus\n|upkeep\n|inactive|Time left: 300 sec this turn | 300 sec total | 5 sec grace\n|\n|t:|1783567422\n|switch|p2a: Overqwil|Overqwil, L82, F|164/274\n|-activate|p2a: Overqwil|move: Sticky Web\n|-unboost|p2a: Overqwil|spe|1\n|-ability|p2a: Overqwil|Intimidate|boost\n|-unboost|p1a: Alcremie|atk|1\n|turn|30\n|inactive|Time left: 300 sec this turn | 300 sec total\n|\n|t:|1783567423\n|move|p2a: Overqwil|Gunk Shot|p1a: Alcremie\n|-supereffective|p1a: Alcremie\n|-damage|p1a: Alcremie|0 fnt\n|faint|p1a: Alcremie\n|\n|upkeep\n|\n|t:|1783567424\n|switch|p1a: Quagsire|Quagsire, L84, F|50/100\n|-activate|p1a: Quagsire|move: Sticky Web\n|-unboost|p1a: Quagsire|spe|1\n|turn|31\n|inactive|Time left: 300 sec this turn | 300 sec total\n|\n|t:|1783567425\n|move|p2a: Overqwil|Crunch|p1a: Quagsire\n|-damage|p1a: Quagsire|18/100\n|move|p1a: Quagsire|Earthquake|p2a: Overqwil\n|-supereffective|p2a: Overqwil\n|-damage|p2a: Overqwil|0 fnt\n|faint|p2a: Overqwil\n|\n|-heal|p1a: Quagsire|24/100|[from] item: Leftovers\n|upkeep\n|inactive|Time left: 300 sec this turn | 300 sec total | 5 sec grace\n|\n|t:|1783567426\n|switch|p2a: Quaquaval|Quaquaval, L79, F|64/264\n|-activate|p2a: Quaquaval|move: Sticky Web\n|-unboost|p2a: Quaquaval|spe|1\n|turn|32\n|inactive|Time left: 300 sec this turn | 300 sec total\n|\n|t:|1783567427\n|switch|p1a: Spidops|Spidops, L96, F|75/100\n|move|p2a: Quaquaval|Aqua Step|p1a: Spidops\n|-damage|p1a: Spidops|49/100\n|-boost|p2a: Quaquaval|spe|1\n|\n|-heal|p2a: Quaquaval|80/264|[from] item: Leftovers\n|upkeep\n|turn|33\n|inactive|Time left: 300 sec this turn | 300 sec total\n|\n|t:|1783567428\n|move|p2a: Quaquaval|Aqua Step|p1a: Spidops\n|-damage|p1a: Spidops|20/100\n|-boost|p2a: Quaquaval|spe|1\n|move|p1a: Spidops|Circle Throw|p2a: Quaquaval\n|-damage|p2a: Quaquaval|24/264\n|drag|p2a: Spidops|Spidops, L96, F|213/271 tox\n|\n|-damage|p2a: Spidops|197/271 tox|[from] psn\n|upkeep\n|turn|34\n|inactive|Time left: 300 sec this turn | 300 sec total\n|\n|t:|1783567429\n|move|p2a: Spidops|Knock Off|p1a: Spidops\n|-damage|p1a: Spidops|0 fnt\n|-enditem|p1a: Spidops|Heavy-Duty Boots|[from] move: Knock Off|[of] p2a: Spidops\n|faint|p1a: Spidops\n|\n|-damage|p2a: Spidops|165/271 tox|[from] psn\n|upkeep\n|\n|t:|1783567430\n|switch|p1a: Fezandipiti|Fezandipiti, L82, M|100/100\n|-activate|p1a: Fezandipiti|move: Sticky Web\n|-unboost|p1a: Fezandipiti|spe|1\n|turn|35\n|inactive|Time left: 300 sec this turn | 300 sec total\n|\n|t:|1783567431\n|move|p1a: Fezandipiti|Moonblast|p2a: Spidops\n|-damage|p2a: Spidops|99/271 tox\n|move|p2a: Spidops|U-turn|p1a: Fezandipiti\n|-resisted|p1a: Fezandipiti\n|-damage|p1a: Fezandipiti|93/100\n|inactive|Time left: 300 sec this turn | 300 sec total | 5 sec grace\n|\n|t:|1783567432\n|switch|p2a: Clawitzer|Clawitzer, L87, F|265/265|[from] U-turn\n|-activate|p2a: Clawitzer|move: Sticky Web\n|-unboost|p2a: Clawitzer|spe|1\n|\n|-heal|p1a: Fezandipiti|99/100|[from] item: Leftovers\n|upkeep\n|turn|36\n|inactive|Time left: 300 sec this turn | 300 sec total\n|\n|t:|1783567433\n|move|p1a: Fezandipiti|Gunk Shot|p2a: Clawitzer\n|-damage|p2a: Clawitzer|159/265\n|-status|p2a: Clawitzer|psn\n|move|p2a: Clawitzer|U-turn|p1a: Fezandipiti\n|-resisted|p1a: Fezandipiti\n|-damage|p1a: Fezandipiti|95/100\n|inactive|Time left: 300 sec this turn | 300 sec total | 5 sec grace\n|\n|t:|1783567434\n|switch|p2a: Spidops|Spidops, L96, F|99/271 tox|[from] U-turn\n|\n|-heal|p1a: Fezandipiti|100/100|[from] item: Leftovers\n|-damage|p2a: Spidops|83/271 tox|[from] psn\n|upkeep\n|turn|37\n|inactive|Time left: 300 sec this turn | 300 sec total\n|\n|t:|1783567435\n|move|p1a: Fezandipiti|Gunk Shot|p2a: Spidops\n|-damage|p2a: Spidops|0 fnt\n|faint|p2a: Spidops\n|\n|upkeep\n|inactive|Time left: 300 sec this turn | 300 sec total | 5 sec grace\n|\n|t:|1783567436\n|switch|p2a: Clawitzer|Clawitzer, L87, F|159/265 psn\n|-activate|p2a: Clawitzer|move: Sticky Web\n|-unboost|p2a: Clawitzer|spe|1\n|turn|38\n|inactive|Time left: 300 sec this turn | 300 sec total\n|\n|t:|1783567437\n|move|p1a: Fezandipiti|Gunk Shot|p2a: Clawitzer\n|-damage|p2a: Clawitzer|53/265 psn\n|move|p2a: Clawitzer|Water Pulse|p1a: Fezandipiti\n|-damage|p1a: Fezandipiti|69/100\n|\n|-heal|p1a: Fezandipiti|75/100|[from] item: Leftovers\n|-damage|p2a: Clawitzer|20/265 psn|[from] psn\n|upkeep\n|turn|39\n|inactive|Time left: 300 sec this turn | 300 sec total\n|\n|t:|1783567438\n|-terastallize|p1a: Fezandipiti|Dark\n|move|p1a: Fezandipiti|Moonblast|p2a: Clawitzer\n|-damage|p2a: Clawitzer|0 fnt\n|faint|p2a: Clawitzer\n|\n|-heal|p1a: Fezandipiti|81/100|[from] item: Leftovers\n|upkeep\n|inactive|Time left: 300 sec this turn | 300 sec total | 5 sec grace\n|\n|t:|1783567439\n|switch|p2a: Quaquaval|Quaquaval, L79, F|24/264\n|-activate|p2a: Quaquaval|move: Sticky Web\n|-unboost|p2a: Quaquaval|spe|1\n|turn|40\n|inactive|Time left: 300 sec this turn | 300 sec total\n|\n|t:|1783567440\n|move|p1a: Fezandipiti|Moonblast|p2a: Quaquaval\n|-supereffective|p2a: Quaquaval\n|-damage|p2a: Quaquaval|0 fnt\n|faint|p2a: Quaquaval\n|\n|win|p0x244720d4", "uploadtime": 1783567440, "views": 0, "rating": 0, "private": 0, "password": null, "_winner": "p0x244720d4", "_our_name": "p0y244765e2"}