{"id": "battle-gen9randombattle-2755", "formatid": "gen9randombattle", "format": "[Gen 9] Random Battle", "players": ["p0x27551028", "p0y2755441e"], "log": "|init|battle\n|title|p0x27551028 vs. p0y2755441e\n|j|\u2606p0x27551028\n|j|\u2606p0y2755441e\n|t:|1783571755\n|gametype|singles\n|player|p1|p0x27551028|102|\n|player|p2|p0y2755441e|266|\n|gen|9\n|tier|[Gen 9] Random Battle\n|rule|Species Clause: Limit one of each Pok\u00e9mon\n|rule|HP Percentage Mod: HP is shown in percentages\n|rule|Sleep Clause Mod: Limit one foe put to sleep\n|rule|Illusion Level Mod: Illusion disguises the Pok\u00e9mon's true level\n|\n|t:|1783571755\n|teamsize|p1|6\n|teamsize|p2|6\n|start\n|switch|p1a: Infernape|Infernape, L82, M|100/100\n|switch|p2a: Probopass|Probopass, L91, M|257/257\n|turn|1\n|inactive|Battle timer is ON: inactive players will automatically lose when time's up. (requested by p0y2755441e)\n|inactive|p0x27551028 also wants the timer to be on.\n|\n|t:|1783571757\n|switch|p2a: Diancie|Diancie, L82|216/216\n|move|p1a: Infernape|Close Combat|p2a: Diancie\n|-damage|p2a: Diancie|102/216\n|-unboost|p1a: Infernape|def|1\n|-unboost|p1a: Infernape|spd|1\n|-damage|p1a: Infernape|91/100|[from] item: Life Orb\n|\n|-heal|p2a: Diancie|115/216|[from] item: Leftovers\n|upkeep\n|turn|2\n|inactive|Time left: 300 sec this turn | 300 sec total\n|\n|t:|1783571758\n|switch|p1a: Sinistcha|Sinistcha, L83|100/100\n|move|p2a: Diancie|Diamond Storm|p1a: Sinistcha\n|-damage|p1a: Sinistcha|66/100\n|-boost|p2a: Diancie|def|2\n|\n|-heal|p1a: Sinistcha|72/100|[from] item: Leftovers\n|-heal|p2a: Diancie|128/216|[from] item: Leftovers\n|upkeep\n|turn|3\n|inactive|Time left: 300 sec this turn | 300 sec total\n|\n|t:|1783571759\n|switch|p2a: Probopass|Probopass, L91, M|257/257\n|move|p1a: Sinistcha|Matcha Gotcha|p2a: Probopass\n|-damage|p2a: Probopass|194/257\n|-heal|p1a: Sinistcha|85/100|[from] drain|[of] p2a: Probopass\n|\n|-heal|p1a: Sinistcha|91/100|[from] item: Leftovers\n|-heal|p2a: Probopass|210/257|[from] item: Leftovers\n|upkeep\n|turn|4\n|inactive|Time left: 300 sec this turn | 300 sec total\n|\n|t:|1783571761\n|move|p1a: Sinistcha|Shadow Ball|p2a: Probopass\n|-damage|p2a: Probopass|149/257\n|move|p2a: Probopass|Iron Defense|p2a: Probopass\n|-boost|p2a: Probopass|def|2\n|\n|-heal|p1a: Sinistcha|97/100|[from] item: Leftovers\n|-heal|p2a: Probopass|165/257|[from] item: Leftovers\n|upkeep\n|turn|5\n|inactive|Time left: 300 sec this turn | 300 sec total\n|\n|t:|1783571762\n|move|p1a: Sinistcha|Calm Mind|p1a: Sinistcha\n|-boost|p1a: Sinistcha|spa|1\n|-boost|p1a: Sinistcha|spd|1\n|move|p2a: Probopass|Flash Cannon|p1a: Sinistcha\n|-damage|p1a: Sinistcha|75/100\n|\n|-heal|p1a: Sinistcha|81/100|[from] item: Leftovers\n|-heal|p2a: Probopass|181/257|[from] item: Leftovers\n|upkeep\n|turn|6\n|inactive|Time left: 300 sec this turn | 300 sec total\n|\n|t:|1783571763\n|move|p1a: Sinistcha|Matcha Gotcha|p2a: Probopass\n|-damage|p2a: Probopass|91/257\n|-heal|p1a: Sinistcha|99/100|[from] drain|[of] p2a: Probopass\n|move|p2a: Probopass|Power Gem|p1a: Sinistcha\n|-damage|p1a: Sinistcha|75/100\n|\n|-heal|p1a: Sinistcha|80/100|[from] item: Leftovers\n|-heal|p2a: Probopass|107/257|[from] item: Leftovers\n|upkeep\n|turn|7\n|inactive|Time left: 300 sec this turn | 300 sec total\n|\n|t:|1783571764\n|move|p1a: Sinistcha|Shadow Ball|p2a: Probopass\n|-crit|p2a: Probopass\n|-damage|p2a: Probopass|0 fnt\n|faint|p2a: Probopass\n|\n|-heal|p1a: Sinistcha|86/100|[from] item: Leftovers\n|upkeep\n|inactive|Time left: 300 sec this turn | 300 sec total | 5 sec grace\n|\n|t:|1783571765\n|switch|p2a: Toucannon|Toucannon, L88, F|284/284\n|turn|8\n|inactive|Time left: 300 sec this turn | 300 sec total\n|\n|t:|1783571766\n|-singleturn|p2a: Toucannon|move: Beak Blast\n|move|p1a: Sinistcha|Matcha Gotcha|p2a: Toucannon|[miss]\n|-miss|p1a: Sinistcha|p2a: Toucannon\n|move|p2a: Toucannon|Beak Blast|p1a: Sinistcha\n|-supereffective|p1a: Sinistcha\n|-damage|p1a: Sinistcha|0 fnt\n|faint|p1a: Sinistcha\n|\n|upkeep\n|\n|t:|1783571767\n|switch|p1a: Klawf|Klawf, L90, F|100/100\n|turn|9\n|inactive|Time left: 300 sec this turn | 300 sec total\n|\n|t:|1783571768\n|move|p1a: Klawf|Stone Edge|p2a: Toucannon\n|-supereffective|p2a: Toucannon\n|-damage|p2a: Toucannon|0 fnt\n|faint|p2a: Toucannon\n|\n|upkeep\n|inactive|Time left: 300 sec this turn | 300 sec total | 5 sec grace\n|\n|t:|1783571769\n|switch|p2a: Diancie|Diancie, L82|128/216\n|turn|10\n|inactive|Time left: 300 sec this turn | 300 sec total\n|\n|t:|1783571769\n|move|p1a: Klawf|Swords Dance|p1a: Klawf\n|-boost|p1a: Klawf|atk|2\n|move|p2a: Diancie|Earth Power|p1a: Klawf\n|-supereffective|p1a: Klawf\n|-damage|p1a: Klawf|40/100\n|-ability|p1a: Klawf|Anger Shell|boost\n|-boost|p1a: Klawf|atk|1\n|-boost|p1a: Klawf|spa|1\n|-boost|p1a: Klawf|spe|1\n|-unboost|p1a: Klawf|def|1\n|-unboost|p1a: Klawf|spd|1\n|\n|-heal|p2a: Diancie|141/216|[from] item: Leftovers\n|upkeep\n|turn|11\n|inactive|Time left: 300 sec this turn | 300 sec total\n|\n|t:|1783571771\n|move|p1a: Klawf|Stone Edge|p2a: Diancie|[miss]\n|-miss|p1a: Klawf|p2a: Diancie\n|move|p2a: Diancie|Earth Power|p1a: Klawf\n|-supereffective|p1a: Klawf\n|-damage|p1a: Klawf|0 fnt\n|faint|p1a: Klawf\n|\n|-heal|p2a: Diancie|154/216|[from] item: Leftovers\n|upkeep\n|\n|t:|1783571771\n|switch|p1a: Regieleki|Regieleki, L79|100/100\n|turn|12\n|inactive|Time left: 300 sec this turn | 300 sec total\n|\n|t:|1783571772\n|move|p1a: Regieleki|Thunderbolt|p2a: Diancie\n|-damage|p2a: Diancie|58/216\n|move|p2a: Diancie|Draining Kiss|p1a: Regieleki\n|-crit|p1a: Regieleki\n|-damage|p1a: Regieleki|54/100\n|-heal|p2a: Diancie|147/216|[from] drain|[of] p1a: Regieleki\n|\n|-heal|p2a: Diancie|160/216|[from] item: Leftovers\n|upkeep\n|turn|13\n|inactive|Time left: 300 sec this turn | 300 sec total\n|\n|t:|1783571773\n|move|p1a: Regieleki|Volt Switch|p2a: Diancie\n|-damage|p2a: Diancie|90/216\n|\n|t:|1783571774\n|switch|p1a: Infernape|Infernape, L82, M|91/100|[from] Volt Switch\n|move|p2a: Diancie|Diamond Storm|p1a: Infernape\n|-damage|p1a: Infernape|39/100\n|\n|-heal|p2a: Diancie|103/216|[from] item: Leftovers\n|upkeep\n|turn|14\n|inactive|Time left: 300 sec this turn | 300 sec total\n|\n|t:|1783571775\n|switch|p2a: Oricorio|Oricorio-Pa'u, L87, F|272/272\n|move|p1a: Infernape|Close Combat|p2a: Oricorio\n|-resisted|p2a: Oricorio\n|-damage|p2a: Oricorio|227/272\n|-unboost|p1a: Infernape|def|1\n|-unboost|p1a: Infernape|spd|1\n|-damage|p1a: Infernape|30/100|[from] item: Life Orb\n|\n|upkeep\n|turn|15\n|inactive|Time left: 300 sec this turn | 300 sec total\n|\n|t:|1783571776\n|switch|p2a: Diancie|Diancie, L82|103/216\n|-terastallize|p1a: Infernape|Fire\n|move|p1a: Infernape|Overheat|p2a: Diancie\n|-resisted|p2a: Diancie\n|-crit|p2a: Diancie\n|-damage|p2a: Diancie|0 fnt\n|-unboost|p1a: Infernape|spa|2\n|faint|p2a: Diancie\n|-damage|p1a: Infernape|20/100|[from] item: Life Orb\n|\n|upkeep\n|inactive|Time left: 300 sec this turn | 300 sec total | 5 sec grace\n|\n|t:|1783571777\n|switch|p2a: Cinccino|Cinccino, L83, F|260/260\n|turn|16\n|inactive|Time left: 300 sec this turn | 300 sec total\n|\n|t:|1783571778\n|move|p1a: Infernape|Mach Punch|p2a: Cinccino\n|-supereffective|p2a: Cinccino\n|-damage|p2a: Cinccino|78/260\n|-damage|p1a: Infernape|11/100|[from] item: Life Orb\n|move|p2a: Cinccino|Triple Axel|p1a: Infernape\n|-resisted|p1a: Infernape\n|-damage|p1a: Infernape|3/100\n|-resisted|p1a: Infernape\n|-damage|p1a: Infernape|0 fnt\n|faint|p1a: Infernape\n|-hitcount|p1: Infernape|2\n|\n|upkeep\n|\n|t:|1783571779\n|switch|p1a: Froslass|Froslass, L87, F|100/100\n|turn|17\n|inactive|Time left: 300 sec this turn | 300 sec total\n|\n|t:|1783571779\n|switch|p2a: Glalie|Glalie, L96, M|309/309\n|move|p1a: Froslass|Triple Axel|p2a: Glalie\n|-resisted|p2a: Glalie\n|-damage|p2a: Glalie|298/309\n|-resisted|p2a: Glalie\n|-damage|p2a: Glalie|280/309\n|-resisted|p2a: Glalie\n|-damage|p2a: Glalie|254/309\n|-hitcount|p2a: Glalie|3\n|\n|upkeep\n|turn|18\n|inactive|Time left: 300 sec this turn | 300 sec total\n|\n|t:|1783571780\n|move|p1a: Froslass|Poltergeist|p2a: Glalie\n|-activate|p2a: Glalie|move: Poltergeist|Heavy-Duty Boots\n|-damage|p2a: Glalie|157/309\n|move|p2a: Glalie|Earthquake|p1a: Froslass\n|-damage|p1a: Froslass|64/100\n|\n|upkeep\n|turn|19\n|inactive|Time left: 300 sec this turn | 300 sec total\n|\n|t:|1783571781\n|move|p1a: Froslass|Poltergeist|p2a: Glalie\n|-activate|p2a: Glalie|move: Poltergeist|Heavy-Duty Boots\n|-damage|p2a: Glalie|57/309\n|move|p2a: Glalie|Earthquake|p1a: Froslass\n|-damage|p1a: Froslass|31/100\n|-start|p2a: Glalie|Disable|Earthquake|[from] ability: Cursed Body|[of] p1a: Froslass\n|\n|upkeep\n|turn|20\n|inactive|Time left: 300 sec this turn | 300 sec total\n|\n|t:|1783571783\n|move|p1a: Froslass|Poltergeist|p2a: Glalie\n|-activate|p2a: Glalie|move: Poltergeist|Heavy-Duty Boots\n|-damage|p2a: Glalie|0 fnt\n|faint|p2a: Glalie\n|\n|upkeep\n|inactive|Time left: 300 sec this turn | 300 sec total | 5 sec grace\n|\n|t:|1783571784\n|switch|p2a: Oricorio|Oricorio-Pa'u, L87, F|227/272\n|turn|21\n|inactive|Time left: 300 sec this turn | 300 sec total\n|\n|t:|1783571784\n|-terastallize|p2a: Oricorio|Fighting\n|move|p1a: Froslass|Triple Axel|p2a: Oricorio\n|-damage|p2a: Oricorio|203/272\n|-damage|p2a: Oricorio|154/272\n|-damage|p2a: Oricorio|87/272\n|-hitcount|p2a: Oricorio|3\n|move|p2a: Oricorio|Quiver Dance|p2a: Oricorio\n|-boost|p2a: Oricorio|spa|1\n|-boost|p2a: Oricorio|spd|1\n|-boost|p2a: Oricorio|spe|1\n|\n|upkeep\n|turn|22\n|inactive|Time left: 300 sec this turn | 300 sec total\n|\n|t:|1783571785\n|move|p2a: Oricorio|Roost|p2a: Oricorio\n|-heal|p2a: Oricorio|223/272\n|move|p1a: Froslass|Triple Axel|p2a: Oricorio\n|-damage|p2a: Oricorio|199/272\n|-damage|p2a: Oricorio|153/272\n|-damage|p2a: Oricorio|84/272\n|-hitcount|p2a: Oricorio|3\n|\n|upkeep\n|turn|23\n|inactive|Time left: 300 sec this turn | 300 sec total\n|\n|t:|1783571786\n|move|p2a: Oricorio|Roost|p2a: Oricorio\n|-heal|p2a: Oricorio|220/272\n|move|p1a: Froslass|Triple Axel|p2a: Oricorio\n|-damage|p2a: Oricorio|199/272\n|-damage|p2a: Oricorio|157/272\n|-damage|p2a: Oricorio|87/272\n|-hitcount|p2a: Oricorio|3\n|\n|upkeep\n|turn|24\n|inactive|Time left: 300 sec this turn | 300 sec total\n|\n|t:|1783571788\n|move|p2a: Oricorio|Roost|p2a: Oricorio\n|-heal|p2a: Oricorio|223/272\n|move|p1a: Froslass|Triple Axel|p2a: Oricorio\n|-damage|p2a: Oricorio|199/272\n|-damage|p2a: Oricorio|156/272\n|-damage|p2a: Oricorio|87/272\n|-hitcount|p2a: Oricorio|3\n|\n|upkeep\n|turn|25\n|inactive|Time left: 300 sec this turn | 300 sec total\n|\n|t:|1783571789\n|move|p2a: Oricorio|Roost|p2a: Oricorio\n|-heal|p2a: Oricorio|223/272\n|move|p1a: Froslass|Triple Axel|p2a: Oricorio\n|-damage|p2a: Oricorio|199/272\n|-damage|p2a: Oricorio|153/272\n|-damage|p2a: Oricorio|83/272\n|-hitcount|p2a: Oricorio|3\n|\n|upkeep\n|turn|26\n|inactive|Time left: 300 sec this turn | 300 sec total\n|\n|t:|1783571790\n|move|p2a: Oricorio|Roost|p2a: Oricorio\n|-heal|p2a: Oricorio|219/272\n|move|p1a: Froslass|Triple Axel|p2a: Oricorio\n|-damage|p2a: Oricorio|197/272\n|-damage|p2a: Oricorio|149/272\n|-damage|p2a: Oricorio|79/272\n|-hitcount|p2a: Oricorio|3\n|\n|upkeep\n|turn|27\n|inactive|Time left: 300 sec this turn | 300 sec total\n|\n|t:|1783571791\n|move|p2a: Oricorio|Roost|p2a: Oricorio\n|-heal|p2a: Oricorio|215/272\n|move|p1a: Froslass|Triple Axel|p2a: Oricorio\n|-damage|p2a: Oricorio|193/272\n|-damage|p2a: Oricorio|145/272\n|-crit|p2a: Oricorio\n|-damage|p2a: Oricorio|39/272\n|-hitcount|p2a: Oricorio|3\n|\n|upkeep\n|turn|28\n|inactive|Time left: 300 sec this turn | 300 sec total\n|\n|t:|1783571792\n|move|p2a: Oricorio|Roost|p2a: Oricorio\n|-heal|p2a: Oricorio|175/272\n|move|p1a: Froslass|Triple Axel|p2a: Oricorio\n|-damage|p2a: Oricorio|154/272\n|-damage|p2a: Oricorio|105/272\n|-damage|p2a: Oricorio|32/272\n|-hitcount|p2a: Oricorio|3\n|\n|upkeep\n|turn|29\n|inactive|Time left: 300 sec this turn | 300 sec total\n|\n|t:|1783571793\n|move|p2a: Oricorio|Roost|p2a: Oricorio\n|-heal|p2a: Oricorio|168/272\n|move|p1a: Froslass|Triple Axel|p2a: Oricorio\n|-damage|p2a: Oricorio|146/272\n|-damage|p2a: Oricorio|104/272\n|-damage|p2a: Oricorio|41/272\n|-hitcount|p2a: Oricorio|3\n|\n|upkeep\n|turn|30\n|inactive|Time left: 300 sec this turn | 300 sec total\n|\n|t:|1783571794\n|move|p2a: Oricorio|Hurricane|p1a: Froslass\n|-damage|p1a: Froslass|0 fnt\n|-start|p2a: Oricorio|Disable|Hurricane|[from] ability: Cursed Body|[of] p1a: Froslass\n|faint|p1a: Froslass\n|\n|upkeep\n|\n|t:|1783571794\n|switch|p1a: Regieleki|Regieleki, L79|54/100\n|turn|31\n|inactive|Time left: 300 sec this turn | 300 sec total\n|\n|t:|1783571795\n|switch|p2a: Cinccino|Cinccino, L83, F|78/260\n|move|p1a: Regieleki|Thunderbolt|p2a: Cinccino\n|-damage|p2a: Cinccino|0 fnt\n|faint|p2a: Cinccino\n|\n|upkeep\n|inactive|Time left: 300 sec this turn | 300 sec total | 5 sec grace\n|\n|t:|1783571796\n|switch|p2a: Oricorio|Oricorio-Pa'u, L87, F, tera:Fighting|41/272\n|turn|32\n|inactive|Time left: 300 sec this turn | 300 sec total\n|\n|t:|1783571797\n|move|p1a: Regieleki|Thunderbolt|p2a: Oricorio\n|-damage|p2a: Oricorio|0 fnt\n|faint|p2a: Oricorio\n|\n|win|p0x27551028", "uploadtime": 1783571797, "views": 0, "rating": 0, "private": 0, "password": null, "_winner": "p0x27551028", "_our_name": "p0y2755441e"}