{"id": "battle-gen9randombattle-1131", "formatid": "gen9randombattle", "format": "[Gen 9] Random Battle", "players": ["p0x113126bc", "p0y1131a9be"], "log": "|init|battle\n|title|p0x113126bc vs. p0y1131a9be\n|j|\u2606p0x113126bc\n|j|\u2606p0y1131a9be\n|t:|1783553089\n|gametype|singles\n|player|p1|p0x113126bc|1|\n|player|p2|p0y1131a9be|2|\n|gen|9\n|tier|[Gen 9] Random Battle\n|rule|Species Clause: Limit one of each Pok\u00e9mon\n|rule|HP Percentage Mod: HP is shown in percentages\n|rule|Sleep Clause Mod: Limit one foe put to sleep\n|rule|Illusion Level Mod: Illusion disguises the Pok\u00e9mon's true level\n|\n|t:|1783553089\n|teamsize|p1|6\n|teamsize|p2|6\n|start\n|switch|p1a: Wyrdeer|Wyrdeer, L87, M|100/100\n|switch|p2a: Tropius|Tropius, L91, F|328/328\n|-ability|p1a: Wyrdeer|Intimidate|boost\n|-unboost|p2a: Tropius|atk|1\n|turn|1\n|inactive|Battle timer is ON: inactive players will automatically lose when time's up. (requested by p0x113126bc)\n|inactive|Time left: 300 sec this turn | 300 sec total | 60 sec grace\n|inactive|p0y1131a9be also wants the timer to be on.\n|\n|t:|1783553090\n|move|p1a: Wyrdeer|Psychic Noise|p2a: Tropius\n|-damage|p2a: Tropius|240/328\n|-start|p2a: Tropius|move: Heal Block\n|move|p2a: Tropius|Dragon Dance|p2a: Tropius\n|-boost|p2a: Tropius|atk|1\n|-boost|p2a: Tropius|spe|1\n|\n|upkeep\n|turn|2\n|inactive|Time left: 300 sec this turn | 300 sec total\n|\n|t:|1783553091\n|move|p2a: Tropius|Dragon Dance|p2a: Tropius\n|-boost|p2a: Tropius|atk|1\n|-boost|p2a: Tropius|spe|1\n|move|p1a: Wyrdeer|Body Slam|p2a: Tropius\n|-damage|p2a: Tropius|150/328\n|\n|-end|p2a: Tropius|move: Heal Block\n|upkeep\n|-enditem|p2a: Tropius|Sitrus Berry|[eat]\n|-heal|p2a: Tropius|232/328|[from] item: Sitrus Berry\n|turn|3\n|inactive|Time left: 300 sec this turn | 300 sec total\n|\n|t:|1783553092\n|move|p2a: Tropius|Dragon Dance|p2a: Tropius\n|-boost|p2a: Tropius|atk|1\n|-boost|p2a: Tropius|spe|1\n|move|p1a: Wyrdeer|Body Slam|p2a: Tropius\n|-damage|p2a: Tropius|127/328\n|\n|-item|p2a: Tropius|Sitrus Berry|[from] ability: Harvest\n|upkeep\n|-enditem|p2a: Tropius|Sitrus Berry|[eat]\n|-heal|p2a: Tropius|209/328|[from] item: Sitrus Berry\n|turn|4\n|inactive|Time left: 300 sec this turn | 300 sec total\n|\n|t:|1783553093\n|move|p2a: Tropius|Dual Wingbeat|p1a: Wyrdeer\n|-damage|p1a: Wyrdeer|74/100\n|-damage|p1a: Wyrdeer|49/100\n|-hitcount|p1a: Wyrdeer|2\n|move|p1a: Wyrdeer|Body Slam|p2a: Tropius\n|-damage|p2a: Tropius|112/328\n|\n|-heal|p1a: Wyrdeer|55/100|[from] item: Leftovers\n|-item|p2a: Tropius|Sitrus Berry|[from] ability: Harvest\n|upkeep\n|-enditem|p2a: Tropius|Sitrus Berry|[eat]\n|-heal|p2a: Tropius|194/328|[from] item: Sitrus Berry\n|turn|5\n|inactive|Time left: 300 sec this turn | 300 sec total\n|\n|t:|1783553095\n|move|p2a: Tropius|Dual Wingbeat|p1a: Wyrdeer\n|-damage|p1a: Wyrdeer|30/100\n|-damage|p1a: Wyrdeer|5/100\n|-hitcount|p1a: Wyrdeer|2\n|move|p1a: Wyrdeer|Body Slam|p2a: Tropius\n|-damage|p2a: Tropius|88/328\n|-status|p2a: Tropius|par\n|\n|-heal|p1a: Wyrdeer|11/100|[from] item: Leftovers\n|upkeep\n|turn|6\n|inactive|Time left: 300 sec this turn | 300 sec total\n|\n|t:|1783553096\n|cant|p2a: Tropius|par\n|move|p1a: Wyrdeer|Body Slam|p2a: Tropius\n|-damage|p2a: Tropius|0 fnt\n|faint|p2a: Tropius\n|\n|-heal|p1a: Wyrdeer|17/100|[from] item: Leftovers\n|upkeep\n|inactive|Time left: 300 sec this turn | 300 sec total | 5 sec grace\n|\n|t:|1783553097\n|switch|p2a: Groudon|Groudon, L72|263/263\n|-weather|SunnyDay|[from] ability: Drought|[of] p2a: Groudon\n|turn|7\n|inactive|Time left: 300 sec this turn | 300 sec total\n|\n|t:|1783553098\n|switch|p1a: Walking Wake|Walking Wake, L79|100/100\n|-activate|p1a: Walking Wake|ability: Protosynthesis\n|-start|p1a: Walking Wake|protosynthesisspa\n|move|p2a: Groudon|Heat Crash|p1a: Walking Wake\n|-resisted|p1a: Walking Wake\n|-damage|p1a: Walking Wake|92/100\n|\n|-weather|SunnyDay|[upkeep]\n|upkeep\n|turn|8\n|inactive|Time left: 300 sec this turn | 300 sec total\n|\n|t:|1783553099\n|switch|p2a: Cramorant|Cramorant, L86, F|261/261\n|move|p1a: Walking Wake|Draco Meteor|p2a: Cramorant|[miss]\n|-miss|p1a: Walking Wake|p2a: Cramorant\n|\n|-weather|SunnyDay|[upkeep]\n|upkeep\n|turn|9\n|inactive|Time left: 300 sec this turn | 300 sec total\n|\n|t:|1783553101\n|switch|p2a: Comfey|Comfey, L85, M|225/225\n|move|p1a: Walking Wake|Draco Meteor|p2a: Comfey\n|-immune|p2a: Comfey\n|\n|-weather|SunnyDay|[upkeep]\n|upkeep\n|turn|10\n|inactive|Time left: 300 sec this turn | 300 sec total\n|\n|t:|1783553102\n|-end|p1a: Walking Wake|Protosynthesis|[silent]\n|switch|p1a: Flutter Mane|Flutter Mane, L74|100/100\n|-activate|p1a: Flutter Mane|ability: Protosynthesis\n|-start|p1a: Flutter Mane|protosynthesisspa\n|move|p2a: Comfey|Calm Mind|p2a: Comfey\n|-boost|p2a: Comfey|spa|1\n|-boost|p2a: Comfey|spd|1\n|\n|-weather|SunnyDay|[upkeep]\n|upkeep\n|turn|11\n|inactive|Time left: 300 sec this turn | 300 sec total\n|\n|t:|1783553103\n|move|p1a: Flutter Mane|Mystical Fire|p2a: Comfey\n|-damage|p2a: Comfey|139/225\n|-unboost|p2a: Comfey|spa|1\n|move|p2a: Comfey|Calm Mind|p2a: Comfey\n|-boost|p2a: Comfey|spa|1\n|-boost|p2a: Comfey|spd|1\n|\n|-weather|none\n|-end|p1a: Flutter Mane|Protosynthesis\n|-heal|p2a: Comfey|153/225|[from] item: Leftovers\n|upkeep\n|turn|12\n|inactive|Time left: 300 sec this turn | 300 sec total\n|\n|t:|1783553104\n|move|p2a: Comfey|Draining Kiss|p1a: Flutter Mane\n|-damage|p1a: Flutter Mane|72/100\n|-heal|p2a: Comfey|196/225|[from] drain|[of] p1a: Flutter Mane\n|move|p1a: Flutter Mane|Mystical Fire|p2a: Comfey\n|-damage|p2a: Comfey|161/225\n|-unboost|p2a: Comfey|spa|1\n|\n|-heal|p2a: Comfey|175/225|[from] item: Leftovers\n|upkeep\n|turn|13\n|inactive|Time left: 300 sec this turn | 300 sec total\n|\n|t:|1783553105\n|move|p1a: Flutter Mane|Mystical Fire|p2a: Comfey\n|-damage|p2a: Comfey|142/225\n|-unboost|p2a: Comfey|spa|1\n|move|p2a: Comfey|Calm Mind|p2a: Comfey\n|-boost|p2a: Comfey|spa|1\n|-boost|p2a: Comfey|spd|1\n|\n|-heal|p2a: Comfey|156/225|[from] item: Leftovers\n|upkeep\n|turn|14\n|inactive|Time left: 300 sec this turn | 300 sec total\n|\n|t:|1783553107\n|move|p1a: Flutter Mane|Mystical Fire|p2a: Comfey\n|-crit|p2a: Comfey\n|-damage|p2a: Comfey|55/225\n|-unboost|p2a: Comfey|spa|1\n|move|p2a: Comfey|Calm Mind|p2a: Comfey\n|-boost|p2a: Comfey|spa|1\n|-boost|p2a: Comfey|spd|1\n|\n|-heal|p2a: Comfey|69/225|[from] item: Leftovers\n|upkeep\n|turn|15\n|inactive|Time left: 300 sec this turn | 300 sec total\n|\n|t:|1783553108\n|move|p1a: Flutter Mane|Mystical Fire|p2a: Comfey\n|-damage|p2a: Comfey|46/225\n|-unboost|p2a: Comfey|spa|1\n|move|p2a: Comfey|Calm Mind|p2a: Comfey\n|-boost|p2a: Comfey|spa|1\n|-boost|p2a: Comfey|spd|1\n|\n|-heal|p2a: Comfey|60/225|[from] item: Leftovers\n|upkeep\n|turn|16\n|inactive|Time left: 300 sec this turn | 300 sec total\n|\n|t:|1783553109\n|move|p1a: Flutter Mane|Mystical Fire|p2a: Comfey\n|-damage|p2a: Comfey|39/225\n|-unboost|p2a: Comfey|spa|1\n|move|p2a: Comfey|Calm Mind|p2a: Comfey\n|-boost|p2a: Comfey|spa|1\n|-boost|p2a: Comfey|spd|1\n|\n|-heal|p2a: Comfey|53/225|[from] item: Leftovers\n|upkeep\n|turn|17\n|inactive|Time left: 300 sec this turn | 300 sec total\n|\n|t:|1783553110\n|move|p2a: Comfey|Draining Kiss|p1a: Flutter Mane\n|-damage|p1a: Flutter Mane|54/100\n|-heal|p2a: Comfey|81/225|[from] drain|[of] p1a: Flutter Mane\n|move|p1a: Flutter Mane|Mystical Fire|p2a: Comfey\n|-damage|p2a: Comfey|64/225\n|-unboost|p2a: Comfey|spa|1\n|\n|-heal|p2a: Comfey|78/225|[from] item: Leftovers\n|upkeep\n|turn|18\n|inactive|Time left: 300 sec this turn | 300 sec total\n|\n|t:|1783553111\n|move|p1a: Flutter Mane|Mystical Fire|p2a: Comfey\n|-damage|p2a: Comfey|61/225\n|-unboost|p2a: Comfey|spa|1\n|move|p2a: Comfey|Calm Mind|p2a: Comfey\n|-boost|p2a: Comfey|spa|1\n|-boost|p2a: Comfey|spd|0\n|\n|-heal|p2a: Comfey|75/225|[from] item: Leftovers\n|upkeep\n|turn|19\n|inactive|Time left: 300 sec this turn | 300 sec total\n|\n|t:|1783553112\n|move|p1a: Flutter Mane|Mystical Fire|p2a: Comfey\n|-damage|p2a: Comfey|57/225\n|-unboost|p2a: Comfey|spa|1\n|move|p2a: Comfey|Calm Mind|p2a: Comfey\n|-boost|p2a: Comfey|spa|1\n|-boost|p2a: Comfey|spd|0\n|\n|-heal|p2a: Comfey|71/225|[from] item: Leftovers\n|upkeep\n|turn|20\n|inactive|Time left: 300 sec this turn | 300 sec total\n|\n|t:|1783553113\n|move|p1a: Flutter Mane|Mystical Fire|p2a: Comfey\n|-damage|p2a: Comfey|54/225\n|-unboost|p2a: Comfey|spa|1\n|move|p2a: Comfey|Calm Mind|p2a: Comfey\n|-boost|p2a: Comfey|spa|1\n|-boost|p2a: Comfey|spd|0\n|\n|-heal|p2a: Comfey|68/225|[from] item: Leftovers\n|upkeep\n|turn|21\n|inactive|Time left: 300 sec this turn | 300 sec total\n|\n|t:|1783553114\n|move|p2a: Comfey|Draining Kiss|p1a: Flutter Mane\n|-damage|p1a: Flutter Mane|42/100\n|-heal|p2a: Comfey|87/225|[from] drain|[of] p1a: Flutter Mane\n|move|p1a: Flutter Mane|Mystical Fire|p2a: Comfey\n|-damage|p2a: Comfey|70/225\n|-unboost|p2a: Comfey|spa|1\n|\n|-heal|p2a: Comfey|84/225|[from] item: Leftovers\n|upkeep\n|turn|22\n|inactive|Time left: 300 sec this turn | 300 sec total\n|\n|t:|1783553115\n|move|p2a: Comfey|Draining Kiss|p1a: Flutter Mane\n|-damage|p1a: Flutter Mane|33/100\n|-heal|p2a: Comfey|98/225|[from] drain|[of] p1a: Flutter Mane\n|move|p1a: Flutter Mane|Mystical Fire|p2a: Comfey\n|-crit|p2a: Comfey\n|-damage|p2a: Comfey|3/225\n|-unboost|p2a: Comfey|spa|1\n|\n|-heal|p2a: Comfey|17/225|[from] item: Leftovers\n|upkeep\n|turn|23\n|inactive|Time left: 300 sec this turn | 300 sec total\n|\n|t:|1783553117\n|move|p2a: Comfey|Draining Kiss|p1a: Flutter Mane\n|-damage|p1a: Flutter Mane|24/100\n|-heal|p2a: Comfey|31/225|[from] drain|[of] p1a: Flutter Mane\n|move|p1a: Flutter Mane|Mystical Fire|p2a: Comfey\n|-damage|p2a: Comfey|15/225\n|-unboost|p2a: Comfey|spa|1\n|\n|-heal|p2a: Comfey|29/225|[from] item: Leftovers\n|upkeep\n|turn|24\n|inactive|Time left: 300 sec this turn | 300 sec total\n|\n|t:|1783553118\n|move|p2a: Comfey|Draining Kiss|p1a: Flutter Mane\n|-damage|p1a: Flutter Mane|17/100\n|-heal|p2a: Comfey|39/225|[from] drain|[of] p1a: Flutter Mane\n|move|p1a: Flutter Mane|Mystical Fire|p2a: Comfey\n|-damage|p2a: Comfey|23/225\n|-unboost|p2a: Comfey|spa|1\n|\n|-heal|p2a: Comfey|37/225|[from] item: Leftovers\n|upkeep\n|turn|25\n|inactive|Time left: 300 sec this turn | 300 sec total\n|\n|t:|1783553119\n|move|p1a: Flutter Mane|Mystical Fire|p2a: Comfey\n|-damage|p2a: Comfey|21/225\n|-unboost|p2a: Comfey|spa|1\n|move|p2a: Comfey|Stored Power|p1a: Flutter Mane\n|-damage|p1a: Flutter Mane|8/100\n|\n|-heal|p2a: Comfey|35/225|[from] item: Leftovers\n|upkeep\n|turn|26\n|inactive|Time left: 300 sec this turn | 300 sec total\n|\n|t:|1783553120\n|switch|p2a: Electrode|Electrode, L92|260/260\n|move|p1a: Flutter Mane|Mystical Fire|p2a: Electrode\n|-damage|p2a: Electrode|187/260\n|-unboost|p2a: Electrode|spa|1\n|\n|upkeep\n|turn|27\n|inactive|Time left: 300 sec this turn | 300 sec total\n|\n|t:|1783553121\n|-end|p1a: Flutter Mane|Protosynthesis|[silent]\n|switch|p1a: Porygon-Z|Porygon-Z, L83|100/100\n|move|p2a: Electrode|Volt Switch|p1a: Porygon-Z\n|-damage|p1a: Porygon-Z|80/100\n|inactive|Time left: 300 sec this turn | 300 sec total | 5 sec grace\n|\n|t:|1783553121\n|switch|p2a: Golurk|Golurk, L87|297/297|[from] Volt Switch\n|\n|upkeep\n|turn|28\n|inactive|Time left: 300 sec this turn | 300 sec total\n|\n|t:|1783553122\n|move|p1a: Porygon-Z|Shadow Ball|p2a: Golurk\n|-supereffective|p2a: Golurk\n|-damage|p2a: Golurk|112/297\n|-damage|p1a: Porygon-Z|70/100|[from] item: Life Orb\n|move|p2a: Golurk|Earthquake|p1a: Porygon-Z\n|-damage|p1a: Porygon-Z|0 fnt\n|faint|p1a: Porygon-Z\n|-damage|p2a: Golurk|83/297|[from] item: Life Orb\n|\n|upkeep\n|\n|t:|1783553123\n|switch|p1a: Flutter Mane|Flutter Mane, L74|8/100\n|turn|29\n|inactive|Time left: 300 sec this turn | 300 sec total\n|\n|t:|1783553124\n|switch|p2a: Electrode|Electrode, L92|187/260\n|move|p1a: Flutter Mane|Moonblast|p2a: Electrode\n|-damage|p2a: Electrode|30/260\n|\n|upkeep\n|turn|30\n|inactive|Time left: 300 sec this turn | 300 sec total\n|\n|t:|1783553125\n|move|p2a: Electrode|Thunderbolt|p1a: Flutter Mane\n|-damage|p1a: Flutter Mane|0 fnt\n|faint|p1a: Flutter Mane\n|-end|p1a: Flutter Mane|Protosynthesis|[silent]\n|\n|upkeep\n|\n|t:|1783553126\n|switch|p1a: Walking Wake|Walking Wake, L79|92/100\n|turn|31\n|inactive|Time left: 300 sec this turn | 300 sec total\n|\n|t:|1783553127\n|move|p2a: Electrode|Thunderbolt|p1a: Walking Wake\n|-damage|p1a: Walking Wake|57/100\n|move|p1a: Walking Wake|Flamethrower|p2a: Electrode\n|-damage|p2a: Electrode|0 fnt\n|faint|p2a: Electrode\n|\n|upkeep\n|inactive|Time left: 300 sec this turn | 300 sec total | 5 sec grace\n|\n|t:|1783553128\n|switch|p2a: Comfey|Comfey, L85, M|35/225\n|turn|32\n|inactive|Time left: 300 sec this turn | 300 sec total\n|\n|t:|1783553128\n|move|p2a: Comfey|Draining Kiss|p1a: Walking Wake\n|-supereffective|p1a: Walking Wake\n|-damage|p1a: Walking Wake|19/100\n|-heal|p2a: Comfey|116/225|[from] drain|[of] p1a: Walking Wake\n|move|p1a: Walking Wake|Flamethrower|p2a: Comfey\n|-damage|p2a: Comfey|32/225\n|\n|-heal|p2a: Comfey|46/225|[from] item: Leftovers\n|upkeep\n|turn|33\n|inactive|Time left: 300 sec this turn | 300 sec total\n|\n|t:|1783553130\n|-end|p1a: Walking Wake|Protosynthesis|[silent]\n|switch|p1a: Jirachi|Jirachi, L80|100/100\n|move|p2a: Comfey|Draining Kiss|p1a: Jirachi\n|-resisted|p1a: Jirachi\n|-damage|p1a: Jirachi|92/100\n|-heal|p2a: Comfey|64/225|[from] drain|[of] p1a: Jirachi\n|\n|-heal|p2a: Comfey|78/225|[from] item: Leftovers\n|-heal|p1a: Jirachi|98/100|[from] item: Leftovers\n|upkeep\n|turn|34\n|inactive|Time left: 300 sec this turn | 300 sec total\n|\n|t:|1783553131\n|switch|p2a: Groudon|Groudon, L72|263/263\n|-weather|SunnyDay|[from] ability: Drought|[of] p2a: Groudon\n|move|p1a: Jirachi|Iron Head|p2a: Groudon\n|-damage|p2a: Groudon|203/263\n|\n|-weather|SunnyDay|[upkeep]\n|-heal|p1a: Jirachi|100/100|[from] item: Leftovers\n|-heal|p2a: Groudon|219/263|[from] item: Leftovers\n|upkeep\n|turn|35\n|inactive|Time left: 300 sec this turn | 300 sec total\n|\n|t:|1783553132\n|move|p1a: Jirachi|Iron Head|p2a: Groudon\n|-damage|p2a: Groudon|152/263\n|move|p2a: Groudon|Precipice Blades|p1a: Jirachi\n|-supereffective|p1a: Jirachi\n|-damage|p1a: Jirachi|17/100\n|\n|-weather|SunnyDay|[upkeep]\n|-heal|p1a: Jirachi|24/100|[from] item: Leftovers\n|-heal|p2a: Groudon|168/263|[from] item: Leftovers\n|upkeep\n|turn|36\n|inactive|Time left: 300 sec this turn | 300 sec total\n|\n|t:|1783553133\n|move|p1a: Jirachi|Psychic|p2a: Groudon\n|-damage|p2a: Groudon|65/263\n|move|p2a: Groudon|Precipice Blades|p1a: Jirachi\n|-supereffective|p1a: Jirachi\n|-damage|p1a: Jirachi|0 fnt\n|faint|p1a: Jirachi\n|\n|-weather|SunnyDay|[upkeep]\n|-heal|p2a: Groudon|81/263|[from] item: Leftovers\n|upkeep\n|\n|t:|1783553134\n|switch|p1a: Walking Wake|Walking Wake, L79|19/100\n|-activate|p1a: Walking Wake|ability: Protosynthesis\n|-start|p1a: Walking Wake|protosynthesisspa\n|turn|37\n|inactive|Time left: 300 sec this turn | 300 sec total\n|\n|t:|1783553135\n|switch|p2a: Cramorant|Cramorant, L86, F|261/261\n|move|p1a: Walking Wake|Flamethrower|p2a: Cramorant\n|-resisted|p2a: Cramorant\n|-damage|p2a: Cramorant|171/261\n|\n|-weather|SunnyDay|[upkeep]\n|upkeep\n|turn|38\n|inactive|Time left: 300 sec this turn | 300 sec total\n|\n|t:|1783553137\n|move|p1a: Walking Wake|Flamethrower|p2a: Cramorant\n|-resisted|p2a: Cramorant\n|-damage|p2a: Cramorant|73/261\n|move|p2a: Cramorant|Roost|p2a: Cramorant\n|-heal|p2a: Cramorant|204/261\n|-singleturn|p2a: Cramorant|move: Roost\n|\n|-weather|none\n|-end|p1a: Walking Wake|Protosynthesis\n|upkeep\n|turn|39\n|inactive|Time left: 300 sec this turn | 300 sec total\n|\n|t:|1783553138\n|move|p1a: Walking Wake|Flamethrower|p2a: Cramorant\n|-resisted|p2a: Cramorant\n|-damage|p2a: Cramorant|158/261\n|move|p2a: Cramorant|Brave Bird|p1a: Walking Wake\n|-damage|p1a: Walking Wake|0 fnt\n|faint|p1a: Walking Wake\n|-end|p1a: Walking Wake|Protosynthesis|[silent]\n|-damage|p2a: Cramorant|140/261|[from] Recoil\n|\n|upkeep\n|\n|t:|1783553139\n|switch|p1a: Keldeo|Keldeo-Resolute, L79|100/100\n|turn|40\n|inactive|Time left: 300 sec this turn | 300 sec total\n|\n|t:|1783553140\n|move|p1a: Keldeo|Calm Mind|p1a: Keldeo\n|-boost|p1a: Keldeo|spa|1\n|-boost|p1a: Keldeo|spd|1\n|move|p2a: Cramorant|Brave Bird|p1a: Keldeo\n|-supereffective|p1a: Keldeo\n|-damage|p1a: Keldeo|8/100\n|-damage|p2a: Cramorant|57/261|[from] Recoil\n|\n|-heal|p1a: Keldeo|14/100|[from] item: Leftovers\n|upkeep\n|turn|41\n|inactive|Time left: 300 sec this turn | 300 sec total\n|\n|t:|1783553141\n|move|p1a: Keldeo|Surf|p2a: Cramorant\n|-resisted|p2a: Cramorant\n|-damage|p2a: Cramorant|0 fnt\n|faint|p2a: Cramorant\n|\n|-heal|p1a: Keldeo|21/100|[from] item: Leftovers\n|upkeep\n|inactive|Time left: 300 sec this turn | 300 sec total | 5 sec grace\n|\n|t:|1783553142\n|switch|p2a: Comfey|Comfey, L85, M|78/225\n|turn|42\n|inactive|Time left: 300 sec this turn | 300 sec total\n|\n|t:|1783553144\n|-terastallize|p1a: Keldeo|Steel\n|move|p2a: Comfey|Giga Drain|p1a: Keldeo\n|-resisted|p1a: Keldeo\n|-damage|p1a: Keldeo|15/100\n|-heal|p2a: Comfey|86/225|[from] drain|[of] p1a: Keldeo\n|move|p1a: Keldeo|Surf|p2a: Comfey\n|-damage|p2a: Comfey|0 fnt\n|faint|p2a: Comfey\n|\n|-heal|p1a: Keldeo|21/100|[from] item: Leftovers\n|upkeep\n|inactive|Time left: 300 sec this turn | 300 sec total | 5 sec grace\n|\n|t:|1783553145\n|switch|p2a: Groudon|Groudon, L72|81/263\n|-weather|SunnyDay|[from] ability: Drought|[of] p2a: Groudon\n|turn|43\n|inactive|Time left: 300 sec this turn | 300 sec total\n|\n|t:|1783553146\n|move|p1a: Keldeo|Surf|p2a: Groudon\n|-supereffective|p2a: Groudon\n|-damage|p2a: Groudon|0 fnt\n|faint|p2a: Groudon\n|\n|-weather|SunnyDay|[upkeep]\n|-heal|p1a: Keldeo|27/100|[from] item: Leftovers\n|upkeep\n|inactive|Time left: 300 sec this turn | 300 sec total | 5 sec grace\n|\n|t:|1783553147\n|switch|p2a: Golurk|Golurk, L87|83/297\n|turn|44\n|inactive|Time left: 300 sec this turn | 300 sec total\n|\n|t:|1783553147\n|move|p1a: Keldeo|Surf|p2a: Golurk\n|-supereffective|p2a: Golurk\n|-damage|p2a: Golurk|0 fnt\n|faint|p2a: Golurk\n|\n|win|p0x113126bc", "uploadtime": 1783553147, "views": 0, "rating": 0, "private": 0, "password": null, "_winner": "p0x113126bc", "_our_name": "p0y1131a9be"}