{"id": "battle-gen9randombattle-1967", "formatid": "gen9randombattle", "format": "[Gen 9] Random Battle", "players": ["p0x19671e28", "p0y19677c78"], "log": "|init|battle\n|title|p0x19671e28 vs. p0y19677c78\n|j|\u2606p0x19671e28\n|j|\u2606p0y19677c78\n|t:|1783562740\n|gametype|singles\n|player|p1|p0x19671e28|101|\n|player|p2|p0y19677c78|266|\n|gen|9\n|tier|[Gen 9] Random Battle\n|rule|Species Clause: Limit one of each Pok\u00e9mon\n|rule|HP Percentage Mod: HP is shown in percentages\n|rule|Sleep Clause Mod: Limit one foe put to sleep\n|rule|Illusion Level Mod: Illusion disguises the Pok\u00e9mon's true level\n|\n|t:|1783562740\n|teamsize|p1|6\n|teamsize|p2|6\n|start\n|switch|p1a: Infernape|Infernape, L82, M|100/100\n|switch|p2a: Cramorant|Cramorant, L86, M|261/261\n|turn|1\n|inactive|Battle timer is ON: inactive players will automatically lose when time's up. (requested by p0x19671e28)\n|inactive|Time left: 300 sec this turn | 300 sec total | 60 sec grace\n|inactive|p0y19677c78 also wants the timer to be on.\n|\n|t:|1783562742\n|move|p1a: Infernape|U-turn|p2a: Cramorant\n|-resisted|p2a: Cramorant\n|-damage|p2a: Cramorant|227/261\n|\n|t:|1783562743\n|switch|p1a: Drednaw|Drednaw, L81, M|100/100|[from] U-turn\n|move|p2a: Cramorant|Surf|p1a: Drednaw\n|-formechange|p2a: Cramorant|Cramorant-Gulping|\n|-damage|p1a: Drednaw|61/100\n|\n|upkeep\n|turn|2\n|inactive|Time left: 300 sec this turn | 300 sec total\n|\n|t:|1783562745\n|move|p2a: Cramorant|Surf|p1a: Drednaw\n|-damage|p1a: Drednaw|19/100\n|move|p1a: Drednaw|Shell Smash|p1a: Drednaw\n|-unboost|p1a: Drednaw|def|1\n|-unboost|p1a: Drednaw|spd|1\n|-boost|p1a: Drednaw|atk|2\n|-boost|p1a: Drednaw|spa|2\n|-boost|p1a: Drednaw|spe|2\n|-enditem|p1a: Drednaw|White Herb\n|-clearnegativeboost|p1a: Drednaw|[silent]\n|\n|upkeep\n|turn|3\n|inactive|Time left: 300 sec this turn | 300 sec total\n|\n|t:|1783562746\n|move|p1a: Drednaw|Crunch|p2a: Cramorant\n|-damage|p2a: Cramorant|0 fnt\n|-damage|p1a: Drednaw|0 fnt|[from] ability: Gulp Missile|[of] p2a: Cramorant\n|-formechange|p2a: Cramorant|Cramorant|\n|faint|p2a: Cramorant\n|faint|p1a: Drednaw\n|\n|upkeep\n|inactive|Time left: 300 sec this turn | 300 sec total | 5 sec grace\n|\n|t:|1783562747\n|switch|p2a: Dragonite|Dragonite, L74, M|257/257\n|switch|p1a: Kyogre|Kyogre, L71|100/100\n|-weather|RainDance|[from] ability: Drizzle|[of] p1a: Kyogre\n|turn|4\n|inactive|Time left: 300 sec this turn | 300 sec total\n|\n|t:|1783562748\n|move|p1a: Kyogre|Ice Beam|p2a: Dragonite\n|-supereffective|p2a: Dragonite\n|-damage|p2a: Dragonite|111/257\n|-status|p2a: Dragonite|frz\n|cant|p2a: Dragonite|frz\n|\n|-weather|RainDance|[upkeep]\n|upkeep\n|turn|5\n|inactive|Time left: 300 sec this turn | 300 sec total\n|\n|t:|1783562749\n|switch|p2a: Cresselia|Cresselia, L80, F|323/323\n|move|p1a: Kyogre|Ice Beam|p2a: Cresselia\n|-damage|p2a: Cresselia|265/323\n|\n|-weather|RainDance|[upkeep]\n|-heal|p2a: Cresselia|285/323|[from] item: Leftovers\n|upkeep\n|turn|6\n|inactive|Time left: 300 sec this turn | 300 sec total\n|\n|t:|1783562750\n|move|p2a: Cresselia|Calm Mind|p2a: Cresselia\n|-boost|p2a: Cresselia|spa|1\n|-boost|p2a: Cresselia|spd|1\n|move|p1a: Kyogre|Calm Mind|p1a: Kyogre\n|-boost|p1a: Kyogre|spa|1\n|-boost|p1a: Kyogre|spd|1\n|\n|-weather|RainDance|[upkeep]\n|-heal|p2a: Cresselia|305/323|[from] item: Leftovers\n|upkeep\n|turn|7\n|inactive|Time left: 300 sec this turn | 300 sec total\n|\n|t:|1783562751\n|move|p2a: Cresselia|Calm Mind|p2a: Cresselia\n|-boost|p2a: Cresselia|spa|1\n|-boost|p2a: Cresselia|spd|1\n|move|p1a: Kyogre|Origin Pulse|p2a: Cresselia\n|-damage|p2a: Cresselia|188/323\n|\n|-weather|RainDance|[upkeep]\n|-heal|p2a: Cresselia|208/323|[from] item: Leftovers\n|upkeep\n|turn|8\n|inactive|Time left: 300 sec this turn | 300 sec total\n|\n|t:|1783562752\n|move|p2a: Cresselia|Psyshock|p1a: Kyogre\n|-damage|p1a: Kyogre|40/100\n|move|p1a: Kyogre|Thunder|p2a: Cresselia\n|-damage|p2a: Cresselia|160/323\n|\n|-weather|none\n|-heal|p2a: Cresselia|180/323|[from] item: Leftovers\n|-heal|p1a: Kyogre|46/100|[from] item: Leftovers\n|upkeep\n|turn|9\n|inactive|Time left: 300 sec this turn | 300 sec total\n|\n|t:|1783562753\n|switch|p1a: Bronzong|Bronzong, L88|100/100\n|move|p2a: Cresselia|Psyshock|p1a: Bronzong\n|-resisted|p1a: Bronzong\n|-damage|p1a: Bronzong|92/100\n|\n|-heal|p2a: Cresselia|200/323|[from] item: Leftovers\n|-heal|p1a: Bronzong|98/100|[from] item: Leftovers\n|upkeep\n|turn|10\n|inactive|Time left: 300 sec this turn | 300 sec total\n|\n|t:|1783562754\n|move|p2a: Cresselia|Moonlight|p2a: Cresselia\n|-heal|p2a: Cresselia|323/323\n|move|p1a: Bronzong|Hypnosis|p2a: Cresselia\n|-status|p2a: Cresselia|slp|[from] move: Hypnosis\n|\n|-heal|p1a: Bronzong|100/100|[from] item: Leftovers\n|upkeep\n|turn|11\n|inactive|Time left: 300 sec this turn | 300 sec total\n|\n|t:|1783562755\n|cant|p2a: Cresselia|slp\n|move|p1a: Bronzong|Iron Head|p2a: Cresselia\n|-damage|p2a: Cresselia|244/323 slp\n|\n|-heal|p2a: Cresselia|264/323 slp|[from] item: Leftovers\n|upkeep\n|turn|12\n|inactive|Time left: 300 sec this turn | 300 sec total\n|\n|t:|1783562756\n|-curestatus|p2a: Cresselia|slp|[msg]\n|move|p2a: Cresselia|Moonblast|p1a: Bronzong\n|-resisted|p1a: Bronzong\n|-damage|p1a: Bronzong|86/100\n|move|p1a: Bronzong|Iron Head|p2a: Cresselia\n|-damage|p2a: Cresselia|192/323\n|\n|-heal|p2a: Cresselia|212/323|[from] item: Leftovers\n|-heal|p1a: Bronzong|92/100|[from] item: Leftovers\n|upkeep\n|turn|13\n|inactive|Time left: 300 sec this turn | 300 sec total\n|\n|t:|1783562757\n|move|p2a: Cresselia|Calm Mind|p2a: Cresselia\n|-boost|p2a: Cresselia|spa|1\n|-boost|p2a: Cresselia|spd|1\n|move|p1a: Bronzong|Hypnosis|p2a: Cresselia\n|-status|p2a: Cresselia|slp|[from] move: Hypnosis\n|\n|-heal|p2a: Cresselia|232/323 slp|[from] item: Leftovers\n|-heal|p1a: Bronzong|98/100|[from] item: Leftovers\n|upkeep\n|turn|14\n|inactive|Time left: 300 sec this turn | 300 sec total\n|\n|t:|1783562758\n|cant|p2a: Cresselia|slp\n|move|p1a: Bronzong|Iron Head|p2a: Cresselia\n|-damage|p2a: Cresselia|157/323 slp\n|\n|-heal|p2a: Cresselia|177/323 slp|[from] item: Leftovers\n|-heal|p1a: Bronzong|100/100|[from] item: Leftovers\n|upkeep\n|turn|15\n|inactive|Time left: 300 sec this turn | 300 sec total\n|\n|t:|1783562759\n|cant|p2a: Cresselia|slp\n|move|p1a: Bronzong|Iron Head|p2a: Cresselia\n|-damage|p2a: Cresselia|101/323 slp\n|\n|-heal|p2a: Cresselia|121/323 slp|[from] item: Leftovers\n|upkeep\n|turn|16\n|inactive|Time left: 300 sec this turn | 300 sec total\n|\n|t:|1783562760\n|cant|p2a: Cresselia|slp\n|move|p1a: Bronzong|Iron Head|p2a: Cresselia\n|-damage|p2a: Cresselia|43/323 slp\n|\n|-heal|p2a: Cresselia|63/323 slp|[from] item: Leftovers\n|upkeep\n|turn|17\n|inactive|Time left: 300 sec this turn | 300 sec total\n|\n|t:|1783562761\n|-curestatus|p2a: Cresselia|slp|[msg]\n|move|p2a: Cresselia|Moonlight|p2a: Cresselia\n|-heal|p2a: Cresselia|224/323\n|move|p1a: Bronzong|Iron Head|p2a: Cresselia\n|-damage|p2a: Cresselia|151/323\n|\n|-heal|p2a: Cresselia|171/323|[from] item: Leftovers\n|upkeep\n|turn|18\n|inactive|Time left: 300 sec this turn | 300 sec total\n|\n|t:|1783562762\n|move|p2a: Cresselia|Moonlight|p2a: Cresselia\n|-heal|p2a: Cresselia|323/323\n|move|p1a: Bronzong|Hypnosis|p2a: Cresselia\n|-status|p2a: Cresselia|slp|[from] move: Hypnosis\n|\n|upkeep\n|turn|19\n|inactive|Time left: 300 sec this turn | 300 sec total\n|\n|t:|1783562763\n|switch|p1a: Lilligant|Lilligant-Hisui, L79, F|100/100\n|cant|p2a: Cresselia|slp\n|\n|upkeep\n|turn|20\n|inactive|Time left: 300 sec this turn | 300 sec total\n|\n|t:|1783562764\n|-terastallize|p1a: Lilligant|Steel\n|move|p1a: Lilligant|Victory Dance|p1a: Lilligant\n|-boost|p1a: Lilligant|atk|1\n|-boost|p1a: Lilligant|def|1\n|-boost|p1a: Lilligant|spe|1\n|-curestatus|p2a: Cresselia|slp|[msg]\n|move|p2a: Cresselia|Psyshock|p1a: Lilligant\n|-resisted|p1a: Lilligant\n|-damage|p1a: Lilligant|74/100\n|\n|upkeep\n|turn|21\n|inactive|Time left: 300 sec this turn | 300 sec total\n|\n|t:|1783562765\n|move|p1a: Lilligant|Victory Dance|p1a: Lilligant\n|-boost|p1a: Lilligant|atk|1\n|-boost|p1a: Lilligant|def|1\n|-boost|p1a: Lilligant|spe|1\n|move|p2a: Cresselia|Moonblast|p1a: Lilligant\n|-resisted|p1a: Lilligant\n|-crit|p1a: Lilligant\n|-damage|p1a: Lilligant|29/100\n|-unboost|p1a: Lilligant|spa|1\n|\n|upkeep\n|turn|22\n|inactive|Time left: 300 sec this turn | 300 sec total\n|\n|t:|1783562767\n|-terastallize|p2a: Cresselia|Poison\n|move|p1a: Lilligant|Leaf Blade|p2a: Cresselia\n|-resisted|p2a: Cresselia\n|-damage|p2a: Cresselia|215/323\n|move|p2a: Cresselia|Moonblast|p1a: Lilligant\n|-resisted|p1a: Lilligant\n|-crit|p1a: Lilligant\n|-damage|p1a: Lilligant|0 fnt\n|faint|p1a: Lilligant\n|\n|-heal|p2a: Cresselia|235/323|[from] item: Leftovers\n|upkeep\n|\n|t:|1783562768\n|switch|p1a: Bronzong|Bronzong, L88|100/100\n|turn|23\n|inactive|Time left: 300 sec this turn | 300 sec total\n|\n|t:|1783562769\n|move|p2a: Cresselia|Moonlight|p2a: Cresselia\n|-heal|p2a: Cresselia|323/323\n|move|p1a: Bronzong|Hypnosis|p2a: Cresselia\n|-status|p2a: Cresselia|slp|[from] move: Hypnosis\n|\n|upkeep\n|turn|24\n|inactive|Time left: 300 sec this turn | 300 sec total\n|\n|t:|1783562770\n|cant|p2a: Cresselia|slp\n|move|p1a: Bronzong|Psychic|p2a: Cresselia\n|-supereffective|p2a: Cresselia\n|-crit|p2a: Cresselia\n|-damage|p2a: Cresselia|117/323 slp\n|\n|-heal|p2a: Cresselia|137/323 slp|[from] item: Leftovers\n|upkeep\n|turn|25\n|inactive|Time left: 300 sec this turn | 300 sec total\n|\n|t:|1783562771\n|cant|p2a: Cresselia|slp\n|move|p1a: Bronzong|Iron Head|p2a: Cresselia\n|-damage|p2a: Cresselia|62/323 slp\n|\n|-heal|p2a: Cresselia|82/323 slp|[from] item: Leftovers\n|upkeep\n|turn|26\n|inactive|Time left: 300 sec this turn | 300 sec total\n|\n|t:|1783562772\n|-curestatus|p2a: Cresselia|slp|[msg]\n|move|p2a: Cresselia|Moonlight|p2a: Cresselia\n|-heal|p2a: Cresselia|243/323\n|move|p1a: Bronzong|Iron Head|p2a: Cresselia\n|-damage|p2a: Cresselia|158/323\n|\n|-heal|p2a: Cresselia|178/323|[from] item: Leftovers\n|upkeep\n|turn|27\n|inactive|Time left: 300 sec this turn | 300 sec total\n|\n|t:|1783562773\n|move|p2a: Cresselia|Moonlight|p2a: Cresselia\n|-heal|p2a: Cresselia|323/323\n|move|p1a: Bronzong|Hypnosis|p2a: Cresselia|[miss]\n|-miss|p1a: Bronzong|p2a: Cresselia\n|\n|upkeep\n|turn|28\n|inactive|Time left: 300 sec this turn | 300 sec total\n|\n|t:|1783562774\n|move|p2a: Cresselia|Moonblast|p1a: Bronzong\n|-resisted|p1a: Bronzong\n|-damage|p1a: Bronzong|82/100\n|move|p1a: Bronzong|Hypnosis|p2a: Cresselia|[miss]\n|-miss|p1a: Bronzong|p2a: Cresselia\n|\n|-heal|p1a: Bronzong|88/100|[from] item: Leftovers\n|upkeep\n|turn|29\n|inactive|Time left: 300 sec this turn | 300 sec total\n|\n|t:|1783562775\n|move|p2a: Cresselia|Moonblast|p1a: Bronzong\n|-resisted|p1a: Bronzong\n|-crit|p1a: Bronzong\n|-damage|p1a: Bronzong|60/100\n|move|p1a: Bronzong|Hypnosis|p2a: Cresselia|[miss]\n|-miss|p1a: Bronzong|p2a: Cresselia\n|\n|-heal|p1a: Bronzong|66/100|[from] item: Leftovers\n|upkeep\n|turn|30\n|inactive|Time left: 300 sec this turn | 300 sec total\n|\n|t:|1783562776\n|move|p2a: Cresselia|Moonblast|p1a: Bronzong\n|-resisted|p1a: Bronzong\n|-damage|p1a: Bronzong|48/100\n|-unboost|p1a: Bronzong|spa|1\n|move|p1a: Bronzong|Hypnosis|p2a: Cresselia\n|-status|p2a: Cresselia|slp|[from] move: Hypnosis\n|\n|-heal|p1a: Bronzong|54/100|[from] item: Leftovers\n|upkeep\n|turn|31\n|inactive|Time left: 300 sec this turn | 300 sec total\n|\n|t:|1783562777\n|cant|p2a: Cresselia|slp\n|move|p1a: Bronzong|Iron Head|p2a: Cresselia\n|-damage|p2a: Cresselia|245/323 slp\n|\n|-heal|p2a: Cresselia|265/323 slp|[from] item: Leftovers\n|-heal|p1a: Bronzong|60/100|[from] item: Leftovers\n|upkeep\n|turn|32\n|inactive|Time left: 300 sec this turn | 300 sec total\n|\n|t:|1783562778\n|-curestatus|p2a: Cresselia|slp|[msg]\n|move|p2a: Cresselia|Moonblast|p1a: Bronzong\n|-resisted|p1a: Bronzong\n|-damage|p1a: Bronzong|41/100\n|move|p1a: Bronzong|Iron Head|p2a: Cresselia\n|-damage|p2a: Cresselia|184/323\n|\n|-heal|p2a: Cresselia|204/323|[from] item: Leftovers\n|-heal|p1a: Bronzong|47/100|[from] item: Leftovers\n|upkeep\n|turn|33\n|inactive|Time left: 300 sec this turn | 300 sec total\n|\n|t:|1783562779\n|move|p2a: Cresselia|Moonblast|p1a: Bronzong\n|-resisted|p1a: Bronzong\n|-damage|p1a: Bronzong|28/100\n|move|p1a: Bronzong|Hypnosis|p2a: Cresselia|[miss]\n|-miss|p1a: Bronzong|p2a: Cresselia\n|\n|-heal|p2a: Cresselia|224/323|[from] item: Leftovers\n|-heal|p1a: Bronzong|34/100|[from] item: Leftovers\n|upkeep\n|turn|34\n|inactive|Time left: 300 sec this turn | 300 sec total\n|\n|t:|1783562779\n|move|p2a: Cresselia|Moonblast|p1a: Bronzong\n|-resisted|p1a: Bronzong\n|-damage|p1a: Bronzong|17/100\n|move|p1a: Bronzong|Hypnosis|p2a: Cresselia|[miss]\n|-miss|p1a: Bronzong|p2a: Cresselia\n|\n|-heal|p2a: Cresselia|244/323|[from] item: Leftovers\n|-heal|p1a: Bronzong|23/100|[from] item: Leftovers\n|upkeep\n|turn|35\n|inactive|Time left: 300 sec this turn | 300 sec total\n|\n|t:|1783562780\n|move|p2a: Cresselia|Moonblast|p1a: Bronzong\n|-resisted|p1a: Bronzong\n|-damage|p1a: Bronzong|3/100\n|move|p1a: Bronzong|Hypnosis|p2a: Cresselia|[miss]\n|-miss|p1a: Bronzong|p2a: Cresselia\n|\n|-heal|p2a: Cresselia|264/323|[from] item: Leftovers\n|-heal|p1a: Bronzong|9/100|[from] item: Leftovers\n|upkeep\n|turn|36\n|inactive|Time left: 300 sec this turn | 300 sec total\n|\n|t:|1783562781\n|move|p2a: Cresselia|Psyshock|p1a: Bronzong\n|-resisted|p1a: Bronzong\n|-damage|p1a: Bronzong|0 fnt\n|faint|p1a: Bronzong\n|\n|-heal|p2a: Cresselia|284/323|[from] item: Leftovers\n|upkeep\n|\n|t:|1783562782\n|switch|p1a: Garchomp|Garchomp, L74, F|100/100\n|turn|37\n|inactive|Time left: 300 sec this turn | 300 sec total\n|\n|t:|1783562783\n|move|p1a: Garchomp|Outrage|p2a: Cresselia\n|-damage|p2a: Cresselia|170/323\n|move|p2a: Cresselia|Moonblast|p1a: Garchomp\n|-supereffective|p1a: Garchomp\n|-damage|p1a: Garchomp|0 fnt\n|faint|p1a: Garchomp\n|\n|-heal|p2a: Cresselia|190/323|[from] item: Leftovers\n|upkeep\n|\n|t:|1783562784\n|switch|p1a: Infernape|Infernape, L82, M|100/100\n|turn|38\n|inactive|Time left: 300 sec this turn | 300 sec total\n|\n|t:|1783562785\n|move|p1a: Infernape|U-turn|p2a: Cresselia\n|-resisted|p2a: Cresselia\n|-damage|p2a: Cresselia|168/323\n|\n|t:|1783562786\n|switch|p1a: Kyogre|Kyogre, L71|46/100|[from] U-turn\n|-weather|RainDance|[from] ability: Drizzle|[of] p1a: Kyogre\n|move|p2a: Cresselia|Psyshock|p1a: Kyogre\n|-damage|p1a: Kyogre|0 fnt\n|faint|p1a: Kyogre\n|\n|-weather|RainDance|[upkeep]\n|-heal|p2a: Cresselia|188/323|[from] item: Leftovers\n|upkeep\n|\n|t:|1783562787\n|switch|p1a: Infernape|Infernape, L82, M|100/100\n|turn|39\n|inactive|Time left: 300 sec this turn | 300 sec total\n|\n|t:|1783562787\n|move|p1a: Infernape|Knock Off|p2a: Cresselia\n|-damage|p2a: Cresselia|132/323\n|-enditem|p2a: Cresselia|Leftovers|[from] move: Knock Off|[of] p1a: Infernape\n|move|p2a: Cresselia|Psyshock|p1a: Infernape\n|-supereffective|p1a: Infernape\n|-damage|p1a: Infernape|0 fnt\n|faint|p1a: Infernape\n|\n|win|p0y19677c78", "uploadtime": 1783562787, "views": 0, "rating": 0, "private": 0, "password": null, "_winner": "p0y19677c78", "_our_name": "p0y19677c78"}