{"id": "battle-gen9randombattle-2997", "formatid": "gen9randombattle", "format": "[Gen 9] Random Battle", "players": ["p0x29973e77", "p0y2997810b"], "log": "|init|battle\n|title|p0x29973e77 vs. p0y2997810b\n|j|\u2606p0x29973e77\n|j|\u2606p0y2997810b\n|t:|1783574536\n|gametype|singles\n|player|p1|p0x29973e77|170|\n|player|p2|p0y2997810b|170|\n|gen|9\n|tier|[Gen 9] Random Battle\n|rule|Species Clause: Limit one of each Pok\u00e9mon\n|rule|HP Percentage Mod: HP is shown in percentages\n|rule|Sleep Clause Mod: Limit one foe put to sleep\n|rule|Illusion Level Mod: Illusion disguises the Pok\u00e9mon's true level\n|\n|t:|1783574536\n|teamsize|p1|6\n|teamsize|p2|6\n|start\n|switch|p1a: Regice|Regice, L88|100/100\n|switch|p2a: Iron Treads|Iron Treads, L77|265/265\n|turn|1\n|inactive|Battle timer is ON: inactive players will automatically lose when time's up. (requested by p0y2997810b)\n|\n|t:|1783574537\n|move|p2a: Iron Treads|Iron Head|p1a: Regice\n|-supereffective|p1a: Regice\n|-damage|p1a: Regice|48/100\n|move|p1a: Regice|Ice Beam|p2a: Iron Treads\n|-damage|p2a: Iron Treads|130/265\n|\n|-heal|p2a: Iron Treads|146/265|[from] item: Leftovers\n|upkeep\n|turn|2\n|inactive|Time left: 300 sec this turn | 300 sec total\n|inactive|p0x29973e77 also wants the timer to be on.\n|\n|t:|1783574539\n|switch|p1a: Tauros|Tauros-Paldea-Combat, L82, M|100/100\n|-ability|p1a: Tauros|Intimidate|boost\n|-unboost|p2a: Iron Treads|atk|1\n|move|p2a: Iron Treads|Iron Head|p1a: Tauros\n|-damage|p1a: Tauros|82/100\n|\n|-heal|p2a: Iron Treads|162/265|[from] item: Leftovers\n|upkeep\n|turn|3\n|inactive|Time left: 300 sec this turn | 300 sec total\n|\n|t:|1783574540\n|-end|p2a: Iron Treads|Quark Drive|[silent]\n|switch|p2a: Mudsdale|Mudsdale, L83, M|302/302\n|move|p1a: Tauros|Bulk Up|p1a: Tauros\n|-boost|p1a: Tauros|atk|1\n|-boost|p1a: Tauros|def|1\n|\n|upkeep\n|turn|4\n|inactive|Time left: 300 sec this turn | 300 sec total\n|\n|t:|1783574541\n|-terastallize|p1a: Tauros|Fighting\n|move|p1a: Tauros|Close Combat|p2a: Mudsdale\n|-damage|p2a: Mudsdale|0 fnt\n|-unboost|p1a: Tauros|def|1\n|-unboost|p1a: Tauros|spd|1\n|faint|p2a: Mudsdale\n|-damage|p1a: Tauros|72/100|[from] item: Life Orb\n|\n|upkeep\n|inactive|Time left: 300 sec this turn | 300 sec total | 5 sec grace\n|\n|t:|1783574542\n|switch|p2a: Kilowattrel|Kilowattrel, L83, F|252/252\n|turn|5\n|inactive|Time left: 300 sec this turn | 300 sec total\n|\n|t:|1783574543\n|switch|p1a: Regice|Regice, L88|48/100\n|move|p2a: Kilowattrel|Hurricane|p1a: Regice\n|-damage|p1a: Regice|25/100\n|\n|upkeep\n|turn|6\n|inactive|Time left: 300 sec this turn | 300 sec total\n|\n|t:|1783574544\n|move|p2a: Kilowattrel|U-turn|p1a: Regice\n|-damage|p1a: Regice|14/100\n|inactive|Time left: 300 sec this turn | 300 sec total | 5 sec grace\n|\n|t:|1783574545\n|switch|p2a: Metagross|Metagross, L79|256/256|[from] U-turn\n|move|p1a: Regice|Ice Beam|p2a: Metagross\n|-resisted|p2a: Metagross\n|-damage|p2a: Metagross|199/256\n|\n|upkeep\n|turn|7\n|inactive|Time left: 300 sec this turn | 300 sec total\n|\n|t:|1783574546\n|switch|p1a: Kingdra|Kingdra, L84, M|100/100\n|move|p2a: Metagross|Heavy Slam|p1a: Kingdra\n|-resisted|p1a: Kingdra\n|-damage|p1a: Kingdra|83/100\n|\n|upkeep\n|turn|8\n|inactive|Time left: 300 sec this turn | 300 sec total\n|\n|t:|1783574548\n|move|p1a: Kingdra|Wave Crash|p2a: Metagross\n|-damage|p2a: Metagross|61/256\n|-damage|p1a: Kingdra|66/100|[from] Recoil\n|-damage|p1a: Kingdra|56/100|[from] item: Life Orb\n|move|p2a: Metagross|Agility|p2a: Metagross\n|-boost|p2a: Metagross|spe|2\n|\n|upkeep\n|turn|9\n|inactive|Time left: 300 sec this turn | 300 sec total\n|\n|t:|1783574549\n|move|p2a: Metagross|Earthquake|p1a: Kingdra\n|-damage|p1a: Kingdra|25/100\n|move|p1a: Kingdra|Wave Crash|p2a: Metagross\n|-damage|p2a: Metagross|0 fnt\n|faint|p2a: Metagross\n|-damage|p1a: Kingdra|17/100|[from] Recoil\n|-damage|p1a: Kingdra|7/100|[from] item: Life Orb\n|\n|upkeep\n|inactive|Time left: 300 sec this turn | 300 sec total | 5 sec grace\n|\n|t:|1783574550\n|switch|p2a: Iron Treads|Iron Treads, L77|162/265\n|turn|10\n|inactive|Time left: 300 sec this turn | 300 sec total\n|\n|t:|1783574551\n|switch|p1a: Tauros|Tauros-Paldea-Combat, L82, M, tera:Fighting|72/100\n|-ability|p1a: Tauros|Intimidate|boost\n|-unboost|p2a: Iron Treads|atk|1\n|move|p2a: Iron Treads|Rapid Spin|p1a: Tauros\n|-damage|p1a: Tauros|64/100\n|-boost|p2a: Iron Treads|spe|1\n|\n|-heal|p2a: Iron Treads|178/265|[from] item: Leftovers\n|upkeep\n|turn|11\n|inactive|Time left: 300 sec this turn | 300 sec total\n|\n|t:|1783574552\n|move|p2a: Iron Treads|Iron Head|p1a: Tauros\n|-damage|p1a: Tauros|47/100\n|move|p1a: Tauros|Close Combat|p2a: Iron Treads\n|-supereffective|p2a: Iron Treads\n|-damage|p2a: Iron Treads|0 fnt\n|-unboost|p1a: Tauros|def|1\n|-unboost|p1a: Tauros|spd|1\n|faint|p2a: Iron Treads\n|-end|p2a: Iron Treads|Quark Drive|[silent]\n|-damage|p1a: Tauros|37/100|[from] item: Life Orb\n|\n|upkeep\n|inactive|Time left: 300 sec this turn | 300 sec total | 5 sec grace\n|\n|t:|1783574553\n|switch|p2a: Kilowattrel|Kilowattrel, L83, F|252/252\n|turn|12\n|inactive|Time left: 300 sec this turn | 300 sec total\n|\n|t:|1783574554\n|switch|p1a: Komala|Komala, L87, F|100/100\n|-ability|p1a: Komala|Comatose\n|move|p2a: Kilowattrel|Thunderbolt|p1a: Komala\n|-damage|p1a: Komala|65/100\n|\n|upkeep\n|turn|13\n|inactive|Time left: 300 sec this turn | 300 sec total\n|\n|t:|1783574555\n|move|p2a: Kilowattrel|U-turn|p1a: Komala\n|-damage|p1a: Komala|47/100\n|inactive|Time left: 300 sec this turn | 300 sec total | 5 sec grace\n|\n|t:|1783574556\n|switch|p2a: Quaquaval|Quaquaval, L79, F|264/264|[from] U-turn\n|move|p1a: Komala|Body Slam|p2a: Quaquaval\n|-damage|p2a: Quaquaval|81/264\n|-status|p2a: Quaquaval|par\n|\n|upkeep\n|turn|14\n|inactive|Time left: 300 sec this turn | 300 sec total\n|\n|t:|1783574557\n|switch|p2a: Froslass|Froslass, L87, F|263/263\n|move|p1a: Komala|Body Slam|p2a: Froslass\n|-immune|p2a: Froslass\n|\n|upkeep\n|turn|15\n|inactive|Time left: 300 sec this turn | 300 sec total\n|\n|t:|1783574558\n|switch|p1a: Tauros|Tauros-Paldea-Combat, L82, M, tera:Fighting|37/100\n|-ability|p1a: Tauros|Intimidate|boost\n|-unboost|p2a: Froslass|atk|1\n|move|p2a: Froslass|Triple Axel|p1a: Tauros\n|-damage|p1a: Tauros|32/100\n|-damage|p1a: Tauros|23/100\n|-damage|p1a: Tauros|10/100\n|-hitcount|p1a: Tauros|3\n|\n|upkeep\n|turn|16\n|inactive|Time left: 300 sec this turn | 300 sec total\n|\n|t:|1783574559\n|switch|p1a: Komala|Komala, L87, F|47/100\n|-ability|p1a: Komala|Comatose\n|move|p2a: Froslass|Triple Axel|p1a: Komala\n|-damage|p1a: Komala|40/100\n|-damage|p1a: Komala|26/100\n|-damage|p1a: Komala|7/100\n|-hitcount|p1a: Komala|3\n|\n|upkeep\n|turn|17\n|inactive|Time left: 300 sec this turn | 300 sec total\n|\n|t:|1783574560\n|move|p2a: Froslass|Triple Axel|p1a: Komala\n|-damage|p1a: Komala|1/100\n|-damage|p1a: Komala|0 fnt\n|faint|p1a: Komala\n|-hitcount|p1: Komala|2\n|\n|upkeep\n|\n|t:|1783574561\n|switch|p1a: Tatsugiri|Tatsugiri, L87, F|100/100\n|turn|18\n|inactive|Time left: 300 sec this turn | 300 sec total\n|\n|t:|1783574562\n|switch|p2a: Quaquaval|Quaquaval, L79, F|81/264 par\n|move|p1a: Tatsugiri|Nasty Plot|p1a: Tatsugiri\n|-boost|p1a: Tatsugiri|spa|2\n|\n|upkeep\n|turn|19\n|inactive|Time left: 300 sec this turn | 300 sec total\n|\n|t:|1783574563\n|move|p1a: Tatsugiri|Hydro Pump|p2a: Quaquaval|[miss]\n|-miss|p1a: Tatsugiri|p2a: Quaquaval\n|move|p2a: Quaquaval|Close Combat|p1a: Tatsugiri\n|-damage|p1a: Tatsugiri|17/100\n|-unboost|p2a: Quaquaval|def|1\n|-unboost|p2a: Quaquaval|spd|1\n|-damage|p2a: Quaquaval|55/264 par|[from] item: Life Orb\n|\n|upkeep\n|turn|20\n|inactive|Time left: 300 sec this turn | 300 sec total\n|\n|t:|1783574564\n|move|p1a: Tatsugiri|Hydro Pump|p2a: Quaquaval\n|-resisted|p2a: Quaquaval\n|-damage|p2a: Quaquaval|0 fnt\n|faint|p2a: Quaquaval\n|\n|upkeep\n|inactive|Time left: 300 sec this turn | 300 sec total | 5 sec grace\n|\n|t:|1783574565\n|switch|p2a: Kilowattrel|Kilowattrel, L83, F|252/252\n|turn|21\n|inactive|Time left: 300 sec this turn | 300 sec total\n|\n|t:|1783574566\n|switch|p1a: Tauros|Tauros-Paldea-Combat, L82, M, tera:Fighting|10/100\n|-ability|p1a: Tauros|Intimidate|boost\n|-unboost|p2a: Kilowattrel|atk|1\n|move|p2a: Kilowattrel|Thunderbolt|p1a: Tauros\n|-damage|p1a: Tauros|0 fnt\n|faint|p1a: Tauros\n|\n|upkeep\n|\n|t:|1783574567\n|switch|p1a: Meowstic|Meowstic-F, L89, F|100/100\n|turn|22\n|inactive|Time left: 300 sec this turn | 300 sec total\n|\n|t:|1783574568\n|move|p2a: Kilowattrel|U-turn|p1a: Meowstic\n|-supereffective|p1a: Meowstic\n|-damage|p1a: Meowstic|82/100\n|inactive|Time left: 300 sec this turn | 300 sec total | 5 sec grace\n|\n|t:|1783574569\n|switch|p2a: Froslass|Froslass, L87, F|263/263|[from] U-turn\n|move|p1a: Meowstic|Dark Pulse|p2a: Froslass\n|-supereffective|p2a: Froslass\n|-damage|p2a: Froslass|89/263\n|-start|p1a: Meowstic|Disable|Dark Pulse|[from] ability: Cursed Body|[of] p2a: Froslass\n|-damage|p1a: Meowstic|72/100|[from] item: Life Orb\n|\n|upkeep\n|turn|23\n|inactive|Time left: 300 sec this turn | 300 sec total\n|\n|t:|1783574570\n|switch|p1a: Kingdra|Kingdra, L84, M|7/100\n|move|p2a: Froslass|Poltergeist|p1a: Kingdra\n|-activate|p1a: Kingdra|move: Poltergeist|Life Orb\n|-damage|p1a: Kingdra|0 fnt\n|faint|p1a: Kingdra\n|\n|upkeep\n|\n|t:|1783574571\n|switch|p1a: Regice|Regice, L88|14/100\n|turn|24\n|inactive|Time left: 300 sec this turn | 300 sec total\n|\n|t:|1783574571\n|move|p2a: Froslass|Poltergeist|p1a: Regice\n|-activate|p1a: Regice|move: Poltergeist|Heavy-Duty Boots\n|-damage|p1a: Regice|0 fnt\n|faint|p1a: Regice\n|\n|upkeep\n|\n|t:|1783574572\n|switch|p1a: Tatsugiri|Tatsugiri, L87, F|17/100\n|turn|25\n|inactive|Time left: 300 sec this turn | 300 sec total\n|\n|t:|1783574574\n|move|p2a: Froslass|Poltergeist|p1a: Tatsugiri\n|-activate|p1a: Tatsugiri|move: Poltergeist|Heavy-Duty Boots\n|-damage|p1a: Tatsugiri|0 fnt\n|faint|p1a: Tatsugiri\n|\n|upkeep\n|\n|t:|1783574575\n|switch|p1a: Meowstic|Meowstic-F, L89, F|72/100\n|turn|26\n|inactive|Time left: 300 sec this turn | 300 sec total\n|\n|t:|1783574575\n|-terastallize|p2a: Froslass|Ghost\n|move|p2a: Froslass|Poltergeist|p1a: Meowstic\n|-activate|p1a: Meowstic|move: Poltergeist|Life Orb\n|-supereffective|p1a: Meowstic\n|-damage|p1a: Meowstic|0 fnt\n|faint|p1a: Meowstic\n|\n|win|p0y2997810b", "uploadtime": 1783574575, "views": 0, "rating": 0, "private": 0, "password": null, "_winner": "p0y2997810b", "_our_name": "p0y2997810b"}