{"id": "battle-gen9randombattle-856", "formatid": "gen9randombattle", "format": "[Gen 9] Random Battle", "players": ["p0x856268b", "p0y8560d3e"], "log": "|init|battle\n|title|p0x856268b vs. p0y8560d3e\n|j|\u2606p0x856268b\n|j|\u2606p0y8560d3e\n|t:|1783549817\n|gametype|singles\n|player|p1|p0x856268b|101|\n|player|p2|p0y8560d3e|170|\n|gen|9\n|tier|[Gen 9] Random Battle\n|rule|Species Clause: Limit one of each Pok\u00e9mon\n|rule|HP Percentage Mod: HP is shown in percentages\n|rule|Sleep Clause Mod: Limit one foe put to sleep\n|rule|Illusion Level Mod: Illusion disguises the Pok\u00e9mon's true level\n|\n|t:|1783549818\n|teamsize|p1|6\n|teamsize|p2|6\n|start\n|switch|p1a: Klefki|Klefki, L84, M|100/100\n|switch|p2a: Lilligant|Lilligant-Hisui, L79, F|240/240\n|turn|1\n|inactive|Battle timer is ON: inactive players will automatically lose when time's up. (requested by p0y8560d3e)\n|inactive|p0x856268b also wants the timer to be on.\n|\n|t:|1783549819\n|move|p2a: Lilligant|Victory Dance|p2a: Lilligant\n|-boost|p2a: Lilligant|atk|1\n|-boost|p2a: Lilligant|def|1\n|-boost|p2a: Lilligant|spe|1\n|move|p1a: Klefki|Play Rough|p2a: Lilligant\n|-supereffective|p2a: Lilligant\n|-damage|p2a: Lilligant|102/240\n|\n|upkeep\n|turn|2\n|inactive|Time left: 300 sec this turn | 300 sec total\n|\n|t:|1783549820\n|move|p2a: Lilligant|Close Combat|p1a: Klefki\n|-damage|p1a: Klefki|0 fnt\n|-unboost|p2a: Lilligant|def|1\n|-unboost|p2a: Lilligant|spd|1\n|faint|p1a: Klefki\n|-damage|p2a: Lilligant|78/240|[from] item: Life Orb\n|\n|upkeep\n|\n|t:|1783549821\n|switch|p1a: Toxtricity|Toxtricity, L82, M|100/100\n|turn|3\n|inactive|Time left: 300 sec this turn | 300 sec total\n|\n|t:|1783549822\n|-terastallize|p2a: Lilligant|Fighting\n|move|p2a: Lilligant|Close Combat|p1a: Toxtricity|[miss]\n|-miss|p2a: Lilligant|p1a: Toxtricity\n|move|p1a: Toxtricity|Boomburst|p2a: Lilligant\n|-damage|p2a: Lilligant|0 fnt\n|faint|p2a: Lilligant\n|\n|upkeep\n|inactive|Time left: 300 sec this turn | 300 sec total | 5 sec grace\n|\n|t:|1783549823\n|switch|p2a: Kommo-o|Kommo-o, L77, F|242/242\n|turn|4\n|inactive|Time left: 300 sec this turn | 300 sec total\n|\n|t:|1783549824\n|switch|p1a: Medicham|Medicham, L86, M|100/100\n|move|p2a: Kommo-o|Clangorous Soul|p2a: Kommo-o\n|-boost|p2a: Kommo-o|atk|1\n|-boost|p2a: Kommo-o|def|1\n|-boost|p2a: Kommo-o|spa|1\n|-boost|p2a: Kommo-o|spd|1\n|-boost|p2a: Kommo-o|spe|1\n|-damage|p2a: Kommo-o|163/242\n|-enditem|p2a: Kommo-o|Throat Spray\n|-boost|p2a: Kommo-o|spa|1|[from] item: Throat Spray\n|\n|upkeep\n|turn|5\n|inactive|Time left: 300 sec this turn | 300 sec total\n|\n|t:|1783549825\n|move|p2a: Kommo-o|Boomburst|p1a: Medicham\n|-damage|p1a: Medicham|17/100\n|move|p1a: Medicham|Zen Headbutt|p2a: Kommo-o\n|-supereffective|p2a: Kommo-o\n|-damage|p2a: Kommo-o|0 fnt\n|faint|p2a: Kommo-o\n|\n|upkeep\n|inactive|Time left: 300 sec this turn | 300 sec total | 5 sec grace\n|\n|t:|1783549826\n|switch|p2a: Mandibuzz|Mandibuzz, L85, F|326/326\n|turn|6\n|inactive|Time left: 300 sec this turn | 300 sec total\n|\n|t:|1783549827\n|switch|p1a: Toxtricity|Toxtricity, L82, M|100/100\n|move|p2a: Mandibuzz|Foul Play|p1a: Toxtricity\n|-damage|p1a: Toxtricity|64/100\n|\n|upkeep\n|turn|7\n|inactive|Time left: 300 sec this turn | 300 sec total\n|\n|t:|1783549828\n|move|p2a: Mandibuzz|Foul Play|p1a: Toxtricity\n|-damage|p1a: Toxtricity|29/100\n|move|p1a: Toxtricity|Overdrive|p2a: Mandibuzz\n|-supereffective|p2a: Mandibuzz\n|-damage|p2a: Mandibuzz|0 fnt\n|faint|p2a: Mandibuzz\n|\n|upkeep\n|inactive|Time left: 300 sec this turn | 300 sec total | 5 sec grace\n|\n|t:|1783549829\n|switch|p2a: Seviper|Seviper, L93, M|287/287\n|turn|8\n|inactive|Time left: 300 sec this turn | 300 sec total\n|\n|t:|1783549830\n|move|p2a: Seviper|Knock Off|p1a: Toxtricity\n|-damage|p1a: Toxtricity|0 fnt\n|-enditem|p1a: Toxtricity|Choice Specs|[from] move: Knock Off|[of] p2a: Seviper\n|faint|p1a: Toxtricity\n|-damage|p2a: Seviper|259/287|[from] item: Life Orb\n|\n|upkeep\n|\n|t:|1783549831\n|switch|p1a: Medicham|Medicham, L86, M|17/100\n|turn|9\n|inactive|Time left: 300 sec this turn | 300 sec total\n|\n|t:|1783549832\n|move|p1a: Medicham|Zen Headbutt|p2a: Seviper\n|-supereffective|p2a: Seviper\n|-damage|p2a: Seviper|0 fnt\n|faint|p2a: Seviper\n|\n|upkeep\n|inactive|Time left: 300 sec this turn | 300 sec total | 5 sec grace\n|\n|t:|1783549833\n|switch|p2a: Pincurchin|Pincurchin, F|258/258\n|-fieldstart|move: Electric Terrain|[from] ability: Electric Surge|[of] p2a: Pincurchin\n|turn|10\n|inactive|Time left: 300 sec this turn | 300 sec total\n|\n|t:|1783549834\n|move|p1a: Medicham|Zen Headbutt|p2a: Pincurchin|[miss]\n|-miss|p1a: Medicham|p2a: Pincurchin\n|move|p2a: Pincurchin|Thunderbolt|p1a: Medicham\n|-damage|p1a: Medicham|0 fnt\n|faint|p1a: Medicham\n|\n|upkeep\n|\n|t:|1783549834\n|switch|p1a: Serperior|Serperior, L79, M|100/100\n|turn|11\n|inactive|Time left: 300 sec this turn | 300 sec total\n|\n|t:|1783549835\n|switch|p2a: Florges|Florges-Blue, L85, F|271/271\n|move|p1a: Serperior|Leaf Storm|p2a: Florges\n|-damage|p2a: Florges|193/271\n|-boost|p1a: Serperior|spa|2\n|-damage|p1a: Serperior|91/100|[from] item: Life Orb\n|\n|-heal|p2a: Florges|209/271|[from] item: Leftovers\n|upkeep\n|turn|12\n|inactive|Time left: 300 sec this turn | 300 sec total\n|\n|t:|1783549836\n|move|p1a: Serperior|Leaf Storm|p2a: Florges\n|-damage|p2a: Florges|49/271\n|-boost|p1a: Serperior|spa|2\n|-damage|p1a: Serperior|81/100|[from] item: Life Orb\n|move|p2a: Florges|Moonblast|p1a: Serperior\n|-damage|p1a: Serperior|37/100\n|\n|-heal|p2a: Florges|65/271|[from] item: Leftovers\n|upkeep\n|turn|13\n|inactive|Time left: 300 sec this turn | 300 sec total\n|\n|t:|1783549837\n|move|p1a: Serperior|Leaf Storm|p2a: Florges\n|-damage|p2a: Florges|0 fnt\n|-boost|p1a: Serperior|spa|2\n|faint|p2a: Florges\n|-damage|p1a: Serperior|28/100|[from] item: Life Orb\n|\n|upkeep\n|inactive|Time left: 300 sec this turn | 300 sec total | 5 sec grace\n|\n|t:|1783549838\n|switch|p2a: Pincurchin|Pincurchin, F|258/258\n|turn|14\n|inactive|Time left: 300 sec this turn | 300 sec total\n|\n|t:|1783549839\n|-terastallize|p1a: Serperior|Fire\n|move|p1a: Serperior|Tera Blast|p2a: Pincurchin|[anim] Tera Blast Fire\n|-damage|p2a: Pincurchin|0 fnt\n|faint|p2a: Pincurchin\n|-damage|p1a: Serperior|18/100|[from] item: Life Orb\n|\n|win|p0x856268b", "uploadtime": 1783549839, "views": 0, "rating": 0, "private": 0, "password": null, "_winner": "p0x856268b", "_our_name": "p0y8560d3e"}