{"id": "battle-gen9randombattle-2036", "formatid": "gen9randombattle", "format": "[Gen 9] Random Battle", "players": ["p0x2036ce4d", "p0y2036a902"], "log": "|init|battle\n|title|p0x2036ce4d vs. p0y2036a902\n|j|\u2606p0x2036ce4d\n|j|\u2606p0y2036a902\n|t:|1783562816\n|gametype|singles\n|player|p1|p0x2036ce4d|102|\n|player|p2|p0y2036a902|265|\n|gen|9\n|tier|[Gen 9] Random Battle\n|rule|Species Clause: Limit one of each Pok\u00e9mon\n|rule|HP Percentage Mod: HP is shown in percentages\n|rule|Sleep Clause Mod: Limit one foe put to sleep\n|rule|Illusion Level Mod: Illusion disguises the Pok\u00e9mon's true level\n|\n|t:|1783562816\n|teamsize|p1|6\n|teamsize|p2|6\n|start\n|switch|p1a: Muk|Muk-Alola, L82, F|306/306\n|switch|p2a: Rampardos|Rampardos, L90, M|100/100\n|turn|1\n|inactive|Battle timer is ON: inactive players will automatically lose when time's up. (requested by p0y2036a902)\n|inactive|Time left: 300 sec this turn | 300 sec total | 60 sec grace\n|inactive|p0x2036ce4d also wants the timer to be on.\n|\n|t:|1783562817\n|switch|p1a: Cresselia|Cresselia, L80, F|323/323\n|move|p2a: Rampardos|Earthquake|p1a: Cresselia\n|-immune|p1a: Cresselia|[from] ability: Levitate\n|\n|upkeep\n|turn|2\n|inactive|Time left: 300 sec this turn | 300 sec total\n|\n|t:|1783562818\n|switch|p2a: Clefable|Clefable, L83, F|100/100\n|move|p1a: Cresselia|Calm Mind|p1a: Cresselia\n|-boost|p1a: Cresselia|spa|1\n|-boost|p1a: Cresselia|spd|1\n|\n|upkeep\n|turn|3\n|inactive|Time left: 300 sec this turn | 300 sec total\n|\n|t:|1783562820\n|move|p1a: Cresselia|Calm Mind|p1a: Cresselia\n|-boost|p1a: Cresselia|spa|1\n|-boost|p1a: Cresselia|spd|1\n|move|p2a: Clefable|Calm Mind|p2a: Clefable\n|-boost|p2a: Clefable|spa|1\n|-boost|p2a: Clefable|spd|1\n|\n|upkeep\n|turn|4\n|inactive|Time left: 300 sec this turn | 300 sec total\n|\n|t:|1783562821\n|move|p1a: Cresselia|Psyshock|p2a: Clefable\n|-damage|p2a: Clefable|77/100\n|move|p2a: Clefable|Calm Mind|p2a: Clefable\n|-boost|p2a: Clefable|spa|1\n|-boost|p2a: Clefable|spd|1\n|\n|-heal|p2a: Clefable|83/100|[from] item: Leftovers\n|upkeep\n|turn|5\n|inactive|Time left: 300 sec this turn | 300 sec total\n|\n|t:|1783562822\n|switch|p1a: Flareon|Flareon, L90, M|263/263\n|move|p2a: Clefable|Moonblast|p1a: Flareon\n|-resisted|p1a: Flareon\n|-damage|p1a: Flareon|185/263\n|\n|-heal|p2a: Clefable|89/100|[from] item: Leftovers\n|-status|p1a: Flareon|tox|[from] item: Toxic Orb\n|upkeep\n|turn|6\n|inactive|Time left: 300 sec this turn | 300 sec total\n|\n|t:|1783562823\n|move|p1a: Flareon|Flare Blitz|p2a: Clefable\n|-damage|p2a: Clefable|0 fnt\n|faint|p2a: Clefable\n|-damage|p1a: Flareon|100/263 tox|[from] Recoil\n|\n|-damage|p1a: Flareon|84/263 tox|[from] psn\n|upkeep\n|\n|t:|1783562824\n|switch|p2a: Samurott|Samurott-Hisui, L77, M|100/100\n|turn|7\n|inactive|Time left: 300 sec this turn | 300 sec total\n|\n|t:|1783562825\n|switch|p1a: Cobalion|Cobalion, L80|277/277\n|move|p2a: Samurott|Ceaseless Edge|p1a: Cobalion\n|-resisted|p1a: Cobalion\n|-damage|p1a: Cobalion|223/277\n|-ability|p1a: Cobalion|Justified|boost\n|-boost|p1a: Cobalion|atk|1\n|-sidestart|p1: p0x2036ce4d|Spikes\n|\n|-heal|p1a: Cobalion|240/277|[from] item: Leftovers\n|upkeep\n|turn|8\n|inactive|Time left: 300 sec this turn | 300 sec total\n|\n|t:|1783562826\n|switch|p2a: Dragonite|Dragonite, L74, M|100/100\n|move|p1a: Cobalion|Swords Dance|p1a: Cobalion\n|-boost|p1a: Cobalion|atk|2\n|\n|-heal|p1a: Cobalion|257/277|[from] item: Leftovers\n|upkeep\n|turn|9\n|inactive|Time left: 300 sec this turn | 300 sec total\n|\n|t:|1783562827\n|move|p1a: Cobalion|Iron Head|p2a: Dragonite\n|-damage|p2a: Dragonite|64/100\n|move|p2a: Dragonite|Outrage|p1a: Cobalion\n|-resisted|p1a: Cobalion\n|-damage|p1a: Cobalion|207/277\n|\n|-heal|p1a: Cobalion|224/277|[from] item: Leftovers\n|upkeep\n|turn|10\n|inactive|Time left: 300 sec this turn | 300 sec total\n|\n|t:|1783562828\n|move|p1a: Cobalion|Iron Head|p2a: Dragonite\n|-damage|p2a: Dragonite|0 fnt\n|faint|p2a: Dragonite\n|\n|-heal|p1a: Cobalion|241/277|[from] item: Leftovers\n|upkeep\n|\n|t:|1783562829\n|switch|p2a: Tauros|Tauros-Paldea-Combat, L82, M|100/100\n|-ability|p2a: Tauros|Intimidate|boost\n|-unboost|p1a: Cobalion|atk|1\n|turn|11\n|inactive|Time left: 300 sec this turn | 300 sec total\n|\n|t:|1783562830\n|-terastallize|p1a: Cobalion|Fighting\n|move|p1a: Cobalion|Close Combat|p2a: Tauros\n|-damage|p2a: Tauros|0 fnt\n|-unboost|p1a: Cobalion|def|1\n|-unboost|p1a: Cobalion|spd|1\n|faint|p2a: Tauros\n|\n|-heal|p1a: Cobalion|258/277|[from] item: Leftovers\n|upkeep\n|\n|t:|1783562831\n|switch|p2a: Rampardos|Rampardos, L90, M|100/100\n|turn|12\n|inactive|Time left: 300 sec this turn | 300 sec total\n|\n|t:|1783562832\n|move|p2a: Rampardos|Earthquake|p1a: Cobalion\n|-damage|p1a: Cobalion|101/277\n|move|p1a: Cobalion|Close Combat|p2a: Rampardos\n|-supereffective|p2a: Rampardos\n|-damage|p2a: Rampardos|0 fnt\n|-unboost|p1a: Cobalion|def|1\n|-unboost|p1a: Cobalion|spd|1\n|faint|p2a: Rampardos\n|\n|-heal|p1a: Cobalion|118/277|[from] item: Leftovers\n|upkeep\n|\n|t:|1783562833\n|switch|p2a: Mamoswine|Mamoswine, L81, F|100/100\n|turn|13\n|inactive|Time left: 300 sec this turn | 300 sec total\n|\n|t:|1783562833\n|-terastallize|p2a: Mamoswine|Ice\n|move|p2a: Mamoswine|Ice Shard|p1a: Cobalion\n|-damage|p1a: Cobalion|0 fnt\n|faint|p1a: Cobalion\n|-damage|p2a: Mamoswine|91/100|[from] item: Life Orb\n|\n|upkeep\n|inactive|Time left: 300 sec this turn | 300 sec total | 5 sec grace\n|\n|t:|1783562834\n|switch|p1a: Cresselia|Cresselia, L80, F|323/323\n|turn|14\n|inactive|Time left: 300 sec this turn | 300 sec total\n|\n|t:|1783562835\n|move|p1a: Cresselia|Thunderbolt|p2a: Mamoswine\n|-damage|p2a: Mamoswine|68/100\n|move|p2a: Mamoswine|Stealth Rock|p1a: Cresselia\n|-sidestart|p1: p0x2036ce4d|move: Stealth Rock\n|\n|upkeep\n|turn|15\n|inactive|Time left: 300 sec this turn | 300 sec total\n|\n|t:|1783562836\n|move|p1a: Cresselia|Thunderbolt|p2a: Mamoswine\n|-damage|p2a: Mamoswine|48/100\n|-status|p2a: Mamoswine|par\n|move|p2a: Mamoswine|Icicle Crash|p1a: Cresselia\n|-damage|p1a: Cresselia|154/323\n|-damage|p2a: Mamoswine|38/100 par|[from] item: Life Orb\n|\n|-heal|p1a: Cresselia|174/323|[from] item: Leftovers\n|upkeep\n|turn|16\n|inactive|Time left: 300 sec this turn | 300 sec total\n|\n|t:|1783562837\n|move|p1a: Cresselia|Moonlight|p1a: Cresselia\n|-heal|p1a: Cresselia|323/323\n|move|p2a: Mamoswine|Icicle Crash|p1a: Cresselia|[miss]\n|-miss|p2a: Mamoswine|p1a: Cresselia\n|\n|upkeep\n|turn|17\n|inactive|Time left: 300 sec this turn | 300 sec total\n|\n|t:|1783562837\n|move|p1a: Cresselia|Thunderbolt|p2a: Mamoswine\n|-damage|p2a: Mamoswine|15/100 par\n|move|p2a: Mamoswine|Icicle Crash|p1a: Cresselia\n|-damage|p1a: Cresselia|154/323\n|-damage|p2a: Mamoswine|5/100 par|[from] item: Life Orb\n|\n|-heal|p1a: Cresselia|174/323|[from] item: Leftovers\n|upkeep\n|turn|18\n|inactive|Time left: 300 sec this turn | 300 sec total\n|\n|t:|1783562838\n|move|p1a: Cresselia|Moonlight|p1a: Cresselia\n|-heal|p1a: Cresselia|323/323\n|move|p2a: Mamoswine|Icicle Crash|p1a: Cresselia\n|-damage|p1a: Cresselia|164/323\n|-damage|p2a: Mamoswine|0 fnt|[from] item: Life Orb\n|faint|p2a: Mamoswine\n|\n|-heal|p1a: Cresselia|184/323|[from] item: Leftovers\n|upkeep\n|\n|t:|1783562839\n|switch|p2a: Samurott|Samurott-Hisui, L77, M|100/100\n|turn|19\n|inactive|Time left: 300 sec this turn | 300 sec total\n|\n|t:|1783562839\n|move|p1a: Cresselia|Thunderbolt|p2a: Samurott\n|-supereffective|p2a: Samurott\n|-damage|p2a: Samurott|51/100\n|move|p2a: Samurott|Razor Shell|p1a: Cresselia\n|-damage|p1a: Cresselia|42/323\n|-unboost|p1a: Cresselia|def|1\n|\n|-heal|p1a: Cresselia|62/323|[from] item: Leftovers\n|upkeep\n|turn|20\n|inactive|Time left: 300 sec this turn | 300 sec total\n|\n|t:|1783562840\n|move|p1a: Cresselia|Thunderbolt|p2a: Samurott\n|-supereffective|p2a: Samurott\n|-damage|p2a: Samurott|2/100\n|move|p2a: Samurott|Razor Shell|p1a: Cresselia\n|-damage|p1a: Cresselia|0 fnt\n|faint|p1a: Cresselia\n|\n|upkeep\n|inactive|Time left: 300 sec this turn | 300 sec total | 5 sec grace\n|\n|t:|1783562841\n|switch|p1a: Muk|Muk-Alola, L82, F|306/306\n|-damage|p1a: Muk|268/306|[from] Spikes\n|-damage|p1a: Muk|230/306|[from] Stealth Rock\n|turn|21\n|inactive|Time left: 300 sec this turn | 300 sec total\n|\n|t:|1783562841\n|move|p2a: Samurott|Razor Shell|p1a: Muk\n|-damage|p1a: Muk|37/306\n|-unboost|p1a: Muk|def|1\n|move|p1a: Muk|Drain Punch|p2a: Samurott\n|-supereffective|p2a: Samurott\n|-damage|p2a: Samurott|0 fnt\n|-heal|p1a: Muk|39/306|[from] drain|[of] p2a: Samurott\n|faint|p2a: Samurott\n|\n|win|p0x2036ce4d", "uploadtime": 1783562841, "views": 0, "rating": 0, "private": 0, "password": null, "_winner": "p0x2036ce4d", "_our_name": "p0x2036ce4d"}