{"id": "battle-gen9randombattle-145", "formatid": "gen9randombattle", "format": "[Gen 9] Random Battle", "players": ["p0x1454104", "p0y145dd40"], "log": "|init|battle\n|title|p0x1454104 vs. p0y145dd40\n|j|\u2606p0x1454104\n|j|\u2606p0y145dd40\n|t:|1783540840\n|gametype|singles\n|player|p1|p0x1454104|102|\n|player|p2|p0y145dd40|102|\n|gen|9\n|tier|[Gen 9] Random Battle\n|rule|Species Clause: Limit one of each Pok\u00e9mon\n|rule|HP Percentage Mod: HP is shown in percentages\n|rule|Sleep Clause Mod: Limit one foe put to sleep\n|rule|Illusion Level Mod: Illusion disguises the Pok\u00e9mon's true level\n|\n|t:|1783540840\n|teamsize|p1|6\n|teamsize|p2|6\n|start\n|switch|p1a: Hitmontop|Hitmontop, L88, M|231/231\n|switch|p2a: Luxray|Luxray, L88, M|100/100\n|-ability|p2a: Luxray|Intimidate|boost\n|-unboost|p1a: Hitmontop|atk|1\n|-ability|p1a: Hitmontop|Intimidate|boost\n|-unboost|p2a: Luxray|atk|1\n|turn|1\n|inactive|Battle timer is ON: inactive players will automatically lose when time's up. (requested by p0x1454104)\n|inactive|p0y145dd40 also wants the timer to be on.\n|\n|t:|1783540842\n|switch|p1a: Pincurchin|Pincurchin, M|258/258\n|-fieldstart|move: Electric Terrain|[from] ability: Electric Surge|[of] p1a: Pincurchin\n|move|p2a: Luxray|Volt Switch|p1a: Pincurchin\n|-resisted|p1a: Pincurchin\n|-damage|p1a: Pincurchin|216/258\n|\n|t:|1783540843\n|switch|p2a: Ribombee|Ribombee, L83, F|100/100|[from] Volt Switch\n|\n|-heal|p1a: Pincurchin|232/258|[from] item: Leftovers\n|upkeep\n|turn|2\n|inactive|Time left: 300 sec this turn | 300 sec total\n|\n|t:|1783540844\n|move|p2a: Ribombee|Sticky Web|p1a: Pincurchin\n|-sidestart|p1: p0x1454104|move: Sticky Web\n|move|p1a: Pincurchin|Thunderbolt|p2a: Ribombee\n|-damage|p2a: Ribombee|11/100\n|\n|-heal|p1a: Pincurchin|248/258|[from] item: Leftovers\n|upkeep\n|turn|3\n|inactive|Time left: 300 sec this turn | 300 sec total\n|\n|t:|1783540845\n|switch|p2a: Luxray|Luxray, L88, M|100/100\n|-ability|p2a: Luxray|Intimidate|boost\n|-unboost|p1a: Pincurchin|atk|1\n|move|p1a: Pincurchin|Scald|p2a: Luxray\n|-damage|p2a: Luxray|80/100\n|\n|-heal|p1a: Pincurchin|258/258|[from] item: Leftovers\n|upkeep\n|turn|4\n|inactive|Time left: 300 sec this turn | 300 sec total\n|\n|t:|1783540846\n|move|p2a: Luxray|Throat Chop|p1a: Pincurchin\n|-damage|p1a: Pincurchin|194/258\n|-start|p1a: Pincurchin|Throat Chop|[silent]\n|move|p1a: Pincurchin|Spikes|p2a: Luxray\n|-sidestart|p2: p0y145dd40|Spikes\n|\n|-heal|p1a: Pincurchin|210/258|[from] item: Leftovers\n|upkeep\n|turn|5\n|inactive|Time left: 300 sec this turn | 300 sec total\n|\n|t:|1783540847\n|move|p2a: Luxray|Play Rough|p1a: Pincurchin\n|-damage|p1a: Pincurchin|145/258\n|-unboost|p1a: Pincurchin|atk|1\n|move|p1a: Pincurchin|Thunderbolt|p2a: Luxray\n|-resisted|p2a: Luxray\n|-damage|p2a: Luxray|60/100\n|\n|-heal|p1a: Pincurchin|161/258|[from] item: Leftovers\n|-end|p1a: Pincurchin|Throat Chop|[silent]\n|-fieldend|move: Electric Terrain\n|upkeep\n|turn|6\n|inactive|Time left: 300 sec this turn | 300 sec total\n|\n|t:|1783540849\n|move|p2a: Luxray|Play Rough|p1a: Pincurchin\n|-damage|p1a: Pincurchin|100/258\n|move|p1a: Pincurchin|Recover|p1a: Pincurchin\n|-heal|p1a: Pincurchin|229/258\n|\n|-heal|p1a: Pincurchin|245/258|[from] item: Leftovers\n|upkeep\n|turn|7\n|inactive|Time left: 300 sec this turn | 300 sec total\n|\n|t:|1783540849\n|move|p2a: Luxray|Wild Charge|p1a: Pincurchin\n|-resisted|p1a: Pincurchin\n|-damage|p1a: Pincurchin|200/258\n|-damage|p2a: Luxray|56/100|[from] Recoil\n|move|p1a: Pincurchin|Scald|p2a: Luxray\n|-damage|p2a: Luxray|38/100\n|\n|-heal|p1a: Pincurchin|216/258|[from] item: Leftovers\n|upkeep\n|turn|8\n|inactive|Time left: 300 sec this turn | 300 sec total\n|\n|t:|1783540851\n|switch|p1a: Vikavolt|Vikavolt, L83, F|263/263\n|move|p2a: Luxray|Volt Switch|p1a: Vikavolt\n|-resisted|p1a: Vikavolt\n|-damage|p1a: Vikavolt|215/263\n|\n|t:|1783540852\n|switch|p2a: Terrakion|Terrakion, L79|100/100|[from] Volt Switch\n|-damage|p2a: Terrakion|88/100|[from] Spikes\n|\n|upkeep\n|turn|9\n|inactive|Time left: 300 sec this turn | 300 sec total\n|\n|t:|1783540853\n|-terastallize|p1a: Vikavolt|Electric\n|move|p2a: Terrakion|Stone Edge|p1a: Vikavolt\n|-damage|p1a: Vikavolt|32/263\n|move|p1a: Vikavolt|Sticky Web|p2a: Terrakion\n|-sidestart|p2: p0y145dd40|move: Sticky Web\n|\n|upkeep\n|turn|10\n|inactive|Time left: 300 sec this turn | 300 sec total\n|\n|t:|1783540854\n|switch|p1a: Hitmontop|Hitmontop, L88, M|231/231\n|-activate|p1a: Hitmontop|move: Sticky Web\n|-unboost|p1a: Hitmontop|spe|1\n|-ability|p1a: Hitmontop|Intimidate|boost\n|-unboost|p2a: Terrakion|atk|1\n|move|p2a: Terrakion|Stone Edge|p1a: Hitmontop\n|-resisted|p1a: Hitmontop\n|-crit|p1a: Hitmontop\n|-damage|p1a: Hitmontop|118/231\n|\n|upkeep\n|turn|11\n|inactive|Time left: 300 sec this turn | 300 sec total\n|\n|t:|1783540855\n|switch|p2a: Mimikyu|Mimikyu, L79, M|100/100\n|-damage|p2a: Mimikyu|88/100|[from] Spikes\n|-activate|p2a: Mimikyu|move: Sticky Web\n|-unboost|p2a: Mimikyu|spe|1\n|move|p1a: Hitmontop|Rapid Spin|p2a: Mimikyu\n|-immune|p2a: Mimikyu\n|\n|upkeep\n|turn|12\n|inactive|Time left: 300 sec this turn | 300 sec total\n|\n|t:|1783540856\n|move|p2a: Mimikyu|Swords Dance|p2a: Mimikyu\n|-boost|p2a: Mimikyu|atk|2\n|move|p1a: Hitmontop|Rapid Spin|p2a: Mimikyu\n|-immune|p2a: Mimikyu\n|\n|upkeep\n|turn|13\n|inactive|Time left: 300 sec this turn | 300 sec total\n|\n|t:|1783540857\n|switch|p1a: Clefable|Clefable, L83, M|293/293\n|-activate|p1a: Clefable|move: Sticky Web\n|-unboost|p1a: Clefable|spe|1\n|move|p2a: Mimikyu|Play Rough|p1a: Clefable\n|-damage|p1a: Clefable|179/293\n|-damage|p2a: Mimikyu|78/100|[from] item: Life Orb\n|\n|-heal|p1a: Clefable|197/293|[from] item: Leftovers\n|upkeep\n|turn|14\n|inactive|Time left: 300 sec this turn | 300 sec total\n|\n|t:|1783540859\n|move|p2a: Mimikyu|Play Rough|p1a: Clefable\n|-damage|p1a: Clefable|67/293\n|-damage|p2a: Mimikyu|69/100|[from] item: Life Orb\n|move|p1a: Clefable|Moonlight|p1a: Clefable\n|-heal|p1a: Clefable|213/293\n|\n|-heal|p1a: Clefable|231/293|[from] item: Leftovers\n|upkeep\n|turn|15\n|inactive|Time left: 300 sec this turn | 300 sec total\n|\n|t:|1783540860\n|move|p2a: Mimikyu|Play Rough|p1a: Clefable\n|-damage|p1a: Clefable|109/293\n|-damage|p2a: Mimikyu|59/100|[from] item: Life Orb\n|move|p1a: Clefable|Thunder Wave|p2a: Mimikyu\n|-status|p2a: Mimikyu|par\n|\n|-heal|p1a: Clefable|127/293|[from] item: Leftovers\n|upkeep\n|turn|16\n|inactive|Time left: 300 sec this turn | 300 sec total\n|\n|t:|1783540861\n|move|p1a: Clefable|Moonlight|p1a: Clefable\n|-heal|p1a: Clefable|273/293\n|move|p2a: Mimikyu|Play Rough|p1a: Clefable\n|-damage|p1a: Clefable|156/293\n|-damage|p2a: Mimikyu|49/100 par|[from] item: Life Orb\n|\n|-heal|p1a: Clefable|174/293|[from] item: Leftovers\n|upkeep\n|turn|17\n|inactive|Time left: 300 sec this turn | 300 sec total\n|\n|t:|1783540862\n|move|p1a: Clefable|Moonlight|p1a: Clefable\n|-heal|p1a: Clefable|293/293\n|move|p2a: Mimikyu|Play Rough|p1a: Clefable\n|-damage|p1a: Clefable|175/293\n|-damage|p2a: Mimikyu|39/100 par|[from] item: Life Orb\n|\n|-heal|p1a: Clefable|193/293|[from] item: Leftovers\n|upkeep\n|turn|18\n|inactive|Time left: 300 sec this turn | 300 sec total\n|\n|t:|1783540863\n|move|p1a: Clefable|Moonblast|p2a: Mimikyu\n|-activate|p2a: Mimikyu|ability: Disguise\n|-damage|p2a: Mimikyu|39/100 par\n|detailschange|p2a: Mimikyu|Mimikyu-Busted, L79, M\n|-damage|p2a: Mimikyu|27/100 par|[from] pokemon: Mimikyu-Busted\n|move|p2a: Mimikyu|Play Rough|p1a: Clefable\n|-damage|p1a: Clefable|63/293\n|-unboost|p1a: Clefable|atk|1\n|-damage|p2a: Mimikyu|17/100 par|[from] item: Life Orb\n|\n|-heal|p1a: Clefable|81/293|[from] item: Leftovers\n|upkeep\n|turn|19\n|inactive|Time left: 300 sec this turn | 300 sec total\n|\n|t:|1783540864\n|move|p1a: Clefable|Moonblast|p2a: Mimikyu\n|-damage|p2a: Mimikyu|0 fnt\n|faint|p2a: Mimikyu\n|\n|-heal|p1a: Clefable|99/293|[from] item: Leftovers\n|upkeep\n|\n|t:|1783540865\n|switch|p2a: Terrakion|Terrakion, L79|88/100\n|-damage|p2a: Terrakion|76/100|[from] Spikes\n|-activate|p2a: Terrakion|move: Sticky Web\n|-unboost|p2a: Terrakion|spe|1\n|turn|20\n|inactive|Time left: 300 sec this turn | 300 sec total\n|\n|t:|1783540866\n|switch|p1a: Basculegion|Basculegion-F, L83, F|335/335\n|-activate|p1a: Basculegion|move: Sticky Web\n|-unboost|p1a: Basculegion|spe|1\n|move|p2a: Terrakion|Close Combat|p1a: Basculegion\n|-immune|p1a: Basculegion\n|\n|upkeep\n|turn|21\n|inactive|Time left: 300 sec this turn | 300 sec total\n|\n|t:|1783540867\n|switch|p2a: Manaphy|Manaphy, L78|100/100\n|-damage|p2a: Manaphy|88/100|[from] Spikes\n|-activate|p2a: Manaphy|move: Sticky Web\n|-unboost|p2a: Manaphy|spe|1\n|move|p1a: Basculegion|Flip Turn|p2a: Manaphy\n|-resisted|p2a: Manaphy\n|-damage|p2a: Manaphy|74/100\n|inactive|Time left: 300 sec this turn | 300 sec total | 5 sec grace\n|\n|t:|1783540868\n|switch|p1a: Hitmontop|Hitmontop, L88, M|118/231|[from] Flip Turn\n|-activate|p1a: Hitmontop|move: Sticky Web\n|-unboost|p1a: Hitmontop|spe|1\n|-ability|p1a: Hitmontop|Intimidate|boost\n|-unboost|p2a: Manaphy|atk|1\n|\n|-heal|p2a: Manaphy|80/100|[from] item: Leftovers\n|upkeep\n|turn|22\n|inactive|Time left: 300 sec this turn | 300 sec total\n|\n|t:|1783540869\n|move|p2a: Manaphy|Tail Glow|p2a: Manaphy\n|-boost|p2a: Manaphy|spa|3\n|move|p1a: Hitmontop|Rapid Spin|p2a: Manaphy\n|-damage|p2a: Manaphy|66/100\n|-boost|p1a: Hitmontop|spe|1\n|-sideend|p1: p0x1454104|Sticky Web|[from] move: Rapid Spin|[of] p1a: Hitmontop\n|\n|-heal|p2a: Manaphy|72/100|[from] item: Leftovers\n|upkeep\n|turn|23\n|inactive|Time left: 300 sec this turn | 300 sec total\n|\n|t:|1783540870\n|move|p1a: Hitmontop|Close Combat|p2a: Manaphy\n|-damage|p2a: Manaphy|26/100\n|-unboost|p1a: Hitmontop|def|1\n|-unboost|p1a: Hitmontop|spd|1\n|move|p2a: Manaphy|Hydro Pump|p1a: Hitmontop\n|-damage|p1a: Hitmontop|0 fnt\n|faint|p1a: Hitmontop\n|\n|-heal|p2a: Manaphy|32/100|[from] item: Leftovers\n|upkeep\n|inactive|Time left: 300 sec this turn | 300 sec total | 5 sec grace\n|\n|t:|1783540871\n|switch|p1a: Basculegion|Basculegion-F, L83, F|335/335\n|turn|24\n|inactive|Time left: 300 sec this turn | 300 sec total\n|\n|t:|1783540872\n|move|p1a: Basculegion|Shadow Ball|p2a: Manaphy\n|-damage|p2a: Manaphy|0 fnt\n|faint|p2a: Manaphy\n|\n|upkeep\n|\n|t:|1783540873\n|switch|p2a: Ribombee|Ribombee, L83, F|11/100\n|turn|25\n|inactive|Time left: 300 sec this turn | 300 sec total\n|\n|t:|1783540875\n|move|p2a: Ribombee|Sticky Web|p1a: Basculegion\n|-sidestart|p1: p0x1454104|move: Sticky Web\n|move|p1a: Basculegion|Wave Crash|p2a: Ribombee\n|-damage|p2a: Ribombee|0 fnt\n|faint|p2a: Ribombee\n|-damage|p1a: Basculegion|327/335|[from] Recoil\n|\n|upkeep\n|\n|t:|1783540876\n|switch|p2a: Skuntank|Skuntank, L84, M|100/100\n|-damage|p2a: Skuntank|88/100|[from] Spikes\n|-activate|p2a: Skuntank|move: Sticky Web\n|-unboost|p2a: Skuntank|spe|1\n|turn|26\n|inactive|Time left: 300 sec this turn | 300 sec total\n|\n|t:|1783540877\n|move|p1a: Basculegion|Flip Turn|p2a: Skuntank\n|-damage|p2a: Skuntank|57/100\n|inactive|Time left: 300 sec this turn | 300 sec total | 5 sec grace\n|\n|t:|1783540878\n|switch|p1a: Pincurchin|Pincurchin, M|216/258|[from] Flip Turn\n|-activate|p1a: Pincurchin|move: Sticky Web\n|-unboost|p1a: Pincurchin|spe|1\n|-fieldstart|move: Electric Terrain|[from] ability: Electric Surge|[of] p1a: Pincurchin\n|move|p2a: Skuntank|Knock Off|p1a: Pincurchin\n|-damage|p1a: Pincurchin|143/258\n|-enditem|p1a: Pincurchin|Leftovers|[from] move: Knock Off|[of] p2a: Skuntank\n|\n|-heal|p2a: Skuntank|63/100|[from] item: Leftovers\n|upkeep\n|turn|27\n|inactive|Time left: 300 sec this turn | 300 sec total\n|\n|t:|1783540879\n|move|p2a: Skuntank|Toxic Spikes|p1a: Pincurchin\n|-sidestart|p1: p0x1454104|move: Toxic Spikes\n|move|p1a: Pincurchin|Thunderbolt|p2a: Skuntank\n|-damage|p2a: Skuntank|0 fnt\n|faint|p2a: Skuntank\n|\n|upkeep\n|\n|t:|1783540880\n|switch|p2a: Terrakion|Terrakion, L79|76/100\n|-damage|p2a: Terrakion|63/100|[from] Spikes\n|-activate|p2a: Terrakion|move: Sticky Web\n|-unboost|p2a: Terrakion|spe|1\n|turn|28\n|inactive|Time left: 300 sec this turn | 300 sec total\n|\n|t:|1783540881\n|move|p2a: Terrakion|Earthquake|p1a: Pincurchin\n|-supereffective|p1a: Pincurchin\n|-damage|p1a: Pincurchin|0 fnt\n|faint|p1a: Pincurchin\n|\n|upkeep\n|inactive|Time left: 300 sec this turn | 300 sec total | 5 sec grace\n|\n|t:|1783540882\n|switch|p1a: Basculegion|Basculegion-F, L83, F|327/335\n|-activate|p1a: Basculegion|move: Sticky Web\n|-unboost|p1a: Basculegion|spe|1\n|-status|p1a: Basculegion|psn\n|turn|29\n|inactive|Time left: 300 sec this turn | 300 sec total\n|\n|t:|1783540883\n|-terastallize|p2a: Terrakion|Fighting\n|move|p2a: Terrakion|Earthquake|p1a: Basculegion\n|-damage|p1a: Basculegion|170/335 psn\n|move|p1a: Basculegion|Wave Crash|p2a: Terrakion\n|-damage|p2a: Terrakion|5/100\n|-damage|p1a: Basculegion|117/335 psn|[from] Recoil\n|\n|-damage|p1a: Basculegion|76/335 psn|[from] psn\n|upkeep\n|turn|30\n|inactive|Time left: 300 sec this turn | 300 sec total\n|\n|t:|1783540884\n|switch|p1a: Vikavolt|Vikavolt, L83, F, tera:Electric|32/263\n|move|p2a: Terrakion|Earthquake|p1a: Vikavolt\n|-immune|p1a: Vikavolt|[from] ability: Levitate\n|\n|-fieldend|move: Electric Terrain\n|upkeep\n|turn|31\n|inactive|Time left: 300 sec this turn | 300 sec total\n|\n|t:|1783540885\n|move|p2a: Terrakion|Earthquake|p1a: Vikavolt\n|-immune|p1a: Vikavolt|[from] ability: Levitate\n|move|p1a: Vikavolt|Bug Buzz|p2a: Terrakion\n|-resisted|p2a: Terrakion\n|-damage|p2a: Terrakion|0 fnt\n|faint|p2a: Terrakion\n|\n|upkeep\n|\n|t:|1783540886\n|switch|p2a: Luxray|Luxray, L88, M|38/100\n|-damage|p2a: Luxray|26/100|[from] Spikes\n|-activate|p2a: Luxray|move: Sticky Web\n|-unboost|p2a: Luxray|spe|1\n|-ability|p2a: Luxray|Intimidate|boost\n|-unboost|p1a: Vikavolt|atk|1\n|turn|32\n|inactive|Time left: 300 sec this turn | 300 sec total\n|\n|t:|1783540887\n|move|p1a: Vikavolt|Bug Buzz|p2a: Luxray\n|-damage|p2a: Luxray|0 fnt\n|faint|p2a: Luxray\n|\n|win|p0x1454104", "uploadtime": 1783540887, "views": 0, "rating": 0, "private": 0, "password": null, "_winner": "p0x1454104", "_our_name": "p0x1454104"}