{"id": "battle-gen9randombattle-848", "formatid": "gen9randombattle", "format": "[Gen 9] Random Battle", "players": ["p0x8485384", "p0y8481ed4"], "log": "|init|battle\n|title|p0x8485384 vs. p0y8481ed4\n|j|\u2606p0x8485384\n|j|\u2606p0y8481ed4\n|t:|1783549720\n|gametype|singles\n|player|p1|p0x8485384|1|\n|player|p2|p0y8481ed4|2|\n|gen|9\n|tier|[Gen 9] Random Battle\n|rule|Species Clause: Limit one of each Pok\u00e9mon\n|rule|HP Percentage Mod: HP is shown in percentages\n|rule|Sleep Clause Mod: Limit one foe put to sleep\n|rule|Illusion Level Mod: Illusion disguises the Pok\u00e9mon's true level\n|\n|t:|1783549720\n|teamsize|p1|6\n|teamsize|p2|6\n|start\n|switch|p1a: Mabosstiff|Mabosstiff, L86, F|278/278\n|switch|p2a: Cacturne|Cacturne, L92, F|100/100\n|turn|1\n|inactive|Battle timer is ON: inactive players will automatically lose when time's up. (requested by p0x8485384)\n|\n|t:|1783549721\n|move|p1a: Mabosstiff|Play Rough|p2a: Cacturne\n|-supereffective|p2a: Cacturne\n|-damage|p2a: Cacturne|35/100\n|move|p2a: Cacturne|Knock Off|p1a: Mabosstiff\n|-resisted|p1a: Mabosstiff\n|-damage|p1a: Mabosstiff|188/278\n|-enditem|p1a: Mabosstiff|Choice Scarf|[from] move: Knock Off|[of] p2a: Cacturne\n|-damage|p2a: Cacturne|25/100|[from] item: Life Orb\n|\n|upkeep\n|turn|2\n|inactive|Time left: 300 sec this turn | 300 sec total\n|inactive|p0y8481ed4 also wants the timer to be on.\n|\n|t:|1783549722\n|switch|p2a: Mimikyu|Mimikyu, L79, F|100/100\n|move|p1a: Mabosstiff|Play Rough|p2a: Mimikyu\n|-activate|p2a: Mimikyu|ability: Disguise\n|-damage|p2a: Mimikyu|100/100\n|detailschange|p2a: Mimikyu|Mimikyu-Busted, L79, F\n|-damage|p2a: Mimikyu|88/100|[from] pokemon: Mimikyu-Busted\n|\n|upkeep\n|turn|3\n|inactive|Time left: 300 sec this turn | 300 sec total\n|\n|t:|1783549724\n|move|p2a: Mimikyu|Play Rough|p1a: Mabosstiff\n|-supereffective|p1a: Mabosstiff\n|-damage|p1a: Mabosstiff|0 fnt\n|faint|p1a: Mabosstiff\n|-damage|p2a: Mimikyu|78/100|[from] item: Life Orb\n|\n|upkeep\n|inactive|Time left: 300 sec this turn | 300 sec total | 5 sec grace\n|\n|t:|1783549724\n|switch|p1a: Kyogre|Kyogre, L71|259/259\n|-weather|RainDance|[from] ability: Drizzle|[of] p1a: Kyogre\n|turn|4\n|inactive|Time left: 300 sec this turn | 300 sec total\n|\n|t:|1783549726\n|switch|p2a: Cacturne|Cacturne, L92, F|25/100\n|move|p1a: Kyogre|Water Spout|p2a: Cacturne\n|-heal|p2a: Cacturne|50/100|[from] ability: Water Absorb|[of] p1a: Kyogre\n|\n|-weather|RainDance|[upkeep]\n|upkeep\n|turn|5\n|inactive|Time left: 300 sec this turn | 300 sec total\n|\n|t:|1783549727\n|switch|p1a: Zamazenta|Zamazenta-Crowned, L68|238/238\n|-ability|p1a: Zamazenta|Dauntless Shield|boost\n|-boost|p1a: Zamazenta|def|1\n|move|p2a: Cacturne|Knock Off|p1a: Zamazenta\n|-resisted|p1a: Zamazenta\n|-damage|p1a: Zamazenta|204/238\n|-damage|p2a: Cacturne|40/100|[from] item: Life Orb\n|\n|-weather|RainDance|[upkeep]\n|upkeep\n|turn|6\n|inactive|Time left: 300 sec this turn | 300 sec total\n|\n|t:|1783549728\n|switch|p2a: Trevenant|Trevenant, L89, M|100/100\n|move|p1a: Zamazenta|Body Press|p2a: Trevenant\n|-immune|p2a: Trevenant\n|\n|-weather|RainDance|[upkeep]\n|upkeep\n|turn|7\n|inactive|Time left: 300 sec this turn | 300 sec total\n|\n|t:|1783549729\n|move|p1a: Zamazenta|Heavy Slam|p2a: Trevenant\n|-damage|p2a: Trevenant|64/100\n|move|p2a: Trevenant|Will-O-Wisp|p1a: Zamazenta\n|-status|p1a: Zamazenta|brn\n|\n|-weather|RainDance|[upkeep]\n|-damage|p1a: Zamazenta|190/238 brn|[from] brn\n|upkeep\n|turn|8\n|inactive|Time left: 300 sec this turn | 300 sec total\n|\n|t:|1783549731\n|move|p1a: Zamazenta|Heavy Slam|p2a: Trevenant\n|-damage|p2a: Trevenant|45/100\n|move|p2a: Trevenant|Drain Punch|p1a: Zamazenta\n|-supereffective|p1a: Zamazenta\n|-damage|p1a: Zamazenta|99/238 brn\n|-heal|p2a: Trevenant|60/100|[from] drain|[of] p1a: Zamazenta\n|-damage|p2a: Trevenant|50/100|[from] item: Life Orb\n|\n|-weather|none\n|-damage|p1a: Zamazenta|85/238 brn|[from] brn\n|upkeep\n|turn|9\n|inactive|Time left: 300 sec this turn | 300 sec total\n|\n|t:|1783549732\n|move|p1a: Zamazenta|Heavy Slam|p2a: Trevenant\n|-damage|p2a: Trevenant|32/100\n|move|p2a: Trevenant|Drain Punch|p1a: Zamazenta\n|-supereffective|p1a: Zamazenta\n|-damage|p1a: Zamazenta|0 fnt\n|-heal|p2a: Trevenant|47/100|[from] drain|[of] p1a: Zamazenta\n|faint|p1a: Zamazenta\n|-damage|p2a: Trevenant|37/100|[from] item: Life Orb\n|\n|upkeep\n|inactive|Time left: 300 sec this turn | 300 sec total | 5 sec grace\n|\n|t:|1783549733\n|switch|p1a: Kyogre|Kyogre, L71|259/259\n|-weather|RainDance|[from] ability: Drizzle|[of] p1a: Kyogre\n|turn|10\n|inactive|Time left: 300 sec this turn | 300 sec total\n|\n|t:|1783549734\n|switch|p2a: Cacturne|Cacturne, L92, F|40/100\n|move|p1a: Kyogre|Water Spout|p2a: Cacturne\n|-heal|p2a: Cacturne|65/100|[from] ability: Water Absorb|[of] p1a: Kyogre\n|\n|-weather|RainDance|[upkeep]\n|upkeep\n|turn|11\n|inactive|Time left: 300 sec this turn | 300 sec total\n|\n|t:|1783549735\n|switch|p1a: Okidogi|Okidogi, L77, M|262/262\n|move|p2a: Cacturne|Knock Off|p1a: Okidogi\n|-resisted|p1a: Okidogi\n|-damage|p1a: Okidogi|184/262\n|-enditem|p1a: Okidogi|Assault Vest|[from] move: Knock Off|[of] p2a: Cacturne\n|-damage|p2a: Cacturne|56/100|[from] item: Life Orb\n|\n|-weather|RainDance|[upkeep]\n|upkeep\n|turn|12\n|inactive|Time left: 300 sec this turn | 300 sec total\n|\n|t:|1783549736\n|switch|p2a: Qwilfish|Qwilfish, L86, M|100/100\n|-ability|p2a: Qwilfish|Intimidate|boost\n|-unboost|p1a: Okidogi|atk|1\n|move|p1a: Okidogi|Gunk Shot|p2a: Qwilfish\n|-resisted|p2a: Qwilfish\n|-damage|p2a: Qwilfish|84/100\n|\n|-weather|RainDance|[upkeep]\n|upkeep\n|turn|13\n|inactive|Time left: 300 sec this turn | 300 sec total\n|\n|t:|1783549737\n|move|p2a: Qwilfish|Flip Turn|p1a: Okidogi\n|-damage|p1a: Okidogi|94/262\n|\n|t:|1783549738\n|switch|p2a: Zamazenta|Zamazenta, L71|100/100|[from] Flip Turn\n|-ability|p2a: Zamazenta|Dauntless Shield|boost\n|-boost|p2a: Zamazenta|def|1\n|move|p1a: Okidogi|Knock Off|p2a: Zamazenta\n|-resisted|p2a: Zamazenta\n|-damage|p2a: Zamazenta|94/100\n|-enditem|p2a: Zamazenta|Choice Band|[from] move: Knock Off|[of] p1a: Okidogi\n|\n|-weather|RainDance|[upkeep]\n|upkeep\n|turn|14\n|inactive|Time left: 300 sec this turn | 300 sec total\n|\n|t:|1783549739\n|switch|p1a: Dachsbun|Dachsbun, L92, F|254/254\n|move|p2a: Zamazenta|Psychic Fangs|p1a: Dachsbun\n|-damage|p1a: Dachsbun|216/254\n|\n|-weather|none\n|-heal|p1a: Dachsbun|231/254|[from] item: Leftovers\n|upkeep\n|turn|15\n|inactive|Time left: 300 sec this turn | 300 sec total\n|\n|t:|1783549740\n|move|p2a: Zamazenta|Iron Head|p1a: Dachsbun\n|-supereffective|p1a: Dachsbun\n|-damage|p1a: Dachsbun|151/254\n|move|p1a: Dachsbun|Play Rough|p2a: Zamazenta\n|-supereffective|p2a: Zamazenta\n|-damage|p2a: Zamazenta|45/100\n|\n|-heal|p1a: Dachsbun|166/254|[from] item: Leftovers\n|upkeep\n|turn|16\n|inactive|Time left: 300 sec this turn | 300 sec total\n|\n|t:|1783549741\n|move|p2a: Zamazenta|Iron Head|p1a: Dachsbun\n|-supereffective|p1a: Dachsbun\n|-damage|p1a: Dachsbun|94/254\n|move|p1a: Dachsbun|Play Rough|p2a: Zamazenta\n|-supereffective|p2a: Zamazenta\n|-crit|p2a: Zamazenta\n|-damage|p2a: Zamazenta|0 fnt\n|faint|p2a: Zamazenta\n|\n|-heal|p1a: Dachsbun|109/254|[from] item: Leftovers\n|upkeep\n|\n|t:|1783549742\n|switch|p2a: Qwilfish|Qwilfish, L86, M|84/100\n|-ability|p2a: Qwilfish|Intimidate|boost\n|-unboost|p1a: Dachsbun|atk|1\n|turn|17\n|inactive|Time left: 300 sec this turn | 300 sec total\n|\n|t:|1783549743\n|switch|p1a: Okidogi|Okidogi, L77, M|94/262\n|move|p2a: Qwilfish|Flip Turn|p1a: Okidogi\n|-damage|p1a: Okidogi|39/262\n|\n|t:|1783549744\n|switch|p2a: Dewgong|Dewgong, L94, F|100/100|[from] Flip Turn\n|\n|upkeep\n|turn|18\n|inactive|Time left: 300 sec this turn | 300 sec total\n|\n|t:|1783549745\n|switch|p1a: Frosmoth|Frosmoth, L82, M|249/249\n|move|p2a: Dewgong|Ice Beam|p1a: Frosmoth\n|-resisted|p1a: Frosmoth\n|-crit|p1a: Frosmoth\n|-damage|p1a: Frosmoth|215/249\n|\n|upkeep\n|turn|19\n|inactive|Time left: 300 sec this turn | 300 sec total\n|\n|t:|1783549746\n|move|p2a: Dewgong|Knock Off|p1a: Frosmoth\n|-damage|p1a: Frosmoth|130/249\n|-enditem|p1a: Frosmoth|Heavy-Duty Boots|[from] move: Knock Off|[of] p2a: Dewgong\n|move|p1a: Frosmoth|Quiver Dance|p1a: Frosmoth\n|-boost|p1a: Frosmoth|spa|1\n|-boost|p1a: Frosmoth|spd|1\n|-boost|p1a: Frosmoth|spe|1\n|\n|upkeep\n|turn|20\n|inactive|Time left: 300 sec this turn | 300 sec total\n|\n|t:|1783549747\n|switch|p2a: Cacturne|Cacturne, L92, F|56/100\n|move|p1a: Frosmoth|Quiver Dance|p1a: Frosmoth\n|-boost|p1a: Frosmoth|spa|1\n|-boost|p1a: Frosmoth|spd|1\n|-boost|p1a: Frosmoth|spe|1\n|\n|upkeep\n|turn|21\n|inactive|Time left: 300 sec this turn | 300 sec total\n|\n|t:|1783549748\n|move|p2a: Cacturne|Sucker Punch||[still]\n|-fail|p2a: Cacturne\n|move|p1a: Frosmoth|Quiver Dance|p1a: Frosmoth\n|-boost|p1a: Frosmoth|spa|1\n|-boost|p1a: Frosmoth|spd|1\n|-boost|p1a: Frosmoth|spe|1\n|\n|upkeep\n|turn|22\n|inactive|Time left: 300 sec this turn | 300 sec total\n|\n|t:|1783549749\n|move|p2a: Cacturne|Sucker Punch||[still]\n|-fail|p2a: Cacturne\n|move|p1a: Frosmoth|Quiver Dance|p1a: Frosmoth\n|-boost|p1a: Frosmoth|spa|1\n|-boost|p1a: Frosmoth|spd|1\n|-boost|p1a: Frosmoth|spe|1\n|\n|upkeep\n|turn|23\n|inactive|Time left: 300 sec this turn | 300 sec total\n|\n|t:|1783549750\n|move|p2a: Cacturne|Sucker Punch||[still]\n|-fail|p2a: Cacturne\n|move|p1a: Frosmoth|Quiver Dance|p1a: Frosmoth\n|-boost|p1a: Frosmoth|spa|1\n|-boost|p1a: Frosmoth|spd|1\n|-boost|p1a: Frosmoth|spe|1\n|\n|upkeep\n|turn|24\n|inactive|Time left: 300 sec this turn | 300 sec total\n|\n|t:|1783549751\n|move|p2a: Cacturne|Sucker Punch||[still]\n|-fail|p2a: Cacturne\n|move|p1a: Frosmoth|Quiver Dance|p1a: Frosmoth\n|-boost|p1a: Frosmoth|spa|1\n|-boost|p1a: Frosmoth|spd|1\n|-boost|p1a: Frosmoth|spe|1\n|\n|upkeep\n|turn|25\n|inactive|Time left: 300 sec this turn | 300 sec total\n|\n|t:|1783549752\n|move|p2a: Cacturne|Sucker Punch||[still]\n|-fail|p2a: Cacturne\n|move|p1a: Frosmoth|Quiver Dance|p1a: Frosmoth\n|-boost|p1a: Frosmoth|spa|0\n|-boost|p1a: Frosmoth|spd|0\n|-boost|p1a: Frosmoth|spe|0\n|\n|upkeep\n|turn|26\n|inactive|Time left: 300 sec this turn | 300 sec total\n|\n|t:|1783549754\n|move|p2a: Cacturne|Sucker Punch||[still]\n|-fail|p2a: Cacturne\n|move|p1a: Frosmoth|Quiver Dance|p1a: Frosmoth\n|-boost|p1a: Frosmoth|spa|0\n|-boost|p1a: Frosmoth|spd|0\n|-boost|p1a: Frosmoth|spe|0\n|\n|upkeep\n|turn|27\n|inactive|Time left: 300 sec this turn | 300 sec total\n|\n|t:|1783549755\n|move|p2a: Cacturne|Sucker Punch||[still]\n|-fail|p2a: Cacturne\n|move|p1a: Frosmoth|Quiver Dance|p1a: Frosmoth\n|-boost|p1a: Frosmoth|spa|0\n|-boost|p1a: Frosmoth|spd|0\n|-boost|p1a: Frosmoth|spe|0\n|\n|upkeep\n|turn|28\n|inactive|Time left: 300 sec this turn | 300 sec total\n|\n|t:|1783549756\n|move|p2a: Cacturne|Sucker Punch||[still]\n|-fail|p2a: Cacturne\n|move|p1a: Frosmoth|Quiver Dance|p1a: Frosmoth\n|-boost|p1a: Frosmoth|spa|0\n|-boost|p1a: Frosmoth|spd|0\n|-boost|p1a: Frosmoth|spe|0\n|\n|upkeep\n|turn|29\n|inactive|Time left: 300 sec this turn | 300 sec total\n|\n|t:|1783549757\n|move|p1a: Frosmoth|Bug Buzz|p2a: Cacturne\n|-supereffective|p2a: Cacturne\n|-damage|p2a: Cacturne|0 fnt\n|faint|p2a: Cacturne\n|\n|upkeep\n|\n|t:|1783549758\n|switch|p2a: Qwilfish|Qwilfish, L86, M|84/100\n|-ability|p2a: Qwilfish|Intimidate|boost\n|-unboost|p1a: Frosmoth|atk|1\n|turn|30\n|inactive|Time left: 300 sec this turn | 300 sec total\n|\n|t:|1783549758\n|switch|p2a: Trevenant|Trevenant, L89, M|37/100\n|move|p1a: Frosmoth|Bug Buzz|p2a: Trevenant\n|-damage|p2a: Trevenant|0 fnt\n|faint|p2a: Trevenant\n|\n|upkeep\n|\n|t:|1783549759\n|switch|p2a: Dewgong|Dewgong, L94, F|100/100\n|turn|31\n|inactive|Time left: 300 sec this turn | 300 sec total\n|\n|t:|1783549760\n|move|p1a: Frosmoth|Bug Buzz|p2a: Dewgong\n|-damage|p2a: Dewgong|0 fnt\n|faint|p2a: Dewgong\n|\n|upkeep\n|\n|t:|1783549761\n|switch|p2a: Mimikyu|Mimikyu-Busted, L79, F|78/100\n|turn|32\n|inactive|Time left: 300 sec this turn | 300 sec total\n|\n|t:|1783549762\n|move|p1a: Frosmoth|Ice Beam|p2a: Mimikyu\n|-damage|p2a: Mimikyu|0 fnt\n|faint|p2a: Mimikyu\n|\n|upkeep\n|\n|t:|1783549762\n|switch|p2a: Qwilfish|Qwilfish, L86, M|84/100\n|-ability|p2a: Qwilfish|Intimidate|boost\n|-unboost|p1a: Frosmoth|atk|1\n|turn|33\n|inactive|Time left: 300 sec this turn | 300 sec total\n|\n|t:|1783549763\n|-terastallize|p1a: Frosmoth|Ground\n|-terastallize|p2a: Qwilfish|Dark\n|move|p1a: Frosmoth|Tera Blast|p2a: Qwilfish|[anim] Tera Blast Ground\n|-damage|p2a: Qwilfish|0 fnt\n|faint|p2a: Qwilfish\n|\n|win|p0x8485384", "uploadtime": 1783549763, "views": 0, "rating": 0, "private": 0, "password": null, "_winner": "p0x8485384", "_our_name": "p0x8485384"}