{"id": "battle-gen9randombattle-2487", "formatid": "gen9randombattle", "format": "[Gen 9] Random Battle", "players": ["p0x248707e5", "p0y248791a6"], "log": "|init|battle\n|title|p0x248707e5 vs. p0y248791a6\n|j|\u2606p0x248707e5\n|j|\u2606p0y248791a6\n|t:|1783567874\n|gametype|singles\n|player|p1|p0x248707e5|170|\n|player|p2|p0y248791a6|102|\n|gen|9\n|tier|[Gen 9] Random Battle\n|rule|Species Clause: Limit one of each Pok\u00e9mon\n|rule|HP Percentage Mod: HP is shown in percentages\n|rule|Sleep Clause Mod: Limit one foe put to sleep\n|rule|Illusion Level Mod: Illusion disguises the Pok\u00e9mon's true level\n|\n|t:|1783567874\n|teamsize|p1|6\n|teamsize|p2|6\n|start\n|switch|p1a: Deoxys|Deoxys-Attack, L72|100/100\n|switch|p2a: Kilowattrel|Kilowattrel, L83, F|252/252\n|-ability|p1a: Deoxys|Pressure\n|turn|1\n|inactive|Battle timer is ON: inactive players will automatically lose when time's up. (requested by p0y248791a6)\n|inactive|p0x248707e5 also wants the timer to be on.\n|\n|t:|1783567875\n|move|p1a: Deoxys|Ice Beam|p2a: Kilowattrel\n|-supereffective|p2a: Kilowattrel\n|-damage|p2a: Kilowattrel|0 fnt\n|faint|p2a: Kilowattrel\n|-damage|p1a: Deoxys|91/100|[from] item: Life Orb\n|\n|upkeep\n|inactive|Time left: 300 sec this turn | 300 sec total | 65 sec grace\n|\n|t:|1783567875\n|switch|p2a: Frosmoth|Frosmoth, L82, M|249/249\n|turn|2\n|inactive|Time left: 300 sec this turn | 300 sec total\n|\n|t:|1783567876\n|switch|p1a: Mimikyu|Mimikyu, L79, F|100/100\n|move|p2a: Frosmoth|Ice Beam|p1a: Mimikyu\n|-activate|p1a: Mimikyu|ability: Disguise\n|-damage|p1a: Mimikyu|100/100\n|-status|p1a: Mimikyu|frz\n|detailschange|p1a: Mimikyu|Mimikyu-Busted, L79, F\n|-damage|p1a: Mimikyu|88/100 frz|[from] pokemon: Mimikyu-Busted\n|\n|upkeep\n|turn|3\n|inactive|Time left: 300 sec this turn | 300 sec total\n|\n|t:|1783567877\n|cant|p1a: Mimikyu|frz\n|move|p2a: Frosmoth|Ice Beam|p1a: Mimikyu\n|-damage|p1a: Mimikyu|41/100 frz\n|\n|upkeep\n|turn|4\n|inactive|Time left: 300 sec this turn | 300 sec total\n|\n|t:|1783567878\n|switch|p1a: Abomasnow|Abomasnow, L84, M|100/100\n|-weather|Snowscape|[from] ability: Snow Warning|[of] p1a: Abomasnow\n|move|p2a: Frosmoth|Quiver Dance|p2a: Frosmoth\n|-boost|p2a: Frosmoth|spa|1\n|-boost|p2a: Frosmoth|spd|1\n|-boost|p2a: Frosmoth|spe|1\n|\n|-weather|Snowscape|[upkeep]\n|upkeep\n|turn|5\n|inactive|Time left: 300 sec this turn | 300 sec total\n|\n|t:|1783567879\n|move|p2a: Frosmoth|Bug Buzz|p1a: Abomasnow\n|-supereffective|p1a: Abomasnow\n|-damage|p1a: Abomasnow|0 fnt\n|faint|p1a: Abomasnow\n|\n|-weather|Snowscape|[upkeep]\n|upkeep\n|\n|t:|1783567880\n|switch|p1a: Dodrio|Dodrio, L85, F|100/100\n|turn|6\n|inactive|Time left: 300 sec this turn | 300 sec total\n|\n|t:|1783567881\n|switch|p2a: Carbink|Carbink, L90|236/236\n|move|p1a: Dodrio|Brave Bird|p2a: Carbink\n|-resisted|p2a: Carbink\n|-damage|p2a: Carbink|169/236\n|-damage|p1a: Dodrio|91/100|[from] Recoil\n|\n|-weather|Snowscape|[upkeep]\n|upkeep\n|turn|7\n|inactive|Time left: 300 sec this turn | 300 sec total\n|\n|t:|1783567882\n|move|p1a: Dodrio|Brave Bird|p2a: Carbink\n|-resisted|p2a: Carbink\n|-damage|p2a: Carbink|104/236\n|-damage|p1a: Dodrio|83/100|[from] Recoil\n|move|p2a: Carbink|Moonblast|p1a: Dodrio\n|-damage|p1a: Dodrio|44/100\n|\n|-weather|Snowscape|[upkeep]\n|upkeep\n|turn|8\n|inactive|Time left: 300 sec this turn | 300 sec total\n|\n|t:|1783567883\n|move|p1a: Dodrio|Brave Bird|p2a: Carbink\n|-resisted|p2a: Carbink\n|-damage|p2a: Carbink|38/236\n|-damage|p1a: Dodrio|35/100|[from] Recoil\n|move|p2a: Carbink|Rest|p2a: Carbink\n|-status|p2a: Carbink|slp|[from] move: Rest\n|-heal|p2a: Carbink|236/236 slp|[silent]\n|-enditem|p2a: Carbink|Chesto Berry|[eat]\n|-curestatus|p2a: Carbink|slp|[msg]\n|\n|-weather|none\n|upkeep\n|turn|9\n|inactive|Time left: 300 sec this turn | 300 sec total\n|\n|t:|1783567884\n|move|p1a: Dodrio|Brave Bird|p2a: Carbink\n|-resisted|p2a: Carbink\n|-damage|p2a: Carbink|166/236\n|-damage|p1a: Dodrio|25/100|[from] Recoil\n|move|p2a: Carbink|Moonblast|p1a: Dodrio\n|-damage|p1a: Dodrio|0 fnt\n|faint|p1a: Dodrio\n|\n|upkeep\n|\n|t:|1783567885\n|switch|p1a: Drednaw|Drednaw, L81, F|100/100\n|turn|10\n|inactive|Time left: 300 sec this turn | 300 sec total\n|\n|t:|1783567886\n|-terastallize|p1a: Drednaw|Ground\n|-terastallize|p2a: Carbink|Fighting\n|move|p1a: Drednaw|Shell Smash|p1a: Drednaw\n|-unboost|p1a: Drednaw|def|1\n|-unboost|p1a: Drednaw|spd|1\n|-boost|p1a: Drednaw|atk|2\n|-boost|p1a: Drednaw|spa|2\n|-boost|p1a: Drednaw|spe|2\n|-enditem|p1a: Drednaw|White Herb\n|-clearnegativeboost|p1a: Drednaw|[silent]\n|move|p2a: Carbink|Body Press|p1a: Drednaw\n|-damage|p1a: Drednaw|53/100\n|\n|upkeep\n|turn|11\n|inactive|Time left: 300 sec this turn | 300 sec total\n|\n|t:|1783567887\n|move|p1a: Drednaw|Liquidation|p2a: Carbink\n|-damage|p2a: Carbink|48/236\n|move|p2a: Carbink|Body Press|p1a: Drednaw\n|-damage|p1a: Drednaw|2/100\n|\n|upkeep\n|turn|12\n|inactive|Time left: 300 sec this turn | 300 sec total\n|\n|t:|1783567888\n|move|p1a: Drednaw|Liquidation|p2a: Carbink\n|-damage|p2a: Carbink|0 fnt\n|faint|p2a: Carbink\n|\n|upkeep\n|inactive|Time left: 300 sec this turn | 300 sec total | 5 sec grace\n|\n|t:|1783567888\n|switch|p2a: Shaymin|Shaymin, L82|298/298\n|turn|13\n|inactive|Time left: 300 sec this turn | 300 sec total\n|\n|t:|1783567889\n|move|p1a: Drednaw|Stone Edge|p2a: Shaymin\n|-damage|p2a: Shaymin|94/298\n|move|p2a: Shaymin|Air Slash|p1a: Drednaw\n|-damage|p1a: Drednaw|0 fnt\n|faint|p1a: Drednaw\n|\n|-heal|p2a: Shaymin|112/298|[from] item: Leftovers\n|upkeep\n|\n|t:|1783567890\n|switch|p1a: Dragapult|Dragapult, L77, M|100/100\n|turn|14\n|inactive|Time left: 300 sec this turn | 300 sec total\n|\n|t:|1783567891\n|move|p1a: Dragapult|Dragon Darts|p2a: Shaymin\n|-damage|p2a: Shaymin|44/298\n|-anim|p1a: Dragapult|Dragon Darts|p2a: Shaymin\n|-damage|p2a: Shaymin|0 fnt\n|faint|p2a: Shaymin\n|-damage|p1a: Dragapult|91/100|[from] item: Life Orb\n|\n|upkeep\n|inactive|Time left: 300 sec this turn | 300 sec total | 5 sec grace\n|\n|t:|1783567891\n|switch|p2a: Frosmoth|Frosmoth, L82, M|249/249\n|turn|15\n|inactive|Time left: 300 sec this turn | 300 sec total\n|\n|t:|1783567892\n|move|p1a: Dragapult|Dragon Darts|p2a: Frosmoth\n|-damage|p2a: Frosmoth|158/249\n|-anim|p1a: Dragapult|Dragon Darts|p2a: Frosmoth\n|-damage|p2a: Frosmoth|71/249\n|-damage|p1a: Dragapult|81/100|[from] item: Life Orb\n|move|p2a: Frosmoth|Ice Beam|p1a: Dragapult\n|-supereffective|p1a: Dragapult\n|-damage|p1a: Dragapult|0 fnt\n|faint|p1a: Dragapult\n|\n|upkeep\n|\n|t:|1783567893\n|switch|p1a: Deoxys|Deoxys-Attack, L72|91/100\n|-ability|p1a: Deoxys|Pressure\n|turn|16\n|inactive|Time left: 300 sec this turn | 300 sec total\n|\n|t:|1783567894\n|move|p1a: Deoxys|Knock Off|p2a: Frosmoth\n|-damage|p2a: Frosmoth|0 fnt\n|-enditem|p2a: Frosmoth|Heavy-Duty Boots|[from] move: Knock Off|[of] p1a: Deoxys\n|faint|p2a: Frosmoth\n|-damage|p1a: Deoxys|81/100|[from] item: Life Orb\n|\n|upkeep\n|inactive|Time left: 300 sec this turn | 300 sec total | 5 sec grace\n|\n|t:|1783567895\n|switch|p2a: Mewtwo|Mewtwo, L72|272/272\n|-ability|p2a: Mewtwo|Pressure\n|turn|17\n|inactive|Time left: 300 sec this turn | 300 sec total\n|\n|t:|1783567896\n|switch|p1a: Mimikyu|Mimikyu-Busted, L79, F|41/100 frz\n|move|p2a: Mewtwo|Psystrike|p1a: Mimikyu\n|-damage|p1a: Mimikyu|0 fnt\n|faint|p1a: Mimikyu\n|-damage|p2a: Mewtwo|245/272|[from] item: Life Orb\n|\n|upkeep\n|\n|t:|1783567897\n|switch|p1a: Deoxys|Deoxys-Attack, L72|81/100\n|-ability|p1a: Deoxys|Pressure\n|turn|18\n|inactive|Time left: 300 sec this turn | 300 sec total\n|\n|t:|1783567898\n|move|p1a: Deoxys|Knock Off|p2a: Mewtwo\n|-supereffective|p2a: Mewtwo\n|-damage|p2a: Mewtwo|0 fnt\n|-enditem|p2a: Mewtwo|Life Orb|[from] move: Knock Off|[of] p1a: Deoxys\n|faint|p2a: Mewtwo\n|-damage|p1a: Deoxys|71/100|[from] item: Life Orb\n|\n|upkeep\n|inactive|Time left: 300 sec this turn | 300 sec total | 5 sec grace\n|\n|t:|1783567899\n|switch|p2a: Dragalge|Dragalge, L88, F|258/258\n|turn|19\n|inactive|Time left: 300 sec this turn | 300 sec total\n|\n|t:|1783567899\n|move|p1a: Deoxys|Psycho Boost|p2a: Dragalge\n|-supereffective|p2a: Dragalge\n|-damage|p2a: Dragalge|0 fnt\n|-unboost|p1a: Deoxys|spa|2\n|faint|p2a: Dragalge\n|-damage|p1a: Deoxys|61/100|[from] item: Life Orb\n|\n|win|p0x248707e5", "uploadtime": 1783567899, "views": 0, "rating": 0, "private": 0, "password": null, "_winner": "p0x248707e5", "_our_name": "p0y248791a6"}