{"id": "battle-gen9randombattle-1081", "formatid": "gen9randombattle", "format": "[Gen 9] Random Battle", "players": ["p0x10819509", "p0y10818cbb"], "log": "|init|battle\n|title|p0x10819509 vs. p0y10818cbb\n|j|\u2606p0x10819509\n|j|\u2606p0y10818cbb\n|t:|1783552473\n|gametype|singles\n|player|p1|p0x10819509|2|\n|player|p2|p0y10818cbb|169|\n|gen|9\n|tier|[Gen 9] Random Battle\n|rule|Species Clause: Limit one of each Pok\u00e9mon\n|rule|HP Percentage Mod: HP is shown in percentages\n|rule|Sleep Clause Mod: Limit one foe put to sleep\n|rule|Illusion Level Mod: Illusion disguises the Pok\u00e9mon's true level\n|\n|t:|1783552473\n|teamsize|p1|6\n|teamsize|p2|6\n|start\n|switch|p1a: Hypno|Hypno, L95, M|100/100\n|switch|p2a: Pecharunt|Pecharunt, L77|262/262\n|turn|1\n|inactive|Battle timer is ON: inactive players will automatically lose when time's up. (requested by p0y10818cbb)\n|inactive|p0x10819509 also wants the timer to be on.\n|\n|t:|1783552475\n|move|p1a: Hypno|Psychic Noise|p2a: Pecharunt\n|-supereffective|p2a: Pecharunt\n|-damage|p2a: Pecharunt|82/262\n|-start|p2a: Pecharunt|move: Heal Block\n|move|p2a: Pecharunt|Parting Shot|p1a: Hypno\n|-unboost|p1a: Hypno|atk|1\n|-unboost|p1a: Hypno|spa|1\n|inactive|Time left: 300 sec this turn | 300 sec total | 65 sec grace\n|\n|t:|1783552476\n|switch|p2a: Veluza|Veluza, L85, M|292/292|[from] Parting Shot\n|\n|upkeep\n|turn|2\n|inactive|Time left: 300 sec this turn | 300 sec total\n|\n|t:|1783552477\n|switch|p1a: Dipplin|Dipplin, L88, M|100/100\n|move|p2a: Veluza|Fillet Away|p2a: Veluza\n|-boost|p2a: Veluza|atk|2\n|-boost|p2a: Veluza|spa|2\n|-boost|p2a: Veluza|spe|2\n|-damage|p2a: Veluza|146/292\n|-enditem|p2a: Veluza|Sitrus Berry|[eat]\n|-heal|p2a: Veluza|219/292|[from] item: Sitrus Berry\n|\n|upkeep\n|turn|3\n|inactive|Time left: 300 sec this turn | 300 sec total\n|\n|t:|1783552479\n|move|p2a: Veluza|Psycho Cut|p1a: Dipplin\n|-damage|p1a: Dipplin|56/100\n|move|p1a: Dipplin|Dragon Tail|p2a: Veluza\n|-damage|p2a: Veluza|150/292\n|drag|p2a: Pecharunt|Pecharunt, L77|82/262\n|\n|upkeep\n|turn|4\n|inactive|Time left: 300 sec this turn | 300 sec total\n|\n|t:|1783552480\n|move|p2a: Pecharunt|Recover|p2a: Pecharunt\n|-heal|p2a: Pecharunt|213/262\n|move|p1a: Dipplin|Recover|p1a: Dipplin\n|-heal|p1a: Dipplin|100/100\n|\n|upkeep\n|turn|5\n|inactive|Time left: 300 sec this turn | 300 sec total\n|\n|t:|1783552480\n|move|p2a: Pecharunt|Malignant Chain|p1a: Dipplin\n|-supereffective|p1a: Dipplin\n|-damage|p1a: Dipplin|62/100\n|-status|p1a: Dipplin|tox\n|-start|p1a: Dipplin|confusion|[from] ability: Poison Puppeteer|[of] p2a: Pecharunt\n|-activate|p1a: Dipplin|confusion\n|move|p1a: Dipplin|Dragon Pulse|p2a: Pecharunt\n|-crit|p2a: Pecharunt\n|-damage|p2a: Pecharunt|60/262\n|\n|-damage|p1a: Dipplin|56/100 tox|[from] psn\n|upkeep\n|turn|6\n|inactive|Time left: 300 sec this turn | 300 sec total\n|\n|t:|1783552481\n|switch|p1a: Vivillon|Vivillon-Jungle, L83, M|100/100\n|move|p2a: Pecharunt|Recover|p2a: Pecharunt\n|-heal|p2a: Pecharunt|191/262\n|\n|upkeep\n|turn|7\n|inactive|Time left: 300 sec this turn | 300 sec total\n|\n|t:|1783552483\n|move|p1a: Vivillon|Quiver Dance|p1a: Vivillon\n|-boost|p1a: Vivillon|spa|1\n|-boost|p1a: Vivillon|spd|1\n|-boost|p1a: Vivillon|spe|1\n|move|p2a: Pecharunt|Malignant Chain|p1a: Vivillon\n|-damage|p1a: Vivillon|69/100\n|-status|p1a: Vivillon|tox\n|-start|p1a: Vivillon|confusion|[from] ability: Poison Puppeteer|[of] p2a: Pecharunt\n|\n|-damage|p1a: Vivillon|63/100 tox|[from] psn\n|upkeep\n|turn|8\n|inactive|Time left: 300 sec this turn | 300 sec total\n|\n|t:|1783552483\n|-activate|p1a: Vivillon|confusion\n|move|p1a: Vivillon|Hurricane|p2a: Pecharunt\n|-damage|p2a: Pecharunt|22/262\n|move|p2a: Pecharunt|Malignant Chain|p1a: Vivillon\n|-damage|p1a: Vivillon|32/100 tox\n|\n|-damage|p1a: Vivillon|20/100 tox|[from] psn\n|upkeep\n|turn|9\n|inactive|Time left: 300 sec this turn | 300 sec total\n|\n|t:|1783552484\n|-end|p1a: Vivillon|confusion\n|move|p1a: Vivillon|Hurricane|p2a: Pecharunt\n|-damage|p2a: Pecharunt|0 fnt\n|faint|p2a: Pecharunt\n|\n|-damage|p1a: Vivillon|2/100 tox|[from] psn\n|upkeep\n|inactive|Time left: 300 sec this turn | 300 sec total | 5 sec grace\n|\n|t:|1783552485\n|switch|p2a: Gholdengo|Gholdengo, L77|261/261\n|turn|10\n|inactive|Time left: 300 sec this turn | 300 sec total\n|\n|t:|1783552486\n|move|p1a: Vivillon|Hurricane|p2a: Gholdengo\n|-resisted|p2a: Gholdengo\n|-damage|p2a: Gholdengo|176/261\n|-start|p2a: Gholdengo|confusion\n|-activate|p2a: Gholdengo|confusion\n|move|p2a: Gholdengo|Nasty Plot|p2a: Gholdengo\n|-boost|p2a: Gholdengo|spa|2\n|\n|-heal|p2a: Gholdengo|192/261|[from] item: Leftovers\n|-damage|p1a: Vivillon|0 fnt|[from] psn\n|faint|p1a: Vivillon\n|upkeep\n|\n|t:|1783552487\n|switch|p1a: Inteleon|Inteleon, L81, M|100/100\n|turn|11\n|inactive|Time left: 300 sec this turn | 300 sec total\n|\n|t:|1783552487\n|switch|p2a: Hydrapple|Hydrapple, L83, F|312/312\n|move|p1a: Inteleon|Hydro Pump|p2a: Hydrapple\n|-resisted|p2a: Hydrapple\n|-damage|p2a: Hydrapple|260/312\n|\n|upkeep\n|turn|12\n|inactive|Time left: 300 sec this turn | 300 sec total\n|\n|t:|1783552488\n|switch|p1a: Cresselia|Cresselia, L80, F|100/100\n|move|p2a: Hydrapple|Fickle Beam|p1a: Cresselia|[anim] Fickle Beam All Out\n|-activate|p2a: Hydrapple|move: Fickle Beam\n|-damage|p1a: Cresselia|23/100\n|\n|-heal|p1a: Cresselia|29/100|[from] item: Leftovers\n|upkeep\n|turn|13\n|inactive|Time left: 300 sec this turn | 300 sec total\n|\n|t:|1783552489\n|move|p1a: Cresselia|Moonlight|p1a: Cresselia\n|-heal|p1a: Cresselia|79/100\n|move|p2a: Hydrapple|Fickle Beam|p1a: Cresselia\n|-damage|p1a: Cresselia|38/100\n|\n|-heal|p1a: Cresselia|44/100|[from] item: Leftovers\n|upkeep\n|turn|14\n|inactive|Time left: 300 sec this turn | 300 sec total\n|\n|t:|1783552491\n|move|p1a: Cresselia|Moonlight|p1a: Cresselia\n|-heal|p1a: Cresselia|94/100\n|move|p2a: Hydrapple|Fickle Beam|p1a: Cresselia\n|-damage|p1a: Cresselia|58/100\n|\n|-heal|p1a: Cresselia|65/100|[from] item: Leftovers\n|upkeep\n|turn|15\n|inactive|Time left: 300 sec this turn | 300 sec total\n|\n|t:|1783552492\n|move|p1a: Cresselia|Calm Mind|p1a: Cresselia\n|-boost|p1a: Cresselia|spa|1\n|-boost|p1a: Cresselia|spd|1\n|move|p2a: Hydrapple|Fickle Beam|p1a: Cresselia\n|-damage|p1a: Cresselia|38/100\n|\n|-heal|p1a: Cresselia|44/100|[from] item: Leftovers\n|upkeep\n|turn|16\n|inactive|Time left: 300 sec this turn | 300 sec total\n|\n|t:|1783552493\n|move|p1a: Cresselia|Moonblast|p2a: Hydrapple\n|-supereffective|p2a: Hydrapple\n|-damage|p2a: Hydrapple|94/312\n|move|p2a: Hydrapple|Fickle Beam|p1a: Cresselia|[anim] Fickle Beam All Out\n|-activate|p2a: Hydrapple|move: Fickle Beam\n|-damage|p1a: Cresselia|0 fnt\n|faint|p1a: Cresselia\n|\n|upkeep\n|\n|t:|1783552494\n|switch|p1a: Inteleon|Inteleon, L81, M|100/100\n|turn|17\n|inactive|Time left: 300 sec this turn | 300 sec total\n|\n|t:|1783552495\n|move|p1a: Inteleon|Ice Beam|p2a: Hydrapple\n|-supereffective|p2a: Hydrapple\n|-crit|p2a: Hydrapple\n|-damage|p2a: Hydrapple|0 fnt\n|faint|p2a: Hydrapple\n|\n|upkeep\n|inactive|Time left: 300 sec this turn | 300 sec total | 5 sec grace\n|\n|t:|1783552496\n|switch|p2a: Gholdengo|Gholdengo, L77|192/261\n|turn|18\n|inactive|Time left: 300 sec this turn | 300 sec total\n|\n|t:|1783552497\n|move|p1a: Inteleon|Ice Beam|p2a: Gholdengo\n|-resisted|p2a: Gholdengo\n|-damage|p2a: Gholdengo|132/261\n|move|p2a: Gholdengo|Nasty Plot|p2a: Gholdengo\n|-boost|p2a: Gholdengo|spa|2\n|\n|-heal|p2a: Gholdengo|148/261|[from] item: Leftovers\n|upkeep\n|turn|19\n|inactive|Time left: 300 sec this turn | 300 sec total\n|\n|t:|1783552498\n|switch|p1a: Dipplin|Dipplin, L88, M|56/100 tox\n|move|p2a: Gholdengo|Shadow Ball|p1a: Dipplin\n|-damage|p1a: Dipplin|15/100 tox\n|-unboost|p1a: Dipplin|spd|1\n|\n|-heal|p2a: Gholdengo|164/261|[from] item: Leftovers\n|-damage|p1a: Dipplin|9/100 tox|[from] psn\n|upkeep\n|turn|20\n|inactive|Time left: 300 sec this turn | 300 sec total\n|\n|t:|1783552499\n|move|p2a: Gholdengo|Shadow Ball|p1a: Dipplin\n|-damage|p1a: Dipplin|0 fnt\n|faint|p1a: Dipplin\n|\n|-heal|p2a: Gholdengo|180/261|[from] item: Leftovers\n|upkeep\n|\n|t:|1783552500\n|switch|p1a: Inteleon|Inteleon, L81, M|100/100\n|turn|21\n|inactive|Time left: 300 sec this turn | 300 sec total\n|\n|t:|1783552501\n|move|p1a: Inteleon|Hydro Pump|p2a: Gholdengo\n|-damage|p2a: Gholdengo|0 fnt\n|faint|p2a: Gholdengo\n|\n|upkeep\n|inactive|Time left: 300 sec this turn | 300 sec total | 5 sec grace\n|\n|t:|1783552502\n|switch|p2a: Sceptile|Sceptile, L87, M|264/264\n|turn|22\n|inactive|Time left: 300 sec this turn | 300 sec total\n|\n|t:|1783552504\n|switch|p1a: Hypno|Hypno, L95, M|100/100\n|move|p2a: Sceptile|Swords Dance|p2a: Sceptile\n|-boost|p2a: Sceptile|atk|2\n|\n|upkeep\n|turn|23\n|inactive|Time left: 300 sec this turn | 300 sec total\n|\n|t:|1783552505\n|move|p1a: Hypno|Protect|p1a: Hypno\n|-singleturn|p1a: Hypno|Protect\n|move|p2a: Sceptile|Leaf Blade|p1a: Hypno\n|-activate|p1a: Hypno|move: Protect\n|\n|upkeep\n|turn|24\n|inactive|Time left: 300 sec this turn | 300 sec total\n|\n|t:|1783552506\n|move|p2a: Sceptile|Leaf Blade|p1a: Hypno\n|-crit|p1a: Hypno\n|-damage|p1a: Hypno|0 fnt\n|faint|p1a: Hypno\n|-damage|p2a: Sceptile|238/264|[from] item: Life Orb\n|\n|upkeep\n|\n|t:|1783552507\n|switch|p1a: Inteleon|Inteleon, L81, M|100/100\n|turn|25\n|inactive|Time left: 300 sec this turn | 300 sec total\n|\n|t:|1783552508\n|move|p2a: Sceptile|Leaf Blade|p1a: Inteleon\n|-supereffective|p1a: Inteleon\n|-damage|p1a: Inteleon|0 fnt\n|faint|p1a: Inteleon\n|-damage|p2a: Sceptile|212/264|[from] item: Life Orb\n|\n|upkeep\n|\n|t:|1783552509\n|switch|p1a: Iron Bundle|Iron Bundle, L78|100/100\n|turn|26\n|inactive|Time left: 300 sec this turn | 300 sec total\n|\n|t:|1783552510\n|move|p2a: Sceptile|Leaf Blade|p1a: Iron Bundle\n|-supereffective|p1a: Iron Bundle\n|-damage|p1a: Iron Bundle|0 fnt\n|faint|p1a: Iron Bundle\n|-end|p1a: Iron Bundle|Quark Drive|[silent]\n|-damage|p2a: Sceptile|186/264|[from] item: Life Orb\n|\n|win|p0y10818cbb", "uploadtime": 1783552510, "views": 0, "rating": 0, "private": 0, "password": null, "_winner": "p0y10818cbb", "_our_name": "p0y10818cbb"}