{"id": "battle-gen9randombattle-162", "formatid": "gen9randombattle", "format": "[Gen 9] Random Battle", "players": ["p0x162d88f", "p0y162e0a2"], "log": "|init|battle\n|title|p0x162d88f vs. p0y162e0a2\n|j|\u2606p0x162d88f\n|j|\u2606p0y162e0a2\n|t:|1783535612\n|gametype|singles\n|player|p1|p0x162d88f|265|\n|player|p2|p0y162e0a2|1|\n|gen|9\n|tier|[Gen 9] Random Battle\n|rule|Species Clause: Limit one of each Pok\u00e9mon\n|rule|HP Percentage Mod: HP is shown in percentages\n|rule|Sleep Clause Mod: Limit one foe put to sleep\n|rule|Illusion Level Mod: Illusion disguises the Pok\u00e9mon's true level\n|\n|t:|1783535612\n|teamsize|p1|6\n|teamsize|p2|6\n|start\n|switch|p1a: Furret|Furret, L94, F|100/100\n|switch|p2a: Honchkrow|Honchkrow, L86, F|312/312\n|-item|p2a: Honchkrow|Heavy-Duty Boots|[from] ability: Frisk|[of] p1a: Furret\n|turn|1\n|inactive|Battle timer is ON: inactive players will automatically lose when time's up. (requested by p0y162e0a2)\n|inactive|p0x162d88f also wants the timer to be on.\n|\n|t:|1783535613\n|move|p1a: Furret|Double-Edge|p2a: Honchkrow\n|-damage|p2a: Honchkrow|29/312\n|-damage|p1a: Furret|71/100|[from] Recoil\n|move|p2a: Honchkrow|Brave Bird|p1a: Furret\n|-damage|p1a: Furret|11/100\n|-damage|p2a: Honchkrow|0 fnt|[from] Recoil\n|faint|p2a: Honchkrow\n|\n|upkeep\n|inactive|Time left: 300 sec this turn | 300 sec total | 65 sec grace\n|\n|t:|1783535614\n|switch|p2a: Donphan|Donphan, L84, M|288/288\n|turn|2\n|inactive|Time left: 300 sec this turn | 300 sec total\n|\n|t:|1783535615\n|move|p1a: Furret|Double-Edge|p2a: Donphan\n|-damage|p2a: Donphan|129/288\n|-damage|p1a: Furret|0 fnt|[from] Recoil\n|faint|p1a: Furret\n|move|p2a: Donphan|Stealth Rock|p1: Furret\n|-sidestart|p1: p0x162d88f|move: Stealth Rock\n|\n|-heal|p2a: Donphan|147/288|[from] item: Leftovers\n|upkeep\n|\n|t:|1783535616\n|switch|p1a: Dragonite|Dragonite, L74, F|100/100\n|turn|3\n|inactive|Time left: 300 sec this turn | 300 sec total\n|\n|t:|1783535617\n|move|p1a: Dragonite|Outrage|p2a: Donphan\n|-damage|p2a: Donphan|42/288\n|move|p2a: Donphan|Rapid Spin|p1a: Dragonite\n|-damage|p1a: Dragonite|92/100\n|-boost|p2a: Donphan|spe|1\n|\n|-heal|p2a: Donphan|60/288|[from] item: Leftovers\n|upkeep\n|turn|4\n|inactive|Time left: 300 sec this turn | 300 sec total\n|\n|t:|1783535618\n|move|p2a: Donphan|Ice Spinner|p1a: Dragonite\n|-supereffective|p1a: Dragonite\n|-damage|p1a: Dragonite|0 fnt\n|faint|p1a: Dragonite\n|\n|-heal|p2a: Donphan|78/288|[from] item: Leftovers\n|upkeep\n|\n|t:|1783535619\n|switch|p1a: Mandibuzz|Mandibuzz, L85, F|100/100\n|turn|5\n|inactive|Time left: 300 sec this turn | 300 sec total\n|\n|t:|1783535620\n|switch|p2a: Pecharunt|Pecharunt, L77|262/262\n|move|p1a: Mandibuzz|Foul Play|p2a: Pecharunt\n|-supereffective|p2a: Pecharunt\n|-damage|p2a: Pecharunt|172/262\n|\n|-heal|p2a: Pecharunt|188/262|[from] item: Leftovers\n|upkeep\n|turn|6\n|inactive|Time left: 300 sec this turn | 300 sec total\n|\n|t:|1783535621\n|move|p1a: Mandibuzz|Foul Play|p2a: Pecharunt\n|-supereffective|p2a: Pecharunt\n|-damage|p2a: Pecharunt|86/262\n|move|p2a: Pecharunt|Malignant Chain|p1a: Mandibuzz\n|-damage|p1a: Mandibuzz|77/100\n|\n|-heal|p2a: Pecharunt|102/262|[from] item: Leftovers\n|upkeep\n|turn|7\n|inactive|Time left: 300 sec this turn | 300 sec total\n|\n|t:|1783535622\n|move|p1a: Mandibuzz|Foul Play|p2a: Pecharunt\n|-supereffective|p2a: Pecharunt\n|-damage|p2a: Pecharunt|16/262\n|move|p2a: Pecharunt|Recover|p2a: Pecharunt\n|-heal|p2a: Pecharunt|147/262\n|\n|-heal|p2a: Pecharunt|163/262|[from] item: Leftovers\n|upkeep\n|turn|8\n|inactive|Time left: 300 sec this turn | 300 sec total\n|\n|t:|1783535623\n|move|p1a: Mandibuzz|Foul Play|p2a: Pecharunt\n|-supereffective|p2a: Pecharunt\n|-damage|p2a: Pecharunt|71/262\n|move|p2a: Pecharunt|Malignant Chain|p1a: Mandibuzz\n|-damage|p1a: Mandibuzz|53/100\n|-status|p1a: Mandibuzz|tox\n|-start|p1a: Mandibuzz|confusion|[from] ability: Poison Puppeteer|[of] p2a: Pecharunt\n|\n|-heal|p2a: Pecharunt|87/262|[from] item: Leftovers\n|-damage|p1a: Mandibuzz|47/100 tox|[from] psn\n|upkeep\n|turn|9\n|inactive|Time left: 300 sec this turn | 300 sec total\n|\n|t:|1783535624\n|-activate|p1a: Mandibuzz|confusion\n|move|p1a: Mandibuzz|Foul Play|p2a: Pecharunt\n|-supereffective|p2a: Pecharunt\n|-damage|p2a: Pecharunt|0 fnt\n|faint|p2a: Pecharunt\n|\n|-damage|p1a: Mandibuzz|35/100 tox|[from] psn\n|upkeep\n|inactive|Time left: 300 sec this turn | 300 sec total | 5 sec grace\n|\n|t:|1783535625\n|switch|p2a: Baxcalibur|Baxcalibur, L75, F|295/295\n|turn|10\n|inactive|Time left: 300 sec this turn | 300 sec total\n|\n|t:|1783535626\n|-end|p1a: Mandibuzz|confusion\n|move|p1a: Mandibuzz|Foul Play|p2a: Baxcalibur\n|-damage|p2a: Baxcalibur|157/295\n|move|p2a: Baxcalibur|Glaive Rush|p1a: Mandibuzz\n|-damage|p1a: Mandibuzz|0 fnt\n|-singlemove|p2a: Baxcalibur|Glaive Rush|[silent]\n|faint|p1a: Mandibuzz\n|\n|upkeep\n|\n|t:|1783535627\n|switch|p1a: Kommo-o|Kommo-o, L77, M|100/100\n|-damage|p1a: Kommo-o|94/100|[from] Stealth Rock\n|turn|11\n|inactive|Time left: 300 sec this turn | 300 sec total\n|\n|t:|1783535628\n|switch|p2a: Sylveon|Sylveon, L85, F|300/300\n|move|p1a: Kommo-o|Drain Punch|p2a: Sylveon\n|-resisted|p2a: Sylveon\n|-damage|p2a: Sylveon|258/300\n|-heal|p1a: Kommo-o|100/100|[from] drain|[of] p2a: Sylveon\n|\n|-heal|p2a: Sylveon|276/300|[from] item: Leftovers\n|upkeep\n|turn|12\n|inactive|Time left: 300 sec this turn | 300 sec total\n|\n|t:|1783535629\n|move|p1a: Kommo-o|Clangorous Soul|p1a: Kommo-o\n|-boost|p1a: Kommo-o|atk|1\n|-boost|p1a: Kommo-o|def|1\n|-boost|p1a: Kommo-o|spa|1\n|-boost|p1a: Kommo-o|spd|1\n|-boost|p1a: Kommo-o|spe|1\n|-damage|p1a: Kommo-o|68/100\n|-enditem|p1a: Kommo-o|Throat Spray\n|-boost|p1a: Kommo-o|spa|1|[from] item: Throat Spray\n|move|p2a: Sylveon|Calm Mind|p2a: Sylveon\n|-boost|p2a: Sylveon|spa|1\n|-boost|p2a: Sylveon|spd|1\n|\n|-heal|p2a: Sylveon|294/300|[from] item: Leftovers\n|upkeep\n|turn|13\n|inactive|Time left: 300 sec this turn | 300 sec total\n|\n|t:|1783535631\n|move|p1a: Kommo-o|Clangorous Soul|p1a: Kommo-o\n|-boost|p1a: Kommo-o|atk|1\n|-boost|p1a: Kommo-o|def|1\n|-boost|p1a: Kommo-o|spa|1\n|-boost|p1a: Kommo-o|spd|1\n|-boost|p1a: Kommo-o|spe|1\n|-damage|p1a: Kommo-o|35/100\n|move|p2a: Sylveon|Calm Mind|p2a: Sylveon\n|-boost|p2a: Sylveon|spa|1\n|-boost|p2a: Sylveon|spd|1\n|\n|-heal|p2a: Sylveon|300/300|[from] item: Leftovers\n|upkeep\n|turn|14\n|inactive|Time left: 300 sec this turn | 300 sec total\n|\n|t:|1783535632\n|move|p1a: Kommo-o|Drain Punch|p2a: Sylveon\n|-resisted|p2a: Sylveon\n|-damage|p2a: Sylveon|213/300\n|-heal|p1a: Kommo-o|53/100|[from] drain|[of] p2a: Sylveon\n|move|p2a: Sylveon|Wish|p2a: Sylveon\n|\n|-heal|p2a: Sylveon|231/300|[from] item: Leftovers\n|upkeep\n|turn|15\n|inactive|Time left: 300 sec this turn | 300 sec total\n|\n|t:|1783535633\n|move|p1a: Kommo-o|Iron Head|p2a: Sylveon\n|-supereffective|p2a: Sylveon\n|-damage|p2a: Sylveon|0 fnt\n|faint|p2a: Sylveon\n|\n|upkeep\n|inactive|Time left: 300 sec this turn | 300 sec total | 5 sec grace\n|\n|t:|1783535634\n|switch|p2a: Glaceon|Glaceon, L94, M|275/275\n|turn|16\n|inactive|Time left: 300 sec this turn | 300 sec total\n|\n|t:|1783535635\n|move|p2a: Glaceon|Protect|p2a: Glaceon\n|-singleturn|p2a: Glaceon|Protect\n|move|p1a: Kommo-o|Drain Punch|p2a: Glaceon\n|-activate|p2a: Glaceon|move: Protect\n|\n|upkeep\n|turn|17\n|inactive|Time left: 300 sec this turn | 300 sec total\n|\n|t:|1783535636\n|-terastallize|p2a: Glaceon|Water\n|move|p1a: Kommo-o|Drain Punch|p2a: Glaceon\n|-damage|p2a: Glaceon|155/275\n|-heal|p1a: Kommo-o|78/100|[from] drain|[of] p2a: Glaceon\n|move|p2a: Glaceon|Freeze-Dry|p1a: Kommo-o\n|-supereffective|p1a: Kommo-o\n|-damage|p1a: Kommo-o|30/100\n|\n|upkeep\n|turn|18\n|inactive|Time left: 300 sec this turn | 300 sec total\n|\n|t:|1783535637\n|move|p2a: Glaceon|Protect|p2a: Glaceon\n|-singleturn|p2a: Glaceon|Protect\n|move|p1a: Kommo-o|Clanging Scales|p2a: Glaceon\n|-activate|p2a: Glaceon|move: Protect\n|\n|upkeep\n|turn|19\n|inactive|Time left: 300 sec this turn | 300 sec total\n|\n|t:|1783535638\n|move|p1a: Kommo-o|Clanging Scales|p2a: Glaceon\n|-damage|p2a: Glaceon|0 fnt\n|faint|p2a: Glaceon\n|-unboost|p1a: Kommo-o|def|1\n|\n|upkeep\n|inactive|Time left: 300 sec this turn | 300 sec total | 5 sec grace\n|\n|t:|1783535638\n|switch|p2a: Baxcalibur|Baxcalibur, L75, F|157/295\n|turn|20\n|inactive|Time left: 300 sec this turn | 300 sec total\n|\n|t:|1783535639\n|-terastallize|p1a: Kommo-o|Steel\n|move|p2a: Baxcalibur|Ice Shard|p1a: Kommo-o\n|-resisted|p1a: Kommo-o\n|-damage|p1a: Kommo-o|22/100\n|move|p1a: Kommo-o|Drain Punch|p2a: Baxcalibur\n|-supereffective|p2a: Baxcalibur\n|-damage|p2a: Baxcalibur|0 fnt\n|-heal|p1a: Kommo-o|55/100|[from] drain|[of] p2a: Baxcalibur\n|faint|p2a: Baxcalibur\n|\n|upkeep\n|inactive|Time left: 300 sec this turn | 300 sec total | 5 sec grace\n|\n|t:|1783535640\n|switch|p2a: Donphan|Donphan, L84, M|78/288\n|turn|21\n|inactive|Time left: 300 sec this turn | 300 sec total\n|\n|t:|1783535641\n|move|p1a: Kommo-o|Iron Head|p2a: Donphan\n|-damage|p2a: Donphan|0 fnt\n|faint|p2a: Donphan\n|\n|win|p0x162d88f", "uploadtime": 1783535641, "views": 0, "rating": 0, "private": 0, "password": null, "_winner": "p0x162d88f", "_our_name": "p0y162e0a2"}