{"id": "battle-gen9randombattle-658", "formatid": "gen9randombattle", "format": "[Gen 9] Random Battle", "players": ["p0x65863fe", "p0y6583ca1"], "log": "|init|battle\n|title|p0x65863fe vs. p0y6583ca1\n|j|\u2606p0x65863fe\n|j|\u2606p0y6583ca1\n|t:|1783546754\n|gametype|singles\n|player|p1|p0x65863fe|101|\n|player|p2|p0y6583ca1|102|\n|gen|9\n|tier|[Gen 9] Random Battle\n|rule|Species Clause: Limit one of each Pok\u00e9mon\n|rule|HP Percentage Mod: HP is shown in percentages\n|rule|Sleep Clause Mod: Limit one foe put to sleep\n|rule|Illusion Level Mod: Illusion disguises the Pok\u00e9mon's true level\n|\n|t:|1783546754\n|teamsize|p1|6\n|teamsize|p2|6\n|start\n|switch|p1a: Dodrio|Dodrio, L85, M|100/100\n|switch|p2a: Cobalion|Cobalion, L80|277/277\n|turn|1\n|inactive|Battle timer is ON: inactive players will automatically lose when time's up. (requested by p0y6583ca1)\n|inactive|p0x65863fe also wants the timer to be on.\n|\n|t:|1783546755\n|switch|p1a: Primarina|Primarina, L83, M|100/100\n|move|p2a: Cobalion|Swords Dance|p2a: Cobalion\n|-boost|p2a: Cobalion|atk|2\n|\n|upkeep\n|turn|2\n|inactive|Time left: 300 sec this turn | 300 sec total\n|\n|t:|1783546757\n|move|p2a: Cobalion|Iron Head|p1a: Primarina\n|-damage|p1a: Primarina|40/100\n|move|p1a: Primarina|Sparkling Aria|p2a: Cobalion\n|-damage|p2a: Cobalion|142/277\n|\n|-heal|p2a: Cobalion|159/277|[from] item: Leftovers\n|-heal|p1a: Primarina|46/100|[from] item: Leftovers\n|upkeep\n|turn|3\n|inactive|Time left: 300 sec this turn | 300 sec total\n|\n|t:|1783546758\n|switch|p1a: Magcargo|Magcargo, L95, F|100/100\n|move|p2a: Cobalion|Iron Head|p1a: Magcargo\n|-damage|p1a: Magcargo|61/100\n|\n|-heal|p2a: Cobalion|176/277|[from] item: Leftovers\n|upkeep\n|turn|4\n|inactive|Time left: 300 sec this turn | 300 sec total\n|\n|t:|1783546759\n|-terastallize|p1a: Magcargo|Grass\n|move|p2a: Cobalion|Close Combat|p1a: Magcargo\n|-damage|p1a: Magcargo|5/100\n|-unboost|p2a: Cobalion|def|1\n|-unboost|p2a: Cobalion|spd|1\n|-status|p2a: Cobalion|brn|[from] ability: Flame Body|[of] p1a: Magcargo\n|move|p1a: Magcargo|Lava Plume|p2a: Cobalion\n|-supereffective|p2a: Cobalion\n|-damage|p2a: Cobalion|0 fnt\n|faint|p2a: Cobalion\n|\n|upkeep\n|inactive|Time left: 300 sec this turn | 300 sec total | 5 sec grace\n|\n|t:|1783546760\n|switch|p2a: Thundurus|Thundurus-Therian, L80, M|258/258\n|turn|5\n|inactive|Time left: 300 sec this turn | 300 sec total\n|\n|t:|1783546761\n|switch|p1a: Ting-Lu|Ting-Lu, L78|100/100\n|-ability|p1a: Ting-Lu|Vessel of Ruin\n|move|p2a: Thundurus|Thunderbolt|p1a: Ting-Lu\n|-immune|p1a: Ting-Lu\n|\n|upkeep\n|turn|6\n|inactive|Time left: 300 sec this turn | 300 sec total\n|\n|t:|1783546762\n|move|p2a: Thundurus|Nasty Plot|p2a: Thundurus\n|-boost|p2a: Thundurus|spa|2\n|move|p1a: Ting-Lu|Ruination|p2a: Thundurus|[miss]\n|-miss|p1a: Ting-Lu|p2a: Thundurus\n|\n|upkeep\n|turn|7\n|inactive|Time left: 300 sec this turn | 300 sec total\n|\n|t:|1783546763\n|move|p2a: Thundurus|Focus Blast|p1a: Ting-Lu\n|-supereffective|p1a: Ting-Lu\n|-damage|p1a: Ting-Lu|0 fnt\n|faint|p1a: Ting-Lu\n|\n|upkeep\n|\n|t:|1783546764\n|switch|p1a: Mightyena|Mightyena, L96, F|100/100\n|-ability|p1a: Mightyena|Intimidate|boost\n|-unboost|p2a: Thundurus|atk|1\n|turn|8\n|inactive|Time left: 300 sec this turn | 300 sec total\n|\n|t:|1783546765\n|switch|p1a: Magcargo|Magcargo, L95, F, tera:Grass|5/100\n|move|p2a: Thundurus|Thunderbolt|p1a: Magcargo\n|-resisted|p1a: Magcargo\n|-damage|p1a: Magcargo|0 fnt\n|faint|p1a: Magcargo\n|\n|upkeep\n|\n|t:|1783546766\n|switch|p1a: Mightyena|Mightyena, L96, F|100/100\n|-ability|p1a: Mightyena|Intimidate|boost\n|-unboost|p2a: Thundurus|atk|1\n|turn|9\n|inactive|Time left: 300 sec this turn | 300 sec total\n|\n|t:|1783546767\n|move|p1a: Mightyena|Sucker Punch|p2a: Thundurus\n|-damage|p2a: Thundurus|140/258\n|move|p2a: Thundurus|Thunderbolt|p1a: Mightyena\n|-damage|p1a: Mightyena|8/100\n|\n|-heal|p1a: Mightyena|14/100|[from] item: Leftovers\n|upkeep\n|turn|10\n|inactive|Time left: 300 sec this turn | 300 sec total\n|\n|t:|1783546769\n|move|p1a: Mightyena|Sucker Punch|p2a: Thundurus\n|-damage|p2a: Thundurus|25/258\n|move|p2a: Thundurus|Tera Blast|p1a: Mightyena\n|-damage|p1a: Mightyena|0 fnt\n|faint|p1a: Mightyena\n|\n|upkeep\n|\n|t:|1783546770\n|switch|p1a: Dodrio|Dodrio, L85, M|100/100\n|turn|11\n|inactive|Time left: 300 sec this turn | 300 sec total\n|\n|t:|1783546771\n|switch|p2a: Electivire|Electivire, L84, F|263/263\n|move|p1a: Dodrio|Knock Off|p2a: Electivire\n|-damage|p2a: Electivire|173/263\n|-enditem|p2a: Electivire|Choice Scarf|[from] move: Knock Off|[of] p1a: Dodrio\n|\n|upkeep\n|turn|12\n|inactive|Time left: 300 sec this turn | 300 sec total\n|\n|t:|1783546772\n|move|p1a: Dodrio|Double-Edge|p2a: Electivire\n|-damage|p2a: Electivire|0 fnt\n|faint|p2a: Electivire\n|-damage|p1a: Dodrio|77/100|[from] Recoil\n|\n|upkeep\n|inactive|Time left: 300 sec this turn | 300 sec total | 5 sec grace\n|\n|t:|1783546773\n|switch|p2a: Wugtrio|Wugtrio, L91, F|212/212\n|turn|13\n|inactive|Time left: 300 sec this turn | 300 sec total\n|\n|t:|1783546774\n|move|p2a: Wugtrio|Liquidation|p1a: Dodrio\n|-damage|p1a: Dodrio|0 fnt\n|faint|p1a: Dodrio\n|\n|upkeep\n|\n|t:|1783546775\n|switch|p1a: Primarina|Primarina, L83, M|46/100\n|turn|14\n|inactive|Time left: 300 sec this turn | 300 sec total\n|\n|t:|1783546775\n|move|p2a: Wugtrio|Liquidation|p1a: Primarina\n|-resisted|p1a: Primarina\n|-damage|p1a: Primarina|14/100\n|-unboost|p1a: Primarina|def|1\n|move|p1a: Primarina|Draining Kiss|p2a: Wugtrio\n|-damage|p2a: Wugtrio|140/212\n|-heal|p1a: Primarina|34/100|[from] drain|[of] p2a: Wugtrio\n|-ability|p2a: Wugtrio|Gooey\n|-unboost|p1a: Primarina|spe|1\n|\n|-heal|p1a: Primarina|40/100|[from] item: Leftovers\n|upkeep\n|turn|15\n|inactive|Time left: 300 sec this turn | 300 sec total\n|\n|t:|1783546776\n|switch|p1a: Kleavor|Kleavor, L78, M|100/100\n|move|p2a: Wugtrio|Liquidation|p1a: Kleavor\n|-supereffective|p1a: Kleavor\n|-damage|p1a: Kleavor|0 fnt\n|faint|p1a: Kleavor\n|\n|upkeep\n|\n|t:|1783546777\n|switch|p1a: Primarina|Primarina, L83, M|40/100\n|turn|16\n|inactive|Time left: 300 sec this turn | 300 sec total\n|\n|t:|1783546778\n|move|p2a: Wugtrio|Liquidation|p1a: Primarina\n|-resisted|p1a: Primarina\n|-damage|p1a: Primarina|6/100\n|-unboost|p1a: Primarina|def|1\n|move|p1a: Primarina|Psychic|p2a: Wugtrio\n|-damage|p2a: Wugtrio|48/212\n|\n|-heal|p1a: Primarina|12/100|[from] item: Leftovers\n|upkeep\n|turn|17\n|inactive|Time left: 300 sec this turn | 300 sec total\n|\n|t:|1783546779\n|-terastallize|p2a: Wugtrio|Dark\n|move|p2a: Wugtrio|Liquidation|p1a: Primarina\n|-resisted|p1a: Primarina\n|-damage|p1a: Primarina|0 fnt\n|faint|p1a: Primarina\n|\n|win|p0y6583ca1", "uploadtime": 1783546779, "views": 0, "rating": 0, "private": 0, "password": null, "_winner": "p0y6583ca1", "_our_name": "p0y6583ca1"}