{"id": "battle-gen9randombattle-2706", "formatid": "gen9randombattle", "format": "[Gen 9] Random Battle", "players": ["p0x27066936", "p0y2706baef"], "log": "|init|battle\n|title|p0x27066936 vs. p0y2706baef\n|j|\u2606p0x27066936\n|j|\u2606p0y2706baef\n|t:|1783570216\n|gametype|singles\n|player|p1|p0x27066936|170|\n|player|p2|p0y2706baef|102|\n|gen|9\n|tier|[Gen 9] Random Battle\n|rule|Species Clause: Limit one of each Pok\u00e9mon\n|rule|HP Percentage Mod: HP is shown in percentages\n|rule|Sleep Clause Mod: Limit one foe put to sleep\n|rule|Illusion Level Mod: Illusion disguises the Pok\u00e9mon's true level\n|\n|t:|1783570216\n|teamsize|p1|6\n|teamsize|p2|6\n|start\n|switch|p1a: Plusle|Plusle, L95, F|268/268\n|switch|p2a: Lumineon|Lumineon, L93, F|100/100\n|turn|1\n|inactive|Battle timer is ON: inactive players will automatically lose when time's up. (requested by p0y2706baef)\n|inactive|Time left: 300 sec this turn | 300 sec total | 60 sec grace\n|\n|t:|1783570217\n|switch|p2a: Wyrdeer|Wyrdeer, L87, F|100/100\n|-ability|p2a: Wyrdeer|Intimidate|boost\n|-unboost|p1a: Plusle|atk|1\n|move|p1a: Plusle|Thunderbolt|p2a: Wyrdeer\n|-damage|p2a: Wyrdeer|51/100\n|-damage|p1a: Plusle|242/268|[from] item: Life Orb\n|\n|-heal|p2a: Wyrdeer|57/100|[from] item: Leftovers\n|upkeep\n|turn|2\n|inactive|Time left: 300 sec this turn | 300 sec total\n|inactive|p0x27066936 also wants the timer to be on.\n|\n|t:|1783570218\n|switch|p1a: Scrafty|Scrafty, L83, F|244/244\n|-ability|p1a: Scrafty|Intimidate|boost\n|-unboost|p2a: Wyrdeer|atk|1\n|move|p2a: Wyrdeer|Megahorn|p1a: Scrafty\n|-damage|p1a: Scrafty|192/244\n|\n|-heal|p2a: Wyrdeer|63/100|[from] item: Leftovers\n|-heal|p1a: Scrafty|207/244|[from] item: Leftovers\n|upkeep\n|turn|3\n|inactive|Time left: 300 sec this turn | 300 sec total\n|\n|t:|1783570219\n|switch|p2a: Ampharos|Ampharos, L88, F|100/100\n|move|p1a: Scrafty|Dragon Dance|p1a: Scrafty\n|-boost|p1a: Scrafty|atk|1\n|-boost|p1a: Scrafty|spe|1\n|\n|-heal|p1a: Scrafty|222/244|[from] item: Leftovers\n|upkeep\n|turn|4\n|inactive|Time left: 300 sec this turn | 300 sec total\n|\n|t:|1783570220\n|-terastallize|p1a: Scrafty|Poison\n|move|p1a: Scrafty|Knock Off|p2a: Ampharos\n|-damage|p2a: Ampharos|54/100\n|-status|p1a: Scrafty|par|[from] ability: Static|[of] p2a: Ampharos\n|-enditem|p2a: Ampharos|Life Orb|[from] move: Knock Off|[of] p1a: Scrafty\n|move|p2a: Ampharos|Dazzling Gleam|p1a: Scrafty\n|-resisted|p1a: Scrafty\n|-damage|p1a: Scrafty|193/244 par\n|\n|-heal|p1a: Scrafty|208/244 par|[from] item: Leftovers\n|upkeep\n|turn|5\n|inactive|Time left: 300 sec this turn | 300 sec total\n|\n|t:|1783570221\n|switch|p2a: Rhydon|Rhydon, L85, M|100/100\n|cant|p1a: Scrafty|par\n|\n|-heal|p1a: Scrafty|223/244 par|[from] item: Leftovers\n|upkeep\n|turn|6\n|inactive|Time left: 300 sec this turn | 300 sec total\n|\n|t:|1783570222\n|switch|p1a: Palossand|Palossand, L89, F|296/296\n|move|p2a: Rhydon|Earthquake|p1a: Palossand\n|-crit|p1a: Palossand\n|-damage|p1a: Palossand|133/296\n|\n|-heal|p1a: Palossand|151/296|[from] item: Leftovers\n|upkeep\n|turn|7\n|inactive|Time left: 300 sec this turn | 300 sec total\n|\n|t:|1783570223\n|move|p2a: Rhydon|Swords Dance|p2a: Rhydon\n|-boost|p2a: Rhydon|atk|2\n|move|p1a: Palossand|Earth Power|p2a: Rhydon\n|-supereffective|p2a: Rhydon\n|-damage|p2a: Rhydon|22/100\n|-unboost|p2a: Rhydon|spd|1\n|\n|-heal|p1a: Palossand|169/296|[from] item: Leftovers\n|upkeep\n|turn|8\n|inactive|Time left: 300 sec this turn | 300 sec total\n|\n|t:|1783570223\n|move|p2a: Rhydon|Earthquake|p1a: Palossand\n|-damage|p1a: Palossand|0 fnt\n|faint|p1a: Palossand\n|\n|upkeep\n|inactive|Time left: 300 sec this turn | 300 sec total | 5 sec grace\n|\n|t:|1783570224\n|switch|p1a: Girafarig|Girafarig, L89, F|269/269\n|turn|9\n|inactive|Time left: 300 sec this turn | 300 sec total\n|\n|t:|1783570225\n|switch|p2a: Wyrdeer|Wyrdeer, L87, F|63/100\n|-ability|p2a: Wyrdeer|Intimidate|boost\n|-unboost|p1a: Girafarig|atk|1\n|move|p1a: Girafarig|Hyper Voice|p2a: Wyrdeer\n|-damage|p2a: Wyrdeer|27/100\n|\n|-heal|p2a: Wyrdeer|34/100|[from] item: Leftovers\n|upkeep\n|turn|10\n|inactive|Time left: 300 sec this turn | 300 sec total\n|\n|t:|1783570225\n|move|p1a: Girafarig|Hyper Voice|p2a: Wyrdeer\n|-damage|p2a: Wyrdeer|0 fnt\n|faint|p2a: Wyrdeer\n|\n|upkeep\n|\n|t:|1783570226\n|switch|p2a: Greedent|Greedent, L86, F|100/100\n|turn|11\n|inactive|Time left: 300 sec this turn | 300 sec total\n|\n|t:|1783570227\n|switch|p1a: Scrafty|Scrafty, L83, F, tera:Poison|223/244 par\n|-ability|p1a: Scrafty|Intimidate|boost\n|-unboost|p2a: Greedent|atk|1\n|move|p2a: Greedent|Swords Dance|p2a: Greedent\n|-boost|p2a: Greedent|atk|2\n|\n|-heal|p1a: Scrafty|238/244 par|[from] item: Leftovers\n|upkeep\n|turn|12\n|inactive|Time left: 300 sec this turn | 300 sec total\n|\n|t:|1783570228\n|move|p2a: Greedent|Swords Dance|p2a: Greedent\n|-boost|p2a: Greedent|atk|2\n|move|p1a: Scrafty|Drain Punch|p2a: Greedent\n|-supereffective|p2a: Greedent\n|-damage|p2a: Greedent|64/100\n|-heal|p1a: Scrafty|244/244 par|[from] drain|[of] p2a: Greedent\n|\n|upkeep\n|turn|13\n|inactive|Time left: 300 sec this turn | 300 sec total\n|\n|t:|1783570228\n|switch|p1a: Hoopa|Hoopa, L85|275/275\n|move|p2a: Greedent|Earthquake|p1a: Hoopa\n|-damage|p1a: Hoopa|38/275\n|\n|upkeep\n|turn|14\n|inactive|Time left: 300 sec this turn | 300 sec total\n|\n|t:|1783570229\n|move|p1a: Hoopa|Focus Blast|p2a: Greedent\n|-supereffective|p2a: Greedent\n|-damage|p2a: Greedent|0 fnt\n|faint|p2a: Greedent\n|-damage|p1a: Hoopa|11/275|[from] item: Life Orb\n|\n|upkeep\n|\n|t:|1783570230\n|switch|p2a: Dragonite|Dragonite, L74, M|100/100\n|turn|15\n|inactive|Time left: 300 sec this turn | 300 sec total\n|\n|t:|1783570231\n|switch|p1a: Scrafty|Scrafty, L83, F, tera:Poison|244/244 par\n|-ability|p1a: Scrafty|Intimidate|boost\n|-unboost|p2a: Dragonite|atk|1\n|move|p2a: Dragonite|Dragon Dance|p2a: Dragonite\n|-boost|p2a: Dragonite|atk|1\n|-boost|p2a: Dragonite|spe|1\n|\n|upkeep\n|turn|16\n|inactive|Time left: 300 sec this turn | 300 sec total\n|\n|t:|1783570232\n|switch|p1a: Girafarig|Girafarig, L89, F|269/269\n|move|p2a: Dragonite|Dragon Dance|p2a: Dragonite\n|-boost|p2a: Dragonite|atk|1\n|-boost|p2a: Dragonite|spe|1\n|\n|upkeep\n|turn|17\n|inactive|Time left: 300 sec this turn | 300 sec total\n|\n|t:|1783570233\n|switch|p1a: Scrafty|Scrafty, L83, F, tera:Poison|244/244 par\n|-ability|p1a: Scrafty|Intimidate|boost\n|-unboost|p2a: Dragonite|atk|1\n|move|p2a: Dragonite|Outrage|p1a: Scrafty\n|-damage|p1a: Scrafty|133/244 par\n|\n|-heal|p1a: Scrafty|148/244 par|[from] item: Leftovers\n|upkeep\n|turn|18\n|inactive|Time left: 300 sec this turn | 300 sec total\n|\n|t:|1783570234\n|switch|p1a: Fezandipiti|Fezandipiti, L82, M|278/278\n|move|p2a: Dragonite|Outrage|p1a: Fezandipiti|[from] lockedmove\n|-immune|p1a: Fezandipiti\n|\n|upkeep\n|turn|19\n|inactive|Time left: 300 sec this turn | 300 sec total\n|\n|t:|1783570235\n|move|p2a: Dragonite|Dragon Dance|p2a: Dragonite\n|-boost|p2a: Dragonite|atk|1\n|-boost|p2a: Dragonite|spe|1\n|move|p1a: Fezandipiti|Play Rough|p2a: Dragonite\n|-supereffective|p2a: Dragonite\n|-damage|p2a: Dragonite|65/100\n|\n|upkeep\n|turn|20\n|inactive|Time left: 300 sec this turn | 300 sec total\n|\n|t:|1783570236\n|-terastallize|p2a: Dragonite|Steel\n|move|p2a: Dragonite|Dragon Dance|p2a: Dragonite\n|-boost|p2a: Dragonite|atk|1\n|-boost|p2a: Dragonite|spe|1\n|move|p1a: Fezandipiti|Play Rough|p2a: Dragonite\n|-resisted|p2a: Dragonite\n|-damage|p2a: Dragonite|48/100\n|\n|upkeep\n|turn|21\n|inactive|Time left: 300 sec this turn | 300 sec total\n|\n|t:|1783570237\n|switch|p1a: Plusle|Plusle, L95, F|242/268\n|move|p2a: Dragonite|Earthquake|p1a: Plusle\n|-supereffective|p1a: Plusle\n|-damage|p1a: Plusle|0 fnt\n|faint|p1a: Plusle\n|\n|upkeep\n|inactive|Time left: 300 sec this turn | 300 sec total | 5 sec grace\n|\n|t:|1783570238\n|switch|p1a: Girafarig|Girafarig, L89, F|269/269\n|turn|22\n|inactive|Time left: 300 sec this turn | 300 sec total\n|\n|t:|1783570239\n|move|p2a: Dragonite|Iron Head|p1a: Girafarig\n|-damage|p1a: Girafarig|134/269\n|cant|p1a: Girafarig|flinch\n|\n|upkeep\n|turn|23\n|inactive|Time left: 300 sec this turn | 300 sec total\n|\n|t:|1783570240\n|switch|p1a: Hoopa|Hoopa, L85|11/275\n|move|p2a: Dragonite|Iron Head|p1a: Hoopa\n|-damage|p1a: Hoopa|0 fnt\n|faint|p1a: Hoopa\n|\n|upkeep\n|inactive|Time left: 300 sec this turn | 300 sec total | 5 sec grace\n|\n|t:|1783570241\n|switch|p1a: Scrafty|Scrafty, L83, F, tera:Poison|148/244 par\n|-ability|p1a: Scrafty|Intimidate|boost\n|-unboost|p2a: Dragonite|atk|1\n|turn|24\n|inactive|Time left: 300 sec this turn | 300 sec total\n|\n|t:|1783570242\n|move|p2a: Dragonite|Earthquake|p1a: Scrafty\n|-supereffective|p1a: Scrafty\n|-damage|p1a: Scrafty|0 fnt\n|faint|p1a: Scrafty\n|\n|upkeep\n|inactive|Time left: 300 sec this turn | 300 sec total | 5 sec grace\n|\n|t:|1783570243\n|switch|p1a: Girafarig|Girafarig, L89, F|134/269\n|turn|25\n|inactive|Time left: 300 sec this turn | 300 sec total\n|\n|t:|1783570244\n|move|p2a: Dragonite|Iron Head|p1a: Girafarig\n|-damage|p1a: Girafarig|38/269\n|move|p1a: Girafarig|Thunderbolt|p2a: Dragonite\n|-damage|p2a: Dragonite|23/100\n|\n|upkeep\n|turn|26\n|inactive|Time left: 300 sec this turn | 300 sec total\n|\n|t:|1783570245\n|move|p2a: Dragonite|Iron Head|p1a: Girafarig\n|-damage|p1a: Girafarig|0 fnt\n|faint|p1a: Girafarig\n|\n|upkeep\n|inactive|Time left: 300 sec this turn | 300 sec total | 5 sec grace\n|\n|t:|1783570246\n|switch|p1a: Fezandipiti|Fezandipiti, L82, M|278/278\n|turn|27\n|inactive|Time left: 300 sec this turn | 300 sec total\n|\n|t:|1783570247\n|move|p2a: Dragonite|Earthquake|p1a: Fezandipiti\n|-supereffective|p1a: Fezandipiti\n|-damage|p1a: Fezandipiti|34/278\n|move|p1a: Fezandipiti|Tera Blast|p2a: Dragonite\n|-resisted|p2a: Dragonite\n|-damage|p2a: Dragonite|15/100\n|\n|-heal|p1a: Fezandipiti|51/278|[from] item: Leftovers\n|upkeep\n|turn|28\n|inactive|Time left: 300 sec this turn | 300 sec total\n|\n|t:|1783570248\n|move|p2a: Dragonite|Earthquake|p1a: Fezandipiti\n|-supereffective|p1a: Fezandipiti\n|-damage|p1a: Fezandipiti|0 fnt\n|faint|p1a: Fezandipiti\n|\n|win|p0y2706baef", "uploadtime": 1783570248, "views": 0, "rating": 0, "private": 0, "password": null, "_winner": "p0y2706baef", "_our_name": "p0x27066936"}