{"id": "battle-gen9randombattle-2277", "formatid": "gen9randombattle", "format": "[Gen 9] Random Battle", "players": ["p0x227763fc", "p0y2277a761"], "log": "|init|battle\n|title|p0x227763fc vs. p0y2277a761\n|j|\u2606p0x227763fc\n|j|\u2606p0y2277a761\n|t:|1783565433\n|gametype|singles\n|player|p1|p0x227763fc|266|\n|player|p2|p0y2277a761|2|\n|gen|9\n|tier|[Gen 9] Random Battle\n|rule|Species Clause: Limit one of each Pok\u00e9mon\n|rule|HP Percentage Mod: HP is shown in percentages\n|rule|Sleep Clause Mod: Limit one foe put to sleep\n|rule|Illusion Level Mod: Illusion disguises the Pok\u00e9mon's true level\n|\n|t:|1783565433\n|teamsize|p1|6\n|teamsize|p2|6\n|start\n|switch|p1a: Moltres|Moltres, L81|278/278\n|switch|p2a: Medicham|Medicham, L86, M|100/100\n|turn|1\n|inactive|Battle timer is ON: inactive players will automatically lose when time's up. (requested by p0y2277a761)\n|inactive|Time left: 300 sec this turn | 300 sec total | 60 sec grace\n|inactive|p0x227763fc also wants the timer to be on.\n|\n|t:|1783565435\n|switch|p2a: Luxray|Luxray, L88, F|100/100\n|-ability|p2a: Luxray|Intimidate|boost\n|-unboost|p1a: Moltres|atk|1\n|move|p1a: Moltres|Brave Bird|p2a: Luxray\n|-resisted|p2a: Luxray\n|-damage|p2a: Luxray|85/100\n|-damage|p1a: Moltres|263/278|[from] Recoil\n|\n|upkeep\n|turn|2\n|inactive|Time left: 300 sec this turn | 300 sec total\n|\n|t:|1783565436\n|move|p1a: Moltres|Scorching Sands|p2a: Luxray\n|-supereffective|p2a: Luxray\n|-damage|p2a: Luxray|59/100\n|move|p2a: Luxray|Volt Switch|p1a: Moltres\n|-supereffective|p1a: Moltres\n|-damage|p1a: Moltres|93/278\n|\n|t:|1783565437\n|switch|p2a: Ambipom|Ambipom, L84, M|100/100|[from] Volt Switch\n|\n|upkeep\n|turn|3\n|inactive|Time left: 300 sec this turn | 300 sec total\n|\n|t:|1783565438\n|switch|p1a: Diancie|Diancie, L82|216/216\n|move|p2a: Ambipom|Triple Axel|p1a: Diancie\n|-crit|p1a: Diancie\n|-damage|p1a: Diancie|182/216\n|-damage|p1a: Diancie|139/216\n|-damage|p1a: Diancie|73/216\n|-hitcount|p1a: Diancie|3\n|\n|-heal|p1a: Diancie|86/216|[from] item: Leftovers\n|upkeep\n|turn|4\n|inactive|Time left: 300 sec this turn | 300 sec total\n|\n|t:|1783565439\n|switch|p1a: Moltres|Moltres, L81|93/278\n|move|p2a: Ambipom|Triple Axel|p1a: Moltres\n|-damage|p1a: Moltres|58/278\n|-damage|p1a: Moltres|0 fnt\n|faint|p1a: Moltres\n|-hitcount|p1: Moltres|2\n|\n|upkeep\n|inactive|Time left: 300 sec this turn | 300 sec total | 5 sec grace\n|\n|t:|1783565440\n|switch|p1a: Spidops|Spidops, L96, M|271/271\n|turn|5\n|inactive|Time left: 300 sec this turn | 300 sec total\n|\n|t:|1783565441\n|move|p2a: Ambipom|Triple Axel|p1a: Spidops\n|-damage|p1a: Spidops|244/271\n|-damage|p1a: Spidops|186/271\n|-hitcount|p1a: Spidops|2\n|move|p1a: Spidops|Sticky Web|p2a: Ambipom\n|-sidestart|p2: p0y2277a761|move: Sticky Web\n|\n|upkeep\n|turn|6\n|inactive|Time left: 300 sec this turn | 300 sec total\n|\n|t:|1783565442\n|move|p2a: Ambipom|Triple Axel|p1a: Spidops\n|-damage|p1a: Spidops|158/271\n|-damage|p1a: Spidops|98/271\n|-damage|p1a: Spidops|8/271\n|-hitcount|p1a: Spidops|3\n|move|p1a: Spidops|Circle Throw|p2a: Ambipom\n|-supereffective|p2a: Ambipom\n|-damage|p2a: Ambipom|58/100\n|drag|p2a: Luxray|Luxray, L88, F|59/100\n|-activate|p2a: Luxray|move: Sticky Web\n|-unboost|p2a: Luxray|spe|1\n|-ability|p2a: Luxray|Intimidate|boost\n|-unboost|p1a: Spidops|atk|1\n|\n|upkeep\n|turn|7\n|inactive|Time left: 300 sec this turn | 300 sec total\n|\n|t:|1783565443\n|move|p1a: Spidops|U-turn|p2a: Luxray\n|-damage|p2a: Luxray|41/100\n|inactive|Time left: 300 sec this turn | 300 sec total | 5 sec grace\n|\n|t:|1783565444\n|switch|p1a: Swalot|Swalot, L90, F|326/326|[from] U-turn\n|move|p2a: Luxray|Volt Switch|p1a: Swalot\n|-damage|p1a: Swalot|242/326\n|\n|t:|1783565445\n|switch|p2a: Kricketune|Kricketune, L99, F|100/100|[from] Volt Switch\n|\n|-heal|p1a: Swalot|262/326|[from] item: Leftovers\n|upkeep\n|turn|8\n|inactive|Time left: 300 sec this turn | 300 sec total\n|\n|t:|1783565446\n|move|p2a: Kricketune|Sticky Web|p1a: Swalot\n|-sidestart|p1: p0x227763fc|move: Sticky Web\n|move|p1a: Swalot|Swords Dance|p1a: Swalot\n|-boost|p1a: Swalot|atk|2\n|\n|-heal|p1a: Swalot|282/326|[from] item: Leftovers\n|upkeep\n|turn|9\n|inactive|Time left: 300 sec this turn | 300 sec total\n|\n|t:|1783565447\n|move|p2a: Kricketune|Knock Off|p1a: Swalot\n|-damage|p1a: Swalot|201/326\n|-enditem|p1a: Swalot|Leftovers|[from] move: Knock Off|[of] p2a: Kricketune\n|move|p1a: Swalot|Knock Off|p2a: Kricketune\n|-damage|p2a: Kricketune|53/100\n|-enditem|p2a: Kricketune|Heavy-Duty Boots|[from] move: Knock Off|[of] p1a: Swalot\n|\n|upkeep\n|turn|10\n|inactive|Time left: 300 sec this turn | 300 sec total\n|\n|t:|1783565448\n|move|p2a: Kricketune|Pounce|p1a: Swalot\n|-resisted|p1a: Swalot\n|-damage|p1a: Swalot|156/326\n|-unboost|p1a: Swalot|spe|1\n|move|p1a: Swalot|Gunk Shot|p2a: Kricketune|[miss]\n|-miss|p1a: Swalot|p2a: Kricketune\n|\n|upkeep\n|turn|11\n|inactive|Time left: 300 sec this turn | 300 sec total\n|\n|t:|1783565449\n|move|p2a: Kricketune|Pounce|p1a: Swalot\n|-resisted|p1a: Swalot\n|-damage|p1a: Swalot|108/326\n|-unboost|p1a: Swalot|spe|1\n|move|p1a: Swalot|Gunk Shot|p2a: Kricketune\n|-damage|p2a: Kricketune|0 fnt\n|faint|p2a: Kricketune\n|\n|upkeep\n|\n|t:|1783565451\n|switch|p2a: Medicham|Medicham, L86, M|100/100\n|-activate|p2a: Medicham|move: Sticky Web\n|-unboost|p2a: Medicham|spe|1\n|turn|12\n|inactive|Time left: 300 sec this turn | 300 sec total\n|\n|t:|1783565452\n|move|p2a: Medicham|Zen Headbutt|p1a: Swalot\n|-supereffective|p1a: Swalot\n|-damage|p1a: Swalot|0 fnt\n|faint|p1a: Swalot\n|\n|upkeep\n|inactive|Time left: 300 sec this turn | 300 sec total | 5 sec grace\n|\n|t:|1783565453\n|switch|p1a: Dipplin|Dipplin, L88, F|284/284\n|-activate|p1a: Dipplin|move: Sticky Web\n|-unboost|p1a: Dipplin|spe|1\n|turn|13\n|inactive|Time left: 300 sec this turn | 300 sec total\n|\n|t:|1783565454\n|switch|p2a: Serperior|Serperior, L79, F|100/100\n|-activate|p2a: Serperior|move: Sticky Web\n|-boost|p2a: Serperior|spe|1\n|move|p1a: Dipplin|Giga Drain|p2a: Serperior\n|-resisted|p2a: Serperior\n|-damage|p2a: Serperior|82/100\n|\n|upkeep\n|turn|14\n|inactive|Time left: 300 sec this turn | 300 sec total\n|\n|t:|1783565455\n|move|p2a: Serperior|Glare|p1a: Dipplin\n|-status|p1a: Dipplin|par\n|move|p1a: Dipplin|Dragon Tail|p2a: Serperior\n|-damage|p2a: Serperior|58/100\n|drag|p2a: Ambipom|Ambipom, L84, M|58/100\n|-activate|p2a: Ambipom|move: Sticky Web\n|-unboost|p2a: Ambipom|spe|1\n|\n|upkeep\n|turn|15\n|inactive|Time left: 300 sec this turn | 300 sec total\n|\n|t:|1783565456\n|move|p2a: Ambipom|Triple Axel|p1a: Dipplin\n|-supereffective|p1a: Dipplin\n|-damage|p1a: Dipplin|216/284 par\n|-supereffective|p1a: Dipplin\n|-damage|p1a: Dipplin|84/284 par\n|-supereffective|p1a: Dipplin\n|-crit|p1a: Dipplin\n|-damage|p1a: Dipplin|0 fnt\n|faint|p1a: Dipplin\n|-hitcount|p1: Dipplin|3\n|\n|upkeep\n|inactive|Time left: 300 sec this turn | 300 sec total | 5 sec grace\n|\n|t:|1783565456\n|switch|p1a: Hitmonlee|Hitmonlee, L85, M|224/224\n|-activate|p1a: Hitmonlee|move: Sticky Web\n|-unboost|p1a: Hitmonlee|spe|1\n|-enditem|p1a: Hitmonlee|White Herb\n|-clearnegativeboost|p1a: Hitmonlee|[silent]\n|turn|16\n|inactive|Time left: 300 sec this turn | 300 sec total\n|\n|t:|1783565457\n|move|p1a: Hitmonlee|Close Combat|p2a: Ambipom\n|-supereffective|p2a: Ambipom\n|-damage|p2a: Ambipom|0 fnt\n|-unboost|p1a: Hitmonlee|def|1\n|-unboost|p1a: Hitmonlee|spd|1\n|faint|p2a: Ambipom\n|\n|upkeep\n|\n|t:|1783565458\n|switch|p2a: Medicham|Medicham, L86, M|100/100\n|-activate|p2a: Medicham|move: Sticky Web\n|-unboost|p2a: Medicham|spe|1\n|turn|17\n|inactive|Time left: 300 sec this turn | 300 sec total\n|\n|t:|1783565459\n|move|p1a: Hitmonlee|Knock Off|p2a: Medicham\n|-damage|p2a: Medicham|65/100\n|-enditem|p2a: Medicham|Choice Band|[from] move: Knock Off|[of] p1a: Hitmonlee\n|move|p2a: Medicham|Close Combat|p1a: Hitmonlee\n|-damage|p1a: Hitmonlee|0 fnt\n|-unboost|p2a: Medicham|def|1\n|-unboost|p2a: Medicham|spd|1\n|faint|p1a: Hitmonlee\n|\n|upkeep\n|inactive|Time left: 300 sec this turn | 300 sec total | 5 sec grace\n|\n|t:|1783565460\n|switch|p1a: Spidops|Spidops, L96, M|8/271\n|turn|18\n|inactive|Time left: 300 sec this turn | 300 sec total\n|\n|t:|1783565461\n|move|p2a: Medicham|Bullet Punch|p1a: Spidops\n|-damage|p1a: Spidops|0 fnt\n|faint|p1a: Spidops\n|\n|upkeep\n|inactive|Time left: 300 sec this turn | 300 sec total | 5 sec grace\n|\n|t:|1783565462\n|switch|p1a: Diancie|Diancie, L82|86/216\n|-activate|p1a: Diancie|move: Sticky Web\n|-fail|p1a: Diancie|unboost|[from] ability: Clear Body|[of] p1a: Diancie\n|turn|19\n|inactive|Time left: 300 sec this turn | 300 sec total\n|\n|t:|1783565463\n|switch|p2a: Serperior|Serperior, L79, F|58/100\n|-activate|p2a: Serperior|move: Sticky Web\n|-boost|p2a: Serperior|spe|1\n|-terastallize|p1a: Diancie|Fighting\n|move|p1a: Diancie|Moonblast|p2a: Serperior\n|-damage|p2a: Serperior|20/100\n|-boost|p2a: Serperior|spa|1\n|\n|-heal|p1a: Diancie|99/216|[from] item: Leftovers\n|upkeep\n|turn|20\n|inactive|Time left: 300 sec this turn | 300 sec total\n|\n|t:|1783565464\n|move|p2a: Serperior|Leaf Storm|p1a: Diancie\n|-damage|p1a: Diancie|0 fnt\n|-boost|p2a: Serperior|spa|2\n|faint|p1a: Diancie\n|-damage|p2a: Serperior|11/100|[from] item: Life Orb\n|\n|win|p0y2277a761", "uploadtime": 1783565464, "views": 0, "rating": 0, "private": 0, "password": null, "_winner": "p0y2277a761", "_our_name": "p0x227763fc"}