{"id": "battle-gen9randombattle-259", "formatid": "gen9randombattle", "format": "[Gen 9] Random Battle", "players": ["p0x2590ad1", "p0y259b7b3"], "log": "|init|battle\n|title|p0x2590ad1 vs. p0y259b7b3\n|j|\u2606p0x2590ad1\n|j|\u2606p0y259b7b3\n|t:|1783542582\n|gametype|singles\n|player|p1|p0x2590ad1|265|\n|player|p2|p0y259b7b3|265|\n|gen|9\n|tier|[Gen 9] Random Battle\n|rule|Species Clause: Limit one of each Pok\u00e9mon\n|rule|HP Percentage Mod: HP is shown in percentages\n|rule|Sleep Clause Mod: Limit one foe put to sleep\n|rule|Illusion Level Mod: Illusion disguises the Pok\u00e9mon's true level\n|\n|t:|1783542582\n|teamsize|p1|6\n|teamsize|p2|6\n|start\n|switch|p1a: Copperajah|Copperajah, L86, F|100/100\n|switch|p2a: Gyarados|Gyarados, L79, M|280/280\n|turn|1\n|inactive|Battle timer is ON: inactive players will automatically lose when time's up. (requested by p0y259b7b3)\n|\n|t:|1783542584\n|move|p2a: Gyarados|Waterfall|p1a: Copperajah\n|-damage|p1a: Copperajah|69/100\n|move|p1a: Copperajah|Heavy Slam|p2a: Gyarados\n|-resisted|p2a: Gyarados\n|-damage|p2a: Gyarados|138/280\n|\n|upkeep\n|turn|2\n|inactive|Time left: 300 sec this turn | 300 sec total\n|inactive|p0x2590ad1 also wants the timer to be on.\n|\n|t:|1783542586\n|move|p2a: Gyarados|Dragon Dance|p2a: Gyarados\n|-boost|p2a: Gyarados|atk|1\n|-boost|p2a: Gyarados|spe|1\n|move|p1a: Copperajah|Heavy Slam|p2a: Gyarados\n|-resisted|p2a: Gyarados\n|-damage|p2a: Gyarados|0 fnt\n|faint|p2a: Gyarados\n|\n|upkeep\n|inactive|Time left: 300 sec this turn | 300 sec total | 5 sec grace\n|\n|t:|1783542587\n|switch|p2a: Koraidon|Koraidon, L64|235/235\n|-weather|SunnyDay|[from] ability: Orichalcum Pulse|[of] p2a: Koraidon\n|-activate|p2a: Koraidon|Orichalcum Pulse|[source]\n|turn|3\n|inactive|Time left: 300 sec this turn | 300 sec total\n|\n|t:|1783542588\n|move|p2a: Koraidon|Outrage|p1a: Copperajah\n|-resisted|p1a: Copperajah\n|-crit|p1a: Copperajah\n|-damage|p1a: Copperajah|18/100\n|move|p1a: Copperajah|Heavy Slam|p2a: Koraidon\n|-damage|p2a: Koraidon|0 fnt\n|faint|p2a: Koraidon\n|\n|-weather|SunnyDay|[upkeep]\n|upkeep\n|inactive|Time left: 300 sec this turn | 300 sec total | 5 sec grace\n|\n|t:|1783542590\n|switch|p2a: Oranguru|Oranguru, L92, M|315/315\n|turn|4\n|inactive|Time left: 300 sec this turn | 300 sec total\n|\n|t:|1783542591\n|switch|p1a: Polteageist|Polteageist, L78|100/100\n|move|p2a: Oranguru|Hyper Voice|p1a: Polteageist\n|-immune|p1a: Polteageist\n|\n|-weather|SunnyDay|[upkeep]\n|upkeep\n|turn|5\n|inactive|Time left: 300 sec this turn | 300 sec total\n|\n|t:|1783542592\n|move|p2a: Oranguru|Hyper Voice|p1a: Polteageist\n|-immune|p1a: Polteageist\n|move|p1a: Polteageist|Shell Smash|p1a: Polteageist\n|-unboost|p1a: Polteageist|def|1\n|-unboost|p1a: Polteageist|spd|1\n|-boost|p1a: Polteageist|atk|2\n|-boost|p1a: Polteageist|spa|2\n|-boost|p1a: Polteageist|spe|2\n|-enditem|p1a: Polteageist|White Herb\n|-clearnegativeboost|p1a: Polteageist|[silent]\n|\n|-weather|SunnyDay|[upkeep]\n|upkeep\n|turn|6\n|inactive|Time left: 300 sec this turn | 300 sec total\n|\n|t:|1783542593\n|move|p1a: Polteageist|Tera Blast|p2a: Oranguru\n|-damage|p2a: Oranguru|216/315\n|move|p2a: Oranguru|Hyper Voice|p1a: Polteageist\n|-immune|p1a: Polteageist\n|\n|-weather|SunnyDay|[upkeep]\n|upkeep\n|turn|7\n|inactive|Time left: 300 sec this turn | 300 sec total\n|\n|t:|1783542594\n|move|p1a: Polteageist|Tera Blast|p2a: Oranguru\n|-damage|p2a: Oranguru|112/315\n|move|p2a: Oranguru|Hyper Voice|p1a: Polteageist\n|-immune|p1a: Polteageist\n|\n|-weather|none\n|upkeep\n|turn|8\n|inactive|Time left: 300 sec this turn | 300 sec total\n|\n|t:|1783542595\n|move|p1a: Polteageist|Shadow Ball|p2a: Oranguru\n|-immune|p2a: Oranguru\n|move|p2a: Oranguru|Hyper Voice|p1a: Polteageist\n|-immune|p1a: Polteageist\n|\n|upkeep\n|turn|9\n|inactive|Time left: 300 sec this turn | 300 sec total\n|\n|t:|1783542596\n|move|p1a: Polteageist|Shadow Ball|p2a: Oranguru\n|-immune|p2a: Oranguru\n|move|p2a: Oranguru|Hyper Voice|p1a: Polteageist\n|-immune|p1a: Polteageist\n|\n|upkeep\n|turn|10\n|inactive|Time left: 300 sec this turn | 300 sec total\n|\n|t:|1783542597\n|move|p1a: Polteageist|Tera Blast|p2a: Oranguru\n|-damage|p2a: Oranguru|7/315\n|move|p2a: Oranguru|Hyper Voice|p1a: Polteageist\n|-immune|p1a: Polteageist\n|\n|upkeep\n|turn|11\n|inactive|Time left: 300 sec this turn | 300 sec total\n|\n|t:|1783542598\n|move|p1a: Polteageist|Tera Blast|p2a: Oranguru\n|-damage|p2a: Oranguru|0 fnt\n|faint|p2a: Oranguru\n|\n|upkeep\n|inactive|Time left: 300 sec this turn | 300 sec total | 5 sec grace\n|\n|t:|1783542599\n|switch|p2a: Zapdos|Zapdos-Galar, L77|265/265\n|turn|12\n|inactive|Time left: 300 sec this turn | 300 sec total\n|\n|t:|1783542600\n|move|p1a: Polteageist|Shadow Ball|p2a: Zapdos\n|-damage|p2a: Zapdos|43/265\n|move|p2a: Zapdos|Brave Bird|p1a: Polteageist\n|-damage|p1a: Polteageist|28/100\n|-start|p2a: Zapdos|Disable|Brave Bird|[from] ability: Cursed Body|[of] p1a: Polteageist\n|-damage|p2a: Zapdos|0 fnt|[from] Recoil\n|faint|p2a: Zapdos\n|\n|upkeep\n|inactive|Time left: 300 sec this turn | 300 sec total | 5 sec grace\n|\n|t:|1783542601\n|switch|p2a: Volcarona|Volcarona, L77, F|257/257\n|turn|13\n|inactive|Time left: 300 sec this turn | 300 sec total\n|\n|t:|1783542602\n|move|p1a: Polteageist|Strength Sap|p2a: Volcarona\n|-unboost|p2a: Volcarona|atk|1\n|-heal|p1a: Polteageist|71/100\n|move|p2a: Volcarona|Fiery Dance|p1a: Polteageist\n|-damage|p1a: Polteageist|36/100\n|-boost|p2a: Volcarona|spa|1\n|-start|p2a: Volcarona|Disable|Fiery Dance|[from] ability: Cursed Body|[of] p1a: Polteageist\n|\n|upkeep\n|turn|14\n|inactive|Time left: 300 sec this turn | 300 sec total\n|\n|t:|1783542604\n|move|p1a: Polteageist|Strength Sap|p2a: Volcarona\n|-unboost|p2a: Volcarona|atk|1\n|-heal|p1a: Polteageist|64/100\n|move|p2a: Volcarona|Giga Drain|p1a: Polteageist\n|-damage|p1a: Polteageist|28/100\n|\n|upkeep\n|turn|15\n|inactive|Time left: 300 sec this turn | 300 sec total\n|\n|t:|1783542605\n|move|p1a: Polteageist|Strength Sap|p2a: Volcarona\n|-unboost|p2a: Volcarona|atk|1\n|-heal|p1a: Polteageist|49/100\n|move|p2a: Volcarona|Giga Drain|p1a: Polteageist\n|-damage|p1a: Polteageist|13/100\n|\n|upkeep\n|turn|16\n|inactive|Time left: 300 sec this turn | 300 sec total\n|\n|t:|1783542606\n|move|p1a: Polteageist|Shadow Ball|p2a: Volcarona\n|-damage|p2a: Volcarona|83/257\n|-unboost|p2a: Volcarona|spd|1\n|move|p2a: Volcarona|Giga Drain|p1a: Polteageist\n|-damage|p1a: Polteageist|0 fnt\n|-heal|p2a: Volcarona|97/257|[from] drain|[of] p1a: Polteageist\n|faint|p1a: Polteageist\n|\n|-end|p2a: Volcarona|Disable\n|upkeep\n|\n|t:|1783542607\n|switch|p1a: Raging Bolt|Raging Bolt, L78|100/100\n|turn|17\n|inactive|Time left: 300 sec this turn | 300 sec total\n|\n|t:|1783542608\n|switch|p2a: Galvantula|Galvantula, L82, F|249/249\n|move|p1a: Raging Bolt|Thunderbolt|p2a: Galvantula\n|-resisted|p2a: Galvantula\n|-damage|p2a: Galvantula|169/249\n|\n|upkeep\n|turn|18\n|inactive|Time left: 300 sec this turn | 300 sec total\n|\n|t:|1783542609\n|move|p2a: Galvantula|Sticky Web|p1a: Raging Bolt\n|-sidestart|p1: p0x2590ad1|move: Sticky Web\n|move|p1a: Raging Bolt|Draco Meteor|p2a: Galvantula|[miss]\n|-miss|p1a: Raging Bolt|p2a: Galvantula\n|\n|upkeep\n|turn|19\n|inactive|Time left: 300 sec this turn | 300 sec total\n|\n|t:|1783542610\n|move|p2a: Galvantula|Bug Buzz|p1a: Raging Bolt\n|-damage|p1a: Raging Bolt|80/100\n|move|p1a: Raging Bolt|Thunderbolt|p2a: Galvantula\n|-resisted|p2a: Galvantula\n|-damage|p2a: Galvantula|97/249\n|\n|upkeep\n|turn|20\n|inactive|Time left: 300 sec this turn | 300 sec total\n|\n|t:|1783542611\n|move|p2a: Galvantula|Bug Buzz|p1a: Raging Bolt\n|-damage|p1a: Raging Bolt|61/100\n|move|p1a: Raging Bolt|Thunderbolt|p2a: Galvantula\n|-resisted|p2a: Galvantula\n|-damage|p2a: Galvantula|26/249\n|\n|upkeep\n|turn|21\n|inactive|Time left: 300 sec this turn | 300 sec total\n|\n|t:|1783542612\n|move|p2a: Galvantula|Bug Buzz|p1a: Raging Bolt\n|-damage|p1a: Raging Bolt|40/100\n|move|p1a: Raging Bolt|Thunderbolt|p2a: Galvantula\n|-resisted|p2a: Galvantula\n|-damage|p2a: Galvantula|0 fnt\n|faint|p2a: Galvantula\n|\n|upkeep\n|inactive|Time left: 300 sec this turn | 300 sec total | 5 sec grace\n|\n|t:|1783542613\n|switch|p2a: Volcarona|Volcarona, L77, F|97/257\n|turn|22\n|inactive|Time left: 300 sec this turn | 300 sec total\n|\n|t:|1783542614\n|move|p2a: Volcarona|Morning Sun|p2a: Volcarona\n|-heal|p2a: Volcarona|225/257\n|move|p1a: Raging Bolt|Draco Meteor|p2a: Volcarona\n|-damage|p2a: Volcarona|75/257\n|-unboost|p1a: Raging Bolt|spa|2\n|\n|upkeep\n|turn|23\n|inactive|Time left: 300 sec this turn | 300 sec total\n|\n|t:|1783542615\n|move|p2a: Volcarona|Morning Sun|p2a: Volcarona\n|-heal|p2a: Volcarona|203/257\n|move|p1a: Raging Bolt|Volt Switch|p2a: Volcarona\n|-damage|p2a: Volcarona|166/257\n|\n|t:|1783542616\n|-end|p1a: Raging Bolt|Protosynthesis|[silent]\n|switch|p1a: Qwilfish|Qwilfish, L86, F|100/100|[from] Volt Switch\n|-activate|p1a: Qwilfish|move: Sticky Web\n|-unboost|p1a: Qwilfish|spe|1\n|-ability|p1a: Qwilfish|Intimidate|boost\n|-unboost|p2a: Volcarona|atk|1\n|\n|upkeep\n|turn|24\n|inactive|Time left: 300 sec this turn | 300 sec total\n|\n|t:|1783542617\n|-terastallize|p2a: Volcarona|Steel\n|move|p2a: Volcarona|Quiver Dance|p2a: Volcarona\n|-boost|p2a: Volcarona|spa|1\n|-boost|p2a: Volcarona|spd|1\n|-boost|p2a: Volcarona|spe|1\n|move|p1a: Qwilfish|Gunk Shot|p2a: Volcarona\n|-immune|p2a: Volcarona\n|\n|upkeep\n|turn|25\n|inactive|Time left: 300 sec this turn | 300 sec total\n|\n|t:|1783542618\n|move|p2a: Volcarona|Quiver Dance|p2a: Volcarona\n|-boost|p2a: Volcarona|spa|1\n|-boost|p2a: Volcarona|spd|1\n|-boost|p2a: Volcarona|spe|1\n|move|p1a: Qwilfish|Waterfall|p2a: Volcarona\n|-damage|p2a: Volcarona|46/257\n|\n|upkeep\n|turn|26\n|inactive|Time left: 300 sec this turn | 300 sec total\n|\n|t:|1783542620\n|move|p2a: Volcarona|Morning Sun|p2a: Volcarona\n|-heal|p2a: Volcarona|174/257\n|move|p1a: Qwilfish|Waterfall|p2a: Volcarona\n|-damage|p2a: Volcarona|62/257\n|\n|upkeep\n|turn|27\n|inactive|Time left: 300 sec this turn | 300 sec total\n|\n|t:|1783542621\n|move|p2a: Volcarona|Morning Sun|p2a: Volcarona\n|-heal|p2a: Volcarona|190/257\n|move|p1a: Qwilfish|Waterfall|p2a: Volcarona\n|-damage|p2a: Volcarona|64/257\n|\n|upkeep\n|turn|28\n|inactive|Time left: 300 sec this turn | 300 sec total\n|\n|t:|1783542622\n|move|p2a: Volcarona|Morning Sun|p2a: Volcarona\n|-heal|p2a: Volcarona|192/257\n|move|p1a: Qwilfish|Waterfall|p2a: Volcarona\n|-damage|p2a: Volcarona|65/257\n|\n|upkeep\n|turn|29\n|inactive|Time left: 300 sec this turn | 300 sec total\n|\n|t:|1783542623\n|move|p2a: Volcarona|Morning Sun|p2a: Volcarona\n|-heal|p2a: Volcarona|193/257\n|move|p1a: Qwilfish|Waterfall|p2a: Volcarona\n|-damage|p2a: Volcarona|78/257\n|\n|upkeep\n|turn|30\n|inactive|Time left: 300 sec this turn | 300 sec total\n|\n|t:|1783542625\n|move|p2a: Volcarona|Morning Sun|p2a: Volcarona\n|-heal|p2a: Volcarona|206/257\n|move|p1a: Qwilfish|Waterfall|p2a: Volcarona\n|-damage|p2a: Volcarona|88/257\n|\n|upkeep\n|turn|31\n|inactive|Time left: 300 sec this turn | 300 sec total\n|\n|t:|1783542626\n|move|p2a: Volcarona|Morning Sun|p2a: Volcarona\n|-heal|p2a: Volcarona|216/257\n|move|p1a: Qwilfish|Waterfall|p2a: Volcarona\n|-damage|p2a: Volcarona|92/257\n|-status|p1a: Qwilfish|brn|[from] ability: Flame Body|[of] p2a: Volcarona\n|\n|-damage|p1a: Qwilfish|95/100 brn|[from] brn\n|upkeep\n|turn|32\n|inactive|Time left: 300 sec this turn | 300 sec total\n|\n|t:|1783542627\n|switch|p1a: Spidops|Spidops, L96, M|100/100\n|move|p2a: Volcarona|Quiver Dance|p2a: Volcarona\n|-boost|p2a: Volcarona|spa|1\n|-boost|p2a: Volcarona|spd|1\n|-boost|p2a: Volcarona|spe|1\n|\n|upkeep\n|turn|33\n|inactive|Time left: 300 sec this turn | 300 sec total\n|\n|t:|1783542628\n|-terastallize|p1a: Spidops|Ghost\n|move|p2a: Volcarona|Giga Drain|p1a: Spidops\n|-damage|p1a: Spidops|56/100\n|-heal|p2a: Volcarona|152/257|[from] drain|[of] p1a: Spidops\n|move|p1a: Spidops|Circle Throw|p2a: Volcarona\n|-supereffective|p2a: Volcarona\n|-damage|p2a: Volcarona|16/257\n|-status|p1a: Spidops|brn|[from] ability: Flame Body|[of] p2a: Volcarona\n|\n|-damage|p1a: Spidops|50/100 brn|[from] brn\n|upkeep\n|turn|34\n|inactive|Time left: 300 sec this turn | 300 sec total\n|\n|t:|1783542630\n|move|p2a: Volcarona|Giga Drain|p1a: Spidops\n|-damage|p1a: Spidops|5/100 brn\n|-heal|p2a: Volcarona|77/257|[from] drain|[of] p1a: Spidops\n|move|p1a: Spidops|Circle Throw|p2a: Volcarona\n|-supereffective|p2a: Volcarona\n|-damage|p2a: Volcarona|13/257\n|\n|-damage|p1a: Spidops|0 fnt|[from] brn\n|faint|p1a: Spidops\n|upkeep\n|\n|t:|1783542631\n|switch|p1a: Raging Bolt|Raging Bolt, L78|40/100\n|-activate|p1a: Raging Bolt|move: Sticky Web\n|-unboost|p1a: Raging Bolt|spe|1\n|turn|35\n|inactive|Time left: 300 sec this turn | 300 sec total\n|\n|t:|1783542632\n|move|p2a: Volcarona|Giga Drain|p1a: Raging Bolt\n|-resisted|p1a: Raging Bolt\n|-damage|p1a: Raging Bolt|24/100\n|-heal|p2a: Volcarona|39/257|[from] drain|[of] p1a: Raging Bolt\n|move|p1a: Raging Bolt|Thunderbolt|p2a: Volcarona\n|-damage|p2a: Volcarona|0 fnt\n|faint|p2a: Volcarona\n|\n|win|p0x2590ad1", "uploadtime": 1783542632, "views": 0, "rating": 0, "private": 0, "password": null, "_winner": "p0x2590ad1", "_our_name": "p0y259b7b3"}