{"id": "battle-gen9randombattle-660", "formatid": "gen9randombattle", "format": "[Gen 9] Random Battle", "players": ["p0x660ba6e", "p0y6604252"], "log": "|init|battle\n|title|p0x660ba6e vs. p0y6604252\n|j|\u2606p0x660ba6e\n|j|\u2606p0y6604252\n|t:|1783547475\n|gametype|singles\n|player|p1|p0x660ba6e|1|\n|player|p2|p0y6604252|170|\n|gen|9\n|tier|[Gen 9] Random Battle\n|rule|Species Clause: Limit one of each Pok\u00e9mon\n|rule|HP Percentage Mod: HP is shown in percentages\n|rule|Sleep Clause Mod: Limit one foe put to sleep\n|rule|Illusion Level Mod: Illusion disguises the Pok\u00e9mon's true level\n|\n|t:|1783547475\n|teamsize|p1|6\n|teamsize|p2|6\n|start\n|switch|p1a: Regieleki|Regieleki, L79|100/100\n|switch|p2a: Salamence|Salamence, L77, F|273/273\n|turn|1\n|inactive|Battle timer is ON: inactive players will automatically lose when time's up. (requested by p0x660ba6e)\n|inactive|Time left: 300 sec this turn | 300 sec total | 60 sec grace\n|inactive|p0y6604252 also wants the timer to be on.\n|\n|t:|1783547476\n|-terastallize|p1a: Regieleki|Ice\n|-terastallize|p2a: Salamence|Ground\n|move|p1a: Regieleki|Tera Blast|p2a: Salamence|[anim] Tera Blast Ice\n|-supereffective|p2a: Salamence\n|-damage|p2a: Salamence|99/273\n|move|p2a: Salamence|Outrage|p1a: Regieleki\n|-damage|p1a: Regieleki|20/100\n|\n|upkeep\n|turn|2\n|inactive|Time left: 300 sec this turn | 300 sec total\n|\n|t:|1783547478\n|move|p1a: Regieleki|Tera Blast|p2a: Salamence|[anim] Tera Blast Ice\n|-supereffective|p2a: Salamence\n|-damage|p2a: Salamence|0 fnt\n|faint|p2a: Salamence\n|\n|upkeep\n|inactive|Time left: 300 sec this turn | 300 sec total | 5 sec grace\n|\n|t:|1783547479\n|switch|p2a: Venusaur|Venusaur, L84, F|272/272\n|turn|3\n|inactive|Time left: 300 sec this turn | 300 sec total\n|\n|t:|1783547480\n|move|p1a: Regieleki|Volt Switch|p2a: Venusaur\n|-resisted|p2a: Venusaur\n|-damage|p2a: Venusaur|221/272\n|\n|t:|1783547481\n|switch|p1a: Flygon|Flygon, L82, F|100/100|[from] Volt Switch\n|move|p2a: Venusaur|Sludge Bomb|p1a: Flygon\n|-resisted|p1a: Flygon\n|-damage|p1a: Flygon|79/100\n|\n|-heal|p2a: Venusaur|238/272|[from] item: Leftovers\n|upkeep\n|turn|4\n|inactive|Time left: 300 sec this turn | 300 sec total\n|\n|t:|1783547483\n|switch|p2a: Arceus|Arceus-Grass, L73|296/296\n|move|p1a: Flygon|Dragon Dance|p1a: Flygon\n|-boost|p1a: Flygon|atk|1\n|-boost|p1a: Flygon|spe|1\n|\n|upkeep\n|turn|5\n|inactive|Time left: 300 sec this turn | 300 sec total\n|\n|t:|1783547484\n|move|p1a: Flygon|Outrage|p2a: Arceus\n|-damage|p2a: Arceus|125/296\n|move|p2a: Arceus|Ice Beam|p1a: Flygon\n|-supereffective|p1a: Flygon\n|-damage|p1a: Flygon|0 fnt\n|faint|p1a: Flygon\n|\n|upkeep\n|\n|t:|1783547485\n|switch|p1a: Regieleki|Regieleki, L79, tera:Ice|20/100\n|turn|6\n|inactive|Time left: 300 sec this turn | 300 sec total\n|\n|t:|1783547486\n|switch|p2a: Chandelure|Chandelure, L83, F|235/235\n|move|p1a: Regieleki|Tera Blast|p2a: Chandelure|[anim] Tera Blast Ice\n|-resisted|p2a: Chandelure\n|-damage|p2a: Chandelure|195/235\n|\n|upkeep\n|turn|7\n|inactive|Time left: 300 sec this turn | 300 sec total\n|\n|t:|1783547487\n|move|p1a: Regieleki|Thunderbolt|p2a: Chandelure\n|-damage|p2a: Chandelure|63/235\n|move|p2a: Chandelure|Shadow Ball|p1a: Regieleki\n|-damage|p1a: Regieleki|0 fnt\n|faint|p1a: Regieleki\n|\n|upkeep\n|\n|t:|1783547488\n|switch|p1a: Morpeko|Morpeko, L88, F|100/100\n|turn|8\n|inactive|Time left: 300 sec this turn | 300 sec total\n|\n|t:|1783547490\n|switch|p2a: Venusaur|Venusaur, L84, F|238/272\n|move|p1a: Morpeko|Aura Wheel|p2a: Venusaur\n|-resisted|p2a: Venusaur\n|-damage|p2a: Venusaur|170/272\n|-boost|p1a: Morpeko|spe|1\n|\n|-heal|p2a: Venusaur|187/272|[from] item: Leftovers\n|-formechange|p1a: Morpeko|Morpeko-Hangry||[from] ability: Hunger Switch\n|upkeep\n|turn|9\n|inactive|Time left: 300 sec this turn | 300 sec total\n|\n|t:|1783547491\n|move|p1a: Morpeko|Parting Shot|p2a: Venusaur\n|-unboost|p2a: Venusaur|atk|1\n|-unboost|p2a: Venusaur|spa|1\n|\n|t:|1783547492\n|switch|p1a: Gogoat|Gogoat, L88, F|100/100|[from] Parting Shot\n|move|p2a: Venusaur|Earth Power|p1a: Gogoat\n|-resisted|p1a: Gogoat\n|-damage|p1a: Gogoat|95/100\n|\n|-heal|p2a: Venusaur|204/272|[from] item: Leftovers\n|-heal|p1a: Gogoat|100/100|[from] item: Leftovers\n|upkeep\n|turn|10\n|inactive|Time left: 300 sec this turn | 300 sec total\n|\n|t:|1783547493\n|move|p2a: Venusaur|Toxic|p1a: Gogoat\n|-status|p1a: Gogoat|tox\n|move|p1a: Gogoat|Bulk Up|p1a: Gogoat\n|-boost|p1a: Gogoat|atk|1\n|-boost|p1a: Gogoat|def|1\n|\n|-heal|p2a: Venusaur|221/272|[from] item: Leftovers\n|-damage|p1a: Gogoat|94/100 tox|[from] psn\n|upkeep\n|turn|11\n|inactive|Time left: 300 sec this turn | 300 sec total\n|\n|t:|1783547494\n|move|p2a: Venusaur|Sludge Bomb|p1a: Gogoat\n|-supereffective|p1a: Gogoat\n|-damage|p1a: Gogoat|54/100 tox\n|move|p1a: Gogoat|Earthquake|p2a: Venusaur\n|-damage|p2a: Venusaur|100/272\n|\n|-heal|p2a: Venusaur|117/272|[from] item: Leftovers\n|-heal|p1a: Gogoat|60/100 tox|[from] item: Leftovers\n|-damage|p1a: Gogoat|48/100 tox|[from] psn\n|upkeep\n|turn|12\n|inactive|Time left: 300 sec this turn | 300 sec total\n|\n|t:|1783547495\n|move|p2a: Venusaur|Synthesis|p2a: Venusaur\n|-heal|p2a: Venusaur|253/272\n|move|p1a: Gogoat|Earthquake|p2a: Venusaur\n|-damage|p2a: Venusaur|124/272\n|\n|-heal|p2a: Venusaur|141/272|[from] item: Leftovers\n|-heal|p1a: Gogoat|54/100 tox|[from] item: Leftovers\n|-damage|p1a: Gogoat|36/100 tox|[from] psn\n|upkeep\n|turn|13\n|inactive|Time left: 300 sec this turn | 300 sec total\n|\n|t:|1783547496\n|move|p2a: Venusaur|Synthesis|p2a: Venusaur\n|-heal|p2a: Venusaur|272/272\n|move|p1a: Gogoat|Milk Drink|p1a: Gogoat\n|-heal|p1a: Gogoat|86/100 tox\n|\n|-heal|p1a: Gogoat|92/100 tox|[from] item: Leftovers\n|-damage|p1a: Gogoat|68/100 tox|[from] psn\n|upkeep\n|turn|14\n|inactive|Time left: 300 sec this turn | 300 sec total\n|\n|t:|1783547497\n|move|p2a: Venusaur|Sludge Bomb|p1a: Gogoat\n|-supereffective|p1a: Gogoat\n|-damage|p1a: Gogoat|29/100 tox\n|move|p1a: Gogoat|Milk Drink|p1a: Gogoat\n|-heal|p1a: Gogoat|79/100 tox\n|\n|-heal|p1a: Gogoat|85/100 tox|[from] item: Leftovers\n|-damage|p1a: Gogoat|55/100 tox|[from] psn\n|upkeep\n|turn|15\n|inactive|Time left: 300 sec this turn | 300 sec total\n|\n|t:|1783547498\n|move|p2a: Venusaur|Sludge Bomb|p1a: Gogoat\n|-supereffective|p1a: Gogoat\n|-crit|p1a: Gogoat\n|-damage|p1a: Gogoat|0 fnt\n|faint|p1a: Gogoat\n|\n|upkeep\n|\n|t:|1783547499\n|switch|p1a: Morpeko|Morpeko, L88, F|100/100\n|turn|16\n|inactive|Time left: 300 sec this turn | 300 sec total\n|\n|t:|1783547500\n|move|p1a: Morpeko|Aura Wheel|p2a: Venusaur\n|-resisted|p2a: Venusaur\n|-damage|p2a: Venusaur|208/272\n|-boost|p1a: Morpeko|spe|1\n|move|p2a: Venusaur|Toxic|p1a: Morpeko\n|-status|p1a: Morpeko|tox\n|\n|-heal|p2a: Venusaur|225/272|[from] item: Leftovers\n|-damage|p1a: Morpeko|94/100 tox|[from] psn\n|-formechange|p1a: Morpeko|Morpeko-Hangry||[from] ability: Hunger Switch\n|upkeep\n|turn|17\n|inactive|Time left: 300 sec this turn | 300 sec total\n|\n|t:|1783547501\n|move|p1a: Morpeko|Aura Wheel|p2a: Venusaur\n|-damage|p2a: Venusaur|86/272\n|-boost|p1a: Morpeko|spe|1\n|move|p2a: Venusaur|Earth Power|p1a: Morpeko\n|-supereffective|p1a: Morpeko\n|-damage|p1a: Morpeko|53/100 tox\n|-unboost|p1a: Morpeko|spd|1\n|\n|-heal|p2a: Venusaur|103/272|[from] item: Leftovers\n|-damage|p1a: Morpeko|40/100 tox|[from] psn\n|-formechange|p1a: Morpeko|Morpeko||[from] ability: Hunger Switch\n|upkeep\n|turn|18\n|inactive|Time left: 300 sec this turn | 300 sec total\n|\n|t:|1783547502\n|move|p1a: Morpeko|Parting Shot|p2a: Venusaur\n|-unboost|p2a: Venusaur|atk|1\n|-unboost|p2a: Venusaur|spa|1\n|\n|t:|1783547503\n|switch|p1a: Rillaboom|Rillaboom, L79, F|100/100|[from] Parting Shot\n|-fieldstart|move: Grassy Terrain|[from] ability: Grassy Surge|[of] p1a: Rillaboom\n|move|p2a: Venusaur|Synthesis|p2a: Venusaur\n|-heal|p2a: Venusaur|239/272\n|\n|-heal|p2a: Venusaur|256/272|[from] Grassy Terrain\n|-heal|p2a: Venusaur|272/272|[from] item: Leftovers\n|upkeep\n|turn|19\n|inactive|Time left: 300 sec this turn | 300 sec total\n|\n|t:|1783547504\n|move|p2a: Venusaur|Sludge Bomb|p1a: Rillaboom\n|-supereffective|p1a: Rillaboom\n|-damage|p1a: Rillaboom|58/100\n|-status|p1a: Rillaboom|psn\n|move|p1a: Rillaboom|Swords Dance|p1a: Rillaboom\n|-boost|p1a: Rillaboom|atk|2\n|\n|-heal|p1a: Rillaboom|64/100 psn|[from] Grassy Terrain\n|-damage|p1a: Rillaboom|52/100 psn|[from] psn\n|upkeep\n|turn|20\n|inactive|Time left: 300 sec this turn | 300 sec total\n|\n|t:|1783547505\n|move|p2a: Venusaur|Sludge Bomb|p1a: Rillaboom\n|-supereffective|p1a: Rillaboom\n|-damage|p1a: Rillaboom|10/100 psn\n|move|p1a: Rillaboom|Knock Off|p2a: Venusaur\n|-damage|p2a: Venusaur|69/272\n|-enditem|p2a: Venusaur|Leftovers|[from] move: Knock Off|[of] p1a: Rillaboom\n|-damage|p1a: Rillaboom|0 fnt|[from] item: Life Orb\n|faint|p1a: Rillaboom\n|\n|-heal|p2a: Venusaur|86/272|[from] Grassy Terrain\n|upkeep\n|\n|t:|1783547506\n|switch|p1a: Morpeko|Morpeko, L88, F|40/100 tox\n|turn|21\n|inactive|Time left: 300 sec this turn | 300 sec total\n|\n|t:|1783547507\n|move|p1a: Morpeko|Aura Wheel|p2a: Venusaur\n|-resisted|p2a: Venusaur\n|-damage|p2a: Venusaur|17/272\n|-boost|p1a: Morpeko|spe|1\n|move|p2a: Venusaur|Earth Power|p1a: Morpeko\n|-supereffective|p1a: Morpeko\n|-damage|p1a: Morpeko|6/100 tox\n|\n|-heal|p1a: Morpeko|12/100 tox|[from] Grassy Terrain\n|-heal|p2a: Venusaur|34/272|[from] Grassy Terrain\n|-damage|p1a: Morpeko|6/100 tox|[from] psn\n|-formechange|p1a: Morpeko|Morpeko-Hangry||[from] ability: Hunger Switch\n|upkeep\n|turn|22\n|inactive|Time left: 300 sec this turn | 300 sec total\n|\n|t:|1783547508\n|switch|p2a: Arceus|Arceus-Grass, L73|125/296\n|move|p1a: Morpeko|Aura Wheel|p2a: Arceus\n|-damage|p2a: Arceus|16/296\n|-boost|p1a: Morpeko|spe|1\n|\n|-heal|p1a: Morpeko|12/100 tox|[from] Grassy Terrain\n|-heal|p2a: Arceus|34/296|[from] Grassy Terrain\n|-damage|p1a: Morpeko|0 fnt|[from] psn\n|faint|p1a: Morpeko\n|-fieldend|move: Grassy Terrain\n|upkeep\n|\n|t:|1783547509\n|switch|p1a: Toxapex|Toxapex, L82, M|100/100\n|turn|23\n|inactive|Time left: 300 sec this turn | 300 sec total\n|\n|t:|1783547510\n|switch|p2a: Venusaur|Venusaur, L84, F|34/272\n|move|p1a: Toxapex|Toxic|p2a: Venusaur\n|-immune|p2a: Venusaur\n|\n|upkeep\n|turn|24\n|inactive|Time left: 300 sec this turn | 300 sec total\n|\n|t:|1783547511\n|move|p2a: Venusaur|Synthesis|p2a: Venusaur\n|-heal|p2a: Venusaur|170/272\n|move|p1a: Toxapex|Liquidation|p2a: Venusaur\n|-resisted|p2a: Venusaur\n|-damage|p2a: Venusaur|137/272\n|\n|upkeep\n|turn|25\n|inactive|Time left: 300 sec this turn | 300 sec total\n|\n|t:|1783547512\n|move|p2a: Venusaur|Synthesis|p2a: Venusaur\n|-heal|p2a: Venusaur|272/272\n|move|p1a: Toxapex|Liquidation|p2a: Venusaur\n|-resisted|p2a: Venusaur\n|-damage|p2a: Venusaur|242/272\n|\n|upkeep\n|turn|26\n|inactive|Time left: 300 sec this turn | 300 sec total\n|\n|t:|1783547514\n|move|p2a: Venusaur|Earth Power|p1a: Toxapex\n|-supereffective|p1a: Toxapex\n|-damage|p1a: Toxapex|54/100\n|move|p1a: Toxapex|Liquidation|p2a: Venusaur\n|-resisted|p2a: Venusaur\n|-damage|p2a: Venusaur|211/272\n|\n|-heal|p1a: Toxapex|60/100|[from] item: Leftovers\n|upkeep\n|turn|27\n|inactive|Time left: 300 sec this turn | 300 sec total\n|\n|t:|1783547515\n|move|p2a: Venusaur|Earth Power|p1a: Toxapex\n|-supereffective|p1a: Toxapex\n|-damage|p1a: Toxapex|18/100\n|move|p1a: Toxapex|Recover|p1a: Toxapex\n|-heal|p1a: Toxapex|68/100\n|\n|-heal|p1a: Toxapex|74/100|[from] item: Leftovers\n|upkeep\n|turn|28\n|inactive|Time left: 300 sec this turn | 300 sec total\n|\n|t:|1783547516\n|move|p2a: Venusaur|Earth Power|p1a: Toxapex\n|-supereffective|p1a: Toxapex\n|-damage|p1a: Toxapex|34/100\n|move|p1a: Toxapex|Recover|p1a: Toxapex\n|-heal|p1a: Toxapex|84/100\n|\n|-heal|p1a: Toxapex|90/100|[from] item: Leftovers\n|upkeep\n|turn|29\n|inactive|Time left: 300 sec this turn | 300 sec total\n|\n|t:|1783547517\n|move|p2a: Venusaur|Earth Power|p1a: Toxapex\n|-supereffective|p1a: Toxapex\n|-damage|p1a: Toxapex|51/100\n|move|p1a: Toxapex|Liquidation|p2a: Venusaur\n|-resisted|p2a: Venusaur\n|-damage|p2a: Venusaur|178/272\n|\n|-heal|p1a: Toxapex|57/100|[from] item: Leftovers\n|upkeep\n|turn|30\n|inactive|Time left: 300 sec this turn | 300 sec total\n|\n|t:|1783547519\n|move|p2a: Venusaur|Earth Power|p1a: Toxapex\n|-supereffective|p1a: Toxapex\n|-damage|p1a: Toxapex|16/100\n|move|p1a: Toxapex|Recover|p1a: Toxapex\n|-heal|p1a: Toxapex|66/100\n|\n|-heal|p1a: Toxapex|72/100|[from] item: Leftovers\n|upkeep\n|turn|31\n|inactive|Time left: 300 sec this turn | 300 sec total\n|\n|t:|1783547520\n|move|p2a: Venusaur|Earth Power|p1a: Toxapex\n|-supereffective|p1a: Toxapex\n|-damage|p1a: Toxapex|31/100\n|move|p1a: Toxapex|Recover|p1a: Toxapex\n|-heal|p1a: Toxapex|81/100\n|\n|-heal|p1a: Toxapex|87/100|[from] item: Leftovers\n|upkeep\n|turn|32\n|inactive|Time left: 300 sec this turn | 300 sec total\n|\n|t:|1783547521\n|move|p2a: Venusaur|Earth Power|p1a: Toxapex\n|-supereffective|p1a: Toxapex\n|-damage|p1a: Toxapex|46/100\n|move|p1a: Toxapex|Recover|p1a: Toxapex\n|-heal|p1a: Toxapex|96/100\n|\n|-heal|p1a: Toxapex|100/100|[from] item: Leftovers\n|upkeep\n|turn|33\n|inactive|Time left: 300 sec this turn | 300 sec total\n|\n|t:|1783547522\n|move|p2a: Venusaur|Synthesis|p2a: Venusaur\n|-heal|p2a: Venusaur|272/272\n|move|p1a: Toxapex|Liquidation|p2a: Venusaur\n|-resisted|p2a: Venusaur\n|-damage|p2a: Venusaur|242/272\n|-unboost|p2a: Venusaur|def|1\n|\n|upkeep\n|turn|34\n|inactive|Time left: 300 sec this turn | 300 sec total\n|\n|t:|1783547524\n|move|p2a: Venusaur|Earth Power|p1a: Toxapex\n|-supereffective|p1a: Toxapex\n|-damage|p1a: Toxapex|55/100\n|-unboost|p1a: Toxapex|spd|1\n|move|p1a: Toxapex|Liquidation|p2a: Venusaur\n|-resisted|p2a: Venusaur\n|-damage|p2a: Venusaur|197/272\n|\n|-heal|p1a: Toxapex|61/100|[from] item: Leftovers\n|upkeep\n|turn|35\n|inactive|Time left: 300 sec this turn | 300 sec total\n|\n|t:|1783547525\n|move|p2a: Venusaur|Earth Power|p1a: Toxapex\n|-supereffective|p1a: Toxapex\n|-damage|p1a: Toxapex|0 fnt\n|faint|p1a: Toxapex\n|\n|win|p0y6604252", "uploadtime": 1783547525, "views": 0, "rating": 0, "private": 0, "password": null, "_winner": "p0y6604252", "_our_name": "p0y6604252"}