{"id": "battle-gen9randombattle-466", "formatid": "gen9randombattle", "format": "[Gen 9] Random Battle", "players": ["p0x4666784", "p0y466f5ab"], "log": "|init|battle\n|title|p0x4666784 vs. p0y466f5ab\n|j|\u2606p0x4666784\n|j|\u2606p0y466f5ab\n|t:|1783545172\n|gametype|singles\n|player|p1|p0x4666784|1|\n|player|p2|p0y466f5ab|169|\n|gen|9\n|tier|[Gen 9] Random Battle\n|rule|Species Clause: Limit one of each Pok\u00e9mon\n|rule|HP Percentage Mod: HP is shown in percentages\n|rule|Sleep Clause Mod: Limit one foe put to sleep\n|rule|Illusion Level Mod: Illusion disguises the Pok\u00e9mon's true level\n|\n|t:|1783545172\n|teamsize|p1|6\n|teamsize|p2|6\n|start\n|switch|p1a: Wo-Chien|Wo-Chien, L83|277/277\n|switch|p2a: Tornadus|Tornadus, L82, M|100/100\n|-ability|p1a: Wo-Chien|Tablets of Ruin\n|turn|1\n|inactive|Battle timer is ON: inactive players will automatically lose when time's up. (requested by p0x4666784)\n|inactive|p0y466f5ab also wants the timer to be on.\n|\n|t:|1783545173\n|move|p2a: Tornadus|Bleakwind Storm|p1a: Wo-Chien\n|-supereffective|p1a: Wo-Chien\n|-damage|p1a: Wo-Chien|107/277\n|move|p1a: Wo-Chien|Knock Off|p2a: Tornadus\n|-damage|p2a: Tornadus|62/100\n|-enditem|p2a: Tornadus|Heavy-Duty Boots|[from] move: Knock Off|[of] p1a: Wo-Chien\n|\n|-heal|p1a: Wo-Chien|124/277|[from] item: Leftovers\n|upkeep\n|turn|2\n|inactive|Time left: 300 sec this turn | 300 sec total\n|\n|t:|1783545174\n|move|p1a: Wo-Chien|Protect|p1a: Wo-Chien\n|-singleturn|p1a: Wo-Chien|Protect\n|move|p2a: Tornadus|Bleakwind Storm|p1a: Wo-Chien\n|-activate|p1a: Wo-Chien|move: Protect\n|\n|-heal|p1a: Wo-Chien|141/277|[from] item: Leftovers\n|upkeep\n|turn|3\n|inactive|Time left: 300 sec this turn | 300 sec total\n|\n|t:|1783545175\n|switch|p1a: Minior|Minior, L79|224/224\n|-formechange|p1a: Minior|Minior-Meteor||[from] ability: Shields Down\n|move|p2a: Tornadus|Bleakwind Storm|p1a: Minior\n|-resisted|p1a: Minior\n|-damage|p1a: Minior|164/224\n|-unboost|p1a: Minior|spe|1\n|-enditem|p1a: Minior|White Herb\n|-clearnegativeboost|p1a: Minior|[silent]\n|\n|upkeep\n|turn|4\n|inactive|Time left: 300 sec this turn | 300 sec total\n|\n|t:|1783545176\n|switch|p2a: Empoleon|Empoleon, L84, F|100/100\n|move|p1a: Minior|Shell Smash|p1a: Minior\n|-unboost|p1a: Minior|def|1\n|-unboost|p1a: Minior|spd|1\n|-boost|p1a: Minior|atk|2\n|-boost|p1a: Minior|spa|2\n|-boost|p1a: Minior|spe|2\n|\n|upkeep\n|turn|5\n|inactive|Time left: 300 sec this turn | 300 sec total\n|\n|t:|1783545177\n|-terastallize|p1a: Minior|Steel\n|move|p1a: Minior|Earthquake|p2a: Empoleon\n|-supereffective|p2a: Empoleon\n|-damage|p2a: Empoleon|34/100\n|move|p2a: Empoleon|Surf|p1a: Minior\n|-damage|p1a: Minior|16/224\n|\n|-heal|p2a: Empoleon|40/100|[from] item: Leftovers\n|-formechange|p1a: Minior|Minior||[from] ability: Shields Down\n|upkeep\n|turn|6\n|inactive|Time left: 300 sec this turn | 300 sec total\n|\n|t:|1783545178\n|move|p1a: Minior|Earthquake|p2a: Empoleon\n|-supereffective|p2a: Empoleon\n|-damage|p2a: Empoleon|0 fnt\n|faint|p2a: Empoleon\n|\n|upkeep\n|\n|t:|1783545179\n|switch|p2a: Wugtrio|Wugtrio, L91, M|100/100\n|turn|7\n|inactive|Time left: 300 sec this turn | 300 sec total\n|\n|t:|1783545180\n|move|p2a: Wugtrio|Aqua Jet|p1a: Minior\n|-damage|p1a: Minior|0 fnt\n|faint|p1a: Minior\n|\n|upkeep\n|inactive|Time left: 300 sec this turn | 300 sec total | 5 sec grace\n|\n|t:|1783545181\n|switch|p1a: Manaphy|Manaphy, L78|284/284\n|turn|8\n|inactive|Time left: 300 sec this turn | 300 sec total\n|\n|t:|1783545183\n|switch|p2a: Mewtwo|Mewtwo, L72|100/100\n|-ability|p2a: Mewtwo|Pressure\n|move|p1a: Manaphy|Tail Glow|p1a: Manaphy\n|-boost|p1a: Manaphy|spa|3\n|\n|upkeep\n|turn|9\n|inactive|Time left: 300 sec this turn | 300 sec total\n|\n|t:|1783545184\n|move|p2a: Mewtwo|Nasty Plot|p2a: Mewtwo\n|-boost|p2a: Mewtwo|spa|2\n|move|p1a: Manaphy|Surf|p2a: Mewtwo\n|-damage|p2a: Mewtwo|4/100\n|\n|upkeep\n|turn|10\n|inactive|Time left: 300 sec this turn | 300 sec total\n|\n|t:|1783545185\n|switch|p1a: Wo-Chien|Wo-Chien, L83|141/277\n|-ability|p1a: Wo-Chien|Tablets of Ruin\n|move|p2a: Mewtwo|Psystrike|p1a: Wo-Chien\n|-immune|p1a: Wo-Chien\n|\n|-heal|p1a: Wo-Chien|158/277|[from] item: Leftovers\n|upkeep\n|turn|11\n|inactive|Time left: 300 sec this turn | 300 sec total\n|\n|t:|1783545186\n|move|p2a: Mewtwo|Aura Sphere|p1a: Wo-Chien\n|-supereffective|p1a: Wo-Chien\n|-damage|p1a: Wo-Chien|0 fnt\n|faint|p1a: Wo-Chien\n|-damage|p2a: Mewtwo|0 fnt|[from] item: Life Orb\n|faint|p2a: Mewtwo\n|\n|upkeep\n|inactive|Time left: 300 sec this turn | 300 sec total | 5 sec grace\n|\n|t:|1783545187\n|switch|p2a: Tornadus|Tornadus, L82, M|62/100\n|switch|p1a: Manaphy|Manaphy, L78|284/284\n|turn|12\n|inactive|Time left: 300 sec this turn | 300 sec total\n|\n|t:|1783545189\n|move|p2a: Tornadus|Nasty Plot|p2a: Tornadus\n|-boost|p2a: Tornadus|spa|2\n|move|p1a: Manaphy|Tail Glow|p1a: Manaphy\n|-boost|p1a: Manaphy|spa|3\n|\n|upkeep\n|turn|13\n|inactive|Time left: 300 sec this turn | 300 sec total\n|\n|t:|1783545190\n|move|p2a: Tornadus|Bleakwind Storm|p1a: Manaphy|[miss]\n|-miss|p2a: Tornadus|p1a: Manaphy\n|move|p1a: Manaphy|Surf|p2a: Tornadus\n|-damage|p2a: Tornadus|0 fnt\n|faint|p2a: Tornadus\n|\n|upkeep\n|\n|t:|1783545191\n|switch|p2a: Pecharunt|Pecharunt, L77|100/100\n|turn|14\n|inactive|Time left: 300 sec this turn | 300 sec total\n|\n|t:|1783545192\n|move|p1a: Manaphy|Surf|p2a: Pecharunt\n|-damage|p2a: Pecharunt|18/100\n|move|p2a: Pecharunt|Recover|p2a: Pecharunt\n|-heal|p2a: Pecharunt|68/100\n|\n|-heal|p2a: Pecharunt|74/100|[from] item: Leftovers\n|upkeep\n|turn|15\n|inactive|Time left: 300 sec this turn | 300 sec total\n|\n|t:|1783545193\n|switch|p2a: Wugtrio|Wugtrio, L91, M|100/100\n|move|p1a: Manaphy|Surf|p2a: Wugtrio\n|-resisted|p2a: Wugtrio\n|-damage|p2a: Wugtrio|48/100\n|\n|upkeep\n|turn|16\n|inactive|Time left: 300 sec this turn | 300 sec total\n|\n|t:|1783545194\n|move|p2a: Wugtrio|Stomping Tantrum|p1a: Manaphy\n|-damage|p1a: Manaphy|195/284\n|move|p1a: Manaphy|Surf|p2a: Wugtrio\n|-resisted|p2a: Wugtrio\n|-damage|p2a: Wugtrio|0 fnt\n|faint|p2a: Wugtrio\n|\n|-heal|p1a: Manaphy|212/284|[from] item: Leftovers\n|upkeep\n|\n|t:|1783545195\n|switch|p2a: Gengar|Gengar, L81, F|100/100\n|turn|17\n|inactive|Time left: 300 sec this turn | 300 sec total\n|\n|t:|1783545196\n|move|p2a: Gengar|Sludge Wave|p1a: Manaphy\n|-damage|p1a: Manaphy|52/284\n|-damage|p2a: Gengar|90/100|[from] item: Life Orb\n|move|p1a: Manaphy|Surf|p2a: Gengar\n|-damage|p2a: Gengar|0 fnt\n|-start|p1a: Manaphy|Disable|Surf|[from] ability: Cursed Body|[of] p2a: Gengar\n|faint|p2a: Gengar\n|\n|-heal|p1a: Manaphy|69/284|[from] item: Leftovers\n|upkeep\n|\n|t:|1783545197\n|switch|p2a: Pecharunt|Pecharunt, L77|74/100\n|turn|18\n|inactive|Time left: 300 sec this turn | 300 sec total\n|\n|t:|1783545198\n|-terastallize|p2a: Pecharunt|Dark\n|move|p1a: Manaphy|Ice Beam|p2a: Pecharunt\n|-damage|p2a: Pecharunt|13/100\n|-status|p2a: Pecharunt|frz\n|-curestatus|p2a: Pecharunt|frz|[msg]\n|move|p2a: Pecharunt|Nasty Plot|p2a: Pecharunt\n|-boost|p2a: Pecharunt|spa|2\n|\n|-heal|p1a: Manaphy|86/284|[from] item: Leftovers\n|-heal|p2a: Pecharunt|19/100|[from] item: Leftovers\n|upkeep\n|turn|19\n|inactive|Time left: 300 sec this turn | 300 sec total\n|\n|t:|1783545199\n|move|p1a: Manaphy|Energy Ball|p2a: Pecharunt\n|-damage|p2a: Pecharunt|0 fnt\n|faint|p2a: Pecharunt\n|\n|win|p0x4666784", "uploadtime": 1783545199, "views": 0, "rating": 0, "private": 0, "password": null, "_winner": "p0x4666784", "_our_name": "p0x4666784"}