{"id": "battle-gen9randombattle-664", "formatid": "gen9randombattle", "format": "[Gen 9] Random Battle", "players": ["p0x664d5b3", "p0y6647cea"], "log": "|init|battle\n|title|p0x664d5b3 vs. p0y6647cea\n|j|\u2606p0x664d5b3\n|j|\u2606p0y6647cea\n|t:|1783547522\n|gametype|singles\n|player|p1|p0x664d5b3|266|\n|player|p2|p0y6647cea|169|\n|gen|9\n|tier|[Gen 9] Random Battle\n|rule|Species Clause: Limit one of each Pok\u00e9mon\n|rule|HP Percentage Mod: HP is shown in percentages\n|rule|Sleep Clause Mod: Limit one foe put to sleep\n|rule|Illusion Level Mod: Illusion disguises the Pok\u00e9mon's true level\n|\n|t:|1783547522\n|teamsize|p1|6\n|teamsize|p2|6\n|start\n|switch|p1a: Staraptor|Staraptor, L79, M|263/263\n|switch|p2a: Noctowl|Noctowl, L95, M|100/100\n|turn|1\n|inactive|Battle timer is ON: inactive players will automatically lose when time's up. (requested by p0y6647cea)\n|inactive|Time left: 300 sec this turn | 300 sec total | 60 sec grace\n|inactive|p0x664d5b3 also wants the timer to be on.\n|\n|t:|1783547524\n|move|p1a: Staraptor|Double-Edge|p2a: Noctowl\n|-crit|p2a: Noctowl\n|-damage|p2a: Noctowl|0 fnt\n|faint|p2a: Noctowl\n|-damage|p1a: Staraptor|149/263|[from] Recoil\n|\n|upkeep\n|\n|t:|1783547525\n|switch|p2a: Brambleghast|Brambleghast, L88, F|100/100\n|turn|2\n|inactive|Time left: 300 sec this turn | 300 sec total\n|\n|t:|1783547526\n|switch|p1a: Hydreigon|Hydreigon, L79, F|275/275\n|move|p2a: Brambleghast|Power Whip|p1a: Hydreigon\n|-resisted|p1a: Hydreigon\n|-damage|p1a: Hydreigon|188/275\n|\n|upkeep\n|turn|3\n|inactive|Time left: 300 sec this turn | 300 sec total\n|\n|t:|1783547527\n|move|p2a: Brambleghast|Substitute|p2a: Brambleghast\n|-start|p2a: Brambleghast|Substitute\n|-damage|p2a: Brambleghast|75/100\n|move|p1a: Hydreigon|Dark Pulse|p2a: Brambleghast\n|-supereffective|p2a: Brambleghast\n|-end|p2a: Brambleghast|Substitute\n|\n|-heal|p2a: Brambleghast|82/100|[from] item: Leftovers\n|upkeep\n|turn|4\n|inactive|Time left: 300 sec this turn | 300 sec total\n|\n|t:|1783547528\n|switch|p2a: Krookodile|Krookodile, L79, M|100/100\n|-ability|p2a: Krookodile|Intimidate|boost\n|-unboost|p1a: Hydreigon|atk|1\n|move|p1a: Hydreigon|Dark Pulse|p2a: Krookodile\n|-resisted|p2a: Krookodile\n|-damage|p2a: Krookodile|69/100\n|\n|upkeep\n|turn|5\n|inactive|Time left: 300 sec this turn | 300 sec total\n|\n|t:|1783547530\n|move|p1a: Hydreigon|Dark Pulse|p2a: Krookodile\n|-resisted|p2a: Krookodile\n|-damage|p2a: Krookodile|38/100\n|cant|p2a: Krookodile|flinch\n|\n|upkeep\n|turn|6\n|inactive|Time left: 300 sec this turn | 300 sec total\n|\n|t:|1783547531\n|move|p1a: Hydreigon|Dark Pulse|p2a: Krookodile\n|-resisted|p2a: Krookodile\n|-damage|p2a: Krookodile|8/100\n|move|p2a: Krookodile|Stealth Rock|p1a: Hydreigon\n|-sidestart|p1: p0x664d5b3|move: Stealth Rock\n|\n|upkeep\n|turn|7\n|inactive|Time left: 300 sec this turn | 300 sec total\n|\n|t:|1783547532\n|move|p1a: Hydreigon|Dark Pulse|p2a: Krookodile\n|-resisted|p2a: Krookodile\n|-damage|p2a: Krookodile|0 fnt\n|faint|p2a: Krookodile\n|\n|upkeep\n|\n|t:|1783547533\n|switch|p2a: Lumineon|Lumineon, L93, F|100/100\n|turn|8\n|inactive|Time left: 300 sec this turn | 300 sec total\n|\n|t:|1783547534\n|switch|p1a: Volcanion|Volcanion, L79|255/255\n|-damage|p1a: Volcanion|192/255|[from] Stealth Rock\n|move|p2a: Lumineon|Alluring Voice|p1a: Volcanion\n|-resisted|p1a: Volcanion\n|-damage|p1a: Volcanion|170/255\n|-damage|p2a: Lumineon|91/100|[from] item: Life Orb\n|\n|upkeep\n|turn|9\n|inactive|Time left: 300 sec this turn | 300 sec total\n|\n|t:|1783547535\n|move|p2a: Lumineon|Alluring Voice|p1a: Volcanion\n|-resisted|p1a: Volcanion\n|-damage|p1a: Volcanion|145/255\n|-damage|p2a: Lumineon|81/100|[from] item: Life Orb\n|move|p1a: Volcanion|Flame Charge|p2a: Lumineon\n|-resisted|p2a: Lumineon\n|-damage|p2a: Lumineon|73/100\n|-boost|p1a: Volcanion|spe|1\n|\n|upkeep\n|turn|10\n|inactive|Time left: 300 sec this turn | 300 sec total\n|\n|t:|1783547536\n|move|p1a: Volcanion|Sludge Bomb|p2a: Lumineon\n|-damage|p2a: Lumineon|48/100\n|-status|p2a: Lumineon|psn\n|move|p2a: Lumineon|Encore|p1a: Volcanion\n|-start|p1a: Volcanion|Encore\n|\n|-damage|p2a: Lumineon|36/100 psn|[from] psn\n|upkeep\n|turn|11\n|inactive|Time left: 300 sec this turn | 300 sec total\n|\n|t:|1783547538\n|switch|p2a: Gouging Fire|Gouging Fire, L74|100/100\n|move|p1a: Volcanion|Sludge Bomb|p2a: Gouging Fire\n|-damage|p2a: Gouging Fire|73/100\n|\n|upkeep\n|turn|12\n|inactive|Time left: 300 sec this turn | 300 sec total\n|\n|t:|1783547539\n|move|p1a: Volcanion|Sludge Bomb|p2a: Gouging Fire\n|-damage|p2a: Gouging Fire|45/100\n|move|p2a: Gouging Fire|Dragon Dance|p2a: Gouging Fire\n|-boost|p2a: Gouging Fire|atk|1\n|-boost|p2a: Gouging Fire|spe|1\n|\n|upkeep\n|turn|13\n|inactive|Time left: 300 sec this turn | 300 sec total\n|\n|t:|1783547540\n|move|p2a: Gouging Fire|Outrage|p1a: Volcanion\n|-damage|p1a: Volcanion|0 fnt\n|faint|p1a: Volcanion\n|\n|upkeep\n|inactive|Time left: 300 sec this turn | 300 sec total | 5 sec grace\n|\n|t:|1783547541\n|switch|p1a: Wugtrio|Wugtrio, L91, M|212/212\n|-damage|p1a: Wugtrio|186/212|[from] Stealth Rock\n|turn|14\n|inactive|Time left: 300 sec this turn | 300 sec total\n|\n|t:|1783547542\n|move|p1a: Wugtrio|Liquidation|p2a: Gouging Fire\n|-damage|p2a: Gouging Fire|0 fnt\n|faint|p2a: Gouging Fire\n|-end|p2a: Gouging Fire|Protosynthesis|[silent]\n|\n|upkeep\n|\n|t:|1783547543\n|switch|p2a: Brambleghast|Brambleghast, L88, F|82/100\n|turn|15\n|inactive|Time left: 300 sec this turn | 300 sec total\n|\n|t:|1783547544\n|switch|p1a: Spiritomb|Spiritomb, L89, F|234/234\n|-damage|p1a: Spiritomb|205/234|[from] Stealth Rock\n|move|p2a: Brambleghast|Power Whip|p1a: Spiritomb\n|-damage|p1a: Spiritomb|69/234\n|\n|-heal|p2a: Brambleghast|88/100|[from] item: Leftovers\n|-heal|p1a: Spiritomb|83/234|[from] item: Leftovers\n|upkeep\n|turn|16\n|inactive|Time left: 300 sec this turn | 300 sec total\n|\n|t:|1783547545\n|move|p1a: Spiritomb|Sucker Punch|p2a: Brambleghast\n|-supereffective|p2a: Brambleghast\n|-damage|p2a: Brambleghast|8/100\n|move|p2a: Brambleghast|Poltergeist|p1a: Spiritomb\n|-activate|p1a: Spiritomb|move: Poltergeist|Leftovers\n|-damage|p1a: Spiritomb|0 fnt\n|faint|p1a: Spiritomb\n|\n|-heal|p2a: Brambleghast|14/100|[from] item: Leftovers\n|upkeep\n|inactive|Time left: 300 sec this turn | 300 sec total | 5 sec grace\n|\n|t:|1783547546\n|switch|p1a: Wugtrio|Wugtrio, L91, M|186/212\n|-damage|p1a: Wugtrio|160/212|[from] Stealth Rock\n|turn|17\n|inactive|Time left: 300 sec this turn | 300 sec total\n|\n|t:|1783547547\n|switch|p2a: Lumineon|Lumineon, L93, F|36/100 psn\n|move|p1a: Wugtrio|Stomping Tantrum|p2a: Lumineon\n|-damage|p2a: Lumineon|2/100 psn\n|\n|-damage|p2a: Lumineon|0 fnt|[from] psn\n|faint|p2a: Lumineon\n|upkeep\n|\n|t:|1783547548\n|switch|p2a: Salazzle|Salazzle, L83, F|100/100\n|turn|18\n|inactive|Time left: 300 sec this turn | 300 sec total\n|\n|t:|1783547549\n|-terastallize|p2a: Salazzle|Grass\n|move|p1a: Wugtrio|Stomping Tantrum|p2a: Salazzle\n|-resisted|p2a: Salazzle\n|-damage|p2a: Salazzle|75/100\n|move|p2a: Salazzle|Toxic|p1a: Wugtrio\n|-status|p1a: Wugtrio|tox\n|\n|-heal|p2a: Salazzle|81/100|[from] item: Leftovers\n|-damage|p1a: Wugtrio|147/212 tox|[from] psn\n|upkeep\n|turn|19\n|inactive|Time left: 300 sec this turn | 300 sec total\n|\n|t:|1783547550\n|move|p1a: Wugtrio|Stomping Tantrum|p2a: Salazzle\n|-resisted|p2a: Salazzle\n|-damage|p2a: Salazzle|54/100\n|move|p2a: Salazzle|Flamethrower|p1a: Wugtrio\n|-resisted|p1a: Wugtrio\n|-damage|p1a: Wugtrio|90/212 tox\n|\n|-heal|p2a: Salazzle|60/100|[from] item: Leftovers\n|-damage|p1a: Wugtrio|64/212 tox|[from] psn\n|upkeep\n|turn|20\n|inactive|Time left: 300 sec this turn | 300 sec total\n|\n|t:|1783547551\n|move|p1a: Wugtrio|Stomping Tantrum|p2a: Salazzle\n|-resisted|p2a: Salazzle\n|-damage|p2a: Salazzle|34/100\n|move|p2a: Salazzle|Toxic|p1a: Wugtrio\n|-fail|p1a: Wugtrio|tox\n|\n|-heal|p2a: Salazzle|40/100|[from] item: Leftovers\n|-damage|p1a: Wugtrio|25/212 tox|[from] psn\n|upkeep\n|turn|21\n|inactive|Time left: 300 sec this turn | 300 sec total\n|\n|t:|1783547552\n|move|p1a: Wugtrio|Stomping Tantrum|p2a: Salazzle\n|-resisted|p2a: Salazzle\n|-damage|p2a: Salazzle|14/100\n|move|p2a: Salazzle|Flamethrower|p1a: Wugtrio\n|-resisted|p1a: Wugtrio\n|-damage|p1a: Wugtrio|0 fnt\n|faint|p1a: Wugtrio\n|\n|-heal|p2a: Salazzle|20/100|[from] item: Leftovers\n|upkeep\n|inactive|Time left: 300 sec this turn | 300 sec total | 5 sec grace\n|\n|t:|1783547553\n|switch|p1a: Hydreigon|Hydreigon, L79, F|188/275\n|-damage|p1a: Hydreigon|154/275|[from] Stealth Rock\n|turn|22\n|inactive|Time left: 300 sec this turn | 300 sec total\n|\n|t:|1783547554\n|move|p2a: Salazzle|Protect|p2a: Salazzle\n|-singleturn|p2a: Salazzle|Protect\n|move|p1a: Hydreigon|Flash Cannon|p2a: Salazzle\n|-activate|p2a: Salazzle|move: Protect\n|\n|-heal|p2a: Salazzle|26/100|[from] item: Leftovers\n|upkeep\n|turn|23\n|inactive|Time left: 300 sec this turn | 300 sec total\n|\n|t:|1783547555\n|move|p2a: Salazzle|Substitute|p2a: Salazzle\n|-start|p2a: Salazzle|Substitute\n|-damage|p2a: Salazzle|1/100\n|move|p1a: Hydreigon|Flash Cannon|p2a: Salazzle\n|-end|p2a: Salazzle|Substitute\n|\n|-heal|p2a: Salazzle|7/100|[from] item: Leftovers\n|upkeep\n|turn|24\n|inactive|Time left: 300 sec this turn | 300 sec total\n|\n|t:|1783547556\n|move|p2a: Salazzle|Protect|p2a: Salazzle\n|-singleturn|p2a: Salazzle|Protect\n|move|p1a: Hydreigon|Flash Cannon|p2a: Salazzle\n|-activate|p2a: Salazzle|move: Protect\n|\n|-heal|p2a: Salazzle|13/100|[from] item: Leftovers\n|upkeep\n|turn|25\n|inactive|Time left: 300 sec this turn | 300 sec total\n|\n|t:|1783547557\n|move|p2a: Salazzle|Flamethrower|p1a: Hydreigon\n|-resisted|p1a: Hydreigon\n|-damage|p1a: Hydreigon|97/275\n|move|p1a: Hydreigon|Flash Cannon|p2a: Salazzle\n|-damage|p2a: Salazzle|0 fnt\n|faint|p2a: Salazzle\n|\n|upkeep\n|\n|t:|1783547558\n|switch|p2a: Brambleghast|Brambleghast, L88, F|14/100\n|turn|26\n|inactive|Time left: 300 sec this turn | 300 sec total\n|\n|t:|1783547559\n|move|p2a: Brambleghast|Power Whip|p1a: Hydreigon\n|-resisted|p1a: Hydreigon\n|-damage|p1a: Hydreigon|19/275\n|move|p1a: Hydreigon|Flash Cannon|p2a: Brambleghast\n|-damage|p2a: Brambleghast|0 fnt\n|faint|p2a: Brambleghast\n|\n|win|p0x664d5b3", "uploadtime": 1783547559, "views": 0, "rating": 0, "private": 0, "password": null, "_winner": "p0x664d5b3", "_our_name": "p0x664d5b3"}