{"id": "battle-gen9randombattle-2116", "formatid": "gen9randombattle", "format": "[Gen 9] Random Battle", "players": ["p0x2116496e", "p0y2116fe73"], "log": "|init|battle\n|title|p0x2116496e vs. p0y2116fe73\n|j|\u2606p0x2116496e\n|j|\u2606p0y2116fe73\n|t:|1783564500\n|gametype|singles\n|player|p1|p0x2116496e|169|\n|player|p2|p0y2116fe73|101|\n|gen|9\n|tier|[Gen 9] Random Battle\n|rule|Species Clause: Limit one of each Pok\u00e9mon\n|rule|HP Percentage Mod: HP is shown in percentages\n|rule|Sleep Clause Mod: Limit one foe put to sleep\n|rule|Illusion Level Mod: Illusion disguises the Pok\u00e9mon's true level\n|\n|t:|1783564500\n|teamsize|p1|6\n|teamsize|p2|6\n|start\n|switch|p1a: Stantler|Stantler, L92, M|284/284\n|switch|p2a: Pincurchin|Pincurchin, M|100/100\n|-ability|p1a: Stantler|Intimidate|boost\n|-unboost|p2a: Pincurchin|atk|1\n|-fieldstart|move: Electric Terrain|[from] ability: Electric Surge|[of] p2a: Pincurchin\n|turn|1\n|inactive|Battle timer is ON: inactive players will automatically lose when time's up. (requested by p0y2116fe73)\n|inactive|Time left: 300 sec this turn | 300 sec total | 60 sec grace\n|\n|t:|1783564502\n|move|p1a: Stantler|Calm Mind|p1a: Stantler\n|-boost|p1a: Stantler|spa|1\n|-boost|p1a: Stantler|spd|1\n|move|p2a: Pincurchin|Zing Zap|p1a: Stantler\n|-damage|p1a: Stantler|194/284\n|\n|upkeep\n|turn|2\n|inactive|Time left: 300 sec this turn | 300 sec total\n|inactive|p0x2116496e also wants the timer to be on.\n|\n|t:|1783564503\n|move|p1a: Stantler|Tera Blast|p2a: Pincurchin\n|-damage|p2a: Pincurchin|54/100\n|move|p2a: Pincurchin|Zing Zap|p1a: Stantler\n|-damage|p1a: Stantler|104/284\n|\n|-heal|p2a: Pincurchin|60/100|[from] item: Leftovers\n|upkeep\n|turn|3\n|inactive|Time left: 300 sec this turn | 300 sec total\n|\n|t:|1783564504\n|move|p1a: Stantler|Earth Power|p2a: Pincurchin\n|-supereffective|p2a: Pincurchin\n|-damage|p2a: Pincurchin|0 fnt\n|faint|p2a: Pincurchin\n|\n|upkeep\n|\n|t:|1783564504\n|switch|p2a: Lycanroc|Lycanroc, L86, M|100/100\n|turn|4\n|inactive|Time left: 300 sec this turn | 300 sec total\n|\n|t:|1783564505\n|move|p2a: Lycanroc|Stone Edge|p1a: Stantler\n|-damage|p1a: Stantler|0 fnt\n|faint|p1a: Stantler\n|\n|upkeep\n|inactive|Time left: 300 sec this turn | 300 sec total | 5 sec grace\n|\n|t:|1783564506\n|switch|p1a: Iron Crown|Iron Crown, L78|268/268\n|-activate|p1a: Iron Crown|ability: Quark Drive\n|-start|p1a: Iron Crown|quarkdrivespa\n|turn|5\n|inactive|Time left: 300 sec this turn | 300 sec total\n|\n|t:|1783564507\n|switch|p2a: Clodsire|Clodsire, L81, F|100/100\n|move|p1a: Iron Crown|Calm Mind|p1a: Iron Crown\n|-boost|p1a: Iron Crown|spa|1\n|-boost|p1a: Iron Crown|spd|1\n|\n|-fieldend|move: Electric Terrain\n|-end|p1a: Iron Crown|Quark Drive\n|upkeep\n|turn|6\n|inactive|Time left: 300 sec this turn | 300 sec total\n|\n|t:|1783564508\n|-terastallize|p2a: Clodsire|Steel\n|move|p1a: Iron Crown|Psyshock|p2a: Clodsire\n|-resisted|p2a: Clodsire\n|-damage|p2a: Clodsire|75/100\n|move|p2a: Clodsire|Earthquake|p1a: Iron Crown\n|-supereffective|p1a: Iron Crown\n|-damage|p1a: Iron Crown|112/268\n|\n|-heal|p1a: Iron Crown|128/268|[from] item: Leftovers\n|-heal|p2a: Clodsire|82/100|[from] item: Leftovers\n|upkeep\n|turn|7\n|inactive|Time left: 300 sec this turn | 300 sec total\n|\n|t:|1783564510\n|move|p1a: Iron Crown|Focus Blast|p2a: Clodsire\n|-supereffective|p2a: Clodsire\n|-damage|p2a: Clodsire|7/100\n|move|p2a: Clodsire|Earthquake|p1a: Iron Crown\n|-supereffective|p1a: Iron Crown\n|-damage|p1a: Iron Crown|0 fnt\n|faint|p1a: Iron Crown\n|-end|p1a: Iron Crown|Quark Drive|[silent]\n|\n|-heal|p2a: Clodsire|13/100|[from] item: Leftovers\n|upkeep\n|inactive|Time left: 300 sec this turn | 300 sec total | 5 sec grace\n|\n|t:|1783564511\n|switch|p1a: Azumarill|Azumarill, L82, M|298/298\n|turn|8\n|inactive|Time left: 300 sec this turn | 300 sec total\n|\n|t:|1783564512\n|move|p1a: Azumarill|Play Rough|p2a: Clodsire|[miss]\n|-miss|p1a: Azumarill|p2a: Clodsire\n|move|p2a: Clodsire|Earthquake|p1a: Azumarill\n|-damage|p1a: Azumarill|204/298\n|\n|-heal|p2a: Clodsire|19/100|[from] item: Leftovers\n|upkeep\n|turn|9\n|inactive|Time left: 300 sec this turn | 300 sec total\n|\n|t:|1783564513\n|move|p1a: Azumarill|Play Rough|p2a: Clodsire\n|-resisted|p2a: Clodsire\n|-damage|p2a: Clodsire|0 fnt\n|faint|p2a: Clodsire\n|\n|upkeep\n|\n|t:|1783564514\n|switch|p2a: Lycanroc|Lycanroc, L86, M|100/100\n|turn|10\n|inactive|Time left: 300 sec this turn | 300 sec total\n|\n|t:|1783564515\n|move|p2a: Lycanroc|Stone Edge|p1a: Azumarill\n|-damage|p1a: Azumarill|0 fnt\n|faint|p1a: Azumarill\n|\n|upkeep\n|inactive|Time left: 300 sec this turn | 300 sec total | 5 sec grace\n|\n|t:|1783564516\n|switch|p1a: Gholdengo|Gholdengo, L77|261/261\n|turn|11\n|inactive|Time left: 300 sec this turn | 300 sec total\n|\n|t:|1783564517\n|switch|p2a: Frosmoth|Frosmoth, L82, M|100/100\n|move|p1a: Gholdengo|Nasty Plot|p1a: Gholdengo\n|-boost|p1a: Gholdengo|spa|2\n|\n|upkeep\n|turn|12\n|inactive|Time left: 300 sec this turn | 300 sec total\n|\n|t:|1783564518\n|switch|p2a: Tropius|Tropius, L91, F|100/100\n|move|p1a: Gholdengo|Make It Rain|p2a: Tropius\n|-damage|p2a: Tropius|19/100\n|-unboost|p1a: Gholdengo|spa|1\n|-enditem|p2a: Tropius|Sitrus Berry|[eat]\n|-heal|p2a: Tropius|44/100|[from] item: Sitrus Berry\n|\n|upkeep\n|turn|13\n|inactive|Time left: 300 sec this turn | 300 sec total\n|\n|t:|1783564519\n|move|p1a: Gholdengo|Make It Rain|p2a: Tropius\n|-damage|p2a: Tropius|0 fnt\n|-unboost|p1a: Gholdengo|spa|1\n|faint|p2a: Tropius\n|\n|upkeep\n|\n|t:|1783564520\n|switch|p2a: Frosmoth|Frosmoth, L82, M|100/100\n|turn|14\n|inactive|Time left: 300 sec this turn | 300 sec total\n|\n|t:|1783564521\n|move|p1a: Gholdengo|Nasty Plot|p1a: Gholdengo\n|-boost|p1a: Gholdengo|spa|2\n|move|p2a: Frosmoth|Quiver Dance|p2a: Frosmoth\n|-boost|p2a: Frosmoth|spa|1\n|-boost|p2a: Frosmoth|spd|1\n|-boost|p2a: Frosmoth|spe|1\n|\n|upkeep\n|turn|15\n|inactive|Time left: 300 sec this turn | 300 sec total\n|\n|t:|1783564522\n|-terastallize|p1a: Gholdengo|Steel\n|move|p2a: Frosmoth|Quiver Dance|p2a: Frosmoth\n|-boost|p2a: Frosmoth|spa|1\n|-boost|p2a: Frosmoth|spd|1\n|-boost|p2a: Frosmoth|spe|1\n|move|p1a: Gholdengo|Make It Rain|p2a: Frosmoth\n|-supereffective|p2a: Frosmoth\n|-damage|p2a: Frosmoth|30/100\n|-unboost|p1a: Gholdengo|spa|1\n|\n|upkeep\n|turn|16\n|inactive|Time left: 300 sec this turn | 300 sec total\n|\n|t:|1783564523\n|move|p2a: Frosmoth|Ice Beam|p1a: Gholdengo\n|-resisted|p1a: Gholdengo\n|-damage|p1a: Gholdengo|148/261\n|move|p1a: Gholdengo|Make It Rain|p2a: Frosmoth\n|-supereffective|p2a: Frosmoth\n|-damage|p2a: Frosmoth|0 fnt\n|-unboost|p1a: Gholdengo|spa|1\n|faint|p2a: Frosmoth\n|\n|-heal|p1a: Gholdengo|164/261|[from] item: Leftovers\n|upkeep\n|\n|t:|1783564524\n|switch|p2a: Lycanroc|Lycanroc, L86, M|100/100\n|turn|17\n|inactive|Time left: 300 sec this turn | 300 sec total\n|\n|t:|1783564525\n|move|p2a: Lycanroc|Close Combat|p1a: Gholdengo\n|-supereffective|p1a: Gholdengo\n|-damage|p1a: Gholdengo|0 fnt\n|-unboost|p2a: Lycanroc|def|1\n|-unboost|p2a: Lycanroc|spd|1\n|faint|p1a: Gholdengo\n|\n|upkeep\n|inactive|Time left: 300 sec this turn | 300 sec total | 5 sec grace\n|\n|t:|1783564526\n|switch|p1a: Munkidori|Munkidori, L79, M|269/269\n|turn|18\n|inactive|Time left: 300 sec this turn | 300 sec total\n|\n|t:|1783564527\n|switch|p2a: Uxie|Uxie, L83|100/100\n|move|p1a: Munkidori|Sludge Wave|p2a: Uxie\n|-damage|p2a: Uxie|68/100\n|\n|-heal|p2a: Uxie|74/100|[from] item: Leftovers\n|upkeep\n|turn|19\n|inactive|Time left: 300 sec this turn | 300 sec total\n|\n|t:|1783564528\n|move|p1a: Munkidori|U-turn|p2a: Uxie\n|-supereffective|p2a: Uxie\n|-damage|p2a: Uxie|55/100\n|inactive|Time left: 300 sec this turn | 300 sec total | 5 sec grace\n|\n|t:|1783564529\n|switch|p1a: Regigigas|Regigigas, L84|322/322|[from] U-turn\n|-start|p1a: Regigigas|ability: Slow Start\n|move|p2a: Uxie|U-turn|p1a: Regigigas\n|-damage|p1a: Regigigas|288/322\n|\n|t:|1783564530\n|switch|p2a: Lycanroc|Lycanroc, L86, M|100/100|[from] U-turn\n|\n|-heal|p1a: Regigigas|308/322|[from] item: Leftovers\n|upkeep\n|turn|20\n|inactive|Time left: 300 sec this turn | 300 sec total\n|\n|t:|1783564531\n|move|p2a: Lycanroc|Stone Edge|p1a: Regigigas\n|-damage|p1a: Regigigas|160/322\n|move|p1a: Regigigas|Knock Off|p2a: Lycanroc\n|-damage|p2a: Lycanroc|78/100\n|-enditem|p2a: Lycanroc|Choice Band|[from] move: Knock Off|[of] p1a: Regigigas\n|\n|-heal|p1a: Regigigas|180/322|[from] item: Leftovers\n|upkeep\n|turn|21\n|inactive|Time left: 300 sec this turn | 300 sec total\n|\n|t:|1783564532\n|move|p2a: Lycanroc|Stone Edge|p1a: Regigigas\n|-damage|p1a: Regigigas|72/322\n|move|p1a: Regigigas|Rest|p1a: Regigigas\n|-status|p1a: Regigigas|slp|[from] move: Rest\n|-heal|p1a: Regigigas|322/322 slp|[silent]\n|\n|upkeep\n|turn|22\n|inactive|Time left: 300 sec this turn | 300 sec total\n|\n|t:|1783564533\n|move|p2a: Lycanroc|Stone Edge|p1a: Regigigas\n|-damage|p1a: Regigigas|220/322 slp\n|cant|p1a: Regigigas|slp\n|move|p1a: Regigigas|Sleep Talk|p1a: Regigigas\n|move|p1a: Regigigas|Rest||[from] move: Sleep Talk|[still]\n|-fail|p1a: Regigigas\n|\n|-heal|p1a: Regigigas|240/322 slp|[from] item: Leftovers\n|upkeep\n|turn|23\n|inactive|Time left: 300 sec this turn | 300 sec total\n|\n|t:|1783564534\n|move|p2a: Lycanroc|Stone Edge|p1a: Regigigas|[miss]\n|-miss|p2a: Lycanroc|p1a: Regigigas\n|cant|p1a: Regigigas|slp\n|move|p1a: Regigigas|Sleep Talk|p1a: Regigigas\n|move|p1a: Regigigas|Rest||[from] move: Sleep Talk|[still]\n|-fail|p1a: Regigigas\n|\n|-heal|p1a: Regigigas|260/322 slp|[from] item: Leftovers\n|upkeep\n|turn|24\n|inactive|Time left: 300 sec this turn | 300 sec total\n|\n|t:|1783564535\n|move|p2a: Lycanroc|Stone Edge|p1a: Regigigas\n|-damage|p1a: Regigigas|160/322 slp\n|-curestatus|p1a: Regigigas|slp|[msg]\n|move|p1a: Regigigas|Body Slam|p2a: Lycanroc\n|-resisted|p2a: Lycanroc\n|-damage|p2a: Lycanroc|62/100\n|\n|-heal|p1a: Regigigas|180/322|[from] item: Leftovers\n|-end|p1a: Regigigas|Slow Start\n|upkeep\n|turn|25\n|inactive|Time left: 300 sec this turn | 300 sec total\n|\n|t:|1783564536\n|move|p2a: Lycanroc|Close Combat|p1a: Regigigas\n|-supereffective|p1a: Regigigas\n|-damage|p1a: Regigigas|14/322\n|-unboost|p2a: Lycanroc|def|1\n|-unboost|p2a: Lycanroc|spd|1\n|move|p1a: Regigigas|Rest|p1a: Regigigas\n|-status|p1a: Regigigas|slp|[from] move: Rest\n|-heal|p1a: Regigigas|322/322 slp|[silent]\n|\n|upkeep\n|turn|26\n|inactive|Time left: 300 sec this turn | 300 sec total\n|\n|t:|1783564537\n|move|p2a: Lycanroc|Stone Edge|p1a: Regigigas|[miss]\n|-miss|p2a: Lycanroc|p1a: Regigigas\n|cant|p1a: Regigigas|slp\n|move|p1a: Regigigas|Sleep Talk|p1a: Regigigas\n|move|p1a: Regigigas|Body Slam|p2a: Lycanroc|[from] move: Sleep Talk\n|-resisted|p2a: Lycanroc\n|-damage|p2a: Lycanroc|19/100\n|\n|upkeep\n|turn|27\n|inactive|Time left: 300 sec this turn | 300 sec total\n|\n|t:|1783564538\n|move|p2a: Lycanroc|Close Combat|p1a: Regigigas\n|-supereffective|p1a: Regigigas\n|-damage|p1a: Regigigas|162/322 slp\n|-unboost|p2a: Lycanroc|def|1\n|-unboost|p2a: Lycanroc|spd|1\n|cant|p1a: Regigigas|slp\n|move|p1a: Regigigas|Sleep Talk|p1a: Regigigas\n|move|p1a: Regigigas|Rest||[from] move: Sleep Talk|[still]\n|-fail|p1a: Regigigas\n|\n|-heal|p1a: Regigigas|182/322 slp|[from] item: Leftovers\n|upkeep\n|turn|28\n|inactive|Time left: 300 sec this turn | 300 sec total\n|\n|t:|1783564539\n|move|p2a: Lycanroc|Close Combat|p1a: Regigigas\n|-supereffective|p1a: Regigigas\n|-damage|p1a: Regigigas|6/322 slp\n|-unboost|p2a: Lycanroc|def|1\n|-unboost|p2a: Lycanroc|spd|1\n|-curestatus|p1a: Regigigas|slp|[msg]\n|move|p1a: Regigigas|Knock Off|p2a: Lycanroc\n|-damage|p2a: Lycanroc|0 fnt\n|faint|p2a: Lycanroc\n|\n|-heal|p1a: Regigigas|26/322|[from] item: Leftovers\n|upkeep\n|\n|t:|1783564539\n|switch|p2a: Uxie|Uxie, L83|55/100\n|turn|29\n|inactive|Time left: 300 sec this turn | 300 sec total\n|\n|t:|1783564540\n|move|p1a: Regigigas|Knock Off|p2a: Uxie\n|-supereffective|p2a: Uxie\n|-damage|p2a: Uxie|0 fnt\n|-enditem|p2a: Uxie|Leftovers|[from] move: Knock Off|[of] p1a: Regigigas\n|faint|p2a: Uxie\n|\n|win|p0x2116496e", "uploadtime": 1783564540, "views": 0, "rating": 0, "private": 0, "password": null, "_winner": "p0x2116496e", "_our_name": "p0x2116496e"}