{"id": "battle-gen9randombattle-2152", "formatid": "gen9randombattle", "format": "[Gen 9] Random Battle", "players": ["p0x215225bf", "p0y2152d423"], "log": "|init|battle\n|title|p0x215225bf vs. p0y2152d423\n|j|\u2606p0x215225bf\n|j|\u2606p0y2152d423\n|t:|1783564906\n|gametype|singles\n|player|p1|p0x215225bf|102|\n|player|p2|p0y2152d423|2|\n|gen|9\n|tier|[Gen 9] Random Battle\n|rule|Species Clause: Limit one of each Pok\u00e9mon\n|rule|HP Percentage Mod: HP is shown in percentages\n|rule|Sleep Clause Mod: Limit one foe put to sleep\n|rule|Illusion Level Mod: Illusion disguises the Pok\u00e9mon's true level\n|\n|t:|1783564906\n|teamsize|p1|6\n|teamsize|p2|6\n|start\n|switch|p1a: Urshifu|Urshifu-Rapid-Strike, L75, M|274/274\n|switch|p2a: Shiftry|Shiftry, L89, F|100/100\n|turn|1\n|inactive|Battle timer is ON: inactive players will automatically lose when time's up. (requested by p0x215225bf)\n|inactive|p0y2152d423 also wants the timer to be on.\n|\n|t:|1783564908\n|switch|p1a: Stantler|Stantler, L92, F|284/284\n|-ability|p1a: Stantler|Intimidate|boost\n|-unboost|p2a: Shiftry|atk|1\n|move|p2a: Shiftry|Leaf Blade|p1a: Stantler\n|-damage|p1a: Stantler|209/284\n|-damage|p2a: Shiftry|91/100|[from] item: Life Orb\n|\n|upkeep\n|turn|2\n|inactive|Time left: 300 sec this turn | 300 sec total\n|\n|t:|1783564909\n|move|p1a: Stantler|Body Slam|p2a: Shiftry\n|-damage|p2a: Shiftry|44/100\n|move|p2a: Shiftry|Swords Dance|p2a: Shiftry\n|-boost|p2a: Shiftry|atk|2\n|\n|upkeep\n|turn|3\n|inactive|Time left: 300 sec this turn | 300 sec total\n|\n|t:|1783564910\n|move|p1a: Stantler|Body Slam|p2a: Shiftry\n|-damage|p2a: Shiftry|0 fnt\n|faint|p2a: Shiftry\n|\n|upkeep\n|\n|t:|1783564911\n|switch|p2a: Okidogi|Okidogi, L77, M|100/100\n|turn|4\n|inactive|Time left: 300 sec this turn | 300 sec total\n|\n|t:|1783564912\n|switch|p1a: Landorus|Landorus-Therian, L76, M|260/260\n|-ability|p1a: Landorus|Intimidate|boost\n|-unboost|p2a: Okidogi|atk|1\n|move|p2a: Okidogi|Drain Punch|p1a: Landorus\n|-resisted|p1a: Landorus\n|-damage|p1a: Landorus|230/260\n|\n|-heal|p1a: Landorus|246/260|[from] item: Leftovers\n|upkeep\n|turn|5\n|inactive|Time left: 300 sec this turn | 300 sec total\n|\n|t:|1783564913\n|switch|p2a: Eelektross|Eelektross, L87, F|100/100\n|move|p1a: Landorus|Earthquake|p2a: Eelektross\n|-immune|p2a: Eelektross|[from] ability: Levitate\n|\n|-heal|p1a: Landorus|260/260|[from] item: Leftovers\n|upkeep\n|turn|6\n|inactive|Time left: 300 sec this turn | 300 sec total\n|\n|t:|1783564914\n|move|p1a: Landorus|Stealth Rock|p2a: Eelektross\n|-sidestart|p2: p0y2152d423|move: Stealth Rock\n|move|p2a: Eelektross|Knock Off|p1a: Landorus\n|-damage|p1a: Landorus|173/260\n|-enditem|p1a: Landorus|Leftovers|[from] move: Knock Off|[of] p2a: Eelektross\n|\n|upkeep\n|turn|7\n|inactive|Time left: 300 sec this turn | 300 sec total\n|\n|t:|1783564915\n|move|p1a: Landorus|Earthquake|p2a: Eelektross\n|-immune|p2a: Eelektross|[from] ability: Levitate\n|move|p2a: Eelektross|Knock Off|p1a: Landorus\n|-damage|p1a: Landorus|111/260\n|\n|upkeep\n|turn|8\n|inactive|Time left: 300 sec this turn | 300 sec total\n|\n|t:|1783564916\n|move|p1a: Landorus|Stone Edge|p2a: Eelektross\n|-damage|p2a: Eelektross|72/100\n|move|p2a: Eelektross|Discharge|p1a: Landorus\n|-immune|p1a: Landorus\n|\n|upkeep\n|turn|9\n|inactive|Time left: 300 sec this turn | 300 sec total\n|\n|t:|1783564917\n|move|p1a: Landorus|Stone Edge|p2a: Eelektross\n|-damage|p2a: Eelektross|45/100\n|move|p2a: Eelektross|Knock Off|p1a: Landorus\n|-damage|p1a: Landorus|51/260\n|\n|upkeep\n|turn|10\n|inactive|Time left: 300 sec this turn | 300 sec total\n|\n|t:|1783564918\n|move|p1a: Landorus|Stone Edge|p2a: Eelektross\n|-damage|p2a: Eelektross|18/100\n|move|p2a: Eelektross|Discharge|p1a: Landorus\n|-immune|p1a: Landorus\n|\n|upkeep\n|turn|11\n|inactive|Time left: 300 sec this turn | 300 sec total\n|\n|t:|1783564919\n|move|p1a: Landorus|Stone Edge|p2a: Eelektross\n|-damage|p2a: Eelektross|0 fnt\n|faint|p2a: Eelektross\n|\n|upkeep\n|\n|t:|1783564920\n|switch|p2a: Darkrai|Darkrai, L77|100/100\n|-damage|p2a: Darkrai|88/100|[from] Stealth Rock\n|turn|12\n|inactive|Time left: 300 sec this turn | 300 sec total\n|\n|t:|1783564921\n|move|p2a: Darkrai|Dark Pulse|p1a: Landorus\n|-damage|p1a: Landorus|0 fnt\n|faint|p1a: Landorus\n|-damage|p2a: Darkrai|78/100|[from] item: Life Orb\n|\n|upkeep\n|inactive|Time left: 300 sec this turn | 300 sec total | 5 sec grace\n|\n|t:|1783564922\n|switch|p1a: Urshifu|Urshifu-Rapid-Strike, L75, M|274/274\n|turn|13\n|inactive|Time left: 300 sec this turn | 300 sec total\n|\n|t:|1783564923\n|move|p2a: Darkrai|Focus Blast|p1a: Urshifu\n|-damage|p1a: Urshifu|95/274\n|-unboost|p1a: Urshifu|spd|1\n|-damage|p2a: Darkrai|68/100|[from] item: Life Orb\n|move|p1a: Urshifu|Surging Strikes|p2a: Darkrai\n|-crit|p2a: Darkrai\n|-damage|p2a: Darkrai|39/100\n|-crit|p2a: Darkrai\n|-damage|p2a: Darkrai|10/100\n|-crit|p2a: Darkrai\n|-damage|p2a: Darkrai|0 fnt\n|faint|p2a: Darkrai\n|-hitcount|p2: Darkrai|3\n|\n|upkeep\n|\n|t:|1783564925\n|switch|p2a: Dragapult|Dragapult, L77, F|100/100\n|turn|14\n|inactive|Time left: 300 sec this turn | 300 sec total\n|\n|t:|1783564926\n|switch|p1a: Stantler|Stantler, L92, F|209/284\n|-ability|p1a: Stantler|Intimidate|boost\n|-unboost|p2a: Dragapult|atk|1\n|move|p2a: Dragapult|Dragon Darts|p1a: Stantler\n|-damage|p1a: Stantler|182/284\n|-anim|p2a: Dragapult|Dragon Darts|p1a: Stantler\n|-damage|p1a: Stantler|152/284\n|\n|upkeep\n|turn|15\n|inactive|Time left: 300 sec this turn | 300 sec total\n|\n|t:|1783564927\n|move|p2a: Dragapult|Dragon Darts|p1a: Stantler\n|-damage|p1a: Stantler|125/284\n|-anim|p2a: Dragapult|Dragon Darts|p1a: Stantler\n|-damage|p1a: Stantler|95/284\n|move|p1a: Stantler|Throat Chop|p2a: Dragapult\n|-supereffective|p2a: Dragapult\n|-damage|p2a: Dragapult|41/100\n|-start|p2a: Dragapult|Throat Chop|[silent]\n|-start|p1a: Stantler|Disable|Throat Chop|[from] ability: Cursed Body|[of] p2a: Dragapult\n|\n|upkeep\n|turn|16\n|inactive|Time left: 300 sec this turn | 300 sec total\n|\n|t:|1783564928\n|move|p2a: Dragapult|Will-O-Wisp|p1a: Stantler\n|-status|p1a: Stantler|brn\n|move|p1a: Stantler|Earthquake|p2a: Dragapult\n|-damage|p2a: Dragapult|21/100\n|\n|-damage|p1a: Stantler|78/284 brn|[from] brn\n|-end|p2a: Dragapult|Throat Chop|[silent]\n|upkeep\n|turn|17\n|inactive|Time left: 300 sec this turn | 300 sec total\n|\n|t:|1783564929\n|move|p2a: Dragapult|Dragon Darts|p1a: Stantler\n|-damage|p1a: Stantler|50/284 brn\n|-anim|p2a: Dragapult|Dragon Darts|p1a: Stantler\n|-damage|p1a: Stantler|22/284 brn\n|move|p1a: Stantler|Thunder Wave|p2a: Dragapult\n|-status|p2a: Dragapult|par\n|\n|-damage|p1a: Stantler|5/284 brn|[from] brn\n|upkeep\n|turn|18\n|inactive|Time left: 300 sec this turn | 300 sec total\n|\n|t:|1783564930\n|switch|p1a: Mismagius|Mismagius, L86, M|243/243\n|move|p2a: Dragapult|U-turn|p1a: Mismagius\n|-resisted|p1a: Mismagius\n|-damage|p1a: Mismagius|224/243\n|\n|t:|1783564931\n|switch|p2a: Okidogi|Okidogi, L77, M|100/100|[from] U-turn\n|-damage|p2a: Okidogi|94/100|[from] Stealth Rock\n|\n|-heal|p1a: Mismagius|239/243|[from] item: Leftovers\n|upkeep\n|turn|19\n|inactive|Time left: 300 sec this turn | 300 sec total\n|\n|t:|1783564933\n|move|p1a: Mismagius|Substitute|p1a: Mismagius\n|-start|p1a: Mismagius|Substitute\n|-damage|p1a: Mismagius|179/243\n|move|p2a: Okidogi|Knock Off|p1a: Mismagius\n|-supereffective|p1a: Mismagius\n|-end|p1a: Mismagius|Substitute\n|\n|-heal|p1a: Mismagius|194/243|[from] item: Leftovers\n|upkeep\n|turn|20\n|inactive|Time left: 300 sec this turn | 300 sec total\n|\n|t:|1783564934\n|switch|p1a: Stantler|Stantler, L92, F|5/284 brn\n|-ability|p1a: Stantler|Intimidate|boost\n|-unboost|p2a: Okidogi|atk|1\n|move|p2a: Okidogi|Knock Off|p1a: Stantler\n|-damage|p1a: Stantler|0 fnt\n|-enditem|p1a: Stantler|Eviolite|[from] move: Knock Off|[of] p2a: Okidogi\n|faint|p1a: Stantler\n|\n|upkeep\n|inactive|Time left: 300 sec this turn | 300 sec total | 5 sec grace\n|\n|t:|1783564935\n|switch|p1a: Urshifu|Urshifu-Rapid-Strike, L75, M|95/274\n|turn|21\n|inactive|Time left: 300 sec this turn | 300 sec total\n|\n|t:|1783564936\n|move|p1a: Urshifu|Surging Strikes|p2a: Okidogi\n|-crit|p2a: Okidogi\n|-damage|p2a: Okidogi|73/100\n|-crit|p2a: Okidogi\n|-damage|p2a: Okidogi|50/100\n|-crit|p2a: Okidogi\n|-damage|p2a: Okidogi|30/100\n|-hitcount|p2a: Okidogi|3\n|move|p2a: Okidogi|Psychic Fangs|p1a: Urshifu\n|-supereffective|p1a: Urshifu\n|-damage|p1a: Urshifu|1/274\n|\n|upkeep\n|turn|22\n|inactive|Time left: 300 sec this turn | 300 sec total\n|\n|t:|1783564937\n|switch|p2a: Lumineon|Lumineon, L93, M|100/100\n|move|p1a: Urshifu|Surging Strikes|p2a: Lumineon\n|-ability|p2a: Lumineon|Storm Drain|boost\n|-boost|p2a: Lumineon|spa|1\n|\n|upkeep\n|turn|23\n|inactive|Time left: 300 sec this turn | 300 sec total\n|\n|t:|1783564938\n|switch|p1a: Tatsugiri|Tatsugiri, L87, M|260/260\n|move|p2a: Lumineon|Ice Beam|p1a: Tatsugiri\n|-damage|p1a: Tatsugiri|170/260\n|\n|upkeep\n|turn|24\n|inactive|Time left: 300 sec this turn | 300 sec total\n|\n|t:|1783564939\n|move|p2a: Lumineon|Ice Beam|p1a: Tatsugiri\n|-damage|p1a: Tatsugiri|82/260\n|move|p1a: Tatsugiri|Nasty Plot|p1a: Tatsugiri\n|-boost|p1a: Tatsugiri|spa|2\n|\n|upkeep\n|turn|25\n|inactive|Time left: 300 sec this turn | 300 sec total\n|\n|t:|1783564940\n|-terastallize|p1a: Tatsugiri|Steel\n|move|p2a: Lumineon|Ice Beam|p1a: Tatsugiri\n|-resisted|p1a: Tatsugiri\n|-damage|p1a: Tatsugiri|40/260\n|move|p1a: Tatsugiri|Draco Meteor|p2a: Lumineon\n|-damage|p2a: Lumineon|0 fnt\n|-unboost|p1a: Tatsugiri|spa|2\n|faint|p2a: Lumineon\n|\n|upkeep\n|\n|t:|1783564941\n|switch|p2a: Dragapult|Dragapult, L77, F|21/100 par\n|turn|26\n|inactive|Time left: 300 sec this turn | 300 sec total\n|\n|t:|1783564942\n|move|p1a: Tatsugiri|Surf|p2a: Dragapult\n|-resisted|p2a: Dragapult\n|-damage|p2a: Dragapult|0 fnt\n|faint|p2a: Dragapult\n|\n|upkeep\n|\n|t:|1783564943\n|switch|p2a: Okidogi|Okidogi, L77, M|30/100\n|-damage|p2a: Okidogi|24/100|[from] Stealth Rock\n|turn|27\n|inactive|Time left: 300 sec this turn | 300 sec total\n|\n|t:|1783564944\n|-terastallize|p2a: Okidogi|Dark\n|move|p1a: Tatsugiri|Surf|p2a: Okidogi\n|-damage|p2a: Okidogi|0 fnt\n|faint|p2a: Okidogi\n|\n|win|p0x215225bf", "uploadtime": 1783564944, "views": 0, "rating": 0, "private": 0, "password": null, "_winner": "p0x215225bf", "_our_name": "p0x215225bf"}