{"id": "battle-gen9randombattle-2214", "formatid": "gen9randombattle", "format": "[Gen 9] Random Battle", "players": ["p0x22145b9e", "p0y221407f8"], "log": "|init|battle\n|title|p0x22145b9e vs. p0y221407f8\n|j|\u2606p0x22145b9e\n|j|\u2606p0y221407f8\n|t:|1783565670\n|gametype|singles\n|player|p1|p0x22145b9e|266|\n|player|p2|p0y221407f8|1|\n|gen|9\n|tier|[Gen 9] Random Battle\n|rule|Species Clause: Limit one of each Pok\u00e9mon\n|rule|HP Percentage Mod: HP is shown in percentages\n|rule|Sleep Clause Mod: Limit one foe put to sleep\n|rule|Illusion Level Mod: Illusion disguises the Pok\u00e9mon's true level\n|\n|t:|1783565670\n|teamsize|p1|6\n|teamsize|p2|6\n|start\n|switch|p1a: Mandibuzz|Mandibuzz, L85, F|326/326\n|switch|p2a: Dewgong|Dewgong, L94, F|100/100\n|turn|1\n|inactive|Battle timer is ON: inactive players will automatically lose when time's up. (requested by p0y221407f8)\n|inactive|Time left: 300 sec this turn | 300 sec total | 60 sec grace\n|inactive|p0x22145b9e also wants the timer to be on.\n|\n|t:|1783565671\n|switch|p1a: Luxray|Luxray, L88, F|283/283\n|move|p2a: Dewgong|Triple Axel|p1a: Luxray\n|-damage|p1a: Luxray|259/283\n|-damage|p1a: Luxray|214/283\n|-damage|p1a: Luxray|151/283\n|-hitcount|p1a: Luxray|3\n|\n|-status|p1a: Luxray|brn|[from] item: Flame Orb\n|upkeep\n|turn|2\n|inactive|Time left: 300 sec this turn | 300 sec total\n|\n|t:|1783565672\n|move|p2a: Dewgong|Triple Axel|p1a: Luxray\n|-damage|p1a: Luxray|129/283 brn\n|-crit|p1a: Luxray\n|-damage|p1a: Luxray|63/283 brn\n|-damage|p1a: Luxray|0 fnt\n|faint|p1a: Luxray\n|-hitcount|p1: Luxray|3\n|\n|upkeep\n|inactive|Time left: 300 sec this turn | 300 sec total | 5 sec grace\n|\n|t:|1783565673\n|switch|p1a: Golem|Golem, L87, F|281/281\n|turn|3\n|inactive|Time left: 300 sec this turn | 300 sec total\n|\n|t:|1783565675\n|move|p2a: Dewgong|Triple Axel|p1a: Golem\n|-supereffective|p1a: Golem\n|-damage|p1a: Golem|249/281\n|-enditem|p1a: Golem|Weakness Policy\n|-boost|p1a: Golem|atk|2|[from] item: Weakness Policy\n|-boost|p1a: Golem|spa|2|[from] item: Weakness Policy\n|-supereffective|p1a: Golem\n|-damage|p1a: Golem|193/281\n|-supereffective|p1a: Golem\n|-damage|p1a: Golem|107/281\n|-hitcount|p1a: Golem|3\n|move|p1a: Golem|Stone Edge|p2a: Dewgong\n|-supereffective|p2a: Dewgong\n|-damage|p2a: Dewgong|0 fnt\n|faint|p2a: Dewgong\n|\n|upkeep\n|\n|t:|1783565676\n|switch|p2a: Azumarill|Azumarill, L82, F|100/100\n|turn|4\n|inactive|Time left: 300 sec this turn | 300 sec total\n|\n|t:|1783565677\n|-terastallize|p1a: Golem|Steel\n|move|p2a: Azumarill|Liquidation|p1a: Golem\n|-crit|p1a: Golem\n|-damage|p1a: Golem|0 fnt\n|faint|p1a: Golem\n|\n|upkeep\n|inactive|Time left: 300 sec this turn | 300 sec total | 5 sec grace\n|\n|t:|1783565678\n|switch|p1a: Chesnaught|Chesnaught, L84, M|285/285\n|turn|5\n|inactive|Time left: 300 sec this turn | 300 sec total\n|\n|t:|1783565679\n|switch|p2a: Toucannon|Toucannon, L88, F|100/100\n|move|p1a: Chesnaught|Spikes|p2a: Toucannon\n|-sidestart|p2: p0y221407f8|Spikes\n|\n|upkeep\n|turn|6\n|inactive|Time left: 300 sec this turn | 300 sec total\n|\n|t:|1783565680\n|move|p2a: Toucannon|Boomburst|p1a: Chesnaught\n|-damage|p1a: Chesnaught|123/285\n|move|p1a: Chesnaught|Body Press|p2a: Toucannon\n|-damage|p2a: Toucannon|62/100\n|\n|upkeep\n|turn|7\n|inactive|Time left: 300 sec this turn | 300 sec total\n|\n|t:|1783565681\n|move|p2a: Toucannon|Boomburst|p1a: Chesnaught\n|-damage|p1a: Chesnaught|0 fnt\n|faint|p1a: Chesnaught\n|\n|upkeep\n|inactive|Time left: 300 sec this turn | 300 sec total | 5 sec grace\n|\n|t:|1783565682\n|switch|p1a: Walking Wake|Walking Wake, L79|286/286\n|turn|8\n|inactive|Time left: 300 sec this turn | 300 sec total\n|\n|t:|1783565683\n|switch|p2a: Azumarill|Azumarill, L82, F|100/100\n|-damage|p2a: Azumarill|88/100|[from] Spikes\n|move|p1a: Walking Wake|Hydro Pump|p2a: Azumarill\n|-resisted|p2a: Azumarill\n|-damage|p2a: Azumarill|55/100\n|\n|upkeep\n|turn|9\n|inactive|Time left: 300 sec this turn | 300 sec total\n|\n|t:|1783565684\n|move|p1a: Walking Wake|Hydro Pump|p2a: Azumarill|[miss]\n|-miss|p1a: Walking Wake|p2a: Azumarill\n|move|p2a: Azumarill|Play Rough|p1a: Walking Wake\n|-supereffective|p1a: Walking Wake\n|-damage|p1a: Walking Wake|0 fnt\n|faint|p1a: Walking Wake\n|-end|p1a: Walking Wake|Protosynthesis|[silent]\n|\n|upkeep\n|inactive|Time left: 300 sec this turn | 300 sec total | 5 sec grace\n|\n|t:|1783565685\n|switch|p1a: Salazzle|Salazzle, L83, F|249/249\n|turn|10\n|inactive|Time left: 300 sec this turn | 300 sec total\n|\n|t:|1783565686\n|move|p1a: Salazzle|Toxic|p2a: Azumarill\n|-status|p2a: Azumarill|tox\n|move|p2a: Azumarill|Play Rough|p1a: Salazzle|[miss]\n|-miss|p2a: Azumarill|p1a: Salazzle\n|\n|-damage|p2a: Azumarill|49/100 tox|[from] psn\n|upkeep\n|turn|11\n|inactive|Time left: 300 sec this turn | 300 sec total\n|\n|t:|1783565687\n|move|p1a: Salazzle|Flamethrower|p2a: Azumarill\n|-resisted|p2a: Azumarill\n|-damage|p2a: Azumarill|31/100 tox\n|move|p2a: Azumarill|Play Rough|p1a: Salazzle|[miss]\n|-miss|p2a: Azumarill|p1a: Salazzle\n|\n|-damage|p2a: Azumarill|19/100 tox|[from] psn\n|upkeep\n|turn|12\n|inactive|Time left: 300 sec this turn | 300 sec total\n|\n|t:|1783565688\n|move|p1a: Salazzle|Flamethrower|p2a: Azumarill\n|-resisted|p2a: Azumarill\n|-damage|p2a: Azumarill|0 fnt\n|faint|p2a: Azumarill\n|\n|upkeep\n|\n|t:|1783565689\n|switch|p2a: Kleavor|Kleavor, L78, M|100/100\n|-damage|p2a: Kleavor|88/100|[from] Spikes\n|turn|13\n|inactive|Time left: 300 sec this turn | 300 sec total\n|\n|t:|1783565690\n|move|p1a: Salazzle|Protect|p1a: Salazzle\n|-singleturn|p1a: Salazzle|Protect\n|move|p2a: Kleavor|Stone Axe|p1a: Salazzle\n|-activate|p1a: Salazzle|move: Protect\n|\n|upkeep\n|turn|14\n|inactive|Time left: 300 sec this turn | 300 sec total\n|\n|t:|1783565691\n|move|p1a: Salazzle|Substitute|p1a: Salazzle\n|-start|p1a: Salazzle|Substitute\n|-damage|p1a: Salazzle|187/249\n|move|p2a: Kleavor|Stone Axe|p1a: Salazzle\n|-supereffective|p1a: Salazzle\n|-end|p1a: Salazzle|Substitute\n|-sidestart|p1: p0x22145b9e|move: Stealth Rock\n|\n|-heal|p1a: Salazzle|202/249|[from] item: Leftovers\n|upkeep\n|turn|15\n|inactive|Time left: 300 sec this turn | 300 sec total\n|\n|t:|1783565692\n|move|p1a: Salazzle|Substitute|p1a: Salazzle\n|-start|p1a: Salazzle|Substitute\n|-damage|p1a: Salazzle|140/249\n|move|p2a: Kleavor|Stone Axe|p1a: Salazzle|[miss]\n|-miss|p2a: Kleavor|p1a: Salazzle\n|\n|-heal|p1a: Salazzle|155/249|[from] item: Leftovers\n|upkeep\n|turn|16\n|inactive|Time left: 300 sec this turn | 300 sec total\n|\n|t:|1783565693\n|move|p1a: Salazzle|Flamethrower|p2a: Kleavor\n|-damage|p2a: Kleavor|32/100\n|move|p2a: Kleavor|Stone Axe|p1a: Salazzle\n|-supereffective|p1a: Salazzle\n|-crit|p1a: Salazzle\n|-end|p1a: Salazzle|Substitute\n|\n|-heal|p1a: Salazzle|170/249|[from] item: Leftovers\n|upkeep\n|turn|17\n|inactive|Time left: 300 sec this turn | 300 sec total\n|\n|t:|1783565694\n|switch|p2a: Raichu|Raichu-Alola, L87, M|100/100\n|-damage|p2a: Raichu|88/100|[from] Spikes\n|move|p1a: Salazzle|Flamethrower|p2a: Raichu\n|-damage|p2a: Raichu|48/100\n|\n|-heal|p1a: Salazzle|185/249|[from] item: Leftovers\n|upkeep\n|turn|18\n|inactive|Time left: 300 sec this turn | 300 sec total\n|\n|t:|1783565695\n|move|p1a: Salazzle|Protect|p1a: Salazzle\n|-singleturn|p1a: Salazzle|Protect\n|move|p2a: Raichu|Thunderbolt|p1a: Salazzle\n|-activate|p1a: Salazzle|move: Protect\n|\n|-heal|p1a: Salazzle|200/249|[from] item: Leftovers\n|upkeep\n|turn|19\n|inactive|Time left: 300 sec this turn | 300 sec total\n|\n|t:|1783565695\n|move|p1a: Salazzle|Substitute|p1a: Salazzle\n|-start|p1a: Salazzle|Substitute\n|-damage|p1a: Salazzle|138/249\n|move|p2a: Raichu|Thunderbolt|p1a: Salazzle\n|-end|p1a: Salazzle|Substitute\n|\n|-heal|p1a: Salazzle|153/249|[from] item: Leftovers\n|upkeep\n|turn|20\n|inactive|Time left: 300 sec this turn | 300 sec total\n|\n|t:|1783565697\n|move|p1a: Salazzle|Substitute|p1a: Salazzle\n|-start|p1a: Salazzle|Substitute\n|-damage|p1a: Salazzle|91/249\n|move|p2a: Raichu|Thunderbolt|p1a: Salazzle\n|-end|p1a: Salazzle|Substitute\n|\n|-heal|p1a: Salazzle|106/249|[from] item: Leftovers\n|upkeep\n|turn|21\n|inactive|Time left: 300 sec this turn | 300 sec total\n|\n|t:|1783565698\n|move|p1a: Salazzle|Protect|p1a: Salazzle\n|-singleturn|p1a: Salazzle|Protect\n|move|p2a: Raichu|Thunderbolt|p1a: Salazzle\n|-activate|p1a: Salazzle|move: Protect\n|\n|-heal|p1a: Salazzle|121/249|[from] item: Leftovers\n|upkeep\n|turn|22\n|inactive|Time left: 300 sec this turn | 300 sec total\n|\n|t:|1783565699\n|move|p1a: Salazzle|Substitute|p1a: Salazzle\n|-start|p1a: Salazzle|Substitute\n|-damage|p1a: Salazzle|59/249\n|move|p2a: Raichu|Thunderbolt|p1a: Salazzle\n|-end|p1a: Salazzle|Substitute\n|\n|-heal|p1a: Salazzle|74/249|[from] item: Leftovers\n|upkeep\n|turn|23\n|inactive|Time left: 300 sec this turn | 300 sec total\n|\n|t:|1783565700\n|move|p1a: Salazzle|Protect|p1a: Salazzle\n|-singleturn|p1a: Salazzle|Protect\n|move|p2a: Raichu|Thunderbolt|p1a: Salazzle\n|-activate|p1a: Salazzle|move: Protect\n|\n|-heal|p1a: Salazzle|89/249|[from] item: Leftovers\n|upkeep\n|turn|24\n|inactive|Time left: 300 sec this turn | 300 sec total\n|\n|t:|1783565701\n|move|p1a: Salazzle|Substitute|p1a: Salazzle\n|-start|p1a: Salazzle|Substitute\n|-damage|p1a: Salazzle|27/249\n|move|p2a: Raichu|Thunderbolt|p1a: Salazzle\n|-end|p1a: Salazzle|Substitute\n|\n|-heal|p1a: Salazzle|42/249|[from] item: Leftovers\n|upkeep\n|turn|25\n|inactive|Time left: 300 sec this turn | 300 sec total\n|\n|t:|1783565702\n|move|p1a: Salazzle|Protect|p1a: Salazzle\n|-singleturn|p1a: Salazzle|Protect\n|move|p2a: Raichu|Thunderbolt|p1a: Salazzle\n|-activate|p1a: Salazzle|move: Protect\n|\n|-heal|p1a: Salazzle|57/249|[from] item: Leftovers\n|upkeep\n|turn|26\n|inactive|Time left: 300 sec this turn | 300 sec total\n|\n|t:|1783565703\n|move|p1a: Salazzle|Flamethrower|p2a: Raichu\n|-damage|p2a: Raichu|7/100\n|move|p2a: Raichu|Thunderbolt|p1a: Salazzle\n|-damage|p1a: Salazzle|0 fnt\n|faint|p1a: Salazzle\n|\n|upkeep\n|inactive|Time left: 300 sec this turn | 300 sec total | 5 sec grace\n|\n|t:|1783565704\n|switch|p1a: Mandibuzz|Mandibuzz, L85, F|326/326\n|turn|27\n|inactive|Time left: 300 sec this turn | 300 sec total\n|\n|t:|1783565705\n|move|p2a: Raichu|Thunderbolt|p1a: Mandibuzz\n|-supereffective|p1a: Mandibuzz\n|-damage|p1a: Mandibuzz|44/326\n|-status|p1a: Mandibuzz|par\n|cant|p1a: Mandibuzz|par\n|\n|upkeep\n|turn|28\n|inactive|Time left: 300 sec this turn | 300 sec total\n|\n|t:|1783565706\n|-terastallize|p2a: Raichu|Fighting\n|move|p2a: Raichu|Thunderbolt|p1a: Mandibuzz\n|-supereffective|p1a: Mandibuzz\n|-damage|p1a: Mandibuzz|0 fnt\n|faint|p1a: Mandibuzz\n|\n|win|p0y221407f8", "uploadtime": 1783565706, "views": 0, "rating": 0, "private": 0, "password": null, "_winner": "p0y221407f8", "_our_name": "p0x22145b9e"}