{"id": "battle-gen9randombattle-2075", "formatid": "gen9randombattle", "format": "[Gen 9] Random Battle", "players": ["p0x20750892", "p0y207544f2"], "log": "|init|battle\n|title|p0x20750892 vs. p0y207544f2\n|j|\u2606p0x20750892\n|j|\u2606p0y207544f2\n|t:|1783564038\n|gametype|singles\n|player|p1|p0x20750892|170|\n|player|p2|p0y207544f2|169|\n|gen|9\n|tier|[Gen 9] Random Battle\n|rule|Species Clause: Limit one of each Pok\u00e9mon\n|rule|HP Percentage Mod: HP is shown in percentages\n|rule|Sleep Clause Mod: Limit one foe put to sleep\n|rule|Illusion Level Mod: Illusion disguises the Pok\u00e9mon's true level\n|\n|t:|1783564038\n|teamsize|p1|6\n|teamsize|p2|6\n|start\n|switch|p1a: Rhyperior|Rhyperior, L82, M|323/323\n|switch|p2a: Muk|Muk, L86, M|100/100\n|turn|1\n|inactive|Battle timer is ON: inactive players will automatically lose when time's up. (requested by p0x20750892)\n|inactive|p0y207544f2 also wants the timer to be on.\n|\n|t:|1783564040\n|move|p2a: Muk|Knock Off|p1a: Rhyperior\n|-damage|p1a: Rhyperior|244/323\n|-enditem|p1a: Rhyperior|Choice Band|[from] move: Knock Off|[of] p2a: Muk\n|move|p1a: Rhyperior|Earthquake|p2a: Muk\n|-supereffective|p2a: Muk\n|-damage|p2a: Muk|6/100\n|\n|upkeep\n|turn|2\n|inactive|Time left: 300 sec this turn | 300 sec total\n|\n|t:|1783564041\n|move|p2a: Muk|Knock Off|p1a: Rhyperior\n|-damage|p1a: Rhyperior|184/323\n|move|p1a: Rhyperior|Stone Edge|p2a: Muk\n|-damage|p2a: Muk|0 fnt\n|faint|p2a: Muk\n|\n|upkeep\n|\n|t:|1783564042\n|switch|p2a: Glaceon|Glaceon, L94, M|100/100\n|turn|3\n|inactive|Time left: 300 sec this turn | 300 sec total\n|\n|t:|1783564043\n|switch|p1a: Kyurem|Kyurem-White, L73|303/303\n|-ability|p1a: Kyurem|Turboblaze\n|move|p2a: Glaceon|Freeze-Dry|p1a: Kyurem\n|-damage|p1a: Kyurem|177/303\n|\n|upkeep\n|turn|4\n|inactive|Time left: 300 sec this turn | 300 sec total\n|\n|t:|1783564044\n|move|p1a: Kyurem|Fusion Flare|p2a: Glaceon\n|-supereffective|p2a: Glaceon\n|-damage|p2a: Glaceon|20/100\n|move|p2a: Glaceon|Calm Mind|p2a: Glaceon\n|-boost|p2a: Glaceon|spa|1\n|-boost|p2a: Glaceon|spd|1\n|\n|upkeep\n|turn|5\n|inactive|Time left: 300 sec this turn | 300 sec total\n|\n|t:|1783564045\n|-terastallize|p2a: Glaceon|Water\n|move|p1a: Kyurem|Fusion Flare|p2a: Glaceon\n|-resisted|p2a: Glaceon\n|-damage|p2a: Glaceon|7/100\n|move|p2a: Glaceon|Freeze-Dry|p1a: Kyurem\n|-damage|p1a: Kyurem|0 fnt\n|faint|p1a: Kyurem\n|\n|upkeep\n|inactive|Time left: 300 sec this turn | 300 sec total | 5 sec grace\n|\n|t:|1783564046\n|switch|p1a: Basculegion|Basculegion-F, L83, F|335/335\n|turn|6\n|inactive|Time left: 300 sec this turn | 300 sec total\n|\n|t:|1783564047\n|switch|p2a: Cacturne|Cacturne, L92, M|100/100\n|move|p1a: Basculegion|Wave Crash|p2a: Cacturne\n|-immune|p2a: Cacturne|[from] ability: Water Absorb\n|\n|upkeep\n|turn|7\n|inactive|Time left: 300 sec this turn | 300 sec total\n|\n|t:|1783564049\n|switch|p1a: Scyther|Scyther, L82, F|249/249\n|move|p2a: Cacturne|Seed Bomb|p1a: Scyther\n|-resisted|p1a: Scyther\n|-damage|p1a: Scyther|210/249\n|-damage|p2a: Cacturne|91/100|[from] item: Life Orb\n|\n|upkeep\n|turn|8\n|inactive|Time left: 300 sec this turn | 300 sec total\n|\n|t:|1783564050\n|switch|p2a: Overqwil|Overqwil, L82, F|100/100\n|-ability|p2a: Overqwil|Intimidate|boost\n|-unboost|p1a: Scyther|atk|1\n|move|p1a: Scyther|Dual Wingbeat|p2a: Overqwil|[miss]\n|-miss|p1a: Scyther|p2a: Overqwil\n|\n|upkeep\n|turn|9\n|inactive|Time left: 300 sec this turn | 300 sec total\n|\n|t:|1783564051\n|switch|p1a: Rhyperior|Rhyperior, L82, M|184/323\n|move|p2a: Overqwil|Swords Dance|p2a: Overqwil\n|-boost|p2a: Overqwil|atk|2\n|\n|upkeep\n|turn|10\n|inactive|Time left: 300 sec this turn | 300 sec total\n|\n|t:|1783564052\n|move|p2a: Overqwil|Crunch|p1a: Rhyperior\n|-damage|p1a: Rhyperior|39/323\n|move|p1a: Rhyperior|Earthquake|p2a: Overqwil\n|-supereffective|p2a: Overqwil\n|-damage|p2a: Overqwil|0 fnt\n|faint|p2a: Overqwil\n|\n|upkeep\n|\n|t:|1783564053\n|switch|p2a: Cacturne|Cacturne, L92, M|91/100\n|turn|11\n|inactive|Time left: 300 sec this turn | 300 sec total\n|\n|t:|1783564054\n|move|p2a: Cacturne|Knock Off|p1a: Rhyperior\n|-damage|p1a: Rhyperior|0 fnt\n|faint|p1a: Rhyperior\n|-damage|p2a: Cacturne|81/100|[from] item: Life Orb\n|\n|upkeep\n|inactive|Time left: 300 sec this turn | 300 sec total | 5 sec grace\n|\n|t:|1783564054\n|switch|p1a: Scyther|Scyther, L82, F|210/249\n|turn|12\n|inactive|Time left: 300 sec this turn | 300 sec total\n|\n|t:|1783564055\n|switch|p2a: Froslass|Froslass, L87, F|100/100\n|move|p1a: Scyther|Swords Dance|p1a: Scyther\n|-boost|p1a: Scyther|atk|2\n|\n|upkeep\n|turn|13\n|inactive|Time left: 300 sec this turn | 300 sec total\n|\n|t:|1783564056\n|-terastallize|p1a: Scyther|Fighting\n|move|p2a: Froslass|Triple Axel|p1a: Scyther\n|-damage|p1a: Scyther|188/249\n|-damage|p1a: Scyther|143/249\n|-damage|p1a: Scyther|83/249\n|-hitcount|p1a: Scyther|3\n|move|p1a: Scyther|Dual Wingbeat|p2a: Froslass\n|-damage|p2a: Froslass|40/100\n|-damage|p2a: Froslass|0 fnt\n|-start|p1a: Scyther|Disable|Dual Wingbeat|[from] ability: Cursed Body|[of] p2a: Froslass\n|faint|p2a: Froslass\n|-hitcount|p2: Froslass|2\n|\n|upkeep\n|\n|t:|1783564057\n|switch|p2a: Glaceon|Glaceon, L94, M, tera:Water|7/100\n|turn|14\n|inactive|Time left: 300 sec this turn | 300 sec total\n|\n|t:|1783564058\n|move|p2a: Glaceon|Protect|p2a: Glaceon\n|-singleturn|p2a: Glaceon|Protect\n|move|p1a: Scyther|Bug Bite|p2a: Glaceon\n|-activate|p2a: Glaceon|move: Protect\n|\n|upkeep\n|turn|15\n|inactive|Time left: 300 sec this turn | 300 sec total\n|\n|t:|1783564059\n|move|p2a: Glaceon|Protect||[still]\n|-fail|p2a: Glaceon\n|move|p1a: Scyther|Bug Bite|p2a: Glaceon\n|-damage|p2a: Glaceon|0 fnt\n|faint|p2a: Glaceon\n|\n|upkeep\n|\n|t:|1783564060\n|switch|p2a: Cacturne|Cacturne, L92, M|81/100\n|turn|16\n|inactive|Time left: 300 sec this turn | 300 sec total\n|\n|t:|1783564061\n|move|p2a: Cacturne|Sucker Punch|p1a: Scyther\n|-resisted|p1a: Scyther\n|-damage|p1a: Scyther|14/249\n|-damage|p2a: Cacturne|71/100|[from] item: Life Orb\n|move|p1a: Scyther|Close Combat|p2a: Cacturne\n|-supereffective|p2a: Cacturne\n|-damage|p2a: Cacturne|0 fnt\n|-unboost|p1a: Scyther|def|1\n|-unboost|p1a: Scyther|spd|1\n|faint|p2a: Cacturne\n|\n|-end|p1a: Scyther|Disable\n|upkeep\n|\n|t:|1783564062\n|switch|p2a: Latios|Latios, L78, M|100/100\n|turn|17\n|inactive|Time left: 300 sec this turn | 300 sec total\n|\n|t:|1783564063\n|move|p1a: Scyther|Bug Bite|p2a: Latios\n|-supereffective|p2a: Latios\n|-damage|p2a: Latios|0 fnt\n|faint|p2a: Latios\n|\n|win|p0x20750892", "uploadtime": 1783564063, "views": 0, "rating": 0, "private": 0, "password": null, "_winner": "p0x20750892", "_our_name": "p0x20750892"}