{"id": "battle-gen9randombattle-1622", "formatid": "gen9randombattle", "format": "[Gen 9] Random Battle", "players": ["p0x16226910", "p0y16223805"], "log": "|init|battle\n|title|p0x16226910 vs. p0y16223805\n|j|\u2606p0x16226910\n|j|\u2606p0y16223805\n|t:|1783558773\n|gametype|singles\n|player|p1|p0x16226910|265|\n|player|p2|p0y16223805|2|\n|gen|9\n|tier|[Gen 9] Random Battle\n|rule|Species Clause: Limit one of each Pok\u00e9mon\n|rule|HP Percentage Mod: HP is shown in percentages\n|rule|Sleep Clause Mod: Limit one foe put to sleep\n|rule|Illusion Level Mod: Illusion disguises the Pok\u00e9mon's true level\n|\n|t:|1783558773\n|teamsize|p1|6\n|teamsize|p2|6\n|start\n|switch|p1a: Dewgong|Dewgong, L94, F|322/322\n|switch|p2a: Ninetales|Ninetales-Alola, L78, M|100/100\n|-weather|Snowscape|[from] ability: Snow Warning|[of] p2a: Ninetales\n|turn|1\n|inactive|Battle timer is ON: inactive players will automatically lose when time's up. (requested by p0x16226910)\n|inactive|p0y16223805 also wants the timer to be on.\n|\n|t:|1783558775\n|move|p2a: Ninetales|Aurora Veil|p2a: Ninetales\n|-sidestart|p2: p0y16223805|move: Aurora Veil\n|move|p1a: Dewgong|Ice Beam|p2a: Ninetales\n|-resisted|p2a: Ninetales\n|-damage|p2a: Ninetales|91/100\n|\n|-weather|Snowscape|[upkeep]\n|upkeep\n|turn|2\n|inactive|Time left: 300 sec this turn | 300 sec total\n|\n|t:|1783558776\n|move|p2a: Ninetales|Moonblast|p1a: Dewgong\n|-damage|p1a: Dewgong|256/322\n|-unboost|p1a: Dewgong|spa|1\n|move|p1a: Dewgong|Knock Off|p2a: Ninetales\n|-resisted|p2a: Ninetales\n|-damage|p2a: Ninetales|86/100\n|-enditem|p2a: Ninetales|Light Clay|[from] move: Knock Off|[of] p1a: Dewgong\n|\n|-weather|Snowscape|[upkeep]\n|upkeep\n|turn|3\n|inactive|Time left: 300 sec this turn | 300 sec total\n|\n|t:|1783558777\n|switch|p1a: Ting-Lu|Ting-Lu, L78|370/370\n|-ability|p1a: Ting-Lu|Vessel of Ruin\n|move|p2a: Ninetales|Moonblast|p1a: Ting-Lu\n|-supereffective|p1a: Ting-Lu\n|-damage|p1a: Ting-Lu|244/370\n|-unboost|p1a: Ting-Lu|spa|1\n|\n|-weather|Snowscape|[upkeep]\n|-heal|p1a: Ting-Lu|267/370|[from] item: Leftovers\n|upkeep\n|turn|4\n|inactive|Time left: 300 sec this turn | 300 sec total\n|\n|t:|1783558778\n|move|p2a: Ninetales|Moonblast|p1a: Ting-Lu\n|-supereffective|p1a: Ting-Lu\n|-damage|p1a: Ting-Lu|133/370\n|move|p1a: Ting-Lu|Stealth Rock|p2a: Ninetales\n|-sidestart|p2: p0y16223805|move: Stealth Rock\n|\n|-weather|Snowscape|[upkeep]\n|-heal|p1a: Ting-Lu|156/370|[from] item: Leftovers\n|upkeep\n|turn|5\n|inactive|Time left: 300 sec this turn | 300 sec total\n|\n|t:|1783558779\n|move|p2a: Ninetales|Blizzard|p1a: Ting-Lu\n|-supereffective|p1a: Ting-Lu\n|-damage|p1a: Ting-Lu|4/370\n|move|p1a: Ting-Lu|Spikes|p2a: Ninetales\n|-sidestart|p2: p0y16223805|Spikes\n|\n|-weather|none\n|-heal|p1a: Ting-Lu|27/370|[from] item: Leftovers\n|upkeep\n|turn|6\n|inactive|Time left: 300 sec this turn | 300 sec total\n|\n|t:|1783558780\n|switch|p1a: Iron Treads|Iron Treads, L77|265/265\n|move|p2a: Ninetales|Freeze-Dry|p1a: Iron Treads\n|-damage|p1a: Iron Treads|217/265\n|\n|upkeep\n|turn|7\n|inactive|Time left: 300 sec this turn | 300 sec total\n|\n|t:|1783558781\n|move|p2a: Ninetales|Freeze-Dry|p1a: Iron Treads\n|-damage|p1a: Iron Treads|169/265\n|move|p1a: Iron Treads|Iron Head|p2a: Ninetales\n|-supereffective|p2a: Ninetales\n|-damage|p2a: Ninetales|11/100\n|\n|upkeep\n|turn|8\n|inactive|Time left: 300 sec this turn | 300 sec total\n|\n|t:|1783558782\n|move|p2a: Ninetales|Blizzard|p1a: Iron Treads\n|-damage|p1a: Iron Treads|90/265\n|move|p1a: Iron Treads|Earthquake|p2a: Ninetales\n|-damage|p2a: Ninetales|0 fnt\n|faint|p2a: Ninetales\n|\n|-sideend|p2: p0y16223805|move: Aurora Veil\n|upkeep\n|\n|t:|1783558783\n|switch|p2a: Exeggutor|Exeggutor-Alola, L89, F|100/100\n|-damage|p2a: Exeggutor|88/100|[from] Stealth Rock\n|-damage|p2a: Exeggutor|76/100|[from] Spikes\n|-item|p1a: Iron Treads|Assault Vest|[from] ability: Frisk|[of] p2a: Exeggutor\n|turn|9\n|inactive|Time left: 300 sec this turn | 300 sec total\n|\n|t:|1783558784\n|move|p1a: Iron Treads|Iron Head|p2a: Exeggutor\n|-damage|p2a: Exeggutor|53/100\n|cant|p2a: Exeggutor|flinch\n|\n|upkeep\n|turn|10\n|inactive|Time left: 300 sec this turn | 300 sec total\n|\n|t:|1783558785\n|move|p1a: Iron Treads|Knock Off|p2a: Exeggutor\n|-damage|p2a: Exeggutor|33/100\n|-enditem|p2a: Exeggutor|Choice Specs|[from] move: Knock Off|[of] p1a: Iron Treads\n|move|p2a: Exeggutor|Giga Drain|p1a: Iron Treads\n|-damage|p1a: Iron Treads|0 fnt\n|-heal|p2a: Exeggutor|47/100|[from] drain|[of] p1a: Iron Treads\n|faint|p1a: Iron Treads\n|-end|p1a: Iron Treads|Quark Drive|[silent]\n|\n|upkeep\n|inactive|Time left: 300 sec this turn | 300 sec total | 5 sec grace\n|\n|t:|1783558786\n|switch|p1a: Bruxish|Bruxish, L85, M|254/254\n|turn|11\n|inactive|Time left: 300 sec this turn | 300 sec total\n|\n|t:|1783558787\n|switch|p2a: Umbreon|Umbreon, L84, M|100/100\n|-damage|p2a: Umbreon|88/100|[from] Stealth Rock\n|-damage|p2a: Umbreon|76/100|[from] Spikes\n|move|p1a: Bruxish|Ice Fang|p2a: Umbreon\n|-damage|p2a: Umbreon|52/100\n|\n|-heal|p2a: Umbreon|58/100|[from] item: Leftovers\n|upkeep\n|turn|12\n|inactive|Time left: 300 sec this turn | 300 sec total\n|\n|t:|1783558788\n|switch|p1a: Ting-Lu|Ting-Lu, L78|27/370\n|-ability|p1a: Ting-Lu|Vessel of Ruin\n|move|p2a: Umbreon|Foul Play|p1a: Ting-Lu\n|-resisted|p1a: Ting-Lu\n|-damage|p1a: Ting-Lu|0 fnt\n|faint|p1a: Ting-Lu\n|\n|-heal|p2a: Umbreon|64/100|[from] item: Leftovers\n|upkeep\n|inactive|Time left: 300 sec this turn | 300 sec total | 5 sec grace\n|\n|t:|1783558789\n|switch|p1a: Dewgong|Dewgong, L94, F|256/322\n|turn|13\n|inactive|Time left: 300 sec this turn | 300 sec total\n|\n|t:|1783558790\n|move|p1a: Dewgong|Surf|p2a: Umbreon\n|-damage|p2a: Umbreon|40/100\n|move|p2a: Umbreon|Foul Play|p1a: Dewgong\n|-damage|p1a: Dewgong|171/322\n|\n|-heal|p2a: Umbreon|46/100|[from] item: Leftovers\n|upkeep\n|turn|14\n|inactive|Time left: 300 sec this turn | 300 sec total\n|\n|t:|1783558791\n|move|p1a: Dewgong|Surf|p2a: Umbreon\n|-crit|p2a: Umbreon\n|-damage|p2a: Umbreon|12/100\n|move|p2a: Umbreon|Wish|p2a: Umbreon\n|\n|-heal|p2a: Umbreon|18/100|[from] item: Leftovers\n|upkeep\n|turn|15\n|inactive|Time left: 300 sec this turn | 300 sec total\n|\n|t:|1783558792\n|move|p2a: Umbreon|Protect|p2a: Umbreon\n|-singleturn|p2a: Umbreon|Protect\n|move|p1a: Dewgong|Ice Beam|p2a: Umbreon\n|-activate|p2a: Umbreon|move: Protect\n|\n|-heal|p2a: Umbreon|68/100|[from] move: Wish|[wisher] Umbreon\n|-heal|p2a: Umbreon|74/100|[from] item: Leftovers\n|upkeep\n|turn|16\n|inactive|Time left: 300 sec this turn | 300 sec total\n|\n|t:|1783558793\n|move|p1a: Dewgong|Encore|p2a: Umbreon\n|-start|p2a: Umbreon|Encore\n|move|p2a: Umbreon|Protect||[still]\n|-fail|p2a: Umbreon\n|\n|-heal|p2a: Umbreon|80/100|[from] item: Leftovers\n|upkeep\n|turn|17\n|inactive|Time left: 300 sec this turn | 300 sec total\n|\n|t:|1783558794\n|move|p2a: Umbreon|Protect|p2a: Umbreon\n|-singleturn|p2a: Umbreon|Protect\n|move|p1a: Dewgong|Ice Beam|p2a: Umbreon\n|-activate|p2a: Umbreon|move: Protect\n|\n|-heal|p2a: Umbreon|86/100|[from] item: Leftovers\n|upkeep\n|turn|18\n|inactive|Time left: 300 sec this turn | 300 sec total\n|\n|t:|1783558795\n|move|p2a: Umbreon|Protect||[still]\n|-fail|p2a: Umbreon\n|move|p1a: Dewgong|Ice Beam|p2a: Umbreon\n|-damage|p2a: Umbreon|62/100\n|\n|-heal|p2a: Umbreon|68/100|[from] item: Leftovers\n|-end|p2a: Umbreon|Encore\n|upkeep\n|turn|19\n|inactive|Time left: 300 sec this turn | 300 sec total\n|\n|t:|1783558796\n|move|p1a: Dewgong|Encore|p2a: Umbreon\n|-start|p2a: Umbreon|Encore\n|move|p2a: Umbreon|Protect||[still]\n|-fail|p2a: Umbreon\n|\n|-heal|p2a: Umbreon|74/100|[from] item: Leftovers\n|upkeep\n|turn|20\n|inactive|Time left: 300 sec this turn | 300 sec total\n|\n|t:|1783558797\n|move|p2a: Umbreon|Protect|p2a: Umbreon\n|-singleturn|p2a: Umbreon|Protect\n|move|p1a: Dewgong|Knock Off|p2a: Umbreon\n|-activate|p2a: Umbreon|move: Protect\n|\n|-heal|p2a: Umbreon|80/100|[from] item: Leftovers\n|upkeep\n|turn|21\n|inactive|Time left: 300 sec this turn | 300 sec total\n|\n|t:|1783558798\n|move|p2a: Umbreon|Protect||[still]\n|-fail|p2a: Umbreon\n|move|p1a: Dewgong|Ice Beam|p2a: Umbreon\n|-damage|p2a: Umbreon|55/100\n|\n|-heal|p2a: Umbreon|61/100|[from] item: Leftovers\n|-end|p2a: Umbreon|Encore\n|upkeep\n|turn|22\n|inactive|Time left: 300 sec this turn | 300 sec total\n|\n|t:|1783558799\n|move|p1a: Dewgong|Encore|p2a: Umbreon\n|-start|p2a: Umbreon|Encore\n|move|p2a: Umbreon|Protect||[still]\n|-fail|p2a: Umbreon\n|\n|-heal|p2a: Umbreon|67/100|[from] item: Leftovers\n|upkeep\n|turn|23\n|inactive|Time left: 300 sec this turn | 300 sec total\n|\n|t:|1783558800\n|move|p2a: Umbreon|Protect|p2a: Umbreon\n|-singleturn|p2a: Umbreon|Protect\n|move|p1a: Dewgong|Ice Beam|p2a: Umbreon\n|-activate|p2a: Umbreon|move: Protect\n|\n|-heal|p2a: Umbreon|73/100|[from] item: Leftovers\n|upkeep\n|turn|24\n|inactive|Time left: 300 sec this turn | 300 sec total\n|\n|t:|1783558801\n|move|p2a: Umbreon|Protect||[still]\n|-fail|p2a: Umbreon\n|move|p1a: Dewgong|Knock Off|p2a: Umbreon\n|-resisted|p2a: Umbreon\n|-crit|p2a: Umbreon\n|-damage|p2a: Umbreon|58/100\n|-enditem|p2a: Umbreon|Leftovers|[from] move: Knock Off|[of] p1a: Dewgong\n|\n|-end|p2a: Umbreon|Encore\n|upkeep\n|turn|25\n|inactive|Time left: 300 sec this turn | 300 sec total\n|\n|t:|1783558802\n|move|p1a: Dewgong|Encore|p2a: Umbreon\n|-start|p2a: Umbreon|Encore\n|move|p2a: Umbreon|Protect||[still]\n|-fail|p2a: Umbreon\n|\n|upkeep\n|turn|26\n|inactive|Time left: 300 sec this turn | 300 sec total\n|\n|t:|1783558803\n|move|p2a: Umbreon|Protect|p2a: Umbreon\n|-singleturn|p2a: Umbreon|Protect\n|move|p1a: Dewgong|Knock Off|p2a: Umbreon\n|-activate|p2a: Umbreon|move: Protect\n|\n|upkeep\n|turn|27\n|inactive|Time left: 300 sec this turn | 300 sec total\n|\n|t:|1783558804\n|move|p2a: Umbreon|Protect||[still]\n|-fail|p2a: Umbreon\n|move|p1a: Dewgong|Surf|p2a: Umbreon\n|-damage|p2a: Umbreon|36/100\n|\n|-end|p2a: Umbreon|Encore\n|upkeep\n|turn|28\n|inactive|Time left: 300 sec this turn | 300 sec total\n|\n|t:|1783558805\n|move|p1a: Dewgong|Encore|p2a: Umbreon\n|-start|p2a: Umbreon|Encore\n|move|p2a: Umbreon|Protect||[still]\n|-fail|p2a: Umbreon\n|\n|upkeep\n|turn|29\n|inactive|Time left: 300 sec this turn | 300 sec total\n|\n|t:|1783558805\n|move|p2a: Umbreon|Protect|p2a: Umbreon\n|-singleturn|p2a: Umbreon|Protect\n|move|p1a: Dewgong|Ice Beam|p2a: Umbreon\n|-activate|p2a: Umbreon|move: Protect\n|\n|upkeep\n|turn|30\n|inactive|Time left: 300 sec this turn | 300 sec total\n|\n|t:|1783558806\n|move|p2a: Umbreon|Protect||[still]\n|-fail|p2a: Umbreon\n|move|p1a: Dewgong|Surf|p2a: Umbreon\n|-damage|p2a: Umbreon|13/100\n|\n|-end|p2a: Umbreon|Encore\n|upkeep\n|turn|31\n|inactive|Time left: 300 sec this turn | 300 sec total\n|\n|t:|1783558807\n|move|p1a: Dewgong|Surf|p2a: Umbreon\n|-damage|p2a: Umbreon|0 fnt\n|faint|p2a: Umbreon\n|\n|upkeep\n|\n|t:|1783558808\n|switch|p2a: Mesprit|Mesprit, L85|100/100\n|-damage|p2a: Mesprit|88/100|[from] Stealth Rock\n|turn|32\n|inactive|Time left: 300 sec this turn | 300 sec total\n|\n|t:|1783558809\n|move|p2a: Mesprit|Knock Off|p1a: Dewgong\n|-damage|p1a: Dewgong|96/322\n|-enditem|p1a: Dewgong|Heavy-Duty Boots|[from] move: Knock Off|[of] p2a: Mesprit\n|move|p1a: Dewgong|Knock Off|p2a: Mesprit\n|-supereffective|p2a: Mesprit\n|-damage|p2a: Mesprit|44/100\n|-enditem|p2a: Mesprit|Leftovers|[from] move: Knock Off|[of] p1a: Dewgong\n|\n|upkeep\n|turn|33\n|inactive|Time left: 300 sec this turn | 300 sec total\n|\n|t:|1783558811\n|move|p2a: Mesprit|Thunder Wave|p1a: Dewgong\n|-status|p1a: Dewgong|par\n|move|p1a: Dewgong|Ice Beam|p2a: Mesprit\n|-damage|p2a: Mesprit|13/100\n|\n|upkeep\n|turn|34\n|inactive|Time left: 300 sec this turn | 300 sec total\n|\n|t:|1783558812\n|move|p2a: Mesprit|Psychic Noise|p1a: Dewgong\n|-damage|p1a: Dewgong|23/322 par\n|-start|p1a: Dewgong|move: Heal Block\n|move|p1a: Dewgong|Ice Beam|p2a: Mesprit\n|-damage|p2a: Mesprit|0 fnt\n|faint|p2a: Mesprit\n|\n|upkeep\n|\n|t:|1783558813\n|switch|p2a: Skeledirge|Skeledirge, L79, M|100/100\n|turn|35\n|inactive|Time left: 300 sec this turn | 300 sec total\n|\n|t:|1783558814\n|move|p2a: Skeledirge|Torch Song|p1a: Dewgong\n|-damage|p1a: Dewgong|0 fnt\n|-boost|p2a: Skeledirge|spa|1\n|faint|p1a: Dewgong\n|\n|upkeep\n|inactive|Time left: 300 sec this turn | 300 sec total | 5 sec grace\n|\n|t:|1783558814\n|switch|p1a: Bruxish|Bruxish, L85, M|254/254\n|turn|36\n|inactive|Time left: 300 sec this turn | 300 sec total\n|\n|t:|1783558816\n|move|p1a: Bruxish|Wave Crash|p2a: Skeledirge\n|-supereffective|p2a: Skeledirge\n|-damage|p2a: Skeledirge|6/100\n|-damage|p1a: Bruxish|162/254|[from] Recoil\n|move|p2a: Skeledirge|Hex|p1a: Bruxish\n|-supereffective|p1a: Bruxish\n|-damage|p1a: Bruxish|0 fnt\n|faint|p1a: Bruxish\n|\n|upkeep\n|inactive|Time left: 300 sec this turn | 300 sec total | 5 sec grace\n|\n|t:|1783558817\n|switch|p1a: Meowstic|Meowstic, L89, M|277/277\n|turn|37\n|inactive|Time left: 300 sec this turn | 300 sec total\n|\n|t:|1783558818\n|switch|p2a: Chansey|Chansey, L85, F|100/100\n|-damage|p2a: Chansey|88/100|[from] Stealth Rock\n|-damage|p2a: Chansey|76/100|[from] Spikes\n|move|p1a: Meowstic|Psychic Noise|p2a: Chansey\n|-damage|p2a: Chansey|68/100\n|-start|p2a: Chansey|move: Heal Block\n|\n|upkeep\n|turn|38\n|inactive|Time left: 300 sec this turn | 300 sec total\n|\n|t:|1783558818\n|move|p1a: Meowstic|Yawn|p2a: Chansey\n|-start|p2a: Chansey|move: Yawn|[of] p1a: Meowstic\n|move|p2a: Chansey|Thunder Wave|p1a: Meowstic\n|-status|p1a: Meowstic|par\n|\n|-end|p2a: Chansey|move: Heal Block\n|upkeep\n|turn|39\n|inactive|Time left: 300 sec this turn | 300 sec total\n|\n|t:|1783558819\n|switch|p1a: Scovillain|Scovillain, L91, M|266/266\n|move|p2a: Chansey|Soft-Boiled|p2a: Chansey\n|-heal|p2a: Chansey|100/100\n|\n|-end|p2a: Chansey|move: Yawn|[silent]\n|-status|p2a: Chansey|slp\n|upkeep\n|turn|40\n|inactive|Time left: 300 sec this turn | 300 sec total\n|\n|t:|1783558820\n|move|p1a: Scovillain|Stomping Tantrum|p2a: Chansey\n|-damage|p2a: Chansey|75/100 slp\n|cant|p2a: Chansey|slp\n|\n|upkeep\n|turn|41\n|inactive|Time left: 300 sec this turn | 300 sec total\n|\n|t:|1783558821\n|move|p1a: Scovillain|Stomping Tantrum|p2a: Chansey\n|-damage|p2a: Chansey|46/100 slp\n|cant|p2a: Chansey|slp\n|\n|upkeep\n|turn|42\n|inactive|Time left: 300 sec this turn | 300 sec total\n|\n|t:|1783558822\n|move|p1a: Scovillain|Stomping Tantrum|p2a: Chansey\n|-damage|p2a: Chansey|19/100 slp\n|-curestatus|p2a: Chansey|slp|[msg]\n|move|p2a: Chansey|Soft-Boiled|p2a: Chansey\n|-heal|p2a: Chansey|69/100\n|\n|upkeep\n|turn|43\n|inactive|Time left: 300 sec this turn | 300 sec total\n|\n|t:|1783558823\n|move|p1a: Scovillain|Stomping Tantrum|p2a: Chansey\n|-damage|p2a: Chansey|44/100\n|move|p2a: Chansey|Soft-Boiled|p2a: Chansey\n|-heal|p2a: Chansey|94/100\n|\n|upkeep\n|turn|44\n|inactive|Time left: 300 sec this turn | 300 sec total\n|\n|t:|1783558824\n|move|p1a: Scovillain|Fire Blast|p2a: Chansey\n|-damage|p2a: Chansey|79/100\n|-status|p2a: Chansey|brn\n|move|p2a: Chansey|Seismic Toss|p1a: Scovillain\n|-damage|p1a: Scovillain|181/266\n|\n|-damage|p2a: Chansey|72/100 brn|[from] brn\n|upkeep\n|turn|45\n|inactive|Time left: 300 sec this turn | 300 sec total\n|\n|t:|1783558825\n|-terastallize|p1a: Scovillain|Ground\n|move|p1a: Scovillain|Stomping Tantrum|p2a: Chansey\n|-damage|p2a: Chansey|28/100 brn\n|move|p2a: Chansey|Soft-Boiled|p2a: Chansey\n|-heal|p2a: Chansey|78/100 brn\n|\n|-damage|p2a: Chansey|72/100 brn|[from] brn\n|upkeep\n|turn|46\n|inactive|Time left: 300 sec this turn | 300 sec total\n|\n|t:|1783558826\n|move|p1a: Scovillain|Stomping Tantrum|p2a: Chansey\n|-damage|p2a: Chansey|34/100 brn\n|move|p2a: Chansey|Soft-Boiled|p2a: Chansey\n|-heal|p2a: Chansey|84/100 brn\n|\n|-damage|p2a: Chansey|77/100 brn|[from] brn\n|upkeep\n|turn|47\n|inactive|Time left: 300 sec this turn | 300 sec total\n|\n|t:|1783558827\n|move|p1a: Scovillain|Stomping Tantrum|p2a: Chansey\n|-damage|p2a: Chansey|33/100 brn\n|move|p2a: Chansey|Soft-Boiled|p2a: Chansey\n|-heal|p2a: Chansey|83/100 brn\n|\n|-damage|p2a: Chansey|77/100 brn|[from] brn\n|upkeep\n|turn|48\n|inactive|Time left: 300 sec this turn | 300 sec total\n|\n|t:|1783558828\n|move|p1a: Scovillain|Stomping Tantrum|p2a: Chansey\n|-damage|p2a: Chansey|38/100 brn\n|move|p2a: Chansey|Soft-Boiled|p2a: Chansey\n|-heal|p2a: Chansey|88/100 brn\n|\n|-damage|p2a: Chansey|81/100 brn|[from] brn\n|upkeep\n|turn|49\n|inactive|Time left: 300 sec this turn | 300 sec total\n|\n|t:|1783558829\n|move|p1a: Scovillain|Stomping Tantrum|p2a: Chansey\n|-damage|p2a: Chansey|43/100 brn\n|move|p2a: Chansey|Soft-Boiled|p2a: Chansey\n|-heal|p2a: Chansey|93/100 brn\n|\n|-damage|p2a: Chansey|87/100 brn|[from] brn\n|upkeep\n|turn|50\n|inactive|Time left: 300 sec this turn | 300 sec total\n|\n|t:|1783558830\n|move|p1a: Scovillain|Stomping Tantrum|p2a: Chansey\n|-damage|p2a: Chansey|46/100 brn\n|move|p2a: Chansey|Seismic Toss|p1a: Scovillain\n|-damage|p1a: Scovillain|96/266\n|\n|-damage|p2a: Chansey|40/100 brn|[from] brn\n|upkeep\n|turn|51\n|inactive|Time left: 300 sec this turn | 300 sec total\n|\n|t:|1783558831\n|move|p1a: Scovillain|Stomping Tantrum|p2a: Chansey\n|-damage|p2a: Chansey|0 fnt\n|faint|p2a: Chansey\n|\n|upkeep\n|\n|t:|1783558832\n|switch|p2a: Skeledirge|Skeledirge, L79, M|6/100\n|turn|52\n|inactive|Time left: 300 sec this turn | 300 sec total\n|\n|t:|1783558833\n|switch|p2a: Exeggutor|Exeggutor-Alola, L89, F|47/100\n|-damage|p2a: Exeggutor|35/100|[from] Stealth Rock\n|-damage|p2a: Exeggutor|22/100|[from] Spikes\n|-item|p1a: Scovillain|Heavy-Duty Boots|[from] ability: Frisk|[of] p2a: Exeggutor\n|move|p1a: Scovillain|Stomping Tantrum|p2a: Exeggutor\n|-resisted|p2a: Exeggutor\n|-damage|p2a: Exeggutor|6/100\n|\n|upkeep\n|turn|53\n|inactive|Time left: 300 sec this turn | 300 sec total\n|\n|t:|1783558833\n|-terastallize|p2a: Exeggutor|Fire\n|move|p1a: Scovillain|Energy Ball|p2a: Exeggutor\n|-resisted|p2a: Exeggutor\n|-damage|p2a: Exeggutor|0 fnt\n|faint|p2a: Exeggutor\n|\n|upkeep\n|\n|t:|1783558834\n|switch|p2a: Skeledirge|Skeledirge, L79, M|6/100\n|turn|54\n|inactive|Time left: 300 sec this turn | 300 sec total\n|\n|t:|1783558835\n|move|p1a: Scovillain|Stomping Tantrum|p2a: Skeledirge\n|-supereffective|p2a: Skeledirge\n|-damage|p2a: Skeledirge|0 fnt\n|faint|p2a: Skeledirge\n|\n|win|p0x16226910", "uploadtime": 1783558835, "views": 0, "rating": 0, "private": 0, "password": null, "_winner": "p0x16226910", "_our_name": "p0x16226910"}