{"id": "battle-gen9randombattle-1911", "formatid": "gen9randombattle", "format": "[Gen 9] Random Battle", "players": ["p0x1911f4ce", "p0y19118045"], "log": "|init|battle\n|title|p0x1911f4ce vs. p0y19118045\n|j|\u2606p0x1911f4ce\n|j|\u2606p0y19118045\n|t:|1783562118\n|gametype|singles\n|player|p1|p0x1911f4ce|169|\n|player|p2|p0y19118045|170|\n|gen|9\n|tier|[Gen 9] Random Battle\n|rule|Species Clause: Limit one of each Pok\u00e9mon\n|rule|HP Percentage Mod: HP is shown in percentages\n|rule|Sleep Clause Mod: Limit one foe put to sleep\n|rule|Illusion Level Mod: Illusion disguises the Pok\u00e9mon's true level\n|\n|t:|1783562118\n|teamsize|p1|6\n|teamsize|p2|6\n|start\n|switch|p1a: Mudsdale|Mudsdale, L83, F|302/302\n|switch|p2a: Weezing|Weezing, L88, M|100/100\n|turn|1\n|inactive|Battle timer is ON: inactive players will automatically lose when time's up. (requested by p0y19118045)\n|inactive|Time left: 300 sec this turn | 300 sec total | 60 sec grace\n|inactive|p0x1911f4ce also wants the timer to be on.\n|\n|t:|1783562119\n|move|p2a: Weezing|Toxic Spikes|p1a: Mudsdale\n|-sidestart|p1: p0x1911f4ce|move: Toxic Spikes\n|move|p1a: Mudsdale|Stealth Rock|p2a: Weezing\n|-sidestart|p2: p0y19118045|move: Stealth Rock\n|\n|upkeep\n|turn|2\n|inactive|Time left: 300 sec this turn | 300 sec total\n|\n|t:|1783562120\n|move|p2a: Weezing|Toxic Spikes|p1a: Mudsdale\n|-sidestart|p1: p0x1911f4ce|move: Toxic Spikes\n|move|p1a: Mudsdale|Heavy Slam|p2a: Weezing\n|-damage|p2a: Weezing|70/100\n|\n|-heal|p2a: Weezing|76/100|[from] item: Leftovers\n|upkeep\n|turn|3\n|inactive|Time left: 300 sec this turn | 300 sec total\n|\n|t:|1783562120\n|move|p2a: Weezing|Pain Split|p1a: Mudsdale\n|-sethp|p1a: Mudsdale|249/302|[from] move: Pain Split|[silent]\n|-sethp|p2a: Weezing|97/100|[from] move: Pain Split\n|move|p1a: Mudsdale|Heavy Slam|p2a: Weezing\n|-damage|p2a: Weezing|67/100\n|\n|-heal|p2a: Weezing|73/100|[from] item: Leftovers\n|-heal|p1a: Mudsdale|267/302|[from] item: Leftovers\n|upkeep\n|turn|4\n|inactive|Time left: 300 sec this turn | 300 sec total\n|\n|t:|1783562121\n|move|p2a: Weezing|Fire Blast|p1a: Mudsdale\n|-damage|p1a: Mudsdale|182/302\n|-ability|p1a: Mudsdale|Stamina|boost\n|-boost|p1a: Mudsdale|def|1\n|move|p1a: Mudsdale|Heavy Slam|p2a: Weezing\n|-crit|p2a: Weezing\n|-damage|p2a: Weezing|30/100\n|\n|-heal|p2a: Weezing|36/100|[from] item: Leftovers\n|-heal|p1a: Mudsdale|200/302|[from] item: Leftovers\n|upkeep\n|turn|5\n|inactive|Time left: 300 sec this turn | 300 sec total\n|\n|t:|1783562122\n|move|p2a: Weezing|Pain Split|p1a: Mudsdale\n|-sethp|p1a: Mudsdale|145/302|[from] move: Pain Split|[silent]\n|-sethp|p2a: Weezing|57/100|[from] move: Pain Split\n|move|p1a: Mudsdale|Heavy Slam|p2a: Weezing\n|-damage|p2a: Weezing|28/100\n|\n|-heal|p2a: Weezing|34/100|[from] item: Leftovers\n|-heal|p1a: Mudsdale|163/302|[from] item: Leftovers\n|upkeep\n|turn|6\n|inactive|Time left: 300 sec this turn | 300 sec total\n|\n|t:|1783562123\n|move|p2a: Weezing|Pain Split|p1a: Mudsdale\n|-sethp|p1a: Mudsdale|124/302|[from] move: Pain Split|[silent]\n|-sethp|p2a: Weezing|49/100|[from] move: Pain Split\n|move|p1a: Mudsdale|Heavy Slam|p2a: Weezing\n|-damage|p2a: Weezing|18/100\n|\n|-heal|p2a: Weezing|25/100|[from] item: Leftovers\n|-heal|p1a: Mudsdale|142/302|[from] item: Leftovers\n|upkeep\n|turn|7\n|inactive|Time left: 300 sec this turn | 300 sec total\n|\n|t:|1783562124\n|move|p2a: Weezing|Pain Split|p1a: Mudsdale\n|-sethp|p1a: Mudsdale|102/302|[from] move: Pain Split|[silent]\n|-sethp|p2a: Weezing|40/100|[from] move: Pain Split\n|move|p1a: Mudsdale|Heavy Slam|p2a: Weezing\n|-damage|p2a: Weezing|12/100\n|\n|-heal|p2a: Weezing|18/100|[from] item: Leftovers\n|-heal|p1a: Mudsdale|120/302|[from] item: Leftovers\n|upkeep\n|turn|8\n|inactive|Time left: 300 sec this turn | 300 sec total\n|\n|t:|1783562124\n|move|p2a: Weezing|Pain Split|p1a: Mudsdale\n|-sethp|p1a: Mudsdale|82/302|[from] move: Pain Split|[silent]\n|-sethp|p2a: Weezing|32/100|[from] move: Pain Split\n|move|p1a: Mudsdale|Heavy Slam|p2a: Weezing\n|-damage|p2a: Weezing|2/100\n|\n|-heal|p2a: Weezing|8/100|[from] item: Leftovers\n|-heal|p1a: Mudsdale|100/302|[from] item: Leftovers\n|upkeep\n|turn|9\n|inactive|Time left: 300 sec this turn | 300 sec total\n|\n|t:|1783562125\n|move|p2a: Weezing|Pain Split|p1a: Mudsdale\n|-sethp|p1a: Mudsdale|60/302|[from] move: Pain Split|[silent]\n|-sethp|p2a: Weezing|24/100|[from] move: Pain Split\n|move|p1a: Mudsdale|Heavy Slam|p2a: Weezing\n|-damage|p2a: Weezing|0 fnt\n|faint|p2a: Weezing\n|\n|-heal|p1a: Mudsdale|78/302|[from] item: Leftovers\n|upkeep\n|\n|t:|1783562126\n|switch|p2a: Volcanion|Volcanion, L79|100/100\n|turn|10\n|inactive|Time left: 300 sec this turn | 300 sec total\n|\n|t:|1783562127\n|move|p2a: Volcanion|Steam Eruption|p1a: Mudsdale\n|-supereffective|p1a: Mudsdale\n|-damage|p1a: Mudsdale|0 fnt\n|faint|p1a: Mudsdale\n|\n|upkeep\n|inactive|Time left: 300 sec this turn | 300 sec total | 5 sec grace\n|\n|t:|1783562128\n|switch|p1a: Rampardos|Rampardos, L90, M|321/321\n|-status|p1a: Rampardos|tox\n|turn|11\n|inactive|Time left: 300 sec this turn | 300 sec total\n|\n|t:|1783562129\n|-terastallize|p2a: Volcanion|Water\n|move|p2a: Volcanion|Steam Eruption|p1a: Rampardos\n|-supereffective|p1a: Rampardos\n|-damage|p1a: Rampardos|0 fnt\n|faint|p1a: Rampardos\n|\n|upkeep\n|inactive|Time left: 300 sec this turn | 300 sec total | 5 sec grace\n|\n|t:|1783562130\n|switch|p1a: Iron Bundle|Iron Bundle, L78|215/215\n|-status|p1a: Iron Bundle|tox\n|turn|12\n|inactive|Time left: 300 sec this turn | 300 sec total\n|\n|t:|1783562131\n|switch|p2a: Ariados|Ariados, L95, F|100/100\n|move|p1a: Iron Bundle|Freeze-Dry|p2a: Ariados\n|-damage|p2a: Ariados|59/100\n|-status|p2a: Ariados|frz\n|\n|-damage|p1a: Iron Bundle|202/215 tox|[from] psn\n|upkeep\n|turn|13\n|inactive|Time left: 300 sec this turn | 300 sec total\n|\n|t:|1783562132\n|move|p1a: Iron Bundle|Freeze-Dry|p2a: Ariados\n|-damage|p2a: Ariados|15/100 frz\n|cant|p2a: Ariados|frz\n|\n|-damage|p1a: Iron Bundle|176/215 tox|[from] psn\n|upkeep\n|turn|14\n|inactive|Time left: 300 sec this turn | 300 sec total\n|\n|t:|1783562133\n|move|p1a: Iron Bundle|Freeze-Dry|p2a: Ariados\n|-damage|p2a: Ariados|0 fnt\n|faint|p2a: Ariados\n|\n|-damage|p1a: Iron Bundle|137/215 tox|[from] psn\n|upkeep\n|\n|t:|1783562134\n|switch|p2a: Darkrai|Darkrai, L77|100/100\n|-damage|p2a: Darkrai|88/100|[from] Stealth Rock\n|turn|15\n|inactive|Time left: 300 sec this turn | 300 sec total\n|\n|t:|1783562136\n|move|p1a: Iron Bundle|Freeze-Dry|p2a: Darkrai\n|-damage|p2a: Darkrai|36/100\n|move|p2a: Darkrai|Dark Pulse|p1a: Iron Bundle\n|-damage|p1a: Iron Bundle|0 fnt\n|faint|p1a: Iron Bundle\n|-end|p1a: Iron Bundle|Quark Drive|[silent]\n|-damage|p2a: Darkrai|26/100|[from] item: Life Orb\n|\n|upkeep\n|inactive|Time left: 300 sec this turn | 300 sec total | 5 sec grace\n|\n|t:|1783562137\n|switch|p1a: Corviknight|Corviknight, L80, F|288/288\n|-ability|p1a: Corviknight|Pressure\n|turn|16\n|inactive|Time left: 300 sec this turn | 300 sec total\n|\n|t:|1783562138\n|switch|p2a: Volcanion|Volcanion, L79, tera:Water|100/100\n|move|p1a: Corviknight|Brave Bird|p2a: Volcanion\n|-damage|p2a: Volcanion|64/100\n|-damage|p1a: Corviknight|257/288|[from] Recoil\n|\n|-heal|p1a: Corviknight|275/288|[from] item: Leftovers\n|upkeep\n|turn|17\n|inactive|Time left: 300 sec this turn | 300 sec total\n|\n|t:|1783562139\n|move|p2a: Volcanion|Steam Eruption|p1a: Corviknight|[miss]\n|-miss|p2a: Volcanion|p1a: Corviknight\n|move|p1a: Corviknight|Roost|p1a: Corviknight\n|-heal|p1a: Corviknight|288/288\n|-singleturn|p1a: Corviknight|move: Roost\n|\n|upkeep\n|turn|18\n|inactive|Time left: 300 sec this turn | 300 sec total\n|\n|t:|1783562140\n|move|p2a: Volcanion|Steam Eruption|p1a: Corviknight\n|-damage|p1a: Corviknight|102/288\n|move|p1a: Corviknight|Roost|p1a: Corviknight\n|-heal|p1a: Corviknight|246/288\n|-singleturn|p1a: Corviknight|move: Roost\n|\n|-heal|p1a: Corviknight|264/288|[from] item: Leftovers\n|upkeep\n|turn|19\n|inactive|Time left: 300 sec this turn | 300 sec total\n|\n|t:|1783562141\n|move|p2a: Volcanion|Steam Eruption|p1a: Corviknight\n|-damage|p1a: Corviknight|70/288\n|-status|p1a: Corviknight|brn\n|move|p1a: Corviknight|Brave Bird|p2a: Volcanion\n|-crit|p2a: Volcanion\n|-damage|p2a: Volcanion|37/100\n|-damage|p1a: Corviknight|47/288 brn|[from] Recoil\n|\n|-heal|p1a: Corviknight|65/288 brn|[from] item: Leftovers\n|-damage|p1a: Corviknight|47/288 brn|[from] brn\n|upkeep\n|turn|20\n|inactive|Time left: 300 sec this turn | 300 sec total\n|\n|t:|1783562142\n|move|p2a: Volcanion|Flamethrower|p1a: Corviknight\n|-supereffective|p1a: Corviknight\n|-damage|p1a: Corviknight|0 fnt\n|faint|p1a: Corviknight\n|\n|upkeep\n|inactive|Time left: 300 sec this turn | 300 sec total | 5 sec grace\n|\n|t:|1783562143\n|switch|p1a: Emboar|Emboar, L84, F|322/322\n|-status|p1a: Emboar|tox\n|turn|21\n|inactive|Time left: 300 sec this turn | 300 sec total\n|\n|t:|1783562144\n|switch|p2a: Darkrai|Darkrai, L77|26/100\n|-damage|p2a: Darkrai|13/100|[from] Stealth Rock\n|move|p1a: Emboar|Close Combat|p2a: Darkrai\n|-supereffective|p2a: Darkrai\n|-damage|p2a: Darkrai|0 fnt\n|-unboost|p1a: Emboar|def|1\n|-unboost|p1a: Emboar|spd|1\n|faint|p2a: Darkrai\n|\n|-damage|p1a: Emboar|302/322 tox|[from] psn\n|upkeep\n|\n|t:|1783562145\n|switch|p2a: Feraligatr|Feraligatr, L79, F|100/100\n|-damage|p2a: Feraligatr|88/100|[from] Stealth Rock\n|turn|22\n|inactive|Time left: 300 sec this turn | 300 sec total\n|\n|t:|1783562146\n|move|p2a: Feraligatr|Liquidation|p1a: Emboar\n|-supereffective|p1a: Emboar\n|-damage|p1a: Emboar|0 fnt\n|faint|p1a: Emboar\n|\n|upkeep\n|inactive|Time left: 300 sec this turn | 300 sec total | 5 sec grace\n|\n|t:|1783562147\n|switch|p1a: Hypno|Hypno, L95, F|315/315\n|-status|p1a: Hypno|tox\n|turn|23\n|inactive|Time left: 300 sec this turn | 300 sec total\n|\n|t:|1783562148\n|move|p1a: Hypno|Protect|p1a: Hypno\n|-singleturn|p1a: Hypno|Protect\n|move|p2a: Feraligatr|Liquidation|p1a: Hypno\n|-activate|p1a: Hypno|move: Protect\n|\n|-damage|p1a: Hypno|296/315 tox|[from] psn\n|upkeep\n|turn|24\n|inactive|Time left: 300 sec this turn | 300 sec total\n|\n|t:|1783562149\n|move|p1a: Hypno|Focus Blast|p2a: Feraligatr\n|-damage|p2a: Feraligatr|51/100\n|move|p2a: Feraligatr|Liquidation|p1a: Hypno\n|-damage|p1a: Hypno|143/315 tox\n|\n|-heal|p1a: Hypno|162/315 tox|[from] item: Leftovers\n|-damage|p1a: Hypno|124/315 tox|[from] psn\n|upkeep\n|turn|25\n|inactive|Time left: 300 sec this turn | 300 sec total\n|\n|t:|1783562150\n|-terastallize|p1a: Hypno|Dark\n|move|p1a: Hypno|Psychic Noise|p2a: Feraligatr\n|-damage|p2a: Feraligatr|19/100\n|-start|p2a: Feraligatr|move: Heal Block\n|move|p2a: Feraligatr|Liquidation|p1a: Hypno\n|-damage|p1a: Hypno|0 fnt\n|faint|p1a: Hypno\n|\n|win|p0y19118045", "uploadtime": 1783562150, "views": 0, "rating": 0, "private": 0, "password": null, "_winner": "p0y19118045", "_our_name": "p0x1911f4ce"}