{"id": "battle-gen9randombattle-167", "formatid": "gen9randombattle", "format": "[Gen 9] Random Battle", "players": ["p0x167a764", "p0y167edcd"], "log": "|init|battle\n|title|p0x167a764 vs. p0y167edcd\n|j|\u2606p0x167a764\n|j|\u2606p0y167edcd\n|t:|1783541518\n|gametype|singles\n|player|p1|p0x167a764|266|\n|player|p2|p0y167edcd|2|\n|gen|9\n|tier|[Gen 9] Random Battle\n|rule|Species Clause: Limit one of each Pok\u00e9mon\n|rule|HP Percentage Mod: HP is shown in percentages\n|rule|Sleep Clause Mod: Limit one foe put to sleep\n|rule|Illusion Level Mod: Illusion disguises the Pok\u00e9mon's true level\n|\n|t:|1783541518\n|teamsize|p1|6\n|teamsize|p2|6\n|start\n|switch|p1a: Ursaluna|Ursaluna, L79, F|100/100\n|switch|p2a: Miraidon|Miraidon, L65|238/238\n|-fieldstart|move: Electric Terrain|[from] ability: Hadron Engine|[of] p2a: Miraidon\n|turn|1\n|inactive|Battle timer is ON: inactive players will automatically lose when time's up. (requested by p0x167a764)\n|inactive|Time left: 300 sec this turn | 300 sec total | 60 sec grace\n|inactive|p0y167edcd also wants the timer to be on.\n|\n|t:|1783541519\n|move|p2a: Miraidon|Draco Meteor|p1a: Ursaluna\n|-damage|p1a: Ursaluna|20/100\n|-unboost|p2a: Miraidon|spa|2\n|move|p1a: Ursaluna|Headlong Rush|p2a: Miraidon\n|-supereffective|p2a: Miraidon\n|-damage|p2a: Miraidon|0 fnt\n|-unboost|p1a: Ursaluna|def|1\n|-unboost|p1a: Ursaluna|spd|1\n|faint|p2a: Miraidon\n|\n|-status|p1a: Ursaluna|brn|[from] item: Flame Orb\n|upkeep\n|inactive|Time left: 300 sec this turn | 300 sec total | 65 sec grace\n|\n|t:|1783541520\n|switch|p2a: Rabsca|Rabsca, L91, F|284/284\n|turn|2\n|inactive|Time left: 300 sec this turn | 300 sec total\n|\n|t:|1783541522\n|switch|p1a: Sylveon|Sylveon, L85, M|100/100\n|move|p2a: Rabsca|Psychic|p1a: Sylveon\n|-damage|p1a: Sylveon|68/100\n|-unboost|p1a: Sylveon|spd|1\n|\n|-heal|p1a: Sylveon|74/100|[from] item: Leftovers\n|upkeep\n|turn|3\n|inactive|Time left: 300 sec this turn | 300 sec total\n|\n|t:|1783541523\n|move|p1a: Sylveon|Calm Mind|p1a: Sylveon\n|-boost|p1a: Sylveon|spa|1\n|-boost|p1a: Sylveon|spd|1\n|move|p2a: Rabsca|Psychic|p1a: Sylveon\n|-damage|p1a: Sylveon|42/100\n|\n|-heal|p1a: Sylveon|48/100|[from] item: Leftovers\n|upkeep\n|turn|4\n|inactive|Time left: 300 sec this turn | 300 sec total\n|\n|t:|1783541524\n|switch|p2a: Iron Treads|Iron Treads, L77|265/265\n|-activate|p2a: Iron Treads|ability: Quark Drive\n|-start|p2a: Iron Treads|quarkdrivedef\n|move|p1a: Sylveon|Hyper Voice|p2a: Iron Treads\n|-resisted|p2a: Iron Treads\n|-damage|p2a: Iron Treads|176/265\n|\n|-heal|p1a: Sylveon|54/100|[from] item: Leftovers\n|upkeep\n|turn|5\n|inactive|Time left: 300 sec this turn | 300 sec total\n|\n|t:|1783541525\n|move|p1a: Sylveon|Protect|p1a: Sylveon\n|-singleturn|p1a: Sylveon|Protect\n|move|p2a: Iron Treads|Iron Head|p1a: Sylveon\n|-activate|p1a: Sylveon|move: Protect\n|\n|-heal|p1a: Sylveon|60/100|[from] item: Leftovers\n|-fieldend|move: Electric Terrain\n|-end|p2a: Iron Treads|Quark Drive\n|upkeep\n|turn|6\n|inactive|Time left: 300 sec this turn | 300 sec total\n|\n|t:|1783541526\n|switch|p1a: Hawlucha|Hawlucha, L80, F|100/100\n|move|p2a: Iron Treads|Iron Head|p1a: Hawlucha\n|-damage|p1a: Hawlucha|66/100\n|\n|upkeep\n|turn|7\n|inactive|Time left: 300 sec this turn | 300 sec total\n|\n|t:|1783541527\n|-end|p2a: Iron Treads|Quark Drive|[silent]\n|switch|p2a: Rabsca|Rabsca, L91, F|284/284\n|move|p1a: Hawlucha|Close Combat|p2a: Rabsca\n|-resisted|p2a: Rabsca\n|-damage|p2a: Rabsca|259/284\n|-unboost|p1a: Hawlucha|def|1\n|-unboost|p1a: Hawlucha|spd|1\n|-enditem|p1a: Hawlucha|White Herb\n|-clearnegativeboost|p1a: Hawlucha|[silent]\n|\n|upkeep\n|turn|8\n|inactive|Time left: 300 sec this turn | 300 sec total\n|\n|t:|1783541528\n|move|p1a: Hawlucha|Brave Bird|p2a: Rabsca\n|-supereffective|p2a: Rabsca\n|-damage|p2a: Rabsca|49/284\n|-damage|p1a: Hawlucha|39/100|[from] Recoil\n|move|p2a: Rabsca|Psychic|p1a: Hawlucha\n|-supereffective|p1a: Hawlucha\n|-damage|p1a: Hawlucha|0 fnt\n|faint|p1a: Hawlucha\n|\n|upkeep\n|\n|t:|1783541529\n|switch|p1a: Rampardos|Rampardos, L90, F|100/100\n|turn|9\n|inactive|Time left: 300 sec this turn | 300 sec total\n|\n|t:|1783541530\n|switch|p2a: Quagsire|Quagsire, L84, F|297/297\n|move|p1a: Rampardos|Fire Punch|p2a: Quagsire\n|-resisted|p2a: Quagsire\n|-damage|p2a: Quagsire|218/297\n|\n|-heal|p2a: Quagsire|236/297|[from] item: Leftovers\n|upkeep\n|turn|10\n|inactive|Time left: 300 sec this turn | 300 sec total\n|\n|t:|1783541532\n|move|p1a: Rampardos|Earthquake|p2a: Quagsire\n|-damage|p2a: Quagsire|76/297\n|-damage|p1a: Rampardos|91/100|[from] item: Life Orb\n|move|p2a: Quagsire|Earthquake|p1a: Rampardos\n|-supereffective|p1a: Rampardos\n|-damage|p1a: Rampardos|14/100\n|\n|-heal|p2a: Quagsire|94/297|[from] item: Leftovers\n|upkeep\n|turn|11\n|inactive|Time left: 300 sec this turn | 300 sec total\n|\n|t:|1783541533\n|move|p1a: Rampardos|Earthquake|p2a: Quagsire\n|-damage|p2a: Quagsire|0 fnt\n|faint|p2a: Quagsire\n|-damage|p1a: Rampardos|4/100|[from] item: Life Orb\n|\n|upkeep\n|inactive|Time left: 300 sec this turn | 300 sec total | 5 sec grace\n|\n|t:|1783541534\n|switch|p2a: Iron Treads|Iron Treads, L77|176/265\n|turn|12\n|inactive|Time left: 300 sec this turn | 300 sec total\n|\n|t:|1783541535\n|switch|p1a: Rabsca|Rabsca, L91, F|100/100\n|move|p2a: Iron Treads|Rapid Spin|p1a: Rabsca\n|-damage|p1a: Rabsca|88/100\n|-boost|p2a: Iron Treads|spe|1\n|\n|upkeep\n|turn|13\n|inactive|Time left: 300 sec this turn | 300 sec total\n|\n|t:|1783541536\n|move|p2a: Iron Treads|Iron Head|p1a: Rabsca\n|-damage|p1a: Rabsca|64/100\n|cant|p1a: Rabsca|flinch\n|\n|upkeep\n|turn|14\n|inactive|Time left: 300 sec this turn | 300 sec total\n|\n|t:|1783541537\n|move|p2a: Iron Treads|Iron Head|p1a: Rabsca\n|-damage|p1a: Rabsca|36/100\n|cant|p1a: Rabsca|flinch\n|\n|upkeep\n|turn|15\n|inactive|Time left: 300 sec this turn | 300 sec total\n|\n|t:|1783541538\n|move|p2a: Iron Treads|Iron Head|p1a: Rabsca\n|-damage|p1a: Rabsca|8/100\n|cant|p1a: Rabsca|flinch\n|\n|upkeep\n|turn|16\n|inactive|Time left: 300 sec this turn | 300 sec total\n|\n|t:|1783541539\n|switch|p1a: Cyclizar|Cyclizar, L84, M|100/100\n|move|p2a: Iron Treads|Iron Head|p1a: Cyclizar\n|-damage|p1a: Cyclizar|63/100\n|\n|upkeep\n|turn|17\n|inactive|Time left: 300 sec this turn | 300 sec total\n|\n|t:|1783541540\n|switch|p1a: Rabsca|Rabsca, L91, F|8/100\n|move|p2a: Iron Treads|Iron Head|p1a: Rabsca\n|-damage|p1a: Rabsca|0 fnt\n|faint|p1a: Rabsca\n|\n|upkeep\n|\n|t:|1783541541\n|switch|p1a: Sylveon|Sylveon, L85, M|60/100\n|turn|18\n|inactive|Time left: 300 sec this turn | 300 sec total\n|\n|t:|1783541542\n|move|p1a: Sylveon|Protect|p1a: Sylveon\n|-singleturn|p1a: Sylveon|Protect\n|move|p2a: Iron Treads|Iron Head|p1a: Sylveon\n|-activate|p1a: Sylveon|move: Protect\n|\n|-heal|p1a: Sylveon|66/100|[from] item: Leftovers\n|upkeep\n|turn|19\n|inactive|Time left: 300 sec this turn | 300 sec total\n|\n|t:|1783541543\n|move|p2a: Iron Treads|Iron Head|p1a: Sylveon\n|-supereffective|p1a: Sylveon\n|-damage|p1a: Sylveon|0 fnt\n|faint|p1a: Sylveon\n|\n|upkeep\n|\n|t:|1783541544\n|switch|p1a: Cyclizar|Cyclizar, L84, M|96/100\n|turn|20\n|inactive|Time left: 300 sec this turn | 300 sec total\n|\n|t:|1783541545\n|move|p2a: Iron Treads|Earthquake|p1a: Cyclizar\n|-damage|p1a: Cyclizar|48/100\n|move|p1a: Cyclizar|Rapid Spin|p2a: Iron Treads\n|-resisted|p2a: Iron Treads\n|-damage|p2a: Iron Treads|153/265\n|-boost|p1a: Cyclizar|spe|1\n|\n|upkeep\n|turn|21\n|inactive|Time left: 300 sec this turn | 300 sec total\n|\n|t:|1783541546\n|switch|p1a: Rampardos|Rampardos, L90, F|4/100\n|move|p2a: Iron Treads|Earthquake|p1a: Rampardos\n|-supereffective|p1a: Rampardos\n|-damage|p1a: Rampardos|0 fnt\n|faint|p1a: Rampardos\n|\n|upkeep\n|\n|t:|1783541547\n|switch|p1a: Cyclizar|Cyclizar, L84, M|81/100\n|turn|22\n|inactive|Time left: 300 sec this turn | 300 sec total\n|\n|t:|1783541548\n|move|p2a: Iron Treads|Earthquake|p1a: Cyclizar\n|-damage|p1a: Cyclizar|36/100\n|move|p1a: Cyclizar|Rapid Spin|p2a: Iron Treads\n|-resisted|p2a: Iron Treads\n|-damage|p2a: Iron Treads|131/265\n|-boost|p1a: Cyclizar|spe|1\n|\n|upkeep\n|turn|23\n|inactive|Time left: 300 sec this turn | 300 sec total\n|\n|t:|1783541549\n|switch|p1a: Ursaluna|Ursaluna, L79, F|20/100 brn\n|move|p2a: Iron Treads|Earthquake|p1a: Ursaluna\n|-damage|p1a: Ursaluna|0 fnt\n|faint|p1a: Ursaluna\n|\n|upkeep\n|\n|t:|1783541550\n|switch|p1a: Cyclizar|Cyclizar, L84, M|70/100\n|turn|24\n|inactive|Time left: 300 sec this turn | 300 sec total\n|\n|t:|1783541551\n|move|p2a: Iron Treads|Earthquake|p1a: Cyclizar\n|-damage|p1a: Cyclizar|18/100\n|move|p1a: Cyclizar|Rapid Spin|p2a: Iron Treads\n|-resisted|p2a: Iron Treads\n|-damage|p2a: Iron Treads|107/265\n|-boost|p1a: Cyclizar|spe|1\n|\n|upkeep\n|turn|25\n|inactive|Time left: 300 sec this turn | 300 sec total\n|\n|t:|1783541553\n|move|p1a: Cyclizar|Draco Meteor|p2a: Iron Treads\n|-resisted|p2a: Iron Treads\n|-damage|p2a: Iron Treads|49/265\n|-unboost|p1a: Cyclizar|spa|2\n|move|p2a: Iron Treads|Iron Head|p1a: Cyclizar\n|-damage|p1a: Cyclizar|0 fnt\n|faint|p1a: Cyclizar\n|\n|win|p0y167edcd", "uploadtime": 1783541553, "views": 0, "rating": 0, "private": 0, "password": null, "_winner": "p0y167edcd", "_our_name": "p0y167edcd"}