{"id": "battle-gen9randombattle-803", "formatid": "gen9randombattle", "format": "[Gen 9] Random Battle", "players": ["p0x803cf42", "p0y803b7cc"], "log": "|init|battle\n|title|p0x803cf42 vs. p0y803b7cc\n|j|\u2606p0x803cf42\n|j|\u2606p0y803b7cc\n|t:|1783549204\n|gametype|singles\n|player|p1|p0x803cf42|101|\n|player|p2|p0y803b7cc|266|\n|gen|9\n|tier|[Gen 9] Random Battle\n|rule|Species Clause: Limit one of each Pok\u00e9mon\n|rule|HP Percentage Mod: HP is shown in percentages\n|rule|Sleep Clause Mod: Limit one foe put to sleep\n|rule|Illusion Level Mod: Illusion disguises the Pok\u00e9mon's true level\n|\n|t:|1783549204\n|teamsize|p1|6\n|teamsize|p2|6\n|start\n|switch|p1a: Arcanine|Arcanine-Hisui, L79, F|100/100\n|switch|p2a: Veluza|Veluza, L85, F, shiny|292/292\n|turn|1\n|inactive|Battle timer is ON: inactive players will automatically lose when time's up. (requested by p0y803b7cc)\n|inactive|p0x803cf42 also wants the timer to be on.\n|\n|t:|1783549206\n|move|p1a: Arcanine|Head Smash|p2a: Veluza\n|-crit|p2a: Veluza\n|-damage|p2a: Veluza|0 fnt\n|faint|p2a: Veluza\n|\n|upkeep\n|inactive|Time left: 300 sec this turn | 300 sec total | 65 sec grace\n|\n|t:|1783549207\n|switch|p2a: Okidogi|Okidogi, L77, M|262/262\n|turn|2\n|inactive|Time left: 300 sec this turn | 300 sec total\n|\n|t:|1783549208\n|move|p1a: Arcanine|Head Smash|p2a: Okidogi\n|-resisted|p2a: Okidogi\n|-crit|p2a: Okidogi\n|-damage|p2a: Okidogi|105/262\n|move|p2a: Okidogi|Drain Punch|p1a: Arcanine\n|-supereffective|p1a: Arcanine\n|-damage|p1a: Arcanine|30/100\n|-heal|p2a: Okidogi|204/262|[from] drain|[of] p1a: Arcanine\n|\n|upkeep\n|turn|3\n|inactive|Time left: 300 sec this turn | 300 sec total\n|\n|t:|1783549209\n|move|p1a: Arcanine|Head Smash|p2a: Okidogi\n|-resisted|p2a: Okidogi\n|-damage|p2a: Okidogi|106/262\n|move|p2a: Okidogi|Drain Punch|p1a: Arcanine\n|-supereffective|p1a: Arcanine\n|-damage|p1a: Arcanine|0 fnt\n|-heal|p2a: Okidogi|147/262|[from] drain|[of] p1a: Arcanine\n|faint|p1a: Arcanine\n|\n|upkeep\n|\n|t:|1783549210\n|switch|p1a: Kyogre|Kyogre, L71|100/100\n|-weather|RainDance|[from] ability: Drizzle|[of] p1a: Kyogre\n|turn|4\n|inactive|Time left: 300 sec this turn | 300 sec total\n|\n|t:|1783549211\n|switch|p2a: Samurott|Samurott, L88, M|310/310\n|move|p1a: Kyogre|Water Spout|p2a: Samurott\n|-resisted|p2a: Samurott\n|-damage|p2a: Samurott|211/310\n|\n|-weather|RainDance|[upkeep]\n|upkeep\n|turn|5\n|inactive|Time left: 300 sec this turn | 300 sec total\n|\n|t:|1783549212\n|move|p1a: Kyogre|Water Spout|p2a: Samurott\n|-resisted|p2a: Samurott\n|-damage|p2a: Samurott|120/310\n|move|p2a: Samurott|Sacred Sword|p1a: Kyogre\n|-damage|p1a: Kyogre|68/100\n|\n|-weather|RainDance|[upkeep]\n|upkeep\n|turn|6\n|inactive|Time left: 300 sec this turn | 300 sec total\n|\n|t:|1783549213\n|move|p1a: Kyogre|Water Spout|p2a: Samurott\n|-resisted|p2a: Samurott\n|-damage|p2a: Samurott|54/310\n|move|p2a: Samurott|Hydro Pump|p1a: Kyogre|[miss]\n|-miss|p2a: Samurott|p1a: Kyogre\n|\n|-weather|RainDance|[upkeep]\n|upkeep\n|turn|7\n|inactive|Time left: 300 sec this turn | 300 sec total\n|\n|t:|1783549214\n|switch|p2a: Hariyama|Hariyama, L87, F|392/392\n|move|p1a: Kyogre|Water Spout|p2a: Hariyama\n|-damage|p2a: Hariyama|248/392\n|\n|-weather|RainDance|[upkeep]\n|upkeep\n|turn|8\n|inactive|Time left: 300 sec this turn | 300 sec total\n|\n|t:|1783549215\n|switch|p1a: Rotom|Rotom-Fan, L86|100/100\n|move|p2a: Hariyama|Close Combat|p1a: Rotom\n|-resisted|p1a: Rotom\n|-damage|p1a: Rotom|70/100\n|-unboost|p2a: Hariyama|def|1\n|-unboost|p2a: Hariyama|spd|1\n|\n|-weather|none\n|upkeep\n|turn|9\n|inactive|Time left: 300 sec this turn | 300 sec total\n|\n|t:|1783549216\n|move|p1a: Rotom|Nasty Plot|p1a: Rotom\n|-boost|p1a: Rotom|spa|2\n|move|p2a: Hariyama|Knock Off|p1a: Rotom\n|-damage|p1a: Rotom|39/100\n|-enditem|p1a: Rotom|Heavy-Duty Boots|[from] move: Knock Off|[of] p2a: Hariyama\n|\n|upkeep\n|turn|10\n|inactive|Time left: 300 sec this turn | 300 sec total\n|\n|t:|1783549217\n|switch|p2a: Samurott|Samurott, L88, M|54/310\n|move|p1a: Rotom|Thunderbolt|p2a: Samurott\n|-supereffective|p2a: Samurott\n|-damage|p2a: Samurott|0 fnt\n|faint|p2a: Samurott\n|\n|upkeep\n|inactive|Time left: 300 sec this turn | 300 sec total | 5 sec grace\n|\n|t:|1783549218\n|switch|p2a: Hariyama|Hariyama, L87, F|248/392\n|turn|11\n|inactive|Time left: 300 sec this turn | 300 sec total\n|\n|t:|1783549219\n|-terastallize|p2a: Hariyama|Steel\n|move|p1a: Rotom|Air Slash|p2a: Hariyama\n|-resisted|p2a: Hariyama\n|-damage|p2a: Hariyama|176/392\n|move|p2a: Hariyama|Stone Edge|p1a: Rotom\n|-supereffective|p1a: Rotom\n|-damage|p1a: Rotom|0 fnt\n|faint|p1a: Rotom\n|\n|upkeep\n|\n|t:|1783549220\n|switch|p1a: Swampert|Swampert, L83, M|100/100\n|turn|12\n|inactive|Time left: 300 sec this turn | 300 sec total\n|\n|t:|1783549221\n|switch|p2a: Spidops|Spidops, L96, M|271/271\n|move|p1a: Swampert|Earthquake|p2a: Spidops\n|-resisted|p2a: Spidops\n|-crit|p2a: Spidops\n|-damage|p2a: Spidops|194/271\n|\n|upkeep\n|turn|13\n|inactive|Time left: 300 sec this turn | 300 sec total\n|\n|t:|1783549222\n|switch|p1a: Diancie|Diancie, L82|100/100\n|move|p2a: Spidops|Sticky Web|p1a: Diancie\n|-sidestart|p1: p0x803cf42|move: Sticky Web\n|\n|upkeep\n|turn|14\n|inactive|Time left: 300 sec this turn | 300 sec total\n|\n|t:|1783549223\n|switch|p2a: Hariyama|Hariyama, L87, F, tera:Steel|176/392\n|move|p1a: Diancie|Diamond Storm|p2a: Hariyama\n|-resisted|p2a: Hariyama\n|-damage|p2a: Hariyama|105/392\n|\n|upkeep\n|turn|15\n|inactive|Time left: 300 sec this turn | 300 sec total\n|\n|t:|1783549224\n|switch|p1a: Kyogre|Kyogre, L71|68/100\n|-activate|p1a: Kyogre|move: Sticky Web\n|-unboost|p1a: Kyogre|spe|1\n|-weather|RainDance|[from] ability: Drizzle|[of] p1a: Kyogre\n|move|p2a: Hariyama|Heavy Slam|p1a: Kyogre\n|-resisted|p1a: Kyogre\n|-damage|p1a: Kyogre|55/100\n|\n|-weather|RainDance|[upkeep]\n|upkeep\n|turn|16\n|inactive|Time left: 300 sec this turn | 300 sec total\n|\n|t:|1783549225\n|move|p1a: Kyogre|Origin Pulse|p2a: Hariyama\n|-damage|p2a: Hariyama|0 fnt\n|faint|p2a: Hariyama\n|\n|-weather|RainDance|[upkeep]\n|upkeep\n|inactive|Time left: 300 sec this turn | 300 sec total | 5 sec grace\n|\n|t:|1783549226\n|switch|p2a: Okidogi|Okidogi, L77, M|147/262\n|turn|17\n|inactive|Time left: 300 sec this turn | 300 sec total\n|\n|t:|1783549227\n|-terastallize|p1a: Kyogre|Water\n|move|p2a: Okidogi|Gunk Shot|p1a: Kyogre\n|-damage|p1a: Kyogre|0 fnt\n|faint|p1a: Kyogre\n|\n|-weather|RainDance|[upkeep]\n|upkeep\n|\n|t:|1783549228\n|switch|p1a: Swampert|Swampert, L83, M|100/100\n|-activate|p1a: Swampert|move: Sticky Web\n|-unboost|p1a: Swampert|spe|1\n|turn|18\n|inactive|Time left: 300 sec this turn | 300 sec total\n|\n|t:|1783549229\n|switch|p2a: Spidops|Spidops, L96, M|194/271\n|move|p1a: Swampert|Earthquake|p2a: Spidops\n|-resisted|p2a: Spidops\n|-damage|p2a: Spidops|146/271\n|\n|-weather|RainDance|[upkeep]\n|upkeep\n|turn|19\n|inactive|Time left: 300 sec this turn | 300 sec total\n|\n|t:|1783549230\n|move|p2a: Spidops|Knock Off|p1a: Swampert\n|-damage|p1a: Swampert|74/100\n|-enditem|p1a: Swampert|Leftovers|[from] move: Knock Off|[of] p2a: Spidops\n|move|p1a: Swampert|Knock Off|p2a: Spidops\n|-damage|p2a: Spidops|88/271\n|-enditem|p2a: Spidops|Heavy-Duty Boots|[from] move: Knock Off|[of] p1a: Swampert\n|\n|-weather|none\n|upkeep\n|turn|20\n|inactive|Time left: 300 sec this turn | 300 sec total\n|\n|t:|1783549231\n|move|p2a: Spidops|Spikes|p1a: Swampert\n|-sidestart|p1: p0x803cf42|Spikes\n|move|p1a: Swampert|Ice Beam|p2a: Spidops\n|-damage|p2a: Spidops|36/271\n|\n|upkeep\n|turn|21\n|inactive|Time left: 300 sec this turn | 300 sec total\n|\n|t:|1783549233\n|move|p2a: Spidops|Spikes|p1a: Swampert\n|-sidestart|p1: p0x803cf42|Spikes\n|move|p1a: Swampert|Earthquake|p2a: Spidops\n|-resisted|p2a: Spidops\n|-damage|p2a: Spidops|0 fnt\n|faint|p2a: Spidops\n|\n|upkeep\n|inactive|Time left: 300 sec this turn | 300 sec total | 5 sec grace\n|\n|t:|1783549234\n|switch|p2a: Terapagos|Terapagos, L77, M|265/265\n|-activate|p2a: Terapagos|ability: Tera Shift\n|detailschange|p2a: Terapagos|Terapagos-Terastal, L77, M\n|-heal|p2a: Terapagos|273/273|[silent]\n|turn|22\n|inactive|Time left: 300 sec this turn | 300 sec total\n|\n|t:|1783549235\n|move|p2a: Terapagos|Tera Starstorm|p1a: Swampert\n|-damage|p1a: Swampert|35/100\n|move|p1a: Swampert|Earthquake|p2a: Terapagos\n|-activate|p2a: Terapagos|ability: Tera Shell\n|-resisted|p2a: Terapagos\n|-damage|p2a: Terapagos|216/273\n|\n|upkeep\n|turn|23\n|inactive|Time left: 300 sec this turn | 300 sec total\n|\n|t:|1783549236\n|move|p2a: Terapagos|Tera Starstorm|p1a: Swampert\n|-crit|p1a: Swampert\n|-damage|p1a: Swampert|0 fnt\n|faint|p1a: Swampert\n|\n|upkeep\n|\n|t:|1783549237\n|switch|p1a: Diancie|Diancie, L82|100/100\n|-activate|p1a: Diancie|move: Sticky Web\n|-fail|p1a: Diancie|unboost|[from] ability: Clear Body|[of] p1a: Diancie\n|-damage|p1a: Diancie|84/100|[from] Spikes\n|turn|24\n|inactive|Time left: 300 sec this turn | 300 sec total\n|\n|t:|1783549238\n|move|p2a: Terapagos|Calm Mind|p2a: Terapagos\n|-boost|p2a: Terapagos|spa|1\n|-boost|p2a: Terapagos|spd|1\n|move|p1a: Diancie|Diamond Storm|p2a: Terapagos\n|-damage|p2a: Terapagos|120/273\n|-boost|p1a: Diancie|def|2\n|\n|-heal|p1a: Diancie|90/100|[from] item: Leftovers\n|upkeep\n|turn|25\n|inactive|Time left: 300 sec this turn | 300 sec total\n|\n|t:|1783549239\n|move|p2a: Terapagos|Tera Starstorm|p1a: Diancie\n|-resisted|p1a: Diancie\n|-damage|p1a: Diancie|63/100\n|move|p1a: Diancie|Body Press|p2a: Terapagos\n|-supereffective|p2a: Terapagos\n|-damage|p2a: Terapagos|0 fnt\n|faint|p2a: Terapagos\n|\n|-heal|p1a: Diancie|69/100|[from] item: Leftovers\n|upkeep\n|inactive|Time left: 300 sec this turn | 300 sec total | 5 sec grace\n|\n|t:|1783549240\n|switch|p2a: Okidogi|Okidogi, L77, M|147/262\n|turn|26\n|inactive|Time left: 300 sec this turn | 300 sec total\n|\n|t:|1783549241\n|move|p2a: Okidogi|Gunk Shot|p1a: Diancie\n|-crit|p1a: Diancie\n|-damage|p1a: Diancie|7/100\n|move|p1a: Diancie|Moonblast|p2a: Okidogi\n|-damage|p2a: Okidogi|68/262\n|\n|-heal|p1a: Diancie|13/100|[from] item: Leftovers\n|upkeep\n|turn|27\n|inactive|Time left: 300 sec this turn | 300 sec total\n|\n|t:|1783549242\n|move|p2a: Okidogi|Drain Punch|p1a: Diancie\n|-damage|p1a: Diancie|0 fnt\n|-heal|p2a: Okidogi|81/262|[from] drain|[of] p1a: Diancie\n|faint|p1a: Diancie\n|\n|upkeep\n|\n|t:|1783549243\n|switch|p1a: Scovillain|Scovillain, L91, F|100/100\n|-activate|p1a: Scovillain|move: Sticky Web\n|-unboost|p1a: Scovillain|spe|1\n|-damage|p1a: Scovillain|84/100|[from] Spikes\n|turn|28\n|inactive|Time left: 300 sec this turn | 300 sec total\n|\n|t:|1783549244\n|move|p2a: Okidogi|Gunk Shot|p1a: Scovillain\n|-supereffective|p1a: Scovillain\n|-crit|p1a: Scovillain\n|-damage|p1a: Scovillain|0 fnt\n|faint|p1a: Scovillain\n|\n|win|p0y803b7cc", "uploadtime": 1783549244, "views": 0, "rating": 0, "private": 0, "password": null, "_winner": "p0y803b7cc", "_our_name": "p0y803b7cc"}