{"id": "battle-gen9randombattle-673", "formatid": "gen9randombattle", "format": "[Gen 9] Random Battle", "players": ["p0x673ec21", "p0y673654e"], "log": "|init|battle\n|title|p0x673ec21 vs. p0y673654e\n|j|\u2606p0x673ec21\n|j|\u2606p0y673654e\n|t:|1783547632\n|gametype|singles\n|player|p1|p0x673ec21|265|\n|player|p2|p0y673654e|265|\n|gen|9\n|tier|[Gen 9] Random Battle\n|rule|Species Clause: Limit one of each Pok\u00e9mon\n|rule|HP Percentage Mod: HP is shown in percentages\n|rule|Sleep Clause Mod: Limit one foe put to sleep\n|rule|Illusion Level Mod: Illusion disguises the Pok\u00e9mon's true level\n|\n|t:|1783547632\n|teamsize|p1|6\n|teamsize|p2|6\n|start\n|switch|p1a: Zangoose|Zangoose, L85, F|100/100\n|switch|p2a: Flamigo|Flamigo, L82, F|269/269\n|turn|1\n|inactive|Battle timer is ON: inactive players will automatically lose when time's up. (requested by p0y673654e)\n|inactive|p0x673ec21 also wants the timer to be on.\n|\n|t:|1783547633\n|switch|p1a: Reuniclus|Reuniclus, L88, M|100/100\n|move|p2a: Flamigo|Close Combat|p1a: Reuniclus\n|-resisted|p1a: Reuniclus\n|-damage|p1a: Reuniclus|75/100\n|-unboost|p2a: Flamigo|def|1\n|-unboost|p2a: Flamigo|spd|1\n|-damage|p2a: Flamigo|243/269|[from] item: Life Orb\n|\n|upkeep\n|turn|2\n|inactive|Time left: 300 sec this turn | 300 sec total\n|\n|t:|1783547635\n|switch|p2a: Polteageist|Polteageist, L78|222/222\n|move|p1a: Reuniclus|Psychic|p2a: Polteageist\n|-damage|p2a: Polteageist|76/222\n|-start|p1a: Reuniclus|Disable|Psychic|[from] ability: Cursed Body|[of] p2a: Polteageist\n|\n|upkeep\n|turn|3\n|inactive|Time left: 300 sec this turn | 300 sec total\n|\n|t:|1783547636\n|move|p2a: Polteageist|Strength Sap|p1a: Reuniclus\n|-unboost|p1a: Reuniclus|atk|1\n|-heal|p2a: Polteageist|195/222\n|move|p1a: Reuniclus|Recover|p1a: Reuniclus\n|-heal|p1a: Reuniclus|100/100\n|\n|upkeep\n|turn|4\n|inactive|Time left: 300 sec this turn | 300 sec total\n|\n|t:|1783547637\n|switch|p1a: Sandslash|Sandslash-Alola, L88, F|100/100\n|move|p2a: Polteageist|Shell Smash|p2a: Polteageist\n|-unboost|p2a: Polteageist|def|1\n|-unboost|p2a: Polteageist|spd|1\n|-boost|p2a: Polteageist|atk|2\n|-boost|p2a: Polteageist|spa|2\n|-boost|p2a: Polteageist|spe|2\n|-enditem|p2a: Polteageist|White Herb\n|-clearnegativeboost|p2a: Polteageist|[silent]\n|\n|upkeep\n|turn|5\n|inactive|Time left: 300 sec this turn | 300 sec total\n|\n|t:|1783547638\n|move|p2a: Polteageist|Shadow Ball|p1a: Sandslash\n|-damage|p1a: Sandslash|20/100\n|move|p1a: Sandslash|Triple Axel|p2a: Polteageist\n|-damage|p2a: Polteageist|155/222\n|-start|p1a: Sandslash|Disable|Triple Axel|[from] ability: Cursed Body|[of] p2a: Polteageist\n|-damage|p2a: Polteageist|76/222\n|-crit|p2a: Polteageist\n|-damage|p2a: Polteageist|0 fnt\n|faint|p2a: Polteageist\n|-hitcount|p2: Polteageist|3\n|-damage|p1a: Sandslash|11/100|[from] item: Life Orb\n|\n|upkeep\n|inactive|Time left: 300 sec this turn | 300 sec total | 5 sec grace\n|\n|t:|1783547639\n|switch|p2a: Flamigo|Flamigo, L82, F|243/269\n|turn|6\n|inactive|Time left: 300 sec this turn | 300 sec total\n|\n|t:|1783547640\n|switch|p1a: Zangoose|Zangoose, L85, F|100/100\n|move|p2a: Flamigo|Brave Bird|p1a: Zangoose\n|-damage|p1a: Zangoose|15/100\n|-damage|p2a: Flamigo|168/269|[from] Recoil\n|-damage|p2a: Flamigo|142/269|[from] item: Life Orb\n|\n|-status|p1a: Zangoose|tox|[from] item: Toxic Orb\n|upkeep\n|turn|7\n|inactive|Time left: 300 sec this turn | 300 sec total\n|\n|t:|1783547641\n|move|p1a: Zangoose|Facade|p2a: Flamigo\n|-damage|p2a: Flamigo|0 fnt\n|faint|p2a: Flamigo\n|\n|-damage|p1a: Zangoose|8/100 tox|[from] psn\n|upkeep\n|inactive|Time left: 300 sec this turn | 300 sec total | 5 sec grace\n|\n|t:|1783547642\n|switch|p2a: Raichu|Raichu-Alola, L87, M|246/246\n|turn|8\n|inactive|Time left: 300 sec this turn | 300 sec total\n|\n|t:|1783547643\n|switch|p1a: Uxie|Uxie, L83|100/100\n|move|p2a: Raichu|Thunderbolt|p1a: Uxie\n|-damage|p1a: Uxie|66/100\n|-damage|p2a: Raichu|222/246|[from] item: Life Orb\n|\n|-heal|p1a: Uxie|72/100|[from] item: Leftovers\n|upkeep\n|turn|9\n|inactive|Time left: 300 sec this turn | 300 sec total\n|\n|t:|1783547644\n|move|p2a: Raichu|Nasty Plot|p2a: Raichu\n|-boost|p2a: Raichu|spa|2\n|move|p1a: Uxie|Knock Off|p2a: Raichu\n|-supereffective|p2a: Raichu\n|-damage|p2a: Raichu|58/246\n|-enditem|p2a: Raichu|Life Orb|[from] move: Knock Off|[of] p1a: Uxie\n|\n|-heal|p1a: Uxie|78/100|[from] item: Leftovers\n|upkeep\n|turn|10\n|inactive|Time left: 300 sec this turn | 300 sec total\n|\n|t:|1783547645\n|move|p2a: Raichu|Thunderbolt|p1a: Uxie\n|-damage|p1a: Uxie|20/100\n|move|p1a: Uxie|U-turn|p2a: Raichu\n|-supereffective|p2a: Raichu\n|-damage|p2a: Raichu|0 fnt\n|faint|p2a: Raichu\n|\n|t:|1783547647\n|switch|p1a: Reuniclus|Reuniclus, L88, M|100/100|[from] U-turn\n|\n|upkeep\n|inactive|Time left: 300 sec this turn | 300 sec total | 10 sec grace\n|\n|t:|1783547648\n|switch|p2a: Alcremie|Alcremie-Mint-Cream, L90, F|263/263\n|turn|11\n|inactive|Time left: 300 sec this turn | 300 sec total\n|\n|t:|1783547649\n|move|p2a: Alcremie|Calm Mind|p2a: Alcremie\n|-boost|p2a: Alcremie|spa|1\n|-boost|p2a: Alcremie|spd|1\n|move|p1a: Reuniclus|Calm Mind|p1a: Reuniclus\n|-boost|p1a: Reuniclus|spa|1\n|-boost|p1a: Reuniclus|spd|1\n|\n|upkeep\n|turn|12\n|inactive|Time left: 300 sec this turn | 300 sec total\n|\n|t:|1783547650\n|move|p2a: Alcremie|Calm Mind|p2a: Alcremie\n|-boost|p2a: Alcremie|spa|1\n|-boost|p2a: Alcremie|spd|1\n|move|p1a: Reuniclus|Calm Mind|p1a: Reuniclus\n|-boost|p1a: Reuniclus|spa|1\n|-boost|p1a: Reuniclus|spd|1\n|\n|upkeep\n|turn|13\n|inactive|Time left: 300 sec this turn | 300 sec total\n|\n|t:|1783547651\n|move|p2a: Alcremie|Calm Mind|p2a: Alcremie\n|-boost|p2a: Alcremie|spa|1\n|-boost|p2a: Alcremie|spd|1\n|move|p1a: Reuniclus|Calm Mind|p1a: Reuniclus\n|-boost|p1a: Reuniclus|spa|1\n|-boost|p1a: Reuniclus|spd|1\n|\n|upkeep\n|turn|14\n|inactive|Time left: 300 sec this turn | 300 sec total\n|\n|t:|1783547651\n|move|p2a: Alcremie|Calm Mind|p2a: Alcremie\n|-boost|p2a: Alcremie|spa|1\n|-boost|p2a: Alcremie|spd|1\n|move|p1a: Reuniclus|Psychic|p2a: Alcremie\n|-damage|p2a: Alcremie|158/263\n|\n|-heal|p2a: Alcremie|174/263|[from] item: Leftovers\n|upkeep\n|turn|15\n|inactive|Time left: 300 sec this turn | 300 sec total\n|\n|t:|1783547652\n|move|p2a: Alcremie|Alluring Voice|p1a: Reuniclus\n|-damage|p1a: Reuniclus|66/100\n|move|p1a: Reuniclus|Psychic|p2a: Alcremie\n|-damage|p2a: Alcremie|77/263\n|\n|-heal|p2a: Alcremie|93/263|[from] item: Leftovers\n|upkeep\n|turn|16\n|inactive|Time left: 300 sec this turn | 300 sec total\n|\n|t:|1783547653\n|move|p2a: Alcremie|Recover|p2a: Alcremie\n|-heal|p2a: Alcremie|225/263\n|move|p1a: Reuniclus|Psychic|p2a: Alcremie\n|-crit|p2a: Alcremie\n|-damage|p2a: Alcremie|0 fnt\n|faint|p2a: Alcremie\n|\n|upkeep\n|inactive|Time left: 300 sec this turn | 300 sec total | 5 sec grace\n|\n|t:|1783547654\n|switch|p2a: Wigglytuff|Wigglytuff, L96, F|424/424\n|turn|17\n|inactive|Time left: 300 sec this turn | 300 sec total\n|\n|t:|1783547655\n|move|p2a: Wigglytuff|Knock Off|p1a: Reuniclus\n|-supereffective|p1a: Reuniclus\n|-damage|p1a: Reuniclus|25/100\n|-enditem|p1a: Reuniclus|Life Orb|[from] move: Knock Off|[of] p2a: Wigglytuff\n|move|p1a: Reuniclus|Psychic|p2a: Wigglytuff\n|-damage|p2a: Wigglytuff|15/424\n|\n|-heal|p2a: Wigglytuff|41/424|[from] item: Leftovers\n|upkeep\n|turn|18\n|inactive|Time left: 300 sec this turn | 300 sec total\n|\n|t:|1783547657\n|-terastallize|p1a: Reuniclus|Fighting\n|move|p2a: Wigglytuff|Knock Off|p1a: Reuniclus\n|-resisted|p1a: Reuniclus\n|-damage|p1a: Reuniclus|18/100\n|move|p1a: Reuniclus|Recover|p1a: Reuniclus\n|-heal|p1a: Reuniclus|68/100\n|\n|-heal|p2a: Wigglytuff|67/424|[from] item: Leftovers\n|upkeep\n|turn|19\n|inactive|Time left: 300 sec this turn | 300 sec total\n|\n|t:|1783547658\n|move|p2a: Wigglytuff|Dazzling Gleam|p1a: Reuniclus\n|-supereffective|p1a: Reuniclus\n|-damage|p1a: Reuniclus|43/100\n|move|p1a: Reuniclus|Psychic|p2a: Wigglytuff\n|-damage|p2a: Wigglytuff|0 fnt\n|faint|p2a: Wigglytuff\n|\n|upkeep\n|inactive|Time left: 300 sec this turn | 300 sec total | 5 sec grace\n|\n|t:|1783547658\n|switch|p2a: Talonflame|Talonflame, L83, M|265/265\n|turn|20\n|inactive|Time left: 300 sec this turn | 300 sec total\n|\n|t:|1783547659\n|move|p2a: Talonflame|Brave Bird|p1a: Reuniclus\n|-supereffective|p1a: Reuniclus\n|-damage|p1a: Reuniclus|0 fnt\n|faint|p1a: Reuniclus\n|-damage|p2a: Talonflame|218/265|[from] Recoil\n|\n|upkeep\n|\n|t:|1783547661\n|switch|p1a: Kleavor|Kleavor, L78, M|100/100\n|turn|21\n|inactive|Time left: 300 sec this turn | 300 sec total\n|\n|t:|1783547662\n|-terastallize|p2a: Talonflame|Dragon\n|move|p2a: Talonflame|Roost|p2a: Talonflame\n|-heal|p2a: Talonflame|265/265\n|move|p1a: Kleavor|Stone Axe|p2a: Talonflame\n|-damage|p2a: Talonflame|136/265\n|-sidestart|p2: p0y673654e|move: Stealth Rock\n|\n|upkeep\n|turn|22\n|inactive|Time left: 300 sec this turn | 300 sec total\n|\n|t:|1783547663\n|move|p2a: Talonflame|Roost|p2a: Talonflame\n|-heal|p2a: Talonflame|265/265\n|move|p1a: Kleavor|X-Scissor|p2a: Talonflame\n|-damage|p2a: Talonflame|97/265\n|-status|p1a: Kleavor|brn|[from] ability: Flame Body|[of] p2a: Talonflame\n|\n|-damage|p1a: Kleavor|95/100 brn|[from] brn\n|upkeep\n|turn|23\n|inactive|Time left: 300 sec this turn | 300 sec total\n|\n|t:|1783547664\n|switch|p1a: Misdreavus|Misdreavus, L90, F|100/100\n|move|p2a: Talonflame|Roost|p2a: Talonflame\n|-heal|p2a: Talonflame|230/265\n|\n|upkeep\n|turn|24\n|inactive|Time left: 300 sec this turn | 300 sec total\n|\n|t:|1783547665\n|move|p2a: Talonflame|Taunt|p1a: Misdreavus\n|-start|p1a: Misdreavus|move: Taunt\n|cant|p1a: Misdreavus|move: Taunt|Calm Mind\n|\n|upkeep\n|turn|25\n|inactive|Time left: 300 sec this turn | 300 sec total\n|\n|t:|1783547666\n|move|p2a: Talonflame|Brave Bird|p1a: Misdreavus\n|-damage|p1a: Misdreavus|66/100\n|-damage|p2a: Talonflame|201/265|[from] Recoil\n|move|p1a: Misdreavus|Shadow Ball|p2a: Talonflame\n|-damage|p2a: Talonflame|93/265\n|-unboost|p2a: Talonflame|spd|1\n|\n|upkeep\n|turn|26\n|inactive|Time left: 300 sec this turn | 300 sec total\n|\n|t:|1783547667\n|move|p2a: Talonflame|Roost|p2a: Talonflame\n|-heal|p2a: Talonflame|226/265\n|move|p1a: Misdreavus|Shadow Ball|p2a: Talonflame\n|-damage|p2a: Talonflame|58/265\n|-unboost|p2a: Talonflame|spd|1\n|\n|-end|p1a: Misdreavus|move: Taunt\n|upkeep\n|turn|27\n|inactive|Time left: 300 sec this turn | 300 sec total\n|\n|t:|1783547668\n|move|p2a: Talonflame|Roost|p2a: Talonflame\n|-heal|p2a: Talonflame|191/265\n|move|p1a: Misdreavus|Shadow Ball|p2a: Talonflame\n|-crit|p2a: Talonflame\n|-damage|p2a: Talonflame|0 fnt\n|faint|p2a: Talonflame\n|\n|win|p0x673ec21", "uploadtime": 1783547668, "views": 0, "rating": 0, "private": 0, "password": null, "_winner": "p0x673ec21", "_our_name": "p0y673654e"}