{"id": "battle-gen9randombattle-2490", "formatid": "gen9randombattle", "format": "[Gen 9] Random Battle", "players": ["p0x2490c8df", "p0y249043d2"], "log": "|init|battle\n|title|p0x2490c8df vs. p0y249043d2\n|j|\u2606p0x2490c8df\n|j|\u2606p0y249043d2\n|t:|1783567892\n|gametype|singles\n|player|p1|p0x2490c8df|2|\n|player|p2|p0y249043d2|169|\n|gen|9\n|tier|[Gen 9] Random Battle\n|rule|Species Clause: Limit one of each Pok\u00e9mon\n|rule|HP Percentage Mod: HP is shown in percentages\n|rule|Sleep Clause Mod: Limit one foe put to sleep\n|rule|Illusion Level Mod: Illusion disguises the Pok\u00e9mon's true level\n|\n|t:|1783567892\n|teamsize|p1|6\n|teamsize|p2|6\n|start\n|switch|p1a: Tauros|Tauros-Paldea-Combat, L82, M|100/100\n|switch|p2a: Oinkologne|Oinkologne-F, L92, F|361/361\n|-ability|p1a: Tauros|Intimidate|boost\n|-unboost|p2a: Oinkologne|atk|1\n|turn|1\n|inactive|Battle timer is ON: inactive players will automatically lose when time's up. (requested by p0x2490c8df)\n|inactive|Time left: 300 sec this turn | 300 sec total | 60 sec grace\n|inactive|p0y249043d2 also wants the timer to be on.\n|\n|t:|1783567894\n|switch|p2a: Torkoal|Torkoal, L88, F|266/266\n|-weather|SunnyDay|[from] ability: Drought|[of] p2a: Torkoal\n|move|p1a: Tauros|Bulk Up|p1a: Tauros\n|-boost|p1a: Tauros|atk|1\n|-boost|p1a: Tauros|def|1\n|\n|-weather|SunnyDay|[upkeep]\n|upkeep\n|turn|2\n|inactive|Time left: 300 sec this turn | 300 sec total\n|\n|t:|1783567895\n|move|p1a: Tauros|Stone Edge|p2a: Torkoal\n|-supereffective|p2a: Torkoal\n|-damage|p2a: Torkoal|84/266\n|-damage|p1a: Tauros|91/100|[from] item: Life Orb\n|move|p2a: Torkoal|Lava Plume|p1a: Tauros\n|-damage|p1a: Tauros|34/100\n|\n|-weather|SunnyDay|[upkeep]\n|upkeep\n|turn|3\n|inactive|Time left: 300 sec this turn | 300 sec total\n|\n|t:|1783567896\n|move|p1a: Tauros|Close Combat|p2a: Torkoal\n|-damage|p2a: Torkoal|0 fnt\n|-unboost|p1a: Tauros|def|1\n|-unboost|p1a: Tauros|spd|1\n|faint|p2a: Torkoal\n|-damage|p1a: Tauros|25/100|[from] item: Life Orb\n|\n|-weather|SunnyDay|[upkeep]\n|upkeep\n|inactive|Time left: 300 sec this turn | 300 sec total | 5 sec grace\n|\n|t:|1783567897\n|switch|p2a: Palkia|Palkia-Origin, L72|249/249\n|-ability|p2a: Palkia|Pressure\n|turn|4\n|inactive|Time left: 300 sec this turn | 300 sec total\n|\n|t:|1783567898\n|switch|p1a: Florges|Florges-Blue, L85, F|100/100\n|move|p2a: Palkia|Spacial Rend|p1a: Florges\n|-immune|p1a: Florges\n|\n|-weather|SunnyDay|[upkeep]\n|upkeep\n|turn|5\n|inactive|Time left: 300 sec this turn | 300 sec total\n|\n|t:|1783567899\n|switch|p2a: Seviper|Seviper, L93, M|287/287\n|move|p1a: Florges|Moonblast|p2a: Seviper\n|-resisted|p2a: Seviper\n|-damage|p2a: Seviper|212/287\n|\n|-weather|none\n|-heal|p2a: Seviper|229/287|[from] item: Leftovers\n|upkeep\n|turn|6\n|inactive|Time left: 300 sec this turn | 300 sec total\n|\n|t:|1783567900\n|move|p1a: Florges|Protect|p1a: Florges\n|-singleturn|p1a: Florges|Protect\n|move|p2a: Seviper|Gunk Shot|p1a: Florges\n|-activate|p1a: Florges|move: Protect\n|\n|-heal|p2a: Seviper|246/287|[from] item: Leftovers\n|upkeep\n|turn|7\n|inactive|Time left: 300 sec this turn | 300 sec total\n|\n|t:|1783567901\n|switch|p1a: Tauros|Tauros-Paldea-Combat, L82, M|25/100\n|-ability|p1a: Tauros|Intimidate|boost\n|-unboost|p2a: Seviper|atk|1\n|move|p2a: Seviper|Gunk Shot|p1a: Tauros\n|-damage|p1a: Tauros|0 fnt\n|faint|p1a: Tauros\n|\n|-heal|p2a: Seviper|263/287|[from] item: Leftovers\n|upkeep\n|\n|t:|1783567902\n|switch|p1a: Iron Leaves|Iron Leaves, L80|100/100\n|turn|8\n|inactive|Time left: 300 sec this turn | 300 sec total\n|\n|t:|1783567903\n|switch|p2a: Oinkologne|Oinkologne-F, L92, F|361/361\n|move|p1a: Iron Leaves|Psyblade|p2a: Oinkologne\n|-crit|p2a: Oinkologne\n|-damage|p2a: Oinkologne|154/361\n|-damage|p1a: Iron Leaves|91/100|[from] item: Life Orb\n|\n|-heal|p2a: Oinkologne|176/361|[from] item: Leftovers\n|upkeep\n|turn|9\n|inactive|Time left: 300 sec this turn | 300 sec total\n|\n|t:|1783567904\n|move|p1a: Iron Leaves|Swords Dance|p1a: Iron Leaves\n|-boost|p1a: Iron Leaves|atk|2\n|move|p2a: Oinkologne|Lash Out|p1a: Iron Leaves\n|-supereffective|p1a: Iron Leaves\n|-damage|p1a: Iron Leaves|41/100\n|\n|-heal|p2a: Oinkologne|198/361|[from] item: Leftovers\n|upkeep\n|turn|10\n|inactive|Time left: 300 sec this turn | 300 sec total\n|\n|t:|1783567905\n|move|p1a: Iron Leaves|Psyblade|p2a: Oinkologne\n|-damage|p2a: Oinkologne|0 fnt\n|faint|p2a: Oinkologne\n|-damage|p1a: Iron Leaves|31/100|[from] item: Life Orb\n|\n|upkeep\n|inactive|Time left: 300 sec this turn | 300 sec total | 5 sec grace\n|\n|t:|1783567906\n|switch|p2a: Palkia|Palkia-Origin, L72|249/249\n|-ability|p2a: Palkia|Pressure\n|turn|11\n|inactive|Time left: 300 sec this turn | 300 sec total\n|\n|t:|1783567907\n|-end|p1a: Iron Leaves|Quark Drive|[silent]\n|switch|p1a: Florges|Florges-Blue, L85, F|100/100\n|move|p2a: Palkia|Spacial Rend|p1a: Florges\n|-immune|p1a: Florges\n|\n|upkeep\n|turn|12\n|inactive|Time left: 300 sec this turn | 300 sec total\n|\n|t:|1783567907\n|switch|p2a: Seviper|Seviper, L93, M|263/287\n|move|p1a: Florges|Moonblast|p2a: Seviper\n|-resisted|p2a: Seviper\n|-crit|p2a: Seviper\n|-damage|p2a: Seviper|152/287\n|\n|-heal|p2a: Seviper|169/287|[from] item: Leftovers\n|upkeep\n|turn|13\n|inactive|Time left: 300 sec this turn | 300 sec total\n|\n|t:|1783567908\n|switch|p1a: Mightyena|Mightyena, L96, M|100/100\n|-ability|p1a: Mightyena|Intimidate|boost\n|-unboost|p2a: Seviper|atk|1\n|move|p2a: Seviper|Gunk Shot|p1a: Mightyena\n|-damage|p1a: Mightyena|62/100\n|\n|-heal|p1a: Mightyena|68/100|[from] item: Leftovers\n|-heal|p2a: Seviper|186/287|[from] item: Leftovers\n|upkeep\n|turn|14\n|inactive|Time left: 300 sec this turn | 300 sec total\n|\n|t:|1783567909\n|switch|p2a: Crabominable|Crabominable, L90, F|321/321\n|move|p1a: Mightyena|Crunch|p2a: Crabominable\n|-resisted|p2a: Crabominable\n|-damage|p2a: Crabominable|272/321\n|\n|-heal|p1a: Mightyena|75/100|[from] item: Leftovers\n|upkeep\n|turn|15\n|inactive|Time left: 300 sec this turn | 300 sec total\n|\n|t:|1783567910\n|-terastallize|p1a: Mightyena|Fairy\n|move|p1a: Mightyena|Play Rough|p2a: Crabominable\n|-supereffective|p2a: Crabominable\n|-damage|p2a: Crabominable|30/321\n|move|p2a: Crabominable|Drain Punch|p1a: Mightyena\n|-resisted|p1a: Mightyena\n|-damage|p1a: Mightyena|52/100\n|-heal|p2a: Crabominable|64/321|[from] drain|[of] p1a: Mightyena\n|\n|-heal|p1a: Mightyena|58/100|[from] item: Leftovers\n|upkeep\n|turn|16\n|inactive|Time left: 300 sec this turn | 300 sec total\n|\n|t:|1783567911\n|switch|p2a: Seviper|Seviper, L93, M|186/287\n|move|p1a: Mightyena|Play Rough|p2a: Seviper\n|-resisted|p2a: Seviper\n|-damage|p2a: Seviper|119/287\n|\n|-heal|p1a: Mightyena|64/100|[from] item: Leftovers\n|-heal|p2a: Seviper|136/287|[from] item: Leftovers\n|upkeep\n|turn|17\n|inactive|Time left: 300 sec this turn | 300 sec total\n|\n|t:|1783567912\n|move|p1a: Mightyena|Crunch|p2a: Seviper\n|-damage|p2a: Seviper|1/287\n|move|p2a: Seviper|Gunk Shot|p1a: Mightyena\n|-supereffective|p1a: Mightyena\n|-damage|p1a: Mightyena|0 fnt\n|faint|p1a: Mightyena\n|\n|-heal|p2a: Seviper|18/287|[from] item: Leftovers\n|upkeep\n|\n|t:|1783567913\n|switch|p1a: Florges|Florges-Blue, L85, F|100/100\n|turn|18\n|inactive|Time left: 300 sec this turn | 300 sec total\n|\n|t:|1783567914\n|move|p1a: Florges|Moonblast|p2a: Seviper\n|-resisted|p2a: Seviper\n|-damage|p2a: Seviper|0 fnt\n|faint|p2a: Seviper\n|\n|upkeep\n|inactive|Time left: 300 sec this turn | 300 sec total | 5 sec grace\n|\n|t:|1783567915\n|switch|p2a: Golduck|Golduck, L90, F|290/290\n|-ability|p2a: Golduck|Cloud Nine\n|turn|19\n|inactive|Time left: 300 sec this turn | 300 sec total\n|\n|t:|1783567916\n|move|p2a: Golduck|Hydro Pump|p1a: Florges\n|-damage|p1a: Florges|53/100\n|move|p1a: Florges|Moonblast|p2a: Golduck\n|-damage|p2a: Golduck|179/290\n|-unboost|p2a: Golduck|spa|1\n|\n|-heal|p1a: Florges|59/100|[from] item: Leftovers\n|upkeep\n|turn|20\n|inactive|Time left: 300 sec this turn | 300 sec total\n|\n|t:|1783567917\n|move|p2a: Golduck|Hydro Pump|p1a: Florges|[miss]\n|-miss|p2a: Golduck|p1a: Florges\n|move|p1a: Florges|Moonblast|p2a: Golduck\n|-damage|p2a: Golduck|58/290\n|\n|-heal|p1a: Florges|65/100|[from] item: Leftovers\n|upkeep\n|turn|21\n|inactive|Time left: 300 sec this turn | 300 sec total\n|\n|t:|1783567918\n|move|p2a: Golduck|Hydro Pump|p1a: Florges\n|-damage|p1a: Florges|32/100\n|move|p1a: Florges|Moonblast|p2a: Golduck\n|-damage|p2a: Golduck|0 fnt\n|faint|p2a: Golduck\n|\n|-heal|p1a: Florges|38/100|[from] item: Leftovers\n|upkeep\n|inactive|Time left: 300 sec this turn | 300 sec total | 5 sec grace\n|\n|t:|1783567919\n|switch|p2a: Palkia|Palkia-Origin, L72|249/249\n|-ability|p2a: Palkia|Pressure\n|turn|22\n|inactive|Time left: 300 sec this turn | 300 sec total\n|\n|t:|1783567920\n|-terastallize|p2a: Palkia|Water\n|move|p2a: Palkia|Hydro Pump|p1a: Florges|[miss]\n|-miss|p2a: Palkia|p1a: Florges\n|move|p1a: Florges|Moonblast|p2a: Palkia\n|-damage|p2a: Palkia|138/249\n|-unboost|p2a: Palkia|spa|1\n|\n|-heal|p1a: Florges|44/100|[from] item: Leftovers\n|upkeep\n|turn|23\n|inactive|Time left: 300 sec this turn | 300 sec total\n|\n|t:|1783567920\n|move|p2a: Palkia|Hydro Pump|p1a: Florges\n|-damage|p1a: Florges|15/100\n|move|p1a: Florges|Moonblast|p2a: Palkia\n|-damage|p2a: Palkia|39/249\n|\n|-heal|p1a: Florges|21/100|[from] item: Leftovers\n|upkeep\n|turn|24\n|inactive|Time left: 300 sec this turn | 300 sec total\n|\n|t:|1783567922\n|move|p2a: Palkia|Thunder Wave|p1a: Florges\n|-status|p1a: Florges|par\n|move|p1a: Florges|Moonblast|p2a: Palkia\n|-damage|p2a: Palkia|0 fnt\n|faint|p2a: Palkia\n|\n|-heal|p1a: Florges|27/100 par|[from] item: Leftovers\n|upkeep\n|inactive|Time left: 300 sec this turn | 300 sec total | 5 sec grace\n|\n|t:|1783567922\n|switch|p2a: Crabominable|Crabominable, L90, F|64/321\n|turn|25\n|inactive|Time left: 300 sec this turn | 300 sec total\n|\n|t:|1783567923\n|move|p2a: Crabominable|Knock Off|p1a: Florges\n|-resisted|p1a: Florges\n|-damage|p1a: Florges|7/100 par\n|-enditem|p1a: Florges|Leftovers|[from] move: Knock Off|[of] p2a: Crabominable\n|move|p1a: Florges|Moonblast|p2a: Crabominable\n|-supereffective|p2a: Crabominable\n|-damage|p2a: Crabominable|0 fnt\n|faint|p2a: Crabominable\n|\n|win|p0x2490c8df", "uploadtime": 1783567923, "views": 0, "rating": 0, "private": 0, "password": null, "_winner": "p0x2490c8df", "_our_name": "p0y249043d2"}