{"id": "battle-gen9randombattle-703", "formatid": "gen9randombattle", "format": "[Gen 9] Random Battle", "players": ["p0x7036943", "p0y7035956"], "log": "|init|battle\n|title|p0x7036943 vs. p0y7035956\n|j|\u2606p0x7036943\n|j|\u2606p0y7035956\n|t:|1783547972\n|gametype|singles\n|player|p1|p0x7036943|1|\n|player|p2|p0y7035956|102|\n|gen|9\n|tier|[Gen 9] Random Battle\n|rule|Species Clause: Limit one of each Pok\u00e9mon\n|rule|HP Percentage Mod: HP is shown in percentages\n|rule|Sleep Clause Mod: Limit one foe put to sleep\n|rule|Illusion Level Mod: Illusion disguises the Pok\u00e9mon's true level\n|\n|t:|1783547972\n|teamsize|p1|6\n|teamsize|p2|6\n|start\n|switch|p1a: Clefable|Clefable, L83, M|293/293\n|switch|p2a: Abomasnow|Abomasnow, L84, F|100/100\n|-weather|Snowscape|[from] ability: Snow Warning|[of] p2a: Abomasnow\n|turn|1\n|inactive|Battle timer is ON: inactive players will automatically lose when time's up. (requested by p0y7035956)\n|inactive|Time left: 300 sec this turn | 300 sec total | 60 sec grace\n|inactive|p0x7036943 also wants the timer to be on.\n|\n|t:|1783547974\n|move|p2a: Abomasnow|Aurora Veil|p2a: Abomasnow\n|-sidestart|p2: p0y7035956|move: Aurora Veil\n|move|p1a: Clefable|Fire Blast|p2a: Abomasnow\n|-supereffective|p2a: Abomasnow\n|-damage|p2a: Abomasnow|42/100\n|\n|-weather|Snowscape|[upkeep]\n|upkeep\n|turn|2\n|inactive|Time left: 300 sec this turn | 300 sec total\n|\n|t:|1783547975\n|switch|p2a: Tyranitar|Tyranitar, L78, M|100/100\n|-weather|Sandstorm|[from] ability: Sand Stream|[of] p2a: Tyranitar\n|move|p1a: Clefable|Calm Mind|p1a: Clefable\n|-boost|p1a: Clefable|spa|1\n|-boost|p1a: Clefable|spd|1\n|\n|-weather|Sandstorm|[upkeep]\n|-damage|p1a: Clefable|275/293|[from] Sandstorm\n|-heal|p1a: Clefable|293/293|[from] item: Leftovers\n|upkeep\n|turn|3\n|inactive|Time left: 300 sec this turn | 300 sec total\n|\n|t:|1783547976\n|move|p1a: Clefable|Calm Mind|p1a: Clefable\n|-boost|p1a: Clefable|spa|1\n|-boost|p1a: Clefable|spd|1\n|move|p2a: Tyranitar|Dragon Dance|p2a: Tyranitar\n|-boost|p2a: Tyranitar|atk|1\n|-boost|p2a: Tyranitar|spe|1\n|\n|-weather|Sandstorm|[upkeep]\n|-damage|p1a: Clefable|275/293|[from] Sandstorm\n|-heal|p1a: Clefable|293/293|[from] item: Leftovers\n|upkeep\n|turn|4\n|inactive|Time left: 300 sec this turn | 300 sec total\n|\n|t:|1783547977\n|move|p2a: Tyranitar|Stone Edge|p1a: Clefable\n|-damage|p1a: Clefable|163/293\n|move|p1a: Clefable|Moonlight|p1a: Clefable\n|-heal|p1a: Clefable|236/293\n|\n|-weather|Sandstorm|[upkeep]\n|-damage|p1a: Clefable|218/293|[from] Sandstorm\n|-heal|p1a: Clefable|236/293|[from] item: Leftovers\n|upkeep\n|turn|5\n|inactive|Time left: 300 sec this turn | 300 sec total\n|\n|t:|1783547979\n|move|p2a: Tyranitar|Stone Edge|p1a: Clefable\n|-damage|p1a: Clefable|101/293\n|move|p1a: Clefable|Moonlight|p1a: Clefable\n|-heal|p1a: Clefable|174/293\n|\n|-weather|Sandstorm|[upkeep]\n|-damage|p1a: Clefable|156/293|[from] Sandstorm\n|-heal|p1a: Clefable|174/293|[from] item: Leftovers\n|upkeep\n|turn|6\n|inactive|Time left: 300 sec this turn | 300 sec total\n|\n|t:|1783547980\n|move|p2a: Tyranitar|Stone Edge|p1a: Clefable|[miss]\n|-miss|p2a: Tyranitar|p1a: Clefable\n|move|p1a: Clefable|Moonlight|p1a: Clefable\n|-heal|p1a: Clefable|247/293\n|\n|-weather|none\n|-heal|p1a: Clefable|265/293|[from] item: Leftovers\n|upkeep\n|turn|7\n|inactive|Time left: 300 sec this turn | 300 sec total\n|\n|t:|1783547980\n|move|p2a: Tyranitar|Stone Edge|p1a: Clefable|[miss]\n|-miss|p2a: Tyranitar|p1a: Clefable\n|move|p1a: Clefable|Moonblast|p2a: Tyranitar\n|-supereffective|p2a: Tyranitar\n|-crit|p2a: Tyranitar\n|-damage|p2a: Tyranitar|0 fnt\n|faint|p2a: Tyranitar\n|\n|-heal|p1a: Clefable|283/293|[from] item: Leftovers\n|upkeep\n|\n|t:|1783547981\n|switch|p2a: Araquanid|Araquanid, L82, M|100/100\n|turn|8\n|inactive|Time left: 300 sec this turn | 300 sec total\n|\n|t:|1783547982\n|move|p1a: Clefable|Moonblast|p2a: Araquanid\n|-damage|p2a: Araquanid|72/100\n|-unboost|p2a: Araquanid|spa|1\n|move|p2a: Araquanid|Sticky Web|p1a: Clefable\n|-sidestart|p1: p0x7036943|move: Sticky Web\n|\n|-heal|p1a: Clefable|293/293|[from] item: Leftovers\n|-sideend|p2: p0y7035956|move: Aurora Veil\n|upkeep\n|turn|9\n|inactive|Time left: 300 sec this turn | 300 sec total\n|\n|t:|1783547983\n|switch|p2a: Gardevoir|Gardevoir, L83, M|100/100\n|-ability|p2a: Gardevoir|Unaware|Trace|[from] ability: Trace|[of] p1a: Clefable\n|move|p1a: Clefable|Moonblast|p2a: Gardevoir\n|-damage|p2a: Gardevoir|65/100\n|\n|upkeep\n|turn|10\n|inactive|Time left: 300 sec this turn | 300 sec total\n|\n|t:|1783547984\n|move|p2a: Gardevoir|Psyshock|p1a: Clefable\n|-damage|p1a: Clefable|141/293\n|-damage|p2a: Gardevoir|56/100|[from] item: Life Orb\n|move|p1a: Clefable|Moonblast|p2a: Gardevoir\n|-damage|p2a: Gardevoir|20/100\n|\n|-heal|p1a: Clefable|159/293|[from] item: Leftovers\n|upkeep\n|turn|11\n|inactive|Time left: 300 sec this turn | 300 sec total\n|\n|t:|1783547985\n|move|p2a: Gardevoir|Moonblast|p1a: Clefable\n|-damage|p1a: Clefable|13/293\n|-damage|p2a: Gardevoir|11/100|[from] item: Life Orb\n|move|p1a: Clefable|Moonlight|p1a: Clefable\n|-heal|p1a: Clefable|159/293\n|\n|-heal|p1a: Clefable|177/293|[from] item: Leftovers\n|upkeep\n|turn|12\n|inactive|Time left: 300 sec this turn | 300 sec total\n|\n|t:|1783547986\n|move|p2a: Gardevoir|Psyshock|p1a: Clefable\n|-damage|p1a: Clefable|33/293\n|-damage|p2a: Gardevoir|1/100|[from] item: Life Orb\n|move|p1a: Clefable|Moonlight|p1a: Clefable\n|-heal|p1a: Clefable|179/293\n|\n|-heal|p1a: Clefable|197/293|[from] item: Leftovers\n|upkeep\n|turn|13\n|inactive|Time left: 300 sec this turn | 300 sec total\n|\n|t:|1783547987\n|move|p2a: Gardevoir|Moonblast|p1a: Clefable\n|-damage|p1a: Clefable|45/293\n|-unboost|p1a: Clefable|spa|1\n|-damage|p2a: Gardevoir|0 fnt|[from] item: Life Orb\n|faint|p2a: Gardevoir\n|move|p1a: Clefable|Moonlight|p1a: Clefable\n|-heal|p1a: Clefable|191/293\n|\n|-heal|p1a: Clefable|209/293|[from] item: Leftovers\n|upkeep\n|\n|t:|1783547988\n|switch|p2a: Abomasnow|Abomasnow, L84, F|42/100\n|-weather|Snowscape|[from] ability: Snow Warning|[of] p2a: Abomasnow\n|turn|14\n|inactive|Time left: 300 sec this turn | 300 sec total\n|\n|t:|1783547989\n|move|p2a: Abomasnow|Aurora Veil|p2a: Abomasnow\n|-sidestart|p2: p0y7035956|move: Aurora Veil\n|move|p1a: Clefable|Fire Blast|p2a: Abomasnow\n|-supereffective|p2a: Abomasnow\n|-damage|p2a: Abomasnow|0 fnt\n|faint|p2a: Abomasnow\n|\n|-weather|Snowscape|[upkeep]\n|-heal|p1a: Clefable|227/293|[from] item: Leftovers\n|upkeep\n|\n|t:|1783547990\n|switch|p2a: Araquanid|Araquanid, L82, M|72/100\n|turn|15\n|inactive|Time left: 300 sec this turn | 300 sec total\n|\n|t:|1783547991\n|move|p1a: Clefable|Moonblast|p2a: Araquanid\n|-damage|p2a: Araquanid|48/100\n|move|p2a: Araquanid|Liquidation|p1a: Clefable\n|-damage|p1a: Clefable|59/293\n|-unboost|p1a: Clefable|def|1\n|\n|-weather|Snowscape|[upkeep]\n|-heal|p1a: Clefable|77/293|[from] item: Leftovers\n|upkeep\n|turn|16\n|inactive|Time left: 300 sec this turn | 300 sec total\n|\n|t:|1783547992\n|move|p1a: Clefable|Moonblast|p2a: Araquanid\n|-damage|p2a: Araquanid|25/100\n|move|p2a: Araquanid|Liquidation|p1a: Clefable\n|-damage|p1a: Clefable|0 fnt\n|faint|p1a: Clefable\n|\n|-weather|Snowscape|[upkeep]\n|upkeep\n|inactive|Time left: 300 sec this turn | 300 sec total | 5 sec grace\n|\n|t:|1783547994\n|switch|p1a: Yanmega|Yanmega, L82, M|275/275\n|turn|17\n|inactive|Time left: 300 sec this turn | 300 sec total\n|\n|t:|1783547995\n|move|p1a: Yanmega|Air Slash|p2a: Araquanid|[miss]\n|-miss|p1a: Yanmega|p2a: Araquanid\n|move|p2a: Araquanid|Hydro Pump|p1a: Yanmega\n|-damage|p1a: Yanmega|89/275\n|\n|-weather|Snowscape|[upkeep]\n|-ability|p1a: Yanmega|Speed Boost|boost\n|-boost|p1a: Yanmega|spe|1\n|upkeep\n|turn|18\n|inactive|Time left: 300 sec this turn | 300 sec total\n|\n|t:|1783547996\n|move|p1a: Yanmega|Air Slash|p2a: Araquanid\n|-supereffective|p2a: Araquanid\n|-damage|p2a: Araquanid|0 fnt\n|faint|p2a: Araquanid\n|\n|-weather|none\n|-ability|p1a: Yanmega|Speed Boost|boost\n|-boost|p1a: Yanmega|spe|1\n|upkeep\n|\n|t:|1783547997\n|switch|p2a: Dunsparce|Dunsparce, L86, F|100/100\n|turn|19\n|inactive|Time left: 300 sec this turn | 300 sec total\n|\n|t:|1783547998\n|move|p1a: Yanmega|Air Slash|p2a: Dunsparce\n|-damage|p2a: Dunsparce|89/100\n|move|p2a: Dunsparce|Coil|p2a: Dunsparce\n|-boost|p2a: Dunsparce|atk|1\n|-boost|p2a: Dunsparce|def|1\n|-boost|p2a: Dunsparce|accuracy|1\n|\n|-ability|p1a: Yanmega|Speed Boost|boost\n|-boost|p1a: Yanmega|spe|1\n|upkeep\n|turn|20\n|inactive|Time left: 300 sec this turn | 300 sec total\n|\n|t:|1783547999\n|move|p1a: Yanmega|Protect|p1a: Yanmega\n|-singleturn|p1a: Yanmega|Protect\n|move|p2a: Dunsparce|Body Slam|p1a: Yanmega\n|-activate|p1a: Yanmega|move: Protect\n|\n|-ability|p1a: Yanmega|Speed Boost|boost\n|-boost|p1a: Yanmega|spe|1\n|upkeep\n|turn|21\n|inactive|Time left: 300 sec this turn | 300 sec total\n|\n|t:|1783548000\n|move|p1a: Yanmega|Air Slash|p2a: Dunsparce\n|-damage|p2a: Dunsparce|78/100\n|cant|p2a: Dunsparce|flinch\n|\n|-sideend|p2: p0y7035956|move: Aurora Veil\n|-ability|p1a: Yanmega|Speed Boost|boost\n|-boost|p1a: Yanmega|spe|1\n|upkeep\n|turn|22\n|inactive|Time left: 300 sec this turn | 300 sec total\n|\n|t:|1783548002\n|move|p1a: Yanmega|Protect|p1a: Yanmega\n|-singleturn|p1a: Yanmega|Protect\n|move|p2a: Dunsparce|Body Slam|p1a: Yanmega\n|-activate|p1a: Yanmega|move: Protect\n|\n|-ability|p1a: Yanmega|Speed Boost|boost\n|-boost|p1a: Yanmega|spe|1\n|upkeep\n|turn|23\n|inactive|Time left: 300 sec this turn | 300 sec total\n|\n|t:|1783548003\n|move|p1a: Yanmega|Air Slash|p2a: Dunsparce\n|-damage|p2a: Dunsparce|57/100\n|move|p2a: Dunsparce|Body Slam|p1a: Yanmega\n|-damage|p1a: Yanmega|0 fnt\n|faint|p1a: Yanmega\n|\n|upkeep\n|inactive|Time left: 300 sec this turn | 300 sec total | 5 sec grace\n|\n|t:|1783548004\n|switch|p1a: Komala|Komala, L87, F|255/255\n|-activate|p1a: Komala|move: Sticky Web\n|-unboost|p1a: Komala|spe|1\n|-ability|p1a: Komala|Comatose\n|turn|24\n|inactive|Time left: 300 sec this turn | 300 sec total\n|\n|t:|1783548005\n|move|p2a: Dunsparce|Coil|p2a: Dunsparce\n|-boost|p2a: Dunsparce|atk|1\n|-boost|p2a: Dunsparce|def|1\n|-boost|p2a: Dunsparce|accuracy|1\n|move|p1a: Komala|Rapid Spin|p2a: Dunsparce\n|-damage|p2a: Dunsparce|48/100\n|-boost|p1a: Komala|spe|1\n|-sideend|p1: p0x7036943|Sticky Web|[from] move: Rapid Spin|[of] p1a: Komala\n|\n|upkeep\n|turn|25\n|inactive|Time left: 300 sec this turn | 300 sec total\n|\n|t:|1783548006\n|move|p1a: Komala|Body Slam|p2a: Dunsparce\n|-damage|p2a: Dunsparce|33/100\n|move|p2a: Dunsparce|Roost|p2a: Dunsparce\n|-heal|p2a: Dunsparce|83/100\n|-singleturn|p2a: Dunsparce|move: Roost\n|\n|upkeep\n|turn|26\n|inactive|Time left: 300 sec this turn | 300 sec total\n|\n|t:|1783548008\n|switch|p1a: Meganium|Meganium, L90, F|290/290\n|move|p2a: Dunsparce|Earthquake|p1a: Meganium\n|-resisted|p1a: Meganium\n|-damage|p1a: Meganium|237/290\n|\n|-heal|p1a: Meganium|255/290|[from] item: Leftovers\n|upkeep\n|turn|27\n|inactive|Time left: 300 sec this turn | 300 sec total\n|\n|t:|1783548009\n|move|p1a: Meganium|Swords Dance|p1a: Meganium\n|-boost|p1a: Meganium|atk|2\n|move|p2a: Dunsparce|Body Slam|p1a: Meganium\n|-damage|p1a: Meganium|138/290\n|-status|p1a: Meganium|par\n|\n|-heal|p1a: Meganium|156/290 par|[from] item: Leftovers\n|upkeep\n|turn|28\n|inactive|Time left: 300 sec this turn | 300 sec total\n|\n|t:|1783548010\n|move|p2a: Dunsparce|Body Slam|p1a: Meganium\n|-damage|p1a: Meganium|39/290 par\n|cant|p1a: Meganium|par\n|\n|-heal|p1a: Meganium|57/290 par|[from] item: Leftovers\n|upkeep\n|turn|29\n|inactive|Time left: 300 sec this turn | 300 sec total\n|\n|t:|1783548011\n|move|p2a: Dunsparce|Body Slam|p1a: Meganium\n|-damage|p1a: Meganium|0 fnt\n|faint|p1a: Meganium\n|\n|upkeep\n|inactive|Time left: 300 sec this turn | 300 sec total | 5 sec grace\n|\n|t:|1783548012\n|switch|p1a: Komala|Komala, L87, F|255/255\n|-ability|p1a: Komala|Comatose\n|turn|30\n|inactive|Time left: 300 sec this turn | 300 sec total\n|\n|t:|1783548013\n|move|p1a: Komala|Knock Off|p2a: Dunsparce\n|-damage|p2a: Dunsparce|73/100\n|-enditem|p2a: Dunsparce|Eviolite|[from] move: Knock Off|[of] p1a: Komala\n|move|p2a: Dunsparce|Earthquake|p1a: Komala\n|-damage|p1a: Komala|103/255\n|\n|upkeep\n|turn|31\n|inactive|Time left: 300 sec this turn | 300 sec total\n|\n|t:|1783548014\n|move|p1a: Komala|Body Slam|p2a: Dunsparce\n|-damage|p2a: Dunsparce|53/100\n|move|p2a: Dunsparce|Body Slam|p1a: Komala\n|-damage|p1a: Komala|0 fnt\n|faint|p1a: Komala\n|\n|upkeep\n|inactive|Time left: 300 sec this turn | 300 sec total | 5 sec grace\n|\n|t:|1783548015\n|switch|p1a: Electrode|Electrode, L92|260/260\n|turn|32\n|inactive|Time left: 300 sec this turn | 300 sec total\n|\n|t:|1783548016\n|-terastallize|p1a: Electrode|Electric\n|-terastallize|p2a: Dunsparce|Ground\n|move|p1a: Electrode|Thunderbolt|p2a: Dunsparce\n|-immune|p2a: Dunsparce\n|move|p2a: Dunsparce|Roost|p2a: Dunsparce\n|-heal|p2a: Dunsparce|100/100\n|\n|upkeep\n|turn|33\n|inactive|Time left: 300 sec this turn | 300 sec total\n|\n|t:|1783548017\n|switch|p1a: Palafin|Palafin, L77, M|281/281\n|move|p2a: Dunsparce|Earthquake|p1a: Palafin\n|-damage|p1a: Palafin|53/281\n|\n|upkeep\n|turn|34\n|inactive|Time left: 300 sec this turn | 300 sec total\n|\n|t:|1783548018\n|move|p1a: Palafin|Wave Crash|p2a: Dunsparce\n|-supereffective|p2a: Dunsparce\n|-damage|p2a: Dunsparce|56/100\n|-damage|p1a: Palafin|7/281|[from] Recoil\n|move|p2a: Dunsparce|Earthquake|p1a: Palafin\n|-damage|p1a: Palafin|0 fnt\n|faint|p1a: Palafin\n|\n|upkeep\n|inactive|Time left: 300 sec this turn | 300 sec total | 5 sec grace\n|\n|t:|1783548020\n|switch|p1a: Electrode|Electrode, L92, tera:Electric|260/260\n|turn|35\n|inactive|Time left: 300 sec this turn | 300 sec total\n|\n|t:|1783548021\n|move|p1a: Electrode|Thunderbolt|p2a: Dunsparce\n|-immune|p2a: Dunsparce\n|move|p2a: Dunsparce|Earthquake|p1a: Electrode\n|-supereffective|p1a: Electrode\n|-damage|p1a: Electrode|0 fnt\n|faint|p1a: Electrode\n|\n|win|p0y7035956", "uploadtime": 1783548021, "views": 0, "rating": 0, "private": 0, "password": null, "_winner": "p0y7035956", "_our_name": "p0x7036943"}