{"id": "battle-gen9randombattle-2819", "formatid": "gen9randombattle", "format": "[Gen 9] Random Battle", "players": ["p0x28198e48", "p0y2819d1eb"], "log": "|init|battle\n|title|p0x28198e48 vs. p0y2819d1eb\n|j|\u2606p0x28198e48\n|j|\u2606p0y2819d1eb\n|t:|1783572474\n|gametype|singles\n|player|p1|p0x28198e48|169|\n|player|p2|p0y2819d1eb|170|\n|gen|9\n|tier|[Gen 9] Random Battle\n|rule|Species Clause: Limit one of each Pok\u00e9mon\n|rule|HP Percentage Mod: HP is shown in percentages\n|rule|Sleep Clause Mod: Limit one foe put to sleep\n|rule|Illusion Level Mod: Illusion disguises the Pok\u00e9mon's true level\n|\n|t:|1783572474\n|teamsize|p1|6\n|teamsize|p2|6\n|start\n|switch|p1a: Toxapex|Toxapex, L82, M|216/216\n|switch|p2a: Ursaring|Ursaring, L84, F|100/100\n|turn|1\n|inactive|Battle timer is ON: inactive players will automatically lose when time's up. (requested by p0x28198e48)\n|inactive|p0y2819d1eb also wants the timer to be on.\n|\n|t:|1783572476\n|switch|p1a: Mudsdale|Mudsdale, L83, M|302/302\n|move|p2a: Ursaring|Swords Dance|p2a: Ursaring\n|-boost|p2a: Ursaring|atk|2\n|\n|-status|p2a: Ursaring|tox|[from] item: Toxic Orb\n|upkeep\n|turn|2\n|inactive|Time left: 300 sec this turn | 300 sec total\n|\n|t:|1783572477\n|-terastallize|p1a: Mudsdale|Steel\n|move|p2a: Ursaring|Facade|p1a: Mudsdale\n|-resisted|p1a: Mudsdale\n|-damage|p1a: Mudsdale|133/302\n|-ability|p1a: Mudsdale|Stamina|boost\n|-boost|p1a: Mudsdale|def|1\n|move|p1a: Mudsdale|Heavy Slam|p2a: Ursaring\n|-damage|p2a: Ursaring|44/100 tox\n|\n|-heal|p1a: Mudsdale|151/302|[from] item: Leftovers\n|-damage|p2a: Ursaring|38/100 tox|[from] psn\n|upkeep\n|turn|3\n|inactive|Time left: 300 sec this turn | 300 sec total\n|\n|t:|1783572478\n|switch|p1a: Toxapex|Toxapex, L82, M|216/216\n|move|p2a: Ursaring|Close Combat|p1a: Toxapex\n|-resisted|p1a: Toxapex\n|-damage|p1a: Toxapex|148/216\n|-unboost|p2a: Ursaring|def|1\n|-unboost|p2a: Ursaring|spd|1\n|-damage|p2a: Ursaring|21/100 tox|[from] item: Rocky Helmet|[of] p1a: Toxapex\n|\n|-damage|p2a: Ursaring|9/100 tox|[from] psn\n|upkeep\n|turn|4\n|inactive|Time left: 300 sec this turn | 300 sec total\n|\n|t:|1783572479\n|switch|p1a: Diancie|Diancie, L82|216/216\n|move|p2a: Ursaring|Facade|p1a: Diancie\n|-resisted|p1a: Diancie\n|-damage|p1a: Diancie|81/216\n|\n|-damage|p2a: Ursaring|0 fnt|[from] psn\n|faint|p2a: Ursaring\n|upkeep\n|\n|t:|1783572480\n|switch|p2a: Sylveon|Sylveon, L85, M|100/100\n|turn|5\n|inactive|Time left: 300 sec this turn | 300 sec total\n|\n|t:|1783572481\n|switch|p1a: Mudsdale|Mudsdale, L83, M, tera:Steel|151/302\n|move|p2a: Sylveon|Calm Mind|p2a: Sylveon\n|-boost|p2a: Sylveon|spa|1\n|-boost|p2a: Sylveon|spd|1\n|\n|-heal|p1a: Mudsdale|169/302|[from] item: Leftovers\n|upkeep\n|turn|6\n|inactive|Time left: 300 sec this turn | 300 sec total\n|\n|t:|1783572481\n|move|p2a: Sylveon|Protect|p2a: Sylveon\n|-singleturn|p2a: Sylveon|Protect\n|move|p1a: Mudsdale|Heavy Slam|p2a: Sylveon\n|-activate|p2a: Sylveon|move: Protect\n|\n|-heal|p1a: Mudsdale|187/302|[from] item: Leftovers\n|upkeep\n|turn|7\n|inactive|Time left: 300 sec this turn | 300 sec total\n|\n|t:|1783572482\n|switch|p2a: Torkoal|Torkoal, L88, F|100/100\n|-weather|SunnyDay|[from] ability: Drought|[of] p2a: Torkoal\n|move|p1a: Mudsdale|Heavy Slam|p2a: Torkoal\n|-resisted|p2a: Torkoal\n|-damage|p2a: Torkoal|83/100\n|\n|-weather|SunnyDay|[upkeep]\n|-heal|p1a: Mudsdale|205/302|[from] item: Leftovers\n|upkeep\n|turn|8\n|inactive|Time left: 300 sec this turn | 300 sec total\n|\n|t:|1783572483\n|move|p1a: Mudsdale|Earthquake|p2a: Torkoal\n|-supereffective|p2a: Torkoal\n|-damage|p2a: Torkoal|21/100\n|move|p2a: Torkoal|Lava Plume|p1a: Mudsdale\n|-supereffective|p1a: Mudsdale\n|-damage|p1a: Mudsdale|0 fnt\n|faint|p1a: Mudsdale\n|\n|-weather|SunnyDay|[upkeep]\n|upkeep\n|inactive|Time left: 300 sec this turn | 300 sec total | 5 sec grace\n|\n|t:|1783572484\n|switch|p1a: Pyroar|Pyroar, L88, M|295/295\n|-ability|p1a: Pyroar|Unnerve\n|turn|9\n|inactive|Time left: 300 sec this turn | 300 sec total\n|\n|t:|1783572485\n|switch|p2a: Suicune|Suicune, L82|100/100\n|-ability|p2a: Suicune|Pressure\n|move|p1a: Pyroar|Fire Blast|p2a: Suicune\n|-resisted|p2a: Suicune\n|-damage|p2a: Suicune|70/100\n|\n|-weather|SunnyDay|[upkeep]\n|-heal|p2a: Suicune|76/100|[from] item: Leftovers\n|upkeep\n|turn|10\n|inactive|Time left: 300 sec this turn | 300 sec total\n|\n|t:|1783572486\n|move|p1a: Pyroar|Work Up|p1a: Pyroar\n|-boost|p1a: Pyroar|atk|1\n|-boost|p1a: Pyroar|spa|1\n|move|p2a: Suicune|Calm Mind|p2a: Suicune\n|-boost|p2a: Suicune|spa|1\n|-boost|p2a: Suicune|spd|1\n|\n|-weather|SunnyDay|[upkeep]\n|-heal|p2a: Suicune|82/100|[from] item: Leftovers\n|upkeep\n|turn|11\n|inactive|Time left: 300 sec this turn | 300 sec total\n|\n|t:|1783572487\n|move|p1a: Pyroar|Hyper Voice|p2a: Suicune\n|-damage|p2a: Suicune|47/100\n|move|p2a: Suicune|Calm Mind|p2a: Suicune\n|-boost|p2a: Suicune|spa|1\n|-boost|p2a: Suicune|spd|1\n|\n|-weather|none\n|-heal|p2a: Suicune|53/100|[from] item: Leftovers\n|upkeep\n|turn|12\n|inactive|Time left: 300 sec this turn | 300 sec total\n|\n|t:|1783572489\n|switch|p1a: Toxapex|Toxapex, L82, M|216/216\n|move|p2a: Suicune|Scald|p1a: Toxapex\n|-resisted|p1a: Toxapex\n|-damage|p1a: Toxapex|168/216\n|\n|-heal|p2a: Suicune|59/100|[from] item: Leftovers\n|upkeep\n|turn|13\n|inactive|Time left: 300 sec this turn | 300 sec total\n|\n|t:|1783572490\n|move|p2a: Suicune|Scald|p1a: Toxapex\n|-resisted|p1a: Toxapex\n|-damage|p1a: Toxapex|119/216\n|-status|p1a: Toxapex|brn\n|move|p1a: Toxapex|Haze|p1a: Toxapex\n|-clearallboost\n|\n|-heal|p2a: Suicune|65/100|[from] item: Leftovers\n|-damage|p1a: Toxapex|106/216 brn|[from] brn\n|upkeep\n|turn|14\n|inactive|Time left: 300 sec this turn | 300 sec total\n|\n|t:|1783572491\n|move|p2a: Suicune|Scald|p1a: Toxapex\n|-resisted|p1a: Toxapex\n|-damage|p1a: Toxapex|79/216 brn\n|move|p1a: Toxapex|Toxic|p2a: Suicune\n|-status|p2a: Suicune|tox\n|\n|-heal|p2a: Suicune|71/100 tox|[from] item: Leftovers\n|-damage|p2a: Suicune|65/100 tox|[from] psn\n|-damage|p1a: Toxapex|66/216 brn|[from] brn\n|upkeep\n|turn|15\n|inactive|Time left: 300 sec this turn | 300 sec total\n|\n|t:|1783572492\n|move|p2a: Suicune|Calm Mind|p2a: Suicune\n|-boost|p2a: Suicune|spa|1\n|-boost|p2a: Suicune|spd|1\n|move|p1a: Toxapex|Recover|p1a: Toxapex\n|-heal|p1a: Toxapex|174/216 brn\n|\n|-heal|p2a: Suicune|71/100 tox|[from] item: Leftovers\n|-damage|p2a: Suicune|59/100 tox|[from] psn\n|-damage|p1a: Toxapex|161/216 brn|[from] brn\n|upkeep\n|turn|16\n|inactive|Time left: 300 sec this turn | 300 sec total\n|\n|t:|1783572493\n|move|p2a: Suicune|Rest|p2a: Suicune\n|-status|p2a: Suicune|slp|[from] move: Rest\n|-heal|p2a: Suicune|100/100 slp|[silent]\n|move|p1a: Toxapex|Haze|p1a: Toxapex\n|-clearallboost\n|\n|-damage|p1a: Toxapex|148/216 brn|[from] brn\n|upkeep\n|turn|17\n|inactive|Time left: 300 sec this turn | 300 sec total\n|\n|t:|1783572493\n|switch|p1a: Pyroar|Pyroar, L88, M|295/295\n|-ability|p1a: Pyroar|Unnerve\n|cant|p2a: Suicune|slp\n|move|p2a: Suicune|Sleep Talk|p2a: Suicune\n|move|p2a: Suicune|Scald|p1a: Pyroar|[from] move: Sleep Talk\n|-supereffective|p1a: Pyroar\n|-damage|p1a: Pyroar|127/295\n|\n|upkeep\n|turn|18\n|inactive|Time left: 300 sec this turn | 300 sec total\n|\n|t:|1783572494\n|move|p1a: Pyroar|Work Up|p1a: Pyroar\n|-boost|p1a: Pyroar|atk|1\n|-boost|p1a: Pyroar|spa|1\n|cant|p2a: Suicune|slp\n|move|p2a: Suicune|Sleep Talk|p2a: Suicune\n|move|p2a: Suicune|Rest||[from] move: Sleep Talk|[still]\n|-fail|p2a: Suicune\n|\n|upkeep\n|turn|19\n|inactive|Time left: 300 sec this turn | 300 sec total\n|\n|t:|1783572495\n|move|p1a: Pyroar|Dark Pulse|p2a: Suicune\n|-damage|p2a: Suicune|72/100 slp\n|-curestatus|p2a: Suicune|slp|[msg]\n|move|p2a: Suicune|Scald|p1a: Pyroar\n|-supereffective|p1a: Pyroar\n|-damage|p1a: Pyroar|0 fnt\n|faint|p1a: Pyroar\n|\n|-heal|p2a: Suicune|78/100|[from] item: Leftovers\n|upkeep\n|inactive|Time left: 300 sec this turn | 300 sec total | 5 sec grace\n|\n|t:|1783572496\n|switch|p1a: Porygon-Z|Porygon-Z, L83|277/277\n|turn|20\n|inactive|Time left: 300 sec this turn | 300 sec total\n|\n|t:|1783572497\n|move|p1a: Porygon-Z|Nasty Plot|p1a: Porygon-Z\n|-boost|p1a: Porygon-Z|spa|2\n|move|p2a: Suicune|Scald|p1a: Porygon-Z\n|-damage|p1a: Porygon-Z|192/277\n|-status|p1a: Porygon-Z|brn\n|\n|-heal|p2a: Suicune|84/100|[from] item: Leftovers\n|-damage|p1a: Porygon-Z|175/277 brn|[from] brn\n|upkeep\n|turn|21\n|inactive|Time left: 300 sec this turn | 300 sec total\n|\n|t:|1783572498\n|-terastallize|p2a: Suicune|Steel\n|move|p1a: Porygon-Z|Tera Blast|p2a: Suicune\n|-resisted|p2a: Suicune\n|-damage|p2a: Suicune|32/100\n|-damage|p1a: Porygon-Z|148/277 brn|[from] item: Life Orb\n|move|p2a: Suicune|Calm Mind|p2a: Suicune\n|-boost|p2a: Suicune|spa|1\n|-boost|p2a: Suicune|spd|1\n|\n|-heal|p2a: Suicune|38/100|[from] item: Leftovers\n|-damage|p1a: Porygon-Z|131/277 brn|[from] brn\n|upkeep\n|turn|22\n|inactive|Time left: 300 sec this turn | 300 sec total\n|\n|t:|1783572499\n|move|p1a: Porygon-Z|Shadow Ball|p2a: Suicune\n|-damage|p2a: Suicune|3/100\n|-damage|p1a: Porygon-Z|104/277 brn|[from] item: Life Orb\n|move|p2a: Suicune|Scald|p1a: Porygon-Z\n|-crit|p1a: Porygon-Z\n|-damage|p1a: Porygon-Z|0 fnt\n|faint|p1a: Porygon-Z\n|\n|-heal|p2a: Suicune|9/100|[from] item: Leftovers\n|upkeep\n|inactive|Time left: 300 sec this turn | 300 sec total | 5 sec grace\n|\n|t:|1783572500\n|switch|p1a: Noivern|Noivern, L82, M|274/274\n|turn|23\n|inactive|Time left: 300 sec this turn | 300 sec total\n|\n|t:|1783572501\n|switch|p2a: Sylveon|Sylveon, L85, M|100/100\n|move|p1a: Noivern|Flamethrower|p2a: Sylveon\n|-crit|p2a: Sylveon\n|-damage|p2a: Sylveon|77/100\n|-status|p2a: Sylveon|brn\n|\n|-heal|p2a: Sylveon|83/100 brn|[from] item: Leftovers\n|-damage|p2a: Sylveon|77/100 brn|[from] brn\n|upkeep\n|turn|24\n|inactive|Time left: 300 sec this turn | 300 sec total\n|\n|t:|1783572502\n|switch|p1a: Toxapex|Toxapex, L82, M|216/216 brn\n|move|p2a: Sylveon|Hyper Voice|p1a: Toxapex\n|-resisted|p1a: Toxapex\n|-damage|p1a: Toxapex|168/216 brn\n|\n|-heal|p2a: Sylveon|83/100 brn|[from] item: Leftovers\n|-damage|p2a: Sylveon|77/100 brn|[from] brn\n|-damage|p1a: Toxapex|155/216 brn|[from] brn\n|upkeep\n|turn|25\n|inactive|Time left: 300 sec this turn | 300 sec total\n|\n|t:|1783572503\n|switch|p1a: Diancie|Diancie, L82|81/216\n|move|p2a: Sylveon|Hyper Voice|p1a: Diancie\n|-damage|p1a: Diancie|18/216\n|\n|-heal|p2a: Sylveon|83/100 brn|[from] item: Leftovers\n|-damage|p2a: Sylveon|77/100 brn|[from] brn\n|upkeep\n|turn|26\n|inactive|Time left: 300 sec this turn | 300 sec total\n|\n|t:|1783572504\n|switch|p1a: Toxapex|Toxapex, L82, M|216/216 brn\n|move|p2a: Sylveon|Hyper Voice|p1a: Toxapex\n|-resisted|p1a: Toxapex\n|-damage|p1a: Toxapex|173/216 brn\n|\n|-heal|p2a: Sylveon|83/100 brn|[from] item: Leftovers\n|-damage|p2a: Sylveon|77/100 brn|[from] brn\n|-damage|p1a: Toxapex|160/216 brn|[from] brn\n|upkeep\n|turn|27\n|inactive|Time left: 300 sec this turn | 300 sec total\n|\n|t:|1783572505\n|move|p2a: Sylveon|Hyper Voice|p1a: Toxapex\n|-resisted|p1a: Toxapex\n|-damage|p1a: Toxapex|117/216 brn\n|move|p1a: Toxapex|Liquidation|p2a: Sylveon\n|-damage|p2a: Sylveon|65/100 brn\n|-unboost|p2a: Sylveon|def|1\n|\n|-heal|p2a: Sylveon|71/100 brn|[from] item: Leftovers\n|-damage|p2a: Sylveon|65/100 brn|[from] brn\n|-damage|p1a: Toxapex|104/216 brn|[from] brn\n|upkeep\n|turn|28\n|inactive|Time left: 300 sec this turn | 300 sec total\n|\n|t:|1783572506\n|move|p2a: Sylveon|Wish|p2a: Sylveon\n|move|p1a: Toxapex|Recover|p1a: Toxapex\n|-heal|p1a: Toxapex|212/216 brn\n|\n|-heal|p2a: Sylveon|71/100 brn|[from] item: Leftovers\n|-damage|p2a: Sylveon|65/100 brn|[from] brn\n|-damage|p1a: Toxapex|199/216 brn|[from] brn\n|upkeep\n|turn|29\n|inactive|Time left: 300 sec this turn | 300 sec total\n|\n|t:|1783572507\n|move|p2a: Sylveon|Hyper Voice|p1a: Toxapex\n|-resisted|p1a: Toxapex\n|-damage|p1a: Toxapex|149/216 brn\n|move|p1a: Toxapex|Toxic||[still]\n|-fail|p1a: Toxapex\n|\n|-heal|p2a: Sylveon|100/100 brn|[from] move: Wish|[wisher] Sylveon\n|-damage|p2a: Sylveon|94/100 brn|[from] brn\n|-damage|p1a: Toxapex|136/216 brn|[from] brn\n|upkeep\n|turn|30\n|inactive|Time left: 300 sec this turn | 300 sec total\n|\n|t:|1783572508\n|move|p2a: Sylveon|Hyper Voice|p1a: Toxapex\n|-resisted|p1a: Toxapex\n|-damage|p1a: Toxapex|87/216 brn\n|move|p1a: Toxapex|Recover|p1a: Toxapex\n|-heal|p1a: Toxapex|195/216 brn\n|\n|-heal|p2a: Sylveon|100/100 brn|[from] item: Leftovers\n|-damage|p2a: Sylveon|94/100 brn|[from] brn\n|-damage|p1a: Toxapex|182/216 brn|[from] brn\n|upkeep\n|turn|31\n|inactive|Time left: 300 sec this turn | 300 sec total\n|\n|t:|1783572509\n|move|p2a: Sylveon|Wish|p2a: Sylveon\n|move|p1a: Toxapex|Liquidation|p2a: Sylveon\n|-damage|p2a: Sylveon|77/100 brn\n|\n|-heal|p2a: Sylveon|83/100 brn|[from] item: Leftovers\n|-damage|p2a: Sylveon|77/100 brn|[from] brn\n|-damage|p1a: Toxapex|169/216 brn|[from] brn\n|upkeep\n|turn|32\n|inactive|Time left: 300 sec this turn | 300 sec total\n|\n|t:|1783572510\n|move|p2a: Sylveon|Hyper Voice|p1a: Toxapex\n|-resisted|p1a: Toxapex\n|-damage|p1a: Toxapex|119/216 brn\n|move|p1a: Toxapex|Recover|p1a: Toxapex\n|-heal|p1a: Toxapex|216/216 brn\n|\n|-heal|p2a: Sylveon|100/100 brn|[from] move: Wish|[wisher] Sylveon\n|-damage|p2a: Sylveon|94/100 brn|[from] brn\n|-damage|p1a: Toxapex|203/216 brn|[from] brn\n|upkeep\n|turn|33\n|inactive|Time left: 300 sec this turn | 300 sec total\n|\n|t:|1783572510\n|move|p2a: Sylveon|Hyper Voice|p1a: Toxapex\n|-resisted|p1a: Toxapex\n|-damage|p1a: Toxapex|161/216 brn\n|move|p1a: Toxapex|Liquidation|p2a: Sylveon\n|-damage|p2a: Sylveon|75/100 brn\n|\n|-heal|p2a: Sylveon|81/100 brn|[from] item: Leftovers\n|-damage|p2a: Sylveon|75/100 brn|[from] brn\n|-damage|p1a: Toxapex|148/216 brn|[from] brn\n|upkeep\n|turn|34\n|inactive|Time left: 300 sec this turn | 300 sec total\n|\n|t:|1783572511\n|move|p2a: Sylveon|Hyper Voice|p1a: Toxapex\n|-resisted|p1a: Toxapex\n|-damage|p1a: Toxapex|103/216 brn\n|move|p1a: Toxapex|Recover|p1a: Toxapex\n|-heal|p1a: Toxapex|211/216 brn\n|\n|-heal|p2a: Sylveon|81/100 brn|[from] item: Leftovers\n|-damage|p2a: Sylveon|75/100 brn|[from] brn\n|-damage|p1a: Toxapex|198/216 brn|[from] brn\n|upkeep\n|turn|35\n|inactive|Time left: 300 sec this turn | 300 sec total\n|\n|t:|1783572512\n|move|p2a: Sylveon|Wish|p2a: Sylveon\n|move|p1a: Toxapex|Liquidation|p2a: Sylveon\n|-damage|p2a: Sylveon|55/100 brn\n|\n|-heal|p2a: Sylveon|61/100 brn|[from] item: Leftovers\n|-damage|p2a: Sylveon|55/100 brn|[from] brn\n|-damage|p1a: Toxapex|185/216 brn|[from] brn\n|upkeep\n|turn|36\n|inactive|Time left: 300 sec this turn | 300 sec total\n|\n|t:|1783572513\n|move|p2a: Sylveon|Hyper Voice|p1a: Toxapex\n|-resisted|p1a: Toxapex\n|-damage|p1a: Toxapex|143/216 brn\n|move|p1a: Toxapex|Liquidation|p2a: Sylveon\n|-damage|p2a: Sylveon|38/100 brn\n|\n|-heal|p2a: Sylveon|88/100 brn|[from] move: Wish|[wisher] Sylveon\n|-heal|p2a: Sylveon|94/100 brn|[from] item: Leftovers\n|-damage|p2a: Sylveon|88/100 brn|[from] brn\n|-damage|p1a: Toxapex|130/216 brn|[from] brn\n|upkeep\n|turn|37\n|inactive|Time left: 300 sec this turn | 300 sec total\n|\n|t:|1783572514\n|move|p2a: Sylveon|Hyper Voice|p1a: Toxapex\n|-resisted|p1a: Toxapex\n|-damage|p1a: Toxapex|83/216 brn\n|move|p1a: Toxapex|Recover|p1a: Toxapex\n|-heal|p1a: Toxapex|191/216 brn\n|\n|-heal|p2a: Sylveon|94/100 brn|[from] item: Leftovers\n|-damage|p2a: Sylveon|88/100 brn|[from] brn\n|-damage|p1a: Toxapex|178/216 brn|[from] brn\n|upkeep\n|turn|38\n|inactive|Time left: 300 sec this turn | 300 sec total\n|\n|t:|1783572515\n|move|p2a: Sylveon|Wish|p2a: Sylveon\n|move|p1a: Toxapex|Liquidation|p2a: Sylveon\n|-damage|p2a: Sylveon|68/100 brn\n|-unboost|p2a: Sylveon|def|1\n|\n|-heal|p2a: Sylveon|74/100 brn|[from] item: Leftovers\n|-damage|p2a: Sylveon|68/100 brn|[from] brn\n|-damage|p1a: Toxapex|165/216 brn|[from] brn\n|upkeep\n|turn|39\n|inactive|Time left: 300 sec this turn | 300 sec total\n|\n|t:|1783572516\n|move|p2a: Sylveon|Hyper Voice|p1a: Toxapex\n|-resisted|p1a: Toxapex\n|-damage|p1a: Toxapex|117/216 brn\n|move|p1a: Toxapex|Toxic||[still]\n|-fail|p1a: Toxapex\n|\n|-heal|p2a: Sylveon|100/100 brn|[from] move: Wish|[wisher] Sylveon\n|-damage|p2a: Sylveon|94/100 brn|[from] brn\n|-damage|p1a: Toxapex|104/216 brn|[from] brn\n|upkeep\n|turn|40\n|inactive|Time left: 300 sec this turn | 300 sec total\n|\n|t:|1783572517\n|move|p2a: Sylveon|Hyper Voice|p1a: Toxapex\n|-resisted|p1a: Toxapex\n|-damage|p1a: Toxapex|56/216 brn\n|move|p1a: Toxapex|Recover|p1a: Toxapex\n|-heal|p1a: Toxapex|164/216 brn\n|\n|-heal|p2a: Sylveon|100/100 brn|[from] item: Leftovers\n|-damage|p2a: Sylveon|94/100 brn|[from] brn\n|-damage|p1a: Toxapex|151/216 brn|[from] brn\n|upkeep\n|turn|41\n|inactive|Time left: 300 sec this turn | 300 sec total\n|\n|t:|1783572518\n|move|p2a: Sylveon|Hyper Voice|p1a: Toxapex\n|-resisted|p1a: Toxapex\n|-damage|p1a: Toxapex|109/216 brn\n|move|p1a: Toxapex|Liquidation|p2a: Sylveon\n|-damage|p2a: Sylveon|71/100 brn\n|\n|-heal|p2a: Sylveon|77/100 brn|[from] item: Leftovers\n|-damage|p2a: Sylveon|71/100 brn|[from] brn\n|-damage|p1a: Toxapex|96/216 brn|[from] brn\n|upkeep\n|turn|42\n|inactive|Time left: 300 sec this turn | 300 sec total\n|\n|t:|1783572519\n|move|p2a: Sylveon|Hyper Voice|p1a: Toxapex\n|-resisted|p1a: Toxapex\n|-damage|p1a: Toxapex|49/216 brn\n|move|p1a: Toxapex|Recover|p1a: Toxapex\n|-heal|p1a: Toxapex|157/216 brn\n|\n|-heal|p2a: Sylveon|77/100 brn|[from] item: Leftovers\n|-damage|p2a: Sylveon|71/100 brn|[from] brn\n|-damage|p1a: Toxapex|144/216 brn|[from] brn\n|upkeep\n|turn|43\n|inactive|Time left: 300 sec this turn | 300 sec total\n|\n|t:|1783572520\n|switch|p1a: Diancie|Diancie, L82|18/216\n|move|p2a: Sylveon|Hyper Voice|p1a: Diancie\n|-damage|p1a: Diancie|0 fnt\n|faint|p1a: Diancie\n|\n|-heal|p2a: Sylveon|77/100 brn|[from] item: Leftovers\n|-damage|p2a: Sylveon|71/100 brn|[from] brn\n|upkeep\n|inactive|Time left: 300 sec this turn | 300 sec total | 5 sec grace\n|\n|t:|1783572520\n|switch|p1a: Noivern|Noivern, L82, M|274/274\n|turn|44\n|inactive|Time left: 300 sec this turn | 300 sec total\n|\n|t:|1783572521\n|move|p1a: Noivern|Hurricane|p2a: Sylveon|[miss]\n|-miss|p1a: Noivern|p2a: Sylveon\n|move|p2a: Sylveon|Wish|p2a: Sylveon\n|\n|-heal|p2a: Sylveon|77/100 brn|[from] item: Leftovers\n|-damage|p2a: Sylveon|71/100 brn|[from] brn\n|upkeep\n|turn|45\n|inactive|Time left: 300 sec this turn | 300 sec total\n|\n|t:|1783572522\n|move|p1a: Noivern|Hurricane|p2a: Sylveon\n|-damage|p2a: Sylveon|42/100 brn\n|move|p2a: Sylveon|Calm Mind|p2a: Sylveon\n|-boost|p2a: Sylveon|spa|1\n|-boost|p2a: Sylveon|spd|1\n|\n|-heal|p2a: Sylveon|92/100 brn|[from] move: Wish|[wisher] Sylveon\n|-heal|p2a: Sylveon|98/100 brn|[from] item: Leftovers\n|-damage|p2a: Sylveon|92/100 brn|[from] brn\n|upkeep\n|turn|46\n|inactive|Time left: 300 sec this turn | 300 sec total\n|\n|t:|1783572523\n|move|p1a: Noivern|Hurricane|p2a: Sylveon\n|-damage|p2a: Sylveon|75/100 brn\n|-start|p2a: Sylveon|confusion\n|-activate|p2a: Sylveon|confusion\n|move|p2a: Sylveon|Wish|p2a: Sylveon\n|\n|-heal|p2a: Sylveon|81/100 brn|[from] item: Leftovers\n|-damage|p2a: Sylveon|75/100 brn|[from] brn\n|upkeep\n|turn|47\n|inactive|Time left: 300 sec this turn | 300 sec total\n|\n|t:|1783572524\n|move|p1a: Noivern|Hurricane|p2a: Sylveon|[miss]\n|-miss|p1a: Noivern|p2a: Sylveon\n|-activate|p2a: Sylveon|confusion\n|-damage|p2a: Sylveon|61/100 brn|[from] confusion\n|\n|-heal|p2a: Sylveon|100/100 brn|[from] move: Wish|[wisher] Sylveon\n|-damage|p2a: Sylveon|94/100 brn|[from] brn\n|upkeep\n|turn|48\n|inactive|Time left: 300 sec this turn | 300 sec total\n|\n|t:|1783572525\n|move|p1a: Noivern|Hurricane|p2a: Sylveon\n|-damage|p2a: Sylveon|77/100 brn\n|-activate|p2a: Sylveon|confusion\n|move|p2a: Sylveon|Wish|p2a: Sylveon\n|\n|-heal|p2a: Sylveon|83/100 brn|[from] item: Leftovers\n|-damage|p2a: Sylveon|77/100 brn|[from] brn\n|upkeep\n|turn|49\n|inactive|Time left: 300 sec this turn | 300 sec total\n|\n|t:|1783572526\n|move|p1a: Noivern|Hurricane|p2a: Sylveon\n|-damage|p2a: Sylveon|58/100 brn\n|-end|p2a: Sylveon|confusion\n|move|p2a: Sylveon|Calm Mind|p2a: Sylveon\n|-boost|p2a: Sylveon|spa|1\n|-boost|p2a: Sylveon|spd|1\n|\n|-heal|p2a: Sylveon|100/100 brn|[from] move: Wish|[wisher] Sylveon\n|-damage|p2a: Sylveon|94/100 brn|[from] brn\n|upkeep\n|turn|50\n|inactive|Time left: 300 sec this turn | 300 sec total\n|\n|t:|1783572527\n|move|p1a: Noivern|Hurricane|p2a: Sylveon|[miss]\n|-miss|p1a: Noivern|p2a: Sylveon\n|move|p2a: Sylveon|Wish|p2a: Sylveon\n|\n|-heal|p2a: Sylveon|100/100 brn|[from] item: Leftovers\n|-damage|p2a: Sylveon|94/100 brn|[from] brn\n|upkeep\n|turn|51\n|inactive|Time left: 300 sec this turn | 300 sec total\n|\n|t:|1783572528\n|move|p1a: Noivern|Flamethrower|p2a: Sylveon\n|-damage|p2a: Sylveon|87/100 brn\n|move|p2a: Sylveon|Calm Mind|p2a: Sylveon\n|-boost|p2a: Sylveon|spa|1\n|-boost|p2a: Sylveon|spd|1\n|\n|-heal|p2a: Sylveon|100/100 brn|[from] move: Wish|[wisher] Sylveon\n|-damage|p2a: Sylveon|94/100 brn|[from] brn\n|upkeep\n|turn|52\n|inactive|Time left: 300 sec this turn | 300 sec total\n|\n|t:|1783572529\n|switch|p1a: Toxapex|Toxapex, L82, M|216/216 brn\n|move|p2a: Sylveon|Wish|p2a: Sylveon\n|\n|-heal|p2a: Sylveon|100/100 brn|[from] item: Leftovers\n|-damage|p2a: Sylveon|94/100 brn|[from] brn\n|-damage|p1a: Toxapex|203/216 brn|[from] brn\n|upkeep\n|turn|53\n|inactive|Time left: 300 sec this turn | 300 sec total\n|\n|t:|1783572530\n|switch|p2a: Torkoal|Torkoal, L88, F|21/100\n|-weather|SunnyDay|[from] ability: Drought|[of] p2a: Torkoal\n|move|p1a: Toxapex|Liquidation|p2a: Torkoal\n|-supereffective|p2a: Torkoal\n|-damage|p2a: Torkoal|13/100\n|\n|-weather|SunnyDay|[upkeep]\n|-heal|p2a: Torkoal|70/100|[from] move: Wish|[wisher] Sylveon\n|-damage|p1a: Toxapex|190/216 brn|[from] brn\n|upkeep\n|turn|54\n|inactive|Time left: 300 sec this turn | 300 sec total\n|\n|t:|1783572531\n|switch|p1a: Noivern|Noivern, L82, M|274/274\n|switch|p2a: Suicune|Suicune, L82, tera:Steel|9/100\n|-ability|p2a: Suicune|Pressure\n|\n|-weather|SunnyDay|[upkeep]\n|-heal|p2a: Suicune|15/100|[from] item: Leftovers\n|upkeep\n|turn|55\n|inactive|Time left: 300 sec this turn | 300 sec total\n|\n|t:|1783572532\n|switch|p2a: Comfey|Comfey, L85, M|100/100\n|move|p1a: Noivern|Flamethrower|p2a: Comfey\n|-damage|p2a: Comfey|68/100\n|-status|p2a: Comfey|brn\n|\n|-weather|SunnyDay|[upkeep]\n|-heal|p2a: Comfey|75/100 brn|[from] item: Leftovers\n|-damage|p2a: Comfey|68/100 brn|[from] brn\n|upkeep\n|turn|56\n|inactive|Time left: 300 sec this turn | 300 sec total\n|\n|t:|1783572533\n|move|p2a: Comfey|Draining Kiss|p1a: Noivern\n|-supereffective|p1a: Noivern\n|-crit|p1a: Noivern\n|-damage|p1a: Noivern|116/274\n|-heal|p2a: Comfey|100/100 brn|[from] drain|[of] p1a: Noivern\n|move|p1a: Noivern|Flamethrower|p2a: Comfey\n|-damage|p2a: Comfey|64/100 brn\n|\n|-weather|SunnyDay|[upkeep]\n|-heal|p2a: Comfey|71/100 brn|[from] item: Leftovers\n|-damage|p2a: Comfey|64/100 brn|[from] brn\n|upkeep\n|turn|57\n|inactive|Time left: 300 sec this turn | 300 sec total\n|\n|t:|1783572534\n|switch|p1a: Toxapex|Toxapex, L82, M|216/216 brn\n|move|p2a: Comfey|Draining Kiss|p1a: Toxapex\n|-resisted|p1a: Toxapex\n|-damage|p1a: Toxapex|198/216 brn\n|-heal|p2a: Comfey|71/100 brn|[from] drain|[of] p1a: Toxapex\n|-damage|p2a: Comfey|54/100 brn|[from] item: Rocky Helmet|[of] p1a: Toxapex\n|\n|-weather|none\n|-heal|p2a: Comfey|60/100 brn|[from] item: Leftovers\n|-damage|p2a: Comfey|54/100 brn|[from] brn\n|-damage|p1a: Toxapex|185/216 brn|[from] brn\n|upkeep\n|turn|58\n|inactive|Time left: 300 sec this turn | 300 sec total\n|\n|t:|1783572535\n|move|p2a: Comfey|Giga Drain|p1a: Toxapex\n|-damage|p1a: Toxapex|148/216 brn\n|-heal|p2a: Comfey|63/100 brn|[from] drain|[of] p1a: Toxapex\n|move|p1a: Toxapex|Liquidation|p2a: Comfey\n|-damage|p2a: Comfey|50/100 brn\n|\n|-heal|p2a: Comfey|56/100 brn|[from] item: Leftovers\n|-damage|p2a: Comfey|50/100 brn|[from] brn\n|-damage|p1a: Toxapex|135/216 brn|[from] brn\n|upkeep\n|turn|59\n|inactive|Time left: 300 sec this turn | 300 sec total\n|\n|t:|1783572536\n|move|p2a: Comfey|Calm Mind|p2a: Comfey\n|-boost|p2a: Comfey|spa|1\n|-boost|p2a: Comfey|spd|1\n|move|p1a: Toxapex|Liquidation|p2a: Comfey\n|-damage|p2a: Comfey|38/100 brn\n|\n|-heal|p2a: Comfey|44/100 brn|[from] item: Leftovers\n|-damage|p2a: Comfey|38/100 brn|[from] brn\n|-damage|p1a: Toxapex|122/216 brn|[from] brn\n|upkeep\n|turn|60\n|inactive|Time left: 300 sec this turn | 300 sec total\n|\n|t:|1783572537\n|move|p2a: Comfey|Stored Power|p1a: Toxapex\n|-supereffective|p1a: Toxapex\n|-crit|p1a: Toxapex\n|-damage|p1a: Toxapex|0 fnt\n|faint|p1a: Toxapex\n|\n|-heal|p2a: Comfey|44/100 brn|[from] item: Leftovers\n|-damage|p2a: Comfey|38/100 brn|[from] brn\n|upkeep\n|inactive|Time left: 300 sec this turn | 300 sec total | 5 sec grace\n|\n|t:|1783572538\n|switch|p1a: Noivern|Noivern, L82, M|116/274\n|turn|61\n|inactive|Time left: 300 sec this turn | 300 sec total\n|\n|t:|1783572538\n|move|p2a: Comfey|Draining Kiss|p1a: Noivern\n|-supereffective|p1a: Noivern\n|-damage|p1a: Noivern|0 fnt\n|-heal|p2a: Comfey|76/100 brn|[from] drain|[of] p1a: Noivern\n|faint|p1a: Noivern\n|\n|win|p0y2819d1eb", "uploadtime": 1783572538, "views": 0, "rating": 0, "private": 0, "password": null, "_winner": "p0y2819d1eb", "_our_name": "p0x28198e48"}