{"id": "battle-gen9randombattle-314", "formatid": "gen9randombattle", "format": "[Gen 9] Random Battle", "players": ["p0x314efe3", "p0y314d002"], "log": "|init|battle\n|title|p0x314efe3 vs. p0y314d002\n|j|\u2606p0x314efe3\n|j|\u2606p0y314d002\n|t:|1783543242\n|gametype|singles\n|player|p1|p0x314efe3|170|\n|player|p2|p0y314d002|102|\n|gen|9\n|tier|[Gen 9] Random Battle\n|rule|Species Clause: Limit one of each Pok\u00e9mon\n|rule|HP Percentage Mod: HP is shown in percentages\n|rule|Sleep Clause Mod: Limit one foe put to sleep\n|rule|Illusion Level Mod: Illusion disguises the Pok\u00e9mon's true level\n|\n|t:|1783543242\n|teamsize|p1|6\n|teamsize|p2|6\n|start\n|switch|p1a: Articuno|Articuno, L86|295/295\n|switch|p2a: Swanna|Swanna, L89, M|100/100\n|-ability|p1a: Articuno|Pressure\n|turn|1\n|inactive|Battle timer is ON: inactive players will automatically lose when time's up. (requested by p0y314d002)\n|inactive|Time left: 300 sec this turn | 300 sec total | 60 sec grace\n|inactive|p0x314efe3 also wants the timer to be on.\n|\n|t:|1783543244\n|switch|p2a: Wigglytuff|Wigglytuff, L96, F|100/100\n|move|p1a: Articuno|Freeze-Dry|p2a: Wigglytuff\n|-damage|p2a: Wigglytuff|75/100\n|\n|-heal|p2a: Wigglytuff|81/100|[from] item: Leftovers\n|upkeep\n|turn|2\n|inactive|Time left: 300 sec this turn | 300 sec total\n|\n|t:|1783543245\n|move|p1a: Articuno|Freeze-Dry|p2a: Wigglytuff\n|-damage|p2a: Wigglytuff|58/100\n|move|p2a: Wigglytuff|Knock Off|p1a: Articuno\n|-damage|p1a: Articuno|232/295\n|-enditem|p1a: Articuno|Heavy-Duty Boots|[from] move: Knock Off|[of] p2a: Wigglytuff\n|\n|-heal|p2a: Wigglytuff|64/100|[from] item: Leftovers\n|upkeep\n|turn|3\n|inactive|Time left: 300 sec this turn | 300 sec total\n|\n|t:|1783543246\n|move|p1a: Articuno|Freeze-Dry|p2a: Wigglytuff\n|-damage|p2a: Wigglytuff|41/100\n|move|p2a: Wigglytuff|Fire Blast|p1a: Articuno\n|-supereffective|p1a: Articuno\n|-crit|p1a: Articuno\n|-damage|p1a: Articuno|40/295\n|\n|-heal|p2a: Wigglytuff|47/100|[from] item: Leftovers\n|upkeep\n|turn|4\n|inactive|Time left: 300 sec this turn | 300 sec total\n|\n|t:|1783543247\n|move|p1a: Articuno|Roost|p1a: Articuno\n|-heal|p1a: Articuno|188/295\n|-singleturn|p1a: Articuno|move: Roost\n|move|p2a: Wigglytuff|Alluring Voice|p1a: Articuno\n|-damage|p1a: Articuno|115/295\n|\n|-heal|p2a: Wigglytuff|53/100|[from] item: Leftovers\n|upkeep\n|turn|5\n|inactive|Time left: 300 sec this turn | 300 sec total\n|\n|t:|1783543249\n|move|p1a: Articuno|Roost|p1a: Articuno\n|-heal|p1a: Articuno|263/295\n|-singleturn|p1a: Articuno|move: Roost\n|move|p2a: Wigglytuff|Fire Blast|p1a: Articuno\n|-supereffective|p1a: Articuno\n|-damage|p1a: Articuno|131/295\n|\n|-heal|p2a: Wigglytuff|59/100|[from] item: Leftovers\n|upkeep\n|turn|6\n|inactive|Time left: 300 sec this turn | 300 sec total\n|\n|t:|1783543249\n|move|p1a: Articuno|Roost|p1a: Articuno\n|-heal|p1a: Articuno|279/295\n|-singleturn|p1a: Articuno|move: Roost\n|move|p2a: Wigglytuff|Fire Blast|p1a: Articuno\n|-supereffective|p1a: Articuno\n|-damage|p1a: Articuno|143/295\n|\n|-heal|p2a: Wigglytuff|66/100|[from] item: Leftovers\n|upkeep\n|turn|7\n|inactive|Time left: 300 sec this turn | 300 sec total\n|\n|t:|1783543250\n|move|p1a: Articuno|Roost|p1a: Articuno\n|-heal|p1a: Articuno|291/295\n|-singleturn|p1a: Articuno|move: Roost\n|move|p2a: Wigglytuff|Fire Blast|p1a: Articuno\n|-supereffective|p1a: Articuno\n|-damage|p1a: Articuno|147/295\n|\n|-heal|p2a: Wigglytuff|72/100|[from] item: Leftovers\n|upkeep\n|turn|8\n|inactive|Time left: 300 sec this turn | 300 sec total\n|\n|t:|1783543251\n|move|p1a: Articuno|Roost|p1a: Articuno\n|-heal|p1a: Articuno|295/295\n|-singleturn|p1a: Articuno|move: Roost\n|move|p2a: Wigglytuff|Alluring Voice|p1a: Articuno\n|-crit|p1a: Articuno\n|-damage|p1a: Articuno|189/295\n|\n|-heal|p2a: Wigglytuff|78/100|[from] item: Leftovers\n|upkeep\n|turn|9\n|inactive|Time left: 300 sec this turn | 300 sec total\n|\n|t:|1783543252\n|move|p1a: Articuno|Roost|p1a: Articuno\n|-heal|p1a: Articuno|295/295\n|-singleturn|p1a: Articuno|move: Roost\n|move|p2a: Wigglytuff|Alluring Voice|p1a: Articuno\n|-damage|p1a: Articuno|226/295\n|\n|-heal|p2a: Wigglytuff|84/100|[from] item: Leftovers\n|upkeep\n|turn|10\n|inactive|Time left: 300 sec this turn | 300 sec total\n|\n|t:|1783543253\n|move|p1a: Articuno|Freeze-Dry|p2a: Wigglytuff\n|-damage|p2a: Wigglytuff|62/100\n|move|p2a: Wigglytuff|Thunder Wave|p1a: Articuno\n|-status|p1a: Articuno|par\n|\n|-heal|p2a: Wigglytuff|68/100|[from] item: Leftovers\n|upkeep\n|turn|11\n|inactive|Time left: 300 sec this turn | 300 sec total\n|\n|t:|1783543254\n|move|p2a: Wigglytuff|Alluring Voice|p1a: Articuno\n|-damage|p1a: Articuno|157/295 par\n|move|p1a: Articuno|Freeze-Dry|p2a: Wigglytuff\n|-damage|p2a: Wigglytuff|43/100\n|\n|-heal|p2a: Wigglytuff|49/100|[from] item: Leftovers\n|upkeep\n|turn|12\n|inactive|Time left: 300 sec this turn | 300 sec total\n|\n|t:|1783543255\n|move|p2a: Wigglytuff|Alluring Voice|p1a: Articuno\n|-damage|p1a: Articuno|88/295 par\n|cant|p1a: Articuno|par\n|\n|-heal|p2a: Wigglytuff|55/100|[from] item: Leftovers\n|upkeep\n|turn|13\n|inactive|Time left: 300 sec this turn | 300 sec total\n|\n|t:|1783543256\n|move|p2a: Wigglytuff|Alluring Voice|p1a: Articuno\n|-damage|p1a: Articuno|10/295 par\n|move|p1a: Articuno|Roost|p1a: Articuno\n|-heal|p1a: Articuno|158/295 par\n|-singleturn|p1a: Articuno|move: Roost\n|\n|-heal|p2a: Wigglytuff|61/100|[from] item: Leftovers\n|upkeep\n|turn|14\n|inactive|Time left: 300 sec this turn | 300 sec total\n|\n|t:|1783543258\n|move|p2a: Wigglytuff|Alluring Voice|p1a: Articuno\n|-damage|p1a: Articuno|80/295 par\n|move|p1a: Articuno|Roost|p1a: Articuno\n|-heal|p1a: Articuno|228/295 par\n|-singleturn|p1a: Articuno|move: Roost\n|\n|-heal|p2a: Wigglytuff|67/100|[from] item: Leftovers\n|upkeep\n|turn|15\n|inactive|Time left: 300 sec this turn | 300 sec total\n|\n|t:|1783543259\n|move|p2a: Wigglytuff|Knock Off|p1a: Articuno\n|-damage|p1a: Articuno|186/295 par\n|move|p1a: Articuno|Freeze-Dry|p2a: Wigglytuff\n|-damage|p2a: Wigglytuff|43/100\n|\n|-heal|p2a: Wigglytuff|49/100|[from] item: Leftovers\n|upkeep\n|turn|16\n|inactive|Time left: 300 sec this turn | 300 sec total\n|\n|t:|1783543260\n|move|p2a: Wigglytuff|Alluring Voice|p1a: Articuno\n|-damage|p1a: Articuno|117/295 par\n|move|p1a: Articuno|Freeze-Dry|p2a: Wigglytuff\n|-damage|p2a: Wigglytuff|24/100\n|-status|p2a: Wigglytuff|frz\n|\n|-heal|p2a: Wigglytuff|30/100 frz|[from] item: Leftovers\n|upkeep\n|turn|17\n|inactive|Time left: 300 sec this turn | 300 sec total\n|\n|t:|1783543261\n|-curestatus|p2a: Wigglytuff|frz|[msg]\n|move|p2a: Wigglytuff|Thunder Wave|p1a: Articuno\n|-fail|p1a: Articuno|par\n|move|p1a: Articuno|Freeze-Dry|p2a: Wigglytuff\n|-damage|p2a: Wigglytuff|5/100\n|\n|-heal|p2a: Wigglytuff|11/100|[from] item: Leftovers\n|upkeep\n|turn|18\n|inactive|Time left: 300 sec this turn | 300 sec total\n|\n|t:|1783543262\n|switch|p2a: Volcanion|Volcanion, L79|100/100\n|move|p1a: Articuno|Brave Bird|p2a: Volcanion\n|-damage|p2a: Volcanion|62/100\n|-damage|p1a: Articuno|85/295 par|[from] Recoil\n|\n|upkeep\n|turn|19\n|inactive|Time left: 300 sec this turn | 300 sec total\n|\n|t:|1783543264\n|move|p2a: Volcanion|Steam Eruption|p1a: Articuno\n|-crit|p1a: Articuno\n|-damage|p1a: Articuno|0 fnt\n|faint|p1a: Articuno\n|\n|upkeep\n|inactive|Time left: 300 sec this turn | 300 sec total | 5 sec grace\n|\n|t:|1783543265\n|switch|p1a: Ogerpon|Ogerpon-Cornerstone, L76, F|247/247\n|turn|20\n|inactive|Time left: 300 sec this turn | 300 sec total\n|\n|t:|1783543266\n|move|p1a: Ogerpon|Ivy Cudgel|p2a: Volcanion|[anim] Ivy Cudgel Rock\n|-supereffective|p2a: Volcanion\n|-damage|p2a: Volcanion|0 fnt\n|faint|p2a: Volcanion\n|\n|upkeep\n|\n|t:|1783543267\n|switch|p2a: Mimikyu|Mimikyu, L79, F|100/100\n|turn|21\n|inactive|Time left: 300 sec this turn | 300 sec total\n|\n|t:|1783543268\n|move|p1a: Ogerpon|Ivy Cudgel|p2a: Mimikyu|[anim] Ivy Cudgel Rock\n|-activate|p2a: Mimikyu|ability: Disguise\n|-damage|p2a: Mimikyu|100/100\n|detailschange|p2a: Mimikyu|Mimikyu-Busted, L79, F\n|-damage|p2a: Mimikyu|88/100|[from] pokemon: Mimikyu-Busted\n|move|p2a: Mimikyu|Swords Dance|p2a: Mimikyu\n|-boost|p2a: Mimikyu|atk|2\n|\n|upkeep\n|turn|22\n|inactive|Time left: 300 sec this turn | 300 sec total\n|\n|t:|1783543269\n|-terastallize|p1a: Ogerpon|Rock\n|detailschange|p1a: Ogerpon|Ogerpon-Cornerstone-Tera, L76, F, tera:Rock\n|-ability|p1a: Ogerpon|Embody Aspect (Cornerstone)|boost\n|-boost|p1a: Ogerpon|def|1\n|move|p1a: Ogerpon|Ivy Cudgel|p2a: Mimikyu|[anim] Ivy Cudgel Rock\n|-damage|p2a: Mimikyu|4/100\n|move|p2a: Mimikyu|Drain Punch|p1a: Ogerpon\n|-supereffective|p1a: Ogerpon\n|-damage|p1a: Ogerpon|83/247\n|-heal|p2a: Mimikyu|42/100|[from] drain|[of] p1a: Ogerpon\n|-damage|p2a: Mimikyu|32/100|[from] item: Life Orb\n|\n|upkeep\n|turn|23\n|inactive|Time left: 300 sec this turn | 300 sec total\n|\n|t:|1783543270\n|move|p2a: Mimikyu|Shadow Sneak|p1a: Ogerpon\n|-damage|p1a: Ogerpon|9/247\n|-damage|p2a: Mimikyu|22/100|[from] item: Life Orb\n|move|p1a: Ogerpon|Ivy Cudgel|p2a: Mimikyu|[anim] Ivy Cudgel Rock\n|-damage|p2a: Mimikyu|0 fnt\n|faint|p2a: Mimikyu\n|\n|upkeep\n|\n|t:|1783543271\n|switch|p2a: Toedscruel|Toedscruel, L87, M|100/100\n|turn|24\n|inactive|Time left: 300 sec this turn | 300 sec total\n|\n|t:|1783543273\n|switch|p1a: Alcremie|Alcremie-Lemon-Cream, L90, F|263/263\n|move|p2a: Toedscruel|Knock Off|p1a: Alcremie\n|-resisted|p1a: Alcremie\n|-damage|p1a: Alcremie|235/263\n|-enditem|p1a: Alcremie|Leftovers|[from] move: Knock Off|[of] p2a: Toedscruel\n|\n|upkeep\n|turn|25\n|inactive|Time left: 300 sec this turn | 300 sec total\n|\n|t:|1783543274\n|move|p1a: Alcremie|Calm Mind|p1a: Alcremie\n|-boost|p1a: Alcremie|spa|1\n|-boost|p1a: Alcremie|spd|1\n|move|p2a: Toedscruel|Spore|p1a: Alcremie\n|-status|p1a: Alcremie|slp|[from] move: Spore\n|\n|upkeep\n|turn|26\n|inactive|Time left: 300 sec this turn | 300 sec total\n|\n|t:|1783543275\n|switch|p2a: Swanna|Swanna, L89, M|100/100\n|cant|p1a: Alcremie|slp\n|\n|upkeep\n|turn|27\n|inactive|Time left: 300 sec this turn | 300 sec total\n|\n|t:|1783543276\n|move|p2a: Swanna|Brave Bird|p1a: Alcremie\n|-damage|p1a: Alcremie|105/263 slp\n|-damage|p2a: Swanna|85/100|[from] Recoil\n|cant|p1a: Alcremie|slp\n|\n|upkeep\n|turn|28\n|inactive|Time left: 300 sec this turn | 300 sec total\n|\n|t:|1783543277\n|move|p2a: Swanna|Brave Bird|p1a: Alcremie\n|-damage|p1a: Alcremie|0 fnt\n|faint|p1a: Alcremie\n|-damage|p2a: Swanna|72/100|[from] Recoil\n|\n|upkeep\n|inactive|Time left: 300 sec this turn | 300 sec total | 5 sec grace\n|\n|t:|1783543278\n|switch|p1a: Mandibuzz|Mandibuzz, L85, F|326/326\n|turn|29\n|inactive|Time left: 300 sec this turn | 300 sec total\n|\n|t:|1783543279\n|move|p2a: Swanna|Hydro Pump|p1a: Mandibuzz\n|-damage|p1a: Mandibuzz|220/326\n|move|p1a: Mandibuzz|Foul Play|p2a: Swanna\n|-crit|p2a: Swanna\n|-damage|p2a: Swanna|6/100\n|\n|upkeep\n|turn|30\n|inactive|Time left: 300 sec this turn | 300 sec total\n|\n|t:|1783543280\n|move|p2a: Swanna|Roost|p2a: Swanna\n|-heal|p2a: Swanna|56/100\n|-singleturn|p2a: Swanna|move: Roost\n|move|p1a: Mandibuzz|Foul Play|p2a: Swanna\n|-damage|p2a: Swanna|14/100\n|\n|upkeep\n|turn|31\n|inactive|Time left: 300 sec this turn | 300 sec total\n|\n|t:|1783543281\n|move|p2a: Swanna|Roost|p2a: Swanna\n|-heal|p2a: Swanna|64/100\n|-singleturn|p2a: Swanna|move: Roost\n|move|p1a: Mandibuzz|Foul Play|p2a: Swanna\n|-damage|p2a: Swanna|21/100\n|\n|upkeep\n|turn|32\n|inactive|Time left: 300 sec this turn | 300 sec total\n|\n|t:|1783543282\n|move|p2a: Swanna|Roost|p2a: Swanna\n|-heal|p2a: Swanna|71/100\n|-singleturn|p2a: Swanna|move: Roost\n|move|p1a: Mandibuzz|Foul Play|p2a: Swanna\n|-damage|p2a: Swanna|26/100\n|\n|upkeep\n|turn|33\n|inactive|Time left: 300 sec this turn | 300 sec total\n|\n|t:|1783543283\n|move|p2a: Swanna|Roost|p2a: Swanna\n|-heal|p2a: Swanna|76/100\n|-singleturn|p2a: Swanna|move: Roost\n|move|p1a: Mandibuzz|Foul Play|p2a: Swanna\n|-damage|p2a: Swanna|33/100\n|\n|upkeep\n|turn|34\n|inactive|Time left: 300 sec this turn | 300 sec total\n|\n|t:|1783543284\n|move|p2a: Swanna|Roost|p2a: Swanna\n|-heal|p2a: Swanna|83/100\n|-singleturn|p2a: Swanna|move: Roost\n|move|p1a: Mandibuzz|Foul Play|p2a: Swanna\n|-damage|p2a: Swanna|38/100\n|\n|upkeep\n|turn|35\n|inactive|Time left: 300 sec this turn | 300 sec total\n|\n|t:|1783543285\n|move|p2a: Swanna|Roost|p2a: Swanna\n|-heal|p2a: Swanna|88/100\n|-singleturn|p2a: Swanna|move: Roost\n|move|p1a: Mandibuzz|Foul Play|p2a: Swanna\n|-crit|p2a: Swanna\n|-damage|p2a: Swanna|18/100\n|\n|upkeep\n|turn|36\n|inactive|Time left: 300 sec this turn | 300 sec total\n|\n|t:|1783543286\n|move|p2a: Swanna|Roost|p2a: Swanna\n|-heal|p2a: Swanna|68/100\n|-singleturn|p2a: Swanna|move: Roost\n|move|p1a: Mandibuzz|Foul Play|p2a: Swanna\n|-damage|p2a: Swanna|24/100\n|\n|upkeep\n|turn|37\n|inactive|Time left: 300 sec this turn | 300 sec total\n|\n|t:|1783543287\n|move|p2a: Swanna|Roost|p2a: Swanna\n|-heal|p2a: Swanna|74/100\n|-singleturn|p2a: Swanna|move: Roost\n|move|p1a: Mandibuzz|Foul Play|p2a: Swanna\n|-crit|p2a: Swanna\n|-damage|p2a: Swanna|6/100\n|\n|upkeep\n|turn|38\n|inactive|Time left: 300 sec this turn | 300 sec total\n|\n|t:|1783543288\n|move|p2a: Swanna|Hydro Pump|p1a: Mandibuzz\n|-damage|p1a: Mandibuzz|115/326\n|move|p1a: Mandibuzz|Roost|p1a: Mandibuzz\n|-heal|p1a: Mandibuzz|278/326\n|-singleturn|p1a: Mandibuzz|move: Roost\n|\n|upkeep\n|turn|39\n|inactive|Time left: 300 sec this turn | 300 sec total\n|\n|t:|1783543290\n|move|p2a: Swanna|Hydro Pump|p1a: Mandibuzz\n|-damage|p1a: Mandibuzz|169/326\n|move|p1a: Mandibuzz|Foul Play|p2a: Swanna\n|-damage|p2a: Swanna|0 fnt\n|faint|p2a: Swanna\n|\n|upkeep\n|\n|t:|1783543291\n|switch|p2a: Toedscruel|Toedscruel, L87, M|100/100\n|turn|40\n|inactive|Time left: 300 sec this turn | 300 sec total\n|\n|t:|1783543292\n|move|p1a: Mandibuzz|Roost|p1a: Mandibuzz\n|-heal|p1a: Mandibuzz|326/326\n|-singleturn|p1a: Mandibuzz|move: Roost\n|move|p2a: Toedscruel|Spore|p1a: Mandibuzz\n|-status|p1a: Mandibuzz|slp|[from] move: Spore\n|\n|upkeep\n|turn|41\n|inactive|Time left: 300 sec this turn | 300 sec total\n|\n|t:|1783543293\n|move|p2a: Toedscruel|Knock Off|p1a: Mandibuzz\n|-resisted|p1a: Mandibuzz\n|-damage|p1a: Mandibuzz|303/326 slp\n|-enditem|p1a: Mandibuzz|Heavy-Duty Boots|[from] move: Knock Off|[of] p2a: Toedscruel\n|cant|p1a: Mandibuzz|slp\n|\n|upkeep\n|turn|42\n|inactive|Time left: 300 sec this turn | 300 sec total\n|\n|t:|1783543294\n|switch|p2a: Sunflora|Sunflora, F|100/100\n|cant|p1a: Mandibuzz|slp\n|\n|upkeep\n|turn|43\n|inactive|Time left: 300 sec this turn | 300 sec total\n|\n|t:|1783543296\n|cant|p1a: Mandibuzz|slp\n|move|p2a: Sunflora|Solar Beam||[still]\n|-prepare|p2a: Sunflora|Solar Beam\n|\n|upkeep\n|turn|44\n|inactive|Time left: 300 sec this turn | 300 sec total\n|\n|t:|1783543297\n|-curestatus|p1a: Mandibuzz|slp|[msg]\n|move|p1a: Mandibuzz|Foul Play|p2a: Sunflora\n|-damage|p2a: Sunflora|74/100\n|move|p2a: Sunflora|Solar Beam|p1a: Mandibuzz|[from] lockedmove\n|-resisted|p1a: Mandibuzz\n|-damage|p1a: Mandibuzz|191/326\n|-damage|p2a: Sunflora|64/100|[from] item: Life Orb\n|\n|upkeep\n|turn|45\n|inactive|Time left: 300 sec this turn | 300 sec total\n|\n|t:|1783543298\n|move|p1a: Mandibuzz|Foul Play|p2a: Sunflora\n|-damage|p2a: Sunflora|34/100\n|move|p2a: Sunflora|Solar Beam||[still]\n|-prepare|p2a: Sunflora|Solar Beam\n|\n|upkeep\n|turn|46\n|inactive|Time left: 300 sec this turn | 300 sec total\n|\n|t:|1783543299\n|move|p1a: Mandibuzz|Foul Play|p2a: Sunflora\n|-damage|p2a: Sunflora|4/100\n|move|p2a: Sunflora|Solar Beam|p1a: Mandibuzz|[from] lockedmove\n|-resisted|p1a: Mandibuzz\n|-damage|p1a: Mandibuzz|71/326\n|-damage|p2a: Sunflora|0 fnt|[from] item: Life Orb\n|faint|p2a: Sunflora\n|\n|upkeep\n|\n|t:|1783543300\n|switch|p2a: Toedscruel|Toedscruel, L87, M|100/100\n|turn|47\n|inactive|Time left: 300 sec this turn | 300 sec total\n|\n|t:|1783543301\n|move|p1a: Mandibuzz|Roost|p1a: Mandibuzz\n|-heal|p1a: Mandibuzz|234/326\n|-singleturn|p1a: Mandibuzz|move: Roost\n|move|p2a: Toedscruel|Spore|p1a: Mandibuzz\n|-status|p1a: Mandibuzz|slp|[from] move: Spore\n|\n|upkeep\n|turn|48\n|inactive|Time left: 300 sec this turn | 300 sec total\n|\n|t:|1783543303\n|switch|p2a: Wigglytuff|Wigglytuff, L96, F|11/100\n|cant|p1a: Mandibuzz|slp\n|\n|-heal|p2a: Wigglytuff|17/100|[from] item: Leftovers\n|upkeep\n|turn|49\n|inactive|Time left: 300 sec this turn | 300 sec total\n|\n|t:|1783543304\n|cant|p1a: Mandibuzz|slp\n|move|p2a: Wigglytuff|Knock Off|p1a: Mandibuzz\n|-resisted|p1a: Mandibuzz\n|-damage|p1a: Mandibuzz|215/326 slp\n|\n|-heal|p2a: Wigglytuff|23/100|[from] item: Leftovers\n|upkeep\n|turn|50\n|inactive|Time left: 300 sec this turn | 300 sec total\n|\n|t:|1783543305\n|-curestatus|p1a: Mandibuzz|slp|[msg]\n|move|p1a: Mandibuzz|Foul Play|p2a: Wigglytuff\n|-resisted|p2a: Wigglytuff\n|-damage|p2a: Wigglytuff|7/100\n|move|p2a: Wigglytuff|Thunder Wave|p1a: Mandibuzz\n|-status|p1a: Mandibuzz|par\n|\n|-heal|p2a: Wigglytuff|13/100|[from] item: Leftovers\n|upkeep\n|turn|51\n|inactive|Time left: 300 sec this turn | 300 sec total\n|\n|t:|1783543306\n|move|p2a: Wigglytuff|Knock Off|p1a: Mandibuzz\n|-resisted|p1a: Mandibuzz\n|-damage|p1a: Mandibuzz|194/326 par\n|move|p1a: Mandibuzz|Foul Play|p2a: Wigglytuff\n|-resisted|p2a: Wigglytuff\n|-damage|p2a: Wigglytuff|0 fnt\n|faint|p2a: Wigglytuff\n|\n|upkeep\n|\n|t:|1783543307\n|switch|p2a: Toedscruel|Toedscruel, L87, M|100/100\n|turn|52\n|inactive|Time left: 300 sec this turn | 300 sec total\n|\n|t:|1783543308\n|move|p2a: Toedscruel|Earth Power|p1a: Mandibuzz\n|-immune|p1a: Mandibuzz\n|move|p1a: Mandibuzz|Roost|p1a: Mandibuzz\n|-heal|p1a: Mandibuzz|326/326 par\n|-singleturn|p1a: Mandibuzz|move: Roost\n|\n|upkeep\n|turn|53\n|inactive|Time left: 300 sec this turn | 300 sec total\n|\n|t:|1783543309\n|move|p1a: Mandibuzz|Foul Play|p2a: Toedscruel\n|-damage|p2a: Toedscruel|65/100\n|move|p2a: Toedscruel|Spore||[still]\n|-fail|p2a: Toedscruel\n|\n|-heal|p2a: Toedscruel|71/100|[from] item: Leftovers\n|upkeep\n|turn|54\n|inactive|Time left: 300 sec this turn | 300 sec total\n|\n|t:|1783543310\n|move|p2a: Toedscruel|Knock Off|p1a: Mandibuzz\n|-resisted|p1a: Mandibuzz\n|-damage|p1a: Mandibuzz|309/326 par\n|move|p1a: Mandibuzz|Foul Play|p2a: Toedscruel\n|-damage|p2a: Toedscruel|32/100\n|\n|-heal|p2a: Toedscruel|38/100|[from] item: Leftovers\n|upkeep\n|turn|55\n|inactive|Time left: 300 sec this turn | 300 sec total\n|\n|t:|1783543311\n|move|p1a: Mandibuzz|Foul Play|p2a: Toedscruel\n|-damage|p2a: Toedscruel|2/100\n|move|p2a: Toedscruel|Spore||[still]\n|-fail|p2a: Toedscruel\n|\n|-heal|p2a: Toedscruel|8/100|[from] item: Leftovers\n|upkeep\n|turn|56\n|inactive|Time left: 300 sec this turn | 300 sec total\n|\n|t:|1783543312\n|move|p2a: Toedscruel|Leaf Storm|p1a: Mandibuzz|[miss]\n|-miss|p2a: Toedscruel|p1a: Mandibuzz\n|move|p1a: Mandibuzz|U-turn|p2a: Toedscruel\n|-supereffective|p2a: Toedscruel\n|-damage|p2a: Toedscruel|0 fnt\n|faint|p2a: Toedscruel\n|\n|win|p0x314efe3", "uploadtime": 1783543312, "views": 0, "rating": 0, "private": 0, "password": null, "_winner": "p0x314efe3", "_our_name": "p0x314efe3"}