{"id": "battle-gen9randombattle-2433", "formatid": "gen9randombattle", "format": "[Gen 9] Random Battle", "players": ["p0x2433e9b3", "p0y2433ae83"], "log": "|init|battle\n|title|p0x2433e9b3 vs. p0y2433ae83\n|j|\u2606p0x2433e9b3\n|j|\u2606p0y2433ae83\n|t:|1783568209\n|gametype|singles\n|player|p1|p0x2433e9b3|102|\n|player|p2|p0y2433ae83|2|\n|gen|9\n|tier|[Gen 9] Random Battle\n|rule|Species Clause: Limit one of each Pok\u00e9mon\n|rule|HP Percentage Mod: HP is shown in percentages\n|rule|Sleep Clause Mod: Limit one foe put to sleep\n|rule|Illusion Level Mod: Illusion disguises the Pok\u00e9mon's true level\n|\n|t:|1783568209\n|teamsize|p1|6\n|teamsize|p2|6\n|start\n|switch|p1a: Zapdos|Zapdos, L78|268/268\n|switch|p2a: Pincurchin|Pincurchin, M|100/100\n|-fieldstart|move: Electric Terrain|[from] ability: Electric Surge|[of] p2a: Pincurchin\n|turn|1\n|inactive|Battle timer is ON: inactive players will automatically lose when time's up. (requested by p0x2433e9b3)\n|\n|t:|1783568210\n|switch|p1a: Reuniclus|Reuniclus, L88, M|337/337\n|move|p2a: Pincurchin|Discharge|p1a: Reuniclus\n|-crit|p1a: Reuniclus\n|-damage|p1a: Reuniclus|133/337\n|\n|upkeep\n|turn|2\n|inactive|Time left: 300 sec this turn | 300 sec total\n|inactive|p0y2433ae83 also wants the timer to be on.\n|\n|t:|1783568212\n|move|p1a: Reuniclus|Recover|p1a: Reuniclus\n|-heal|p1a: Reuniclus|302/337\n|move|p2a: Pincurchin|Discharge|p1a: Reuniclus\n|-damage|p1a: Reuniclus|164/337\n|\n|upkeep\n|turn|3\n|inactive|Time left: 300 sec this turn | 300 sec total\n|\n|t:|1783568213\n|move|p1a: Reuniclus|Calm Mind|p1a: Reuniclus\n|-boost|p1a: Reuniclus|spa|1\n|-boost|p1a: Reuniclus|spd|1\n|move|p2a: Pincurchin|Discharge|p1a: Reuniclus\n|-damage|p1a: Reuniclus|65/337\n|\n|upkeep\n|turn|4\n|inactive|Time left: 300 sec this turn | 300 sec total\n|\n|t:|1783568214\n|switch|p2a: Slaking|Slaking, L84, F|100/100\n|move|p1a: Reuniclus|Recover|p1a: Reuniclus\n|-heal|p1a: Reuniclus|234/337\n|\n|upkeep\n|turn|5\n|inactive|Time left: 300 sec this turn | 300 sec total\n|\n|t:|1783568215\n|move|p2a: Slaking|Giga Impact|p1a: Reuniclus\n|-damage|p1a: Reuniclus|0 fnt\n|-mustrecharge|p2a: Slaking\n|faint|p1a: Reuniclus\n|\n|-fieldend|move: Electric Terrain\n|upkeep\n|inactive|Time left: 300 sec this turn | 300 sec total | 5 sec grace\n|\n|t:|1783568216\n|switch|p1a: Scizor|Scizor, L79, F|240/240\n|turn|6\n|inactive|Time left: 300 sec this turn | 300 sec total\n|\n|t:|1783568217\n|cant|p2a: Slaking|recharge\n|move|p1a: Scizor|Knock Off|p2a: Slaking\n|-damage|p2a: Slaking|72/100\n|-enditem|p2a: Slaking|Choice Band|[from] move: Knock Off|[of] p1a: Scizor\n|\n|upkeep\n|turn|7\n|inactive|Time left: 300 sec this turn | 300 sec total\n|\n|t:|1783568218\n|move|p2a: Slaking|Giga Impact|p1a: Scizor\n|-resisted|p1a: Scizor\n|-damage|p1a: Scizor|122/240\n|-mustrecharge|p2a: Slaking\n|move|p1a: Scizor|Knock Off|p2a: Slaking\n|-damage|p2a: Slaking|54/100\n|\n|upkeep\n|turn|8\n|inactive|Time left: 300 sec this turn | 300 sec total\n|\n|t:|1783568219\n|switch|p1a: Glaceon|Glaceon, L94, M|275/275\n|cant|p2a: Slaking|recharge\n|\n|upkeep\n|turn|9\n|inactive|Time left: 300 sec this turn | 300 sec total\n|\n|t:|1783568220\n|move|p2a: Slaking|Giga Impact|p1a: Glaceon\n|-damage|p1a: Glaceon|80/275\n|-mustrecharge|p2a: Slaking\n|move|p1a: Glaceon|Freeze-Dry|p2a: Slaking\n|-damage|p2a: Slaking|17/100\n|\n|upkeep\n|turn|10\n|inactive|Time left: 300 sec this turn | 300 sec total\n|\n|t:|1783568221\n|cant|p2a: Slaking|recharge\n|move|p1a: Glaceon|Mud Shot|p2a: Slaking\n|-damage|p2a: Slaking|0 fnt\n|faint|p2a: Slaking\n|\n|upkeep\n|\n|t:|1783568222\n|switch|p2a: Barraskewda|Barraskewda, L81, F|100/100\n|turn|11\n|inactive|Time left: 300 sec this turn | 300 sec total\n|\n|t:|1783568223\n|move|p1a: Glaceon|Protect|p1a: Glaceon\n|-singleturn|p1a: Glaceon|Protect\n|move|p2a: Barraskewda|Waterfall|p1a: Glaceon\n|-activate|p1a: Glaceon|move: Protect\n|\n|upkeep\n|turn|12\n|inactive|Time left: 300 sec this turn | 300 sec total\n|\n|t:|1783568224\n|switch|p1a: Swanna|Swanna, L89, M|278/278\n|move|p2a: Barraskewda|Waterfall|p1a: Swanna\n|-resisted|p1a: Swanna\n|-damage|p1a: Swanna|190/278\n|\n|upkeep\n|turn|13\n|inactive|Time left: 300 sec this turn | 300 sec total\n|\n|t:|1783568225\n|move|p2a: Barraskewda|Waterfall|p1a: Swanna\n|-resisted|p1a: Swanna\n|-damage|p1a: Swanna|97/278\n|move|p1a: Swanna|Roost|p1a: Swanna\n|-heal|p1a: Swanna|236/278\n|-singleturn|p1a: Swanna|move: Roost\n|\n|upkeep\n|turn|14\n|inactive|Time left: 300 sec this turn | 300 sec total\n|\n|t:|1783568226\n|move|p2a: Barraskewda|Waterfall|p1a: Swanna\n|-resisted|p1a: Swanna\n|-damage|p1a: Swanna|156/278\n|move|p1a: Swanna|Brave Bird|p2a: Barraskewda\n|-damage|p2a: Barraskewda|22/100\n|-damage|p1a: Swanna|96/278|[from] Recoil\n|\n|upkeep\n|turn|15\n|inactive|Time left: 300 sec this turn | 300 sec total\n|\n|t:|1783568227\n|move|p2a: Barraskewda|Waterfall|p1a: Swanna\n|-resisted|p1a: Swanna\n|-damage|p1a: Swanna|12/278\n|move|p1a: Swanna|Roost|p1a: Swanna\n|-heal|p1a: Swanna|151/278\n|-singleturn|p1a: Swanna|move: Roost\n|\n|upkeep\n|turn|16\n|inactive|Time left: 300 sec this turn | 300 sec total\n|\n|t:|1783568228\n|move|p2a: Barraskewda|Waterfall|p1a: Swanna\n|-resisted|p1a: Swanna\n|-damage|p1a: Swanna|67/278\n|move|p1a: Swanna|Hydro Pump|p2a: Barraskewda\n|-resisted|p2a: Barraskewda\n|-damage|p2a: Barraskewda|0 fnt\n|faint|p2a: Barraskewda\n|\n|upkeep\n|\n|t:|1783568229\n|switch|p2a: Pincurchin|Pincurchin, M|100/100\n|-fieldstart|move: Electric Terrain|[from] ability: Electric Surge|[of] p2a: Pincurchin\n|turn|17\n|inactive|Time left: 300 sec this turn | 300 sec total\n|\n|t:|1783568230\n|move|p1a: Swanna|Roost|p1a: Swanna\n|-heal|p1a: Swanna|206/278\n|-singleturn|p1a: Swanna|move: Roost\n|move|p2a: Pincurchin|Discharge|p1a: Swanna\n|-supereffective|p1a: Swanna\n|-damage|p1a: Swanna|0 fnt\n|faint|p1a: Swanna\n|\n|upkeep\n|inactive|Time left: 300 sec this turn | 300 sec total | 5 sec grace\n|\n|t:|1783568230\n|switch|p1a: Glaceon|Glaceon, L94, M|80/275\n|turn|18\n|inactive|Time left: 300 sec this turn | 300 sec total\n|\n|t:|1783568231\n|move|p1a: Glaceon|Mud Shot|p2a: Pincurchin\n|-supereffective|p2a: Pincurchin\n|-damage|p2a: Pincurchin|60/100\n|-unboost|p2a: Pincurchin|spe|1\n|move|p2a: Pincurchin|Scald|p1a: Glaceon\n|-damage|p1a: Glaceon|15/275\n|\n|-heal|p2a: Pincurchin|66/100|[from] item: Leftovers\n|upkeep\n|turn|19\n|inactive|Time left: 300 sec this turn | 300 sec total\n|\n|t:|1783568232\n|move|p1a: Glaceon|Freeze-Dry|p2a: Pincurchin\n|-damage|p2a: Pincurchin|29/100\n|move|p2a: Pincurchin|Recover|p2a: Pincurchin\n|-heal|p2a: Pincurchin|79/100\n|\n|-heal|p2a: Pincurchin|85/100|[from] item: Leftovers\n|upkeep\n|turn|20\n|inactive|Time left: 300 sec this turn | 300 sec total\n|\n|t:|1783568233\n|move|p1a: Glaceon|Mud Shot|p2a: Pincurchin\n|-supereffective|p2a: Pincurchin\n|-damage|p2a: Pincurchin|44/100\n|-unboost|p2a: Pincurchin|spe|1\n|move|p2a: Pincurchin|Scald|p1a: Glaceon\n|-damage|p1a: Glaceon|0 fnt\n|faint|p1a: Glaceon\n|\n|-heal|p2a: Pincurchin|50/100|[from] item: Leftovers\n|upkeep\n|inactive|Time left: 300 sec this turn | 300 sec total | 5 sec grace\n|\n|t:|1783568233\n|switch|p1a: Mewtwo|Mewtwo, L72|272/272\n|-ability|p1a: Mewtwo|Pressure\n|turn|21\n|inactive|Time left: 300 sec this turn | 300 sec total\n|\n|t:|1783568234\n|move|p1a: Mewtwo|Nasty Plot|p1a: Mewtwo\n|-boost|p1a: Mewtwo|spa|2\n|move|p2a: Pincurchin|Discharge|p1a: Mewtwo\n|-damage|p1a: Mewtwo|98/272\n|-status|p1a: Mewtwo|par\n|\n|-heal|p2a: Pincurchin|56/100|[from] item: Leftovers\n|-fieldend|move: Electric Terrain\n|upkeep\n|turn|22\n|inactive|Time left: 300 sec this turn | 300 sec total\n|\n|t:|1783568235\n|cant|p1a: Mewtwo|par\n|move|p2a: Pincurchin|Discharge|p1a: Mewtwo\n|-damage|p1a: Mewtwo|0 fnt\n|faint|p1a: Mewtwo\n|\n|-heal|p2a: Pincurchin|62/100|[from] item: Leftovers\n|upkeep\n|inactive|Time left: 300 sec this turn | 300 sec total | 5 sec grace\n|\n|t:|1783568235\n|switch|p1a: Scizor|Scizor, L79, F|122/240\n|turn|23\n|inactive|Time left: 300 sec this turn | 300 sec total\n|\n|t:|1783568236\n|move|p1a: Scizor|U-turn|p2a: Pincurchin\n|-damage|p2a: Pincurchin|24/100\n|inactive|Time left: 300 sec this turn | 300 sec total | 5 sec grace\n|\n|t:|1783568237\n|switch|p1a: Zapdos|Zapdos, L78|268/268|[from] U-turn\n|move|p2a: Pincurchin|Discharge|p1a: Zapdos\n|-damage|p1a: Zapdos|139/268\n|\n|-heal|p2a: Pincurchin|30/100|[from] item: Leftovers\n|upkeep\n|turn|24\n|inactive|Time left: 300 sec this turn | 300 sec total\n|\n|t:|1783568238\n|move|p1a: Zapdos|Roost|p1a: Zapdos\n|-heal|p1a: Zapdos|268/268\n|-singleturn|p1a: Zapdos|move: Roost\n|move|p2a: Pincurchin|Recover|p2a: Pincurchin\n|-heal|p2a: Pincurchin|80/100\n|\n|-heal|p2a: Pincurchin|86/100|[from] item: Leftovers\n|upkeep\n|turn|25\n|inactive|Time left: 300 sec this turn | 300 sec total\n|\n|t:|1783568239\n|move|p1a: Zapdos|Discharge|p2a: Pincurchin\n|-resisted|p2a: Pincurchin\n|-damage|p2a: Pincurchin|70/100\n|move|p2a: Pincurchin|Discharge|p1a: Zapdos\n|-damage|p1a: Zapdos|156/268\n|\n|-heal|p2a: Pincurchin|76/100|[from] item: Leftovers\n|upkeep\n|turn|26\n|inactive|Time left: 300 sec this turn | 300 sec total\n|\n|t:|1783568240\n|move|p1a: Zapdos|Roost|p1a: Zapdos\n|-heal|p1a: Zapdos|268/268\n|-singleturn|p1a: Zapdos|move: Roost\n|move|p2a: Pincurchin|Discharge|p1a: Zapdos\n|-resisted|p1a: Zapdos\n|-damage|p1a: Zapdos|211/268\n|\n|-heal|p2a: Pincurchin|83/100|[from] item: Leftovers\n|upkeep\n|turn|27\n|inactive|Time left: 300 sec this turn | 300 sec total\n|\n|t:|1783568241\n|move|p1a: Zapdos|Discharge|p2a: Pincurchin\n|-resisted|p2a: Pincurchin\n|-damage|p2a: Pincurchin|68/100\n|move|p2a: Pincurchin|Discharge|p1a: Zapdos\n|-damage|p1a: Zapdos|79/268\n|\n|-heal|p2a: Pincurchin|74/100|[from] item: Leftovers\n|upkeep\n|turn|28\n|inactive|Time left: 300 sec this turn | 300 sec total\n|\n|t:|1783568242\n|move|p1a: Zapdos|Roost|p1a: Zapdos\n|-heal|p1a: Zapdos|213/268\n|-singleturn|p1a: Zapdos|move: Roost\n|move|p2a: Pincurchin|Discharge|p1a: Zapdos\n|-resisted|p1a: Zapdos\n|-damage|p1a: Zapdos|153/268\n|\n|-heal|p2a: Pincurchin|80/100|[from] item: Leftovers\n|upkeep\n|turn|29\n|inactive|Time left: 300 sec this turn | 300 sec total\n|\n|t:|1783568243\n|move|p1a: Zapdos|Roost|p1a: Zapdos\n|-heal|p1a: Zapdos|268/268\n|-singleturn|p1a: Zapdos|move: Roost\n|move|p2a: Pincurchin|Scald|p1a: Zapdos\n|-damage|p1a: Zapdos|193/268\n|\n|-heal|p2a: Pincurchin|87/100|[from] item: Leftovers\n|upkeep\n|turn|30\n|inactive|Time left: 300 sec this turn | 300 sec total\n|\n|t:|1783568244\n|move|p1a: Zapdos|Roost|p1a: Zapdos\n|-heal|p1a: Zapdos|268/268\n|-singleturn|p1a: Zapdos|move: Roost\n|move|p2a: Pincurchin|Discharge|p1a: Zapdos\n|-resisted|p1a: Zapdos\n|-damage|p1a: Zapdos|209/268\n|\n|-heal|p2a: Pincurchin|93/100|[from] item: Leftovers\n|upkeep\n|turn|31\n|inactive|Time left: 300 sec this turn | 300 sec total\n|\n|t:|1783568245\n|move|p1a: Zapdos|Roost|p1a: Zapdos\n|-heal|p1a: Zapdos|268/268\n|-singleturn|p1a: Zapdos|move: Roost\n|move|p2a: Pincurchin|Discharge|p1a: Zapdos\n|-resisted|p1a: Zapdos\n|-damage|p1a: Zapdos|210/268\n|\n|-heal|p2a: Pincurchin|99/100|[from] item: Leftovers\n|upkeep\n|turn|32\n|inactive|Time left: 300 sec this turn | 300 sec total\n|\n|t:|1783568246\n|move|p1a: Zapdos|Roost|p1a: Zapdos\n|-heal|p1a: Zapdos|268/268\n|-singleturn|p1a: Zapdos|move: Roost\n|move|p2a: Pincurchin|Discharge|p1a: Zapdos\n|-resisted|p1a: Zapdos\n|-damage|p1a: Zapdos|210/268\n|\n|-heal|p2a: Pincurchin|100/100|[from] item: Leftovers\n|upkeep\n|turn|33\n|inactive|Time left: 300 sec this turn | 300 sec total\n|\n|t:|1783568248\n|move|p1a: Zapdos|Hurricane|p2a: Pincurchin\n|-resisted|p2a: Pincurchin\n|-damage|p2a: Pincurchin|78/100\n|move|p2a: Pincurchin|Discharge|p1a: Zapdos\n|-damage|p1a: Zapdos|83/268\n|\n|-heal|p2a: Pincurchin|85/100|[from] item: Leftovers\n|upkeep\n|turn|34\n|inactive|Time left: 300 sec this turn | 300 sec total\n|\n|t:|1783568249\n|move|p1a: Zapdos|Roost|p1a: Zapdos\n|-heal|p1a: Zapdos|217/268\n|-singleturn|p1a: Zapdos|move: Roost\n|move|p2a: Pincurchin|Discharge|p1a: Zapdos\n|-resisted|p1a: Zapdos\n|-damage|p1a: Zapdos|160/268\n|\n|-heal|p2a: Pincurchin|91/100|[from] item: Leftovers\n|upkeep\n|turn|35\n|inactive|Time left: 300 sec this turn | 300 sec total\n|\n|t:|1783568250\n|move|p1a: Zapdos|Hurricane|p2a: Pincurchin\n|-resisted|p2a: Pincurchin\n|-damage|p2a: Pincurchin|71/100\n|-start|p2a: Pincurchin|confusion\n|-activate|p2a: Pincurchin|confusion\n|move|p2a: Pincurchin|Discharge|p1a: Zapdos\n|-damage|p1a: Zapdos|31/268\n|\n|-heal|p2a: Pincurchin|78/100|[from] item: Leftovers\n|upkeep\n|turn|36\n|inactive|Time left: 300 sec this turn | 300 sec total\n|\n|t:|1783568251\n|move|p1a: Zapdos|Hurricane|p2a: Pincurchin\n|-resisted|p2a: Pincurchin\n|-damage|p2a: Pincurchin|59/100\n|-end|p2a: Pincurchin|confusion\n|move|p2a: Pincurchin|Discharge|p1a: Zapdos\n|-damage|p1a: Zapdos|0 fnt\n|faint|p1a: Zapdos\n|\n|-heal|p2a: Pincurchin|65/100|[from] item: Leftovers\n|upkeep\n|inactive|Time left: 300 sec this turn | 300 sec total | 5 sec grace\n|\n|t:|1783568252\n|switch|p1a: Scizor|Scizor, L79, F|122/240\n|turn|37\n|inactive|Time left: 300 sec this turn | 300 sec total\n|\n|t:|1783568253\n|-terastallize|p1a: Scizor|Steel\n|-terastallize|p2a: Pincurchin|Water\n|move|p1a: Scizor|U-turn|p2a: Pincurchin\n|-damage|p2a: Pincurchin|26/100\n|move|p2a: Pincurchin|Scald|p1a: Scizor\n|-damage|p1a: Scizor|0 fnt\n|faint|p1a: Scizor\n|\n|win|p0y2433ae83", "uploadtime": 1783568253, "views": 0, "rating": 0, "private": 0, "password": null, "_winner": "p0y2433ae83", "_our_name": "p0x2433e9b3"}