{"id": "battle-gen9randombattle-2079", "formatid": "gen9randombattle", "format": "[Gen 9] Random Battle", "players": ["p0x20797bb5", "p0y2079ca34"], "log": "|init|battle\n|title|p0x20797bb5 vs. p0y2079ca34\n|j|\u2606p0x20797bb5\n|j|\u2606p0y2079ca34\n|t:|1783563275\n|gametype|singles\n|player|p1|p0x20797bb5|266|\n|player|p2|p0y2079ca34|101|\n|gen|9\n|tier|[Gen 9] Random Battle\n|rule|Species Clause: Limit one of each Pok\u00e9mon\n|rule|HP Percentage Mod: HP is shown in percentages\n|rule|Sleep Clause Mod: Limit one foe put to sleep\n|rule|Illusion Level Mod: Illusion disguises the Pok\u00e9mon's true level\n|\n|t:|1783563275\n|teamsize|p1|6\n|teamsize|p2|6\n|start\n|switch|p1a: Milotic|Milotic, L83, F|293/293\n|switch|p2a: Okidogi|Okidogi, L77, M|100/100\n|turn|1\n|inactive|Battle timer is ON: inactive players will automatically lose when time's up. (requested by p0x20797bb5)\n|inactive|p0y2079ca34 also wants the timer to be on.\n|\n|t:|1783563276\n|move|p1a: Milotic|Scald|p2a: Okidogi\n|-damage|p2a: Okidogi|76/100\n|move|p2a: Okidogi|Drain Punch|p1a: Milotic\n|-damage|p1a: Milotic|203/293\n|-heal|p2a: Okidogi|93/100|[from] drain|[of] p1a: Milotic\n|\n|-heal|p1a: Milotic|221/293|[from] item: Leftovers\n|upkeep\n|turn|2\n|inactive|Time left: 300 sec this turn | 300 sec total\n|\n|t:|1783563277\n|move|p1a: Milotic|Scald|p2a: Okidogi\n|-damage|p2a: Okidogi|71/100\n|move|p2a: Okidogi|Gunk Shot|p1a: Milotic\n|-damage|p1a: Milotic|82/293\n|\n|-heal|p1a: Milotic|100/293|[from] item: Leftovers\n|upkeep\n|turn|3\n|inactive|Time left: 300 sec this turn | 300 sec total\n|\n|t:|1783563278\n|move|p1a: Milotic|Scald|p2a: Okidogi\n|-damage|p2a: Okidogi|47/100\n|move|p2a: Okidogi|Drain Punch|p1a: Milotic\n|-damage|p1a: Milotic|10/293\n|-heal|p2a: Okidogi|64/100|[from] drain|[of] p1a: Milotic\n|\n|-heal|p1a: Milotic|28/293|[from] item: Leftovers\n|upkeep\n|turn|4\n|inactive|Time left: 300 sec this turn | 300 sec total\n|\n|t:|1783563280\n|move|p1a: Milotic|Scald|p2a: Okidogi\n|-damage|p2a: Okidogi|38/100\n|move|p2a: Okidogi|Drain Punch|p1a: Milotic\n|-damage|p1a: Milotic|0 fnt\n|-heal|p2a: Okidogi|43/100|[from] drain|[of] p1a: Milotic\n|faint|p1a: Milotic\n|\n|upkeep\n|inactive|Time left: 300 sec this turn | 300 sec total | 5 sec grace\n|\n|t:|1783563281\n|switch|p1a: Squawkabilly|Squawkabilly, L85, M|278/278\n|turn|5\n|inactive|Time left: 300 sec this turn | 300 sec total\n|\n|t:|1783563282\n|switch|p2a: Iron Crown|Iron Crown, L78|100/100\n|move|p1a: Squawkabilly|Brave Bird|p2a: Iron Crown\n|-resisted|p2a: Iron Crown\n|-damage|p2a: Iron Crown|78/100\n|-damage|p1a: Squawkabilly|258/278|[from] Recoil\n|\n|-status|p1a: Squawkabilly|brn|[from] item: Flame Orb\n|upkeep\n|turn|6\n|inactive|Time left: 300 sec this turn | 300 sec total\n|\n|t:|1783563283\n|move|p1a: Squawkabilly|Protect|p1a: Squawkabilly\n|-singleturn|p1a: Squawkabilly|Protect\n|move|p2a: Iron Crown|Tachyon Cutter|p1a: Squawkabilly\n|-activate|p1a: Squawkabilly|move: Protect\n|\n|-damage|p1a: Squawkabilly|241/278 brn|[from] brn\n|upkeep\n|turn|7\n|inactive|Time left: 300 sec this turn | 300 sec total\n|\n|t:|1783563284\n|switch|p1a: Reuniclus|Reuniclus, L88, F|337/337\n|move|p2a: Iron Crown|Tachyon Cutter|p1a: Reuniclus\n|-damage|p1a: Reuniclus|250/337\n|-damage|p1a: Reuniclus|169/337\n|-hitcount|p1a: Reuniclus|2\n|\n|upkeep\n|turn|8\n|inactive|Time left: 300 sec this turn | 300 sec total\n|\n|t:|1783563285\n|move|p2a: Iron Crown|Tachyon Cutter|p1a: Reuniclus\n|-damage|p1a: Reuniclus|90/337\n|-crit|p1a: Reuniclus\n|-damage|p1a: Reuniclus|0 fnt\n|faint|p1a: Reuniclus\n|-hitcount|p1: Reuniclus|2\n|\n|upkeep\n|inactive|Time left: 300 sec this turn | 300 sec total | 5 sec grace\n|\n|t:|1783563286\n|switch|p1a: Slither Wing|Slither Wing, L81|270/270\n|turn|9\n|inactive|Time left: 300 sec this turn | 300 sec total\n|\n|t:|1783563287\n|move|p2a: Iron Crown|Tachyon Cutter|p1a: Slither Wing\n|-damage|p1a: Slither Wing|195/270\n|-damage|p1a: Slither Wing|126/270\n|-hitcount|p1a: Slither Wing|2\n|move|p1a: Slither Wing|Close Combat|p2a: Iron Crown\n|-damage|p2a: Iron Crown|0 fnt\n|-unboost|p1a: Slither Wing|def|1\n|-unboost|p1a: Slither Wing|spd|1\n|faint|p2a: Iron Crown\n|-end|p2a: Iron Crown|Quark Drive|[silent]\n|\n|upkeep\n|\n|t:|1783563288\n|switch|p2a: Basculin|Basculin-Blue-Striped, L86, F|100/100\n|turn|10\n|inactive|Time left: 300 sec this turn | 300 sec total\n|\n|t:|1783563290\n|-end|p1a: Slither Wing|Protosynthesis|[silent]\n|switch|p1a: Bellossom|Bellossom, L84, M|263/263\n|move|p2a: Basculin|Wave Crash|p1a: Bellossom\n|-resisted|p1a: Bellossom\n|-damage|p1a: Bellossom|146/263\n|-damage|p2a: Basculin|86/100|[from] Recoil\n|\n|-heal|p1a: Bellossom|162/263|[from] item: Leftovers\n|upkeep\n|turn|11\n|inactive|Time left: 300 sec this turn | 300 sec total\n|\n|t:|1783563291\n|move|p2a: Basculin|Wave Crash|p1a: Bellossom\n|-resisted|p1a: Bellossom\n|-damage|p1a: Bellossom|38/263\n|-damage|p2a: Basculin|70/100|[from] Recoil\n|move|p1a: Bellossom|Giga Drain|p2a: Basculin\n|-supereffective|p2a: Basculin\n|-damage|p2a: Basculin|0 fnt\n|-heal|p1a: Bellossom|129/263|[from] drain|[of] p2a: Basculin\n|faint|p2a: Basculin\n|\n|-heal|p1a: Bellossom|145/263|[from] item: Leftovers\n|upkeep\n|\n|t:|1783563292\n|switch|p2a: Mienshao|Mienshao, L83, M|100/100\n|turn|12\n|inactive|Time left: 300 sec this turn | 300 sec total\n|\n|t:|1783563293\n|move|p2a: Mienshao|Swords Dance|p2a: Mienshao\n|-boost|p2a: Mienshao|atk|2\n|move|p1a: Bellossom|Strength Sap|p2a: Mienshao\n|-unboost|p2a: Mienshao|atk|1\n|-heal|p1a: Bellossom|263/263\n|\n|upkeep\n|turn|13\n|inactive|Time left: 300 sec this turn | 300 sec total\n|\n|t:|1783563294\n|move|p2a: Mienshao|Close Combat|p1a: Bellossom\n|-crit|p1a: Bellossom\n|-damage|p1a: Bellossom|0 fnt\n|-unboost|p2a: Mienshao|def|1\n|-unboost|p2a: Mienshao|spd|1\n|faint|p1a: Bellossom\n|-damage|p2a: Mienshao|91/100|[from] item: Life Orb\n|\n|upkeep\n|inactive|Time left: 300 sec this turn | 300 sec total | 5 sec grace\n|\n|t:|1783563295\n|switch|p1a: Oricorio|Oricorio-Sensu, L85, M|266/266\n|turn|14\n|inactive|Time left: 300 sec this turn | 300 sec total\n|\n|t:|1783563296\n|-terastallize|p1a: Oricorio|Fighting\n|move|p2a: Mienshao|Knock Off|p1a: Oricorio\n|-resisted|p1a: Oricorio\n|-damage|p1a: Oricorio|174/266\n|-enditem|p1a: Oricorio|Heavy-Duty Boots|[from] move: Knock Off|[of] p2a: Mienshao\n|-damage|p2a: Mienshao|81/100|[from] item: Life Orb\n|move|p1a: Oricorio|Revelation Dance|p2a: Mienshao\n|-damage|p2a: Mienshao|0 fnt\n|faint|p2a: Mienshao\n|\n|upkeep\n|\n|t:|1783563297\n|switch|p2a: Salazzle|Salazzle, L83, F|100/100\n|turn|15\n|inactive|Time left: 300 sec this turn | 300 sec total\n|\n|t:|1783563297\n|move|p2a: Salazzle|Nasty Plot|p2a: Salazzle\n|-boost|p2a: Salazzle|spa|2\n|move|p1a: Oricorio|Quiver Dance|p1a: Oricorio\n|-boost|p1a: Oricorio|spa|1\n|-boost|p1a: Oricorio|spd|1\n|-boost|p1a: Oricorio|spe|1\n|\n|upkeep\n|turn|16\n|inactive|Time left: 300 sec this turn | 300 sec total\n|\n|t:|1783563298\n|move|p1a: Oricorio|Hurricane|p2a: Salazzle\n|-damage|p2a: Salazzle|0 fnt\n|faint|p2a: Salazzle\n|\n|upkeep\n|\n|t:|1783563299\n|switch|p2a: Dondozo|Dondozo, L78, M|100/100\n|turn|17\n|inactive|Time left: 300 sec this turn | 300 sec total\n|\n|t:|1783563301\n|move|p1a: Oricorio|Roost|p1a: Oricorio\n|-heal|p1a: Oricorio|266/266\n|move|p2a: Dondozo|Wave Crash|p1a: Oricorio\n|-damage|p1a: Oricorio|131/266\n|-damage|p2a: Dondozo|88/100|[from] Recoil\n|\n|-heal|p2a: Dondozo|94/100|[from] item: Leftovers\n|upkeep\n|turn|18\n|inactive|Time left: 300 sec this turn | 300 sec total\n|\n|t:|1783563302\n|move|p1a: Oricorio|Roost|p1a: Oricorio\n|-heal|p1a: Oricorio|264/266\n|move|p2a: Dondozo|Wave Crash|p1a: Oricorio\n|-damage|p1a: Oricorio|135/266\n|-damage|p2a: Dondozo|82/100|[from] Recoil\n|\n|-heal|p2a: Dondozo|88/100|[from] item: Leftovers\n|upkeep\n|turn|19\n|inactive|Time left: 300 sec this turn | 300 sec total\n|\n|t:|1783563303\n|move|p1a: Oricorio|Roost|p1a: Oricorio\n|-heal|p1a: Oricorio|266/266\n|move|p2a: Dondozo|Wave Crash|p1a: Oricorio\n|-damage|p1a: Oricorio|140/266\n|-damage|p2a: Dondozo|77/100|[from] Recoil\n|\n|-heal|p2a: Dondozo|83/100|[from] item: Leftovers\n|upkeep\n|turn|20\n|inactive|Time left: 300 sec this turn | 300 sec total\n|\n|t:|1783563304\n|move|p1a: Oricorio|Roost|p1a: Oricorio\n|-heal|p1a: Oricorio|266/266\n|move|p2a: Dondozo|Wave Crash|p1a: Oricorio\n|-damage|p1a: Oricorio|143/266\n|-damage|p2a: Dondozo|71/100|[from] Recoil\n|\n|-heal|p2a: Dondozo|78/100|[from] item: Leftovers\n|upkeep\n|turn|21\n|inactive|Time left: 300 sec this turn | 300 sec total\n|\n|t:|1783563305\n|move|p1a: Oricorio|Roost|p1a: Oricorio\n|-heal|p1a: Oricorio|266/266\n|move|p2a: Dondozo|Wave Crash|p1a: Oricorio\n|-damage|p1a: Oricorio|127/266\n|-damage|p2a: Dondozo|65/100|[from] Recoil\n|\n|-heal|p2a: Dondozo|71/100|[from] item: Leftovers\n|upkeep\n|turn|22\n|inactive|Time left: 300 sec this turn | 300 sec total\n|\n|t:|1783563305\n|switch|p2a: Okidogi|Okidogi, L77, M|43/100\n|move|p1a: Oricorio|Revelation Dance|p2a: Okidogi\n|-resisted|p2a: Okidogi\n|-damage|p2a: Okidogi|23/100\n|\n|upkeep\n|turn|23\n|inactive|Time left: 300 sec this turn | 300 sec total\n|\n|t:|1783563306\n|move|p1a: Oricorio|Hurricane|p2a: Okidogi|[miss]\n|-miss|p1a: Oricorio|p2a: Okidogi\n|move|p2a: Okidogi|Drain Punch|p1a: Oricorio\n|-damage|p1a: Oricorio|28/266\n|-heal|p2a: Okidogi|42/100|[from] drain|[of] p1a: Oricorio\n|\n|upkeep\n|turn|24\n|inactive|Time left: 300 sec this turn | 300 sec total\n|\n|t:|1783563307\n|move|p1a: Oricorio|Hurricane|p2a: Okidogi\n|-supereffective|p2a: Okidogi\n|-damage|p2a: Okidogi|0 fnt\n|faint|p2a: Okidogi\n|\n|upkeep\n|\n|t:|1783563308\n|switch|p2a: Dondozo|Dondozo, L78, M|71/100\n|turn|25\n|inactive|Time left: 300 sec this turn | 300 sec total\n|\n|t:|1783563309\n|move|p1a: Oricorio|Revelation Dance|p2a: Dondozo\n|-damage|p2a: Dondozo|31/100\n|move|p2a: Dondozo|Rest|p2a: Dondozo\n|-status|p2a: Dondozo|slp|[from] move: Rest\n|-heal|p2a: Dondozo|100/100 slp|[silent]\n|\n|upkeep\n|turn|26\n|inactive|Time left: 300 sec this turn | 300 sec total\n|\n|t:|1783563309\n|move|p1a: Oricorio|Hurricane|p2a: Dondozo\n|-damage|p2a: Dondozo|52/100 slp\n|cant|p2a: Dondozo|slp\n|move|p2a: Dondozo|Sleep Talk|p2a: Dondozo\n|move|p2a: Dondozo|Rest||[from] move: Sleep Talk|[still]\n|-fail|p2a: Dondozo\n|\n|-heal|p2a: Dondozo|58/100 slp|[from] item: Leftovers\n|upkeep\n|turn|27\n|inactive|Time left: 300 sec this turn | 300 sec total\n|\n|t:|1783563310\n|-terastallize|p2a: Dondozo|Dragon\n|move|p1a: Oricorio|Revelation Dance|p2a: Dondozo\n|-damage|p2a: Dondozo|18/100 slp\n|cant|p2a: Dondozo|slp\n|move|p2a: Dondozo|Sleep Talk|p2a: Dondozo\n|move|p2a: Dondozo|Rest||[from] move: Sleep Talk|[still]\n|-fail|p2a: Dondozo\n|\n|-heal|p2a: Dondozo|24/100 slp|[from] item: Leftovers\n|upkeep\n|turn|28\n|inactive|Time left: 300 sec this turn | 300 sec total\n|\n|t:|1783563311\n|move|p1a: Oricorio|Revelation Dance|p2a: Dondozo\n|-damage|p2a: Dondozo|0 fnt\n|faint|p2a: Dondozo\n|\n|win|p0x20797bb5", "uploadtime": 1783563311, "views": 0, "rating": 0, "private": 0, "password": null, "_winner": "p0x20797bb5", "_our_name": "p0x20797bb5"}