{"id": "battle-gen9randombattle-411", "formatid": "gen9randombattle", "format": "[Gen 9] Random Battle", "players": ["p0x4116e02", "p0y41181fb"], "log": "|init|battle\n|title|p0x4116e02 vs. p0y41181fb\n|j|\u2606p0x4116e02\n|j|\u2606p0y41181fb\n|t:|1783544478\n|gametype|singles\n|player|p1|p0x4116e02|1|\n|player|p2|p0y41181fb|169|\n|gen|9\n|tier|[Gen 9] Random Battle\n|rule|Species Clause: Limit one of each Pok\u00e9mon\n|rule|HP Percentage Mod: HP is shown in percentages\n|rule|Sleep Clause Mod: Limit one foe put to sleep\n|rule|Illusion Level Mod: Illusion disguises the Pok\u00e9mon's true level\n|\n|t:|1783544478\n|teamsize|p1|6\n|teamsize|p2|6\n|start\n|switch|p1a: Mimikyu|Mimikyu, L79, F|216/216\n|switch|p2a: Necrozma|Necrozma-Dusk-Mane, L69|100/100\n|turn|1\n|inactive|Battle timer is ON: inactive players will automatically lose when time's up. (requested by p0x4116e02)\n|inactive|p0y41181fb also wants the timer to be on.\n|\n|t:|1783544480\n|move|p1a: Mimikyu|Swords Dance|p1a: Mimikyu\n|-boost|p1a: Mimikyu|atk|2\n|move|p2a: Necrozma|Sunsteel Strike|p1a: Mimikyu\n|-supereffective|p1a: Mimikyu\n|-damage|p1a: Mimikyu|0 fnt\n|faint|p1a: Mimikyu\n|\n|upkeep\n|inactive|Time left: 300 sec this turn | 300 sec total | 65 sec grace\n|\n|t:|1783544481\n|switch|p1a: Mabosstiff|Mabosstiff, L86, F|278/278\n|turn|2\n|inactive|Time left: 300 sec this turn | 300 sec total\n|\n|t:|1783544482\n|move|p1a: Mabosstiff|Crunch|p2a: Necrozma\n|-supereffective|p2a: Necrozma\n|-damage|p2a: Necrozma|39/100\n|-unboost|p2a: Necrozma|def|1\n|-enditem|p2a: Necrozma|Weakness Policy\n|-boost|p2a: Necrozma|atk|2|[from] item: Weakness Policy\n|-boost|p2a: Necrozma|spa|2|[from] item: Weakness Policy\n|move|p2a: Necrozma|Sunsteel Strike|p1a: Mabosstiff\n|-damage|p1a: Mabosstiff|88/278\n|\n|upkeep\n|turn|3\n|inactive|Time left: 300 sec this turn | 300 sec total\n|\n|t:|1783544484\n|move|p1a: Mabosstiff|Crunch|p2a: Necrozma\n|-supereffective|p2a: Necrozma\n|-damage|p2a: Necrozma|0 fnt\n|faint|p2a: Necrozma\n|\n|upkeep\n|\n|t:|1783544485\n|switch|p2a: Zacian|Zacian, L69|100/100\n|-ability|p2a: Zacian|Intrepid Sword|boost\n|-boost|p2a: Zacian|atk|1\n|turn|4\n|inactive|Time left: 300 sec this turn | 300 sec total\n|\n|t:|1783544486\n|move|p1a: Mabosstiff|Crunch|p2a: Zacian\n|-resisted|p2a: Zacian\n|-damage|p2a: Zacian|79/100\n|move|p2a: Zacian|Swords Dance|p2a: Zacian\n|-boost|p2a: Zacian|atk|2\n|\n|upkeep\n|turn|5\n|inactive|Time left: 300 sec this turn | 300 sec total\n|\n|t:|1783544487\n|move|p1a: Mabosstiff|Crunch|p2a: Zacian\n|-resisted|p2a: Zacian\n|-damage|p2a: Zacian|57/100\n|move|p2a: Zacian|Play Rough|p1a: Mabosstiff\n|-supereffective|p1a: Mabosstiff\n|-damage|p1a: Mabosstiff|0 fnt\n|faint|p1a: Mabosstiff\n|-damage|p2a: Zacian|47/100|[from] item: Life Orb\n|\n|upkeep\n|inactive|Time left: 300 sec this turn | 300 sec total | 5 sec grace\n|\n|t:|1783544488\n|switch|p1a: Passimian|Passimian, L83, F|302/302\n|turn|6\n|inactive|Time left: 300 sec this turn | 300 sec total\n|\n|t:|1783544489\n|move|p1a: Passimian|Gunk Shot|p2a: Zacian\n|-supereffective|p2a: Zacian\n|-damage|p2a: Zacian|0 fnt\n|faint|p2a: Zacian\n|\n|upkeep\n|\n|t:|1783544490\n|switch|p2a: Iron Jugulis|Iron Jugulis, L77|100/100\n|turn|7\n|inactive|Time left: 300 sec this turn | 300 sec total\n|\n|t:|1783544492\n|move|p1a: Passimian|Gunk Shot|p2a: Iron Jugulis\n|-damage|p2a: Iron Jugulis|62/100\n|-status|p2a: Iron Jugulis|psn\n|move|p2a: Iron Jugulis|Hurricane|p1a: Passimian|[miss]\n|-miss|p2a: Iron Jugulis|p1a: Passimian\n|\n|-damage|p2a: Iron Jugulis|50/100 psn|[from] psn\n|upkeep\n|turn|8\n|inactive|Time left: 300 sec this turn | 300 sec total\n|\n|t:|1783544493\n|move|p1a: Passimian|Gunk Shot|p2a: Iron Jugulis\n|-damage|p2a: Iron Jugulis|13/100 psn\n|move|p2a: Iron Jugulis|Hurricane|p1a: Passimian|[miss]\n|-miss|p2a: Iron Jugulis|p1a: Passimian\n|\n|-damage|p2a: Iron Jugulis|0 fnt|[from] psn\n|faint|p2a: Iron Jugulis\n|-end|p2a: Iron Jugulis|Quark Drive|[silent]\n|upkeep\n|\n|t:|1783544494\n|switch|p2a: Gouging Fire|Gouging Fire, L74|100/100\n|turn|9\n|inactive|Time left: 300 sec this turn | 300 sec total\n|\n|t:|1783544495\n|move|p1a: Passimian|Gunk Shot|p2a: Gouging Fire\n|-damage|p2a: Gouging Fire|71/100\n|move|p2a: Gouging Fire|Dragon Dance|p2a: Gouging Fire\n|-boost|p2a: Gouging Fire|atk|1\n|-boost|p2a: Gouging Fire|spe|1\n|\n|upkeep\n|turn|10\n|inactive|Time left: 300 sec this turn | 300 sec total\n|\n|t:|1783544496\n|move|p1a: Passimian|Gunk Shot|p2a: Gouging Fire\n|-damage|p2a: Gouging Fire|41/100\n|move|p2a: Gouging Fire|Outrage|p1a: Passimian\n|-damage|p1a: Passimian|134/302\n|\n|upkeep\n|turn|11\n|inactive|Time left: 300 sec this turn | 300 sec total\n|\n|t:|1783544498\n|switch|p1a: Iron Treads|Iron Treads, L77|265/265\n|move|p2a: Gouging Fire|Outrage|p1a: Iron Treads|[from] lockedmove\n|-resisted|p1a: Iron Treads\n|-damage|p1a: Iron Treads|197/265\n|\n|upkeep\n|turn|12\n|inactive|Time left: 300 sec this turn | 300 sec total\n|\n|t:|1783544499\n|move|p2a: Gouging Fire|Outrage|p1a: Iron Treads|[from] lockedmove\n|-resisted|p1a: Iron Treads\n|-damage|p1a: Iron Treads|122/265\n|-start|p2a: Gouging Fire|confusion|[fatigue]\n|move|p1a: Iron Treads|Earthquake|p2a: Gouging Fire\n|-supereffective|p2a: Gouging Fire\n|-damage|p2a: Gouging Fire|0 fnt\n|faint|p2a: Gouging Fire\n|-end|p2a: Gouging Fire|Protosynthesis|[silent]\n|\n|upkeep\n|\n|t:|1783544500\n|switch|p2a: Chesnaught|Chesnaught, L84, M|100/100\n|turn|13\n|inactive|Time left: 300 sec this turn | 300 sec total\n|\n|t:|1783544501\n|-end|p1a: Iron Treads|Quark Drive|[silent]\n|switch|p1a: Tropius|Tropius, L91, F|328/328\n|move|p2a: Chesnaught|Body Press|p1a: Tropius\n|-resisted|p1a: Tropius\n|-damage|p1a: Tropius|283/328\n|\n|upkeep\n|turn|14\n|inactive|Time left: 300 sec this turn | 300 sec total\n|\n|t:|1783544502\n|move|p2a: Chesnaught|Iron Defense|p2a: Chesnaught\n|-boost|p2a: Chesnaught|def|2\n|move|p1a: Tropius|Dragon Dance|p1a: Tropius\n|-boost|p1a: Tropius|atk|1\n|-boost|p1a: Tropius|spe|1\n|\n|upkeep\n|turn|15\n|inactive|Time left: 300 sec this turn | 300 sec total\n|\n|t:|1783544503\n|move|p1a: Tropius|Dragon Dance|p1a: Tropius\n|-boost|p1a: Tropius|atk|1\n|-boost|p1a: Tropius|spe|1\n|move|p2a: Chesnaught|Trailblaze|p1a: Tropius\n|-resisted|p1a: Tropius\n|-damage|p1a: Tropius|270/328\n|-boost|p2a: Chesnaught|spe|1\n|\n|upkeep\n|turn|16\n|inactive|Time left: 300 sec this turn | 300 sec total\n|\n|t:|1783544504\n|-terastallize|p2a: Chesnaught|Steel\n|move|p1a: Tropius|Dragon Dance|p1a: Tropius\n|-boost|p1a: Tropius|atk|1\n|-boost|p1a: Tropius|spe|1\n|move|p2a: Chesnaught|Iron Defense|p2a: Chesnaught\n|-boost|p2a: Chesnaught|def|2\n|\n|upkeep\n|turn|17\n|inactive|Time left: 300 sec this turn | 300 sec total\n|\n|t:|1783544505\n|move|p1a: Tropius|Dragon Dance|p1a: Tropius\n|-boost|p1a: Tropius|atk|1\n|-boost|p1a: Tropius|spe|1\n|move|p2a: Chesnaught|Body Press|p1a: Tropius\n|-resisted|p1a: Tropius\n|-damage|p1a: Tropius|135/328\n|-enditem|p1a: Tropius|Sitrus Berry|[eat]\n|-heal|p1a: Tropius|217/328|[from] item: Sitrus Berry\n|\n|-item|p1a: Tropius|Sitrus Berry|[from] ability: Harvest\n|upkeep\n|turn|18\n|inactive|Time left: 300 sec this turn | 300 sec total\n|\n|t:|1783544506\n|move|p1a: Tropius|Earthquake|p2a: Chesnaught\n|-supereffective|p2a: Chesnaught\n|-crit|p2a: Chesnaught\n|-damage|p2a: Chesnaught|0 fnt\n|faint|p2a: Chesnaught\n|\n|upkeep\n|\n|t:|1783544507\n|switch|p2a: Plusle|Plusle, L95, F|100/100\n|turn|19\n|inactive|Time left: 300 sec this turn | 300 sec total\n|\n|t:|1783544508\n|-terastallize|p1a: Tropius|Ground\n|move|p1a: Tropius|Earthquake|p2a: Plusle\n|-supereffective|p2a: Plusle\n|-damage|p2a: Plusle|0 fnt\n|faint|p2a: Plusle\n|\n|win|p0x4116e02", "uploadtime": 1783544508, "views": 0, "rating": 0, "private": 0, "password": null, "_winner": "p0x4116e02", "_our_name": "p0x4116e02"}