{"id": "battle-gen9randombattle-2592", "formatid": "gen9randombattle", "format": "[Gen 9] Random Battle", "players": ["p0x2592d564", "p0y2592d6f5"], "log": "|init|battle\n|title|p0x2592d564 vs. p0y2592d6f5\n|j|\u2606p0x2592d564\n|j|\u2606p0y2592d6f5\n|t:|1783569934\n|gametype|singles\n|player|p1|p0x2592d564|101|\n|player|p2|p0y2592d6f5|266|\n|gen|9\n|tier|[Gen 9] Random Battle\n|rule|Species Clause: Limit one of each Pok\u00e9mon\n|rule|HP Percentage Mod: HP is shown in percentages\n|rule|Sleep Clause Mod: Limit one foe put to sleep\n|rule|Illusion Level Mod: Illusion disguises the Pok\u00e9mon's true level\n|\n|t:|1783569934\n|teamsize|p1|6\n|teamsize|p2|6\n|start\n|switch|p1a: Hippowdon|Hippowdon, L82, F|311/311\n|switch|p2a: Uxie|Uxie, L83|100/100\n|-weather|Sandstorm|[from] ability: Sand Stream|[of] p1a: Hippowdon\n|turn|1\n|inactive|Battle timer is ON: inactive players will automatically lose when time's up. (requested by p0x2592d564)\n|\n|t:|1783569935\n|move|p2a: Uxie|Stealth Rock|p1a: Hippowdon\n|-sidestart|p1: p0x2592d564|move: Stealth Rock\n|move|p1a: Hippowdon|Stealth Rock|p2a: Uxie\n|-sidestart|p2: p0y2592d6f5|move: Stealth Rock\n|\n|-weather|Sandstorm|[upkeep]\n|-damage|p2a: Uxie|94/100|[from] Sandstorm\n|-heal|p2a: Uxie|100/100|[from] item: Leftovers\n|upkeep\n|turn|2\n|inactive|Time left: 300 sec this turn | 300 sec total\n|inactive|p0y2592d6f5 also wants the timer to be on.\n|\n|t:|1783569936\n|switch|p2a: Krookodile|Krookodile, L79, F|100/100\n|-damage|p2a: Krookodile|94/100|[from] Stealth Rock\n|-ability|p2a: Krookodile|Intimidate|boost\n|-unboost|p1a: Hippowdon|atk|1\n|move|p1a: Hippowdon|Earthquake|p2a: Krookodile\n|-damage|p2a: Krookodile|64/100\n|\n|-weather|Sandstorm|[upkeep]\n|-heal|p2a: Krookodile|70/100|[from] item: Leftovers\n|upkeep\n|turn|3\n|inactive|Time left: 300 sec this turn | 300 sec total\n|\n|t:|1783569937\n|move|p2a: Krookodile|Bulk Up|p2a: Krookodile\n|-boost|p2a: Krookodile|atk|1\n|-boost|p2a: Krookodile|def|1\n|move|p1a: Hippowdon|Earthquake|p2a: Krookodile\n|-damage|p2a: Krookodile|49/100\n|\n|-weather|Sandstorm|[upkeep]\n|-heal|p2a: Krookodile|55/100|[from] item: Leftovers\n|upkeep\n|turn|4\n|inactive|Time left: 300 sec this turn | 300 sec total\n|\n|t:|1783569939\n|move|p2a: Krookodile|Bulk Up|p2a: Krookodile\n|-boost|p2a: Krookodile|atk|1\n|-boost|p2a: Krookodile|def|1\n|move|p1a: Hippowdon|Whirlwind|p2a: Krookodile\n|drag|p2a: Rayquaza|Rayquaza, L72|100/100\n|-ability|p2a: Rayquaza|Air Lock\n|\n|-weather|Sandstorm|[upkeep]\n|upkeep\n|turn|5\n|inactive|Time left: 300 sec this turn | 300 sec total\n|\n|t:|1783569940\n|move|p2a: Rayquaza|Outrage|p1a: Hippowdon\n|-damage|p1a: Hippowdon|211/311\n|move|p1a: Hippowdon|Slack Off|p1a: Hippowdon\n|-heal|p1a: Hippowdon|311/311\n|\n|-weather|none\n|upkeep\n|turn|6\n|inactive|Time left: 300 sec this turn | 300 sec total\n|\n|t:|1783569941\n|switch|p1a: Garganacl|Garganacl, L80, M|291/291\n|-damage|p1a: Garganacl|255/291|[from] Stealth Rock\n|move|p2a: Rayquaza|Outrage|p1a: Garganacl|[from] lockedmove\n|-damage|p1a: Garganacl|156/291\n|-start|p2a: Rayquaza|confusion|[fatigue]\n|\n|-heal|p1a: Garganacl|174/291|[from] item: Leftovers\n|upkeep\n|turn|7\n|inactive|Time left: 300 sec this turn | 300 sec total\n|\n|t:|1783569942\n|switch|p2a: Krookodile|Krookodile, L79, F|55/100\n|-damage|p2a: Krookodile|49/100|[from] Stealth Rock\n|-ability|p2a: Krookodile|Intimidate|boost\n|-unboost|p1a: Garganacl|atk|1\n|move|p1a: Garganacl|Salt Cure|p2a: Krookodile\n|-resisted|p2a: Krookodile\n|-damage|p2a: Krookodile|43/100\n|-start|p2a: Krookodile|Salt Cure\n|\n|-heal|p2a: Krookodile|49/100|[from] item: Leftovers\n|-heal|p1a: Garganacl|192/291|[from] item: Leftovers\n|-damage|p2a: Krookodile|37/100|[from] Salt Cure\n|upkeep\n|turn|8\n|inactive|Time left: 300 sec this turn | 300 sec total\n|\n|t:|1783569943\n|move|p2a: Krookodile|Earthquake|p1a: Garganacl\n|-supereffective|p1a: Garganacl\n|-damage|p1a: Garganacl|34/291\n|move|p1a: Garganacl|Recover|p1a: Garganacl\n|-heal|p1a: Garganacl|180/291\n|\n|-heal|p2a: Krookodile|43/100|[from] item: Leftovers\n|-heal|p1a: Garganacl|198/291|[from] item: Leftovers\n|-damage|p2a: Krookodile|30/100|[from] Salt Cure\n|upkeep\n|turn|9\n|inactive|Time left: 300 sec this turn | 300 sec total\n|\n|t:|1783569944\n|move|p2a: Krookodile|Knock Off|p1a: Garganacl\n|-damage|p1a: Garganacl|114/291\n|-enditem|p1a: Garganacl|Leftovers|[from] move: Knock Off|[of] p2a: Krookodile\n|move|p1a: Garganacl|Recover|p1a: Garganacl\n|-heal|p1a: Garganacl|260/291\n|\n|-heal|p2a: Krookodile|37/100|[from] item: Leftovers\n|-damage|p2a: Krookodile|24/100|[from] Salt Cure\n|upkeep\n|turn|10\n|inactive|Time left: 300 sec this turn | 300 sec total\n|\n|t:|1783569945\n|move|p2a: Krookodile|Earthquake|p1a: Garganacl\n|-supereffective|p1a: Garganacl\n|-damage|p1a: Garganacl|98/291\n|move|p1a: Garganacl|Earthquake|p2a: Krookodile\n|-crit|p2a: Krookodile\n|-damage|p2a: Krookodile|0 fnt\n|faint|p2a: Krookodile\n|\n|upkeep\n|\n|t:|1783569946\n|switch|p2a: Rayquaza|Rayquaza, L72|100/100\n|-ability|p2a: Rayquaza|Air Lock\n|turn|11\n|inactive|Time left: 300 sec this turn | 300 sec total\n|\n|t:|1783569947\n|move|p2a: Rayquaza|Outrage|p1a: Garganacl\n|-crit|p1a: Garganacl\n|-damage|p1a: Garganacl|0 fnt\n|faint|p1a: Garganacl\n|\n|upkeep\n|inactive|Time left: 300 sec this turn | 300 sec total | 5 sec grace\n|\n|t:|1783569948\n|switch|p1a: Eternatus|Eternatus, L69|308/308\n|-damage|p1a: Eternatus|270/308|[from] Stealth Rock\n|-ability|p1a: Eternatus|Pressure\n|turn|12\n|inactive|Time left: 300 sec this turn | 300 sec total\n|\n|t:|1783569949\n|-terastallize|p1a: Eternatus|Poison\n|move|p1a: Eternatus|Meteor Beam||[still]\n|-prepare|p1a: Eternatus|Meteor Beam\n|-boost|p1a: Eternatus|spa|1\n|-enditem|p1a: Eternatus|Power Herb\n|-anim|p1a: Eternatus|Meteor Beam|p2a: Rayquaza\n|-supereffective|p2a: Rayquaza\n|-damage|p2a: Rayquaza|0 fnt\n|faint|p2a: Rayquaza\n|\n|upkeep\n|\n|t:|1783569949\n|switch|p2a: Whiscash|Whiscash, L88, F|100/100\n|-damage|p2a: Whiscash|94/100|[from] Stealth Rock\n|turn|13\n|inactive|Time left: 300 sec this turn | 300 sec total\n|\n|t:|1783569950\n|move|p1a: Eternatus|Dynamax Cannon|p2a: Whiscash\n|-damage|p2a: Whiscash|45/100\n|move|p2a: Whiscash|Earthquake|p1a: Eternatus\n|-supereffective|p1a: Eternatus\n|-damage|p1a: Eternatus|0 fnt\n|faint|p1a: Eternatus\n|-damage|p2a: Whiscash|36/100|[from] item: Life Orb\n|\n|upkeep\n|inactive|Time left: 300 sec this turn | 300 sec total | 5 sec grace\n|\n|t:|1783569951\n|switch|p1a: Barraskewda|Barraskewda, L81, M|231/231\n|-damage|p1a: Barraskewda|203/231|[from] Stealth Rock\n|turn|14\n|inactive|Time left: 300 sec this turn | 300 sec total\n|\n|t:|1783569952\n|switch|p2a: Vaporeon|Vaporeon, L86, M|100/100\n|-damage|p2a: Vaporeon|88/100|[from] Stealth Rock\n|move|p1a: Barraskewda|Waterfall|p2a: Vaporeon\n|-heal|p2a: Vaporeon|100/100|[from] ability: Water Absorb|[of] p1a: Barraskewda\n|\n|upkeep\n|turn|15\n|inactive|Time left: 300 sec this turn | 300 sec total\n|\n|t:|1783569953\n|switch|p1a: Cacturne|Cacturne, L92, M|278/278\n|-damage|p1a: Cacturne|244/278|[from] Stealth Rock\n|move|p2a: Vaporeon|Scald|p1a: Cacturne\n|-heal|p1a: Cacturne|278/278|[from] ability: Water Absorb|[of] p2a: Vaporeon\n|\n|upkeep\n|turn|16\n|inactive|Time left: 300 sec this turn | 300 sec total\n|\n|t:|1783569954\n|move|p2a: Vaporeon|Protect|p2a: Vaporeon\n|-singleturn|p2a: Vaporeon|Protect\n|move|p1a: Cacturne|Knock Off|p2a: Vaporeon\n|-activate|p2a: Vaporeon|move: Protect\n|\n|upkeep\n|turn|17\n|inactive|Time left: 300 sec this turn | 300 sec total\n|\n|t:|1783569955\n|switch|p2a: Whiscash|Whiscash, L88, F|36/100\n|-damage|p2a: Whiscash|29/100|[from] Stealth Rock\n|move|p1a: Cacturne|Knock Off|p2a: Whiscash\n|-damage|p2a: Whiscash|0 fnt\n|-enditem|p2a: Whiscash|Life Orb|[from] move: Knock Off|[of] p1a: Cacturne\n|faint|p2a: Whiscash\n|-damage|p1a: Cacturne|251/278|[from] item: Life Orb\n|\n|upkeep\n|\n|t:|1783569956\n|switch|p2a: Talonflame|Talonflame, L83, F|100/100\n|turn|18\n|inactive|Time left: 300 sec this turn | 300 sec total\n|\n|t:|1783569957\n|switch|p1a: Hippowdon|Hippowdon, L82, F|311/311\n|-damage|p1a: Hippowdon|292/311|[from] Stealth Rock\n|-weather|Sandstorm|[from] ability: Sand Stream|[of] p1a: Hippowdon\n|move|p2a: Talonflame|Brave Bird|p1a: Hippowdon\n|-damage|p1a: Hippowdon|204/311\n|-damage|p2a: Talonflame|90/100|[from] Recoil\n|\n|-weather|Sandstorm|[upkeep]\n|-damage|p2a: Talonflame|84/100|[from] Sandstorm\n|-heal|p1a: Hippowdon|223/311|[from] item: Leftovers\n|upkeep\n|turn|19\n|inactive|Time left: 300 sec this turn | 300 sec total\n|\n|t:|1783569958\n|move|p2a: Talonflame|Swords Dance|p2a: Talonflame\n|-boost|p2a: Talonflame|atk|2\n|move|p1a: Hippowdon|Slack Off|p1a: Hippowdon\n|-heal|p1a: Hippowdon|311/311\n|\n|-weather|Sandstorm|[upkeep]\n|-damage|p2a: Talonflame|77/100|[from] Sandstorm\n|upkeep\n|turn|20\n|inactive|Time left: 300 sec this turn | 300 sec total\n|\n|t:|1783569959\n|move|p2a: Talonflame|Flare Blitz|p1a: Hippowdon\n|-damage|p1a: Hippowdon|137/311\n|-damage|p2a: Talonflame|56/100|[from] Recoil\n|move|p1a: Hippowdon|Whirlwind|p2a: Talonflame\n|drag|p2a: Vaporeon|Vaporeon, L86, M|100/100\n|-damage|p2a: Vaporeon|88/100|[from] Stealth Rock\n|\n|-weather|Sandstorm|[upkeep]\n|-damage|p2a: Vaporeon|82/100|[from] Sandstorm\n|-heal|p2a: Vaporeon|88/100|[from] item: Leftovers\n|-heal|p1a: Hippowdon|156/311|[from] item: Leftovers\n|upkeep\n|turn|21\n|inactive|Time left: 300 sec this turn | 300 sec total\n|\n|t:|1783569960\n|switch|p1a: Cacturne|Cacturne, L92, M|251/278\n|-damage|p1a: Cacturne|217/278|[from] Stealth Rock\n|move|p2a: Vaporeon|Calm Mind|p2a: Vaporeon\n|-boost|p2a: Vaporeon|spa|1\n|-boost|p2a: Vaporeon|spd|1\n|\n|-weather|Sandstorm|[upkeep]\n|-damage|p2a: Vaporeon|82/100|[from] Sandstorm\n|-damage|p1a: Cacturne|200/278|[from] Sandstorm\n|-heal|p2a: Vaporeon|88/100|[from] item: Leftovers\n|upkeep\n|turn|22\n|inactive|Time left: 300 sec this turn | 300 sec total\n|\n|t:|1783569961\n|move|p2a: Vaporeon|Protect|p2a: Vaporeon\n|-singleturn|p2a: Vaporeon|Protect\n|move|p1a: Cacturne|Knock Off|p2a: Vaporeon\n|-activate|p2a: Vaporeon|move: Protect\n|\n|-weather|none\n|-heal|p2a: Vaporeon|94/100|[from] item: Leftovers\n|upkeep\n|turn|23\n|inactive|Time left: 300 sec this turn | 300 sec total\n|\n|t:|1783569962\n|move|p2a: Vaporeon|Wish|p2a: Vaporeon\n|move|p1a: Cacturne|Knock Off|p2a: Vaporeon\n|-damage|p2a: Vaporeon|29/100\n|-enditem|p2a: Vaporeon|Leftovers|[from] move: Knock Off|[of] p1a: Cacturne\n|-damage|p1a: Cacturne|173/278|[from] item: Life Orb\n|\n|upkeep\n|turn|24\n|inactive|Time left: 300 sec this turn | 300 sec total\n|\n|t:|1783569963\n|move|p2a: Vaporeon|Protect|p2a: Vaporeon\n|-singleturn|p2a: Vaporeon|Protect\n|move|p1a: Cacturne|Knock Off|p2a: Vaporeon\n|-activate|p2a: Vaporeon|move: Protect\n|\n|-heal|p2a: Vaporeon|79/100|[from] move: Wish|[wisher] Vaporeon\n|upkeep\n|turn|25\n|inactive|Time left: 300 sec this turn | 300 sec total\n|\n|t:|1783569964\n|move|p2a: Vaporeon|Calm Mind|p2a: Vaporeon\n|-boost|p2a: Vaporeon|spa|1\n|-boost|p2a: Vaporeon|spd|1\n|move|p1a: Cacturne|Seed Bomb|p2a: Vaporeon\n|-supereffective|p2a: Vaporeon\n|-damage|p2a: Vaporeon|0 fnt\n|faint|p2a: Vaporeon\n|-damage|p1a: Cacturne|146/278|[from] item: Life Orb\n|\n|upkeep\n|\n|t:|1783569965\n|switch|p2a: Talonflame|Talonflame, L83, F|56/100\n|turn|26\n|inactive|Time left: 300 sec this turn | 300 sec total\n|\n|t:|1783569966\n|move|p1a: Cacturne|Sucker Punch||[still]\n|-fail|p1a: Cacturne\n|move|p2a: Talonflame|Swords Dance|p2a: Talonflame\n|-boost|p2a: Talonflame|atk|2\n|\n|upkeep\n|turn|27\n|inactive|Time left: 300 sec this turn | 300 sec total\n|\n|t:|1783569967\n|move|p1a: Cacturne|Sucker Punch||[still]\n|-fail|p1a: Cacturne\n|move|p2a: Talonflame|Swords Dance|p2a: Talonflame\n|-boost|p2a: Talonflame|atk|2\n|\n|upkeep\n|turn|28\n|inactive|Time left: 300 sec this turn | 300 sec total\n|\n|t:|1783569968\n|move|p1a: Cacturne|Sucker Punch||[still]\n|-fail|p1a: Cacturne\n|move|p2a: Talonflame|Swords Dance|p2a: Talonflame\n|-boost|p2a: Talonflame|atk|2\n|\n|upkeep\n|turn|29\n|inactive|Time left: 300 sec this turn | 300 sec total\n|\n|t:|1783569969\n|move|p1a: Cacturne|Sucker Punch||[still]\n|-fail|p1a: Cacturne\n|move|p2a: Talonflame|Swords Dance|p2a: Talonflame\n|-boost|p2a: Talonflame|atk|0\n|\n|upkeep\n|turn|30\n|inactive|Time left: 300 sec this turn | 300 sec total\n|\n|t:|1783569970\n|move|p1a: Cacturne|Sucker Punch||[still]\n|-fail|p1a: Cacturne\n|move|p2a: Talonflame|Swords Dance|p2a: Talonflame\n|-boost|p2a: Talonflame|atk|0\n|\n|upkeep\n|turn|31\n|inactive|Time left: 300 sec this turn | 300 sec total\n|\n|t:|1783569970\n|move|p1a: Cacturne|Sucker Punch||[still]\n|-fail|p1a: Cacturne\n|move|p2a: Talonflame|Swords Dance|p2a: Talonflame\n|-boost|p2a: Talonflame|atk|0\n|\n|upkeep\n|turn|32\n|inactive|Time left: 300 sec this turn | 300 sec total\n|\n|t:|1783569971\n|move|p2a: Talonflame|Swords Dance|p2a: Talonflame\n|-boost|p2a: Talonflame|atk|0\n|move|p1a: Cacturne|Knock Off|p2a: Talonflame\n|-damage|p2a: Talonflame|0 fnt\n|-enditem|p2a: Talonflame|Heavy-Duty Boots|[from] move: Knock Off|[of] p1a: Cacturne\n|faint|p2a: Talonflame\n|-damage|p1a: Cacturne|119/278|[from] item: Life Orb\n|\n|upkeep\n|\n|t:|1783569972\n|switch|p2a: Uxie|Uxie, L83|100/100\n|-damage|p2a: Uxie|88/100|[from] Stealth Rock\n|turn|33\n|inactive|Time left: 300 sec this turn | 300 sec total\n|\n|t:|1783569973\n|-terastallize|p2a: Uxie|Dark\n|move|p2a: Uxie|Yawn|p1a: Cacturne\n|-start|p1a: Cacturne|move: Yawn|[of] p2a: Uxie\n|move|p1a: Cacturne|Knock Off|p2a: Uxie\n|-resisted|p2a: Uxie\n|-damage|p2a: Uxie|61/100\n|-enditem|p2a: Uxie|Leftovers|[from] move: Knock Off|[of] p1a: Cacturne\n|-damage|p1a: Cacturne|92/278|[from] item: Life Orb\n|\n|upkeep\n|turn|34\n|inactive|Time left: 300 sec this turn | 300 sec total\n|\n|t:|1783569974\n|switch|p1a: Barraskewda|Barraskewda, L81, M|203/231\n|-damage|p1a: Barraskewda|175/231|[from] Stealth Rock\n|move|p2a: Uxie|Knock Off|p1a: Barraskewda\n|-damage|p1a: Barraskewda|51/231\n|-enditem|p1a: Barraskewda|Choice Band|[from] move: Knock Off|[of] p2a: Uxie\n|\n|upkeep\n|turn|35\n|inactive|Time left: 300 sec this turn | 300 sec total\n|\n|t:|1783569975\n|move|p1a: Barraskewda|Close Combat|p2a: Uxie\n|-supereffective|p2a: Uxie\n|-damage|p2a: Uxie|9/100\n|-unboost|p1a: Barraskewda|def|1\n|-unboost|p1a: Barraskewda|spd|1\n|move|p2a: Uxie|Knock Off|p1a: Barraskewda\n|-damage|p1a: Barraskewda|0 fnt\n|faint|p1a: Barraskewda\n|\n|upkeep\n|inactive|Time left: 300 sec this turn | 300 sec total | 5 sec grace\n|\n|t:|1783569976\n|switch|p1a: Hippowdon|Hippowdon, L82, F|156/311\n|-damage|p1a: Hippowdon|137/311|[from] Stealth Rock\n|-weather|Sandstorm|[from] ability: Sand Stream|[of] p1a: Hippowdon\n|turn|36\n|inactive|Time left: 300 sec this turn | 300 sec total\n|\n|t:|1783569976\n|move|p2a: Uxie|Stealth Rock||[still]\n|-fail|p2a: Uxie\n|move|p1a: Hippowdon|Earthquake|p2a: Uxie\n|-immune|p2a: Uxie|[from] ability: Levitate\n|\n|-weather|Sandstorm|[upkeep]\n|-damage|p2a: Uxie|2/100|[from] Sandstorm\n|-heal|p1a: Hippowdon|156/311|[from] item: Leftovers\n|upkeep\n|turn|37\n|inactive|Time left: 300 sec this turn | 300 sec total\n|\n|t:|1783569977\n|move|p2a: Uxie|Knock Off|p1a: Hippowdon\n|-damage|p1a: Hippowdon|87/311\n|-enditem|p1a: Hippowdon|Leftovers|[from] move: Knock Off|[of] p2a: Uxie\n|move|p1a: Hippowdon|Slack Off|p1a: Hippowdon\n|-heal|p1a: Hippowdon|243/311\n|\n|-weather|Sandstorm|[upkeep]\n|-damage|p2a: Uxie|0 fnt|[from] Sandstorm\n|faint|p2a: Uxie\n|\n|win|p0x2592d564", "uploadtime": 1783569977, "views": 0, "rating": 0, "private": 0, "password": null, "_winner": "p0x2592d564", "_our_name": "p0x2592d564"}