{"id": "battle-gen9randombattle-1193", "formatid": "gen9randombattle", "format": "[Gen 9] Random Battle", "players": ["p0x1193b960", "p0y1193c59f"], "log": "|init|battle\n|title|p0x1193b960 vs. p0y1193c59f\n|j|\u2606p0x1193b960\n|j|\u2606p0y1193c59f\n|t:|1783552938\n|gametype|singles\n|player|p1|p0x1193b960|170|\n|player|p2|p0y1193c59f|1|\n|gen|9\n|tier|[Gen 9] Random Battle\n|rule|Species Clause: Limit one of each Pok\u00e9mon\n|rule|HP Percentage Mod: HP is shown in percentages\n|rule|Sleep Clause Mod: Limit one foe put to sleep\n|rule|Illusion Level Mod: Illusion disguises the Pok\u00e9mon's true level\n|\n|t:|1783552938\n|teamsize|p1|6\n|teamsize|p2|6\n|start\n|switch|p1a: Eiscue|Eiscue, L88, M|274/274\n|switch|p2a: Flygon|Flygon, L82, F|100/100\n|turn|1\n|inactive|Battle timer is ON: inactive players will automatically lose when time's up. (requested by p0y1193c59f)\n|inactive|Time left: 300 sec this turn | 300 sec total | 60 sec grace\n|inactive|p0x1193b960 also wants the timer to be on.\n|\n|t:|1783552940\n|switch|p2a: Snorlax|Snorlax, L82, F|100/100\n|move|p1a: Eiscue|Ice Spinner|p2a: Snorlax\n|-damage|p2a: Snorlax|88/100\n|\n|-heal|p2a: Snorlax|94/100|[from] item: Leftovers\n|upkeep\n|turn|2\n|inactive|Time left: 300 sec this turn | 300 sec total\n|\n|t:|1783552941\n|move|p1a: Eiscue|Belly Drum|p1a: Eiscue\n|-damage|p1a: Eiscue|137/274\n|-setboost|p1a: Eiscue|atk|6|[from] move: Belly Drum\n|-enditem|p1a: Eiscue|Sitrus Berry|[eat]\n|-heal|p1a: Eiscue|205/274|[from] item: Sitrus Berry\n|move|p2a: Snorlax|Body Slam|p1a: Eiscue\n|-activate|p1a: Eiscue|ability: Ice Face\n|-damage|p1a: Eiscue|205/274\n|-status|p1a: Eiscue|par\n|detailschange|p1a: Eiscue|Eiscue-Noice, L88, M\n|\n|-heal|p2a: Snorlax|99/100|[from] item: Leftovers\n|upkeep\n|turn|3\n|inactive|Time left: 300 sec this turn | 300 sec total\n|\n|t:|1783552942\n|move|p1a: Eiscue|Ice Spinner|p2a: Snorlax\n|-damage|p2a: Snorlax|47/100\n|move|p2a: Snorlax|Body Slam|p1a: Eiscue\n|-damage|p1a: Eiscue|100/274 par\n|\n|-heal|p2a: Snorlax|53/100|[from] item: Leftovers\n|upkeep\n|turn|4\n|inactive|Time left: 300 sec this turn | 300 sec total\n|\n|t:|1783552943\n|move|p1a: Eiscue|Liquidation|p2a: Snorlax\n|-damage|p2a: Snorlax|0 fnt\n|faint|p2a: Snorlax\n|\n|upkeep\n|\n|t:|1783552944\n|switch|p2a: Flygon|Flygon, L82, F|100/100\n|turn|5\n|inactive|Time left: 300 sec this turn | 300 sec total\n|\n|t:|1783552945\n|move|p2a: Flygon|Outrage|p1a: Eiscue\n|-damage|p1a: Eiscue|0 fnt\n|faint|p1a: Eiscue\n|\n|upkeep\n|inactive|Time left: 300 sec this turn | 300 sec total | 5 sec grace\n|\n|t:|1783552946\n|switch|p1a: Iron Valiant|Iron Valiant, L78|244/244\n|turn|6\n|inactive|Time left: 300 sec this turn | 300 sec total\n|\n|t:|1783552947\n|move|p1a: Iron Valiant|Moonblast|p2a: Flygon\n|-supereffective|p2a: Flygon\n|-damage|p2a: Flygon|0 fnt\n|faint|p2a: Flygon\n|-damage|p1a: Iron Valiant|220/244|[from] item: Life Orb\n|\n|upkeep\n|\n|t:|1783552948\n|switch|p2a: Decidueye|Decidueye, L88, F|100/100\n|turn|7\n|inactive|Time left: 300 sec this turn | 300 sec total\n|\n|t:|1783552949\n|-end|p1a: Iron Valiant|Quark Drive|[silent]\n|switch|p1a: Morpeko|Morpeko, L88, F|245/245\n|switch|p2a: Fezandipiti|Fezandipiti, L82, M|100/100\n|\n|-formechange|p1a: Morpeko|Morpeko-Hangry||[from] ability: Hunger Switch\n|upkeep\n|turn|8\n|inactive|Time left: 300 sec this turn | 300 sec total\n|\n|t:|1783552951\n|move|p1a: Morpeko|Protect|p1a: Morpeko\n|-singleturn|p1a: Morpeko|Protect\n|move|p2a: Fezandipiti|Moonblast|p1a: Morpeko\n|-activate|p1a: Morpeko|move: Protect\n|\n|-formechange|p1a: Morpeko|Morpeko||[from] ability: Hunger Switch\n|upkeep\n|turn|9\n|inactive|Time left: 300 sec this turn | 300 sec total\n|\n|t:|1783552952\n|move|p1a: Morpeko|Aura Wheel|p2a: Fezandipiti\n|-crit|p2a: Fezandipiti\n|-damage|p2a: Fezandipiti|30/100\n|-boost|p1a: Morpeko|spe|1\n|move|p2a: Fezandipiti|Moonblast|p1a: Morpeko\n|-supereffective|p1a: Morpeko\n|-damage|p1a: Morpeko|53/245\n|-unboost|p1a: Morpeko|spa|1\n|\n|-heal|p1a: Morpeko|68/245|[from] item: Leftovers\n|-heal|p2a: Fezandipiti|36/100|[from] item: Leftovers\n|-formechange|p1a: Morpeko|Morpeko-Hangry||[from] ability: Hunger Switch\n|upkeep\n|turn|10\n|inactive|Time left: 300 sec this turn | 300 sec total\n|\n|t:|1783552953\n|move|p1a: Morpeko|Knock Off|p2a: Fezandipiti\n|-resisted|p2a: Fezandipiti\n|-damage|p2a: Fezandipiti|15/100\n|-enditem|p2a: Fezandipiti|Leftovers|[from] move: Knock Off|[of] p1a: Morpeko\n|move|p2a: Fezandipiti|Moonblast|p1a: Morpeko\n|-supereffective|p1a: Morpeko\n|-damage|p1a: Morpeko|0 fnt\n|faint|p1a: Morpeko\n|\n|upkeep\n|inactive|Time left: 300 sec this turn | 300 sec total | 5 sec grace\n|\n|t:|1783552954\n|switch|p1a: Jolteon|Jolteon, L84, M|246/246\n|turn|11\n|inactive|Time left: 300 sec this turn | 300 sec total\n|\n|t:|1783552955\n|move|p1a: Jolteon|Shadow Ball|p2a: Fezandipiti\n|-damage|p2a: Fezandipiti|0 fnt\n|faint|p2a: Fezandipiti\n|\n|upkeep\n|\n|t:|1783552956\n|switch|p2a: Morpeko|Morpeko, L88, F|100/100\n|turn|12\n|inactive|Time left: 300 sec this turn | 300 sec total\n|\n|t:|1783552956\n|move|p1a: Jolteon|Shadow Ball|p2a: Morpeko\n|-resisted|p2a: Morpeko\n|-damage|p2a: Morpeko|75/100\n|move|p2a: Morpeko|Knock Off|p1a: Jolteon\n|-damage|p1a: Jolteon|105/246\n|-enditem|p1a: Jolteon|Choice Specs|[from] move: Knock Off|[of] p2a: Morpeko\n|\n|-heal|p2a: Morpeko|81/100|[from] item: Leftovers\n|-formechange|p2a: Morpeko|Morpeko-Hangry||[from] ability: Hunger Switch\n|upkeep\n|turn|13\n|inactive|Time left: 300 sec this turn | 300 sec total\n|\n|t:|1783552958\n|-terastallize|p1a: Jolteon|Fairy\n|move|p1a: Jolteon|Alluring Voice|p2a: Morpeko\n|-supereffective|p2a: Morpeko\n|-damage|p2a: Morpeko|0 fnt\n|faint|p2a: Morpeko\n|\n|upkeep\n|\n|t:|1783552958\n|switch|p2a: Decidueye|Decidueye, L88, F|100/100\n|turn|14\n|inactive|Time left: 300 sec this turn | 300 sec total\n|\n|t:|1783552959\n|move|p1a: Jolteon|Shadow Ball|p2a: Decidueye\n|-supereffective|p2a: Decidueye\n|-damage|p2a: Decidueye|59/100\n|move|p2a: Decidueye|Swords Dance|p2a: Decidueye\n|-boost|p2a: Decidueye|atk|2\n|\n|upkeep\n|turn|15\n|inactive|Time left: 300 sec this turn | 300 sec total\n|\n|t:|1783552960\n|move|p2a: Decidueye|Shadow Sneak|p1a: Jolteon\n|-damage|p1a: Jolteon|0 fnt\n|faint|p1a: Jolteon\n|-damage|p2a: Decidueye|49/100|[from] item: Life Orb\n|\n|upkeep\n|inactive|Time left: 300 sec this turn | 300 sec total | 5 sec grace\n|\n|t:|1783552961\n|switch|p1a: Iron Valiant|Iron Valiant, L78|220/244\n|turn|16\n|inactive|Time left: 300 sec this turn | 300 sec total\n|\n|t:|1783552962\n|move|p1a: Iron Valiant|Moonblast|p2a: Decidueye\n|-damage|p2a: Decidueye|4/100\n|-damage|p1a: Iron Valiant|196/244|[from] item: Life Orb\n|move|p2a: Decidueye|Poltergeist|p1a: Iron Valiant|[miss]\n|-miss|p2a: Decidueye|p1a: Iron Valiant\n|\n|upkeep\n|turn|17\n|inactive|Time left: 300 sec this turn | 300 sec total\n|\n|t:|1783552963\n|move|p2a: Decidueye|Shadow Sneak|p1a: Iron Valiant\n|-damage|p1a: Iron Valiant|56/244\n|-damage|p2a: Decidueye|0 fnt|[from] item: Life Orb\n|faint|p2a: Decidueye\n|move|p1a: Iron Valiant|Moonblast|p2: Decidueye|[notarget]\n|-fail|p1a: Iron Valiant\n|\n|upkeep\n|\n|t:|1783552964\n|switch|p2a: Ogerpon|Ogerpon-Cornerstone, L76, F|100/100\n|turn|18\n|inactive|Time left: 300 sec this turn | 300 sec total\n|\n|t:|1783552965\n|move|p1a: Iron Valiant|Close Combat|p2a: Ogerpon\n|-supereffective|p2a: Ogerpon\n|-ability|p2a: Ogerpon|Sturdy\n|-damage|p2a: Ogerpon|1/100\n|-unboost|p1a: Iron Valiant|def|1\n|-unboost|p1a: Iron Valiant|spd|1\n|-damage|p1a: Iron Valiant|32/244|[from] item: Life Orb\n|move|p2a: Ogerpon|Ivy Cudgel|p1a: Iron Valiant|[anim] Ivy Cudgel Rock\n|-resisted|p1a: Iron Valiant\n|-damage|p1a: Iron Valiant|0 fnt\n|faint|p1a: Iron Valiant\n|-end|p1a: Iron Valiant|Quark Drive|[silent]\n|\n|upkeep\n|inactive|Time left: 300 sec this turn | 300 sec total | 5 sec grace\n|\n|t:|1783552966\n|switch|p1a: Trevenant|Trevenant, L89, F|296/296\n|turn|19\n|inactive|Time left: 300 sec this turn | 300 sec total\n|\n|t:|1783552967\n|move|p2a: Ogerpon|Ivy Cudgel|p1a: Trevenant|[anim] Ivy Cudgel Rock\n|-damage|p1a: Trevenant|157/296\n|move|p1a: Trevenant|Horn Leech|p2a: Ogerpon\n|-damage|p2a: Ogerpon|0 fnt\n|-heal|p1a: Trevenant|158/296|[from] drain|[of] p2a: Ogerpon\n|faint|p2a: Ogerpon\n|\n|win|p0x1193b960", "uploadtime": 1783552967, "views": 0, "rating": 0, "private": 0, "password": null, "_winner": "p0x1193b960", "_our_name": "p0x1193b960"}