{"id": "battle-gen9randombattle-2338", "formatid": "gen9randombattle", "format": "[Gen 9] Random Battle", "players": ["p0x2338a085", "p0y23384f16"], "log": "|init|battle\n|title|p0x2338a085 vs. p0y23384f16\n|j|\u2606p0x2338a085\n|j|\u2606p0y23384f16\n|t:|1783567137\n|gametype|singles\n|player|p1|p0x2338a085|265|\n|player|p2|p0y23384f16|169|\n|gen|9\n|tier|[Gen 9] Random Battle\n|rule|Species Clause: Limit one of each Pok\u00e9mon\n|rule|HP Percentage Mod: HP is shown in percentages\n|rule|Sleep Clause Mod: Limit one foe put to sleep\n|rule|Illusion Level Mod: Illusion disguises the Pok\u00e9mon's true level\n|\n|t:|1783567137\n|teamsize|p1|6\n|teamsize|p2|6\n|start\n|switch|p1a: Urshifu|Urshifu-Rapid-Strike, L75, M|274/274\n|switch|p2a: Latios|Latios, L78, M|100/100\n|turn|1\n|inactive|Battle timer is ON: inactive players will automatically lose when time's up. (requested by p0x2338a085)\n|inactive|p0y23384f16 also wants the timer to be on.\n|\n|t:|1783567138\n|move|p1a: Urshifu|U-turn|p2a: Latios\n|-supereffective|p2a: Latios\n|-damage|p2a: Latios|53/100\n|inactive|Time left: 300 sec this turn | 300 sec total | 65 sec grace\n|\n|t:|1783567140\n|switch|p1a: Jirachi|Jirachi, L80|291/291|[from] U-turn\n|move|p2a: Latios|Luster Purge|p1a: Jirachi\n|-resisted|p1a: Jirachi\n|-damage|p1a: Jirachi|248/291\n|-unboost|p1a: Jirachi|spd|1\n|\n|-heal|p1a: Jirachi|266/291|[from] item: Leftovers\n|upkeep\n|turn|2\n|inactive|Time left: 300 sec this turn | 300 sec total\n|\n|t:|1783567141\n|move|p2a: Latios|Luster Purge|p1a: Jirachi\n|-resisted|p1a: Jirachi\n|-damage|p1a: Jirachi|209/291\n|move|p1a: Jirachi|Iron Head|p2a: Latios\n|-damage|p2a: Latios|19/100\n|\n|-heal|p1a: Jirachi|227/291|[from] item: Leftovers\n|upkeep\n|turn|3\n|inactive|Time left: 300 sec this turn | 300 sec total\n|\n|t:|1783567142\n|move|p2a: Latios|Luster Purge|p1a: Jirachi\n|-resisted|p1a: Jirachi\n|-damage|p1a: Jirachi|172/291\n|move|p1a: Jirachi|Iron Head|p2a: Latios\n|-damage|p2a: Latios|0 fnt\n|faint|p2a: Latios\n|\n|-heal|p1a: Jirachi|190/291|[from] item: Leftovers\n|upkeep\n|\n|t:|1783567143\n|switch|p2a: Chi-Yu|Chi-Yu, L77|100/100\n|-ability|p2a: Chi-Yu|Beads of Ruin\n|turn|4\n|inactive|Time left: 300 sec this turn | 300 sec total\n|\n|t:|1783567144\n|move|p1a: Jirachi|Iron Head|p2a: Chi-Yu\n|-resisted|p2a: Chi-Yu\n|-damage|p2a: Chi-Yu|78/100\n|cant|p2a: Chi-Yu|flinch\n|\n|-heal|p1a: Jirachi|208/291|[from] item: Leftovers\n|upkeep\n|turn|5\n|inactive|Time left: 300 sec this turn | 300 sec total\n|\n|t:|1783567145\n|move|p1a: Jirachi|Body Slam|p2a: Chi-Yu\n|-damage|p2a: Chi-Yu|45/100\n|-status|p2a: Chi-Yu|par\n|move|p2a: Chi-Yu|Flamethrower|p1a: Jirachi\n|-supereffective|p1a: Jirachi\n|-damage|p1a: Jirachi|0 fnt\n|faint|p1a: Jirachi\n|\n|upkeep\n|inactive|Time left: 300 sec this turn | 300 sec total | 5 sec grace\n|\n|t:|1783567146\n|switch|p1a: Camerupt|Camerupt, L91, F|275/275\n|turn|6\n|inactive|Time left: 300 sec this turn | 300 sec total\n|\n|t:|1783567147\n|move|p1a: Camerupt|Earthquake|p2a: Chi-Yu\n|-supereffective|p2a: Chi-Yu\n|-crit|p2a: Chi-Yu\n|-damage|p2a: Chi-Yu|0 fnt\n|faint|p2a: Chi-Yu\n|\n|upkeep\n|\n|t:|1783567148\n|switch|p2a: Lugia|Lugia, L73|100/100\n|turn|7\n|inactive|Time left: 300 sec this turn | 300 sec total\n|\n|t:|1783567149\n|move|p2a: Lugia|Calm Mind|p2a: Lugia\n|-boost|p2a: Lugia|spa|1\n|-boost|p2a: Lugia|spd|1\n|move|p1a: Camerupt|Will-O-Wisp|p2a: Lugia\n|-status|p2a: Lugia|brn\n|\n|-damage|p2a: Lugia|94/100 brn|[from] brn\n|upkeep\n|turn|8\n|inactive|Time left: 300 sec this turn | 300 sec total\n|\n|t:|1783567150\n|switch|p1a: Weavile|Weavile, L79, F|240/240\n|move|p2a: Lugia|Calm Mind|p2a: Lugia\n|-boost|p2a: Lugia|spa|1\n|-boost|p2a: Lugia|spd|1\n|\n|-damage|p2a: Lugia|88/100 brn|[from] brn\n|upkeep\n|turn|9\n|inactive|Time left: 300 sec this turn | 300 sec total\n|\n|t:|1783567150\n|-terastallize|p2a: Lugia|Steel\n|move|p1a: Weavile|Swords Dance|p1a: Weavile\n|-boost|p1a: Weavile|atk|2\n|move|p2a: Lugia|Aeroblast|p1a: Weavile\n|-damage|p1a: Weavile|75/240\n|\n|-damage|p2a: Lugia|82/100 brn|[from] brn\n|upkeep\n|turn|10\n|inactive|Time left: 300 sec this turn | 300 sec total\n|\n|t:|1783567151\n|-terastallize|p1a: Weavile|Dark\n|move|p1a: Weavile|Knock Off|p2a: Lugia\n|-damage|p2a: Lugia|0 fnt\n|-enditem|p2a: Lugia|Heavy-Duty Boots|[from] move: Knock Off|[of] p1a: Weavile\n|faint|p2a: Lugia\n|\n|upkeep\n|\n|t:|1783567152\n|switch|p2a: Bastiodon|Bastiodon, L89, M|100/100\n|turn|11\n|inactive|Time left: 300 sec this turn | 300 sec total\n|\n|t:|1783567153\n|move|p1a: Weavile|Knock Off|p2a: Bastiodon\n|-damage|p2a: Bastiodon|39/100\n|-enditem|p2a: Bastiodon|Chesto Berry|[from] move: Knock Off|[of] p1a: Weavile\n|move|p2a: Bastiodon|Body Press|p1a: Weavile\n|-supereffective|p1a: Weavile\n|-crit|p1a: Weavile\n|-damage|p1a: Weavile|0 fnt\n|faint|p1a: Weavile\n|\n|upkeep\n|inactive|Time left: 300 sec this turn | 300 sec total | 5 sec grace\n|\n|t:|1783567154\n|switch|p1a: Camerupt|Camerupt, L91, F|275/275\n|turn|12\n|inactive|Time left: 300 sec this turn | 300 sec total\n|\n|t:|1783567155\n|switch|p2a: Cacturne|Cacturne, L92, F|100/100\n|move|p1a: Camerupt|Earthquake|p2a: Cacturne\n|-resisted|p2a: Cacturne\n|-damage|p2a: Cacturne|74/100\n|\n|upkeep\n|turn|13\n|inactive|Time left: 300 sec this turn | 300 sec total\n|\n|t:|1783567156\n|move|p2a: Cacturne|Knock Off|p1a: Camerupt\n|-damage|p1a: Camerupt|71/275\n|-enditem|p1a: Camerupt|Leftovers|[from] move: Knock Off|[of] p2a: Cacturne\n|-damage|p2a: Cacturne|64/100|[from] item: Life Orb\n|move|p1a: Camerupt|Overheat|p2a: Cacturne\n|-supereffective|p2a: Cacturne\n|-damage|p2a: Cacturne|0 fnt\n|-unboost|p1a: Camerupt|spa|2\n|faint|p2a: Cacturne\n|\n|upkeep\n|\n|t:|1783567157\n|switch|p2a: Illumise|Illumise, L91, F|100/100\n|turn|14\n|inactive|Time left: 300 sec this turn | 300 sec total\n|\n|t:|1783567159\n|move|p2a: Illumise|Bug Buzz|p1a: Camerupt\n|-resisted|p1a: Camerupt\n|-damage|p1a: Camerupt|26/275\n|move|p1a: Camerupt|Overheat|p2a: Illumise\n|-supereffective|p2a: Illumise\n|-damage|p2a: Illumise|37/100\n|-unboost|p1a: Camerupt|spa|2\n|\n|upkeep\n|turn|15\n|inactive|Time left: 300 sec this turn | 300 sec total\n|\n|t:|1783567160\n|switch|p1a: Persian|Persian-Alola, L86, M|252/252\n|move|p2a: Illumise|Roost|p2a: Illumise\n|-heal|p2a: Illumise|87/100\n|-singleturn|p2a: Illumise|move: Roost\n|\n|upkeep\n|turn|16\n|inactive|Time left: 300 sec this turn | 300 sec total\n|\n|t:|1783567161\n|switch|p1a: Urshifu|Urshifu-Rapid-Strike, L75, M|274/274\n|move|p2a: Illumise|Bug Buzz|p1a: Urshifu\n|-resisted|p1a: Urshifu\n|-damage|p1a: Urshifu|203/274\n|\n|upkeep\n|turn|17\n|inactive|Time left: 300 sec this turn | 300 sec total\n|\n|t:|1783567162\n|move|p2a: Illumise|Thunder Wave|p1a: Urshifu\n|-status|p1a: Urshifu|par\n|move|p1a: Urshifu|Surging Strikes|p2a: Illumise\n|-crit|p2a: Illumise\n|-damage|p2a: Illumise|70/100\n|-crit|p2a: Illumise\n|-damage|p2a: Illumise|54/100\n|-crit|p2a: Illumise\n|-damage|p2a: Illumise|37/100\n|-hitcount|p2a: Illumise|3\n|\n|upkeep\n|turn|18\n|inactive|Time left: 300 sec this turn | 300 sec total\n|\n|t:|1783567163\n|move|p2a: Illumise|Roost|p2a: Illumise\n|-heal|p2a: Illumise|87/100\n|-singleturn|p2a: Illumise|move: Roost\n|move|p1a: Urshifu|Surging Strikes|p2a: Illumise\n|-crit|p2a: Illumise\n|-damage|p2a: Illumise|72/100\n|-crit|p2a: Illumise\n|-damage|p2a: Illumise|54/100\n|-crit|p2a: Illumise\n|-damage|p2a: Illumise|38/100\n|-hitcount|p2a: Illumise|3\n|\n|upkeep\n|turn|19\n|inactive|Time left: 300 sec this turn | 300 sec total\n|\n|t:|1783567164\n|move|p2a: Illumise|Roost|p2a: Illumise\n|-heal|p2a: Illumise|88/100\n|-singleturn|p2a: Illumise|move: Roost\n|cant|p1a: Urshifu|par\n|\n|upkeep\n|turn|20\n|inactive|Time left: 300 sec this turn | 300 sec total\n|\n|t:|1783567165\n|move|p2a: Illumise|Bug Buzz|p1a: Urshifu\n|-resisted|p1a: Urshifu\n|-crit|p1a: Urshifu\n|-damage|p1a: Urshifu|105/274 par\n|move|p1a: Urshifu|Surging Strikes|p2a: Illumise\n|-crit|p2a: Illumise\n|-damage|p2a: Illumise|70/100\n|-crit|p2a: Illumise\n|-damage|p2a: Illumise|51/100\n|-crit|p2a: Illumise\n|-damage|p2a: Illumise|34/100\n|-hitcount|p2a: Illumise|3\n|\n|upkeep\n|turn|21\n|inactive|Time left: 300 sec this turn | 300 sec total\n|\n|t:|1783567166\n|move|p2a: Illumise|Roost|p2a: Illumise\n|-heal|p2a: Illumise|84/100\n|-singleturn|p2a: Illumise|move: Roost\n|move|p1a: Urshifu|Surging Strikes|p2a: Illumise\n|-crit|p2a: Illumise\n|-damage|p2a: Illumise|67/100\n|-crit|p2a: Illumise\n|-damage|p2a: Illumise|50/100\n|-crit|p2a: Illumise\n|-damage|p2a: Illumise|33/100\n|-hitcount|p2a: Illumise|3\n|\n|upkeep\n|turn|22\n|inactive|Time left: 300 sec this turn | 300 sec total\n|\n|t:|1783567167\n|move|p2a: Illumise|Roost|p2a: Illumise\n|-heal|p2a: Illumise|83/100\n|-singleturn|p2a: Illumise|move: Roost\n|cant|p1a: Urshifu|par\n|\n|upkeep\n|turn|23\n|inactive|Time left: 300 sec this turn | 300 sec total\n|\n|t:|1783567168\n|move|p2a: Illumise|Bug Buzz|p1a: Urshifu\n|-resisted|p1a: Urshifu\n|-damage|p1a: Urshifu|39/274 par\n|move|p1a: Urshifu|Surging Strikes|p2a: Illumise\n|-crit|p2a: Illumise\n|-damage|p2a: Illumise|66/100\n|-crit|p2a: Illumise\n|-damage|p2a: Illumise|48/100\n|-crit|p2a: Illumise\n|-damage|p2a: Illumise|31/100\n|-hitcount|p2a: Illumise|3\n|\n|upkeep\n|turn|24\n|inactive|Time left: 300 sec this turn | 300 sec total\n|\n|t:|1783567170\n|move|p2a: Illumise|Bug Buzz|p1a: Urshifu\n|-resisted|p1a: Urshifu\n|-damage|p1a: Urshifu|0 fnt\n|faint|p1a: Urshifu\n|\n|upkeep\n|inactive|Time left: 300 sec this turn | 300 sec total | 5 sec grace\n|\n|t:|1783567171\n|switch|p1a: Persian|Persian-Alola, L86, M|252/252\n|turn|25\n|inactive|Time left: 300 sec this turn | 300 sec total\n|\n|t:|1783567172\n|move|p1a: Persian|Dark Pulse|p2a: Illumise\n|-damage|p2a: Illumise|0 fnt\n|faint|p2a: Illumise\n|-damage|p1a: Persian|227/252|[from] item: Life Orb\n|\n|upkeep\n|\n|t:|1783567173\n|switch|p2a: Bastiodon|Bastiodon, L89, M|39/100\n|turn|26\n|inactive|Time left: 300 sec this turn | 300 sec total\n|\n|t:|1783567174\n|move|p1a: Persian|Nasty Plot|p1a: Persian\n|-boost|p1a: Persian|spa|2\n|move|p2a: Bastiodon|Rest|p2a: Bastiodon\n|-status|p2a: Bastiodon|slp|[from] move: Rest\n|-heal|p2a: Bastiodon|100/100 slp|[silent]\n|\n|upkeep\n|turn|27\n|inactive|Time left: 300 sec this turn | 300 sec total\n|\n|t:|1783567175\n|switch|p1a: Camerupt|Camerupt, L91, F|26/275\n|cant|p2a: Bastiodon|slp\n|\n|upkeep\n|turn|28\n|inactive|Time left: 300 sec this turn | 300 sec total\n|\n|t:|1783567175\n|move|p1a: Camerupt|Earthquake|p2a: Bastiodon\n|-supereffective|p2a: Bastiodon\n|-damage|p2a: Bastiodon|0 fnt\n|faint|p2a: Bastiodon\n|\n|win|p0x2338a085", "uploadtime": 1783567175, "views": 0, "rating": 0, "private": 0, "password": null, "_winner": "p0x2338a085", "_our_name": "p0x2338a085"}