{"id": "battle-gen9randombattle-1588", "formatid": "gen9randombattle", "format": "[Gen 9] Random Battle", "players": ["p0x1588351e", "p0y158852c7"], "log": "|init|battle\n|title|p0x1588351e vs. p0y158852c7\n|j|\u2606p0x1588351e\n|j|\u2606p0y158852c7\n|t:|1783558387\n|gametype|singles\n|player|p1|p0x1588351e|1|\n|player|p2|p0y158852c7|102|\n|gen|9\n|tier|[Gen 9] Random Battle\n|rule|Species Clause: Limit one of each Pok\u00e9mon\n|rule|HP Percentage Mod: HP is shown in percentages\n|rule|Sleep Clause Mod: Limit one foe put to sleep\n|rule|Illusion Level Mod: Illusion disguises the Pok\u00e9mon's true level\n|\n|t:|1783558387\n|teamsize|p1|6\n|teamsize|p2|6\n|start\n|switch|p1a: Milotic|Milotic, L83, F|100/100\n|switch|p2a: Gastrodon|Gastrodon-East, L86, M|331/331\n|turn|1\n|inactive|Battle timer is ON: inactive players will automatically lose when time's up. (requested by p0x1588351e)\n|inactive|Time left: 300 sec this turn | 300 sec total | 60 sec grace\n|inactive|p0y158852c7 also wants the timer to be on.\n|\n|t:|1783558389\n|switch|p1a: Araquanid|Araquanid, L82, M|100/100\n|move|p2a: Gastrodon|Earthquake|p1a: Araquanid\n|-resisted|p1a: Araquanid\n|-damage|p1a: Araquanid|82/100\n|\n|upkeep\n|turn|2\n|inactive|Time left: 300 sec this turn | 300 sec total\n|\n|t:|1783558390\n|move|p2a: Gastrodon|Earthquake|p1a: Araquanid\n|-resisted|p1a: Araquanid\n|-damage|p1a: Araquanid|64/100\n|move|p1a: Araquanid|Sticky Web|p2a: Gastrodon\n|-sidestart|p2: p0y158852c7|move: Sticky Web\n|\n|upkeep\n|turn|3\n|inactive|Time left: 300 sec this turn | 300 sec total\n|\n|t:|1783558391\n|switch|p1a: Eelektross|Eelektross, L87, M|100/100\n|move|p2a: Gastrodon|Earthquake|p1a: Eelektross\n|-immune|p1a: Eelektross|[from] ability: Levitate\n|\n|upkeep\n|turn|4\n|inactive|Time left: 300 sec this turn | 300 sec total\n|\n|t:|1783558392\n|move|p1a: Eelektross|Coil|p1a: Eelektross\n|-boost|p1a: Eelektross|atk|1\n|-boost|p1a: Eelektross|def|1\n|-boost|p1a: Eelektross|accuracy|1\n|move|p2a: Gastrodon|Ice Beam|p1a: Eelektross\n|-damage|p1a: Eelektross|79/100\n|\n|-heal|p1a: Eelektross|86/100|[from] item: Leftovers\n|upkeep\n|turn|5\n|inactive|Time left: 300 sec this turn | 300 sec total\n|\n|t:|1783558393\n|move|p1a: Eelektross|Knock Off|p2a: Gastrodon\n|-damage|p2a: Gastrodon|180/331\n|-enditem|p2a: Gastrodon|Leftovers|[from] move: Knock Off|[of] p1a: Eelektross\n|move|p2a: Gastrodon|Clear Smog|p1a: Eelektross\n|-damage|p1a: Eelektross|73/100\n|-clearboost|p1a: Eelektross\n|\n|-heal|p1a: Eelektross|79/100|[from] item: Leftovers\n|upkeep\n|turn|6\n|inactive|Time left: 300 sec this turn | 300 sec total\n|\n|t:|1783558395\n|move|p1a: Eelektross|Drain Punch|p2a: Gastrodon\n|-damage|p2a: Gastrodon|103/331\n|-heal|p1a: Eelektross|93/100|[from] drain|[of] p2a: Gastrodon\n|move|p2a: Gastrodon|Recover|p2a: Gastrodon\n|-heal|p2a: Gastrodon|269/331\n|\n|-heal|p1a: Eelektross|99/100|[from] item: Leftovers\n|upkeep\n|turn|7\n|inactive|Time left: 300 sec this turn | 300 sec total\n|\n|t:|1783558396\n|move|p1a: Eelektross|Coil|p1a: Eelektross\n|-boost|p1a: Eelektross|atk|1\n|-boost|p1a: Eelektross|def|1\n|-boost|p1a: Eelektross|accuracy|1\n|move|p2a: Gastrodon|Recover|p2a: Gastrodon\n|-heal|p2a: Gastrodon|331/331\n|\n|-heal|p1a: Eelektross|100/100|[from] item: Leftovers\n|upkeep\n|turn|8\n|inactive|Time left: 300 sec this turn | 300 sec total\n|\n|t:|1783558397\n|move|p1a: Eelektross|Knock Off|p2a: Gastrodon\n|-damage|p2a: Gastrodon|230/331\n|move|p2a: Gastrodon|Clear Smog|p1a: Eelektross\n|-damage|p1a: Eelektross|87/100\n|-clearboost|p1a: Eelektross\n|\n|-heal|p1a: Eelektross|93/100|[from] item: Leftovers\n|upkeep\n|turn|9\n|inactive|Time left: 300 sec this turn | 300 sec total\n|\n|t:|1783558398\n|move|p1a: Eelektross|Coil|p1a: Eelektross\n|-boost|p1a: Eelektross|atk|1\n|-boost|p1a: Eelektross|def|1\n|-boost|p1a: Eelektross|accuracy|1\n|move|p2a: Gastrodon|Recover|p2a: Gastrodon\n|-heal|p2a: Gastrodon|331/331\n|\n|-heal|p1a: Eelektross|99/100|[from] item: Leftovers\n|upkeep\n|turn|10\n|inactive|Time left: 300 sec this turn | 300 sec total\n|\n|t:|1783558399\n|move|p1a: Eelektross|Knock Off|p2a: Gastrodon\n|-damage|p2a: Gastrodon|235/331\n|move|p2a: Gastrodon|Clear Smog|p1a: Eelektross\n|-damage|p1a: Eelektross|86/100\n|-clearboost|p1a: Eelektross\n|\n|-heal|p1a: Eelektross|92/100|[from] item: Leftovers\n|upkeep\n|turn|11\n|inactive|Time left: 300 sec this turn | 300 sec total\n|\n|t:|1783558400\n|move|p1a: Eelektross|Coil|p1a: Eelektross\n|-boost|p1a: Eelektross|atk|1\n|-boost|p1a: Eelektross|def|1\n|-boost|p1a: Eelektross|accuracy|1\n|move|p2a: Gastrodon|Recover|p2a: Gastrodon\n|-heal|p2a: Gastrodon|331/331\n|\n|-heal|p1a: Eelektross|98/100|[from] item: Leftovers\n|upkeep\n|turn|12\n|inactive|Time left: 300 sec this turn | 300 sec total\n|\n|t:|1783558401\n|move|p1a: Eelektross|Coil|p1a: Eelektross\n|-boost|p1a: Eelektross|atk|1\n|-boost|p1a: Eelektross|def|1\n|-boost|p1a: Eelektross|accuracy|1\n|move|p2a: Gastrodon|Clear Smog|p1a: Eelektross\n|-damage|p1a: Eelektross|87/100\n|-clearboost|p1a: Eelektross\n|\n|-heal|p1a: Eelektross|93/100|[from] item: Leftovers\n|upkeep\n|turn|13\n|inactive|Time left: 300 sec this turn | 300 sec total\n|\n|t:|1783558402\n|move|p1a: Eelektross|Coil|p1a: Eelektross\n|-boost|p1a: Eelektross|atk|1\n|-boost|p1a: Eelektross|def|1\n|-boost|p1a: Eelektross|accuracy|1\n|move|p2a: Gastrodon|Ice Beam|p1a: Eelektross\n|-damage|p1a: Eelektross|70/100\n|\n|-heal|p1a: Eelektross|76/100|[from] item: Leftovers\n|upkeep\n|turn|14\n|inactive|Time left: 300 sec this turn | 300 sec total\n|\n|t:|1783558403\n|move|p1a: Eelektross|Drain Punch|p2a: Gastrodon\n|-damage|p2a: Gastrodon|217/331\n|-heal|p1a: Eelektross|96/100|[from] drain|[of] p2a: Gastrodon\n|move|p2a: Gastrodon|Clear Smog|p1a: Eelektross\n|-damage|p1a: Eelektross|83/100\n|-clearboost|p1a: Eelektross\n|\n|-heal|p1a: Eelektross|89/100|[from] item: Leftovers\n|upkeep\n|turn|15\n|inactive|Time left: 300 sec this turn | 300 sec total\n|\n|t:|1783558404\n|move|p1a: Eelektross|Drain Punch|p2a: Gastrodon\n|-damage|p2a: Gastrodon|142/331\n|-heal|p1a: Eelektross|100/100|[from] drain|[of] p2a: Gastrodon\n|move|p2a: Gastrodon|Recover|p2a: Gastrodon\n|-heal|p2a: Gastrodon|308/331\n|\n|upkeep\n|turn|16\n|inactive|Time left: 300 sec this turn | 300 sec total\n|\n|t:|1783558405\n|move|p1a: Eelektross|Coil|p1a: Eelektross\n|-boost|p1a: Eelektross|atk|1\n|-boost|p1a: Eelektross|def|1\n|-boost|p1a: Eelektross|accuracy|1\n|move|p2a: Gastrodon|Ice Beam|p1a: Eelektross\n|-damage|p1a: Eelektross|78/100\n|\n|-heal|p1a: Eelektross|84/100|[from] item: Leftovers\n|upkeep\n|turn|17\n|inactive|Time left: 300 sec this turn | 300 sec total\n|\n|t:|1783558406\n|move|p1a: Eelektross|Drain Punch|p2a: Gastrodon\n|-damage|p2a: Gastrodon|199/331\n|-heal|p1a: Eelektross|100/100|[from] drain|[of] p2a: Gastrodon\n|move|p2a: Gastrodon|Clear Smog|p1a: Eelektross\n|-crit|p1a: Eelektross\n|-damage|p1a: Eelektross|82/100\n|-clearboost|p1a: Eelektross\n|\n|-heal|p1a: Eelektross|88/100|[from] item: Leftovers\n|upkeep\n|turn|18\n|inactive|Time left: 300 sec this turn | 300 sec total\n|\n|t:|1783558407\n|move|p1a: Eelektross|Coil|p1a: Eelektross\n|-boost|p1a: Eelektross|atk|1\n|-boost|p1a: Eelektross|def|1\n|-boost|p1a: Eelektross|accuracy|1\n|move|p2a: Gastrodon|Recover|p2a: Gastrodon\n|-heal|p2a: Gastrodon|331/331\n|\n|-heal|p1a: Eelektross|95/100|[from] item: Leftovers\n|upkeep\n|turn|19\n|inactive|Time left: 300 sec this turn | 300 sec total\n|\n|t:|1783558408\n|move|p1a: Eelektross|Drain Punch|p2a: Gastrodon\n|-damage|p2a: Gastrodon|210/331\n|-heal|p1a: Eelektross|100/100|[from] drain|[of] p2a: Gastrodon\n|move|p2a: Gastrodon|Clear Smog|p1a: Eelektross\n|-damage|p1a: Eelektross|88/100\n|-clearboost|p1a: Eelektross\n|\n|-heal|p1a: Eelektross|94/100|[from] item: Leftovers\n|upkeep\n|turn|20\n|inactive|Time left: 300 sec this turn | 300 sec total\n|\n|t:|1783558409\n|move|p1a: Eelektross|Coil|p1a: Eelektross\n|-boost|p1a: Eelektross|atk|1\n|-boost|p1a: Eelektross|def|1\n|-boost|p1a: Eelektross|accuracy|1\n|move|p2a: Gastrodon|Recover|p2a: Gastrodon\n|-heal|p2a: Gastrodon|331/331\n|\n|-heal|p1a: Eelektross|100/100|[from] item: Leftovers\n|upkeep\n|turn|21\n|inactive|Time left: 300 sec this turn | 300 sec total\n|\n|t:|1783558410\n|move|p1a: Eelektross|Knock Off|p2a: Gastrodon\n|-damage|p2a: Gastrodon|237/331\n|move|p2a: Gastrodon|Clear Smog|p1a: Eelektross\n|-damage|p1a: Eelektross|88/100\n|-clearboost|p1a: Eelektross\n|\n|-heal|p1a: Eelektross|94/100|[from] item: Leftovers\n|upkeep\n|turn|22\n|inactive|Time left: 300 sec this turn | 300 sec total\n|\n|t:|1783558411\n|move|p1a: Eelektross|Coil|p1a: Eelektross\n|-boost|p1a: Eelektross|atk|1\n|-boost|p1a: Eelektross|def|1\n|-boost|p1a: Eelektross|accuracy|1\n|move|p2a: Gastrodon|Recover|p2a: Gastrodon\n|-heal|p2a: Gastrodon|331/331\n|\n|-heal|p1a: Eelektross|99/100|[from] item: Leftovers\n|upkeep\n|turn|23\n|inactive|Time left: 300 sec this turn | 300 sec total\n|\n|t:|1783558412\n|move|p1a: Eelektross|Knock Off|p2a: Gastrodon\n|-damage|p2a: Gastrodon|241/331\n|move|p2a: Gastrodon|Clear Smog|p1a: Eelektross\n|-damage|p1a: Eelektross|88/100\n|-clearboost|p1a: Eelektross\n|\n|-heal|p1a: Eelektross|94/100|[from] item: Leftovers\n|upkeep\n|turn|24\n|inactive|Time left: 300 sec this turn | 300 sec total\n|\n|t:|1783558413\n|move|p1a: Eelektross|Drain Punch|p2a: Gastrodon\n|-damage|p2a: Gastrodon|161/331\n|-heal|p1a: Eelektross|100/100|[from] drain|[of] p2a: Gastrodon\n|move|p2a: Gastrodon|Ice Beam|p1a: Eelektross\n|-damage|p1a: Eelektross|77/100\n|\n|-heal|p1a: Eelektross|83/100|[from] item: Leftovers\n|upkeep\n|turn|25\n|inactive|Time left: 300 sec this turn | 300 sec total\n|\n|t:|1783558414\n|move|p1a: Eelektross|Drain Punch|p2a: Gastrodon\n|-damage|p2a: Gastrodon|87/331\n|-heal|p1a: Eelektross|96/100|[from] drain|[of] p2a: Gastrodon\n|move|p2a: Gastrodon|Ice Beam|p1a: Eelektross\n|-damage|p1a: Eelektross|73/100\n|\n|-heal|p1a: Eelektross|79/100|[from] item: Leftovers\n|upkeep\n|turn|26\n|inactive|Time left: 300 sec this turn | 300 sec total\n|\n|t:|1783558416\n|move|p1a: Eelektross|Drain Punch|p2a: Gastrodon\n|-damage|p2a: Gastrodon|7/331\n|-heal|p1a: Eelektross|93/100|[from] drain|[of] p2a: Gastrodon\n|move|p2a: Gastrodon|Ice Beam|p1a: Eelektross\n|-damage|p1a: Eelektross|70/100\n|\n|-heal|p1a: Eelektross|77/100|[from] item: Leftovers\n|upkeep\n|turn|27\n|inactive|Time left: 300 sec this turn | 300 sec total\n|\n|t:|1783558417\n|move|p1a: Eelektross|Knock Off|p2a: Gastrodon\n|-damage|p2a: Gastrodon|0 fnt\n|faint|p2a: Gastrodon\n|\n|-heal|p1a: Eelektross|83/100|[from] item: Leftovers\n|upkeep\n|inactive|Time left: 300 sec this turn | 300 sec total | 5 sec grace\n|\n|t:|1783558418\n|switch|p2a: Toedscruel|Toedscruel, L87, M|281/281\n|-activate|p2a: Toedscruel|move: Sticky Web\n|-unboost|p2a: Toedscruel|spe|1\n|turn|28\n|inactive|Time left: 300 sec this turn | 300 sec total\n|\n|t:|1783558419\n|move|p2a: Toedscruel|Rapid Spin|p1a: Eelektross\n|-damage|p1a: Eelektross|72/100\n|-boost|p2a: Toedscruel|spe|1\n|-sideend|p2: p0y158852c7|Sticky Web|[from] move: Rapid Spin|[of] p2a: Toedscruel\n|move|p1a: Eelektross|Knock Off|p2a: Toedscruel\n|-damage|p2a: Toedscruel|178/281\n|-enditem|p2a: Toedscruel|Leftovers|[from] move: Knock Off|[of] p1a: Eelektross\n|\n|-heal|p1a: Eelektross|78/100|[from] item: Leftovers\n|upkeep\n|turn|29\n|inactive|Time left: 300 sec this turn | 300 sec total\n|\n|t:|1783558420\n|move|p1a: Eelektross|Coil|p1a: Eelektross\n|-boost|p1a: Eelektross|atk|1\n|-boost|p1a: Eelektross|def|1\n|-boost|p1a: Eelektross|accuracy|1\n|move|p2a: Toedscruel|Spore|p1a: Eelektross\n|-status|p1a: Eelektross|slp|[from] move: Spore\n|\n|-heal|p1a: Eelektross|84/100 slp|[from] item: Leftovers\n|upkeep\n|turn|30\n|inactive|Time left: 300 sec this turn | 300 sec total\n|\n|t:|1783558421\n|switch|p2a: Galvantula|Galvantula, L82, F|249/249\n|cant|p1a: Eelektross|slp\n|\n|-heal|p1a: Eelektross|90/100 slp|[from] item: Leftovers\n|upkeep\n|turn|31\n|inactive|Time left: 300 sec this turn | 300 sec total\n|\n|t:|1783558422\n|move|p2a: Galvantula|Sticky Web|p1a: Eelektross\n|-sidestart|p1: p0x1588351e|move: Sticky Web\n|cant|p1a: Eelektross|slp\n|\n|-heal|p1a: Eelektross|97/100 slp|[from] item: Leftovers\n|upkeep\n|turn|32\n|inactive|Time left: 300 sec this turn | 300 sec total\n|\n|t:|1783558423\n|switch|p2a: Regirock|Regirock, L83|268/268\n|-curestatus|p1a: Eelektross|slp|[msg]\n|move|p1a: Eelektross|Knock Off|p2a: Regirock\n|-damage|p2a: Regirock|203/268\n|-enditem|p2a: Regirock|Leftovers|[from] move: Knock Off|[of] p1a: Eelektross\n|\n|-heal|p1a: Eelektross|100/100|[from] item: Leftovers\n|upkeep\n|turn|33\n|inactive|Time left: 300 sec this turn | 300 sec total\n|\n|t:|1783558424\n|move|p1a: Eelektross|Coil|p1a: Eelektross\n|-boost|p1a: Eelektross|atk|1\n|-boost|p1a: Eelektross|def|1\n|-boost|p1a: Eelektross|accuracy|1\n|move|p2a: Regirock|Stealth Rock|p1a: Eelektross\n|-sidestart|p1: p0x1588351e|move: Stealth Rock\n|\n|upkeep\n|turn|34\n|inactive|Time left: 300 sec this turn | 300 sec total\n|\n|t:|1783558426\n|switch|p2a: Toedscruel|Toedscruel, L87, M|178/281\n|move|p1a: Eelektross|Drain Punch|p2a: Toedscruel\n|-damage|p2a: Toedscruel|37/281\n|\n|upkeep\n|turn|35\n|inactive|Time left: 300 sec this turn | 300 sec total\n|\n|t:|1783558427\n|move|p1a: Eelektross|Knock Off|p2a: Toedscruel\n|-damage|p2a: Toedscruel|0 fnt\n|faint|p2a: Toedscruel\n|\n|upkeep\n|inactive|Time left: 300 sec this turn | 300 sec total | 5 sec grace\n|\n|t:|1783558428\n|switch|p2a: Regirock|Regirock, L83|203/268\n|turn|36\n|inactive|Time left: 300 sec this turn | 300 sec total\n|\n|t:|1783558429\n|move|p1a: Eelektross|Supercell Slam|p2a: Regirock\n|-damage|p2a: Regirock|70/268\n|move|p2a: Regirock|Stone Edge|p1a: Eelektross\n|-damage|p1a: Eelektross|82/100\n|\n|-heal|p1a: Eelektross|88/100|[from] item: Leftovers\n|upkeep\n|turn|37\n|inactive|Time left: 300 sec this turn | 300 sec total\n|\n|t:|1783558430\n|move|p1a: Eelektross|Supercell Slam|p2a: Regirock\n|-damage|p2a: Regirock|0 fnt\n|faint|p2a: Regirock\n|\n|-heal|p1a: Eelektross|94/100|[from] item: Leftovers\n|upkeep\n|inactive|Time left: 300 sec this turn | 300 sec total | 5 sec grace\n|\n|t:|1783558431\n|switch|p2a: Galvantula|Galvantula, L82, F|249/249\n|turn|38\n|inactive|Time left: 300 sec this turn | 300 sec total\n|\n|t:|1783558432\n|move|p2a: Galvantula|Bug Buzz|p1a: Eelektross\n|-damage|p1a: Eelektross|62/100\n|move|p1a: Eelektross|Knock Off|p2a: Galvantula\n|-damage|p2a: Galvantula|25/249\n|-enditem|p2a: Galvantula|Heavy-Duty Boots|[from] move: Knock Off|[of] p1a: Eelektross\n|\n|-heal|p1a: Eelektross|68/100|[from] item: Leftovers\n|upkeep\n|turn|39\n|inactive|Time left: 300 sec this turn | 300 sec total\n|\n|t:|1783558433\n|move|p2a: Galvantula|Bug Buzz|p1a: Eelektross\n|-damage|p1a: Eelektross|33/100\n|move|p1a: Eelektross|Drain Punch|p2a: Galvantula\n|-resisted|p2a: Galvantula\n|-damage|p2a: Galvantula|0 fnt\n|-heal|p1a: Eelektross|37/100|[from] drain|[of] p2a: Galvantula\n|faint|p2a: Galvantula\n|\n|-heal|p1a: Eelektross|43/100|[from] item: Leftovers\n|upkeep\n|inactive|Time left: 300 sec this turn | 300 sec total | 5 sec grace\n|\n|t:|1783558435\n|switch|p2a: Talonflame|Talonflame, L83, F|265/265\n|turn|40\n|inactive|Time left: 300 sec this turn | 300 sec total\n|\n|t:|1783558436\n|move|p2a: Talonflame|Overheat|p1a: Eelektross|[miss]\n|-miss|p2a: Talonflame|p1a: Eelektross\n|move|p1a: Eelektross|Drain Punch|p2a: Talonflame\n|-resisted|p2a: Talonflame\n|-damage|p2a: Talonflame|188/265\n|-heal|p1a: Eelektross|57/100|[from] drain|[of] p2a: Talonflame\n|-status|p1a: Eelektross|brn|[from] ability: Flame Body|[of] p2a: Talonflame\n|\n|-heal|p1a: Eelektross|63/100 brn|[from] item: Leftovers\n|-damage|p1a: Eelektross|57/100 brn|[from] brn\n|upkeep\n|turn|41\n|inactive|Time left: 300 sec this turn | 300 sec total\n|\n|t:|1783558437\n|move|p2a: Talonflame|Overheat|p1a: Eelektross\n|-damage|p1a: Eelektross|15/100 brn\n|-unboost|p2a: Talonflame|spa|2\n|move|p1a: Eelektross|Supercell Slam|p2a: Talonflame\n|-supereffective|p2a: Talonflame\n|-damage|p2a: Talonflame|0 fnt\n|faint|p2a: Talonflame\n|\n|-heal|p1a: Eelektross|21/100 brn|[from] item: Leftovers\n|-damage|p1a: Eelektross|15/100 brn|[from] brn\n|upkeep\n|inactive|Time left: 300 sec this turn | 300 sec total | 5 sec grace\n|\n|t:|1783558437\n|switch|p2a: Mienshao|Mienshao, L83, M|244/244\n|turn|42\n|inactive|Time left: 300 sec this turn | 300 sec total\n|\n|t:|1783558438\n|-terastallize|p1a: Eelektross|Fighting\n|move|p2a: Mienshao|Swords Dance|p2a: Mienshao\n|-boost|p2a: Mienshao|atk|2\n|move|p1a: Eelektross|Drain Punch|p2a: Mienshao\n|-damage|p2a: Mienshao|115/244\n|-heal|p1a: Eelektross|37/100 brn|[from] drain|[of] p2a: Mienshao\n|\n|-heal|p1a: Eelektross|44/100 brn|[from] item: Leftovers\n|-damage|p1a: Eelektross|37/100 brn|[from] brn\n|upkeep\n|turn|43\n|inactive|Time left: 300 sec this turn | 300 sec total\n|\n|t:|1783558439\n|-terastallize|p2a: Mienshao|Dark\n|move|p2a: Mienshao|Close Combat|p1a: Eelektross\n|-damage|p1a: Eelektross|0 fnt\n|-unboost|p2a: Mienshao|def|1\n|-unboost|p2a: Mienshao|spd|1\n|faint|p1a: Eelektross\n|-damage|p2a: Mienshao|91/244|[from] item: Life Orb\n|\n|upkeep\n|\n|t:|1783558439\n|switch|p1a: Dachsbun|Dachsbun, L92, M|100/100\n|-activate|p1a: Dachsbun|move: Sticky Web\n|-unboost|p1a: Dachsbun|spe|1\n|-damage|p1a: Dachsbun|88/100|[from] Stealth Rock\n|turn|44\n|inactive|Time left: 300 sec this turn | 300 sec total\n|\n|t:|1783558440\n|move|p2a: Mienshao|Poison Jab|p1a: Dachsbun\n|-supereffective|p1a: Dachsbun\n|-damage|p1a: Dachsbun|0 fnt\n|faint|p1a: Dachsbun\n|-damage|p2a: Mienshao|67/244|[from] item: Life Orb\n|\n|upkeep\n|\n|t:|1783558441\n|switch|p1a: Mandibuzz|Mandibuzz, L85, F|100/100\n|turn|45\n|inactive|Time left: 300 sec this turn | 300 sec total\n|\n|t:|1783558442\n|move|p2a: Mienshao|Close Combat|p1a: Mandibuzz\n|-damage|p1a: Mandibuzz|0 fnt\n|-unboost|p2a: Mienshao|def|1\n|-unboost|p2a: Mienshao|spd|1\n|faint|p1a: Mandibuzz\n|-damage|p2a: Mienshao|43/244|[from] item: Life Orb\n|\n|upkeep\n|\n|t:|1783558442\n|switch|p1a: Amoonguss|Amoonguss, L82, M|100/100\n|-activate|p1a: Amoonguss|move: Sticky Web\n|-unboost|p1a: Amoonguss|spe|1\n|-damage|p1a: Amoonguss|88/100|[from] Stealth Rock\n|turn|46\n|inactive|Time left: 300 sec this turn | 300 sec total\n|\n|t:|1783558443\n|move|p2a: Mienshao|Swords Dance|p2a: Mienshao\n|-boost|p2a: Mienshao|atk|2\n|move|p1a: Amoonguss|Giga Drain|p2a: Mienshao\n|-damage|p2a: Mienshao|0 fnt\n|-heal|p1a: Amoonguss|95/100|[from] drain|[of] p2a: Mienshao\n|faint|p2a: Mienshao\n|\n|win|p0x1588351e", "uploadtime": 1783558443, "views": 0, "rating": 0, "private": 0, "password": null, "_winner": "p0x1588351e", "_our_name": "p0y158852c7"}