{"id": "battle-gen9randombattle-1836", "formatid": "gen9randombattle", "format": "[Gen 9] Random Battle", "players": ["p0x18362524", "p0y18360e4f"], "log": "|init|battle\n|title|p0x18362524 vs. p0y18360e4f\n|j|\u2606p0x18362524\n|j|\u2606p0y18360e4f\n|t:|1783560521\n|gametype|singles\n|player|p1|p0x18362524|265|\n|player|p2|p0y18360e4f|1|\n|gen|9\n|tier|[Gen 9] Random Battle\n|rule|Species Clause: Limit one of each Pok\u00e9mon\n|rule|HP Percentage Mod: HP is shown in percentages\n|rule|Sleep Clause Mod: Limit one foe put to sleep\n|rule|Illusion Level Mod: Illusion disguises the Pok\u00e9mon's true level\n|\n|t:|1783560521\n|teamsize|p1|6\n|teamsize|p2|6\n|start\n|switch|p1a: Toxicroak|Toxicroak, L84, M|100/100\n|switch|p2a: Bronzong|Bronzong, L88|261/261\n|turn|1\n|inactive|Battle timer is ON: inactive players will automatically lose when time's up. (requested by p0x18362524)\n|inactive|Time left: 300 sec this turn | 300 sec total | 60 sec grace\n|inactive|p0y18360e4f also wants the timer to be on.\n|\n|t:|1783560523\n|move|p1a: Toxicroak|Knock Off|p2a: Bronzong\n|-supereffective|p2a: Bronzong\n|-damage|p2a: Bronzong|141/261\n|-enditem|p2a: Bronzong|Leftovers|[from] move: Knock Off|[of] p1a: Toxicroak\n|move|p2a: Bronzong|Psychic|p1a: Toxicroak\n|-supereffective|p1a: Toxicroak\n|-damage|p1a: Toxicroak|0 fnt\n|faint|p1a: Toxicroak\n|\n|upkeep\n|\n|t:|1783560524\n|switch|p1a: Copperajah|Copperajah, L86, M|100/100\n|turn|2\n|inactive|Time left: 300 sec this turn | 300 sec total\n|\n|t:|1783560525\n|move|p2a: Bronzong|Earthquake|p1a: Copperajah\n|-supereffective|p1a: Copperajah\n|-damage|p1a: Copperajah|49/100\n|move|p1a: Copperajah|Heat Crash|p2a: Bronzong\n|-supereffective|p2a: Bronzong\n|-damage|p2a: Bronzong|0 fnt\n|faint|p2a: Bronzong\n|\n|upkeep\n|inactive|Time left: 300 sec this turn | 300 sec total | 5 sec grace\n|\n|t:|1783560526\n|switch|p2a: Manaphy|Manaphy, L78|284/284\n|turn|3\n|inactive|Time left: 300 sec this turn | 300 sec total\n|\n|t:|1783560527\n|switch|p1a: Electivire|Electivire, L84, F|100/100\n|move|p2a: Manaphy|Tail Glow|p2a: Manaphy\n|-boost|p2a: Manaphy|spa|3\n|\n|upkeep\n|turn|4\n|inactive|Time left: 300 sec this turn | 300 sec total\n|\n|t:|1783560528\n|switch|p2a: Gardevoir|Gardevoir, L83, M|249/249\n|-ability|p2a: Gardevoir|Motor Drive|Trace|[from] ability: Trace|[of] p1a: Electivire\n|move|p1a: Electivire|Supercell Slam|p2a: Gardevoir\n|-ability|p2a: Gardevoir|Motor Drive|boost\n|-boost|p2a: Gardevoir|spe|1\n|-damage|p1a: Electivire|51/100|[from] supercellslam\n|\n|upkeep\n|turn|5\n|inactive|Time left: 300 sec this turn | 300 sec total\n|\n|t:|1783560530\n|move|p2a: Gardevoir|Moonblast|p1a: Electivire\n|-damage|p1a: Electivire|2/100\n|-unboost|p1a: Electivire|spa|1\n|move|p1a: Electivire|Knock Off|p2a: Gardevoir\n|-damage|p2a: Gardevoir|118/249\n|-enditem|p2a: Gardevoir|Choice Scarf|[from] move: Knock Off|[of] p1a: Electivire\n|-damage|p1a: Electivire|0 fnt|[from] item: Life Orb\n|faint|p1a: Electivire\n|\n|upkeep\n|\n|t:|1783560531\n|switch|p1a: Donphan|Donphan, L84, F|100/100\n|turn|6\n|inactive|Time left: 300 sec this turn | 300 sec total\n|\n|t:|1783560532\n|move|p2a: Gardevoir|Moonblast|p1a: Donphan\n|-damage|p1a: Donphan|66/100\n|-unboost|p1a: Donphan|spa|1\n|move|p1a: Donphan|Earthquake|p2a: Gardevoir\n|-damage|p2a: Gardevoir|0 fnt\n|faint|p2a: Gardevoir\n|\n|upkeep\n|inactive|Time left: 300 sec this turn | 300 sec total | 5 sec grace\n|\n|t:|1783560533\n|switch|p2a: Manaphy|Manaphy, L78|284/284\n|turn|7\n|inactive|Time left: 300 sec this turn | 300 sec total\n|\n|t:|1783560534\n|move|p2a: Manaphy|Tail Glow|p2a: Manaphy\n|-boost|p2a: Manaphy|spa|3\n|move|p1a: Donphan|Earthquake|p2a: Manaphy\n|-damage|p2a: Manaphy|172/284\n|\n|-heal|p2a: Manaphy|189/284|[from] item: Leftovers\n|upkeep\n|turn|8\n|inactive|Time left: 300 sec this turn | 300 sec total\n|\n|t:|1783560535\n|switch|p1a: Dipplin|Dipplin, L88, M|100/100\n|move|p2a: Manaphy|Surf|p1a: Dipplin\n|-resisted|p1a: Dipplin\n|-damage|p1a: Dipplin|88/100\n|\n|-heal|p2a: Manaphy|206/284|[from] item: Leftovers\n|upkeep\n|turn|9\n|inactive|Time left: 300 sec this turn | 300 sec total\n|\n|t:|1783560536\n|-terastallize|p1a: Dipplin|Steel\n|move|p2a: Manaphy|Ice Beam|p1a: Dipplin\n|-resisted|p1a: Dipplin\n|-damage|p1a: Dipplin|70/100\n|-status|p1a: Dipplin|frz\n|cant|p1a: Dipplin|frz\n|\n|-heal|p2a: Manaphy|223/284|[from] item: Leftovers\n|upkeep\n|turn|10\n|inactive|Time left: 300 sec this turn | 300 sec total\n|\n|t:|1783560537\n|move|p2a: Manaphy|Surf|p1a: Dipplin\n|-damage|p1a: Dipplin|21/100 frz\n|cant|p1a: Dipplin|frz\n|\n|-heal|p2a: Manaphy|240/284|[from] item: Leftovers\n|upkeep\n|turn|11\n|inactive|Time left: 300 sec this turn | 300 sec total\n|\n|t:|1783560538\n|move|p2a: Manaphy|Surf|p1a: Dipplin\n|-damage|p1a: Dipplin|0 fnt\n|faint|p1a: Dipplin\n|\n|-heal|p2a: Manaphy|257/284|[from] item: Leftovers\n|upkeep\n|\n|t:|1783560539\n|switch|p1a: Gurdurr|Gurdurr, L85, M|100/100\n|turn|12\n|inactive|Time left: 300 sec this turn | 300 sec total\n|\n|t:|1783560539\n|move|p2a: Manaphy|Surf|p1a: Gurdurr\n|-damage|p1a: Gurdurr|24/100\n|move|p1a: Gurdurr|Knock Off|p2a: Manaphy\n|-damage|p2a: Manaphy|187/284\n|-enditem|p2a: Manaphy|Leftovers|[from] move: Knock Off|[of] p1a: Gurdurr\n|\n|upkeep\n|turn|13\n|inactive|Time left: 300 sec this turn | 300 sec total\n|\n|t:|1783560540\n|move|p1a: Gurdurr|Mach Punch|p2a: Manaphy\n|-damage|p2a: Manaphy|138/284\n|move|p2a: Manaphy|Surf|p1a: Gurdurr\n|-damage|p1a: Gurdurr|0 fnt\n|faint|p1a: Gurdurr\n|\n|upkeep\n|\n|t:|1783560541\n|switch|p1a: Donphan|Donphan, L84, F|66/100\n|turn|14\n|inactive|Time left: 300 sec this turn | 300 sec total\n|\n|t:|1783560542\n|move|p2a: Manaphy|Surf|p1a: Donphan\n|-supereffective|p1a: Donphan\n|-damage|p1a: Donphan|0 fnt\n|faint|p1a: Donphan\n|\n|upkeep\n|\n|t:|1783560543\n|switch|p1a: Copperajah|Copperajah, L86, M|49/100\n|turn|15\n|inactive|Time left: 300 sec this turn | 300 sec total\n|\n|t:|1783560544\n|-terastallize|p2a: Manaphy|Water\n|move|p2a: Manaphy|Surf|p1a: Copperajah\n|-damage|p1a: Copperajah|0 fnt\n|faint|p1a: Copperajah\n|\n|win|p0y18360e4f", "uploadtime": 1783560544, "views": 0, "rating": 0, "private": 0, "password": null, "_winner": "p0y18360e4f", "_our_name": "p0y18360e4f"}