{"id": "battle-gen9randombattle-2725", "formatid": "gen9randombattle", "format": "[Gen 9] Random Battle", "players": ["p0x2724a606", "p0y2724442a"], "log": "|init|battle\n|title|p0x2724a606 vs. p0y2724442a\n|j|\u2606p0x2724a606\n|j|\u2606p0y2724442a\n|t:|1783571412\n|gametype|singles\n|player|p1|p0x2724a606|266|\n|player|p2|p0y2724442a|102|\n|gen|9\n|tier|[Gen 9] Random Battle\n|rule|Species Clause: Limit one of each Pok\u00e9mon\n|rule|HP Percentage Mod: HP is shown in percentages\n|rule|Sleep Clause Mod: Limit one foe put to sleep\n|rule|Illusion Level Mod: Illusion disguises the Pok\u00e9mon's true level\n|\n|t:|1783571412\n|teamsize|p1|6\n|teamsize|p2|6\n|start\n|switch|p1a: Falinks|Falinks, L84|246/246\n|switch|p2a: Calyrex|Calyrex-Shadow, L64|100/100\n|-ability|p2a: Calyrex|As One\n|-ability|p2a: Calyrex|Unnerve\n|turn|1\n|inactive|Battle timer is ON: inactive players will automatically lose when time's up. (requested by p0y2724442a)\n|inactive|Time left: 300 sec this turn | 300 sec total | 60 sec grace\n|inactive|p0x2724a606 also wants the timer to be on.\n|\n|t:|1783571413\n|move|p2a: Calyrex|Astral Barrage|p1a: Falinks\n|-damage|p1a: Falinks|11/246\n|move|p1a: Falinks|No Retreat|p1a: Falinks\n|-boost|p1a: Falinks|atk|1\n|-boost|p1a: Falinks|def|1\n|-boost|p1a: Falinks|spa|1\n|-boost|p1a: Falinks|spd|1\n|-boost|p1a: Falinks|spe|1\n|-start|p1a: Falinks|move: No Retreat\n|\n|upkeep\n|turn|2\n|inactive|Time left: 300 sec this turn | 300 sec total\n|\n|t:|1783571415\n|switch|p2a: Gyarados|Gyarados, L79, M|100/100\n|move|p1a: Falinks|Knock Off|p2a: Gyarados\n|-damage|p2a: Gyarados|43/100\n|-enditem|p2a: Gyarados|Heavy-Duty Boots|[from] move: Knock Off|[of] p1a: Falinks\n|-damage|p1a: Falinks|0 fnt|[from] item: Life Orb\n|faint|p1a: Falinks\n|\n|upkeep\n|inactive|Time left: 300 sec this turn | 300 sec total | 5 sec grace\n|\n|t:|1783571416\n|switch|p1a: Kingambit|Kingambit, L74, F|270/270\n|-activate|p1a: Kingambit|ability: Supreme Overlord\n|-start|p1a: Kingambit|fallen1|[silent]\n|turn|3\n|inactive|Time left: 300 sec this turn | 300 sec total\n|\n|t:|1783571417\n|move|p2a: Gyarados|Dragon Dance|p2a: Gyarados\n|-boost|p2a: Gyarados|atk|1\n|-boost|p2a: Gyarados|spe|1\n|move|p1a: Kingambit|Kowtow Cleave|p2a: Gyarados\n|-damage|p2a: Gyarados|0 fnt\n|faint|p2a: Gyarados\n|\n|upkeep\n|\n|t:|1783571418\n|switch|p2a: Rampardos|Rampardos, L90, M|100/100\n|turn|4\n|inactive|Time left: 300 sec this turn | 300 sec total\n|\n|t:|1783571419\n|move|p2a: Rampardos|Rock Slide|p1a: Kingambit\n|-resisted|p1a: Kingambit\n|-damage|p1a: Kingambit|162/270\n|move|p1a: Kingambit|Iron Head|p2a: Rampardos\n|-supereffective|p2a: Rampardos\n|-damage|p2a: Rampardos|29/100\n|\n|-heal|p1a: Kingambit|178/270|[from] item: Leftovers\n|upkeep\n|turn|5\n|inactive|Time left: 300 sec this turn | 300 sec total\n|\n|t:|1783571420\n|switch|p2a: Comfey|Comfey, L85, M|100/100\n|move|p1a: Kingambit|Sucker Punch||[still]\n|-fail|p1a: Kingambit\n|\n|-heal|p1a: Kingambit|194/270|[from] item: Leftovers\n|upkeep\n|turn|6\n|inactive|Time left: 300 sec this turn | 300 sec total\n|\n|t:|1783571421\n|move|p2a: Comfey|Calm Mind|p2a: Comfey\n|-boost|p2a: Comfey|spa|1\n|-boost|p2a: Comfey|spd|1\n|move|p1a: Kingambit|Swords Dance|p1a: Kingambit\n|-boost|p1a: Kingambit|atk|2\n|\n|-heal|p1a: Kingambit|210/270|[from] item: Leftovers\n|upkeep\n|turn|7\n|inactive|Time left: 300 sec this turn | 300 sec total\n|\n|t:|1783571422\n|-terastallize|p2a: Comfey|Poison\n|move|p2a: Comfey|Draining Kiss|p1a: Kingambit\n|-damage|p1a: Kingambit|126/270\n|move|p1a: Kingambit|Iron Head|p2a: Comfey\n|-damage|p2a: Comfey|14/100\n|\n|-heal|p2a: Comfey|20/100|[from] item: Leftovers\n|-heal|p1a: Kingambit|142/270|[from] item: Leftovers\n|upkeep\n|turn|8\n|inactive|Time left: 300 sec this turn | 300 sec total\n|\n|t:|1783571423\n|move|p2a: Comfey|Draining Kiss|p1a: Kingambit\n|-damage|p1a: Kingambit|58/270\n|-heal|p2a: Comfey|48/100|[from] drain|[of] p1a: Kingambit\n|move|p1a: Kingambit|Kowtow Cleave|p2a: Comfey\n|-damage|p2a: Comfey|0 fnt\n|faint|p2a: Comfey\n|\n|-heal|p1a: Kingambit|74/270|[from] item: Leftovers\n|upkeep\n|\n|t:|1783571424\n|switch|p2a: Cyclizar|Cyclizar, L84, F|100/100\n|turn|9\n|inactive|Time left: 300 sec this turn | 300 sec total\n|\n|t:|1783571425\n|move|p2a: Cyclizar|Shed Tail|p2a: Cyclizar\n|-start|p2a: Cyclizar|Substitute|[from] move: Shed Tail\n|-damage|p2a: Cyclizar|50/100\n|\n|t:|1783571426\n|switch|p2a: Rampardos|Rampardos, L90, M|29/100|[from] Shed Tail\n|move|p1a: Kingambit|Iron Head|p2a: Rampardos\n|-supereffective|p2a: Rampardos\n|-end|p2a: Rampardos|Substitute\n|\n|-heal|p1a: Kingambit|90/270|[from] item: Leftovers\n|upkeep\n|turn|10\n|inactive|Time left: 300 sec this turn | 300 sec total\n|\n|t:|1783571427\n|switch|p2a: Cyclizar|Cyclizar, L84, F|84/100\n|move|p1a: Kingambit|Sucker Punch||[still]\n|-fail|p1a: Kingambit\n|\n|-heal|p1a: Kingambit|106/270|[from] item: Leftovers\n|upkeep\n|turn|11\n|inactive|Time left: 300 sec this turn | 300 sec total\n|\n|t:|1783571428\n|move|p2a: Cyclizar|Shed Tail|p2a: Cyclizar\n|-start|p2a: Cyclizar|Substitute|[from] move: Shed Tail\n|-damage|p2a: Cyclizar|33/100\n|\n|t:|1783571429\n|switch|p2a: Rampardos|Rampardos, L90, M|29/100|[from] Shed Tail\n|move|p1a: Kingambit|Kowtow Cleave|p2a: Rampardos\n|-end|p2a: Rampardos|Substitute\n|\n|-heal|p1a: Kingambit|122/270|[from] item: Leftovers\n|upkeep\n|turn|12\n|inactive|Time left: 300 sec this turn | 300 sec total\n|\n|t:|1783571430\n|switch|p2a: Cyclizar|Cyclizar, L84, F|67/100\n|move|p1a: Kingambit|Sucker Punch||[still]\n|-fail|p1a: Kingambit\n|\n|-heal|p1a: Kingambit|138/270|[from] item: Leftovers\n|upkeep\n|turn|13\n|inactive|Time left: 300 sec this turn | 300 sec total\n|\n|t:|1783571431\n|move|p2a: Cyclizar|Shed Tail|p2a: Cyclizar\n|-start|p2a: Cyclizar|Substitute|[from] move: Shed Tail\n|-damage|p2a: Cyclizar|17/100\n|\n|t:|1783571431\n|switch|p2a: Rampardos|Rampardos, L90, M|29/100|[from] Shed Tail\n|move|p1a: Kingambit|Kowtow Cleave|p2a: Rampardos\n|-end|p2a: Rampardos|Substitute\n|\n|-heal|p1a: Kingambit|154/270|[from] item: Leftovers\n|upkeep\n|turn|14\n|inactive|Time left: 300 sec this turn | 300 sec total\n|\n|t:|1783571432\n|switch|p2a: Cyclizar|Cyclizar, L84, F|50/100\n|move|p1a: Kingambit|Sucker Punch||[still]\n|-fail|p1a: Kingambit\n|\n|-heal|p1a: Kingambit|170/270|[from] item: Leftovers\n|upkeep\n|turn|15\n|inactive|Time left: 300 sec this turn | 300 sec total\n|\n|t:|1783571433\n|switch|p2a: Rampardos|Rampardos, L90, M|29/100\n|move|p1a: Kingambit|Iron Head|p2a: Rampardos\n|-supereffective|p2a: Rampardos\n|-damage|p2a: Rampardos|0 fnt\n|faint|p2a: Rampardos\n|\n|-heal|p1a: Kingambit|186/270|[from] item: Leftovers\n|upkeep\n|\n|t:|1783571434\n|switch|p2a: Cyclizar|Cyclizar, L84, F|83/100\n|turn|16\n|inactive|Time left: 300 sec this turn | 300 sec total\n|\n|t:|1783571435\n|move|p2a: Cyclizar|Shed Tail|p2a: Cyclizar\n|-start|p2a: Cyclizar|Substitute|[from] move: Shed Tail\n|-damage|p2a: Cyclizar|33/100\n|\n|t:|1783571435\n|switch|p2a: Froslass|Froslass, L87, F|100/100|[from] Shed Tail\n|move|p1a: Kingambit|Kowtow Cleave|p2a: Froslass\n|-supereffective|p2a: Froslass\n|-end|p2a: Froslass|Substitute\n|\n|-heal|p1a: Kingambit|202/270|[from] item: Leftovers\n|upkeep\n|turn|17\n|inactive|Time left: 300 sec this turn | 300 sec total\n|\n|t:|1783571436\n|move|p2a: Froslass|Destiny Bond|p2a: Froslass\n|-singlemove|p2a: Froslass|Destiny Bond\n|move|p1a: Kingambit|Kowtow Cleave|p2a: Froslass\n|-supereffective|p2a: Froslass\n|-damage|p2a: Froslass|0 fnt\n|faint|p2a: Froslass\n|-activate|p2a: Froslass|move: Destiny Bond\n|faint|p1a: Kingambit\n|-end|p1a: Kingambit|fallen1|[silent]\n|\n|upkeep\n|inactive|Time left: 300 sec this turn | 300 sec total | 5 sec grace\n|\n|t:|1783571437\n|switch|p2a: Cyclizar|Cyclizar, L84, F|66/100\n|switch|p1a: Vileplume|Vileplume, L85, M|266/266\n|turn|18\n|inactive|Time left: 300 sec this turn | 300 sec total\n|\n|t:|1783571438\n|switch|p2a: Calyrex|Calyrex-Shadow, L64|100/100\n|-ability|p2a: Calyrex|As One\n|-ability|p2a: Calyrex|Unnerve\n|move|p1a: Vileplume|Sludge Bomb|p2a: Calyrex\n|-resisted|p2a: Calyrex\n|-damage|p2a: Calyrex|74/100\n|\n|upkeep\n|turn|19\n|inactive|Time left: 300 sec this turn | 300 sec total\n|\n|t:|1783571439\n|move|p2a: Calyrex|Astral Barrage|p1a: Vileplume\n|-damage|p1a: Vileplume|97/266\n|move|p1a: Vileplume|Sleep Powder|p2a: Calyrex|[miss]\n|-miss|p1a: Vileplume|p2a: Calyrex\n|\n|-heal|p1a: Vileplume|113/266|[from] item: Leftovers\n|upkeep\n|turn|20\n|inactive|Time left: 300 sec this turn | 300 sec total\n|\n|t:|1783571440\n|switch|p1a: Ogerpon|Ogerpon-Wellspring, L76, F|247/247\n|move|p2a: Calyrex|Astral Barrage|p1a: Ogerpon\n|-damage|p1a: Ogerpon|66/247\n|\n|upkeep\n|turn|21\n|inactive|Time left: 300 sec this turn | 300 sec total\n|\n|t:|1783571441\n|move|p2a: Calyrex|Astral Barrage|p1a: Ogerpon\n|-damage|p1a: Ogerpon|0 fnt\n|faint|p1a: Ogerpon\n|-ability|p2a: Calyrex|Grim Neigh|boost\n|-boost|p2a: Calyrex|spa|1\n|\n|upkeep\n|inactive|Time left: 300 sec this turn | 300 sec total | 5 sec grace\n|\n|t:|1783571442\n|switch|p1a: Vileplume|Vileplume, L85, M|113/266\n|turn|22\n|inactive|Time left: 300 sec this turn | 300 sec total\n|\n|t:|1783571443\n|-terastallize|p1a: Vileplume|Steel\n|move|p2a: Calyrex|Astral Barrage|p1a: Vileplume\n|-damage|p1a: Vileplume|0 fnt\n|faint|p1a: Vileplume\n|-ability|p2a: Calyrex|Grim Neigh|boost\n|-boost|p2a: Calyrex|spa|1\n|\n|upkeep\n|inactive|Time left: 300 sec this turn | 300 sec total | 5 sec grace\n|\n|t:|1783571444\n|switch|p1a: Gliscor|Gliscor, L76, F|239/239\n|turn|23\n|inactive|Time left: 300 sec this turn | 300 sec total\n|\n|t:|1783571444\n|move|p1a: Gliscor|Protect|p1a: Gliscor\n|-singleturn|p1a: Gliscor|Protect\n|move|p2a: Calyrex|Astral Barrage|p1a: Gliscor\n|-activate|p1a: Gliscor|move: Protect\n|\n|-status|p1a: Gliscor|tox|[from] item: Toxic Orb\n|upkeep\n|turn|24\n|inactive|Time left: 300 sec this turn | 300 sec total\n|\n|t:|1783571445\n|move|p1a: Gliscor|Protect||[still]\n|-fail|p1a: Gliscor\n|move|p2a: Calyrex|Astral Barrage|p1a: Gliscor\n|-damage|p1a: Gliscor|0 fnt\n|faint|p1a: Gliscor\n|-ability|p2a: Calyrex|Grim Neigh|boost\n|-boost|p2a: Calyrex|spa|1\n|\n|upkeep\n|inactive|Time left: 300 sec this turn | 300 sec total | 5 sec grace\n|\n|t:|1783571446\n|switch|p1a: Mew|Mew, L82|298/298\n|turn|25\n|inactive|Time left: 300 sec this turn | 300 sec total\n|\n|t:|1783571447\n|move|p2a: Calyrex|Astral Barrage|p1a: Mew\n|-supereffective|p1a: Mew\n|-damage|p1a: Mew|0 fnt\n|faint|p1a: Mew\n|\n|win|p0y2724442a", "uploadtime": 1783571447, "views": 0, "rating": 0, "private": 0, "password": null, "_winner": "p0y2724442a", "_our_name": "p0x2724a606"}