{"id": "battle-gen9randombattle-548", "formatid": "gen9randombattle", "format": "[Gen 9] Random Battle", "players": ["p0x5485687", "p0y548df45"], "log": "|init|battle\n|title|p0x5485687 vs. p0y548df45\n|j|\u2606p0x5485687\n|j|\u2606p0y548df45\n|t:|1783546150\n|gametype|singles\n|player|p1|p0x5485687|169|\n|player|p2|p0y548df45|169|\n|gen|9\n|tier|[Gen 9] Random Battle\n|rule|Species Clause: Limit one of each Pok\u00e9mon\n|rule|HP Percentage Mod: HP is shown in percentages\n|rule|Sleep Clause Mod: Limit one foe put to sleep\n|rule|Illusion Level Mod: Illusion disguises the Pok\u00e9mon's true level\n|\n|t:|1783546150\n|teamsize|p1|6\n|teamsize|p2|6\n|start\n|switch|p1a: Arceus|Arceus-Electric, L70|100/100\n|switch|p2a: Meowscarada|Meowscarada, L78, M|247/247\n|turn|1\n|inactive|Battle timer is ON: inactive players will automatically lose when time's up. (requested by p0y548df45)\n|inactive|p0x5485687 also wants the timer to be on.\n|\n|t:|1783546151\n|move|p2a: Meowscarada|Triple Axel|p1a: Arceus\n|-start|p2a: Meowscarada|typechange|Ice|[from] ability: Protean\n|-damage|p1a: Arceus|90/100\n|-crit|p1a: Arceus\n|-damage|p1a: Arceus|58/100\n|-hitcount|p1a: Arceus|2\n|move|p1a: Arceus|Calm Mind|p1a: Arceus\n|-boost|p1a: Arceus|spa|1\n|-boost|p1a: Arceus|spd|1\n|\n|upkeep\n|turn|2\n|inactive|Time left: 300 sec this turn | 300 sec total\n|\n|t:|1783546152\n|-terastallize|p1a: Arceus|Ice\n|move|p2a: Meowscarada|Triple Axel|p1a: Arceus\n|-resisted|p1a: Arceus\n|-damage|p1a: Arceus|53/100\n|-resisted|p1a: Arceus\n|-damage|p1a: Arceus|44/100\n|-resisted|p1a: Arceus\n|-damage|p1a: Arceus|27/100\n|-hitcount|p1a: Arceus|3\n|move|p1a: Arceus|Recover|p1a: Arceus\n|-heal|p1a: Arceus|77/100\n|\n|upkeep\n|turn|3\n|inactive|Time left: 300 sec this turn | 300 sec total\n|\n|t:|1783546153\n|switch|p2a: Clodsire|Clodsire, L81, M|343/343\n|move|p1a: Arceus|Judgment|p2a: Clodsire\n|-immune|p2a: Clodsire\n|\n|upkeep\n|turn|4\n|inactive|Time left: 300 sec this turn | 300 sec total\n|\n|t:|1783546155\n|move|p1a: Arceus|Ice Beam|p2a: Clodsire\n|-supereffective|p2a: Clodsire\n|-damage|p2a: Clodsire|187/343\n|move|p2a: Clodsire|Poison Jab|p1a: Arceus\n|-damage|p1a: Arceus|56/100\n|\n|-heal|p2a: Clodsire|208/343|[from] item: Leftovers\n|upkeep\n|turn|5\n|inactive|Time left: 300 sec this turn | 300 sec total\n|\n|t:|1783546156\n|move|p1a: Arceus|Ice Beam|p2a: Clodsire\n|-supereffective|p2a: Clodsire\n|-damage|p2a: Clodsire|64/343\n|move|p2a: Clodsire|Poison Jab|p1a: Arceus\n|-damage|p1a: Arceus|35/100\n|-status|p1a: Arceus|psn\n|\n|-heal|p2a: Clodsire|85/343|[from] item: Leftovers\n|-damage|p1a: Arceus|22/100 psn|[from] psn\n|upkeep\n|turn|6\n|inactive|Time left: 300 sec this turn | 300 sec total\n|\n|t:|1783546157\n|move|p1a: Arceus|Recover|p1a: Arceus\n|-heal|p1a: Arceus|72/100 psn\n|move|p2a: Clodsire|Recover|p2a: Clodsire\n|-heal|p2a: Clodsire|257/343\n|\n|-heal|p2a: Clodsire|278/343|[from] item: Leftovers\n|-damage|p1a: Arceus|60/100 psn|[from] psn\n|upkeep\n|turn|7\n|inactive|Time left: 300 sec this turn | 300 sec total\n|\n|t:|1783546158\n|move|p1a: Arceus|Ice Beam|p2a: Clodsire\n|-supereffective|p2a: Clodsire\n|-damage|p2a: Clodsire|126/343\n|move|p2a: Clodsire|Poison Jab|p1a: Arceus\n|-damage|p1a: Arceus|37/100 psn\n|\n|-heal|p2a: Clodsire|147/343|[from] item: Leftovers\n|-damage|p1a: Arceus|25/100 psn|[from] psn\n|upkeep\n|turn|8\n|inactive|Time left: 300 sec this turn | 300 sec total\n|\n|t:|1783546159\n|-terastallize|p2a: Clodsire|Steel\n|move|p1a: Arceus|Recover|p1a: Arceus\n|-heal|p1a: Arceus|75/100 psn\n|move|p2a: Clodsire|Recover|p2a: Clodsire\n|-heal|p2a: Clodsire|319/343\n|\n|-heal|p2a: Clodsire|340/343|[from] item: Leftovers\n|-damage|p1a: Arceus|63/100 psn|[from] psn\n|upkeep\n|turn|9\n|inactive|Time left: 300 sec this turn | 300 sec total\n|\n|t:|1783546160\n|move|p1a: Arceus|Recover|p1a: Arceus\n|-heal|p1a: Arceus|100/100 psn\n|move|p2a: Clodsire|Spikes|p1a: Arceus\n|-sidestart|p1: p0x5485687|Spikes\n|\n|-heal|p2a: Clodsire|343/343|[from] item: Leftovers\n|-damage|p1a: Arceus|88/100 psn|[from] psn\n|upkeep\n|turn|10\n|inactive|Time left: 300 sec this turn | 300 sec total\n|\n|t:|1783546161\n|move|p1a: Arceus|Judgment|p2a: Clodsire\n|-damage|p2a: Clodsire|237/343\n|move|p2a: Clodsire|Spikes|p1a: Arceus\n|-sidestart|p1: p0x5485687|Spikes\n|\n|-heal|p2a: Clodsire|258/343|[from] item: Leftovers\n|-damage|p1a: Arceus|76/100 psn|[from] psn\n|upkeep\n|turn|11\n|inactive|Time left: 300 sec this turn | 300 sec total\n|\n|t:|1783546162\n|move|p1a: Arceus|Judgment|p2a: Clodsire\n|-damage|p2a: Clodsire|161/343\n|move|p2a: Clodsire|Poison Jab|p1a: Arceus\n|-damage|p1a: Arceus|52/100 psn\n|\n|-heal|p2a: Clodsire|182/343|[from] item: Leftovers\n|-damage|p1a: Arceus|40/100 psn|[from] psn\n|upkeep\n|turn|12\n|inactive|Time left: 300 sec this turn | 300 sec total\n|\n|t:|1783546163\n|move|p1a: Arceus|Recover|p1a: Arceus\n|-heal|p1a: Arceus|90/100 psn\n|move|p2a: Clodsire|Recover|p2a: Clodsire\n|-heal|p2a: Clodsire|343/343\n|\n|-damage|p1a: Arceus|78/100 psn|[from] psn\n|upkeep\n|turn|13\n|inactive|Time left: 300 sec this turn | 300 sec total\n|\n|t:|1783546164\n|move|p1a: Arceus|Judgment|p2a: Clodsire\n|-damage|p2a: Clodsire|237/343\n|move|p2a: Clodsire|Earthquake|p1a: Arceus\n|-damage|p1a: Arceus|50/100 psn\n|\n|-heal|p2a: Clodsire|258/343|[from] item: Leftovers\n|-damage|p1a: Arceus|38/100 psn|[from] psn\n|upkeep\n|turn|14\n|inactive|Time left: 300 sec this turn | 300 sec total\n|\n|t:|1783546165\n|move|p1a: Arceus|Recover|p1a: Arceus\n|-heal|p1a: Arceus|88/100 psn\n|move|p2a: Clodsire|Earthquake|p1a: Arceus\n|-damage|p1a: Arceus|62/100 psn\n|\n|-heal|p2a: Clodsire|279/343|[from] item: Leftovers\n|-damage|p1a: Arceus|50/100 psn|[from] psn\n|upkeep\n|turn|15\n|inactive|Time left: 300 sec this turn | 300 sec total\n|\n|t:|1783546166\n|move|p1a: Arceus|Recover|p1a: Arceus\n|-heal|p1a: Arceus|99/100 psn\n|move|p2a: Clodsire|Spikes|p1a: Arceus\n|-sidestart|p1: p0x5485687|Spikes\n|\n|-heal|p2a: Clodsire|300/343|[from] item: Leftovers\n|-damage|p1a: Arceus|87/100 psn|[from] psn\n|upkeep\n|turn|16\n|inactive|Time left: 300 sec this turn | 300 sec total\n|\n|t:|1783546167\n|move|p1a: Arceus|Calm Mind|p1a: Arceus\n|-boost|p1a: Arceus|spa|1\n|-boost|p1a: Arceus|spd|1\n|move|p2a: Clodsire|Earthquake|p1a: Arceus\n|-damage|p1a: Arceus|62/100 psn\n|\n|-heal|p2a: Clodsire|321/343|[from] item: Leftovers\n|-damage|p1a: Arceus|50/100 psn|[from] psn\n|upkeep\n|turn|17\n|inactive|Time left: 300 sec this turn | 300 sec total\n|\n|t:|1783546168\n|move|p1a: Arceus|Recover|p1a: Arceus\n|-heal|p1a: Arceus|99/100 psn\n|move|p2a: Clodsire|Earthquake|p1a: Arceus\n|-damage|p1a: Arceus|71/100 psn\n|\n|-heal|p2a: Clodsire|342/343|[from] item: Leftovers\n|-damage|p1a: Arceus|59/100 psn|[from] psn\n|upkeep\n|turn|18\n|inactive|Time left: 300 sec this turn | 300 sec total\n|\n|t:|1783546169\n|move|p1a: Arceus|Judgment|p2a: Clodsire\n|-damage|p2a: Clodsire|240/343\n|move|p2a: Clodsire|Earthquake|p1a: Arceus\n|-damage|p1a: Arceus|33/100 psn\n|\n|-heal|p2a: Clodsire|261/343|[from] item: Leftovers\n|-damage|p1a: Arceus|21/100 psn|[from] psn\n|upkeep\n|turn|19\n|inactive|Time left: 300 sec this turn | 300 sec total\n|\n|t:|1783546170\n|move|p1a: Arceus|Judgment|p2a: Clodsire\n|-damage|p2a: Clodsire|155/343\n|move|p2a: Clodsire|Poison Jab|p1a: Arceus\n|-damage|p1a: Arceus|0 fnt\n|faint|p1a: Arceus\n|\n|-heal|p2a: Clodsire|176/343|[from] item: Leftovers\n|upkeep\n|\n|t:|1783546171\n|switch|p1a: Sudowoodo|Sudowoodo, L94, F|100/100\n|-damage|p1a: Sudowoodo|75/100|[from] Spikes\n|turn|20\n|inactive|Time left: 300 sec this turn | 300 sec total\n|\n|t:|1783546172\n|move|p1a: Sudowoodo|Earthquake|p2a: Clodsire\n|-supereffective|p2a: Clodsire\n|-damage|p2a: Clodsire|0 fnt\n|faint|p2a: Clodsire\n|\n|-heal|p1a: Sudowoodo|81/100|[from] item: Leftovers\n|upkeep\n|inactive|Time left: 300 sec this turn | 300 sec total | 5 sec grace\n|\n|t:|1783546173\n|switch|p2a: Serperior|Serperior, L79, M|248/248\n|turn|21\n|inactive|Time left: 300 sec this turn | 300 sec total\n|\n|t:|1783546174\n|switch|p1a: Gogoat|Gogoat, L88, F|100/100\n|-damage|p1a: Gogoat|75/100|[from] Spikes\n|move|p2a: Serperior|Leaf Storm|p1a: Gogoat\n|-ability|p1a: Gogoat|Sap Sipper|boost\n|-boost|p1a: Gogoat|atk|1\n|\n|-heal|p1a: Gogoat|82/100|[from] item: Leftovers\n|upkeep\n|turn|22\n|inactive|Time left: 300 sec this turn | 300 sec total\n|\n|t:|1783546175\n|move|p2a: Serperior|Glare|p1a: Gogoat\n|-status|p1a: Gogoat|par\n|move|p1a: Gogoat|Bulk Up|p1a: Gogoat\n|-boost|p1a: Gogoat|atk|1\n|-boost|p1a: Gogoat|def|1\n|\n|-heal|p1a: Gogoat|88/100 par|[from] item: Leftovers\n|upkeep\n|turn|23\n|inactive|Time left: 300 sec this turn | 300 sec total\n|\n|t:|1783546176\n|switch|p2a: Meowscarada|Meowscarada, L78, M|247/247\n|move|p1a: Gogoat|Horn Leech|p2a: Meowscarada\n|-resisted|p2a: Meowscarada\n|-crit|p2a: Meowscarada\n|-damage|p2a: Meowscarada|65/247\n|-heal|p1a: Gogoat|100/100 par|[from] drain|[of] p2a: Meowscarada\n|\n|upkeep\n|turn|24\n|inactive|Time left: 300 sec this turn | 300 sec total\n|\n|t:|1783546177\n|move|p2a: Meowscarada|Triple Axel|p1a: Gogoat\n|-start|p2a: Meowscarada|typechange|Ice|[from] ability: Protean\n|-supereffective|p1a: Gogoat\n|-damage|p1a: Gogoat|87/100 par\n|-supereffective|p1a: Gogoat\n|-damage|p1a: Gogoat|59/100 par\n|-supereffective|p1a: Gogoat\n|-damage|p1a: Gogoat|13/100 par\n|-hitcount|p1a: Gogoat|3\n|move|p1a: Gogoat|Horn Leech|p2a: Meowscarada\n|-damage|p2a: Meowscarada|0 fnt\n|-heal|p1a: Gogoat|22/100 par|[from] drain|[of] p2a: Meowscarada\n|faint|p2a: Meowscarada\n|\n|-heal|p1a: Gogoat|28/100 par|[from] item: Leftovers\n|upkeep\n|inactive|Time left: 300 sec this turn | 300 sec total | 5 sec grace\n|\n|t:|1783546178\n|switch|p2a: Hoopa|Hoopa, L85|275/275\n|turn|25\n|inactive|Time left: 300 sec this turn | 300 sec total\n|\n|t:|1783546179\n|move|p2a: Hoopa|Shadow Ball|p1a: Gogoat\n|-damage|p1a: Gogoat|0 fnt\n|faint|p1a: Gogoat\n|\n|upkeep\n|\n|t:|1783546181\n|switch|p1a: Staraptor|Staraptor, L79, F|100/100\n|turn|26\n|inactive|Time left: 300 sec this turn | 300 sec total\n|\n|t:|1783546182\n|switch|p2a: Furret|Furret, L94, M|312/312\n|-item|p1a: Staraptor|Choice Band|[from] ability: Frisk|[of] p2a: Furret\n|move|p1a: Staraptor|Brave Bird|p2a: Furret\n|-damage|p2a: Furret|57/312\n|-damage|p1a: Staraptor|69/100|[from] Recoil\n|\n|upkeep\n|turn|27\n|inactive|Time left: 300 sec this turn | 300 sec total\n|\n|t:|1783546183\n|move|p2a: Furret|Knock Off|p1a: Staraptor\n|-damage|p1a: Staraptor|14/100\n|-enditem|p1a: Staraptor|Choice Band|[from] move: Knock Off|[of] p2a: Furret\n|move|p1a: Staraptor|Brave Bird|p2a: Furret\n|-damage|p2a: Furret|0 fnt\n|faint|p2a: Furret\n|-damage|p1a: Staraptor|7/100|[from] Recoil\n|\n|upkeep\n|inactive|Time left: 300 sec this turn | 300 sec total | 5 sec grace\n|\n|t:|1783546184\n|switch|p2a: Serperior|Serperior, L79, M|248/248\n|turn|28\n|inactive|Time left: 300 sec this turn | 300 sec total\n|\n|t:|1783546185\n|move|p2a: Serperior|Leaf Storm|p1a: Staraptor\n|-resisted|p1a: Staraptor\n|-damage|p1a: Staraptor|0 fnt\n|-boost|p2a: Serperior|spa|2\n|faint|p1a: Staraptor\n|-damage|p2a: Serperior|224/248|[from] item: Life Orb\n|\n|upkeep\n|\n|t:|1783546186\n|switch|p1a: Oricorio|Oricorio-Pa'u, L87, F|100/100\n|turn|29\n|inactive|Time left: 300 sec this turn | 300 sec total\n|\n|t:|1783546187\n|move|p2a: Serperior|Leaf Storm|p1a: Oricorio|[miss]\n|-miss|p2a: Serperior|p1a: Oricorio\n|move|p1a: Oricorio|Quiver Dance|p1a: Oricorio\n|-boost|p1a: Oricorio|spa|1\n|-boost|p1a: Oricorio|spd|1\n|-boost|p1a: Oricorio|spe|1\n|\n|upkeep\n|turn|30\n|inactive|Time left: 300 sec this turn | 300 sec total\n|\n|t:|1783546188\n|move|p1a: Oricorio|Hurricane|p2a: Serperior\n|-supereffective|p2a: Serperior\n|-damage|p2a: Serperior|0 fnt\n|faint|p2a: Serperior\n|\n|upkeep\n|inactive|Time left: 300 sec this turn | 300 sec total | 5 sec grace\n|\n|t:|1783546189\n|switch|p2a: Hoopa|Hoopa, L85|275/275\n|turn|31\n|inactive|Time left: 300 sec this turn | 300 sec total\n|\n|t:|1783546189\n|move|p1a: Oricorio|Hurricane|p2a: Hoopa\n|-damage|p2a: Hoopa|146/275\n|-start|p2a: Hoopa|confusion\n|-activate|p2a: Hoopa|confusion\n|-damage|p2a: Hoopa|113/275|[from] confusion\n|\n|upkeep\n|turn|32\n|inactive|Time left: 300 sec this turn | 300 sec total\n|\n|t:|1783546190\n|move|p1a: Oricorio|Hurricane|p2a: Hoopa\n|-damage|p2a: Hoopa|0 fnt\n|faint|p2a: Hoopa\n|\n|upkeep\n|inactive|Time left: 300 sec this turn | 300 sec total | 5 sec grace\n|\n|t:|1783546191\n|switch|p2a: Gouging Fire|Gouging Fire, L74|277/277\n|turn|33\n|inactive|Time left: 300 sec this turn | 300 sec total\n|\n|t:|1783546192\n|move|p1a: Oricorio|Revelation Dance|p2a: Gouging Fire\n|-damage|p2a: Gouging Fire|97/277\n|move|p2a: Gouging Fire|Morning Sun|p2a: Gouging Fire\n|-heal|p2a: Gouging Fire|235/277\n|\n|upkeep\n|turn|34\n|inactive|Time left: 300 sec this turn | 300 sec total\n|\n|t:|1783546193\n|move|p1a: Oricorio|Revelation Dance|p2a: Gouging Fire\n|-damage|p2a: Gouging Fire|63/277\n|move|p2a: Gouging Fire|Morning Sun|p2a: Gouging Fire\n|-heal|p2a: Gouging Fire|201/277\n|\n|upkeep\n|turn|35\n|inactive|Time left: 300 sec this turn | 300 sec total\n|\n|t:|1783546193\n|move|p1a: Oricorio|Revelation Dance|p2a: Gouging Fire\n|-damage|p2a: Gouging Fire|35/277\n|move|p2a: Gouging Fire|Morning Sun|p2a: Gouging Fire\n|-heal|p2a: Gouging Fire|173/277\n|\n|upkeep\n|turn|36\n|inactive|Time left: 300 sec this turn | 300 sec total\n|\n|t:|1783546194\n|move|p1a: Oricorio|Revelation Dance|p2a: Gouging Fire\n|-damage|p2a: Gouging Fire|1/277\n|move|p2a: Gouging Fire|Heat Crash|p1a: Oricorio\n|-damage|p1a: Oricorio|53/100\n|\n|upkeep\n|turn|37\n|inactive|Time left: 300 sec this turn | 300 sec total\n|\n|t:|1783546195\n|move|p1a: Oricorio|Revelation Dance|p2a: Gouging Fire\n|-damage|p2a: Gouging Fire|0 fnt\n|faint|p2a: Gouging Fire\n|-end|p2a: Gouging Fire|Protosynthesis|[silent]\n|\n|win|p0x5485687", "uploadtime": 1783546195, "views": 0, "rating": 0, "private": 0, "password": null, "_winner": "p0x5485687", "_our_name": "p0y548df45"}