{"id": "battle-gen9randombattle-133", "formatid": "gen9randombattle", "format": "[Gen 9] Random Battle", "players": ["p0x1339548", "p0y13338fb"], "log": "|init|battle\n|title|p0x1339548 vs. p0y13338fb\n|j|\u2606p0x1339548\n|j|\u2606p0y13338fb\n|t:|1783535269\n|gametype|singles\n|player|p1|p0x1339548|170|\n|player|p2|p0y13338fb|1|\n|gen|9\n|tier|[Gen 9] Random Battle\n|rule|Species Clause: Limit one of each Pok\u00e9mon\n|rule|HP Percentage Mod: HP is shown in percentages\n|rule|Sleep Clause Mod: Limit one foe put to sleep\n|rule|Illusion Level Mod: Illusion disguises the Pok\u00e9mon's true level\n|\n|t:|1783535269\n|teamsize|p1|6\n|teamsize|p2|6\n|start\n|switch|p1a: Palafin|Palafin, L77, F|100/100\n|switch|p2a: Oinkologne|Oinkologne, L92, M|352/352\n|turn|1\n|inactive|Battle timer is ON: inactive players will automatically lose when time's up. (requested by p0y13338fb)\n|\n|t:|1783535271\n|move|p1a: Palafin|Flip Turn|p2a: Oinkologne\n|-damage|p2a: Oinkologne|288/352\n|inactive|p0x1339548 also wants the timer to be on.\n|\n|t:|1783535272\n|detailschange|p1a: Palafin|Palafin-Hero, L77, F\n|switch|p1a: Crabominable|Crabominable, L90, F|100/100|[from] Flip Turn\n|move|p2a: Oinkologne|Body Slam|p1a: Crabominable\n|-damage|p1a: Crabominable|66/100\n|-status|p1a: Crabominable|par\n|\n|-heal|p2a: Oinkologne|310/352|[from] item: Leftovers\n|upkeep\n|turn|2\n|inactive|Time left: 300 sec this turn | 300 sec total\n|\n|t:|1783535273\n|move|p2a: Oinkologne|Body Slam|p1a: Crabominable\n|-damage|p1a: Crabominable|30/100 par\n|move|p1a: Crabominable|Drain Punch|p2a: Oinkologne\n|-supereffective|p2a: Oinkologne\n|-damage|p2a: Oinkologne|16/352\n|-heal|p1a: Crabominable|76/100 par|[from] drain|[of] p2a: Oinkologne\n|\n|-heal|p2a: Oinkologne|38/352|[from] item: Leftovers\n|upkeep\n|turn|3\n|inactive|Time left: 300 sec this turn | 300 sec total\n|\n|t:|1783535275\n|move|p2a: Oinkologne|Body Slam|p1a: Crabominable\n|-damage|p1a: Crabominable|40/100 par\n|move|p1a: Crabominable|Drain Punch|p2a: Oinkologne\n|-supereffective|p2a: Oinkologne\n|-damage|p2a: Oinkologne|0 fnt\n|-heal|p1a: Crabominable|46/100 par|[from] drain|[of] p2a: Oinkologne\n|faint|p2a: Oinkologne\n|\n|upkeep\n|inactive|Time left: 300 sec this turn | 300 sec total | 5 sec grace\n|\n|t:|1783535276\n|switch|p2a: Bruxish|Bruxish, L85, F|254/254\n|turn|4\n|inactive|Time left: 300 sec this turn | 300 sec total\n|\n|t:|1783535277\n|move|p2a: Bruxish|Psychic Fangs|p1a: Crabominable\n|-supereffective|p1a: Crabominable\n|-damage|p1a: Crabominable|0 fnt\n|faint|p1a: Crabominable\n|-damage|p2a: Bruxish|229/254|[from] item: Life Orb\n|\n|upkeep\n|\n|t:|1783535278\n|switch|p1a: Necrozma|Necrozma, L80|100/100\n|turn|5\n|inactive|Time left: 300 sec this turn | 300 sec total\n|\n|t:|1783535279\n|move|p2a: Bruxish|Swords Dance|p2a: Bruxish\n|-boost|p2a: Bruxish|atk|2\n|move|p1a: Necrozma|Knock Off|p2a: Bruxish\n|-supereffective|p2a: Bruxish\n|-damage|p2a: Bruxish|5/254\n|-enditem|p2a: Bruxish|Life Orb|[from] move: Knock Off|[of] p1a: Necrozma\n|-damage|p1a: Necrozma|91/100|[from] item: Life Orb\n|\n|upkeep\n|turn|6\n|inactive|Time left: 300 sec this turn | 300 sec total\n|\n|t:|1783535280\n|move|p2a: Bruxish|Wave Crash|p1a: Necrozma\n|-damage|p1a: Necrozma|0 fnt\n|faint|p1a: Necrozma\n|-damage|p2a: Bruxish|0 fnt|[from] Recoil\n|faint|p2a: Bruxish\n|\n|upkeep\n|inactive|Time left: 300 sec this turn | 300 sec total | 5 sec grace\n|\n|t:|1783535281\n|switch|p2a: Groudon|Groudon, L72|263/263\n|switch|p1a: Palafin|Palafin-Hero, L77, F|100/100\n|-activate|p1a: Palafin|ability: Zero to Hero\n|-weather|SunnyDay|[from] ability: Drought|[of] p2a: Groudon\n|turn|7\n|inactive|Time left: 300 sec this turn | 300 sec total\n|\n|t:|1783535282\n|switch|p2a: Eelektross|Eelektross, L87, M|290/290\n|move|p1a: Palafin|Wave Crash|p2a: Eelektross\n|-damage|p2a: Eelektross|173/290\n|-damage|p1a: Palafin|87/100|[from] Recoil\n|\n|-weather|SunnyDay|[upkeep]\n|upkeep\n|turn|8\n|inactive|Time left: 300 sec this turn | 300 sec total\n|\n|t:|1783535283\n|move|p1a: Palafin|Wave Crash|p2a: Eelektross\n|-damage|p2a: Eelektross|61/290\n|-damage|p1a: Palafin|73/100|[from] Recoil\n|move|p2a: Eelektross|Discharge|p1a: Palafin\n|-supereffective|p1a: Palafin\n|-damage|p1a: Palafin|3/100\n|\n|-weather|SunnyDay|[upkeep]\n|upkeep\n|turn|9\n|inactive|Time left: 300 sec this turn | 300 sec total\n|\n|t:|1783535284\n|move|p1a: Palafin|Wave Crash|p2a: Eelektross\n|-damage|p2a: Eelektross|0 fnt\n|faint|p2a: Eelektross\n|-damage|p1a: Palafin|0 fnt|[from] Recoil\n|faint|p1a: Palafin\n|\n|-weather|SunnyDay|[upkeep]\n|upkeep\n|inactive|Time left: 300 sec this turn | 300 sec total | 5 sec grace\n|\n|t:|1783535285\n|switch|p1a: Kyurem|Kyurem-Black, L71|100/100\n|switch|p2a: Groudon|Groudon, L72|263/263\n|-ability|p1a: Kyurem|Teravolt\n|turn|10\n|inactive|Time left: 300 sec this turn | 300 sec total\n|\n|t:|1783535286\n|-terastallize|p2a: Groudon|Fire\n|move|p1a: Kyurem|Dragon Dance|p1a: Kyurem\n|-boost|p1a: Kyurem|atk|1\n|-boost|p1a: Kyurem|spe|1\n|move|p2a: Groudon|Swords Dance|p2a: Groudon\n|-boost|p2a: Groudon|atk|2\n|\n|-weather|SunnyDay|[upkeep]\n|upkeep\n|turn|11\n|inactive|Time left: 300 sec this turn | 300 sec total\n|\n|t:|1783535287\n|-terastallize|p1a: Kyurem|Ground\n|move|p1a: Kyurem|Tera Blast|p2a: Groudon|[anim] Tera Blast Ground\n|-supereffective|p2a: Groudon\n|-damage|p2a: Groudon|21/263\n|move|p2a: Groudon|Precipice Blades|p1a: Kyurem\n|-damage|p1a: Kyurem|6/100\n|\n|-weather|none\n|-heal|p2a: Groudon|37/263|[from] item: Leftovers\n|upkeep\n|turn|12\n|inactive|Time left: 300 sec this turn | 300 sec total\n|\n|t:|1783535288\n|move|p1a: Kyurem|Tera Blast|p2a: Groudon|[anim] Tera Blast Ground\n|-supereffective|p2a: Groudon\n|-damage|p2a: Groudon|0 fnt\n|faint|p2a: Groudon\n|\n|upkeep\n|inactive|Time left: 300 sec this turn | 300 sec total | 5 sec grace\n|\n|t:|1783535289\n|switch|p2a: Illumise|Illumise, L91, F|266/266\n|turn|13\n|inactive|Time left: 300 sec this turn | 300 sec total\n|\n|t:|1783535290\n|move|p2a: Illumise|Encore|p1a: Kyurem\n|-start|p1a: Kyurem|Encore\n|move|p1a: Kyurem|Tera Blast|p2a: Illumise|[anim] Tera Blast Ground\n|-resisted|p2a: Illumise\n|-damage|p2a: Illumise|189/266\n|\n|upkeep\n|turn|14\n|inactive|Time left: 300 sec this turn | 300 sec total\n|\n|t:|1783535291\n|move|p1a: Kyurem|Tera Blast|p2a: Illumise|[anim] Tera Blast Ground\n|-resisted|p2a: Illumise\n|-damage|p2a: Illumise|117/266\n|move|p2a: Illumise|Bug Buzz|p1a: Kyurem\n|-damage|p1a: Kyurem|0 fnt\n|faint|p1a: Kyurem\n|\n|upkeep\n|\n|t:|1783535292\n|switch|p1a: Excadrill|Excadrill, L79, F|100/100\n|-ability|p1a: Excadrill|Mold Breaker\n|turn|15\n|inactive|Time left: 300 sec this turn | 300 sec total\n|\n|t:|1783535293\n|move|p2a: Illumise|Roost|p2a: Illumise\n|-heal|p2a: Illumise|250/266\n|-singleturn|p2a: Illumise|move: Roost\n|move|p1a: Excadrill|Rock Slide|p2a: Illumise|[miss]\n|-miss|p1a: Excadrill|p2a: Illumise\n|\n|upkeep\n|turn|16\n|inactive|Time left: 300 sec this turn | 300 sec total\n|\n|t:|1783535293\n|move|p2a: Illumise|Bug Buzz|p1a: Excadrill\n|-resisted|p1a: Excadrill\n|-damage|p1a: Excadrill|88/100\n|move|p1a: Excadrill|Rock Slide|p2a: Illumise\n|-supereffective|p2a: Illumise\n|-damage|p2a: Illumise|110/266\n|\n|upkeep\n|turn|17\n|inactive|Time left: 300 sec this turn | 300 sec total\n|\n|t:|1783535295\n|move|p2a: Illumise|Roost|p2a: Illumise\n|-heal|p2a: Illumise|243/266\n|-singleturn|p2a: Illumise|move: Roost\n|move|p1a: Excadrill|Rapid Spin|p2a: Illumise\n|-damage|p2a: Illumise|198/266\n|-boost|p1a: Excadrill|spe|1\n|\n|upkeep\n|turn|18\n|inactive|Time left: 300 sec this turn | 300 sec total\n|\n|t:|1783535296\n|move|p2a: Illumise|Encore|p1a: Excadrill\n|-start|p1a: Excadrill|Encore\n|move|p1a: Excadrill|Rapid Spin|p2a: Illumise\n|-damage|p2a: Illumise|152/266\n|-boost|p1a: Excadrill|spe|1\n|\n|upkeep\n|turn|19\n|inactive|Time left: 300 sec this turn | 300 sec total\n|\n|t:|1783535297\n|move|p2a: Illumise|Roost|p2a: Illumise\n|-heal|p2a: Illumise|266/266\n|-singleturn|p2a: Illumise|move: Roost\n|move|p1a: Excadrill|Rapid Spin|p2a: Illumise\n|-damage|p2a: Illumise|223/266\n|-boost|p1a: Excadrill|spe|1\n|\n|upkeep\n|turn|20\n|inactive|Time left: 300 sec this turn | 300 sec total\n|\n|t:|1783535298\n|move|p1a: Excadrill|Rapid Spin|p2a: Illumise\n|-damage|p2a: Illumise|179/266\n|-boost|p1a: Excadrill|spe|1\n|move|p2a: Illumise|Bug Buzz|p1a: Excadrill\n|-resisted|p1a: Excadrill\n|-damage|p1a: Excadrill|74/100\n|\n|-end|p1a: Excadrill|Encore\n|upkeep\n|turn|21\n|inactive|Time left: 300 sec this turn | 300 sec total\n|\n|t:|1783535299\n|move|p2a: Illumise|Encore|p1a: Excadrill\n|-start|p1a: Excadrill|Encore\n|move|p1a: Excadrill|Rapid Spin|p2a: Illumise\n|-damage|p2a: Illumise|135/266\n|-boost|p1a: Excadrill|spe|1\n|\n|upkeep\n|turn|22\n|inactive|Time left: 300 sec this turn | 300 sec total\n|\n|t:|1783535300\n|move|p2a: Illumise|Roost|p2a: Illumise\n|-heal|p2a: Illumise|266/266\n|-singleturn|p2a: Illumise|move: Roost\n|move|p1a: Excadrill|Rapid Spin|p2a: Illumise\n|-damage|p2a: Illumise|225/266\n|-boost|p1a: Excadrill|spe|1\n|\n|upkeep\n|turn|23\n|inactive|Time left: 300 sec this turn | 300 sec total\n|\n|t:|1783535301\n|move|p1a: Excadrill|Rapid Spin|p2a: Illumise\n|-damage|p2a: Illumise|178/266\n|move|p2a: Illumise|Bug Buzz|p1a: Excadrill\n|-resisted|p1a: Excadrill\n|-crit|p1a: Excadrill\n|-damage|p1a: Excadrill|53/100\n|\n|-end|p1a: Excadrill|Encore\n|upkeep\n|turn|24\n|inactive|Time left: 300 sec this turn | 300 sec total\n|\n|t:|1783535302\n|move|p2a: Illumise|Encore|p1a: Excadrill\n|-start|p1a: Excadrill|Encore\n|move|p1a: Excadrill|Rapid Spin|p2a: Illumise\n|-damage|p2a: Illumise|138/266\n|\n|upkeep\n|turn|25\n|inactive|Time left: 300 sec this turn | 300 sec total\n|\n|t:|1783535303\n|move|p2a: Illumise|Roost|p2a: Illumise\n|-heal|p2a: Illumise|266/266\n|-singleturn|p2a: Illumise|move: Roost\n|move|p1a: Excadrill|Rapid Spin|p2a: Illumise\n|-damage|p2a: Illumise|221/266\n|\n|upkeep\n|turn|26\n|inactive|Time left: 300 sec this turn | 300 sec total\n|\n|t:|1783535304\n|move|p1a: Excadrill|Rapid Spin|p2a: Illumise\n|-damage|p2a: Illumise|178/266\n|move|p2a: Illumise|Bug Buzz|p1a: Excadrill\n|-resisted|p1a: Excadrill\n|-damage|p1a: Excadrill|39/100\n|\n|-end|p1a: Excadrill|Encore\n|upkeep\n|turn|27\n|inactive|Time left: 300 sec this turn | 300 sec total\n|\n|t:|1783535305\n|move|p2a: Illumise|Encore|p1a: Excadrill\n|-start|p1a: Excadrill|Encore\n|move|p1a: Excadrill|Rapid Spin|p2a: Illumise\n|-damage|p2a: Illumise|134/266\n|\n|upkeep\n|turn|28\n|inactive|Time left: 300 sec this turn | 300 sec total\n|\n|t:|1783535306\n|move|p2a: Illumise|Roost|p2a: Illumise\n|-heal|p2a: Illumise|266/266\n|-singleturn|p2a: Illumise|move: Roost\n|move|p1a: Excadrill|Rapid Spin|p2a: Illumise\n|-damage|p2a: Illumise|223/266\n|\n|upkeep\n|turn|29\n|inactive|Time left: 300 sec this turn | 300 sec total\n|\n|t:|1783535307\n|move|p1a: Excadrill|Rapid Spin|p2a: Illumise\n|-damage|p2a: Illumise|180/266\n|move|p2a: Illumise|Bug Buzz|p1a: Excadrill\n|-resisted|p1a: Excadrill\n|-damage|p1a: Excadrill|27/100\n|\n|-end|p1a: Excadrill|Encore\n|upkeep\n|turn|30\n|inactive|Time left: 300 sec this turn | 300 sec total\n|\n|t:|1783535308\n|move|p2a: Illumise|Encore|p1a: Excadrill\n|-start|p1a: Excadrill|Encore\n|move|p1a: Excadrill|Rapid Spin|p2a: Illumise\n|-damage|p2a: Illumise|133/266\n|\n|upkeep\n|turn|31\n|inactive|Time left: 300 sec this turn | 300 sec total\n|\n|t:|1783535309\n|move|p2a: Illumise|Roost|p2a: Illumise\n|-heal|p2a: Illumise|266/266\n|-singleturn|p2a: Illumise|move: Roost\n|move|p1a: Excadrill|Rapid Spin|p2a: Illumise\n|-damage|p2a: Illumise|222/266\n|\n|upkeep\n|turn|32\n|inactive|Time left: 300 sec this turn | 300 sec total\n|\n|t:|1783535310\n|move|p1a: Excadrill|Rapid Spin|p2a: Illumise\n|-damage|p2a: Illumise|177/266\n|move|p2a: Illumise|Bug Buzz|p1a: Excadrill\n|-resisted|p1a: Excadrill\n|-damage|p1a: Excadrill|12/100\n|\n|-end|p1a: Excadrill|Encore\n|upkeep\n|turn|33\n|inactive|Time left: 300 sec this turn | 300 sec total\n|\n|t:|1783535311\n|move|p2a: Illumise|Encore|p1a: Excadrill\n|-start|p1a: Excadrill|Encore\n|move|p1a: Excadrill|Rapid Spin|p2a: Illumise\n|-damage|p2a: Illumise|133/266\n|\n|upkeep\n|turn|34\n|inactive|Time left: 300 sec this turn | 300 sec total\n|\n|t:|1783535312\n|move|p2a: Illumise|Roost|p2a: Illumise\n|-heal|p2a: Illumise|266/266\n|-singleturn|p2a: Illumise|move: Roost\n|move|p1a: Excadrill|Rapid Spin|p2a: Illumise\n|-damage|p2a: Illumise|220/266\n|\n|upkeep\n|turn|35\n|inactive|Time left: 300 sec this turn | 300 sec total\n|\n|t:|1783535313\n|switch|p1a: Milotic|Milotic, L83, M|100/100\n|move|p2a: Illumise|Bug Buzz|p1a: Milotic\n|-damage|p1a: Milotic|77/100\n|\n|-heal|p1a: Milotic|83/100|[from] item: Leftovers\n|upkeep\n|turn|36\n|inactive|Time left: 300 sec this turn | 300 sec total\n|\n|t:|1783535314\n|move|p2a: Illumise|Thunder Wave|p1a: Milotic\n|-status|p1a: Milotic|par\n|cant|p1a: Milotic|par\n|\n|-heal|p1a: Milotic|89/100 par|[from] item: Leftovers\n|upkeep\n|turn|37\n|inactive|Time left: 300 sec this turn | 300 sec total\n|\n|t:|1783535315\n|move|p2a: Illumise|Bug Buzz|p1a: Milotic\n|-damage|p1a: Milotic|63/100 par\n|move|p1a: Milotic|Scald|p2a: Illumise\n|-damage|p2a: Illumise|135/266\n|-status|p2a: Illumise|brn\n|\n|-heal|p1a: Milotic|69/100 par|[from] item: Leftovers\n|-damage|p2a: Illumise|119/266 brn|[from] brn\n|upkeep\n|turn|38\n|inactive|Time left: 300 sec this turn | 300 sec total\n|\n|t:|1783535316\n|move|p2a: Illumise|Bug Buzz|p1a: Milotic\n|-damage|p1a: Milotic|44/100 par\n|move|p1a: Milotic|Scald|p2a: Illumise\n|-damage|p2a: Illumise|40/266 brn\n|\n|-heal|p1a: Milotic|50/100 par|[from] item: Leftovers\n|-damage|p2a: Illumise|24/266 brn|[from] brn\n|upkeep\n|turn|39\n|inactive|Time left: 300 sec this turn | 300 sec total\n|\n|t:|1783535317\n|move|p2a: Illumise|Bug Buzz|p1a: Milotic\n|-damage|p1a: Milotic|28/100 par\n|cant|p1a: Milotic|par\n|\n|-heal|p1a: Milotic|34/100 par|[from] item: Leftovers\n|-damage|p2a: Illumise|8/266 brn|[from] brn\n|upkeep\n|turn|40\n|inactive|Time left: 300 sec this turn | 300 sec total\n|\n|t:|1783535318\n|move|p2a: Illumise|Bug Buzz|p1a: Milotic\n|-damage|p1a: Milotic|8/100 par\n|-unboost|p1a: Milotic|spd|1\n|-ability|p1a: Milotic|Competitive|boost\n|-boost|p1a: Milotic|spa|2\n|move|p1a: Milotic|Recover|p1a: Milotic\n|-heal|p1a: Milotic|58/100 par\n|\n|-heal|p1a: Milotic|64/100 par|[from] item: Leftovers\n|-damage|p2a: Illumise|0 fnt|[from] brn\n|faint|p2a: Illumise\n|upkeep\n|inactive|Time left: 300 sec this turn | 300 sec total | 5 sec grace\n|\n|t:|1783535319\n|switch|p2a: Ditto|Ditto, L87|225/225\n|-transform|p2a: Ditto|p1a: Milotic|[from] ability: Imposter\n|turn|41\n|inactive|Time left: 300 sec this turn | 300 sec total\n|\n|t:|1783535320\n|move|p2a: Ditto|Recover||[still]\n|-fail|p2a: Ditto|heal\n|move|p1a: Milotic|Recover|p1a: Milotic\n|-heal|p1a: Milotic|100/100 par\n|\n|upkeep\n|turn|42\n|inactive|Time left: 300 sec this turn | 300 sec total\n|\n|t:|1783535321\n|move|p2a: Ditto|Recover||[still]\n|-fail|p2a: Ditto|heal\n|move|p1a: Milotic|Scald|p2a: Ditto\n|-resisted|p2a: Ditto\n|-damage|p2a: Ditto|132/225\n|\n|upkeep\n|turn|43\n|inactive|Time left: 300 sec this turn | 300 sec total\n|\n|t:|1783535322\n|move|p2a: Ditto|Recover|p2a: Ditto\n|-heal|p2a: Ditto|225/225\n|cant|p1a: Milotic|par\n|\n|upkeep\n|turn|44\n|inactive|Time left: 300 sec this turn | 300 sec total\n|\n|t:|1783535323\n|move|p2a: Ditto|Recover||[still]\n|-fail|p2a: Ditto|heal\n|move|p1a: Milotic|Scald|p2a: Ditto\n|-resisted|p2a: Ditto\n|-damage|p2a: Ditto|131/225\n|\n|upkeep\n|turn|45\n|inactive|Time left: 300 sec this turn | 300 sec total\n|\n|t:|1783535324\n|move|p2a: Ditto|Recover|p2a: Ditto\n|-heal|p2a: Ditto|225/225\n|cant|p1a: Milotic|par\n|\n|upkeep\n|turn|46\n|inactive|Time left: 300 sec this turn | 300 sec total\n|\n|t:|1783535325\n|-activate|p2a: Ditto|move: Struggle\n|move|p2a: Ditto|Struggle|p1a: Milotic\n|-damage|p1a: Milotic|94/100 par\n|-damage|p2a: Ditto|169/225|[from] recoil\n|move|p1a: Milotic|Scald|p2a: Ditto\n|-resisted|p2a: Ditto\n|-damage|p2a: Ditto|70/225\n|\n|-heal|p1a: Milotic|99/100 par|[from] item: Leftovers\n|upkeep\n|turn|47\n|inactive|Time left: 300 sec this turn | 300 sec total\n|\n|t:|1783535326\n|-activate|p2a: Ditto|move: Struggle\n|move|p2a: Ditto|Struggle|p1a: Milotic\n|-damage|p1a: Milotic|93/100 par\n|-damage|p2a: Ditto|14/225|[from] recoil\n|cant|p1a: Milotic|par\n|\n|-heal|p1a: Milotic|99/100 par|[from] item: Leftovers\n|upkeep\n|turn|48\n|inactive|Time left: 300 sec this turn | 300 sec total\n|\n|t:|1783535327\n|-activate|p2a: Ditto|move: Struggle\n|move|p2a: Ditto|Struggle|p1a: Milotic\n|-damage|p1a: Milotic|93/100 par\n|-damage|p2a: Ditto|0 fnt|[from] recoil\n|faint|p2a: Ditto\n|\n|win|p0x1339548", "uploadtime": 1783535327, "views": 0, "rating": 0, "private": 0, "password": null, "_winner": "p0x1339548", "_our_name": "p0y13338fb"}