{"id": "battle-gen9randombattle-2289", "formatid": "gen9randombattle", "format": "[Gen 9] Random Battle", "players": ["p0x2289d9d7", "p0y228956e1"], "log": "|init|battle\n|title|p0x2289d9d7 vs. p0y228956e1\n|j|\u2606p0x2289d9d7\n|j|\u2606p0y228956e1\n|t:|1783565577\n|gametype|singles\n|player|p1|p0x2289d9d7|169|\n|player|p2|p0y228956e1|1|\n|gen|9\n|tier|[Gen 9] Random Battle\n|rule|Species Clause: Limit one of each Pok\u00e9mon\n|rule|HP Percentage Mod: HP is shown in percentages\n|rule|Sleep Clause Mod: Limit one foe put to sleep\n|rule|Illusion Level Mod: Illusion disguises the Pok\u00e9mon's true level\n|\n|t:|1783565577\n|teamsize|p1|6\n|teamsize|p2|6\n|start\n|switch|p1a: Kingambit|Kingambit, L74, M|270/270\n|switch|p2a: Sandaconda|Sandaconda, L84, M|100/100\n|turn|1\n|inactive|Battle timer is ON: inactive players will automatically lose when time's up. (requested by p0x2289d9d7)\n|inactive|p0y228956e1 also wants the timer to be on.\n|\n|t:|1783565579\n|move|p2a: Sandaconda|Earthquake|p1a: Kingambit\n|-supereffective|p1a: Kingambit\n|-damage|p1a: Kingambit|60/270\n|move|p1a: Kingambit|Swords Dance|p1a: Kingambit\n|-boost|p1a: Kingambit|atk|2\n|\n|-heal|p1a: Kingambit|76/270|[from] item: Leftovers\n|upkeep\n|turn|2\n|inactive|Time left: 300 sec this turn | 300 sec total\n|\n|t:|1783565580\n|move|p2a: Sandaconda|Earthquake|p1a: Kingambit\n|-supereffective|p1a: Kingambit\n|-damage|p1a: Kingambit|0 fnt\n|faint|p1a: Kingambit\n|-end|p1a: Kingambit|fallenundefined|[silent]\n|\n|upkeep\n|inactive|Time left: 300 sec this turn | 300 sec total | 5 sec grace\n|\n|t:|1783565581\n|switch|p1a: Noctowl|Noctowl, L95, M|344/344\n|turn|3\n|inactive|Time left: 300 sec this turn | 300 sec total\n|\n|t:|1783565582\n|move|p1a: Noctowl|Nasty Plot|p1a: Noctowl\n|-boost|p1a: Noctowl|spa|2\n|move|p2a: Sandaconda|Stealth Rock|p1a: Noctowl\n|-sidestart|p1: p0x2289d9d7|move: Stealth Rock\n|\n|upkeep\n|turn|4\n|inactive|Time left: 300 sec this turn | 300 sec total\n|\n|t:|1783565583\n|switch|p2a: Granbull|Granbull, L88, F|100/100\n|-ability|p2a: Granbull|Intimidate|boost\n|-unboost|p1a: Noctowl|atk|1\n|move|p1a: Noctowl|Hyper Voice|p2a: Granbull\n|-damage|p2a: Granbull|9/100\n|\n|-heal|p2a: Granbull|15/100|[from] item: Leftovers\n|upkeep\n|turn|5\n|inactive|Time left: 300 sec this turn | 300 sec total\n|\n|t:|1783565585\n|move|p1a: Noctowl|Hyper Voice|p2a: Granbull\n|-damage|p2a: Granbull|0 fnt\n|faint|p2a: Granbull\n|\n|upkeep\n|\n|t:|1783565586\n|switch|p2a: Lapras|Lapras, L87, M|100/100\n|turn|6\n|inactive|Time left: 300 sec this turn | 300 sec total\n|\n|t:|1783565587\n|move|p1a: Noctowl|Hurricane|p2a: Lapras\n|-damage|p2a: Lapras|36/100\n|move|p2a: Lapras|Freeze-Dry|p1a: Noctowl\n|-supereffective|p1a: Noctowl\n|-damage|p1a: Noctowl|230/344\n|\n|upkeep\n|turn|7\n|inactive|Time left: 300 sec this turn | 300 sec total\n|\n|t:|1783565588\n|move|p1a: Noctowl|Hyper Voice|p2a: Lapras\n|-damage|p2a: Lapras|0 fnt\n|faint|p2a: Lapras\n|\n|upkeep\n|\n|t:|1783565589\n|switch|p2a: Shaymin|Shaymin-Sky, L73|100/100\n|turn|8\n|inactive|Time left: 300 sec this turn | 300 sec total\n|\n|t:|1783565590\n|move|p2a: Shaymin|Air Slash|p1a: Noctowl\n|-damage|p1a: Noctowl|139/344\n|move|p1a: Noctowl|Hyper Voice|p2a: Shaymin\n|-damage|p2a: Shaymin|0 fnt\n|faint|p2a: Shaymin\n|\n|upkeep\n|\n|t:|1783565591\n|switch|p2a: Dachsbun|Dachsbun, L92, F|100/100\n|turn|9\n|inactive|Time left: 300 sec this turn | 300 sec total\n|\n|t:|1783565592\n|move|p2a: Dachsbun|Play Rough|p1a: Noctowl\n|-damage|p1a: Noctowl|13/344\n|move|p1a: Noctowl|Roost|p1a: Noctowl\n|-heal|p1a: Noctowl|185/344\n|-singleturn|p1a: Noctowl|move: Roost\n|\n|upkeep\n|turn|10\n|inactive|Time left: 300 sec this turn | 300 sec total\n|\n|t:|1783565593\n|move|p2a: Dachsbun|Play Rough|p1a: Noctowl\n|-damage|p1a: Noctowl|50/344\n|move|p1a: Noctowl|Roost|p1a: Noctowl\n|-heal|p1a: Noctowl|222/344\n|-singleturn|p1a: Noctowl|move: Roost\n|\n|upkeep\n|turn|11\n|inactive|Time left: 300 sec this turn | 300 sec total\n|\n|t:|1783565594\n|move|p2a: Dachsbun|Play Rough|p1a: Noctowl\n|-damage|p1a: Noctowl|102/344\n|move|p1a: Noctowl|Hurricane|p2a: Dachsbun|[miss]\n|-miss|p1a: Noctowl|p2a: Dachsbun\n|\n|upkeep\n|turn|12\n|inactive|Time left: 300 sec this turn | 300 sec total\n|\n|t:|1783565595\n|switch|p1a: Perrserker|Perrserker, L89, M|269/269\n|-damage|p1a: Perrserker|253/269|[from] Stealth Rock\n|move|p2a: Dachsbun|Play Rough|p1a: Perrserker\n|-resisted|p1a: Perrserker\n|-damage|p1a: Perrserker|211/269\n|\n|upkeep\n|turn|13\n|inactive|Time left: 300 sec this turn | 300 sec total\n|\n|t:|1783565596\n|move|p2a: Dachsbun|Play Rough|p1a: Perrserker|[miss]\n|-miss|p2a: Dachsbun|p1a: Perrserker\n|move|p1a: Perrserker|Iron Head|p2a: Dachsbun\n|-supereffective|p2a: Dachsbun\n|-damage|p2a: Dachsbun|0 fnt\n|faint|p2a: Dachsbun\n|-damage|p1a: Perrserker|185/269|[from] item: Life Orb\n|\n|upkeep\n|\n|t:|1783565597\n|switch|p2a: Sandaconda|Sandaconda, L84, M|100/100\n|turn|14\n|inactive|Time left: 300 sec this turn | 300 sec total\n|\n|t:|1783565598\n|switch|p1a: Noctowl|Noctowl, L95, M|102/344\n|move|p2a: Sandaconda|Earthquake|p1a: Noctowl\n|-immune|p1a: Noctowl\n|\n|upkeep\n|turn|15\n|inactive|Time left: 300 sec this turn | 300 sec total\n|\n|t:|1783565599\n|move|p1a: Noctowl|Roost|p1a: Noctowl\n|-heal|p1a: Noctowl|274/344\n|-singleturn|p1a: Noctowl|move: Roost\n|move|p2a: Sandaconda|Stone Edge|p1a: Noctowl|[miss]\n|-miss|p2a: Sandaconda|p1a: Noctowl\n|\n|upkeep\n|turn|16\n|inactive|Time left: 300 sec this turn | 300 sec total\n|\n|t:|1783565600\n|move|p1a: Noctowl|Nasty Plot|p1a: Noctowl\n|-boost|p1a: Noctowl|spa|2\n|move|p2a: Sandaconda|Stone Edge|p1a: Noctowl\n|-supereffective|p1a: Noctowl\n|-crit|p1a: Noctowl\n|-damage|p1a: Noctowl|0 fnt\n|faint|p1a: Noctowl\n|\n|upkeep\n|inactive|Time left: 300 sec this turn | 300 sec total | 5 sec grace\n|\n|t:|1783565601\n|switch|p1a: Rayquaza|Rayquaza, L72|270/270\n|-ability|p1a: Rayquaza|Air Lock\n|turn|17\n|inactive|Time left: 300 sec this turn | 300 sec total\n|\n|t:|1783565602\n|move|p1a: Rayquaza|Dragon Dance|p1a: Rayquaza\n|-boost|p1a: Rayquaza|atk|1\n|-boost|p1a: Rayquaza|spe|1\n|move|p2a: Sandaconda|Stone Edge|p1a: Rayquaza\n|-supereffective|p1a: Rayquaza\n|-damage|p1a: Rayquaza|90/270\n|\n|upkeep\n|turn|18\n|inactive|Time left: 300 sec this turn | 300 sec total\n|\n|t:|1783565603\n|move|p1a: Rayquaza|Outrage|p2a: Sandaconda\n|-damage|p2a: Sandaconda|44/100\n|move|p2a: Sandaconda|Stone Edge|p1a: Rayquaza\n|-supereffective|p1a: Rayquaza\n|-damage|p1a: Rayquaza|0 fnt\n|faint|p1a: Rayquaza\n|\n|-heal|p2a: Sandaconda|50/100|[from] item: Leftovers\n|upkeep\n|inactive|Time left: 300 sec this turn | 300 sec total | 5 sec grace\n|\n|t:|1783565604\n|switch|p1a: Hypno|Hypno, L95, M|315/315\n|-damage|p1a: Hypno|276/315|[from] Stealth Rock\n|turn|19\n|inactive|Time left: 300 sec this turn | 300 sec total\n|\n|t:|1783565605\n|move|p1a: Hypno|Psychic Noise|p2a: Sandaconda\n|-damage|p2a: Sandaconda|11/100\n|-start|p2a: Sandaconda|move: Heal Block\n|move|p2a: Sandaconda|Earthquake|p1a: Hypno\n|-damage|p1a: Hypno|149/315\n|\n|-heal|p1a: Hypno|168/315|[from] item: Leftovers\n|upkeep\n|turn|20\n|inactive|Time left: 300 sec this turn | 300 sec total\n|\n|t:|1783565606\n|move|p1a: Hypno|Psychic Noise|p2a: Sandaconda\n|-damage|p2a: Sandaconda|0 fnt\n|faint|p2a: Sandaconda\n|\n|-heal|p1a: Hypno|187/315|[from] item: Leftovers\n|upkeep\n|\n|t:|1783565606\n|switch|p2a: Quaquaval|Quaquaval, L79, F|100/100\n|turn|21\n|inactive|Time left: 300 sec this turn | 300 sec total\n|\n|t:|1783565607\n|-terastallize|p2a: Quaquaval|Steel\n|move|p1a: Hypno|Psychic Noise|p2a: Quaquaval\n|-resisted|p2a: Quaquaval\n|-damage|p2a: Quaquaval|81/100\n|-start|p2a: Quaquaval|move: Heal Block\n|move|p2a: Quaquaval|Aqua Step|p1a: Hypno\n|-damage|p1a: Hypno|91/315\n|-boost|p2a: Quaquaval|spe|1\n|\n|-heal|p1a: Hypno|110/315|[from] item: Leftovers\n|upkeep\n|turn|22\n|inactive|Time left: 300 sec this turn | 300 sec total\n|\n|t:|1783565608\n|move|p2a: Quaquaval|Aqua Step|p1a: Hypno\n|-damage|p1a: Hypno|16/315\n|-boost|p2a: Quaquaval|spe|1\n|move|p1a: Hypno|Focus Blast|p2a: Quaquaval\n|-supereffective|p2a: Quaquaval\n|-damage|p2a: Quaquaval|2/100\n|\n|-heal|p1a: Hypno|35/315|[from] item: Leftovers\n|-end|p2a: Quaquaval|move: Heal Block\n|upkeep\n|turn|23\n|inactive|Time left: 300 sec this turn | 300 sec total\n|\n|t:|1783565609\n|switch|p1a: Perrserker|Perrserker, L89, M|185/269\n|-damage|p1a: Perrserker|169/269|[from] Stealth Rock\n|move|p2a: Quaquaval|Close Combat|p1a: Perrserker\n|-supereffective|p1a: Perrserker\n|-damage|p1a: Perrserker|0 fnt\n|-unboost|p2a: Quaquaval|def|1\n|-unboost|p2a: Quaquaval|spd|1\n|faint|p1a: Perrserker\n|-ability|p2a: Quaquaval|Moxie|boost\n|-boost|p2a: Quaquaval|atk|1\n|\n|-heal|p2a: Quaquaval|8/100|[from] item: Leftovers\n|upkeep\n|inactive|Time left: 300 sec this turn | 300 sec total | 5 sec grace\n|\n|t:|1783565610\n|switch|p1a: Hypno|Hypno, L95, M|35/315\n|-damage|p1a: Hypno|0 fnt|[from] Stealth Rock\n|faint|p1a: Hypno\n|inactive|Time left: 300 sec this turn | 300 sec total | 10 sec grace\n|\n|t:|1783565610\n|switch|p1a: Dedenne|Dedenne, L88, F|261/261\n|-damage|p1a: Dedenne|229/261|[from] Stealth Rock\n|turn|24\n|inactive|Time left: 300 sec this turn | 300 sec total\n|\n|t:|1783565611\n|move|p2a: Quaquaval|Aqua Step|p1a: Dedenne\n|-damage|p1a: Dedenne|55/261\n|-boost|p2a: Quaquaval|spe|1\n|-enditem|p1a: Dedenne|Sitrus Berry|[eat]\n|-heal|p1a: Dedenne|120/261|[from] item: Sitrus Berry\n|-heal|p1a: Dedenne|207/261|[from] ability: Cheek Pouch\n|move|p1a: Dedenne|Thunderbolt|p2a: Quaquaval\n|-damage|p2a: Quaquaval|0 fnt\n|faint|p2a: Quaquaval\n|\n|win|p0x2289d9d7", "uploadtime": 1783565611, "views": 0, "rating": 0, "private": 0, "password": null, "_winner": "p0x2289d9d7", "_our_name": "p0x2289d9d7"}