{"id": "battle-gen9randombattle-2598", "formatid": "gen9randombattle", "format": "[Gen 9] Random Battle", "players": ["p0x2598fc50", "p0y25982b72"], "log": "|init|battle\n|title|p0x2598fc50 vs. p0y25982b72\n|j|\u2606p0x2598fc50\n|j|\u2606p0y25982b72\n|t:|1783569045\n|gametype|singles\n|player|p1|p0x2598fc50|266|\n|player|p2|p0y25982b72|169|\n|gen|9\n|tier|[Gen 9] Random Battle\n|rule|Species Clause: Limit one of each Pok\u00e9mon\n|rule|HP Percentage Mod: HP is shown in percentages\n|rule|Sleep Clause Mod: Limit one foe put to sleep\n|rule|Illusion Level Mod: Illusion disguises the Pok\u00e9mon's true level\n|\n|t:|1783569045\n|teamsize|p1|6\n|teamsize|p2|6\n|start\n|switch|p1a: Staraptor|Staraptor, L79, F|100/100\n|switch|p2a: Toucannon|Toucannon, L88, M|284/284\n|turn|1\n|inactive|Battle timer is ON: inactive players will automatically lose when time's up. (requested by p0x2598fc50)\n|inactive|Time left: 300 sec this turn | 300 sec total | 60 sec grace\n|inactive|p0y25982b72 also wants the timer to be on.\n|\n|t:|1783569047\n|-terastallize|p1a: Staraptor|Flying\n|-singleturn|p2a: Toucannon|move: Beak Blast\n|move|p1a: Staraptor|Brave Bird|p2a: Toucannon\n|-damage|p2a: Toucannon|0 fnt\n|-status|p1a: Staraptor|brn\n|faint|p2a: Toucannon\n|-damage|p1a: Staraptor|65/100 brn|[from] Recoil\n|\n|-damage|p1a: Staraptor|59/100 brn|[from] brn\n|upkeep\n|inactive|Time left: 300 sec this turn | 300 sec total | 65 sec grace\n|\n|t:|1783569048\n|switch|p2a: Kingambit|Kingambit, L74, M|270/270\n|-activate|p2a: Kingambit|ability: Supreme Overlord\n|-start|p2a: Kingambit|fallen1|[silent]\n|turn|2\n|inactive|Time left: 300 sec this turn | 300 sec total\n|\n|t:|1783569049\n|move|p1a: Staraptor|Brave Bird|p2a: Kingambit\n|-resisted|p2a: Kingambit\n|-damage|p2a: Kingambit|196/270\n|-damage|p1a: Staraptor|50/100 brn|[from] Recoil\n|move|p2a: Kingambit|Swords Dance|p2a: Kingambit\n|-boost|p2a: Kingambit|atk|2\n|\n|-heal|p2a: Kingambit|212/270|[from] item: Leftovers\n|-damage|p1a: Staraptor|43/100 brn|[from] brn\n|upkeep\n|turn|3\n|inactive|Time left: 300 sec this turn | 300 sec total\n|\n|t:|1783569050\n|switch|p1a: Incineroar|Incineroar, L82, F|100/100\n|-ability|p1a: Incineroar|Intimidate|boost\n|-unboost|p2a: Kingambit|atk|1\n|move|p2a: Kingambit|Iron Head|p1a: Incineroar\n|-resisted|p1a: Incineroar\n|-damage|p1a: Incineroar|77/100\n|\n|-heal|p2a: Kingambit|228/270|[from] item: Leftovers\n|upkeep\n|turn|4\n|inactive|Time left: 300 sec this turn | 300 sec total\n|\n|t:|1783569052\n|move|p2a: Kingambit|Sucker Punch|p1a: Incineroar\n|-resisted|p1a: Incineroar\n|-damage|p1a: Incineroar|57/100\n|move|p1a: Incineroar|Flare Blitz|p2a: Kingambit\n|-supereffective|p2a: Kingambit\n|-damage|p2a: Kingambit|0 fnt\n|faint|p2a: Kingambit\n|-end|p2a: Kingambit|fallen1|[silent]\n|-damage|p1a: Incineroar|31/100|[from] Recoil\n|\n|upkeep\n|inactive|Time left: 300 sec this turn | 300 sec total | 5 sec grace\n|\n|t:|1783569053\n|switch|p2a: Haxorus|Haxorus, L77, M|244/244\n|-ability|p2a: Haxorus|Mold Breaker\n|turn|5\n|inactive|Time left: 300 sec this turn | 300 sec total\n|\n|t:|1783569054\n|move|p1a: Incineroar|Flare Blitz|p2a: Haxorus\n|-resisted|p2a: Haxorus\n|-damage|p2a: Haxorus|167/244\n|-damage|p1a: Incineroar|23/100|[from] Recoil\n|move|p2a: Haxorus|Scale Shot|p1a: Incineroar\n|-damage|p1a: Incineroar|11/100\n|-damage|p1a: Incineroar|0 fnt\n|faint|p1a: Incineroar\n|-hitcount|p1: Incineroar|2\n|-unboost|p2a: Haxorus|def|1\n|-boost|p2a: Haxorus|spe|1\n|\n|upkeep\n|\n|t:|1783569055\n|switch|p1a: Iron Valiant|Iron Valiant, L78|100/100\n|turn|6\n|inactive|Time left: 300 sec this turn | 300 sec total\n|\n|t:|1783569056\n|move|p2a: Haxorus|Iron Head|p1a: Iron Valiant\n|-supereffective|p1a: Iron Valiant\n|-damage|p1a: Iron Valiant|37/100\n|move|p1a: Iron Valiant|Close Combat|p2a: Haxorus\n|-damage|p2a: Haxorus|0 fnt\n|-unboost|p1a: Iron Valiant|def|1\n|-unboost|p1a: Iron Valiant|spd|1\n|faint|p2a: Haxorus\n|-damage|p1a: Iron Valiant|28/100|[from] item: Life Orb\n|\n|upkeep\n|inactive|Time left: 300 sec this turn | 300 sec total | 5 sec grace\n|\n|t:|1783569057\n|switch|p2a: Coalossal|Coalossal, L89, F|341/341\n|turn|7\n|inactive|Time left: 300 sec this turn | 300 sec total\n|\n|t:|1783569058\n|move|p1a: Iron Valiant|Close Combat|p2a: Coalossal\n|-supereffective|p2a: Coalossal\n|-damage|p2a: Coalossal|52/341\n|-unboost|p1a: Iron Valiant|def|1\n|-unboost|p1a: Iron Valiant|spd|1\n|-damage|p1a: Iron Valiant|18/100|[from] item: Life Orb\n|move|p2a: Coalossal|Rapid Spin|p1a: Iron Valiant\n|-damage|p1a: Iron Valiant|0 fnt\n|-boost|p2a: Coalossal|spe|1\n|faint|p1a: Iron Valiant\n|-end|p1a: Iron Valiant|Quark Drive|[silent]\n|\n|upkeep\n|\n|t:|1783569059\n|switch|p1a: Plusle|Plusle, L95, M|100/100\n|turn|8\n|inactive|Time left: 300 sec this turn | 300 sec total\n|\n|t:|1783569060\n|switch|p2a: Wo-Chien|Wo-Chien, L83|277/277\n|-ability|p2a: Wo-Chien|Tablets of Ruin\n|move|p1a: Plusle|Thunderbolt|p2a: Wo-Chien\n|-resisted|p2a: Wo-Chien\n|-damage|p2a: Wo-Chien|226/277\n|-status|p2a: Wo-Chien|par\n|-damage|p1a: Plusle|91/100|[from] item: Life Orb\n|\n|-heal|p2a: Wo-Chien|243/277 par|[from] item: Leftovers\n|upkeep\n|turn|9\n|inactive|Time left: 300 sec this turn | 300 sec total\n|\n|t:|1783569061\n|move|p1a: Plusle|Nasty Plot|p1a: Plusle\n|-boost|p1a: Plusle|spa|2\n|move|p2a: Wo-Chien|Knock Off|p1a: Plusle\n|-damage|p1a: Plusle|41/100\n|-enditem|p1a: Plusle|Life Orb|[from] move: Knock Off|[of] p2a: Wo-Chien\n|\n|-heal|p2a: Wo-Chien|260/277 par|[from] item: Leftovers\n|upkeep\n|turn|10\n|inactive|Time left: 300 sec this turn | 300 sec total\n|\n|t:|1783569062\n|move|p1a: Plusle|Alluring Voice|p2a: Wo-Chien\n|-supereffective|p2a: Wo-Chien\n|-damage|p2a: Wo-Chien|82/277 par\n|cant|p2a: Wo-Chien|par\n|\n|-heal|p2a: Wo-Chien|99/277 par|[from] item: Leftovers\n|upkeep\n|turn|11\n|inactive|Time left: 300 sec this turn | 300 sec total\n|\n|t:|1783569063\n|cant|p2a: Wo-Chien|par\n|move|p1a: Plusle|Alluring Voice|p2a: Wo-Chien\n|-supereffective|p2a: Wo-Chien\n|-damage|p2a: Wo-Chien|0 fnt\n|faint|p2a: Wo-Chien\n|\n|upkeep\n|inactive|Time left: 300 sec this turn | 300 sec total | 5 sec grace\n|\n|t:|1783569064\n|switch|p2a: Houndstone|Houndstone, L86, M|264/264\n|turn|12\n|inactive|Time left: 300 sec this turn | 300 sec total\n|\n|t:|1783569065\n|-terastallize|p2a: Houndstone|Fighting\n|move|p1a: Plusle|Thunderbolt|p2a: Houndstone\n|-damage|p2a: Houndstone|54/264\n|move|p2a: Houndstone|Body Press|p1a: Plusle\n|-damage|p1a: Plusle|0 fnt\n|faint|p1a: Plusle\n|\n|-heal|p2a: Houndstone|70/264|[from] item: Leftovers\n|upkeep\n|\n|t:|1783569066\n|switch|p1a: Staraptor|Staraptor, L79, F, tera:Flying|43/100 brn\n|turn|13\n|inactive|Time left: 300 sec this turn | 300 sec total\n|\n|t:|1783569067\n|move|p1a: Staraptor|Brave Bird|p2a: Houndstone\n|-supereffective|p2a: Houndstone\n|-damage|p2a: Houndstone|0 fnt\n|faint|p2a: Houndstone\n|-damage|p1a: Staraptor|35/100 brn|[from] Recoil\n|\n|-damage|p1a: Staraptor|29/100 brn|[from] brn\n|upkeep\n|inactive|Time left: 300 sec this turn | 300 sec total | 5 sec grace\n|\n|t:|1783569068\n|switch|p2a: Coalossal|Coalossal, L89, F|52/341\n|turn|14\n|inactive|Time left: 300 sec this turn | 300 sec total\n|\n|t:|1783569068\n|move|p1a: Staraptor|Brave Bird|p2a: Coalossal\n|-resisted|p2a: Coalossal\n|-damage|p2a: Coalossal|0 fnt\n|faint|p2a: Coalossal\n|-damage|p1a: Staraptor|22/100 brn|[from] Recoil\n|\n|win|p0x2598fc50", "uploadtime": 1783569068, "views": 0, "rating": 0, "private": 0, "password": null, "_winner": "p0x2598fc50", "_our_name": "p0y25982b72"}