{"id": "battle-gen9randombattle-802", "formatid": "gen9randombattle", "format": "[Gen 9] Random Battle", "players": ["p0x80270ae", "p0y802537d"], "log": "|init|battle\n|title|p0x80270ae vs. p0y802537d\n|j|\u2606p0x80270ae\n|j|\u2606p0y802537d\n|t:|1783549185\n|gametype|singles\n|player|p1|p0x80270ae|265|\n|player|p2|p0y802537d|102|\n|gen|9\n|tier|[Gen 9] Random Battle\n|rule|Species Clause: Limit one of each Pok\u00e9mon\n|rule|HP Percentage Mod: HP is shown in percentages\n|rule|Sleep Clause Mod: Limit one foe put to sleep\n|rule|Illusion Level Mod: Illusion disguises the Pok\u00e9mon's true level\n|\n|t:|1783549185\n|teamsize|p1|6\n|teamsize|p2|6\n|start\n|switch|p1a: Chien-Pao|Chien-Pao, L72|100/100\n|switch|p2a: Leafeon|Leafeon, L88, F|258/258\n|-ability|p1a: Chien-Pao|Sword of Ruin\n|turn|1\n|inactive|Battle timer is ON: inactive players will automatically lose when time's up. (requested by p0y802537d)\n|inactive|p0x80270ae also wants the timer to be on.\n|\n|t:|1783549187\n|move|p1a: Chien-Pao|Icicle Crash|p2a: Leafeon\n|-supereffective|p2a: Leafeon\n|-damage|p2a: Leafeon|108/258\n|cant|p2a: Leafeon|flinch\n|\n|-heal|p2a: Leafeon|124/258|[from] item: Leftovers\n|upkeep\n|turn|2\n|inactive|Time left: 300 sec this turn | 300 sec total\n|\n|t:|1783549188\n|move|p1a: Chien-Pao|Icicle Crash|p2a: Leafeon|[miss]\n|-miss|p1a: Chien-Pao|p2a: Leafeon\n|move|p2a: Leafeon|Leaf Blade|p1a: Chien-Pao\n|-damage|p1a: Chien-Pao|43/100\n|\n|-heal|p2a: Leafeon|140/258|[from] item: Leftovers\n|upkeep\n|turn|3\n|inactive|Time left: 300 sec this turn | 300 sec total\n|\n|t:|1783549190\n|-terastallize|p2a: Leafeon|Normal\n|move|p1a: Chien-Pao|Icicle Crash|p2a: Leafeon\n|-damage|p2a: Leafeon|73/258\n|move|p2a: Leafeon|Leaf Blade|p1a: Chien-Pao\n|-damage|p1a: Chien-Pao|0 fnt\n|faint|p1a: Chien-Pao\n|\n|-heal|p2a: Leafeon|89/258|[from] item: Leftovers\n|upkeep\n|\n|t:|1783549191\n|switch|p1a: Blastoise|Blastoise, L80, F|100/100\n|turn|4\n|inactive|Time left: 300 sec this turn | 300 sec total\n|\n|t:|1783549192\n|-terastallize|p1a: Blastoise|Electric\n|move|p2a: Leafeon|Leaf Blade|p1a: Blastoise\n|-damage|p1a: Blastoise|61/100\n|move|p1a: Blastoise|Shell Smash|p1a: Blastoise\n|-unboost|p1a: Blastoise|def|1\n|-unboost|p1a: Blastoise|spd|1\n|-boost|p1a: Blastoise|atk|2\n|-boost|p1a: Blastoise|spa|2\n|-boost|p1a: Blastoise|spe|2\n|-enditem|p1a: Blastoise|White Herb\n|-clearnegativeboost|p1a: Blastoise|[silent]\n|\n|-heal|p2a: Leafeon|105/258|[from] item: Leftovers\n|upkeep\n|turn|5\n|inactive|Time left: 300 sec this turn | 300 sec total\n|\n|t:|1783549193\n|switch|p2a: Raging Bolt|Raging Bolt, L78|323/323\n|move|p1a: Blastoise|Ice Beam|p2a: Raging Bolt\n|-supereffective|p2a: Raging Bolt\n|-damage|p2a: Raging Bolt|91/323\n|\n|-heal|p2a: Raging Bolt|111/323|[from] item: Leftovers\n|upkeep\n|turn|6\n|inactive|Time left: 300 sec this turn | 300 sec total\n|\n|t:|1783549194\n|move|p1a: Blastoise|Ice Beam|p2a: Raging Bolt\n|-supereffective|p2a: Raging Bolt\n|-damage|p2a: Raging Bolt|0 fnt\n|faint|p2a: Raging Bolt\n|-end|p2a: Raging Bolt|Protosynthesis|[silent]\n|\n|upkeep\n|inactive|Time left: 300 sec this turn | 300 sec total | 5 sec grace\n|\n|t:|1783549195\n|switch|p2a: Mienshao|Mienshao, L83, F|244/244\n|turn|7\n|inactive|Time left: 300 sec this turn | 300 sec total\n|\n|t:|1783549196\n|move|p1a: Blastoise|Hydro Pump|p2a: Mienshao\n|-damage|p2a: Mienshao|0 fnt\n|faint|p2a: Mienshao\n|\n|upkeep\n|inactive|Time left: 300 sec this turn | 300 sec total | 5 sec grace\n|\n|t:|1783549197\n|switch|p2a: Regieleki|Regieleki, L79|256/256\n|turn|8\n|inactive|Time left: 300 sec this turn | 300 sec total\n|\n|t:|1783549198\n|move|p2a: Regieleki|Explosion|p1a: Blastoise\n|-damage|p1a: Blastoise|0 fnt\n|faint|p2a: Regieleki\n|faint|p1a: Blastoise\n|\n|upkeep\n|inactive|Time left: 300 sec this turn | 300 sec total | 5 sec grace\n|\n|t:|1783549199\n|switch|p2a: Leafeon|Leafeon, L88, F, tera:Normal|105/258\n|switch|p1a: Piloswine|Piloswine, L85, M|100/100\n|turn|9\n|inactive|Time left: 300 sec this turn | 300 sec total\n|\n|t:|1783549200\n|move|p2a: Leafeon|Leaf Blade|p1a: Piloswine\n|-supereffective|p1a: Piloswine\n|-damage|p1a: Piloswine|45/100\n|move|p1a: Piloswine|Earthquake|p2a: Leafeon\n|-damage|p2a: Leafeon|29/258\n|\n|-heal|p2a: Leafeon|45/258|[from] item: Leftovers\n|upkeep\n|turn|10\n|inactive|Time left: 300 sec this turn | 300 sec total\n|\n|t:|1783549201\n|switch|p1a: Lugia|Lugia, L73|100/100\n|move|p2a: Leafeon|Leaf Blade|p1a: Lugia\n|-resisted|p1a: Lugia\n|-damage|p1a: Lugia|92/100\n|\n|-heal|p2a: Leafeon|61/258|[from] item: Leftovers\n|upkeep\n|turn|11\n|inactive|Time left: 300 sec this turn | 300 sec total\n|\n|t:|1783549202\n|move|p2a: Leafeon|Double-Edge|p1a: Lugia\n|-damage|p1a: Lugia|42/100\n|-damage|p2a: Leafeon|15/258|[from] Recoil\n|move|p1a: Lugia|Aeroblast|p2a: Leafeon\n|-damage|p2a: Leafeon|0 fnt\n|faint|p2a: Leafeon\n|\n|upkeep\n|inactive|Time left: 300 sec this turn | 300 sec total | 5 sec grace\n|\n|t:|1783549203\n|switch|p2a: Iron Treads|Iron Treads, L77|265/265\n|turn|12\n|inactive|Time left: 300 sec this turn | 300 sec total\n|\n|t:|1783549204\n|move|p2a: Iron Treads|Knock Off|p1a: Lugia\n|-supereffective|p1a: Lugia\n|-damage|p1a: Lugia|3/100\n|-enditem|p1a: Lugia|Heavy-Duty Boots|[from] move: Knock Off|[of] p2a: Iron Treads\n|move|p1a: Lugia|Recover|p1a: Lugia\n|-heal|p1a: Lugia|53/100\n|\n|upkeep\n|turn|13\n|inactive|Time left: 300 sec this turn | 300 sec total\n|\n|t:|1783549205\n|move|p2a: Iron Treads|Iron Head|p1a: Lugia\n|-damage|p1a: Lugia|31/100\n|move|p1a: Lugia|Recover|p1a: Lugia\n|-heal|p1a: Lugia|81/100\n|\n|upkeep\n|turn|14\n|inactive|Time left: 300 sec this turn | 300 sec total\n|\n|t:|1783549206\n|move|p2a: Iron Treads|Iron Head|p1a: Lugia\n|-damage|p1a: Lugia|56/100\n|move|p1a: Lugia|Calm Mind|p1a: Lugia\n|-boost|p1a: Lugia|spa|1\n|-boost|p1a: Lugia|spd|1\n|\n|upkeep\n|turn|15\n|inactive|Time left: 300 sec this turn | 300 sec total\n|\n|t:|1783549207\n|move|p2a: Iron Treads|Iron Head|p1a: Lugia\n|-damage|p1a: Lugia|32/100\n|move|p1a: Lugia|Recover|p1a: Lugia\n|-heal|p1a: Lugia|82/100\n|\n|upkeep\n|turn|16\n|inactive|Time left: 300 sec this turn | 300 sec total\n|\n|t:|1783549208\n|move|p2a: Iron Treads|Iron Head|p1a: Lugia\n|-damage|p1a: Lugia|57/100\n|move|p1a: Lugia|Calm Mind|p1a: Lugia\n|-boost|p1a: Lugia|spa|1\n|-boost|p1a: Lugia|spd|1\n|\n|upkeep\n|turn|17\n|inactive|Time left: 300 sec this turn | 300 sec total\n|\n|t:|1783549209\n|move|p2a: Iron Treads|Iron Head|p1a: Lugia\n|-damage|p1a: Lugia|31/100\n|cant|p1a: Lugia|flinch\n|\n|upkeep\n|turn|18\n|inactive|Time left: 300 sec this turn | 300 sec total\n|\n|t:|1783549210\n|move|p2a: Iron Treads|Iron Head|p1a: Lugia\n|-damage|p1a: Lugia|7/100\n|move|p1a: Lugia|Recover|p1a: Lugia\n|-heal|p1a: Lugia|57/100\n|\n|upkeep\n|turn|19\n|inactive|Time left: 300 sec this turn | 300 sec total\n|\n|t:|1783549211\n|move|p2a: Iron Treads|Iron Head|p1a: Lugia\n|-damage|p1a: Lugia|31/100\n|cant|p1a: Lugia|flinch\n|\n|upkeep\n|turn|20\n|inactive|Time left: 300 sec this turn | 300 sec total\n|\n|t:|1783549212\n|move|p2a: Iron Treads|Iron Head|p1a: Lugia\n|-damage|p1a: Lugia|6/100\n|move|p1a: Lugia|Recover|p1a: Lugia\n|-heal|p1a: Lugia|56/100\n|\n|upkeep\n|turn|21\n|inactive|Time left: 300 sec this turn | 300 sec total\n|\n|t:|1783549213\n|move|p2a: Iron Treads|Iron Head|p1a: Lugia\n|-damage|p1a: Lugia|30/100\n|move|p1a: Lugia|Recover|p1a: Lugia\n|-heal|p1a: Lugia|80/100\n|\n|upkeep\n|turn|22\n|inactive|Time left: 300 sec this turn | 300 sec total\n|\n|t:|1783549214\n|move|p2a: Iron Treads|Iron Head|p1a: Lugia\n|-damage|p1a: Lugia|56/100\n|cant|p1a: Lugia|flinch\n|\n|upkeep\n|turn|23\n|inactive|Time left: 300 sec this turn | 300 sec total\n|\n|t:|1783549215\n|move|p2a: Iron Treads|Iron Head|p1a: Lugia\n|-damage|p1a: Lugia|32/100\n|move|p1a: Lugia|Recover|p1a: Lugia\n|-heal|p1a: Lugia|82/100\n|\n|upkeep\n|turn|24\n|inactive|Time left: 300 sec this turn | 300 sec total\n|\n|t:|1783549216\n|move|p2a: Iron Treads|Iron Head|p1a: Lugia\n|-damage|p1a: Lugia|57/100\n|move|p1a: Lugia|Aeroblast|p2a: Iron Treads\n|-resisted|p2a: Iron Treads\n|-damage|p2a: Iron Treads|196/265\n|\n|upkeep\n|turn|25\n|inactive|Time left: 300 sec this turn | 300 sec total\n|\n|t:|1783549217\n|move|p2a: Iron Treads|Iron Head|p1a: Lugia\n|-damage|p1a: Lugia|31/100\n|move|p1a: Lugia|Recover|p1a: Lugia\n|-heal|p1a: Lugia|81/100\n|\n|upkeep\n|turn|26\n|inactive|Time left: 300 sec this turn | 300 sec total\n|\n|t:|1783549218\n|move|p2a: Iron Treads|Iron Head|p1a: Lugia\n|-damage|p1a: Lugia|56/100\n|move|p1a: Lugia|Aeroblast|p2a: Iron Treads\n|-resisted|p2a: Iron Treads\n|-damage|p2a: Iron Treads|132/265\n|\n|upkeep\n|turn|27\n|inactive|Time left: 300 sec this turn | 300 sec total\n|\n|t:|1783549219\n|move|p2a: Iron Treads|Volt Switch|p1a: Lugia\n|-supereffective|p1a: Lugia\n|-damage|p1a: Lugia|46/100\n|inactive|Time left: 300 sec this turn | 300 sec total | 5 sec grace\n|\n|t:|1783549220\n|-end|p2a: Iron Treads|Quark Drive|[silent]\n|switch|p2a: Serperior|Serperior, L79, F|248/248|[from] Volt Switch\n|move|p1a: Lugia|Aeroblast|p2a: Serperior\n|-supereffective|p2a: Serperior\n|-damage|p2a: Serperior|0 fnt\n|faint|p2a: Serperior\n|\n|upkeep\n|inactive|Time left: 300 sec this turn | 300 sec total | 10 sec grace\n|\n|t:|1783549221\n|switch|p2a: Iron Treads|Iron Treads, L77|132/265\n|turn|28\n|inactive|Time left: 300 sec this turn | 300 sec total\n|\n|t:|1783549222\n|move|p2a: Iron Treads|Earthquake|p1a: Lugia\n|-immune|p1a: Lugia\n|move|p1a: Lugia|Aeroblast|p2a: Iron Treads\n|-resisted|p2a: Iron Treads\n|-damage|p2a: Iron Treads|62/265\n|\n|upkeep\n|turn|29\n|inactive|Time left: 300 sec this turn | 300 sec total\n|\n|t:|1783549224\n|move|p2a: Iron Treads|Iron Head|p1a: Lugia\n|-damage|p1a: Lugia|19/100\n|move|p1a: Lugia|Aeroblast|p2a: Iron Treads\n|-resisted|p2a: Iron Treads\n|-damage|p2a: Iron Treads|0 fnt\n|faint|p2a: Iron Treads\n|-end|p2a: Iron Treads|Quark Drive|[silent]\n|\n|win|p0x80270ae", "uploadtime": 1783549224, "views": 0, "rating": 0, "private": 0, "password": null, "_winner": "p0x80270ae", "_our_name": "p0y802537d"}