{"id": "battle-gen9randombattle-676", "formatid": "gen9randombattle", "format": "[Gen 9] Random Battle", "players": ["p0x676977a", "p0y67621a1"], "log": "|init|battle\n|title|p0x676977a vs. p0y67621a1\n|j|\u2606p0x676977a\n|j|\u2606p0y67621a1\n|t:|1783547677\n|gametype|singles\n|player|p1|p0x676977a|102|\n|player|p2|p0y67621a1|265|\n|gen|9\n|tier|[Gen 9] Random Battle\n|rule|Species Clause: Limit one of each Pok\u00e9mon\n|rule|HP Percentage Mod: HP is shown in percentages\n|rule|Sleep Clause Mod: Limit one foe put to sleep\n|rule|Illusion Level Mod: Illusion disguises the Pok\u00e9mon's true level\n|\n|t:|1783547677\n|teamsize|p1|6\n|teamsize|p2|6\n|start\n|switch|p1a: Sunflora|Sunflora, M|312/312\n|switch|p2a: Ditto|Ditto, L87|100/100\n|-transform|p2a: Ditto|p1a: Sunflora|[from] ability: Imposter\n|turn|1\n|inactive|Battle timer is ON: inactive players will automatically lose when time's up. (requested by p0x676977a)\n|inactive|p0y67621a1 also wants the timer to be on.\n|\n|t:|1783547678\n|switch|p2a: Politoed|Politoed, L88, F|100/100\n|-weather|RainDance|[from] ability: Drizzle|[of] p2a: Politoed\n|move|p1a: Sunflora|Solar Beam||[still]\n|-prepare|p1a: Sunflora|Solar Beam\n|\n|-weather|RainDance|[upkeep]\n|upkeep\n|turn|2\n|inactive|Time left: 300 sec this turn | 300 sec total\n|\n|t:|1783547679\n|switch|p2a: Leavanny|Leavanny, L86, M|100/100\n|move|p1a: Sunflora|Solar Beam|p2a: Leavanny|[from] lockedmove\n|-resisted|p2a: Leavanny\n|-damage|p2a: Leavanny|89/100\n|-damage|p1a: Sunflora|281/312|[from] item: Life Orb\n|\n|-weather|RainDance|[upkeep]\n|upkeep\n|turn|3\n|inactive|Time left: 300 sec this turn | 300 sec total\n|\n|t:|1783547680\n|switch|p1a: Kleavor|Kleavor, L78, M|237/237\n|move|p2a: Leavanny|Sticky Web|p1a: Kleavor\n|-sidestart|p1: p0x676977a|move: Sticky Web\n|\n|-weather|RainDance|[upkeep]\n|upkeep\n|turn|4\n|inactive|Time left: 300 sec this turn | 300 sec total\n|\n|t:|1783547681\n|move|p1a: Kleavor|Stone Axe|p2a: Leavanny\n|-supereffective|p2a: Leavanny\n|-damage|p2a: Leavanny|5/100\n|-sidestart|p2: p0y67621a1|move: Stealth Rock\n|move|p2a: Leavanny|Lunge|p1a: Kleavor\n|-damage|p1a: Kleavor|104/237\n|-unboost|p1a: Kleavor|atk|1\n|\n|-weather|RainDance|[upkeep]\n|upkeep\n|turn|5\n|inactive|Time left: 300 sec this turn | 300 sec total\n|\n|t:|1783547682\n|move|p1a: Kleavor|Stone Axe|p2a: Leavanny\n|-supereffective|p2a: Leavanny\n|-damage|p2a: Leavanny|0 fnt\n|faint|p2a: Leavanny\n|\n|-weather|none\n|upkeep\n|\n|t:|1783547683\n|switch|p2a: Politoed|Politoed, L88, F|100/100\n|-damage|p2a: Politoed|88/100|[from] Stealth Rock\n|-weather|RainDance|[from] ability: Drizzle|[of] p2a: Politoed\n|turn|6\n|inactive|Time left: 300 sec this turn | 300 sec total\n|\n|t:|1783547684\n|move|p1a: Kleavor|Stone Axe|p2a: Politoed|[miss]\n|-miss|p1a: Kleavor|p2a: Politoed\n|move|p2a: Politoed|Weather Ball|p1a: Kleavor\n|-supereffective|p1a: Kleavor\n|-damage|p1a: Kleavor|0 fnt\n|faint|p1a: Kleavor\n|\n|-weather|RainDance|[upkeep]\n|upkeep\n|inactive|Time left: 300 sec this turn | 300 sec total | 5 sec grace\n|\n|t:|1783547685\n|switch|p1a: Sinistcha|Sinistcha-Masterpiece, L83|254/254\n|-activate|p1a: Sinistcha|move: Sticky Web\n|-unboost|p1a: Sinistcha|spe|1\n|turn|7\n|inactive|Time left: 300 sec this turn | 300 sec total\n|\n|t:|1783547687\n|move|p2a: Politoed|Weather Ball|p1a: Sinistcha\n|-resisted|p1a: Sinistcha\n|-damage|p1a: Sinistcha|108/254\n|move|p1a: Sinistcha|Matcha Gotcha|p2a: Politoed\n|-supereffective|p2a: Politoed\n|-damage|p2a: Politoed|33/100\n|-heal|p1a: Sinistcha|192/254|[from] drain|[of] p2a: Politoed\n|\n|-weather|RainDance|[upkeep]\n|-heal|p1a: Sinistcha|207/254|[from] item: Leftovers\n|upkeep\n|turn|8\n|inactive|Time left: 300 sec this turn | 300 sec total\n|\n|t:|1783547688\n|move|p2a: Politoed|Weather Ball|p1a: Sinistcha\n|-resisted|p1a: Sinistcha\n|-damage|p1a: Sinistcha|81/254\n|move|p1a: Sinistcha|Matcha Gotcha|p2a: Politoed\n|-supereffective|p2a: Politoed\n|-damage|p2a: Politoed|0 fnt\n|-heal|p1a: Sinistcha|130/254|[from] drain|[of] p2a: Politoed\n|faint|p2a: Politoed\n|\n|-weather|RainDance|[upkeep]\n|-heal|p1a: Sinistcha|145/254|[from] item: Leftovers\n|upkeep\n|\n|t:|1783547689\n|switch|p2a: Gyarados|Gyarados, L79, F|100/100\n|turn|9\n|inactive|Time left: 300 sec this turn | 300 sec total\n|\n|t:|1783547690\n|-terastallize|p2a: Gyarados|Flying\n|move|p2a: Gyarados|Tera Blast|p1a: Sinistcha|[anim] Tera Blast Flying\n|-supereffective|p1a: Sinistcha\n|-damage|p1a: Sinistcha|0 fnt\n|faint|p1a: Sinistcha\n|-ability|p2a: Gyarados|Moxie|boost\n|-boost|p2a: Gyarados|atk|1\n|\n|-weather|RainDance|[upkeep]\n|upkeep\n|inactive|Time left: 300 sec this turn | 300 sec total | 5 sec grace\n|\n|t:|1783547691\n|switch|p1a: Palkia|Palkia-Origin, L72|249/249\n|-activate|p1a: Palkia|move: Sticky Web\n|-unboost|p1a: Palkia|spe|1\n|-ability|p1a: Palkia|Pressure\n|turn|10\n|inactive|Time left: 300 sec this turn | 300 sec total\n|\n|t:|1783547692\n|move|p2a: Gyarados|Tera Blast|p1a: Palkia|[anim] Tera Blast Flying\n|-damage|p1a: Palkia|71/249\n|move|p1a: Palkia|Hydro Pump|p2a: Gyarados\n|-damage|p2a: Gyarados|21/100\n|\n|-weather|none\n|upkeep\n|turn|11\n|inactive|Time left: 300 sec this turn | 300 sec total\n|\n|t:|1783547694\n|move|p2a: Gyarados|Tera Blast|p1a: Palkia|[anim] Tera Blast Flying\n|-damage|p1a: Palkia|0 fnt\n|faint|p1a: Palkia\n|-ability|p2a: Gyarados|Moxie|boost\n|-boost|p2a: Gyarados|atk|1\n|\n|upkeep\n|inactive|Time left: 300 sec this turn | 300 sec total | 5 sec grace\n|\n|t:|1783547695\n|switch|p1a: Slither Wing|Slither Wing, L81|270/270\n|turn|12\n|inactive|Time left: 300 sec this turn | 300 sec total\n|\n|t:|1783547696\n|move|p1a: Slither Wing|Close Combat|p2a: Gyarados\n|-resisted|p2a: Gyarados\n|-damage|p2a: Gyarados|0 fnt\n|-unboost|p1a: Slither Wing|def|1\n|-unboost|p1a: Slither Wing|spd|1\n|faint|p2a: Gyarados\n|\n|upkeep\n|\n|t:|1783547697\n|switch|p2a: Toxtricity|Toxtricity, L82, F|100/100\n|-damage|p2a: Toxtricity|88/100|[from] Stealth Rock\n|turn|13\n|inactive|Time left: 300 sec this turn | 300 sec total\n|\n|t:|1783547698\n|move|p1a: Slither Wing|U-turn|p2a: Toxtricity\n|-resisted|p2a: Toxtricity\n|-damage|p2a: Toxtricity|67/100\n|inactive|Time left: 300 sec this turn | 300 sec total | 5 sec grace\n|\n|t:|1783547699\n|-end|p1a: Slither Wing|Protosynthesis|[silent]\n|switch|p1a: Typhlosion|Typhlosion-Hisui, L83, M|257/257|[from] U-turn\n|-activate|p1a: Typhlosion|move: Sticky Web\n|-unboost|p1a: Typhlosion|spe|1\n|move|p2a: Toxtricity|Boomburst|p1a: Typhlosion\n|-immune|p1a: Typhlosion\n|\n|upkeep\n|turn|14\n|inactive|Time left: 300 sec this turn | 300 sec total\n|\n|t:|1783547700\n|move|p2a: Toxtricity|Overdrive|p1a: Typhlosion\n|-damage|p1a: Typhlosion|131/257\n|-enditem|p2a: Toxtricity|Throat Spray\n|-boost|p2a: Toxtricity|spa|1|[from] item: Throat Spray\n|move|p1a: Typhlosion|Fire Blast|p2a: Toxtricity\n|-crit|p2a: Toxtricity\n|-damage|p2a: Toxtricity|0 fnt\n|faint|p2a: Toxtricity\n|\n|upkeep\n|\n|t:|1783547701\n|switch|p2a: Dodrio|Dodrio, L85, M|100/100\n|-damage|p2a: Dodrio|76/100|[from] Stealth Rock\n|turn|15\n|inactive|Time left: 300 sec this turn | 300 sec total\n|\n|t:|1783547702\n|move|p2a: Dodrio|Drill Run|p1a: Typhlosion\n|-supereffective|p1a: Typhlosion\n|-crit|p1a: Typhlosion\n|-damage|p1a: Typhlosion|0 fnt\n|faint|p1a: Typhlosion\n|\n|upkeep\n|inactive|Time left: 300 sec this turn | 300 sec total | 5 sec grace\n|\n|t:|1783547703\n|switch|p1a: Slither Wing|Slither Wing, L81|270/270\n|turn|16\n|inactive|Time left: 300 sec this turn | 300 sec total\n|\n|t:|1783547704\n|move|p2a: Dodrio|Drill Run|p1a: Slither Wing\n|-resisted|p1a: Slither Wing\n|-crit|p1a: Slither Wing\n|-damage|p1a: Slither Wing|194/270\n|move|p1a: Slither Wing|Close Combat|p2a: Dodrio\n|-damage|p2a: Dodrio|7/100\n|-unboost|p1a: Slither Wing|def|1\n|-unboost|p1a: Slither Wing|spd|1\n|\n|upkeep\n|turn|17\n|inactive|Time left: 300 sec this turn | 300 sec total\n|\n|t:|1783547705\n|move|p2a: Dodrio|Drill Run|p1a: Slither Wing\n|-resisted|p1a: Slither Wing\n|-damage|p1a: Slither Wing|115/270\n|move|p1a: Slither Wing|U-turn|p2a: Dodrio\n|-resisted|p2a: Dodrio\n|-damage|p2a: Dodrio|0 fnt\n|faint|p2a: Dodrio\n|inactive|Time left: 300 sec this turn | 300 sec total | 5 sec grace\n|\n|t:|1783547706\n|-end|p1a: Slither Wing|Protosynthesis|[silent]\n|switch|p1a: Sunflora|Sunflora, M|281/312|[from] U-turn\n|-activate|p1a: Sunflora|move: Sticky Web\n|-unboost|p1a: Sunflora|spe|1\n|\n|upkeep\n|\n|t:|1783547707\n|switch|p2a: Ditto|Ditto, L87|100/100\n|-damage|p2a: Ditto|88/100|[from] Stealth Rock\n|-transform|p2a: Ditto|p1a: Sunflora|[from] ability: Imposter\n|turn|18\n|inactive|Time left: 300 sec this turn | 300 sec total\n|\n|t:|1783547708\n|switch|p1a: Slither Wing|Slither Wing, L81|115/270\n|move|p2a: Ditto|Earth Power|p1a: Slither Wing\n|-resisted|p1a: Slither Wing\n|-damage|p1a: Slither Wing|75/270\n|\n|upkeep\n|turn|19\n|inactive|Time left: 300 sec this turn | 300 sec total\n|\n|t:|1783547709\n|-terastallize|p1a: Slither Wing|Steel\n|move|p1a: Slither Wing|U-turn|p2a: Ditto\n|-supereffective|p2a: Ditto\n|-damage|p2a: Ditto|0 fnt\n|faint|p2a: Ditto\n|\n|win|p0x676977a", "uploadtime": 1783547709, "views": 0, "rating": 0, "private": 0, "password": null, "_winner": "p0x676977a", "_our_name": "p0x676977a"}