{"id": "battle-gen9randombattle-1359", "formatid": "gen9randombattle", "format": "[Gen 9] Random Battle", "players": ["p0x13595733", "p0y1359d5ac"], "log": "|init|battle\n|title|p0x13595733 vs. p0y1359d5ac\n|j|\u2606p0x13595733\n|j|\u2606p0y1359d5ac\n|t:|1783555789\n|gametype|singles\n|player|p1|p0x13595733|102|\n|player|p2|p0y1359d5ac|266|\n|gen|9\n|tier|[Gen 9] Random Battle\n|rule|Species Clause: Limit one of each Pok\u00e9mon\n|rule|HP Percentage Mod: HP is shown in percentages\n|rule|Sleep Clause Mod: Limit one foe put to sleep\n|rule|Illusion Level Mod: Illusion disguises the Pok\u00e9mon's true level\n|\n|t:|1783555789\n|teamsize|p1|6\n|teamsize|p2|6\n|start\n|switch|p1a: Porygon-Z|Porygon-Z, L83|100/100\n|switch|p2a: Sneasler|Sneasler, L74, F|240/240\n|turn|1\n|inactive|Battle timer is ON: inactive players will automatically lose when time's up. (requested by p0y1359d5ac)\n|inactive|p0x13595733 also wants the timer to be on.\n|\n|t:|1783555791\n|switch|p1a: Ceruledge|Ceruledge, L78, M|100/100\n|move|p2a: Sneasler|Close Combat|p1a: Ceruledge\n|-immune|p1a: Ceruledge\n|\n|upkeep\n|turn|2\n|inactive|Time left: 300 sec this turn | 300 sec total\n|\n|t:|1783555792\n|switch|p2a: Palkia|Palkia-Origin, L72|249/249\n|-ability|p2a: Palkia|Pressure\n|move|p1a: Ceruledge|Swords Dance|p1a: Ceruledge\n|-boost|p1a: Ceruledge|atk|2\n|\n|upkeep\n|turn|3\n|inactive|Time left: 300 sec this turn | 300 sec total\n|\n|t:|1783555793\n|move|p2a: Palkia|Hydro Pump|p1a: Ceruledge\n|-supereffective|p1a: Ceruledge\n|-damage|p1a: Ceruledge|0 fnt\n|faint|p1a: Ceruledge\n|\n|upkeep\n|\n|t:|1783555794\n|switch|p1a: Ambipom|Ambipom, L84, M|100/100\n|turn|4\n|inactive|Time left: 300 sec this turn | 300 sec total\n|\n|t:|1783555796\n|switch|p2a: Registeel|Registeel, L81|262/262\n|move|p1a: Ambipom|Triple Axel|p2a: Registeel\n|-resisted|p2a: Registeel\n|-damage|p2a: Registeel|251/262\n|-resisted|p2a: Registeel\n|-damage|p2a: Registeel|227/262\n|-resisted|p2a: Registeel\n|-damage|p2a: Registeel|195/262\n|-hitcount|p2a: Registeel|3\n|\n|upkeep\n|turn|5\n|inactive|Time left: 300 sec this turn | 300 sec total\n|\n|t:|1783555797\n|move|p1a: Ambipom|Triple Axel|p2a: Registeel\n|-resisted|p2a: Registeel\n|-damage|p2a: Registeel|185/262\n|-resisted|p2a: Registeel\n|-damage|p2a: Registeel|161/262\n|-resisted|p2a: Registeel\n|-damage|p2a: Registeel|128/262\n|-hitcount|p2a: Registeel|3\n|move|p2a: Registeel|Body Press|p1a: Ambipom\n|-supereffective|p1a: Ambipom\n|-damage|p1a: Ambipom|34/100\n|\n|upkeep\n|turn|6\n|inactive|Time left: 300 sec this turn | 300 sec total\n|\n|t:|1783555798\n|move|p1a: Ambipom|Triple Axel|p2a: Registeel\n|-resisted|p2a: Registeel\n|-damage|p2a: Registeel|116/262\n|-resisted|p2a: Registeel\n|-damage|p2a: Registeel|92/262\n|-resisted|p2a: Registeel\n|-damage|p2a: Registeel|59/262\n|-hitcount|p2a: Registeel|3\n|move|p2a: Registeel|Rest|p2a: Registeel\n|-status|p2a: Registeel|slp|[from] move: Rest\n|-heal|p2a: Registeel|262/262 slp|[silent]\n|-enditem|p2a: Registeel|Chesto Berry|[eat]\n|-curestatus|p2a: Registeel|slp|[msg]\n|\n|upkeep\n|turn|7\n|inactive|Time left: 300 sec this turn | 300 sec total\n|\n|t:|1783555799\n|switch|p1a: Reshiram|Reshiram, L76|100/100\n|-ability|p1a: Reshiram|Turboblaze\n|move|p2a: Registeel|Body Press|p1a: Reshiram\n|-damage|p1a: Reshiram|74/100\n|\n|upkeep\n|turn|8\n|inactive|Time left: 300 sec this turn | 300 sec total\n|\n|t:|1783555800\n|move|p1a: Reshiram|Blue Flare|p2a: Registeel\n|-supereffective|p2a: Registeel\n|-damage|p2a: Registeel|40/262\n|move|p2a: Registeel|Body Press|p1a: Reshiram\n|-damage|p1a: Reshiram|45/100\n|\n|upkeep\n|turn|9\n|inactive|Time left: 300 sec this turn | 300 sec total\n|\n|t:|1783555801\n|move|p1a: Reshiram|Blue Flare|p2a: Registeel\n|-supereffective|p2a: Registeel\n|-damage|p2a: Registeel|0 fnt\n|faint|p2a: Registeel\n|\n|upkeep\n|inactive|Time left: 300 sec this turn | 300 sec total | 5 sec grace\n|\n|t:|1783555802\n|switch|p2a: Sneasler|Sneasler, L74, F|240/240\n|turn|10\n|inactive|Time left: 300 sec this turn | 300 sec total\n|\n|t:|1783555803\n|move|p2a: Sneasler|Close Combat|p1a: Reshiram\n|-damage|p1a: Reshiram|0 fnt\n|-unboost|p2a: Sneasler|def|1\n|-unboost|p2a: Sneasler|spd|1\n|faint|p1a: Reshiram\n|\n|upkeep\n|\n|t:|1783555804\n|switch|p1a: Ambipom|Ambipom, L84, M|34/100\n|turn|11\n|inactive|Time left: 300 sec this turn | 300 sec total\n|\n|t:|1783555805\n|switch|p2a: Quagsire|Quagsire, L84, F|297/297\n|move|p1a: Ambipom|Triple Axel|p2a: Quagsire\n|-damage|p2a: Quagsire|266/297\n|-damage|p2a: Quagsire|193/297\n|-damage|p2a: Quagsire|102/297\n|-hitcount|p2a: Quagsire|3\n|\n|-heal|p2a: Quagsire|120/297|[from] item: Leftovers\n|upkeep\n|turn|12\n|inactive|Time left: 300 sec this turn | 300 sec total\n|\n|t:|1783555806\n|-terastallize|p2a: Quagsire|Steel\n|move|p1a: Ambipom|Triple Axel|p2a: Quagsire\n|-resisted|p2a: Quagsire\n|-damage|p2a: Quagsire|104/297\n|-resisted|p2a: Quagsire\n|-damage|p2a: Quagsire|69/297\n|-resisted|p2a: Quagsire\n|-damage|p2a: Quagsire|17/297\n|-hitcount|p2a: Quagsire|3\n|move|p2a: Quagsire|Recover|p2a: Quagsire\n|-heal|p2a: Quagsire|166/297\n|\n|-heal|p2a: Quagsire|184/297|[from] item: Leftovers\n|upkeep\n|turn|13\n|inactive|Time left: 300 sec this turn | 300 sec total\n|\n|t:|1783555807\n|move|p1a: Ambipom|Triple Axel|p2a: Quagsire|[miss]\n|-miss|p1a: Ambipom|p2a: Quagsire\n|move|p2a: Quagsire|Earthquake|p1a: Ambipom\n|-damage|p1a: Ambipom|0 fnt\n|faint|p1a: Ambipom\n|\n|-heal|p2a: Quagsire|202/297|[from] item: Leftovers\n|upkeep\n|\n|t:|1783555808\n|switch|p1a: Samurott|Samurott-Hisui, L77, F|100/100\n|turn|14\n|inactive|Time left: 300 sec this turn | 300 sec total\n|\n|t:|1783555809\n|move|p1a: Samurott|Ceaseless Edge|p2a: Quagsire\n|-damage|p2a: Quagsire|70/297\n|-sidestart|p2: p0y1359d5ac|Spikes\n|move|p2a: Quagsire|Earthquake|p1a: Samurott\n|-damage|p1a: Samurott|60/100\n|\n|-heal|p2a: Quagsire|88/297|[from] item: Leftovers\n|upkeep\n|turn|15\n|inactive|Time left: 300 sec this turn | 300 sec total\n|\n|t:|1783555810\n|switch|p2a: Flamigo|Flamigo, L82, F|269/269\n|move|p1a: Samurott|Ceaseless Edge|p2a: Flamigo\n|-resisted|p2a: Flamigo\n|-damage|p2a: Flamigo|185/269\n|-sidestart|p2: p0y1359d5ac|Spikes\n|\n|upkeep\n|turn|16\n|inactive|Time left: 300 sec this turn | 300 sec total\n|\n|t:|1783555811\n|move|p2a: Flamigo|Close Combat|p1a: Samurott\n|-supereffective|p1a: Samurott\n|-crit|p1a: Samurott\n|-damage|p1a: Samurott|0 fnt\n|-unboost|p2a: Flamigo|def|1\n|-unboost|p2a: Flamigo|spd|1\n|faint|p1a: Samurott\n|\n|upkeep\n|\n|t:|1783555812\n|switch|p1a: Regieleki|Regieleki, L79|100/100\n|turn|17\n|inactive|Time left: 300 sec this turn | 300 sec total\n|\n|t:|1783555813\n|switch|p2a: Tropius|Tropius, L91, M|328/328\n|move|p1a: Regieleki|Thunderbolt|p2a: Tropius\n|-damage|p2a: Tropius|192/328\n|\n|upkeep\n|turn|18\n|inactive|Time left: 300 sec this turn | 300 sec total\n|\n|t:|1783555814\n|-terastallize|p1a: Regieleki|Electric\n|move|p2a: Tropius|Protect|p2a: Tropius\n|-singleturn|p2a: Tropius|Protect\n|move|p1a: Regieleki|Thunderbolt|p2a: Tropius\n|-activate|p2a: Tropius|move: Protect\n|\n|upkeep\n|turn|19\n|inactive|Time left: 300 sec this turn | 300 sec total\n|\n|t:|1783555815\n|move|p1a: Regieleki|Thunderbolt|p2a: Tropius\n|-damage|p2a: Tropius|32/328\n|-enditem|p2a: Tropius|Sitrus Berry|[eat]\n|-heal|p2a: Tropius|114/328|[from] item: Sitrus Berry\n|move|p2a: Tropius|Leech Seed|p1a: Regieleki\n|-start|p1a: Regieleki|move: Leech Seed\n|\n|-damage|p1a: Regieleki|88/100|[from] Leech Seed|[of] p2a: Tropius\n|-heal|p2a: Tropius|146/328|[silent]\n|-item|p2a: Tropius|Sitrus Berry|[from] ability: Harvest\n|upkeep\n|-enditem|p2a: Tropius|Sitrus Berry|[eat]\n|-heal|p2a: Tropius|228/328|[from] item: Sitrus Berry\n|turn|20\n|inactive|Time left: 300 sec this turn | 300 sec total\n|\n|t:|1783555816\n|move|p2a: Tropius|Protect|p2a: Tropius\n|-singleturn|p2a: Tropius|Protect\n|move|p1a: Regieleki|Thunderbolt|p2a: Tropius\n|-activate|p2a: Tropius|move: Protect\n|\n|-damage|p1a: Regieleki|75/100|[from] Leech Seed|[of] p2a: Tropius\n|-heal|p2a: Tropius|260/328|[silent]\n|upkeep\n|turn|21\n|inactive|Time left: 300 sec this turn | 300 sec total\n|\n|t:|1783555817\n|move|p1a: Regieleki|Volt Switch|p2a: Tropius\n|-damage|p2a: Tropius|122/328\n|\n|t:|1783555818\n|switch|p1a: Porygon-Z|Porygon-Z, L83|100/100|[from] Volt Switch\n|move|p2a: Tropius|Air Slash|p1a: Porygon-Z\n|-damage|p1a: Porygon-Z|68/100\n|\n|-item|p2a: Tropius|Sitrus Berry|[from] ability: Harvest\n|upkeep\n|-enditem|p2a: Tropius|Sitrus Berry|[eat]\n|-heal|p2a: Tropius|204/328|[from] item: Sitrus Berry\n|turn|22\n|inactive|Time left: 300 sec this turn | 300 sec total\n|\n|t:|1783555819\n|move|p1a: Porygon-Z|Tera Blast|p2a: Tropius\n|-damage|p2a: Tropius|27/328\n|-damage|p1a: Porygon-Z|58/100|[from] item: Life Orb\n|move|p2a: Tropius|Leech Seed|p1a: Porygon-Z\n|-start|p1a: Porygon-Z|move: Leech Seed\n|\n|-damage|p1a: Porygon-Z|46/100|[from] Leech Seed|[of] p2a: Tropius\n|-heal|p2a: Tropius|61/328|[silent]\n|upkeep\n|turn|23\n|inactive|Time left: 300 sec this turn | 300 sec total\n|\n|t:|1783555820\n|switch|p1a: Regieleki|Regieleki, L79, tera:Electric|75/100\n|switch|p2a: Palkia|Palkia-Origin, L72|249/249\n|-damage|p2a: Palkia|208/249|[from] Spikes\n|-ability|p2a: Palkia|Pressure\n|\n|upkeep\n|turn|24\n|inactive|Time left: 300 sec this turn | 300 sec total\n|\n|t:|1783555821\n|move|p1a: Regieleki|Volt Switch|p2a: Palkia\n|-damage|p2a: Palkia|88/249\n|\n|t:|1783555822\n|switch|p1a: Porygon-Z|Porygon-Z, L83|46/100|[from] Volt Switch\n|move|p2a: Palkia|Hydro Pump|p1a: Porygon-Z\n|-damage|p1a: Porygon-Z|0 fnt\n|faint|p1a: Porygon-Z\n|\n|upkeep\n|\n|t:|1783555823\n|switch|p1a: Regieleki|Regieleki, L79, tera:Electric|75/100\n|turn|25\n|inactive|Time left: 300 sec this turn | 300 sec total\n|\n|t:|1783555823\n|move|p1a: Regieleki|Thunderbolt|p2a: Palkia\n|-damage|p2a: Palkia|0 fnt\n|faint|p2a: Palkia\n|\n|upkeep\n|inactive|Time left: 300 sec this turn | 300 sec total | 5 sec grace\n|\n|t:|1783555824\n|switch|p2a: Tropius|Tropius, L91, M|61/328\n|turn|26\n|inactive|Time left: 300 sec this turn | 300 sec total\n|\n|t:|1783555825\n|move|p2a: Tropius|Protect|p2a: Tropius\n|-singleturn|p2a: Tropius|Protect\n|move|p1a: Regieleki|Volt Switch|p2a: Tropius\n|-activate|p2a: Tropius|move: Protect\n|\n|-item|p2a: Tropius|Sitrus Berry|[from] ability: Harvest\n|upkeep\n|-enditem|p2a: Tropius|Sitrus Berry|[eat]\n|-heal|p2a: Tropius|143/328|[from] item: Sitrus Berry\n|turn|27\n|inactive|Time left: 300 sec this turn | 300 sec total\n|\n|t:|1783555826\n|move|p2a: Tropius|Protect|p2a: Tropius\n|-singleturn|p2a: Tropius|Protect\n|move|p1a: Regieleki|Thunderbolt|p2a: Tropius\n|-activate|p2a: Tropius|move: Protect\n|\n|upkeep\n|turn|28\n|inactive|Time left: 300 sec this turn | 300 sec total\n|\n|t:|1783555827\n|switch|p2a: Quagsire|Quagsire, L84, F, tera:Steel|88/297\n|-damage|p2a: Quagsire|39/297|[from] Spikes\n|move|p1a: Regieleki|Thunderbolt|p2a: Quagsire\n|-damage|p2a: Quagsire|0 fnt\n|faint|p2a: Quagsire\n|\n|upkeep\n|inactive|Time left: 300 sec this turn | 300 sec total | 5 sec grace\n|\n|t:|1783555828\n|switch|p2a: Tropius|Tropius, L91, M|143/328\n|turn|29\n|inactive|Time left: 300 sec this turn | 300 sec total\n|\n|t:|1783555828\n|move|p2a: Tropius|Protect|p2a: Tropius\n|-singleturn|p2a: Tropius|Protect\n|move|p1a: Regieleki|Thunderbolt|p2a: Tropius\n|-activate|p2a: Tropius|move: Protect\n|\n|upkeep\n|turn|30\n|inactive|Time left: 300 sec this turn | 300 sec total\n|\n|t:|1783555829\n|move|p2a: Tropius|Protect||[still]\n|-fail|p2a: Tropius\n|move|p1a: Regieleki|Thunderbolt|p2a: Tropius\n|-damage|p2a: Tropius|0 fnt\n|faint|p2a: Tropius\n|\n|upkeep\n|inactive|Time left: 300 sec this turn | 300 sec total | 5 sec grace\n|\n|t:|1783555830\n|switch|p2a: Flamigo|Flamigo, L82, F|185/269\n|turn|31\n|inactive|Time left: 300 sec this turn | 300 sec total\n|\n|t:|1783555831\n|move|p1a: Regieleki|Thunderbolt|p2a: Flamigo\n|-supereffective|p2a: Flamigo\n|-damage|p2a: Flamigo|0 fnt\n|faint|p2a: Flamigo\n|\n|upkeep\n|inactive|Time left: 300 sec this turn | 300 sec total | 5 sec grace\n|\n|t:|1783555832\n|switch|p2a: Sneasler|Sneasler, L74, F|240/240\n|-damage|p2a: Sneasler|200/240|[from] Spikes\n|turn|32\n|inactive|Time left: 300 sec this turn | 300 sec total\n|\n|t:|1783555833\n|move|p1a: Regieleki|Thunderbolt|p2a: Sneasler\n|-damage|p2a: Sneasler|0 fnt\n|faint|p2a: Sneasler\n|\n|win|p0x13595733", "uploadtime": 1783555833, "views": 0, "rating": 0, "private": 0, "password": null, "_winner": "p0x13595733", "_our_name": "p0y1359d5ac"}