{"id": "battle-gen9randombattle-2520", "formatid": "gen9randombattle", "format": "[Gen 9] Random Battle", "players": ["p0x2520a051", "p0y25204683"], "log": "|init|battle\n|title|p0x2520a051 vs. p0y25204683\n|j|\u2606p0x2520a051\n|j|\u2606p0y25204683\n|t:|1783569179\n|gametype|singles\n|player|p1|p0x2520a051|1|\n|player|p2|p0y25204683|265|\n|gen|9\n|tier|[Gen 9] Random Battle\n|rule|Species Clause: Limit one of each Pok\u00e9mon\n|rule|HP Percentage Mod: HP is shown in percentages\n|rule|Sleep Clause Mod: Limit one foe put to sleep\n|rule|Illusion Level Mod: Illusion disguises the Pok\u00e9mon's true level\n|\n|t:|1783569179\n|teamsize|p1|6\n|teamsize|p2|6\n|start\n|switch|p1a: Hawlucha|Hawlucha, L80, F|256/256\n|switch|p2a: Dragonite|Dragonite, L74, M|100/100\n|turn|1\n|inactive|Battle timer is ON: inactive players will automatically lose when time's up. (requested by p0x2520a051)\n|inactive|p0y25204683 also wants the timer to be on.\n|\n|t:|1783569181\n|switch|p1a: Skarmory|Skarmory, L80, F|235/235\n|move|p2a: Dragonite|Outrage|p1a: Skarmory\n|-resisted|p1a: Skarmory\n|-damage|p1a: Skarmory|191/235\n|-damage|p2a: Dragonite|84/100|[from] item: Rocky Helmet|[of] p1a: Skarmory\n|\n|upkeep\n|turn|2\n|inactive|Time left: 300 sec this turn | 300 sec total\n|\n|t:|1783569182\n|move|p2a: Dragonite|Outrage|p1a: Skarmory|[from] lockedmove\n|-resisted|p1a: Skarmory\n|-damage|p1a: Skarmory|143/235\n|-damage|p2a: Dragonite|68/100|[from] item: Rocky Helmet|[of] p1a: Skarmory\n|move|p1a: Skarmory|Spikes|p2a: Dragonite\n|-sidestart|p2: p0y25204683|Spikes\n|\n|upkeep\n|turn|3\n|inactive|Time left: 300 sec this turn | 300 sec total\n|\n|t:|1783569182\n|move|p2a: Dragonite|Outrage|p1a: Skarmory|[from] lockedmove\n|-resisted|p1a: Skarmory\n|-damage|p1a: Skarmory|97/235\n|-damage|p2a: Dragonite|51/100|[from] item: Rocky Helmet|[of] p1a: Skarmory\n|-start|p2a: Dragonite|confusion|[fatigue]\n|move|p1a: Skarmory|Spikes|p2a: Dragonite\n|-sidestart|p2: p0y25204683|Spikes\n|\n|upkeep\n|turn|4\n|inactive|Time left: 300 sec this turn | 300 sec total\n|\n|t:|1783569183\n|switch|p2a: Rotom|Rotom-Mow, L87|100/100\n|move|p1a: Skarmory|Roost|p1a: Skarmory\n|-heal|p1a: Skarmory|215/235\n|-singleturn|p1a: Skarmory|move: Roost\n|\n|upkeep\n|turn|5\n|inactive|Time left: 300 sec this turn | 300 sec total\n|\n|t:|1783569184\n|switch|p1a: Raging Bolt|Raging Bolt, L78|323/323\n|move|p2a: Rotom|Thunderbolt|p1a: Raging Bolt\n|-resisted|p1a: Raging Bolt\n|-damage|p1a: Raging Bolt|293/323\n|\n|-heal|p1a: Raging Bolt|313/323|[from] item: Leftovers\n|upkeep\n|turn|6\n|inactive|Time left: 300 sec this turn | 300 sec total\n|\n|t:|1783569185\n|move|p2a: Rotom|Nasty Plot|p2a: Rotom\n|-boost|p2a: Rotom|spa|2\n|move|p1a: Raging Bolt|Calm Mind|p1a: Raging Bolt\n|-boost|p1a: Raging Bolt|spa|1\n|-boost|p1a: Raging Bolt|spd|1\n|\n|-heal|p1a: Raging Bolt|323/323|[from] item: Leftovers\n|upkeep\n|turn|7\n|inactive|Time left: 300 sec this turn | 300 sec total\n|\n|t:|1783569185\n|move|p2a: Rotom|Nasty Plot|p2a: Rotom\n|-boost|p2a: Rotom|spa|2\n|move|p1a: Raging Bolt|Calm Mind|p1a: Raging Bolt\n|-boost|p1a: Raging Bolt|spa|1\n|-boost|p1a: Raging Bolt|spd|1\n|\n|upkeep\n|turn|8\n|inactive|Time left: 300 sec this turn | 300 sec total\n|\n|t:|1783569186\n|switch|p2a: Iron Treads|Iron Treads, L77|100/100\n|-damage|p2a: Iron Treads|84/100|[from] Spikes\n|move|p1a: Raging Bolt|Draco Meteor|p2a: Iron Treads\n|-resisted|p2a: Iron Treads\n|-damage|p2a: Iron Treads|36/100\n|-unboost|p1a: Raging Bolt|spa|2\n|\n|upkeep\n|turn|9\n|inactive|Time left: 300 sec this turn | 300 sec total\n|\n|t:|1783569187\n|move|p2a: Iron Treads|Earthquake|p1a: Raging Bolt\n|-supereffective|p1a: Raging Bolt\n|-damage|p1a: Raging Bolt|117/323\n|move|p1a: Raging Bolt|Calm Mind|p1a: Raging Bolt\n|-boost|p1a: Raging Bolt|spa|1\n|-boost|p1a: Raging Bolt|spd|1\n|\n|-heal|p1a: Raging Bolt|137/323|[from] item: Leftovers\n|upkeep\n|turn|10\n|inactive|Time left: 300 sec this turn | 300 sec total\n|\n|t:|1783569188\n|-end|p1a: Raging Bolt|Protosynthesis|[silent]\n|switch|p1a: Skarmory|Skarmory, L80, F|215/235\n|move|p2a: Iron Treads|Earthquake|p1a: Skarmory\n|-immune|p1a: Skarmory\n|\n|upkeep\n|turn|11\n|inactive|Time left: 300 sec this turn | 300 sec total\n|\n|t:|1783569189\n|move|p2a: Iron Treads|Rapid Spin|p1a: Skarmory\n|-resisted|p1a: Skarmory\n|-damage|p1a: Skarmory|204/235\n|-boost|p2a: Iron Treads|spe|1\n|-damage|p2a: Iron Treads|19/100|[from] item: Rocky Helmet|[of] p1a: Skarmory\n|-sideend|p2: p0y25204683|Spikes|[from] move: Rapid Spin|[of] p2a: Iron Treads\n|move|p1a: Skarmory|Spikes|p2a: Iron Treads\n|-sidestart|p2: p0y25204683|Spikes\n|\n|upkeep\n|turn|12\n|inactive|Time left: 300 sec this turn | 300 sec total\n|\n|t:|1783569190\n|move|p2a: Iron Treads|Rapid Spin|p1a: Skarmory\n|-resisted|p1a: Skarmory\n|-damage|p1a: Skarmory|192/235\n|-boost|p2a: Iron Treads|spe|1\n|-damage|p2a: Iron Treads|3/100|[from] item: Rocky Helmet|[of] p1a: Skarmory\n|-sideend|p2: p0y25204683|Spikes|[from] move: Rapid Spin|[of] p2a: Iron Treads\n|move|p1a: Skarmory|Brave Bird|p2a: Iron Treads\n|-resisted|p2a: Iron Treads\n|-crit|p2a: Iron Treads\n|-damage|p2a: Iron Treads|0 fnt\n|faint|p2a: Iron Treads\n|-end|p2a: Iron Treads|Quark Drive|[silent]\n|-damage|p1a: Skarmory|190/235|[from] Recoil\n|\n|upkeep\n|\n|t:|1783569191\n|switch|p2a: Rotom|Rotom-Mow, L87|100/100\n|turn|13\n|inactive|Time left: 300 sec this turn | 300 sec total\n|\n|t:|1783569192\n|switch|p1a: Raging Bolt|Raging Bolt, L78|137/323\n|move|p2a: Rotom|Nasty Plot|p2a: Rotom\n|-boost|p2a: Rotom|spa|2\n|\n|-heal|p1a: Raging Bolt|157/323|[from] item: Leftovers\n|upkeep\n|turn|14\n|inactive|Time left: 300 sec this turn | 300 sec total\n|\n|t:|1783569193\n|move|p2a: Rotom|Leaf Storm|p1a: Raging Bolt\n|-resisted|p1a: Raging Bolt\n|-damage|p1a: Raging Bolt|0 fnt\n|-unboost|p2a: Rotom|spa|2\n|faint|p1a: Raging Bolt\n|-end|p1a: Raging Bolt|Protosynthesis|[silent]\n|\n|upkeep\n|inactive|Time left: 300 sec this turn | 300 sec total | 5 sec grace\n|\n|t:|1783569194\n|switch|p1a: Deoxys|Deoxys-Defense, L84|221/221\n|-ability|p1a: Deoxys|Pressure\n|turn|15\n|inactive|Time left: 300 sec this turn | 300 sec total\n|\n|t:|1783569195\n|move|p1a: Deoxys|Cosmic Power|p1a: Deoxys\n|-boost|p1a: Deoxys|def|1\n|-boost|p1a: Deoxys|spd|1\n|move|p2a: Rotom|Nasty Plot|p2a: Rotom\n|-boost|p2a: Rotom|spa|2\n|\n|upkeep\n|turn|16\n|inactive|Time left: 300 sec this turn | 300 sec total\n|\n|t:|1783569196\n|move|p2a: Rotom|Nasty Plot|p2a: Rotom\n|-boost|p2a: Rotom|spa|2\n|move|p1a: Deoxys|Cosmic Power|p1a: Deoxys\n|-boost|p1a: Deoxys|def|1\n|-boost|p1a: Deoxys|spd|1\n|\n|upkeep\n|turn|17\n|inactive|Time left: 300 sec this turn | 300 sec total\n|\n|t:|1783569197\n|move|p2a: Rotom|Thunderbolt|p1a: Deoxys\n|-damage|p1a: Deoxys|112/221\n|move|p1a: Deoxys|Stored Power|p2a: Rotom\n|-damage|p2a: Rotom|70/100\n|\n|-heal|p2a: Rotom|76/100|[from] item: Leftovers\n|-heal|p1a: Deoxys|125/221|[from] item: Leftovers\n|upkeep\n|turn|18\n|inactive|Time left: 300 sec this turn | 300 sec total\n|\n|t:|1783569198\n|move|p2a: Rotom|Thunderbolt|p1a: Deoxys\n|-damage|p1a: Deoxys|32/221\n|move|p1a: Deoxys|Recover|p1a: Deoxys\n|-heal|p1a: Deoxys|143/221\n|\n|-heal|p2a: Rotom|82/100|[from] item: Leftovers\n|-heal|p1a: Deoxys|156/221|[from] item: Leftovers\n|upkeep\n|turn|19\n|inactive|Time left: 300 sec this turn | 300 sec total\n|\n|t:|1783569199\n|move|p2a: Rotom|Thunderbolt|p1a: Deoxys\n|-damage|p1a: Deoxys|51/221\n|move|p1a: Deoxys|Recover|p1a: Deoxys\n|-heal|p1a: Deoxys|162/221\n|\n|-heal|p2a: Rotom|88/100|[from] item: Leftovers\n|-heal|p1a: Deoxys|175/221|[from] item: Leftovers\n|upkeep\n|turn|20\n|inactive|Time left: 300 sec this turn | 300 sec total\n|\n|t:|1783569200\n|move|p2a: Rotom|Thunderbolt|p1a: Deoxys\n|-damage|p1a: Deoxys|72/221\n|move|p1a: Deoxys|Cosmic Power|p1a: Deoxys\n|-boost|p1a: Deoxys|def|1\n|-boost|p1a: Deoxys|spd|1\n|\n|-heal|p2a: Rotom|94/100|[from] item: Leftovers\n|-heal|p1a: Deoxys|85/221|[from] item: Leftovers\n|upkeep\n|turn|21\n|inactive|Time left: 300 sec this turn | 300 sec total\n|\n|t:|1783569201\n|move|p2a: Rotom|Leaf Storm|p1a: Deoxys\n|-damage|p1a: Deoxys|0 fnt\n|-unboost|p2a: Rotom|spa|2\n|faint|p1a: Deoxys\n|\n|-heal|p2a: Rotom|100/100|[from] item: Leftovers\n|upkeep\n|inactive|Time left: 300 sec this turn | 300 sec total | 5 sec grace\n|\n|t:|1783569202\n|switch|p1a: Ogerpon|Ogerpon, L80, F|259/259\n|turn|22\n|inactive|Time left: 300 sec this turn | 300 sec total\n|\n|t:|1783569202\n|move|p1a: Ogerpon|Knock Off|p2a: Rotom\n|-damage|p2a: Rotom|64/100\n|-enditem|p2a: Rotom|Leftovers|[from] move: Knock Off|[of] p1a: Ogerpon\n|-damage|p1a: Ogerpon|234/259|[from] item: Life Orb\n|move|p2a: Rotom|Thunderbolt|p1a: Ogerpon\n|-resisted|p1a: Ogerpon\n|-damage|p1a: Ogerpon|135/259\n|\n|upkeep\n|turn|23\n|inactive|Time left: 300 sec this turn | 300 sec total\n|\n|t:|1783569204\n|move|p1a: Ogerpon|Superpower|p2a: Rotom\n|-damage|p2a: Rotom|23/100\n|-unboost|p1a: Ogerpon|atk|1\n|-unboost|p1a: Ogerpon|def|1\n|-damage|p1a: Ogerpon|110/259|[from] item: Life Orb\n|move|p2a: Rotom|Thunderbolt|p1a: Ogerpon\n|-resisted|p1a: Ogerpon\n|-damage|p1a: Ogerpon|6/259\n|\n|upkeep\n|turn|24\n|inactive|Time left: 300 sec this turn | 300 sec total\n|\n|t:|1783569205\n|move|p1a: Ogerpon|Superpower|p2a: Rotom\n|-damage|p2a: Rotom|0 fnt\n|-unboost|p1a: Ogerpon|atk|1\n|-unboost|p1a: Ogerpon|def|1\n|faint|p2a: Rotom\n|-damage|p1a: Ogerpon|0 fnt|[from] item: Life Orb\n|faint|p1a: Ogerpon\n|\n|upkeep\n|inactive|Time left: 300 sec this turn | 300 sec total | 5 sec grace\n|\n|t:|1783569206\n|switch|p1a: Dialga|Dialga, L73|266/266\n|switch|p2a: Sylveon|Sylveon, L85, F|100/100\n|-ability|p1a: Dialga|Pressure\n|turn|25\n|inactive|Time left: 300 sec this turn | 300 sec total\n|\n|t:|1783569207\n|-terastallize|p2a: Sylveon|Steel\n|move|p1a: Dialga|Heavy Slam|p2a: Sylveon\n|-resisted|p2a: Sylveon\n|-damage|p2a: Sylveon|76/100\n|move|p2a: Sylveon|Hyper Voice|p1a: Dialga\n|-crit|p1a: Dialga\n|-damage|p1a: Dialga|79/266\n|\n|-heal|p1a: Dialga|95/266|[from] item: Leftovers\n|-heal|p2a: Sylveon|82/100|[from] item: Leftovers\n|upkeep\n|turn|26\n|inactive|Time left: 300 sec this turn | 300 sec total\n|\n|t:|1783569208\n|move|p1a: Dialga|Stealth Rock|p2a: Sylveon\n|-sidestart|p2: p0y25204683|move: Stealth Rock\n|move|p2a: Sylveon|Hyper Voice|p1a: Dialga\n|-damage|p1a: Dialga|0 fnt\n|faint|p1a: Dialga\n|\n|-heal|p2a: Sylveon|88/100|[from] item: Leftovers\n|upkeep\n|inactive|Time left: 300 sec this turn | 300 sec total | 5 sec grace\n|\n|t:|1783569209\n|switch|p1a: Hawlucha|Hawlucha, L80, F|256/256\n|turn|27\n|inactive|Time left: 300 sec this turn | 300 sec total\n|\n|t:|1783569210\n|move|p1a: Hawlucha|Close Combat|p2a: Sylveon\n|-supereffective|p2a: Sylveon\n|-damage|p2a: Sylveon|0 fnt\n|-unboost|p1a: Hawlucha|def|1\n|-unboost|p1a: Hawlucha|spd|1\n|faint|p2a: Sylveon\n|-enditem|p1a: Hawlucha|White Herb\n|-clearnegativeboost|p1a: Hawlucha|[silent]\n|\n|upkeep\n|\n|t:|1783569211\n|switch|p2a: Persian|Persian-Alola, L86, F|100/100\n|turn|28\n|inactive|Time left: 300 sec this turn | 300 sec total\n|\n|t:|1783569212\n|move|p1a: Hawlucha|Swords Dance|p1a: Hawlucha\n|-boost|p1a: Hawlucha|atk|2\n|move|p2a: Persian|Thunder Wave|p1a: Hawlucha\n|-status|p1a: Hawlucha|par\n|\n|upkeep\n|turn|29\n|inactive|Time left: 300 sec this turn | 300 sec total\n|\n|t:|1783569213\n|move|p2a: Persian|Parting Shot|p1a: Hawlucha\n|-unboost|p1a: Hawlucha|atk|1\n|-unboost|p1a: Hawlucha|spa|1\n|\n|t:|1783569214\n|switch|p2a: Dragonite|Dragonite, L74, M|51/100|[from] Parting Shot\n|move|p1a: Hawlucha|Acrobatics|p2a: Dragonite\n|-damage|p2a: Dragonite|0 fnt\n|faint|p2a: Dragonite\n|\n|upkeep\n|\n|t:|1783569215\n|switch|p2a: Arcanine|Arcanine-Hisui, L79, F|100/100\n|-damage|p2a: Arcanine|76/100|[from] Stealth Rock\n|turn|30\n|inactive|Time left: 300 sec this turn | 300 sec total\n|\n|t:|1783569216\n|-terastallize|p1a: Hawlucha|Fighting\n|move|p2a: Arcanine|Flare Blitz|p1a: Hawlucha\n|-damage|p1a: Hawlucha|103/256 par\n|move|p1a: Hawlucha|Close Combat|p2a: Arcanine\n|-supereffective|p2a: Arcanine\n|-damage|p2a: Arcanine|0 fnt\n|-unboost|p1a: Hawlucha|def|1\n|-unboost|p1a: Hawlucha|spd|1\n|faint|p2a: Arcanine\n|\n|upkeep\n|\n|t:|1783569217\n|switch|p2a: Persian|Persian-Alola, L86, F|100/100\n|turn|31\n|inactive|Time left: 300 sec this turn | 300 sec total\n|\n|t:|1783569218\n|move|p2a: Persian|Parting Shot|p1a: Hawlucha\n|-unboost|p1a: Hawlucha|atk|1\n|-unboost|p1a: Hawlucha|spa|1\n|cant|p1a: Hawlucha|par\n|\n|upkeep\n|turn|32\n|inactive|Time left: 300 sec this turn | 300 sec total\n|\n|t:|1783569219\n|move|p2a: Persian|Parting Shot|p1a: Hawlucha\n|-unboost|p1a: Hawlucha|atk|1\n|-unboost|p1a: Hawlucha|spa|1\n|cant|p1a: Hawlucha|par\n|\n|upkeep\n|turn|33\n|inactive|Time left: 300 sec this turn | 300 sec total\n|\n|t:|1783569220\n|move|p2a: Persian|Parting Shot|p1a: Hawlucha\n|-unboost|p1a: Hawlucha|atk|1\n|-unboost|p1a: Hawlucha|spa|1\n|move|p1a: Hawlucha|Close Combat|p2a: Persian\n|-supereffective|p2a: Persian\n|-damage|p2a: Persian|59/100\n|-unboost|p1a: Hawlucha|def|1\n|-unboost|p1a: Hawlucha|spd|1\n|\n|upkeep\n|turn|34\n|inactive|Time left: 300 sec this turn | 300 sec total\n|\n|t:|1783569221\n|switch|p1a: Skarmory|Skarmory, L80, F|190/235\n|move|p2a: Persian|Parting Shot|p1a: Skarmory\n|-unboost|p1a: Skarmory|atk|1\n|-unboost|p1a: Skarmory|spa|1\n|\n|upkeep\n|turn|35\n|inactive|Time left: 300 sec this turn | 300 sec total\n|\n|t:|1783569221\n|switch|p1a: Hawlucha|Hawlucha, L80, F, tera:Fighting|103/256 par\n|move|p2a: Persian|Parting Shot|p1a: Hawlucha\n|-unboost|p1a: Hawlucha|atk|1\n|-unboost|p1a: Hawlucha|spa|1\n|\n|upkeep\n|turn|36\n|inactive|Time left: 300 sec this turn | 300 sec total\n|\n|t:|1783569222\n|move|p2a: Persian|Parting Shot|p1a: Hawlucha\n|-unboost|p1a: Hawlucha|atk|1\n|-unboost|p1a: Hawlucha|spa|1\n|move|p1a: Hawlucha|Close Combat|p2a: Persian\n|-supereffective|p2a: Persian\n|-damage|p2a: Persian|21/100\n|-unboost|p1a: Hawlucha|def|1\n|-unboost|p1a: Hawlucha|spd|1\n|\n|upkeep\n|turn|37\n|inactive|Time left: 300 sec this turn | 300 sec total\n|\n|t:|1783569223\n|move|p2a: Persian|Parting Shot|p1a: Hawlucha\n|-unboost|p1a: Hawlucha|atk|1\n|-unboost|p1a: Hawlucha|spa|1\n|cant|p1a: Hawlucha|par\n|\n|upkeep\n|turn|38\n|inactive|Time left: 300 sec this turn | 300 sec total\n|\n|t:|1783569224\n|move|p2a: Persian|Thunder Wave|p1a: Hawlucha\n|-fail|p1a: Hawlucha|par\n|move|p1a: Hawlucha|Close Combat|p2a: Persian\n|-supereffective|p2a: Persian\n|-crit|p2a: Persian\n|-damage|p2a: Persian|0 fnt\n|-unboost|p1a: Hawlucha|def|1\n|-unboost|p1a: Hawlucha|spd|1\n|faint|p2a: Persian\n|\n|win|p0x2520a051", "uploadtime": 1783569224, "views": 0, "rating": 0, "private": 0, "password": null, "_winner": "p0x2520a051", "_our_name": "p0x2520a051"}