{"id": "battle-gen9randombattle-2956", "formatid": "gen9randombattle", "format": "[Gen 9] Random Battle", "players": ["p0x2956dd7b", "p0y2956bdb7"], "log": "|init|battle\n|title|p0x2956dd7b vs. p0y2956bdb7\n|j|\u2606p0x2956dd7b\n|j|\u2606p0y2956bdb7\n|t:|1783573058\n|gametype|singles\n|player|p1|p0x2956dd7b|101|\n|player|p2|p0y2956bdb7|265|\n|gen|9\n|tier|[Gen 9] Random Battle\n|rule|Species Clause: Limit one of each Pok\u00e9mon\n|rule|HP Percentage Mod: HP is shown in percentages\n|rule|Sleep Clause Mod: Limit one foe put to sleep\n|rule|Illusion Level Mod: Illusion disguises the Pok\u00e9mon's true level\n|\n|t:|1783573058\n|teamsize|p1|6\n|teamsize|p2|6\n|start\n|switch|p1a: Cobalion|Cobalion, L80|100/100\n|switch|p2a: Ninetales|Ninetales-Alola, L78, M|242/242\n|-weather|Snowscape|[from] ability: Snow Warning|[of] p2a: Ninetales\n|turn|1\n|inactive|Battle timer is ON: inactive players will automatically lose when time's up. (requested by p0y2956bdb7)\n|inactive|p0x2956dd7b also wants the timer to be on.\n|\n|t:|1783573060\n|-terastallize|p2a: Ninetales|Steel\n|move|p1a: Cobalion|Iron Head|p2a: Ninetales\n|-resisted|p2a: Ninetales\n|-damage|p2a: Ninetales|200/242\n|move|p2a: Ninetales|Aurora Veil|p2a: Ninetales\n|-sidestart|p2: p0y2956bdb7|move: Aurora Veil\n|\n|-weather|Snowscape|[upkeep]\n|upkeep\n|turn|2\n|inactive|Time left: 300 sec this turn | 300 sec total\n|\n|t:|1783573061\n|move|p1a: Cobalion|Stealth Rock|p2a: Ninetales\n|-sidestart|p2: p0y2956bdb7|move: Stealth Rock\n|move|p2a: Ninetales|Moonblast|p1a: Cobalion\n|-damage|p1a: Cobalion|69/100\n|\n|-weather|Snowscape|[upkeep]\n|-heal|p1a: Cobalion|75/100|[from] item: Leftovers\n|upkeep\n|turn|3\n|inactive|Time left: 300 sec this turn | 300 sec total\n|\n|t:|1783573062\n|move|p1a: Cobalion|Body Press|p2a: Ninetales\n|-supereffective|p2a: Ninetales\n|-damage|p2a: Ninetales|88/242\n|move|p2a: Ninetales|Moonblast|p1a: Cobalion\n|-damage|p1a: Cobalion|39/100\n|\n|-weather|Snowscape|[upkeep]\n|-heal|p1a: Cobalion|46/100|[from] item: Leftovers\n|upkeep\n|turn|4\n|inactive|Time left: 300 sec this turn | 300 sec total\n|\n|t:|1783573063\n|move|p1a: Cobalion|Body Press|p2a: Ninetales\n|-supereffective|p2a: Ninetales\n|-damage|p2a: Ninetales|0 fnt\n|faint|p2a: Ninetales\n|\n|-weather|Snowscape|[upkeep]\n|-heal|p1a: Cobalion|52/100|[from] item: Leftovers\n|upkeep\n|inactive|Time left: 300 sec this turn | 300 sec total | 5 sec grace\n|\n|t:|1783573063\n|switch|p2a: Clefable|Clefable, L83, M|293/293\n|turn|5\n|inactive|Time left: 300 sec this turn | 300 sec total\n|\n|t:|1783573064\n|move|p1a: Cobalion|Iron Head|p2a: Clefable\n|-supereffective|p2a: Clefable\n|-damage|p2a: Clefable|212/293\n|move|p2a: Clefable|Moonblast|p1a: Cobalion\n|-damage|p1a: Cobalion|0 fnt\n|faint|p1a: Cobalion\n|\n|-weather|none\n|upkeep\n|\n|t:|1783573065\n|switch|p1a: Glaceon|Glaceon, L94, F|100/100\n|turn|6\n|inactive|Time left: 300 sec this turn | 300 sec total\n|\n|t:|1783573066\n|move|p1a: Glaceon|Calm Mind|p1a: Glaceon\n|-boost|p1a: Glaceon|spa|1\n|-boost|p1a: Glaceon|spd|1\n|move|p2a: Clefable|Fire Blast|p1a: Glaceon|[miss]\n|-miss|p2a: Clefable|p1a: Glaceon\n|\n|upkeep\n|turn|7\n|inactive|Time left: 300 sec this turn | 300 sec total\n|\n|t:|1783573067\n|move|p1a: Glaceon|Freeze-Dry|p2a: Clefable\n|-damage|p2a: Clefable|125/293\n|move|p2a: Clefable|Thunder Wave|p1a: Glaceon\n|-status|p1a: Glaceon|par\n|\n|upkeep\n|turn|8\n|inactive|Time left: 300 sec this turn | 300 sec total\n|\n|t:|1783573069\n|move|p2a: Clefable|Moonlight|p2a: Clefable\n|-heal|p2a: Clefable|271/293\n|cant|p1a: Glaceon|par\n|\n|-sideend|p2: p0y2956bdb7|move: Aurora Veil\n|upkeep\n|turn|9\n|inactive|Time left: 300 sec this turn | 300 sec total\n|\n|t:|1783573070\n|move|p2a: Clefable|Moonblast|p1a: Glaceon\n|-damage|p1a: Glaceon|75/100 par\n|move|p1a: Glaceon|Freeze-Dry|p2a: Clefable\n|-damage|p2a: Clefable|87/293\n|\n|upkeep\n|turn|10\n|inactive|Time left: 300 sec this turn | 300 sec total\n|\n|t:|1783573071\n|move|p2a: Clefable|Moonlight|p2a: Clefable\n|-heal|p2a: Clefable|233/293\n|move|p1a: Glaceon|Freeze-Dry|p2a: Clefable\n|-damage|p2a: Clefable|73/293\n|\n|upkeep\n|turn|11\n|inactive|Time left: 300 sec this turn | 300 sec total\n|\n|t:|1783573072\n|move|p2a: Clefable|Moonlight|p2a: Clefable\n|-heal|p2a: Clefable|219/293\n|cant|p1a: Glaceon|par\n|\n|upkeep\n|turn|12\n|inactive|Time left: 300 sec this turn | 300 sec total\n|\n|t:|1783573073\n|move|p2a: Clefable|Fire Blast|p1a: Glaceon\n|-supereffective|p1a: Glaceon\n|-damage|p1a: Glaceon|32/100 par\n|move|p1a: Glaceon|Freeze-Dry|p2a: Clefable\n|-damage|p2a: Clefable|32/293\n|\n|upkeep\n|turn|13\n|inactive|Time left: 300 sec this turn | 300 sec total\n|\n|t:|1783573075\n|move|p2a: Clefable|Fire Blast|p1a: Glaceon\n|-supereffective|p1a: Glaceon\n|-damage|p1a: Glaceon|0 fnt\n|faint|p1a: Glaceon\n|\n|upkeep\n|\n|t:|1783573076\n|switch|p1a: Indeedee|Indeedee, L84, M|100/100\n|-fieldstart|move: Psychic Terrain|[from] ability: Psychic Surge|[of] p1a: Indeedee\n|turn|14\n|inactive|Time left: 300 sec this turn | 300 sec total\n|\n|t:|1783573077\n|switch|p2a: Mabosstiff|Mabosstiff, L86, M|278/278\n|-damage|p2a: Mabosstiff|244/278|[from] Stealth Rock\n|move|p1a: Indeedee|Expanding Force|p2a: Mabosstiff\n|-immune|p2a: Mabosstiff\n|\n|upkeep\n|turn|15\n|inactive|Time left: 300 sec this turn | 300 sec total\n|\n|t:|1783573078\n|switch|p1a: Terrakion|Terrakion, L79|100/100\n|move|p2a: Mabosstiff|Crunch|p1a: Terrakion\n|-resisted|p1a: Terrakion\n|-damage|p1a: Terrakion|60/100\n|-ability|p1a: Terrakion|Justified|boost\n|-boost|p1a: Terrakion|atk|1\n|\n|upkeep\n|turn|16\n|inactive|Time left: 300 sec this turn | 300 sec total\n|\n|t:|1783573079\n|switch|p2a: Zamazenta|Zamazenta, L71|248/248\n|-damage|p2a: Zamazenta|233/248|[from] Stealth Rock\n|-ability|p2a: Zamazenta|Dauntless Shield|boost\n|-boost|p2a: Zamazenta|def|1\n|move|p1a: Terrakion|Swords Dance|p1a: Terrakion\n|-boost|p1a: Terrakion|atk|2\n|\n|-heal|p2a: Zamazenta|248/248|[from] item: Leftovers\n|upkeep\n|turn|17\n|inactive|Time left: 300 sec this turn | 300 sec total\n|\n|t:|1783573080\n|-terastallize|p1a: Terrakion|Fighting\n|move|p2a: Zamazenta|Body Press|p1a: Terrakion\n|-damage|p1a: Terrakion|17/100\n|move|p1a: Terrakion|Close Combat|p2a: Zamazenta\n|-damage|p2a: Zamazenta|0 fnt\n|-unboost|p1a: Terrakion|def|1\n|-unboost|p1a: Terrakion|spd|1\n|faint|p2a: Zamazenta\n|-damage|p1a: Terrakion|7/100|[from] item: Life Orb\n|\n|upkeep\n|inactive|Time left: 300 sec this turn | 300 sec total | 5 sec grace\n|\n|t:|1783573081\n|switch|p2a: Mabosstiff|Mabosstiff, L86, M|244/278\n|-damage|p2a: Mabosstiff|210/278|[from] Stealth Rock\n|turn|18\n|inactive|Time left: 300 sec this turn | 300 sec total\n|\n|t:|1783573082\n|move|p2a: Mabosstiff|Crunch|p1a: Terrakion\n|-resisted|p1a: Terrakion\n|-damage|p1a: Terrakion|0 fnt\n|faint|p1a: Terrakion\n|\n|-fieldend|move: Psychic Terrain\n|upkeep\n|\n|t:|1783573083\n|switch|p1a: Swalot|Swalot, L90, M|100/100\n|turn|19\n|inactive|Time left: 300 sec this turn | 300 sec total\n|\n|t:|1783573084\n|move|p2a: Mabosstiff|Crunch|p1a: Swalot\n|-crit|p1a: Swalot\n|-damage|p1a: Swalot|53/100\n|move|p1a: Swalot|Sludge Bomb|p2a: Mabosstiff\n|-damage|p2a: Mabosstiff|101/278\n|\n|upkeep\n|turn|20\n|inactive|Time left: 300 sec this turn | 300 sec total\n|\n|t:|1783573085\n|move|p2a: Mabosstiff|Crunch|p1a: Swalot\n|-damage|p1a: Swalot|21/100\n|move|p1a: Swalot|Sludge Bomb|p2a: Mabosstiff\n|-damage|p2a: Mabosstiff|0 fnt\n|faint|p2a: Mabosstiff\n|\n|upkeep\n|inactive|Time left: 300 sec this turn | 300 sec total | 5 sec grace\n|\n|t:|1783573086\n|switch|p2a: Orthworm|Orthworm, L88, M|266/266\n|-damage|p2a: Orthworm|250/266|[from] Stealth Rock\n|turn|21\n|inactive|Time left: 300 sec this turn | 300 sec total\n|\n|t:|1783573087\n|switch|p1a: Gothitelle|Gothitelle, L90, M|100/100\n|move|p2a: Orthworm|Coil|p2a: Orthworm\n|-boost|p2a: Orthworm|atk|1\n|-boost|p2a: Orthworm|def|1\n|-boost|p2a: Orthworm|accuracy|1\n|\n|upkeep\n|turn|22\n|inactive|Time left: 300 sec this turn | 300 sec total\n|\n|t:|1783573088\n|move|p1a: Gothitelle|Focus Blast|p2a: Orthworm\n|-supereffective|p2a: Orthworm\n|-damage|p2a: Orthworm|0 fnt\n|faint|p2a: Orthworm\n|\n|upkeep\n|inactive|Time left: 300 sec this turn | 300 sec total | 5 sec grace\n|\n|t:|1783573088\n|switch|p2a: Clefable|Clefable, L83, M|32/293\n|turn|23\n|inactive|Time left: 300 sec this turn | 300 sec total\n|\n|t:|1783573089\n|move|p1a: Gothitelle|Focus Blast|p2a: Clefable|[miss]\n|-miss|p1a: Gothitelle|p2a: Clefable\n|move|p2a: Clefable|Moonlight|p2a: Clefable\n|-heal|p2a: Clefable|178/293\n|\n|upkeep\n|turn|24\n|inactive|Time left: 300 sec this turn | 300 sec total\n|\n|t:|1783573090\n|switch|p1a: Swalot|Swalot, L90, M|21/100\n|move|p2a: Clefable|Thunder Wave|p1a: Swalot\n|-status|p1a: Swalot|par\n|\n|upkeep\n|turn|25\n|inactive|Time left: 300 sec this turn | 300 sec total\n|\n|t:|1783573091\n|move|p2a: Clefable|Moonlight|p2a: Clefable\n|-heal|p2a: Clefable|293/293\n|move|p1a: Swalot|Sludge Bomb|p2a: Clefable\n|-supereffective|p2a: Clefable\n|-damage|p2a: Clefable|129/293\n|\n|upkeep\n|turn|26\n|inactive|Time left: 300 sec this turn | 300 sec total\n|\n|t:|1783573092\n|move|p2a: Clefable|Moonlight|p2a: Clefable\n|-heal|p2a: Clefable|275/293\n|move|p1a: Swalot|Sludge Bomb|p2a: Clefable\n|-supereffective|p2a: Clefable\n|-damage|p2a: Clefable|101/293\n|-status|p2a: Clefable|psn\n|\n|upkeep\n|turn|27\n|inactive|Time left: 300 sec this turn | 300 sec total\n|\n|t:|1783573092\n|move|p2a: Clefable|Moonlight|p2a: Clefable\n|-heal|p2a: Clefable|247/293 psn\n|cant|p1a: Swalot|par\n|\n|upkeep\n|turn|28\n|inactive|Time left: 300 sec this turn | 300 sec total\n|\n|t:|1783573093\n|move|p2a: Clefable|Moonblast|p1a: Swalot\n|-resisted|p1a: Swalot\n|-damage|p1a: Swalot|9/100 par\n|-unboost|p1a: Swalot|spa|1\n|move|p1a: Swalot|Sludge Bomb|p2a: Clefable\n|-supereffective|p2a: Clefable\n|-damage|p2a: Clefable|125/293 psn\n|\n|upkeep\n|turn|29\n|inactive|Time left: 300 sec this turn | 300 sec total\n|\n|t:|1783573094\n|move|p2a: Clefable|Moonlight|p2a: Clefable\n|-heal|p2a: Clefable|271/293 psn\n|move|p1a: Swalot|Sludge Bomb|p2a: Clefable\n|-supereffective|p2a: Clefable\n|-damage|p2a: Clefable|155/293 psn\n|\n|upkeep\n|turn|30\n|inactive|Time left: 300 sec this turn | 300 sec total\n|\n|t:|1783573096\n|move|p2a: Clefable|Thunder Wave|p1a: Swalot\n|-fail|p1a: Swalot|par\n|move|p1a: Swalot|Sludge Bomb|p2a: Clefable\n|-supereffective|p2a: Clefable\n|-damage|p2a: Clefable|45/293 psn\n|\n|upkeep\n|turn|31\n|inactive|Time left: 300 sec this turn | 300 sec total\n|\n|t:|1783573097\n|move|p2a: Clefable|Thunder Wave|p1a: Swalot|[miss]\n|-miss|p2a: Clefable|p1a: Swalot\n|move|p1a: Swalot|Knock Off|p2a: Clefable\n|-resisted|p2a: Clefable\n|-damage|p2a: Clefable|10/293 psn\n|-enditem|p2a: Clefable|Life Orb|[from] move: Knock Off|[of] p1a: Swalot\n|\n|upkeep\n|turn|32\n|inactive|Time left: 300 sec this turn | 300 sec total\n|\n|t:|1783573098\n|switch|p2a: Qwilfish|Qwilfish, L86, M|252/252\n|-damage|p2a: Qwilfish|221/252|[from] Stealth Rock\n|-ability|p2a: Qwilfish|Intimidate|boost\n|-unboost|p1a: Swalot|atk|1\n|move|p1a: Swalot|Sludge Bomb|p2a: Qwilfish\n|-resisted|p2a: Qwilfish\n|-damage|p2a: Qwilfish|182/252\n|\n|-heal|p2a: Qwilfish|197/252|[from] item: Leftovers\n|upkeep\n|turn|33\n|inactive|Time left: 300 sec this turn | 300 sec total\n|\n|t:|1783573098\n|switch|p1a: Gothitelle|Gothitelle, L90, M|100/100\n|move|p2a: Qwilfish|Thunder Wave|p1a: Gothitelle\n|-status|p1a: Gothitelle|par\n|\n|-heal|p2a: Qwilfish|212/252|[from] item: Leftovers\n|upkeep\n|turn|34\n|inactive|Time left: 300 sec this turn | 300 sec total\n|\n|t:|1783573099\n|move|p2a: Qwilfish|Waterfall|p1a: Gothitelle\n|-damage|p1a: Gothitelle|70/100 par\n|cant|p1a: Gothitelle|par\n|\n|-heal|p2a: Qwilfish|227/252|[from] item: Leftovers\n|upkeep\n|turn|35\n|inactive|Time left: 300 sec this turn | 300 sec total\n|\n|t:|1783573100\n|move|p2a: Qwilfish|Thunder Wave|p1a: Gothitelle\n|-fail|p1a: Gothitelle|par\n|cant|p1a: Gothitelle|par\n|\n|-heal|p2a: Qwilfish|242/252|[from] item: Leftovers\n|upkeep\n|turn|36\n|inactive|Time left: 300 sec this turn | 300 sec total\n|\n|t:|1783573101\n|move|p2a: Qwilfish|Thunder Wave|p1a: Gothitelle\n|-fail|p1a: Gothitelle|par\n|cant|p1a: Gothitelle|par\n|\n|-heal|p2a: Qwilfish|252/252|[from] item: Leftovers\n|upkeep\n|turn|37\n|inactive|Time left: 300 sec this turn | 300 sec total\n|\n|t:|1783573102\n|move|p2a: Qwilfish|Thunder Wave|p1a: Gothitelle\n|-fail|p1a: Gothitelle|par\n|move|p1a: Gothitelle|Psychic|p2a: Qwilfish\n|-supereffective|p2a: Qwilfish\n|-damage|p2a: Qwilfish|0 fnt\n|faint|p2a: Qwilfish\n|\n|upkeep\n|inactive|Time left: 300 sec this turn | 300 sec total | 5 sec grace\n|\n|t:|1783573103\n|switch|p2a: Clefable|Clefable, L83, M|10/293 psn\n|turn|38\n|inactive|Time left: 300 sec this turn | 300 sec total\n|\n|t:|1783573104\n|move|p2a: Clefable|Fire Blast|p1a: Gothitelle\n|-damage|p1a: Gothitelle|46/100 par\n|move|p1a: Gothitelle|Psychic|p2a: Clefable\n|-damage|p2a: Clefable|0 fnt\n|faint|p2a: Clefable\n|\n|win|p0x2956dd7b", "uploadtime": 1783573104, "views": 0, "rating": 0, "private": 0, "password": null, "_winner": "p0x2956dd7b", "_our_name": "p0y2956bdb7"}