{"id": "battle-gen9randombattle-968", "formatid": "gen9randombattle", "format": "[Gen 9] Random Battle", "players": ["p0x9689b1d", "p0y9688f58"], "log": "|init|battle\n|title|p0x9689b1d vs. p0y9688f58\n|j|\u2606p0x9689b1d\n|j|\u2606p0y9688f58\n|t:|1783551111\n|gametype|singles\n|player|p1|p0x9689b1d|170|\n|player|p2|p0y9688f58|169|\n|gen|9\n|tier|[Gen 9] Random Battle\n|rule|Species Clause: Limit one of each Pok\u00e9mon\n|rule|HP Percentage Mod: HP is shown in percentages\n|rule|Sleep Clause Mod: Limit one foe put to sleep\n|rule|Illusion Level Mod: Illusion disguises the Pok\u00e9mon's true level\n|\n|t:|1783551111\n|teamsize|p1|6\n|teamsize|p2|6\n|start\n|switch|p1a: Zekrom|Zekrom, L71|259/259\n|switch|p2a: Swanna|Swanna, L89, F|100/100\n|-ability|p1a: Zekrom|Teravolt\n|turn|1\n|inactive|Battle timer is ON: inactive players will automatically lose when time's up. (requested by p0x9689b1d)\n|\n|t:|1783551113\n|switch|p2a: Ursaluna|Ursaluna-Bloodmoon, L79, M|100/100\n|move|p1a: Zekrom|Bolt Strike|p2a: Ursaluna\n|-immune|p2a: Ursaluna\n|\n|upkeep\n|turn|2\n|inactive|Time left: 300 sec this turn | 300 sec total\n|inactive|p0y9688f58 also wants the timer to be on.\n|\n|t:|1783551114\n|move|p1a: Zekrom|Substitute|p1a: Zekrom\n|-start|p1a: Zekrom|Substitute\n|-damage|p1a: Zekrom|195/259\n|move|p2a: Ursaluna|Blood Moon|p1a: Zekrom\n|-end|p1a: Zekrom|Substitute\n|\n|-heal|p1a: Zekrom|211/259|[from] item: Leftovers\n|upkeep\n|turn|3\n|inactive|Time left: 300 sec this turn | 300 sec total\n|\n|t:|1783551115\n|switch|p1a: Clawitzer|Clawitzer, L87, F|265/265\n|move|p2a: Ursaluna|Calm Mind|p2a: Ursaluna\n|-boost|p2a: Ursaluna|spa|1\n|-boost|p2a: Ursaluna|spd|1\n|\n|upkeep\n|turn|4\n|inactive|Time left: 300 sec this turn | 300 sec total\n|\n|t:|1783551116\n|move|p1a: Clawitzer|Water Pulse|p2a: Ursaluna\n|-supereffective|p2a: Ursaluna\n|-damage|p2a: Ursaluna|0 fnt\n|faint|p2a: Ursaluna\n|\n|upkeep\n|\n|t:|1783551117\n|switch|p2a: Tentacruel|Tentacruel, L84, F|100/100\n|turn|5\n|inactive|Time left: 300 sec this turn | 300 sec total\n|\n|t:|1783551118\n|move|p2a: Tentacruel|Toxic|p1a: Clawitzer\n|-status|p1a: Clawitzer|tox\n|move|p1a: Clawitzer|Water Pulse|p2a: Tentacruel\n|-resisted|p2a: Tentacruel\n|-damage|p2a: Tentacruel|73/100\n|\n|-heal|p2a: Tentacruel|80/100|[from] item: Leftovers\n|-damage|p1a: Clawitzer|249/265 tox|[from] psn\n|upkeep\n|turn|6\n|inactive|Time left: 300 sec this turn | 300 sec total\n|\n|t:|1783551120\n|switch|p1a: Zekrom|Zekrom, L71|211/259\n|-ability|p1a: Zekrom|Teravolt\n|move|p2a: Tentacruel|Sludge Bomb|p1a: Zekrom\n|-damage|p1a: Zekrom|114/259\n|\n|-heal|p2a: Tentacruel|86/100|[from] item: Leftovers\n|-heal|p1a: Zekrom|130/259|[from] item: Leftovers\n|upkeep\n|turn|7\n|inactive|Time left: 300 sec this turn | 300 sec total\n|\n|t:|1783551121\n|move|p2a: Tentacruel|Sludge Bomb|p1a: Zekrom\n|-damage|p1a: Zekrom|33/259\n|-status|p1a: Zekrom|psn\n|move|p1a: Zekrom|Bolt Strike|p2a: Tentacruel\n|-supereffective|p2a: Tentacruel\n|-damage|p2a: Tentacruel|0 fnt\n|faint|p2a: Tentacruel\n|\n|-heal|p1a: Zekrom|49/259 psn|[from] item: Leftovers\n|-damage|p1a: Zekrom|17/259 psn|[from] psn\n|upkeep\n|\n|t:|1783551122\n|switch|p2a: Thundurus|Thundurus, L80, M|100/100\n|turn|8\n|inactive|Time left: 300 sec this turn | 300 sec total\n|\n|t:|1783551123\n|switch|p1a: Eelektross|Eelektross, L87, M|290/290\n|move|p2a: Thundurus|Nasty Plot|p2a: Thundurus\n|-boost|p2a: Thundurus|spa|2\n|\n|upkeep\n|turn|9\n|inactive|Time left: 300 sec this turn | 300 sec total\n|\n|t:|1783551124\n|move|p2a: Thundurus|Focus Blast|p1a: Eelektross|[miss]\n|-miss|p2a: Thundurus|p1a: Eelektross\n|move|p1a: Eelektross|Supercell Slam|p2a: Thundurus\n|-crit|p2a: Thundurus\n|-damage|p2a: Thundurus|14/100\n|\n|upkeep\n|turn|10\n|inactive|Time left: 300 sec this turn | 300 sec total\n|\n|t:|1783551126\n|move|p2a: Thundurus|Focus Blast|p1a: Eelektross|[miss]\n|-miss|p2a: Thundurus|p1a: Eelektross\n|move|p1a: Eelektross|Knock Off|p2a: Thundurus\n|-damage|p2a: Thundurus|0 fnt\n|-enditem|p2a: Thundurus|Heavy-Duty Boots|[from] move: Knock Off|[of] p1a: Eelektross\n|faint|p2a: Thundurus\n|\n|upkeep\n|\n|t:|1783551127\n|switch|p2a: Maushold|Maushold, L76|100/100\n|turn|11\n|inactive|Time left: 300 sec this turn | 300 sec total\n|\n|t:|1783551128\n|-terastallize|p2a: Maushold|Normal\n|move|p2a: Maushold|Population Bomb|p1a: Eelektross\n|-crit|p1a: Eelektross\n|-damage|p1a: Eelektross|240/290\n|-damage|p1a: Eelektross|208/290\n|-damage|p1a: Eelektross|174/290\n|-damage|p1a: Eelektross|140/290\n|-damage|p1a: Eelektross|110/290\n|-damage|p1a: Eelektross|76/290\n|-damage|p1a: Eelektross|42/290\n|-damage|p1a: Eelektross|12/290\n|-damage|p1a: Eelektross|0 fnt\n|faint|p1a: Eelektross\n|-hitcount|p1: Eelektross|9\n|\n|upkeep\n|inactive|Time left: 300 sec this turn | 300 sec total | 5 sec grace\n|\n|t:|1783551129\n|switch|p1a: Dragapult|Dragapult, L77, M|262/262\n|turn|12\n|inactive|Time left: 300 sec this turn | 300 sec total\n|\n|t:|1783551130\n|move|p1a: Dragapult|Dragon Darts|p2a: Maushold\n|-damage|p2a: Maushold|73/100\n|-anim|p1a: Dragapult|Dragon Darts|p2a: Maushold\n|-damage|p2a: Maushold|42/100\n|move|p2a: Maushold|Tidy Up|p2a: Maushold\n|-boost|p2a: Maushold|atk|1\n|-boost|p2a: Maushold|spe|1\n|\n|upkeep\n|turn|13\n|inactive|Time left: 300 sec this turn | 300 sec total\n|\n|t:|1783551131\n|move|p2a: Maushold|Bite|p1a: Dragapult\n|-supereffective|p1a: Dragapult\n|-damage|p1a: Dragapult|98/262\n|-start|p2a: Maushold|Disable|Bite|[from] ability: Cursed Body|[of] p1a: Dragapult\n|move|p1a: Dragapult|Dragon Darts|p2a: Maushold\n|-damage|p2a: Maushold|11/100\n|-anim|p1a: Dragapult|Dragon Darts|p2a: Maushold\n|-damage|p2a: Maushold|0 fnt\n|faint|p2a: Maushold\n|\n|upkeep\n|\n|t:|1783551132\n|switch|p2a: Lokix|Lokix, L82, M|100/100\n|turn|14\n|inactive|Time left: 300 sec this turn | 300 sec total\n|\n|t:|1783551133\n|move|p2a: Lokix|First Impression|p1a: Dragapult\n|-resisted|p1a: Dragapult\n|-damage|p1a: Dragapult|0 fnt\n|-start|p2a: Lokix|Disable|First Impression|[from] ability: Cursed Body|[of] p1a: Dragapult\n|faint|p1a: Dragapult\n|\n|upkeep\n|inactive|Time left: 300 sec this turn | 300 sec total | 5 sec grace\n|\n|t:|1783551134\n|switch|p1a: Clawitzer|Clawitzer, L87, F|249/265 tox\n|turn|15\n|inactive|Time left: 300 sec this turn | 300 sec total\n|\n|t:|1783551135\n|-terastallize|p1a: Clawitzer|Dragon\n|move|p2a: Lokix|U-turn|p1a: Clawitzer\n|-damage|p1a: Clawitzer|164/265 tox\n|\n|t:|1783551135\n|switch|p2a: Swanna|Swanna, L89, F|100/100|[from] U-turn\n|move|p1a: Clawitzer|Dragon Pulse|p2a: Swanna\n|-damage|p2a: Swanna|0 fnt\n|faint|p2a: Swanna\n|\n|-damage|p1a: Clawitzer|148/265 tox|[from] psn\n|upkeep\n|\n|t:|1783551136\n|switch|p2a: Lokix|Lokix, L82, M|100/100\n|turn|16\n|inactive|Time left: 300 sec this turn | 300 sec total\n|\n|t:|1783551137\n|move|p2a: Lokix|Knock Off|p1a: Clawitzer\n|-damage|p1a: Clawitzer|45/265 tox\n|-enditem|p1a: Clawitzer|Choice Specs|[from] move: Knock Off|[of] p2a: Lokix\n|move|p1a: Clawitzer|Dragon Pulse|p2a: Lokix\n|-damage|p2a: Lokix|8/100\n|\n|-damage|p1a: Clawitzer|13/265 tox|[from] psn\n|upkeep\n|turn|17\n|inactive|Time left: 300 sec this turn | 300 sec total\n|\n|t:|1783551138\n|move|p2a: Lokix|Sucker Punch|p1a: Clawitzer\n|-crit|p1a: Clawitzer\n|-damage|p1a: Clawitzer|0 fnt\n|faint|p1a: Clawitzer\n|\n|upkeep\n|inactive|Time left: 300 sec this turn | 300 sec total | 5 sec grace\n|\n|t:|1783551139\n|switch|p1a: Wo-Chien|Wo-Chien, L83|277/277\n|-ability|p1a: Wo-Chien|Tablets of Ruin\n|turn|18\n|inactive|Time left: 300 sec this turn | 300 sec total\n|\n|t:|1783551140\n|switch|p1a: Zekrom|Zekrom, L71|17/259 psn\n|-ability|p1a: Zekrom|Teravolt\n|move|p2a: Lokix|Knock Off|p1a: Zekrom\n|-damage|p1a: Zekrom|0 fnt\n|-enditem|p1a: Zekrom|Leftovers|[from] move: Knock Off|[of] p2a: Lokix\n|faint|p1a: Zekrom\n|\n|upkeep\n|inactive|Time left: 300 sec this turn | 300 sec total | 5 sec grace\n|\n|t:|1783551141\n|switch|p1a: Wo-Chien|Wo-Chien, L83|277/277\n|-ability|p1a: Wo-Chien|Tablets of Ruin\n|turn|19\n|inactive|Time left: 300 sec this turn | 300 sec total\n|\n|t:|1783551142\n|move|p2a: Lokix|U-turn|p1a: Wo-Chien\n|-supereffective|p1a: Wo-Chien\n|-damage|p1a: Wo-Chien|45/277\n|move|p1a: Wo-Chien|Knock Off|p2a: Lokix\n|-resisted|p2a: Lokix\n|-damage|p2a: Lokix|0 fnt\n|-enditem|p2a: Lokix|Silver Powder|[from] move: Knock Off|[of] p1a: Wo-Chien\n|faint|p2a: Lokix\n|\n|win|p0x9689b1d", "uploadtime": 1783551142, "views": 0, "rating": 0, "private": 0, "password": null, "_winner": "p0x9689b1d", "_our_name": "p0x9689b1d"}