{"id": "battle-gen9randombattle-2771", "formatid": "gen9randombattle", "format": "[Gen 9] Random Battle", "players": ["p0x27718be5", "p0y2771ba1f"], "log": "|init|battle\n|title|p0x27718be5 vs. p0y2771ba1f\n|j|\u2606p0x27718be5\n|j|\u2606p0y2771ba1f\n|t:|1783570921\n|gametype|singles\n|player|p1|p0x27718be5|169|\n|player|p2|p0y2771ba1f|102|\n|gen|9\n|tier|[Gen 9] Random Battle\n|rule|Species Clause: Limit one of each Pok\u00e9mon\n|rule|HP Percentage Mod: HP is shown in percentages\n|rule|Sleep Clause Mod: Limit one foe put to sleep\n|rule|Illusion Level Mod: Illusion disguises the Pok\u00e9mon's true level\n|\n|t:|1783570921\n|teamsize|p1|6\n|teamsize|p2|6\n|start\n|switch|p1a: Mandibuzz|Mandibuzz, L85, F|100/100\n|switch|p2a: Plusle|Plusle, L95, M|268/268\n|turn|1\n|inactive|Battle timer is ON: inactive players will automatically lose when time's up. (requested by p0x27718be5)\n|inactive|Time left: 300 sec this turn | 300 sec total | 60 sec grace\n|inactive|p0y2771ba1f also wants the timer to be on.\n|\n|t:|1783570923\n|move|p2a: Plusle|Nasty Plot|p2a: Plusle\n|-boost|p2a: Plusle|spa|2\n|move|p1a: Mandibuzz|Foul Play|p2a: Plusle\n|-damage|p2a: Plusle|195/268\n|\n|upkeep\n|turn|2\n|inactive|Time left: 300 sec this turn | 300 sec total\n|\n|t:|1783570924\n|switch|p1a: Noctowl|Noctowl, L95, M|100/100\n|move|p2a: Plusle|Thunderbolt|p1a: Noctowl\n|-supereffective|p1a: Noctowl\n|-damage|p1a: Noctowl|0 fnt\n|faint|p1a: Noctowl\n|-damage|p2a: Plusle|169/268|[from] item: Life Orb\n|\n|upkeep\n|\n|t:|1783570925\n|switch|p1a: Spiritomb|Spiritomb, L89, F|100/100\n|turn|3\n|inactive|Time left: 300 sec this turn | 300 sec total\n|\n|t:|1783570926\n|move|p1a: Spiritomb|Sucker Punch|p2a: Plusle\n|-damage|p2a: Plusle|0 fnt\n|faint|p2a: Plusle\n|\n|upkeep\n|inactive|Time left: 300 sec this turn | 300 sec total | 5 sec grace\n|\n|t:|1783570927\n|switch|p2a: Piloswine|Piloswine, L85, F|309/309\n|turn|4\n|inactive|Time left: 300 sec this turn | 300 sec total\n|\n|t:|1783570928\n|switch|p1a: Stonjourner|Stonjourner, L91, F|100/100\n|move|p2a: Piloswine|Stealth Rock|p1a: Stonjourner\n|-sidestart|p1: p0x27718be5|move: Stealth Rock\n|\n|upkeep\n|turn|5\n|inactive|Time left: 300 sec this turn | 300 sec total\n|\n|t:|1783570929\n|move|p1a: Stonjourner|Stealth Rock|p2a: Piloswine\n|-sidestart|p2: p0y2771ba1f|move: Stealth Rock\n|move|p2a: Piloswine|Earthquake|p1a: Stonjourner\n|-supereffective|p1a: Stonjourner\n|-damage|p1a: Stonjourner|57/100\n|\n|upkeep\n|turn|6\n|inactive|Time left: 300 sec this turn | 300 sec total\n|\n|t:|1783570930\n|move|p1a: Stonjourner|Stone Edge|p2a: Piloswine\n|-damage|p2a: Piloswine|165/309\n|-damage|p1a: Stonjourner|47/100|[from] item: Life Orb\n|move|p2a: Piloswine|Earthquake|p1a: Stonjourner\n|-supereffective|p1a: Stonjourner\n|-damage|p1a: Stonjourner|1/100\n|\n|upkeep\n|turn|7\n|inactive|Time left: 300 sec this turn | 300 sec total\n|\n|t:|1783570931\n|move|p2a: Piloswine|Ice Shard|p1a: Stonjourner\n|-damage|p1a: Stonjourner|0 fnt\n|faint|p1a: Stonjourner\n|\n|upkeep\n|\n|t:|1783570932\n|switch|p1a: Walking Wake|Walking Wake, L79|100/100\n|-damage|p1a: Walking Wake|88/100|[from] Stealth Rock\n|turn|8\n|inactive|Time left: 300 sec this turn | 300 sec total\n|\n|t:|1783570933\n|switch|p2a: Snorlax|Snorlax, L82, F|397/397\n|-damage|p2a: Snorlax|348/397|[from] Stealth Rock\n|move|p1a: Walking Wake|Hydro Steam|p2a: Snorlax\n|-damage|p2a: Snorlax|245/397\n|-damage|p1a: Walking Wake|78/100|[from] item: Life Orb\n|\n|-heal|p2a: Snorlax|269/397|[from] item: Leftovers\n|upkeep\n|turn|9\n|inactive|Time left: 300 sec this turn | 300 sec total\n|\n|t:|1783570934\n|-end|p1a: Walking Wake|Protosynthesis|[silent]\n|switch|p1a: Spiritomb|Spiritomb, L89, F|100/100\n|-damage|p1a: Spiritomb|88/100|[from] Stealth Rock\n|move|p2a: Snorlax|Body Slam|p1a: Spiritomb\n|-immune|p1a: Spiritomb\n|\n|-heal|p2a: Snorlax|293/397|[from] item: Leftovers\n|upkeep\n|turn|10\n|inactive|Time left: 300 sec this turn | 300 sec total\n|\n|t:|1783570935\n|move|p1a: Spiritomb|Foul Play|p2a: Snorlax\n|-damage|p2a: Snorlax|64/397\n|move|p2a: Snorlax|Rest|p2a: Snorlax\n|-status|p2a: Snorlax|slp|[from] move: Rest\n|-heal|p2a: Snorlax|397/397 slp|[silent]\n|\n|upkeep\n|turn|11\n|inactive|Time left: 300 sec this turn | 300 sec total\n|\n|t:|1783570936\n|switch|p2a: Toxapex|Toxapex, L82, F|216/216\n|-damage|p2a: Toxapex|189/216|[from] Stealth Rock\n|move|p1a: Spiritomb|Foul Play|p2a: Toxapex\n|-damage|p2a: Toxapex|111/216\n|-damage|p1a: Spiritomb|71/100|[from] item: Rocky Helmet|[of] p2a: Toxapex\n|\n|upkeep\n|turn|12\n|inactive|Time left: 300 sec this turn | 300 sec total\n|\n|t:|1783570937\n|move|p1a: Spiritomb|Foul Play|p2a: Toxapex\n|-damage|p2a: Toxapex|39/216\n|-damage|p1a: Spiritomb|55/100|[from] item: Rocky Helmet|[of] p2a: Toxapex\n|move|p2a: Toxapex|Recover|p2a: Toxapex\n|-heal|p2a: Toxapex|147/216\n|\n|upkeep\n|turn|13\n|inactive|Time left: 300 sec this turn | 300 sec total\n|\n|t:|1783570938\n|move|p1a: Spiritomb|Foul Play|p2a: Toxapex\n|-damage|p2a: Toxapex|71/216\n|-damage|p1a: Spiritomb|38/100|[from] item: Rocky Helmet|[of] p2a: Toxapex\n|move|p2a: Toxapex|Recover|p2a: Toxapex\n|-heal|p2a: Toxapex|179/216\n|\n|upkeep\n|turn|14\n|inactive|Time left: 300 sec this turn | 300 sec total\n|\n|t:|1783570939\n|move|p1a: Spiritomb|Foul Play|p2a: Toxapex\n|-damage|p2a: Toxapex|109/216\n|-damage|p1a: Spiritomb|21/100|[from] item: Rocky Helmet|[of] p2a: Toxapex\n|move|p2a: Toxapex|Toxic Spikes|p1a: Spiritomb\n|-sidestart|p1: p0x27718be5|move: Toxic Spikes\n|\n|upkeep\n|turn|15\n|inactive|Time left: 300 sec this turn | 300 sec total\n|\n|t:|1783570940\n|move|p1a: Spiritomb|Foul Play|p2a: Toxapex\n|-damage|p2a: Toxapex|34/216\n|-damage|p1a: Spiritomb|5/100|[from] item: Rocky Helmet|[of] p2a: Toxapex\n|move|p2a: Toxapex|Recover|p2a: Toxapex\n|-heal|p2a: Toxapex|142/216\n|\n|upkeep\n|turn|16\n|inactive|Time left: 300 sec this turn | 300 sec total\n|\n|t:|1783570941\n|move|p1a: Spiritomb|Foul Play|p2a: Toxapex\n|-damage|p2a: Toxapex|73/216\n|-damage|p1a: Spiritomb|0 fnt|[from] item: Rocky Helmet|[of] p2a: Toxapex\n|faint|p1a: Spiritomb\n|move|p2a: Toxapex|Recover|p2a: Toxapex\n|-heal|p2a: Toxapex|181/216\n|\n|upkeep\n|\n|t:|1783570942\n|switch|p1a: Mandibuzz|Mandibuzz, L85, F|100/100\n|turn|17\n|inactive|Time left: 300 sec this turn | 300 sec total\n|\n|t:|1783570943\n|move|p1a: Mandibuzz|Foul Play|p2a: Toxapex\n|-damage|p2a: Toxapex|136/216\n|-damage|p1a: Mandibuzz|84/100|[from] item: Rocky Helmet|[of] p2a: Toxapex\n|move|p2a: Toxapex|Liquidation|p1a: Mandibuzz\n|-damage|p1a: Mandibuzz|66/100\n|\n|upkeep\n|turn|18\n|inactive|Time left: 300 sec this turn | 300 sec total\n|\n|t:|1783570944\n|switch|p2a: Lucario|Lucario, L84, M|255/255\n|-damage|p2a: Lucario|248/255|[from] Stealth Rock\n|move|p1a: Mandibuzz|Roost|p1a: Mandibuzz\n|-heal|p1a: Mandibuzz|100/100\n|-singleturn|p1a: Mandibuzz|move: Roost\n|\n|upkeep\n|turn|19\n|inactive|Time left: 300 sec this turn | 300 sec total\n|\n|t:|1783570945\n|move|p2a: Lucario|Nasty Plot|p2a: Lucario\n|-boost|p2a: Lucario|spa|2\n|move|p1a: Mandibuzz|Foul Play|p2a: Lucario\n|-resisted|p2a: Lucario\n|-damage|p2a: Lucario|189/255\n|\n|upkeep\n|turn|20\n|inactive|Time left: 300 sec this turn | 300 sec total\n|\n|t:|1783570946\n|move|p2a: Lucario|Focus Blast|p1a: Mandibuzz\n|-damage|p1a: Mandibuzz|0 fnt\n|faint|p1a: Mandibuzz\n|-damage|p2a: Lucario|164/255|[from] item: Life Orb\n|\n|upkeep\n|\n|t:|1783570947\n|switch|p1a: Tauros|Tauros-Paldea-Blaze, L81, M|100/100\n|-damage|p1a: Tauros|88/100|[from] Stealth Rock\n|-status|p1a: Tauros|psn\n|turn|21\n|inactive|Time left: 300 sec this turn | 300 sec total\n|\n|t:|1783570948\n|-terastallize|p2a: Lucario|Fighting\n|move|p1a: Tauros|Close Combat|p2a: Lucario\n|-damage|p2a: Lucario|16/255\n|-unboost|p1a: Tauros|def|1\n|-unboost|p1a: Tauros|spd|1\n|move|p2a: Lucario|Focus Blast|p1a: Tauros\n|-damage|p1a: Tauros|0 fnt\n|faint|p1a: Tauros\n|-damage|p2a: Lucario|0 fnt|[from] item: Life Orb\n|faint|p2a: Lucario\n|\n|upkeep\n|inactive|Time left: 300 sec this turn | 300 sec total | 5 sec grace\n|\n|t:|1783570949\n|switch|p1a: Walking Wake|Walking Wake, L79|78/100\n|switch|p2a: Whiscash|Whiscash, L88, F|337/337\n|-damage|p1a: Walking Wake|66/100|[from] Stealth Rock\n|-status|p1a: Walking Wake|psn\n|-damage|p2a: Whiscash|316/337|[from] Stealth Rock\n|turn|22\n|inactive|Time left: 300 sec this turn | 300 sec total\n|\n|t:|1783570950\n|-terastallize|p1a: Walking Wake|Fire\n|move|p1a: Walking Wake|Draco Meteor|p2a: Whiscash\n|-damage|p2a: Whiscash|105/337\n|-unboost|p1a: Walking Wake|spa|2\n|-damage|p1a: Walking Wake|56/100 psn|[from] item: Life Orb\n|move|p2a: Whiscash|Earthquake|p1a: Walking Wake\n|-supereffective|p1a: Walking Wake\n|-damage|p1a: Walking Wake|0 fnt\n|faint|p1a: Walking Wake\n|-end|p1a: Walking Wake|Protosynthesis|[silent]\n|\n|win|p0y2771ba1f", "uploadtime": 1783570950, "views": 0, "rating": 0, "private": 0, "password": null, "_winner": "p0y2771ba1f", "_our_name": "p0y2771ba1f"}