{"id": "battle-gen9randombattle-2463", "formatid": "gen9randombattle", "format": "[Gen 9] Random Battle", "players": ["p0x246312fb", "p0y2463d0e0"], "log": "|init|battle\n|title|p0x246312fb vs. p0y2463d0e0\n|j|\u2606p0x246312fb\n|j|\u2606p0y2463d0e0\n|t:|1783567591\n|gametype|singles\n|player|p1|p0x246312fb|170|\n|player|p2|p0y2463d0e0|266|\n|gen|9\n|tier|[Gen 9] Random Battle\n|rule|Species Clause: Limit one of each Pok\u00e9mon\n|rule|HP Percentage Mod: HP is shown in percentages\n|rule|Sleep Clause Mod: Limit one foe put to sleep\n|rule|Illusion Level Mod: Illusion disguises the Pok\u00e9mon's true level\n|\n|t:|1783567591\n|teamsize|p1|6\n|teamsize|p2|6\n|start\n|switch|p1a: Dusknoir|Dusknoir, L89, M|225/225\n|switch|p2a: Golduck|Golduck, L90, F|100/100\n|-ability|p2a: Golduck|Cloud Nine\n|-item|p2a: Golduck|Leftovers|[from] ability: Frisk|[of] p1a: Dusknoir\n|turn|1\n|inactive|Battle timer is ON: inactive players will automatically lose when time's up. (requested by p0y2463d0e0)\n|inactive|Time left: 300 sec this turn | 300 sec total | 60 sec grace\n|inactive|p0x246312fb also wants the timer to be on.\n|\n|t:|1783567592\n|move|p2a: Golduck|Nasty Plot|p2a: Golduck\n|-boost|p2a: Golduck|spa|2\n|move|p1a: Dusknoir|Poltergeist|p2a: Golduck\n|-activate|p2a: Golduck|move: Poltergeist|Leftovers\n|-damage|p2a: Golduck|55/100\n|\n|-heal|p2a: Golduck|61/100|[from] item: Leftovers\n|upkeep\n|turn|2\n|inactive|Time left: 300 sec this turn | 300 sec total\n|\n|t:|1783567593\n|-terastallize|p2a: Golduck|Water\n|move|p2a: Golduck|Hydro Pump|p1a: Dusknoir|[miss]\n|-miss|p2a: Golduck|p1a: Dusknoir\n|move|p1a: Dusknoir|Poltergeist|p2a: Golduck\n|-activate|p2a: Golduck|move: Poltergeist|Leftovers\n|-damage|p2a: Golduck|17/100\n|\n|-heal|p2a: Golduck|23/100|[from] item: Leftovers\n|upkeep\n|turn|3\n|inactive|Time left: 300 sec this turn | 300 sec total\n|\n|t:|1783567594\n|switch|p1a: Gogoat|Gogoat, L88, M|360/360\n|move|p2a: Golduck|Hydro Pump|p1a: Gogoat\n|-resisted|p1a: Gogoat\n|-damage|p1a: Gogoat|182/360\n|\n|-heal|p2a: Golduck|29/100|[from] item: Leftovers\n|-heal|p1a: Gogoat|204/360|[from] item: Leftovers\n|upkeep\n|turn|4\n|inactive|Time left: 300 sec this turn | 300 sec total\n|\n|t:|1783567595\n|-terastallize|p1a: Gogoat|Water\n|move|p2a: Golduck|Hydro Pump|p1a: Gogoat\n|-resisted|p1a: Gogoat\n|-crit|p1a: Gogoat\n|-damage|p1a: Gogoat|0 fnt\n|faint|p1a: Gogoat\n|\n|-heal|p2a: Golduck|35/100|[from] item: Leftovers\n|upkeep\n|inactive|Time left: 300 sec this turn | 300 sec total | 5 sec grace\n|\n|t:|1783567596\n|switch|p1a: Misdreavus|Misdreavus, L90, M|254/254\n|turn|5\n|inactive|Time left: 300 sec this turn | 300 sec total\n|\n|t:|1783567597\n|move|p2a: Golduck|Hydro Pump|p1a: Misdreavus\n|-damage|p1a: Misdreavus|46/254\n|move|p1a: Misdreavus|Calm Mind|p1a: Misdreavus\n|-boost|p1a: Misdreavus|spa|1\n|-boost|p1a: Misdreavus|spd|1\n|\n|-heal|p2a: Golduck|42/100|[from] item: Leftovers\n|upkeep\n|turn|6\n|inactive|Time left: 300 sec this turn | 300 sec total\n|\n|t:|1783567598\n|move|p1a: Misdreavus|Shadow Ball|p2a: Golduck\n|-damage|p2a: Golduck|0 fnt\n|faint|p2a: Golduck\n|\n|upkeep\n|\n|t:|1783567598\n|switch|p2a: Baxcalibur|Baxcalibur, L75, M|100/100\n|turn|7\n|inactive|Time left: 300 sec this turn | 300 sec total\n|\n|t:|1783567599\n|move|p2a: Baxcalibur|Ice Shard|p1a: Misdreavus\n|-damage|p1a: Misdreavus|0 fnt\n|faint|p1a: Misdreavus\n|\n|upkeep\n|inactive|Time left: 300 sec this turn | 300 sec total | 5 sec grace\n|\n|t:|1783567600\n|switch|p1a: Ninetales|Ninetales, L85, M|263/263\n|-weather|SunnyDay|[from] ability: Drought|[of] p1a: Ninetales\n|turn|8\n|inactive|Time left: 300 sec this turn | 300 sec total\n|\n|t:|1783567601\n|switch|p2a: Garchomp|Garchomp, L74, M|100/100\n|move|p1a: Ninetales|Nasty Plot|p1a: Ninetales\n|-boost|p1a: Ninetales|spa|2\n|\n|-weather|SunnyDay|[upkeep]\n|upkeep\n|turn|9\n|inactive|Time left: 300 sec this turn | 300 sec total\n|\n|t:|1783567602\n|move|p1a: Ninetales|Fire Blast|p2a: Garchomp\n|-resisted|p2a: Garchomp\n|-damage|p2a: Garchomp|31/100\n|move|p2a: Garchomp|Earthquake|p1a: Ninetales\n|-supereffective|p1a: Ninetales\n|-damage|p1a: Ninetales|35/263\n|\n|-weather|SunnyDay|[upkeep]\n|upkeep\n|turn|10\n|inactive|Time left: 300 sec this turn | 300 sec total\n|\n|t:|1783567603\n|move|p1a: Ninetales|Fire Blast|p2a: Garchomp\n|-resisted|p2a: Garchomp\n|-damage|p2a: Garchomp|0 fnt\n|faint|p2a: Garchomp\n|\n|-weather|SunnyDay|[upkeep]\n|upkeep\n|\n|t:|1783567604\n|switch|p2a: Sneasler|Sneasler, L74, F|100/100\n|turn|11\n|inactive|Time left: 300 sec this turn | 300 sec total\n|\n|t:|1783567605\n|move|p2a: Sneasler|Close Combat|p1a: Ninetales\n|-damage|p1a: Ninetales|0 fnt\n|-unboost|p2a: Sneasler|def|1\n|-unboost|p2a: Sneasler|spd|1\n|faint|p1a: Ninetales\n|-enditem|p2a: Sneasler|White Herb\n|-clearnegativeboost|p2a: Sneasler|[silent]\n|\n|-weather|SunnyDay|[upkeep]\n|upkeep\n|inactive|Time left: 300 sec this turn | 300 sec total | 5 sec grace\n|\n|t:|1783567606\n|switch|p1a: Salamence|Salamence, L77, F|273/273\n|turn|12\n|inactive|Time left: 300 sec this turn | 300 sec total\n|\n|t:|1783567607\n|switch|p2a: Azumarill|Azumarill, L82, F|100/100\n|move|p1a: Salamence|Outrage|p2a: Azumarill\n|-immune|p2a: Azumarill\n|\n|-weather|none\n|upkeep\n|turn|13\n|inactive|Time left: 300 sec this turn | 300 sec total\n|\n|t:|1783567608\n|move|p1a: Salamence|Dual Wingbeat|p2a: Azumarill\n|-damage|p2a: Azumarill|83/100\n|-damage|p2a: Azumarill|67/100\n|-hitcount|p2a: Azumarill|2\n|move|p2a: Azumarill|Belly Drum|p2a: Azumarill\n|-damage|p2a: Azumarill|17/100\n|-setboost|p2a: Azumarill|atk|6|[from] move: Belly Drum\n|-enditem|p2a: Azumarill|Sitrus Berry|[eat]\n|-heal|p2a: Azumarill|42/100|[from] item: Sitrus Berry\n|\n|upkeep\n|turn|14\n|inactive|Time left: 300 sec this turn | 300 sec total\n|\n|t:|1783567609\n|move|p1a: Salamence|Dual Wingbeat|p2a: Azumarill\n|-damage|p2a: Azumarill|25/100\n|-damage|p2a: Azumarill|7/100\n|-hitcount|p2a: Azumarill|2\n|move|p2a: Azumarill|Liquidation|p1a: Salamence\n|-resisted|p1a: Salamence\n|-damage|p1a: Salamence|19/273\n|\n|upkeep\n|turn|15\n|inactive|Time left: 300 sec this turn | 300 sec total\n|\n|t:|1783567610\n|move|p2a: Azumarill|Aqua Jet|p1a: Salamence\n|-resisted|p1a: Salamence\n|-damage|p1a: Salamence|0 fnt\n|faint|p1a: Salamence\n|\n|upkeep\n|inactive|Time left: 300 sec this turn | 300 sec total | 5 sec grace\n|\n|t:|1783567611\n|switch|p1a: Dusknoir|Dusknoir, L89, M|225/225\n|turn|16\n|inactive|Time left: 300 sec this turn | 300 sec total\n|\n|t:|1783567612\n|move|p1a: Dusknoir|Shadow Sneak|p2a: Azumarill\n|-damage|p2a: Azumarill|0 fnt\n|faint|p2a: Azumarill\n|\n|upkeep\n|\n|t:|1783567613\n|switch|p2a: Baxcalibur|Baxcalibur, L75, M|100/100\n|turn|17\n|inactive|Time left: 300 sec this turn | 300 sec total\n|\n|t:|1783567614\n|move|p2a: Baxcalibur|Glaive Rush|p1a: Dusknoir\n|-damage|p1a: Dusknoir|87/225\n|-singlemove|p2a: Baxcalibur|Glaive Rush|[silent]\n|move|p1a: Dusknoir|Poltergeist|p2a: Baxcalibur\n|-activate|p2a: Baxcalibur|move: Poltergeist|Choice Band\n|-damage|p2a: Baxcalibur|3/100\n|\n|-heal|p1a: Dusknoir|101/225|[from] item: Leftovers\n|upkeep\n|turn|18\n|inactive|Time left: 300 sec this turn | 300 sec total\n|\n|t:|1783567615\n|move|p1a: Dusknoir|Shadow Sneak|p2a: Baxcalibur\n|-damage|p2a: Baxcalibur|0 fnt\n|faint|p2a: Baxcalibur\n|\n|-heal|p1a: Dusknoir|115/225|[from] item: Leftovers\n|upkeep\n|\n|t:|1783567615\n|switch|p2a: Kleavor|Kleavor, L78, F|100/100\n|turn|19\n|inactive|Time left: 300 sec this turn | 300 sec total\n|\n|t:|1783567616\n|move|p2a: Kleavor|Stone Axe|p1a: Dusknoir\n|-damage|p1a: Dusknoir|0 fnt\n|-sidestart|p1: p0x246312fb|move: Stealth Rock\n|faint|p1a: Dusknoir\n|\n|upkeep\n|inactive|Time left: 300 sec this turn | 300 sec total | 5 sec grace\n|\n|t:|1783567617\n|switch|p1a: Reshiram|Reshiram, L76|277/277\n|-ability|p1a: Reshiram|Turboblaze\n|turn|20\n|inactive|Time left: 300 sec this turn | 300 sec total\n|\n|t:|1783567618\n|move|p1a: Reshiram|Blue Flare|p2a: Kleavor\n|-damage|p2a: Kleavor|7/100\n|move|p2a: Kleavor|Stone Axe|p1a: Reshiram\n|-supereffective|p1a: Reshiram\n|-damage|p1a: Reshiram|0 fnt\n|faint|p1a: Reshiram\n|\n|win|p0y2463d0e0", "uploadtime": 1783567618, "views": 0, "rating": 0, "private": 0, "password": null, "_winner": "p0y2463d0e0", "_our_name": "p0x246312fb"}