{"id": "battle-gen9randombattle-1773", "formatid": "gen9randombattle", "format": "[Gen 9] Random Battle", "players": ["p0x1773d578", "p0y177348c6"], "log": "|init|battle\n|title|p0x1773d578 vs. p0y177348c6\n|j|\u2606p0x1773d578\n|j|\u2606p0y177348c6\n|t:|1783560558\n|gametype|singles\n|player|p1|p0x1773d578|101|\n|player|p2|p0y177348c6|102|\n|gen|9\n|tier|[Gen 9] Random Battle\n|rule|Species Clause: Limit one of each Pok\u00e9mon\n|rule|HP Percentage Mod: HP is shown in percentages\n|rule|Sleep Clause Mod: Limit one foe put to sleep\n|rule|Illusion Level Mod: Illusion disguises the Pok\u00e9mon's true level\n|\n|t:|1783560558\n|teamsize|p1|6\n|teamsize|p2|6\n|start\n|switch|p1a: Wigglytuff|Wigglytuff, L96, M|100/100\n|switch|p2a: Lokix|Lokix, L82, F|251/251\n|turn|1\n|inactive|Battle timer is ON: inactive players will automatically lose when time's up. (requested by p0x1773d578)\n|inactive|Time left: 300 sec this turn | 300 sec total | 60 sec grace\n|inactive|p0y177348c6 also wants the timer to be on.\n|\n|t:|1783560559\n|switch|p2a: Chi-Yu|Chi-Yu, L77|211/211\n|-ability|p2a: Chi-Yu|Beads of Ruin\n|move|p1a: Wigglytuff|Alluring Voice|p2a: Chi-Yu\n|-damage|p2a: Chi-Yu|120/211\n|\n|upkeep\n|turn|2\n|inactive|Time left: 300 sec this turn | 300 sec total\n|\n|t:|1783560560\n|move|p2a: Chi-Yu|Fire Blast|p1a: Wigglytuff\n|-damage|p1a: Wigglytuff|52/100\n|move|p1a: Wigglytuff|Alluring Voice|p2a: Chi-Yu\n|-crit|p2a: Chi-Yu\n|-damage|p2a: Chi-Yu|0 fnt\n|faint|p2a: Chi-Yu\n|\n|-heal|p1a: Wigglytuff|58/100|[from] item: Leftovers\n|upkeep\n|inactive|Time left: 300 sec this turn | 300 sec total | 5 sec grace\n|\n|t:|1783560560\n|switch|p2a: Inteleon|Inteleon, L81, F|246/246\n|turn|3\n|inactive|Time left: 300 sec this turn | 300 sec total\n|\n|t:|1783560561\n|move|p1a: Wigglytuff|Protect|p1a: Wigglytuff\n|-singleturn|p1a: Wigglytuff|Protect\n|move|p2a: Inteleon|Hydro Pump|p1a: Wigglytuff\n|-activate|p1a: Wigglytuff|move: Protect\n|\n|-heal|p1a: Wigglytuff|64/100|[from] item: Leftovers\n|upkeep\n|turn|4\n|inactive|Time left: 300 sec this turn | 300 sec total\n|\n|t:|1783560562\n|move|p2a: Inteleon|Hydro Pump|p1a: Wigglytuff\n|-damage|p1a: Wigglytuff|0 fnt\n|faint|p1a: Wigglytuff\n|\n|upkeep\n|\n|t:|1783560563\n|switch|p1a: Lanturn|Lanturn, L89, M|100/100\n|turn|5\n|inactive|Time left: 300 sec this turn | 300 sec total\n|\n|t:|1783560564\n|move|p2a: Inteleon|Hydro Pump|p1a: Lanturn\n|-resisted|p1a: Lanturn\n|-damage|p1a: Lanturn|73/100\n|move|p1a: Lanturn|Thunderbolt|p2a: Inteleon\n|-supereffective|p2a: Inteleon\n|-damage|p2a: Inteleon|10/246\n|\n|upkeep\n|turn|6\n|inactive|Time left: 300 sec this turn | 300 sec total\n|\n|t:|1783560565\n|move|p2a: Inteleon|Hydro Pump|p1a: Lanturn\n|-resisted|p1a: Lanturn\n|-damage|p1a: Lanturn|27/100\n|move|p1a: Lanturn|Volt Switch|p2a: Inteleon\n|-supereffective|p2a: Inteleon\n|-damage|p2a: Inteleon|0 fnt\n|faint|p2a: Inteleon\n|\n|t:|1783560566\n|switch|p1a: Mimikyu|Mimikyu, L79, M|100/100|[from] Volt Switch\n|\n|upkeep\n|inactive|Time left: 300 sec this turn | 300 sec total | 10 sec grace\n|\n|t:|1783560566\n|switch|p2a: Dachsbun|Dachsbun, L92, M|254/254\n|turn|7\n|inactive|Time left: 300 sec this turn | 300 sec total\n|\n|t:|1783560568\n|move|p2a: Dachsbun|Play Rough|p1a: Mimikyu\n|-activate|p1a: Mimikyu|ability: Disguise\n|-damage|p1a: Mimikyu|100/100\n|detailschange|p1a: Mimikyu|Mimikyu-Busted, L79, M\n|-damage|p1a: Mimikyu|88/100|[from] pokemon: Mimikyu-Busted\n|move|p1a: Mimikyu|Swords Dance|p1a: Mimikyu\n|-boost|p1a: Mimikyu|atk|2\n|\n|upkeep\n|turn|8\n|inactive|Time left: 300 sec this turn | 300 sec total\n|\n|t:|1783560568\n|move|p2a: Dachsbun|Play Rough|p1a: Mimikyu\n|-damage|p1a: Mimikyu|38/100\n|move|p1a: Mimikyu|Play Rough|p2a: Dachsbun\n|-damage|p2a: Dachsbun|112/254\n|-damage|p1a: Mimikyu|28/100|[from] item: Life Orb\n|\n|-heal|p2a: Dachsbun|127/254|[from] item: Leftovers\n|upkeep\n|turn|9\n|inactive|Time left: 300 sec this turn | 300 sec total\n|\n|t:|1783560569\n|move|p2a: Dachsbun|Play Rough|p1a: Mimikyu\n|-damage|p1a: Mimikyu|0 fnt\n|faint|p1a: Mimikyu\n|\n|-heal|p2a: Dachsbun|142/254|[from] item: Leftovers\n|upkeep\n|\n|t:|1783560570\n|switch|p1a: Oricorio|Oricorio-Pa'u, L87, F|100/100\n|turn|10\n|inactive|Time left: 300 sec this turn | 300 sec total\n|\n|t:|1783560571\n|move|p2a: Dachsbun|Yawn|p1a: Oricorio\n|-start|p1a: Oricorio|move: Yawn|[of] p2a: Dachsbun\n|move|p1a: Oricorio|Quiver Dance|p1a: Oricorio\n|-boost|p1a: Oricorio|spa|1\n|-boost|p1a: Oricorio|spd|1\n|-boost|p1a: Oricorio|spe|1\n|\n|-heal|p2a: Dachsbun|157/254|[from] item: Leftovers\n|upkeep\n|turn|11\n|inactive|Time left: 300 sec this turn | 300 sec total\n|\n|t:|1783560572\n|move|p2a: Dachsbun|Protect|p2a: Dachsbun\n|-singleturn|p2a: Dachsbun|Protect\n|move|p1a: Oricorio|Hurricane|p2a: Dachsbun\n|-activate|p2a: Dachsbun|move: Protect\n|\n|-heal|p2a: Dachsbun|172/254|[from] item: Leftovers\n|-end|p1a: Oricorio|move: Yawn|[silent]\n|-status|p1a: Oricorio|slp\n|upkeep\n|turn|12\n|inactive|Time left: 300 sec this turn | 300 sec total\n|\n|t:|1783560573\n|cant|p1a: Oricorio|slp\n|move|p2a: Dachsbun|Play Rough|p1a: Oricorio\n|-damage|p1a: Oricorio|60/100 slp\n|\n|-heal|p2a: Dachsbun|187/254|[from] item: Leftovers\n|upkeep\n|turn|13\n|inactive|Time left: 300 sec this turn | 300 sec total\n|\n|t:|1783560574\n|-curestatus|p1a: Oricorio|slp|[msg]\n|move|p1a: Oricorio|Quiver Dance|p1a: Oricorio\n|-boost|p1a: Oricorio|spa|1\n|-boost|p1a: Oricorio|spd|1\n|-boost|p1a: Oricorio|spe|1\n|move|p2a: Dachsbun|Play Rough|p1a: Oricorio|[miss]\n|-miss|p2a: Dachsbun|p1a: Oricorio\n|\n|-heal|p2a: Dachsbun|202/254|[from] item: Leftovers\n|upkeep\n|turn|14\n|inactive|Time left: 300 sec this turn | 300 sec total\n|\n|t:|1783560575\n|move|p1a: Oricorio|Hurricane|p2a: Dachsbun\n|-damage|p2a: Dachsbun|0 fnt\n|faint|p2a: Dachsbun\n|\n|upkeep\n|inactive|Time left: 300 sec this turn | 300 sec total | 5 sec grace\n|\n|t:|1783560575\n|switch|p2a: Lokix|Lokix, L82, F|251/251\n|turn|15\n|inactive|Time left: 300 sec this turn | 300 sec total\n|\n|t:|1783560576\n|-terastallize|p1a: Oricorio|Ground\n|-terastallize|p2a: Lokix|Dark\n|move|p2a: Lokix|Sucker Punch|p1a: Oricorio\n|-crit|p1a: Oricorio\n|-damage|p1a: Oricorio|0 fnt\n|faint|p1a: Oricorio\n|-damage|p2a: Lokix|226/251|[from] item: Life Orb\n|\n|upkeep\n|\n|t:|1783560577\n|switch|p1a: Pachirisu|Pachirisu, L96, F|100/100\n|turn|16\n|inactive|Time left: 300 sec this turn | 300 sec total\n|\n|t:|1783560578\n|move|p1a: Pachirisu|Nuzzle|p2a: Lokix\n|-damage|p2a: Lokix|208/251\n|-status|p2a: Lokix|par\n|move|p2a: Lokix|Knock Off|p1a: Pachirisu\n|-damage|p1a: Pachirisu|38/100\n|-enditem|p1a: Pachirisu|Assault Vest|[from] move: Knock Off|[of] p2a: Lokix\n|-damage|p2a: Lokix|183/251 par|[from] item: Life Orb\n|\n|upkeep\n|turn|17\n|inactive|Time left: 300 sec this turn | 300 sec total\n|\n|t:|1783560579\n|move|p2a: Lokix|Sucker Punch|p1a: Pachirisu\n|-damage|p1a: Pachirisu|0 fnt\n|faint|p1a: Pachirisu\n|-damage|p2a: Lokix|158/251 par|[from] item: Life Orb\n|\n|upkeep\n|\n|t:|1783560580\n|switch|p1a: Weavile|Weavile, L79, F|100/100\n|turn|18\n|inactive|Time left: 300 sec this turn | 300 sec total\n|\n|t:|1783560581\n|move|p1a: Weavile|Triple Axel|p2a: Lokix|[miss]\n|-miss|p1a: Weavile|p2a: Lokix\n|move|p2a: Lokix|Leech Life|p1a: Weavile\n|-supereffective|p1a: Weavile\n|-damage|p1a: Weavile|0 fnt\n|-heal|p2a: Lokix|251/251 par|[from] drain|[of] p1a: Weavile\n|faint|p1a: Weavile\n|-damage|p2a: Lokix|226/251 par|[from] item: Life Orb\n|\n|upkeep\n|\n|t:|1783560581\n|switch|p1a: Lanturn|Lanturn, L89, M|27/100\n|turn|19\n|inactive|Time left: 300 sec this turn | 300 sec total\n|\n|t:|1783560582\n|move|p1a: Lanturn|Thunderbolt|p2a: Lokix\n|-damage|p2a: Lokix|100/251 par\n|move|p2a: Lokix|Knock Off|p1a: Lanturn\n|-damage|p1a: Lanturn|0 fnt\n|-enditem|p1a: Lanturn|Heavy-Duty Boots|[from] move: Knock Off|[of] p2a: Lokix\n|faint|p1a: Lanturn\n|-damage|p2a: Lokix|75/251 par|[from] item: Life Orb\n|\n|win|p0y177348c6", "uploadtime": 1783560582, "views": 0, "rating": 0, "private": 0, "password": null, "_winner": "p0y177348c6", "_our_name": "p0y177348c6"}