{"id": "battle-gen9randombattle-1275", "formatid": "gen9randombattle", "format": "[Gen 9] Random Battle", "players": ["p0x1275ba2a", "p0y127505bc"], "log": "|init|battle\n|title|p0x1275ba2a vs. p0y127505bc\n|j|\u2606p0x1275ba2a\n|j|\u2606p0y127505bc\n|t:|1783553909\n|gametype|singles\n|player|p1|p0x1275ba2a|2|\n|player|p2|p0y127505bc|170|\n|gen|9\n|tier|[Gen 9] Random Battle\n|rule|Species Clause: Limit one of each Pok\u00e9mon\n|rule|HP Percentage Mod: HP is shown in percentages\n|rule|Sleep Clause Mod: Limit one foe put to sleep\n|rule|Illusion Level Mod: Illusion disguises the Pok\u00e9mon's true level\n|\n|t:|1783553909\n|teamsize|p1|6\n|teamsize|p2|6\n|start\n|switch|p1a: Lilligant|Lilligant, L86, F|100/100\n|switch|p2a: Overqwil|Overqwil, L82, F|274/274\n|-ability|p2a: Overqwil|Intimidate|boost\n|-unboost|p1a: Lilligant|atk|1\n|turn|1\n|inactive|Battle timer is ON: inactive players will automatically lose when time's up. (requested by p0y127505bc)\n|\n|t:|1783553911\n|move|p1a: Lilligant|Sleep Powder|p2a: Overqwil\n|-status|p2a: Overqwil|slp|[from] move: Sleep Powder\n|cant|p2a: Overqwil|slp\n|\n|upkeep\n|turn|2\n|inactive|Time left: 300 sec this turn | 300 sec total\n|inactive|p0x1275ba2a also wants the timer to be on.\n|\n|t:|1783553912\n|move|p1a: Lilligant|Quiver Dance|p1a: Lilligant\n|-boost|p1a: Lilligant|spa|1\n|-boost|p1a: Lilligant|spd|1\n|-boost|p1a: Lilligant|spe|1\n|cant|p2a: Overqwil|slp\n|\n|upkeep\n|turn|3\n|inactive|Time left: 300 sec this turn | 300 sec total\n|\n|t:|1783553913\n|switch|p2a: Goodra|Goodra-Hisui, L82, M|265/265\n|move|p1a: Lilligant|Giga Drain|p2a: Goodra\n|-ability|p2a: Goodra|Sap Sipper|boost\n|-boost|p2a: Goodra|atk|1\n|\n|upkeep\n|turn|4\n|inactive|Time left: 300 sec this turn | 300 sec total\n|\n|t:|1783553914\n|move|p1a: Lilligant|Quiver Dance|p1a: Lilligant\n|-boost|p1a: Lilligant|spa|1\n|-boost|p1a: Lilligant|spd|1\n|-boost|p1a: Lilligant|spe|1\n|move|p2a: Goodra|Heavy Slam|p1a: Lilligant\n|-damage|p1a: Lilligant|25/100\n|\n|upkeep\n|turn|5\n|inactive|Time left: 300 sec this turn | 300 sec total\n|\n|t:|1783553915\n|move|p1a: Lilligant|Tera Blast|p2a: Goodra\n|-resisted|p2a: Goodra\n|-damage|p2a: Goodra|229/265\n|-damage|p1a: Lilligant|15/100|[from] item: Life Orb\n|move|p2a: Goodra|Heavy Slam|p1a: Lilligant\n|-damage|p1a: Lilligant|0 fnt\n|faint|p1a: Lilligant\n|\n|upkeep\n|\n|t:|1783553917\n|switch|p1a: Flamigo|Flamigo, L82, M|100/100\n|turn|6\n|inactive|Time left: 300 sec this turn | 300 sec total\n|\n|t:|1783553918\n|move|p1a: Flamigo|Close Combat|p2a: Goodra\n|-supereffective|p2a: Goodra\n|-crit|p2a: Goodra\n|-damage|p2a: Goodra|0 fnt\n|-unboost|p1a: Flamigo|def|1\n|-unboost|p1a: Flamigo|spd|1\n|faint|p2a: Goodra\n|\n|upkeep\n|inactive|Time left: 300 sec this turn | 300 sec total | 5 sec grace\n|\n|t:|1783553919\n|switch|p2a: Clodsire|Clodsire, L81, F|343/343\n|turn|7\n|inactive|Time left: 300 sec this turn | 300 sec total\n|\n|t:|1783553920\n|move|p1a: Flamigo|Close Combat|p2a: Clodsire\n|-resisted|p2a: Clodsire\n|-damage|p2a: Clodsire|208/343\n|-unboost|p1a: Flamigo|def|1\n|-unboost|p1a: Flamigo|spd|1\n|move|p2a: Clodsire|Poison Jab|p1a: Flamigo\n|-crit|p1a: Flamigo\n|-damage|p1a: Flamigo|16/100\n|\n|-heal|p2a: Clodsire|229/343|[from] item: Leftovers\n|upkeep\n|turn|8\n|inactive|Time left: 300 sec this turn | 300 sec total\n|\n|t:|1783553922\n|move|p1a: Flamigo|Close Combat|p2a: Clodsire\n|-resisted|p2a: Clodsire\n|-damage|p2a: Clodsire|83/343\n|-unboost|p1a: Flamigo|def|1\n|-unboost|p1a: Flamigo|spd|1\n|move|p2a: Clodsire|Recover|p2a: Clodsire\n|-heal|p2a: Clodsire|255/343\n|\n|-heal|p2a: Clodsire|276/343|[from] item: Leftovers\n|upkeep\n|turn|9\n|inactive|Time left: 300 sec this turn | 300 sec total\n|\n|t:|1783553923\n|move|p1a: Flamigo|Close Combat|p2a: Clodsire\n|-resisted|p2a: Clodsire\n|-damage|p2a: Clodsire|141/343\n|-unboost|p1a: Flamigo|def|1\n|-unboost|p1a: Flamigo|spd|1\n|move|p2a: Clodsire|Toxic Spikes|p1a: Flamigo\n|-sidestart|p1: p0x1275ba2a|move: Toxic Spikes\n|\n|-heal|p2a: Clodsire|162/343|[from] item: Leftovers\n|upkeep\n|turn|10\n|inactive|Time left: 300 sec this turn | 300 sec total\n|\n|t:|1783553924\n|move|p1a: Flamigo|Close Combat|p2a: Clodsire\n|-resisted|p2a: Clodsire\n|-damage|p2a: Clodsire|27/343\n|-unboost|p1a: Flamigo|def|1\n|-unboost|p1a: Flamigo|spd|1\n|move|p2a: Clodsire|Recover|p2a: Clodsire\n|-heal|p2a: Clodsire|199/343\n|\n|-heal|p2a: Clodsire|220/343|[from] item: Leftovers\n|upkeep\n|turn|11\n|inactive|Time left: 300 sec this turn | 300 sec total\n|\n|t:|1783553925\n|move|p1a: Flamigo|Close Combat|p2a: Clodsire\n|-resisted|p2a: Clodsire\n|-damage|p2a: Clodsire|88/343\n|-unboost|p1a: Flamigo|def|1\n|-unboost|p1a: Flamigo|spd|1\n|move|p2a: Clodsire|Recover|p2a: Clodsire\n|-heal|p2a: Clodsire|260/343\n|\n|-heal|p2a: Clodsire|281/343|[from] item: Leftovers\n|upkeep\n|turn|12\n|inactive|Time left: 300 sec this turn | 300 sec total\n|\n|t:|1783553926\n|move|p1a: Flamigo|Close Combat|p2a: Clodsire\n|-resisted|p2a: Clodsire\n|-damage|p2a: Clodsire|153/343\n|move|p2a: Clodsire|Earthquake|p1a: Flamigo\n|-immune|p1a: Flamigo\n|\n|-heal|p2a: Clodsire|174/343|[from] item: Leftovers\n|upkeep\n|turn|13\n|inactive|Time left: 300 sec this turn | 300 sec total\n|\n|t:|1783553927\n|move|p1a: Flamigo|Close Combat|p2a: Clodsire\n|-resisted|p2a: Clodsire\n|-damage|p2a: Clodsire|37/343\n|move|p2a: Clodsire|Recover|p2a: Clodsire\n|-heal|p2a: Clodsire|209/343\n|\n|-heal|p2a: Clodsire|230/343|[from] item: Leftovers\n|upkeep\n|turn|14\n|inactive|Time left: 300 sec this turn | 300 sec total\n|\n|t:|1783553928\n|-activate|p1a: Flamigo|move: Struggle\n|move|p1a: Flamigo|Struggle|p2a: Clodsire\n|-damage|p2a: Clodsire|146/343\n|-damage|p1a: Flamigo|0 fnt|[from] recoil\n|faint|p1a: Flamigo\n|move|p2a: Clodsire|Poison Jab|p1: Flamigo|[notarget]\n|-fail|p2a: Clodsire\n|\n|-heal|p2a: Clodsire|167/343|[from] item: Leftovers\n|upkeep\n|\n|t:|1783553929\n|switch|p1a: Kleavor|Kleavor, L78, F|100/100\n|turn|15\n|inactive|Time left: 300 sec this turn | 300 sec total\n|\n|t:|1783553931\n|move|p1a: Kleavor|Swords Dance|p1a: Kleavor\n|-boost|p1a: Kleavor|atk|2\n|move|p2a: Clodsire|Recover|p2a: Clodsire\n|-heal|p2a: Clodsire|339/343\n|\n|-heal|p2a: Clodsire|343/343|[from] item: Leftovers\n|upkeep\n|turn|16\n|inactive|Time left: 300 sec this turn | 300 sec total\n|\n|t:|1783553932\n|move|p1a: Kleavor|Stone Axe|p2a: Clodsire\n|-resisted|p2a: Clodsire\n|-damage|p2a: Clodsire|182/343\n|-sidestart|p2: p0y127505bc|move: Stealth Rock\n|move|p2a: Clodsire|Poison Jab|p1a: Kleavor\n|-resisted|p1a: Kleavor\n|-damage|p1a: Kleavor|88/100\n|\n|-heal|p2a: Clodsire|203/343|[from] item: Leftovers\n|upkeep\n|turn|17\n|inactive|Time left: 300 sec this turn | 300 sec total\n|\n|t:|1783553933\n|move|p1a: Kleavor|X-Scissor|p2a: Clodsire\n|-resisted|p2a: Clodsire\n|-damage|p2a: Clodsire|19/343\n|move|p2a: Clodsire|Recover|p2a: Clodsire\n|-heal|p2a: Clodsire|191/343\n|\n|-heal|p2a: Clodsire|212/343|[from] item: Leftovers\n|upkeep\n|turn|18\n|inactive|Time left: 300 sec this turn | 300 sec total\n|\n|t:|1783553934\n|move|p1a: Kleavor|X-Scissor|p2a: Clodsire\n|-resisted|p2a: Clodsire\n|-crit|p2a: Clodsire\n|-damage|p2a: Clodsire|0 fnt\n|faint|p2a: Clodsire\n|\n|upkeep\n|inactive|Time left: 300 sec this turn | 300 sec total | 5 sec grace\n|\n|t:|1783553935\n|switch|p2a: Overqwil|Overqwil, L82, F|274/274 slp\n|-damage|p2a: Overqwil|240/274 slp|[from] Stealth Rock\n|-ability|p2a: Overqwil|Intimidate|boost\n|-unboost|p1a: Kleavor|atk|1\n|turn|19\n|inactive|Time left: 300 sec this turn | 300 sec total\n|\n|t:|1783553936\n|-curestatus|p2a: Overqwil|slp|[msg]\n|move|p2a: Overqwil|Swords Dance|p2a: Overqwil\n|-boost|p2a: Overqwil|atk|2\n|move|p1a: Kleavor|X-Scissor|p2a: Overqwil\n|-crit|p2a: Overqwil\n|-damage|p2a: Overqwil|0 fnt\n|faint|p2a: Overqwil\n|\n|upkeep\n|inactive|Time left: 300 sec this turn | 300 sec total | 5 sec grace\n|\n|t:|1783553937\n|switch|p2a: Slither Wing|Slither Wing, L81|270/270\n|turn|20\n|inactive|Time left: 300 sec this turn | 300 sec total\n|\n|t:|1783553938\n|move|p2a: Slither Wing|Will-O-Wisp|p1a: Kleavor\n|-status|p1a: Kleavor|brn\n|move|p1a: Kleavor|Stone Axe|p2a: Slither Wing\n|-damage|p2a: Slither Wing|178/270\n|\n|-damage|p1a: Kleavor|82/100 brn|[from] brn\n|upkeep\n|turn|21\n|inactive|Time left: 300 sec this turn | 300 sec total\n|\n|t:|1783553939\n|move|p2a: Slither Wing|Morning Sun|p2a: Slither Wing\n|-heal|p2a: Slither Wing|270/270\n|move|p1a: Kleavor|X-Scissor|p2a: Slither Wing\n|-resisted|p2a: Slither Wing\n|-damage|p2a: Slither Wing|212/270\n|\n|-damage|p1a: Kleavor|76/100 brn|[from] brn\n|upkeep\n|turn|22\n|inactive|Time left: 300 sec this turn | 300 sec total\n|\n|t:|1783553941\n|move|p2a: Slither Wing|U-turn|p1a: Kleavor\n|-crit|p1a: Kleavor\n|-damage|p1a: Kleavor|17/100 brn\n|inactive|Time left: 300 sec this turn | 300 sec total | 5 sec grace\n|\n|t:|1783553942\n|-end|p2a: Slither Wing|Protosynthesis|[silent]\n|switch|p2a: Trevenant|Trevenant, L89, M|296/296|[from] U-turn\n|-damage|p2a: Trevenant|259/296|[from] Stealth Rock\n|move|p1a: Kleavor|Stone Axe|p2a: Trevenant\n|-damage|p2a: Trevenant|175/296\n|\n|-damage|p1a: Kleavor|11/100 brn|[from] brn\n|upkeep\n|turn|23\n|inactive|Time left: 300 sec this turn | 300 sec total\n|\n|t:|1783553943\n|move|p1a: Kleavor|X-Scissor|p2a: Trevenant\n|-damage|p2a: Trevenant|59/296\n|move|p2a: Trevenant|Rest|p2a: Trevenant\n|-status|p2a: Trevenant|slp|[from] move: Rest\n|-heal|p2a: Trevenant|296/296 slp|[silent]\n|\n|-damage|p1a: Kleavor|6/100 brn|[from] brn\n|upkeep\n|turn|24\n|inactive|Time left: 300 sec this turn | 300 sec total\n|\n|t:|1783553944\n|switch|p1a: Chi-Yu|Chi-Yu, L77|100/100\n|-ability|p1a: Chi-Yu|Beads of Ruin\n|-curestatus|p2a: Trevenant|slp|[from] ability: Natural Cure|[silent]\n|switch|p2a: Slither Wing|Slither Wing, L81|212/270\n|\n|upkeep\n|turn|25\n|inactive|Time left: 300 sec this turn | 300 sec total\n|\n|t:|1783553945\n|-terastallize|p2a: Slither Wing|Fire\n|move|p1a: Chi-Yu|Fire Blast|p2a: Slither Wing\n|-resisted|p2a: Slither Wing\n|-damage|p2a: Slither Wing|131/270\n|move|p2a: Slither Wing|Close Combat|p1a: Chi-Yu\n|-supereffective|p1a: Chi-Yu\n|-crit|p1a: Chi-Yu\n|-damage|p1a: Chi-Yu|0 fnt\n|-unboost|p2a: Slither Wing|def|1\n|-unboost|p2a: Slither Wing|spd|1\n|faint|p1a: Chi-Yu\n|\n|upkeep\n|\n|t:|1783553947\n|switch|p1a: Floatzel|Floatzel, L86, M|100/100\n|-status|p1a: Floatzel|psn\n|turn|26\n|inactive|Time left: 300 sec this turn | 300 sec total\n|\n|t:|1783553948\n|move|p1a: Floatzel|Wave Crash|p2a: Slither Wing\n|-supereffective|p2a: Slither Wing\n|-damage|p2a: Slither Wing|0 fnt\n|faint|p2a: Slither Wing\n|-end|p2a: Slither Wing|Protosynthesis|[silent]\n|-damage|p1a: Floatzel|85/100 psn|[from] Recoil\n|\n|-heal|p1a: Floatzel|91/100 psn|[from] item: Leftovers\n|-damage|p1a: Floatzel|79/100 psn|[from] psn\n|upkeep\n|inactive|Time left: 300 sec this turn | 300 sec total | 5 sec grace\n|\n|t:|1783553949\n|switch|p2a: Trevenant|Trevenant, L89, M|296/296\n|-damage|p2a: Trevenant|259/296|[from] Stealth Rock\n|turn|27\n|inactive|Time left: 300 sec this turn | 300 sec total\n|\n|t:|1783553950\n|move|p1a: Floatzel|Ice Spinner|p2a: Trevenant\n|-supereffective|p2a: Trevenant\n|-damage|p2a: Trevenant|125/296\n|move|p2a: Trevenant|Poltergeist|p1a: Floatzel\n|-activate|p1a: Floatzel|move: Poltergeist|Leftovers\n|-damage|p1a: Floatzel|0 fnt\n|faint|p1a: Floatzel\n|-damage|p2a: Trevenant|96/296|[from] item: Life Orb\n|\n|upkeep\n|\n|t:|1783553951\n|switch|p1a: Palafin|Palafin, L77, F|100/100\n|-status|p1a: Palafin|psn\n|turn|28\n|inactive|Time left: 300 sec this turn | 300 sec total\n|\n|t:|1783553952\n|detailschange|p1a: Palafin|Palafin-Hero, L77, F\n|switch|p1a: Kleavor|Kleavor, L78, F|6/100 brn\n|move|p2a: Trevenant|Rest|p2a: Trevenant\n|-status|p2a: Trevenant|slp|[from] move: Rest\n|-heal|p2a: Trevenant|296/296 slp|[silent]\n|\n|-damage|p1a: Kleavor|0 fnt|[from] brn\n|faint|p1a: Kleavor\n|upkeep\n|\n|t:|1783553953\n|switch|p1a: Palafin|Palafin-Hero, L77, F|100/100 psn\n|-activate|p1a: Palafin|ability: Zero to Hero\n|turn|29\n|inactive|Time left: 300 sec this turn | 300 sec total\n|\n|t:|1783553954\n|-curestatus|p2a: Trevenant|slp|[from] ability: Natural Cure|[silent]\n|switch|p2a: Hypno|Hypno, L95, F|315/315\n|-damage|p2a: Hypno|276/315|[from] Stealth Rock\n|move|p1a: Palafin|Bulk Up|p1a: Palafin\n|-boost|p1a: Palafin|atk|1\n|-boost|p1a: Palafin|def|1\n|\n|-heal|p2a: Hypno|295/315|[from] item: Leftovers\n|-damage|p1a: Palafin|88/100 psn|[from] psn\n|upkeep\n|turn|30\n|inactive|Time left: 300 sec this turn | 300 sec total\n|\n|t:|1783553955\n|move|p1a: Palafin|Drain Punch|p2a: Hypno\n|-resisted|p2a: Hypno\n|-damage|p2a: Hypno|247/315\n|-heal|p1a: Palafin|97/100 psn|[from] drain|[of] p2a: Hypno\n|move|p2a: Hypno|Psychic Noise|p1a: Palafin\n|-damage|p1a: Palafin|62/100 psn\n|-start|p1a: Palafin|move: Heal Block\n|\n|-heal|p2a: Hypno|266/315|[from] item: Leftovers\n|-damage|p1a: Palafin|50/100 psn|[from] psn\n|upkeep\n|turn|31\n|inactive|Time left: 300 sec this turn | 300 sec total\n|\n|t:|1783553956\n|-terastallize|p1a: Palafin|Steel\n|move|p1a: Palafin|Ice Punch|p2a: Hypno\n|-damage|p2a: Hypno|156/315\n|move|p2a: Hypno|Knock Off|p1a: Palafin\n|-damage|p1a: Palafin|32/100 psn\n|-enditem|p1a: Palafin|Leftovers|[from] move: Knock Off|[of] p2a: Hypno\n|\n|-heal|p2a: Hypno|175/315|[from] item: Leftovers\n|-damage|p1a: Palafin|20/100 psn|[from] psn\n|-end|p1a: Palafin|move: Heal Block\n|upkeep\n|turn|32\n|inactive|Time left: 300 sec this turn | 300 sec total\n|\n|t:|1783553957\n|move|p1a: Palafin|Drain Punch|p2a: Hypno\n|-resisted|p2a: Hypno\n|-damage|p2a: Hypno|126/315\n|-heal|p1a: Palafin|29/100 psn|[from] drain|[of] p2a: Hypno\n|move|p2a: Hypno|Psychic Noise|p1a: Palafin\n|-resisted|p1a: Palafin\n|-damage|p1a: Palafin|14/100 psn\n|-start|p1a: Palafin|move: Heal Block\n|\n|-heal|p2a: Hypno|145/315|[from] item: Leftovers\n|-damage|p1a: Palafin|1/100 psn|[from] psn\n|upkeep\n|turn|33\n|inactive|Time left: 300 sec this turn | 300 sec total\n|\n|t:|1783553958\n|move|p1a: Palafin|Jet Punch|p2a: Hypno\n|-damage|p2a: Hypno|30/315\n|move|p2a: Hypno|Knock Off|p1a: Palafin\n|-damage|p1a: Palafin|0 fnt\n|faint|p1a: Palafin\n|\n|win|p0y127505bc", "uploadtime": 1783553958, "views": 0, "rating": 0, "private": 0, "password": null, "_winner": "p0y127505bc", "_our_name": "p0y127505bc"}