{"id": "battle-gen9randombattle-1664", "formatid": "gen9randombattle", "format": "[Gen 9] Random Battle", "players": ["p0x16649895", "p0y16640365"], "log": "|init|battle\n|title|p0x16649895 vs. p0y16640365\n|j|\u2606p0x16649895\n|j|\u2606p0y16640365\n|t:|1783558520\n|gametype|singles\n|player|p1|p0x16649895|170|\n|player|p2|p0y16640365|101|\n|gen|9\n|tier|[Gen 9] Random Battle\n|rule|Species Clause: Limit one of each Pok\u00e9mon\n|rule|HP Percentage Mod: HP is shown in percentages\n|rule|Sleep Clause Mod: Limit one foe put to sleep\n|rule|Illusion Level Mod: Illusion disguises the Pok\u00e9mon's true level\n|\n|t:|1783558520\n|teamsize|p1|6\n|teamsize|p2|6\n|start\n|switch|p1a: Chien-Pao|Chien-Pao, L72|234/234\n|switch|p2a: Furret|Furret, L94, F|100/100\n|-ability|p1a: Chien-Pao|Sword of Ruin\n|-item|p1a: Chien-Pao|Choice Band|[from] ability: Frisk|[of] p2a: Furret\n|turn|1\n|inactive|Battle timer is ON: inactive players will automatically lose when time's up. (requested by p0y16640365)\n|inactive|p0x16649895 also wants the timer to be on.\n|\n|t:|1783558521\n|move|p1a: Chien-Pao|Icicle Crash|p2a: Furret\n|-damage|p2a: Furret|45/100\n|cant|p2a: Furret|flinch\n|\n|upkeep\n|turn|2\n|inactive|Time left: 300 sec this turn | 300 sec total | 60 sec grace\n|\n|t:|1783558522\n|switch|p2a: Cloyster|Cloyster, L80, M|100/100\n|move|p1a: Chien-Pao|Icicle Crash|p2a: Cloyster\n|-resisted|p2a: Cloyster\n|-damage|p2a: Cloyster|90/100\n|\n|upkeep\n|turn|3\n|inactive|Time left: 300 sec this turn | 300 sec total\n|\n|t:|1783558523\n|move|p1a: Chien-Pao|Icicle Crash|p2a: Cloyster\n|-resisted|p2a: Cloyster\n|-damage|p2a: Cloyster|79/100\n|move|p2a: Cloyster|Shell Smash|p2a: Cloyster\n|-unboost|p2a: Cloyster|def|1\n|-unboost|p2a: Cloyster|spd|1\n|-boost|p2a: Cloyster|atk|2\n|-boost|p2a: Cloyster|spa|2\n|-boost|p2a: Cloyster|spe|2\n|-enditem|p2a: Cloyster|White Herb\n|-clearnegativeboost|p2a: Cloyster|[silent]\n|\n|upkeep\n|turn|4\n|inactive|Time left: 300 sec this turn | 300 sec total\n|\n|t:|1783558524\n|switch|p1a: Quagsire|Quagsire, L84, M|297/297\n|move|p2a: Cloyster|Icicle Spear|p1a: Quagsire\n|-damage|p1a: Quagsire|272/297\n|-damage|p1a: Quagsire|245/297\n|-damage|p1a: Quagsire|218/297\n|-damage|p1a: Quagsire|194/297\n|-damage|p1a: Quagsire|167/297\n|-hitcount|p1a: Quagsire|5\n|\n|-heal|p1a: Quagsire|185/297|[from] item: Leftovers\n|upkeep\n|turn|5\n|inactive|Time left: 300 sec this turn | 300 sec total\n|\n|t:|1783558525\n|move|p2a: Cloyster|Icicle Spear|p1a: Quagsire\n|-damage|p1a: Quagsire|160/297\n|-damage|p1a: Quagsire|133/297\n|-crit|p1a: Quagsire\n|-damage|p1a: Quagsire|94/297\n|-damage|p1a: Quagsire|67/297\n|-crit|p1a: Quagsire\n|-damage|p1a: Quagsire|28/297\n|-hitcount|p1a: Quagsire|5\n|move|p1a: Quagsire|Recover|p1a: Quagsire\n|-heal|p1a: Quagsire|177/297\n|\n|-heal|p1a: Quagsire|195/297|[from] item: Leftovers\n|upkeep\n|turn|6\n|inactive|Time left: 300 sec this turn | 300 sec total\n|\n|t:|1783558526\n|move|p2a: Cloyster|Icicle Spear|p1a: Quagsire\n|-damage|p1a: Quagsire|170/297\n|-damage|p1a: Quagsire|146/297\n|-damage|p1a: Quagsire|121/297\n|-damage|p1a: Quagsire|94/297\n|-damage|p1a: Quagsire|69/297\n|-hitcount|p1a: Quagsire|5\n|move|p1a: Quagsire|Recover|p1a: Quagsire\n|-heal|p1a: Quagsire|218/297\n|\n|-heal|p1a: Quagsire|236/297|[from] item: Leftovers\n|upkeep\n|turn|7\n|inactive|Time left: 300 sec this turn | 300 sec total\n|\n|t:|1783558527\n|move|p2a: Cloyster|Icicle Spear|p1a: Quagsire\n|-damage|p1a: Quagsire|208/297\n|-damage|p1a: Quagsire|184/297\n|-damage|p1a: Quagsire|159/297\n|-damage|p1a: Quagsire|135/297\n|-damage|p1a: Quagsire|110/297\n|-hitcount|p1a: Quagsire|5\n|move|p1a: Quagsire|Toxic|p2a: Cloyster\n|-status|p2a: Cloyster|tox\n|\n|-heal|p1a: Quagsire|128/297|[from] item: Leftovers\n|-damage|p2a: Cloyster|73/100 tox|[from] psn\n|upkeep\n|turn|8\n|inactive|Time left: 300 sec this turn | 300 sec total\n|\n|t:|1783558528\n|move|p2a: Cloyster|Icicle Spear|p1a: Quagsire\n|-damage|p1a: Quagsire|103/297\n|-damage|p1a: Quagsire|76/297\n|-damage|p1a: Quagsire|49/297\n|-damage|p1a: Quagsire|25/297\n|-damage|p1a: Quagsire|1/297\n|-hitcount|p1a: Quagsire|5\n|move|p1a: Quagsire|Recover|p1a: Quagsire\n|-heal|p1a: Quagsire|150/297\n|\n|-heal|p1a: Quagsire|168/297|[from] item: Leftovers\n|-damage|p2a: Cloyster|61/100 tox|[from] psn\n|upkeep\n|turn|9\n|inactive|Time left: 300 sec this turn | 300 sec total\n|\n|t:|1783558529\n|move|p2a: Cloyster|Hydro Pump|p1a: Quagsire\n|-damage|p1a: Quagsire|54/297\n|move|p1a: Quagsire|Earthquake|p2a: Cloyster\n|-damage|p2a: Cloyster|32/100 tox\n|\n|-heal|p1a: Quagsire|72/297|[from] item: Leftovers\n|-damage|p2a: Cloyster|14/100 tox|[from] psn\n|upkeep\n|turn|10\n|inactive|Time left: 300 sec this turn | 300 sec total\n|\n|t:|1783558530\n|move|p2a: Cloyster|Icicle Spear|p1a: Quagsire\n|-damage|p1a: Quagsire|45/297\n|-damage|p1a: Quagsire|18/297\n|-damage|p1a: Quagsire|0 fnt\n|faint|p1a: Quagsire\n|-hitcount|p1: Quagsire|3\n|\n|-damage|p2a: Cloyster|0 fnt|[from] psn\n|faint|p2a: Cloyster\n|upkeep\n|inactive|Time left: 300 sec this turn | 300 sec total | 5 sec grace\n|\n|t:|1783558531\n|switch|p2a: Charizard|Charizard, L85, F|100/100\n|switch|p1a: Luxray|Luxray, L88, M|283/283\n|turn|11\n|inactive|Time left: 300 sec this turn | 300 sec total\n|\n|t:|1783558533\n|move|p2a: Charizard|Earthquake|p1a: Luxray\n|-supereffective|p1a: Luxray\n|-damage|p1a: Luxray|153/283\n|move|p1a: Luxray|Supercell Slam|p2a: Charizard\n|-supereffective|p2a: Charizard\n|-damage|p2a: Charizard|0 fnt\n|faint|p2a: Charizard\n|\n|-status|p1a: Luxray|brn|[from] item: Flame Orb\n|upkeep\n|\n|t:|1783558534\n|switch|p2a: Furret|Furret, L94, F|45/100\n|-item|p1a: Luxray|Flame Orb|[from] ability: Frisk|[of] p2a: Furret\n|turn|12\n|inactive|Time left: 300 sec this turn | 300 sec total\n|\n|t:|1783558535\n|switch|p1a: Dipplin|Dipplin, L88, M|284/284\n|move|p2a: Furret|Double-Edge|p1a: Dipplin\n|-damage|p1a: Dipplin|179/284\n|-damage|p2a: Furret|34/100|[from] Recoil\n|\n|upkeep\n|turn|13\n|inactive|Time left: 300 sec this turn | 300 sec total\n|\n|t:|1783558536\n|switch|p2a: Blissey|Blissey, L85, F|100/100\n|move|p1a: Dipplin|Giga Drain|p2a: Blissey\n|-damage|p2a: Blissey|90/100\n|-heal|p1a: Dipplin|209/284|[from] drain|[of] p2a: Blissey\n|\n|-heal|p2a: Blissey|96/100|[from] item: Leftovers\n|upkeep\n|turn|14\n|inactive|Time left: 300 sec this turn | 300 sec total\n|\n|t:|1783558537\n|move|p2a: Blissey|Seismic Toss|p1a: Dipplin\n|-damage|p1a: Dipplin|124/284\n|move|p1a: Dipplin|Giga Drain|p2a: Blissey\n|-damage|p2a: Blissey|85/100\n|-heal|p1a: Dipplin|156/284|[from] drain|[of] p2a: Blissey\n|\n|-heal|p2a: Blissey|91/100|[from] item: Leftovers\n|upkeep\n|turn|15\n|inactive|Time left: 300 sec this turn | 300 sec total\n|\n|t:|1783558538\n|move|p2a: Blissey|Thunder Wave|p1a: Dipplin\n|-status|p1a: Dipplin|par\n|move|p1a: Dipplin|Recover|p1a: Dipplin\n|-heal|p1a: Dipplin|284/284 par\n|\n|-heal|p2a: Blissey|97/100|[from] item: Leftovers\n|upkeep\n|turn|16\n|inactive|Time left: 300 sec this turn | 300 sec total\n|\n|t:|1783558539\n|switch|p1a: Luxray|Luxray, L88, M|153/283 brn\n|move|p2a: Blissey|Seismic Toss|p1a: Luxray\n|-damage|p1a: Luxray|68/283 brn\n|\n|-heal|p2a: Blissey|100/100|[from] item: Leftovers\n|-damage|p1a: Luxray|51/283 brn|[from] brn\n|upkeep\n|turn|17\n|inactive|Time left: 300 sec this turn | 300 sec total\n|\n|t:|1783558540\n|switch|p2a: Amoonguss|Amoonguss, L82, M|100/100\n|move|p1a: Luxray|Supercell Slam|p2a: Amoonguss\n|-resisted|p2a: Amoonguss\n|-damage|p2a: Amoonguss|60/100\n|-damage|p1a: Luxray|4/283 brn|[from] item: Rocky Helmet|[of] p2a: Amoonguss\n|\n|-damage|p1a: Luxray|0 fnt|[from] brn\n|faint|p1a: Luxray\n|upkeep\n|inactive|Time left: 300 sec this turn | 300 sec total | 5 sec grace\n|\n|t:|1783558541\n|switch|p1a: Chien-Pao|Chien-Pao, L72|234/234\n|-ability|p1a: Chien-Pao|Sword of Ruin\n|turn|18\n|inactive|Time left: 300 sec this turn | 300 sec total\n|\n|t:|1783558542\n|-terastallize|p2a: Amoonguss|Water\n|move|p1a: Chien-Pao|Icicle Crash|p2a: Amoonguss\n|-resisted|p2a: Amoonguss\n|-damage|p2a: Amoonguss|33/100\n|move|p2a: Amoonguss|Sludge Bomb|p1a: Chien-Pao\n|-damage|p1a: Chien-Pao|116/234\n|\n|upkeep\n|turn|19\n|inactive|Time left: 300 sec this turn | 300 sec total\n|\n|t:|1783558543\n|move|p1a: Chien-Pao|Icicle Crash|p2a: Amoonguss\n|-resisted|p2a: Amoonguss\n|-damage|p2a: Amoonguss|3/100\n|move|p2a: Amoonguss|Sludge Bomb|p1a: Chien-Pao\n|-damage|p1a: Chien-Pao|5/234\n|\n|upkeep\n|turn|20\n|inactive|Time left: 300 sec this turn | 300 sec total\n|\n|t:|1783558544\n|switch|p2a: Furret|Furret, L94, F|34/100\n|-item|p1a: Chien-Pao|Choice Band|[from] ability: Frisk|[of] p2a: Furret\n|move|p1a: Chien-Pao|Icicle Crash|p2a: Furret\n|-damage|p2a: Furret|0 fnt\n|faint|p2a: Furret\n|\n|upkeep\n|\n|t:|1783558545\n|switch|p2a: Amoonguss|Amoonguss, L82, M, tera:Water|37/100\n|turn|21\n|inactive|Time left: 300 sec this turn | 300 sec total\n|\n|t:|1783558546\n|-terastallize|p1a: Chien-Pao|Ice\n|move|p1a: Chien-Pao|Icicle Crash|p2a: Amoonguss\n|-resisted|p2a: Amoonguss\n|-crit|p2a: Amoonguss\n|-damage|p2a: Amoonguss|0 fnt\n|faint|p2a: Amoonguss\n|\n|upkeep\n|\n|t:|1783558547\n|switch|p2a: Kleavor|Kleavor, L78, F|100/100\n|turn|22\n|inactive|Time left: 300 sec this turn | 300 sec total\n|\n|t:|1783558548\n|move|p1a: Chien-Pao|Icicle Crash|p2a: Kleavor\n|-damage|p2a: Kleavor|3/100\n|move|p2a: Kleavor|Stone Axe|p1a: Chien-Pao\n|-supereffective|p1a: Chien-Pao\n|-damage|p1a: Chien-Pao|0 fnt\n|-sidestart|p1: p0x16649895|move: Stealth Rock\n|faint|p1a: Chien-Pao\n|\n|upkeep\n|inactive|Time left: 300 sec this turn | 300 sec total | 5 sec grace\n|\n|t:|1783558549\n|switch|p1a: Magmortar|Magmortar, L88, F|275/275\n|turn|23\n|inactive|Time left: 300 sec this turn | 300 sec total\n|\n|t:|1783558550\n|switch|p2a: Blissey|Blissey, L85, F|100/100\n|move|p1a: Magmortar|Earthquake|p2a: Blissey\n|-damage|p2a: Blissey|62/100\n|\n|-heal|p2a: Blissey|68/100|[from] item: Leftovers\n|upkeep\n|turn|24\n|inactive|Time left: 300 sec this turn | 300 sec total\n|\n|t:|1783558551\n|move|p1a: Magmortar|Earthquake|p2a: Blissey\n|-damage|p2a: Blissey|28/100\n|move|p2a: Blissey|Soft-Boiled|p2a: Blissey\n|-heal|p2a: Blissey|78/100\n|\n|-heal|p2a: Blissey|84/100|[from] item: Leftovers\n|upkeep\n|turn|25\n|inactive|Time left: 300 sec this turn | 300 sec total\n|\n|t:|1783558553\n|move|p1a: Magmortar|Earthquake|p2a: Blissey\n|-damage|p2a: Blissey|44/100\n|move|p2a: Blissey|Seismic Toss|p1a: Magmortar\n|-damage|p1a: Magmortar|190/275\n|\n|-heal|p2a: Blissey|50/100|[from] item: Leftovers\n|upkeep\n|turn|26\n|inactive|Time left: 300 sec this turn | 300 sec total\n|\n|t:|1783558554\n|move|p1a: Magmortar|Earthquake|p2a: Blissey\n|-damage|p2a: Blissey|11/100\n|move|p2a: Blissey|Soft-Boiled|p2a: Blissey\n|-heal|p2a: Blissey|61/100\n|\n|-heal|p2a: Blissey|67/100|[from] item: Leftovers\n|upkeep\n|turn|27\n|inactive|Time left: 300 sec this turn | 300 sec total\n|\n|t:|1783558555\n|move|p1a: Magmortar|Earthquake|p2a: Blissey\n|-damage|p2a: Blissey|26/100\n|move|p2a: Blissey|Soft-Boiled|p2a: Blissey\n|-heal|p2a: Blissey|76/100\n|\n|-heal|p2a: Blissey|82/100|[from] item: Leftovers\n|upkeep\n|turn|28\n|inactive|Time left: 300 sec this turn | 300 sec total\n|\n|t:|1783558556\n|move|p1a: Magmortar|Earthquake|p2a: Blissey\n|-damage|p2a: Blissey|41/100\n|move|p2a: Blissey|Seismic Toss|p1a: Magmortar\n|-damage|p1a: Magmortar|105/275\n|\n|-heal|p2a: Blissey|47/100|[from] item: Leftovers\n|upkeep\n|turn|29\n|inactive|Time left: 300 sec this turn | 300 sec total\n|\n|t:|1783558558\n|move|p1a: Magmortar|Earthquake|p2a: Blissey\n|-damage|p2a: Blissey|8/100\n|move|p2a: Blissey|Soft-Boiled|p2a: Blissey\n|-heal|p2a: Blissey|58/100\n|\n|-heal|p2a: Blissey|64/100|[from] item: Leftovers\n|upkeep\n|turn|30\n|inactive|Time left: 300 sec this turn | 300 sec total\n|\n|t:|1783558559\n|move|p1a: Magmortar|Earthquake|p2a: Blissey\n|-damage|p2a: Blissey|23/100\n|move|p2a: Blissey|Soft-Boiled|p2a: Blissey\n|-heal|p2a: Blissey|73/100\n|\n|-heal|p2a: Blissey|79/100|[from] item: Leftovers\n|upkeep\n|turn|31\n|inactive|Time left: 300 sec this turn | 300 sec total\n|\n|t:|1783558560\n|move|p1a: Magmortar|Earthquake|p2a: Blissey\n|-damage|p2a: Blissey|41/100\n|move|p2a: Blissey|Seismic Toss|p1a: Magmortar\n|-damage|p1a: Magmortar|20/275\n|\n|-heal|p2a: Blissey|47/100|[from] item: Leftovers\n|upkeep\n|turn|32\n|inactive|Time left: 300 sec this turn | 300 sec total\n|\n|t:|1783558561\n|move|p1a: Magmortar|Earthquake|p2a: Blissey\n|-damage|p2a: Blissey|8/100\n|move|p2a: Blissey|Soft-Boiled|p2a: Blissey\n|-heal|p2a: Blissey|58/100\n|\n|-heal|p2a: Blissey|64/100|[from] item: Leftovers\n|upkeep\n|turn|33\n|inactive|Time left: 300 sec this turn | 300 sec total\n|\n|t:|1783558562\n|move|p1a: Magmortar|Earthquake|p2a: Blissey\n|-damage|p2a: Blissey|27/100\n|move|p2a: Blissey|Soft-Boiled|p2a: Blissey\n|-heal|p2a: Blissey|77/100\n|\n|-heal|p2a: Blissey|83/100|[from] item: Leftovers\n|upkeep\n|turn|34\n|inactive|Time left: 300 sec this turn | 300 sec total\n|\n|t:|1783558563\n|move|p1a: Magmortar|Earthquake|p2a: Blissey\n|-damage|p2a: Blissey|41/100\n|move|p2a: Blissey|Seismic Toss|p1a: Magmortar\n|-damage|p1a: Magmortar|0 fnt\n|faint|p1a: Magmortar\n|\n|-heal|p2a: Blissey|47/100|[from] item: Leftovers\n|upkeep\n|inactive|Time left: 300 sec this turn | 300 sec total | 5 sec grace\n|\n|t:|1783558564\n|switch|p1a: Camerupt|Camerupt, L91, M|275/275\n|-damage|p1a: Camerupt|241/275|[from] Stealth Rock\n|turn|35\n|inactive|Time left: 300 sec this turn | 300 sec total\n|\n|t:|1783558565\n|move|p2a: Blissey|Soft-Boiled|p2a: Blissey\n|-heal|p2a: Blissey|97/100\n|move|p1a: Camerupt|Earthquake|p2a: Blissey\n|-damage|p2a: Blissey|28/100\n|\n|-heal|p2a: Blissey|34/100|[from] item: Leftovers\n|-heal|p1a: Camerupt|258/275|[from] item: Leftovers\n|upkeep\n|turn|36\n|inactive|Time left: 300 sec this turn | 300 sec total\n|\n|t:|1783558565\n|move|p2a: Blissey|Seismic Toss|p1a: Camerupt\n|-damage|p1a: Camerupt|173/275\n|move|p1a: Camerupt|Earthquake|p2a: Blissey\n|-damage|p2a: Blissey|0 fnt\n|faint|p2a: Blissey\n|\n|-heal|p1a: Camerupt|190/275|[from] item: Leftovers\n|upkeep\n|\n|t:|1783558566\n|switch|p2a: Kleavor|Kleavor, L78, F|3/100\n|turn|37\n|inactive|Time left: 300 sec this turn | 300 sec total\n|\n|t:|1783558567\n|move|p2a: Kleavor|Stone Axe|p1a: Camerupt\n|-damage|p1a: Camerupt|72/275\n|move|p1a: Camerupt|Earthquake|p2a: Kleavor\n|-damage|p2a: Kleavor|0 fnt\n|faint|p2a: Kleavor\n|\n|win|p0x16649895", "uploadtime": 1783558567, "views": 0, "rating": 0, "private": 0, "password": null, "_winner": "p0x16649895", "_our_name": "p0x16649895"}