{"id": "battle-gen9randombattle-2324", "formatid": "gen9randombattle", "format": "[Gen 9] Random Battle", "players": ["p0x23245a0a", "p0y2324c3f6"], "log": "|init|battle\n|title|p0x23245a0a vs. p0y2324c3f6\n|j|\u2606p0x23245a0a\n|j|\u2606p0y2324c3f6\n|t:|1783566982\n|gametype|singles\n|player|p1|p0x23245a0a|169|\n|player|p2|p0y2324c3f6|1|\n|gen|9\n|tier|[Gen 9] Random Battle\n|rule|Species Clause: Limit one of each Pok\u00e9mon\n|rule|HP Percentage Mod: HP is shown in percentages\n|rule|Sleep Clause Mod: Limit one foe put to sleep\n|rule|Illusion Level Mod: Illusion disguises the Pok\u00e9mon's true level\n|\n|t:|1783566982\n|teamsize|p1|6\n|teamsize|p2|6\n|start\n|switch|p1a: Pelipper|Pelipper, L86, F|100/100\n|switch|p2a: Arceus|Arceus-Grass, L73|296/296\n|-weather|RainDance|[from] ability: Drizzle|[of] p1a: Pelipper\n|turn|1\n|inactive|Battle timer is ON: inactive players will automatically lose when time's up. (requested by p0x23245a0a)\n|inactive|Time left: 300 sec this turn | 300 sec total | 60 sec grace\n|inactive|p0y2324c3f6 also wants the timer to be on.\n|\n|t:|1783566984\n|move|p2a: Arceus|Judgment|p1a: Pelipper\n|-damage|p1a: Pelipper|41/100\n|move|p1a: Pelipper|Hurricane|p2a: Arceus\n|-supereffective|p2a: Arceus\n|-damage|p2a: Arceus|0 fnt\n|faint|p2a: Arceus\n|\n|-weather|RainDance|[upkeep]\n|upkeep\n|inactive|Time left: 300 sec this turn | 300 sec total | 65 sec grace\n|\n|t:|1783566985\n|switch|p2a: Minior|Minior-Green, L79|224/224\n|-formechange|p2a: Minior|Minior-Meteor||[from] ability: Shields Down\n|turn|2\n|inactive|Time left: 300 sec this turn | 300 sec total\n|\n|t:|1783566986\n|move|p1a: Pelipper|Hurricane|p2a: Minior\n|-resisted|p2a: Minior\n|-damage|p2a: Minior|132/224\n|-start|p2a: Minior|confusion\n|-activate|p2a: Minior|confusion\n|-damage|p2a: Minior|115/224|[from] confusion\n|\n|-weather|RainDance|[upkeep]\n|upkeep\n|turn|3\n|inactive|Time left: 300 sec this turn | 300 sec total\n|\n|t:|1783566988\n|move|p1a: Pelipper|Hurricane|p2a: Minior\n|-resisted|p2a: Minior\n|-damage|p2a: Minior|33/224\n|-activate|p2a: Minior|confusion\n|move|p2a: Minior|Shell Smash|p2a: Minior\n|-unboost|p2a: Minior|def|1\n|-unboost|p2a: Minior|spd|1\n|-boost|p2a: Minior|atk|2\n|-boost|p2a: Minior|spa|2\n|-boost|p2a: Minior|spe|2\n|-enditem|p2a: Minior|White Herb\n|-clearnegativeboost|p2a: Minior|[silent]\n|\n|-weather|RainDance|[upkeep]\n|-formechange|p2a: Minior|Minior-Green||[from] ability: Shields Down\n|upkeep\n|turn|4\n|inactive|Time left: 300 sec this turn | 300 sec total\n|\n|t:|1783566989\n|-activate|p2a: Minior|confusion\n|-damage|p2a: Minior|0 fnt|[from] confusion\n|faint|p2a: Minior\n|move|p1a: Pelipper|Hurricane|p2: Minior|[notarget]\n|-fail|p1a: Pelipper\n|\n|-weather|RainDance|[upkeep]\n|upkeep\n|inactive|Time left: 300 sec this turn | 300 sec total | 5 sec grace\n|\n|t:|1783566989\n|switch|p2a: Groudon|Groudon, L72|263/263\n|-weather|SunnyDay|[from] ability: Drought|[of] p2a: Groudon\n|turn|5\n|inactive|Time left: 300 sec this turn | 300 sec total\n|\n|t:|1783566991\n|move|p2a: Groudon|Spikes|p1a: Pelipper\n|-sidestart|p1: p0x23245a0a|Spikes\n|move|p1a: Pelipper|Hurricane|p2a: Groudon\n|-damage|p2a: Groudon|62/263\n|\n|-weather|SunnyDay|[upkeep]\n|-heal|p2a: Groudon|78/263|[from] item: Leftovers\n|upkeep\n|turn|6\n|inactive|Time left: 300 sec this turn | 300 sec total\n|\n|t:|1783566991\n|switch|p2a: Conkeldurr|Conkeldurr, L80, F|299/299\n|move|p1a: Pelipper|Hurricane|p2a: Conkeldurr|[miss]\n|-miss|p1a: Pelipper|p2a: Conkeldurr\n|\n|-weather|SunnyDay|[upkeep]\n|-status|p2a: Conkeldurr|brn|[from] item: Flame Orb\n|upkeep\n|turn|7\n|inactive|Time left: 300 sec this turn | 300 sec total\n|\n|t:|1783566992\n|move|p1a: Pelipper|Hurricane|p2a: Conkeldurr|[miss]\n|-miss|p1a: Pelipper|p2a: Conkeldurr\n|move|p2a: Conkeldurr|Facade|p1a: Pelipper\n|-damage|p1a: Pelipper|0 fnt\n|faint|p1a: Pelipper\n|\n|-weather|SunnyDay|[upkeep]\n|-damage|p2a: Conkeldurr|281/299 brn|[from] brn\n|upkeep\n|\n|t:|1783566993\n|switch|p1a: Yanmega|Yanmega, L82, F|100/100\n|turn|8\n|inactive|Time left: 300 sec this turn | 300 sec total\n|\n|t:|1783566994\n|-terastallize|p2a: Conkeldurr|Normal\n|move|p1a: Yanmega|Air Slash|p2a: Conkeldurr\n|-damage|p2a: Conkeldurr|161/299 brn\n|cant|p2a: Conkeldurr|flinch\n|\n|-weather|SunnyDay|[upkeep]\n|-damage|p2a: Conkeldurr|143/299 brn|[from] brn\n|-ability|p1a: Yanmega|Speed Boost|boost\n|-boost|p1a: Yanmega|spe|1\n|upkeep\n|turn|9\n|inactive|Time left: 300 sec this turn | 300 sec total\n|\n|t:|1783566995\n|move|p1a: Yanmega|Bug Buzz|p2a: Conkeldurr\n|-damage|p2a: Conkeldurr|14/299 brn\n|-unboost|p2a: Conkeldurr|spd|1\n|move|p2a: Conkeldurr|Facade|p1a: Yanmega\n|-damage|p1a: Yanmega|5/100\n|\n|-weather|none\n|-damage|p2a: Conkeldurr|0 fnt|[from] brn\n|faint|p2a: Conkeldurr\n|-ability|p1a: Yanmega|Speed Boost|boost\n|-boost|p1a: Yanmega|spe|1\n|upkeep\n|inactive|Time left: 300 sec this turn | 300 sec total | 5 sec grace\n|\n|t:|1783566996\n|switch|p2a: Terapagos|Terapagos, L77, F|265/265\n|-activate|p2a: Terapagos|ability: Tera Shift\n|detailschange|p2a: Terapagos|Terapagos-Terastal, L77, F\n|-heal|p2a: Terapagos|273/273|[silent]\n|turn|10\n|inactive|Time left: 300 sec this turn | 300 sec total\n|\n|t:|1783566997\n|move|p1a: Yanmega|Air Slash|p2a: Terapagos\n|-activate|p2a: Terapagos|ability: Tera Shell\n|-resisted|p2a: Terapagos\n|-damage|p2a: Terapagos|230/273\n|move|p2a: Terapagos|Rapid Spin|p1a: Yanmega\n|-damage|p1a: Yanmega|0 fnt\n|-boost|p2a: Terapagos|spe|1\n|faint|p1a: Yanmega\n|\n|upkeep\n|\n|t:|1783566997\n|switch|p1a: Slither Wing|Slither Wing, L81|100/100\n|turn|11\n|inactive|Time left: 300 sec this turn | 300 sec total\n|\n|t:|1783566999\n|switch|p2a: Rabsca|Rabsca, L91, M|284/284\n|move|p1a: Slither Wing|Close Combat|p2a: Rabsca\n|-resisted|p2a: Rabsca\n|-damage|p2a: Rabsca|247/284\n|-unboost|p1a: Slither Wing|def|1\n|-unboost|p1a: Slither Wing|spd|1\n|\n|upkeep\n|turn|12\n|inactive|Time left: 300 sec this turn | 300 sec total\n|\n|t:|1783567000\n|move|p1a: Slither Wing|U-turn|p2a: Rabsca\n|-supereffective|p2a: Rabsca\n|-damage|p2a: Rabsca|77/284\n|\n|t:|1783567001\n|-end|p1a: Slither Wing|Protosynthesis|[silent]\n|switch|p1a: Lumineon|Lumineon, L93, F|100/100|[from] U-turn\n|move|p2a: Rabsca|Bug Buzz|p1a: Lumineon\n|-damage|p1a: Lumineon|59/100\n|-unboost|p1a: Lumineon|spd|1\n|\n|upkeep\n|turn|13\n|inactive|Time left: 300 sec this turn | 300 sec total\n|\n|t:|1783567002\n|switch|p2a: Terapagos|Terapagos-Terastal, L77, F|230/273\n|move|p1a: Lumineon|U-turn|p2a: Terapagos\n|-damage|p2a: Terapagos|188/273\n|\n|t:|1783567003\n|switch|p1a: Slither Wing|Slither Wing, L81|100/100|[from] U-turn\n|\n|upkeep\n|turn|14\n|inactive|Time left: 300 sec this turn | 300 sec total\n|\n|t:|1783567004\n|switch|p2a: Rabsca|Rabsca, L91, M|77/284\n|move|p1a: Slither Wing|Close Combat|p2a: Rabsca\n|-resisted|p2a: Rabsca\n|-damage|p2a: Rabsca|39/284\n|-unboost|p1a: Slither Wing|def|1\n|-unboost|p1a: Slither Wing|spd|1\n|\n|upkeep\n|turn|15\n|inactive|Time left: 300 sec this turn | 300 sec total\n|\n|t:|1783567005\n|move|p1a: Slither Wing|U-turn|p2a: Rabsca\n|-supereffective|p2a: Rabsca\n|-damage|p2a: Rabsca|0 fnt\n|faint|p2a: Rabsca\n|\n|t:|1783567006\n|-end|p1a: Slither Wing|Protosynthesis|[silent]\n|switch|p1a: Deoxys|Deoxys, L74|100/100|[from] U-turn\n|-damage|p1a: Deoxys|88/100|[from] Spikes\n|-ability|p1a: Deoxys|Pressure\n|\n|upkeep\n|inactive|Time left: 300 sec this turn | 300 sec total | 10 sec grace\n|\n|t:|1783567007\n|switch|p2a: Groudon|Groudon, L72|78/263\n|-weather|SunnyDay|[from] ability: Drought|[of] p2a: Groudon\n|turn|16\n|inactive|Time left: 300 sec this turn | 300 sec total\n|\n|t:|1783567008\n|switch|p2a: Terapagos|Terapagos-Terastal, L77, F|188/273\n|-terastallize|p1a: Deoxys|Dark\n|move|p1a: Deoxys|Knock Off|p2a: Terapagos\n|-damage|p2a: Terapagos|62/273\n|-enditem|p2a: Terapagos|Heavy-Duty Boots|[from] move: Knock Off|[of] p1a: Deoxys\n|-damage|p1a: Deoxys|79/100|[from] item: Life Orb\n|\n|-weather|SunnyDay|[upkeep]\n|upkeep\n|turn|17\n|inactive|Time left: 300 sec this turn | 300 sec total\n|\n|t:|1783567009\n|move|p1a: Deoxys|Knock Off|p2a: Terapagos\n|-damage|p2a: Terapagos|0 fnt\n|faint|p2a: Terapagos\n|-damage|p1a: Deoxys|69/100|[from] item: Life Orb\n|\n|-weather|SunnyDay|[upkeep]\n|upkeep\n|inactive|Time left: 300 sec this turn | 300 sec total | 5 sec grace\n|\n|t:|1783567009\n|switch|p2a: Groudon|Groudon, L72|78/263\n|turn|18\n|inactive|Time left: 300 sec this turn | 300 sec total\n|\n|t:|1783567010\n|move|p1a: Deoxys|Superpower|p2a: Groudon\n|-damage|p2a: Groudon|0 fnt\n|-unboost|p1a: Deoxys|atk|1\n|-unboost|p1a: Deoxys|def|1\n|faint|p2a: Groudon\n|-damage|p1a: Deoxys|59/100|[from] item: Life Orb\n|\n|win|p0x23245a0a", "uploadtime": 1783567010, "views": 0, "rating": 0, "private": 0, "password": null, "_winner": "p0x23245a0a", "_our_name": "p0y2324c3f6"}