{"id": "battle-gen9randombattle-151", "formatid": "gen9randombattle", "format": "[Gen 9] Random Battle", "players": ["p0x151d174", "p0y151364e"], "log": "|init|battle\n|title|p0x151d174 vs. p0y151364e\n|j|\u2606p0x151d174\n|j|\u2606p0y151364e\n|t:|1783535011\n|gametype|singles\n|player|p1|p0x151d174|1|\n|player|p2|p0y151364e|169|\n|gen|9\n|tier|[Gen 9] Random Battle\n|rule|Species Clause: Limit one of each Pok\u00e9mon\n|rule|HP Percentage Mod: HP is shown in percentages\n|rule|Sleep Clause Mod: Limit one foe put to sleep\n|rule|Illusion Level Mod: Illusion disguises the Pok\u00e9mon's true level\n|\n|t:|1783535011\n|teamsize|p1|6\n|teamsize|p2|6\n|start\n|switch|p1a: Flutter Mane|Flutter Mane, L74|100/100\n|switch|p2a: Cinccino|Cinccino, L83, F|260/260\n|turn|1\n|inactive|Battle timer is ON: inactive players will automatically lose when time's up. (requested by p0y151364e)\n|inactive|p0x151d174 also wants the timer to be on.\n|\n|t:|1783535012\n|-terastallize|p1a: Flutter Mane|Fairy\n|move|p1a: Flutter Mane|Moonblast|p2a: Cinccino\n|-damage|p2a: Cinccino|0 fnt\n|faint|p2a: Cinccino\n|\n|upkeep\n|inactive|Time left: 300 sec this turn | 300 sec total | 65 sec grace\n|\n|t:|1783535013\n|switch|p2a: Dewgong|Dewgong, L94, M|322/322\n|turn|2\n|inactive|Time left: 300 sec this turn | 300 sec total\n|\n|t:|1783535014\n|move|p1a: Flutter Mane|Moonblast|p2a: Dewgong\n|-damage|p2a: Dewgong|208/322\n|move|p2a: Dewgong|Triple Axel|p1a: Flutter Mane\n|-damage|p1a: Flutter Mane|83/100\n|-damage|p1a: Flutter Mane|48/100\n|-damage|p1a: Flutter Mane|0 fnt\n|faint|p1a: Flutter Mane\n|-end|p1a: Flutter Mane|Protosynthesis|[silent]\n|-hitcount|p1: Flutter Mane|3\n|\n|upkeep\n|\n|t:|1783535015\n|switch|p1a: Eelektross|Eelektross, L87, F|100/100\n|turn|3\n|inactive|Time left: 300 sec this turn | 300 sec total\n|\n|t:|1783535016\n|move|p2a: Dewgong|Flip Turn|p1a: Eelektross\n|-damage|p1a: Eelektross|79/100\n|inactive|Time left: 300 sec this turn | 300 sec total | 5 sec grace\n|\n|t:|1783535017\n|switch|p2a: Gliscor|Gliscor, L76, M|239/239|[from] Flip Turn\n|move|p1a: Eelektross|Supercell Slam|p2a: Gliscor\n|-immune|p2a: Gliscor\n|-damage|p1a: Eelektross|29/100|[from] supercellslam\n|\n|-heal|p1a: Eelektross|36/100|[from] item: Leftovers\n|-status|p2a: Gliscor|tox|[from] item: Toxic Orb\n|upkeep\n|turn|4\n|inactive|Time left: 300 sec this turn | 300 sec total\n|\n|t:|1783535018\n|move|p2a: Gliscor|Knock Off|p1a: Eelektross\n|-damage|p1a: Eelektross|15/100\n|-enditem|p1a: Eelektross|Leftovers|[from] move: Knock Off|[of] p2a: Gliscor\n|move|p1a: Eelektross|Coil|p1a: Eelektross\n|-boost|p1a: Eelektross|atk|1\n|-boost|p1a: Eelektross|def|1\n|-boost|p1a: Eelektross|accuracy|1\n|\n|upkeep\n|turn|5\n|inactive|Time left: 300 sec this turn | 300 sec total\n|\n|t:|1783535019\n|move|p2a: Gliscor|Knock Off|p1a: Eelektross\n|-damage|p1a: Eelektross|6/100\n|move|p1a: Eelektross|Drain Punch|p2a: Gliscor\n|-resisted|p2a: Gliscor\n|-damage|p2a: Gliscor|200/239 tox\n|-heal|p1a: Eelektross|13/100|[from] drain|[of] p2a: Gliscor\n|\n|-heal|p2a: Gliscor|229/239 tox|[from] ability: Poison Heal\n|upkeep\n|turn|6\n|inactive|Time left: 300 sec this turn | 300 sec total\n|\n|t:|1783535019\n|switch|p2a: Carbink|Carbink, L90|236/236\n|move|p1a: Eelektross|Drain Punch|p2a: Carbink\n|-crit|p2a: Carbink\n|-damage|p2a: Carbink|145/236\n|-heal|p1a: Eelektross|28/100|[from] drain|[of] p2a: Carbink\n|\n|upkeep\n|turn|7\n|inactive|Time left: 300 sec this turn | 300 sec total\n|\n|t:|1783535020\n|move|p2a: Carbink|Iron Defense|p2a: Carbink\n|-boost|p2a: Carbink|def|2\n|move|p1a: Eelektross|Supercell Slam|p2a: Carbink\n|-damage|p2a: Carbink|85/236\n|\n|upkeep\n|turn|8\n|inactive|Time left: 300 sec this turn | 300 sec total\n|\n|t:|1783535021\n|move|p2a: Carbink|Rest|p2a: Carbink\n|-status|p2a: Carbink|slp|[from] move: Rest\n|-heal|p2a: Carbink|236/236 slp|[silent]\n|-enditem|p2a: Carbink|Chesto Berry|[eat]\n|-curestatus|p2a: Carbink|slp|[msg]\n|move|p1a: Eelektross|Supercell Slam|p2a: Carbink\n|-damage|p2a: Carbink|181/236\n|\n|upkeep\n|turn|9\n|inactive|Time left: 300 sec this turn | 300 sec total\n|\n|t:|1783535022\n|move|p2a: Carbink|Body Press|p1a: Eelektross\n|-damage|p1a: Eelektross|0 fnt\n|faint|p1a: Eelektross\n|\n|upkeep\n|\n|t:|1783535023\n|switch|p1a: Kyogre|Kyogre, L71|100/100\n|-weather|RainDance|[from] ability: Drizzle|[of] p1a: Kyogre\n|turn|10\n|inactive|Time left: 300 sec this turn | 300 sec total\n|\n|t:|1783535024\n|-terastallize|p2a: Carbink|Fighting\n|move|p1a: Kyogre|Water Spout|p2a: Carbink\n|-damage|p2a: Carbink|24/236\n|move|p2a: Carbink|Body Press|p1a: Kyogre\n|-damage|p1a: Kyogre|0 fnt\n|faint|p1a: Kyogre\n|\n|-weather|RainDance|[upkeep]\n|upkeep\n|\n|t:|1783535025\n|switch|p1a: Lucario|Lucario, L84, F|100/100\n|turn|11\n|inactive|Time left: 300 sec this turn | 300 sec total\n|\n|t:|1783535026\n|move|p1a: Lucario|Flash Cannon|p2a: Carbink\n|-damage|p2a: Carbink|0 fnt\n|faint|p2a: Carbink\n|-damage|p1a: Lucario|91/100|[from] item: Life Orb\n|\n|-weather|RainDance|[upkeep]\n|upkeep\n|inactive|Time left: 300 sec this turn | 300 sec total | 5 sec grace\n|\n|t:|1783535027\n|switch|p2a: Iron Leaves|Iron Leaves, L80|275/275\n|turn|12\n|inactive|Time left: 300 sec this turn | 300 sec total\n|\n|t:|1783535028\n|switch|p1a: Mightyena|Mightyena, L96, M|100/100\n|-ability|p1a: Mightyena|Intimidate|boost\n|-unboost|p2a: Iron Leaves|atk|1\n|move|p2a: Iron Leaves|Swords Dance|p2a: Iron Leaves\n|-boost|p2a: Iron Leaves|atk|2\n|\n|-weather|RainDance|[upkeep]\n|upkeep\n|turn|13\n|inactive|Time left: 300 sec this turn | 300 sec total\n|\n|t:|1783535029\n|move|p1a: Mightyena|Sucker Punch|p2a: Iron Leaves\n|-supereffective|p2a: Iron Leaves\n|-damage|p2a: Iron Leaves|93/275\n|move|p2a: Iron Leaves|Close Combat|p1a: Mightyena\n|-supereffective|p1a: Mightyena\n|-damage|p1a: Mightyena|0 fnt\n|-unboost|p2a: Iron Leaves|def|1\n|-unboost|p2a: Iron Leaves|spd|1\n|faint|p1a: Mightyena\n|-damage|p2a: Iron Leaves|66/275|[from] item: Life Orb\n|\n|-weather|RainDance|[upkeep]\n|upkeep\n|\n|t:|1783535030\n|switch|p1a: Pawmot|Pawmot, L80, M|100/100\n|turn|14\n|inactive|Time left: 300 sec this turn | 300 sec total\n|\n|t:|1783535031\n|-end|p2a: Iron Leaves|Quark Drive|[silent]\n|switch|p2a: Gliscor|Gliscor, L76, M|229/239 tox\n|move|p1a: Pawmot|Double Shock|p2a: Gliscor\n|-immune|p2a: Gliscor\n|\n|-weather|none\n|-heal|p2a: Gliscor|239/239 tox|[from] ability: Poison Heal\n|upkeep\n|turn|15\n|inactive|Time left: 300 sec this turn | 300 sec total\n|\n|t:|1783535032\n|move|p1a: Pawmot|Nuzzle|p2a: Gliscor\n|-immune|p2a: Gliscor\n|move|p2a: Gliscor|Earthquake|p1a: Pawmot\n|-supereffective|p1a: Pawmot\n|-damage|p1a: Pawmot|9/100\n|\n|upkeep\n|turn|16\n|inactive|Time left: 300 sec this turn | 300 sec total\n|\n|t:|1783535033\n|switch|p1a: Lucario|Lucario, L84, F|91/100\n|move|p2a: Gliscor|Earthquake|p1a: Lucario\n|-supereffective|p1a: Lucario\n|-damage|p1a: Lucario|6/100\n|\n|upkeep\n|turn|17\n|inactive|Time left: 300 sec this turn | 300 sec total\n|\n|t:|1783535034\n|move|p1a: Lucario|Flash Cannon|p2a: Gliscor\n|-damage|p2a: Gliscor|86/239 tox\n|-damage|p1a: Lucario|0 fnt|[from] item: Life Orb\n|faint|p1a: Lucario\n|move|p2a: Gliscor|Toxic Spikes|p1: Lucario\n|-sidestart|p1: p0x151d174|move: Toxic Spikes\n|\n|-heal|p2a: Gliscor|115/239 tox|[from] ability: Poison Heal\n|upkeep\n|\n|t:|1783535034\n|switch|p1a: Pawmot|Pawmot, L80, M|9/100\n|-status|p1a: Pawmot|psn\n|turn|18\n|inactive|Time left: 300 sec this turn | 300 sec total\n|\n|t:|1783535035\n|move|p1a: Pawmot|Nuzzle|p2a: Gliscor\n|-immune|p2a: Gliscor\n|move|p2a: Gliscor|Knock Off|p1a: Pawmot\n|-resisted|p1a: Pawmot\n|-damage|p1a: Pawmot|0 fnt\n|-enditem|p1a: Pawmot|Leppa Berry|[from] move: Knock Off|[of] p2a: Gliscor\n|faint|p1a: Pawmot\n|\n|win|p0y151364e", "uploadtime": 1783535035, "views": 0, "rating": 0, "private": 0, "password": null, "_winner": "p0y151364e", "_our_name": "p0y151364e"}