{"id": "battle-gen9randombattle-1812", "formatid": "gen9randombattle", "format": "[Gen 9] Random Battle", "players": ["p0x18128e60", "p0y1812a8a6"], "log": "|init|battle\n|title|p0x18128e60 vs. p0y1812a8a6\n|j|\u2606p0x18128e60\n|j|\u2606p0y1812a8a6\n|t:|1783560211\n|gametype|singles\n|player|p1|p0x18128e60|266|\n|player|p2|p0y1812a8a6|2|\n|gen|9\n|tier|[Gen 9] Random Battle\n|rule|Species Clause: Limit one of each Pok\u00e9mon\n|rule|HP Percentage Mod: HP is shown in percentages\n|rule|Sleep Clause Mod: Limit one foe put to sleep\n|rule|Illusion Level Mod: Illusion disguises the Pok\u00e9mon's true level\n|\n|t:|1783560211\n|teamsize|p1|6\n|teamsize|p2|6\n|start\n|switch|p1a: Terrakion|Terrakion, L79|273/273\n|switch|p2a: Giratina|Giratina, L75|100/100\n|-ability|p2a: Giratina|Pressure\n|turn|1\n|inactive|Battle timer is ON: inactive players will automatically lose when time's up. (requested by p0x18128e60)\n|inactive|p0y1812a8a6 also wants the timer to be on.\n|\n|t:|1783560213\n|move|p1a: Terrakion|Stone Edge|p2a: Giratina\n|-damage|p2a: Giratina|59/100\n|move|p2a: Giratina|Dragon Pulse|p1a: Terrakion\n|-damage|p1a: Terrakion|191/273\n|\n|-heal|p2a: Giratina|65/100|[from] item: Leftovers\n|upkeep\n|turn|2\n|inactive|Time left: 300 sec this turn | 300 sec total\n|\n|t:|1783560214\n|move|p1a: Terrakion|Stone Edge|p2a: Giratina|[miss]\n|-miss|p1a: Terrakion|p2a: Giratina\n|move|p2a: Giratina|Calm Mind|p2a: Giratina\n|-boost|p2a: Giratina|spa|1\n|-boost|p2a: Giratina|spd|1\n|\n|-heal|p2a: Giratina|71/100|[from] item: Leftovers\n|upkeep\n|turn|3\n|inactive|Time left: 300 sec this turn | 300 sec total\n|\n|t:|1783560215\n|move|p1a: Terrakion|Stone Edge|p2a: Giratina\n|-damage|p2a: Giratina|27/100\n|move|p2a: Giratina|Dragon Pulse|p1a: Terrakion\n|-damage|p1a: Terrakion|62/273\n|\n|-heal|p2a: Giratina|33/100|[from] item: Leftovers\n|upkeep\n|turn|4\n|inactive|Time left: 300 sec this turn | 300 sec total\n|\n|t:|1783560216\n|move|p1a: Terrakion|Stone Edge|p2a: Giratina\n|-damage|p2a: Giratina|0 fnt\n|faint|p2a: Giratina\n|\n|upkeep\n|\n|t:|1783560217\n|switch|p2a: Gumshoos|Gumshoos, L95, F|100/100\n|turn|5\n|inactive|Time left: 300 sec this turn | 300 sec total\n|\n|t:|1783560219\n|-activate|p1a: Terrakion|move: Struggle\n|move|p1a: Terrakion|Struggle|p2a: Gumshoos\n|-damage|p2a: Gumshoos|78/100\n|-damage|p1a: Terrakion|0 fnt|[from] recoil\n|faint|p1a: Terrakion\n|move|p2a: Gumshoos|Knock Off|p1: Terrakion|[notarget]\n|-fail|p2a: Gumshoos\n|\n|upkeep\n|inactive|Time left: 300 sec this turn | 300 sec total | 5 sec grace\n|\n|t:|1783560219\n|switch|p1a: Exeggutor|Exeggutor-Alola, L89, F|314/314\n|turn|6\n|inactive|Time left: 300 sec this turn | 300 sec total\n|\n|t:|1783560221\n|move|p2a: Gumshoos|Knock Off|p1a: Exeggutor\n|-damage|p1a: Exeggutor|168/314\n|-enditem|p1a: Exeggutor|Sitrus Berry|[from] move: Knock Off|[of] p2a: Gumshoos\n|move|p1a: Exeggutor|Giga Drain|p2a: Gumshoos\n|-damage|p2a: Gumshoos|37/100\n|-heal|p1a: Exeggutor|234/314|[from] drain|[of] p2a: Gumshoos\n|\n|upkeep\n|turn|7\n|inactive|Time left: 300 sec this turn | 300 sec total\n|\n|t:|1783560222\n|move|p2a: Gumshoos|Knock Off|p1a: Exeggutor\n|-damage|p1a: Exeggutor|135/314\n|move|p1a: Exeggutor|Giga Drain|p2a: Gumshoos\n|-damage|p2a: Gumshoos|0 fnt\n|-heal|p1a: Exeggutor|194/314|[from] drain|[of] p2a: Gumshoos\n|faint|p2a: Gumshoos\n|\n|upkeep\n|\n|t:|1783560223\n|switch|p2a: Espathra|Espathra, L80, M|100/100\n|turn|8\n|inactive|Time left: 300 sec this turn | 300 sec total\n|\n|t:|1783560224\n|move|p2a: Espathra|Lumina Crash|p1a: Exeggutor\n|-damage|p1a: Exeggutor|61/314\n|-unboost|p1a: Exeggutor|spd|2\n|move|p1a: Exeggutor|Giga Drain|p2a: Espathra\n|-damage|p2a: Espathra|47/100\n|-heal|p1a: Exeggutor|136/314|[from] drain|[of] p2a: Espathra\n|\n|-ability|p2a: Espathra|Speed Boost|boost\n|-boost|p2a: Espathra|spe|1\n|upkeep\n|turn|9\n|inactive|Time left: 300 sec this turn | 300 sec total\n|\n|t:|1783560225\n|move|p2a: Espathra|Lumina Crash|p1a: Exeggutor\n|-damage|p1a: Exeggutor|0 fnt\n|faint|p1a: Exeggutor\n|\n|-ability|p2a: Espathra|Speed Boost|boost\n|-boost|p2a: Espathra|spe|1\n|upkeep\n|inactive|Time left: 300 sec this turn | 300 sec total | 5 sec grace\n|\n|t:|1783560226\n|switch|p1a: Trevenant|Trevenant, L89, M|296/296\n|turn|10\n|inactive|Time left: 300 sec this turn | 300 sec total\n|\n|t:|1783560227\n|move|p2a: Espathra|Lumina Crash|p1a: Trevenant\n|-damage|p1a: Trevenant|176/296\n|-unboost|p1a: Trevenant|spd|2\n|move|p1a: Trevenant|Poltergeist|p2a: Espathra\n|-activate|p2a: Espathra|move: Poltergeist|Choice Specs\n|-supereffective|p2a: Espathra\n|-damage|p2a: Espathra|0 fnt\n|faint|p2a: Espathra\n|\n|upkeep\n|\n|t:|1783560228\n|switch|p2a: Grafaiai|Grafaiai, L86, M|100/100\n|turn|11\n|inactive|Time left: 300 sec this turn | 300 sec total\n|\n|t:|1783560229\n|move|p2a: Grafaiai|Swords Dance|p2a: Grafaiai\n|-boost|p2a: Grafaiai|atk|2\n|move|p1a: Trevenant|Drain Punch|p2a: Grafaiai\n|-damage|p2a: Grafaiai|68/100\n|-heal|p1a: Trevenant|217/296|[from] drain|[of] p2a: Grafaiai\n|\n|upkeep\n|turn|12\n|inactive|Time left: 300 sec this turn | 300 sec total\n|\n|t:|1783560230\n|move|p1a: Trevenant|Protect|p1a: Trevenant\n|-singleturn|p1a: Trevenant|Protect\n|move|p2a: Grafaiai|Gunk Shot|p1a: Trevenant\n|-activate|p1a: Trevenant|move: Protect\n|\n|upkeep\n|turn|13\n|inactive|Time left: 300 sec this turn | 300 sec total\n|\n|t:|1783560231\n|move|p2a: Grafaiai|Gunk Shot|p1a: Trevenant\n|-crit|p1a: Trevenant\n|-damage|p1a: Trevenant|0 fnt\n|faint|p1a: Trevenant\n|-damage|p2a: Grafaiai|58/100|[from] item: Life Orb\n|\n|upkeep\n|inactive|Time left: 300 sec this turn | 300 sec total | 5 sec grace\n|\n|t:|1783560232\n|switch|p1a: Cetitan|Cetitan, L82, M|413/413\n|turn|14\n|inactive|Time left: 300 sec this turn | 300 sec total\n|\n|t:|1783560233\n|-terastallize|p1a: Cetitan|Water\n|move|p2a: Grafaiai|Low Kick|p1a: Cetitan\n|-crit|p1a: Cetitan\n|-damage|p1a: Cetitan|0 fnt\n|faint|p1a: Cetitan\n|-damage|p2a: Grafaiai|48/100|[from] item: Life Orb\n|\n|upkeep\n|inactive|Time left: 300 sec this turn | 300 sec total | 5 sec grace\n|\n|t:|1783560233\n|switch|p1a: Electivire|Electivire, L84, M|263/263\n|turn|15\n|inactive|Time left: 300 sec this turn | 300 sec total\n|\n|t:|1783560234\n|-terastallize|p2a: Grafaiai|Dark\n|move|p2a: Grafaiai|Knock Off|p1a: Electivire\n|-damage|p1a: Electivire|0 fnt\n|-enditem|p1a: Electivire|Life Orb|[from] move: Knock Off|[of] p2a: Grafaiai\n|faint|p1a: Electivire\n|-damage|p2a: Grafaiai|39/100|[from] item: Life Orb\n|\n|upkeep\n|inactive|Time left: 300 sec this turn | 300 sec total | 5 sec grace\n|\n|t:|1783560235\n|switch|p1a: Porygon-Z|Porygon-Z, L83|277/277\n|turn|16\n|inactive|Time left: 300 sec this turn | 300 sec total\n|\n|t:|1783560236\n|move|p2a: Grafaiai|Knock Off|p1a: Porygon-Z\n|-damage|p1a: Porygon-Z|0 fnt\n|-enditem|p1a: Porygon-Z|Life Orb|[from] move: Knock Off|[of] p2a: Grafaiai\n|faint|p1a: Porygon-Z\n|-damage|p2a: Grafaiai|29/100|[from] item: Life Orb\n|\n|win|p0y1812a8a6", "uploadtime": 1783560236, "views": 0, "rating": 0, "private": 0, "password": null, "_winner": "p0y1812a8a6", "_our_name": "p0x18128e60"}