{"id": "battle-gen9randombattle-1030", "formatid": "gen9randombattle", "format": "[Gen 9] Random Battle", "players": ["p0x1030ad0b", "p0y103067d3"], "log": "|init|battle\n|title|p0x1030ad0b vs. p0y103067d3\n|j|\u2606p0x1030ad0b\n|j|\u2606p0y103067d3\n|t:|1783551838\n|gametype|singles\n|player|p1|p0x1030ad0b|170|\n|player|p2|p0y103067d3|2|\n|gen|9\n|tier|[Gen 9] Random Battle\n|rule|Species Clause: Limit one of each Pok\u00e9mon\n|rule|HP Percentage Mod: HP is shown in percentages\n|rule|Sleep Clause Mod: Limit one foe put to sleep\n|rule|Illusion Level Mod: Illusion disguises the Pok\u00e9mon's true level\n|\n|t:|1783551838\n|teamsize|p1|6\n|teamsize|p2|6\n|start\n|switch|p1a: Garchomp|Garchomp, L74, F|282/282\n|switch|p2a: Gumshoos|Gumshoos, L95, M|100/100\n|turn|1\n|inactive|Battle timer is ON: inactive players will automatically lose when time's up. (requested by p0x1030ad0b)\n|inactive|p0y103067d3 also wants the timer to be on.\n|\n|t:|1783551840\n|move|p1a: Garchomp|Swords Dance|p1a: Garchomp\n|-boost|p1a: Garchomp|atk|2\n|move|p2a: Gumshoos|Earthquake|p1a: Garchomp\n|-damage|p1a: Garchomp|113/282\n|\n|upkeep\n|turn|2\n|inactive|Time left: 300 sec this turn | 300 sec total\n|\n|t:|1783551841\n|move|p1a: Garchomp|Earthquake|p2a: Gumshoos\n|-damage|p2a: Gumshoos|22/100\n|move|p2a: Gumshoos|Earthquake|p1a: Garchomp\n|-damage|p1a: Garchomp|0 fnt\n|faint|p1a: Garchomp\n|\n|upkeep\n|inactive|Time left: 300 sec this turn | 300 sec total | 5 sec grace\n|\n|t:|1783551842\n|switch|p1a: Hawlucha|Hawlucha, L80, F|256/256\n|turn|3\n|inactive|Time left: 300 sec this turn | 300 sec total\n|\n|t:|1783551843\n|switch|p2a: Vikavolt|Vikavolt, L83, F|100/100\n|move|p1a: Hawlucha|Swords Dance|p1a: Hawlucha\n|-boost|p1a: Hawlucha|atk|2\n|\n|upkeep\n|turn|4\n|inactive|Time left: 300 sec this turn | 300 sec total\n|\n|t:|1783551845\n|move|p1a: Hawlucha|Stone Edge|p2a: Vikavolt\n|-supereffective|p2a: Vikavolt\n|-damage|p2a: Vikavolt|12/100\n|move|p2a: Vikavolt|Thunderbolt|p1a: Hawlucha\n|-supereffective|p1a: Hawlucha\n|-damage|p1a: Hawlucha|0 fnt\n|faint|p1a: Hawlucha\n|\n|upkeep\n|inactive|Time left: 300 sec this turn | 300 sec total | 5 sec grace\n|\n|t:|1783551846\n|switch|p1a: Sylveon|Sylveon, L85, M|300/300\n|turn|5\n|inactive|Time left: 300 sec this turn | 300 sec total\n|\n|t:|1783551847\n|switch|p2a: Flareon|Flareon, L90, F|100/100\n|move|p1a: Sylveon|Hyper Voice|p2a: Flareon\n|-resisted|p2a: Flareon\n|-damage|p2a: Flareon|81/100\n|\n|-status|p2a: Flareon|tox|[from] item: Toxic Orb\n|upkeep\n|turn|6\n|inactive|Time left: 300 sec this turn | 300 sec total\n|\n|t:|1783551848\n|switch|p1a: Sudowoodo|Sudowoodo, L94, F|284/284\n|move|p2a: Flareon|Flare Blitz|p1a: Sudowoodo\n|-resisted|p1a: Sudowoodo\n|-damage|p1a: Sudowoodo|181/284\n|-damage|p2a: Flareon|68/100 tox|[from] Recoil\n|\n|-heal|p1a: Sudowoodo|198/284|[from] item: Leftovers\n|-damage|p2a: Flareon|62/100 tox|[from] psn\n|upkeep\n|turn|7\n|inactive|Time left: 300 sec this turn | 300 sec total\n|\n|t:|1783551849\n|move|p2a: Flareon|Trailblaze|p1a: Sudowoodo\n|-supereffective|p1a: Sudowoodo\n|-damage|p1a: Sudowoodo|82/284\n|-boost|p2a: Flareon|spe|1\n|move|p1a: Sudowoodo|Head Smash|p2a: Flareon\n|-supereffective|p2a: Flareon\n|-damage|p2a: Flareon|0 fnt\n|faint|p2a: Flareon\n|\n|-heal|p1a: Sudowoodo|99/284|[from] item: Leftovers\n|upkeep\n|\n|t:|1783551850\n|switch|p2a: Vikavolt|Vikavolt, L83, F|12/100\n|turn|8\n|inactive|Time left: 300 sec this turn | 300 sec total\n|\n|t:|1783551852\n|switch|p1a: Sylveon|Sylveon, L85, M|300/300\n|move|p2a: Vikavolt|Sticky Web|p1a: Sylveon\n|-sidestart|p1: p0x1030ad0b|move: Sticky Web\n|\n|upkeep\n|turn|9\n|inactive|Time left: 300 sec this turn | 300 sec total\n|\n|t:|1783551853\n|switch|p2a: Whiscash|Whiscash, L88, F|100/100\n|move|p1a: Sylveon|Calm Mind|p1a: Sylveon\n|-boost|p1a: Sylveon|spa|1\n|-boost|p1a: Sylveon|spd|1\n|\n|upkeep\n|turn|10\n|inactive|Time left: 300 sec this turn | 300 sec total\n|\n|t:|1783551854\n|move|p2a: Whiscash|Earthquake|p1a: Sylveon\n|-damage|p1a: Sylveon|174/300\n|move|p1a: Sylveon|Hyper Voice|p2a: Whiscash\n|-damage|p2a: Whiscash|30/100\n|\n|-heal|p2a: Whiscash|36/100|[from] item: Leftovers\n|-heal|p1a: Sylveon|192/300|[from] item: Leftovers\n|upkeep\n|turn|11\n|inactive|Time left: 300 sec this turn | 300 sec total\n|\n|t:|1783551855\n|move|p2a: Whiscash|Earthquake|p1a: Sylveon\n|-damage|p1a: Sylveon|75/300\n|move|p1a: Sylveon|Hyper Voice|p2a: Whiscash\n|-damage|p2a: Whiscash|0 fnt\n|faint|p2a: Whiscash\n|\n|-heal|p1a: Sylveon|93/300|[from] item: Leftovers\n|upkeep\n|\n|t:|1783551856\n|switch|p2a: Urshifu|Urshifu, L74, M|100/100\n|turn|12\n|inactive|Time left: 300 sec this turn | 300 sec total\n|\n|t:|1783551857\n|move|p2a: Urshifu|Wicked Blow|p1a: Sylveon\n|-resisted|p1a: Sylveon\n|-crit|p1a: Sylveon\n|-damage|p1a: Sylveon|0 fnt\n|faint|p1a: Sylveon\n|-damage|p2a: Urshifu|90/100|[from] item: Life Orb\n|\n|upkeep\n|inactive|Time left: 300 sec this turn | 300 sec total | 5 sec grace\n|\n|t:|1783551858\n|switch|p1a: Granbull|Granbull, L88, M|302/302\n|-activate|p1a: Granbull|move: Sticky Web\n|-unboost|p1a: Granbull|spe|1\n|-ability|p1a: Granbull|Intimidate|boost\n|-unboost|p2a: Urshifu|atk|1\n|turn|13\n|inactive|Time left: 300 sec this turn | 300 sec total\n|\n|t:|1783551859\n|switch|p2a: Toucannon|Toucannon, L88, F|100/100\n|move|p1a: Granbull|Play Rough|p2a: Toucannon\n|-damage|p2a: Toucannon|50/100\n|\n|upkeep\n|turn|14\n|inactive|Time left: 300 sec this turn | 300 sec total\n|\n|t:|1783551860\n|move|p2a: Toucannon|Roost|p2a: Toucannon\n|-heal|p2a: Toucannon|100/100\n|-singleturn|p2a: Toucannon|move: Roost\n|move|p1a: Granbull|Play Rough|p2a: Toucannon\n|-damage|p2a: Toucannon|56/100\n|\n|upkeep\n|turn|15\n|inactive|Time left: 300 sec this turn | 300 sec total\n|\n|t:|1783551861\n|-singleturn|p2a: Toucannon|move: Beak Blast\n|move|p1a: Granbull|Play Rough|p2a: Toucannon\n|-damage|p2a: Toucannon|11/100\n|-status|p1a: Granbull|brn\n|move|p2a: Toucannon|Beak Blast|p1a: Granbull\n|-crit|p1a: Granbull\n|-damage|p1a: Granbull|67/302 brn\n|\n|-heal|p1a: Granbull|85/302 brn|[from] item: Leftovers\n|-damage|p1a: Granbull|67/302 brn|[from] brn\n|upkeep\n|turn|16\n|inactive|Time left: 300 sec this turn | 300 sec total\n|\n|t:|1783551863\n|move|p2a: Toucannon|Roost|p2a: Toucannon\n|-heal|p2a: Toucannon|61/100\n|-singleturn|p2a: Toucannon|move: Roost\n|move|p1a: Granbull|Play Rough|p2a: Toucannon\n|-damage|p2a: Toucannon|35/100\n|\n|-heal|p1a: Granbull|85/302 brn|[from] item: Leftovers\n|-damage|p1a: Granbull|67/302 brn|[from] brn\n|upkeep\n|turn|17\n|inactive|Time left: 300 sec this turn | 300 sec total\n|\n|t:|1783551864\n|move|p2a: Toucannon|Roost|p2a: Toucannon\n|-heal|p2a: Toucannon|85/100\n|-singleturn|p2a: Toucannon|move: Roost\n|move|p1a: Granbull|Play Rough|p2a: Toucannon\n|-damage|p2a: Toucannon|63/100\n|\n|-heal|p1a: Granbull|85/302 brn|[from] item: Leftovers\n|-damage|p1a: Granbull|67/302 brn|[from] brn\n|upkeep\n|turn|18\n|inactive|Time left: 300 sec this turn | 300 sec total\n|\n|t:|1783551865\n|move|p2a: Toucannon|Roost|p2a: Toucannon\n|-heal|p2a: Toucannon|100/100\n|-singleturn|p2a: Toucannon|move: Roost\n|move|p1a: Granbull|Play Rough|p2a: Toucannon\n|-damage|p2a: Toucannon|75/100\n|\n|-heal|p1a: Granbull|85/302 brn|[from] item: Leftovers\n|-damage|p1a: Granbull|67/302 brn|[from] brn\n|upkeep\n|turn|19\n|inactive|Time left: 300 sec this turn | 300 sec total\n|\n|t:|1783551866\n|move|p2a: Toucannon|Bullet Seed|p1a: Granbull\n|-damage|p1a: Granbull|43/302 brn\n|-damage|p1a: Granbull|20/302 brn\n|-damage|p1a: Granbull|0 fnt\n|faint|p1a: Granbull\n|-hitcount|p1: Granbull|3\n|\n|upkeep\n|inactive|Time left: 300 sec this turn | 300 sec total | 5 sec grace\n|\n|t:|1783551867\n|switch|p1a: Sudowoodo|Sudowoodo, L94, F|99/284\n|-activate|p1a: Sudowoodo|move: Sticky Web\n|-unboost|p1a: Sudowoodo|spe|1\n|turn|20\n|inactive|Time left: 300 sec this turn | 300 sec total\n|\n|t:|1783551868\n|-terastallize|p1a: Sudowoodo|Grass\n|move|p2a: Toucannon|Bullet Seed|p1a: Sudowoodo\n|-resisted|p1a: Sudowoodo\n|-damage|p1a: Sudowoodo|90/284\n|-resisted|p1a: Sudowoodo\n|-damage|p1a: Sudowoodo|82/284\n|-resisted|p1a: Sudowoodo\n|-damage|p1a: Sudowoodo|74/284\n|-resisted|p1a: Sudowoodo\n|-damage|p1a: Sudowoodo|65/284\n|-resisted|p1a: Sudowoodo\n|-damage|p1a: Sudowoodo|57/284\n|-hitcount|p1a: Sudowoodo|5\n|move|p1a: Sudowoodo|Head Smash|p2a: Toucannon\n|-supereffective|p2a: Toucannon\n|-damage|p2a: Toucannon|0 fnt\n|faint|p2a: Toucannon\n|\n|-heal|p1a: Sudowoodo|74/284|[from] item: Leftovers\n|upkeep\n|\n|t:|1783551869\n|switch|p2a: Urshifu|Urshifu, L74, M|90/100\n|turn|21\n|inactive|Time left: 300 sec this turn | 300 sec total\n|\n|t:|1783551870\n|-terastallize|p2a: Urshifu|Poison\n|move|p2a: Urshifu|Wicked Blow|p1a: Sudowoodo\n|-crit|p1a: Sudowoodo\n|-damage|p1a: Sudowoodo|0 fnt\n|faint|p1a: Sudowoodo\n|-damage|p2a: Urshifu|80/100|[from] item: Life Orb\n|\n|upkeep\n|inactive|Time left: 300 sec this turn | 300 sec total | 5 sec grace\n|\n|t:|1783551871\n|switch|p1a: Dondozo|Dondozo, L78, M|362/362\n|-activate|p1a: Dondozo|move: Sticky Web\n|-unboost|p1a: Dondozo|spe|1\n|turn|22\n|inactive|Time left: 300 sec this turn | 300 sec total\n|\n|t:|1783551872\n|switch|p2a: Gumshoos|Gumshoos, L95, M|22/100\n|move|p1a: Dondozo|Curse|p1a: Dondozo\n|-unboost|p1a: Dondozo|spe|1\n|-boost|p1a: Dondozo|atk|1\n|-boost|p1a: Dondozo|def|1\n|\n|upkeep\n|turn|23\n|inactive|Time left: 300 sec this turn | 300 sec total\n|\n|t:|1783551873\n|move|p2a: Gumshoos|Double-Edge|p1a: Dondozo\n|-damage|p1a: Dondozo|200/362\n|-damage|p2a: Gumshoos|5/100|[from] Recoil\n|move|p1a: Dondozo|Curse|p1a: Dondozo\n|-unboost|p1a: Dondozo|spe|1\n|-boost|p1a: Dondozo|atk|1\n|-boost|p1a: Dondozo|def|1\n|\n|-heal|p1a: Dondozo|222/362|[from] item: Leftovers\n|upkeep\n|turn|24\n|inactive|Time left: 300 sec this turn | 300 sec total\n|\n|t:|1783551873\n|move|p2a: Gumshoos|Double-Edge|p1a: Dondozo\n|-damage|p1a: Dondozo|113/362\n|-damage|p2a: Gumshoos|0 fnt|[from] Recoil\n|faint|p2a: Gumshoos\n|move|p1a: Dondozo|Rest|p1a: Dondozo\n|-status|p1a: Dondozo|slp|[from] move: Rest\n|-heal|p1a: Dondozo|362/362 slp|[silent]\n|\n|upkeep\n|\n|t:|1783551875\n|switch|p2a: Vikavolt|Vikavolt, L83, F|12/100\n|turn|25\n|inactive|Time left: 300 sec this turn | 300 sec total\n|\n|t:|1783551876\n|move|p2a: Vikavolt|Thunderbolt|p1a: Dondozo\n|-supereffective|p1a: Dondozo\n|-damage|p1a: Dondozo|8/362 slp\n|cant|p1a: Dondozo|slp\n|move|p1a: Dondozo|Sleep Talk|p1a: Dondozo\n|move|p1a: Dondozo|Wave Crash|p2a: Vikavolt|[from] move: Sleep Talk\n|-crit|p2a: Vikavolt\n|-damage|p2a: Vikavolt|0 fnt\n|faint|p2a: Vikavolt\n|-damage|p1a: Dondozo|0 fnt|[from] Recoil\n|faint|p1a: Dondozo\n|\n|win|p0y103067d3", "uploadtime": 1783551876, "views": 0, "rating": 0, "private": 0, "password": null, "_winner": "p0y103067d3", "_our_name": "p0x1030ad0b"}