{"id": "battle-gen9randombattle-12", "formatid": "gen9randombattle", "format": "[Gen 9] Random Battle", "players": ["p0x0125f8e", "p0y012ed8c"], "log": "|init|battle\n|title|p0x0125f8e vs. p0y012ed8c\n|j|\u2606p0x0125f8e\n|j|\u2606p0y012ed8c\n|t:|1783533958\n|gametype|singles\n|player|p1|p0x0125f8e|2|\n|player|p2|p0y012ed8c|2|\n|gen|9\n|tier|[Gen 9] Random Battle\n|rule|Species Clause: Limit one of each Pok\u00e9mon\n|rule|HP Percentage Mod: HP is shown in percentages\n|rule|Sleep Clause Mod: Limit one foe put to sleep\n|rule|Illusion Level Mod: Illusion disguises the Pok\u00e9mon's true level\n|\n|t:|1783533958\n|teamsize|p1|6\n|teamsize|p2|6\n|start\n|switch|p1a: Rhyperior|Rhyperior, L82, F|323/323\n|switch|p2a: Kilowattrel|Kilowattrel, L83, M|100/100\n|turn|1\n|inactive|Battle timer is ON: inactive players will automatically lose when time's up. (requested by p0x0125f8e)\n|inactive|p0y012ed8c also wants the timer to be on.\n|\n|t:|1783533960\n|move|p2a: Kilowattrel|U-turn|p1a: Rhyperior\n|-damage|p1a: Rhyperior|291/323\n|\n|t:|1783533961\n|switch|p2a: Necrozma|Necrozma-Dawn-Wings, L76|100/100|[from] U-turn\n|move|p1a: Rhyperior|Stone Edge|p2a: Necrozma\n|-damage|p2a: Necrozma|34/100\n|\n|upkeep\n|turn|2\n|inactive|Time left: 300 sec this turn | 300 sec total\n|\n|t:|1783533963\n|move|p2a: Necrozma|Moongeist Beam|p1a: Rhyperior\n|-damage|p1a: Rhyperior|56/323\n|-damage|p2a: Necrozma|24/100|[from] item: Life Orb\n|move|p1a: Rhyperior|Stone Edge|p2a: Necrozma\n|-damage|p2a: Necrozma|0 fnt\n|faint|p2a: Necrozma\n|\n|upkeep\n|\n|t:|1783533964\n|switch|p2a: Terrakion|Terrakion, L79|100/100\n|turn|3\n|inactive|Time left: 300 sec this turn | 300 sec total\n|\n|t:|1783533965\n|switch|p1a: Conkeldurr|Conkeldurr, L80, M|299/299\n|move|p2a: Terrakion|Stone Edge|p1a: Conkeldurr\n|-resisted|p1a: Conkeldurr\n|-damage|p1a: Conkeldurr|211/299\n|\n|-status|p1a: Conkeldurr|brn|[from] item: Flame Orb\n|upkeep\n|turn|4\n|inactive|Time left: 300 sec this turn | 300 sec total\n|\n|t:|1783533966\n|move|p2a: Terrakion|Stone Edge|p1a: Conkeldurr|[miss]\n|-miss|p2a: Terrakion|p1a: Conkeldurr\n|move|p1a: Conkeldurr|Close Combat|p2a: Terrakion\n|-supereffective|p2a: Terrakion\n|-damage|p2a: Terrakion|0 fnt\n|-unboost|p1a: Conkeldurr|def|1\n|-unboost|p1a: Conkeldurr|spd|1\n|faint|p2a: Terrakion\n|\n|-damage|p1a: Conkeldurr|193/299 brn|[from] brn\n|upkeep\n|\n|t:|1783533967\n|switch|p2a: Ludicolo|Ludicolo, L90, F|100/100\n|turn|5\n|inactive|Time left: 300 sec this turn | 300 sec total\n|\n|t:|1783533968\n|switch|p1a: Meganium|Meganium, L90, M|290/290\n|move|p2a: Ludicolo|Hydro Pump|p1a: Meganium\n|-resisted|p1a: Meganium\n|-damage|p1a: Meganium|217/290\n|-damage|p2a: Ludicolo|90/100|[from] item: Life Orb\n|\n|-heal|p1a: Meganium|235/290|[from] item: Leftovers\n|upkeep\n|turn|6\n|inactive|Time left: 300 sec this turn | 300 sec total\n|\n|t:|1783533969\n|move|p1a: Meganium|Swords Dance|p1a: Meganium\n|-boost|p1a: Meganium|atk|2\n|move|p2a: Ludicolo|Ice Beam|p1a: Meganium\n|-supereffective|p1a: Meganium\n|-damage|p1a: Meganium|82/290\n|-damage|p2a: Ludicolo|80/100|[from] item: Life Orb\n|\n|-heal|p1a: Meganium|100/290|[from] item: Leftovers\n|upkeep\n|turn|7\n|inactive|Time left: 300 sec this turn | 300 sec total\n|\n|t:|1783533970\n|move|p1a: Meganium|Petal Blizzard|p2a: Ludicolo\n|-damage|p2a: Ludicolo|10/100\n|move|p2a: Ludicolo|Ice Beam|p1a: Meganium\n|-supereffective|p1a: Meganium\n|-damage|p1a: Meganium|0 fnt\n|faint|p1a: Meganium\n|-damage|p2a: Ludicolo|0 fnt|[from] item: Life Orb\n|faint|p2a: Ludicolo\n|\n|upkeep\n|inactive|Time left: 300 sec this turn | 300 sec total | 5 sec grace\n|\n|t:|1783533971\n|switch|p1a: Sandaconda|Sandaconda, L84, F|258/258\n|switch|p2a: Kilowattrel|Kilowattrel, L83, M|100/100\n|turn|8\n|inactive|Time left: 300 sec this turn | 300 sec total\n|\n|t:|1783533972\n|move|p2a: Kilowattrel|Hurricane|p1a: Sandaconda\n|-damage|p1a: Sandaconda|107/258\n|-start|p1a: Sandaconda|confusion\n|-activate|p1a: Sandaconda|confusion\n|-damage|p1a: Sandaconda|83/258|[from] confusion\n|\n|upkeep\n|turn|9\n|inactive|Time left: 300 sec this turn | 300 sec total\n|\n|t:|1783533973\n|move|p2a: Kilowattrel|Hurricane|p1a: Sandaconda\n|-damage|p1a: Sandaconda|0 fnt\n|faint|p1a: Sandaconda\n|\n|upkeep\n|inactive|Time left: 300 sec this turn | 300 sec total | 5 sec grace\n|\n|t:|1783533974\n|switch|p1a: Rhyperior|Rhyperior, L82, F|56/323\n|turn|10\n|inactive|Time left: 300 sec this turn | 300 sec total\n|\n|t:|1783533975\n|move|p2a: Kilowattrel|Hurricane|p1a: Rhyperior\n|-resisted|p1a: Rhyperior\n|-damage|p1a: Rhyperior|0 fnt\n|faint|p1a: Rhyperior\n|\n|upkeep\n|inactive|Time left: 300 sec this turn | 300 sec total | 5 sec grace\n|\n|t:|1783533975\n|switch|p1a: Heatran|Heatran, L79, F|273/273\n|-item|p1a: Heatran|Air Balloon\n|turn|11\n|inactive|Time left: 300 sec this turn | 300 sec total\n|\n|t:|1783533976\n|move|p2a: Kilowattrel|Thunderbolt|p1a: Heatran\n|-damage|p1a: Heatran|179/273\n|-enditem|p1a: Heatran|Air Balloon\n|move|p1a: Heatran|Magma Storm|p2a: Kilowattrel\n|-damage|p2a: Kilowattrel|43/100\n|-activate|p2a: Kilowattrel|move: Magma Storm|[of] p1a: Heatran\n|\n|-damage|p2a: Kilowattrel|31/100|[from] move: Magma Storm|[partiallytrapped]\n|upkeep\n|turn|12\n|inactive|Time left: 300 sec this turn | 300 sec total\n|\n|t:|1783533977\n|move|p2a: Kilowattrel|Roost|p2a: Kilowattrel\n|-heal|p2a: Kilowattrel|81/100\n|-singleturn|p2a: Kilowattrel|move: Roost\n|move|p1a: Heatran|Heavy Slam|p2a: Kilowattrel\n|-resisted|p2a: Kilowattrel\n|-damage|p2a: Kilowattrel|54/100\n|\n|-damage|p2a: Kilowattrel|41/100|[from] move: Magma Storm|[partiallytrapped]\n|upkeep\n|turn|13\n|inactive|Time left: 300 sec this turn | 300 sec total\n|\n|t:|1783533978\n|move|p2a: Kilowattrel|Thunderbolt|p1a: Heatran\n|-damage|p1a: Heatran|80/273\n|move|p1a: Heatran|Magma Storm|p2a: Kilowattrel\n|-damage|p2a: Kilowattrel|0 fnt\n|faint|p2a: Kilowattrel\n|\n|upkeep\n|\n|t:|1783533979\n|switch|p2a: Volbeat|Volbeat, L90, M|100/100\n|turn|14\n|inactive|Time left: 300 sec this turn | 300 sec total\n|\n|t:|1783533979\n|move|p2a: Volbeat|Lunge|p1a: Heatran\n|-resisted|p1a: Heatran\n|-damage|p1a: Heatran|61/273\n|-unboost|p1a: Heatran|atk|1\n|move|p1a: Heatran|Magma Storm|p2a: Volbeat\n|-supereffective|p2a: Volbeat\n|-damage|p2a: Volbeat|12/100\n|-activate|p2a: Volbeat|move: Magma Storm|[of] p1a: Heatran\n|\n|-damage|p2a: Volbeat|0 fnt|[from] move: Magma Storm|[partiallytrapped]\n|faint|p2a: Volbeat\n|upkeep\n|\n|t:|1783533980\n|switch|p2a: Whimsicott|Whimsicott, L84, F|100/100\n|turn|15\n|inactive|Time left: 300 sec this turn | 300 sec total\n|\n|t:|1783533981\n|move|p2a: Whimsicott|Moonblast|p1a: Heatran\n|-resisted|p1a: Heatran\n|-damage|p1a: Heatran|42/273\n|-unboost|p1a: Heatran|spa|1\n|move|p1a: Heatran|Magma Storm|p2a: Whimsicott\n|-supereffective|p2a: Whimsicott\n|-damage|p2a: Whimsicott|22/100\n|-activate|p2a: Whimsicott|move: Magma Storm|[of] p1a: Heatran\n|\n|-damage|p2a: Whimsicott|9/100|[from] move: Magma Storm|[partiallytrapped]\n|upkeep\n|turn|16\n|inactive|Time left: 300 sec this turn | 300 sec total\n|\n|t:|1783533982\n|move|p2a: Whimsicott|Giga Drain|p1a: Heatran\n|-resisted|p1a: Heatran\n|-damage|p1a: Heatran|26/273\n|-heal|p2a: Whimsicott|13/100|[from] drain|[of] p1a: Heatran\n|move|p1a: Heatran|Heavy Slam|p2a: Whimsicott\n|-supereffective|p2a: Whimsicott\n|-damage|p2a: Whimsicott|0 fnt\n|faint|p2a: Whimsicott\n|\n|win|p0x0125f8e", "uploadtime": 1783533982, "views": 0, "rating": 0, "private": 0, "password": null, "_winner": "p0x0125f8e", "_our_name": "p0x0125f8e"}