{"id": "battle-gen9randombattle-2949", "formatid": "gen9randombattle", "format": "[Gen 9] Random Battle", "players": ["p0x2949b531", "p0y29490b89"], "log": "|init|battle\n|title|p0x2949b531 vs. p0y29490b89\n|j|\u2606p0x2949b531\n|j|\u2606p0y29490b89\n|t:|1783572991\n|gametype|singles\n|player|p1|p0x2949b531|102|\n|player|p2|p0y29490b89|169|\n|gen|9\n|tier|[Gen 9] Random Battle\n|rule|Species Clause: Limit one of each Pok\u00e9mon\n|rule|HP Percentage Mod: HP is shown in percentages\n|rule|Sleep Clause Mod: Limit one foe put to sleep\n|rule|Illusion Level Mod: Illusion disguises the Pok\u00e9mon's true level\n|\n|t:|1783572991\n|teamsize|p1|6\n|teamsize|p2|6\n|start\n|switch|p1a: Venomoth|Venomoth, L84, M|100/100\n|switch|p2a: Manaphy|Manaphy, L78|284/284\n|turn|1\n|inactive|Battle timer is ON: inactive players will automatically lose when time's up. (requested by p0x2949b531)\n|inactive|Time left: 300 sec this turn | 300 sec total | 60 sec grace\n|inactive|p0y29490b89 also wants the timer to be on.\n|\n|t:|1783572992\n|move|p2a: Manaphy|Tail Glow|p2a: Manaphy\n|-boost|p2a: Manaphy|spa|3\n|move|p1a: Venomoth|Quiver Dance|p1a: Venomoth\n|-boost|p1a: Venomoth|spa|1\n|-boost|p1a: Venomoth|spd|1\n|-boost|p1a: Venomoth|spe|1\n|\n|upkeep\n|turn|2\n|inactive|Time left: 300 sec this turn | 300 sec total\n|\n|t:|1783572993\n|move|p1a: Venomoth|Sleep Powder|p2a: Manaphy\n|-status|p2a: Manaphy|slp|[from] move: Sleep Powder\n|cant|p2a: Manaphy|slp\n|\n|upkeep\n|turn|3\n|inactive|Time left: 300 sec this turn | 300 sec total\n|\n|t:|1783572994\n|move|p1a: Venomoth|Quiver Dance|p1a: Venomoth\n|-boost|p1a: Venomoth|spa|1\n|-boost|p1a: Venomoth|spd|1\n|-boost|p1a: Venomoth|spe|1\n|cant|p2a: Manaphy|slp\n|\n|upkeep\n|turn|4\n|inactive|Time left: 300 sec this turn | 300 sec total\n|\n|t:|1783572995\n|move|p1a: Venomoth|Sludge Wave|p2a: Manaphy\n|-damage|p2a: Manaphy|94/284 slp\n|-curestatus|p2a: Manaphy|slp|[msg]\n|move|p2a: Manaphy|Ice Beam|p1a: Venomoth\n|-damage|p1a: Venomoth|67/100\n|\n|-heal|p2a: Manaphy|111/284|[from] item: Leftovers\n|upkeep\n|turn|5\n|inactive|Time left: 300 sec this turn | 300 sec total\n|\n|t:|1783572996\n|move|p1a: Venomoth|Sludge Wave|p2a: Manaphy\n|-damage|p2a: Manaphy|0 fnt\n|faint|p2a: Manaphy\n|\n|upkeep\n|inactive|Time left: 300 sec this turn | 300 sec total | 5 sec grace\n|\n|t:|1783572997\n|switch|p2a: Brambleghast|Brambleghast, L88, F|240/240\n|turn|6\n|inactive|Time left: 300 sec this turn | 300 sec total\n|\n|t:|1783572998\n|move|p1a: Venomoth|Sludge Wave|p2a: Brambleghast\n|-damage|p2a: Brambleghast|21/240\n|move|p2a: Brambleghast|Poltergeist|p1a: Venomoth\n|-activate|p1a: Venomoth|move: Poltergeist|Heavy-Duty Boots\n|-damage|p1a: Venomoth|0 fnt\n|faint|p1a: Venomoth\n|\n|upkeep\n|\n|t:|1783572999\n|switch|p1a: Stantler|Stantler, L92, M|100/100\n|-ability|p1a: Stantler|Intimidate|boost\n|-unboost|p2a: Brambleghast|atk|1\n|turn|7\n|inactive|Time left: 300 sec this turn | 300 sec total\n|\n|t:|1783573000\n|switch|p2a: Veluza|Veluza, L85, M|292/292\n|move|p1a: Stantler|Shadow Ball|p2a: Veluza\n|-supereffective|p2a: Veluza\n|-crit|p2a: Veluza\n|-damage|p2a: Veluza|64/292\n|-enditem|p2a: Veluza|Sitrus Berry|[eat]\n|-heal|p2a: Veluza|137/292|[from] item: Sitrus Berry\n|\n|upkeep\n|turn|8\n|inactive|Time left: 300 sec this turn | 300 sec total\n|\n|t:|1783573001\n|switch|p2a: Electivire|Electivire, L84, M|263/263\n|move|p1a: Stantler|Shadow Ball|p2a: Electivire\n|-damage|p2a: Electivire|198/263\n|\n|upkeep\n|turn|9\n|inactive|Time left: 300 sec this turn | 300 sec total\n|\n|t:|1783573002\n|move|p1a: Stantler|Calm Mind|p1a: Stantler\n|-boost|p1a: Stantler|spa|1\n|-boost|p1a: Stantler|spd|1\n|move|p2a: Electivire|Supercell Slam|p1a: Stantler\n|-damage|p1a: Stantler|50/100\n|-damage|p2a: Electivire|172/263|[from] item: Life Orb\n|\n|upkeep\n|turn|10\n|inactive|Time left: 300 sec this turn | 300 sec total\n|\n|t:|1783573003\n|move|p1a: Stantler|Tera Blast|p2a: Electivire\n|-crit|p2a: Electivire\n|-damage|p2a: Electivire|0 fnt\n|faint|p2a: Electivire\n|\n|upkeep\n|inactive|Time left: 300 sec this turn | 300 sec total | 5 sec grace\n|\n|t:|1783573004\n|switch|p2a: Hoopa|Hoopa-Unbound, L80|259/259\n|turn|11\n|inactive|Time left: 300 sec this turn | 300 sec total\n|\n|t:|1783573005\n|-terastallize|p1a: Stantler|Fairy\n|move|p2a: Hoopa|Hyperspace Fury|p1a: Stantler\n|-resisted|p1a: Stantler\n|-damage|p1a: Stantler|29/100\n|-unboost|p2a: Hoopa|def|1\n|move|p1a: Stantler|Tera Blast|p2a: Hoopa|[anim] Tera Blast Fairy\n|-supereffective|p2a: Hoopa\n|-damage|p2a: Hoopa|37/259\n|\n|upkeep\n|turn|12\n|inactive|Time left: 300 sec this turn | 300 sec total\n|\n|t:|1783573006\n|move|p2a: Hoopa|Hyperspace Fury|p1a: Stantler\n|-resisted|p1a: Stantler\n|-damage|p1a: Stantler|7/100\n|-unboost|p2a: Hoopa|def|1\n|move|p1a: Stantler|Tera Blast|p2a: Hoopa|[anim] Tera Blast Fairy\n|-supereffective|p2a: Hoopa\n|-damage|p2a: Hoopa|0 fnt\n|faint|p2a: Hoopa\n|\n|upkeep\n|inactive|Time left: 300 sec this turn | 300 sec total | 5 sec grace\n|\n|t:|1783573006\n|switch|p2a: Salazzle|Salazzle, L83, F|249/249\n|turn|13\n|inactive|Time left: 300 sec this turn | 300 sec total\n|\n|t:|1783573007\n|move|p2a: Salazzle|Flamethrower|p1a: Stantler\n|-damage|p1a: Stantler|0 fnt\n|faint|p1a: Stantler\n|\n|upkeep\n|\n|t:|1783573008\n|switch|p1a: Cramorant|Cramorant, L86, F|100/100\n|turn|14\n|inactive|Time left: 300 sec this turn | 300 sec total\n|\n|t:|1783573009\n|move|p2a: Salazzle|Substitute|p2a: Salazzle\n|-start|p2a: Salazzle|Substitute\n|-damage|p2a: Salazzle|187/249\n|move|p1a: Cramorant|Surf|p2a: Salazzle\n|-formechange|p1a: Cramorant|Cramorant-Gulping|\n|-supereffective|p2a: Salazzle\n|-end|p2a: Salazzle|Substitute\n|\n|-heal|p2a: Salazzle|202/249|[from] item: Leftovers\n|upkeep\n|turn|15\n|inactive|Time left: 300 sec this turn | 300 sec total\n|\n|t:|1783573010\n|move|p2a: Salazzle|Protect|p2a: Salazzle\n|-singleturn|p2a: Salazzle|Protect\n|move|p1a: Cramorant|Surf|p2a: Salazzle\n|-activate|p2a: Salazzle|move: Protect\n|\n|-heal|p2a: Salazzle|217/249|[from] item: Leftovers\n|upkeep\n|turn|16\n|inactive|Time left: 300 sec this turn | 300 sec total\n|\n|t:|1783573011\n|move|p2a: Salazzle|Substitute|p2a: Salazzle\n|-start|p2a: Salazzle|Substitute\n|-damage|p2a: Salazzle|155/249\n|move|p1a: Cramorant|Surf|p2a: Salazzle\n|-supereffective|p2a: Salazzle\n|-end|p2a: Salazzle|Substitute\n|\n|-heal|p2a: Salazzle|170/249|[from] item: Leftovers\n|upkeep\n|turn|17\n|inactive|Time left: 300 sec this turn | 300 sec total\n|\n|t:|1783573011\n|move|p2a: Salazzle|Protect|p2a: Salazzle\n|-singleturn|p2a: Salazzle|Protect\n|move|p1a: Cramorant|Surf|p2a: Salazzle\n|-activate|p2a: Salazzle|move: Protect\n|\n|-heal|p2a: Salazzle|185/249|[from] item: Leftovers\n|upkeep\n|turn|18\n|inactive|Time left: 300 sec this turn | 300 sec total\n|\n|t:|1783573012\n|move|p2a: Salazzle|Substitute|p2a: Salazzle\n|-start|p2a: Salazzle|Substitute\n|-damage|p2a: Salazzle|123/249\n|move|p1a: Cramorant|Surf|p2a: Salazzle\n|-supereffective|p2a: Salazzle\n|-end|p2a: Salazzle|Substitute\n|\n|-heal|p2a: Salazzle|138/249|[from] item: Leftovers\n|upkeep\n|turn|19\n|inactive|Time left: 300 sec this turn | 300 sec total\n|\n|t:|1783573013\n|move|p2a: Salazzle|Protect|p2a: Salazzle\n|-singleturn|p2a: Salazzle|Protect\n|move|p1a: Cramorant|Surf|p2a: Salazzle\n|-activate|p2a: Salazzle|move: Protect\n|\n|-heal|p2a: Salazzle|153/249|[from] item: Leftovers\n|upkeep\n|turn|20\n|inactive|Time left: 300 sec this turn | 300 sec total\n|\n|t:|1783573014\n|move|p2a: Salazzle|Substitute|p2a: Salazzle\n|-start|p2a: Salazzle|Substitute\n|-damage|p2a: Salazzle|91/249\n|move|p1a: Cramorant|Surf|p2a: Salazzle\n|-supereffective|p2a: Salazzle\n|-end|p2a: Salazzle|Substitute\n|\n|-heal|p2a: Salazzle|106/249|[from] item: Leftovers\n|upkeep\n|turn|21\n|inactive|Time left: 300 sec this turn | 300 sec total\n|\n|t:|1783573015\n|move|p2a: Salazzle|Protect|p2a: Salazzle\n|-singleturn|p2a: Salazzle|Protect\n|move|p1a: Cramorant|Surf|p2a: Salazzle\n|-activate|p2a: Salazzle|move: Protect\n|\n|-heal|p2a: Salazzle|121/249|[from] item: Leftovers\n|upkeep\n|turn|22\n|inactive|Time left: 300 sec this turn | 300 sec total\n|\n|t:|1783573016\n|move|p2a: Salazzle|Substitute|p2a: Salazzle\n|-start|p2a: Salazzle|Substitute\n|-damage|p2a: Salazzle|59/249\n|move|p1a: Cramorant|Surf|p2a: Salazzle\n|-supereffective|p2a: Salazzle\n|-end|p2a: Salazzle|Substitute\n|\n|-heal|p2a: Salazzle|74/249|[from] item: Leftovers\n|upkeep\n|turn|23\n|inactive|Time left: 300 sec this turn | 300 sec total\n|\n|t:|1783573016\n|move|p2a: Salazzle|Protect|p2a: Salazzle\n|-singleturn|p2a: Salazzle|Protect\n|move|p1a: Cramorant|Surf|p2a: Salazzle\n|-activate|p2a: Salazzle|move: Protect\n|\n|-heal|p2a: Salazzle|89/249|[from] item: Leftovers\n|upkeep\n|turn|24\n|inactive|Time left: 300 sec this turn | 300 sec total\n|\n|t:|1783573017\n|move|p2a: Salazzle|Toxic|p1a: Cramorant\n|-status|p1a: Cramorant|tox\n|move|p1a: Cramorant|Surf|p2a: Salazzle\n|-supereffective|p2a: Salazzle\n|-damage|p2a: Salazzle|0 fnt\n|faint|p2a: Salazzle\n|\n|-damage|p1a: Cramorant|94/100 tox|[from] psn\n|upkeep\n|inactive|Time left: 300 sec this turn | 300 sec total | 5 sec grace\n|\n|t:|1783573018\n|switch|p2a: Brambleghast|Brambleghast, L88, F|21/240\n|turn|25\n|inactive|Time left: 300 sec this turn | 300 sec total\n|\n|t:|1783573019\n|move|p2a: Brambleghast|Power Whip|p1a: Cramorant\n|-damage|p1a: Cramorant|11/100 tox\n|-damage|p2a: Brambleghast|0 fnt|[from] ability: Gulp Missile|[of] p1a: Cramorant\n|-formechange|p1a: Cramorant|Cramorant|\n|faint|p2a: Brambleghast\n|move|p1a: Cramorant|Surf|p2: Brambleghast|[notarget]\n|-fail|p1a: Cramorant\n|\n|-damage|p1a: Cramorant|0 fnt|[from] psn\n|faint|p1a: Cramorant\n|upkeep\n|inactive|Time left: 300 sec this turn | 300 sec total | 5 sec grace\n|\n|t:|1783573020\n|switch|p2a: Veluza|Veluza, L85, M|137/292\n|switch|p1a: Bellibolt|Bellibolt, L84, F|100/100\n|turn|26\n|inactive|Time left: 300 sec this turn | 300 sec total\n|\n|t:|1783573021\n|-terastallize|p2a: Veluza|Psychic\n|move|p2a: Veluza|Psycho Cut|p1a: Bellibolt\n|-damage|p1a: Bellibolt|54/100\n|-start|p1a: Bellibolt|Charge|Psycho Cut|[from] ability: Electromorphosis\n|move|p1a: Bellibolt|Thunderbolt|p2a: Veluza\n|-damage|p2a: Veluza|0 fnt\n|faint|p2a: Veluza\n|-end|p1a: Bellibolt|Charge|[silent]\n|\n|win|p0x2949b531", "uploadtime": 1783573021, "views": 0, "rating": 0, "private": 0, "password": null, "_winner": "p0x2949b531", "_our_name": "p0y29490b89"}