{"id": "battle-gen9randombattle-38", "formatid": "gen9randombattle", "format": "[Gen 9] Random Battle", "players": ["p0x0387735", "p0y0386cb3"], "log": "|init|battle\n|title|p0x0387735 vs. p0y0386cb3\n|j|\u2606p0x0387735\n|j|\u2606p0y0386cb3\n|t:|1783533681\n|gametype|singles\n|player|p1|p0x0387735|101|\n|player|p2|p0y0386cb3|1|\n|gen|9\n|tier|[Gen 9] Random Battle\n|rule|Species Clause: Limit one of each Pok\u00e9mon\n|rule|HP Percentage Mod: HP is shown in percentages\n|rule|Sleep Clause Mod: Limit one foe put to sleep\n|rule|Illusion Level Mod: Illusion disguises the Pok\u00e9mon's true level\n|\n|t:|1783533681\n|teamsize|p1|6\n|teamsize|p2|6\n|start\n|switch|p1a: Lapras|Lapras, L87, M|100/100\n|switch|p2a: Decidueye|Decidueye, L88, M|281/281\n|turn|1\n|inactive|Battle timer is ON: inactive players will automatically lose when time's up. (requested by p0x0387735)\n|inactive|Time left: 300 sec this turn | 300 sec total | 60 sec grace\n|inactive|p0y0386cb3 also wants the timer to be on.\n|\n|t:|1783533682\n|move|p2a: Decidueye|Leaf Blade|p1a: Lapras\n|-supereffective|p1a: Lapras\n|-damage|p1a: Lapras|23/100\n|-damage|p2a: Decidueye|253/281|[from] item: Life Orb\n|move|p1a: Lapras|Ice Beam|p2a: Decidueye\n|-supereffective|p2a: Decidueye\n|-damage|p2a: Decidueye|5/281\n|\n|upkeep\n|turn|2\n|inactive|Time left: 300 sec this turn | 300 sec total\n|\n|t:|1783533683\n|move|p2a: Decidueye|Leaf Blade|p1a: Lapras\n|-supereffective|p1a: Lapras\n|-damage|p1a: Lapras|0 fnt\n|faint|p1a: Lapras\n|-damage|p2a: Decidueye|0 fnt|[from] item: Life Orb\n|faint|p2a: Decidueye\n|\n|upkeep\n|inactive|Time left: 300 sec this turn | 300 sec total | 5 sec grace\n|\n|t:|1783533684\n|switch|p2a: Tyranitar|Tyranitar, L78, M|284/284\n|switch|p1a: Pecharunt|Pecharunt, L77|100/100\n|-weather|Sandstorm|[from] ability: Sand Stream|[of] p2a: Tyranitar\n|turn|3\n|inactive|Time left: 300 sec this turn | 300 sec total\n|\n|t:|1783533685\n|switch|p1a: Perrserker|Perrserker, L89, M|100/100\n|move|p2a: Tyranitar|Dragon Dance|p2a: Tyranitar\n|-boost|p2a: Tyranitar|atk|1\n|-boost|p2a: Tyranitar|spe|1\n|\n|-weather|Sandstorm|[upkeep]\n|upkeep\n|turn|4\n|inactive|Time left: 300 sec this turn | 300 sec total\n|\n|t:|1783533686\n|move|p2a: Tyranitar|Knock Off|p1a: Perrserker\n|-crit|p1a: Perrserker\n|-damage|p1a: Perrserker|18/100\n|-enditem|p1a: Perrserker|Life Orb|[from] move: Knock Off|[of] p2a: Tyranitar\n|move|p1a: Perrserker|Close Combat|p2a: Tyranitar\n|-supereffective|p2a: Tyranitar\n|-damage|p2a: Tyranitar|0 fnt\n|-unboost|p1a: Perrserker|def|1\n|-unboost|p1a: Perrserker|spd|1\n|faint|p2a: Tyranitar\n|\n|-weather|Sandstorm|[upkeep]\n|upkeep\n|inactive|Time left: 300 sec this turn | 300 sec total | 5 sec grace\n|\n|t:|1783533687\n|switch|p2a: Malamar|Malamar, L82, M|275/275\n|turn|5\n|inactive|Time left: 300 sec this turn | 300 sec total\n|\n|t:|1783533687\n|switch|p1a: Pecharunt|Pecharunt, L77|100/100\n|move|p2a: Malamar|Superpower|p1a: Pecharunt\n|-immune|p1a: Pecharunt\n|\n|-weather|Sandstorm|[upkeep]\n|-damage|p1a: Pecharunt|94/100|[from] Sandstorm\n|-damage|p2a: Malamar|258/275|[from] Sandstorm\n|-heal|p1a: Pecharunt|100/100|[from] item: Leftovers\n|-heal|p2a: Malamar|275/275|[from] item: Leftovers\n|upkeep\n|turn|6\n|inactive|Time left: 300 sec this turn | 300 sec total\n|\n|t:|1783533688\n|move|p1a: Pecharunt|Nasty Plot|p1a: Pecharunt\n|-boost|p1a: Pecharunt|spa|2\n|move|p2a: Malamar|Knock Off|p1a: Pecharunt\n|-supereffective|p1a: Pecharunt\n|-damage|p1a: Pecharunt|55/100\n|-enditem|p1a: Pecharunt|Leftovers|[from] move: Knock Off|[of] p2a: Malamar\n|\n|-weather|Sandstorm|[upkeep]\n|-damage|p1a: Pecharunt|49/100|[from] Sandstorm\n|-damage|p2a: Malamar|258/275|[from] Sandstorm\n|-heal|p2a: Malamar|275/275|[from] item: Leftovers\n|upkeep\n|turn|7\n|inactive|Time left: 300 sec this turn | 300 sec total\n|\n|t:|1783533689\n|switch|p2a: Electivire|Electivire, L84, M|263/263\n|move|p1a: Pecharunt|Malignant Chain|p2a: Electivire\n|-damage|p2a: Electivire|94/263\n|\n|-weather|none\n|upkeep\n|turn|8\n|inactive|Time left: 300 sec this turn | 300 sec total\n|\n|t:|1783533690\n|-terastallize|p1a: Pecharunt|Dark\n|move|p2a: Electivire|Earthquake|p1a: Pecharunt\n|-damage|p1a: Pecharunt|22/100\n|-damage|p2a: Electivire|68/263|[from] item: Life Orb\n|move|p1a: Pecharunt|Recover|p1a: Pecharunt\n|-heal|p1a: Pecharunt|72/100\n|\n|upkeep\n|turn|9\n|inactive|Time left: 300 sec this turn | 300 sec total\n|\n|t:|1783533691\n|move|p2a: Electivire|Supercell Slam|p1a: Pecharunt\n|-damage|p1a: Pecharunt|32/100\n|-damage|p2a: Electivire|42/263|[from] item: Life Orb\n|move|p1a: Pecharunt|Recover|p1a: Pecharunt\n|-heal|p1a: Pecharunt|82/100\n|\n|upkeep\n|turn|10\n|inactive|Time left: 300 sec this turn | 300 sec total\n|\n|t:|1783533692\n|move|p2a: Electivire|Supercell Slam|p1a: Pecharunt\n|-damage|p1a: Pecharunt|41/100\n|-damage|p2a: Electivire|16/263|[from] item: Life Orb\n|move|p1a: Pecharunt|Recover|p1a: Pecharunt\n|-heal|p1a: Pecharunt|91/100\n|\n|upkeep\n|turn|11\n|inactive|Time left: 300 sec this turn | 300 sec total\n|\n|t:|1783533693\n|move|p2a: Electivire|Supercell Slam|p1a: Pecharunt\n|-damage|p1a: Pecharunt|48/100\n|-damage|p2a: Electivire|0 fnt|[from] item: Life Orb\n|faint|p2a: Electivire\n|move|p1a: Pecharunt|Recover|p1a: Pecharunt\n|-heal|p1a: Pecharunt|98/100\n|\n|upkeep\n|inactive|Time left: 300 sec this turn | 300 sec total | 5 sec grace\n|\n|t:|1783533694\n|switch|p2a: Amoonguss|Amoonguss, L82, F|321/321\n|turn|12\n|inactive|Time left: 300 sec this turn | 300 sec total\n|\n|t:|1783533695\n|move|p1a: Pecharunt|Malignant Chain|p2a: Amoonguss\n|-damage|p2a: Amoonguss|135/321\n|move|p2a: Amoonguss|Spore|p1a: Pecharunt\n|-status|p1a: Pecharunt|slp|[from] move: Spore\n|\n|-heal|p2a: Amoonguss|155/321|[from] item: Leftovers\n|upkeep\n|turn|13\n|inactive|Time left: 300 sec this turn | 300 sec total\n|\n|t:|1783533696\n|cant|p1a: Pecharunt|slp\n|move|p2a: Amoonguss|Giga Drain|p1a: Pecharunt\n|-damage|p1a: Pecharunt|67/100 slp\n|-heal|p2a: Amoonguss|196/321|[from] drain|[of] p1a: Pecharunt\n|\n|-heal|p2a: Amoonguss|216/321|[from] item: Leftovers\n|upkeep\n|turn|14\n|inactive|Time left: 300 sec this turn | 300 sec total\n|\n|t:|1783533697\n|cant|p1a: Pecharunt|slp\n|move|p2a: Amoonguss|Sludge Bomb|p1a: Pecharunt\n|-damage|p1a: Pecharunt|33/100 slp\n|\n|-heal|p2a: Amoonguss|236/321|[from] item: Leftovers\n|upkeep\n|turn|15\n|inactive|Time left: 300 sec this turn | 300 sec total\n|\n|t:|1783533698\n|-curestatus|p1a: Pecharunt|slp|[msg]\n|move|p1a: Pecharunt|Recover|p1a: Pecharunt\n|-heal|p1a: Pecharunt|83/100\n|move|p2a: Amoonguss|Sludge Bomb|p1a: Pecharunt\n|-damage|p1a: Pecharunt|52/100\n|\n|-heal|p2a: Amoonguss|256/321|[from] item: Leftovers\n|upkeep\n|turn|16\n|inactive|Time left: 300 sec this turn | 300 sec total\n|\n|t:|1783533699\n|move|p1a: Pecharunt|Malignant Chain|p2a: Amoonguss\n|-damage|p2a: Amoonguss|66/321\n|move|p2a: Amoonguss|Spore|p1a: Pecharunt\n|-status|p1a: Pecharunt|slp|[from] move: Spore\n|\n|-heal|p2a: Amoonguss|86/321|[from] item: Leftovers\n|upkeep\n|turn|17\n|inactive|Time left: 300 sec this turn | 300 sec total\n|\n|t:|1783533700\n|cant|p1a: Pecharunt|slp\n|move|p2a: Amoonguss|Sludge Bomb|p1a: Pecharunt\n|-damage|p1a: Pecharunt|20/100 slp\n|\n|-heal|p2a: Amoonguss|106/321|[from] item: Leftovers\n|upkeep\n|turn|18\n|inactive|Time left: 300 sec this turn | 300 sec total\n|\n|t:|1783533701\n|switch|p2a: Cinccino|Cinccino, L83, M|260/260\n|cant|p1a: Pecharunt|slp\n|\n|upkeep\n|turn|19\n|inactive|Time left: 300 sec this turn | 300 sec total\n|\n|t:|1783533702\n|move|p2a: Cinccino|Triple Axel|p1a: Pecharunt\n|-damage|p1a: Pecharunt|14/100 slp\n|-damage|p1a: Pecharunt|4/100 slp\n|-damage|p1a: Pecharunt|0 fnt\n|faint|p1a: Pecharunt\n|-hitcount|p1: Pecharunt|3\n|\n|upkeep\n|\n|t:|1783533703\n|switch|p1a: Mienshao|Mienshao, L83, M|100/100\n|turn|20\n|inactive|Time left: 300 sec this turn | 300 sec total\n|\n|t:|1783533704\n|-terastallize|p2a: Cinccino|Ice\n|move|p2a: Cinccino|Triple Axel|p1a: Mienshao\n|-damage|p1a: Mienshao|83/100\n|-damage|p1a: Mienshao|48/100\n|-damage|p1a: Mienshao|0 fnt\n|faint|p1a: Mienshao\n|-hitcount|p1: Mienshao|3\n|\n|upkeep\n|\n|t:|1783533706\n|switch|p1a: Cinccino|Cinccino, L83, M|100/100\n|turn|21\n|inactive|Time left: 300 sec this turn | 300 sec total\n|\n|t:|1783533706\n|move|p2a: Cinccino|Triple Axel|p1a: Cinccino\n|-damage|p1a: Cinccino|84/100\n|-damage|p1a: Cinccino|53/100\n|-damage|p1a: Cinccino|3/100\n|-hitcount|p1a: Cinccino|3\n|move|p1a: Cinccino|Tail Slap|p2a: Cinccino\n|-damage|p2a: Cinccino|205/260\n|-damage|p2a: Cinccino|154/260\n|-damage|p2a: Cinccino|100/260\n|-damage|p2a: Cinccino|49/260\n|-hitcount|p2a: Cinccino|4\n|\n|upkeep\n|turn|22\n|inactive|Time left: 300 sec this turn | 300 sec total\n|\n|t:|1783533708\n|move|p2a: Cinccino|U-turn|p1a: Cinccino\n|-damage|p1a: Cinccino|0 fnt\n|faint|p1a: Cinccino\n|inactive|Time left: 300 sec this turn | 300 sec total | 5 sec grace\n|\n|t:|1783533708\n|switch|p2a: Amoonguss|Amoonguss, L82, F|213/321|[from] U-turn\n|\n|-heal|p2a: Amoonguss|233/321|[from] item: Leftovers\n|upkeep\n|\n|t:|1783533709\n|switch|p1a: Perrserker|Perrserker, L89, M|18/100\n|turn|23\n|inactive|Time left: 300 sec this turn | 300 sec total\n|\n|t:|1783533710\n|switch|p2a: Cinccino|Cinccino, L83, M, tera:Ice|49/260\n|move|p1a: Perrserker|Knock Off|p2a: Cinccino\n|-damage|p2a: Cinccino|0 fnt\n|-enditem|p2a: Cinccino|Loaded Dice|[from] move: Knock Off|[of] p1a: Perrserker\n|faint|p2a: Cinccino\n|\n|upkeep\n|inactive|Time left: 300 sec this turn | 300 sec total | 5 sec grace\n|\n|t:|1783533711\n|switch|p2a: Malamar|Malamar, L82, M|275/275\n|turn|24\n|inactive|Time left: 300 sec this turn | 300 sec total\n|\n|t:|1783533712\n|move|p2a: Malamar|Superpower|p1a: Perrserker\n|-supereffective|p1a: Perrserker\n|-damage|p1a: Perrserker|0 fnt\n|-boost|p2a: Malamar|atk|1\n|-boost|p2a: Malamar|def|1\n|faint|p1a: Perrserker\n|\n|upkeep\n|\n|t:|1783533713\n|switch|p1a: Flutter Mane|Flutter Mane, L74|100/100\n|turn|25\n|inactive|Time left: 300 sec this turn | 300 sec total\n|\n|t:|1783533714\n|move|p1a: Flutter Mane|Moonblast|p2a: Malamar\n|-supereffective|p2a: Malamar\n|-crit|p2a: Malamar\n|-damage|p2a: Malamar|0 fnt\n|faint|p2a: Malamar\n|-damage|p1a: Flutter Mane|91/100|[from] item: Life Orb\n|\n|upkeep\n|inactive|Time left: 300 sec this turn | 300 sec total | 5 sec grace\n|\n|t:|1783533715\n|switch|p2a: Amoonguss|Amoonguss, L82, F|321/321\n|turn|26\n|inactive|Time left: 300 sec this turn | 300 sec total\n|\n|t:|1783533716\n|move|p1a: Flutter Mane|Calm Mind|p1a: Flutter Mane\n|-boost|p1a: Flutter Mane|spa|1\n|-boost|p1a: Flutter Mane|spd|1\n|move|p2a: Amoonguss|Spore|p1a: Flutter Mane\n|-status|p1a: Flutter Mane|slp|[from] move: Spore\n|\n|upkeep\n|turn|27\n|inactive|Time left: 300 sec this turn | 300 sec total\n|\n|t:|1783533717\n|cant|p1a: Flutter Mane|slp\n|move|p2a: Amoonguss|Sludge Bomb|p1a: Flutter Mane\n|-damage|p1a: Flutter Mane|68/100 slp\n|\n|upkeep\n|turn|28\n|inactive|Time left: 300 sec this turn | 300 sec total\n|\n|t:|1783533718\n|-curestatus|p1a: Flutter Mane|slp|[msg]\n|move|p1a: Flutter Mane|Mystical Fire|p2a: Amoonguss\n|-supereffective|p2a: Amoonguss\n|-crit|p2a: Amoonguss\n|-damage|p2a: Amoonguss|0 fnt\n|faint|p2a: Amoonguss\n|-damage|p1a: Flutter Mane|58/100|[from] item: Life Orb\n|\n|win|p0x0387735", "uploadtime": 1783533718, "views": 0, "rating": 0, "private": 0, "password": null, "_winner": "p0x0387735", "_our_name": "p0y0386cb3"}