{"id": "battle-gen9randombattle-717", "formatid": "gen9randombattle", "format": "[Gen 9] Random Battle", "players": ["p0x717953c", "p0y717db67"], "log": "|init|battle\n|title|p0x717953c vs. p0y717db67\n|j|\u2606p0x717953c\n|j|\u2606p0y717db67\n|t:|1783548145\n|gametype|singles\n|player|p1|p0x717953c|2|\n|player|p2|p0y717db67|170|\n|gen|9\n|tier|[Gen 9] Random Battle\n|rule|Species Clause: Limit one of each Pok\u00e9mon\n|rule|HP Percentage Mod: HP is shown in percentages\n|rule|Sleep Clause Mod: Limit one foe put to sleep\n|rule|Illusion Level Mod: Illusion disguises the Pok\u00e9mon's true level\n|\n|t:|1783548145\n|teamsize|p1|6\n|teamsize|p2|6\n|start\n|switch|p1a: Talonflame|Talonflame, L83, F|100/100\n|switch|p2a: Dragonite|Dragonite, L74, M|257/257\n|turn|1\n|inactive|Battle timer is ON: inactive players will automatically lose when time's up. (requested by p0y717db67)\n|inactive|p0x717953c also wants the timer to be on.\n|\n|t:|1783548147\n|move|p1a: Talonflame|Will-O-Wisp|p2a: Dragonite\n|-status|p2a: Dragonite|brn\n|move|p2a: Dragonite|Outrage|p1a: Talonflame\n|-damage|p1a: Talonflame|72/100\n|\n|-damage|p2a: Dragonite|241/257 brn|[from] brn\n|upkeep\n|turn|2\n|inactive|Time left: 300 sec this turn | 300 sec total\n|\n|t:|1783548148\n|switch|p1a: Mightyena|Mightyena, L96, M|100/100\n|-ability|p1a: Mightyena|Intimidate|boost\n|-unboost|p2a: Dragonite|atk|1\n|move|p2a: Dragonite|Outrage|p1a: Mightyena|[from] lockedmove\n|-damage|p1a: Mightyena|84/100\n|-start|p2a: Dragonite|confusion|[fatigue]\n|\n|-damage|p2a: Dragonite|225/257 brn|[from] brn\n|upkeep\n|turn|3\n|inactive|Time left: 300 sec this turn | 300 sec total\n|\n|t:|1783548150\n|switch|p1a: Blaziken|Blaziken, L76, F|100/100\n|switch|p2a: Registeel|Registeel, L81|262/262\n|\n|upkeep\n|turn|4\n|inactive|Time left: 300 sec this turn | 300 sec total\n|\n|t:|1783548151\n|-terastallize|p2a: Registeel|Fighting\n|move|p1a: Blaziken|Swords Dance|p1a: Blaziken\n|-boost|p1a: Blaziken|atk|2\n|move|p2a: Registeel|Body Press|p1a: Blaziken\n|-damage|p1a: Blaziken|42/100\n|\n|-ability|p1a: Blaziken|Speed Boost|boost\n|-boost|p1a: Blaziken|spe|1\n|upkeep\n|turn|5\n|inactive|Time left: 300 sec this turn | 300 sec total\n|\n|t:|1783548152\n|-terastallize|p1a: Blaziken|Fighting\n|move|p1a: Blaziken|Close Combat|p2a: Registeel\n|-damage|p2a: Registeel|0 fnt\n|-unboost|p1a: Blaziken|def|1\n|-unboost|p1a: Blaziken|spd|1\n|faint|p2a: Registeel\n|-damage|p1a: Blaziken|32/100|[from] item: Life Orb\n|\n|-ability|p1a: Blaziken|Speed Boost|boost\n|-boost|p1a: Blaziken|spe|1\n|upkeep\n|inactive|Time left: 300 sec this turn | 300 sec total | 5 sec grace\n|\n|t:|1783548153\n|switch|p2a: Comfey|Comfey, L85, M|225/225\n|turn|6\n|inactive|Time left: 300 sec this turn | 300 sec total\n|\n|t:|1783548154\n|move|p2a: Comfey|Draining Kiss|p1a: Blaziken\n|-supereffective|p1a: Blaziken\n|-damage|p1a: Blaziken|0 fnt\n|faint|p1a: Blaziken\n|\n|upkeep\n|\n|t:|1783548155\n|switch|p1a: Dewgong|Dewgong, L94, M|100/100\n|turn|7\n|inactive|Time left: 300 sec this turn | 300 sec total\n|\n|t:|1783548156\n|move|p2a: Comfey|Calm Mind|p2a: Comfey\n|-boost|p2a: Comfey|spa|1\n|-boost|p2a: Comfey|spd|1\n|move|p1a: Dewgong|Triple Axel|p2a: Comfey\n|-damage|p2a: Comfey|204/225\n|-damage|p2a: Comfey|165/225\n|-damage|p2a: Comfey|105/225\n|-hitcount|p2a: Comfey|3\n|\n|-heal|p2a: Comfey|119/225|[from] item: Leftovers\n|upkeep\n|turn|8\n|inactive|Time left: 300 sec this turn | 300 sec total\n|\n|t:|1783548157\n|move|p2a: Comfey|Synthesis|p2a: Comfey\n|-heal|p2a: Comfey|225/225\n|move|p1a: Dewgong|Triple Axel|p2a: Comfey\n|-damage|p2a: Comfey|201/225\n|-damage|p2a: Comfey|156/225\n|-hitcount|p2a: Comfey|2\n|\n|-heal|p2a: Comfey|170/225|[from] item: Leftovers\n|upkeep\n|turn|9\n|inactive|Time left: 300 sec this turn | 300 sec total\n|\n|t:|1783548158\n|move|p2a: Comfey|Draining Kiss|p1a: Dewgong\n|-damage|p1a: Dewgong|81/100\n|-heal|p2a: Comfey|217/225|[from] drain|[of] p1a: Dewgong\n|move|p1a: Dewgong|Triple Axel|p2a: Comfey\n|-damage|p2a: Comfey|196/225\n|-damage|p2a: Comfey|156/225\n|-damage|p2a: Comfey|93/225\n|-hitcount|p2a: Comfey|3\n|\n|-heal|p2a: Comfey|107/225|[from] item: Leftovers\n|upkeep\n|turn|10\n|inactive|Time left: 300 sec this turn | 300 sec total\n|\n|t:|1783548159\n|move|p2a: Comfey|Synthesis|p2a: Comfey\n|-heal|p2a: Comfey|219/225\n|move|p1a: Dewgong|Triple Axel|p2a: Comfey\n|-damage|p2a: Comfey|198/225\n|-damage|p2a: Comfey|155/225\n|-damage|p2a: Comfey|100/225\n|-hitcount|p2a: Comfey|3\n|\n|-heal|p2a: Comfey|114/225|[from] item: Leftovers\n|upkeep\n|turn|11\n|inactive|Time left: 300 sec this turn | 300 sec total\n|\n|t:|1783548160\n|move|p2a: Comfey|Draining Kiss|p1a: Dewgong\n|-damage|p1a: Dewgong|62/100\n|-heal|p2a: Comfey|159/225|[from] drain|[of] p1a: Dewgong\n|move|p1a: Dewgong|Triple Axel|p2a: Comfey|[miss]\n|-miss|p1a: Dewgong|p2a: Comfey\n|\n|-heal|p2a: Comfey|173/225|[from] item: Leftovers\n|upkeep\n|turn|12\n|inactive|Time left: 300 sec this turn | 300 sec total\n|\n|t:|1783548161\n|move|p2a: Comfey|Draining Kiss|p1a: Dewgong\n|-damage|p1a: Dewgong|45/100\n|-heal|p2a: Comfey|216/225|[from] drain|[of] p1a: Dewgong\n|move|p1a: Dewgong|Triple Axel|p2a: Comfey|[miss]\n|-miss|p1a: Dewgong|p2a: Comfey\n|\n|-heal|p2a: Comfey|225/225|[from] item: Leftovers\n|upkeep\n|turn|13\n|inactive|Time left: 300 sec this turn | 300 sec total\n|\n|t:|1783548162\n|move|p2a: Comfey|Draining Kiss|p1a: Dewgong\n|-damage|p1a: Dewgong|26/100\n|move|p1a: Dewgong|Triple Axel|p2a: Comfey\n|-damage|p2a: Comfey|203/225\n|-hitcount|p2a: Comfey|1\n|\n|-heal|p2a: Comfey|217/225|[from] item: Leftovers\n|upkeep\n|turn|14\n|inactive|Time left: 300 sec this turn | 300 sec total\n|\n|t:|1783548163\n|move|p2a: Comfey|Calm Mind|p2a: Comfey\n|-boost|p2a: Comfey|spa|1\n|-boost|p2a: Comfey|spd|1\n|move|p1a: Dewgong|Encore|p2a: Comfey\n|-start|p2a: Comfey|Encore\n|\n|-heal|p2a: Comfey|225/225|[from] item: Leftovers\n|upkeep\n|turn|15\n|inactive|Time left: 300 sec this turn | 300 sec total\n|\n|t:|1783548163\n|switch|p2a: Dewgong|Dewgong, L94, F|322/322\n|move|p1a: Dewgong|Triple Axel|p2a: Dewgong\n|-resisted|p2a: Dewgong\n|-crit|p2a: Dewgong\n|-damage|p2a: Dewgong|318/322\n|-resisted|p2a: Dewgong\n|-damage|p2a: Dewgong|312/322\n|-resisted|p2a: Dewgong\n|-damage|p2a: Dewgong|304/322\n|-hitcount|p2a: Dewgong|3\n|\n|upkeep\n|turn|16\n|inactive|Time left: 300 sec this turn | 300 sec total\n|\n|t:|1783548164\n|switch|p1a: Mightyena|Mightyena, L96, M|84/100\n|-ability|p1a: Mightyena|Intimidate|boost\n|-unboost|p2a: Dewgong|atk|1\n|move|p2a: Dewgong|Surf|p1a: Mightyena\n|-damage|p1a: Mightyena|59/100\n|\n|upkeep\n|turn|17\n|inactive|Time left: 300 sec this turn | 300 sec total\n|\n|t:|1783548165\n|move|p1a: Mightyena|Throat Chop|p2a: Dewgong\n|-damage|p2a: Dewgong|198/322\n|-start|p2a: Dewgong|Throat Chop|[silent]\n|move|p2a: Dewgong|Triple Axel|p1a: Mightyena\n|-damage|p1a: Mightyena|54/100\n|-hitcount|p1a: Mightyena|1\n|\n|upkeep\n|turn|18\n|inactive|Time left: 300 sec this turn | 300 sec total\n|\n|t:|1783548167\n|move|p1a: Mightyena|Poison Fang|p2a: Dewgong\n|-damage|p2a: Dewgong|157/322\n|move|p2a: Dewgong|Flip Turn|p1a: Mightyena\n|-damage|p1a: Mightyena|40/100\n|inactive|Time left: 300 sec this turn | 300 sec total | 5 sec grace\n|\n|t:|1783548168\n|switch|p2a: Hawlucha|Hawlucha, L80, F|256/256|[from] Flip Turn\n|\n|upkeep\n|turn|19\n|inactive|Time left: 300 sec this turn | 300 sec total\n|\n|t:|1783548169\n|switch|p1a: Talonflame|Talonflame, L83, F|72/100\n|move|p2a: Hawlucha|Close Combat|p1a: Talonflame\n|-resisted|p1a: Talonflame\n|-damage|p1a: Talonflame|45/100\n|-unboost|p2a: Hawlucha|def|1\n|-unboost|p2a: Hawlucha|spd|1\n|-enditem|p2a: Hawlucha|White Herb\n|-clearnegativeboost|p2a: Hawlucha|[silent]\n|\n|upkeep\n|turn|20\n|inactive|Time left: 300 sec this turn | 300 sec total\n|\n|t:|1783548170\n|switch|p1a: Mightyena|Mightyena, L96, M|40/100\n|-ability|p1a: Mightyena|Intimidate|boost\n|-unboost|p2a: Hawlucha|atk|1\n|move|p2a: Hawlucha|Brave Bird|p1a: Mightyena\n|-damage|p1a: Mightyena|11/100\n|-damage|p2a: Hawlucha|228/256|[from] Recoil\n|\n|upkeep\n|turn|21\n|inactive|Time left: 300 sec this turn | 300 sec total\n|\n|t:|1783548171\n|switch|p1a: Talonflame|Talonflame, L83, F|45/100\n|move|p2a: Hawlucha|Brave Bird|p1a: Talonflame\n|-damage|p1a: Talonflame|11/100\n|-damage|p2a: Hawlucha|198/256|[from] Recoil\n|\n|upkeep\n|turn|22\n|inactive|Time left: 300 sec this turn | 300 sec total\n|\n|t:|1783548172\n|move|p2a: Hawlucha|Brave Bird|p1a: Talonflame\n|-crit|p1a: Talonflame\n|-damage|p1a: Talonflame|0 fnt\n|faint|p1a: Talonflame\n|-damage|p2a: Hawlucha|189/256|[from] Recoil\n|\n|upkeep\n|\n|t:|1783548173\n|switch|p1a: Bombirdier|Bombirdier, L85, M|100/100\n|turn|23\n|inactive|Time left: 300 sec this turn | 300 sec total\n|\n|t:|1783548173\n|switch|p2a: Comfey|Comfey, L85, M|225/225\n|move|p1a: Bombirdier|Brave Bird|p2a: Comfey\n|-crit|p2a: Comfey\n|-damage|p2a: Comfey|41/225\n|-damage|p1a: Bombirdier|77/100|[from] Recoil\n|\n|-heal|p2a: Comfey|55/225|[from] item: Leftovers\n|upkeep\n|turn|24\n|inactive|Time left: 300 sec this turn | 300 sec total\n|\n|t:|1783548174\n|move|p2a: Comfey|Draining Kiss|p1a: Bombirdier\n|-supereffective|p1a: Bombirdier\n|-damage|p1a: Bombirdier|37/100\n|-heal|p2a: Comfey|132/225|[from] drain|[of] p1a: Bombirdier\n|move|p1a: Bombirdier|Brave Bird|p2a: Comfey\n|-damage|p2a: Comfey|8/225\n|-damage|p1a: Bombirdier|21/100|[from] Recoil\n|\n|-heal|p2a: Comfey|22/225|[from] item: Leftovers\n|upkeep\n|turn|25\n|inactive|Time left: 300 sec this turn | 300 sec total\n|\n|t:|1783548175\n|move|p2a: Comfey|Draining Kiss|p1a: Bombirdier\n|-supereffective|p1a: Bombirdier\n|-damage|p1a: Bombirdier|0 fnt\n|-heal|p2a: Comfey|63/225|[from] drain|[of] p1a: Bombirdier\n|faint|p1a: Bombirdier\n|\n|-heal|p2a: Comfey|77/225|[from] item: Leftovers\n|upkeep\n|\n|t:|1783548176\n|switch|p1a: Dugtrio|Dugtrio, L84, F|100/100\n|turn|26\n|inactive|Time left: 300 sec this turn | 300 sec total\n|\n|t:|1783548177\n|move|p2a: Comfey|Draining Kiss|p1a: Dugtrio\n|-damage|p1a: Dugtrio|72/100\n|-heal|p2a: Comfey|118/225|[from] drain|[of] p1a: Dugtrio\n|move|p1a: Dugtrio|Earthquake|p2a: Comfey\n|-damage|p2a: Comfey|0 fnt\n|faint|p2a: Comfey\n|\n|upkeep\n|inactive|Time left: 300 sec this turn | 300 sec total | 5 sec grace\n|\n|t:|1783548178\n|switch|p2a: Hawlucha|Hawlucha, L80, F|189/256\n|turn|27\n|inactive|Time left: 300 sec this turn | 300 sec total\n|\n|t:|1783548179\n|switch|p1a: Mightyena|Mightyena, L96, M|11/100\n|-ability|p1a: Mightyena|Intimidate|boost\n|-unboost|p2a: Hawlucha|atk|1\n|move|p2a: Hawlucha|Swords Dance|p2a: Hawlucha\n|-boost|p2a: Hawlucha|atk|2\n|\n|upkeep\n|turn|28\n|inactive|Time left: 300 sec this turn | 300 sec total\n|\n|t:|1783548180\n|move|p1a: Mightyena|Sucker Punch|p2a: Hawlucha\n|-resisted|p2a: Hawlucha\n|-damage|p2a: Hawlucha|138/256\n|move|p2a: Hawlucha|Brave Bird|p1a: Mightyena\n|-damage|p1a: Mightyena|0 fnt\n|faint|p1a: Mightyena\n|-damage|p2a: Hawlucha|128/256|[from] Recoil\n|\n|upkeep\n|\n|t:|1783548181\n|switch|p1a: Dugtrio|Dugtrio, L84, F|72/100\n|turn|29\n|inactive|Time left: 300 sec this turn | 300 sec total\n|\n|t:|1783548182\n|move|p1a: Dugtrio|Stone Edge|p2a: Hawlucha\n|-crit|p2a: Hawlucha\n|-damage|p2a: Hawlucha|0 fnt\n|faint|p2a: Hawlucha\n|\n|upkeep\n|inactive|Time left: 300 sec this turn | 300 sec total | 5 sec grace\n|\n|t:|1783548183\n|switch|p2a: Latias|Latias, L79, F|256/256\n|turn|30\n|inactive|Time left: 300 sec this turn | 300 sec total\n|\n|t:|1783548184\n|move|p1a: Dugtrio|Stone Edge|p2a: Latias|[miss]\n|-miss|p1a: Dugtrio|p2a: Latias\n|move|p2a: Latias|Psyshock|p1a: Dugtrio\n|-damage|p1a: Dugtrio|2/100\n|\n|upkeep\n|turn|31\n|inactive|Time left: 300 sec this turn | 300 sec total\n|\n|t:|1783548185\n|switch|p1a: Dewgong|Dewgong, L94, M|26/100\n|move|p2a: Latias|Psyshock|p1a: Dewgong\n|-damage|p1a: Dewgong|0 fnt\n|faint|p1a: Dewgong\n|\n|upkeep\n|\n|t:|1783548186\n|switch|p1a: Dugtrio|Dugtrio, L84, F|2/100\n|turn|32\n|inactive|Time left: 300 sec this turn | 300 sec total\n|\n|t:|1783548187\n|move|p1a: Dugtrio|Earthquake|p2a: Latias\n|-immune|p2a: Latias|[from] ability: Levitate\n|move|p2a: Latias|Psyshock|p1a: Dugtrio\n|-damage|p1a: Dugtrio|0 fnt\n|faint|p1a: Dugtrio\n|\n|win|p0y717db67", "uploadtime": 1783548187, "views": 0, "rating": 0, "private": 0, "password": null, "_winner": "p0y717db67", "_our_name": "p0y717db67"}