{"id": "battle-gen9randombattle-140", "formatid": "gen9randombattle", "format": "[Gen 9] Random Battle", "players": ["p0x1408cd0", "p0y140a2a1"], "log": "|init|battle\n|title|p0x1408cd0 vs. p0y140a2a1\n|j|\u2606p0x1408cd0\n|j|\u2606p0y140a2a1\n|t:|1783541137\n|gametype|singles\n|player|p1|p0x1408cd0|265|\n|player|p2|p0y140a2a1|169|\n|gen|9\n|tier|[Gen 9] Random Battle\n|rule|Species Clause: Limit one of each Pok\u00e9mon\n|rule|HP Percentage Mod: HP is shown in percentages\n|rule|Sleep Clause Mod: Limit one foe put to sleep\n|rule|Illusion Level Mod: Illusion disguises the Pok\u00e9mon's true level\n|\n|t:|1783541137\n|teamsize|p1|6\n|teamsize|p2|6\n|start\n|switch|p1a: Qwilfish|Qwilfish-Hisui, L83, F|100/100\n|switch|p2a: Carbink|Carbink, L90|236/236\n|-ability|p1a: Qwilfish|Intimidate|boost\n|-fail|p2a: Carbink|unboost|[from] ability: Clear Body|[of] p2a: Carbink\n|turn|1\n|inactive|Battle timer is ON: inactive players will automatically lose when time's up. (requested by p0y140a2a1)\n|\n|t:|1783541139\n|move|p1a: Qwilfish|Toxic Spikes|p2a: Carbink\n|-sidestart|p2: p0y140a2a1|move: Toxic Spikes\n|move|p2a: Carbink|Body Press|p1a: Qwilfish\n|-damage|p1a: Qwilfish|73/100\n|\n|upkeep\n|turn|2\n|inactive|Time left: 300 sec this turn | 300 sec total\n|inactive|p0x1408cd0 also wants the timer to be on.\n|\n|t:|1783541140\n|move|p1a: Qwilfish|Gunk Shot|p2a: Carbink\n|-damage|p2a: Carbink|166/236\n|move|p2a: Carbink|Rock Polish|p2a: Carbink\n|-boost|p2a: Carbink|spe|2\n|\n|-heal|p2a: Carbink|180/236|[from] item: Leftovers\n|upkeep\n|turn|3\n|inactive|Time left: 300 sec this turn | 300 sec total\n|\n|t:|1783541141\n|move|p2a: Carbink|Iron Defense|p2a: Carbink\n|-boost|p2a: Carbink|def|2\n|move|p1a: Qwilfish|Toxic Spikes|p2a: Carbink\n|-sidestart|p2: p0y140a2a1|move: Toxic Spikes\n|\n|-heal|p2a: Carbink|194/236|[from] item: Leftovers\n|upkeep\n|turn|4\n|inactive|Time left: 300 sec this turn | 300 sec total\n|\n|t:|1783541142\n|move|p2a: Carbink|Body Press|p1a: Qwilfish\n|-damage|p1a: Qwilfish|23/100\n|move|p1a: Qwilfish|Gunk Shot|p2a: Carbink\n|-damage|p2a: Carbink|154/236\n|\n|-heal|p2a: Carbink|168/236|[from] item: Leftovers\n|upkeep\n|turn|5\n|inactive|Time left: 300 sec this turn | 300 sec total\n|\n|t:|1783541143\n|switch|p1a: Victreebel|Victreebel, L90, M|100/100\n|move|p2a: Carbink|Body Press|p1a: Victreebel\n|-resisted|p1a: Victreebel\n|-damage|p1a: Victreebel|62/100\n|\n|-heal|p2a: Carbink|182/236|[from] item: Leftovers\n|upkeep\n|turn|6\n|inactive|Time left: 300 sec this turn | 300 sec total\n|\n|t:|1783541145\n|move|p2a: Carbink|Body Press|p1a: Victreebel\n|-resisted|p1a: Victreebel\n|-damage|p1a: Victreebel|22/100\n|move|p1a: Victreebel|Power Whip|p2a: Carbink\n|-supereffective|p2a: Carbink\n|-damage|p2a: Carbink|62/236\n|-damage|p1a: Victreebel|12/100|[from] item: Life Orb\n|\n|-heal|p2a: Carbink|76/236|[from] item: Leftovers\n|upkeep\n|turn|7\n|inactive|Time left: 300 sec this turn | 300 sec total\n|\n|t:|1783541146\n|move|p2a: Carbink|Body Press|p1a: Victreebel\n|-resisted|p1a: Victreebel\n|-damage|p1a: Victreebel|0 fnt\n|faint|p1a: Victreebel\n|\n|-heal|p2a: Carbink|90/236|[from] item: Leftovers\n|upkeep\n|\n|t:|1783541147\n|switch|p1a: Chansey|Chansey, L85, F|100/100\n|turn|8\n|inactive|Time left: 300 sec this turn | 300 sec total\n|\n|t:|1783541148\n|-terastallize|p1a: Chansey|Poison\n|move|p2a: Carbink|Body Press|p1a: Chansey\n|-resisted|p1a: Chansey\n|-damage|p1a: Chansey|65/100\n|move|p1a: Chansey|Seismic Toss|p2a: Carbink\n|-damage|p2a: Carbink|5/236\n|\n|-heal|p2a: Carbink|19/236|[from] item: Leftovers\n|upkeep\n|turn|9\n|inactive|Time left: 300 sec this turn | 300 sec total\n|\n|t:|1783541149\n|switch|p2a: Slowking|Slowking-Galar, L85, F|300/300\n|-sideend|p2: p0y140a2a1|move: Toxic Spikes|[of] p2a: Slowking\n|move|p1a: Chansey|Seismic Toss|p2a: Slowking\n|-damage|p2a: Slowking|215/300\n|\n|-heal|p2a: Slowking|233/300|[from] item: Leftovers\n|upkeep\n|turn|10\n|inactive|Time left: 300 sec this turn | 300 sec total\n|\n|t:|1783541151\n|switch|p2a: Whiscash|Whiscash, L88, M|337/337\n|move|p1a: Chansey|Thunder Wave|p2a: Whiscash\n|-immune|p2a: Whiscash\n|\n|upkeep\n|turn|11\n|inactive|Time left: 300 sec this turn | 300 sec total\n|\n|t:|1783541152\n|switch|p1a: Zarude|Zarude, L77|100/100\n|move|p2a: Whiscash|Earthquake|p1a: Zarude\n|-resisted|p1a: Zarude\n|-damage|p1a: Zarude|80/100\n|-damage|p2a: Whiscash|304/337|[from] item: Life Orb\n|\n|upkeep\n|turn|12\n|inactive|Time left: 300 sec this turn | 300 sec total\n|\n|t:|1783541153\n|switch|p2a: Dunsparce|Dunsparce, L86, F|312/312\n|move|p1a: Zarude|Power Whip|p2a: Dunsparce\n|-damage|p2a: Dunsparce|182/312\n|-damage|p1a: Zarude|70/100|[from] item: Life Orb\n|\n|upkeep\n|turn|13\n|inactive|Time left: 300 sec this turn | 300 sec total\n|\n|t:|1783541154\n|move|p1a: Zarude|Swords Dance|p1a: Zarude\n|-boost|p1a: Zarude|atk|2\n|move|p2a: Dunsparce|Body Slam|p1a: Zarude\n|-damage|p1a: Zarude|47/100\n|\n|upkeep\n|turn|14\n|inactive|Time left: 300 sec this turn | 300 sec total\n|\n|t:|1783541156\n|switch|p2a: Carbink|Carbink, L90|19/236\n|move|p1a: Zarude|Knock Off|p2a: Carbink\n|-resisted|p2a: Carbink\n|-damage|p2a: Carbink|0 fnt\n|-enditem|p2a: Carbink|Leftovers|[from] move: Knock Off|[of] p1a: Zarude\n|faint|p2a: Carbink\n|-damage|p1a: Zarude|37/100|[from] item: Life Orb\n|\n|upkeep\n|inactive|Time left: 300 sec this turn | 300 sec total | 5 sec grace\n|\n|t:|1783541157\n|switch|p2a: Cetitan|Cetitan, L82, F|412/412\n|turn|15\n|inactive|Time left: 300 sec this turn | 300 sec total\n|\n|t:|1783541158\n|switch|p1a: Qwilfish|Qwilfish-Hisui, L83, F|23/100\n|-ability|p1a: Qwilfish|Intimidate|boost\n|-unboost|p2a: Cetitan|atk|1\n|-terastallize|p2a: Cetitan|Ice\n|move|p2a: Cetitan|Ice Shard|p1a: Qwilfish\n|-damage|p1a: Qwilfish|11/100\n|\n|upkeep\n|turn|16\n|inactive|Time left: 300 sec this turn | 300 sec total\n|\n|t:|1783541159\n|move|p2a: Cetitan|Ice Shard|p1a: Qwilfish\n|-damage|p1a: Qwilfish|0 fnt\n|faint|p1a: Qwilfish\n|\n|upkeep\n|\n|t:|1783541160\n|switch|p1a: Reshiram|Reshiram, L76|100/100\n|-ability|p1a: Reshiram|Turboblaze\n|turn|17\n|inactive|Time left: 300 sec this turn | 300 sec total\n|\n|t:|1783541161\n|switch|p2a: Slowking|Slowking-Galar, L85, F|300/300\n|move|p1a: Reshiram|Dragon Dance|p1a: Reshiram\n|-boost|p1a: Reshiram|atk|1\n|-boost|p1a: Reshiram|spe|1\n|\n|upkeep\n|turn|18\n|inactive|Time left: 300 sec this turn | 300 sec total\n|\n|t:|1783541162\n|move|p1a: Reshiram|Dragon Dance|p1a: Reshiram\n|-boost|p1a: Reshiram|atk|1\n|-boost|p1a: Reshiram|spe|1\n|move|p2a: Slowking|Sludge Bomb|p1a: Reshiram\n|-damage|p1a: Reshiram|69/100\n|\n|upkeep\n|turn|19\n|inactive|Time left: 300 sec this turn | 300 sec total\n|\n|t:|1783541163\n|move|p1a: Reshiram|Outrage|p2a: Slowking\n|-damage|p2a: Slowking|26/300\n|move|p2a: Slowking|Sludge Bomb|p1a: Reshiram\n|-damage|p1a: Reshiram|36/100\n|-status|p1a: Reshiram|psn\n|\n|-heal|p2a: Slowking|44/300|[from] item: Leftovers\n|-damage|p1a: Reshiram|24/100 psn|[from] psn\n|upkeep\n|turn|20\n|inactive|Time left: 300 sec this turn | 300 sec total\n|\n|t:|1783541164\n|switch|p2a: Comfey|Comfey, L85, M|225/225\n|move|p1a: Reshiram|Outrage|p2a: Comfey|[from] lockedmove\n|-immune|p2a: Comfey\n|-start|p1a: Reshiram|confusion|[fatigue]\n|\n|-damage|p1a: Reshiram|11/100 psn|[from] psn\n|upkeep\n|turn|21\n|inactive|Time left: 300 sec this turn | 300 sec total\n|\n|t:|1783541165\n|move|p2a: Comfey|Draining Kiss|p1a: Reshiram\n|-crit|p1a: Reshiram\n|-damage|p1a: Reshiram|0 fnt\n|faint|p1a: Reshiram\n|\n|upkeep\n|\n|t:|1783541166\n|switch|p1a: Floatzel|Floatzel, L86, M|100/100\n|turn|22\n|inactive|Time left: 300 sec this turn | 300 sec total\n|\n|t:|1783541167\n|move|p2a: Comfey|Giga Drain|p1a: Floatzel\n|-supereffective|p1a: Floatzel\n|-damage|p1a: Floatzel|54/100\n|move|p1a: Floatzel|Bulk Up|p1a: Floatzel\n|-boost|p1a: Floatzel|atk|1\n|-boost|p1a: Floatzel|def|1\n|\n|-heal|p1a: Floatzel|60/100|[from] item: Leftovers\n|upkeep\n|turn|23\n|inactive|Time left: 300 sec this turn | 300 sec total\n|\n|t:|1783541168\n|move|p2a: Comfey|Giga Drain|p1a: Floatzel\n|-supereffective|p1a: Floatzel\n|-damage|p1a: Floatzel|9/100\n|move|p1a: Floatzel|Wave Crash|p2a: Comfey\n|-damage|p2a: Comfey|32/225\n|-damage|p1a: Floatzel|0 fnt|[from] Recoil\n|faint|p1a: Floatzel\n|\n|-heal|p2a: Comfey|46/225|[from] item: Leftovers\n|upkeep\n|\n|t:|1783541169\n|switch|p1a: Chansey|Chansey, L85, F, tera:Poison|65/100\n|turn|24\n|inactive|Time left: 300 sec this turn | 300 sec total\n|\n|t:|1783541170\n|switch|p2a: Cetitan|Cetitan, L82, F, tera:Ice|412/412\n|move|p1a: Chansey|Seismic Toss|p2a: Cetitan\n|-damage|p2a: Cetitan|327/412\n|\n|upkeep\n|turn|25\n|inactive|Time left: 300 sec this turn | 300 sec total\n|\n|t:|1783541171\n|move|p2a: Cetitan|Earthquake|p1a: Chansey\n|-supereffective|p1a: Chansey\n|-damage|p1a: Chansey|8/100\n|move|p1a: Chansey|Thunder Wave|p2a: Cetitan\n|-status|p2a: Cetitan|par\n|\n|upkeep\n|turn|26\n|inactive|Time left: 300 sec this turn | 300 sec total\n|\n|t:|1783541171\n|move|p2a: Cetitan|Ice Shard|p1a: Chansey\n|-damage|p1a: Chansey|0 fnt\n|faint|p1a: Chansey\n|\n|upkeep\n|\n|t:|1783541172\n|switch|p1a: Zarude|Zarude, L77|37/100\n|turn|27\n|inactive|Time left: 300 sec this turn | 300 sec total\n|\n|t:|1783541173\n|move|p2a: Cetitan|Ice Shard|p1a: Zarude\n|-supereffective|p1a: Zarude\n|-damage|p1a: Zarude|0 fnt\n|faint|p1a: Zarude\n|\n|win|p0y140a2a1", "uploadtime": 1783541173, "views": 0, "rating": 0, "private": 0, "password": null, "_winner": "p0y140a2a1", "_our_name": "p0y140a2a1"}