{"id": "battle-gen9randombattle-1784", "formatid": "gen9randombattle", "format": "[Gen 9] Random Battle", "players": ["p0x178416ad", "p0y1784bc70"], "log": "|init|battle\n|title|p0x178416ad vs. p0y1784bc70\n|j|\u2606p0x178416ad\n|j|\u2606p0y1784bc70\n|t:|1783560683\n|gametype|singles\n|player|p1|p0x178416ad|102|\n|player|p2|p0y1784bc70|102|\n|gen|9\n|tier|[Gen 9] Random Battle\n|rule|Species Clause: Limit one of each Pok\u00e9mon\n|rule|HP Percentage Mod: HP is shown in percentages\n|rule|Sleep Clause Mod: Limit one foe put to sleep\n|rule|Illusion Level Mod: Illusion disguises the Pok\u00e9mon's true level\n|\n|t:|1783560683\n|teamsize|p1|6\n|teamsize|p2|6\n|start\n|switch|p1a: Ribombee|Ribombee, L83, F|235/235\n|switch|p2a: Dunsparce|Dunsparce, L86, F|100/100\n|turn|1\n|inactive|Battle timer is ON: inactive players will automatically lose when time's up. (requested by p0x178416ad)\n|inactive|p0y1784bc70 also wants the timer to be on.\n|\n|t:|1783560684\n|move|p1a: Ribombee|Quiver Dance|p1a: Ribombee\n|-boost|p1a: Ribombee|spa|1\n|-boost|p1a: Ribombee|spd|1\n|-boost|p1a: Ribombee|spe|1\n|move|p2a: Dunsparce|Body Slam|p1a: Ribombee\n|-damage|p1a: Ribombee|139/235\n|\n|upkeep\n|turn|2\n|inactive|Time left: 300 sec this turn | 300 sec total\n|\n|t:|1783560685\n|move|p1a: Ribombee|Moonblast|p2a: Dunsparce\n|-damage|p2a: Dunsparce|65/100\n|move|p2a: Dunsparce|Body Slam|p1a: Ribombee\n|-damage|p1a: Ribombee|39/235\n|\n|upkeep\n|turn|3\n|inactive|Time left: 300 sec this turn | 300 sec total\n|\n|t:|1783560686\n|move|p1a: Ribombee|Moonblast|p2a: Dunsparce\n|-damage|p2a: Dunsparce|30/100\n|move|p2a: Dunsparce|Body Slam|p1a: Ribombee\n|-damage|p1a: Ribombee|0 fnt\n|faint|p1a: Ribombee\n|\n|upkeep\n|inactive|Time left: 300 sec this turn | 300 sec total | 5 sec grace\n|\n|t:|1783560687\n|switch|p1a: Volcanion|Volcanion, L79|255/255\n|turn|4\n|inactive|Time left: 300 sec this turn | 300 sec total\n|\n|t:|1783560688\n|switch|p2a: Latias|Latias, L79, F|100/100\n|move|p1a: Volcanion|Steam Eruption|p2a: Latias|[miss]\n|-miss|p1a: Volcanion|p2a: Latias\n|\n|upkeep\n|turn|5\n|inactive|Time left: 300 sec this turn | 300 sec total\n|\n|t:|1783560689\n|move|p2a: Latias|Calm Mind|p2a: Latias\n|-boost|p2a: Latias|spa|1\n|-boost|p2a: Latias|spd|1\n|move|p1a: Volcanion|Flame Charge|p2a: Latias\n|-resisted|p2a: Latias\n|-damage|p2a: Latias|90/100\n|-boost|p1a: Volcanion|spe|1\n|\n|upkeep\n|turn|6\n|inactive|Time left: 300 sec this turn | 300 sec total\n|\n|t:|1783560690\n|move|p1a: Volcanion|Flame Charge|p2a: Latias\n|-resisted|p2a: Latias\n|-damage|p2a: Latias|79/100\n|-boost|p1a: Volcanion|spe|1\n|move|p2a: Latias|Psyshock|p1a: Volcanion\n|-damage|p1a: Volcanion|132/255\n|\n|upkeep\n|turn|7\n|inactive|Time left: 300 sec this turn | 300 sec total\n|\n|t:|1783560691\n|move|p1a: Volcanion|Flamethrower|p2a: Latias\n|-resisted|p2a: Latias\n|-damage|p2a: Latias|69/100\n|move|p2a: Latias|Psyshock|p1a: Volcanion\n|-damage|p1a: Volcanion|9/255\n|\n|upkeep\n|turn|8\n|inactive|Time left: 300 sec this turn | 300 sec total\n|\n|t:|1783560692\n|move|p1a: Volcanion|Sludge Bomb|p2a: Latias\n|-damage|p2a: Latias|54/100\n|move|p2a: Latias|Psyshock|p1a: Volcanion\n|-damage|p1a: Volcanion|0 fnt\n|faint|p1a: Volcanion\n|\n|upkeep\n|inactive|Time left: 300 sec this turn | 300 sec total | 5 sec grace\n|\n|t:|1783560693\n|switch|p1a: Brute Bonnet|Brute Bonnet, L80|309/309\n|turn|9\n|inactive|Time left: 300 sec this turn | 300 sec total\n|\n|t:|1783560694\n|move|p2a: Latias|Recover|p2a: Latias\n|-heal|p2a: Latias|100/100\n|move|p1a: Brute Bonnet|Crunch|p2a: Latias\n|-supereffective|p2a: Latias\n|-damage|p2a: Latias|18/100\n|-unboost|p2a: Latias|def|1\n|\n|upkeep\n|turn|10\n|inactive|Time left: 300 sec this turn | 300 sec total\n|\n|t:|1783560695\n|move|p2a: Latias|Draco Meteor|p1a: Brute Bonnet\n|-damage|p1a: Brute Bonnet|68/309\n|-unboost|p2a: Latias|spa|2\n|move|p1a: Brute Bonnet|Crunch|p2a: Latias\n|-supereffective|p2a: Latias\n|-damage|p2a: Latias|0 fnt\n|faint|p2a: Latias\n|\n|-heal|p1a: Brute Bonnet|87/309|[from] item: Leftovers\n|upkeep\n|\n|t:|1783560695\n|switch|p2a: Revavroom|Revavroom, L79, M|100/100\n|turn|11\n|inactive|Time left: 300 sec this turn | 300 sec total\n|\n|t:|1783560696\n|move|p2a: Revavroom|Shift Gear|p2a: Revavroom\n|-boost|p2a: Revavroom|spe|2\n|-boost|p2a: Revavroom|atk|1\n|move|p1a: Brute Bonnet|Spore|p2a: Revavroom\n|-status|p2a: Revavroom|slp|[from] move: Spore\n|\n|-heal|p1a: Brute Bonnet|106/309|[from] item: Leftovers\n|upkeep\n|turn|12\n|inactive|Time left: 300 sec this turn | 300 sec total\n|\n|t:|1783560697\n|cant|p2a: Revavroom|slp\n|move|p1a: Brute Bonnet|Crunch|p2a: Revavroom\n|-damage|p2a: Revavroom|61/100 slp\n|\n|-heal|p1a: Brute Bonnet|125/309|[from] item: Leftovers\n|upkeep\n|turn|13\n|inactive|Time left: 300 sec this turn | 300 sec total\n|\n|t:|1783560698\n|cant|p2a: Revavroom|slp\n|move|p1a: Brute Bonnet|Crunch|p2a: Revavroom\n|-damage|p2a: Revavroom|22/100 slp\n|\n|-heal|p1a: Brute Bonnet|144/309|[from] item: Leftovers\n|upkeep\n|turn|14\n|inactive|Time left: 300 sec this turn | 300 sec total\n|\n|t:|1783560699\n|move|p1a: Brute Bonnet|Sucker Punch||[still]\n|-fail|p1a: Brute Bonnet\n|cant|p2a: Revavroom|slp\n|\n|-heal|p1a: Brute Bonnet|163/309|[from] item: Leftovers\n|upkeep\n|turn|15\n|inactive|Time left: 300 sec this turn | 300 sec total\n|\n|t:|1783560700\n|move|p1a: Brute Bonnet|Sucker Punch||[still]\n|-fail|p1a: Brute Bonnet\n|-curestatus|p2a: Revavroom|slp|[msg]\n|move|p2a: Revavroom|Shift Gear|p2a: Revavroom\n|-boost|p2a: Revavroom|spe|2\n|-boost|p2a: Revavroom|atk|1\n|\n|-heal|p1a: Brute Bonnet|182/309|[from] item: Leftovers\n|upkeep\n|turn|16\n|inactive|Time left: 300 sec this turn | 300 sec total\n|\n|t:|1783560701\n|move|p1a: Brute Bonnet|Sucker Punch||[still]\n|-fail|p1a: Brute Bonnet\n|move|p2a: Revavroom|Shift Gear|p2a: Revavroom\n|-boost|p2a: Revavroom|spe|2\n|-boost|p2a: Revavroom|atk|1\n|\n|-heal|p1a: Brute Bonnet|201/309|[from] item: Leftovers\n|upkeep\n|turn|17\n|inactive|Time left: 300 sec this turn | 300 sec total\n|\n|t:|1783560702\n|move|p1a: Brute Bonnet|Sucker Punch||[still]\n|-fail|p1a: Brute Bonnet\n|move|p2a: Revavroom|Shift Gear|p2a: Revavroom\n|-boost|p2a: Revavroom|spe|0\n|-boost|p2a: Revavroom|atk|1\n|\n|-heal|p1a: Brute Bonnet|220/309|[from] item: Leftovers\n|upkeep\n|turn|18\n|inactive|Time left: 300 sec this turn | 300 sec total\n|\n|t:|1783560703\n|move|p1a: Brute Bonnet|Sucker Punch||[still]\n|-fail|p1a: Brute Bonnet\n|move|p2a: Revavroom|Shift Gear|p2a: Revavroom\n|-boost|p2a: Revavroom|spe|0\n|-boost|p2a: Revavroom|atk|1\n|\n|-heal|p1a: Brute Bonnet|239/309|[from] item: Leftovers\n|upkeep\n|turn|19\n|inactive|Time left: 300 sec this turn | 300 sec total\n|\n|t:|1783560704\n|move|p1a: Brute Bonnet|Sucker Punch||[still]\n|-fail|p1a: Brute Bonnet\n|move|p2a: Revavroom|Shift Gear|p2a: Revavroom\n|-boost|p2a: Revavroom|spe|0\n|-boost|p2a: Revavroom|atk|1\n|\n|-heal|p1a: Brute Bonnet|258/309|[from] item: Leftovers\n|upkeep\n|turn|20\n|inactive|Time left: 300 sec this turn | 300 sec total\n|\n|t:|1783560705\n|move|p1a: Brute Bonnet|Sucker Punch||[still]\n|-fail|p1a: Brute Bonnet\n|move|p2a: Revavroom|Shift Gear|p2a: Revavroom\n|-boost|p2a: Revavroom|spe|0\n|-boost|p2a: Revavroom|atk|0\n|\n|-heal|p1a: Brute Bonnet|277/309|[from] item: Leftovers\n|upkeep\n|turn|21\n|inactive|Time left: 300 sec this turn | 300 sec total\n|\n|t:|1783560706\n|move|p1a: Brute Bonnet|Sucker Punch||[still]\n|-fail|p1a: Brute Bonnet\n|move|p2a: Revavroom|Shift Gear|p2a: Revavroom\n|-boost|p2a: Revavroom|spe|0\n|-boost|p2a: Revavroom|atk|0\n|\n|-heal|p1a: Brute Bonnet|296/309|[from] item: Leftovers\n|upkeep\n|turn|22\n|inactive|Time left: 300 sec this turn | 300 sec total\n|\n|t:|1783560707\n|move|p2a: Revavroom|Iron Head|p1a: Brute Bonnet\n|-damage|p1a: Brute Bonnet|0 fnt\n|faint|p1a: Brute Bonnet\n|-end|p1a: Brute Bonnet|Protosynthesis|[silent]\n|-damage|p2a: Revavroom|12/100|[from] item: Life Orb\n|\n|upkeep\n|inactive|Time left: 300 sec this turn | 300 sec total | 5 sec grace\n|\n|t:|1783560708\n|switch|p1a: Honchkrow|Honchkrow, L86, M|312/312\n|turn|23\n|inactive|Time left: 300 sec this turn | 300 sec total\n|\n|t:|1783560709\n|move|p1a: Honchkrow|Sucker Punch|p2a: Revavroom\n|-damage|p2a: Revavroom|0 fnt\n|faint|p2a: Revavroom\n|-ability|p1a: Honchkrow|Moxie|boost\n|-boost|p1a: Honchkrow|atk|1\n|\n|upkeep\n|\n|t:|1783560710\n|switch|p2a: Pikachu|Pikachu-Sinnoh, L93, F|100/100\n|turn|24\n|inactive|Time left: 300 sec this turn | 300 sec total\n|\n|t:|1783560711\n|switch|p2a: Vespiquen|Vespiquen, L99, F|100/100\n|-ability|p2a: Vespiquen|Pressure\n|move|p1a: Honchkrow|Sucker Punch||[still]\n|-fail|p1a: Honchkrow\n|\n|upkeep\n|turn|25\n|inactive|Time left: 300 sec this turn | 300 sec total\n|\n|t:|1783560712\n|-terastallize|p2a: Vespiquen|Steel\n|move|p1a: Honchkrow|Brave Bird|p2a: Vespiquen\n|-resisted|p2a: Vespiquen\n|-damage|p2a: Vespiquen|70/100\n|-damage|p1a: Honchkrow|282/312|[from] Recoil\n|move|p2a: Vespiquen|Air Slash|p1a: Honchkrow\n|-damage|p1a: Honchkrow|149/312\n|\n|upkeep\n|turn|26\n|inactive|Time left: 300 sec this turn | 300 sec total\n|\n|t:|1783560713\n|move|p1a: Honchkrow|Heat Wave|p2a: Vespiquen\n|-supereffective|p2a: Vespiquen\n|-damage|p2a: Vespiquen|34/100\n|move|p2a: Vespiquen|Roost|p2a: Vespiquen\n|-heal|p2a: Vespiquen|84/100\n|\n|upkeep\n|turn|27\n|inactive|Time left: 300 sec this turn | 300 sec total\n|\n|t:|1783560714\n|move|p1a: Honchkrow|Heat Wave|p2a: Vespiquen\n|-supereffective|p2a: Vespiquen\n|-damage|p2a: Vespiquen|48/100\n|move|p2a: Vespiquen|Air Slash|p1a: Honchkrow\n|-damage|p1a: Honchkrow|26/312\n|\n|upkeep\n|turn|28\n|inactive|Time left: 300 sec this turn | 300 sec total\n|\n|t:|1783560715\n|move|p1a: Honchkrow|Heat Wave|p2a: Vespiquen\n|-supereffective|p2a: Vespiquen\n|-damage|p2a: Vespiquen|11/100\n|move|p2a: Vespiquen|Roost|p2a: Vespiquen\n|-heal|p2a: Vespiquen|61/100\n|\n|upkeep\n|turn|29\n|inactive|Time left: 300 sec this turn | 300 sec total\n|\n|t:|1783560716\n|move|p1a: Honchkrow|Heat Wave|p2a: Vespiquen\n|-supereffective|p2a: Vespiquen\n|-damage|p2a: Vespiquen|20/100\n|move|p2a: Vespiquen|Roost|p2a: Vespiquen\n|-heal|p2a: Vespiquen|70/100\n|\n|upkeep\n|turn|30\n|inactive|Time left: 300 sec this turn | 300 sec total\n|\n|t:|1783560717\n|move|p1a: Honchkrow|Heat Wave|p2a: Vespiquen\n|-supereffective|p2a: Vespiquen\n|-damage|p2a: Vespiquen|32/100\n|move|p2a: Vespiquen|Roost|p2a: Vespiquen\n|-heal|p2a: Vespiquen|82/100\n|\n|upkeep\n|turn|31\n|inactive|Time left: 300 sec this turn | 300 sec total\n|\n|t:|1783560718\n|move|p1a: Honchkrow|Heat Wave|p2a: Vespiquen\n|-supereffective|p2a: Vespiquen\n|-damage|p2a: Vespiquen|42/100\n|move|p2a: Vespiquen|Roost|p2a: Vespiquen\n|-heal|p2a: Vespiquen|92/100\n|\n|upkeep\n|turn|32\n|inactive|Time left: 300 sec this turn | 300 sec total\n|\n|t:|1783560719\n|move|p1a: Honchkrow|Heat Wave|p2a: Vespiquen\n|-supereffective|p2a: Vespiquen\n|-damage|p2a: Vespiquen|56/100\n|move|p2a: Vespiquen|Air Slash|p1a: Honchkrow\n|-damage|p1a: Honchkrow|0 fnt\n|faint|p1a: Honchkrow\n|\n|upkeep\n|inactive|Time left: 300 sec this turn | 300 sec total | 5 sec grace\n|\n|t:|1783560720\n|switch|p1a: Camerupt|Camerupt, L91, M|275/275\n|turn|33\n|inactive|Time left: 300 sec this turn | 300 sec total\n|\n|t:|1783560721\n|move|p2a: Vespiquen|Roost|p2a: Vespiquen\n|-heal|p2a: Vespiquen|100/100\n|move|p1a: Camerupt|Earthquake|p2a: Vespiquen\n|-supereffective|p2a: Vespiquen\n|-damage|p2a: Vespiquen|42/100\n|\n|upkeep\n|turn|34\n|inactive|Time left: 300 sec this turn | 300 sec total\n|\n|t:|1783560722\n|move|p2a: Vespiquen|Roost|p2a: Vespiquen\n|-heal|p2a: Vespiquen|92/100\n|move|p1a: Camerupt|Earthquake|p2a: Vespiquen\n|-supereffective|p2a: Vespiquen\n|-damage|p2a: Vespiquen|25/100\n|\n|upkeep\n|turn|35\n|inactive|Time left: 300 sec this turn | 300 sec total\n|\n|t:|1783560723\n|move|p2a: Vespiquen|Air Slash|p1a: Camerupt\n|-damage|p1a: Camerupt|178/275\n|move|p1a: Camerupt|Earthquake|p2a: Vespiquen\n|-supereffective|p2a: Vespiquen\n|-damage|p2a: Vespiquen|0 fnt\n|faint|p2a: Vespiquen\n|\n|-heal|p1a: Camerupt|195/275|[from] item: Leftovers\n|upkeep\n|\n|t:|1783560723\n|switch|p2a: Dunsparce|Dunsparce, L86, F|30/100\n|turn|36\n|inactive|Time left: 300 sec this turn | 300 sec total\n|\n|t:|1783560724\n|switch|p1a: Torterra|Torterra, L78, M|276/276\n|move|p2a: Dunsparce|Roost|p2a: Dunsparce\n|-heal|p2a: Dunsparce|80/100\n|-singleturn|p2a: Dunsparce|move: Roost\n|\n|upkeep\n|turn|37\n|inactive|Time left: 300 sec this turn | 300 sec total\n|\n|t:|1783560725\n|move|p1a: Torterra|Shell Smash|p1a: Torterra\n|-unboost|p1a: Torterra|def|1\n|-unboost|p1a: Torterra|spd|1\n|-boost|p1a: Torterra|atk|2\n|-boost|p1a: Torterra|spa|2\n|-boost|p1a: Torterra|spe|2\n|move|p2a: Dunsparce|Coil|p2a: Dunsparce\n|-boost|p2a: Dunsparce|atk|1\n|-boost|p2a: Dunsparce|def|1\n|-boost|p2a: Dunsparce|accuracy|1\n|\n|upkeep\n|turn|38\n|inactive|Time left: 300 sec this turn | 300 sec total\n|\n|t:|1783560726\n|-terastallize|p1a: Torterra|Grass\n|move|p1a: Torterra|Bullet Seed|p2a: Dunsparce\n|-damage|p2a: Dunsparce|68/100\n|-damage|p2a: Dunsparce|58/100\n|-crit|p2a: Dunsparce\n|-damage|p2a: Dunsparce|31/100\n|-damage|p2a: Dunsparce|20/100\n|-damage|p2a: Dunsparce|9/100\n|-hitcount|p2a: Dunsparce|5\n|move|p2a: Dunsparce|Body Slam|p1a: Torterra\n|-damage|p1a: Torterra|113/276\n|\n|upkeep\n|turn|39\n|inactive|Time left: 300 sec this turn | 300 sec total\n|\n|t:|1783560727\n|move|p1a: Torterra|Bullet Seed|p2a: Dunsparce\n|-damage|p2a: Dunsparce|0 fnt\n|faint|p2a: Dunsparce\n|-hitcount|p2: Dunsparce|1\n|\n|upkeep\n|\n|t:|1783560728\n|switch|p2a: Volbeat|Volbeat, L90, M|100/100\n|turn|40\n|inactive|Time left: 300 sec this turn | 300 sec total\n|\n|t:|1783560729\n|move|p2a: Volbeat|Thunder Wave|p1a: Torterra\n|-status|p1a: Torterra|par\n|move|p1a: Torterra|Rock Blast|p2a: Volbeat\n|-supereffective|p2a: Volbeat\n|-damage|p2a: Volbeat|73/100\n|-supereffective|p2a: Volbeat\n|-damage|p2a: Volbeat|45/100\n|-supereffective|p2a: Volbeat\n|-damage|p2a: Volbeat|15/100\n|-supereffective|p2a: Volbeat\n|-damage|p2a: Volbeat|0 fnt\n|faint|p2a: Volbeat\n|-hitcount|p2: Volbeat|4\n|\n|upkeep\n|\n|t:|1783560730\n|switch|p2a: Pikachu|Pikachu-Sinnoh, L93, F|100/100\n|turn|41\n|inactive|Time left: 300 sec this turn | 300 sec total\n|\n|t:|1783560731\n|switch|p1a: Camerupt|Camerupt, L91, M|195/275\n|move|p2a: Pikachu|Knock Off|p1a: Camerupt\n|-damage|p1a: Camerupt|73/275\n|-enditem|p1a: Camerupt|Leftovers|[from] move: Knock Off|[of] p2a: Pikachu\n|\n|upkeep\n|turn|42\n|inactive|Time left: 300 sec this turn | 300 sec total\n|\n|t:|1783560732\n|move|p2a: Pikachu|Surf|p1a: Camerupt\n|-supereffective|p1a: Camerupt\n|-damage|p1a: Camerupt|0 fnt\n|faint|p1a: Camerupt\n|\n|upkeep\n|inactive|Time left: 300 sec this turn | 300 sec total | 5 sec grace\n|\n|t:|1783560733\n|switch|p1a: Torterra|Torterra, L78, M, tera:Grass|113/276 par\n|turn|43\n|inactive|Time left: 300 sec this turn | 300 sec total\n|\n|t:|1783560734\n|move|p2a: Pikachu|Knock Off|p1a: Torterra\n|-damage|p1a: Torterra|15/276 par\n|-enditem|p1a: Torterra|Loaded Dice|[from] move: Knock Off|[of] p2a: Pikachu\n|move|p1a: Torterra|Headlong Rush|p2a: Pikachu\n|-supereffective|p2a: Pikachu\n|-damage|p2a: Pikachu|0 fnt\n|-unboost|p1a: Torterra|def|1\n|-unboost|p1a: Torterra|spd|1\n|faint|p2a: Pikachu\n|\n|win|p0x178416ad", "uploadtime": 1783560734, "views": 0, "rating": 0, "private": 0, "password": null, "_winner": "p0x178416ad", "_our_name": "p0x178416ad"}