{"id": "battle-gen9randombattle-1027", "formatid": "gen9randombattle", "format": "[Gen 9] Random Battle", "players": ["p0x10276498", "p0y10279560"], "log": "|init|battle\n|title|p0x10276498 vs. p0y10279560\n|j|\u2606p0x10276498\n|j|\u2606p0y10279560\n|t:|1783551801\n|gametype|singles\n|player|p1|p0x10276498|265|\n|player|p2|p0y10279560|265|\n|gen|9\n|tier|[Gen 9] Random Battle\n|rule|Species Clause: Limit one of each Pok\u00e9mon\n|rule|HP Percentage Mod: HP is shown in percentages\n|rule|Sleep Clause Mod: Limit one foe put to sleep\n|rule|Illusion Level Mod: Illusion disguises the Pok\u00e9mon's true level\n|\n|t:|1783551801\n|teamsize|p1|6\n|teamsize|p2|6\n|start\n|switch|p1a: Samurott|Samurott-Hisui, L77, M|265/265\n|switch|p2a: Rotom|Rotom-Fan, L86|100/100\n|turn|1\n|inactive|Battle timer is ON: inactive players will automatically lose when time's up. (requested by p0x10276498)\n|\n|t:|1783551803\n|switch|p1a: Quagsire|Quagsire, L84, F|297/297\n|move|p2a: Rotom|Thunderbolt|p1a: Quagsire\n|-immune|p1a: Quagsire\n|\n|upkeep\n|turn|2\n|inactive|Time left: 300 sec this turn | 300 sec total\n|inactive|p0y10279560 also wants the timer to be on.\n|\n|t:|1783551804\n|move|p2a: Rotom|Nasty Plot|p2a: Rotom\n|-boost|p2a: Rotom|spa|2\n|move|p1a: Quagsire|Toxic|p2a: Rotom\n|-status|p2a: Rotom|tox\n|\n|-damage|p2a: Rotom|94/100 tox|[from] psn\n|upkeep\n|turn|3\n|inactive|Time left: 300 sec this turn | 300 sec total\n|\n|t:|1783551805\n|move|p2a: Rotom|Air Slash|p1a: Quagsire\n|-damage|p1a: Quagsire|183/297\n|move|p1a: Quagsire|Spikes|p2a: Rotom\n|-sidestart|p2: p0y10279560|Spikes\n|\n|-heal|p1a: Quagsire|201/297|[from] item: Leftovers\n|-damage|p2a: Rotom|82/100 tox|[from] psn\n|upkeep\n|turn|4\n|inactive|Time left: 300 sec this turn | 300 sec total\n|\n|t:|1783551806\n|move|p2a: Rotom|Air Slash|p1a: Quagsire|[miss]\n|-miss|p2a: Rotom|p1a: Quagsire\n|move|p1a: Quagsire|Recover|p1a: Quagsire\n|-heal|p1a: Quagsire|297/297\n|\n|-damage|p2a: Rotom|63/100 tox|[from] psn\n|upkeep\n|turn|5\n|inactive|Time left: 300 sec this turn | 300 sec total\n|\n|t:|1783551807\n|move|p2a: Rotom|Air Slash|p1a: Quagsire\n|-damage|p1a: Quagsire|191/297\n|move|p1a: Quagsire|Spikes|p2a: Rotom\n|-sidestart|p2: p0y10279560|Spikes\n|\n|-heal|p1a: Quagsire|209/297|[from] item: Leftovers\n|-damage|p2a: Rotom|39/100 tox|[from] psn\n|upkeep\n|turn|6\n|inactive|Time left: 300 sec this turn | 300 sec total\n|\n|t:|1783551809\n|move|p2a: Rotom|Air Slash|p1a: Quagsire\n|-damage|p1a: Quagsire|89/297\n|cant|p1a: Quagsire|flinch\n|\n|-heal|p1a: Quagsire|107/297|[from] item: Leftovers\n|-damage|p2a: Rotom|8/100 tox|[from] psn\n|upkeep\n|turn|7\n|inactive|Time left: 300 sec this turn | 300 sec total\n|\n|t:|1783551810\n|move|p2a: Rotom|Air Slash|p1a: Quagsire\n|-damage|p1a: Quagsire|0 fnt\n|faint|p1a: Quagsire\n|\n|-damage|p2a: Rotom|0 fnt|[from] psn\n|faint|p2a: Rotom\n|upkeep\n|inactive|Time left: 300 sec this turn | 300 sec total | 5 sec grace\n|\n|t:|1783551811\n|switch|p2a: Rabsca|Rabsca, L91, M|100/100\n|switch|p1a: Mismagius|Mismagius, L86, M|243/243\n|turn|8\n|inactive|Time left: 300 sec this turn | 300 sec total\n|\n|t:|1783551812\n|move|p1a: Mismagius|Nasty Plot|p1a: Mismagius\n|-boost|p1a: Mismagius|spa|2\n|move|p2a: Rabsca|Psychic|p1a: Mismagius\n|-damage|p1a: Mismagius|138/243\n|\n|-heal|p1a: Mismagius|153/243|[from] item: Leftovers\n|upkeep\n|turn|9\n|inactive|Time left: 300 sec this turn | 300 sec total\n|\n|t:|1783551813\n|-terastallize|p2a: Rabsca|Steel\n|move|p1a: Mismagius|Shadow Ball|p2a: Rabsca\n|-damage|p2a: Rabsca|40/100\n|-unboost|p2a: Rabsca|spd|1\n|move|p2a: Rabsca|Psychic|p1a: Mismagius\n|-damage|p1a: Mismagius|38/243\n|\n|-heal|p1a: Mismagius|53/243|[from] item: Leftovers\n|upkeep\n|turn|10\n|inactive|Time left: 300 sec this turn | 300 sec total\n|\n|t:|1783551814\n|move|p1a: Mismagius|Shadow Ball|p2a: Rabsca\n|-damage|p2a: Rabsca|0 fnt\n|faint|p2a: Rabsca\n|\n|-heal|p1a: Mismagius|68/243|[from] item: Leftovers\n|upkeep\n|\n|t:|1783551816\n|switch|p2a: Banette|Banette, L93, M|100/100\n|-damage|p2a: Banette|84/100|[from] Spikes\n|turn|11\n|inactive|Time left: 300 sec this turn | 300 sec total\n|\n|t:|1783551817\n|switch|p1a: Samurott|Samurott-Hisui, L77, M|265/265\n|move|p2a: Banette|Shadow Sneak|p1a: Samurott\n|-resisted|p1a: Samurott\n|-damage|p1a: Samurott|216/265\n|-damage|p2a: Banette|74/100|[from] item: Life Orb\n|\n|upkeep\n|turn|12\n|inactive|Time left: 300 sec this turn | 300 sec total\n|\n|t:|1783551818\n|move|p1a: Samurott|Ceaseless Edge|p2a: Banette\n|-supereffective|p2a: Banette\n|-damage|p2a: Banette|0 fnt\n|-sidestart|p2: p0y10279560|Spikes\n|faint|p2a: Banette\n|\n|upkeep\n|\n|t:|1783551819\n|switch|p2a: Iron Thorns|Iron Thorns, L83|100/100\n|-damage|p2a: Iron Thorns|76/100|[from] Spikes\n|-enditem|p2a: Iron Thorns|Booster Energy\n|-activate|p2a: Iron Thorns|ability: Quark Drive|[fromitem]\n|-start|p2a: Iron Thorns|quarkdriveatk\n|turn|13\n|inactive|Time left: 300 sec this turn | 300 sec total\n|\n|t:|1783551820\n|switch|p1a: Tauros|Tauros, L82, M|257/257\n|move|p2a: Iron Thorns|Dragon Dance|p2a: Iron Thorns\n|-boost|p2a: Iron Thorns|atk|1\n|-boost|p2a: Iron Thorns|spe|1\n|\n|upkeep\n|turn|14\n|inactive|Time left: 300 sec this turn | 300 sec total\n|\n|t:|1783551821\n|move|p2a: Iron Thorns|Stone Edge|p1a: Tauros\n|-damage|p1a: Tauros|0 fnt\n|faint|p1a: Tauros\n|\n|upkeep\n|inactive|Time left: 300 sec this turn | 300 sec total | 5 sec grace\n|\n|t:|1783551822\n|switch|p1a: Perrserker|Perrserker, L89, M|269/269\n|turn|15\n|inactive|Time left: 300 sec this turn | 300 sec total\n|\n|t:|1783551823\n|-terastallize|p1a: Perrserker|Fighting\n|move|p2a: Iron Thorns|Wild Charge|p1a: Perrserker\n|-damage|p1a: Perrserker|68/269\n|-damage|p2a: Iron Thorns|59/100|[from] Recoil\n|move|p1a: Perrserker|Close Combat|p2a: Iron Thorns\n|-supereffective|p2a: Iron Thorns\n|-damage|p2a: Iron Thorns|0 fnt\n|-unboost|p1a: Perrserker|def|1\n|-unboost|p1a: Perrserker|spd|1\n|faint|p2a: Iron Thorns\n|-end|p2a: Iron Thorns|Quark Drive|[silent]\n|-damage|p1a: Perrserker|42/269|[from] item: Life Orb\n|\n|upkeep\n|\n|t:|1783551824\n|switch|p2a: Sandslash|Sandslash, L89, F|100/100\n|-damage|p2a: Sandslash|76/100|[from] Spikes\n|turn|16\n|inactive|Time left: 300 sec this turn | 300 sec total\n|\n|t:|1783551825\n|switch|p1a: Mismagius|Mismagius, L86, M|68/243\n|move|p2a: Sandslash|Rapid Spin|p1a: Mismagius\n|-immune|p1a: Mismagius\n|\n|-heal|p1a: Mismagius|83/243|[from] item: Leftovers\n|upkeep\n|turn|17\n|inactive|Time left: 300 sec this turn | 300 sec total\n|\n|t:|1783551826\n|move|p1a: Mismagius|Shadow Ball|p2a: Sandslash\n|-damage|p2a: Sandslash|46/100\n|move|p2a: Sandslash|Stone Edge|p1a: Mismagius\n|-damage|p1a: Mismagius|0 fnt\n|faint|p1a: Mismagius\n|\n|upkeep\n|inactive|Time left: 300 sec this turn | 300 sec total | 5 sec grace\n|\n|t:|1783551827\n|switch|p1a: Samurott|Samurott-Hisui, L77, M|216/265\n|turn|18\n|inactive|Time left: 300 sec this turn | 300 sec total\n|\n|t:|1783551828\n|move|p1a: Samurott|Razor Shell|p2a: Sandslash\n|-supereffective|p2a: Sandslash\n|-damage|p2a: Sandslash|0 fnt\n|faint|p2a: Sandslash\n|\n|upkeep\n|\n|t:|1783551829\n|switch|p2a: Donphan|Donphan, L84, F|100/100\n|-damage|p2a: Donphan|75/100|[from] Spikes\n|turn|19\n|inactive|Time left: 300 sec this turn | 300 sec total\n|\n|t:|1783551830\n|move|p2a: Donphan|Ice Shard|p1a: Samurott\n|-resisted|p1a: Samurott\n|-damage|p1a: Samurott|187/265\n|move|p1a: Samurott|Razor Shell|p2a: Donphan\n|-supereffective|p2a: Donphan\n|-damage|p2a: Donphan|0 fnt\n|faint|p2a: Donphan\n|\n|win|p0x10276498", "uploadtime": 1783551830, "views": 0, "rating": 0, "private": 0, "password": null, "_winner": "p0x10276498", "_our_name": "p0x10276498"}