{"id": "battle-gen9randombattle-955", "formatid": "gen9randombattle", "format": "[Gen 9] Random Battle", "players": ["p0x95507ad", "p0y9551ff1"], "log": "|init|battle\n|title|p0x95507ad vs. p0y9551ff1\n|j|\u2606p0x95507ad\n|j|\u2606p0y9551ff1\n|t:|1783550205\n|gametype|singles\n|player|p1|p0x95507ad|2|\n|player|p2|p0y9551ff1|266|\n|gen|9\n|tier|[Gen 9] Random Battle\n|rule|Species Clause: Limit one of each Pok\u00e9mon\n|rule|HP Percentage Mod: HP is shown in percentages\n|rule|Sleep Clause Mod: Limit one foe put to sleep\n|rule|Illusion Level Mod: Illusion disguises the Pok\u00e9mon's true level\n|\n|t:|1783550205\n|teamsize|p1|6\n|teamsize|p2|6\n|start\n|switch|p1a: Excadrill|Excadrill, L79, M|303/303\n|switch|p2a: Hippowdon|Hippowdon, L82, M|100/100\n|-ability|p1a: Excadrill|Mold Breaker\n|-weather|Sandstorm|[from] ability: Sand Stream|[of] p2a: Hippowdon\n|turn|1\n|inactive|Battle timer is ON: inactive players will automatically lose when time's up. (requested by p0x95507ad)\n|\n|t:|1783550207\n|switch|p1a: Sinistcha|Sinistcha, L83|254/254\n|move|p2a: Hippowdon|Earthquake|p1a: Sinistcha\n|-resisted|p1a: Sinistcha\n|-damage|p1a: Sinistcha|205/254\n|\n|-weather|Sandstorm|[upkeep]\n|-damage|p1a: Sinistcha|190/254|[from] Sandstorm\n|-heal|p1a: Sinistcha|205/254|[from] item: Leftovers\n|upkeep\n|turn|2\n|inactive|Time left: 300 sec this turn | 300 sec total\n|inactive|p0y9551ff1 also wants the timer to be on.\n|\n|t:|1783550208\n|move|p1a: Sinistcha|Matcha Gotcha|p2a: Hippowdon\n|-supereffective|p2a: Hippowdon\n|-damage|p2a: Hippowdon|21/100\n|-heal|p1a: Sinistcha|254/254|[from] drain|[of] p2a: Hippowdon\n|-status|p2a: Hippowdon|brn\n|move|p2a: Hippowdon|Stealth Rock|p1a: Sinistcha\n|-sidestart|p1: p0x95507ad|move: Stealth Rock\n|\n|-weather|Sandstorm|[upkeep]\n|-damage|p1a: Sinistcha|239/254|[from] Sandstorm\n|-heal|p1a: Sinistcha|254/254|[from] item: Leftovers\n|-damage|p2a: Hippowdon|15/100 brn|[from] brn\n|upkeep\n|turn|3\n|inactive|Time left: 300 sec this turn | 300 sec total\n|\n|t:|1783550209\n|switch|p2a: Qwilfish|Qwilfish-Hisui, L83, F|100/100\n|-ability|p2a: Qwilfish|Intimidate|boost\n|-unboost|p1a: Sinistcha|atk|1\n|move|p1a: Sinistcha|Calm Mind|p1a: Sinistcha\n|-boost|p1a: Sinistcha|spa|1\n|-boost|p1a: Sinistcha|spd|1\n|\n|-weather|Sandstorm|[upkeep]\n|-damage|p2a: Qwilfish|94/100|[from] Sandstorm\n|-damage|p1a: Sinistcha|239/254|[from] Sandstorm\n|-heal|p1a: Sinistcha|254/254|[from] item: Leftovers\n|upkeep\n|turn|4\n|inactive|Time left: 300 sec this turn | 300 sec total\n|\n|t:|1783550211\n|move|p2a: Qwilfish|Crunch|p1a: Sinistcha\n|-supereffective|p1a: Sinistcha\n|-damage|p1a: Sinistcha|116/254\n|move|p1a: Sinistcha|Matcha Gotcha|p2a: Qwilfish\n|-resisted|p2a: Qwilfish\n|-damage|p2a: Qwilfish|65/100\n|-heal|p1a: Sinistcha|152/254|[from] drain|[of] p2a: Qwilfish\n|\n|-weather|Sandstorm|[upkeep]\n|-damage|p2a: Qwilfish|59/100|[from] Sandstorm\n|-damage|p1a: Sinistcha|137/254|[from] Sandstorm\n|-heal|p1a: Sinistcha|152/254|[from] item: Leftovers\n|upkeep\n|turn|5\n|inactive|Time left: 300 sec this turn | 300 sec total\n|\n|t:|1783550212\n|move|p2a: Qwilfish|Crunch|p1a: Sinistcha\n|-supereffective|p1a: Sinistcha\n|-damage|p1a: Sinistcha|0 fnt\n|faint|p1a: Sinistcha\n|\n|-weather|none\n|upkeep\n|inactive|Time left: 300 sec this turn | 300 sec total | 5 sec grace\n|\n|t:|1783550212\n|switch|p1a: Falinks|Falinks, L84|246/246\n|-damage|p1a: Falinks|231/246|[from] Stealth Rock\n|turn|6\n|inactive|Time left: 300 sec this turn | 300 sec total\n|\n|t:|1783550213\n|move|p2a: Qwilfish|Taunt|p1a: Falinks\n|-start|p1a: Falinks|move: Taunt\n|cant|p1a: Falinks|move: Taunt|No Retreat\n|\n|upkeep\n|turn|7\n|inactive|Time left: 300 sec this turn | 300 sec total\n|\n|t:|1783550215\n|switch|p1a: Excadrill|Excadrill, L79, M|303/303\n|-damage|p1a: Excadrill|294/303|[from] Stealth Rock\n|-ability|p1a: Excadrill|Mold Breaker\n|move|p2a: Qwilfish|Gunk Shot|p1a: Excadrill\n|-immune|p1a: Excadrill\n|\n|upkeep\n|turn|8\n|inactive|Time left: 300 sec this turn | 300 sec total\n|\n|t:|1783550216\n|switch|p2a: Basculegion|Basculegion-F, L83, F|100/100\n|move|p1a: Excadrill|Rapid Spin|p2a: Basculegion\n|-immune|p2a: Basculegion\n|\n|upkeep\n|turn|9\n|inactive|Time left: 300 sec this turn | 300 sec total\n|\n|t:|1783550217\n|move|p1a: Excadrill|Rock Slide|p2a: Basculegion\n|-damage|p2a: Basculegion|78/100\n|cant|p2a: Basculegion|flinch\n|\n|upkeep\n|turn|10\n|inactive|Time left: 300 sec this turn | 300 sec total\n|\n|t:|1783550218\n|move|p1a: Excadrill|Rapid Spin|p2a: Basculegion\n|-immune|p2a: Basculegion\n|move|p2a: Basculegion|Wave Crash|p1a: Excadrill\n|-supereffective|p1a: Excadrill\n|-damage|p1a: Excadrill|0 fnt\n|faint|p1a: Excadrill\n|-damage|p2a: Basculegion|49/100|[from] Recoil\n|\n|upkeep\n|inactive|Time left: 300 sec this turn | 300 sec total | 5 sec grace\n|\n|t:|1783550219\n|switch|p1a: Zekrom|Zekrom, L71|259/259\n|-damage|p1a: Zekrom|227/259|[from] Stealth Rock\n|-ability|p1a: Zekrom|Teravolt\n|turn|11\n|inactive|Time left: 300 sec this turn | 300 sec total\n|\n|t:|1783550220\n|move|p2a: Basculegion|Shadow Ball|p1a: Zekrom\n|-damage|p1a: Zekrom|101/259\n|move|p1a: Zekrom|Dragon Dance|p1a: Zekrom\n|-boost|p1a: Zekrom|atk|1\n|-boost|p1a: Zekrom|spe|1\n|\n|-heal|p1a: Zekrom|117/259|[from] item: Leftovers\n|upkeep\n|turn|12\n|inactive|Time left: 300 sec this turn | 300 sec total\n|\n|t:|1783550222\n|switch|p2a: Hippowdon|Hippowdon, L82, M|15/100 brn\n|-weather|Sandstorm|[from] ability: Sand Stream|[of] p2a: Hippowdon\n|move|p1a: Zekrom|Outrage|p2a: Hippowdon\n|-damage|p2a: Hippowdon|0 fnt\n|-damage|p1a: Zekrom|74/259|[from] item: Rocky Helmet|[of] p2a: Hippowdon\n|faint|p2a: Hippowdon\n|\n|-weather|Sandstorm|[upkeep]\n|-damage|p1a: Zekrom|58/259|[from] Sandstorm\n|-heal|p1a: Zekrom|74/259|[from] item: Leftovers\n|upkeep\n|\n|t:|1783550223\n|switch|p2a: Bisharp|Bisharp, L79, M|100/100\n|turn|13\n|inactive|Time left: 300 sec this turn | 300 sec total\n|\n|t:|1783550224\n|move|p2a: Bisharp|Sucker Punch|p1a: Zekrom\n|-damage|p1a: Zekrom|0 fnt\n|faint|p1a: Zekrom\n|\n|-weather|Sandstorm|[upkeep]\n|upkeep\n|inactive|Time left: 300 sec this turn | 300 sec total | 5 sec grace\n|\n|t:|1783550225\n|switch|p1a: Falinks|Falinks, L84|231/246\n|-damage|p1a: Falinks|216/246|[from] Stealth Rock\n|turn|14\n|inactive|Time left: 300 sec this turn | 300 sec total\n|\n|t:|1783550226\n|move|p1a: Falinks|No Retreat|p1a: Falinks\n|-boost|p1a: Falinks|atk|1\n|-boost|p1a: Falinks|def|1\n|-boost|p1a: Falinks|spa|1\n|-boost|p1a: Falinks|spd|1\n|-boost|p1a: Falinks|spe|1\n|-start|p1a: Falinks|move: No Retreat\n|move|p2a: Bisharp|Swords Dance|p2a: Bisharp\n|-boost|p2a: Bisharp|atk|2\n|\n|-weather|Sandstorm|[upkeep]\n|-damage|p1a: Falinks|201/246|[from] Sandstorm\n|upkeep\n|turn|15\n|inactive|Time left: 300 sec this turn | 300 sec total\n|\n|t:|1783550227\n|-terastallize|p1a: Falinks|Dark\n|move|p1a: Falinks|Knock Off|p2a: Bisharp\n|-resisted|p2a: Bisharp\n|-damage|p2a: Bisharp|72/100\n|-enditem|p2a: Bisharp|Eviolite|[from] move: Knock Off|[of] p1a: Falinks\n|-damage|p1a: Falinks|177/246|[from] item: Life Orb\n|move|p2a: Bisharp|Iron Head|p1a: Falinks\n|-damage|p1a: Falinks|65/246\n|\n|-weather|Sandstorm|[upkeep]\n|-damage|p1a: Falinks|50/246|[from] Sandstorm\n|upkeep\n|turn|16\n|inactive|Time left: 300 sec this turn | 300 sec total\n|\n|t:|1783550228\n|move|p2a: Bisharp|Sucker Punch|p1a: Falinks\n|-resisted|p1a: Falinks\n|-damage|p1a: Falinks|0 fnt\n|faint|p1a: Falinks\n|\n|-weather|none\n|upkeep\n|inactive|Time left: 300 sec this turn | 300 sec total | 5 sec grace\n|\n|t:|1783550228\n|switch|p1a: Flamigo|Flamigo, L82, F|269/269\n|-damage|p1a: Flamigo|236/269|[from] Stealth Rock\n|turn|17\n|inactive|Time left: 300 sec this turn | 300 sec total\n|\n|t:|1783550229\n|move|p1a: Flamigo|Close Combat|p2a: Bisharp\n|-supereffective|p2a: Bisharp\n|-damage|p2a: Bisharp|0 fnt\n|-unboost|p1a: Flamigo|def|1\n|-unboost|p1a: Flamigo|spd|1\n|faint|p2a: Bisharp\n|-damage|p1a: Flamigo|210/269|[from] item: Life Orb\n|\n|upkeep\n|\n|t:|1783550230\n|switch|p2a: Qwilfish|Qwilfish-Hisui, L83, F|59/100\n|-ability|p2a: Qwilfish|Intimidate|boost\n|-fail|p1a: Flamigo|unboost|Attack|[from] ability: Scrappy|[of] p1a: Flamigo\n|turn|18\n|inactive|Time left: 300 sec this turn | 300 sec total\n|\n|t:|1783550231\n|move|p1a: Flamigo|Brave Bird|p2a: Qwilfish\n|-damage|p2a: Qwilfish|9/100\n|-damage|p1a: Flamigo|170/269|[from] Recoil\n|-damage|p1a: Flamigo|144/269|[from] item: Life Orb\n|move|p2a: Qwilfish|Gunk Shot|p1a: Flamigo\n|-damage|p1a: Flamigo|0 fnt\n|faint|p1a: Flamigo\n|\n|upkeep\n|inactive|Time left: 300 sec this turn | 300 sec total | 5 sec grace\n|\n|t:|1783550232\n|switch|p1a: Wugtrio|Wugtrio, L91, F|212/212\n|-damage|p1a: Wugtrio|186/212|[from] Stealth Rock\n|turn|19\n|inactive|Time left: 300 sec this turn | 300 sec total\n|\n|t:|1783550233\n|move|p1a: Wugtrio|Liquidation|p2a: Qwilfish\n|-damage|p2a: Qwilfish|0 fnt\n|faint|p2a: Qwilfish\n|\n|upkeep\n|\n|t:|1783550234\n|switch|p2a: Toxicroak|Toxicroak, L84, F|100/100\n|turn|20\n|inactive|Time left: 300 sec this turn | 300 sec total\n|\n|t:|1783550235\n|move|p1a: Wugtrio|Liquidation|p2a: Toxicroak\n|-immune|p2a: Toxicroak|[from] ability: Dry Skin\n|move|p2a: Toxicroak|Close Combat|p1a: Wugtrio\n|-damage|p1a: Wugtrio|0 fnt\n|-unboost|p2a: Toxicroak|def|1\n|-unboost|p2a: Toxicroak|spd|1\n|-ability|p1a: Wugtrio|Gooey\n|-unboost|p2a: Toxicroak|spe|1\n|faint|p1a: Wugtrio\n|-damage|p2a: Toxicroak|91/100|[from] item: Life Orb\n|\n|win|p0y9551ff1", "uploadtime": 1783550235, "views": 0, "rating": 0, "private": 0, "password": null, "_winner": "p0y9551ff1", "_our_name": "p0x95507ad"}