{"id": "battle-gen9randombattle-736", "formatid": "gen9randombattle", "format": "[Gen 9] Random Battle", "players": ["p0x736f65b", "p0y736eb24"], "log": "|init|battle\n|title|p0x736f65b vs. p0y736eb24\n|j|\u2606p0x736f65b\n|j|\u2606p0y736eb24\n|t:|1783547668\n|gametype|singles\n|player|p1|p0x736f65b|266|\n|player|p2|p0y736eb24|266|\n|gen|9\n|tier|[Gen 9] Random Battle\n|rule|Species Clause: Limit one of each Pok\u00e9mon\n|rule|HP Percentage Mod: HP is shown in percentages\n|rule|Sleep Clause Mod: Limit one foe put to sleep\n|rule|Illusion Level Mod: Illusion disguises the Pok\u00e9mon's true level\n|\n|t:|1783547668\n|teamsize|p1|6\n|teamsize|p2|6\n|start\n|switch|p1a: Chansey|Chansey, L85, F|564/564\n|switch|p2a: Mismagius|Mismagius, L86, F|100/100\n|turn|1\n|inactive|Battle timer is ON: inactive players will automatically lose when time's up. (requested by p0x736f65b)\n|inactive|p0y736eb24 also wants the timer to be on.\n|\n|t:|1783547669\n|move|p2a: Mismagius|Nasty Plot|p2a: Mismagius\n|-boost|p2a: Mismagius|spa|2\n|move|p1a: Chansey|Stealth Rock|p2a: Mismagius\n|-sidestart|p2: p0y736eb24|move: Stealth Rock\n|\n|upkeep\n|turn|2\n|inactive|Time left: 300 sec this turn | 300 sec total\n|\n|t:|1783547670\n|move|p2a: Mismagius|Substitute|p2a: Mismagius\n|-start|p2a: Mismagius|Substitute\n|-damage|p2a: Mismagius|76/100\n|move|p1a: Chansey|Thunder Wave||[still]\n|-fail|p1a: Chansey\n|\n|-heal|p2a: Mismagius|82/100|[from] item: Leftovers\n|upkeep\n|turn|3\n|inactive|Time left: 300 sec this turn | 300 sec total\n|\n|t:|1783547671\n|move|p2a: Mismagius|Nasty Plot|p2a: Mismagius\n|-boost|p2a: Mismagius|spa|2\n|move|p1a: Chansey|Seismic Toss|p2a: Mismagius\n|-immune|p2a: Mismagius\n|\n|-heal|p2a: Mismagius|88/100|[from] item: Leftovers\n|upkeep\n|turn|4\n|inactive|Time left: 300 sec this turn | 300 sec total\n|\n|t:|1783547672\n|move|p2a: Mismagius|Tera Blast|p1a: Chansey\n|-damage|p1a: Chansey|461/564\n|move|p1a: Chansey|Seismic Toss|p2a: Mismagius\n|-immune|p2a: Mismagius\n|\n|-heal|p2a: Mismagius|94/100|[from] item: Leftovers\n|upkeep\n|turn|5\n|inactive|Time left: 300 sec this turn | 300 sec total\n|\n|t:|1783547673\n|move|p2a: Mismagius|Shadow Ball|p1a: Chansey\n|-immune|p1a: Chansey\n|move|p1a: Chansey|Soft-Boiled|p1a: Chansey\n|-heal|p1a: Chansey|564/564\n|\n|-heal|p2a: Mismagius|100/100|[from] item: Leftovers\n|upkeep\n|turn|6\n|inactive|Time left: 300 sec this turn | 300 sec total\n|\n|t:|1783547674\n|move|p2a: Mismagius|Shadow Ball|p1a: Chansey\n|-immune|p1a: Chansey\n|move|p1a: Chansey|Soft-Boiled||[still]\n|-fail|p1a: Chansey|heal\n|\n|upkeep\n|turn|7\n|inactive|Time left: 300 sec this turn | 300 sec total\n|\n|t:|1783547675\n|move|p2a: Mismagius|Tera Blast|p1a: Chansey\n|-damage|p1a: Chansey|455/564\n|move|p1a: Chansey|Soft-Boiled|p1a: Chansey\n|-heal|p1a: Chansey|564/564\n|\n|upkeep\n|turn|8\n|inactive|Time left: 300 sec this turn | 300 sec total\n|\n|t:|1783547676\n|move|p2a: Mismagius|Tera Blast|p1a: Chansey\n|-damage|p1a: Chansey|457/564\n|move|p1a: Chansey|Seismic Toss|p2a: Mismagius\n|-immune|p2a: Mismagius\n|\n|upkeep\n|turn|9\n|inactive|Time left: 300 sec this turn | 300 sec total\n|\n|t:|1783547677\n|move|p2a: Mismagius|Shadow Ball|p1a: Chansey\n|-immune|p1a: Chansey\n|move|p1a: Chansey|Soft-Boiled|p1a: Chansey\n|-heal|p1a: Chansey|564/564\n|\n|upkeep\n|turn|10\n|inactive|Time left: 300 sec this turn | 300 sec total\n|\n|t:|1783547678\n|move|p2a: Mismagius|Tera Blast|p1a: Chansey\n|-damage|p1a: Chansey|464/564\n|move|p1a: Chansey|Soft-Boiled|p1a: Chansey\n|-heal|p1a: Chansey|564/564\n|\n|upkeep\n|turn|11\n|inactive|Time left: 300 sec this turn | 300 sec total\n|\n|t:|1783547679\n|move|p2a: Mismagius|Tera Blast|p1a: Chansey\n|-damage|p1a: Chansey|455/564\n|move|p1a: Chansey|Soft-Boiled|p1a: Chansey\n|-heal|p1a: Chansey|564/564\n|\n|upkeep\n|turn|12\n|inactive|Time left: 300 sec this turn | 300 sec total\n|\n|t:|1783547680\n|move|p2a: Mismagius|Tera Blast|p1a: Chansey\n|-damage|p1a: Chansey|450/564\n|move|p1a: Chansey|Soft-Boiled|p1a: Chansey\n|-heal|p1a: Chansey|564/564\n|\n|upkeep\n|turn|13\n|inactive|Time left: 300 sec this turn | 300 sec total\n|\n|t:|1783547681\n|move|p2a: Mismagius|Shadow Ball|p1a: Chansey\n|-immune|p1a: Chansey\n|move|p1a: Chansey|Soft-Boiled||[still]\n|-fail|p1a: Chansey|heal\n|\n|upkeep\n|turn|14\n|inactive|Time left: 300 sec this turn | 300 sec total\n|\n|t:|1783547682\n|move|p2a: Mismagius|Shadow Ball|p1a: Chansey\n|-immune|p1a: Chansey\n|move|p1a: Chansey|Seismic Toss|p2a: Mismagius\n|-immune|p2a: Mismagius\n|\n|upkeep\n|turn|15\n|inactive|Time left: 300 sec this turn | 300 sec total\n|\n|t:|1783547683\n|move|p2a: Mismagius|Tera Blast|p1a: Chansey\n|-damage|p1a: Chansey|462/564\n|move|p1a: Chansey|Seismic Toss|p2a: Mismagius\n|-immune|p2a: Mismagius\n|\n|upkeep\n|turn|16\n|inactive|Time left: 300 sec this turn | 300 sec total\n|\n|t:|1783547684\n|move|p2a: Mismagius|Tera Blast|p1a: Chansey\n|-damage|p1a: Chansey|362/564\n|move|p1a: Chansey|Seismic Toss|p2a: Mismagius\n|-immune|p2a: Mismagius\n|\n|upkeep\n|turn|17\n|inactive|Time left: 300 sec this turn | 300 sec total\n|\n|t:|1783547685\n|move|p2a: Mismagius|Tera Blast|p1a: Chansey\n|-damage|p1a: Chansey|255/564\n|move|p1a: Chansey|Seismic Toss|p2a: Mismagius\n|-immune|p2a: Mismagius\n|\n|upkeep\n|turn|18\n|inactive|Time left: 300 sec this turn | 300 sec total\n|\n|t:|1783547686\n|move|p2a: Mismagius|Shadow Ball|p1a: Chansey\n|-immune|p1a: Chansey\n|move|p1a: Chansey|Seismic Toss|p2a: Mismagius\n|-immune|p2a: Mismagius\n|\n|upkeep\n|turn|19\n|inactive|Time left: 300 sec this turn | 300 sec total\n|\n|t:|1783547687\n|move|p2a: Mismagius|Tera Blast|p1a: Chansey\n|-crit|p1a: Chansey\n|-damage|p1a: Chansey|102/564\n|move|p1a: Chansey|Thunder Wave||[still]\n|-fail|p1a: Chansey\n|\n|upkeep\n|turn|20\n|inactive|Time left: 300 sec this turn | 300 sec total\n|\n|t:|1783547688\n|move|p2a: Mismagius|Tera Blast|p1a: Chansey\n|-damage|p1a: Chansey|0 fnt\n|faint|p1a: Chansey\n|\n|upkeep\n|inactive|Time left: 300 sec this turn | 300 sec total | 5 sec grace\n|\n|t:|1783547688\n|switch|p1a: Dragonite|Dragonite, L74, F|257/257\n|turn|21\n|inactive|Time left: 300 sec this turn | 300 sec total\n|\n|t:|1783547690\n|move|p2a: Mismagius|Shadow Ball|p1a: Dragonite\n|-damage|p1a: Dragonite|124/257\n|move|p1a: Dragonite|Outrage|p2a: Mismagius\n|-end|p2a: Mismagius|Substitute\n|\n|upkeep\n|turn|22\n|inactive|Time left: 300 sec this turn | 300 sec total\n|\n|t:|1783547691\n|move|p2a: Mismagius|Shadow Ball|p1a: Dragonite\n|-damage|p1a: Dragonite|0 fnt\n|faint|p1a: Dragonite\n|\n|upkeep\n|inactive|Time left: 300 sec this turn | 300 sec total | 5 sec grace\n|\n|t:|1783547692\n|switch|p1a: Chi-Yu|Chi-Yu, L77|211/211\n|-ability|p1a: Chi-Yu|Beads of Ruin\n|turn|23\n|inactive|Time left: 300 sec this turn | 300 sec total\n|\n|t:|1783547693\n|-terastallize|p2a: Mismagius|Fighting\n|move|p2a: Mismagius|Tera Blast|p1a: Chi-Yu|[anim] Tera Blast Fighting\n|-supereffective|p1a: Chi-Yu\n|-damage|p1a: Chi-Yu|0 fnt\n|faint|p1a: Chi-Yu\n|\n|upkeep\n|inactive|Time left: 300 sec this turn | 300 sec total | 5 sec grace\n|\n|t:|1783547694\n|switch|p1a: Ditto|Ditto, L87|225/225\n|-transform|p1a: Ditto|p2a: Mismagius|[from] ability: Imposter\n|-start|p1a: Ditto|typechange|Ghost|[silent]\n|turn|24\n|inactive|Time left: 300 sec this turn | 300 sec total\n|\n|t:|1783547695\n|move|p1a: Ditto|Substitute|p1a: Ditto\n|-start|p1a: Ditto|Substitute\n|-damage|p1a: Ditto|169/225\n|move|p2a: Mismagius|Shadow Ball|p1a: Ditto\n|-supereffective|p1a: Ditto\n|-end|p1a: Ditto|Substitute\n|\n|upkeep\n|turn|25\n|inactive|Time left: 300 sec this turn | 300 sec total\n|\n|t:|1783547696\n|move|p1a: Ditto|Substitute|p1a: Ditto\n|-start|p1a: Ditto|Substitute\n|-damage|p1a: Ditto|113/225\n|move|p2a: Mismagius|Shadow Ball|p1a: Ditto\n|-supereffective|p1a: Ditto\n|-end|p1a: Ditto|Substitute\n|\n|upkeep\n|turn|26\n|inactive|Time left: 300 sec this turn | 300 sec total\n|\n|t:|1783547697\n|move|p1a: Ditto|Substitute|p1a: Ditto\n|-start|p1a: Ditto|Substitute\n|-damage|p1a: Ditto|57/225\n|move|p2a: Mismagius|Shadow Ball|p1a: Ditto\n|-supereffective|p1a: Ditto\n|-end|p1a: Ditto|Substitute\n|\n|upkeep\n|turn|27\n|inactive|Time left: 300 sec this turn | 300 sec total\n|\n|t:|1783547698\n|move|p1a: Ditto|Substitute|p1a: Ditto\n|-start|p1a: Ditto|Substitute\n|-damage|p1a: Ditto|1/225\n|move|p2a: Mismagius|Shadow Ball|p1a: Ditto\n|-supereffective|p1a: Ditto\n|-end|p1a: Ditto|Substitute\n|\n|upkeep\n|turn|28\n|inactive|Time left: 300 sec this turn | 300 sec total\n|\n|t:|1783547699\n|move|p1a: Ditto|Substitute|p1a: Ditto\n|-fail|p1a: Ditto|move: Substitute|[weak]\n|move|p2a: Mismagius|Shadow Ball|p1a: Ditto\n|-supereffective|p1a: Ditto\n|-damage|p1a: Ditto|0 fnt\n|faint|p1a: Ditto\n|\n|upkeep\n|inactive|Time left: 300 sec this turn | 300 sec total | 5 sec grace\n|\n|t:|1783547700\n|switch|p1a: Trevenant|Trevenant, L89, F|296/296\n|turn|29\n|inactive|Time left: 300 sec this turn | 300 sec total\n|\n|t:|1783547701\n|-terastallize|p1a: Trevenant|Fighting\n|move|p2a: Mismagius|Shadow Ball|p1a: Trevenant\n|-damage|p1a: Trevenant|32/296\n|move|p1a: Trevenant|Wood Hammer|p2a: Mismagius\n|-damage|p2a: Mismagius|0 fnt\n|faint|p2a: Mismagius\n|-damage|p1a: Trevenant|0 fnt|[from] Recoil\n|faint|p1a: Trevenant\n|\n|upkeep\n|inactive|Time left: 300 sec this turn | 300 sec total | 5 sec grace\n|\n|t:|1783547703\n|switch|p2a: Girafarig|Girafarig, L89, F|100/100\n|switch|p1a: Annihilape|Annihilape, L76, M|292/292\n|-damage|p2a: Girafarig|88/100|[from] Stealth Rock\n|turn|30\n|inactive|Time left: 300 sec this turn | 300 sec total\n|\n|t:|1783547704\n|move|p2a: Girafarig|Psychic|p1a: Annihilape\n|-supereffective|p1a: Annihilape\n|-damage|p1a: Annihilape|88/292\n|move|p1a: Annihilape|Bulk Up|p1a: Annihilape\n|-boost|p1a: Annihilape|atk|1\n|-boost|p1a: Annihilape|def|1\n|\n|-heal|p1a: Annihilape|106/292|[from] item: Leftovers\n|upkeep\n|turn|31\n|inactive|Time left: 300 sec this turn | 300 sec total\n|\n|t:|1783547705\n|move|p2a: Girafarig|Psychic|p1a: Annihilape\n|-supereffective|p1a: Annihilape\n|-damage|p1a: Annihilape|0 fnt\n|faint|p1a: Annihilape\n|\n|win|p0y736eb24", "uploadtime": 1783547705, "views": 0, "rating": 0, "private": 0, "password": null, "_winner": "p0y736eb24", "_our_name": "p0x736f65b"}