{"id": "battle-gen9randombattle-2647", "formatid": "gen9randombattle", "format": "[Gen 9] Random Battle", "players": ["p0x26476116", "p0y264727bc"], "log": "|init|battle\n|title|p0x26476116 vs. p0y264727bc\n|j|\u2606p0x26476116\n|j|\u2606p0y264727bc\n|t:|1783569543\n|gametype|singles\n|player|p1|p0x26476116|2|\n|player|p2|p0y264727bc|169|\n|gen|9\n|tier|[Gen 9] Random Battle\n|rule|Species Clause: Limit one of each Pok\u00e9mon\n|rule|HP Percentage Mod: HP is shown in percentages\n|rule|Sleep Clause Mod: Limit one foe put to sleep\n|rule|Illusion Level Mod: Illusion disguises the Pok\u00e9mon's true level\n|\n|t:|1783569543\n|teamsize|p1|6\n|teamsize|p2|6\n|start\n|switch|p1a: Giratina|Giratina, L75|349/349\n|switch|p2a: Sunflora|Sunflora, M|100/100\n|-ability|p1a: Giratina|Pressure\n|turn|1\n|inactive|Battle timer is ON: inactive players will automatically lose when time's up. (requested by p0y264727bc)\n|inactive|Time left: 300 sec this turn | 300 sec total | 60 sec grace\n|inactive|p0x26476116 also wants the timer to be on.\n|\n|t:|1783569545\n|move|p2a: Sunflora|Solar Beam||[still]\n|-prepare|p2a: Sunflora|Solar Beam\n|move|p1a: Giratina|Dragon Tail|p2a: Sunflora\n|-damage|p2a: Sunflora|81/100\n|drag|p2a: Gurdurr|Gurdurr, L85, F|100/100\n|\n|upkeep\n|turn|2\n|inactive|Time left: 300 sec this turn | 300 sec total\n|\n|t:|1783569546\n|move|p1a: Giratina|Shadow Ball|p2a: Gurdurr\n|-damage|p2a: Gurdurr|77/100\n|-unboost|p2a: Gurdurr|spd|1\n|move|p2a: Gurdurr|Knock Off|p1a: Giratina\n|-supereffective|p1a: Giratina\n|-damage|p1a: Giratina|211/349\n|-enditem|p1a: Giratina|Leftovers|[from] move: Knock Off|[of] p2a: Gurdurr\n|\n|upkeep\n|turn|3\n|inactive|Time left: 300 sec this turn | 300 sec total\n|\n|t:|1783569547\n|move|p1a: Giratina|Shadow Ball|p2a: Gurdurr\n|-damage|p2a: Gurdurr|37/100\n|move|p2a: Gurdurr|Bulk Up|p2a: Gurdurr\n|-boost|p2a: Gurdurr|atk|1\n|-boost|p2a: Gurdurr|def|1\n|\n|upkeep\n|turn|4\n|inactive|Time left: 300 sec this turn | 300 sec total\n|\n|t:|1783569548\n|switch|p2a: Toucannon|Toucannon, L88, M|100/100\n|move|p1a: Giratina|Shadow Ball|p2a: Toucannon\n|-immune|p2a: Toucannon\n|\n|upkeep\n|turn|5\n|inactive|Time left: 300 sec this turn | 300 sec total\n|\n|t:|1783569549\n|-singleturn|p2a: Toucannon|move: Beak Blast\n|move|p2a: Toucannon|Beak Blast|p1a: Giratina\n|-damage|p1a: Giratina|93/349\n|move|p1a: Giratina|Dragon Tail|p2a: Toucannon\n|-crit|p2a: Toucannon\n|-damage|p2a: Toucannon|67/100\n|drag|p2a: Sunflora|Sunflora, M|81/100\n|\n|upkeep\n|turn|6\n|inactive|Time left: 300 sec this turn | 300 sec total\n|\n|t:|1783569549\n|move|p1a: Giratina|Rest|p1a: Giratina\n|-status|p1a: Giratina|slp|[from] move: Rest\n|-heal|p1a: Giratina|349/349 slp|[silent]\n|move|p2a: Sunflora|Solar Beam||[still]\n|-prepare|p2a: Sunflora|Solar Beam\n|\n|upkeep\n|turn|7\n|inactive|Time left: 300 sec this turn | 300 sec total\n|\n|t:|1783569550\n|switch|p1a: Munkidori|Munkidori, L79, M|269/269\n|move|p2a: Sunflora|Solar Beam|p1a: Munkidori|[from] lockedmove\n|-resisted|p1a: Munkidori\n|-damage|p1a: Munkidori|187/269\n|-damage|p2a: Sunflora|71/100|[from] item: Life Orb\n|\n|upkeep\n|turn|8\n|inactive|Time left: 300 sec this turn | 300 sec total\n|\n|t:|1783569551\n|switch|p2a: Hoopa|Hoopa, L85|100/100\n|move|p1a: Munkidori|Sludge Wave|p2a: Hoopa\n|-resisted|p2a: Hoopa\n|-damage|p2a: Hoopa|85/100\n|\n|upkeep\n|turn|9\n|inactive|Time left: 300 sec this turn | 300 sec total\n|\n|t:|1783569552\n|switch|p1a: Lokix|Lokix, L82, M|251/251\n|move|p2a: Hoopa|Shadow Ball|p1a: Lokix\n|-resisted|p1a: Lokix\n|-damage|p1a: Lokix|167/251\n|\n|upkeep\n|turn|10\n|inactive|Time left: 300 sec this turn | 300 sec total\n|\n|t:|1783569553\n|move|p2a: Hoopa|Shadow Ball|p1a: Lokix\n|-resisted|p1a: Lokix\n|-damage|p1a: Lokix|82/251\n|-unboost|p1a: Lokix|spd|1\n|move|p1a: Lokix|Knock Off|p2a: Hoopa\n|-supereffective|p2a: Hoopa\n|-damage|p2a: Hoopa|0 fnt\n|-enditem|p2a: Hoopa|Choice Scarf|[from] move: Knock Off|[of] p1a: Lokix\n|faint|p2a: Hoopa\n|-damage|p1a: Lokix|57/251|[from] item: Life Orb\n|\n|upkeep\n|\n|t:|1783569554\n|switch|p2a: Gurdurr|Gurdurr, L85, F|37/100\n|turn|11\n|inactive|Time left: 300 sec this turn | 300 sec total\n|\n|t:|1783569555\n|move|p1a: Lokix|Leech Life|p2a: Gurdurr\n|-resisted|p2a: Gurdurr\n|-damage|p2a: Gurdurr|9/100\n|-heal|p1a: Lokix|96/251|[from] drain|[of] p2a: Gurdurr\n|-damage|p1a: Lokix|71/251|[from] item: Life Orb\n|move|p2a: Gurdurr|Drain Punch|p1a: Lokix\n|-damage|p1a: Lokix|0 fnt\n|-heal|p2a: Gurdurr|22/100|[from] drain|[of] p1a: Lokix\n|faint|p1a: Lokix\n|\n|upkeep\n|inactive|Time left: 300 sec this turn | 300 sec total | 5 sec grace\n|\n|t:|1783569556\n|switch|p1a: Keldeo|Keldeo-Resolute, L79|273/273\n|turn|12\n|inactive|Time left: 300 sec this turn | 300 sec total\n|\n|t:|1783569556\n|move|p2a: Gurdurr|Mach Punch|p1a: Keldeo\n|-damage|p1a: Keldeo|224/273\n|move|p1a: Keldeo|Secret Sword|p2a: Gurdurr\n|-damage|p2a: Gurdurr|0 fnt\n|faint|p2a: Gurdurr\n|-damage|p1a: Keldeo|197/273|[from] item: Life Orb\n|\n|upkeep\n|\n|t:|1783569557\n|switch|p2a: Toucannon|Toucannon, L88, M|67/100\n|turn|13\n|inactive|Time left: 300 sec this turn | 300 sec total\n|\n|t:|1783569558\n|-terastallize|p1a: Keldeo|Water\n|-singleturn|p2a: Toucannon|move: Beak Blast\n|move|p1a: Keldeo|Hydro Pump|p2a: Toucannon\n|-damage|p2a: Toucannon|0 fnt\n|faint|p2a: Toucannon\n|-damage|p1a: Keldeo|170/273|[from] item: Life Orb\n|\n|upkeep\n|\n|t:|1783569559\n|switch|p2a: Lanturn|Lanturn, L89, F|100/100\n|turn|14\n|inactive|Time left: 300 sec this turn | 300 sec total\n|\n|t:|1783569560\n|move|p1a: Keldeo|Calm Mind|p1a: Keldeo\n|-boost|p1a: Keldeo|spa|1\n|-boost|p1a: Keldeo|spd|1\n|move|p2a: Lanturn|Thunderbolt|p1a: Keldeo\n|-supereffective|p1a: Keldeo\n|-damage|p1a: Keldeo|48/273\n|\n|upkeep\n|turn|15\n|inactive|Time left: 300 sec this turn | 300 sec total\n|\n|t:|1783569561\n|move|p1a: Keldeo|Secret Sword|p2a: Lanturn\n|-damage|p2a: Lanturn|32/100\n|-damage|p1a: Keldeo|21/273|[from] item: Life Orb\n|move|p2a: Lanturn|Volt Switch|p1a: Keldeo\n|-supereffective|p1a: Keldeo\n|-damage|p1a: Keldeo|0 fnt\n|faint|p1a: Keldeo\n|\n|t:|1783569562\n|switch|p2a: Scovillain|Scovillain, L91, F|100/100|[from] Volt Switch\n|\n|upkeep\n|inactive|Time left: 300 sec this turn | 300 sec total | 10 sec grace\n|\n|t:|1783569563\n|switch|p1a: Munkidori|Munkidori, L79, M|187/269\n|turn|16\n|inactive|Time left: 300 sec this turn | 300 sec total\n|\n|t:|1783569564\n|move|p2a: Scovillain|Protect|p2a: Scovillain\n|-singleturn|p2a: Scovillain|Protect\n|move|p1a: Munkidori|Sludge Wave|p2a: Scovillain\n|-activate|p2a: Scovillain|move: Protect\n|\n|upkeep\n|turn|17\n|inactive|Time left: 300 sec this turn | 300 sec total\n|\n|t:|1783569565\n|-terastallize|p2a: Scovillain|Steel\n|move|p1a: Munkidori|Sludge Wave|p2a: Scovillain\n|-immune|p2a: Scovillain\n|move|p2a: Scovillain|Flamethrower|p1a: Munkidori\n|-damage|p1a: Munkidori|100/269\n|\n|upkeep\n|turn|18\n|inactive|Time left: 300 sec this turn | 300 sec total\n|\n|t:|1783569566\n|switch|p1a: Tauros|Tauros-Paldea-Blaze, L81, M|252/252\n|move|p2a: Scovillain|Flamethrower|p1a: Tauros\n|-resisted|p1a: Tauros\n|-damage|p1a: Tauros|180/252\n|\n|upkeep\n|turn|19\n|inactive|Time left: 300 sec this turn | 300 sec total\n|\n|t:|1783569567\n|move|p2a: Scovillain|Protect|p2a: Scovillain\n|-singleturn|p2a: Scovillain|Protect\n|move|p1a: Tauros|Close Combat|p2a: Scovillain\n|-activate|p2a: Scovillain|move: Protect\n|\n|upkeep\n|turn|20\n|inactive|Time left: 300 sec this turn | 300 sec total\n|\n|t:|1783569568\n|switch|p2a: Sunflora|Sunflora, M|71/100\n|move|p1a: Tauros|Close Combat|p2a: Sunflora\n|-damage|p2a: Sunflora|19/100\n|-unboost|p1a: Tauros|def|1\n|-unboost|p1a: Tauros|spd|1\n|\n|upkeep\n|turn|21\n|inactive|Time left: 300 sec this turn | 300 sec total\n|\n|t:|1783569569\n|move|p1a: Tauros|Close Combat|p2a: Sunflora\n|-damage|p2a: Sunflora|0 fnt\n|-unboost|p1a: Tauros|def|1\n|-unboost|p1a: Tauros|spd|1\n|faint|p2a: Sunflora\n|\n|upkeep\n|\n|t:|1783569569\n|switch|p2a: Lanturn|Lanturn, L89, F|32/100\n|turn|22\n|inactive|Time left: 300 sec this turn | 300 sec total\n|\n|t:|1783569570\n|move|p1a: Tauros|Close Combat|p2a: Lanturn\n|-damage|p2a: Lanturn|0 fnt\n|-unboost|p1a: Tauros|def|1\n|-unboost|p1a: Tauros|spd|1\n|faint|p2a: Lanturn\n|\n|upkeep\n|\n|t:|1783569571\n|switch|p2a: Scovillain|Scovillain, L91, F, tera:Steel|100/100\n|turn|23\n|inactive|Time left: 300 sec this turn | 300 sec total\n|\n|t:|1783569572\n|move|p2a: Scovillain|Protect|p2a: Scovillain\n|-singleturn|p2a: Scovillain|Protect\n|move|p1a: Tauros|Close Combat|p2a: Scovillain\n|-activate|p2a: Scovillain|move: Protect\n|\n|upkeep\n|turn|24\n|inactive|Time left: 300 sec this turn | 300 sec total\n|\n|t:|1783569573\n|move|p2a: Scovillain|Protect||[still]\n|-fail|p2a: Scovillain\n|move|p1a: Tauros|Close Combat|p2a: Scovillain\n|-supereffective|p2a: Scovillain\n|-damage|p2a: Scovillain|0 fnt\n|-unboost|p1a: Tauros|def|1\n|-unboost|p1a: Tauros|spd|1\n|faint|p2a: Scovillain\n|\n|win|p0x26476116", "uploadtime": 1783569573, "views": 0, "rating": 0, "private": 0, "password": null, "_winner": "p0x26476116", "_our_name": "p0x26476116"}