{"id": "battle-gen9randombattle-2914", "formatid": "gen9randombattle", "format": "[Gen 9] Random Battle", "players": ["p0x29140dc8", "p0y29143787"], "log": "|init|battle\n|title|p0x29140dc8 vs. p0y29143787\n|j|\u2606p0x29140dc8\n|j|\u2606p0y29143787\n|t:|1783572585\n|gametype|singles\n|player|p1|p0x29140dc8|1|\n|player|p2|p0y29143787|265|\n|gen|9\n|tier|[Gen 9] Random Battle\n|rule|Species Clause: Limit one of each Pok\u00e9mon\n|rule|HP Percentage Mod: HP is shown in percentages\n|rule|Sleep Clause Mod: Limit one foe put to sleep\n|rule|Illusion Level Mod: Illusion disguises the Pok\u00e9mon's true level\n|\n|t:|1783572585\n|teamsize|p1|6\n|teamsize|p2|6\n|start\n|switch|p1a: Hydreigon|Hydreigon, L79, M|275/275\n|switch|p2a: Terapagos|Terapagos, L77, F|100/100\n|-activate|p2a: Terapagos|ability: Tera Shift\n|detailschange|p2a: Terapagos|Terapagos-Terastal, L77, F\n|-heal|p2a: Terapagos|100/100|[silent]\n|turn|1\n|inactive|Battle timer is ON: inactive players will automatically lose when time's up. (requested by p0y29143787)\n|inactive|Time left: 300 sec this turn | 300 sec total | 60 sec grace\n|inactive|p0x29140dc8 also wants the timer to be on.\n|\n|t:|1783572587\n|move|p1a: Hydreigon|Nasty Plot|p1a: Hydreigon\n|-boost|p1a: Hydreigon|spa|2\n|move|p2a: Terapagos|Calm Mind|p2a: Terapagos\n|-boost|p2a: Terapagos|spa|1\n|-boost|p2a: Terapagos|spd|1\n|\n|upkeep\n|turn|2\n|inactive|Time left: 300 sec this turn | 300 sec total\n|\n|t:|1783572588\n|switch|p2a: Florges|Florges, L85, F|100/100\n|move|p1a: Hydreigon|Dark Pulse|p2a: Florges\n|-resisted|p2a: Florges\n|-damage|p2a: Florges|72/100\n|-damage|p1a: Hydreigon|248/275|[from] item: Life Orb\n|\n|-heal|p2a: Florges|78/100|[from] item: Leftovers\n|upkeep\n|turn|3\n|inactive|Time left: 300 sec this turn | 300 sec total\n|\n|t:|1783572589\n|-terastallize|p1a: Hydreigon|Steel\n|move|p1a: Hydreigon|Flash Cannon|p2a: Florges\n|-supereffective|p2a: Florges\n|-damage|p2a: Florges|0 fnt\n|faint|p2a: Florges\n|-damage|p1a: Hydreigon|221/275|[from] item: Life Orb\n|\n|upkeep\n|\n|t:|1783572590\n|switch|p2a: Flareon|Flareon, L90, F|100/100\n|turn|4\n|inactive|Time left: 300 sec this turn | 300 sec total\n|\n|t:|1783572591\n|move|p1a: Hydreigon|Draco Meteor|p2a: Flareon\n|-damage|p2a: Flareon|0 fnt\n|-unboost|p1a: Hydreigon|spa|2\n|faint|p2a: Flareon\n|-damage|p1a: Hydreigon|194/275|[from] item: Life Orb\n|\n|upkeep\n|\n|t:|1783572592\n|switch|p2a: Spectrier|Spectrier, L75|100/100\n|turn|5\n|inactive|Time left: 300 sec this turn | 300 sec total\n|\n|t:|1783572593\n|-terastallize|p2a: Spectrier|Dark\n|move|p2a: Spectrier|Nasty Plot|p2a: Spectrier\n|-boost|p2a: Spectrier|spa|2\n|move|p1a: Hydreigon|Dark Pulse|p2a: Spectrier\n|-resisted|p2a: Spectrier\n|-damage|p2a: Spectrier|75/100\n|-damage|p1a: Hydreigon|167/275|[from] item: Life Orb\n|\n|upkeep\n|turn|6\n|inactive|Time left: 300 sec this turn | 300 sec total\n|\n|t:|1783572594\n|move|p2a: Spectrier|Dark Pulse|p1a: Hydreigon\n|-damage|p1a: Hydreigon|0 fnt\n|faint|p1a: Hydreigon\n|-ability|p2a: Spectrier|Grim Neigh|boost\n|-boost|p2a: Spectrier|spa|1\n|-damage|p2a: Spectrier|65/100|[from] item: Life Orb\n|\n|upkeep\n|inactive|Time left: 300 sec this turn | 300 sec total | 5 sec grace\n|\n|t:|1783572595\n|switch|p1a: Floatzel|Floatzel, L86, M|286/286\n|turn|7\n|inactive|Time left: 300 sec this turn | 300 sec total\n|\n|t:|1783572596\n|switch|p2a: Terapagos|Terapagos-Terastal, L77, F|100/100\n|move|p1a: Floatzel|Wave Crash|p2a: Terapagos\n|-activate|p2a: Terapagos|ability: Tera Shell\n|-resisted|p2a: Terapagos\n|-damage|p2a: Terapagos|75/100\n|-damage|p1a: Floatzel|263/286|[from] Recoil\n|\n|-heal|p1a: Floatzel|280/286|[from] item: Leftovers\n|upkeep\n|turn|8\n|inactive|Time left: 300 sec this turn | 300 sec total\n|\n|t:|1783572597\n|switch|p1a: Virizion|Virizion, L82|283/283\n|move|p2a: Terapagos|Tera Starstorm|p1a: Virizion\n|-damage|p1a: Virizion|199/283\n|\n|upkeep\n|turn|9\n|inactive|Time left: 300 sec this turn | 300 sec total\n|\n|t:|1783572598\n|switch|p2a: Metagross|Metagross, L79|100/100\n|move|p1a: Virizion|Close Combat|p2a: Metagross\n|-damage|p2a: Metagross|52/100\n|-unboost|p1a: Virizion|def|1\n|-unboost|p1a: Virizion|spd|1\n|-damage|p1a: Virizion|171/283|[from] item: Life Orb\n|\n|upkeep\n|turn|10\n|inactive|Time left: 300 sec this turn | 300 sec total\n|\n|t:|1783572599\n|switch|p1a: Rotom|Rotom-Fan, L86|226/226\n|move|p2a: Metagross|Psychic Fangs|p1a: Rotom\n|-damage|p1a: Rotom|141/226\n|\n|upkeep\n|turn|11\n|inactive|Time left: 300 sec this turn | 300 sec total\n|\n|t:|1783572599\n|move|p1a: Rotom|Thunderbolt|p2a: Metagross\n|-damage|p2a: Metagross|9/100\n|move|p2a: Metagross|Psychic Fangs|p1a: Rotom\n|-damage|p1a: Rotom|54/226\n|\n|upkeep\n|turn|12\n|inactive|Time left: 300 sec this turn | 300 sec total\n|\n|t:|1783572601\n|move|p1a: Rotom|Volt Switch|p2a: Metagross\n|-damage|p2a: Metagross|0 fnt\n|faint|p2a: Metagross\n|inactive|Time left: 300 sec this turn | 300 sec total | 5 sec grace\n|\n|t:|1783572602\n|switch|p1a: Virizion|Virizion, L82|171/283|[from] Volt Switch\n|\n|upkeep\n|\n|t:|1783572603\n|switch|p2a: Minior|Minior-Violet, L79|100/100\n|-formechange|p2a: Minior|Minior-Meteor||[from] ability: Shields Down\n|turn|13\n|inactive|Time left: 300 sec this turn | 300 sec total\n|\n|t:|1783572603\n|switch|p1a: Floatzel|Floatzel, L86, M|280/286\n|move|p2a: Minior|Shell Smash|p2a: Minior\n|-unboost|p2a: Minior|def|1\n|-unboost|p2a: Minior|spd|1\n|-boost|p2a: Minior|atk|2\n|-boost|p2a: Minior|spa|2\n|-boost|p2a: Minior|spe|2\n|-enditem|p2a: Minior|White Herb\n|-clearnegativeboost|p2a: Minior|[silent]\n|\n|-heal|p1a: Floatzel|286/286|[from] item: Leftovers\n|upkeep\n|turn|14\n|inactive|Time left: 300 sec this turn | 300 sec total\n|\n|t:|1783572604\n|move|p2a: Minior|Acrobatics|p1a: Floatzel\n|-damage|p1a: Floatzel|85/286\n|move|p1a: Floatzel|Wave Crash|p2a: Minior\n|-supereffective|p2a: Minior\n|-damage|p2a: Minior|0 fnt\n|faint|p2a: Minior\n|-damage|p1a: Floatzel|11/286|[from] Recoil\n|\n|-heal|p1a: Floatzel|28/286|[from] item: Leftovers\n|upkeep\n|\n|t:|1783572605\n|switch|p2a: Terapagos|Terapagos-Terastal, L77, F|75/100\n|turn|15\n|inactive|Time left: 300 sec this turn | 300 sec total\n|\n|t:|1783572606\n|move|p1a: Floatzel|Wave Crash|p2a: Terapagos\n|-damage|p2a: Terapagos|25/100\n|-damage|p1a: Floatzel|0 fnt|[from] Recoil\n|faint|p1a: Floatzel\n|move|p2a: Terapagos|Tera Starstorm|p1: Floatzel|[notarget]\n|-fail|p2a: Terapagos\n|\n|upkeep\n|inactive|Time left: 300 sec this turn | 300 sec total | 5 sec grace\n|\n|t:|1783572607\n|switch|p1a: Virizion|Virizion, L82|171/283\n|turn|16\n|inactive|Time left: 300 sec this turn | 300 sec total\n|\n|t:|1783572608\n|move|p1a: Virizion|Close Combat|p2a: Terapagos\n|-supereffective|p2a: Terapagos\n|-damage|p2a: Terapagos|0 fnt\n|-unboost|p1a: Virizion|def|1\n|-unboost|p1a: Virizion|spd|1\n|faint|p2a: Terapagos\n|-damage|p1a: Virizion|143/283|[from] item: Life Orb\n|\n|upkeep\n|\n|t:|1783572609\n|switch|p2a: Spectrier|Spectrier, L75, tera:Dark|65/100\n|turn|17\n|inactive|Time left: 300 sec this turn | 300 sec total\n|\n|t:|1783572610\n|move|p2a: Spectrier|Shadow Ball|p1a: Virizion\n|-damage|p1a: Virizion|1/283\n|-damage|p2a: Spectrier|56/100|[from] item: Life Orb\n|move|p1a: Virizion|Close Combat|p2a: Spectrier\n|-supereffective|p2a: Spectrier\n|-damage|p2a: Spectrier|0 fnt\n|-unboost|p1a: Virizion|def|1\n|-unboost|p1a: Virizion|spd|1\n|faint|p2a: Spectrier\n|-damage|p1a: Virizion|0 fnt|[from] item: Life Orb\n|faint|p1a: Virizion\n|\n|win|p0x29140dc8", "uploadtime": 1783572610, "views": 0, "rating": 0, "private": 0, "password": null, "_winner": "p0x29140dc8", "_our_name": "p0x29140dc8"}