{"id": "battle-gen9randombattle-1881", "formatid": "gen9randombattle", "format": "[Gen 9] Random Battle", "players": ["p0x188115d2", "p0y1881dbb5"], "log": "|init|battle\n|title|p0x188115d2 vs. p0y1881dbb5\n|j|\u2606p0x188115d2\n|j|\u2606p0y1881dbb5\n|t:|1783561018\n|gametype|singles\n|player|p1|p0x188115d2|266|\n|player|p2|p0y1881dbb5|265|\n|gen|9\n|tier|[Gen 9] Random Battle\n|rule|Species Clause: Limit one of each Pok\u00e9mon\n|rule|HP Percentage Mod: HP is shown in percentages\n|rule|Sleep Clause Mod: Limit one foe put to sleep\n|rule|Illusion Level Mod: Illusion disguises the Pok\u00e9mon's true level\n|\n|t:|1783561018\n|teamsize|p1|6\n|teamsize|p2|6\n|start\n|switch|p1a: Squawkabilly|Squawkabilly-Blue, L85, F|100/100\n|switch|p2a: Jirachi|Jirachi, L80|291/291\n|turn|1\n|inactive|Battle timer is ON: inactive players will automatically lose when time's up. (requested by p0x188115d2)\n|inactive|Time left: 300 sec this turn | 300 sec total | 60 sec grace\n|\n|t:|1783561019\n|move|p2a: Jirachi|Body Slam|p1a: Squawkabilly\n|-crit|p1a: Squawkabilly\n|-damage|p1a: Squawkabilly|54/100\n|-status|p1a: Squawkabilly|par\n|move|p1a: Squawkabilly|Brave Bird|p2a: Jirachi\n|-resisted|p2a: Jirachi\n|-damage|p2a: Jirachi|203/291\n|-damage|p1a: Squawkabilly|44/100 par|[from] Recoil\n|\n|-heal|p2a: Jirachi|221/291|[from] item: Leftovers\n|upkeep\n|turn|2\n|inactive|Time left: 300 sec this turn | 300 sec total\n|inactive|p0y1881dbb5 also wants the timer to be on.\n|\n|t:|1783561020\n|switch|p1a: Golurk|Golurk, L87|100/100\n|move|p2a: Jirachi|Iron Head|p1a: Golurk\n|-damage|p1a: Golurk|71/100\n|\n|-heal|p2a: Jirachi|239/291|[from] item: Leftovers\n|upkeep\n|turn|3\n|inactive|Time left: 300 sec this turn | 300 sec total\n|\n|t:|1783561020\n|move|p2a: Jirachi|Iron Head|p1a: Golurk\n|-damage|p1a: Golurk|42/100\n|cant|p1a: Golurk|flinch\n|\n|-heal|p2a: Jirachi|257/291|[from] item: Leftovers\n|upkeep\n|turn|4\n|inactive|Time left: 300 sec this turn | 300 sec total\n|\n|t:|1783561021\n|move|p2a: Jirachi|Iron Head|p1a: Golurk\n|-damage|p1a: Golurk|15/100\n|move|p1a: Golurk|Poltergeist|p2a: Jirachi\n|-activate|p2a: Jirachi|move: Poltergeist|Leftovers\n|-supereffective|p2a: Jirachi\n|-damage|p2a: Jirachi|0 fnt\n|faint|p2a: Jirachi\n|\n|upkeep\n|inactive|Time left: 300 sec this turn | 300 sec total | 5 sec grace\n|\n|t:|1783561022\n|switch|p2a: Smeargle|Smeargle, L95, M|258/258\n|turn|5\n|inactive|Time left: 300 sec this turn | 300 sec total\n|\n|t:|1783561023\n|switch|p1a: Iron Leaves|Iron Leaves, L80|100/100\n|move|p2a: Smeargle|Sticky Web|p1a: Iron Leaves\n|-sidestart|p1: p0x188115d2|move: Sticky Web\n|\n|upkeep\n|turn|6\n|inactive|Time left: 300 sec this turn | 300 sec total\n|\n|t:|1783561024\n|switch|p2a: Dipplin|Dipplin, L88, F|284/284\n|move|p1a: Iron Leaves|Psyblade|p2a: Dipplin\n|-damage|p2a: Dipplin|213/284\n|-damage|p1a: Iron Leaves|91/100|[from] item: Life Orb\n|\n|upkeep\n|turn|7\n|inactive|Time left: 300 sec this turn | 300 sec total\n|\n|t:|1783561025\n|move|p1a: Iron Leaves|Swords Dance|p1a: Iron Leaves\n|-boost|p1a: Iron Leaves|atk|2\n|move|p2a: Dipplin|Dragon Tail|p1a: Iron Leaves\n|-damage|p1a: Iron Leaves|68/100\n|-end|p1a: Iron Leaves|Quark Drive|[silent]\n|drag|p1a: Golurk|Golurk, L87|15/100\n|-activate|p1a: Golurk|move: Sticky Web\n|-unboost|p1a: Golurk|spe|1\n|\n|upkeep\n|turn|8\n|inactive|Time left: 300 sec this turn | 300 sec total\n|\n|t:|1783561026\n|move|p2a: Dipplin|Dragon Pulse|p1a: Golurk\n|-damage|p1a: Golurk|0 fnt\n|faint|p1a: Golurk\n|\n|upkeep\n|\n|t:|1783561027\n|switch|p1a: Qwilfish|Qwilfish-Hisui, L83, M|100/100\n|-activate|p1a: Qwilfish|move: Sticky Web\n|-unboost|p1a: Qwilfish|spe|1\n|-ability|p1a: Qwilfish|Intimidate|boost\n|-unboost|p2a: Dipplin|atk|1\n|turn|9\n|inactive|Time left: 300 sec this turn | 300 sec total\n|\n|t:|1783561028\n|move|p1a: Qwilfish|Gunk Shot|p2a: Dipplin\n|-supereffective|p2a: Dipplin\n|-damage|p2a: Dipplin|73/284\n|move|p2a: Dipplin|Dragon Pulse|p1a: Qwilfish\n|-damage|p1a: Qwilfish|62/100\n|\n|upkeep\n|turn|10\n|inactive|Time left: 300 sec this turn | 300 sec total\n|\n|t:|1783561029\n|move|p1a: Qwilfish|Gunk Shot|p2a: Dipplin\n|-supereffective|p2a: Dipplin\n|-damage|p2a: Dipplin|0 fnt\n|faint|p2a: Dipplin\n|\n|upkeep\n|inactive|Time left: 300 sec this turn | 300 sec total | 5 sec grace\n|\n|t:|1783561030\n|switch|p2a: Cinccino|Cinccino, L83, M|260/260\n|turn|11\n|inactive|Time left: 300 sec this turn | 300 sec total\n|\n|t:|1783561031\n|move|p2a: Cinccino|Triple Axel|p1a: Qwilfish\n|-damage|p1a: Qwilfish|56/100\n|-damage|p1a: Qwilfish|44/100\n|-damage|p1a: Qwilfish|25/100\n|-hitcount|p1a: Qwilfish|3\n|move|p1a: Qwilfish|Gunk Shot|p2a: Cinccino\n|-damage|p2a: Cinccino|98/260\n|\n|upkeep\n|turn|12\n|inactive|Time left: 300 sec this turn | 300 sec total\n|\n|t:|1783561032\n|move|p2a: Cinccino|Triple Axel|p1a: Qwilfish\n|-damage|p1a: Qwilfish|19/100\n|-damage|p1a: Qwilfish|7/100\n|-damage|p1a: Qwilfish|0 fnt\n|faint|p1a: Qwilfish\n|-hitcount|p1: Qwilfish|3\n|\n|upkeep\n|\n|t:|1783561032\n|switch|p1a: Heracross|Heracross, L80, M|100/100\n|-activate|p1a: Heracross|move: Sticky Web\n|-unboost|p1a: Heracross|spe|1\n|turn|13\n|inactive|Time left: 300 sec this turn | 300 sec total\n|\n|t:|1783561033\n|move|p2a: Cinccino|Tail Slap|p1a: Heracross|[miss]\n|-miss|p2a: Cinccino|p1a: Heracross\n|move|p1a: Heracross|Megahorn|p2a: Cinccino\n|-damage|p2a: Cinccino|0 fnt\n|faint|p2a: Cinccino\n|-ability|p1a: Heracross|Moxie|boost\n|-boost|p1a: Heracross|atk|1\n|\n|upkeep\n|inactive|Time left: 300 sec this turn | 300 sec total | 5 sec grace\n|\n|t:|1783561034\n|switch|p2a: Swanna|Swanna, L89, M|278/278\n|turn|14\n|inactive|Time left: 300 sec this turn | 300 sec total\n|\n|t:|1783561035\n|switch|p1a: Squawkabilly|Squawkabilly-Blue, L85, F|44/100 par\n|move|p2a: Swanna|Brave Bird|p1a: Squawkabilly\n|-damage|p1a: Squawkabilly|0 fnt\n|faint|p1a: Squawkabilly\n|-damage|p2a: Swanna|238/278|[from] Recoil\n|\n|upkeep\n|\n|t:|1783561036\n|switch|p1a: Volcarona|Volcarona, L77, M|100/100\n|turn|15\n|inactive|Time left: 300 sec this turn | 300 sec total\n|\n|t:|1783561037\n|-terastallize|p1a: Volcarona|Water\n|move|p2a: Swanna|Brave Bird|p1a: Volcarona\n|-damage|p1a: Volcarona|34/100\n|-damage|p2a: Swanna|181/278|[from] Recoil\n|move|p1a: Volcarona|Quiver Dance|p1a: Volcarona\n|-boost|p1a: Volcarona|spa|1\n|-boost|p1a: Volcarona|spd|1\n|-boost|p1a: Volcarona|spe|1\n|\n|upkeep\n|turn|16\n|inactive|Time left: 300 sec this turn | 300 sec total\n|\n|t:|1783561038\n|move|p1a: Volcarona|Giga Drain|p2a: Swanna\n|-damage|p2a: Swanna|79/278\n|-heal|p1a: Volcarona|53/100|[from] drain|[of] p2a: Swanna\n|move|p2a: Swanna|Brave Bird|p1a: Volcarona\n|-damage|p1a: Volcarona|0 fnt\n|faint|p1a: Volcarona\n|-damage|p2a: Swanna|34/278|[from] Recoil\n|\n|upkeep\n|\n|t:|1783561039\n|switch|p1a: Iron Leaves|Iron Leaves, L80|68/100\n|-activate|p1a: Iron Leaves|move: Sticky Web\n|-unboost|p1a: Iron Leaves|spe|1\n|turn|17\n|inactive|Time left: 300 sec this turn | 300 sec total\n|\n|t:|1783561040\n|move|p2a: Swanna|Brave Bird|p1a: Iron Leaves\n|-supereffective|p1a: Iron Leaves\n|-damage|p1a: Iron Leaves|0 fnt\n|faint|p1a: Iron Leaves\n|-end|p1a: Iron Leaves|Quark Drive|[silent]\n|-damage|p2a: Swanna|0 fnt|[from] Recoil\n|faint|p2a: Swanna\n|\n|upkeep\n|inactive|Time left: 300 sec this turn | 300 sec total | 5 sec grace\n|\n|t:|1783561041\n|switch|p2a: Leafeon|Leafeon, L88, M|258/258\n|switch|p1a: Heracross|Heracross, L80, M|100/100\n|-activate|p1a: Heracross|move: Sticky Web\n|-unboost|p1a: Heracross|spe|1\n|turn|18\n|inactive|Time left: 300 sec this turn | 300 sec total\n|\n|t:|1783561042\n|-terastallize|p2a: Leafeon|Dark\n|move|p2a: Leafeon|Knock Off|p1a: Heracross\n|-resisted|p1a: Heracross\n|-damage|p1a: Heracross|64/100\n|-enditem|p1a: Heracross|Choice Scarf|[from] move: Knock Off|[of] p2a: Leafeon\n|-damage|p2a: Leafeon|233/258|[from] item: Life Orb\n|move|p1a: Heracross|Megahorn|p2a: Leafeon\n|-supereffective|p2a: Leafeon\n|-damage|p2a: Leafeon|47/258\n|\n|upkeep\n|turn|19\n|inactive|Time left: 300 sec this turn | 300 sec total\n|\n|t:|1783561043\n|move|p2a: Leafeon|Double-Edge|p1a: Heracross\n|-damage|p1a: Heracross|6/100\n|-damage|p2a: Leafeon|0 fnt|[from] Recoil\n|faint|p2a: Leafeon\n|move|p1a: Heracross|Close Combat|p2: Leafeon|[notarget]\n|-fail|p1a: Heracross\n|\n|upkeep\n|inactive|Time left: 300 sec this turn | 300 sec total | 5 sec grace\n|\n|t:|1783561044\n|switch|p2a: Smeargle|Smeargle, L95, M|258/258\n|turn|20\n|inactive|Time left: 300 sec this turn | 300 sec total\n|\n|t:|1783561045\n|move|p2a: Smeargle|Ceaseless Edge|p1a: Heracross\n|-resisted|p1a: Heracross\n|-damage|p1a: Heracross|0 fnt\n|-sidestart|p1: p0x188115d2|Spikes\n|faint|p1a: Heracross\n|\n|win|p0y1881dbb5", "uploadtime": 1783561045, "views": 0, "rating": 0, "private": 0, "password": null, "_winner": "p0y1881dbb5", "_our_name": "p0y1881dbb5"}