{"id": "battle-gen9randombattle-1047", "formatid": "gen9randombattle", "format": "[Gen 9] Random Battle", "players": ["p0x1047c429", "p0y104768d8"], "log": "|init|battle\n|title|p0x1047c429 vs. p0y104768d8\n|j|\u2606p0x1047c429\n|j|\u2606p0y104768d8\n|t:|1783551332\n|gametype|singles\n|player|p1|p0x1047c429|101|\n|player|p2|p0y104768d8|101|\n|gen|9\n|tier|[Gen 9] Random Battle\n|rule|Species Clause: Limit one of each Pok\u00e9mon\n|rule|HP Percentage Mod: HP is shown in percentages\n|rule|Sleep Clause Mod: Limit one foe put to sleep\n|rule|Illusion Level Mod: Illusion disguises the Pok\u00e9mon's true level\n|\n|t:|1783551332\n|teamsize|p1|6\n|teamsize|p2|6\n|start\n|switch|p1a: Iron Thorns|Iron Thorns, L83|100/100\n|switch|p2a: Qwilfish|Qwilfish, L86, M|252/252\n|-ability|p2a: Qwilfish|Intimidate|boost\n|-unboost|p1a: Iron Thorns|atk|1\n|turn|1\n|inactive|Battle timer is ON: inactive players will automatically lose when time's up. (requested by p0x1047c429)\n|inactive|Time left: 300 sec this turn | 300 sec total | 60 sec grace\n|inactive|p0y104768d8 also wants the timer to be on.\n|\n|t:|1783551333\n|move|p2a: Qwilfish|Flip Turn|p1a: Iron Thorns\n|-supereffective|p1a: Iron Thorns\n|-damage|p1a: Iron Thorns|65/100\n|inactive|Time left: 300 sec this turn | 300 sec total | 65 sec grace\n|\n|t:|1783551334\n|switch|p2a: Crabominable|Crabominable, L90, F|321/321|[from] Flip Turn\n|move|p1a: Iron Thorns|Volt Switch|p2a: Crabominable\n|-damage|p2a: Crabominable|275/321\n|\n|t:|1783551335\n|-end|p1a: Iron Thorns|Quark Drive|[silent]\n|switch|p1a: Espathra|Espathra, L80, F|100/100|[from] Volt Switch\n|\n|upkeep\n|turn|2\n|inactive|Time left: 300 sec this turn | 300 sec total\n|\n|t:|1783551336\n|move|p1a: Espathra|Lumina Crash|p2a: Crabominable\n|-supereffective|p2a: Crabominable\n|-damage|p2a: Crabominable|107/321\n|-unboost|p2a: Crabominable|spd|2\n|move|p2a: Crabominable|Knock Off|p1a: Espathra\n|-supereffective|p1a: Espathra\n|-damage|p1a: Espathra|1/100\n|-enditem|p1a: Espathra|Choice Specs|[from] move: Knock Off|[of] p2a: Crabominable\n|\n|-ability|p1a: Espathra|Speed Boost|boost\n|-boost|p1a: Espathra|spe|1\n|upkeep\n|turn|3\n|inactive|Time left: 300 sec this turn | 300 sec total\n|\n|t:|1783551337\n|switch|p2a: Arceus|Arceus-Rock, L74|300/300\n|move|p1a: Espathra|Lumina Crash|p2a: Arceus\n|-damage|p2a: Arceus|233/300\n|-unboost|p2a: Arceus|spd|2\n|\n|-ability|p1a: Espathra|Speed Boost|boost\n|-boost|p1a: Espathra|spe|1\n|upkeep\n|turn|4\n|inactive|Time left: 300 sec this turn | 300 sec total\n|\n|t:|1783551338\n|move|p1a: Espathra|Lumina Crash|p2a: Arceus\n|-damage|p2a: Arceus|92/300\n|-unboost|p2a: Arceus|spd|2\n|move|p2a: Arceus|Earth Power|p1a: Espathra\n|-damage|p1a: Espathra|0 fnt\n|faint|p1a: Espathra\n|\n|upkeep\n|\n|t:|1783551339\n|switch|p1a: Whiscash|Whiscash, L88, M|100/100\n|turn|5\n|inactive|Time left: 300 sec this turn | 300 sec total\n|\n|t:|1783551340\n|switch|p2a: Flapple|Flapple, L88, M|266/266\n|move|p1a: Whiscash|Dragon Dance|p1a: Whiscash\n|-boost|p1a: Whiscash|atk|1\n|-boost|p1a: Whiscash|spe|1\n|\n|upkeep\n|turn|6\n|inactive|Time left: 300 sec this turn | 300 sec total\n|\n|t:|1783551341\n|-terastallize|p1a: Whiscash|Steel\n|move|p1a: Whiscash|Dragon Dance|p1a: Whiscash\n|-boost|p1a: Whiscash|atk|1\n|-boost|p1a: Whiscash|spe|1\n|move|p2a: Flapple|Grav Apple|p1a: Whiscash\n|-resisted|p1a: Whiscash\n|-damage|p1a: Whiscash|77/100\n|-unboost|p1a: Whiscash|def|1\n|\n|upkeep\n|turn|7\n|inactive|Time left: 300 sec this turn | 300 sec total\n|\n|t:|1783551342\n|move|p1a: Whiscash|Stone Edge|p2a: Flapple|[miss]\n|-miss|p1a: Whiscash|p2a: Flapple\n|move|p2a: Flapple|Outrage|p1a: Whiscash\n|-resisted|p1a: Whiscash\n|-damage|p1a: Whiscash|17/100\n|\n|upkeep\n|turn|8\n|inactive|Time left: 300 sec this turn | 300 sec total\n|\n|t:|1783551343\n|move|p1a: Whiscash|Earthquake|p2a: Flapple\n|-resisted|p2a: Flapple\n|-damage|p2a: Flapple|145/266\n|-damage|p1a: Whiscash|7/100|[from] item: Life Orb\n|move|p2a: Flapple|Outrage|p1a: Whiscash|[from] lockedmove\n|-resisted|p1a: Whiscash\n|-damage|p1a: Whiscash|0 fnt\n|faint|p1a: Whiscash\n|-start|p2a: Flapple|confusion|[fatigue]\n|-enditem|p2a: Flapple|Lum Berry|[eat]\n|-end|p2a: Flapple|confusion\n|\n|upkeep\n|\n|t:|1783551345\n|switch|p1a: Yanmega|Yanmega, L82, M|100/100\n|turn|9\n|inactive|Time left: 300 sec this turn | 300 sec total\n|\n|t:|1783551345\n|-terastallize|p2a: Flapple|Dragon\n|move|p1a: Yanmega|Air Slash|p2a: Flapple\n|-damage|p2a: Flapple|45/266\n|move|p2a: Flapple|Outrage|p1a: Yanmega\n|-damage|p1a: Yanmega|0 fnt\n|faint|p1a: Yanmega\n|\n|upkeep\n|\n|t:|1783551346\n|switch|p1a: Gengar|Gengar, L81, F|100/100\n|turn|10\n|inactive|Time left: 300 sec this turn | 300 sec total\n|\n|t:|1783551347\n|move|p1a: Gengar|Sludge Wave|p2a: Flapple\n|-damage|p2a: Flapple|0 fnt\n|faint|p2a: Flapple\n|-damage|p1a: Gengar|90/100|[from] item: Life Orb\n|\n|upkeep\n|inactive|Time left: 300 sec this turn | 300 sec total | 5 sec grace\n|\n|t:|1783551348\n|switch|p2a: Gouging Fire|Gouging Fire, L74|277/277\n|turn|11\n|inactive|Time left: 300 sec this turn | 300 sec total\n|\n|t:|1783551349\n|move|p1a: Gengar|Sludge Wave|p2a: Gouging Fire\n|-damage|p2a: Gouging Fire|108/277\n|-damage|p1a: Gengar|80/100|[from] item: Life Orb\n|move|p2a: Gouging Fire|Dragon Dance|p2a: Gouging Fire\n|-boost|p2a: Gouging Fire|atk|1\n|-boost|p2a: Gouging Fire|spe|1\n|\n|upkeep\n|turn|12\n|inactive|Time left: 300 sec this turn | 300 sec total\n|\n|t:|1783551351\n|switch|p1a: Iron Thorns|Iron Thorns, L83|65/100\n|move|p2a: Gouging Fire|Outrage|p1a: Iron Thorns\n|-damage|p1a: Iron Thorns|18/100\n|\n|upkeep\n|turn|13\n|inactive|Time left: 300 sec this turn | 300 sec total\n|\n|t:|1783551352\n|move|p2a: Gouging Fire|Outrage|p1a: Iron Thorns|[from] lockedmove\n|-damage|p1a: Iron Thorns|0 fnt\n|faint|p1a: Iron Thorns\n|-end|p1a: Iron Thorns|Quark Drive|[silent]\n|-start|p2a: Gouging Fire|confusion|[fatigue]\n|\n|upkeep\n|\n|t:|1783551353\n|switch|p1a: Pyroar|Pyroar, L88, F|100/100\n|-ability|p1a: Pyroar|Unnerve\n|turn|14\n|inactive|Time left: 300 sec this turn | 300 sec total\n|\n|t:|1783551354\n|-activate|p2a: Gouging Fire|confusion\n|-damage|p2a: Gouging Fire|74/277|[from] confusion\n|move|p1a: Pyroar|Hyper Voice|p2a: Gouging Fire\n|-damage|p2a: Gouging Fire|0 fnt\n|faint|p2a: Gouging Fire\n|-end|p2a: Gouging Fire|Protosynthesis|[silent]\n|\n|upkeep\n|inactive|Time left: 300 sec this turn | 300 sec total | 5 sec grace\n|\n|t:|1783551355\n|switch|p2a: Arceus|Arceus-Rock, L74|92/300\n|turn|15\n|inactive|Time left: 300 sec this turn | 300 sec total\n|\n|t:|1783551356\n|move|p1a: Pyroar|Work Up|p1a: Pyroar\n|-boost|p1a: Pyroar|atk|1\n|-boost|p1a: Pyroar|spa|1\n|move|p2a: Arceus|Recover|p2a: Arceus\n|-heal|p2a: Arceus|242/300\n|\n|upkeep\n|turn|16\n|inactive|Time left: 300 sec this turn | 300 sec total\n|\n|t:|1783551357\n|move|p1a: Pyroar|Fire Blast|p2a: Arceus\n|-resisted|p2a: Arceus\n|-damage|p2a: Arceus|151/300\n|move|p2a: Arceus|Judgment|p1a: Pyroar\n|-supereffective|p1a: Pyroar\n|-damage|p1a: Pyroar|14/100\n|\n|upkeep\n|turn|17\n|inactive|Time left: 300 sec this turn | 300 sec total\n|\n|t:|1783551358\n|move|p1a: Pyroar|Fire Blast|p2a: Arceus\n|-resisted|p2a: Arceus\n|-damage|p2a: Arceus|66/300\n|move|p2a: Arceus|Recover|p2a: Arceus\n|-heal|p2a: Arceus|216/300\n|\n|upkeep\n|turn|18\n|inactive|Time left: 300 sec this turn | 300 sec total\n|\n|t:|1783551359\n|move|p1a: Pyroar|Fire Blast|p2a: Arceus\n|-resisted|p2a: Arceus\n|-damage|p2a: Arceus|126/300\n|move|p2a: Arceus|Judgment|p1a: Pyroar\n|-supereffective|p1a: Pyroar\n|-damage|p1a: Pyroar|0 fnt\n|faint|p1a: Pyroar\n|\n|upkeep\n|\n|t:|1783551360\n|switch|p1a: Gengar|Gengar, L81, F|80/100\n|turn|19\n|inactive|Time left: 300 sec this turn | 300 sec total\n|\n|t:|1783551361\n|move|p1a: Gengar|Focus Blast|p2a: Arceus\n|-supereffective|p2a: Arceus\n|-damage|p2a: Arceus|0 fnt\n|faint|p2a: Arceus\n|-damage|p1a: Gengar|70/100|[from] item: Life Orb\n|\n|upkeep\n|inactive|Time left: 300 sec this turn | 300 sec total | 5 sec grace\n|\n|t:|1783551362\n|switch|p2a: Qwilfish|Qwilfish, L86, M|252/252\n|-ability|p2a: Qwilfish|Intimidate|boost\n|-unboost|p1a: Gengar|atk|1\n|turn|20\n|inactive|Time left: 300 sec this turn | 300 sec total\n|\n|t:|1783551363\n|move|p1a: Gengar|Focus Blast|p2a: Qwilfish\n|-resisted|p2a: Qwilfish\n|-damage|p2a: Qwilfish|157/252\n|-damage|p1a: Gengar|60/100|[from] item: Life Orb\n|move|p2a: Qwilfish|Flip Turn|p1a: Gengar\n|-damage|p1a: Gengar|24/100\n|inactive|Time left: 300 sec this turn | 300 sec total | 5 sec grace\n|\n|t:|1783551364\n|switch|p2a: Maushold|Maushold-Four, L76|238/238|[from] Flip Turn\n|\n|upkeep\n|turn|21\n|inactive|Time left: 300 sec this turn | 300 sec total\n|\n|t:|1783551365\n|move|p1a: Gengar|Focus Blast|p2a: Maushold|[miss]\n|-miss|p1a: Gengar|p2a: Maushold\n|move|p2a: Maushold|Bite|p1a: Gengar\n|-supereffective|p1a: Gengar\n|-damage|p1a: Gengar|0 fnt\n|faint|p1a: Gengar\n|\n|win|p0y104768d8", "uploadtime": 1783551365, "views": 0, "rating": 0, "private": 0, "password": null, "_winner": "p0y104768d8", "_our_name": "p0y104768d8"}