{"id": "battle-gen9randombattle-1097", "formatid": "gen9randombattle", "format": "[Gen 9] Random Battle", "players": ["p0x10971ace", "p0y1097384b"], "log": "|init|battle\n|title|p0x10971ace vs. p0y1097384b\n|j|\u2606p0x10971ace\n|j|\u2606p0y1097384b\n|t:|1783552698\n|gametype|singles\n|player|p1|p0x10971ace|169|\n|player|p2|p0y1097384b|102|\n|gen|9\n|tier|[Gen 9] Random Battle\n|rule|Species Clause: Limit one of each Pok\u00e9mon\n|rule|HP Percentage Mod: HP is shown in percentages\n|rule|Sleep Clause Mod: Limit one foe put to sleep\n|rule|Illusion Level Mod: Illusion disguises the Pok\u00e9mon's true level\n|\n|t:|1783552698\n|teamsize|p1|6\n|teamsize|p2|6\n|start\n|switch|p1a: Mamoswine|Mamoswine, L81, F|100/100\n|switch|p2a: Regidrago|Regidrago, L77|435/435\n|turn|1\n|inactive|Battle timer is ON: inactive players will automatically lose when time's up. (requested by p0x10971ace)\n|inactive|Time left: 300 sec this turn | 300 sec total | 60 sec grace\n|inactive|p0y1097384b also wants the timer to be on.\n|\n|t:|1783552700\n|switch|p2a: Piloswine|Piloswine, L85, M|309/309\n|move|p1a: Mamoswine|Icicle Crash|p2a: Piloswine\n|-damage|p2a: Piloswine|248/309\n|\n|upkeep\n|turn|2\n|inactive|Time left: 300 sec this turn | 300 sec total\n|\n|t:|1783552701\n|move|p1a: Mamoswine|Icicle Crash|p2a: Piloswine\n|-damage|p2a: Piloswine|187/309\n|cant|p2a: Piloswine|flinch\n|\n|upkeep\n|turn|3\n|inactive|Time left: 300 sec this turn | 300 sec total\n|\n|t:|1783552702\n|move|p1a: Mamoswine|Icicle Crash|p2a: Piloswine\n|-damage|p2a: Piloswine|124/309\n|move|p2a: Piloswine|Stealth Rock|p1a: Mamoswine\n|-sidestart|p1: p0x10971ace|move: Stealth Rock\n|\n|upkeep\n|turn|4\n|inactive|Time left: 300 sec this turn | 300 sec total\n|\n|t:|1783552703\n|move|p1a: Mamoswine|Icicle Crash|p2a: Piloswine\n|-damage|p2a: Piloswine|63/309\n|cant|p2a: Piloswine|flinch\n|\n|upkeep\n|turn|5\n|inactive|Time left: 300 sec this turn | 300 sec total\n|\n|t:|1783552704\n|move|p1a: Mamoswine|Icicle Crash|p2a: Piloswine\n|-damage|p2a: Piloswine|5/309\n|move|p2a: Piloswine|Earthquake|p1a: Mamoswine\n|-damage|p1a: Mamoswine|57/100\n|\n|upkeep\n|turn|6\n|inactive|Time left: 300 sec this turn | 300 sec total\n|\n|t:|1783552704\n|move|p1a: Mamoswine|Icicle Crash|p2a: Piloswine\n|-crit|p2a: Piloswine\n|-damage|p2a: Piloswine|0 fnt\n|faint|p2a: Piloswine\n|\n|upkeep\n|inactive|Time left: 300 sec this turn | 300 sec total | 5 sec grace\n|\n|t:|1783552705\n|switch|p2a: Frosmoth|Frosmoth, L82, F|249/249\n|turn|7\n|inactive|Time left: 300 sec this turn | 300 sec total\n|\n|t:|1783552706\n|move|p1a: Mamoswine|Icicle Crash|p2a: Frosmoth\n|-resisted|p2a: Frosmoth\n|-damage|p2a: Frosmoth|150/249\n|move|p2a: Frosmoth|Quiver Dance|p2a: Frosmoth\n|-boost|p2a: Frosmoth|spa|1\n|-boost|p2a: Frosmoth|spd|1\n|-boost|p2a: Frosmoth|spe|1\n|\n|upkeep\n|turn|8\n|inactive|Time left: 300 sec this turn | 300 sec total\n|\n|t:|1783552707\n|switch|p1a: Azumarill|Azumarill, L82, M|100/100\n|-damage|p1a: Azumarill|88/100|[from] Stealth Rock\n|move|p2a: Frosmoth|Bug Buzz|p1a: Azumarill\n|-resisted|p1a: Azumarill\n|-damage|p1a: Azumarill|56/100\n|\n|upkeep\n|turn|9\n|inactive|Time left: 300 sec this turn | 300 sec total\n|\n|t:|1783552708\n|move|p2a: Frosmoth|Bug Buzz|p1a: Azumarill\n|-resisted|p1a: Azumarill\n|-damage|p1a: Azumarill|28/100\n|-enditem|p1a: Azumarill|Sitrus Berry|[eat]\n|-heal|p1a: Azumarill|53/100|[from] item: Sitrus Berry\n|move|p1a: Azumarill|Play Rough|p2a: Frosmoth\n|-damage|p2a: Frosmoth|6/249\n|\n|upkeep\n|turn|10\n|inactive|Time left: 300 sec this turn | 300 sec total\n|\n|t:|1783552709\n|move|p1a: Azumarill|Aqua Jet|p2a: Frosmoth\n|-damage|p2a: Frosmoth|0 fnt\n|faint|p2a: Frosmoth\n|\n|upkeep\n|inactive|Time left: 300 sec this turn | 300 sec total | 5 sec grace\n|\n|t:|1783552710\n|switch|p2a: Farigiraf|Farigiraf, L90, F|362/362\n|turn|11\n|inactive|Time left: 300 sec this turn | 300 sec total\n|\n|t:|1783552711\n|switch|p1a: Umbreon|Umbreon, L84, F|100/100\n|-damage|p1a: Umbreon|88/100|[from] Stealth Rock\n|move|p2a: Farigiraf|Psychic Noise|p1a: Umbreon\n|-immune|p1a: Umbreon\n|\n|-heal|p1a: Umbreon|94/100|[from] item: Leftovers\n|upkeep\n|turn|12\n|inactive|Time left: 300 sec this turn | 300 sec total\n|\n|t:|1783552712\n|move|p2a: Farigiraf|Body Slam|p1a: Umbreon\n|-damage|p1a: Umbreon|66/100\n|move|p1a: Umbreon|Foul Play|p2a: Farigiraf\n|-supereffective|p2a: Farigiraf\n|-damage|p2a: Farigiraf|138/362\n|\n|-heal|p2a: Farigiraf|160/362|[from] item: Leftovers\n|-heal|p1a: Umbreon|72/100|[from] item: Leftovers\n|upkeep\n|turn|13\n|inactive|Time left: 300 sec this turn | 300 sec total\n|\n|t:|1783552713\n|move|p2a: Farigiraf|Body Slam|p1a: Umbreon\n|-damage|p1a: Umbreon|41/100\n|move|p1a: Umbreon|Foul Play|p2a: Farigiraf\n|-supereffective|p2a: Farigiraf\n|-damage|p2a: Farigiraf|0 fnt\n|faint|p2a: Farigiraf\n|\n|-heal|p1a: Umbreon|47/100|[from] item: Leftovers\n|upkeep\n|inactive|Time left: 300 sec this turn | 300 sec total | 5 sec grace\n|\n|t:|1783552714\n|switch|p2a: Oricorio|Oricorio-Sensu, L85, M|266/266\n|turn|14\n|inactive|Time left: 300 sec this turn | 300 sec total\n|\n|t:|1783552715\n|move|p2a: Oricorio|Quiver Dance|p2a: Oricorio\n|-boost|p2a: Oricorio|spa|1\n|-boost|p2a: Oricorio|spd|1\n|-boost|p2a: Oricorio|spe|1\n|move|p1a: Umbreon|Foul Play|p2a: Oricorio\n|-supereffective|p2a: Oricorio\n|-damage|p2a: Oricorio|134/266\n|\n|-heal|p1a: Umbreon|53/100|[from] item: Leftovers\n|upkeep\n|turn|15\n|inactive|Time left: 300 sec this turn | 300 sec total\n|\n|t:|1783552716\n|-terastallize|p2a: Oricorio|Fighting\n|move|p2a: Oricorio|Quiver Dance|p2a: Oricorio\n|-boost|p2a: Oricorio|spa|1\n|-boost|p2a: Oricorio|spd|1\n|-boost|p2a: Oricorio|spe|1\n|move|p1a: Umbreon|Foul Play|p2a: Oricorio\n|-resisted|p2a: Oricorio\n|-damage|p2a: Oricorio|98/266\n|\n|-heal|p1a: Umbreon|59/100|[from] item: Leftovers\n|upkeep\n|turn|16\n|inactive|Time left: 300 sec this turn | 300 sec total\n|\n|t:|1783552716\n|move|p2a: Oricorio|Roost|p2a: Oricorio\n|-heal|p2a: Oricorio|231/266\n|move|p1a: Umbreon|Toxic|p2a: Oricorio\n|-status|p2a: Oricorio|tox\n|\n|-heal|p1a: Umbreon|65/100|[from] item: Leftovers\n|-damage|p2a: Oricorio|215/266 tox|[from] psn\n|upkeep\n|turn|17\n|inactive|Time left: 300 sec this turn | 300 sec total\n|\n|t:|1783552717\n|move|p1a: Umbreon|Protect|p1a: Umbreon\n|-singleturn|p1a: Umbreon|Protect\n|move|p2a: Oricorio|Quiver Dance|p2a: Oricorio\n|-boost|p2a: Oricorio|spa|1\n|-boost|p2a: Oricorio|spd|1\n|-boost|p2a: Oricorio|spe|1\n|\n|-heal|p1a: Umbreon|72/100|[from] item: Leftovers\n|-damage|p2a: Oricorio|183/266 tox|[from] psn\n|upkeep\n|turn|18\n|inactive|Time left: 300 sec this turn | 300 sec total\n|\n|t:|1783552718\n|move|p2a: Oricorio|Hurricane|p1a: Umbreon|[miss]\n|-miss|p2a: Oricorio|p1a: Umbreon\n|move|p1a: Umbreon|Foul Play|p2a: Oricorio\n|-resisted|p2a: Oricorio\n|-damage|p2a: Oricorio|147/266 tox\n|\n|-heal|p1a: Umbreon|78/100|[from] item: Leftovers\n|-damage|p2a: Oricorio|99/266 tox|[from] psn\n|upkeep\n|turn|19\n|inactive|Time left: 300 sec this turn | 300 sec total\n|\n|t:|1783552719\n|switch|p1a: Gogoat|Gogoat, L88, F|100/100\n|-damage|p1a: Gogoat|88/100|[from] Stealth Rock\n|move|p2a: Oricorio|Roost|p2a: Oricorio\n|-heal|p2a: Oricorio|232/266 tox\n|\n|-heal|p1a: Gogoat|94/100|[from] item: Leftovers\n|-damage|p2a: Oricorio|168/266 tox|[from] psn\n|upkeep\n|turn|20\n|inactive|Time left: 300 sec this turn | 300 sec total\n|\n|t:|1783552720\n|-terastallize|p1a: Gogoat|Ground\n|move|p2a: Oricorio|Hurricane|p1a: Gogoat\n|-damage|p1a: Gogoat|9/100\n|-start|p1a: Gogoat|confusion\n|-activate|p1a: Gogoat|confusion\n|-damage|p1a: Gogoat|0 fnt|[from] confusion\n|faint|p1a: Gogoat\n|\n|-damage|p2a: Oricorio|88/266 tox|[from] psn\n|upkeep\n|\n|t:|1783552721\n|switch|p1a: Mamoswine|Mamoswine, L81, F|57/100\n|-damage|p1a: Mamoswine|45/100|[from] Stealth Rock\n|turn|21\n|inactive|Time left: 300 sec this turn | 300 sec total\n|\n|t:|1783552722\n|move|p1a: Mamoswine|Ice Shard|p2a: Oricorio\n|-damage|p2a: Oricorio|1/266 tox\n|move|p2a: Oricorio|Revelation Dance|p1a: Mamoswine\n|-supereffective|p1a: Mamoswine\n|-damage|p1a: Mamoswine|0 fnt\n|faint|p1a: Mamoswine\n|\n|-damage|p2a: Oricorio|0 fnt|[from] psn\n|faint|p2a: Oricorio\n|upkeep\n|inactive|Time left: 300 sec this turn | 300 sec total | 5 sec grace\n|\n|t:|1783552723\n|switch|p2a: Cramorant|Cramorant, L86, F|261/261\n|switch|p1a: Comfey|Comfey, L85, M|100/100\n|-damage|p1a: Comfey|88/100|[from] Stealth Rock\n|turn|22\n|inactive|Time left: 300 sec this turn | 300 sec total\n|\n|t:|1783552724\n|switch|p1a: Umbreon|Umbreon, L84, F|78/100\n|-damage|p1a: Umbreon|65/100|[from] Stealth Rock\n|move|p2a: Cramorant|Surf|p1a: Umbreon\n|-formechange|p2a: Cramorant|Cramorant-Gulping|\n|-damage|p1a: Umbreon|44/100\n|\n|-heal|p1a: Umbreon|50/100|[from] item: Leftovers\n|upkeep\n|turn|23\n|inactive|Time left: 300 sec this turn | 300 sec total\n|\n|t:|1783552725\n|move|p2a: Cramorant|Brave Bird|p1a: Umbreon\n|-damage|p1a: Umbreon|13/100\n|-damage|p2a: Cramorant|225/261|[from] Recoil\n|move|p1a: Umbreon|Wish|p1a: Umbreon\n|\n|-heal|p1a: Umbreon|19/100|[from] item: Leftovers\n|upkeep\n|turn|24\n|inactive|Time left: 300 sec this turn | 300 sec total\n|\n|t:|1783552726\n|move|p1a: Umbreon|Protect|p1a: Umbreon\n|-singleturn|p1a: Umbreon|Protect\n|move|p2a: Cramorant|Surf|p1a: Umbreon\n|-activate|p1a: Umbreon|move: Protect\n|\n|-heal|p1a: Umbreon|69/100|[from] move: Wish|[wisher] Umbreon\n|-heal|p1a: Umbreon|75/100|[from] item: Leftovers\n|upkeep\n|turn|25\n|inactive|Time left: 300 sec this turn | 300 sec total\n|\n|t:|1783552727\n|move|p2a: Cramorant|Brave Bird|p1a: Umbreon\n|-crit|p1a: Umbreon\n|-damage|p1a: Umbreon|27/100\n|-damage|p2a: Cramorant|178/261|[from] Recoil\n|move|p1a: Umbreon|Toxic|p2a: Cramorant\n|-status|p2a: Cramorant|tox\n|\n|-heal|p1a: Umbreon|33/100|[from] item: Leftovers\n|-damage|p2a: Cramorant|162/261 tox|[from] psn\n|upkeep\n|turn|26\n|inactive|Time left: 300 sec this turn | 300 sec total\n|\n|t:|1783552729\n|move|p1a: Umbreon|Protect|p1a: Umbreon\n|-singleturn|p1a: Umbreon|Protect\n|move|p2a: Cramorant|Brave Bird|p1a: Umbreon\n|-activate|p1a: Umbreon|move: Protect\n|\n|-heal|p1a: Umbreon|40/100|[from] item: Leftovers\n|-damage|p2a: Cramorant|130/261 tox|[from] psn\n|upkeep\n|turn|27\n|inactive|Time left: 300 sec this turn | 300 sec total\n|\n|t:|1783552730\n|move|p2a: Cramorant|Brave Bird|p1a: Umbreon\n|-damage|p1a: Umbreon|5/100\n|-damage|p2a: Cramorant|96/261 tox|[from] Recoil\n|move|p1a: Umbreon|Wish|p1a: Umbreon\n|\n|-heal|p1a: Umbreon|11/100|[from] item: Leftovers\n|-damage|p2a: Cramorant|48/261 tox|[from] psn\n|upkeep\n|turn|28\n|inactive|Time left: 300 sec this turn | 300 sec total\n|\n|t:|1783552731\n|move|p1a: Umbreon|Protect|p1a: Umbreon\n|-singleturn|p1a: Umbreon|Protect\n|move|p2a: Cramorant|Roost|p2a: Cramorant\n|-heal|p2a: Cramorant|179/261 tox\n|-singleturn|p2a: Cramorant|move: Roost\n|\n|-heal|p1a: Umbreon|61/100|[from] move: Wish|[wisher] Umbreon\n|-heal|p1a: Umbreon|67/100|[from] item: Leftovers\n|-damage|p2a: Cramorant|115/261 tox|[from] psn\n|upkeep\n|turn|29\n|inactive|Time left: 300 sec this turn | 300 sec total\n|\n|t:|1783552732\n|move|p2a: Cramorant|Roost|p2a: Cramorant\n|-heal|p2a: Cramorant|246/261 tox\n|-singleturn|p2a: Cramorant|move: Roost\n|move|p1a: Umbreon|Wish|p1a: Umbreon\n|\n|-heal|p1a: Umbreon|73/100|[from] item: Leftovers\n|-damage|p2a: Cramorant|166/261 tox|[from] psn\n|upkeep\n|turn|30\n|inactive|Time left: 300 sec this turn | 300 sec total\n|\n|t:|1783552733\n|switch|p2a: Regidrago|Regidrago, L77|435/435\n|move|p1a: Umbreon|Toxic|p2a: Regidrago\n|-status|p2a: Regidrago|tox\n|\n|-heal|p1a: Umbreon|100/100|[from] move: Wish|[wisher] Umbreon\n|-damage|p2a: Regidrago|408/435 tox|[from] psn\n|upkeep\n|turn|31\n|inactive|Time left: 300 sec this turn | 300 sec total\n|\n|t:|1783552734\n|move|p2a: Regidrago|Dragon Dance|p2a: Regidrago\n|-boost|p2a: Regidrago|atk|1\n|-boost|p2a: Regidrago|spe|1\n|move|p1a: Umbreon|Foul Play|p2a: Regidrago\n|-damage|p2a: Regidrago|192/435 tox\n|\n|-damage|p2a: Regidrago|138/435 tox|[from] psn\n|upkeep\n|turn|32\n|inactive|Time left: 300 sec this turn | 300 sec total\n|\n|t:|1783552735\n|move|p2a: Regidrago|Dragon Claw|p1a: Umbreon\n|-damage|p1a: Umbreon|44/100\n|-damage|p2a: Regidrago|95/435 tox|[from] item: Life Orb\n|move|p1a: Umbreon|Foul Play|p2a: Regidrago\n|-damage|p2a: Regidrago|0 fnt\n|faint|p2a: Regidrago\n|\n|-heal|p1a: Umbreon|50/100|[from] item: Leftovers\n|upkeep\n|inactive|Time left: 300 sec this turn | 300 sec total | 5 sec grace\n|\n|t:|1783552736\n|switch|p2a: Cramorant|Cramorant, L86, F|166/261 tox\n|turn|33\n|inactive|Time left: 300 sec this turn | 300 sec total\n|\n|t:|1783552737\n|move|p2a: Cramorant|Roost|p2a: Cramorant\n|-heal|p2a: Cramorant|261/261 tox\n|-singleturn|p2a: Cramorant|move: Roost\n|move|p1a: Umbreon|Foul Play|p2a: Cramorant\n|-crit|p2a: Cramorant\n|-damage|p2a: Cramorant|68/261 tox\n|\n|-heal|p1a: Umbreon|56/100|[from] item: Leftovers\n|-damage|p2a: Cramorant|52/261 tox|[from] psn\n|upkeep\n|turn|34\n|inactive|Time left: 300 sec this turn | 300 sec total\n|\n|t:|1783552738\n|move|p2a: Cramorant|Roost|p2a: Cramorant\n|-heal|p2a: Cramorant|183/261 tox\n|-singleturn|p2a: Cramorant|move: Roost\n|move|p1a: Umbreon|Foul Play|p2a: Cramorant\n|-damage|p2a: Cramorant|62/261 tox\n|\n|-heal|p1a: Umbreon|62/100|[from] item: Leftovers\n|-damage|p2a: Cramorant|30/261 tox|[from] psn\n|upkeep\n|turn|35\n|inactive|Time left: 300 sec this turn | 300 sec total\n|\n|t:|1783552739\n|move|p2a: Cramorant|Roost|p2a: Cramorant\n|-heal|p2a: Cramorant|161/261 tox\n|-singleturn|p2a: Cramorant|move: Roost\n|move|p1a: Umbreon|Foul Play|p2a: Cramorant\n|-damage|p2a: Cramorant|41/261 tox\n|\n|-heal|p1a: Umbreon|68/100|[from] item: Leftovers\n|-damage|p2a: Cramorant|0 fnt|[from] psn\n|faint|p2a: Cramorant\n|\n|win|p0x10971ace", "uploadtime": 1783552739, "views": 0, "rating": 0, "private": 0, "password": null, "_winner": "p0x10971ace", "_our_name": "p0y1097384b"}