{"id": "battle-gen9randombattle-1458", "formatid": "gen9randombattle", "format": "[Gen 9] Random Battle", "players": ["p0x1458ab45", "p0y14580597"], "log": "|init|battle\n|title|p0x1458ab45 vs. p0y14580597\n|j|\u2606p0x1458ab45\n|j|\u2606p0y14580597\n|t:|1783556047\n|gametype|singles\n|player|p1|p0x1458ab45|266|\n|player|p2|p0y14580597|169|\n|gen|9\n|tier|[Gen 9] Random Battle\n|rule|Species Clause: Limit one of each Pok\u00e9mon\n|rule|HP Percentage Mod: HP is shown in percentages\n|rule|Sleep Clause Mod: Limit one foe put to sleep\n|rule|Illusion Level Mod: Illusion disguises the Pok\u00e9mon's true level\n|\n|t:|1783556047\n|teamsize|p1|6\n|teamsize|p2|6\n|start\n|switch|p1a: Hitmonlee|Hitmonlee, L85, M|100/100\n|switch|p2a: Glimmora|Glimmora, L75, F|248/248\n|turn|1\n|inactive|Battle timer is ON: inactive players will automatically lose when time's up. (requested by p0x1458ab45)\n|inactive|Time left: 300 sec this turn | 300 sec total | 60 sec grace\n|inactive|p0y14580597 also wants the timer to be on.\n|\n|t:|1783556048\n|move|p1a: Hitmonlee|Swords Dance|p1a: Hitmonlee\n|-boost|p1a: Hitmonlee|atk|2\n|move|p2a: Glimmora|Meteor Beam||[still]\n|-prepare|p2a: Glimmora|Meteor Beam\n|-boost|p2a: Glimmora|spa|1\n|-enditem|p2a: Glimmora|Power Herb\n|-anim|p2a: Glimmora|Meteor Beam|p1a: Hitmonlee\n|-resisted|p1a: Hitmonlee\n|-damage|p1a: Hitmonlee|63/100\n|\n|upkeep\n|turn|2\n|inactive|Time left: 300 sec this turn | 300 sec total\n|\n|t:|1783556049\n|switch|p2a: Cresselia|Cresselia, L80, F|323/323\n|move|p1a: Hitmonlee|Close Combat|p2a: Cresselia\n|-resisted|p2a: Cresselia\n|-damage|p2a: Cresselia|176/323\n|-unboost|p1a: Hitmonlee|def|1\n|-unboost|p1a: Hitmonlee|spd|1\n|-enditem|p1a: Hitmonlee|White Herb\n|-clearnegativeboost|p1a: Hitmonlee|[silent]\n|\n|-heal|p2a: Cresselia|196/323|[from] item: Leftovers\n|upkeep\n|turn|3\n|inactive|Time left: 300 sec this turn | 300 sec total\n|\n|t:|1783556051\n|-terastallize|p2a: Cresselia|Poison\n|move|p1a: Hitmonlee|Knock Off|p2a: Cresselia\n|-damage|p2a: Cresselia|48/323\n|-enditem|p2a: Cresselia|Leftovers|[from] move: Knock Off|[of] p1a: Hitmonlee\n|move|p2a: Cresselia|Psyshock|p1a: Hitmonlee\n|-supereffective|p1a: Hitmonlee\n|-damage|p1a: Hitmonlee|0 fnt\n|faint|p1a: Hitmonlee\n|\n|upkeep\n|\n|t:|1783556052\n|switch|p1a: Flutter Mane|Flutter Mane, L74|100/100\n|turn|4\n|inactive|Time left: 300 sec this turn | 300 sec total\n|\n|t:|1783556053\n|move|p1a: Flutter Mane|Moonblast|p2a: Cresselia\n|-resisted|p2a: Cresselia\n|-damage|p2a: Cresselia|0 fnt\n|faint|p2a: Cresselia\n|\n|upkeep\n|inactive|Time left: 300 sec this turn | 300 sec total | 5 sec grace\n|\n|t:|1783556054\n|switch|p2a: Tropius|Tropius, L91, F|328/328\n|turn|5\n|inactive|Time left: 300 sec this turn | 300 sec total\n|\n|t:|1783556055\n|move|p1a: Flutter Mane|Moonblast|p2a: Tropius\n|-damage|p2a: Tropius|175/328\n|move|p2a: Tropius|Leaf Blade|p1a: Flutter Mane\n|-damage|p1a: Flutter Mane|38/100\n|\n|upkeep\n|turn|6\n|inactive|Time left: 300 sec this turn | 300 sec total\n|\n|t:|1783556056\n|switch|p2a: Glimmora|Glimmora, L75, F|248/248\n|-terastallize|p1a: Flutter Mane|Fairy\n|move|p1a: Flutter Mane|Moonblast|p2a: Glimmora\n|-resisted|p2a: Glimmora\n|-damage|p2a: Glimmora|135/248\n|\n|upkeep\n|turn|7\n|inactive|Time left: 300 sec this turn | 300 sec total\n|\n|t:|1783556057\n|move|p1a: Flutter Mane|Moonblast|p2a: Glimmora\n|-resisted|p2a: Glimmora\n|-damage|p2a: Glimmora|24/248\n|move|p2a: Glimmora|Sludge Wave|p1a: Flutter Mane\n|-supereffective|p1a: Flutter Mane\n|-damage|p1a: Flutter Mane|0 fnt\n|faint|p1a: Flutter Mane\n|-end|p1a: Flutter Mane|Protosynthesis|[silent]\n|\n|upkeep\n|\n|t:|1783556058\n|switch|p1a: Cresselia|Cresselia, L80, F|100/100\n|turn|8\n|inactive|Time left: 300 sec this turn | 300 sec total\n|\n|t:|1783556059\n|switch|p2a: Tropius|Tropius, L91, F|175/328\n|move|p1a: Cresselia|Calm Mind|p1a: Cresselia\n|-boost|p1a: Cresselia|spa|1\n|-boost|p1a: Cresselia|spd|1\n|\n|upkeep\n|turn|9\n|inactive|Time left: 300 sec this turn | 300 sec total\n|\n|t:|1783556060\n|move|p1a: Cresselia|Calm Mind|p1a: Cresselia\n|-boost|p1a: Cresselia|spa|1\n|-boost|p1a: Cresselia|spd|1\n|move|p2a: Tropius|Dragon Dance|p2a: Tropius\n|-boost|p2a: Tropius|atk|1\n|-boost|p2a: Tropius|spe|1\n|\n|upkeep\n|turn|10\n|inactive|Time left: 300 sec this turn | 300 sec total\n|\n|t:|1783556061\n|move|p2a: Tropius|Leaf Blade|p1a: Cresselia\n|-damage|p1a: Cresselia|62/100\n|move|p1a: Cresselia|Psyshock|p2a: Tropius\n|-damage|p2a: Tropius|61/328\n|-enditem|p2a: Tropius|Sitrus Berry|[eat]\n|-heal|p2a: Tropius|143/328|[from] item: Sitrus Berry\n|\n|-heal|p1a: Cresselia|68/100|[from] item: Leftovers\n|-item|p2a: Tropius|Sitrus Berry|[from] ability: Harvest\n|upkeep\n|-enditem|p2a: Tropius|Sitrus Berry|[eat]\n|-heal|p2a: Tropius|225/328|[from] item: Sitrus Berry\n|turn|11\n|inactive|Time left: 300 sec this turn | 300 sec total\n|\n|t:|1783556062\n|move|p2a: Tropius|Leaf Blade|p1a: Cresselia\n|-crit|p1a: Cresselia\n|-damage|p1a: Cresselia|18/100\n|move|p1a: Cresselia|Psyshock|p2a: Tropius\n|-damage|p2a: Tropius|105/328\n|\n|-heal|p1a: Cresselia|24/100|[from] item: Leftovers\n|-item|p2a: Tropius|Sitrus Berry|[from] ability: Harvest\n|upkeep\n|-enditem|p2a: Tropius|Sitrus Berry|[eat]\n|-heal|p2a: Tropius|187/328|[from] item: Sitrus Berry\n|turn|12\n|inactive|Time left: 300 sec this turn | 300 sec total\n|\n|t:|1783556063\n|move|p2a: Tropius|Leaf Blade|p1a: Cresselia\n|-damage|p1a: Cresselia|0 fnt\n|faint|p1a: Cresselia\n|\n|-item|p2a: Tropius|Sitrus Berry|[from] ability: Harvest\n|upkeep\n|\n|t:|1783556064\n|switch|p1a: Squawkabilly|Squawkabilly-Yellow, L89, F|100/100\n|turn|13\n|inactive|Time left: 300 sec this turn | 300 sec total\n|\n|t:|1783556065\n|move|p2a: Tropius|Dual Wingbeat|p1a: Squawkabilly\n|-damage|p1a: Squawkabilly|74/100\n|-damage|p1a: Squawkabilly|45/100\n|-hitcount|p1a: Squawkabilly|2\n|move|p1a: Squawkabilly|Brave Bird|p2a: Tropius\n|-supereffective|p2a: Tropius\n|-damage|p2a: Tropius|0 fnt\n|faint|p2a: Tropius\n|-damage|p1a: Squawkabilly|24/100|[from] Recoil\n|\n|upkeep\n|inactive|Time left: 300 sec this turn | 300 sec total | 5 sec grace\n|\n|t:|1783556066\n|switch|p2a: Deoxys|Deoxys, L74|196/196\n|-ability|p2a: Deoxys|Pressure\n|turn|14\n|inactive|Time left: 300 sec this turn | 300 sec total\n|\n|t:|1783556067\n|move|p1a: Squawkabilly|Quick Attack|p2a: Deoxys\n|-damage|p2a: Deoxys|79/196\n|move|p2a: Deoxys|Knock Off|p1a: Squawkabilly\n|-damage|p1a: Squawkabilly|0 fnt\n|-enditem|p1a: Squawkabilly|Heavy-Duty Boots|[from] move: Knock Off|[of] p2a: Deoxys\n|faint|p1a: Squawkabilly\n|-damage|p2a: Deoxys|60/196|[from] item: Life Orb\n|\n|upkeep\n|\n|t:|1783556068\n|switch|p1a: Iron Crown|Iron Crown, L78|100/100\n|turn|15\n|inactive|Time left: 300 sec this turn | 300 sec total\n|\n|t:|1783556069\n|move|p2a: Deoxys|Knock Off|p1a: Iron Crown\n|-supereffective|p1a: Iron Crown\n|-damage|p1a: Iron Crown|29/100\n|-enditem|p1a: Iron Crown|Choice Specs|[from] move: Knock Off|[of] p2a: Deoxys\n|-damage|p2a: Deoxys|41/196|[from] item: Life Orb\n|move|p1a: Iron Crown|Volt Switch|p2a: Deoxys\n|-damage|p2a: Deoxys|0 fnt\n|faint|p2a: Deoxys\n|\n|t:|1783556070\n|-end|p1a: Iron Crown|Quark Drive|[silent]\n|switch|p1a: Keldeo|Keldeo-Resolute, L79|100/100|[from] Volt Switch\n|\n|upkeep\n|inactive|Time left: 300 sec this turn | 300 sec total | 10 sec grace\n|\n|t:|1783556071\n|switch|p2a: Chesnaught|Chesnaught, L84, F|285/285\n|turn|16\n|inactive|Time left: 300 sec this turn | 300 sec total\n|\n|t:|1783556072\n|move|p1a: Keldeo|Air Slash|p2a: Chesnaught\n|-supereffective|p2a: Chesnaught\n|-damage|p2a: Chesnaught|0 fnt\n|faint|p2a: Chesnaught\n|-damage|p1a: Keldeo|91/100|[from] item: Life Orb\n|\n|upkeep\n|inactive|Time left: 300 sec this turn | 300 sec total | 5 sec grace\n|\n|t:|1783556073\n|switch|p2a: Tauros|Tauros, L82, M|257/257\n|turn|17\n|inactive|Time left: 300 sec this turn | 300 sec total\n|\n|t:|1783556074\n|move|p2a: Tauros|Zen Headbutt|p1a: Keldeo\n|-supereffective|p1a: Keldeo\n|-damage|p1a: Keldeo|17/100\n|move|p1a: Keldeo|Secret Sword|p2a: Tauros\n|-supereffective|p2a: Tauros\n|-damage|p2a: Tauros|28/257\n|-damage|p1a: Keldeo|7/100|[from] item: Life Orb\n|\n|upkeep\n|turn|18\n|inactive|Time left: 300 sec this turn | 300 sec total\n|\n|t:|1783556075\n|move|p2a: Tauros|Close Combat|p1a: Keldeo\n|-damage|p1a: Keldeo|0 fnt\n|-unboost|p2a: Tauros|def|1\n|-unboost|p2a: Tauros|spd|1\n|faint|p1a: Keldeo\n|-damage|p2a: Tauros|3/257|[from] item: Life Orb\n|\n|upkeep\n|\n|t:|1783556075\n|switch|p1a: Iron Crown|Iron Crown, L78|29/100\n|turn|19\n|inactive|Time left: 300 sec this turn | 300 sec total\n|\n|t:|1783556076\n|move|p2a: Tauros|Close Combat|p1a: Iron Crown\n|-damage|p1a: Iron Crown|0 fnt\n|-unboost|p2a: Tauros|def|1\n|-unboost|p2a: Tauros|spd|1\n|faint|p1a: Iron Crown\n|-end|p1a: Iron Crown|Quark Drive|[silent]\n|-damage|p2a: Tauros|0 fnt|[from] item: Life Orb\n|faint|p2a: Tauros\n|\n|win|p0y14580597", "uploadtime": 1783556076, "views": 0, "rating": 0, "private": 0, "password": null, "_winner": "p0y14580597", "_our_name": "p0y14580597"}