{"id": "battle-gen9randombattle-2713", "formatid": "gen9randombattle", "format": "[Gen 9] Random Battle", "players": ["p0x2713fece", "p0y27134fe9"], "log": "|init|battle\n|title|p0x2713fece vs. p0y27134fe9\n|j|\u2606p0x2713fece\n|j|\u2606p0y27134fe9\n|t:|1783571268\n|gametype|singles\n|player|p1|p0x2713fece|169|\n|player|p2|p0y27134fe9|265|\n|gen|9\n|tier|[Gen 9] Random Battle\n|rule|Species Clause: Limit one of each Pok\u00e9mon\n|rule|HP Percentage Mod: HP is shown in percentages\n|rule|Sleep Clause Mod: Limit one foe put to sleep\n|rule|Illusion Level Mod: Illusion disguises the Pok\u00e9mon's true level\n|\n|t:|1783571269\n|teamsize|p1|6\n|teamsize|p2|6\n|start\n|switch|p1a: Wo-Chien|Wo-Chien, L83|277/277\n|switch|p2a: Krookodile|Krookodile, L79, M|100/100\n|-ability|p2a: Krookodile|Intimidate|boost\n|-unboost|p1a: Wo-Chien|atk|1\n|-ability|p1a: Wo-Chien|Tablets of Ruin\n|turn|1\n|inactive|Battle timer is ON: inactive players will automatically lose when time's up. (requested by p0x2713fece)\n|\n|t:|1783571270\n|move|p2a: Krookodile|Stealth Rock|p1a: Wo-Chien\n|-sidestart|p1: p0x2713fece|move: Stealth Rock\n|move|p1a: Wo-Chien|Leech Seed|p2a: Krookodile|[miss]\n|-miss|p1a: Wo-Chien|p2a: Krookodile\n|\n|upkeep\n|turn|2\n|inactive|Time left: 300 sec this turn | 300 sec total\n|inactive|p0y27134fe9 also wants the timer to be on.\n|\n|t:|1783571271\n|switch|p2a: Meganium|Meganium, L90, F|100/100\n|move|p1a: Wo-Chien|Leech Seed|p2a: Meganium\n|-immune|p2a: Meganium\n|\n|upkeep\n|turn|3\n|inactive|Time left: 300 sec this turn | 300 sec total\n|\n|t:|1783571272\n|move|p2a: Meganium|Swords Dance|p2a: Meganium\n|-boost|p2a: Meganium|atk|2\n|move|p1a: Wo-Chien|Knock Off|p2a: Meganium\n|-damage|p2a: Meganium|83/100\n|-enditem|p2a: Meganium|Leftovers|[from] move: Knock Off|[of] p1a: Wo-Chien\n|\n|upkeep\n|turn|4\n|inactive|Time left: 300 sec this turn | 300 sec total\n|\n|t:|1783571273\n|move|p2a: Meganium|Swords Dance|p2a: Meganium\n|-boost|p2a: Meganium|atk|2\n|move|p1a: Wo-Chien|Knock Off|p2a: Meganium\n|-damage|p2a: Meganium|72/100\n|\n|upkeep\n|turn|5\n|inactive|Time left: 300 sec this turn | 300 sec total\n|\n|t:|1783571274\n|move|p1a: Wo-Chien|Protect|p1a: Wo-Chien\n|-singleturn|p1a: Wo-Chien|Protect\n|move|p2a: Meganium|Knock Off|p1a: Wo-Chien\n|-activate|p1a: Wo-Chien|move: Protect\n|\n|upkeep\n|turn|6\n|inactive|Time left: 300 sec this turn | 300 sec total\n|\n|t:|1783571275\n|move|p2a: Meganium|Knock Off|p1a: Wo-Chien\n|-resisted|p1a: Wo-Chien\n|-damage|p1a: Wo-Chien|208/277\n|-enditem|p1a: Wo-Chien|Leftovers|[from] move: Knock Off|[of] p2a: Meganium\n|move|p1a: Wo-Chien|Knock Off|p2a: Meganium\n|-damage|p2a: Meganium|60/100\n|\n|upkeep\n|turn|7\n|inactive|Time left: 300 sec this turn | 300 sec total\n|\n|t:|1783571277\n|move|p1a: Wo-Chien|Protect|p1a: Wo-Chien\n|-singleturn|p1a: Wo-Chien|Protect\n|move|p2a: Meganium|Petal Blizzard|p1a: Wo-Chien\n|-activate|p1a: Wo-Chien|move: Protect\n|\n|upkeep\n|turn|8\n|inactive|Time left: 300 sec this turn | 300 sec total\n|\n|t:|1783571277\n|move|p2a: Meganium|Petal Blizzard|p1a: Wo-Chien\n|-resisted|p1a: Wo-Chien\n|-damage|p1a: Wo-Chien|112/277\n|move|p1a: Wo-Chien|Knock Off|p2a: Meganium\n|-damage|p2a: Meganium|49/100\n|\n|upkeep\n|turn|9\n|inactive|Time left: 300 sec this turn | 300 sec total\n|\n|t:|1783571279\n|move|p1a: Wo-Chien|Protect|p1a: Wo-Chien\n|-singleturn|p1a: Wo-Chien|Protect\n|move|p2a: Meganium|Petal Blizzard|p1a: Wo-Chien\n|-activate|p1a: Wo-Chien|move: Protect\n|\n|upkeep\n|turn|10\n|inactive|Time left: 300 sec this turn | 300 sec total\n|\n|t:|1783571280\n|move|p2a: Meganium|Earthquake|p1a: Wo-Chien\n|-resisted|p1a: Wo-Chien\n|-damage|p1a: Wo-Chien|33/277\n|move|p1a: Wo-Chien|Knock Off|p2a: Meganium\n|-damage|p2a: Meganium|36/100\n|\n|upkeep\n|turn|11\n|inactive|Time left: 300 sec this turn | 300 sec total\n|\n|t:|1783571281\n|move|p2a: Meganium|Knock Off|p1a: Wo-Chien\n|-resisted|p1a: Wo-Chien\n|-damage|p1a: Wo-Chien|0 fnt\n|faint|p1a: Wo-Chien\n|\n|upkeep\n|inactive|Time left: 300 sec this turn | 300 sec total | 5 sec grace\n|\n|t:|1783571282\n|switch|p1a: Iron Bundle|Iron Bundle, L78|215/215\n|-damage|p1a: Iron Bundle|162/215|[from] Stealth Rock\n|turn|12\n|inactive|Time left: 300 sec this turn | 300 sec total\n|\n|t:|1783571283\n|-terastallize|p2a: Meganium|Steel\n|move|p1a: Iron Bundle|Freeze-Dry|p2a: Meganium\n|-resisted|p2a: Meganium\n|-damage|p2a: Meganium|19/100\n|move|p2a: Meganium|Petal Blizzard|p1a: Iron Bundle\n|-supereffective|p1a: Iron Bundle\n|-crit|p1a: Iron Bundle\n|-damage|p1a: Iron Bundle|0 fnt\n|faint|p1a: Iron Bundle\n|-end|p1a: Iron Bundle|Quark Drive|[silent]\n|\n|upkeep\n|inactive|Time left: 300 sec this turn | 300 sec total | 5 sec grace\n|\n|t:|1783571284\n|switch|p1a: Jolteon|Jolteon, L84, M|246/246\n|turn|13\n|inactive|Time left: 300 sec this turn | 300 sec total\n|\n|t:|1783571285\n|switch|p2a: Krookodile|Krookodile, L79, M|100/100\n|-ability|p2a: Krookodile|Intimidate|boost\n|-unboost|p1a: Jolteon|atk|1\n|move|p1a: Jolteon|Volt Switch|p2a: Krookodile\n|-immune|p2a: Krookodile\n|\n|upkeep\n|turn|14\n|inactive|Time left: 300 sec this turn | 300 sec total\n|\n|t:|1783571286\n|switch|p1a: Flygon|Flygon, L82, M|265/265\n|-damage|p1a: Flygon|249/265|[from] Stealth Rock\n|move|p2a: Krookodile|Earthquake|p1a: Flygon\n|-immune|p1a: Flygon|[from] ability: Levitate\n|\n|upkeep\n|turn|15\n|inactive|Time left: 300 sec this turn | 300 sec total\n|\n|t:|1783571287\n|move|p1a: Flygon|Outrage|p2a: Krookodile\n|-damage|p2a: Krookodile|52/100\n|move|p2a: Krookodile|Knock Off|p1a: Flygon\n|-damage|p1a: Flygon|89/265\n|-enditem|p1a: Flygon|Choice Scarf|[from] move: Knock Off|[of] p2a: Krookodile\n|-damage|p2a: Krookodile|42/100|[from] item: Life Orb\n|\n|upkeep\n|turn|16\n|inactive|Time left: 300 sec this turn | 300 sec total\n|\n|t:|1783571287\n|switch|p2a: Copperajah|Copperajah, L86, M|100/100\n|move|p1a: Flygon|Outrage|p2a: Copperajah|[from] lockedmove\n|-resisted|p2a: Copperajah\n|-damage|p2a: Copperajah|79/100\n|-start|p1a: Flygon|confusion|[fatigue]\n|\n|upkeep\n|turn|17\n|inactive|Time left: 300 sec this turn | 300 sec total\n|\n|t:|1783571288\n|-activate|p1a: Flygon|confusion\n|move|p1a: Flygon|Earthquake|p2a: Copperajah\n|-supereffective|p2a: Copperajah\n|-damage|p2a: Copperajah|9/100\n|move|p2a: Copperajah|Knock Off|p1a: Flygon\n|-damage|p1a: Flygon|0 fnt\n|faint|p1a: Flygon\n|\n|upkeep\n|inactive|Time left: 300 sec this turn | 300 sec total | 5 sec grace\n|\n|t:|1783571289\n|switch|p1a: Glimmora|Glimmora, L75, M|248/248\n|-damage|p1a: Glimmora|217/248|[from] Stealth Rock\n|turn|18\n|inactive|Time left: 300 sec this turn | 300 sec total\n|\n|t:|1783571290\n|move|p1a: Glimmora|Meteor Beam||[still]\n|-prepare|p1a: Glimmora|Meteor Beam\n|-boost|p1a: Glimmora|spa|1\n|-enditem|p1a: Glimmora|Power Herb\n|-anim|p1a: Glimmora|Meteor Beam|p2a: Copperajah|[miss]\n|-miss|p1a: Glimmora|p2a: Copperajah\n|move|p2a: Copperajah|Knock Off|p1a: Glimmora\n|-damage|p1a: Glimmora|126/248\n|-activate|p1a: Glimmora|ability: Toxic Debris\n|-sidestart|p2: p0y27134fe9|move: Toxic Spikes\n|\n|upkeep\n|turn|19\n|inactive|Time left: 300 sec this turn | 300 sec total\n|\n|t:|1783571292\n|switch|p2a: Meganium|Meganium, L90, F, tera:Steel|19/100\n|move|p1a: Glimmora|Earth Power|p2a: Meganium\n|-supereffective|p2a: Meganium\n|-damage|p2a: Meganium|0 fnt\n|faint|p2a: Meganium\n|\n|upkeep\n|\n|t:|1783571292\n|switch|p2a: Spectrier|Spectrier, L75|100/100\n|-status|p2a: Spectrier|psn\n|turn|20\n|inactive|Time left: 300 sec this turn | 300 sec total\n|\n|t:|1783571293\n|move|p2a: Spectrier|Shadow Ball|p1a: Glimmora\n|-damage|p1a: Glimmora|17/248\n|-unboost|p1a: Glimmora|spd|1\n|move|p1a: Glimmora|Energy Ball|p2a: Spectrier\n|-damage|p2a: Spectrier|60/100 psn\n|\n|-heal|p2a: Spectrier|66/100 psn|[from] item: Leftovers\n|-damage|p2a: Spectrier|54/100 psn|[from] psn\n|upkeep\n|turn|21\n|inactive|Time left: 300 sec this turn | 300 sec total\n|\n|t:|1783571295\n|move|p2a: Spectrier|Tera Blast|p1a: Glimmora\n|-resisted|p1a: Glimmora\n|-damage|p1a: Glimmora|0 fnt\n|faint|p1a: Glimmora\n|-ability|p2a: Spectrier|Grim Neigh|boost\n|-boost|p2a: Spectrier|spa|1\n|\n|-heal|p2a: Spectrier|60/100 psn|[from] item: Leftovers\n|-damage|p2a: Spectrier|48/100 psn|[from] psn\n|upkeep\n|inactive|Time left: 300 sec this turn | 300 sec total | 5 sec grace\n|\n|t:|1783571296\n|switch|p1a: Jolteon|Jolteon, L84, M|246/246\n|turn|22\n|inactive|Time left: 300 sec this turn | 300 sec total\n|\n|t:|1783571297\n|switch|p2a: Krookodile|Krookodile, L79, M|42/100\n|-status|p2a: Krookodile|psn\n|-ability|p2a: Krookodile|Intimidate|boost\n|-unboost|p1a: Jolteon|atk|1\n|move|p1a: Jolteon|Calm Mind|p1a: Jolteon\n|-boost|p1a: Jolteon|spa|1\n|-boost|p1a: Jolteon|spd|1\n|\n|-damage|p2a: Krookodile|29/100 psn|[from] psn\n|upkeep\n|turn|23\n|inactive|Time left: 300 sec this turn | 300 sec total\n|\n|t:|1783571298\n|move|p1a: Jolteon|Alluring Voice|p2a: Krookodile\n|-supereffective|p2a: Krookodile\n|-damage|p2a: Krookodile|0 fnt\n|faint|p2a: Krookodile\n|\n|upkeep\n|\n|t:|1783571299\n|switch|p2a: Cetitan|Cetitan, L82, F|100/100\n|-status|p2a: Cetitan|psn\n|turn|24\n|inactive|Time left: 300 sec this turn | 300 sec total\n|\n|t:|1783571300\n|move|p1a: Jolteon|Thunderbolt|p2a: Cetitan\n|-damage|p2a: Cetitan|51/100 psn\n|move|p2a: Cetitan|Earthquake|p1a: Jolteon\n|-supereffective|p1a: Jolteon\n|-damage|p1a: Jolteon|0 fnt\n|faint|p1a: Jolteon\n|-damage|p2a: Cetitan|41/100 psn|[from] item: Life Orb\n|\n|-damage|p2a: Cetitan|29/100 psn|[from] psn\n|upkeep\n|inactive|Time left: 300 sec this turn | 300 sec total | 5 sec grace\n|\n|t:|1783571301\n|switch|p1a: Sceptile|Sceptile, L87, M|264/264\n|-damage|p1a: Sceptile|231/264|[from] Stealth Rock\n|turn|25\n|inactive|Time left: 300 sec this turn | 300 sec total\n|\n|t:|1783571301\n|move|p1a: Sceptile|Giga Drain|p2a: Cetitan\n|-damage|p2a: Cetitan|0 fnt\n|-heal|p1a: Sceptile|264/264|[from] drain|[of] p2a: Cetitan\n|faint|p2a: Cetitan\n|\n|upkeep\n|\n|t:|1783571302\n|switch|p2a: Mienshao|Mienshao, L83, F|100/100\n|-status|p2a: Mienshao|psn\n|turn|26\n|inactive|Time left: 300 sec this turn | 300 sec total\n|\n|t:|1783571303\n|-terastallize|p1a: Sceptile|Steel\n|move|p1a: Sceptile|Substitute|p1a: Sceptile\n|-start|p1a: Sceptile|Substitute\n|-damage|p1a: Sceptile|198/264\n|move|p2a: Mienshao|Close Combat|p1a: Sceptile\n|-supereffective|p1a: Sceptile\n|-end|p1a: Sceptile|Substitute\n|-unboost|p2a: Mienshao|def|1\n|-unboost|p2a: Mienshao|spd|1\n|-damage|p2a: Mienshao|91/100 psn|[from] item: Life Orb\n|\n|-heal|p1a: Sceptile|214/264|[from] item: Leftovers\n|-damage|p2a: Mienshao|78/100 psn|[from] psn\n|upkeep\n|turn|27\n|inactive|Time left: 300 sec this turn | 300 sec total\n|\n|t:|1783571304\n|move|p1a: Sceptile|Substitute|p1a: Sceptile\n|-start|p1a: Sceptile|Substitute\n|-damage|p1a: Sceptile|148/264\n|move|p2a: Mienshao|Close Combat|p1a: Sceptile\n|-supereffective|p1a: Sceptile\n|-end|p1a: Sceptile|Substitute\n|-unboost|p2a: Mienshao|def|1\n|-unboost|p2a: Mienshao|spd|1\n|-damage|p2a: Mienshao|69/100 psn|[from] item: Life Orb\n|\n|-heal|p1a: Sceptile|164/264|[from] item: Leftovers\n|-damage|p2a: Mienshao|56/100 psn|[from] psn\n|upkeep\n|turn|28\n|inactive|Time left: 300 sec this turn | 300 sec total\n|\n|t:|1783571305\n|switch|p2a: Copperajah|Copperajah, L86, M|9/100\n|move|p1a: Sceptile|Giga Drain|p2a: Copperajah\n|-resisted|p2a: Copperajah\n|-damage|p2a: Copperajah|0 fnt\n|-heal|p1a: Sceptile|179/264|[from] drain|[of] p2a: Copperajah\n|faint|p2a: Copperajah\n|\n|-heal|p1a: Sceptile|195/264|[from] item: Leftovers\n|upkeep\n|\n|t:|1783571306\n|switch|p2a: Mienshao|Mienshao, L83, F|89/100 psn\n|turn|29\n|inactive|Time left: 300 sec this turn | 300 sec total\n|\n|t:|1783571307\n|move|p1a: Sceptile|Substitute|p1a: Sceptile\n|-start|p1a: Sceptile|Substitute\n|-damage|p1a: Sceptile|129/264\n|move|p2a: Mienshao|Knock Off|p1a: Sceptile\n|-end|p1a: Sceptile|Substitute\n|-damage|p2a: Mienshao|80/100 psn|[from] item: Life Orb\n|\n|-heal|p1a: Sceptile|145/264|[from] item: Leftovers\n|-damage|p2a: Mienshao|67/100 psn|[from] psn\n|upkeep\n|turn|30\n|inactive|Time left: 300 sec this turn | 300 sec total\n|\n|t:|1783571308\n|switch|p2a: Spectrier|Spectrier, L75|48/100 psn\n|move|p1a: Sceptile|Substitute|p1a: Sceptile\n|-start|p1a: Sceptile|Substitute\n|-damage|p1a: Sceptile|79/264\n|\n|-heal|p1a: Sceptile|95/264|[from] item: Leftovers\n|-heal|p2a: Spectrier|54/100 psn|[from] item: Leftovers\n|-damage|p2a: Spectrier|41/100 psn|[from] psn\n|upkeep\n|turn|31\n|inactive|Time left: 300 sec this turn | 300 sec total\n|\n|t:|1783571309\n|move|p1a: Sceptile|Giga Drain|p2a: Spectrier\n|-damage|p2a: Spectrier|3/100 psn\n|-heal|p1a: Sceptile|148/264|[from] drain|[of] p2a: Spectrier\n|move|p2a: Spectrier|Shadow Ball|p1a: Sceptile\n|-end|p1a: Sceptile|Substitute\n|\n|-heal|p1a: Sceptile|164/264|[from] item: Leftovers\n|-heal|p2a: Spectrier|9/100 psn|[from] item: Leftovers\n|-damage|p2a: Spectrier|0 fnt|[from] psn\n|faint|p2a: Spectrier\n|upkeep\n|\n|t:|1783571310\n|switch|p2a: Mienshao|Mienshao, L83, F|100/100 psn\n|turn|32\n|inactive|Time left: 300 sec this turn | 300 sec total\n|\n|t:|1783571311\n|move|p1a: Sceptile|Substitute|p1a: Sceptile\n|-start|p1a: Sceptile|Substitute\n|-damage|p1a: Sceptile|98/264\n|move|p2a: Mienshao|Knock Off|p1a: Sceptile\n|-end|p1a: Sceptile|Substitute\n|-damage|p2a: Mienshao|91/100 psn|[from] item: Life Orb\n|\n|-heal|p1a: Sceptile|114/264|[from] item: Leftovers\n|-damage|p2a: Mienshao|78/100 psn|[from] psn\n|upkeep\n|turn|33\n|inactive|Time left: 300 sec this turn | 300 sec total\n|\n|t:|1783571312\n|move|p1a: Sceptile|Substitute|p1a: Sceptile\n|-start|p1a: Sceptile|Substitute\n|-damage|p1a: Sceptile|48/264\n|move|p2a: Mienshao|Knock Off|p1a: Sceptile\n|-end|p1a: Sceptile|Substitute\n|-damage|p2a: Mienshao|69/100 psn|[from] item: Life Orb\n|\n|-heal|p1a: Sceptile|64/264|[from] item: Leftovers\n|-damage|p2a: Mienshao|56/100 psn|[from] psn\n|upkeep\n|turn|34\n|inactive|Time left: 300 sec this turn | 300 sec total\n|\n|t:|1783571313\n|move|p1a: Sceptile|Giga Drain|p2a: Mienshao\n|-damage|p2a: Mienshao|0 fnt\n|-heal|p1a: Sceptile|132/264|[from] drain|[of] p2a: Mienshao\n|faint|p2a: Mienshao\n|\n|win|p0x2713fece", "uploadtime": 1783571313, "views": 0, "rating": 0, "private": 0, "password": null, "_winner": "p0x2713fece", "_our_name": "p0x2713fece"}