{"id": "battle-gen9randombattle-2632", "formatid": "gen9randombattle", "format": "[Gen 9] Random Battle", "players": ["p0x26326424", "p0y26327c8e"], "log": "|init|battle\n|title|p0x26326424 vs. p0y26327c8e\n|j|\u2606p0x26326424\n|j|\u2606p0y26327c8e\n|t:|1783569383\n|gametype|singles\n|player|p1|p0x26326424|169|\n|player|p2|p0y26327c8e|266|\n|gen|9\n|tier|[Gen 9] Random Battle\n|rule|Species Clause: Limit one of each Pok\u00e9mon\n|rule|HP Percentage Mod: HP is shown in percentages\n|rule|Sleep Clause Mod: Limit one foe put to sleep\n|rule|Illusion Level Mod: Illusion disguises the Pok\u00e9mon's true level\n|\n|t:|1783569383\n|teamsize|p1|6\n|teamsize|p2|6\n|start\n|switch|p1a: Darkrai|Darkrai, L77|234/234\n|switch|p2a: Weezing|Weezing-Galar, L86, M|100/100\n|turn|1\n|inactive|Battle timer is ON: inactive players will automatically lose when time's up. (requested by p0y26327c8e)\n|inactive|Time left: 300 sec this turn | 300 sec total | 60 sec grace\n|inactive|p0x26326424 also wants the timer to be on.\n|\n|t:|1783569385\n|move|p1a: Darkrai|Substitute|p1a: Darkrai\n|-start|p1a: Darkrai|Substitute\n|-damage|p1a: Darkrai|176/234\n|move|p2a: Weezing|Strange Steam|p1a: Darkrai\n|-supereffective|p1a: Darkrai\n|-end|p1a: Darkrai|Substitute\n|\n|-heal|p1a: Darkrai|190/234|[from] item: Leftovers\n|upkeep\n|turn|2\n|inactive|Time left: 300 sec this turn | 300 sec total\n|\n|t:|1783569386\n|move|p1a: Darkrai|Dark Pulse|p2a: Weezing\n|-resisted|p2a: Weezing\n|-damage|p2a: Weezing|81/100\n|move|p2a: Weezing|Strange Steam|p1a: Darkrai\n|-supereffective|p1a: Darkrai\n|-damage|p1a: Darkrai|0 fnt\n|faint|p1a: Darkrai\n|\n|-heal|p2a: Weezing|87/100|[from] item: Leftovers\n|upkeep\n|inactive|Time left: 300 sec this turn | 300 sec total | 5 sec grace\n|\n|t:|1783569387\n|switch|p1a: Oranguru|Oranguru, L92, F|315/315\n|turn|3\n|inactive|Time left: 300 sec this turn | 300 sec total\n|\n|t:|1783569388\n|switch|p2a: Meowscarada|Meowscarada, L78, F|100/100\n|move|p1a: Oranguru|Psyshock|p2a: Meowscarada\n|-immune|p2a: Meowscarada\n|\n|upkeep\n|turn|4\n|inactive|Time left: 300 sec this turn | 300 sec total\n|\n|t:|1783569389\n|move|p2a: Meowscarada|Knock Off|p1a: Oranguru\n|-start|p2a: Meowscarada|typechange|Dark|[from] ability: Protean\n|-supereffective|p1a: Oranguru\n|-damage|p1a: Oranguru|71/315\n|-enditem|p1a: Oranguru|Choice Specs|[from] move: Knock Off|[of] p2a: Meowscarada\n|-damage|p2a: Meowscarada|91/100|[from] item: Life Orb\n|move|p1a: Oranguru|Psyshock|p2a: Meowscarada\n|-immune|p2a: Meowscarada\n|\n|upkeep\n|turn|5\n|inactive|Time left: 300 sec this turn | 300 sec total\n|\n|t:|1783569390\n|move|p2a: Meowscarada|Flower Trick|p1a: Oranguru\n|-crit|p1a: Oranguru\n|-damage|p1a: Oranguru|0 fnt\n|faint|p1a: Oranguru\n|-damage|p2a: Meowscarada|81/100|[from] item: Life Orb\n|\n|upkeep\n|inactive|Time left: 300 sec this turn | 300 sec total | 5 sec grace\n|\n|t:|1783569391\n|switch|p1a: Gumshoos|Gumshoos, L95, F|321/321\n|turn|6\n|inactive|Time left: 300 sec this turn | 300 sec total\n|\n|t:|1783569392\n|move|p2a: Meowscarada|Knock Off|p1a: Gumshoos\n|-damage|p1a: Gumshoos|177/321\n|-enditem|p1a: Gumshoos|Choice Band|[from] move: Knock Off|[of] p2a: Meowscarada\n|-damage|p2a: Meowscarada|71/100|[from] item: Life Orb\n|move|p1a: Gumshoos|Double-Edge|p2a: Meowscarada\n|-damage|p2a: Meowscarada|0 fnt\n|faint|p2a: Meowscarada\n|-damage|p1a: Gumshoos|119/321|[from] Recoil\n|\n|upkeep\n|\n|t:|1783569393\n|switch|p2a: Kyurem|Kyurem, L77|100/100\n|-ability|p2a: Kyurem|Pressure\n|turn|7\n|inactive|Time left: 300 sec this turn | 300 sec total\n|\n|t:|1783569394\n|switch|p1a: Slither Wing|Slither Wing, L81|270/270\n|move|p2a: Kyurem|Ice Beam|p1a: Slither Wing\n|-damage|p1a: Slither Wing|123/270\n|\n|upkeep\n|turn|8\n|inactive|Time left: 300 sec this turn | 300 sec total\n|\n|t:|1783569395\n|move|p1a: Slither Wing|Close Combat|p2a: Kyurem\n|-supereffective|p2a: Kyurem\n|-crit|p2a: Kyurem\n|-damage|p2a: Kyurem|0 fnt\n|-unboost|p1a: Slither Wing|def|1\n|-unboost|p1a: Slither Wing|spd|1\n|faint|p2a: Kyurem\n|\n|upkeep\n|\n|t:|1783569395\n|switch|p2a: Weezing|Weezing-Galar, L86, M|87/100\n|turn|9\n|inactive|Time left: 300 sec this turn | 300 sec total\n|\n|t:|1783569396\n|-end|p1a: Slither Wing|Protosynthesis|[silent]\n|switch|p1a: Vespiquen|Vespiquen, L99, F|299/299\n|-ability|p1a: Vespiquen|Pressure\n|move|p2a: Weezing|Gunk Shot|p1a: Vespiquen\n|-damage|p1a: Vespiquen|196/299\n|\n|-heal|p2a: Weezing|93/100|[from] item: Leftovers\n|upkeep\n|turn|10\n|inactive|Time left: 300 sec this turn | 300 sec total\n|\n|t:|1783569397\n|move|p2a: Weezing|Gunk Shot|p1a: Vespiquen|[miss]\n|-miss|p2a: Weezing|p1a: Vespiquen\n|move|p1a: Vespiquen|Roost|p1a: Vespiquen\n|-heal|p1a: Vespiquen|299/299\n|-singleturn|p1a: Vespiquen|move: Roost\n|\n|-heal|p2a: Weezing|99/100|[from] item: Leftovers\n|upkeep\n|turn|11\n|inactive|Time left: 300 sec this turn | 300 sec total\n|\n|t:|1783569398\n|move|p2a: Weezing|Strange Steam|p1a: Vespiquen\n|-damage|p1a: Vespiquen|233/299\n|-start|p1a: Vespiquen|confusion\n|-activate|p1a: Vespiquen|confusion\n|move|p1a: Vespiquen|Air Slash|p2a: Weezing\n|-damage|p2a: Weezing|56/100\n|\n|-heal|p2a: Weezing|62/100|[from] item: Leftovers\n|upkeep\n|turn|12\n|inactive|Time left: 300 sec this turn | 300 sec total\n|\n|t:|1783569399\n|move|p2a: Weezing|Will-O-Wisp|p1a: Vespiquen\n|-status|p1a: Vespiquen|brn\n|-activate|p1a: Vespiquen|confusion\n|-damage|p1a: Vespiquen|213/299 brn|[from] confusion\n|\n|-heal|p2a: Weezing|68/100|[from] item: Leftovers\n|-damage|p1a: Vespiquen|195/299 brn|[from] brn\n|upkeep\n|turn|13\n|inactive|Time left: 300 sec this turn | 300 sec total\n|\n|t:|1783569400\n|move|p2a: Weezing|Gunk Shot|p1a: Vespiquen\n|-damage|p1a: Vespiquen|90/299 brn\n|-activate|p1a: Vespiquen|confusion\n|move|p1a: Vespiquen|Roost|p1a: Vespiquen\n|-heal|p1a: Vespiquen|240/299 brn\n|-singleturn|p1a: Vespiquen|move: Roost\n|\n|-heal|p2a: Weezing|74/100|[from] item: Leftovers\n|-damage|p1a: Vespiquen|222/299 brn|[from] brn\n|upkeep\n|turn|14\n|inactive|Time left: 300 sec this turn | 300 sec total\n|\n|t:|1783569401\n|move|p2a: Weezing|Strange Steam|p1a: Vespiquen\n|-damage|p1a: Vespiquen|147/299 brn\n|-end|p1a: Vespiquen|confusion\n|move|p1a: Vespiquen|Roost|p1a: Vespiquen\n|-heal|p1a: Vespiquen|297/299 brn\n|-singleturn|p1a: Vespiquen|move: Roost\n|\n|-heal|p2a: Weezing|80/100|[from] item: Leftovers\n|-damage|p1a: Vespiquen|279/299 brn|[from] brn\n|upkeep\n|turn|15\n|inactive|Time left: 300 sec this turn | 300 sec total\n|\n|t:|1783569402\n|move|p2a: Weezing|Gunk Shot|p1a: Vespiquen|[miss]\n|-miss|p2a: Weezing|p1a: Vespiquen\n|move|p1a: Vespiquen|Air Slash|p2a: Weezing\n|-damage|p2a: Weezing|38/100\n|\n|-heal|p2a: Weezing|44/100|[from] item: Leftovers\n|-damage|p1a: Vespiquen|261/299 brn|[from] brn\n|upkeep\n|turn|16\n|inactive|Time left: 300 sec this turn | 300 sec total\n|\n|t:|1783569403\n|move|p2a: Weezing|Strange Steam|p1a: Vespiquen\n|-damage|p1a: Vespiquen|194/299 brn\n|move|p1a: Vespiquen|Air Slash|p2a: Weezing\n|-damage|p2a: Weezing|0 fnt\n|faint|p2a: Weezing\n|\n|-damage|p1a: Vespiquen|176/299 brn|[from] brn\n|upkeep\n|\n|t:|1783569404\n|switch|p2a: Incineroar|Incineroar, L82, M|100/100\n|-ability|p2a: Incineroar|Intimidate|boost\n|-unboost|p1a: Vespiquen|atk|1\n|turn|17\n|inactive|Time left: 300 sec this turn | 300 sec total\n|\n|t:|1783569405\n|move|p2a: Incineroar|Flare Blitz|p1a: Vespiquen\n|-supereffective|p1a: Vespiquen\n|-damage|p1a: Vespiquen|0 fnt\n|faint|p1a: Vespiquen\n|-damage|p2a: Incineroar|80/100|[from] Recoil\n|\n|upkeep\n|inactive|Time left: 300 sec this turn | 300 sec total | 5 sec grace\n|\n|t:|1783569406\n|switch|p1a: Slither Wing|Slither Wing, L81|123/270\n|turn|18\n|inactive|Time left: 300 sec this turn | 300 sec total\n|\n|t:|1783569407\n|-terastallize|p2a: Incineroar|Fighting\n|move|p1a: Slither Wing|Close Combat|p2a: Incineroar\n|-damage|p2a: Incineroar|25/100\n|-unboost|p1a: Slither Wing|def|1\n|-unboost|p1a: Slither Wing|spd|1\n|move|p2a: Incineroar|Flare Blitz|p1a: Slither Wing\n|-supereffective|p1a: Slither Wing\n|-damage|p1a: Slither Wing|0 fnt\n|faint|p1a: Slither Wing\n|-end|p1a: Slither Wing|Protosynthesis|[silent]\n|-damage|p2a: Incineroar|10/100|[from] Recoil\n|\n|upkeep\n|inactive|Time left: 300 sec this turn | 300 sec total | 5 sec grace\n|\n|t:|1783569408\n|switch|p1a: Kilowattrel|Kilowattrel, L83, F|252/252\n|turn|19\n|inactive|Time left: 300 sec this turn | 300 sec total\n|\n|t:|1783569409\n|switch|p2a: Pachirisu|Pachirisu, L96, M|100/100\n|move|p1a: Kilowattrel|Thunderbolt|p2a: Pachirisu\n|-immune|p2a: Pachirisu|[from] ability: Volt Absorb\n|\n|upkeep\n|turn|20\n|inactive|Time left: 300 sec this turn | 300 sec total\n|\n|t:|1783569410\n|move|p1a: Kilowattrel|U-turn|p2a: Pachirisu\n|-damage|p2a: Pachirisu|86/100\n|inactive|Time left: 300 sec this turn | 300 sec total | 5 sec grace\n|\n|t:|1783569411\n|switch|p1a: Gumshoos|Gumshoos, L95, F|119/321|[from] U-turn\n|move|p2a: Pachirisu|Super Fang|p1a: Gumshoos|[miss]\n|-miss|p2a: Pachirisu|p1a: Gumshoos\n|\n|upkeep\n|turn|21\n|inactive|Time left: 300 sec this turn | 300 sec total\n|\n|t:|1783569412\n|move|p2a: Pachirisu|U-turn|p1a: Gumshoos\n|-damage|p1a: Gumshoos|75/321\n|\n|t:|1783569413\n|switch|p2a: Incineroar|Incineroar, L82, M, tera:Fighting|10/100|[from] U-turn\n|-ability|p2a: Incineroar|Intimidate|boost\n|-unboost|p1a: Gumshoos|atk|1\n|move|p1a: Gumshoos|Knock Off|p2a: Incineroar\n|-resisted|p2a: Incineroar\n|-damage|p2a: Incineroar|0 fnt\n|-enditem|p2a: Incineroar|Choice Scarf|[from] move: Knock Off|[of] p1a: Gumshoos\n|faint|p2a: Incineroar\n|\n|upkeep\n|\n|t:|1783569414\n|switch|p2a: Quaquaval|Quaquaval, L79, M|100/100\n|turn|22\n|inactive|Time left: 300 sec this turn | 300 sec total\n|\n|t:|1783569415\n|move|p2a: Quaquaval|Aqua Step|p1a: Gumshoos\n|-damage|p1a: Gumshoos|0 fnt\n|-boost|p2a: Quaquaval|spe|1\n|faint|p1a: Gumshoos\n|-ability|p2a: Quaquaval|Moxie|boost\n|-boost|p2a: Quaquaval|atk|1\n|-damage|p2a: Quaquaval|91/100|[from] item: Life Orb\n|\n|upkeep\n|inactive|Time left: 300 sec this turn | 300 sec total | 5 sec grace\n|\n|t:|1783569416\n|switch|p1a: Kilowattrel|Kilowattrel, L83, F|252/252\n|turn|23\n|inactive|Time left: 300 sec this turn | 300 sec total\n|\n|t:|1783569417\n|move|p2a: Quaquaval|Close Combat|p1a: Kilowattrel\n|-resisted|p1a: Kilowattrel\n|-crit|p1a: Kilowattrel\n|-damage|p1a: Kilowattrel|0 fnt\n|-unboost|p2a: Quaquaval|def|1\n|-unboost|p2a: Quaquaval|spd|1\n|faint|p1a: Kilowattrel\n|-damage|p2a: Quaquaval|81/100|[from] item: Life Orb\n|\n|win|p0y26327c8e", "uploadtime": 1783569417, "views": 0, "rating": 0, "private": 0, "password": null, "_winner": "p0y26327c8e", "_our_name": "p0x26326424"}