{"id": "battle-gen9randombattle-162", "formatid": "gen9randombattle", "format": "[Gen 9] Random Battle", "players": ["p0x16295c7", "p0y1628c49"], "log": "|init|battle\n|title|p0x16295c7 vs. p0y1628c49\n|j|\u2606p0x16295c7\n|j|\u2606p0y1628c49\n|t:|1783535118\n|gametype|singles\n|player|p1|p0x16295c7|265|\n|player|p2|p0y1628c49|265|\n|gen|9\n|tier|[Gen 9] Random Battle\n|rule|Species Clause: Limit one of each Pok\u00e9mon\n|rule|HP Percentage Mod: HP is shown in percentages\n|rule|Sleep Clause Mod: Limit one foe put to sleep\n|rule|Illusion Level Mod: Illusion disguises the Pok\u00e9mon's true level\n|\n|t:|1783535118\n|teamsize|p1|6\n|teamsize|p2|6\n|start\n|switch|p1a: Luxray|Luxray, L88, M|100/100\n|switch|p2a: Sinistcha|Sinistcha, L83|254/254\n|turn|1\n|inactive|Battle timer is ON: inactive players will automatically lose when time's up. (requested by p0x16295c7)\n|inactive|Time left: 300 sec this turn | 300 sec total | 60 sec grace\n|inactive|p0y1628c49 also wants the timer to be on.\n|\n|t:|1783535120\n|move|p1a: Luxray|Trailblaze|p2a: Sinistcha\n|-resisted|p2a: Sinistcha\n|-damage|p2a: Sinistcha|235/254\n|-boost|p1a: Luxray|spe|1\n|move|p2a: Sinistcha|Matcha Gotcha|p1a: Luxray\n|-damage|p1a: Luxray|62/100\n|-heal|p2a: Sinistcha|254/254|[from] drain|[of] p1a: Luxray\n|\n|-status|p1a: Luxray|brn|[from] item: Flame Orb\n|upkeep\n|turn|2\n|inactive|Time left: 300 sec this turn | 300 sec total\n|\n|t:|1783535121\n|move|p1a: Luxray|Throat Chop|p2a: Sinistcha\n|-supereffective|p2a: Sinistcha\n|-damage|p2a: Sinistcha|56/254\n|-start|p2a: Sinistcha|Throat Chop|[silent]\n|move|p2a: Sinistcha|Matcha Gotcha|p1a: Luxray|[miss]\n|-miss|p2a: Sinistcha|p1a: Luxray\n|\n|-heal|p2a: Sinistcha|71/254|[from] item: Leftovers\n|-damage|p1a: Luxray|56/100 brn|[from] brn\n|upkeep\n|turn|3\n|inactive|Time left: 300 sec this turn | 300 sec total\n|\n|t:|1783535123\n|switch|p2a: Probopass|Probopass, L91, M|257/257\n|move|p1a: Luxray|Supercell Slam|p2a: Probopass\n|-damage|p2a: Probopass|131/257\n|\n|-heal|p2a: Probopass|147/257|[from] item: Leftovers\n|-damage|p1a: Luxray|50/100 brn|[from] brn\n|upkeep\n|turn|4\n|inactive|Time left: 300 sec this turn | 300 sec total\n|\n|t:|1783535124\n|-terastallize|p2a: Probopass|Fighting\n|move|p1a: Luxray|Supercell Slam|p2a: Probopass\n|-damage|p2a: Probopass|15/257\n|move|p2a: Probopass|Body Press|p1a: Luxray\n|-damage|p1a: Luxray|2/100 brn\n|\n|-heal|p2a: Probopass|31/257|[from] item: Leftovers\n|-damage|p1a: Luxray|0 fnt|[from] brn\n|faint|p1a: Luxray\n|upkeep\n|\n|t:|1783535125\n|switch|p1a: Kyogre|Kyogre, L71|100/100\n|-weather|RainDance|[from] ability: Drizzle|[of] p1a: Kyogre\n|turn|5\n|inactive|Time left: 300 sec this turn | 300 sec total\n|\n|t:|1783535126\n|move|p1a: Kyogre|Water Spout|p2a: Probopass\n|-damage|p2a: Probopass|0 fnt\n|faint|p2a: Probopass\n|\n|-weather|RainDance|[upkeep]\n|upkeep\n|inactive|Time left: 300 sec this turn | 300 sec total | 5 sec grace\n|\n|t:|1783535127\n|switch|p2a: Vespiquen|Vespiquen, L99, F|299/299\n|-ability|p2a: Vespiquen|Pressure\n|turn|6\n|inactive|Time left: 300 sec this turn | 300 sec total\n|\n|t:|1783535128\n|move|p1a: Kyogre|Water Spout|p2a: Vespiquen\n|-damage|p2a: Vespiquen|97/299\n|move|p2a: Vespiquen|Hurricane|p1a: Kyogre\n|-crit|p1a: Kyogre\n|-damage|p1a: Kyogre|33/100\n|-start|p1a: Kyogre|confusion\n|\n|-weather|RainDance|[upkeep]\n|upkeep\n|turn|7\n|inactive|Time left: 300 sec this turn | 300 sec total\n|\n|t:|1783535128\n|switch|p1a: Klefki|Klefki, L84, M|100/100\n|move|p2a: Vespiquen|Roost|p2a: Vespiquen\n|-heal|p2a: Vespiquen|247/299\n|-singleturn|p2a: Vespiquen|move: Roost\n|\n|-weather|RainDance|[upkeep]\n|upkeep\n|turn|8\n|inactive|Time left: 300 sec this turn | 300 sec total\n|\n|t:|1783535129\n|move|p1a: Klefki|Spikes|p2a: Vespiquen\n|-sidestart|p2: p0y1628c49|Spikes\n|move|p2a: Vespiquen|Hurricane|p1a: Klefki\n|-resisted|p1a: Klefki\n|-damage|p1a: Klefki|72/100\n|\n|-weather|RainDance|[upkeep]\n|-heal|p1a: Klefki|78/100|[from] item: Leftovers\n|upkeep\n|turn|9\n|inactive|Time left: 300 sec this turn | 300 sec total\n|\n|t:|1783535130\n|move|p1a: Klefki|Thunder Wave|p2a: Vespiquen\n|-status|p2a: Vespiquen|par\n|cant|p2a: Vespiquen|par\n|\n|-weather|none\n|-heal|p1a: Klefki|84/100|[from] item: Leftovers\n|upkeep\n|turn|10\n|inactive|Time left: 300 sec this turn | 300 sec total\n|\n|t:|1783535131\n|move|p1a: Klefki|Dazzling Gleam|p2a: Vespiquen\n|-damage|p2a: Vespiquen|186/299 par\n|cant|p2a: Vespiquen|par\n|\n|-heal|p1a: Klefki|90/100|[from] item: Leftovers\n|upkeep\n|turn|11\n|inactive|Time left: 300 sec this turn | 300 sec total\n|\n|t:|1783535132\n|move|p1a: Klefki|Spikes|p2a: Vespiquen\n|-sidestart|p2: p0y1628c49|Spikes\n|move|p2a: Vespiquen|Roost|p2a: Vespiquen\n|-heal|p2a: Vespiquen|299/299 par\n|-singleturn|p2a: Vespiquen|move: Roost\n|\n|-heal|p1a: Klefki|96/100|[from] item: Leftovers\n|upkeep\n|turn|12\n|inactive|Time left: 300 sec this turn | 300 sec total\n|\n|t:|1783535133\n|move|p1a: Klefki|Dazzling Gleam|p2a: Vespiquen\n|-damage|p2a: Vespiquen|242/299 par\n|move|p2a: Vespiquen|Spikes|p1a: Klefki\n|-sidestart|p1: p0x16295c7|Spikes\n|\n|-heal|p1a: Klefki|100/100|[from] item: Leftovers\n|upkeep\n|turn|13\n|inactive|Time left: 300 sec this turn | 300 sec total\n|\n|t:|1783535133\n|switch|p1a: Espeon|Espeon, L84, F|100/100\n|-damage|p1a: Espeon|88/100|[from] Spikes\n|move|p2a: Vespiquen|Spikes|p1a: Espeon\n|move|p1a: Espeon|Spikes|p2a: Vespiquen|[from] ability: Magic Bounce\n|-sidestart|p2: p0y1628c49|Spikes\n|\n|upkeep\n|turn|14\n|inactive|Time left: 300 sec this turn | 300 sec total\n|\n|t:|1783535134\n|move|p1a: Espeon|Psychic|p2a: Vespiquen\n|-damage|p2a: Vespiquen|113/299 par\n|move|p2a: Vespiquen|U-turn|p1a: Espeon\n|-supereffective|p1a: Espeon\n|-damage|p1a: Espeon|0 fnt\n|faint|p1a: Espeon\n|inactive|Time left: 300 sec this turn | 300 sec total | 5 sec grace\n|\n|t:|1783535135\n|switch|p2a: Dachsbun|Dachsbun, L92, M|254/254|[from] U-turn\n|-damage|p2a: Dachsbun|191/254|[from] Spikes\n|\n|-heal|p2a: Dachsbun|206/254|[from] item: Leftovers\n|upkeep\n|\n|t:|1783535136\n|switch|p1a: Kyogre|Kyogre, L71|33/100\n|-damage|p1a: Kyogre|21/100|[from] Spikes\n|-weather|RainDance|[from] ability: Drizzle|[of] p1a: Kyogre\n|turn|15\n|inactive|Time left: 300 sec this turn | 300 sec total\n|\n|t:|1783535137\n|-terastallize|p1a: Kyogre|Water\n|move|p1a: Kyogre|Origin Pulse|p2a: Dachsbun\n|-damage|p2a: Dachsbun|0 fnt\n|faint|p2a: Dachsbun\n|\n|-weather|RainDance|[upkeep]\n|upkeep\n|inactive|Time left: 300 sec this turn | 300 sec total | 5 sec grace\n|\n|t:|1783535138\n|switch|p2a: Vespiquen|Vespiquen, L99, F|113/299 par\n|-ability|p2a: Vespiquen|Pressure\n|turn|16\n|inactive|Time left: 300 sec this turn | 300 sec total\n|\n|t:|1783535139\n|switch|p2a: Sinistcha|Sinistcha, L83|71/254\n|-damage|p2a: Sinistcha|8/254|[from] Spikes\n|move|p1a: Kyogre|Origin Pulse|p2a: Sinistcha\n|-resisted|p2a: Sinistcha\n|-damage|p2a: Sinistcha|0 fnt\n|faint|p2a: Sinistcha\n|\n|-weather|RainDance|[upkeep]\n|upkeep\n|inactive|Time left: 300 sec this turn | 300 sec total | 5 sec grace\n|\n|t:|1783535140\n|switch|p2a: Tornadus|Tornadus, L82, M|264/264\n|turn|17\n|inactive|Time left: 300 sec this turn | 300 sec total\n|\n|t:|1783535141\n|switch|p2a: Vespiquen|Vespiquen, L99, F|113/299 par\n|-ability|p2a: Vespiquen|Pressure\n|move|p1a: Kyogre|Origin Pulse|p2a: Vespiquen\n|-damage|p2a: Vespiquen|0 fnt\n|faint|p2a: Vespiquen\n|\n|-weather|RainDance|[upkeep]\n|upkeep\n|inactive|Time left: 300 sec this turn | 300 sec total | 5 sec grace\n|\n|t:|1783535142\n|switch|p2a: Tornadus|Tornadus, L82, M|264/264\n|turn|18\n|inactive|Time left: 300 sec this turn | 300 sec total\n|\n|t:|1783535143\n|move|p1a: Kyogre|Origin Pulse|p2a: Tornadus|[miss]\n|-miss|p1a: Kyogre|p2a: Tornadus\n|move|p2a: Tornadus|Bleakwind Storm|p1a: Kyogre\n|-damage|p1a: Kyogre|0 fnt\n|faint|p1a: Kyogre\n|\n|-weather|RainDance|[upkeep]\n|upkeep\n|\n|t:|1783535144\n|switch|p1a: Shiftry|Shiftry, L89, F|100/100\n|turn|19\n|inactive|Time left: 300 sec this turn | 300 sec total\n|\n|t:|1783535145\n|move|p2a: Tornadus|Focus Blast|p1a: Shiftry|[miss]\n|-miss|p2a: Tornadus|p1a: Shiftry\n|move|p1a: Shiftry|Knock Off|p2a: Tornadus\n|-damage|p2a: Tornadus|125/264\n|-enditem|p2a: Tornadus|Heavy-Duty Boots|[from] move: Knock Off|[of] p1a: Shiftry\n|\n|-weather|none\n|upkeep\n|turn|20\n|inactive|Time left: 300 sec this turn | 300 sec total\n|\n|t:|1783535146\n|move|p2a: Tornadus|Focus Blast|p1a: Shiftry\n|-supereffective|p1a: Shiftry\n|-damage|p1a: Shiftry|21/100\n|move|p1a: Shiftry|Knock Off|p2a: Tornadus\n|-damage|p2a: Tornadus|35/264\n|\n|upkeep\n|turn|21\n|inactive|Time left: 300 sec this turn | 300 sec total\n|\n|t:|1783535147\n|move|p1a: Shiftry|Sucker Punch|p2a: Tornadus\n|-damage|p2a: Tornadus|0 fnt\n|faint|p2a: Tornadus\n|\n|upkeep\n|inactive|Time left: 300 sec this turn | 300 sec total | 5 sec grace\n|\n|t:|1783535148\n|switch|p2a: Lycanroc|Lycanroc, L86, M|269/269\n|-damage|p2a: Lycanroc|202/269|[from] Spikes\n|turn|22\n|inactive|Time left: 300 sec this turn | 300 sec total\n|\n|t:|1783535149\n|move|p2a: Lycanroc|Swords Dance|p2a: Lycanroc\n|-boost|p2a: Lycanroc|atk|2\n|move|p1a: Shiftry|Leaf Storm|p2a: Lycanroc\n|-supereffective|p2a: Lycanroc\n|-damage|p2a: Lycanroc|0 fnt\n|-unboost|p1a: Shiftry|spa|2\n|faint|p2a: Lycanroc\n|\n|win|p0x16295c7", "uploadtime": 1783535149, "views": 0, "rating": 0, "private": 0, "password": null, "_winner": "p0x16295c7", "_our_name": "p0y1628c49"}