{"id": "battle-gen9randombattle-883", "formatid": "gen9randombattle", "format": "[Gen 9] Random Battle", "players": ["p0x883753c", "p0y883d89f"], "log": "|init|battle\n|title|p0x883753c vs. p0y883d89f\n|j|\u2606p0x883753c\n|j|\u2606p0y883d89f\n|t:|1783549354\n|gametype|singles\n|player|p1|p0x883753c|265|\n|player|p2|p0y883d89f|1|\n|gen|9\n|tier|[Gen 9] Random Battle\n|rule|Species Clause: Limit one of each Pok\u00e9mon\n|rule|HP Percentage Mod: HP is shown in percentages\n|rule|Sleep Clause Mod: Limit one foe put to sleep\n|rule|Illusion Level Mod: Illusion disguises the Pok\u00e9mon's true level\n|\n|t:|1783549354\n|teamsize|p1|6\n|teamsize|p2|6\n|start\n|switch|p1a: Delphox|Delphox, L84, F|100/100\n|switch|p2a: Primarina|Primarina, L83, M|268/268\n|turn|1\n|inactive|Battle timer is ON: inactive players will automatically lose when time's up. (requested by p0y883d89f)\n|inactive|p0x883753c also wants the timer to be on.\n|\n|t:|1783549356\n|move|p1a: Delphox|Nasty Plot|p1a: Delphox\n|-boost|p1a: Delphox|spa|2\n|move|p2a: Primarina|Calm Mind|p2a: Primarina\n|-boost|p2a: Primarina|spa|1\n|-boost|p2a: Primarina|spd|1\n|\n|upkeep\n|turn|2\n|inactive|Time left: 300 sec this turn | 300 sec total\n|\n|t:|1783549357\n|-terastallize|p1a: Delphox|Grass\n|move|p1a: Delphox|Psyshock|p2a: Primarina\n|-damage|p2a: Primarina|45/268\n|move|p2a: Primarina|Psychic Noise|p1a: Delphox\n|-resisted|p1a: Delphox\n|-damage|p1a: Delphox|77/100\n|-start|p1a: Delphox|move: Heal Block\n|\n|-heal|p2a: Primarina|61/268|[from] item: Leftovers\n|upkeep\n|turn|3\n|inactive|Time left: 300 sec this turn | 300 sec total\n|\n|t:|1783549358\n|move|p1a: Delphox|Psyshock|p2a: Primarina\n|-damage|p2a: Primarina|0 fnt\n|faint|p2a: Primarina\n|\n|-end|p1a: Delphox|move: Heal Block\n|upkeep\n|inactive|Time left: 300 sec this turn | 300 sec total | 5 sec grace\n|\n|t:|1783549359\n|switch|p2a: Azelf|Azelf, L82|257/257\n|turn|4\n|inactive|Time left: 300 sec this turn | 300 sec total\n|\n|t:|1783549361\n|move|p2a: Azelf|Fire Blast|p1a: Delphox\n|-supereffective|p1a: Delphox\n|-damage|p1a: Delphox|0 fnt\n|faint|p1a: Delphox\n|-damage|p2a: Azelf|232/257|[from] item: Life Orb\n|\n|upkeep\n|\n|t:|1783549362\n|switch|p1a: Golurk|Golurk, L87|100/100\n|turn|5\n|inactive|Time left: 300 sec this turn | 300 sec total\n|\n|t:|1783549363\n|move|p2a: Azelf|Fire Blast|p1a: Golurk\n|-damage|p1a: Golurk|58/100\n|-damage|p2a: Azelf|207/257|[from] item: Life Orb\n|move|p1a: Golurk|Poltergeist|p2a: Azelf\n|-activate|p2a: Azelf|move: Poltergeist|Life Orb\n|-supereffective|p2a: Azelf\n|-damage|p2a: Azelf|0 fnt\n|faint|p2a: Azelf\n|\n|upkeep\n|inactive|Time left: 300 sec this turn | 300 sec total | 5 sec grace\n|\n|t:|1783549363\n|switch|p2a: Cacturne|Cacturne, L92, F|278/278\n|turn|6\n|inactive|Time left: 300 sec this turn | 300 sec total\n|\n|t:|1783549365\n|switch|p1a: Decidueye|Decidueye-Hisui, L87, F|100/100\n|move|p2a: Cacturne|Knock Off|p1a: Decidueye\n|-resisted|p1a: Decidueye\n|-damage|p1a: Decidueye|68/100\n|-enditem|p1a: Decidueye|Leftovers|[from] move: Knock Off|[of] p2a: Cacturne\n|-damage|p2a: Cacturne|251/278|[from] item: Life Orb\n|\n|upkeep\n|turn|7\n|inactive|Time left: 300 sec this turn | 300 sec total\n|\n|t:|1783549366\n|switch|p2a: Volcarona|Volcarona, L77, F|257/257\n|move|p1a: Decidueye|Triple Arrows|p2a: Volcarona\n|-resisted|p2a: Volcarona\n|-damage|p2a: Volcarona|179/257\n|-unboost|p2a: Volcarona|def|1\n|\n|upkeep\n|turn|8\n|inactive|Time left: 300 sec this turn | 300 sec total\n|\n|t:|1783549367\n|move|p2a: Volcarona|Fire Blast|p1a: Decidueye\n|-supereffective|p1a: Decidueye\n|-damage|p1a: Decidueye|0 fnt\n|faint|p1a: Decidueye\n|\n|upkeep\n|\n|t:|1783549368\n|switch|p1a: Golurk|Golurk, L87|58/100\n|turn|9\n|inactive|Time left: 300 sec this turn | 300 sec total\n|\n|t:|1783549369\n|move|p2a: Volcarona|Giga Drain|p1a: Golurk\n|-supereffective|p1a: Golurk\n|-damage|p1a: Golurk|15/100\n|-heal|p2a: Volcarona|242/257|[from] drain|[of] p1a: Golurk\n|move|p1a: Golurk|Poltergeist|p2a: Volcarona\n|-activate|p2a: Volcarona|move: Poltergeist|Heavy-Duty Boots\n|-damage|p2a: Volcarona|0 fnt\n|faint|p2a: Volcarona\n|\n|upkeep\n|inactive|Time left: 300 sec this turn | 300 sec total | 5 sec grace\n|\n|t:|1783549371\n|switch|p2a: Grumpig|Grumpig, L92, M|297/297\n|turn|10\n|inactive|Time left: 300 sec this turn | 300 sec total\n|\n|t:|1783549371\n|switch|p1a: Florges|Florges-Orange, L85, F|100/100\n|move|p2a: Grumpig|Psychic|p1a: Florges\n|-damage|p1a: Florges|78/100\n|\n|-heal|p1a: Florges|84/100|[from] item: Leftovers\n|upkeep\n|turn|11\n|inactive|Time left: 300 sec this turn | 300 sec total\n|\n|t:|1783549372\n|move|p2a: Grumpig|Nasty Plot|p2a: Grumpig\n|-boost|p2a: Grumpig|spa|2\n|move|p1a: Florges|Calm Mind|p1a: Florges\n|-boost|p1a: Florges|spa|1\n|-boost|p1a: Florges|spd|1\n|\n|-heal|p1a: Florges|90/100|[from] item: Leftovers\n|upkeep\n|turn|12\n|inactive|Time left: 300 sec this turn | 300 sec total\n|\n|t:|1783549373\n|move|p2a: Grumpig|Nasty Plot|p2a: Grumpig\n|-boost|p2a: Grumpig|spa|2\n|move|p1a: Florges|Moonblast|p2a: Grumpig\n|-damage|p2a: Grumpig|165/297\n|-unboost|p2a: Grumpig|spa|1\n|\n|-heal|p2a: Grumpig|183/297|[from] item: Leftovers\n|-heal|p1a: Florges|96/100|[from] item: Leftovers\n|upkeep\n|turn|13\n|inactive|Time left: 300 sec this turn | 300 sec total\n|\n|t:|1783549374\n|move|p2a: Grumpig|Psychic|p1a: Florges\n|-damage|p1a: Florges|58/100\n|move|p1a: Florges|Moonblast|p2a: Grumpig\n|-damage|p2a: Grumpig|50/297\n|\n|-heal|p2a: Grumpig|68/297|[from] item: Leftovers\n|-heal|p1a: Florges|64/100|[from] item: Leftovers\n|upkeep\n|turn|14\n|inactive|Time left: 300 sec this turn | 300 sec total\n|\n|t:|1783549376\n|move|p2a: Grumpig|Psychic|p1a: Florges\n|-damage|p1a: Florges|24/100\n|move|p1a: Florges|Moonblast|p2a: Grumpig\n|-damage|p2a: Grumpig|0 fnt\n|faint|p2a: Grumpig\n|\n|-heal|p1a: Florges|30/100|[from] item: Leftovers\n|upkeep\n|inactive|Time left: 300 sec this turn | 300 sec total | 5 sec grace\n|\n|t:|1783549377\n|switch|p2a: Kommo-o|Kommo-o, L77, F|242/242\n|turn|15\n|inactive|Time left: 300 sec this turn | 300 sec total\n|\n|t:|1783549378\n|-terastallize|p2a: Kommo-o|Steel\n|move|p1a: Florges|Moonblast|p2a: Kommo-o\n|-resisted|p2a: Kommo-o\n|-damage|p2a: Kommo-o|158/242\n|move|p2a: Kommo-o|Iron Head|p1a: Florges\n|-supereffective|p1a: Florges\n|-damage|p1a: Florges|0 fnt\n|faint|p1a: Florges\n|\n|upkeep\n|\n|t:|1783549379\n|switch|p1a: Arbok|Arbok, L87, F|100/100\n|-ability|p1a: Arbok|Intimidate|boost\n|-unboost|p2a: Kommo-o|atk|1\n|turn|16\n|inactive|Time left: 300 sec this turn | 300 sec total\n|\n|t:|1783549380\n|switch|p2a: Cacturne|Cacturne, L92, F|251/278\n|move|p1a: Arbok|Earthquake|p2a: Cacturne\n|-resisted|p2a: Cacturne\n|-damage|p2a: Cacturne|193/278\n|-damage|p1a: Arbok|91/100|[from] item: Life Orb\n|\n|upkeep\n|turn|17\n|inactive|Time left: 300 sec this turn | 300 sec total\n|\n|t:|1783549381\n|switch|p2a: Kommo-o|Kommo-o, L77, F, tera:Steel|158/242\n|move|p1a: Arbok|Gunk Shot|p2a: Kommo-o\n|-immune|p2a: Kommo-o\n|\n|upkeep\n|turn|18\n|inactive|Time left: 300 sec this turn | 300 sec total\n|\n|t:|1783549382\n|move|p1a: Arbok|Earthquake|p2a: Kommo-o\n|-supereffective|p2a: Kommo-o\n|-damage|p2a: Kommo-o|10/242\n|-damage|p1a: Arbok|81/100|[from] item: Life Orb\n|move|p2a: Kommo-o|Scale Shot|p1a: Arbok\n|-damage|p1a: Arbok|68/100\n|-damage|p1a: Arbok|56/100\n|-damage|p1a: Arbok|44/100\n|-crit|p1a: Arbok\n|-damage|p1a: Arbok|26/100\n|-hitcount|p1a: Arbok|4\n|-unboost|p2a: Kommo-o|def|1\n|-boost|p2a: Kommo-o|spe|1\n|\n|upkeep\n|turn|19\n|inactive|Time left: 300 sec this turn | 300 sec total\n|\n|t:|1783549384\n|move|p1a: Arbok|Sucker Punch|p2a: Kommo-o\n|-damage|p2a: Kommo-o|0 fnt\n|faint|p2a: Kommo-o\n|-damage|p1a: Arbok|16/100|[from] item: Life Orb\n|\n|upkeep\n|inactive|Time left: 300 sec this turn | 300 sec total | 5 sec grace\n|\n|t:|1783549384\n|switch|p2a: Cacturne|Cacturne, L92, F|193/278\n|turn|20\n|inactive|Time left: 300 sec this turn | 300 sec total\n|\n|t:|1783549386\n|move|p1a: Arbok|Glare|p2a: Cacturne\n|-status|p2a: Cacturne|par\n|move|p2a: Cacturne|Focus Blast|p1a: Arbok\n|-resisted|p1a: Arbok\n|-damage|p1a: Arbok|0 fnt\n|faint|p1a: Arbok\n|-damage|p2a: Cacturne|166/278 par|[from] item: Life Orb\n|\n|upkeep\n|\n|t:|1783549387\n|switch|p1a: Golurk|Golurk, L87|15/100\n|turn|21\n|inactive|Time left: 300 sec this turn | 300 sec total\n|\n|t:|1783549388\n|switch|p1a: Meowstic|Meowstic, L89, M|100/100\n|move|p2a: Cacturne|Sucker Punch||[still]\n|-fail|p2a: Cacturne\n|\n|upkeep\n|turn|22\n|inactive|Time left: 300 sec this turn | 300 sec total\n|\n|t:|1783549389\n|move|p1a: Meowstic|Light Screen|p1a: Meowstic\n|-sidestart|p1: p0x883753c|move: Light Screen\n|move|p2a: Cacturne|Knock Off|p1a: Meowstic\n|-supereffective|p1a: Meowstic\n|-damage|p1a: Meowstic|0 fnt\n|-enditem|p1a: Meowstic|Light Clay|[from] move: Knock Off|[of] p2a: Cacturne\n|faint|p1a: Meowstic\n|-damage|p2a: Cacturne|139/278 par|[from] item: Life Orb\n|\n|upkeep\n|\n|t:|1783549390\n|switch|p1a: Golurk|Golurk, L87|15/100\n|turn|23\n|inactive|Time left: 300 sec this turn | 300 sec total\n|\n|t:|1783549391\n|cant|p2a: Cacturne|par\n|move|p1a: Golurk|Stone Edge|p2a: Cacturne\n|-crit|p2a: Cacturne\n|-damage|p2a: Cacturne|0 fnt\n|faint|p2a: Cacturne\n|\n|win|p0x883753c", "uploadtime": 1783549391, "views": 0, "rating": 0, "private": 0, "password": null, "_winner": "p0x883753c", "_our_name": "p0y883d89f"}