{"id": "battle-gen9randombattle-2768", "formatid": "gen9randombattle", "format": "[Gen 9] Random Battle", "players": ["p0x27680dcd", "p0y2768f9de"], "log": "|init|battle\n|title|p0x27680dcd vs. p0y2768f9de\n|j|\u2606p0x27680dcd\n|j|\u2606p0y2768f9de\n|t:|1783570883\n|gametype|singles\n|player|p1|p0x27680dcd|266|\n|player|p2|p0y2768f9de|101|\n|gen|9\n|tier|[Gen 9] Random Battle\n|rule|Species Clause: Limit one of each Pok\u00e9mon\n|rule|HP Percentage Mod: HP is shown in percentages\n|rule|Sleep Clause Mod: Limit one foe put to sleep\n|rule|Illusion Level Mod: Illusion disguises the Pok\u00e9mon's true level\n|\n|t:|1783570883\n|teamsize|p1|6\n|teamsize|p2|6\n|start\n|switch|p1a: Slaking|Slaking, L84, F|389/389\n|switch|p2a: Rhyperior|Rhyperior, L82, M|100/100\n|turn|1\n|inactive|Battle timer is ON: inactive players will automatically lose when time's up. (requested by p0y2768f9de)\n|inactive|Time left: 300 sec this turn | 300 sec total | 60 sec grace\n|inactive|p0x27680dcd also wants the timer to be on.\n|\n|t:|1783570885\n|move|p1a: Slaking|Giga Impact|p2a: Rhyperior\n|-resisted|p2a: Rhyperior\n|-damage|p2a: Rhyperior|62/100\n|-mustrecharge|p1a: Slaking\n|move|p2a: Rhyperior|Stone Edge|p1a: Slaking|[miss]\n|-miss|p2a: Rhyperior|p1a: Slaking\n|\n|upkeep\n|turn|2\n|inactive|Time left: 300 sec this turn | 300 sec total\n|\n|t:|1783570886\n|cant|p1a: Slaking|recharge\n|move|p2a: Rhyperior|Dragon Tail|p1a: Slaking\n|-damage|p1a: Slaking|335/389\n|drag|p1a: Magcargo|Magcargo, L95, M|268/268\n|\n|upkeep\n|turn|3\n|inactive|Time left: 300 sec this turn | 300 sec total\n|\n|t:|1783570888\n|switch|p1a: Chesnaught|Chesnaught, L84, M|285/285\n|move|p2a: Rhyperior|Earthquake|p1a: Chesnaught\n|-resisted|p1a: Chesnaught\n|-damage|p1a: Chesnaught|234/285\n|\n|-heal|p1a: Chesnaught|251/285|[from] item: Leftovers\n|upkeep\n|turn|4\n|inactive|Time left: 300 sec this turn | 300 sec total\n|\n|t:|1783570889\n|move|p1a: Chesnaught|Trailblaze|p2a: Rhyperior\n|-supereffective|p2a: Rhyperior\n|-damage|p2a: Rhyperior|25/100\n|-boost|p1a: Chesnaught|spe|1\n|move|p2a: Rhyperior|Earthquake|p1a: Chesnaught\n|-resisted|p1a: Chesnaught\n|-crit|p1a: Chesnaught\n|-damage|p1a: Chesnaught|178/285\n|\n|-heal|p1a: Chesnaught|195/285|[from] item: Leftovers\n|upkeep\n|turn|5\n|inactive|Time left: 300 sec this turn | 300 sec total\n|\n|t:|1783570890\n|switch|p2a: Volcarona|Volcarona, L77, F|100/100\n|move|p1a: Chesnaught|Trailblaze|p2a: Volcarona\n|-resisted|p2a: Volcarona\n|-damage|p2a: Volcarona|93/100\n|-boost|p1a: Chesnaught|spe|1\n|\n|-heal|p1a: Chesnaught|212/285|[from] item: Leftovers\n|upkeep\n|turn|6\n|inactive|Time left: 300 sec this turn | 300 sec total\n|\n|t:|1783570892\n|move|p1a: Chesnaught|Iron Defense|p1a: Chesnaught\n|-boost|p1a: Chesnaught|def|2\n|move|p2a: Volcarona|Fiery Dance|p1a: Chesnaught\n|-supereffective|p1a: Chesnaught\n|-damage|p1a: Chesnaught|18/285\n|-boost|p2a: Volcarona|spa|1\n|\n|-heal|p1a: Chesnaught|35/285|[from] item: Leftovers\n|upkeep\n|turn|7\n|inactive|Time left: 300 sec this turn | 300 sec total\n|\n|t:|1783570893\n|move|p1a: Chesnaught|Body Press|p2a: Volcarona\n|-resisted|p2a: Volcarona\n|-damage|p2a: Volcarona|41/100\n|move|p2a: Volcarona|Fiery Dance|p1a: Chesnaught\n|-supereffective|p1a: Chesnaught\n|-damage|p1a: Chesnaught|0 fnt\n|-boost|p2a: Volcarona|spa|1\n|faint|p1a: Chesnaught\n|\n|upkeep\n|inactive|Time left: 300 sec this turn | 300 sec total | 5 sec grace\n|\n|t:|1783570894\n|switch|p1a: Slaking|Slaking, L84, F|335/389\n|turn|8\n|inactive|Time left: 300 sec this turn | 300 sec total\n|\n|t:|1783570895\n|switch|p2a: Krookodile|Krookodile, L79, M|100/100\n|-ability|p2a: Krookodile|Intimidate|boost\n|-unboost|p1a: Slaking|atk|1\n|move|p1a: Slaking|Giga Impact|p2a: Krookodile\n|-damage|p2a: Krookodile|4/100\n|-mustrecharge|p1a: Slaking\n|\n|-heal|p2a: Krookodile|10/100|[from] item: Leftovers\n|upkeep\n|turn|9\n|inactive|Time left: 300 sec this turn | 300 sec total\n|\n|t:|1783570896\n|cant|p1a: Slaking|recharge\n|move|p2a: Krookodile|Knock Off|p1a: Slaking\n|-damage|p1a: Slaking|235/389\n|-enditem|p1a: Slaking|Choice Band|[from] move: Knock Off|[of] p2a: Krookodile\n|\n|-heal|p2a: Krookodile|16/100|[from] item: Leftovers\n|upkeep\n|turn|10\n|inactive|Time left: 300 sec this turn | 300 sec total\n|\n|t:|1783570897\n|switch|p2a: Rhyperior|Rhyperior, L82, M|25/100\n|move|p1a: Slaking|Giga Impact|p2a: Rhyperior\n|-resisted|p2a: Rhyperior\n|-damage|p2a: Rhyperior|8/100\n|-mustrecharge|p1a: Slaking\n|\n|upkeep\n|turn|11\n|inactive|Time left: 300 sec this turn | 300 sec total\n|\n|t:|1783570898\n|switch|p2a: Krookodile|Krookodile, L79, M|16/100\n|-ability|p2a: Krookodile|Intimidate|boost\n|-unboost|p1a: Slaking|atk|1\n|cant|p1a: Slaking|recharge\n|\n|-heal|p2a: Krookodile|22/100|[from] item: Leftovers\n|upkeep\n|turn|12\n|inactive|Time left: 300 sec this turn | 300 sec total\n|\n|t:|1783570899\n|move|p1a: Slaking|Giga Impact|p2a: Krookodile|[miss]\n|-miss|p1a: Slaking|p2a: Krookodile\n|move|p2a: Krookodile|Knock Off|p1a: Slaking\n|-damage|p1a: Slaking|174/389\n|\n|-heal|p2a: Krookodile|28/100|[from] item: Leftovers\n|upkeep\n|turn|13\n|inactive|Time left: 300 sec this turn | 300 sec total\n|\n|t:|1783570900\n|switch|p1a: Regidrago|Regidrago, L77|435/435\n|move|p2a: Krookodile|Knock Off|p1a: Regidrago\n|-crit|p1a: Regidrago\n|-damage|p1a: Regidrago|167/435\n|-enditem|p1a: Regidrago|Lum Berry|[from] move: Knock Off|[of] p2a: Krookodile\n|\n|-heal|p2a: Krookodile|34/100|[from] item: Leftovers\n|upkeep\n|turn|14\n|inactive|Time left: 300 sec this turn | 300 sec total\n|\n|t:|1783570901\n|switch|p1a: Slaking|Slaking, L84, F|174/389\n|move|p2a: Krookodile|Earthquake|p1a: Slaking\n|-damage|p1a: Slaking|68/389\n|\n|-heal|p2a: Krookodile|40/100|[from] item: Leftovers\n|upkeep\n|turn|15\n|inactive|Time left: 300 sec this turn | 300 sec total\n|\n|t:|1783570902\n|switch|p2a: Rhyperior|Rhyperior, L82, M|8/100\n|move|p1a: Slaking|Giga Impact|p2a: Rhyperior\n|-resisted|p2a: Rhyperior\n|-crit|p2a: Rhyperior\n|-damage|p2a: Rhyperior|0 fnt\n|-mustrecharge|p1a: Slaking\n|faint|p2a: Rhyperior\n|\n|upkeep\n|\n|t:|1783570903\n|switch|p2a: Krookodile|Krookodile, L79, M|40/100\n|-ability|p2a: Krookodile|Intimidate|boost\n|-unboost|p1a: Slaking|atk|1\n|turn|16\n|inactive|Time left: 300 sec this turn | 300 sec total\n|\n|t:|1783570904\n|cant|p1a: Slaking|recharge\n|move|p2a: Krookodile|Bulk Up|p2a: Krookodile\n|-boost|p2a: Krookodile|atk|1\n|-boost|p2a: Krookodile|def|1\n|\n|-heal|p2a: Krookodile|47/100|[from] item: Leftovers\n|upkeep\n|turn|17\n|inactive|Time left: 300 sec this turn | 300 sec total\n|\n|t:|1783570905\n|-terastallize|p1a: Slaking|Normal\n|move|p1a: Slaking|Giga Impact|p2a: Krookodile\n|-damage|p2a: Krookodile|0 fnt\n|-mustrecharge|p1a: Slaking\n|faint|p2a: Krookodile\n|\n|upkeep\n|\n|t:|1783570906\n|switch|p2a: Haxorus|Haxorus, L77, F|100/100\n|-ability|p2a: Haxorus|Mold Breaker\n|turn|18\n|inactive|Time left: 300 sec this turn | 300 sec total\n|\n|t:|1783570907\n|cant|p1a: Slaking|recharge\n|move|p2a: Haxorus|Dragon Dance|p2a: Haxorus\n|-boost|p2a: Haxorus|atk|1\n|-boost|p2a: Haxorus|spe|1\n|\n|upkeep\n|turn|19\n|inactive|Time left: 300 sec this turn | 300 sec total\n|\n|t:|1783570908\n|move|p2a: Haxorus|Outrage|p1a: Slaking\n|-damage|p1a: Slaking|0 fnt\n|faint|p1a: Slaking\n|\n|upkeep\n|inactive|Time left: 300 sec this turn | 300 sec total | 5 sec grace\n|\n|t:|1783570909\n|switch|p1a: Magcargo|Magcargo, L95, M|268/268\n|turn|20\n|inactive|Time left: 300 sec this turn | 300 sec total\n|\n|t:|1783570909\n|move|p2a: Haxorus|Outrage|p1a: Magcargo|[from] lockedmove\n|-damage|p1a: Magcargo|103/268\n|move|p1a: Magcargo|Recover|p1a: Magcargo\n|-heal|p1a: Magcargo|237/268\n|\n|upkeep\n|turn|21\n|inactive|Time left: 300 sec this turn | 300 sec total\n|\n|t:|1783570910\n|move|p2a: Haxorus|Outrage|p1a: Magcargo|[from] lockedmove\n|-damage|p1a: Magcargo|78/268\n|-start|p2a: Haxorus|confusion|[fatigue]\n|-enditem|p2a: Haxorus|Lum Berry|[eat]\n|-end|p2a: Haxorus|confusion\n|move|p1a: Magcargo|Recover|p1a: Magcargo\n|-heal|p1a: Magcargo|212/268\n|\n|upkeep\n|turn|22\n|inactive|Time left: 300 sec this turn | 300 sec total\n|\n|t:|1783570911\n|switch|p1a: Regidrago|Regidrago, L77|167/435\n|move|p2a: Haxorus|Dragon Dance|p2a: Haxorus\n|-boost|p2a: Haxorus|atk|1\n|-boost|p2a: Haxorus|spe|1\n|\n|upkeep\n|turn|23\n|inactive|Time left: 300 sec this turn | 300 sec total\n|\n|t:|1783570912\n|move|p2a: Haxorus|Outrage|p1a: Regidrago\n|-supereffective|p1a: Regidrago\n|-damage|p1a: Regidrago|0 fnt\n|faint|p1a: Regidrago\n|\n|upkeep\n|inactive|Time left: 300 sec this turn | 300 sec total | 5 sec grace\n|\n|t:|1783570913\n|switch|p1a: Magcargo|Magcargo, L95, M|212/268\n|turn|24\n|inactive|Time left: 300 sec this turn | 300 sec total\n|\n|t:|1783570913\n|move|p2a: Haxorus|Outrage|p1a: Magcargo|[from] lockedmove\n|-damage|p1a: Magcargo|14/268\n|move|p1a: Magcargo|Lava Plume|p2a: Haxorus\n|-resisted|p2a: Haxorus\n|-damage|p2a: Haxorus|74/100\n|-status|p2a: Haxorus|brn\n|\n|-damage|p2a: Haxorus|68/100 brn|[from] brn\n|upkeep\n|turn|25\n|inactive|Time left: 300 sec this turn | 300 sec total\n|\n|t:|1783570914\n|move|p2a: Haxorus|Outrage|p1a: Magcargo|[from] lockedmove\n|-damage|p1a: Magcargo|0 fnt\n|faint|p1a: Magcargo\n|-start|p2a: Haxorus|confusion|[fatigue]\n|\n|-damage|p2a: Haxorus|62/100 brn|[from] brn\n|upkeep\n|inactive|Time left: 300 sec this turn | 300 sec total | 5 sec grace\n|\n|t:|1783570915\n|switch|p1a: Delphox|Delphox, L84, F|263/263\n|turn|26\n|inactive|Time left: 300 sec this turn | 300 sec total\n|\n|t:|1783570916\n|-activate|p2a: Haxorus|confusion\n|move|p2a: Haxorus|Outrage|p1a: Delphox\n|-damage|p1a: Delphox|85/263\n|move|p1a: Delphox|Focus Blast|p2a: Haxorus\n|-damage|p2a: Haxorus|16/100 brn\n|\n|-damage|p2a: Haxorus|10/100 brn|[from] brn\n|upkeep\n|turn|27\n|inactive|Time left: 300 sec this turn | 300 sec total\n|\n|t:|1783570917\n|-activate|p2a: Haxorus|confusion\n|move|p2a: Haxorus|Outrage|p1a: Delphox|[from] lockedmove\n|-damage|p1a: Delphox|0 fnt\n|faint|p1a: Delphox\n|\n|-damage|p2a: Haxorus|3/100 brn|[from] brn\n|upkeep\n|inactive|Time left: 300 sec this turn | 300 sec total | 5 sec grace\n|\n|t:|1783570917\n|switch|p1a: Latios|Latios, L78, M|253/253\n|turn|28\n|inactive|Time left: 300 sec this turn | 300 sec total\n|\n|t:|1783570918\n|-activate|p2a: Haxorus|confusion\n|-damage|p2a: Haxorus|0 fnt|[from] confusion\n|faint|p2a: Haxorus\n|move|p1a: Latios|Calm Mind|p1a: Latios\n|-boost|p1a: Latios|spa|1\n|-boost|p1a: Latios|spd|1\n|\n|upkeep\n|\n|t:|1783570919\n|switch|p2a: Urshifu|Urshifu-Rapid-Strike, L75, F|100/100\n|turn|29\n|inactive|Time left: 300 sec this turn | 300 sec total\n|\n|t:|1783570920\n|-terastallize|p2a: Urshifu|Water\n|move|p1a: Latios|Calm Mind|p1a: Latios\n|-boost|p1a: Latios|spa|1\n|-boost|p1a: Latios|spd|1\n|move|p2a: Urshifu|Swords Dance|p2a: Urshifu\n|-boost|p2a: Urshifu|atk|2\n|\n|upkeep\n|turn|30\n|inactive|Time left: 300 sec this turn | 300 sec total\n|\n|t:|1783570921\n|move|p1a: Latios|Draco Meteor|p2a: Urshifu\n|-damage|p2a: Urshifu|0 fnt\n|-unboost|p1a: Latios|spa|2\n|faint|p2a: Urshifu\n|\n|upkeep\n|\n|t:|1783570922\n|switch|p2a: Smeargle|Smeargle, L95, M|100/100\n|turn|31\n|inactive|Time left: 300 sec this turn | 300 sec total\n|\n|t:|1783570923\n|move|p1a: Latios|Psyshock|p2a: Smeargle\n|-damage|p2a: Smeargle|26/100\n|move|p2a: Smeargle|Shell Smash|p2a: Smeargle\n|-unboost|p2a: Smeargle|def|1\n|-unboost|p2a: Smeargle|spd|1\n|-boost|p2a: Smeargle|atk|2\n|-boost|p2a: Smeargle|spa|2\n|-boost|p2a: Smeargle|spe|2\n|\n|upkeep\n|turn|32\n|inactive|Time left: 300 sec this turn | 300 sec total\n|\n|t:|1783570924\n|move|p2a: Smeargle|Population Bomb|p1a: Latios\n|-damage|p1a: Latios|219/253\n|-damage|p1a: Latios|183/253\n|-damage|p1a: Latios|149/253\n|-damage|p1a: Latios|115/253\n|-damage|p1a: Latios|82/253\n|-damage|p1a: Latios|43/253\n|-damage|p1a: Latios|4/253\n|-damage|p1a: Latios|0 fnt\n|faint|p1a: Latios\n|-hitcount|p1: Latios|8\n|\n|win|p0y2768f9de", "uploadtime": 1783570924, "views": 0, "rating": 0, "private": 0, "password": null, "_winner": "p0y2768f9de", "_our_name": "p0x27680dcd"}