{"id": "battle-gen9randombattle-1846", "formatid": "gen9randombattle", "format": "[Gen 9] Random Battle", "players": ["p0x18463a65", "p0y18465ae6"], "log": "|init|battle\n|title|p0x18463a65 vs. p0y18465ae6\n|j|\u2606p0x18463a65\n|j|\u2606p0y18465ae6\n|t:|1783561383\n|gametype|singles\n|player|p1|p0x18463a65|266|\n|player|p2|p0y18465ae6|265|\n|gen|9\n|tier|[Gen 9] Random Battle\n|rule|Species Clause: Limit one of each Pok\u00e9mon\n|rule|HP Percentage Mod: HP is shown in percentages\n|rule|Sleep Clause Mod: Limit one foe put to sleep\n|rule|Illusion Level Mod: Illusion disguises the Pok\u00e9mon's true level\n|\n|t:|1783561383\n|teamsize|p1|6\n|teamsize|p2|6\n|start\n|switch|p1a: Salamence|Salamence, L77, F|273/273\n|switch|p2a: Electivire|Electivire, L84, F|100/100\n|-ability|p1a: Salamence|Intimidate|boost\n|-unboost|p2a: Electivire|atk|1\n|turn|1\n|inactive|Battle timer is ON: inactive players will automatically lose when time's up. (requested by p0y18465ae6)\n|inactive|Time left: 300 sec this turn | 300 sec total | 60 sec grace\n|inactive|p0x18463a65 also wants the timer to be on.\n|\n|t:|1783561385\n|move|p2a: Electivire|Ice Punch|p1a: Salamence\n|-supereffective|p1a: Salamence\n|-damage|p1a: Salamence|23/273\n|-damage|p2a: Electivire|91/100|[from] item: Life Orb\n|move|p1a: Salamence|Outrage|p2a: Electivire\n|-damage|p2a: Electivire|25/100\n|\n|upkeep\n|turn|2\n|inactive|Time left: 300 sec this turn | 300 sec total\n|\n|t:|1783561386\n|move|p2a: Electivire|Ice Punch|p1a: Salamence\n|-supereffective|p1a: Salamence\n|-damage|p1a: Salamence|0 fnt\n|faint|p1a: Salamence\n|-damage|p2a: Electivire|15/100|[from] item: Life Orb\n|\n|upkeep\n|inactive|Time left: 300 sec this turn | 300 sec total | 5 sec grace\n|\n|t:|1783561387\n|switch|p1a: Iron Bundle|Iron Bundle, L78|215/215\n|turn|3\n|inactive|Time left: 300 sec this turn | 300 sec total\n|\n|t:|1783561388\n|switch|p2a: Sylveon|Sylveon, L85, F|100/100\n|move|p1a: Iron Bundle|Freeze-Dry|p2a: Sylveon\n|-damage|p2a: Sylveon|73/100\n|\n|-heal|p2a: Sylveon|79/100|[from] item: Leftovers\n|upkeep\n|turn|4\n|inactive|Time left: 300 sec this turn | 300 sec total\n|\n|t:|1783561389\n|move|p1a: Iron Bundle|Freeze-Dry|p2a: Sylveon\n|-damage|p2a: Sylveon|51/100\n|move|p2a: Sylveon|Hyper Voice|p1a: Iron Bundle\n|-damage|p1a: Iron Bundle|35/215\n|\n|-heal|p2a: Sylveon|57/100|[from] item: Leftovers\n|upkeep\n|turn|5\n|inactive|Time left: 300 sec this turn | 300 sec total\n|\n|t:|1783561390\n|move|p1a: Iron Bundle|Freeze-Dry|p2a: Sylveon\n|-damage|p2a: Sylveon|28/100\n|move|p2a: Sylveon|Hyper Voice|p1a: Iron Bundle\n|-damage|p1a: Iron Bundle|0 fnt\n|faint|p1a: Iron Bundle\n|-end|p1a: Iron Bundle|Quark Drive|[silent]\n|\n|-heal|p2a: Sylveon|34/100|[from] item: Leftovers\n|upkeep\n|inactive|Time left: 300 sec this turn | 300 sec total | 5 sec grace\n|\n|t:|1783561391\n|switch|p1a: Sudowoodo|Sudowoodo, L94, M|284/284\n|turn|6\n|inactive|Time left: 300 sec this turn | 300 sec total\n|\n|t:|1783561392\n|move|p2a: Sylveon|Hyper Voice|p1a: Sudowoodo\n|-damage|p1a: Sudowoodo|149/284\n|move|p1a: Sudowoodo|Head Smash|p2a: Sylveon\n|-damage|p2a: Sylveon|0 fnt\n|faint|p2a: Sylveon\n|\n|upkeep\n|\n|t:|1783561393\n|switch|p2a: Arboliva|Arboliva, L91, F|100/100\n|turn|7\n|inactive|Time left: 300 sec this turn | 300 sec total\n|\n|t:|1783561394\n|move|p2a: Arboliva|Energy Ball|p1a: Sudowoodo\n|-supereffective|p1a: Sudowoodo\n|-damage|p1a: Sudowoodo|0 fnt\n|faint|p1a: Sudowoodo\n|\n|upkeep\n|inactive|Time left: 300 sec this turn | 300 sec total | 5 sec grace\n|\n|t:|1783561395\n|switch|p1a: Volcarona|Volcarona, L77, M|257/257\n|turn|8\n|inactive|Time left: 300 sec this turn | 300 sec total\n|\n|t:|1783561396\n|switch|p2a: Barraskewda|Barraskewda, L81, F|100/100\n|move|p1a: Volcarona|Quiver Dance|p1a: Volcarona\n|-boost|p1a: Volcarona|spa|1\n|-boost|p1a: Volcarona|spd|1\n|-boost|p1a: Volcarona|spe|1\n|\n|upkeep\n|turn|9\n|inactive|Time left: 300 sec this turn | 300 sec total\n|\n|t:|1783561397\n|-terastallize|p2a: Barraskewda|Fighting\n|move|p1a: Volcarona|Giga Drain|p2a: Barraskewda\n|-damage|p2a: Barraskewda|40/100\n|move|p2a: Barraskewda|Waterfall|p1a: Volcarona\n|-supereffective|p1a: Volcarona\n|-damage|p1a: Volcarona|0 fnt\n|-status|p2a: Barraskewda|brn|[from] ability: Flame Body|[of] p1a: Volcarona\n|faint|p1a: Volcarona\n|\n|-damage|p2a: Barraskewda|34/100 brn|[from] brn\n|upkeep\n|inactive|Time left: 300 sec this turn | 300 sec total | 5 sec grace\n|\n|t:|1783561398\n|switch|p1a: Girafarig|Girafarig, L89, F|269/269\n|turn|10\n|inactive|Time left: 300 sec this turn | 300 sec total\n|\n|t:|1783561398\n|move|p2a: Barraskewda|Waterfall|p1a: Girafarig\n|-crit|p1a: Girafarig\n|-damage|p1a: Girafarig|187/269\n|move|p1a: Girafarig|Nasty Plot|p1a: Girafarig\n|-boost|p1a: Girafarig|spa|2\n|\n|-damage|p2a: Barraskewda|28/100 brn|[from] brn\n|upkeep\n|turn|11\n|inactive|Time left: 300 sec this turn | 300 sec total\n|\n|t:|1783561399\n|move|p2a: Barraskewda|Waterfall|p1a: Girafarig\n|-damage|p1a: Girafarig|135/269\n|move|p1a: Girafarig|Nasty Plot|p1a: Girafarig\n|-boost|p1a: Girafarig|spa|2\n|\n|-damage|p2a: Barraskewda|22/100 brn|[from] brn\n|upkeep\n|turn|12\n|inactive|Time left: 300 sec this turn | 300 sec total\n|\n|t:|1783561400\n|move|p2a: Barraskewda|Waterfall|p1a: Girafarig\n|-damage|p1a: Girafarig|74/269\n|move|p1a: Girafarig|Nasty Plot|p1a: Girafarig\n|-boost|p1a: Girafarig|spa|2\n|\n|-damage|p2a: Barraskewda|16/100 brn|[from] brn\n|upkeep\n|turn|13\n|inactive|Time left: 300 sec this turn | 300 sec total\n|\n|t:|1783561401\n|move|p2a: Barraskewda|Waterfall|p1a: Girafarig\n|-damage|p1a: Girafarig|15/269\n|cant|p1a: Girafarig|flinch\n|\n|-damage|p2a: Barraskewda|10/100 brn|[from] brn\n|upkeep\n|turn|14\n|inactive|Time left: 300 sec this turn | 300 sec total\n|\n|t:|1783561402\n|switch|p1a: Venusaur|Venusaur, L84, M|272/272\n|move|p2a: Barraskewda|Waterfall|p1a: Venusaur\n|-resisted|p1a: Venusaur\n|-damage|p1a: Venusaur|238/272\n|\n|-heal|p1a: Venusaur|255/272|[from] item: Leftovers\n|-damage|p2a: Barraskewda|4/100 brn|[from] brn\n|upkeep\n|turn|15\n|inactive|Time left: 300 sec this turn | 300 sec total\n|\n|t:|1783561403\n|move|p2a: Barraskewda|Waterfall|p1a: Venusaur\n|-resisted|p1a: Venusaur\n|-damage|p1a: Venusaur|219/272\n|move|p1a: Venusaur|Sludge Bomb|p2a: Barraskewda\n|-damage|p2a: Barraskewda|0 fnt\n|faint|p2a: Barraskewda\n|\n|-heal|p1a: Venusaur|236/272|[from] item: Leftovers\n|upkeep\n|\n|t:|1783561404\n|switch|p2a: Bruxish|Bruxish, L85, F|100/100\n|turn|16\n|inactive|Time left: 300 sec this turn | 300 sec total\n|\n|t:|1783561405\n|-terastallize|p1a: Venusaur|Dark\n|move|p2a: Bruxish|Psychic Fangs|p1a: Venusaur\n|-immune|p1a: Venusaur\n|move|p1a: Venusaur|Knock Off|p2a: Bruxish\n|-supereffective|p2a: Bruxish\n|-crit|p2a: Bruxish\n|-damage|p2a: Bruxish|0 fnt\n|-enditem|p2a: Bruxish|Life Orb|[from] move: Knock Off|[of] p1a: Venusaur\n|faint|p2a: Bruxish\n|\n|-heal|p1a: Venusaur|253/272|[from] item: Leftovers\n|upkeep\n|\n|t:|1783561406\n|switch|p2a: Arboliva|Arboliva, L91, F|100/100\n|turn|17\n|inactive|Time left: 300 sec this turn | 300 sec total\n|\n|t:|1783561407\n|move|p1a: Venusaur|Sludge Bomb|p2a: Arboliva\n|-supereffective|p2a: Arboliva\n|-damage|p2a: Arboliva|50/100\n|-fieldstart|move: Grassy Terrain|[from] ability: Seed Sower|[of] p2a: Arboliva\n|move|p2a: Arboliva|Energy Ball|p1a: Venusaur\n|-damage|p1a: Venusaur|79/272\n|\n|-heal|p1a: Venusaur|96/272|[from] Grassy Terrain\n|-heal|p1a: Venusaur|113/272|[from] item: Leftovers\n|-heal|p2a: Arboliva|56/100|[from] Grassy Terrain\n|-heal|p2a: Arboliva|63/100|[from] item: Leftovers\n|upkeep\n|turn|18\n|inactive|Time left: 300 sec this turn | 300 sec total\n|\n|t:|1783561408\n|move|p1a: Venusaur|Synthesis|p1a: Venusaur\n|-heal|p1a: Venusaur|249/272\n|move|p2a: Arboliva|Energy Ball|p1a: Venusaur\n|-damage|p1a: Venusaur|89/272\n|\n|-heal|p1a: Venusaur|106/272|[from] Grassy Terrain\n|-heal|p1a: Venusaur|123/272|[from] item: Leftovers\n|-heal|p2a: Arboliva|69/100|[from] Grassy Terrain\n|-heal|p2a: Arboliva|75/100|[from] item: Leftovers\n|upkeep\n|turn|19\n|inactive|Time left: 300 sec this turn | 300 sec total\n|\n|t:|1783561409\n|move|p1a: Venusaur|Synthesis|p1a: Venusaur\n|-heal|p1a: Venusaur|259/272\n|move|p2a: Arboliva|Energy Ball|p1a: Venusaur\n|-damage|p1a: Venusaur|85/272\n|\n|-heal|p1a: Venusaur|102/272|[from] Grassy Terrain\n|-heal|p1a: Venusaur|119/272|[from] item: Leftovers\n|-heal|p2a: Arboliva|81/100|[from] Grassy Terrain\n|-heal|p2a: Arboliva|87/100|[from] item: Leftovers\n|upkeep\n|turn|20\n|inactive|Time left: 300 sec this turn | 300 sec total\n|\n|t:|1783561409\n|move|p1a: Venusaur|Synthesis|p1a: Venusaur\n|-heal|p1a: Venusaur|255/272\n|move|p2a: Arboliva|Energy Ball|p1a: Venusaur\n|-damage|p1a: Venusaur|99/272\n|\n|-heal|p1a: Venusaur|116/272|[from] Grassy Terrain\n|-heal|p1a: Venusaur|133/272|[from] item: Leftovers\n|-heal|p2a: Arboliva|94/100|[from] Grassy Terrain\n|-heal|p2a: Arboliva|99/100|[from] item: Leftovers\n|upkeep\n|turn|21\n|inactive|Time left: 300 sec this turn | 300 sec total\n|\n|t:|1783561411\n|move|p1a: Venusaur|Synthesis|p1a: Venusaur\n|-heal|p1a: Venusaur|269/272\n|move|p2a: Arboliva|Energy Ball|p1a: Venusaur\n|-damage|p1a: Venusaur|101/272\n|\n|-heal|p1a: Venusaur|118/272|[from] Grassy Terrain\n|-heal|p1a: Venusaur|135/272|[from] item: Leftovers\n|-heal|p2a: Arboliva|100/100|[from] Grassy Terrain\n|-fieldend|move: Grassy Terrain\n|upkeep\n|turn|22\n|inactive|Time left: 300 sec this turn | 300 sec total\n|\n|t:|1783561412\n|move|p1a: Venusaur|Synthesis|p1a: Venusaur\n|-heal|p1a: Venusaur|271/272\n|move|p2a: Arboliva|Energy Ball|p1a: Venusaur\n|-damage|p1a: Venusaur|154/272\n|\n|-heal|p1a: Venusaur|171/272|[from] item: Leftovers\n|upkeep\n|turn|23\n|inactive|Time left: 300 sec this turn | 300 sec total\n|\n|t:|1783561413\n|move|p1a: Venusaur|Synthesis|p1a: Venusaur\n|-heal|p1a: Venusaur|272/272\n|move|p2a: Arboliva|Energy Ball|p1a: Venusaur\n|-damage|p1a: Venusaur|151/272\n|-unboost|p1a: Venusaur|spd|1\n|\n|-heal|p1a: Venusaur|168/272|[from] item: Leftovers\n|upkeep\n|turn|24\n|inactive|Time left: 300 sec this turn | 300 sec total\n|\n|t:|1783561414\n|switch|p1a: Girafarig|Girafarig, L89, F|15/269\n|move|p2a: Arboliva|Hyper Voice|p1a: Girafarig\n|-damage|p1a: Girafarig|0 fnt\n|faint|p1a: Girafarig\n|\n|upkeep\n|inactive|Time left: 300 sec this turn | 300 sec total | 5 sec grace\n|\n|t:|1783561415\n|switch|p1a: Venusaur|Venusaur, L84, M, tera:Dark|168/272\n|turn|25\n|inactive|Time left: 300 sec this turn | 300 sec total\n|\n|t:|1783561416\n|move|p1a: Venusaur|Synthesis|p1a: Venusaur\n|-heal|p1a: Venusaur|272/272\n|move|p2a: Arboliva|Energy Ball|p1a: Venusaur\n|-damage|p1a: Venusaur|137/272\n|\n|-heal|p1a: Venusaur|154/272|[from] item: Leftovers\n|upkeep\n|turn|26\n|inactive|Time left: 300 sec this turn | 300 sec total\n|\n|t:|1783561417\n|move|p1a: Venusaur|Synthesis|p1a: Venusaur\n|-heal|p1a: Venusaur|272/272\n|move|p2a: Arboliva|Energy Ball|p1a: Venusaur\n|-damage|p1a: Venusaur|151/272\n|\n|-heal|p1a: Venusaur|168/272|[from] item: Leftovers\n|upkeep\n|turn|27\n|inactive|Time left: 300 sec this turn | 300 sec total\n|\n|t:|1783561418\n|move|p1a: Venusaur|Sludge Bomb|p2a: Arboliva\n|-supereffective|p2a: Arboliva\n|-damage|p2a: Arboliva|47/100\n|-status|p2a: Arboliva|psn\n|-fieldstart|move: Grassy Terrain|[from] ability: Seed Sower|[of] p2a: Arboliva\n|move|p2a: Arboliva|Energy Ball|p1a: Venusaur\n|-damage|p1a: Venusaur|18/272\n|-unboost|p1a: Venusaur|spd|1\n|\n|-heal|p1a: Venusaur|35/272|[from] Grassy Terrain\n|-heal|p1a: Venusaur|52/272|[from] item: Leftovers\n|-heal|p2a: Arboliva|53/100 psn|[from] Grassy Terrain\n|-heal|p2a: Arboliva|59/100 psn|[from] item: Leftovers\n|-damage|p2a: Arboliva|47/100 psn|[from] psn\n|upkeep\n|turn|28\n|inactive|Time left: 300 sec this turn | 300 sec total\n|\n|t:|1783561419\n|move|p1a: Venusaur|Sludge Bomb|p2a: Arboliva\n|-supereffective|p2a: Arboliva\n|-damage|p2a: Arboliva|0 fnt\n|faint|p2a: Arboliva\n|\n|-heal|p1a: Venusaur|69/272|[from] Grassy Terrain\n|-heal|p1a: Venusaur|86/272|[from] item: Leftovers\n|upkeep\n|\n|t:|1783561420\n|switch|p2a: Gogoat|Gogoat, L88, F|100/100\n|turn|29\n|inactive|Time left: 300 sec this turn | 300 sec total\n|\n|t:|1783561421\n|move|p1a: Venusaur|Knock Off|p2a: Gogoat\n|-damage|p2a: Gogoat|72/100\n|-enditem|p2a: Gogoat|Leftovers|[from] move: Knock Off|[of] p1a: Venusaur\n|move|p2a: Gogoat|Horn Leech|p1a: Venusaur\n|-damage|p1a: Venusaur|0 fnt\n|-heal|p2a: Gogoat|84/100|[from] drain|[of] p1a: Venusaur\n|faint|p1a: Venusaur\n|\n|win|p0y18465ae6", "uploadtime": 1783561421, "views": 0, "rating": 0, "private": 0, "password": null, "_winner": "p0y18465ae6", "_our_name": "p0x18463a65"}