{"id": "battle-gen9randombattle-1437", "formatid": "gen9randombattle", "format": "[Gen 9] Random Battle", "players": ["p0x14372b07", "p0y14373369"], "log": "|init|battle\n|title|p0x14372b07 vs. p0y14373369\n|j|\u2606p0x14372b07\n|j|\u2606p0y14373369\n|t:|1783556734\n|gametype|singles\n|player|p1|p0x14372b07|266|\n|player|p2|p0y14373369|170|\n|gen|9\n|tier|[Gen 9] Random Battle\n|rule|Species Clause: Limit one of each Pok\u00e9mon\n|rule|HP Percentage Mod: HP is shown in percentages\n|rule|Sleep Clause Mod: Limit one foe put to sleep\n|rule|Illusion Level Mod: Illusion disguises the Pok\u00e9mon's true level\n|\n|t:|1783556734\n|teamsize|p1|6\n|teamsize|p2|6\n|start\n|switch|p1a: Scovillain|Scovillain, L91, M|266/266\n|switch|p2a: Great Tusk|Great Tusk, L77|100/100\n|turn|1\n|inactive|Battle timer is ON: inactive players will automatically lose when time's up. (requested by p0y14373369)\n|inactive|Time left: 300 sec this turn | 300 sec total | 60 sec grace\n|inactive|p0x14372b07 also wants the timer to be on.\n|\n|t:|1783556736\n|-end|p2a: Great Tusk|Protosynthesis|[silent]\n|switch|p2a: Latias|Latias, L79, F|100/100\n|move|p1a: Scovillain|Energy Ball|p2a: Latias\n|-resisted|p2a: Latias\n|-damage|p2a: Latias|82/100\n|\n|upkeep\n|turn|2\n|inactive|Time left: 300 sec this turn | 300 sec total\n|\n|t:|1783556737\n|switch|p1a: Copperajah|Copperajah, L86, M|350/350\n|move|p2a: Latias|Psyshock|p1a: Copperajah\n|-resisted|p1a: Copperajah\n|-damage|p1a: Copperajah|293/350\n|\n|upkeep\n|turn|3\n|inactive|Time left: 300 sec this turn | 300 sec total\n|\n|t:|1783556738\n|switch|p2a: Coalossal|Coalossal, L89, M|100/100\n|move|p1a: Copperajah|Heavy Slam|p2a: Coalossal\n|-damage|p2a: Coalossal|52/100\n|\n|upkeep\n|turn|4\n|inactive|Time left: 300 sec this turn | 300 sec total\n|\n|t:|1783556740\n|move|p2a: Coalossal|Stealth Rock|p1a: Copperajah\n|-sidestart|p1: p0x14372b07|move: Stealth Rock\n|move|p1a: Copperajah|Heavy Slam|p2a: Coalossal\n|-damage|p2a: Coalossal|10/100\n|\n|upkeep\n|turn|5\n|inactive|Time left: 300 sec this turn | 300 sec total\n|\n|t:|1783556741\n|move|p2a: Coalossal|Overheat|p1a: Copperajah\n|-supereffective|p1a: Copperajah\n|-damage|p1a: Copperajah|0 fnt\n|-unboost|p2a: Coalossal|spa|2\n|faint|p1a: Copperajah\n|\n|upkeep\n|inactive|Time left: 300 sec this turn | 300 sec total | 5 sec grace\n|\n|t:|1783556742\n|switch|p1a: Iron Moth|Iron Moth, L78|253/253\n|turn|6\n|inactive|Time left: 300 sec this turn | 300 sec total\n|\n|t:|1783556743\n|move|p1a: Iron Moth|Sludge Wave|p2a: Coalossal\n|-resisted|p2a: Coalossal\n|-damage|p2a: Coalossal|0 fnt\n|faint|p2a: Coalossal\n|\n|upkeep\n|\n|t:|1783556745\n|switch|p2a: Latias|Latias, L79, F|82/100\n|turn|7\n|inactive|Time left: 300 sec this turn | 300 sec total\n|\n|t:|1783556746\n|-end|p1a: Iron Moth|Quark Drive|[silent]\n|switch|p1a: Cobalion|Cobalion, L80|277/277\n|-damage|p1a: Cobalion|269/277|[from] Stealth Rock\n|move|p2a: Latias|Psyshock|p1a: Cobalion\n|-damage|p1a: Cobalion|196/277\n|\n|-heal|p1a: Cobalion|213/277|[from] item: Leftovers\n|upkeep\n|turn|8\n|inactive|Time left: 300 sec this turn | 300 sec total\n|\n|t:|1783556747\n|move|p2a: Latias|Calm Mind|p2a: Latias\n|-boost|p2a: Latias|spa|1\n|-boost|p2a: Latias|spd|1\n|move|p1a: Cobalion|Iron Head|p2a: Latias\n|-damage|p2a: Latias|54/100\n|\n|-heal|p1a: Cobalion|230/277|[from] item: Leftovers\n|upkeep\n|turn|9\n|inactive|Time left: 300 sec this turn | 300 sec total\n|\n|t:|1783556748\n|move|p2a: Latias|Recover|p2a: Latias\n|-heal|p2a: Latias|100/100\n|move|p1a: Cobalion|Iron Head|p2a: Latias\n|-damage|p2a: Latias|70/100\n|\n|-heal|p1a: Cobalion|247/277|[from] item: Leftovers\n|upkeep\n|turn|10\n|inactive|Time left: 300 sec this turn | 300 sec total\n|\n|t:|1783556749\n|move|p1a: Cobalion|Body Press|p2a: Latias\n|-resisted|p2a: Latias\n|-damage|p2a: Latias|50/100\n|move|p2a: Latias|Psyshock|p1a: Cobalion\n|-damage|p1a: Cobalion|136/277\n|\n|-heal|p1a: Cobalion|153/277|[from] item: Leftovers\n|upkeep\n|turn|11\n|inactive|Time left: 300 sec this turn | 300 sec total\n|\n|t:|1783556750\n|move|p2a: Latias|Draco Meteor|p1a: Cobalion\n|-resisted|p1a: Cobalion\n|-damage|p1a: Cobalion|8/277\n|-unboost|p2a: Latias|spa|2\n|move|p1a: Cobalion|Iron Head|p2a: Latias\n|-damage|p2a: Latias|23/100\n|\n|-heal|p1a: Cobalion|25/277|[from] item: Leftovers\n|upkeep\n|turn|12\n|inactive|Time left: 300 sec this turn | 300 sec total\n|\n|t:|1783556751\n|move|p1a: Cobalion|Iron Head|p2a: Latias\n|-damage|p2a: Latias|0 fnt\n|faint|p2a: Latias\n|\n|-heal|p1a: Cobalion|42/277|[from] item: Leftovers\n|upkeep\n|\n|t:|1783556752\n|switch|p2a: Passimian|Passimian, L83, F|100/100\n|turn|13\n|inactive|Time left: 300 sec this turn | 300 sec total\n|\n|t:|1783556753\n|move|p2a: Passimian|Earthquake|p1a: Cobalion\n|-supereffective|p1a: Cobalion\n|-damage|p1a: Cobalion|0 fnt\n|faint|p1a: Cobalion\n|\n|upkeep\n|inactive|Time left: 300 sec this turn | 300 sec total | 5 sec grace\n|\n|t:|1783556754\n|switch|p1a: Flutter Mane|Flutter Mane, L74|203/203\n|-damage|p1a: Flutter Mane|178/203|[from] Stealth Rock\n|turn|14\n|inactive|Time left: 300 sec this turn | 300 sec total\n|\n|t:|1783556755\n|move|p2a: Passimian|Earthquake|p1a: Flutter Mane\n|-damage|p1a: Flutter Mane|46/203\n|move|p1a: Flutter Mane|Moonblast|p2a: Passimian\n|-supereffective|p2a: Passimian\n|-damage|p2a: Passimian|0 fnt\n|faint|p2a: Passimian\n|-damage|p1a: Flutter Mane|26/203|[from] item: Life Orb\n|\n|upkeep\n|\n|t:|1783556756\n|switch|p2a: Donphan|Donphan, L84, M|100/100\n|turn|15\n|inactive|Time left: 300 sec this turn | 300 sec total\n|\n|t:|1783556757\n|move|p2a: Donphan|Ice Shard|p1a: Flutter Mane\n|-damage|p1a: Flutter Mane|0 fnt\n|faint|p1a: Flutter Mane\n|-end|p1a: Flutter Mane|Protosynthesis|[silent]\n|\n|upkeep\n|inactive|Time left: 300 sec this turn | 300 sec total | 5 sec grace\n|\n|t:|1783556758\n|switch|p1a: Scovillain|Scovillain, L91, M|266/266\n|turn|16\n|inactive|Time left: 300 sec this turn | 300 sec total\n|\n|t:|1783556759\n|switch|p2a: Espeon|Espeon, L84, F|100/100\n|move|p1a: Scovillain|Energy Ball|p2a: Espeon\n|-damage|p2a: Espeon|54/100\n|\n|upkeep\n|turn|17\n|inactive|Time left: 300 sec this turn | 300 sec total\n|\n|t:|1783556760\n|move|p2a: Espeon|Psychic|p1a: Scovillain\n|-damage|p1a: Scovillain|81/266\n|-damage|p2a: Espeon|44/100|[from] item: Life Orb\n|move|p1a: Scovillain|Fire Blast|p2a: Espeon\n|-damage|p2a: Espeon|0 fnt\n|faint|p2a: Espeon\n|\n|upkeep\n|\n|t:|1783556761\n|switch|p2a: Great Tusk|Great Tusk, L77|100/100\n|turn|18\n|inactive|Time left: 300 sec this turn | 300 sec total\n|\n|t:|1783556762\n|move|p1a: Scovillain|Energy Ball|p2a: Great Tusk\n|-supereffective|p2a: Great Tusk\n|-damage|p2a: Great Tusk|13/100\n|move|p2a: Great Tusk|Rapid Spin|p1a: Scovillain\n|-damage|p1a: Scovillain|35/266\n|-boost|p2a: Great Tusk|spe|1\n|\n|upkeep\n|turn|19\n|inactive|Time left: 300 sec this turn | 300 sec total\n|\n|t:|1783556763\n|move|p2a: Great Tusk|Rapid Spin|p1a: Scovillain\n|-damage|p1a: Scovillain|0 fnt\n|-boost|p2a: Great Tusk|spe|1\n|faint|p1a: Scovillain\n|\n|upkeep\n|inactive|Time left: 300 sec this turn | 300 sec total | 5 sec grace\n|\n|t:|1783556764\n|switch|p1a: Iron Moth|Iron Moth, L78|253/253\n|turn|20\n|inactive|Time left: 300 sec this turn | 300 sec total\n|\n|t:|1783556765\n|-terastallize|p2a: Great Tusk|Ground\n|-terastallize|p1a: Iron Moth|Grass\n|move|p2a: Great Tusk|Headlong Rush|p1a: Iron Moth\n|-resisted|p1a: Iron Moth\n|-damage|p1a: Iron Moth|118/253\n|-unboost|p2a: Great Tusk|def|1\n|-unboost|p2a: Great Tusk|spd|1\n|move|p1a: Iron Moth|Sludge Wave|p2a: Great Tusk\n|-resisted|p2a: Great Tusk\n|-damage|p2a: Great Tusk|0 fnt\n|faint|p2a: Great Tusk\n|-end|p2a: Great Tusk|Protosynthesis|[silent]\n|\n|upkeep\n|\n|t:|1783556766\n|switch|p2a: Donphan|Donphan, L84, M|100/100\n|turn|21\n|inactive|Time left: 300 sec this turn | 300 sec total\n|\n|t:|1783556767\n|move|p2a: Donphan|Ice Shard|p1a: Iron Moth\n|-supereffective|p1a: Iron Moth\n|-damage|p1a: Iron Moth|0 fnt\n|faint|p1a: Iron Moth\n|-end|p1a: Iron Moth|Quark Drive|[silent]\n|\n|upkeep\n|inactive|Time left: 300 sec this turn | 300 sec total | 5 sec grace\n|\n|t:|1783556767\n|switch|p1a: Cyclizar|Cyclizar, L84, M|255/255\n|turn|22\n|inactive|Time left: 300 sec this turn | 300 sec total\n|\n|t:|1783556768\n|move|p2a: Donphan|Ice Shard|p1a: Cyclizar\n|-supereffective|p1a: Cyclizar\n|-damage|p1a: Cyclizar|119/255\n|move|p1a: Cyclizar|Draco Meteor|p2a: Donphan\n|-damage|p2a: Donphan|44/100\n|-unboost|p1a: Cyclizar|spa|2\n|\n|upkeep\n|turn|23\n|inactive|Time left: 300 sec this turn | 300 sec total\n|\n|t:|1783556769\n|move|p2a: Donphan|Ice Shard|p1a: Cyclizar\n|-supereffective|p1a: Cyclizar\n|-damage|p1a: Cyclizar|0 fnt\n|faint|p1a: Cyclizar\n|\n|win|p0y14373369", "uploadtime": 1783556769, "views": 0, "rating": 0, "private": 0, "password": null, "_winner": "p0y14373369", "_our_name": "p0x14372b07"}