{"id": "battle-gen9randombattle-1179", "formatid": "gen9randombattle", "format": "[Gen 9] Random Battle", "players": ["p0x11791334", "p0y117959fe"], "log": "|init|battle\n|title|p0x11791334 vs. p0y117959fe\n|j|\u2606p0x11791334\n|j|\u2606p0y117959fe\n|t:|1783552774\n|gametype|singles\n|player|p1|p0x11791334|101|\n|player|p2|p0y117959fe|1|\n|gen|9\n|tier|[Gen 9] Random Battle\n|rule|Species Clause: Limit one of each Pok\u00e9mon\n|rule|HP Percentage Mod: HP is shown in percentages\n|rule|Sleep Clause Mod: Limit one foe put to sleep\n|rule|Illusion Level Mod: Illusion disguises the Pok\u00e9mon's true level\n|\n|t:|1783552774\n|teamsize|p1|6\n|teamsize|p2|6\n|start\n|switch|p1a: Conkeldurr|Conkeldurr, L80, M|100/100\n|switch|p2a: Noivern|Noivern, L82, F|274/274\n|turn|1\n|inactive|Battle timer is ON: inactive players will automatically lose when time's up. (requested by p0y117959fe)\n|inactive|p0x11791334 also wants the timer to be on.\n|\n|t:|1783552776\n|move|p2a: Noivern|Hurricane|p1a: Conkeldurr\n|-supereffective|p1a: Conkeldurr\n|-damage|p1a: Conkeldurr|2/100\n|move|p1a: Conkeldurr|Knock Off|p2a: Noivern\n|-damage|p2a: Noivern|184/274\n|-enditem|p2a: Noivern|Heavy-Duty Boots|[from] move: Knock Off|[of] p1a: Conkeldurr\n|\n|-status|p1a: Conkeldurr|brn|[from] item: Flame Orb\n|upkeep\n|turn|2\n|inactive|Time left: 300 sec this turn | 300 sec total\n|\n|t:|1783552777\n|switch|p1a: Lugia|Lugia, L73|100/100\n|move|p2a: Noivern|Hurricane|p1a: Lugia\n|-damage|p1a: Lugia|87/100\n|\n|upkeep\n|turn|3\n|inactive|Time left: 300 sec this turn | 300 sec total\n|\n|t:|1783552779\n|switch|p2a: Conkeldurr|Conkeldurr, L80, F|299/299\n|move|p1a: Lugia|Calm Mind|p1a: Lugia\n|-boost|p1a: Lugia|spa|1\n|-boost|p1a: Lugia|spd|1\n|\n|-status|p2a: Conkeldurr|brn|[from] item: Flame Orb\n|upkeep\n|turn|4\n|inactive|Time left: 300 sec this turn | 300 sec total\n|\n|t:|1783552780\n|-terastallize|p2a: Conkeldurr|Normal\n|move|p1a: Lugia|Aeroblast|p2a: Conkeldurr\n|-damage|p2a: Conkeldurr|143/299 brn\n|move|p2a: Conkeldurr|Facade|p1a: Lugia\n|-crit|p1a: Lugia\n|-damage|p1a: Lugia|0 fnt\n|faint|p1a: Lugia\n|\n|-damage|p2a: Conkeldurr|125/299 brn|[from] brn\n|upkeep\n|\n|t:|1783552781\n|switch|p1a: Tatsugiri|Tatsugiri, L87, F|100/100\n|turn|5\n|inactive|Time left: 300 sec this turn | 300 sec total\n|\n|t:|1783552782\n|switch|p2a: Raging Bolt|Raging Bolt, L78|323/323\n|move|p1a: Tatsugiri|Surf|p2a: Raging Bolt\n|-resisted|p2a: Raging Bolt\n|-damage|p2a: Raging Bolt|281/323\n|\n|upkeep\n|turn|6\n|inactive|Time left: 300 sec this turn | 300 sec total\n|\n|t:|1783552783\n|switch|p1a: Jolteon|Jolteon, L84, F|100/100\n|move|p2a: Raging Bolt|Draco Meteor|p1a: Jolteon\n|-damage|p1a: Jolteon|44/100\n|-unboost|p2a: Raging Bolt|spa|2\n|\n|upkeep\n|turn|7\n|inactive|Time left: 300 sec this turn | 300 sec total\n|\n|t:|1783552784\n|-end|p2a: Raging Bolt|Protosynthesis|[silent]\n|switch|p2a: Sandslash|Sandslash, L89, M|278/278\n|move|p1a: Jolteon|Calm Mind|p1a: Jolteon\n|-boost|p1a: Jolteon|spa|1\n|-boost|p1a: Jolteon|spd|1\n|\n|upkeep\n|turn|8\n|inactive|Time left: 300 sec this turn | 300 sec total\n|\n|t:|1783552785\n|move|p1a: Jolteon|Alluring Voice|p2a: Sandslash\n|-damage|p2a: Sandslash|174/278\n|-damage|p1a: Jolteon|34/100|[from] item: Life Orb\n|move|p2a: Sandslash|Earthquake|p1a: Jolteon\n|-supereffective|p1a: Jolteon\n|-damage|p1a: Jolteon|0 fnt\n|faint|p1a: Jolteon\n|\n|upkeep\n|\n|t:|1783552786\n|switch|p1a: Tatsugiri|Tatsugiri, L87, F|100/100\n|turn|9\n|inactive|Time left: 300 sec this turn | 300 sec total\n|\n|t:|1783552787\n|switch|p2a: Oranguru|Oranguru, L92, M|315/315\n|move|p1a: Tatsugiri|Surf|p2a: Oranguru\n|-damage|p2a: Oranguru|225/315\n|\n|upkeep\n|turn|10\n|inactive|Time left: 300 sec this turn | 300 sec total\n|\n|t:|1783552788\n|move|p1a: Tatsugiri|Nasty Plot|p1a: Tatsugiri\n|-boost|p1a: Tatsugiri|spa|2\n|move|p2a: Oranguru|Psyshock|p1a: Tatsugiri\n|-damage|p1a: Tatsugiri|33/100\n|\n|upkeep\n|turn|11\n|inactive|Time left: 300 sec this turn | 300 sec total\n|\n|t:|1783552789\n|move|p1a: Tatsugiri|Draco Meteor|p2a: Oranguru\n|-damage|p2a: Oranguru|0 fnt\n|-unboost|p1a: Tatsugiri|spa|2\n|faint|p2a: Oranguru\n|\n|upkeep\n|inactive|Time left: 300 sec this turn | 300 sec total | 5 sec grace\n|\n|t:|1783552790\n|switch|p2a: Girafarig|Girafarig, L89, M|269/269\n|turn|12\n|inactive|Time left: 300 sec this turn | 300 sec total\n|\n|t:|1783552790\n|switch|p1a: Scizor|Scizor, L79, M|100/100\n|move|p2a: Girafarig|Nasty Plot|p2a: Girafarig\n|-boost|p2a: Girafarig|spa|2\n|\n|upkeep\n|turn|13\n|inactive|Time left: 300 sec this turn | 300 sec total\n|\n|t:|1783552791\n|move|p2a: Girafarig|Thunderbolt|p1a: Scizor\n|-damage|p1a: Scizor|41/100\n|move|p1a: Scizor|Knock Off|p2a: Girafarig\n|-supereffective|p2a: Girafarig\n|-damage|p2a: Girafarig|116/269\n|-enditem|p2a: Girafarig|Eviolite|[from] move: Knock Off|[of] p1a: Scizor\n|-damage|p1a: Scizor|31/100|[from] item: Life Orb\n|\n|upkeep\n|turn|14\n|inactive|Time left: 300 sec this turn | 300 sec total\n|\n|t:|1783552792\n|-terastallize|p1a: Scizor|Steel\n|move|p1a: Scizor|Bullet Punch|p2a: Girafarig\n|-damage|p2a: Girafarig|0 fnt\n|faint|p2a: Girafarig\n|-damage|p1a: Scizor|21/100|[from] item: Life Orb\n|\n|upkeep\n|inactive|Time left: 300 sec this turn | 300 sec total | 5 sec grace\n|\n|t:|1783552793\n|switch|p2a: Raging Bolt|Raging Bolt, L78|281/323\n|turn|15\n|inactive|Time left: 300 sec this turn | 300 sec total\n|\n|t:|1783552794\n|move|p1a: Scizor|Bullet Punch|p2a: Raging Bolt\n|-resisted|p2a: Raging Bolt\n|-damage|p2a: Raging Bolt|211/323\n|-damage|p1a: Scizor|11/100|[from] item: Life Orb\n|move|p2a: Raging Bolt|Discharge|p1a: Scizor\n|-damage|p1a: Scizor|0 fnt\n|faint|p1a: Scizor\n|\n|upkeep\n|\n|t:|1783552795\n|switch|p1a: Tatsugiri|Tatsugiri, L87, F|33/100\n|turn|16\n|inactive|Time left: 300 sec this turn | 300 sec total\n|\n|t:|1783552796\n|move|p1a: Tatsugiri|Draco Meteor|p2a: Raging Bolt\n|-supereffective|p2a: Raging Bolt\n|-damage|p2a: Raging Bolt|0 fnt\n|-unboost|p1a: Tatsugiri|spa|2\n|faint|p2a: Raging Bolt\n|-end|p2a: Raging Bolt|Protosynthesis|[silent]\n|\n|upkeep\n|inactive|Time left: 300 sec this turn | 300 sec total | 5 sec grace\n|\n|t:|1783552797\n|switch|p2a: Sandslash|Sandslash, L89, M|174/278\n|turn|17\n|inactive|Time left: 300 sec this turn | 300 sec total\n|\n|t:|1783552798\n|move|p1a: Tatsugiri|Surf|p2a: Sandslash\n|-supereffective|p2a: Sandslash\n|-damage|p2a: Sandslash|72/278\n|move|p2a: Sandslash|Rapid Spin|p1a: Tatsugiri\n|-damage|p1a: Tatsugiri|15/100\n|-boost|p2a: Sandslash|spe|1\n|\n|upkeep\n|turn|18\n|inactive|Time left: 300 sec this turn | 300 sec total\n|\n|t:|1783552799\n|move|p2a: Sandslash|Earthquake|p1a: Tatsugiri\n|-damage|p1a: Tatsugiri|0 fnt\n|faint|p1a: Tatsugiri\n|\n|upkeep\n|\n|t:|1783552800\n|switch|p1a: Conkeldurr|Conkeldurr, L80, M|2/100 brn\n|turn|19\n|inactive|Time left: 300 sec this turn | 300 sec total\n|\n|t:|1783552801\n|move|p2a: Sandslash|Earthquake|p1a: Conkeldurr\n|-damage|p1a: Conkeldurr|0 fnt\n|faint|p1a: Conkeldurr\n|\n|upkeep\n|\n|t:|1783552802\n|switch|p1a: Sneasler|Sneasler, L74, F|100/100\n|turn|20\n|inactive|Time left: 300 sec this turn | 300 sec total\n|\n|t:|1783552803\n|move|p2a: Sandslash|Earthquake|p1a: Sneasler\n|-supereffective|p1a: Sneasler\n|-damage|p1a: Sneasler|0 fnt\n|faint|p1a: Sneasler\n|\n|win|p0y117959fe", "uploadtime": 1783552803, "views": 0, "rating": 0, "private": 0, "password": null, "_winner": "p0y117959fe", "_our_name": "p0y117959fe"}