{"id": "battle-gen9randombattle-1606", "formatid": "gen9randombattle", "format": "[Gen 9] Random Battle", "players": ["p0x1606da15", "p0y16067ea1"], "log": "|init|battle\n|title|p0x1606da15 vs. p0y16067ea1\n|j|\u2606p0x1606da15\n|j|\u2606p0y16067ea1\n|t:|1783558589\n|gametype|singles\n|player|p1|p0x1606da15|169|\n|player|p2|p0y16067ea1|266|\n|gen|9\n|tier|[Gen 9] Random Battle\n|rule|Species Clause: Limit one of each Pok\u00e9mon\n|rule|HP Percentage Mod: HP is shown in percentages\n|rule|Sleep Clause Mod: Limit one foe put to sleep\n|rule|Illusion Level Mod: Illusion disguises the Pok\u00e9mon's true level\n|\n|t:|1783558589\n|teamsize|p1|6\n|teamsize|p2|6\n|start\n|switch|p1a: Drifblim|Drifblim, L86, M|396/396\n|switch|p2a: Falinks|Falinks, L84|100/100\n|turn|1\n|inactive|Battle timer is ON: inactive players will automatically lose when time's up. (requested by p0y16067ea1)\n|inactive|Time left: 300 sec this turn | 300 sec total | 60 sec grace\n|inactive|p0x1606da15 also wants the timer to be on.\n|\n|t:|1783558591\n|-terastallize|p2a: Falinks|Steel\n|move|p1a: Drifblim|Air Slash|p2a: Falinks\n|-resisted|p2a: Falinks\n|-damage|p2a: Falinks|80/100\n|cant|p2a: Falinks|flinch\n|\n|upkeep\n|turn|2\n|inactive|Time left: 300 sec this turn | 300 sec total\n|\n|t:|1783558592\n|move|p1a: Drifblim|Air Slash|p2a: Falinks\n|-resisted|p2a: Falinks\n|-damage|p2a: Falinks|58/100\n|move|p2a: Falinks|No Retreat|p2a: Falinks\n|-boost|p2a: Falinks|atk|1\n|-boost|p2a: Falinks|def|1\n|-boost|p2a: Falinks|spa|1\n|-boost|p2a: Falinks|spd|1\n|-boost|p2a: Falinks|spe|1\n|-start|p2a: Falinks|move: No Retreat\n|\n|upkeep\n|turn|3\n|inactive|Time left: 300 sec this turn | 300 sec total\n|\n|t:|1783558593\n|switch|p1a: Forretress|Forretress, L84, F|263/263\n|move|p2a: Falinks|Knock Off|p1a: Forretress\n|-damage|p1a: Forretress|176/263\n|-enditem|p1a: Forretress|Leftovers|[from] move: Knock Off|[of] p2a: Falinks\n|-damage|p2a: Falinks|48/100|[from] item: Life Orb\n|\n|upkeep\n|turn|4\n|inactive|Time left: 300 sec this turn | 300 sec total\n|\n|t:|1783558594\n|move|p2a: Falinks|Close Combat|p1a: Forretress\n|-damage|p1a: Forretress|8/263\n|-unboost|p2a: Falinks|def|1\n|-unboost|p2a: Falinks|spd|1\n|-damage|p2a: Falinks|39/100|[from] item: Life Orb\n|move|p1a: Forretress|Body Press|p2a: Falinks\n|-supereffective|p2a: Falinks\n|-damage|p2a: Falinks|0 fnt\n|faint|p2a: Falinks\n|\n|upkeep\n|\n|t:|1783558595\n|switch|p2a: Alcremie|Alcremie, L90, F|100/100\n|turn|5\n|inactive|Time left: 300 sec this turn | 300 sec total\n|\n|t:|1783558596\n|move|p2a: Alcremie|Alluring Voice|p1a: Forretress\n|-resisted|p1a: Forretress\n|-damage|p1a: Forretress|0 fnt\n|faint|p1a: Forretress\n|\n|upkeep\n|inactive|Time left: 300 sec this turn | 300 sec total | 5 sec grace\n|\n|t:|1783558597\n|switch|p1a: Gyarados|Gyarados, L79, M|280/280\n|-ability|p1a: Gyarados|Intimidate|boost\n|-unboost|p2a: Alcremie|atk|1\n|turn|6\n|inactive|Time left: 300 sec this turn | 300 sec total\n|\n|t:|1783558598\n|move|p1a: Gyarados|Dragon Dance|p1a: Gyarados\n|-boost|p1a: Gyarados|atk|1\n|-boost|p1a: Gyarados|spe|1\n|move|p2a: Alcremie|Alluring Voice|p1a: Gyarados\n|-damage|p1a: Gyarados|172/280\n|-start|p1a: Gyarados|confusion\n|\n|upkeep\n|turn|7\n|inactive|Time left: 300 sec this turn | 300 sec total\n|\n|t:|1783558599\n|-activate|p1a: Gyarados|confusion\n|-damage|p1a: Gyarados|123/280|[from] confusion\n|move|p2a: Alcremie|Alluring Voice|p1a: Gyarados\n|-crit|p1a: Gyarados\n|-damage|p1a: Gyarados|0 fnt\n|faint|p1a: Gyarados\n|\n|upkeep\n|inactive|Time left: 300 sec this turn | 300 sec total | 5 sec grace\n|\n|t:|1783558600\n|switch|p1a: Morpeko|Morpeko, L88, F|245/245\n|turn|8\n|inactive|Time left: 300 sec this turn | 300 sec total\n|\n|t:|1783558600\n|-terastallize|p1a: Morpeko|Electric\n|move|p1a: Morpeko|Aura Wheel|p2a: Alcremie\n|-damage|p2a: Alcremie|31/100\n|-boost|p1a: Morpeko|spe|1\n|move|p2a: Alcremie|Alluring Voice|p1a: Morpeko\n|-damage|p1a: Morpeko|109/245\n|-start|p1a: Morpeko|confusion\n|\n|-heal|p1a: Morpeko|124/245|[from] item: Leftovers\n|-heal|p2a: Alcremie|37/100|[from] item: Leftovers\n|upkeep\n|turn|9\n|inactive|Time left: 300 sec this turn | 300 sec total\n|\n|t:|1783558601\n|-activate|p1a: Morpeko|confusion\n|move|p1a: Morpeko|Aura Wheel|p2a: Alcremie\n|-damage|p2a: Alcremie|0 fnt\n|-boost|p1a: Morpeko|spe|1\n|faint|p2a: Alcremie\n|\n|-heal|p1a: Morpeko|139/245|[from] item: Leftovers\n|upkeep\n|\n|t:|1783558602\n|switch|p2a: Passimian|Passimian, L83, F|100/100\n|turn|10\n|inactive|Time left: 300 sec this turn | 300 sec total\n|\n|t:|1783558603\n|-activate|p1a: Morpeko|confusion\n|move|p1a: Morpeko|Aura Wheel|p2a: Passimian\n|-damage|p2a: Passimian|46/100\n|-boost|p1a: Morpeko|spe|1\n|move|p2a: Passimian|Knock Off|p1a: Morpeko\n|-damage|p1a: Morpeko|31/245\n|-enditem|p1a: Morpeko|Leftovers|[from] move: Knock Off|[of] p2a: Passimian\n|\n|-heal|p2a: Passimian|51/100|[from] item: Leftovers\n|upkeep\n|turn|11\n|inactive|Time left: 300 sec this turn | 300 sec total\n|\n|t:|1783558604\n|-activate|p1a: Morpeko|confusion\n|move|p1a: Morpeko|Aura Wheel|p2a: Passimian\n|-damage|p2a: Passimian|0 fnt\n|-boost|p1a: Morpeko|spe|1\n|faint|p2a: Passimian\n|\n|upkeep\n|\n|t:|1783558605\n|switch|p2a: Cetitan|Cetitan, L82, M|100/100\n|turn|12\n|inactive|Time left: 300 sec this turn | 300 sec total\n|\n|t:|1783558605\n|move|p2a: Cetitan|Ice Shard|p1a: Morpeko\n|-damage|p1a: Morpeko|0 fnt\n|faint|p1a: Morpeko\n|-damage|p2a: Cetitan|91/100|[from] item: Life Orb\n|\n|upkeep\n|inactive|Time left: 300 sec this turn | 300 sec total | 5 sec grace\n|\n|t:|1783558606\n|switch|p1a: Gardevoir|Gardevoir, L83, F|249/249\n|-ability|p1a: Gardevoir|Sheer Force|Trace|[from] ability: Trace|[of] p2a: Cetitan\n|turn|13\n|inactive|Time left: 300 sec this turn | 300 sec total\n|\n|t:|1783558607\n|move|p1a: Gardevoir|Focus Blast|p2a: Cetitan|[miss]\n|-miss|p1a: Gardevoir|p2a: Cetitan\n|move|p2a: Cetitan|Icicle Crash|p1a: Gardevoir\n|-damage|p1a: Gardevoir|49/249\n|\n|upkeep\n|turn|14\n|inactive|Time left: 300 sec this turn | 300 sec total\n|\n|t:|1783558608\n|move|p2a: Cetitan|Ice Shard|p1a: Gardevoir\n|-damage|p1a: Gardevoir|0 fnt\n|faint|p1a: Gardevoir\n|-damage|p2a: Cetitan|81/100|[from] item: Life Orb\n|\n|upkeep\n|inactive|Time left: 300 sec this turn | 300 sec total | 5 sec grace\n|\n|t:|1783558609\n|switch|p1a: Lokix|Lokix, L82, M|251/251\n|turn|15\n|inactive|Time left: 300 sec this turn | 300 sec total\n|\n|t:|1783558610\n|move|p1a: Lokix|Swords Dance|p1a: Lokix\n|-boost|p1a: Lokix|atk|2\n|move|p2a: Cetitan|Icicle Crash|p1a: Lokix\n|-damage|p1a: Lokix|74/251\n|\n|upkeep\n|turn|16\n|inactive|Time left: 300 sec this turn | 300 sec total\n|\n|t:|1783558611\n|move|p1a: Lokix|Leech Life|p2a: Cetitan\n|-damage|p2a: Cetitan|17/100\n|-heal|p1a: Lokix|205/251|[from] drain|[of] p2a: Cetitan\n|-damage|p1a: Lokix|180/251|[from] item: Life Orb\n|move|p2a: Cetitan|Icicle Crash|p1a: Lokix\n|-damage|p1a: Lokix|1/251\n|\n|upkeep\n|turn|17\n|inactive|Time left: 300 sec this turn | 300 sec total\n|\n|t:|1783558611\n|move|p2a: Cetitan|Ice Shard|p1a: Lokix\n|-damage|p1a: Lokix|0 fnt\n|faint|p1a: Lokix\n|-damage|p2a: Cetitan|8/100|[from] item: Life Orb\n|\n|upkeep\n|inactive|Time left: 300 sec this turn | 300 sec total | 5 sec grace\n|\n|t:|1783558612\n|switch|p1a: Drifblim|Drifblim, L86, M|396/396\n|turn|18\n|inactive|Time left: 300 sec this turn | 300 sec total\n|\n|t:|1783558613\n|move|p2a: Cetitan|Ice Shard|p1a: Drifblim\n|-supereffective|p1a: Drifblim\n|-damage|p1a: Drifblim|206/396\n|-damage|p2a: Cetitan|0 fnt|[from] item: Life Orb\n|faint|p2a: Cetitan\n|move|p1a: Drifblim|Shadow Ball|p2: Cetitan|[notarget]\n|-fail|p1a: Drifblim\n|\n|upkeep\n|\n|t:|1783558614\n|switch|p2a: Chandelure|Chandelure, L83, F|100/100\n|turn|19\n|inactive|Time left: 300 sec this turn | 300 sec total\n|\n|t:|1783558615\n|move|p2a: Chandelure|Shadow Ball|p1a: Drifblim\n|-supereffective|p1a: Drifblim\n|-damage|p1a: Drifblim|0 fnt\n|faint|p1a: Drifblim\n|\n|win|p0y16067ea1", "uploadtime": 1783558615, "views": 0, "rating": 0, "private": 0, "password": null, "_winner": "p0y16067ea1", "_our_name": "p0x1606da15"}