{"id": "battle-gen9randombattle-2054", "formatid": "gen9randombattle", "format": "[Gen 9] Random Battle", "players": ["p0x20544e3b", "p0y205464fb"], "log": "|init|battle\n|title|p0x20544e3b vs. p0y205464fb\n|j|\u2606p0x20544e3b\n|j|\u2606p0y205464fb\n|t:|1783563008\n|gametype|singles\n|player|p1|p0x20544e3b|102|\n|player|p2|p0y205464fb|101|\n|gen|9\n|tier|[Gen 9] Random Battle\n|rule|Species Clause: Limit one of each Pok\u00e9mon\n|rule|HP Percentage Mod: HP is shown in percentages\n|rule|Sleep Clause Mod: Limit one foe put to sleep\n|rule|Illusion Level Mod: Illusion disguises the Pok\u00e9mon's true level\n|\n|t:|1783563008\n|teamsize|p1|6\n|teamsize|p2|6\n|start\n|switch|p1a: Flutter Mane|Flutter Mane, L74|203/203\n|switch|p2a: Vivillon|Vivillon-Ocean, L83, F|100/100\n|turn|1\n|inactive|Battle timer is ON: inactive players will automatically lose when time's up. (requested by p0x20544e3b)\n|inactive|p0y205464fb also wants the timer to be on.\n|\n|t:|1783563010\n|switch|p2a: Copperajah|Copperajah, L86, M|100/100\n|move|p1a: Flutter Mane|Thunderbolt|p2a: Copperajah\n|-damage|p2a: Copperajah|68/100\n|\n|upkeep\n|turn|2\n|inactive|Time left: 300 sec this turn | 300 sec total\n|\n|t:|1783563011\n|-end|p1a: Flutter Mane|Protosynthesis|[silent]\n|switch|p1a: Groudon|Groudon, L72|263/263\n|-weather|SunnyDay|[from] ability: Drought|[of] p1a: Groudon\n|move|p2a: Copperajah|Iron Head|p1a: Groudon\n|-damage|p1a: Groudon|103/263\n|\n|-weather|SunnyDay|[upkeep]\n|-heal|p1a: Groudon|119/263|[from] item: Leftovers\n|upkeep\n|turn|3\n|inactive|Time left: 300 sec this turn | 300 sec total\n|\n|t:|1783563012\n|move|p1a: Groudon|Precipice Blades|p2a: Copperajah\n|-supereffective|p2a: Copperajah\n|-damage|p2a: Copperajah|0 fnt\n|faint|p2a: Copperajah\n|\n|-weather|SunnyDay|[upkeep]\n|-heal|p1a: Groudon|135/263|[from] item: Leftovers\n|upkeep\n|\n|t:|1783563013\n|switch|p2a: Reshiram|Reshiram, L76|100/100\n|-ability|p2a: Reshiram|Turboblaze\n|turn|4\n|inactive|Time left: 300 sec this turn | 300 sec total\n|\n|t:|1783563014\n|move|p2a: Reshiram|Flare Blitz|p1a: Groudon\n|-damage|p1a: Groudon|0 fnt\n|faint|p1a: Groudon\n|-damage|p2a: Reshiram|84/100|[from] Recoil\n|\n|-weather|SunnyDay|[upkeep]\n|upkeep\n|inactive|Time left: 300 sec this turn | 300 sec total | 5 sec grace\n|\n|t:|1783563015\n|switch|p1a: Flutter Mane|Flutter Mane, L74|203/203\n|-activate|p1a: Flutter Mane|ability: Protosynthesis\n|-start|p1a: Flutter Mane|protosynthesisspa\n|turn|5\n|inactive|Time left: 300 sec this turn | 300 sec total\n|\n|t:|1783563016\n|move|p1a: Flutter Mane|Moonblast|p2a: Reshiram\n|-damage|p2a: Reshiram|17/100\n|-unboost|p2a: Reshiram|spa|1\n|move|p2a: Reshiram|Flare Blitz|p1a: Flutter Mane\n|-damage|p1a: Flutter Mane|0 fnt\n|faint|p1a: Flutter Mane\n|-end|p1a: Flutter Mane|Protosynthesis|[silent]\n|-damage|p2a: Reshiram|0 fnt|[from] Recoil\n|faint|p2a: Reshiram\n|\n|-weather|SunnyDay|[upkeep]\n|upkeep\n|inactive|Time left: 300 sec this turn | 300 sec total | 5 sec grace\n|\n|t:|1783563017\n|switch|p1a: Mimikyu|Mimikyu, L79, F|216/216\n|switch|p2a: Mewtwo|Mewtwo, L72|100/100\n|-ability|p2a: Mewtwo|Pressure\n|turn|6\n|inactive|Time left: 300 sec this turn | 300 sec total\n|\n|t:|1783563019\n|move|p2a: Mewtwo|Dark Pulse|p1a: Mimikyu\n|-activate|p1a: Mimikyu|ability: Disguise\n|-damage|p1a: Mimikyu|216/216\n|detailschange|p1a: Mimikyu|Mimikyu-Busted, L79, F\n|-damage|p1a: Mimikyu|189/216|[from] pokemon: Mimikyu-Busted\n|-damage|p2a: Mewtwo|91/100|[from] item: Life Orb\n|move|p1a: Mimikyu|Swords Dance|p1a: Mimikyu\n|-boost|p1a: Mimikyu|atk|2\n|\n|-weather|none\n|upkeep\n|turn|7\n|inactive|Time left: 300 sec this turn | 300 sec total\n|\n|t:|1783563020\n|-terastallize|p1a: Mimikyu|Ghost\n|move|p1a: Mimikyu|Shadow Sneak|p2a: Mewtwo\n|-supereffective|p2a: Mewtwo\n|-damage|p2a: Mewtwo|0 fnt\n|faint|p2a: Mewtwo\n|-damage|p1a: Mimikyu|168/216|[from] item: Life Orb\n|\n|upkeep\n|\n|t:|1783563020\n|switch|p2a: Trevenant|Trevenant, L89, F|100/100\n|turn|8\n|inactive|Time left: 300 sec this turn | 300 sec total\n|\n|t:|1783563021\n|-terastallize|p2a: Trevenant|Fighting\n|move|p1a: Mimikyu|Shadow Claw|p2a: Trevenant\n|-damage|p2a: Trevenant|17/100\n|-damage|p1a: Mimikyu|147/216|[from] item: Life Orb\n|move|p2a: Trevenant|Poltergeist|p1a: Mimikyu\n|-activate|p1a: Mimikyu|move: Poltergeist|Life Orb\n|-supereffective|p1a: Mimikyu\n|-damage|p1a: Mimikyu|0 fnt\n|faint|p1a: Mimikyu\n|-damage|p2a: Trevenant|7/100|[from] item: Life Orb\n|\n|upkeep\n|inactive|Time left: 300 sec this turn | 300 sec total | 5 sec grace\n|\n|t:|1783563022\n|switch|p1a: Politoed|Politoed, L88, F|302/302\n|-weather|RainDance|[from] ability: Drizzle|[of] p1a: Politoed\n|turn|9\n|inactive|Time left: 300 sec this turn | 300 sec total\n|\n|t:|1783563023\n|switch|p2a: Poliwrath|Poliwrath, L88, M|100/100\n|move|p1a: Politoed|Ice Beam|p2a: Poliwrath\n|-resisted|p2a: Poliwrath\n|-damage|p2a: Poliwrath|91/100\n|\n|-weather|RainDance|[upkeep]\n|-heal|p2a: Poliwrath|97/100|[from] item: Leftovers\n|upkeep\n|turn|10\n|inactive|Time left: 300 sec this turn | 300 sec total\n|\n|t:|1783563024\n|switch|p1a: Appletun|Appletun, L92, M|352/352\n|move|p2a: Poliwrath|Bulk Up|p2a: Poliwrath\n|-boost|p2a: Poliwrath|atk|1\n|-boost|p2a: Poliwrath|def|1\n|\n|-weather|RainDance|[upkeep]\n|-heal|p2a: Poliwrath|100/100|[from] item: Leftovers\n|upkeep\n|turn|11\n|inactive|Time left: 300 sec this turn | 300 sec total\n|\n|t:|1783563025\n|move|p2a: Poliwrath|Poison Jab|p1a: Appletun\n|-supereffective|p1a: Appletun\n|-damage|p1a: Appletun|170/352\n|-status|p1a: Appletun|psn\n|move|p1a: Appletun|Apple Acid|p2a: Poliwrath\n|-supereffective|p2a: Poliwrath\n|-damage|p2a: Poliwrath|37/100\n|-unboost|p2a: Poliwrath|spd|1\n|\n|-weather|RainDance|[upkeep]\n|-heal|p2a: Poliwrath|43/100|[from] item: Leftovers\n|-heal|p1a: Appletun|192/352 psn|[from] item: Leftovers\n|-damage|p1a: Appletun|148/352 psn|[from] psn\n|upkeep\n|turn|12\n|inactive|Time left: 300 sec this turn | 300 sec total\n|\n|t:|1783563026\n|switch|p1a: Gastrodon|Gastrodon, L86, F|331/331\n|move|p2a: Poliwrath|Poison Jab|p1a: Gastrodon\n|-resisted|p1a: Gastrodon\n|-damage|p1a: Gastrodon|281/331\n|\n|-weather|RainDance|[upkeep]\n|-heal|p2a: Poliwrath|49/100|[from] item: Leftovers\n|-heal|p1a: Gastrodon|301/331|[from] item: Leftovers\n|upkeep\n|turn|13\n|inactive|Time left: 300 sec this turn | 300 sec total\n|\n|t:|1783563027\n|move|p2a: Poliwrath|Drain Punch|p1a: Gastrodon\n|-damage|p1a: Gastrodon|148/331\n|-heal|p2a: Poliwrath|74/100|[from] drain|[of] p1a: Gastrodon\n|move|p1a: Gastrodon|Recover|p1a: Gastrodon\n|-heal|p1a: Gastrodon|314/331\n|\n|-weather|none\n|-heal|p2a: Poliwrath|80/100|[from] item: Leftovers\n|-heal|p1a: Gastrodon|331/331|[from] item: Leftovers\n|upkeep\n|turn|14\n|inactive|Time left: 300 sec this turn | 300 sec total\n|\n|t:|1783563028\n|move|p2a: Poliwrath|Drain Punch|p1a: Gastrodon\n|-damage|p1a: Gastrodon|166/331\n|-heal|p2a: Poliwrath|100/100|[from] drain|[of] p1a: Gastrodon\n|move|p1a: Gastrodon|Earthquake|p2a: Poliwrath\n|-damage|p2a: Poliwrath|81/100\n|\n|-heal|p2a: Poliwrath|87/100|[from] item: Leftovers\n|-heal|p1a: Gastrodon|186/331|[from] item: Leftovers\n|upkeep\n|turn|15\n|inactive|Time left: 300 sec this turn | 300 sec total\n|\n|t:|1783563030\n|move|p2a: Poliwrath|Bulk Up|p2a: Poliwrath\n|-boost|p2a: Poliwrath|atk|1\n|-boost|p2a: Poliwrath|def|1\n|move|p1a: Gastrodon|Recover|p1a: Gastrodon\n|-heal|p1a: Gastrodon|331/331\n|\n|-heal|p2a: Poliwrath|93/100|[from] item: Leftovers\n|upkeep\n|turn|16\n|inactive|Time left: 300 sec this turn | 300 sec total\n|\n|t:|1783563031\n|move|p2a: Poliwrath|Drain Punch|p1a: Gastrodon\n|-damage|p1a: Gastrodon|129/331\n|-heal|p2a: Poliwrath|100/100|[from] drain|[of] p1a: Gastrodon\n|move|p1a: Gastrodon|Recover|p1a: Gastrodon\n|-heal|p1a: Gastrodon|295/331\n|\n|-heal|p1a: Gastrodon|315/331|[from] item: Leftovers\n|upkeep\n|turn|17\n|inactive|Time left: 300 sec this turn | 300 sec total\n|\n|t:|1783563032\n|move|p2a: Poliwrath|Drain Punch|p1a: Gastrodon\n|-damage|p1a: Gastrodon|98/331\n|move|p1a: Gastrodon|Recover|p1a: Gastrodon\n|-heal|p1a: Gastrodon|264/331\n|\n|-heal|p1a: Gastrodon|284/331|[from] item: Leftovers\n|upkeep\n|turn|18\n|inactive|Time left: 300 sec this turn | 300 sec total\n|\n|t:|1783563033\n|move|p2a: Poliwrath|Drain Punch|p1a: Gastrodon\n|-damage|p1a: Gastrodon|77/331\n|move|p1a: Gastrodon|Recover|p1a: Gastrodon\n|-heal|p1a: Gastrodon|243/331\n|\n|-heal|p1a: Gastrodon|263/331|[from] item: Leftovers\n|upkeep\n|turn|19\n|inactive|Time left: 300 sec this turn | 300 sec total\n|\n|t:|1783563034\n|move|p2a: Poliwrath|Drain Punch|p1a: Gastrodon\n|-damage|p1a: Gastrodon|70/331\n|move|p1a: Gastrodon|Recover|p1a: Gastrodon\n|-heal|p1a: Gastrodon|236/331\n|\n|-heal|p1a: Gastrodon|256/331|[from] item: Leftovers\n|upkeep\n|turn|20\n|inactive|Time left: 300 sec this turn | 300 sec total\n|\n|t:|1783563035\n|move|p2a: Poliwrath|Drain Punch|p1a: Gastrodon\n|-damage|p1a: Gastrodon|61/331\n|move|p1a: Gastrodon|Recover|p1a: Gastrodon\n|-heal|p1a: Gastrodon|227/331\n|\n|-heal|p1a: Gastrodon|247/331|[from] item: Leftovers\n|upkeep\n|turn|21\n|inactive|Time left: 300 sec this turn | 300 sec total\n|\n|t:|1783563036\n|move|p2a: Poliwrath|Drain Punch|p1a: Gastrodon\n|-damage|p1a: Gastrodon|31/331\n|move|p1a: Gastrodon|Recover|p1a: Gastrodon\n|-heal|p1a: Gastrodon|197/331\n|\n|-heal|p1a: Gastrodon|217/331|[from] item: Leftovers\n|upkeep\n|turn|22\n|inactive|Time left: 300 sec this turn | 300 sec total\n|\n|t:|1783563037\n|move|p2a: Poliwrath|Drain Punch|p1a: Gastrodon\n|-damage|p1a: Gastrodon|31/331\n|move|p1a: Gastrodon|Spikes|p2a: Poliwrath\n|-sidestart|p2: p0y205464fb|Spikes\n|\n|-heal|p1a: Gastrodon|51/331|[from] item: Leftovers\n|upkeep\n|turn|23\n|inactive|Time left: 300 sec this turn | 300 sec total\n|\n|t:|1783563038\n|move|p2a: Poliwrath|Drain Punch|p1a: Gastrodon\n|-damage|p1a: Gastrodon|0 fnt\n|faint|p1a: Gastrodon\n|\n|upkeep\n|inactive|Time left: 300 sec this turn | 300 sec total | 5 sec grace\n|\n|t:|1783563039\n|switch|p1a: Politoed|Politoed, L88, F|302/302\n|-weather|RainDance|[from] ability: Drizzle|[of] p1a: Politoed\n|turn|24\n|inactive|Time left: 300 sec this turn | 300 sec total\n|\n|t:|1783563040\n|move|p2a: Poliwrath|Drain Punch|p1a: Politoed\n|-damage|p1a: Politoed|106/302\n|move|p1a: Politoed|Ice Beam|p2a: Poliwrath\n|-resisted|p2a: Poliwrath\n|-damage|p2a: Poliwrath|85/100\n|\n|-weather|RainDance|[upkeep]\n|-heal|p2a: Poliwrath|91/100|[from] item: Leftovers\n|upkeep\n|turn|25\n|inactive|Time left: 300 sec this turn | 300 sec total\n|\n|t:|1783563041\n|move|p1a: Politoed|Rest|p1a: Politoed\n|-status|p1a: Politoed|slp|[from] move: Rest\n|-heal|p1a: Politoed|302/302 slp|[silent]\n|-enditem|p1a: Politoed|Chesto Berry|[eat]\n|-curestatus|p1a: Politoed|slp|[msg]\n|move|p2a: Poliwrath|Drain Punch|p1a: Politoed\n|-damage|p1a: Politoed|101/302\n|-heal|p2a: Poliwrath|100/100|[from] drain|[of] p1a: Politoed\n|\n|-weather|RainDance|[upkeep]\n|upkeep\n|turn|26\n|inactive|Time left: 300 sec this turn | 300 sec total\n|\n|t:|1783563041\n|move|p2a: Poliwrath|Drain Punch|p1a: Politoed\n|-damage|p1a: Politoed|0 fnt\n|faint|p1a: Politoed\n|\n|-weather|RainDance|[upkeep]\n|upkeep\n|inactive|Time left: 300 sec this turn | 300 sec total | 5 sec grace\n|\n|t:|1783563042\n|switch|p1a: Appletun|Appletun, L92, M|148/352 psn\n|turn|27\n|inactive|Time left: 300 sec this turn | 300 sec total\n|\n|t:|1783563043\n|move|p2a: Poliwrath|Poison Jab|p1a: Appletun\n|-supereffective|p1a: Appletun\n|-damage|p1a: Appletun|0 fnt\n|faint|p1a: Appletun\n|\n|win|p0y205464fb", "uploadtime": 1783563043, "views": 0, "rating": 0, "private": 0, "password": null, "_winner": "p0y205464fb", "_our_name": "p0x20544e3b"}