{"id": "battle-gen9randombattle-253", "formatid": "gen9randombattle", "format": "[Gen 9] Random Battle", "players": ["p0x253ff0b", "p0y25313c4"], "log": "|init|battle\n|title|p0x253ff0b vs. p0y25313c4\n|j|\u2606p0x253ff0b\n|j|\u2606p0y25313c4\n|t:|1783542026\n|gametype|singles\n|player|p1|p0x253ff0b|266|\n|player|p2|p0y25313c4|265|\n|gen|9\n|tier|[Gen 9] Random Battle\n|rule|Species Clause: Limit one of each Pok\u00e9mon\n|rule|HP Percentage Mod: HP is shown in percentages\n|rule|Sleep Clause Mod: Limit one foe put to sleep\n|rule|Illusion Level Mod: Illusion disguises the Pok\u00e9mon's true level\n|\n|t:|1783542026\n|teamsize|p1|6\n|teamsize|p2|6\n|start\n|switch|p1a: Vaporeon|Vaporeon, L86, M|100/100\n|switch|p2a: Coalossal|Coalossal, L89, F|341/341\n|turn|1\n|inactive|Battle timer is ON: inactive players will automatically lose when time's up. (requested by p0y25313c4)\n|inactive|p0x253ff0b also wants the timer to be on.\n|\n|t:|1783542027\n|switch|p2a: Espathra|Espathra, L80, M|283/283\n|move|p1a: Vaporeon|Scald|p2a: Espathra\n|-damage|p2a: Espathra|142/283\n|\n|upkeep\n|turn|2\n|inactive|Time left: 300 sec this turn | 300 sec total\n|\n|t:|1783542028\n|move|p2a: Espathra|Lumina Crash|p1a: Vaporeon\n|-damage|p1a: Vaporeon|68/100\n|-unboost|p1a: Vaporeon|spd|2\n|move|p1a: Vaporeon|Scald|p2a: Espathra\n|-damage|p2a: Espathra|12/283\n|-status|p2a: Espathra|brn\n|\n|-heal|p1a: Vaporeon|74/100|[from] item: Leftovers\n|-damage|p2a: Espathra|0 fnt|[from] brn\n|faint|p2a: Espathra\n|upkeep\n|inactive|Time left: 300 sec this turn | 300 sec total | 5 sec grace\n|\n|t:|1783542029\n|switch|p2a: Jolteon|Jolteon, L84, M|246/246\n|turn|3\n|inactive|Time left: 300 sec this turn | 300 sec total\n|\n|t:|1783542030\n|move|p1a: Vaporeon|Protect|p1a: Vaporeon\n|-singleturn|p1a: Vaporeon|Protect\n|move|p2a: Jolteon|Thunderbolt|p1a: Vaporeon\n|-activate|p1a: Vaporeon|move: Protect\n|\n|-heal|p1a: Vaporeon|80/100|[from] item: Leftovers\n|upkeep\n|turn|4\n|inactive|Time left: 300 sec this turn | 300 sec total\n|\n|t:|1783542031\n|switch|p1a: Eternatus|Eternatus, L69|100/100\n|-ability|p1a: Eternatus|Pressure\n|move|p2a: Jolteon|Thunderbolt|p1a: Eternatus\n|-resisted|p1a: Eternatus\n|-damage|p1a: Eternatus|75/100\n|-damage|p2a: Jolteon|222/246|[from] item: Life Orb\n|\n|-heal|p1a: Eternatus|81/100|[from] item: Leftovers\n|upkeep\n|turn|5\n|inactive|Time left: 300 sec this turn | 300 sec total\n|\n|t:|1783542033\n|move|p2a: Jolteon|Calm Mind|p2a: Jolteon\n|-boost|p2a: Jolteon|spa|1\n|-boost|p2a: Jolteon|spd|1\n|move|p1a: Eternatus|Dynamax Cannon|p2a: Jolteon\n|-damage|p2a: Jolteon|162/246\n|\n|-heal|p1a: Eternatus|87/100|[from] item: Leftovers\n|upkeep\n|turn|6\n|inactive|Time left: 300 sec this turn | 300 sec total\n|\n|t:|1783542034\n|move|p2a: Jolteon|Calm Mind|p2a: Jolteon\n|-boost|p2a: Jolteon|spa|1\n|-boost|p2a: Jolteon|spd|1\n|move|p1a: Eternatus|Recover|p1a: Eternatus\n|-heal|p1a: Eternatus|100/100\n|\n|upkeep\n|turn|7\n|inactive|Time left: 300 sec this turn | 300 sec total\n|\n|t:|1783542035\n|move|p2a: Jolteon|Thunderbolt|p1a: Eternatus\n|-resisted|p1a: Eternatus\n|-crit|p1a: Eternatus\n|-damage|p1a: Eternatus|22/100\n|-status|p1a: Eternatus|par\n|-damage|p2a: Jolteon|138/246|[from] item: Life Orb\n|move|p1a: Eternatus|Recover|p1a: Eternatus\n|-heal|p1a: Eternatus|72/100 par\n|\n|-heal|p1a: Eternatus|78/100 par|[from] item: Leftovers\n|upkeep\n|turn|8\n|inactive|Time left: 300 sec this turn | 300 sec total\n|\n|t:|1783542036\n|move|p2a: Jolteon|Alluring Voice|p1a: Eternatus\n|-damage|p1a: Eternatus|14/100 par\n|-damage|p2a: Jolteon|114/246|[from] item: Life Orb\n|move|p1a: Eternatus|Dynamax Cannon|p2a: Jolteon\n|-damage|p2a: Jolteon|65/246\n|\n|-heal|p1a: Eternatus|20/100 par|[from] item: Leftovers\n|upkeep\n|turn|9\n|inactive|Time left: 300 sec this turn | 300 sec total\n|\n|t:|1783542037\n|move|p2a: Jolteon|Alluring Voice|p1a: Eternatus\n|-damage|p1a: Eternatus|0 fnt\n|faint|p1a: Eternatus\n|-damage|p2a: Jolteon|41/246|[from] item: Life Orb\n|\n|upkeep\n|\n|t:|1783542038\n|switch|p1a: Vaporeon|Vaporeon, L86, M|80/100\n|turn|10\n|inactive|Time left: 300 sec this turn | 300 sec total\n|\n|t:|1783542039\n|-terastallize|p1a: Vaporeon|Ground\n|move|p2a: Jolteon|Thunderbolt|p1a: Vaporeon\n|-immune|p1a: Vaporeon\n|move|p1a: Vaporeon|Scald|p2a: Jolteon\n|-damage|p2a: Jolteon|0 fnt\n|faint|p2a: Jolteon\n|\n|-heal|p1a: Vaporeon|86/100|[from] item: Leftovers\n|upkeep\n|inactive|Time left: 300 sec this turn | 300 sec total | 5 sec grace\n|\n|t:|1783542040\n|switch|p2a: Quaquaval|Quaquaval, L79, F|264/264\n|turn|11\n|inactive|Time left: 300 sec this turn | 300 sec total\n|\n|t:|1783542041\n|move|p2a: Quaquaval|Close Combat|p1a: Vaporeon\n|-damage|p1a: Vaporeon|21/100\n|-unboost|p2a: Quaquaval|def|1\n|-unboost|p2a: Quaquaval|spd|1\n|move|p1a: Vaporeon|Scald|p2a: Quaquaval\n|-resisted|p2a: Quaquaval\n|-damage|p2a: Quaquaval|171/264\n|-status|p2a: Quaquaval|brn\n|\n|-heal|p1a: Vaporeon|27/100|[from] item: Leftovers\n|-damage|p2a: Quaquaval|155/264 brn|[from] brn\n|upkeep\n|turn|12\n|inactive|Time left: 300 sec this turn | 300 sec total\n|\n|t:|1783542042\n|switch|p1a: Froslass|Froslass, L87, F|100/100\n|move|p2a: Quaquaval|Close Combat|p1a: Froslass\n|-immune|p1a: Froslass\n|\n|-damage|p2a: Quaquaval|139/264 brn|[from] brn\n|upkeep\n|turn|13\n|inactive|Time left: 300 sec this turn | 300 sec total\n|\n|t:|1783542043\n|move|p1a: Froslass|Triple Axel|p2a: Quaquaval\n|-resisted|p2a: Quaquaval\n|-damage|p2a: Quaquaval|123/264 brn\n|-resisted|p2a: Quaquaval\n|-damage|p2a: Quaquaval|87/264 brn\n|-resisted|p2a: Quaquaval\n|-damage|p2a: Quaquaval|39/264 brn\n|-hitcount|p2a: Quaquaval|3\n|move|p2a: Quaquaval|Close Combat|p1a: Froslass\n|-immune|p1a: Froslass\n|\n|-damage|p2a: Quaquaval|23/264 brn|[from] brn\n|upkeep\n|turn|14\n|inactive|Time left: 300 sec this turn | 300 sec total\n|\n|t:|1783542044\n|switch|p2a: Coalossal|Coalossal, L89, F|341/341\n|move|p1a: Froslass|Spikes|p2a: Coalossal\n|-sidestart|p2: p0y25313c4|Spikes\n|\n|upkeep\n|turn|15\n|inactive|Time left: 300 sec this turn | 300 sec total\n|\n|t:|1783542045\n|switch|p1a: Vaporeon|Vaporeon, L86, M, tera:Ground|27/100\n|move|p2a: Coalossal|Stealth Rock|p1a: Vaporeon\n|-sidestart|p1: p0x253ff0b|move: Stealth Rock\n|\n|-heal|p1a: Vaporeon|33/100|[from] item: Leftovers\n|upkeep\n|turn|16\n|inactive|Time left: 300 sec this turn | 300 sec total\n|\n|t:|1783542046\n|-terastallize|p2a: Coalossal|Water\n|move|p1a: Vaporeon|Scald|p2a: Coalossal\n|-resisted|p2a: Coalossal\n|-crit|p2a: Coalossal\n|-damage|p2a: Coalossal|270/341\n|move|p2a: Coalossal|Rapid Spin|p1a: Vaporeon\n|-damage|p1a: Vaporeon|20/100\n|-boost|p2a: Coalossal|spe|1\n|-sideend|p2: p0y25313c4|Spikes|[from] move: Rapid Spin|[of] p2a: Coalossal\n|\n|-heal|p1a: Vaporeon|26/100|[from] item: Leftovers\n|upkeep\n|turn|17\n|inactive|Time left: 300 sec this turn | 300 sec total\n|\n|t:|1783542047\n|move|p1a: Vaporeon|Protect|p1a: Vaporeon\n|-singleturn|p1a: Vaporeon|Protect\n|move|p2a: Coalossal|Overheat|p1a: Vaporeon\n|-activate|p1a: Vaporeon|move: Protect\n|\n|-heal|p1a: Vaporeon|32/100|[from] item: Leftovers\n|upkeep\n|turn|18\n|inactive|Time left: 300 sec this turn | 300 sec total\n|\n|t:|1783542047\n|move|p1a: Vaporeon|Scald|p2a: Coalossal\n|-resisted|p2a: Coalossal\n|-damage|p2a: Coalossal|225/341\n|move|p2a: Coalossal|Overheat|p1a: Vaporeon\n|-damage|p1a: Vaporeon|0 fnt\n|-unboost|p2a: Coalossal|spa|2\n|faint|p1a: Vaporeon\n|\n|upkeep\n|\n|t:|1783542048\n|switch|p1a: Heatran|Heatran, L79, F|100/100\n|-damage|p1a: Heatran|88/100|[from] Stealth Rock\n|-item|p1a: Heatran|Air Balloon\n|turn|19\n|inactive|Time left: 300 sec this turn | 300 sec total\n|\n|t:|1783542049\n|move|p1a: Heatran|Magma Storm|p2a: Coalossal\n|-resisted|p2a: Coalossal\n|-damage|p2a: Coalossal|170/341\n|-activate|p2a: Coalossal|move: Magma Storm|[of] p1a: Heatran\n|move|p2a: Coalossal|Stone Edge|p1a: Heatran\n|-damage|p1a: Heatran|55/100\n|-enditem|p1a: Heatran|Air Balloon\n|\n|-damage|p2a: Coalossal|128/341|[from] move: Magma Storm|[partiallytrapped]\n|upkeep\n|turn|20\n|inactive|Time left: 300 sec this turn | 300 sec total\n|\n|t:|1783542050\n|move|p1a: Heatran|Earth Power|p2a: Coalossal\n|-damage|p2a: Coalossal|66/341\n|move|p2a: Coalossal|Stone Edge|p1a: Heatran\n|-damage|p1a: Heatran|21/100\n|\n|-damage|p2a: Coalossal|24/341|[from] move: Magma Storm|[partiallytrapped]\n|upkeep\n|turn|21\n|inactive|Time left: 300 sec this turn | 300 sec total\n|\n|t:|1783542051\n|move|p1a: Heatran|Stealth Rock|p2a: Coalossal\n|-sidestart|p2: p0y25313c4|move: Stealth Rock\n|move|p2a: Coalossal|Stone Edge|p1a: Heatran|[miss]\n|-miss|p2a: Coalossal|p1a: Heatran\n|\n|-damage|p2a: Coalossal|0 fnt|[from] move: Magma Storm|[partiallytrapped]\n|faint|p2a: Coalossal\n|upkeep\n|inactive|Time left: 300 sec this turn | 300 sec total | 5 sec grace\n|\n|t:|1783542052\n|switch|p2a: Bellibolt|Bellibolt, L84, M|320/320\n|-damage|p2a: Bellibolt|280/320|[from] Stealth Rock\n|turn|22\n|inactive|Time left: 300 sec this turn | 300 sec total\n|\n|t:|1783542053\n|move|p1a: Heatran|Magma Storm|p2a: Bellibolt\n|-damage|p2a: Bellibolt|156/320\n|-activate|p2a: Bellibolt|move: Magma Storm|[of] p1a: Heatran\n|-start|p2a: Bellibolt|Charge|Magma Storm|[from] ability: Electromorphosis\n|move|p2a: Bellibolt|Thunderbolt|p1a: Heatran\n|-damage|p1a: Heatran|0 fnt\n|faint|p1a: Heatran\n|-end|p2a: Bellibolt|Charge|[silent]\n|\n|-heal|p2a: Bellibolt|176/320|[from] item: Leftovers\n|-end|p2a: Bellibolt|Magma Storm|[partiallytrapped]|[silent]\n|upkeep\n|\n|t:|1783542055\n|switch|p1a: Froslass|Froslass, L87, F|100/100\n|-damage|p1a: Froslass|76/100|[from] Stealth Rock\n|turn|23\n|inactive|Time left: 300 sec this turn | 300 sec total\n|\n|t:|1783542055\n|move|p1a: Froslass|Triple Axel|p2a: Bellibolt\n|-damage|p2a: Bellibolt|157/320\n|-start|p2a: Bellibolt|Charge|Triple Axel|[from] ability: Electromorphosis\n|-damage|p2a: Bellibolt|121/320\n|-start|p2a: Bellibolt|Charge|Triple Axel|[from] ability: Electromorphosis\n|-damage|p2a: Bellibolt|67/320\n|-start|p2a: Bellibolt|Charge|Triple Axel|[from] ability: Electromorphosis\n|-hitcount|p2a: Bellibolt|3\n|move|p2a: Bellibolt|Slack Off|p2a: Bellibolt\n|-heal|p2a: Bellibolt|227/320\n|\n|-heal|p2a: Bellibolt|247/320|[from] item: Leftovers\n|upkeep\n|turn|24\n|inactive|Time left: 300 sec this turn | 300 sec total\n|\n|t:|1783542056\n|move|p1a: Froslass|Spikes|p2a: Bellibolt\n|-sidestart|p2: p0y25313c4|Spikes\n|move|p2a: Bellibolt|Thunderbolt|p1a: Froslass\n|-damage|p1a: Froslass|0 fnt\n|faint|p1a: Froslass\n|-end|p2a: Bellibolt|Charge|[silent]\n|\n|-heal|p2a: Bellibolt|267/320|[from] item: Leftovers\n|upkeep\n|\n|t:|1783542057\n|switch|p1a: Skarmory|Skarmory, L80, M|100/100\n|-damage|p1a: Skarmory|88/100|[from] Stealth Rock\n|turn|25\n|inactive|Time left: 300 sec this turn | 300 sec total\n|\n|t:|1783542058\n|move|p1a: Skarmory|Roost|p1a: Skarmory\n|-heal|p1a: Skarmory|100/100\n|-singleturn|p1a: Skarmory|move: Roost\n|move|p2a: Bellibolt|Thunderbolt|p1a: Skarmory\n|-damage|p1a: Skarmory|49/100\n|\n|-heal|p1a: Skarmory|55/100|[from] item: Leftovers\n|-heal|p2a: Bellibolt|287/320|[from] item: Leftovers\n|upkeep\n|turn|26\n|inactive|Time left: 300 sec this turn | 300 sec total\n|\n|t:|1783542059\n|move|p1a: Skarmory|Roost|p1a: Skarmory\n|-heal|p1a: Skarmory|100/100\n|-singleturn|p1a: Skarmory|move: Roost\n|move|p2a: Bellibolt|Thunderbolt|p1a: Skarmory\n|-damage|p1a: Skarmory|52/100\n|\n|-heal|p1a: Skarmory|58/100|[from] item: Leftovers\n|-heal|p2a: Bellibolt|307/320|[from] item: Leftovers\n|upkeep\n|turn|27\n|inactive|Time left: 300 sec this turn | 300 sec total\n|\n|t:|1783542061\n|move|p1a: Skarmory|Roost|p1a: Skarmory\n|-heal|p1a: Skarmory|100/100\n|-singleturn|p1a: Skarmory|move: Roost\n|move|p2a: Bellibolt|Thunderbolt|p1a: Skarmory\n|-damage|p1a: Skarmory|46/100\n|\n|-heal|p1a: Skarmory|52/100|[from] item: Leftovers\n|-heal|p2a: Bellibolt|320/320|[from] item: Leftovers\n|upkeep\n|turn|28\n|inactive|Time left: 300 sec this turn | 300 sec total\n|\n|t:|1783542062\n|move|p1a: Skarmory|Roost|p1a: Skarmory\n|-heal|p1a: Skarmory|100/100\n|-singleturn|p1a: Skarmory|move: Roost\n|move|p2a: Bellibolt|Thunderbolt|p1a: Skarmory\n|-damage|p1a: Skarmory|43/100\n|\n|-heal|p1a: Skarmory|49/100|[from] item: Leftovers\n|upkeep\n|turn|29\n|inactive|Time left: 300 sec this turn | 300 sec total\n|\n|t:|1783542062\n|move|p1a: Skarmory|Roost|p1a: Skarmory\n|-heal|p1a: Skarmory|99/100\n|-singleturn|p1a: Skarmory|move: Roost\n|move|p2a: Bellibolt|Thunderbolt|p1a: Skarmory\n|-damage|p1a: Skarmory|51/100\n|\n|-heal|p1a: Skarmory|57/100|[from] item: Leftovers\n|upkeep\n|turn|30\n|inactive|Time left: 300 sec this turn | 300 sec total\n|\n|t:|1783542064\n|move|p1a: Skarmory|Roost|p1a: Skarmory\n|-heal|p1a: Skarmory|100/100\n|-singleturn|p1a: Skarmory|move: Roost\n|move|p2a: Bellibolt|Thunderbolt|p1a: Skarmory\n|-damage|p1a: Skarmory|48/100\n|-status|p1a: Skarmory|par\n|\n|-heal|p1a: Skarmory|54/100 par|[from] item: Leftovers\n|upkeep\n|turn|31\n|inactive|Time left: 300 sec this turn | 300 sec total\n|\n|t:|1783542065\n|switch|p1a: Feraligatr|Feraligatr, L79, F|100/100\n|-damage|p1a: Feraligatr|88/100|[from] Stealth Rock\n|move|p2a: Bellibolt|Thunderbolt|p1a: Feraligatr\n|-supereffective|p1a: Feraligatr\n|-damage|p1a: Feraligatr|11/100\n|\n|upkeep\n|turn|32\n|inactive|Time left: 300 sec this turn | 300 sec total\n|\n|t:|1783542066\n|move|p1a: Feraligatr|Trailblaze|p2a: Bellibolt\n|-damage|p2a: Bellibolt|260/320\n|-start|p2a: Bellibolt|Charge|Trailblaze|[from] ability: Electromorphosis\n|move|p2a: Bellibolt|Thunderbolt|p1a: Feraligatr\n|-supereffective|p1a: Feraligatr\n|-damage|p1a: Feraligatr|0 fnt\n|faint|p1a: Feraligatr\n|-end|p2a: Bellibolt|Charge|[silent]\n|\n|-heal|p2a: Bellibolt|280/320|[from] item: Leftovers\n|upkeep\n|\n|t:|1783542067\n|switch|p1a: Skarmory|Skarmory, L80, M|54/100 par\n|-damage|p1a: Skarmory|42/100 par|[from] Stealth Rock\n|turn|33\n|inactive|Time left: 300 sec this turn | 300 sec total\n|\n|t:|1783542068\n|move|p2a: Bellibolt|Thunderbolt|p1a: Skarmory\n|-supereffective|p1a: Skarmory\n|-damage|p1a: Skarmory|0 fnt\n|faint|p1a: Skarmory\n|\n|win|p0y25313c4", "uploadtime": 1783542068, "views": 0, "rating": 0, "private": 0, "password": null, "_winner": "p0y25313c4", "_our_name": "p0y25313c4"}