{"id": "battle-gen9randombattle-1583", "formatid": "gen9randombattle", "format": "[Gen 9] Random Battle", "players": ["p0x158337f3", "p0y1583d90d"], "log": "|init|battle\n|title|p0x158337f3 vs. p0y1583d90d\n|j|\u2606p0x158337f3\n|j|\u2606p0y1583d90d\n|t:|1783557544\n|gametype|singles\n|player|p1|p0x158337f3|102|\n|player|p2|p0y1583d90d|1|\n|gen|9\n|tier|[Gen 9] Random Battle\n|rule|Species Clause: Limit one of each Pok\u00e9mon\n|rule|HP Percentage Mod: HP is shown in percentages\n|rule|Sleep Clause Mod: Limit one foe put to sleep\n|rule|Illusion Level Mod: Illusion disguises the Pok\u00e9mon's true level\n|\n|t:|1783557544\n|teamsize|p1|6\n|teamsize|p2|6\n|start\n|switch|p1a: Glaceon|Glaceon, L94, M|100/100\n|switch|p2a: Solgaleo|Solgaleo, L74|325/325\n|turn|1\n|inactive|Battle timer is ON: inactive players will automatically lose when time's up. (requested by p0x158337f3)\n|inactive|Time left: 300 sec this turn | 300 sec total | 60 sec grace\n|\n|t:|1783557546\n|move|p2a: Solgaleo|Sunsteel Strike|p1a: Glaceon\n|-supereffective|p1a: Glaceon\n|-damage|p1a: Glaceon|44/100\n|move|p1a: Glaceon|Freeze-Dry|p2a: Solgaleo\n|-resisted|p2a: Solgaleo\n|-damage|p2a: Solgaleo|257/325\n|\n|upkeep\n|turn|2\n|inactive|Time left: 300 sec this turn | 300 sec total\n|inactive|p0y1583d90d also wants the timer to be on.\n|\n|t:|1783557547\n|switch|p1a: Ampharos|Ampharos, L88, F|100/100\n|move|p2a: Solgaleo|Sunsteel Strike|p1a: Ampharos\n|-resisted|p1a: Ampharos\n|-damage|p1a: Ampharos|83/100\n|\n|upkeep\n|turn|3\n|inactive|Time left: 300 sec this turn | 300 sec total\n|\n|t:|1783557548\n|move|p2a: Solgaleo|Earthquake|p1a: Ampharos\n|-supereffective|p1a: Ampharos\n|-damage|p1a: Ampharos|32/100\n|move|p1a: Ampharos|Thunderbolt|p2a: Solgaleo\n|-damage|p2a: Solgaleo|65/325\n|\n|upkeep\n|turn|4\n|inactive|Time left: 300 sec this turn | 300 sec total\n|\n|t:|1783557549\n|move|p2a: Solgaleo|Earthquake|p1a: Ampharos\n|-supereffective|p1a: Ampharos\n|-damage|p1a: Ampharos|0 fnt\n|faint|p1a: Ampharos\n|\n|upkeep\n|\n|t:|1783557550\n|switch|p1a: Electivire|Electivire, L84, M|100/100\n|turn|5\n|inactive|Time left: 300 sec this turn | 300 sec total\n|\n|t:|1783557552\n|switch|p2a: Gogoat|Gogoat, L88, F|360/360\n|move|p1a: Electivire|Earthquake|p2a: Gogoat\n|-resisted|p2a: Gogoat\n|-damage|p2a: Gogoat|289/360\n|-damage|p1a: Electivire|91/100|[from] item: Life Orb\n|\n|-heal|p2a: Gogoat|311/360|[from] item: Leftovers\n|upkeep\n|turn|6\n|inactive|Time left: 300 sec this turn | 300 sec total\n|\n|t:|1783557553\n|move|p1a: Electivire|Ice Punch|p2a: Gogoat\n|-supereffective|p2a: Gogoat\n|-damage|p2a: Gogoat|121/360\n|-damage|p1a: Electivire|81/100|[from] item: Life Orb\n|move|p2a: Gogoat|Horn Leech|p1a: Electivire\n|-damage|p1a: Electivire|43/100\n|-heal|p2a: Gogoat|171/360|[from] drain|[of] p1a: Electivire\n|\n|-heal|p2a: Gogoat|193/360|[from] item: Leftovers\n|upkeep\n|turn|7\n|inactive|Time left: 300 sec this turn | 300 sec total\n|\n|t:|1783557554\n|switch|p2a: Overqwil|Overqwil, L82, F|274/274\n|-ability|p2a: Overqwil|Intimidate|boost\n|-unboost|p1a: Electivire|atk|1\n|move|p1a: Electivire|Ice Punch|p2a: Overqwil\n|-damage|p2a: Overqwil|219/274\n|-damage|p1a: Electivire|33/100|[from] item: Life Orb\n|\n|upkeep\n|turn|8\n|inactive|Time left: 300 sec this turn | 300 sec total\n|\n|t:|1783557555\n|move|p1a: Electivire|Earthquake|p2a: Overqwil\n|-supereffective|p2a: Overqwil\n|-damage|p2a: Overqwil|84/274\n|-damage|p1a: Electivire|23/100|[from] item: Life Orb\n|move|p2a: Overqwil|Crunch|p1a: Electivire\n|-damage|p1a: Electivire|0 fnt\n|faint|p1a: Electivire\n|\n|upkeep\n|\n|t:|1783557556\n|switch|p1a: Lugia|Lugia, L73|100/100\n|turn|9\n|inactive|Time left: 300 sec this turn | 300 sec total\n|\n|t:|1783557557\n|switch|p2a: Gogoat|Gogoat, L88, F|193/360\n|move|p1a: Lugia|Aeroblast|p2a: Gogoat\n|-supereffective|p2a: Gogoat\n|-damage|p2a: Gogoat|37/360\n|\n|-heal|p2a: Gogoat|59/360|[from] item: Leftovers\n|upkeep\n|turn|10\n|inactive|Time left: 300 sec this turn | 300 sec total\n|\n|t:|1783557558\n|switch|p2a: Regirock|Regirock, L83|268/268\n|move|p1a: Lugia|Aeroblast|p2a: Regirock|[miss]\n|-miss|p1a: Lugia|p2a: Regirock\n|\n|upkeep\n|turn|11\n|inactive|Time left: 300 sec this turn | 300 sec total\n|\n|t:|1783557558\n|move|p1a: Lugia|Calm Mind|p1a: Lugia\n|-boost|p1a: Lugia|spa|1\n|-boost|p1a: Lugia|spd|1\n|move|p2a: Regirock|Stone Edge|p1a: Lugia\n|-supereffective|p1a: Lugia\n|-damage|p1a: Lugia|70/100\n|\n|upkeep\n|turn|12\n|inactive|Time left: 300 sec this turn | 300 sec total\n|\n|t:|1783557559\n|move|p1a: Lugia|Recover|p1a: Lugia\n|-heal|p1a: Lugia|100/100\n|move|p2a: Regirock|Stone Edge|p1a: Lugia\n|-supereffective|p1a: Lugia\n|-damage|p1a: Lugia|68/100\n|\n|upkeep\n|turn|13\n|inactive|Time left: 300 sec this turn | 300 sec total\n|\n|t:|1783557560\n|move|p1a: Lugia|Recover|p1a: Lugia\n|-heal|p1a: Lugia|100/100\n|move|p2a: Regirock|Stone Edge|p1a: Lugia\n|-supereffective|p1a: Lugia\n|-damage|p1a: Lugia|70/100\n|\n|upkeep\n|turn|14\n|inactive|Time left: 300 sec this turn | 300 sec total\n|\n|t:|1783557561\n|move|p1a: Lugia|Recover|p1a: Lugia\n|-heal|p1a: Lugia|100/100\n|move|p2a: Regirock|Stone Edge|p1a: Lugia\n|-supereffective|p1a: Lugia\n|-damage|p1a: Lugia|68/100\n|\n|upkeep\n|turn|15\n|inactive|Time left: 300 sec this turn | 300 sec total\n|\n|t:|1783557562\n|move|p1a: Lugia|Recover|p1a: Lugia\n|-heal|p1a: Lugia|100/100\n|move|p2a: Regirock|Stone Edge|p1a: Lugia\n|-supereffective|p1a: Lugia\n|-damage|p1a: Lugia|70/100\n|\n|upkeep\n|turn|16\n|inactive|Time left: 300 sec this turn | 300 sec total\n|\n|t:|1783557563\n|move|p1a: Lugia|Recover|p1a: Lugia\n|-heal|p1a: Lugia|100/100\n|move|p2a: Regirock|Stone Edge|p1a: Lugia\n|-supereffective|p1a: Lugia\n|-damage|p1a: Lugia|66/100\n|\n|upkeep\n|turn|17\n|inactive|Time left: 300 sec this turn | 300 sec total\n|\n|t:|1783557564\n|move|p1a: Lugia|Recover|p1a: Lugia\n|-heal|p1a: Lugia|100/100\n|move|p2a: Regirock|Stone Edge|p1a: Lugia|[miss]\n|-miss|p2a: Regirock|p1a: Lugia\n|\n|upkeep\n|turn|18\n|inactive|Time left: 300 sec this turn | 300 sec total\n|\n|t:|1783557565\n|move|p1a: Lugia|Calm Mind|p1a: Lugia\n|-boost|p1a: Lugia|spa|1\n|-boost|p1a: Lugia|spd|1\n|move|p2a: Regirock|Stone Edge|p1a: Lugia\n|-supereffective|p1a: Lugia\n|-crit|p1a: Lugia\n|-damage|p1a: Lugia|48/100\n|\n|upkeep\n|turn|19\n|inactive|Time left: 300 sec this turn | 300 sec total\n|\n|t:|1783557566\n|move|p1a: Lugia|Recover|p1a: Lugia\n|-heal|p1a: Lugia|98/100\n|move|p2a: Regirock|Thunder Wave|p1a: Lugia\n|-status|p1a: Lugia|par\n|\n|upkeep\n|turn|20\n|inactive|Time left: 300 sec this turn | 300 sec total\n|\n|t:|1783557567\n|move|p2a: Regirock|Iron Defense|p2a: Regirock\n|-boost|p2a: Regirock|def|2\n|move|p1a: Lugia|Aeroblast|p2a: Regirock\n|-resisted|p2a: Regirock\n|-damage|p2a: Regirock|202/268\n|\n|-heal|p2a: Regirock|218/268|[from] item: Leftovers\n|upkeep\n|turn|21\n|inactive|Time left: 300 sec this turn | 300 sec total\n|\n|t:|1783557568\n|move|p2a: Regirock|Body Press|p1a: Lugia\n|-resisted|p1a: Lugia\n|-damage|p1a: Lugia|83/100 par\n|move|p1a: Lugia|Aeroblast|p2a: Regirock\n|-resisted|p2a: Regirock\n|-damage|p2a: Regirock|144/268\n|\n|-heal|p2a: Regirock|160/268|[from] item: Leftovers\n|upkeep\n|turn|22\n|inactive|Time left: 300 sec this turn | 300 sec total\n|\n|t:|1783557570\n|move|p2a: Regirock|Body Press|p1a: Lugia\n|-resisted|p1a: Lugia\n|-damage|p1a: Lugia|67/100 par\n|cant|p1a: Lugia|par\n|\n|-heal|p2a: Regirock|176/268|[from] item: Leftovers\n|upkeep\n|turn|23\n|inactive|Time left: 300 sec this turn | 300 sec total\n|\n|t:|1783557571\n|move|p2a: Regirock|Body Press|p1a: Lugia\n|-resisted|p1a: Lugia\n|-damage|p1a: Lugia|52/100 par\n|move|p1a: Lugia|Psychic Noise|p2a: Regirock\n|-damage|p2a: Regirock|74/268\n|-start|p2a: Regirock|move: Heal Block\n|\n|upkeep\n|turn|24\n|inactive|Time left: 300 sec this turn | 300 sec total\n|\n|t:|1783557572\n|move|p2a: Regirock|Body Press|p1a: Lugia\n|-resisted|p1a: Lugia\n|-damage|p1a: Lugia|37/100 par\n|cant|p1a: Lugia|par\n|\n|-end|p2a: Regirock|move: Heal Block\n|upkeep\n|turn|25\n|inactive|Time left: 300 sec this turn | 300 sec total\n|\n|t:|1783557573\n|move|p2a: Regirock|Body Press|p1a: Lugia\n|-resisted|p1a: Lugia\n|-damage|p1a: Lugia|21/100 par\n|move|p1a: Lugia|Aeroblast|p2a: Regirock\n|-resisted|p2a: Regirock\n|-damage|p2a: Regirock|10/268\n|\n|-heal|p2a: Regirock|26/268|[from] item: Leftovers\n|upkeep\n|turn|26\n|inactive|Time left: 300 sec this turn | 300 sec total\n|\n|t:|1783557574\n|-terastallize|p2a: Regirock|Fighting\n|move|p2a: Regirock|Body Press|p1a: Lugia\n|-resisted|p1a: Lugia\n|-damage|p1a: Lugia|0 fnt\n|faint|p1a: Lugia\n|\n|-heal|p2a: Regirock|42/268|[from] item: Leftovers\n|upkeep\n|\n|t:|1783557575\n|switch|p1a: Glaceon|Glaceon, L94, M|44/100\n|turn|27\n|inactive|Time left: 300 sec this turn | 300 sec total\n|\n|t:|1783557576\n|move|p1a: Glaceon|Freeze-Dry|p2a: Regirock\n|-damage|p2a: Regirock|0 fnt\n|faint|p2a: Regirock\n|\n|upkeep\n|inactive|Time left: 300 sec this turn | 300 sec total | 5 sec grace\n|\n|t:|1783557577\n|switch|p2a: Solgaleo|Solgaleo, L74|65/325\n|turn|28\n|inactive|Time left: 300 sec this turn | 300 sec total\n|\n|t:|1783557578\n|move|p1a: Glaceon|Protect|p1a: Glaceon\n|-singleturn|p1a: Glaceon|Protect\n|move|p2a: Solgaleo|Sunsteel Strike|p1a: Glaceon\n|-activate|p1a: Glaceon|move: Protect\n|\n|upkeep\n|turn|29\n|inactive|Time left: 300 sec this turn | 300 sec total\n|\n|t:|1783557579\n|switch|p1a: Sandaconda|Sandaconda, L84, M|100/100\n|move|p2a: Solgaleo|Sunsteel Strike|p1a: Sandaconda\n|-damage|p1a: Sandaconda|66/100\n|\n|-heal|p1a: Sandaconda|73/100|[from] item: Leftovers\n|upkeep\n|turn|30\n|inactive|Time left: 300 sec this turn | 300 sec total\n|\n|t:|1783557580\n|move|p2a: Solgaleo|Sunsteel Strike|p1a: Sandaconda\n|-damage|p1a: Sandaconda|40/100\n|move|p1a: Sandaconda|Coil|p1a: Sandaconda\n|-boost|p1a: Sandaconda|atk|1\n|-boost|p1a: Sandaconda|def|1\n|-boost|p1a: Sandaconda|accuracy|1\n|\n|-heal|p1a: Sandaconda|46/100|[from] item: Leftovers\n|upkeep\n|turn|31\n|inactive|Time left: 300 sec this turn | 300 sec total\n|\n|t:|1783557581\n|move|p2a: Solgaleo|Sunsteel Strike|p1a: Sandaconda\n|-damage|p1a: Sandaconda|24/100\n|move|p1a: Sandaconda|Coil|p1a: Sandaconda\n|-boost|p1a: Sandaconda|atk|1\n|-boost|p1a: Sandaconda|def|1\n|-boost|p1a: Sandaconda|accuracy|1\n|\n|-heal|p1a: Sandaconda|30/100|[from] item: Leftovers\n|upkeep\n|turn|32\n|inactive|Time left: 300 sec this turn | 300 sec total\n|\n|t:|1783557582\n|move|p2a: Solgaleo|Sunsteel Strike|p1a: Sandaconda\n|-damage|p1a: Sandaconda|14/100\n|move|p1a: Sandaconda|Coil|p1a: Sandaconda\n|-boost|p1a: Sandaconda|atk|1\n|-boost|p1a: Sandaconda|def|1\n|-boost|p1a: Sandaconda|accuracy|1\n|\n|-heal|p1a: Sandaconda|20/100|[from] item: Leftovers\n|upkeep\n|turn|33\n|inactive|Time left: 300 sec this turn | 300 sec total\n|\n|t:|1783557583\n|move|p2a: Solgaleo|Sunsteel Strike|p1a: Sandaconda\n|-damage|p1a: Sandaconda|8/100\n|move|p1a: Sandaconda|Coil|p1a: Sandaconda\n|-boost|p1a: Sandaconda|atk|1\n|-boost|p1a: Sandaconda|def|1\n|-boost|p1a: Sandaconda|accuracy|1\n|\n|-heal|p1a: Sandaconda|14/100|[from] item: Leftovers\n|upkeep\n|turn|34\n|inactive|Time left: 300 sec this turn | 300 sec total\n|\n|t:|1783557584\n|move|p2a: Solgaleo|Earthquake|p1a: Sandaconda\n|-damage|p1a: Sandaconda|7/100\n|move|p1a: Sandaconda|Glare|p2a: Solgaleo\n|-status|p2a: Solgaleo|par\n|\n|-heal|p1a: Sandaconda|13/100|[from] item: Leftovers\n|upkeep\n|turn|35\n|inactive|Time left: 300 sec this turn | 300 sec total\n|\n|t:|1783557585\n|move|p1a: Sandaconda|Coil|p1a: Sandaconda\n|-boost|p1a: Sandaconda|atk|1\n|-boost|p1a: Sandaconda|def|1\n|-boost|p1a: Sandaconda|accuracy|1\n|move|p2a: Solgaleo|Close Combat|p1a: Sandaconda\n|-damage|p1a: Sandaconda|6/100\n|-unboost|p2a: Solgaleo|def|1\n|-unboost|p2a: Solgaleo|spd|1\n|\n|-heal|p1a: Sandaconda|13/100|[from] item: Leftovers\n|upkeep\n|turn|36\n|inactive|Time left: 300 sec this turn | 300 sec total\n|\n|t:|1783557586\n|move|p1a: Sandaconda|Glare|p2a: Solgaleo\n|-fail|p2a: Solgaleo|par\n|move|p2a: Solgaleo|Close Combat|p1a: Sandaconda\n|-damage|p1a: Sandaconda|5/100\n|-unboost|p2a: Solgaleo|def|1\n|-unboost|p2a: Solgaleo|spd|1\n|\n|-heal|p1a: Sandaconda|11/100|[from] item: Leftovers\n|upkeep\n|turn|37\n|inactive|Time left: 300 sec this turn | 300 sec total\n|\n|t:|1783557587\n|move|p1a: Sandaconda|Glare|p2a: Solgaleo\n|-fail|p2a: Solgaleo|par\n|move|p2a: Solgaleo|Earthquake|p1a: Sandaconda\n|-damage|p1a: Sandaconda|5/100\n|\n|-heal|p1a: Sandaconda|11/100|[from] item: Leftovers\n|upkeep\n|turn|38\n|inactive|Time left: 300 sec this turn | 300 sec total\n|\n|t:|1783557588\n|move|p1a: Sandaconda|Glare|p2a: Solgaleo\n|-fail|p2a: Solgaleo|par\n|move|p2a: Solgaleo|Flame Charge|p1a: Sandaconda\n|-damage|p1a: Sandaconda|7/100\n|-boost|p2a: Solgaleo|spe|1\n|\n|-heal|p1a: Sandaconda|14/100|[from] item: Leftovers\n|upkeep\n|turn|39\n|inactive|Time left: 300 sec this turn | 300 sec total\n|\n|t:|1783557590\n|move|p1a: Sandaconda|Earthquake|p2a: Solgaleo\n|-supereffective|p2a: Solgaleo\n|-damage|p2a: Solgaleo|0 fnt\n|faint|p2a: Solgaleo\n|\n|-heal|p1a: Sandaconda|20/100|[from] item: Leftovers\n|upkeep\n|inactive|Time left: 300 sec this turn | 300 sec total | 5 sec grace\n|\n|t:|1783557591\n|switch|p2a: Illumise|Illumise, L91, F|266/266\n|turn|40\n|inactive|Time left: 300 sec this turn | 300 sec total\n|\n|t:|1783557592\n|move|p2a: Illumise|Bug Buzz|p1a: Sandaconda\n|-damage|p1a: Sandaconda|0 fnt\n|faint|p1a: Sandaconda\n|\n|upkeep\n|\n|t:|1783557593\n|switch|p1a: Glaceon|Glaceon, L94, M|44/100\n|turn|41\n|inactive|Time left: 300 sec this turn | 300 sec total\n|\n|t:|1783557594\n|move|p2a: Illumise|Bug Buzz|p1a: Glaceon\n|-damage|p1a: Glaceon|16/100\n|move|p1a: Glaceon|Freeze-Dry|p2a: Illumise\n|-damage|p2a: Illumise|155/266\n|\n|upkeep\n|turn|42\n|inactive|Time left: 300 sec this turn | 300 sec total\n|\n|t:|1783557595\n|move|p1a: Glaceon|Protect|p1a: Glaceon\n|-singleturn|p1a: Glaceon|Protect\n|move|p2a: Illumise|Bug Buzz|p1a: Glaceon\n|-activate|p1a: Glaceon|move: Protect\n|\n|upkeep\n|turn|43\n|inactive|Time left: 300 sec this turn | 300 sec total\n|\n|t:|1783557596\n|switch|p1a: Toxapex|Toxapex, L82, F|100/100\n|move|p2a: Illumise|Bug Buzz|p1a: Toxapex\n|-resisted|p1a: Toxapex\n|-damage|p1a: Toxapex|87/100\n|\n|upkeep\n|turn|44\n|inactive|Time left: 300 sec this turn | 300 sec total\n|\n|t:|1783557597\n|move|p2a: Illumise|Roost|p2a: Illumise\n|-heal|p2a: Illumise|266/266\n|-singleturn|p2a: Illumise|move: Roost\n|move|p1a: Toxapex|Liquidation|p2a: Illumise\n|-damage|p2a: Illumise|202/266\n|\n|upkeep\n|turn|45\n|inactive|Time left: 300 sec this turn | 300 sec total\n|\n|t:|1783557598\n|switch|p1a: Glaceon|Glaceon, L94, M|16/100\n|move|p2a: Illumise|Bug Buzz|p1a: Glaceon\n|-damage|p1a: Glaceon|0 fnt\n|faint|p1a: Glaceon\n|\n|upkeep\n|\n|t:|1783557599\n|switch|p1a: Toxapex|Toxapex, L82, F|100/100\n|turn|46\n|inactive|Time left: 300 sec this turn | 300 sec total\n|\n|t:|1783557600\n|switch|p2a: Gogoat|Gogoat, L88, F|59/360\n|move|p1a: Toxapex|Toxic Spikes|p2a: Gogoat\n|-sidestart|p2: p0y1583d90d|move: Toxic Spikes\n|\n|-heal|p2a: Gogoat|81/360|[from] item: Leftovers\n|upkeep\n|turn|47\n|inactive|Time left: 300 sec this turn | 300 sec total\n|\n|t:|1783557601\n|move|p2a: Gogoat|Milk Drink|p2a: Gogoat\n|-heal|p2a: Gogoat|261/360\n|move|p1a: Toxapex|Liquidation|p2a: Gogoat\n|-resisted|p2a: Gogoat\n|-damage|p2a: Gogoat|222/360\n|\n|-heal|p2a: Gogoat|244/360|[from] item: Leftovers\n|upkeep\n|turn|48\n|inactive|Time left: 300 sec this turn | 300 sec total\n|\n|t:|1783557602\n|move|p2a: Gogoat|Earthquake|p1a: Toxapex\n|-supereffective|p1a: Toxapex\n|-damage|p1a: Toxapex|51/100\n|move|p1a: Toxapex|Recover|p1a: Toxapex\n|-heal|p1a: Toxapex|100/100\n|\n|-heal|p2a: Gogoat|266/360|[from] item: Leftovers\n|upkeep\n|turn|49\n|inactive|Time left: 300 sec this turn | 300 sec total\n|\n|t:|1783557603\n|move|p2a: Gogoat|Earthquake|p1a: Toxapex\n|-supereffective|p1a: Toxapex\n|-damage|p1a: Toxapex|50/100\n|move|p1a: Toxapex|Recover|p1a: Toxapex\n|-heal|p1a: Toxapex|99/100\n|\n|-heal|p2a: Gogoat|288/360|[from] item: Leftovers\n|upkeep\n|turn|50\n|inactive|Time left: 300 sec this turn | 300 sec total\n|\n|t:|1783557604\n|move|p2a: Gogoat|Earthquake|p1a: Toxapex\n|-supereffective|p1a: Toxapex\n|-damage|p1a: Toxapex|51/100\n|move|p1a: Toxapex|Recover|p1a: Toxapex\n|-heal|p1a: Toxapex|100/100\n|\n|-heal|p2a: Gogoat|310/360|[from] item: Leftovers\n|upkeep\n|turn|51\n|inactive|Time left: 300 sec this turn | 300 sec total\n|\n|t:|1783557605\n|move|p2a: Gogoat|Earthquake|p1a: Toxapex\n|-supereffective|p1a: Toxapex\n|-damage|p1a: Toxapex|55/100\n|move|p1a: Toxapex|Recover|p1a: Toxapex\n|-heal|p1a: Toxapex|100/100\n|\n|-heal|p2a: Gogoat|332/360|[from] item: Leftovers\n|upkeep\n|turn|52\n|inactive|Time left: 300 sec this turn | 300 sec total\n|\n|t:|1783557606\n|move|p2a: Gogoat|Earthquake|p1a: Toxapex\n|-supereffective|p1a: Toxapex\n|-damage|p1a: Toxapex|47/100\n|move|p1a: Toxapex|Recover|p1a: Toxapex\n|-heal|p1a: Toxapex|97/100\n|\n|-heal|p2a: Gogoat|354/360|[from] item: Leftovers\n|upkeep\n|turn|53\n|inactive|Time left: 300 sec this turn | 300 sec total\n|\n|t:|1783557607\n|move|p2a: Gogoat|Earthquake|p1a: Toxapex\n|-supereffective|p1a: Toxapex\n|-damage|p1a: Toxapex|51/100\n|move|p1a: Toxapex|Recover|p1a: Toxapex\n|-heal|p1a: Toxapex|100/100\n|\n|-heal|p2a: Gogoat|360/360|[from] item: Leftovers\n|upkeep\n|turn|54\n|inactive|Time left: 300 sec this turn | 300 sec total\n|\n|t:|1783557609\n|move|p2a: Gogoat|Earthquake|p1a: Toxapex\n|-supereffective|p1a: Toxapex\n|-crit|p1a: Toxapex\n|-damage|p1a: Toxapex|25/100\n|move|p1a: Toxapex|Recover|p1a: Toxapex\n|-heal|p1a: Toxapex|75/100\n|\n|upkeep\n|turn|55\n|inactive|Time left: 300 sec this turn | 300 sec total\n|\n|t:|1783557610\n|move|p2a: Gogoat|Earthquake|p1a: Toxapex\n|-supereffective|p1a: Toxapex\n|-damage|p1a: Toxapex|27/100\n|move|p1a: Toxapex|Recover|p1a: Toxapex\n|-heal|p1a: Toxapex|77/100\n|\n|upkeep\n|turn|56\n|inactive|Time left: 300 sec this turn | 300 sec total\n|\n|t:|1783557611\n|move|p2a: Gogoat|Earthquake|p1a: Toxapex\n|-supereffective|p1a: Toxapex\n|-damage|p1a: Toxapex|26/100\n|move|p1a: Toxapex|Haze|p1a: Toxapex\n|-clearallboost\n|\n|upkeep\n|turn|57\n|inactive|Time left: 300 sec this turn | 300 sec total\n|\n|t:|1783557612\n|-terastallize|p1a: Toxapex|Steel\n|move|p2a: Gogoat|Horn Leech|p1a: Toxapex\n|-resisted|p1a: Toxapex\n|-damage|p1a: Toxapex|13/100\n|-damage|p2a: Gogoat|300/360|[from] item: Rocky Helmet|[of] p1a: Toxapex\n|move|p1a: Toxapex|Liquidation|p2a: Gogoat\n|-resisted|p2a: Gogoat\n|-damage|p2a: Gogoat|263/360\n|-unboost|p2a: Gogoat|def|1\n|\n|-heal|p2a: Gogoat|285/360|[from] item: Leftovers\n|upkeep\n|turn|58\n|inactive|Time left: 300 sec this turn | 300 sec total\n|\n|t:|1783557613\n|move|p2a: Gogoat|Earthquake|p1a: Toxapex\n|-supereffective|p1a: Toxapex\n|-damage|p1a: Toxapex|0 fnt\n|faint|p1a: Toxapex\n|\n|win|p0y1583d90d", "uploadtime": 1783557613, "views": 0, "rating": 0, "private": 0, "password": null, "_winner": "p0y1583d90d", "_our_name": "p0y1583d90d"}