{"id": "battle-gen9randombattle-1493", "formatid": "gen9randombattle", "format": "[Gen 9] Random Battle", "players": ["p0x14932517", "p0y1493a592"], "log": "|init|battle\n|title|p0x14932517 vs. p0y1493a592\n|j|\u2606p0x14932517\n|j|\u2606p0y1493a592\n|t:|1783557359\n|gametype|singles\n|player|p1|p0x14932517|1|\n|player|p2|p0y1493a592|1|\n|gen|9\n|tier|[Gen 9] Random Battle\n|rule|Species Clause: Limit one of each Pok\u00e9mon\n|rule|HP Percentage Mod: HP is shown in percentages\n|rule|Sleep Clause Mod: Limit one foe put to sleep\n|rule|Illusion Level Mod: Illusion disguises the Pok\u00e9mon's true level\n|\n|t:|1783557359\n|teamsize|p1|6\n|teamsize|p2|6\n|start\n|switch|p1a: Terrakion|Terrakion, L79|100/100\n|switch|p2a: Ogerpon|Ogerpon-Hearthflame, L74, F|239/239\n|-ability|p2a: Ogerpon|Mold Breaker\n|turn|1\n|inactive|Battle timer is ON: inactive players will automatically lose when time's up. (requested by p0y1493a592)\n|inactive|p0x14932517 also wants the timer to be on.\n|\n|t:|1783557361\n|switch|p2a: Leafeon|Leafeon, L88, F|258/258\n|move|p1a: Terrakion|Stone Edge|p2a: Leafeon\n|-damage|p2a: Leafeon|137/258\n|\n|upkeep\n|turn|2\n|inactive|Time left: 300 sec this turn | 300 sec total\n|\n|t:|1783557362\n|switch|p1a: Yanmega|Yanmega, L82, M|100/100\n|move|p2a: Leafeon|Leaf Blade|p1a: Yanmega\n|-resisted|p1a: Yanmega\n|-damage|p1a: Yanmega|87/100\n|-damage|p2a: Leafeon|112/258|[from] item: Life Orb\n|\n|upkeep\n|turn|3\n|inactive|Time left: 300 sec this turn | 300 sec total\n|\n|t:|1783557363\n|move|p2a: Leafeon|Knock Off|p1a: Yanmega\n|-damage|p1a: Yanmega|50/100\n|-enditem|p1a: Yanmega|Heavy-Duty Boots|[from] move: Knock Off|[of] p2a: Leafeon\n|-damage|p2a: Leafeon|87/258|[from] item: Life Orb\n|move|p1a: Yanmega|Bug Buzz|p2a: Leafeon\n|-supereffective|p2a: Leafeon\n|-damage|p2a: Leafeon|0 fnt\n|faint|p2a: Leafeon\n|\n|-ability|p1a: Yanmega|Speed Boost|boost\n|-boost|p1a: Yanmega|spe|1\n|upkeep\n|inactive|Time left: 300 sec this turn | 300 sec total | 5 sec grace\n|\n|t:|1783557364\n|switch|p2a: Lumineon|Lumineon, L93, F|279/279\n|turn|4\n|inactive|Time left: 300 sec this turn | 300 sec total\n|\n|t:|1783557365\n|move|p1a: Yanmega|Protect|p1a: Yanmega\n|-singleturn|p1a: Yanmega|Protect\n|move|p2a: Lumineon|Ice Beam|p1a: Yanmega\n|-activate|p1a: Yanmega|move: Protect\n|\n|-ability|p1a: Yanmega|Speed Boost|boost\n|-boost|p1a: Yanmega|spe|1\n|upkeep\n|turn|5\n|inactive|Time left: 300 sec this turn | 300 sec total\n|\n|t:|1783557367\n|move|p1a: Yanmega|Air Slash|p2a: Lumineon\n|-damage|p2a: Lumineon|201/279\n|cant|p2a: Lumineon|flinch\n|\n|-ability|p1a: Yanmega|Speed Boost|boost\n|-boost|p1a: Yanmega|spe|1\n|upkeep\n|turn|6\n|inactive|Time left: 300 sec this turn | 300 sec total\n|\n|t:|1783557368\n|move|p1a: Yanmega|Protect|p1a: Yanmega\n|-singleturn|p1a: Yanmega|Protect\n|move|p2a: Lumineon|Ice Beam|p1a: Yanmega\n|-activate|p1a: Yanmega|move: Protect\n|\n|-ability|p1a: Yanmega|Speed Boost|boost\n|-boost|p1a: Yanmega|spe|1\n|upkeep\n|turn|7\n|inactive|Time left: 300 sec this turn | 300 sec total\n|\n|t:|1783557369\n|move|p1a: Yanmega|Air Slash|p2a: Lumineon\n|-damage|p2a: Lumineon|119/279\n|move|p2a: Lumineon|Ice Beam|p1a: Yanmega\n|-supereffective|p1a: Yanmega\n|-damage|p1a: Yanmega|0 fnt\n|faint|p1a: Yanmega\n|-damage|p2a: Lumineon|92/279|[from] item: Life Orb\n|\n|upkeep\n|\n|t:|1783557370\n|switch|p1a: Regieleki|Regieleki, L79|100/100\n|turn|8\n|inactive|Time left: 300 sec this turn | 300 sec total\n|\n|t:|1783557371\n|switch|p2a: Pachirisu|Pachirisu, L96, F|271/271\n|move|p1a: Regieleki|Thunderbolt|p2a: Pachirisu\n|-immune|p2a: Pachirisu|[from] ability: Volt Absorb\n|\n|upkeep\n|turn|9\n|inactive|Time left: 300 sec this turn | 300 sec total\n|\n|t:|1783557372\n|switch|p1a: Terrakion|Terrakion, L79|100/100\n|move|p2a: Pachirisu|Super Fang|p1a: Terrakion\n|-damage|p1a: Terrakion|51/100\n|\n|upkeep\n|turn|10\n|inactive|Time left: 300 sec this turn | 300 sec total\n|\n|t:|1783557374\n|move|p2a: Pachirisu|Nuzzle|p1a: Terrakion\n|-damage|p1a: Terrakion|44/100\n|-status|p1a: Terrakion|par\n|move|p1a: Terrakion|Stone Edge|p2a: Pachirisu\n|-damage|p2a: Pachirisu|91/271\n|\n|upkeep\n|turn|11\n|inactive|Time left: 300 sec this turn | 300 sec total\n|\n|t:|1783557375\n|move|p2a: Pachirisu|Thunderbolt|p1a: Terrakion\n|-damage|p1a: Terrakion|17/100 par\n|move|p1a: Terrakion|Stone Edge|p2a: Pachirisu\n|-crit|p2a: Pachirisu\n|-damage|p2a: Pachirisu|0 fnt\n|faint|p2a: Pachirisu\n|\n|upkeep\n|inactive|Time left: 300 sec this turn | 300 sec total | 5 sec grace\n|\n|t:|1783557376\n|switch|p2a: Zekrom|Zekrom, L71|259/259\n|-ability|p2a: Zekrom|Teravolt\n|turn|12\n|inactive|Time left: 300 sec this turn | 300 sec total\n|\n|t:|1783557377\n|move|p2a: Zekrom|Dragon Dance|p2a: Zekrom\n|-boost|p2a: Zekrom|atk|1\n|-boost|p2a: Zekrom|spe|1\n|move|p1a: Terrakion|Stone Edge|p2a: Zekrom|[miss]\n|-miss|p1a: Terrakion|p2a: Zekrom\n|\n|upkeep\n|turn|13\n|inactive|Time left: 300 sec this turn | 300 sec total\n|\n|t:|1783557378\n|move|p2a: Zekrom|Outrage|p1a: Terrakion\n|-damage|p1a: Terrakion|0 fnt\n|faint|p1a: Terrakion\n|\n|upkeep\n|\n|t:|1783557379\n|switch|p1a: Dragalge|Dragalge, L88, M|100/100\n|turn|14\n|inactive|Time left: 300 sec this turn | 300 sec total\n|\n|t:|1783557380\n|-terastallize|p1a: Dragalge|Fighting\n|move|p2a: Zekrom|Outrage|p1a: Dragalge|[from] lockedmove\n|-damage|p1a: Dragalge|26/100\n|move|p1a: Dragalge|Draco Meteor|p2a: Zekrom\n|-supereffective|p2a: Zekrom\n|-crit|p2a: Zekrom\n|-damage|p2a: Zekrom|0 fnt\n|-unboost|p1a: Dragalge|spa|2\n|faint|p2a: Zekrom\n|\n|-heal|p1a: Dragalge|32/100|[from] item: Leftovers\n|upkeep\n|inactive|Time left: 300 sec this turn | 300 sec total | 5 sec grace\n|\n|t:|1783557381\n|switch|p2a: Ogerpon|Ogerpon-Hearthflame, L74, F|239/239\n|-ability|p2a: Ogerpon|Mold Breaker\n|turn|15\n|inactive|Time left: 300 sec this turn | 300 sec total\n|\n|t:|1783557382\n|move|p2a: Ogerpon|Ivy Cudgel|p1a: Dragalge|[anim] Ivy Cudgel Fire\n|-damage|p1a: Dragalge|0 fnt\n|faint|p1a: Dragalge\n|\n|upkeep\n|\n|t:|1783557383\n|switch|p1a: Staraptor|Staraptor, L79, F|100/100\n|turn|16\n|inactive|Time left: 300 sec this turn | 300 sec total\n|\n|t:|1783557384\n|-terastallize|p2a: Ogerpon|Fire\n|detailschange|p2a: Ogerpon|Ogerpon-Hearthflame-Tera, L74, F, tera:Fire\n|-ability|p2a: Ogerpon|Embody Aspect (Hearthflame)|boost\n|-boost|p2a: Ogerpon|atk|1\n|move|p2a: Ogerpon|Ivy Cudgel|p1a: Staraptor|[anim] Ivy Cudgel Fire\n|-damage|p1a: Staraptor|0 fnt\n|faint|p1a: Staraptor\n|\n|upkeep\n|\n|t:|1783557385\n|switch|p1a: Regieleki|Regieleki, L79|100/100\n|turn|17\n|inactive|Time left: 300 sec this turn | 300 sec total\n|\n|t:|1783557386\n|move|p1a: Regieleki|Thunderbolt|p2a: Ogerpon\n|-damage|p2a: Ogerpon|88/239\n|move|p2a: Ogerpon|Ivy Cudgel|p1a: Regieleki|[anim] Ivy Cudgel Fire\n|-crit|p1a: Regieleki\n|-damage|p1a: Regieleki|0 fnt\n|faint|p1a: Regieleki\n|\n|upkeep\n|\n|t:|1783557387\n|switch|p1a: Slowbro|Slowbro, L85, M|100/100\n|turn|18\n|inactive|Time left: 300 sec this turn | 300 sec total\n|\n|t:|1783557388\n|move|p2a: Ogerpon|Power Whip|p1a: Slowbro\n|-supereffective|p1a: Slowbro\n|-damage|p1a: Slowbro|0 fnt\n|faint|p1a: Slowbro\n|\n|win|p0y1493a592", "uploadtime": 1783557389, "views": 0, "rating": 0, "private": 0, "password": null, "_winner": "p0y1493a592", "_our_name": "p0y1493a592"}