{"id": "battle-gen9randombattle-331", "formatid": "gen9randombattle", "format": "[Gen 9] Random Battle", "players": ["p0x331b259", "p0y331dc34"], "log": "|init|battle\n|title|p0x331b259 vs. p0y331dc34\n|j|\u2606p0x331b259\n|j|\u2606p0y331dc34\n|t:|1783543446\n|gametype|singles\n|player|p1|p0x331b259|101|\n|player|p2|p0y331dc34|101|\n|gen|9\n|tier|[Gen 9] Random Battle\n|rule|Species Clause: Limit one of each Pok\u00e9mon\n|rule|HP Percentage Mod: HP is shown in percentages\n|rule|Sleep Clause Mod: Limit one foe put to sleep\n|rule|Illusion Level Mod: Illusion disguises the Pok\u00e9mon's true level\n|\n|t:|1783543446\n|teamsize|p1|6\n|teamsize|p2|6\n|start\n|switch|p1a: Venusaur|Venusaur, L84, F|272/272\n|switch|p2a: Cryogonal|Cryogonal, L89|100/100\n|turn|1\n|inactive|Battle timer is ON: inactive players will automatically lose when time's up. (requested by p0y331dc34)\n|inactive|Time left: 300 sec this turn | 300 sec total | 60 sec grace\n|inactive|p0x331b259 also wants the timer to be on.\n|\n|t:|1783543448\n|switch|p1a: Greedent|Greedent, L86, F|347/347\n|move|p2a: Cryogonal|Ice Beam|p1a: Greedent\n|-damage|p1a: Greedent|230/347\n|\n|upkeep\n|turn|2\n|inactive|Time left: 300 sec this turn | 300 sec total\n|\n|t:|1783543449\n|move|p2a: Cryogonal|Ice Beam|p1a: Greedent\n|-damage|p1a: Greedent|106/347\n|-enditem|p1a: Greedent|Sitrus Berry|[eat]\n|-heal|p1a: Greedent|192/347|[from] item: Sitrus Berry\n|-heal|p1a: Greedent|307/347|[from] ability: Cheek Pouch\n|move|p1a: Greedent|Swords Dance|p1a: Greedent\n|-boost|p1a: Greedent|atk|2\n|\n|upkeep\n|turn|3\n|inactive|Time left: 300 sec this turn | 300 sec total\n|\n|t:|1783543450\n|move|p2a: Cryogonal|Ice Beam|p1a: Greedent\n|-damage|p1a: Greedent|190/347\n|-status|p1a: Greedent|frz\n|cant|p1a: Greedent|frz\n|\n|upkeep\n|turn|4\n|inactive|Time left: 300 sec this turn | 300 sec total\n|\n|t:|1783543451\n|move|p2a: Cryogonal|Ice Beam|p1a: Greedent\n|-damage|p1a: Greedent|76/347 frz\n|cant|p1a: Greedent|frz\n|\n|upkeep\n|turn|5\n|inactive|Time left: 300 sec this turn | 300 sec total\n|\n|t:|1783543452\n|move|p2a: Cryogonal|Ice Beam|p1a: Greedent\n|-damage|p1a: Greedent|0 fnt\n|faint|p1a: Greedent\n|\n|upkeep\n|inactive|Time left: 300 sec this turn | 300 sec total | 5 sec grace\n|\n|t:|1783543453\n|switch|p1a: Zamazenta|Zamazenta, L71|248/248\n|-ability|p1a: Zamazenta|Dauntless Shield|boost\n|-boost|p1a: Zamazenta|def|1\n|turn|6\n|inactive|Time left: 300 sec this turn | 300 sec total\n|\n|t:|1783543454\n|switch|p2a: Vileplume|Vileplume, L85, F|100/100\n|move|p1a: Zamazenta|Body Press|p2a: Vileplume\n|-resisted|p2a: Vileplume\n|-damage|p2a: Vileplume|79/100\n|\n|-heal|p2a: Vileplume|85/100|[from] item: Leftovers\n|upkeep\n|turn|7\n|inactive|Time left: 300 sec this turn | 300 sec total\n|\n|t:|1783543455\n|move|p1a: Zamazenta|Body Press|p2a: Vileplume\n|-resisted|p2a: Vileplume\n|-damage|p2a: Vileplume|65/100\n|move|p2a: Vileplume|Sludge Bomb|p1a: Zamazenta\n|-damage|p1a: Zamazenta|152/248\n|\n|-heal|p2a: Vileplume|71/100|[from] item: Leftovers\n|upkeep\n|turn|8\n|inactive|Time left: 300 sec this turn | 300 sec total\n|\n|t:|1783543457\n|move|p1a: Zamazenta|Iron Defense|p1a: Zamazenta\n|-boost|p1a: Zamazenta|def|2\n|move|p2a: Vileplume|Strength Sap|p1a: Zamazenta\n|-unboost|p1a: Zamazenta|atk|1\n|-heal|p2a: Vileplume|100/100\n|\n|upkeep\n|turn|9\n|inactive|Time left: 300 sec this turn | 300 sec total\n|\n|t:|1783543458\n|move|p1a: Zamazenta|Rest|p1a: Zamazenta\n|-status|p1a: Zamazenta|slp|[from] move: Rest\n|-heal|p1a: Zamazenta|248/248 slp|[silent]\n|-enditem|p1a: Zamazenta|Chesto Berry|[eat]\n|-curestatus|p1a: Zamazenta|slp|[msg]\n|move|p2a: Vileplume|Sludge Bomb|p1a: Zamazenta\n|-damage|p1a: Zamazenta|146/248\n|\n|upkeep\n|turn|10\n|inactive|Time left: 300 sec this turn | 300 sec total\n|\n|t:|1783543459\n|switch|p1a: Pecharunt|Pecharunt, L77|262/262\n|move|p2a: Vileplume|Sludge Bomb|p1a: Pecharunt\n|-resisted|p1a: Pecharunt\n|-damage|p1a: Pecharunt|231/262\n|\n|upkeep\n|turn|11\n|inactive|Time left: 300 sec this turn | 300 sec total\n|\n|t:|1783543460\n|move|p1a: Pecharunt|Parting Shot|p2a: Vileplume\n|-unboost|p2a: Vileplume|atk|1\n|-unboost|p2a: Vileplume|spa|1\n|inactive|Time left: 300 sec this turn | 300 sec total | 5 sec grace\n|\n|t:|1783543461\n|switch|p1a: Venusaur|Venusaur, L84, F|272/272|[from] Parting Shot\n|move|p2a: Vileplume|Sleep Powder|p1a: Venusaur\n|-immune|p1a: Venusaur\n|\n|upkeep\n|turn|12\n|inactive|Time left: 300 sec this turn | 300 sec total\n|\n|t:|1783543462\n|switch|p2a: Carbink|Carbink, L90|100/100\n|move|p1a: Venusaur|Leech Seed|p2a: Carbink\n|-start|p2a: Carbink|move: Leech Seed\n|\n|-damage|p2a: Carbink|88/100|[from] Leech Seed|[of] p1a: Venusaur\n|upkeep\n|turn|13\n|inactive|Time left: 300 sec this turn | 300 sec total\n|\n|t:|1783543463\n|switch|p2a: Vileplume|Vileplume, L85, F|100/100\n|move|p1a: Venusaur|Giga Drain|p2a: Vileplume\n|-resisted|p2a: Vileplume\n|-damage|p2a: Vileplume|93/100\n|\n|-heal|p2a: Vileplume|99/100|[from] item: Leftovers\n|upkeep\n|turn|14\n|inactive|Time left: 300 sec this turn | 300 sec total\n|\n|t:|1783543464\n|move|p1a: Venusaur|Substitute|p1a: Venusaur\n|-start|p1a: Venusaur|Substitute\n|-damage|p1a: Venusaur|204/272\n|move|p2a: Vileplume|Strength Sap||[still]\n|-fail|p2a: Vileplume\n|\n|-heal|p1a: Venusaur|221/272|[from] item: Leftovers\n|-heal|p2a: Vileplume|100/100|[from] item: Leftovers\n|upkeep\n|turn|15\n|inactive|Time left: 300 sec this turn | 300 sec total\n|\n|t:|1783543465\n|move|p1a: Venusaur|Sludge Bomb|p2a: Vileplume\n|-damage|p2a: Vileplume|63/100\n|move|p2a: Vileplume|Sludge Bomb|p1a: Venusaur\n|-end|p1a: Venusaur|Substitute\n|\n|-heal|p1a: Venusaur|238/272|[from] item: Leftovers\n|-heal|p2a: Vileplume|69/100|[from] item: Leftovers\n|upkeep\n|turn|16\n|inactive|Time left: 300 sec this turn | 300 sec total\n|\n|t:|1783543466\n|move|p1a: Venusaur|Substitute|p1a: Venusaur\n|-start|p1a: Venusaur|Substitute\n|-damage|p1a: Venusaur|170/272\n|move|p2a: Vileplume|Strength Sap||[still]\n|-fail|p2a: Vileplume\n|\n|-heal|p1a: Venusaur|187/272|[from] item: Leftovers\n|-heal|p2a: Vileplume|75/100|[from] item: Leftovers\n|upkeep\n|turn|17\n|inactive|Time left: 300 sec this turn | 300 sec total\n|\n|t:|1783543468\n|move|p1a: Venusaur|Sludge Bomb|p2a: Vileplume\n|-damage|p2a: Vileplume|42/100\n|move|p2a: Vileplume|Sludge Bomb|p1a: Venusaur\n|-end|p1a: Venusaur|Substitute\n|\n|-heal|p1a: Venusaur|204/272|[from] item: Leftovers\n|-heal|p2a: Vileplume|48/100|[from] item: Leftovers\n|upkeep\n|turn|18\n|inactive|Time left: 300 sec this turn | 300 sec total\n|\n|t:|1783543469\n|move|p1a: Venusaur|Sludge Bomb|p2a: Vileplume\n|-damage|p2a: Vileplume|13/100\n|move|p2a: Vileplume|Strength Sap|p1a: Venusaur\n|-unboost|p1a: Venusaur|atk|1\n|-heal|p2a: Vileplume|67/100\n|\n|-heal|p1a: Venusaur|221/272|[from] item: Leftovers\n|-heal|p2a: Vileplume|73/100|[from] item: Leftovers\n|upkeep\n|turn|19\n|inactive|Time left: 300 sec this turn | 300 sec total\n|\n|t:|1783543470\n|move|p1a: Venusaur|Sludge Bomb|p2a: Vileplume\n|-damage|p2a: Vileplume|35/100\n|move|p2a: Vileplume|Strength Sap|p1a: Venusaur\n|-unboost|p1a: Venusaur|atk|1\n|-heal|p2a: Vileplume|70/100\n|\n|-heal|p1a: Venusaur|238/272|[from] item: Leftovers\n|-heal|p2a: Vileplume|76/100|[from] item: Leftovers\n|upkeep\n|turn|20\n|inactive|Time left: 300 sec this turn | 300 sec total\n|\n|t:|1783543472\n|switch|p1a: Pecharunt|Pecharunt, L77|231/262\n|move|p2a: Vileplume|Strength Sap|p1a: Pecharunt\n|-unboost|p1a: Pecharunt|atk|1\n|-heal|p2a: Vileplume|100/100\n|\n|upkeep\n|turn|21\n|inactive|Time left: 300 sec this turn | 300 sec total\n|\n|t:|1783543473\n|move|p1a: Pecharunt|Parting Shot|p2a: Vileplume\n|-unboost|p2a: Vileplume|atk|1\n|-unboost|p2a: Vileplume|spa|1\n|inactive|Time left: 300 sec this turn | 300 sec total | 5 sec grace\n|\n|t:|1783543474\n|switch|p1a: Venusaur|Venusaur, L84, F|238/272|[from] Parting Shot\n|move|p2a: Vileplume|Sleep Powder|p1a: Venusaur\n|-immune|p1a: Venusaur\n|\n|-heal|p1a: Venusaur|255/272|[from] item: Leftovers\n|upkeep\n|turn|22\n|inactive|Time left: 300 sec this turn | 300 sec total\n|\n|t:|1783543475\n|switch|p2a: Carbink|Carbink, L90|88/100\n|move|p1a: Venusaur|Giga Drain|p2a: Carbink\n|-supereffective|p2a: Carbink\n|-damage|p2a: Carbink|44/100\n|-heal|p1a: Venusaur|272/272|[from] drain|[of] p2a: Carbink\n|\n|upkeep\n|turn|23\n|inactive|Time left: 300 sec this turn | 300 sec total\n|\n|t:|1783543477\n|move|p1a: Venusaur|Giga Drain|p2a: Carbink\n|-supereffective|p2a: Carbink\n|-damage|p2a: Carbink|3/100\n|move|p2a: Carbink|Rest|p2a: Carbink\n|-status|p2a: Carbink|slp|[from] move: Rest\n|-heal|p2a: Carbink|100/100 slp|[silent]\n|-enditem|p2a: Carbink|Chesto Berry|[eat]\n|-curestatus|p2a: Carbink|slp|[msg]\n|\n|upkeep\n|turn|24\n|inactive|Time left: 300 sec this turn | 300 sec total\n|\n|t:|1783543478\n|move|p1a: Venusaur|Leech Seed|p2a: Carbink\n|-start|p2a: Carbink|move: Leech Seed\n|move|p2a: Carbink|Iron Defense|p2a: Carbink\n|-boost|p2a: Carbink|def|2\n|\n|-damage|p2a: Carbink|88/100|[from] Leech Seed|[of] p1a: Venusaur\n|upkeep\n|turn|25\n|inactive|Time left: 300 sec this turn | 300 sec total\n|\n|t:|1783543479\n|switch|p2a: Cryogonal|Cryogonal, L89|100/100\n|move|p1a: Venusaur|Sludge Bomb|p2a: Cryogonal\n|-damage|p2a: Cryogonal|76/100\n|\n|upkeep\n|turn|26\n|inactive|Time left: 300 sec this turn | 300 sec total\n|\n|t:|1783543481\n|move|p2a: Cryogonal|Ice Beam|p1a: Venusaur\n|-supereffective|p1a: Venusaur\n|-damage|p1a: Venusaur|72/272\n|move|p1a: Venusaur|Leech Seed|p2a: Cryogonal\n|-start|p2a: Cryogonal|move: Leech Seed\n|\n|-heal|p1a: Venusaur|89/272|[from] item: Leftovers\n|-damage|p2a: Cryogonal|64/100|[from] Leech Seed|[of] p1a: Venusaur\n|-heal|p1a: Venusaur|124/272|[silent]\n|upkeep\n|turn|27\n|inactive|Time left: 300 sec this turn | 300 sec total\n|\n|t:|1783543482\n|switch|p1a: Klefki|Klefki, L84, F|233/233\n|move|p2a: Cryogonal|Ice Beam|p1a: Klefki\n|-resisted|p1a: Klefki\n|-damage|p1a: Klefki|179/233\n|\n|-heal|p1a: Klefki|193/233|[from] item: Leftovers\n|-damage|p2a: Cryogonal|52/100|[from] Leech Seed|[of] p1a: Klefki\n|-heal|p1a: Klefki|228/233|[silent]\n|upkeep\n|turn|28\n|inactive|Time left: 300 sec this turn | 300 sec total\n|\n|t:|1783543483\n|switch|p2a: Carbink|Carbink, L90|88/100\n|move|p1a: Klefki|Play Rough|p2a: Carbink\n|-damage|p2a: Carbink|67/100\n|\n|-heal|p1a: Klefki|233/233|[from] item: Leftovers\n|upkeep\n|turn|29\n|inactive|Time left: 300 sec this turn | 300 sec total\n|\n|t:|1783543484\n|move|p1a: Klefki|Spikes|p2a: Carbink\n|-sidestart|p2: p0y331dc34|Spikes\n|move|p2a: Carbink|Iron Defense|p2a: Carbink\n|-boost|p2a: Carbink|def|2\n|\n|upkeep\n|turn|30\n|inactive|Time left: 300 sec this turn | 300 sec total\n|\n|t:|1783543486\n|switch|p1a: Pecharunt|Pecharunt, L77|231/262\n|move|p2a: Carbink|Body Press|p1a: Pecharunt\n|-immune|p1a: Pecharunt\n|\n|upkeep\n|turn|31\n|inactive|Time left: 300 sec this turn | 300 sec total\n|\n|t:|1783543487\n|move|p1a: Pecharunt|Malignant Chain|p2a: Carbink\n|-damage|p2a: Carbink|47/100\n|-status|p2a: Carbink|tox\n|-start|p2a: Carbink|confusion|[from] ability: Poison Puppeteer|[of] p1a: Pecharunt\n|-activate|p2a: Carbink|confusion\n|move|p2a: Carbink|Moonblast|p1a: Pecharunt\n|-resisted|p1a: Pecharunt\n|-damage|p1a: Pecharunt|188/262\n|-unboost|p1a: Pecharunt|spa|1\n|\n|-damage|p2a: Carbink|41/100 tox|[from] psn\n|upkeep\n|turn|32\n|inactive|Time left: 300 sec this turn | 300 sec total\n|\n|t:|1783543488\n|move|p1a: Pecharunt|Recover|p1a: Pecharunt\n|-heal|p1a: Pecharunt|262/262\n|-end|p2a: Carbink|confusion\n|move|p2a: Carbink|Rest|p2a: Carbink\n|-status|p2a: Carbink|slp|[from] move: Rest\n|-heal|p2a: Carbink|100/100 slp|[silent]\n|\n|upkeep\n|turn|33\n|inactive|Time left: 300 sec this turn | 300 sec total\n|\n|t:|1783543489\n|move|p1a: Pecharunt|Parting Shot|p2a: Carbink\n|-fail|p2a: Carbink|unboost|[from] ability: Clear Body|[of] p2a: Carbink\n|cant|p2a: Carbink|slp\n|\n|upkeep\n|turn|34\n|inactive|Time left: 300 sec this turn | 300 sec total\n|\n|t:|1783543490\n|switch|p1a: Venusaur|Venusaur, L84, F|124/272\n|cant|p2a: Carbink|slp\n|\n|-heal|p1a: Venusaur|141/272|[from] item: Leftovers\n|upkeep\n|turn|35\n|inactive|Time left: 300 sec this turn | 300 sec total\n|\n|t:|1783543490\n|-terastallize|p2a: Carbink|Fighting\n|move|p1a: Venusaur|Giga Drain|p2a: Carbink\n|-damage|p2a: Carbink|80/100 slp\n|-heal|p1a: Venusaur|165/272|[from] drain|[of] p2a: Carbink\n|-curestatus|p2a: Carbink|slp|[msg]\n|move|p2a: Carbink|Body Press|p1a: Venusaur\n|-resisted|p1a: Venusaur\n|-damage|p1a: Venusaur|23/272\n|\n|-heal|p1a: Venusaur|40/272|[from] item: Leftovers\n|upkeep\n|turn|36\n|inactive|Time left: 300 sec this turn | 300 sec total\n|\n|t:|1783543492\n|switch|p1a: Pecharunt|Pecharunt, L77|262/262\n|move|p2a: Carbink|Body Press|p1a: Pecharunt\n|-immune|p1a: Pecharunt\n|\n|upkeep\n|turn|37\n|inactive|Time left: 300 sec this turn | 300 sec total\n|\n|t:|1783543493\n|move|p1a: Pecharunt|Malignant Chain|p2a: Carbink\n|-damage|p2a: Carbink|61/100\n|-status|p2a: Carbink|tox\n|-start|p2a: Carbink|confusion|[from] ability: Poison Puppeteer|[of] p1a: Pecharunt\n|-activate|p2a: Carbink|confusion\n|-damage|p2a: Carbink|59/100 tox|[from] confusion\n|\n|-damage|p2a: Carbink|53/100 tox|[from] psn\n|upkeep\n|turn|38\n|inactive|Time left: 300 sec this turn | 300 sec total\n|\n|t:|1783543493\n|move|p1a: Pecharunt|Malignant Chain|p2a: Carbink\n|-damage|p2a: Carbink|31/100 tox\n|-end|p2a: Carbink|confusion\n|move|p2a: Carbink|Rest|p2a: Carbink\n|-status|p2a: Carbink|slp|[from] move: Rest\n|-heal|p2a: Carbink|100/100 slp|[silent]\n|\n|upkeep\n|turn|39\n|inactive|Time left: 300 sec this turn | 300 sec total\n|\n|t:|1783543494\n|move|p1a: Pecharunt|Malignant Chain|p2a: Carbink\n|-damage|p2a: Carbink|78/100 slp\n|cant|p2a: Carbink|slp\n|\n|upkeep\n|turn|40\n|inactive|Time left: 300 sec this turn | 300 sec total\n|\n|t:|1783543495\n|move|p1a: Pecharunt|Shadow Ball|p2a: Carbink\n|-damage|p2a: Carbink|61/100 slp\n|cant|p2a: Carbink|slp\n|\n|upkeep\n|turn|41\n|inactive|Time left: 300 sec this turn | 300 sec total\n|\n|t:|1783543496\n|move|p1a: Pecharunt|Malignant Chain|p2a: Carbink\n|-damage|p2a: Carbink|42/100 slp\n|-curestatus|p2a: Carbink|slp|[msg]\n|move|p2a: Carbink|Body Press|p1a: Pecharunt\n|-immune|p1a: Pecharunt\n|\n|upkeep\n|turn|42\n|inactive|Time left: 300 sec this turn | 300 sec total\n|\n|t:|1783543497\n|move|p1a: Pecharunt|Malignant Chain|p2a: Carbink\n|-damage|p2a: Carbink|20/100\n|-status|p2a: Carbink|tox\n|-start|p2a: Carbink|confusion|[from] ability: Poison Puppeteer|[of] p1a: Pecharunt\n|-activate|p2a: Carbink|confusion\n|-damage|p2a: Carbink|17/100 tox|[from] confusion\n|\n|-damage|p2a: Carbink|12/100 tox|[from] psn\n|upkeep\n|turn|43\n|inactive|Time left: 300 sec this turn | 300 sec total\n|\n|t:|1783543498\n|move|p1a: Pecharunt|Shadow Ball|p2a: Carbink\n|-damage|p2a: Carbink|0 fnt\n|faint|p2a: Carbink\n|\n|upkeep\n|\n|t:|1783543499\n|switch|p2a: Cryogonal|Cryogonal, L89|52/100\n|turn|44\n|inactive|Time left: 300 sec this turn | 300 sec total\n|\n|t:|1783543500\n|move|p2a: Cryogonal|Ice Beam|p1a: Pecharunt\n|-damage|p1a: Pecharunt|144/262\n|move|p1a: Pecharunt|Malignant Chain|p2a: Cryogonal\n|-damage|p2a: Cryogonal|31/100\n|-status|p2a: Cryogonal|tox\n|-start|p2a: Cryogonal|confusion|[from] ability: Poison Puppeteer|[of] p1a: Pecharunt\n|\n|-damage|p2a: Cryogonal|25/100 tox|[from] psn\n|upkeep\n|turn|45\n|inactive|Time left: 300 sec this turn | 300 sec total\n|\n|t:|1783543501\n|-activate|p2a: Cryogonal|confusion\n|move|p2a: Cryogonal|Ice Beam|p1a: Pecharunt\n|-damage|p1a: Pecharunt|24/262\n|move|p1a: Pecharunt|Recover|p1a: Pecharunt\n|-heal|p1a: Pecharunt|155/262\n|\n|-damage|p2a: Cryogonal|13/100 tox|[from] psn\n|upkeep\n|turn|46\n|inactive|Time left: 300 sec this turn | 300 sec total\n|\n|t:|1783543502\n|-end|p2a: Cryogonal|confusion\n|move|p2a: Cryogonal|Ice Beam|p1a: Pecharunt\n|-damage|p1a: Pecharunt|37/262\n|move|p1a: Pecharunt|Recover|p1a: Pecharunt\n|-heal|p1a: Pecharunt|168/262\n|\n|-damage|p2a: Cryogonal|0 fnt|[from] psn\n|faint|p2a: Cryogonal\n|upkeep\n|\n|t:|1783543503\n|switch|p2a: Vileplume|Vileplume, L85, F|100/100\n|-damage|p2a: Vileplume|88/100|[from] Spikes\n|turn|47\n|inactive|Time left: 300 sec this turn | 300 sec total\n|\n|t:|1783543503\n|move|p1a: Pecharunt|Recover|p1a: Pecharunt\n|-heal|p1a: Pecharunt|262/262\n|move|p2a: Vileplume|Sleep Powder|p1a: Pecharunt\n|-status|p1a: Pecharunt|slp|[from] move: Sleep Powder\n|\n|-heal|p2a: Vileplume|94/100|[from] item: Leftovers\n|upkeep\n|turn|48\n|inactive|Time left: 300 sec this turn | 300 sec total\n|\n|t:|1783543505\n|cant|p1a: Pecharunt|slp\n|move|p2a: Vileplume|Strength Sap|p1a: Pecharunt\n|-unboost|p1a: Pecharunt|atk|1\n|-heal|p2a: Vileplume|100/100\n|\n|upkeep\n|turn|49\n|inactive|Time left: 300 sec this turn | 300 sec total\n|\n|t:|1783543506\n|cant|p1a: Pecharunt|slp\n|move|p2a: Vileplume|Giga Drain|p1a: Pecharunt\n|-resisted|p1a: Pecharunt\n|-damage|p1a: Pecharunt|211/262 slp\n|\n|upkeep\n|turn|50\n|inactive|Time left: 300 sec this turn | 300 sec total\n|\n|t:|1783543507\n|cant|p1a: Pecharunt|slp\n|move|p2a: Vileplume|Strength Sap|p1a: Pecharunt\n|-unboost|p1a: Pecharunt|atk|1\n|\n|upkeep\n|turn|51\n|inactive|Time left: 300 sec this turn | 300 sec total\n|\n|t:|1783543508\n|-curestatus|p1a: Pecharunt|slp|[msg]\n|move|p1a: Pecharunt|Parting Shot|p2a: Vileplume\n|-unboost|p2a: Vileplume|atk|1\n|-unboost|p2a: Vileplume|spa|1\n|inactive|Time left: 300 sec this turn | 300 sec total | 5 sec grace\n|\n|t:|1783543508\n|switch|p1a: Klefki|Klefki, L84, F|233/233|[from] Parting Shot\n|move|p2a: Vileplume|Sleep Powder|p1a: Klefki\n|-status|p1a: Klefki|slp|[from] move: Sleep Powder\n|\n|upkeep\n|turn|52\n|inactive|Time left: 300 sec this turn | 300 sec total\n|\n|t:|1783543510\n|switch|p1a: Pecharunt|Pecharunt, L77|211/262\n|switch|p2a: Lanturn|Lanturn, L89, M|100/100\n|\n|upkeep\n|turn|53\n|inactive|Time left: 300 sec this turn | 300 sec total\n|\n|t:|1783543511\n|move|p1a: Pecharunt|Malignant Chain|p2a: Lanturn\n|-damage|p2a: Lanturn|77/100\n|-status|p2a: Lanturn|tox\n|-start|p2a: Lanturn|confusion|[from] ability: Poison Puppeteer|[of] p1a: Pecharunt\n|-activate|p2a: Lanturn|confusion\n|-damage|p2a: Lanturn|71/100 tox|[from] confusion\n|\n|-damage|p2a: Lanturn|65/100 tox|[from] psn\n|upkeep\n|turn|54\n|inactive|Time left: 300 sec this turn | 300 sec total\n|\n|t:|1783543512\n|switch|p2a: Jumpluff|Jumpluff, L87, F|100/100\n|move|p1a: Pecharunt|Shadow Ball|p2a: Jumpluff\n|-damage|p2a: Jumpluff|78/100\n|\n|upkeep\n|turn|55\n|inactive|Time left: 300 sec this turn | 300 sec total\n|\n|t:|1783543513\n|move|p2a: Jumpluff|Substitute|p2a: Jumpluff\n|-start|p2a: Jumpluff|Substitute\n|-damage|p2a: Jumpluff|54/100\n|move|p1a: Pecharunt|Shadow Ball|p2a: Jumpluff\n|-activate|p2a: Jumpluff|move: Substitute|[damage]\n|\n|upkeep\n|turn|56\n|inactive|Time left: 300 sec this turn | 300 sec total\n|\n|t:|1783543514\n|move|p2a: Jumpluff|Strength Sap|p1a: Pecharunt\n|-unboost|p1a: Pecharunt|atk|1\n|-heal|p2a: Jumpluff|100/100\n|move|p1a: Pecharunt|Recover|p1a: Pecharunt\n|-heal|p1a: Pecharunt|262/262\n|\n|upkeep\n|turn|57\n|inactive|Time left: 300 sec this turn | 300 sec total\n|\n|t:|1783543516\n|move|p2a: Jumpluff|Acrobatics|p1a: Pecharunt\n|-damage|p1a: Pecharunt|202/262\n|-damage|p2a: Jumpluff|84/100|[from] item: Rocky Helmet|[of] p1a: Pecharunt\n|move|p1a: Pecharunt|Shadow Ball|p2a: Jumpluff\n|-end|p2a: Jumpluff|Substitute\n|\n|upkeep\n|turn|58\n|inactive|Time left: 300 sec this turn | 300 sec total\n|\n|t:|1783543517\n|move|p2a: Jumpluff|Substitute|p2a: Jumpluff\n|-start|p2a: Jumpluff|Substitute\n|-damage|p2a: Jumpluff|59/100\n|move|p1a: Pecharunt|Parting Shot|p2a: Jumpluff\n|-unboost|p2a: Jumpluff|atk|1\n|-unboost|p2a: Jumpluff|spa|1\n|inactive|Time left: 300 sec this turn | 300 sec total | 5 sec grace\n|\n|t:|1783543518\n|switch|p1a: Zamazenta|Zamazenta, L71|146/248|[from] Parting Shot\n|\n|upkeep\n|turn|59\n|inactive|Time left: 300 sec this turn | 300 sec total\n|\n|t:|1783543519\n|switch|p1a: Pecharunt|Pecharunt, L77|202/262\n|move|p2a: Jumpluff|Strength Sap|p1a: Pecharunt\n|-unboost|p1a: Pecharunt|atk|1\n|-heal|p2a: Jumpluff|100/100\n|\n|upkeep\n|turn|60\n|inactive|Time left: 300 sec this turn | 300 sec total\n|\n|t:|1783543520\n|move|p2a: Jumpluff|Leech Seed|p1a: Pecharunt\n|-start|p1a: Pecharunt|move: Leech Seed\n|move|p1a: Pecharunt|Parting Shot|p2a: Jumpluff\n|-unboost|p2a: Jumpluff|atk|1\n|-unboost|p2a: Jumpluff|spa|1\n|inactive|Time left: 300 sec this turn | 300 sec total | 5 sec grace\n|\n|t:|1783543521\n|switch|p1a: Venusaur|Venusaur, L84, F|40/272|[from] Parting Shot\n|\n|-heal|p1a: Venusaur|57/272|[from] item: Leftovers\n|upkeep\n|turn|61\n|inactive|Time left: 300 sec this turn | 300 sec total\n|\n|t:|1783543522\n|switch|p2a: Vileplume|Vileplume, L85, F|100/100\n|-damage|p2a: Vileplume|88/100|[from] Spikes\n|move|p1a: Venusaur|Giga Drain|p2a: Vileplume\n|-resisted|p2a: Vileplume\n|-damage|p2a: Vileplume|77/100\n|-heal|p1a: Venusaur|72/272|[from] drain|[of] p2a: Vileplume\n|\n|-heal|p1a: Venusaur|89/272|[from] item: Leftovers\n|-heal|p2a: Vileplume|83/100|[from] item: Leftovers\n|upkeep\n|turn|62\n|inactive|Time left: 300 sec this turn | 300 sec total\n|\n|t:|1783543524\n|switch|p1a: Pecharunt|Pecharunt, L77|202/262\n|move|p2a: Vileplume|Sludge Bomb|p1a: Pecharunt\n|-resisted|p1a: Pecharunt\n|-damage|p1a: Pecharunt|172/262\n|\n|-heal|p2a: Vileplume|89/100|[from] item: Leftovers\n|upkeep\n|turn|63\n|inactive|Time left: 300 sec this turn | 300 sec total\n|\n|t:|1783543525\n|move|p1a: Pecharunt|Recover|p1a: Pecharunt\n|-heal|p1a: Pecharunt|262/262\n|move|p2a: Vileplume|Strength Sap|p1a: Pecharunt\n|-unboost|p1a: Pecharunt|atk|1\n|-heal|p2a: Vileplume|100/100\n|\n|upkeep\n|turn|64\n|inactive|Time left: 300 sec this turn | 300 sec total\n|\n|t:|1783543526\n|move|p1a: Pecharunt|Parting Shot|p2a: Vileplume\n|-unboost|p2a: Vileplume|atk|1\n|-unboost|p2a: Vileplume|spa|1\n|inactive|Time left: 300 sec this turn | 300 sec total | 5 sec grace\n|\n|t:|1783543527\n|switch|p1a: Venusaur|Venusaur, L84, F|89/272|[from] Parting Shot\n|move|p2a: Vileplume|Sludge Bomb|p1a: Venusaur\n|-damage|p1a: Venusaur|23/272\n|\n|-heal|p1a: Venusaur|40/272|[from] item: Leftovers\n|upkeep\n|turn|65\n|inactive|Time left: 300 sec this turn | 300 sec total\n|\n|t:|1783543528\n|move|p1a: Venusaur|Sludge Bomb|p2a: Vileplume\n|-damage|p2a: Vileplume|65/100\n|move|p2a: Vileplume|Sludge Bomb|p1a: Venusaur\n|-damage|p1a: Venusaur|0 fnt\n|faint|p1a: Venusaur\n|\n|-heal|p2a: Vileplume|71/100|[from] item: Leftovers\n|upkeep\n|inactive|Time left: 300 sec this turn | 300 sec total | 5 sec grace\n|\n|t:|1783543529\n|switch|p1a: Pecharunt|Pecharunt, L77|262/262\n|turn|66\n|inactive|Time left: 300 sec this turn | 300 sec total\n|\n|t:|1783543531\n|move|p1a: Pecharunt|Shadow Ball|p2a: Vileplume\n|-damage|p2a: Vileplume|45/100\n|move|p2a: Vileplume|Strength Sap|p1a: Pecharunt\n|-unboost|p1a: Pecharunt|atk|1\n|-heal|p2a: Vileplume|97/100\n|\n|-heal|p2a: Vileplume|100/100|[from] item: Leftovers\n|upkeep\n|turn|67\n|inactive|Time left: 300 sec this turn | 300 sec total\n|\n|t:|1783543532\n|switch|p2a: Jumpluff|Jumpluff, L87, F|100/100\n|move|p1a: Pecharunt|Parting Shot|p2a: Jumpluff\n|-unboost|p2a: Jumpluff|atk|1\n|-unboost|p2a: Jumpluff|spa|1\n|inactive|Time left: 300 sec this turn | 300 sec total | 5 sec grace\n|\n|t:|1783543533\n|switch|p1a: Zamazenta|Zamazenta, L71|146/248|[from] Parting Shot\n|\n|upkeep\n|turn|68\n|inactive|Time left: 300 sec this turn | 300 sec total\n|\n|t:|1783543534\n|switch|p2a: Vileplume|Vileplume, L85, F|100/100\n|-damage|p2a: Vileplume|88/100|[from] Spikes\n|move|p1a: Zamazenta|Iron Defense|p1a: Zamazenta\n|-boost|p1a: Zamazenta|def|2\n|\n|-heal|p2a: Vileplume|94/100|[from] item: Leftovers\n|upkeep\n|turn|69\n|inactive|Time left: 300 sec this turn | 300 sec total\n|\n|t:|1783543535\n|move|p1a: Zamazenta|Iron Defense|p1a: Zamazenta\n|-boost|p1a: Zamazenta|def|2\n|move|p2a: Vileplume|Giga Drain|p1a: Zamazenta\n|-damage|p1a: Zamazenta|64/248\n|-heal|p2a: Vileplume|100/100|[from] drain|[of] p1a: Zamazenta\n|\n|upkeep\n|turn|70\n|inactive|Time left: 300 sec this turn | 300 sec total\n|\n|t:|1783543536\n|move|p1a: Zamazenta|Rest|p1a: Zamazenta\n|-status|p1a: Zamazenta|slp|[from] move: Rest\n|-heal|p1a: Zamazenta|248/248 slp|[silent]\n|move|p2a: Vileplume|Giga Drain|p1a: Zamazenta\n|-damage|p1a: Zamazenta|164/248 slp\n|\n|upkeep\n|turn|71\n|inactive|Time left: 300 sec this turn | 300 sec total\n|\n|t:|1783543538\n|cant|p1a: Zamazenta|slp\n|move|p2a: Vileplume|Sludge Bomb|p1a: Zamazenta\n|-crit|p1a: Zamazenta\n|-damage|p1a: Zamazenta|16/248 slp\n|\n|upkeep\n|turn|72\n|inactive|Time left: 300 sec this turn | 300 sec total\n|\n|t:|1783543538\n|switch|p1a: Pecharunt|Pecharunt, L77|262/262\n|move|p2a: Vileplume|Giga Drain|p1a: Pecharunt\n|-resisted|p1a: Pecharunt\n|-damage|p1a: Pecharunt|216/262\n|\n|upkeep\n|turn|73\n|inactive|Time left: 300 sec this turn | 300 sec total\n|\n|t:|1783543539\n|move|p1a: Pecharunt|Recover|p1a: Pecharunt\n|-heal|p1a: Pecharunt|262/262\n|move|p2a: Vileplume|Giga Drain|p1a: Pecharunt\n|-resisted|p1a: Pecharunt\n|-damage|p1a: Pecharunt|212/262\n|\n|upkeep\n|turn|74\n|inactive|Time left: 300 sec this turn | 300 sec total\n|\n|t:|1783543540\n|move|p1a: Pecharunt|Shadow Ball|p2a: Vileplume\n|-damage|p2a: Vileplume|78/100\n|move|p2a: Vileplume|Giga Drain|p1a: Pecharunt\n|-resisted|p1a: Pecharunt\n|-damage|p1a: Pecharunt|164/262\n|-heal|p2a: Vileplume|87/100|[from] drain|[of] p1a: Pecharunt\n|\n|-heal|p2a: Vileplume|93/100|[from] item: Leftovers\n|upkeep\n|turn|75\n|inactive|Time left: 300 sec this turn | 300 sec total\n|\n|t:|1783543541\n|move|p1a: Pecharunt|Recover|p1a: Pecharunt\n|-heal|p1a: Pecharunt|262/262\n|move|p2a: Vileplume|Strength Sap|p1a: Pecharunt\n|-unboost|p1a: Pecharunt|atk|1\n|-heal|p2a: Vileplume|100/100\n|\n|upkeep\n|turn|76\n|inactive|Time left: 300 sec this turn | 300 sec total\n|\n|t:|1783543542\n|move|p1a: Pecharunt|Shadow Ball|p2a: Vileplume\n|-crit|p2a: Vileplume\n|-damage|p2a: Vileplume|63/100\n|move|p2a: Vileplume|Giga Drain|p1a: Pecharunt\n|-resisted|p1a: Pecharunt\n|-damage|p1a: Pecharunt|217/262\n|-heal|p2a: Vileplume|72/100|[from] drain|[of] p1a: Pecharunt\n|\n|-heal|p2a: Vileplume|78/100|[from] item: Leftovers\n|upkeep\n|turn|77\n|inactive|Time left: 300 sec this turn | 300 sec total\n|\n|t:|1783543543\n|move|p1a: Pecharunt|Shadow Ball|p2a: Vileplume\n|-crit|p2a: Vileplume\n|-damage|p2a: Vileplume|42/100\n|move|p2a: Vileplume|Strength Sap|p1a: Pecharunt\n|-unboost|p1a: Pecharunt|atk|1\n|-heal|p2a: Vileplume|77/100\n|\n|-heal|p2a: Vileplume|83/100|[from] item: Leftovers\n|upkeep\n|turn|78\n|inactive|Time left: 300 sec this turn | 300 sec total\n|\n|t:|1783543544\n|move|p1a: Pecharunt|Parting Shot|p2a: Vileplume\n|-unboost|p2a: Vileplume|atk|1\n|-unboost|p2a: Vileplume|spa|1\n|inactive|Time left: 300 sec this turn | 300 sec total | 5 sec grace\n|\n|t:|1783543544\n|switch|p1a: Klefki|Klefki, L84, F|233/233 slp|[from] Parting Shot\n|move|p2a: Vileplume|Giga Drain|p1a: Klefki\n|-resisted|p1a: Klefki\n|-damage|p1a: Klefki|200/233 slp\n|-heal|p2a: Vileplume|90/100|[from] drain|[of] p1a: Klefki\n|\n|-heal|p1a: Klefki|214/233 slp|[from] item: Leftovers\n|-heal|p2a: Vileplume|96/100|[from] item: Leftovers\n|upkeep\n|turn|79\n|inactive|Time left: 300 sec this turn | 300 sec total\n|\n|t:|1783543545\n|switch|p1a: Pecharunt|Pecharunt, L77|217/262\n|switch|p2a: Jumpluff|Jumpluff, L87, F|100/100\n|\n|upkeep\n|turn|80\n|inactive|Time left: 300 sec this turn | 300 sec total\n|\n|t:|1783543546\n|move|p2a: Jumpluff|Substitute|p2a: Jumpluff\n|-start|p2a: Jumpluff|Substitute\n|-damage|p2a: Jumpluff|76/100\n|move|p1a: Pecharunt|Shadow Ball|p2a: Jumpluff\n|-activate|p2a: Jumpluff|move: Substitute|[damage]\n|\n|upkeep\n|turn|81\n|inactive|Time left: 300 sec this turn | 300 sec total\n|\n|t:|1783543547\n|move|p2a: Jumpluff|Leech Seed|p1a: Pecharunt\n|-start|p1a: Pecharunt|move: Leech Seed\n|move|p1a: Pecharunt|Shadow Ball|p2a: Jumpluff\n|-end|p2a: Jumpluff|Substitute\n|\n|-damage|p1a: Pecharunt|185/262|[from] Leech Seed|[of] p2a: Jumpluff\n|-heal|p2a: Jumpluff|88/100|[silent]\n|upkeep\n|turn|82\n|inactive|Time left: 300 sec this turn | 300 sec total\n|\n|t:|1783543548\n|move|p2a: Jumpluff|Substitute|p2a: Jumpluff\n|-start|p2a: Jumpluff|Substitute\n|-damage|p2a: Jumpluff|63/100\n|move|p1a: Pecharunt|Parting Shot|p2a: Jumpluff\n|-unboost|p2a: Jumpluff|atk|1\n|-unboost|p2a: Jumpluff|spa|1\n|inactive|Time left: 300 sec this turn | 300 sec total | 5 sec grace\n|\n|t:|1783543548\n|switch|p1a: Klefki|Klefki, L84, F|214/233 slp|[from] Parting Shot\n|\n|-heal|p1a: Klefki|228/233 slp|[from] item: Leftovers\n|upkeep\n|turn|83\n|inactive|Time left: 300 sec this turn | 300 sec total\n|\n|t:|1783543550\n|switch|p1a: Pecharunt|Pecharunt, L77|185/262\n|move|p2a: Jumpluff|Strength Sap|p1a: Pecharunt\n|-unboost|p1a: Pecharunt|atk|1\n|-heal|p2a: Jumpluff|100/100\n|\n|upkeep\n|turn|84\n|inactive|Time left: 300 sec this turn | 300 sec total\n|\n|t:|1783543551\n|move|p2a: Jumpluff|Leech Seed|p1a: Pecharunt\n|-start|p1a: Pecharunt|move: Leech Seed\n|move|p1a: Pecharunt|Shadow Ball|p2a: Jumpluff\n|-activate|p2a: Jumpluff|move: Substitute|[damage]\n|\n|-damage|p1a: Pecharunt|153/262|[from] Leech Seed|[of] p2a: Jumpluff\n|upkeep\n|turn|85\n|inactive|Time left: 300 sec this turn | 300 sec total\n|\n|t:|1783543552\n|move|p2a: Jumpluff|Strength Sap|p1a: Pecharunt\n|-unboost|p1a: Pecharunt|atk|1\n|move|p1a: Pecharunt|Parting Shot|p2a: Jumpluff\n|-unboost|p2a: Jumpluff|atk|1\n|-unboost|p2a: Jumpluff|spa|1\n|inactive|Time left: 300 sec this turn | 300 sec total | 5 sec grace\n|\n|t:|1783543553\n|switch|p1a: Zamazenta|Zamazenta, L71|16/248 slp|[from] Parting Shot\n|\n|upkeep\n|turn|86\n|inactive|Time left: 300 sec this turn | 300 sec total\n|\n|t:|1783543554\n|switch|p2a: Cinderace|Cinderace, L77, M|100/100\n|switch|p1a: Pecharunt|Pecharunt, L77|153/262\n|\n|upkeep\n|turn|87\n|inactive|Time left: 300 sec this turn | 300 sec total\n|\n|t:|1783543555\n|move|p2a: Cinderace|Court Change|p2a: Cinderace\n|-start|p2a: Cinderace|typechange|Normal|[from] ability: Libero\n|-swapsideconditions\n|-activate|p2a: Cinderace|move: Court Change\n|move|p1a: Pecharunt|Shadow Ball|p2a: Cinderace\n|-immune|p2a: Cinderace\n|\n|upkeep\n|turn|88\n|inactive|Time left: 300 sec this turn | 300 sec total\n|\n|t:|1783543556\n|move|p2a: Cinderace|Pyro Ball|p1a: Pecharunt\n|-damage|p1a: Pecharunt|102/262\n|-status|p1a: Pecharunt|brn\n|move|p1a: Pecharunt|Shadow Ball|p2a: Cinderace\n|-immune|p2a: Cinderace\n|\n|-damage|p1a: Pecharunt|86/262 brn|[from] brn\n|upkeep\n|turn|89\n|inactive|Time left: 300 sec this turn | 300 sec total\n|\n|t:|1783543557\n|move|p2a: Cinderace|Pyro Ball|p1a: Pecharunt\n|-damage|p1a: Pecharunt|31/262 brn\n|move|p1a: Pecharunt|Parting Shot|p2a: Cinderace\n|-unboost|p2a: Cinderace|atk|1\n|-unboost|p2a: Cinderace|spa|1\n|inactive|Time left: 300 sec this turn | 300 sec total | 5 sec grace\n|\n|t:|1783543558\n|switch|p1a: Whimsicott|Whimsicott, L84, F|238/238|[from] Parting Shot\n|-damage|p1a: Whimsicott|209/238|[from] Spikes\n|\n|-heal|p1a: Whimsicott|223/238|[from] item: Leftovers\n|upkeep\n|turn|90\n|inactive|Time left: 300 sec this turn | 300 sec total\n|\n|t:|1783543559\n|switch|p2a: Vileplume|Vileplume, L85, F|96/100\n|move|p1a: Whimsicott|Moonblast|p2a: Vileplume\n|-resisted|p2a: Vileplume\n|-damage|p2a: Vileplume|80/100\n|\n|-heal|p1a: Whimsicott|237/238|[from] item: Leftovers\n|-heal|p2a: Vileplume|86/100|[from] item: Leftovers\n|upkeep\n|turn|91\n|inactive|Time left: 300 sec this turn | 300 sec total\n|\n|t:|1783543561\n|switch|p1a: Klefki|Klefki, L84, F|228/233 slp\n|-damage|p1a: Klefki|199/233 slp|[from] Spikes\n|move|p2a: Vileplume|Sludge Bomb|p1a: Klefki\n|-immune|p1a: Klefki\n|\n|-heal|p1a: Klefki|213/233 slp|[from] item: Leftovers\n|-heal|p2a: Vileplume|92/100|[from] item: Leftovers\n|upkeep\n|turn|92\n|inactive|Time left: 300 sec this turn | 300 sec total\n|\n|t:|1783543562\n|cant|p1a: Klefki|slp\n|move|p2a: Vileplume|Giga Drain|p1a: Klefki\n|-resisted|p1a: Klefki\n|-damage|p1a: Klefki|165/233 slp\n|-heal|p2a: Vileplume|100/100|[from] drain|[of] p1a: Klefki\n|\n|-heal|p1a: Klefki|179/233 slp|[from] item: Leftovers\n|upkeep\n|turn|93\n|inactive|Time left: 300 sec this turn | 300 sec total\n|\n|t:|1783543563\n|cant|p1a: Klefki|slp\n|move|p2a: Vileplume|Strength Sap|p1a: Klefki\n|-unboost|p1a: Klefki|atk|1\n|\n|-heal|p1a: Klefki|193/233 slp|[from] item: Leftovers\n|upkeep\n|turn|94\n|inactive|Time left: 300 sec this turn | 300 sec total\n|\n|t:|1783543564\n|cant|p1a: Klefki|slp\n|move|p2a: Vileplume|Giga Drain|p1a: Klefki\n|-resisted|p1a: Klefki\n|-damage|p1a: Klefki|145/233 slp\n|\n|-heal|p1a: Klefki|159/233 slp|[from] item: Leftovers\n|upkeep\n|turn|95\n|inactive|Time left: 300 sec this turn | 300 sec total\n|\n|t:|1783543565\n|-curestatus|p1a: Klefki|slp|[msg]\n|move|p1a: Klefki|Thunder Wave|p2a: Vileplume\n|-status|p2a: Vileplume|par\n|move|p2a: Vileplume|Giga Drain|p1a: Klefki\n|-resisted|p1a: Klefki\n|-damage|p1a: Klefki|111/233\n|\n|-heal|p1a: Klefki|125/233|[from] item: Leftovers\n|upkeep\n|turn|96\n|inactive|Time left: 300 sec this turn | 300 sec total\n|\n|t:|1783543566\n|move|p1a: Klefki|Spikes|p2a: Vileplume\n|-sidestart|p2: p0y331dc34|Spikes\n|move|p2a: Vileplume|Sleep Powder|p1a: Klefki\n|-status|p1a: Klefki|slp|[from] move: Sleep Powder\n|\n|-heal|p1a: Klefki|139/233 slp|[from] item: Leftovers\n|upkeep\n|turn|97\n|inactive|Time left: 300 sec this turn | 300 sec total\n|\n|t:|1783543568\n|cant|p1a: Klefki|slp\n|move|p2a: Vileplume|Sludge Bomb|p1a: Klefki\n|-immune|p1a: Klefki\n|\n|-heal|p1a: Klefki|153/233 slp|[from] item: Leftovers\n|upkeep\n|turn|98\n|inactive|Time left: 300 sec this turn | 300 sec total\n|\n|t:|1783543569\n|cant|p1a: Klefki|slp\n|move|p2a: Vileplume|Sludge Bomb|p1a: Klefki\n|-immune|p1a: Klefki\n|\n|-heal|p1a: Klefki|167/233 slp|[from] item: Leftovers\n|upkeep\n|turn|99\n|inactive|Time left: 300 sec this turn | 300 sec total\n|\n|t:|1783543570\n|-curestatus|p1a: Klefki|slp|[msg]\n|move|p1a: Klefki|Magnet Rise|p1a: Klefki\n|-start|p1a: Klefki|Magnet Rise\n|cant|p2a: Vileplume|par\n|\n|-heal|p1a: Klefki|181/233|[from] item: Leftovers\n|upkeep\n|turn|100\n|inactive|Time left: 300 sec this turn | 300 sec total\n|\n|t:|1783543571\n|move|p1a: Klefki|Thunder Wave|p2a: Vileplume\n|-fail|p2a: Vileplume|par\n|move|p2a: Vileplume|Giga Drain|p1a: Klefki\n|-resisted|p1a: Klefki\n|-damage|p1a: Klefki|135/233\n|\n|-heal|p1a: Klefki|149/233|[from] item: Leftovers\n|upkeep\n|turn|101\n|inactive|Time left: 300 sec this turn | 300 sec total\n|\n|t:|1783543572\n|move|p1a: Klefki|Thunder Wave|p2a: Vileplume\n|-fail|p2a: Vileplume|par\n|move|p2a: Vileplume|Giga Drain|p1a: Klefki\n|-resisted|p1a: Klefki\n|-damage|p1a: Klefki|106/233\n|\n|-heal|p1a: Klefki|120/233|[from] item: Leftovers\n|upkeep\n|turn|102\n|inactive|Time left: 300 sec this turn | 300 sec total\n|\n|t:|1783543573\n|move|p1a: Klefki|Spikes|p2a: Vileplume\n|-sidestart|p2: p0y331dc34|Spikes\n|move|p2a: Vileplume|Giga Drain|p1a: Klefki\n|-resisted|p1a: Klefki\n|-damage|p1a: Klefki|72/233\n|\n|-heal|p1a: Klefki|86/233|[from] item: Leftovers\n|upkeep\n|turn|103\n|inactive|Time left: 300 sec this turn | 300 sec total\n|\n|t:|1783543574\n|move|p1a: Klefki|Play Rough|p2a: Vileplume\n|-resisted|p2a: Vileplume\n|-damage|p2a: Vileplume|91/100 par\n|move|p2a: Vileplume|Strength Sap|p1a: Klefki\n|-unboost|p1a: Klefki|atk|1\n|-heal|p2a: Vileplume|100/100 par\n|\n|-heal|p1a: Klefki|100/233|[from] item: Leftovers\n|-end|p1a: Klefki|Magnet Rise\n|upkeep\n|turn|104\n|inactive|Time left: 300 sec this turn | 300 sec total\n|\n|t:|1783543576\n|move|p1a: Klefki|Magnet Rise|p1a: Klefki\n|-start|p1a: Klefki|Magnet Rise\n|cant|p2a: Vileplume|par\n|\n|-heal|p1a: Klefki|114/233|[from] item: Leftovers\n|upkeep\n|turn|105\n|inactive|Time left: 300 sec this turn | 300 sec total\n|\n|t:|1783543577\n|move|p1a: Klefki|Magnet Rise||[still]\n|-fail|p1a: Klefki\n|cant|p2a: Vileplume|par\n|\n|-heal|p1a: Klefki|128/233|[from] item: Leftovers\n|upkeep\n|turn|106\n|inactive|Time left: 300 sec this turn | 300 sec total\n|\n|t:|1783543578\n|move|p1a: Klefki|Play Rough|p2a: Vileplume\n|-resisted|p2a: Vileplume\n|-damage|p2a: Vileplume|93/100 par\n|move|p2a: Vileplume|Sludge Bomb|p1a: Klefki\n|-immune|p1a: Klefki\n|\n|-heal|p1a: Klefki|142/233|[from] item: Leftovers\n|-heal|p2a: Vileplume|99/100 par|[from] item: Leftovers\n|upkeep\n|turn|107\n|inactive|Time left: 300 sec this turn | 300 sec total\n|\n|t:|1783543579\n|move|p1a: Klefki|Magnet Rise||[still]\n|-fail|p1a: Klefki\n|move|p2a: Vileplume|Sludge Bomb|p1a: Klefki\n|-immune|p1a: Klefki\n|\n|-heal|p1a: Klefki|156/233|[from] item: Leftovers\n|-heal|p2a: Vileplume|100/100 par|[from] item: Leftovers\n|upkeep\n|turn|108\n|inactive|Time left: 300 sec this turn | 300 sec total\n|\n|t:|1783543580\n|move|p1a: Klefki|Thunder Wave|p2a: Vileplume|[miss]\n|-miss|p1a: Klefki|p2a: Vileplume\n|move|p2a: Vileplume|Sludge Bomb|p1a: Klefki\n|-immune|p1a: Klefki\n|\n|-heal|p1a: Klefki|170/233|[from] item: Leftovers\n|-end|p1a: Klefki|Magnet Rise\n|upkeep\n|turn|109\n|inactive|Time left: 300 sec this turn | 300 sec total\n|\n|t:|1783543581\n|switch|p1a: Zamazenta|Zamazenta, L71|16/248 slp\n|-damage|p1a: Zamazenta|0 fnt|[from] Spikes\n|faint|p1a: Zamazenta\n|move|p2a: Vileplume|Sludge Bomb|p1: Zamazenta|[notarget]\n|-fail|p2a: Vileplume\n|\n|upkeep\n|inactive|Time left: 300 sec this turn | 300 sec total | 5 sec grace\n|\n|t:|1783543582\n|switch|p1a: Klefki|Klefki, L84, F|170/233\n|-damage|p1a: Klefki|141/233|[from] Spikes\n|turn|110\n|inactive|Time left: 300 sec this turn | 300 sec total\n|\n|t:|1783543583\n|move|p1a: Klefki|Spikes|p2a: Vileplume\n|-sidestart|p2: p0y331dc34|Spikes\n|cant|p2a: Vileplume|par\n|\n|-heal|p1a: Klefki|155/233|[from] item: Leftovers\n|upkeep\n|turn|111\n|inactive|Time left: 300 sec this turn | 300 sec total\n|\n|t:|1783543584\n|move|p1a: Klefki|Play Rough|p2a: Vileplume\n|-resisted|p2a: Vileplume\n|-damage|p2a: Vileplume|85/100 par\n|cant|p2a: Vileplume|par\n|\n|-heal|p1a: Klefki|169/233|[from] item: Leftovers\n|-heal|p2a: Vileplume|91/100 par|[from] item: Leftovers\n|upkeep\n|turn|112\n|inactive|Time left: 300 sec this turn | 300 sec total\n|\n|t:|1783543585\n|move|p1a: Klefki|Play Rough|p2a: Vileplume\n|-resisted|p2a: Vileplume\n|-damage|p2a: Vileplume|76/100 par\n|-status|p1a: Klefki|par|[from] ability: Effect Spore|[of] p2a: Vileplume\n|move|p2a: Vileplume|Giga Drain|p1a: Klefki\n|-resisted|p1a: Klefki\n|-crit|p1a: Klefki\n|-damage|p1a: Klefki|101/233 par\n|-heal|p2a: Vileplume|88/100 par|[from] drain|[of] p1a: Klefki\n|\n|-heal|p1a: Klefki|115/233 par|[from] item: Leftovers\n|-heal|p2a: Vileplume|94/100 par|[from] item: Leftovers\n|upkeep\n|turn|113\n|inactive|Time left: 300 sec this turn | 300 sec total\n|\n|t:|1783543586\n|move|p1a: Klefki|Play Rough|p2a: Vileplume\n|-resisted|p2a: Vileplume\n|-damage|p2a: Vileplume|79/100 par\n|move|p2a: Vileplume|Strength Sap|p1a: Klefki\n|-unboost|p1a: Klefki|atk|1\n|-heal|p2a: Vileplume|100/100 par\n|\n|-heal|p1a: Klefki|129/233 par|[from] item: Leftovers\n|upkeep\n|turn|114\n|inactive|Time left: 300 sec this turn | 300 sec total\n|\n|t:|1783543587\n|move|p1a: Klefki|Play Rough|p2a: Vileplume\n|-resisted|p2a: Vileplume\n|-damage|p2a: Vileplume|90/100 par\n|cant|p2a: Vileplume|par\n|\n|-heal|p1a: Klefki|143/233 par|[from] item: Leftovers\n|-heal|p2a: Vileplume|96/100 par|[from] item: Leftovers\n|upkeep\n|turn|115\n|inactive|Time left: 300 sec this turn | 300 sec total\n|\n|t:|1783543588\n|switch|p1a: Whimsicott|Whimsicott, L84, F|237/238\n|-damage|p1a: Whimsicott|208/238|[from] Spikes\n|move|p2a: Vileplume|Strength Sap|p1a: Whimsicott\n|-unboost|p1a: Whimsicott|atk|1\n|-heal|p2a: Vileplume|100/100 par\n|\n|-heal|p1a: Whimsicott|222/238|[from] item: Leftovers\n|upkeep\n|turn|116\n|inactive|Time left: 300 sec this turn | 300 sec total\n|\n|t:|1783543589\n|switch|p2a: Jumpluff|Jumpluff, L87, F|100/100\n|move|p1a: Whimsicott|Moonblast|p2a: Jumpluff\n|-damage|p2a: Jumpluff|71/100\n|\n|-heal|p1a: Whimsicott|236/238|[from] item: Leftovers\n|upkeep\n|turn|117\n|inactive|Time left: 300 sec this turn | 300 sec total\n|\n|t:|1783543590\n|move|p1a: Whimsicott|Moonblast|p2a: Jumpluff\n|-damage|p2a: Jumpluff|41/100\n|move|p2a: Jumpluff|Acrobatics|p1a: Whimsicott\n|-supereffective|p1a: Whimsicott\n|-damage|p1a: Whimsicott|56/238\n|\n|-heal|p1a: Whimsicott|70/238|[from] item: Leftovers\n|upkeep\n|turn|118\n|inactive|Time left: 300 sec this turn | 300 sec total\n|\n|t:|1783543592\n|move|p1a: Whimsicott|Moonblast|p2a: Jumpluff\n|-damage|p2a: Jumpluff|14/100\n|move|p2a: Jumpluff|Acrobatics|p1a: Whimsicott\n|-supereffective|p1a: Whimsicott\n|-damage|p1a: Whimsicott|0 fnt\n|faint|p1a: Whimsicott\n|\n|upkeep\n|inactive|Time left: 300 sec this turn | 300 sec total | 5 sec grace\n|\n|t:|1783543593\n|switch|p1a: Klefki|Klefki, L84, F|143/233 par\n|-damage|p1a: Klefki|114/233 par|[from] Spikes\n|turn|119\n|inactive|Time left: 300 sec this turn | 300 sec total\n|\n|t:|1783543594\n|move|p2a: Jumpluff|Strength Sap|p1a: Klefki\n|-unboost|p1a: Klefki|atk|1\n|-heal|p2a: Jumpluff|81/100\n|move|p1a: Klefki|Play Rough|p2a: Jumpluff\n|-damage|p2a: Jumpluff|58/100\n|-unboost|p2a: Jumpluff|atk|1\n|\n|-heal|p1a: Klefki|128/233 par|[from] item: Leftovers\n|upkeep\n|turn|120\n|inactive|Time left: 300 sec this turn | 300 sec total\n|\n|t:|1783543595\n|cant|p1a: Klefki|par\n|move|p2a: Jumpluff|Strength Sap|p1a: Klefki\n|-unboost|p1a: Klefki|atk|1\n|-heal|p2a: Jumpluff|100/100\n|\n|-heal|p1a: Klefki|142/233 par|[from] item: Leftovers\n|upkeep\n|turn|121\n|inactive|Time left: 300 sec this turn | 300 sec total\n|\n|t:|1783543596\n|switch|p2a: Cinderace|Cinderace, L77, M|100/100\n|move|p1a: Klefki|Play Rough|p2a: Cinderace\n|-resisted|p2a: Cinderace\n|-damage|p2a: Cinderace|90/100\n|\n|-heal|p1a: Klefki|156/233 par|[from] item: Leftovers\n|upkeep\n|turn|122\n|inactive|Time left: 300 sec this turn | 300 sec total\n|\n|t:|1783543597\n|switch|p1a: Pecharunt|Pecharunt, L77|31/262 brn\n|-damage|p1a: Pecharunt|0 fnt|[from] Spikes\n|faint|p1a: Pecharunt\n|move|p2a: Cinderace|Pyro Ball|p1: Pecharunt|[notarget]\n|-fail|p2a: Cinderace\n|\n|upkeep\n|inactive|Time left: 300 sec this turn | 300 sec total | 5 sec grace\n|\n|t:|1783543598\n|switch|p1a: Klefki|Klefki, L84, F|156/233 par\n|-damage|p1a: Klefki|127/233 par|[from] Spikes\n|turn|123\n|inactive|Time left: 300 sec this turn | 300 sec total\n|\n|t:|1783543598\n|move|p1a: Klefki|Thunder Wave|p2a: Cinderace\n|-status|p2a: Cinderace|par\n|move|p2a: Cinderace|High Jump Kick|p1a: Klefki\n|-start|p2a: Cinderace|typechange|Fighting|[from] ability: Libero\n|-damage|p1a: Klefki|4/233 par\n|\n|-heal|p1a: Klefki|18/233 par|[from] item: Leftovers\n|upkeep\n|turn|124\n|inactive|Time left: 300 sec this turn | 300 sec total\n|\n|t:|1783543599\n|move|p2a: Cinderace|Pyro Ball|p1a: Klefki\n|-supereffective|p1a: Klefki\n|-damage|p1a: Klefki|0 fnt\n|faint|p1a: Klefki\n|\n|win|p0y331dc34", "uploadtime": 1783543599, "views": 0, "rating": 0, "private": 0, "password": null, "_winner": "p0y331dc34", "_our_name": "p0x331b259"}