{"id": "battle-gen9randombattle-8", "formatid": "gen9randombattle", "format": "[Gen 9] Random Battle", "players": ["p0x0083ce2", "p0y008c5f9"], "log": "|init|battle\n|title|p0x0083ce2 vs. p0y008c5f9\n|j|\u2606p0x0083ce2\n|j|\u2606p0y008c5f9\n|t:|1783539504\n|gametype|singles\n|player|p1|p0x0083ce2|170|\n|player|p2|p0y008c5f9|102|\n|gen|9\n|tier|[Gen 9] Random Battle\n|rule|Species Clause: Limit one of each Pok\u00e9mon\n|rule|HP Percentage Mod: HP is shown in percentages\n|rule|Sleep Clause Mod: Limit one foe put to sleep\n|rule|Illusion Level Mod: Illusion disguises the Pok\u00e9mon's true level\n|\n|t:|1783539504\n|teamsize|p1|6\n|teamsize|p2|6\n|start\n|switch|p1a: Decidueye|Decidueye, L88, F|100/100\n|switch|p2a: Shiftry|Shiftry, L89, F|305/305\n|turn|1\n|inactive|Battle timer is ON: inactive players will automatically lose when time's up. (requested by p0y008c5f9)\n|inactive|p0x0083ce2 also wants the timer to be on.\n|\n|t:|1783539506\n|switch|p1a: Zacian|Zacian-Crowned, L64|100/100\n|-ability|p1a: Zacian|Intrepid Sword|boost\n|-boost|p1a: Zacian|atk|1\n|move|p2a: Shiftry|Knock Off|p1a: Zacian\n|-resisted|p1a: Zacian\n|-damage|p1a: Zacian|78/100\n|-damage|p2a: Shiftry|275/305|[from] item: Life Orb\n|\n|upkeep\n|turn|2\n|inactive|Time left: 300 sec this turn | 300 sec total\n|\n|t:|1783539508\n|switch|p2a: Whiscash|Whiscash, L88, F|337/337\n|move|p1a: Zacian|Play Rough|p2a: Whiscash\n|-damage|p2a: Whiscash|199/337\n|\n|-heal|p2a: Whiscash|220/337|[from] item: Leftovers\n|upkeep\n|turn|3\n|inactive|Time left: 300 sec this turn | 300 sec total\n|\n|t:|1783539509\n|move|p1a: Zacian|Play Rough|p2a: Whiscash\n|-damage|p2a: Whiscash|96/337\n|move|p2a: Whiscash|Earthquake|p1a: Zacian\n|-supereffective|p1a: Zacian\n|-damage|p1a: Zacian|0 fnt\n|faint|p1a: Zacian\n|\n|-heal|p2a: Whiscash|117/337|[from] item: Leftovers\n|upkeep\n|\n|t:|1783539510\n|switch|p1a: Decidueye|Decidueye, L88, F|100/100\n|turn|4\n|inactive|Time left: 300 sec this turn | 300 sec total\n|\n|t:|1783539511\n|switch|p2a: Shiftry|Shiftry, L89, F|275/305\n|move|p1a: Decidueye|Leaf Blade|p2a: Shiftry\n|-resisted|p2a: Shiftry\n|-damage|p2a: Shiftry|179/305\n|-damage|p1a: Decidueye|91/100|[from] item: Life Orb\n|\n|upkeep\n|turn|5\n|inactive|Time left: 300 sec this turn | 300 sec total\n|\n|t:|1783539512\n|switch|p1a: Eternatus|Eternatus, L69|100/100\n|-ability|p1a: Eternatus|Pressure\n|move|p2a: Shiftry|Knock Off|p1a: Eternatus\n|-damage|p1a: Eternatus|44/100\n|-damage|p2a: Shiftry|129/305|[from] item: Rocky Helmet|[of] p1a: Eternatus\n|-enditem|p1a: Eternatus|Rocky Helmet|[from] move: Knock Off|[of] p2a: Shiftry\n|-damage|p2a: Shiftry|99/305|[from] item: Life Orb\n|\n|upkeep\n|turn|6\n|inactive|Time left: 300 sec this turn | 300 sec total\n|\n|t:|1783539513\n|switch|p2a: Azumarill|Azumarill, L82, F|298/298\n|move|p1a: Eternatus|Recover|p1a: Eternatus\n|-heal|p1a: Eternatus|94/100\n|\n|upkeep\n|turn|7\n|inactive|Time left: 300 sec this turn | 300 sec total\n|\n|t:|1783539515\n|move|p1a: Eternatus|Toxic Spikes|p2a: Azumarill\n|-sidestart|p2: p0y008c5f9|move: Toxic Spikes\n|move|p2a: Azumarill|Play Rough|p1a: Eternatus\n|-crit|p1a: Eternatus\n|-damage|p1a: Eternatus|3/100\n|\n|upkeep\n|turn|8\n|inactive|Time left: 300 sec this turn | 300 sec total\n|\n|t:|1783539516\n|move|p1a: Eternatus|Toxic Spikes|p2a: Azumarill\n|-sidestart|p2: p0y008c5f9|move: Toxic Spikes\n|move|p2a: Azumarill|Play Rough|p1a: Eternatus|[miss]\n|-miss|p2a: Azumarill|p1a: Eternatus\n|\n|upkeep\n|turn|9\n|inactive|Time left: 300 sec this turn | 300 sec total\n|\n|t:|1783539517\n|move|p1a: Eternatus|Recover|p1a: Eternatus\n|-heal|p1a: Eternatus|53/100\n|move|p2a: Azumarill|Play Rough|p1a: Eternatus\n|-damage|p1a: Eternatus|0 fnt\n|faint|p1a: Eternatus\n|\n|upkeep\n|\n|t:|1783539518\n|switch|p1a: Decidueye|Decidueye, L88, F|91/100\n|turn|10\n|inactive|Time left: 300 sec this turn | 300 sec total\n|\n|t:|1783539519\n|switch|p2a: Gurdurr|Gurdurr, L85, M|283/283\n|-status|p2a: Gurdurr|tox\n|move|p1a: Decidueye|Swords Dance|p1a: Decidueye\n|-boost|p1a: Decidueye|atk|2\n|\n|-damage|p2a: Gurdurr|266/283 tox|[from] psn\n|upkeep\n|turn|11\n|inactive|Time left: 300 sec this turn | 300 sec total\n|\n|t:|1783539520\n|-terastallize|p1a: Decidueye|Ghost\n|move|p1a: Decidueye|Poltergeist|p2a: Gurdurr\n|-activate|p2a: Gurdurr|move: Poltergeist|Eviolite\n|-damage|p2a: Gurdurr|0 fnt\n|faint|p2a: Gurdurr\n|-damage|p1a: Decidueye|81/100|[from] item: Life Orb\n|\n|upkeep\n|inactive|Time left: 300 sec this turn | 300 sec total | 5 sec grace\n|\n|t:|1783539521\n|switch|p2a: Shiftry|Shiftry, L89, F|99/305\n|-status|p2a: Shiftry|tox\n|turn|12\n|inactive|Time left: 300 sec this turn | 300 sec total\n|\n|t:|1783539522\n|move|p1a: Decidueye|Shadow Sneak|p2a: Shiftry\n|-resisted|p2a: Shiftry\n|-damage|p2a: Shiftry|0 fnt\n|faint|p2a: Shiftry\n|-damage|p1a: Decidueye|71/100|[from] item: Life Orb\n|\n|upkeep\n|inactive|Time left: 300 sec this turn | 300 sec total | 5 sec grace\n|\n|t:|1783539523\n|switch|p2a: Whiscash|Whiscash, L88, F|117/337\n|-status|p2a: Whiscash|tox\n|turn|13\n|inactive|Time left: 300 sec this turn | 300 sec total\n|\n|t:|1783539524\n|move|p1a: Decidueye|Shadow Sneak|p2a: Whiscash\n|-damage|p2a: Whiscash|0 fnt\n|faint|p2a: Whiscash\n|-damage|p1a: Decidueye|61/100|[from] item: Life Orb\n|\n|upkeep\n|inactive|Time left: 300 sec this turn | 300 sec total | 5 sec grace\n|\n|t:|1783539525\n|switch|p2a: Glaceon|Glaceon, L94, F|275/275\n|turn|14\n|inactive|Time left: 300 sec this turn | 300 sec total\n|\n|t:|1783539526\n|move|p2a: Glaceon|Protect|p2a: Glaceon\n|-singleturn|p2a: Glaceon|Protect\n|move|p1a: Decidueye|Poltergeist|p2a: Glaceon\n|-activate|p2a: Glaceon|move: Protect\n|\n|upkeep\n|turn|15\n|inactive|Time left: 300 sec this turn | 300 sec total\n|\n|t:|1783539527\n|move|p2a: Glaceon|Freeze-Dry|p1a: Decidueye\n|-damage|p1a: Decidueye|28/100\n|move|p1a: Decidueye|Poltergeist|p2a: Glaceon\n|-activate|p2a: Glaceon|move: Poltergeist|Heavy-Duty Boots\n|-damage|p2a: Glaceon|0 fnt\n|faint|p2a: Glaceon\n|-damage|p1a: Decidueye|18/100|[from] item: Life Orb\n|\n|upkeep\n|inactive|Time left: 300 sec this turn | 300 sec total | 5 sec grace\n|\n|t:|1783539527\n|switch|p2a: Azumarill|Azumarill, L82, F|298/298\n|-status|p2a: Azumarill|tox\n|turn|16\n|inactive|Time left: 300 sec this turn | 300 sec total\n|\n|t:|1783539528\n|move|p1a: Decidueye|Shadow Sneak|p2a: Azumarill\n|-crit|p2a: Azumarill\n|-damage|p2a: Azumarill|2/298 tox\n|-damage|p1a: Decidueye|8/100|[from] item: Life Orb\n|move|p2a: Azumarill|Aqua Jet|p1a: Decidueye\n|-damage|p1a: Decidueye|0 fnt\n|faint|p1a: Decidueye\n|\n|-damage|p2a: Azumarill|0 fnt|[from] psn\n|faint|p2a: Azumarill\n|upkeep\n|inactive|Time left: 300 sec this turn | 300 sec total | 5 sec grace\n|\n|t:|1783539529\n|switch|p1a: Arboliva|Arboliva, L91, F|100/100\n|switch|p2a: Eelektross|Eelektross, L87, F|290/290\n|turn|17\n|inactive|Time left: 300 sec this turn | 300 sec total\n|\n|t:|1783539530\n|move|p2a: Eelektross|Discharge|p1a: Arboliva\n|-resisted|p1a: Arboliva\n|-damage|p1a: Arboliva|87/100\n|move|p1a: Arboliva|Leech Seed|p2a: Eelektross\n|-start|p2a: Eelektross|move: Leech Seed\n|\n|-damage|p2a: Eelektross|254/290|[from] Leech Seed|[of] p1a: Arboliva\n|-heal|p1a: Arboliva|99/100|[silent]\n|upkeep\n|turn|18\n|inactive|Time left: 300 sec this turn | 300 sec total\n|\n|t:|1783539530\n|move|p2a: Eelektross|Discharge|p1a: Arboliva\n|-resisted|p1a: Arboliva\n|-damage|p1a: Arboliva|86/100\n|move|p1a: Arboliva|Hyper Voice|p2a: Eelektross\n|-damage|p2a: Eelektross|164/290\n|\n|-damage|p2a: Eelektross|128/290|[from] Leech Seed|[of] p1a: Arboliva\n|-heal|p1a: Arboliva|99/100|[silent]\n|upkeep\n|turn|19\n|inactive|Time left: 300 sec this turn | 300 sec total\n|\n|t:|1783539531\n|move|p2a: Eelektross|Discharge|p1a: Arboliva\n|-resisted|p1a: Arboliva\n|-damage|p1a: Arboliva|86/100\n|-status|p1a: Arboliva|par\n|move|p1a: Arboliva|Hyper Voice|p2a: Eelektross\n|-damage|p2a: Eelektross|28/290\n|\n|-damage|p2a: Eelektross|0 fnt|[from] Leech Seed|[of] p1a: Arboliva\n|-heal|p1a: Arboliva|95/100 par|[silent]\n|faint|p2a: Eelektross\n|\n|win|p0x0083ce2", "uploadtime": 1783539531, "views": 0, "rating": 0, "private": 0, "password": null, "_winner": "p0x0083ce2", "_our_name": "p0y008c5f9"}