{"id": "battle-gen9randombattle-1238", "formatid": "gen9randombattle", "format": "[Gen 9] Random Battle", "players": ["p0x12383d16", "p0y123826b7"], "log": "|init|battle\n|title|p0x12383d16 vs. p0y123826b7\n|j|\u2606p0x12383d16\n|j|\u2606p0y123826b7\n|t:|1783554302\n|gametype|singles\n|player|p1|p0x12383d16|266|\n|player|p2|p0y123826b7|170|\n|gen|9\n|tier|[Gen 9] Random Battle\n|rule|Species Clause: Limit one of each Pok\u00e9mon\n|rule|HP Percentage Mod: HP is shown in percentages\n|rule|Sleep Clause Mod: Limit one foe put to sleep\n|rule|Illusion Level Mod: Illusion disguises the Pok\u00e9mon's true level\n|\n|t:|1783554302\n|teamsize|p1|6\n|teamsize|p2|6\n|start\n|switch|p1a: Jirachi|Jirachi, L80|100/100\n|switch|p2a: Kyurem|Kyurem-White, L73|303/303\n|-ability|p2a: Kyurem|Turboblaze\n|turn|1\n|inactive|Battle timer is ON: inactive players will automatically lose when time's up. (requested by p0y123826b7)\n|inactive|p0x12383d16 also wants the timer to be on.\n|\n|t:|1783554303\n|move|p2a: Kyurem|Fusion Flare|p1a: Jirachi\n|-supereffective|p1a: Jirachi\n|-damage|p1a: Jirachi|41/100\n|move|p1a: Jirachi|Iron Head|p2a: Kyurem\n|-supereffective|p2a: Kyurem\n|-crit|p2a: Kyurem\n|-damage|p2a: Kyurem|21/303\n|\n|-heal|p1a: Jirachi|47/100|[from] item: Leftovers\n|upkeep\n|turn|2\n|inactive|Time left: 300 sec this turn | 300 sec total\n|\n|t:|1783554305\n|switch|p1a: Houndstone|Houndstone, L86, F|100/100\n|move|p2a: Kyurem|Fusion Flare|p1a: Houndstone\n|-damage|p1a: Houndstone|80/100\n|\n|upkeep\n|turn|3\n|inactive|Time left: 300 sec this turn | 300 sec total\n|\n|t:|1783554306\n|switch|p2a: Glimmora|Glimmora, L75, M|248/248\n|move|p1a: Houndstone|Poltergeist|p2a: Glimmora\n|-activate|p2a: Glimmora|move: Poltergeist|Heavy-Duty Boots\n|-damage|p2a: Glimmora|119/248\n|-activate|p2a: Glimmora|ability: Toxic Debris\n|-sidestart|p1: p0x12383d16|move: Toxic Spikes\n|\n|upkeep\n|turn|4\n|inactive|Time left: 300 sec this turn | 300 sec total\n|\n|t:|1783554307\n|move|p2a: Glimmora|Stealth Rock|p1a: Houndstone\n|-sidestart|p1: p0x12383d16|move: Stealth Rock\n|move|p1a: Houndstone|Poltergeist|p2a: Glimmora\n|-activate|p2a: Glimmora|move: Poltergeist|Heavy-Duty Boots\n|-damage|p2a: Glimmora|0 fnt\n|-activate|p2a: Glimmora|ability: Toxic Debris\n|-sidestart|p1: p0x12383d16|move: Toxic Spikes\n|faint|p2a: Glimmora\n|\n|upkeep\n|inactive|Time left: 300 sec this turn | 300 sec total | 5 sec grace\n|\n|t:|1783554308\n|switch|p2a: Kricketune|Kricketune, L99, F|312/312\n|turn|5\n|inactive|Time left: 300 sec this turn | 300 sec total\n|\n|t:|1783554309\n|switch|p1a: Sneasler|Sneasler, L74, M|100/100\n|-sideend|p1: p0x12383d16|move: Toxic Spikes|[of] p1a: Sneasler\n|-damage|p1a: Sneasler|94/100|[from] Stealth Rock\n|move|p2a: Kricketune|Sticky Web|p1a: Sneasler\n|-sidestart|p1: p0x12383d16|move: Sticky Web\n|\n|upkeep\n|turn|6\n|inactive|Time left: 300 sec this turn | 300 sec total\n|\n|t:|1783554310\n|switch|p2a: Rotom|Rotom, L88|231/231\n|move|p1a: Sneasler|Dire Claw|p2a: Rotom\n|-resisted|p2a: Rotom\n|-damage|p2a: Rotom|162/231\n|\n|upkeep\n|turn|7\n|inactive|Time left: 300 sec this turn | 300 sec total\n|\n|t:|1783554311\n|move|p1a: Sneasler|Dire Claw|p2a: Rotom\n|-resisted|p2a: Rotom\n|-damage|p2a: Rotom|98/231\n|move|p2a: Rotom|Will-O-Wisp|p1a: Sneasler\n|-status|p1a: Sneasler|brn\n|\n|-damage|p1a: Sneasler|88/100 brn|[from] brn\n|upkeep\n|turn|8\n|inactive|Time left: 300 sec this turn | 300 sec total\n|\n|t:|1783554312\n|switch|p2a: Lunala|Lunala, L70|308/308\n|move|p1a: Sneasler|Dire Claw|p2a: Lunala\n|-resisted|p2a: Lunala\n|-damage|p2a: Lunala|291/308\n|\n|-heal|p2a: Lunala|308/308|[from] item: Leftovers\n|-damage|p1a: Sneasler|82/100 brn|[from] brn\n|upkeep\n|turn|9\n|inactive|Time left: 300 sec this turn | 300 sec total\n|\n|t:|1783554313\n|move|p1a: Sneasler|Dire Claw|p2a: Lunala\n|-resisted|p2a: Lunala\n|-damage|p2a: Lunala|289/308\n|-status|p2a: Lunala|par\n|cant|p2a: Lunala|par\n|\n|-heal|p2a: Lunala|308/308 par|[from] item: Leftovers\n|-damage|p1a: Sneasler|75/100 brn|[from] brn\n|upkeep\n|turn|10\n|inactive|Time left: 300 sec this turn | 300 sec total\n|\n|t:|1783554314\n|move|p1a: Sneasler|Dire Claw|p2a: Lunala\n|-resisted|p2a: Lunala\n|-damage|p2a: Lunala|292/308 par\n|move|p2a: Lunala|Calm Mind|p2a: Lunala\n|-boost|p2a: Lunala|spa|1\n|-boost|p2a: Lunala|spd|1\n|\n|-heal|p2a: Lunala|308/308 par|[from] item: Leftovers\n|-damage|p1a: Sneasler|69/100 brn|[from] brn\n|upkeep\n|turn|11\n|inactive|Time left: 300 sec this turn | 300 sec total\n|\n|t:|1783554315\n|move|p1a: Sneasler|Dire Claw|p2a: Lunala\n|-resisted|p2a: Lunala\n|-damage|p2a: Lunala|289/308 par\n|move|p2a: Lunala|Calm Mind|p2a: Lunala\n|-boost|p2a: Lunala|spa|1\n|-boost|p2a: Lunala|spd|1\n|\n|-heal|p2a: Lunala|308/308 par|[from] item: Leftovers\n|-damage|p1a: Sneasler|63/100 brn|[from] brn\n|upkeep\n|turn|12\n|inactive|Time left: 300 sec this turn | 300 sec total\n|\n|t:|1783554316\n|move|p1a: Sneasler|Dire Claw|p2a: Lunala\n|-resisted|p2a: Lunala\n|-damage|p2a: Lunala|292/308 par\n|move|p2a: Lunala|Moongeist Beam|p1a: Sneasler\n|-damage|p1a: Sneasler|0 fnt\n|faint|p1a: Sneasler\n|\n|-heal|p2a: Lunala|308/308 par|[from] item: Leftovers\n|upkeep\n|\n|t:|1783554317\n|switch|p1a: Houndstone|Houndstone, L86, F|80/100\n|-damage|p1a: Houndstone|67/100|[from] Stealth Rock\n|-activate|p1a: Houndstone|move: Sticky Web\n|-unboost|p1a: Houndstone|spe|1\n|turn|13\n|inactive|Time left: 300 sec this turn | 300 sec total\n|\n|t:|1783554318\n|-terastallize|p2a: Lunala|Dark\n|move|p1a: Houndstone|Poltergeist|p2a: Lunala\n|-activate|p2a: Lunala|move: Poltergeist|Leftovers\n|-resisted|p2a: Lunala\n|-damage|p2a: Lunala|272/308 par\n|move|p2a: Lunala|Moongeist Beam|p1a: Houndstone\n|-supereffective|p1a: Houndstone\n|-damage|p1a: Houndstone|0 fnt\n|faint|p1a: Houndstone\n|\n|-heal|p2a: Lunala|291/308 par|[from] item: Leftovers\n|upkeep\n|\n|t:|1783554319\n|switch|p1a: Quaquaval|Quaquaval, L79, M|100/100\n|-damage|p1a: Quaquaval|94/100|[from] Stealth Rock\n|-activate|p1a: Quaquaval|move: Sticky Web\n|-unboost|p1a: Quaquaval|spe|1\n|turn|14\n|inactive|Time left: 300 sec this turn | 300 sec total\n|\n|t:|1783554320\n|move|p1a: Quaquaval|Close Combat|p2a: Lunala\n|-supereffective|p2a: Lunala\n|-damage|p2a: Lunala|0 fnt\n|-unboost|p1a: Quaquaval|def|1\n|-unboost|p1a: Quaquaval|spd|1\n|faint|p2a: Lunala\n|-ability|p1a: Quaquaval|Moxie|boost\n|-boost|p1a: Quaquaval|atk|1\n|\n|-heal|p1a: Quaquaval|100/100|[from] item: Leftovers\n|upkeep\n|inactive|Time left: 300 sec this turn | 300 sec total | 5 sec grace\n|\n|t:|1783554322\n|switch|p2a: Rotom|Rotom, L88|98/231\n|turn|15\n|inactive|Time left: 300 sec this turn | 300 sec total\n|\n|t:|1783554322\n|switch|p1a: Raikou|Raikou, L81|100/100\n|-ability|p1a: Raikou|Pressure\n|move|p2a: Rotom|Thunderbolt|p1a: Raikou\n|-resisted|p1a: Raikou\n|-damage|p1a: Raikou|80/100\n|-damage|p2a: Rotom|75/231|[from] item: Life Orb\n|\n|upkeep\n|turn|16\n|inactive|Time left: 300 sec this turn | 300 sec total\n|\n|t:|1783554324\n|switch|p2a: Exeggutor|Exeggutor, L89, F|312/312\n|move|p1a: Raikou|Calm Mind|p1a: Raikou\n|-boost|p1a: Raikou|spa|1\n|-boost|p1a: Raikou|spd|1\n|\n|upkeep\n|turn|17\n|inactive|Time left: 300 sec this turn | 300 sec total\n|\n|t:|1783554325\n|move|p1a: Raikou|Calm Mind|p1a: Raikou\n|-boost|p1a: Raikou|spa|1\n|-boost|p1a: Raikou|spd|1\n|move|p2a: Exeggutor|Leech Seed|p1a: Raikou\n|-start|p1a: Raikou|move: Leech Seed\n|\n|-damage|p1a: Raikou|67/100|[from] Leech Seed|[of] p2a: Exeggutor\n|upkeep\n|turn|18\n|inactive|Time left: 300 sec this turn | 300 sec total\n|\n|t:|1783554326\n|move|p1a: Raikou|Calm Mind|p1a: Raikou\n|-boost|p1a: Raikou|spa|1\n|-boost|p1a: Raikou|spd|1\n|move|p2a: Exeggutor|Psychic|p1a: Raikou\n|-damage|p1a: Raikou|48/100\n|\n|-damage|p1a: Raikou|36/100|[from] Leech Seed|[of] p2a: Exeggutor\n|upkeep\n|turn|19\n|inactive|Time left: 300 sec this turn | 300 sec total\n|\n|t:|1783554327\n|move|p1a: Raikou|Thunderbolt|p2a: Exeggutor\n|-resisted|p2a: Exeggutor\n|-damage|p2a: Exeggutor|181/312\n|move|p2a: Exeggutor|Psychic|p1a: Raikou\n|-damage|p1a: Raikou|18/100\n|\n|-damage|p1a: Raikou|6/100|[from] Leech Seed|[of] p2a: Exeggutor\n|-heal|p2a: Exeggutor|215/312|[silent]\n|upkeep\n|turn|20\n|inactive|Time left: 300 sec this turn | 300 sec total\n|\n|t:|1783554328\n|move|p1a: Raikou|Thunderbolt|p2a: Exeggutor\n|-resisted|p2a: Exeggutor\n|-damage|p2a: Exeggutor|69/312\n|-enditem|p2a: Exeggutor|Sitrus Berry|[eat]\n|-heal|p2a: Exeggutor|147/312|[from] item: Sitrus Berry\n|move|p2a: Exeggutor|Leech Seed||[still]\n|-fail|p2a: Exeggutor\n|\n|-damage|p1a: Raikou|0 fnt|[from] Leech Seed|[of] p2a: Exeggutor\n|-heal|p2a: Exeggutor|163/312|[silent]\n|faint|p1a: Raikou\n|upkeep\n|\n|t:|1783554329\n|switch|p1a: Quaquaval|Quaquaval, L79, M|100/100\n|-damage|p1a: Quaquaval|94/100|[from] Stealth Rock\n|-activate|p1a: Quaquaval|move: Sticky Web\n|-unboost|p1a: Quaquaval|spe|1\n|turn|21\n|inactive|Time left: 300 sec this turn | 300 sec total\n|\n|t:|1783554330\n|-terastallize|p1a: Quaquaval|Steel\n|move|p2a: Exeggutor|Leech Seed|p1a: Quaquaval\n|-start|p1a: Quaquaval|move: Leech Seed\n|move|p1a: Quaquaval|Rapid Spin|p2a: Exeggutor\n|-damage|p2a: Exeggutor|128/312\n|-boost|p1a: Quaquaval|spe|1\n|-end|p1a: Quaquaval|Leech Seed|[from] move: Rapid Spin|[of] p1a: Quaquaval\n|-sideend|p1: p0x12383d16|Stealth Rock|[from] move: Rapid Spin|[of] p1a: Quaquaval\n|-sideend|p1: p0x12383d16|Sticky Web|[from] move: Rapid Spin|[of] p1a: Quaquaval\n|\n|-heal|p1a: Quaquaval|100/100|[from] item: Leftovers\n|upkeep\n|turn|22\n|inactive|Time left: 300 sec this turn | 300 sec total\n|\n|t:|1783554331\n|move|p1a: Quaquaval|Aqua Step|p2a: Exeggutor\n|-resisted|p2a: Exeggutor\n|-damage|p2a: Exeggutor|81/312\n|-boost|p1a: Quaquaval|spe|1\n|move|p2a: Exeggutor|Leech Seed|p1a: Quaquaval\n|-start|p1a: Quaquaval|move: Leech Seed\n|\n|-damage|p1a: Quaquaval|88/100|[from] Leech Seed|[of] p2a: Exeggutor\n|-heal|p2a: Exeggutor|114/312|[silent]\n|upkeep\n|turn|23\n|inactive|Time left: 300 sec this turn | 300 sec total\n|\n|t:|1783554332\n|move|p1a: Quaquaval|Aqua Step|p2a: Exeggutor\n|-resisted|p2a: Exeggutor\n|-damage|p2a: Exeggutor|67/312\n|-boost|p1a: Quaquaval|spe|1\n|move|p2a: Exeggutor|Psychic|p1a: Quaquaval\n|-resisted|p1a: Quaquaval\n|-damage|p1a: Quaquaval|56/100\n|\n|-heal|p1a: Quaquaval|62/100|[from] item: Leftovers\n|-damage|p1a: Quaquaval|50/100|[from] Leech Seed|[of] p2a: Exeggutor\n|-heal|p2a: Exeggutor|100/312|[silent]\n|upkeep\n|turn|24\n|inactive|Time left: 300 sec this turn | 300 sec total\n|\n|t:|1783554334\n|move|p1a: Quaquaval|Roost|p1a: Quaquaval\n|-heal|p1a: Quaquaval|99/100\n|move|p2a: Exeggutor|Psychic|p1a: Quaquaval\n|-resisted|p1a: Quaquaval\n|-damage|p1a: Quaquaval|69/100\n|\n|-heal|p1a: Quaquaval|75/100|[from] item: Leftovers\n|-damage|p1a: Quaquaval|63/100|[from] Leech Seed|[of] p2a: Exeggutor\n|-heal|p2a: Exeggutor|133/312|[silent]\n|-item|p2a: Exeggutor|Sitrus Berry|[from] ability: Harvest\n|upkeep\n|-enditem|p2a: Exeggutor|Sitrus Berry|[eat]\n|-heal|p2a: Exeggutor|211/312|[from] item: Sitrus Berry\n|turn|25\n|inactive|Time left: 300 sec this turn | 300 sec total\n|\n|t:|1783554334\n|move|p1a: Quaquaval|Aqua Step|p2a: Exeggutor\n|-resisted|p2a: Exeggutor\n|-damage|p2a: Exeggutor|168/312\n|-boost|p1a: Quaquaval|spe|1\n|move|p2a: Exeggutor|Psychic|p1a: Quaquaval\n|-resisted|p1a: Quaquaval\n|-damage|p1a: Quaquaval|34/100\n|\n|-heal|p1a: Quaquaval|40/100|[from] item: Leftovers\n|-damage|p1a: Quaquaval|27/100|[from] Leech Seed|[of] p2a: Exeggutor\n|-heal|p2a: Exeggutor|201/312|[silent]\n|upkeep\n|turn|26\n|inactive|Time left: 300 sec this turn | 300 sec total\n|\n|t:|1783554335\n|move|p1a: Quaquaval|Roost|p1a: Quaquaval\n|-heal|p1a: Quaquaval|77/100\n|move|p2a: Exeggutor|Psychic|p1a: Quaquaval\n|-resisted|p1a: Quaquaval\n|-damage|p1a: Quaquaval|50/100\n|\n|-heal|p1a: Quaquaval|56/100|[from] item: Leftovers\n|-damage|p1a: Quaquaval|44/100|[from] Leech Seed|[of] p2a: Exeggutor\n|-heal|p2a: Exeggutor|234/312|[silent]\n|-item|p2a: Exeggutor|Sitrus Berry|[from] ability: Harvest\n|upkeep\n|turn|27\n|inactive|Time left: 300 sec this turn | 300 sec total\n|\n|t:|1783554336\n|move|p1a: Quaquaval|Roost|p1a: Quaquaval\n|-heal|p1a: Quaquaval|94/100\n|move|p2a: Exeggutor|Psychic|p1a: Quaquaval\n|-resisted|p1a: Quaquaval\n|-damage|p1a: Quaquaval|63/100\n|\n|-heal|p1a: Quaquaval|69/100|[from] item: Leftovers\n|-damage|p1a: Quaquaval|57/100|[from] Leech Seed|[of] p2a: Exeggutor\n|-heal|p2a: Exeggutor|267/312|[silent]\n|upkeep\n|turn|28\n|inactive|Time left: 300 sec this turn | 300 sec total\n|\n|t:|1783554337\n|move|p1a: Quaquaval|Roost|p1a: Quaquaval\n|-heal|p1a: Quaquaval|100/100\n|move|p2a: Exeggutor|Psychic|p1a: Quaquaval\n|-resisted|p1a: Quaquaval\n|-damage|p1a: Quaquaval|69/100\n|\n|-heal|p1a: Quaquaval|75/100|[from] item: Leftovers\n|-damage|p1a: Quaquaval|62/100|[from] Leech Seed|[of] p2a: Exeggutor\n|-heal|p2a: Exeggutor|300/312|[silent]\n|upkeep\n|turn|29\n|inactive|Time left: 300 sec this turn | 300 sec total\n|\n|t:|1783554338\n|move|p1a: Quaquaval|Roost|p1a: Quaquaval\n|-heal|p1a: Quaquaval|100/100\n|move|p2a: Exeggutor|Psychic|p1a: Quaquaval\n|-resisted|p1a: Quaquaval\n|-damage|p1a: Quaquaval|72/100\n|\n|-heal|p1a: Quaquaval|79/100|[from] item: Leftovers\n|-damage|p1a: Quaquaval|66/100|[from] Leech Seed|[of] p2a: Exeggutor\n|-heal|p2a: Exeggutor|312/312|[silent]\n|upkeep\n|turn|30\n|inactive|Time left: 300 sec this turn | 300 sec total\n|\n|t:|1783554339\n|move|p1a: Quaquaval|Aqua Step|p2a: Exeggutor\n|-resisted|p2a: Exeggutor\n|-damage|p2a: Exeggutor|268/312\n|-boost|p1a: Quaquaval|spe|1\n|move|p2a: Exeggutor|Psychic|p1a: Quaquaval\n|-resisted|p1a: Quaquaval\n|-damage|p1a: Quaquaval|38/100\n|\n|-heal|p1a: Quaquaval|44/100|[from] item: Leftovers\n|-damage|p1a: Quaquaval|32/100|[from] Leech Seed|[of] p2a: Exeggutor\n|-heal|p2a: Exeggutor|301/312|[silent]\n|upkeep\n|turn|31\n|inactive|Time left: 300 sec this turn | 300 sec total\n|\n|t:|1783554341\n|move|p1a: Quaquaval|Roost|p1a: Quaquaval\n|-heal|p1a: Quaquaval|82/100\n|move|p2a: Exeggutor|Psychic|p1a: Quaquaval\n|-resisted|p1a: Quaquaval\n|-damage|p1a: Quaquaval|52/100\n|\n|-heal|p1a: Quaquaval|58/100|[from] item: Leftovers\n|-damage|p1a: Quaquaval|46/100|[from] Leech Seed|[of] p2a: Exeggutor\n|-heal|p2a: Exeggutor|312/312|[silent]\n|upkeep\n|turn|32\n|inactive|Time left: 300 sec this turn | 300 sec total\n|\n|t:|1783554342\n|move|p1a: Quaquaval|Roost|p1a: Quaquaval\n|-heal|p1a: Quaquaval|96/100\n|move|p2a: Exeggutor|Psychic|p1a: Quaquaval\n|-resisted|p1a: Quaquaval\n|-damage|p1a: Quaquaval|68/100\n|\n|-heal|p1a: Quaquaval|74/100|[from] item: Leftovers\n|-damage|p1a: Quaquaval|62/100|[from] Leech Seed|[of] p2a: Exeggutor\n|upkeep\n|turn|33\n|inactive|Time left: 300 sec this turn | 300 sec total\n|\n|t:|1783554343\n|move|p1a: Quaquaval|Roost|p1a: Quaquaval\n|-heal|p1a: Quaquaval|100/100\n|move|p2a: Exeggutor|Psychic|p1a: Quaquaval\n|-resisted|p1a: Quaquaval\n|-damage|p1a: Quaquaval|73/100\n|\n|-heal|p1a: Quaquaval|79/100|[from] item: Leftovers\n|-damage|p1a: Quaquaval|66/100|[from] Leech Seed|[of] p2a: Exeggutor\n|upkeep\n|turn|34\n|inactive|Time left: 300 sec this turn | 300 sec total\n|\n|t:|1783554344\n|move|p1a: Quaquaval|Aqua Step|p2a: Exeggutor\n|-resisted|p2a: Exeggutor\n|-damage|p2a: Exeggutor|265/312\n|-boost|p1a: Quaquaval|spe|1\n|move|p2a: Exeggutor|Psychic|p1a: Quaquaval\n|-resisted|p1a: Quaquaval\n|-damage|p1a: Quaquaval|37/100\n|\n|-heal|p1a: Quaquaval|43/100|[from] item: Leftovers\n|-damage|p1a: Quaquaval|30/100|[from] Leech Seed|[of] p2a: Exeggutor\n|-heal|p2a: Exeggutor|298/312|[silent]\n|upkeep\n|turn|35\n|inactive|Time left: 300 sec this turn | 300 sec total\n|\n|t:|1783554345\n|switch|p2a: Kricketune|Kricketune, L99, F|312/312\n|move|p1a: Quaquaval|Aqua Step|p2a: Kricketune\n|-damage|p2a: Kricketune|200/312\n|-boost|p1a: Quaquaval|spe|1\n|\n|-heal|p1a: Quaquaval|36/100|[from] item: Leftovers\n|-damage|p1a: Quaquaval|24/100|[from] Leech Seed|[of] p2a: Kricketune\n|-heal|p2a: Kricketune|233/312|[silent]\n|upkeep\n|turn|36\n|inactive|Time left: 300 sec this turn | 300 sec total\n|\n|t:|1783554346\n|move|p1a: Quaquaval|Aqua Step|p2a: Kricketune\n|-damage|p2a: Kricketune|122/312\n|move|p2a: Kricketune|Sticky Web|p1a: Quaquaval\n|-sidestart|p1: p0x12383d16|move: Sticky Web\n|\n|-heal|p1a: Quaquaval|30/100|[from] item: Leftovers\n|-damage|p1a: Quaquaval|18/100|[from] Leech Seed|[of] p2a: Kricketune\n|-heal|p2a: Kricketune|155/312|[silent]\n|upkeep\n|turn|37\n|inactive|Time left: 300 sec this turn | 300 sec total\n|\n|t:|1783554347\n|move|p1a: Quaquaval|Rapid Spin|p2a: Kricketune\n|-damage|p2a: Kricketune|110/312\n|-end|p1a: Quaquaval|Leech Seed|[from] move: Rapid Spin|[of] p1a: Quaquaval\n|-sideend|p1: p0x12383d16|Sticky Web|[from] move: Rapid Spin|[of] p1a: Quaquaval\n|move|p2a: Kricketune|Knock Off|p1a: Quaquaval\n|-damage|p1a: Quaquaval|0 fnt\n|-enditem|p1a: Quaquaval|Leftovers|[from] move: Knock Off|[of] p2a: Kricketune\n|faint|p1a: Quaquaval\n|\n|upkeep\n|\n|t:|1783554348\n|switch|p1a: Jirachi|Jirachi, L80|47/100\n|turn|38\n|inactive|Time left: 300 sec this turn | 300 sec total\n|\n|t:|1783554349\n|switch|p2a: Rotom|Rotom, L88|75/231\n|move|p1a: Jirachi|Iron Head|p2a: Rotom\n|-resisted|p2a: Rotom\n|-damage|p2a: Rotom|30/231\n|\n|-heal|p1a: Jirachi|53/100|[from] item: Leftovers\n|upkeep\n|turn|39\n|inactive|Time left: 300 sec this turn | 300 sec total\n|\n|t:|1783554350\n|switch|p1a: Wyrdeer|Wyrdeer, L87, M|100/100\n|-ability|p1a: Wyrdeer|Intimidate|boost\n|-unboost|p2a: Rotom|atk|1\n|move|p2a: Rotom|Shadow Ball|p1a: Wyrdeer\n|-immune|p1a: Wyrdeer\n|\n|upkeep\n|turn|40\n|inactive|Time left: 300 sec this turn | 300 sec total\n|\n|t:|1783554351\n|move|p2a: Rotom|Thunderbolt|p1a: Wyrdeer\n|-damage|p1a: Wyrdeer|58/100\n|-damage|p2a: Rotom|7/231|[from] item: Life Orb\n|move|p1a: Wyrdeer|Psychic Noise|p2a: Rotom\n|-damage|p2a: Rotom|0 fnt\n|faint|p2a: Rotom\n|\n|-heal|p1a: Wyrdeer|64/100|[from] item: Leftovers\n|upkeep\n|inactive|Time left: 300 sec this turn | 300 sec total | 5 sec grace\n|\n|t:|1783554352\n|switch|p2a: Kricketune|Kricketune, L99, F|110/312\n|turn|41\n|inactive|Time left: 300 sec this turn | 300 sec total\n|\n|t:|1783554353\n|move|p2a: Kricketune|Pounce|p1a: Wyrdeer\n|-supereffective|p1a: Wyrdeer\n|-damage|p1a: Wyrdeer|0 fnt\n|faint|p1a: Wyrdeer\n|\n|upkeep\n|\n|t:|1783554354\n|switch|p1a: Jirachi|Jirachi, L80|53/100\n|turn|42\n|inactive|Time left: 300 sec this turn | 300 sec total\n|\n|t:|1783554355\n|move|p1a: Jirachi|Protect|p1a: Jirachi\n|-singleturn|p1a: Jirachi|Protect\n|move|p2a: Kricketune|Knock Off|p1a: Jirachi\n|-activate|p1a: Jirachi|move: Protect\n|\n|-heal|p1a: Jirachi|59/100|[from] item: Leftovers\n|upkeep\n|turn|43\n|inactive|Time left: 300 sec this turn | 300 sec total\n|\n|t:|1783554356\n|move|p1a: Jirachi|Iron Head|p2a: Kricketune\n|-damage|p2a: Kricketune|13/312\n|cant|p2a: Kricketune|flinch\n|\n|-heal|p1a: Jirachi|65/100|[from] item: Leftovers\n|upkeep\n|turn|44\n|inactive|Time left: 300 sec this turn | 300 sec total\n|\n|t:|1783554357\n|move|p1a: Jirachi|Iron Head|p2a: Kricketune\n|-damage|p2a: Kricketune|0 fnt\n|faint|p2a: Kricketune\n|\n|-heal|p1a: Jirachi|72/100|[from] item: Leftovers\n|upkeep\n|inactive|Time left: 300 sec this turn | 300 sec total | 5 sec grace\n|\n|t:|1783554358\n|switch|p2a: Kyurem|Kyurem-White, L73|21/303\n|-ability|p2a: Kyurem|Turboblaze\n|turn|45\n|inactive|Time left: 300 sec this turn | 300 sec total\n|\n|t:|1783554359\n|move|p2a: Kyurem|Fusion Flare|p1a: Jirachi\n|-supereffective|p1a: Jirachi\n|-damage|p1a: Jirachi|19/100\n|move|p1a: Jirachi|Body Slam|p2a: Kyurem\n|-damage|p2a: Kyurem|0 fnt\n|faint|p2a: Kyurem\n|\n|-heal|p1a: Jirachi|25/100|[from] item: Leftovers\n|upkeep\n|inactive|Time left: 300 sec this turn | 300 sec total | 5 sec grace\n|\n|t:|1783554360\n|switch|p2a: Exeggutor|Exeggutor, L89, F|298/312\n|turn|46\n|inactive|Time left: 300 sec this turn | 300 sec total\n|\n|t:|1783554361\n|move|p1a: Jirachi|Wish|p1a: Jirachi\n|move|p2a: Exeggutor|Leech Seed|p1a: Jirachi\n|-start|p1a: Jirachi|move: Leech Seed\n|\n|-heal|p1a: Jirachi|31/100|[from] item: Leftovers\n|-damage|p1a: Jirachi|19/100|[from] Leech Seed|[of] p2a: Exeggutor\n|-heal|p2a: Exeggutor|312/312|[silent]\n|upkeep\n|turn|47\n|inactive|Time left: 300 sec this turn | 300 sec total\n|\n|t:|1783554362\n|move|p1a: Jirachi|Body Slam|p2a: Exeggutor\n|-damage|p2a: Exeggutor|260/312\n|move|p2a: Exeggutor|Substitute|p2a: Exeggutor\n|-start|p2a: Exeggutor|Substitute\n|-damage|p2a: Exeggutor|182/312\n|\n|-heal|p1a: Jirachi|69/100|[from] move: Wish|[wisher] Jirachi\n|-heal|p1a: Jirachi|75/100|[from] item: Leftovers\n|-damage|p1a: Jirachi|62/100|[from] Leech Seed|[of] p2a: Exeggutor\n|-heal|p2a: Exeggutor|218/312|[silent]\n|upkeep\n|turn|48\n|inactive|Time left: 300 sec this turn | 300 sec total\n|\n|t:|1783554363\n|move|p1a: Jirachi|Wish|p1a: Jirachi\n|move|p2a: Exeggutor|Substitute|p2a: Exeggutor\n|-fail|p2a: Exeggutor|move: Substitute\n|\n|-heal|p1a: Jirachi|69/100|[from] item: Leftovers\n|-damage|p1a: Jirachi|56/100|[from] Leech Seed|[of] p2a: Exeggutor\n|-heal|p2a: Exeggutor|254/312|[silent]\n|upkeep\n|turn|49\n|inactive|Time left: 300 sec this turn | 300 sec total\n|\n|t:|1783554364\n|move|p1a: Jirachi|Body Slam|p2a: Exeggutor\n|-activate|p2a: Exeggutor|move: Substitute|[damage]\n|move|p2a: Exeggutor|Substitute|p2a: Exeggutor\n|-fail|p2a: Exeggutor|move: Substitute\n|\n|-heal|p1a: Jirachi|100/100|[from] move: Wish|[wisher] Jirachi\n|-damage|p1a: Jirachi|88/100|[from] Leech Seed|[of] p2a: Exeggutor\n|-heal|p2a: Exeggutor|290/312|[silent]\n|upkeep\n|turn|50\n|inactive|Time left: 300 sec this turn | 300 sec total\n|\n|t:|1783554365\n|move|p1a: Jirachi|Body Slam|p2a: Exeggutor\n|-end|p2a: Exeggutor|Substitute\n|move|p2a: Exeggutor|Substitute|p2a: Exeggutor\n|-start|p2a: Exeggutor|Substitute\n|-damage|p2a: Exeggutor|212/312\n|\n|-heal|p1a: Jirachi|94/100|[from] item: Leftovers\n|-damage|p1a: Jirachi|82/100|[from] Leech Seed|[of] p2a: Exeggutor\n|-heal|p2a: Exeggutor|248/312|[silent]\n|upkeep\n|turn|51\n|inactive|Time left: 300 sec this turn | 300 sec total\n|\n|t:|1783554366\n|move|p1a: Jirachi|Iron Head|p2a: Exeggutor\n|-activate|p2a: Exeggutor|move: Substitute|[damage]\n|move|p2a: Exeggutor|Substitute|p2a: Exeggutor\n|-fail|p2a: Exeggutor|move: Substitute\n|\n|-heal|p1a: Jirachi|88/100|[from] item: Leftovers\n|-damage|p1a: Jirachi|76/100|[from] Leech Seed|[of] p2a: Exeggutor\n|-heal|p2a: Exeggutor|284/312|[silent]\n|upkeep\n|turn|52\n|inactive|Time left: 300 sec this turn | 300 sec total\n|\n|t:|1783554367\n|move|p1a: Jirachi|Body Slam|p2a: Exeggutor\n|-end|p2a: Exeggutor|Substitute\n|move|p2a: Exeggutor|Substitute|p2a: Exeggutor\n|-start|p2a: Exeggutor|Substitute\n|-damage|p2a: Exeggutor|206/312\n|\n|-heal|p1a: Jirachi|82/100|[from] item: Leftovers\n|-damage|p1a: Jirachi|70/100|[from] Leech Seed|[of] p2a: Exeggutor\n|-heal|p2a: Exeggutor|242/312|[silent]\n|upkeep\n|turn|53\n|inactive|Time left: 300 sec this turn | 300 sec total\n|\n|t:|1783554368\n|move|p1a: Jirachi|Iron Head|p2a: Exeggutor\n|-activate|p2a: Exeggutor|move: Substitute|[damage]\n|move|p2a: Exeggutor|Substitute|p2a: Exeggutor\n|-fail|p2a: Exeggutor|move: Substitute\n|\n|-heal|p1a: Jirachi|76/100|[from] item: Leftovers\n|-damage|p1a: Jirachi|63/100|[from] Leech Seed|[of] p2a: Exeggutor\n|-heal|p2a: Exeggutor|278/312|[silent]\n|upkeep\n|turn|54\n|inactive|Time left: 300 sec this turn | 300 sec total\n|\n|t:|1783554369\n|move|p1a: Jirachi|Body Slam|p2a: Exeggutor\n|-end|p2a: Exeggutor|Substitute\n|move|p2a: Exeggutor|Substitute|p2a: Exeggutor\n|-start|p2a: Exeggutor|Substitute\n|-damage|p2a: Exeggutor|200/312\n|\n|-heal|p1a: Jirachi|70/100|[from] item: Leftovers\n|-damage|p1a: Jirachi|57/100|[from] Leech Seed|[of] p2a: Exeggutor\n|-heal|p2a: Exeggutor|236/312|[silent]\n|upkeep\n|turn|55\n|inactive|Time left: 300 sec this turn | 300 sec total\n|\n|t:|1783554370\n|move|p1a: Jirachi|Wish|p1a: Jirachi\n|move|p2a: Exeggutor|Substitute|p2a: Exeggutor\n|-fail|p2a: Exeggutor|move: Substitute\n|\n|-heal|p1a: Jirachi|63/100|[from] item: Leftovers\n|-damage|p1a: Jirachi|51/100|[from] Leech Seed|[of] p2a: Exeggutor\n|-heal|p2a: Exeggutor|272/312|[silent]\n|upkeep\n|turn|56\n|inactive|Time left: 300 sec this turn | 300 sec total\n|\n|t:|1783554371\n|move|p1a: Jirachi|Body Slam|p2a: Exeggutor\n|-activate|p2a: Exeggutor|move: Substitute|[damage]\n|move|p2a: Exeggutor|Substitute|p2a: Exeggutor\n|-fail|p2a: Exeggutor|move: Substitute\n|\n|-heal|p1a: Jirachi|100/100|[from] move: Wish|[wisher] Jirachi\n|-damage|p1a: Jirachi|88/100|[from] Leech Seed|[of] p2a: Exeggutor\n|-heal|p2a: Exeggutor|308/312|[silent]\n|upkeep\n|turn|57\n|inactive|Time left: 300 sec this turn | 300 sec total\n|\n|t:|1783554373\n|move|p1a: Jirachi|Body Slam|p2a: Exeggutor\n|-end|p2a: Exeggutor|Substitute\n|move|p2a: Exeggutor|Substitute|p2a: Exeggutor\n|-start|p2a: Exeggutor|Substitute\n|-damage|p2a: Exeggutor|230/312\n|\n|-heal|p1a: Jirachi|94/100|[from] item: Leftovers\n|-damage|p1a: Jirachi|82/100|[from] Leech Seed|[of] p2a: Exeggutor\n|-heal|p2a: Exeggutor|266/312|[silent]\n|upkeep\n|turn|58\n|inactive|Time left: 300 sec this turn | 300 sec total\n|\n|t:|1783554374\n|move|p1a: Jirachi|Iron Head|p2a: Exeggutor\n|-end|p2a: Exeggutor|Substitute\n|move|p2a: Exeggutor|Substitute|p2a: Exeggutor\n|-start|p2a: Exeggutor|Substitute\n|-damage|p2a: Exeggutor|188/312\n|\n|-heal|p1a: Jirachi|88/100|[from] item: Leftovers\n|-damage|p1a: Jirachi|76/100|[from] Leech Seed|[of] p2a: Exeggutor\n|-heal|p2a: Exeggutor|224/312|[silent]\n|upkeep\n|turn|59\n|inactive|Time left: 300 sec this turn | 300 sec total\n|\n|t:|1783554375\n|move|p1a: Jirachi|Iron Head|p2a: Exeggutor\n|-activate|p2a: Exeggutor|move: Substitute|[damage]\n|move|p2a: Exeggutor|Substitute|p2a: Exeggutor\n|-fail|p2a: Exeggutor|move: Substitute\n|\n|-heal|p1a: Jirachi|82/100|[from] item: Leftovers\n|-damage|p1a: Jirachi|70/100|[from] Leech Seed|[of] p2a: Exeggutor\n|-heal|p2a: Exeggutor|260/312|[silent]\n|upkeep\n|turn|60\n|inactive|Time left: 300 sec this turn | 300 sec total\n|\n|t:|1783554376\n|move|p1a: Jirachi|Iron Head|p2a: Exeggutor\n|-end|p2a: Exeggutor|Substitute\n|move|p2a: Exeggutor|Substitute|p2a: Exeggutor\n|-start|p2a: Exeggutor|Substitute\n|-damage|p2a: Exeggutor|182/312\n|\n|-heal|p1a: Jirachi|76/100|[from] item: Leftovers\n|-damage|p1a: Jirachi|63/100|[from] Leech Seed|[of] p2a: Exeggutor\n|-heal|p2a: Exeggutor|218/312|[silent]\n|upkeep\n|turn|61\n|inactive|Time left: 300 sec this turn | 300 sec total\n|\n|t:|1783554377\n|move|p1a: Jirachi|Wish|p1a: Jirachi\n|move|p2a: Exeggutor|Sludge Bomb|p1a: Jirachi\n|-immune|p1a: Jirachi\n|\n|-heal|p1a: Jirachi|70/100|[from] item: Leftovers\n|-damage|p1a: Jirachi|57/100|[from] Leech Seed|[of] p2a: Exeggutor\n|-heal|p2a: Exeggutor|254/312|[silent]\n|upkeep\n|turn|62\n|inactive|Time left: 300 sec this turn | 300 sec total\n|\n|t:|1783554378\n|move|p1a: Jirachi|Iron Head|p2a: Exeggutor\n|-end|p2a: Exeggutor|Substitute\n|move|p2a: Exeggutor|Substitute|p2a: Exeggutor\n|-start|p2a: Exeggutor|Substitute\n|-damage|p2a: Exeggutor|176/312\n|\n|-heal|p1a: Jirachi|100/100|[from] move: Wish|[wisher] Jirachi\n|-damage|p1a: Jirachi|88/100|[from] Leech Seed|[of] p2a: Exeggutor\n|-heal|p2a: Exeggutor|212/312|[silent]\n|upkeep\n|turn|63\n|inactive|Time left: 300 sec this turn | 300 sec total\n|\n|t:|1783554379\n|move|p1a: Jirachi|Iron Head|p2a: Exeggutor\n|-end|p2a: Exeggutor|Substitute\n|move|p2a: Exeggutor|Leech Seed||[still]\n|-fail|p2a: Exeggutor\n|\n|-heal|p1a: Jirachi|94/100|[from] item: Leftovers\n|-damage|p1a: Jirachi|82/100|[from] Leech Seed|[of] p2a: Exeggutor\n|-heal|p2a: Exeggutor|248/312|[silent]\n|upkeep\n|turn|64\n|inactive|Time left: 300 sec this turn | 300 sec total\n|\n|t:|1783554380\n|move|p1a: Jirachi|Body Slam|p2a: Exeggutor\n|-damage|p2a: Exeggutor|193/312\n|move|p2a: Exeggutor|Sludge Bomb|p1a: Jirachi\n|-immune|p1a: Jirachi\n|\n|-heal|p1a: Jirachi|88/100|[from] item: Leftovers\n|-damage|p1a: Jirachi|76/100|[from] Leech Seed|[of] p2a: Exeggutor\n|-heal|p2a: Exeggutor|229/312|[silent]\n|upkeep\n|turn|65\n|inactive|Time left: 300 sec this turn | 300 sec total\n|\n|t:|1783554381\n|move|p1a: Jirachi|Body Slam|p2a: Exeggutor\n|-damage|p2a: Exeggutor|175/312\n|-status|p2a: Exeggutor|par\n|move|p2a: Exeggutor|Substitute|p2a: Exeggutor\n|-start|p2a: Exeggutor|Substitute\n|-damage|p2a: Exeggutor|97/312 par\n|-enditem|p2a: Exeggutor|Sitrus Berry|[eat]\n|-heal|p2a: Exeggutor|175/312 par|[from] item: Sitrus Berry\n|\n|-heal|p1a: Jirachi|82/100|[from] item: Leftovers\n|-damage|p1a: Jirachi|70/100|[from] Leech Seed|[of] p2a: Exeggutor\n|-heal|p2a: Exeggutor|211/312 par|[silent]\n|upkeep\n|turn|66\n|inactive|Time left: 300 sec this turn | 300 sec total\n|\n|t:|1783554382\n|move|p1a: Jirachi|Iron Head|p2a: Exeggutor\n|-end|p2a: Exeggutor|Substitute\n|move|p2a: Exeggutor|Leech Seed||[still]\n|-fail|p2a: Exeggutor\n|\n|-heal|p1a: Jirachi|76/100|[from] item: Leftovers\n|-damage|p1a: Jirachi|63/100|[from] Leech Seed|[of] p2a: Exeggutor\n|-heal|p2a: Exeggutor|247/312 par|[silent]\n|upkeep\n|turn|67\n|inactive|Time left: 300 sec this turn | 300 sec total\n|\n|t:|1783554383\n|move|p1a: Jirachi|Wish|p1a: Jirachi\n|cant|p2a: Exeggutor|par\n|\n|-heal|p1a: Jirachi|70/100|[from] item: Leftovers\n|-damage|p1a: Jirachi|57/100|[from] Leech Seed|[of] p2a: Exeggutor\n|-heal|p2a: Exeggutor|283/312 par|[silent]\n|upkeep\n|turn|68\n|inactive|Time left: 300 sec this turn | 300 sec total\n|\n|t:|1783554384\n|move|p1a: Jirachi|Iron Head|p2a: Exeggutor\n|-damage|p2a: Exeggutor|210/312 par\n|cant|p2a: Exeggutor|flinch\n|\n|-heal|p1a: Jirachi|100/100|[from] move: Wish|[wisher] Jirachi\n|-damage|p1a: Jirachi|88/100|[from] Leech Seed|[of] p2a: Exeggutor\n|-heal|p2a: Exeggutor|246/312 par|[silent]\n|-item|p2a: Exeggutor|Sitrus Berry|[from] ability: Harvest\n|upkeep\n|turn|69\n|inactive|Time left: 300 sec this turn | 300 sec total\n|\n|t:|1783554385\n|move|p1a: Jirachi|Iron Head|p2a: Exeggutor\n|-damage|p2a: Exeggutor|165/312 par\n|cant|p2a: Exeggutor|flinch\n|\n|-heal|p1a: Jirachi|94/100|[from] item: Leftovers\n|-damage|p1a: Jirachi|82/100|[from] Leech Seed|[of] p2a: Exeggutor\n|-heal|p2a: Exeggutor|201/312 par|[silent]\n|upkeep\n|turn|70\n|inactive|Time left: 300 sec this turn | 300 sec total\n|\n|t:|1783554386\n|move|p1a: Jirachi|Iron Head|p2a: Exeggutor\n|-damage|p2a: Exeggutor|125/312 par\n|-enditem|p2a: Exeggutor|Sitrus Berry|[eat]\n|-heal|p2a: Exeggutor|203/312 par|[from] item: Sitrus Berry\n|cant|p2a: Exeggutor|flinch\n|\n|-heal|p1a: Jirachi|88/100|[from] item: Leftovers\n|-damage|p1a: Jirachi|76/100|[from] Leech Seed|[of] p2a: Exeggutor\n|-heal|p2a: Exeggutor|239/312 par|[silent]\n|upkeep\n|turn|71\n|inactive|Time left: 300 sec this turn | 300 sec total\n|\n|t:|1783554387\n|move|p1a: Jirachi|Iron Head|p2a: Exeggutor\n|-damage|p2a: Exeggutor|164/312 par\n|cant|p2a: Exeggutor|flinch\n|\n|-heal|p1a: Jirachi|82/100|[from] item: Leftovers\n|-damage|p1a: Jirachi|70/100|[from] Leech Seed|[of] p2a: Exeggutor\n|-heal|p2a: Exeggutor|200/312 par|[silent]\n|-item|p2a: Exeggutor|Sitrus Berry|[from] ability: Harvest\n|upkeep\n|turn|72\n|inactive|Time left: 300 sec this turn | 300 sec total\n|\n|t:|1783554388\n|move|p1a: Jirachi|Wish|p1a: Jirachi\n|move|p2a: Exeggutor|Sludge Bomb|p1a: Jirachi\n|-immune|p1a: Jirachi\n|\n|-heal|p1a: Jirachi|76/100|[from] item: Leftovers\n|-damage|p1a: Jirachi|63/100|[from] Leech Seed|[of] p2a: Exeggutor\n|-heal|p2a: Exeggutor|236/312 par|[silent]\n|upkeep\n|turn|73\n|inactive|Time left: 300 sec this turn | 300 sec total\n|\n|t:|1783554389\n|move|p1a: Jirachi|Iron Head|p2a: Exeggutor\n|-damage|p2a: Exeggutor|155/312 par\n|-enditem|p2a: Exeggutor|Sitrus Berry|[eat]\n|-heal|p2a: Exeggutor|233/312 par|[from] item: Sitrus Berry\n|cant|p2a: Exeggutor|flinch\n|\n|-heal|p1a: Jirachi|100/100|[from] move: Wish|[wisher] Jirachi\n|-damage|p1a: Jirachi|88/100|[from] Leech Seed|[of] p2a: Exeggutor\n|-heal|p2a: Exeggutor|269/312 par|[silent]\n|upkeep\n|turn|74\n|inactive|Time left: 300 sec this turn | 300 sec total\n|\n|t:|1783554390\n|move|p1a: Jirachi|Iron Head|p2a: Exeggutor\n|-damage|p2a: Exeggutor|196/312 par\n|cant|p2a: Exeggutor|flinch\n|\n|-heal|p1a: Jirachi|94/100|[from] item: Leftovers\n|-damage|p1a: Jirachi|82/100|[from] Leech Seed|[of] p2a: Exeggutor\n|-heal|p2a: Exeggutor|232/312 par|[silent]\n|upkeep\n|turn|75\n|inactive|Time left: 300 sec this turn | 300 sec total\n|\n|t:|1783554391\n|move|p1a: Jirachi|Iron Head|p2a: Exeggutor\n|-damage|p2a: Exeggutor|159/312 par\n|cant|p2a: Exeggutor|flinch\n|\n|-heal|p1a: Jirachi|88/100|[from] item: Leftovers\n|-damage|p1a: Jirachi|76/100|[from] Leech Seed|[of] p2a: Exeggutor\n|-heal|p2a: Exeggutor|195/312 par|[silent]\n|upkeep\n|turn|76\n|inactive|Time left: 300 sec this turn | 300 sec total\n|\n|t:|1783554392\n|move|p1a: Jirachi|Iron Head|p2a: Exeggutor\n|-damage|p2a: Exeggutor|113/312 par\n|cant|p2a: Exeggutor|flinch\n|\n|-heal|p1a: Jirachi|82/100|[from] item: Leftovers\n|-damage|p1a: Jirachi|70/100|[from] Leech Seed|[of] p2a: Exeggutor\n|-heal|p2a: Exeggutor|149/312 par|[silent]\n|upkeep\n|turn|77\n|inactive|Time left: 300 sec this turn | 300 sec total\n|\n|t:|1783554393\n|move|p1a: Jirachi|Iron Head|p2a: Exeggutor\n|-damage|p2a: Exeggutor|73/312 par\n|cant|p2a: Exeggutor|flinch\n|\n|-heal|p1a: Jirachi|76/100|[from] item: Leftovers\n|-damage|p1a: Jirachi|63/100|[from] Leech Seed|[of] p2a: Exeggutor\n|-heal|p2a: Exeggutor|109/312 par|[silent]\n|-item|p2a: Exeggutor|Sitrus Berry|[from] ability: Harvest\n|upkeep\n|-enditem|p2a: Exeggutor|Sitrus Berry|[eat]\n|-heal|p2a: Exeggutor|187/312 par|[from] item: Sitrus Berry\n|turn|78\n|inactive|Time left: 300 sec this turn | 300 sec total\n|\n|t:|1783554394\n|move|p1a: Jirachi|Iron Head|p2a: Exeggutor\n|-damage|p2a: Exeggutor|108/312 par\n|cant|p2a: Exeggutor|flinch\n|\n|-heal|p1a: Jirachi|70/100|[from] item: Leftovers\n|-damage|p1a: Jirachi|57/100|[from] Leech Seed|[of] p2a: Exeggutor\n|-heal|p2a: Exeggutor|144/312 par|[silent]\n|upkeep\n|turn|79\n|inactive|Time left: 300 sec this turn | 300 sec total\n|\n|t:|1783554395\n|move|p1a: Jirachi|Iron Head|p2a: Exeggutor\n|-damage|p2a: Exeggutor|71/312 par\n|cant|p2a: Exeggutor|flinch\n|\n|-heal|p1a: Jirachi|63/100|[from] item: Leftovers\n|-damage|p1a: Jirachi|51/100|[from] Leech Seed|[of] p2a: Exeggutor\n|-heal|p2a: Exeggutor|107/312 par|[silent]\n|-item|p2a: Exeggutor|Sitrus Berry|[from] ability: Harvest\n|upkeep\n|-enditem|p2a: Exeggutor|Sitrus Berry|[eat]\n|-heal|p2a: Exeggutor|185/312 par|[from] item: Sitrus Berry\n|turn|80\n|inactive|Time left: 300 sec this turn | 300 sec total\n|\n|t:|1783554396\n|move|p1a: Jirachi|Wish|p1a: Jirachi\n|move|p2a: Exeggutor|Leech Seed||[still]\n|-fail|p2a: Exeggutor\n|\n|-heal|p1a: Jirachi|57/100|[from] item: Leftovers\n|-damage|p1a: Jirachi|45/100|[from] Leech Seed|[of] p2a: Exeggutor\n|-heal|p2a: Exeggutor|221/312 par|[silent]\n|upkeep\n|turn|81\n|inactive|Time left: 300 sec this turn | 300 sec total\n|\n|t:|1783554397\n|move|p1a: Jirachi|Iron Head|p2a: Exeggutor\n|-damage|p2a: Exeggutor|146/312 par\n|cant|p2a: Exeggutor|flinch\n|\n|-heal|p1a: Jirachi|95/100|[from] move: Wish|[wisher] Jirachi\n|-heal|p1a: Jirachi|100/100|[from] item: Leftovers\n|-damage|p1a: Jirachi|88/100|[from] Leech Seed|[of] p2a: Exeggutor\n|-heal|p2a: Exeggutor|182/312 par|[silent]\n|-item|p2a: Exeggutor|Sitrus Berry|[from] ability: Harvest\n|upkeep\n|turn|82\n|inactive|Time left: 300 sec this turn | 300 sec total\n|\n|t:|1783554398\n|move|p1a: Jirachi|Body Slam|p2a: Exeggutor\n|-damage|p2a: Exeggutor|125/312 par\n|-enditem|p2a: Exeggutor|Sitrus Berry|[eat]\n|-heal|p2a: Exeggutor|203/312 par|[from] item: Sitrus Berry\n|move|p2a: Exeggutor|Leech Seed||[still]\n|-fail|p2a: Exeggutor\n|\n|-heal|p1a: Jirachi|94/100|[from] item: Leftovers\n|-damage|p1a: Jirachi|82/100|[from] Leech Seed|[of] p2a: Exeggutor\n|-heal|p2a: Exeggutor|239/312 par|[silent]\n|-item|p2a: Exeggutor|Sitrus Berry|[from] ability: Harvest\n|upkeep\n|turn|83\n|inactive|Time left: 300 sec this turn | 300 sec total\n|\n|t:|1783554399\n|move|p1a: Jirachi|Body Slam|p2a: Exeggutor\n|-damage|p2a: Exeggutor|187/312 par\n|move|p2a: Exeggutor|Leech Seed||[still]\n|-fail|p2a: Exeggutor\n|\n|-heal|p1a: Jirachi|88/100|[from] item: Leftovers\n|-damage|p1a: Jirachi|76/100|[from] Leech Seed|[of] p2a: Exeggutor\n|-heal|p2a: Exeggutor|223/312 par|[silent]\n|upkeep\n|turn|84\n|inactive|Time left: 300 sec this turn | 300 sec total\n|\n|t:|1783554400\n|move|p1a: Jirachi|Wish|p1a: Jirachi\n|move|p2a: Exeggutor|Sludge Bomb|p1a: Jirachi\n|-immune|p1a: Jirachi\n|\n|-heal|p1a: Jirachi|82/100|[from] item: Leftovers\n|-damage|p1a: Jirachi|70/100|[from] Leech Seed|[of] p2a: Exeggutor\n|-heal|p2a: Exeggutor|259/312 par|[silent]\n|upkeep\n|turn|85\n|inactive|Time left: 300 sec this turn | 300 sec total\n|\n|t:|1783554400\n|move|p1a: Jirachi|Body Slam|p2a: Exeggutor\n|-damage|p2a: Exeggutor|204/312 par\n|move|p2a: Exeggutor|Sludge Bomb|p1a: Jirachi\n|-immune|p1a: Jirachi\n|\n|-heal|p1a: Jirachi|100/100|[from] move: Wish|[wisher] Jirachi\n|-damage|p1a: Jirachi|88/100|[from] Leech Seed|[of] p2a: Exeggutor\n|-heal|p2a: Exeggutor|240/312 par|[silent]\n|upkeep\n|turn|86\n|inactive|Time left: 300 sec this turn | 300 sec total\n|\n|t:|1783554401\n|move|p1a: Jirachi|Body Slam|p2a: Exeggutor\n|-damage|p2a: Exeggutor|182/312 par\n|move|p2a: Exeggutor|Sludge Bomb|p1a: Jirachi\n|-immune|p1a: Jirachi\n|\n|-heal|p1a: Jirachi|94/100|[from] item: Leftovers\n|-damage|p1a: Jirachi|82/100|[from] Leech Seed|[of] p2a: Exeggutor\n|-heal|p2a: Exeggutor|218/312 par|[silent]\n|upkeep\n|turn|87\n|inactive|Time left: 300 sec this turn | 300 sec total\n|\n|t:|1783554402\n|move|p1a: Jirachi|Wish|p1a: Jirachi\n|move|p2a: Exeggutor|Sludge Bomb|p1a: Jirachi\n|-immune|p1a: Jirachi\n|\n|-heal|p1a: Jirachi|88/100|[from] item: Leftovers\n|-damage|p1a: Jirachi|76/100|[from] Leech Seed|[of] p2a: Exeggutor\n|-heal|p2a: Exeggutor|254/312 par|[silent]\n|upkeep\n|turn|88\n|inactive|Time left: 300 sec this turn | 300 sec total\n|\n|t:|1783554404\n|move|p1a: Jirachi|Body Slam|p2a: Exeggutor\n|-damage|p2a: Exeggutor|194/312 par\n|move|p2a: Exeggutor|Sludge Bomb|p1a: Jirachi\n|-immune|p1a: Jirachi\n|\n|-heal|p1a: Jirachi|100/100|[from] move: Wish|[wisher] Jirachi\n|-damage|p1a: Jirachi|88/100|[from] Leech Seed|[of] p2a: Exeggutor\n|-heal|p2a: Exeggutor|230/312 par|[silent]\n|upkeep\n|turn|89\n|inactive|Time left: 300 sec this turn | 300 sec total\n|\n|t:|1783554405\n|move|p1a: Jirachi|Body Slam|p2a: Exeggutor\n|-damage|p2a: Exeggutor|172/312 par\n|move|p2a: Exeggutor|Leech Seed||[still]\n|-fail|p2a: Exeggutor\n|\n|-heal|p1a: Jirachi|94/100|[from] item: Leftovers\n|-damage|p1a: Jirachi|82/100|[from] Leech Seed|[of] p2a: Exeggutor\n|-heal|p2a: Exeggutor|208/312 par|[silent]\n|upkeep\n|turn|90\n|inactive|Time left: 300 sec this turn | 300 sec total\n|\n|t:|1783554406\n|move|p1a: Jirachi|Wish|p1a: Jirachi\n|cant|p2a: Exeggutor|par\n|\n|-heal|p1a: Jirachi|88/100|[from] item: Leftovers\n|-damage|p1a: Jirachi|76/100|[from] Leech Seed|[of] p2a: Exeggutor\n|-heal|p2a: Exeggutor|244/312 par|[silent]\n|upkeep\n|turn|91\n|inactive|Time left: 300 sec this turn | 300 sec total\n|\n|t:|1783554407\n|move|p1a: Jirachi|Body Slam|p2a: Exeggutor\n|-damage|p2a: Exeggutor|186/312 par\n|move|p2a: Exeggutor|Leech Seed||[still]\n|-fail|p2a: Exeggutor\n|\n|-heal|p1a: Jirachi|100/100|[from] move: Wish|[wisher] Jirachi\n|-damage|p1a: Jirachi|88/100|[from] Leech Seed|[of] p2a: Exeggutor\n|-heal|p2a: Exeggutor|222/312 par|[silent]\n|upkeep\n|turn|92\n|inactive|Time left: 300 sec this turn | 300 sec total\n|\n|t:|1783554408\n|move|p1a: Jirachi|Body Slam|p2a: Exeggutor\n|-damage|p2a: Exeggutor|168/312 par\n|move|p2a: Exeggutor|Leech Seed||[still]\n|-fail|p2a: Exeggutor\n|\n|-heal|p1a: Jirachi|94/100|[from] item: Leftovers\n|-damage|p1a: Jirachi|82/100|[from] Leech Seed|[of] p2a: Exeggutor\n|-heal|p2a: Exeggutor|204/312 par|[silent]\n|upkeep\n|turn|93\n|inactive|Time left: 300 sec this turn | 300 sec total\n|\n|t:|1783554409\n|move|p1a: Jirachi|Wish|p1a: Jirachi\n|move|p2a: Exeggutor|Leech Seed||[still]\n|-fail|p2a: Exeggutor\n|\n|-heal|p1a: Jirachi|88/100|[from] item: Leftovers\n|-damage|p1a: Jirachi|76/100|[from] Leech Seed|[of] p2a: Exeggutor\n|-heal|p2a: Exeggutor|240/312 par|[silent]\n|upkeep\n|turn|94\n|inactive|Time left: 300 sec this turn | 300 sec total\n|\n|t:|1783554410\n|move|p1a: Jirachi|Body Slam|p2a: Exeggutor\n|-damage|p2a: Exeggutor|189/312 par\n|move|p2a: Exeggutor|Sludge Bomb|p1a: Jirachi\n|-immune|p1a: Jirachi\n|\n|-heal|p1a: Jirachi|100/100|[from] move: Wish|[wisher] Jirachi\n|-damage|p1a: Jirachi|88/100|[from] Leech Seed|[of] p2a: Exeggutor\n|-heal|p2a: Exeggutor|225/312 par|[silent]\n|upkeep\n|turn|95\n|inactive|Time left: 300 sec this turn | 300 sec total\n|\n|t:|1783554411\n|move|p1a: Jirachi|Wish|p1a: Jirachi\n|move|p2a: Exeggutor|Sludge Bomb|p1a: Jirachi\n|-immune|p1a: Jirachi\n|\n|-heal|p1a: Jirachi|94/100|[from] item: Leftovers\n|-damage|p1a: Jirachi|82/100|[from] Leech Seed|[of] p2a: Exeggutor\n|-heal|p2a: Exeggutor|261/312 par|[silent]\n|upkeep\n|turn|96\n|inactive|Time left: 300 sec this turn | 300 sec total\n|\n|t:|1783554413\n|move|p1a: Jirachi|Protect|p1a: Jirachi\n|-singleturn|p1a: Jirachi|Protect\n|move|p2a: Exeggutor|Sludge Bomb|p1a: Jirachi\n|-activate|p1a: Jirachi|move: Protect\n|\n|-heal|p1a: Jirachi|100/100|[from] move: Wish|[wisher] Jirachi\n|-damage|p1a: Jirachi|88/100|[from] Leech Seed|[of] p2a: Exeggutor\n|-heal|p2a: Exeggutor|297/312 par|[silent]\n|upkeep\n|turn|97\n|inactive|Time left: 300 sec this turn | 300 sec total\n|\n|t:|1783554414\n|move|p1a: Jirachi|Body Slam|p2a: Exeggutor\n|-damage|p2a: Exeggutor|242/312 par\n|move|p2a: Exeggutor|Sludge Bomb|p1a: Jirachi\n|-immune|p1a: Jirachi\n|\n|-heal|p1a: Jirachi|94/100|[from] item: Leftovers\n|-damage|p1a: Jirachi|82/100|[from] Leech Seed|[of] p2a: Exeggutor\n|-heal|p2a: Exeggutor|278/312 par|[silent]\n|upkeep\n|turn|98\n|inactive|Time left: 300 sec this turn | 300 sec total\n|\n|t:|1783554415\n|move|p1a: Jirachi|Body Slam|p2a: Exeggutor\n|-damage|p2a: Exeggutor|224/312 par\n|move|p2a: Exeggutor|Sludge Bomb|p1a: Jirachi\n|-immune|p1a: Jirachi\n|\n|-heal|p1a: Jirachi|88/100|[from] item: Leftovers\n|-damage|p1a: Jirachi|76/100|[from] Leech Seed|[of] p2a: Exeggutor\n|-heal|p2a: Exeggutor|260/312 par|[silent]\n|upkeep\n|turn|99\n|inactive|Time left: 300 sec this turn | 300 sec total\n|\n|t:|1783554416\n|move|p1a: Jirachi|Body Slam|p2a: Exeggutor\n|-damage|p2a: Exeggutor|201/312 par\n|move|p2a: Exeggutor|Sludge Bomb|p1a: Jirachi\n|-immune|p1a: Jirachi\n|\n|-heal|p1a: Jirachi|82/100|[from] item: Leftovers\n|-damage|p1a: Jirachi|70/100|[from] Leech Seed|[of] p2a: Exeggutor\n|-heal|p2a: Exeggutor|237/312 par|[silent]\n|upkeep\n|turn|100\n|inactive|Time left: 300 sec this turn | 300 sec total\n|\n|t:|1783554417\n|move|p1a: Jirachi|Wish|p1a: Jirachi\n|move|p2a: Exeggutor|Sludge Bomb|p1a: Jirachi\n|-immune|p1a: Jirachi\n|\n|-heal|p1a: Jirachi|76/100|[from] item: Leftovers\n|-damage|p1a: Jirachi|63/100|[from] Leech Seed|[of] p2a: Exeggutor\n|-heal|p2a: Exeggutor|273/312 par|[silent]\n|upkeep\n|turn|101\n|inactive|Time left: 300 sec this turn | 300 sec total\n|\n|t:|1783554418\n|move|p1a: Jirachi|Protect|p1a: Jirachi\n|-singleturn|p1a: Jirachi|Protect\n|move|p2a: Exeggutor|Sludge Bomb|p1a: Jirachi\n|-activate|p1a: Jirachi|move: Protect\n|\n|-heal|p1a: Jirachi|100/100|[from] move: Wish|[wisher] Jirachi\n|-damage|p1a: Jirachi|88/100|[from] Leech Seed|[of] p2a: Exeggutor\n|-heal|p2a: Exeggutor|309/312 par|[silent]\n|upkeep\n|turn|102\n|inactive|Time left: 300 sec this turn | 300 sec total\n|\n|t:|1783554419\n|move|p1a: Jirachi|Protect||[still]\n|-fail|p1a: Jirachi\n|-activate|p2a: Exeggutor|move: Struggle\n|move|p2a: Exeggutor|Struggle|p1a: Jirachi\n|-damage|p1a: Jirachi|79/100\n|-damage|p2a: Exeggutor|231/312 par|[from] recoil\n|\n|-heal|p1a: Jirachi|85/100|[from] item: Leftovers\n|-damage|p1a: Jirachi|72/100|[from] Leech Seed|[of] p2a: Exeggutor\n|-heal|p2a: Exeggutor|267/312 par|[silent]\n|upkeep\n|turn|103\n|inactive|Time left: 300 sec this turn | 300 sec total\n|\n|t:|1783554420\n|move|p1a: Jirachi|Protect|p1a: Jirachi\n|-singleturn|p1a: Jirachi|Protect\n|-activate|p2a: Exeggutor|move: Struggle\n|move|p2a: Exeggutor|Struggle|p1a: Jirachi\n|-activate|p1a: Jirachi|move: Protect\n|\n|-heal|p1a: Jirachi|79/100|[from] item: Leftovers\n|-damage|p1a: Jirachi|66/100|[from] Leech Seed|[of] p2a: Exeggutor\n|-heal|p2a: Exeggutor|303/312 par|[silent]\n|upkeep\n|turn|104\n|inactive|Time left: 300 sec this turn | 300 sec total\n|\n|t:|1783554422\n|move|p1a: Jirachi|Protect|p1a: Jirachi\n|-singleturn|p1a: Jirachi|Protect\n|-activate|p2a: Exeggutor|move: Struggle\n|move|p2a: Exeggutor|Struggle|p1a: Jirachi\n|-activate|p1a: Jirachi|move: Protect\n|\n|-heal|p1a: Jirachi|72/100|[from] item: Leftovers\n|-damage|p1a: Jirachi|60/100|[from] Leech Seed|[of] p2a: Exeggutor\n|-heal|p2a: Exeggutor|312/312 par|[silent]\n|upkeep\n|turn|105\n|inactive|Time left: 300 sec this turn | 300 sec total\n|\n|t:|1783554423\n|move|p1a: Jirachi|Body Slam|p2a: Exeggutor\n|-damage|p2a: Exeggutor|254/312 par\n|cant|p2a: Exeggutor|par\n|\n|-heal|p1a: Jirachi|66/100|[from] item: Leftovers\n|-damage|p1a: Jirachi|54/100|[from] Leech Seed|[of] p2a: Exeggutor\n|-heal|p2a: Exeggutor|290/312 par|[silent]\n|upkeep\n|turn|106\n|inactive|Time left: 300 sec this turn | 300 sec total\n|\n|t:|1783554424\n|move|p1a: Jirachi|Protect|p1a: Jirachi\n|-singleturn|p1a: Jirachi|Protect\n|-activate|p2a: Exeggutor|move: Struggle\n|move|p2a: Exeggutor|Struggle|p1a: Jirachi\n|-activate|p1a: Jirachi|move: Protect\n|\n|-heal|p1a: Jirachi|60/100|[from] item: Leftovers\n|-damage|p1a: Jirachi|48/100|[from] Leech Seed|[of] p2a: Exeggutor\n|-heal|p2a: Exeggutor|312/312 par|[silent]\n|upkeep\n|turn|107\n|inactive|Time left: 300 sec this turn | 300 sec total\n|\n|t:|1783554425\n|move|p1a: Jirachi|Body Slam|p2a: Exeggutor\n|-damage|p2a: Exeggutor|258/312 par\n|-activate|p2a: Exeggutor|move: Struggle\n|move|p2a: Exeggutor|Struggle|p1a: Jirachi\n|-damage|p1a: Jirachi|37/100\n|-damage|p2a: Exeggutor|180/312 par|[from] recoil\n|\n|-heal|p1a: Jirachi|43/100|[from] item: Leftovers\n|-damage|p1a: Jirachi|31/100|[from] Leech Seed|[of] p2a: Exeggutor\n|-heal|p2a: Exeggutor|216/312 par|[silent]\n|upkeep\n|turn|108\n|inactive|Time left: 300 sec this turn | 300 sec total\n|\n|t:|1783554426\n|move|p1a: Jirachi|Protect|p1a: Jirachi\n|-singleturn|p1a: Jirachi|Protect\n|-activate|p2a: Exeggutor|move: Struggle\n|move|p2a: Exeggutor|Struggle|p1a: Jirachi\n|-activate|p1a: Jirachi|move: Protect\n|\n|-heal|p1a: Jirachi|37/100|[from] item: Leftovers\n|-damage|p1a: Jirachi|25/100|[from] Leech Seed|[of] p2a: Exeggutor\n|-heal|p2a: Exeggutor|252/312 par|[silent]\n|upkeep\n|turn|109\n|inactive|Time left: 300 sec this turn | 300 sec total\n|\n|t:|1783554427\n|move|p1a: Jirachi|Protect|p1a: Jirachi\n|-singleturn|p1a: Jirachi|Protect\n|-activate|p2a: Exeggutor|move: Struggle\n|move|p2a: Exeggutor|Struggle|p1a: Jirachi\n|-activate|p1a: Jirachi|move: Protect\n|\n|-heal|p1a: Jirachi|31/100|[from] item: Leftovers\n|-damage|p1a: Jirachi|19/100|[from] Leech Seed|[of] p2a: Exeggutor\n|-heal|p2a: Exeggutor|288/312 par|[silent]\n|upkeep\n|turn|110\n|inactive|Time left: 300 sec this turn | 300 sec total\n|\n|t:|1783554428\n|move|p1a: Jirachi|Wish|p1a: Jirachi\n|-activate|p2a: Exeggutor|move: Struggle\n|move|p2a: Exeggutor|Struggle|p1a: Jirachi\n|-damage|p1a: Jirachi|9/100\n|-damage|p2a: Exeggutor|210/312 par|[from] recoil\n|\n|-heal|p1a: Jirachi|15/100|[from] item: Leftovers\n|-damage|p1a: Jirachi|3/100|[from] Leech Seed|[of] p2a: Exeggutor\n|-heal|p2a: Exeggutor|246/312 par|[silent]\n|upkeep\n|turn|111\n|inactive|Time left: 300 sec this turn | 300 sec total\n|\n|t:|1783554429\n|move|p1a: Jirachi|Protect|p1a: Jirachi\n|-singleturn|p1a: Jirachi|Protect\n|-activate|p2a: Exeggutor|move: Struggle\n|move|p2a: Exeggutor|Struggle|p1a: Jirachi\n|-activate|p1a: Jirachi|move: Protect\n|\n|-heal|p1a: Jirachi|52/100|[from] move: Wish|[wisher] Jirachi\n|-heal|p1a: Jirachi|59/100|[from] item: Leftovers\n|-damage|p1a: Jirachi|46/100|[from] Leech Seed|[of] p2a: Exeggutor\n|-heal|p2a: Exeggutor|282/312 par|[silent]\n|upkeep\n|turn|112\n|inactive|Time left: 300 sec this turn | 300 sec total\n|\n|t:|1783554430\n|move|p1a: Jirachi|Wish|p1a: Jirachi\n|cant|p2a: Exeggutor|par\n|\n|-heal|p1a: Jirachi|52/100|[from] item: Leftovers\n|-damage|p1a: Jirachi|40/100|[from] Leech Seed|[of] p2a: Exeggutor\n|-heal|p2a: Exeggutor|312/312 par|[silent]\n|upkeep\n|turn|113\n|inactive|Time left: 300 sec this turn | 300 sec total\n|\n|t:|1783554431\n|move|p1a: Jirachi|Protect|p1a: Jirachi\n|-singleturn|p1a: Jirachi|Protect\n|-activate|p2a: Exeggutor|move: Struggle\n|move|p2a: Exeggutor|Struggle|p1a: Jirachi\n|-activate|p1a: Jirachi|move: Protect\n|\n|-heal|p1a: Jirachi|90/100|[from] move: Wish|[wisher] Jirachi\n|-heal|p1a: Jirachi|96/100|[from] item: Leftovers\n|-damage|p1a: Jirachi|84/100|[from] Leech Seed|[of] p2a: Exeggutor\n|upkeep\n|turn|114\n|inactive|Time left: 300 sec this turn | 300 sec total\n|\n|t:|1783554431\n|move|p1a: Jirachi|Protect|p1a: Jirachi\n|-singleturn|p1a: Jirachi|Protect\n|cant|p2a: Exeggutor|par\n|\n|-heal|p1a: Jirachi|90/100|[from] item: Leftovers\n|-damage|p1a: Jirachi|77/100|[from] Leech Seed|[of] p2a: Exeggutor\n|upkeep\n|turn|115\n|inactive|Time left: 300 sec this turn | 300 sec total\n|\n|t:|1783554432\n|move|p1a: Jirachi|Protect||[still]\n|-fail|p1a: Jirachi\n|-activate|p2a: Exeggutor|move: Struggle\n|move|p2a: Exeggutor|Struggle|p1a: Jirachi\n|-damage|p1a: Jirachi|66/100\n|-damage|p2a: Exeggutor|234/312 par|[from] recoil\n|\n|-heal|p1a: Jirachi|73/100|[from] item: Leftovers\n|-damage|p1a: Jirachi|60/100|[from] Leech Seed|[of] p2a: Exeggutor\n|-heal|p2a: Exeggutor|270/312 par|[silent]\n|upkeep\n|turn|116\n|inactive|Time left: 300 sec this turn | 300 sec total\n|\n|t:|1783554433\n|move|p1a: Jirachi|Protect|p1a: Jirachi\n|-singleturn|p1a: Jirachi|Protect\n|-activate|p2a: Exeggutor|move: Struggle\n|move|p2a: Exeggutor|Struggle|p1a: Jirachi\n|-activate|p1a: Jirachi|move: Protect\n|\n|-heal|p1a: Jirachi|66/100|[from] item: Leftovers\n|-damage|p1a: Jirachi|54/100|[from] Leech Seed|[of] p2a: Exeggutor\n|-heal|p2a: Exeggutor|306/312 par|[silent]\n|upkeep\n|turn|117\n|inactive|Time left: 300 sec this turn | 300 sec total\n|\n|t:|1783554434\n|move|p1a: Jirachi|Protect|p1a: Jirachi\n|-singleturn|p1a: Jirachi|Protect\n|cant|p2a: Exeggutor|par\n|\n|-heal|p1a: Jirachi|60/100|[from] item: Leftovers\n|-damage|p1a: Jirachi|48/100|[from] Leech Seed|[of] p2a: Exeggutor\n|-heal|p2a: Exeggutor|312/312 par|[silent]\n|upkeep\n|turn|118\n|inactive|Time left: 300 sec this turn | 300 sec total\n|\n|t:|1783554435\n|move|p1a: Jirachi|Wish|p1a: Jirachi\n|-activate|p2a: Exeggutor|move: Struggle\n|move|p2a: Exeggutor|Struggle|p1a: Jirachi\n|-damage|p1a: Jirachi|37/100\n|-damage|p2a: Exeggutor|234/312 par|[from] recoil\n|\n|-heal|p1a: Jirachi|43/100|[from] item: Leftovers\n|-damage|p1a: Jirachi|31/100|[from] Leech Seed|[of] p2a: Exeggutor\n|-heal|p2a: Exeggutor|270/312 par|[silent]\n|upkeep\n|turn|119\n|inactive|Time left: 300 sec this turn | 300 sec total\n|\n|t:|1783554435\n|move|p1a: Jirachi|Protect|p1a: Jirachi\n|-singleturn|p1a: Jirachi|Protect\n|cant|p2a: Exeggutor|par\n|\n|-heal|p1a: Jirachi|81/100|[from] move: Wish|[wisher] Jirachi\n|-heal|p1a: Jirachi|87/100|[from] item: Leftovers\n|-damage|p1a: Jirachi|75/100|[from] Leech Seed|[of] p2a: Exeggutor\n|-heal|p2a: Exeggutor|306/312 par|[silent]\n|upkeep\n|turn|120\n|inactive|Time left: 300 sec this turn | 300 sec total\n|\n|t:|1783554436\n|-activate|p1a: Jirachi|move: Struggle\n|move|p1a: Jirachi|Struggle|p2a: Exeggutor\n|-damage|p2a: Exeggutor|272/312 par\n|-damage|p1a: Jirachi|50/100|[from] recoil\n|-activate|p2a: Exeggutor|move: Struggle\n|move|p2a: Exeggutor|Struggle|p1a: Jirachi\n|-damage|p1a: Jirachi|39/100\n|-damage|p2a: Exeggutor|194/312 par|[from] recoil\n|\n|-heal|p1a: Jirachi|45/100|[from] item: Leftovers\n|-damage|p1a: Jirachi|32/100|[from] Leech Seed|[of] p2a: Exeggutor\n|-heal|p2a: Exeggutor|230/312 par|[silent]\n|upkeep\n|turn|121\n|inactive|Time left: 300 sec this turn | 300 sec total\n|\n|t:|1783554437\n|-activate|p1a: Jirachi|move: Struggle\n|move|p1a: Jirachi|Struggle|p2a: Exeggutor\n|-damage|p2a: Exeggutor|198/312 par\n|-damage|p1a: Jirachi|7/100|[from] recoil\n|-activate|p2a: Exeggutor|move: Struggle\n|move|p2a: Exeggutor|Struggle|p1a: Jirachi\n|-damage|p1a: Jirachi|0 fnt\n|faint|p1a: Jirachi\n|-damage|p2a: Exeggutor|120/312 par|[from] recoil\n|-enditem|p2a: Exeggutor|Sitrus Berry|[eat]\n|-heal|p2a: Exeggutor|198/312 par|[from] item: Sitrus Berry\n|\n|win|p0y123826b7", "uploadtime": 1783554437, "views": 0, "rating": 0, "private": 0, "password": null, "_winner": "p0y123826b7", "_our_name": "p0y123826b7"}