{"id": "battle-gen9randombattle-2415", "formatid": "gen9randombattle", "format": "[Gen 9] Random Battle", "players": ["p0x2415dfc9", "p0y2415ec25"], "log": "|init|battle\n|title|p0x2415dfc9 vs. p0y2415ec25\n|j|\u2606p0x2415dfc9\n|j|\u2606p0y2415ec25\n|t:|1783567012\n|gametype|singles\n|player|p1|p0x2415dfc9|102|\n|player|p2|p0y2415ec25|265|\n|gen|9\n|tier|[Gen 9] Random Battle\n|rule|Species Clause: Limit one of each Pok\u00e9mon\n|rule|HP Percentage Mod: HP is shown in percentages\n|rule|Sleep Clause Mod: Limit one foe put to sleep\n|rule|Illusion Level Mod: Illusion disguises the Pok\u00e9mon's true level\n|\n|t:|1783567012\n|teamsize|p1|6\n|teamsize|p2|6\n|start\n|switch|p1a: Deoxys|Deoxys-Defense, L84|100/100\n|switch|p2a: Wyrdeer|Wyrdeer, L87, M|321/321\n|-ability|p1a: Deoxys|Pressure\n|-ability|p2a: Wyrdeer|Intimidate|boost\n|-unboost|p1a: Deoxys|atk|1\n|turn|1\n|inactive|Battle timer is ON: inactive players will automatically lose when time's up. (requested by p0x2415dfc9)\n|inactive|Time left: 300 sec this turn | 300 sec total | 60 sec grace\n|inactive|p0y2415ec25 also wants the timer to be on.\n|\n|t:|1783567013\n|switch|p1a: Conkeldurr|Conkeldurr, L80, F|100/100\n|move|p2a: Wyrdeer|Megahorn|p1a: Conkeldurr\n|-resisted|p1a: Conkeldurr\n|-crit|p1a: Conkeldurr\n|-damage|p1a: Conkeldurr|76/100\n|\n|-status|p1a: Conkeldurr|brn|[from] item: Flame Orb\n|upkeep\n|turn|2\n|inactive|Time left: 300 sec this turn | 300 sec total\n|\n|t:|1783567014\n|-terastallize|p1a: Conkeldurr|Normal\n|move|p2a: Wyrdeer|Psychic Noise|p1a: Conkeldurr\n|-damage|p1a: Conkeldurr|35/100 brn\n|-start|p1a: Conkeldurr|move: Heal Block\n|move|p1a: Conkeldurr|Facade|p2a: Wyrdeer\n|-damage|p2a: Wyrdeer|0 fnt\n|faint|p2a: Wyrdeer\n|\n|-damage|p1a: Conkeldurr|29/100 brn|[from] brn\n|upkeep\n|inactive|Time left: 300 sec this turn | 300 sec total | 5 sec grace\n|\n|t:|1783567015\n|switch|p2a: Klawf|Klawf, L90, M|272/272\n|turn|3\n|inactive|Time left: 300 sec this turn | 300 sec total\n|\n|t:|1783567016\n|switch|p1a: Deoxys|Deoxys-Defense, L84|100/100\n|-ability|p1a: Deoxys|Pressure\n|move|p2a: Klawf|Knock Off|p1a: Deoxys\n|-supereffective|p1a: Deoxys\n|-damage|p1a: Deoxys|39/100\n|-damage|p2a: Klawf|227/272|[from] item: Rocky Helmet|[of] p1a: Deoxys\n|-enditem|p1a: Deoxys|Rocky Helmet|[from] move: Knock Off|[of] p2a: Klawf\n|-damage|p2a: Klawf|200/272|[from] item: Life Orb\n|\n|upkeep\n|turn|4\n|inactive|Time left: 300 sec this turn | 300 sec total\n|\n|t:|1783567018\n|move|p1a: Deoxys|Recover|p1a: Deoxys\n|-heal|p1a: Deoxys|90/100\n|move|p2a: Klawf|Stealth Rock|p1a: Deoxys\n|-sidestart|p1: p0x2415dfc9|move: Stealth Rock\n|\n|upkeep\n|turn|5\n|inactive|Time left: 300 sec this turn | 300 sec total\n|\n|t:|1783567019\n|switch|p2a: Cresselia|Cresselia, L80, F|323/323\n|move|p1a: Deoxys|Stealth Rock|p2a: Cresselia\n|-sidestart|p2: p0y2415ec25|move: Stealth Rock\n|\n|upkeep\n|turn|6\n|inactive|Time left: 300 sec this turn | 300 sec total\n|\n|t:|1783567020\n|move|p1a: Deoxys|Knock Off|p2a: Cresselia\n|-supereffective|p2a: Cresselia\n|-damage|p2a: Cresselia|225/323\n|-enditem|p2a: Cresselia|Leftovers|[from] move: Knock Off|[of] p1a: Deoxys\n|move|p2a: Cresselia|Calm Mind|p2a: Cresselia\n|-boost|p2a: Cresselia|spa|1\n|-boost|p2a: Cresselia|spd|1\n|\n|upkeep\n|turn|7\n|inactive|Time left: 300 sec this turn | 300 sec total\n|\n|t:|1783567021\n|switch|p1a: Reshiram|Reshiram, L76|100/100\n|-ability|p1a: Reshiram|Turboblaze\n|move|p2a: Cresselia|Calm Mind|p2a: Cresselia\n|-boost|p2a: Cresselia|spa|1\n|-boost|p2a: Cresselia|spd|1\n|\n|upkeep\n|turn|8\n|inactive|Time left: 300 sec this turn | 300 sec total\n|\n|t:|1783567022\n|move|p2a: Cresselia|Psyshock|p1a: Reshiram\n|-damage|p1a: Reshiram|52/100\n|move|p1a: Reshiram|Dragon Dance|p1a: Reshiram\n|-boost|p1a: Reshiram|atk|1\n|-boost|p1a: Reshiram|spe|1\n|\n|upkeep\n|turn|9\n|inactive|Time left: 300 sec this turn | 300 sec total\n|\n|t:|1783567023\n|move|p1a: Reshiram|Outrage|p2a: Cresselia\n|-damage|p2a: Cresselia|63/323\n|move|p2a: Cresselia|Moonlight|p2a: Cresselia\n|-heal|p2a: Cresselia|224/323\n|\n|upkeep\n|turn|10\n|inactive|Time left: 300 sec this turn | 300 sec total\n|\n|t:|1783567024\n|-terastallize|p2a: Cresselia|Steel\n|move|p1a: Reshiram|Outrage|p2a: Cresselia|[from] lockedmove\n|-resisted|p2a: Cresselia\n|-damage|p2a: Cresselia|139/323\n|move|p2a: Cresselia|Moonlight|p2a: Cresselia\n|-heal|p2a: Cresselia|300/323\n|\n|upkeep\n|turn|11\n|inactive|Time left: 300 sec this turn | 300 sec total\n|\n|t:|1783567025\n|move|p1a: Reshiram|Outrage|p2a: Cresselia|[from] lockedmove\n|-resisted|p2a: Cresselia\n|-damage|p2a: Cresselia|215/323\n|-start|p1a: Reshiram|confusion|[fatigue]\n|move|p2a: Cresselia|Psyshock|p1a: Reshiram\n|-damage|p1a: Reshiram|7/100\n|\n|upkeep\n|turn|12\n|inactive|Time left: 300 sec this turn | 300 sec total\n|\n|t:|1783567026\n|-activate|p1a: Reshiram|confusion\n|move|p1a: Reshiram|Flare Blitz|p2a: Cresselia\n|-supereffective|p2a: Cresselia\n|-damage|p2a: Cresselia|0 fnt\n|faint|p2a: Cresselia\n|-damage|p1a: Reshiram|0 fnt|[from] Recoil\n|faint|p1a: Reshiram\n|\n|upkeep\n|inactive|Time left: 300 sec this turn | 300 sec total | 5 sec grace\n|\n|t:|1783567027\n|switch|p2a: Seviper|Seviper, L93, M|287/287\n|switch|p1a: Thundurus|Thundurus-Therian, L80, M|100/100\n|-damage|p2a: Seviper|252/287|[from] Stealth Rock\n|turn|13\n|inactive|Time left: 300 sec this turn | 300 sec total\n|\n|t:|1783567028\n|move|p1a: Thundurus|Psychic|p2a: Seviper\n|-supereffective|p2a: Seviper\n|-damage|p2a: Seviper|58/287\n|move|p2a: Seviper|Gunk Shot|p1a: Thundurus|[miss]\n|-miss|p2a: Seviper|p1a: Thundurus\n|\n|upkeep\n|turn|14\n|inactive|Time left: 300 sec this turn | 300 sec total\n|\n|t:|1783567030\n|switch|p2a: Trevenant|Trevenant, L89, F|296/296\n|-damage|p2a: Trevenant|259/296|[from] Stealth Rock\n|move|p1a: Thundurus|Psychic|p2a: Trevenant\n|-damage|p2a: Trevenant|171/296\n|\n|upkeep\n|turn|15\n|inactive|Time left: 300 sec this turn | 300 sec total\n|\n|t:|1783567031\n|move|p1a: Thundurus|Nasty Plot|p1a: Thundurus\n|-boost|p1a: Thundurus|spa|2\n|move|p2a: Trevenant|Poltergeist|p1a: Thundurus\n|-activate|p1a: Thundurus|move: Poltergeist|Heavy-Duty Boots\n|-damage|p1a: Thundurus|35/100\n|\n|upkeep\n|turn|16\n|inactive|Time left: 300 sec this turn | 300 sec total\n|\n|t:|1783567032\n|move|p1a: Thundurus|Psychic|p2a: Trevenant\n|-damage|p2a: Trevenant|24/296\n|-unboost|p2a: Trevenant|spd|1\n|-enditem|p2a: Trevenant|Sitrus Berry|[eat]\n|-heal|p2a: Trevenant|98/296|[from] item: Sitrus Berry\n|move|p2a: Trevenant|Poltergeist|p1a: Thundurus\n|-activate|p1a: Thundurus|move: Poltergeist|Heavy-Duty Boots\n|-damage|p1a: Thundurus|0 fnt\n|faint|p1a: Thundurus\n|\n|-item|p2a: Trevenant|Sitrus Berry|[from] ability: Harvest\n|upkeep\n|-enditem|p2a: Trevenant|Sitrus Berry|[eat]\n|-heal|p2a: Trevenant|172/296|[from] item: Sitrus Berry\n|\n|t:|1783567033\n|switch|p1a: Revavroom|Revavroom, L79, M|100/100\n|-damage|p1a: Revavroom|94/100|[from] Stealth Rock\n|turn|17\n|inactive|Time left: 300 sec this turn | 300 sec total\n|\n|t:|1783567034\n|move|p1a: Revavroom|Shift Gear|p1a: Revavroom\n|-boost|p1a: Revavroom|spe|2\n|-boost|p1a: Revavroom|atk|1\n|move|p2a: Trevenant|Poltergeist|p1a: Revavroom\n|-activate|p1a: Revavroom|move: Poltergeist|Life Orb\n|-damage|p1a: Revavroom|35/100\n|\n|-item|p2a: Trevenant|Sitrus Berry|[from] ability: Harvest\n|upkeep\n|turn|18\n|inactive|Time left: 300 sec this turn | 300 sec total\n|\n|t:|1783567035\n|switch|p2a: Skarmory|Skarmory, L80, F|235/235\n|-damage|p2a: Skarmory|206/235|[from] Stealth Rock\n|move|p1a: Revavroom|Gunk Shot|p2a: Skarmory\n|-immune|p2a: Skarmory\n|\n|-heal|p2a: Skarmory|220/235|[from] item: Leftovers\n|upkeep\n|turn|19\n|inactive|Time left: 300 sec this turn | 300 sec total\n|\n|t:|1783567036\n|move|p1a: Revavroom|Iron Head|p2a: Skarmory\n|-resisted|p2a: Skarmory\n|-damage|p2a: Skarmory|154/235\n|-damage|p1a: Revavroom|25/100|[from] item: Life Orb\n|move|p2a: Skarmory|Body Press|p1a: Revavroom\n|-damage|p1a: Revavroom|0 fnt\n|faint|p1a: Revavroom\n|\n|-heal|p2a: Skarmory|168/235|[from] item: Leftovers\n|upkeep\n|\n|t:|1783567037\n|switch|p1a: Darkrai|Darkrai, L77|100/100\n|-damage|p1a: Darkrai|88/100|[from] Stealth Rock\n|turn|20\n|inactive|Time left: 300 sec this turn | 300 sec total\n|\n|t:|1783567038\n|move|p1a: Darkrai|Nasty Plot|p1a: Darkrai\n|-boost|p1a: Darkrai|spa|2\n|move|p2a: Skarmory|Body Press|p1a: Darkrai\n|-supereffective|p1a: Darkrai\n|-damage|p1a: Darkrai|22/100\n|\n|-heal|p2a: Skarmory|182/235|[from] item: Leftovers\n|upkeep\n|turn|21\n|inactive|Time left: 300 sec this turn | 300 sec total\n|\n|t:|1783567039\n|switch|p2a: Seviper|Seviper, L93, M|58/287\n|-damage|p2a: Seviper|23/287|[from] Stealth Rock\n|move|p1a: Darkrai|Dark Pulse|p2a: Seviper\n|-damage|p2a: Seviper|0 fnt\n|faint|p2a: Seviper\n|-damage|p1a: Darkrai|12/100|[from] item: Life Orb\n|\n|upkeep\n|inactive|Time left: 300 sec this turn | 300 sec total | 5 sec grace\n|\n|t:|1783567040\n|switch|p2a: Trevenant|Trevenant, L89, F|172/296\n|-damage|p2a: Trevenant|135/296|[from] Stealth Rock\n|-enditem|p2a: Trevenant|Sitrus Berry|[eat]\n|-heal|p2a: Trevenant|209/296|[from] item: Sitrus Berry\n|turn|22\n|inactive|Time left: 300 sec this turn | 300 sec total\n|\n|t:|1783567041\n|move|p2a: Trevenant|Protect|p2a: Trevenant\n|-singleturn|p2a: Trevenant|Protect\n|move|p1a: Darkrai|Dark Pulse|p2a: Trevenant\n|-activate|p2a: Trevenant|move: Protect\n|\n|-item|p2a: Trevenant|Sitrus Berry|[from] ability: Harvest\n|upkeep\n|turn|23\n|inactive|Time left: 300 sec this turn | 300 sec total\n|\n|t:|1783567042\n|move|p2a: Trevenant|Protect|p2a: Trevenant\n|-singleturn|p2a: Trevenant|Protect\n|move|p1a: Darkrai|Dark Pulse|p2a: Trevenant\n|-activate|p2a: Trevenant|move: Protect\n|\n|upkeep\n|turn|24\n|inactive|Time left: 300 sec this turn | 300 sec total\n|\n|t:|1783567043\n|move|p2a: Trevenant|Protect||[still]\n|-fail|p2a: Trevenant\n|move|p1a: Darkrai|Dark Pulse|p2a: Trevenant\n|-supereffective|p2a: Trevenant\n|-damage|p2a: Trevenant|0 fnt\n|faint|p2a: Trevenant\n|-damage|p1a: Darkrai|3/100|[from] item: Life Orb\n|\n|upkeep\n|inactive|Time left: 300 sec this turn | 300 sec total | 5 sec grace\n|\n|t:|1783567044\n|switch|p2a: Klawf|Klawf, L90, M|272/272\n|-damage|p2a: Klawf|238/272|[from] Stealth Rock\n|turn|25\n|inactive|Time left: 300 sec this turn | 300 sec total\n|\n|t:|1783567044\n|move|p1a: Darkrai|Dark Pulse|p2a: Klawf\n|-damage|p2a: Klawf|0 fnt\n|faint|p2a: Klawf\n|-damage|p1a: Darkrai|0 fnt|[from] item: Life Orb\n|faint|p1a: Darkrai\n|\n|upkeep\n|inactive|Time left: 300 sec this turn | 300 sec total | 5 sec grace\n|\n|t:|1783567045\n|switch|p1a: Deoxys|Deoxys-Defense, L84|90/100\n|switch|p2a: Skarmory|Skarmory, L80, F|182/235\n|-damage|p1a: Deoxys|77/100|[from] Stealth Rock\n|-ability|p1a: Deoxys|Pressure\n|-damage|p2a: Skarmory|153/235|[from] Stealth Rock\n|turn|26\n|inactive|Time left: 300 sec this turn | 300 sec total\n|\n|t:|1783567046\n|move|p1a: Deoxys|Psychic Noise|p2a: Skarmory\n|-resisted|p2a: Skarmory\n|-damage|p2a: Skarmory|115/235\n|-start|p2a: Skarmory|move: Heal Block\n|move|p2a: Skarmory|Body Press|p1a: Deoxys\n|-resisted|p1a: Deoxys\n|-damage|p1a: Deoxys|67/100\n|\n|upkeep\n|turn|27\n|inactive|Time left: 300 sec this turn | 300 sec total\n|\n|t:|1783567047\n|move|p1a: Deoxys|Knock Off|p2a: Skarmory\n|-damage|p2a: Skarmory|74/235\n|-enditem|p2a: Skarmory|Leftovers|[from] move: Knock Off|[of] p1a: Deoxys\n|move|p2a: Skarmory|Body Press|p1a: Deoxys\n|-resisted|p1a: Deoxys\n|-damage|p1a: Deoxys|57/100\n|\n|-end|p2a: Skarmory|move: Heal Block\n|upkeep\n|turn|28\n|inactive|Time left: 300 sec this turn | 300 sec total\n|\n|t:|1783567048\n|move|p1a: Deoxys|Psychic Noise|p2a: Skarmory\n|-resisted|p2a: Skarmory\n|-damage|p2a: Skarmory|36/235\n|-start|p2a: Skarmory|move: Heal Block\n|move|p2a: Skarmory|Body Press|p1a: Deoxys\n|-resisted|p1a: Deoxys\n|-damage|p1a: Deoxys|48/100\n|\n|upkeep\n|turn|29\n|inactive|Time left: 300 sec this turn | 300 sec total\n|\n|t:|1783567049\n|move|p1a: Deoxys|Psychic Noise|p2a: Skarmory\n|-resisted|p2a: Skarmory\n|-damage|p2a: Skarmory|0 fnt\n|faint|p2a: Skarmory\n|\n|win|p0x2415dfc9", "uploadtime": 1783567049, "views": 0, "rating": 0, "private": 0, "password": null, "_winner": "p0x2415dfc9", "_our_name": "p0y2415ec25"}