{"id": "battle-gen9randombattle-1760", "formatid": "gen9randombattle", "format": "[Gen 9] Random Battle", "players": ["p0x17603c4e", "p0y1760711b"], "log": "|init|battle\n|title|p0x17603c4e vs. p0y1760711b\n|j|\u2606p0x17603c4e\n|j|\u2606p0y1760711b\n|t:|1783560322\n|gametype|singles\n|player|p1|p0x17603c4e|1|\n|player|p2|p0y1760711b|2|\n|gen|9\n|tier|[Gen 9] Random Battle\n|rule|Species Clause: Limit one of each Pok\u00e9mon\n|rule|HP Percentage Mod: HP is shown in percentages\n|rule|Sleep Clause Mod: Limit one foe put to sleep\n|rule|Illusion Level Mod: Illusion disguises the Pok\u00e9mon's true level\n|\n|t:|1783560322\n|teamsize|p1|6\n|teamsize|p2|6\n|start\n|switch|p1a: Iron Moth|Iron Moth, L78|253/253\n|switch|p2a: Minun|Minun, L95, M|100/100\n|turn|1\n|inactive|Battle timer is ON: inactive players will automatically lose when time's up. (requested by p0y1760711b)\n|inactive|Time left: 300 sec this turn | 300 sec total | 60 sec grace\n|\n|t:|1783560324\n|move|p2a: Minun|Nasty Plot|p2a: Minun\n|-boost|p2a: Minun|spa|2\n|move|p1a: Iron Moth|Sludge Wave|p2a: Minun\n|-damage|p2a: Minun|40/100\n|\n|upkeep\n|turn|2\n|inactive|Time left: 300 sec this turn | 300 sec total\n|inactive|p0x17603c4e also wants the timer to be on.\n|\n|t:|1783560325\n|move|p2a: Minun|Thunderbolt|p1a: Iron Moth\n|-damage|p1a: Iron Moth|15/253\n|-damage|p2a: Minun|30/100|[from] item: Life Orb\n|move|p1a: Iron Moth|Sludge Wave|p2a: Minun\n|-damage|p2a: Minun|0 fnt\n|faint|p2a: Minun\n|\n|upkeep\n|\n|t:|1783560326\n|switch|p2a: Basculin|Basculin-Blue-Striped, L86, F|100/100\n|turn|3\n|inactive|Time left: 300 sec this turn | 300 sec total\n|\n|t:|1783560327\n|move|p2a: Basculin|Wave Crash|p1a: Iron Moth\n|-supereffective|p1a: Iron Moth\n|-damage|p1a: Iron Moth|0 fnt\n|faint|p1a: Iron Moth\n|-end|p1a: Iron Moth|Quark Drive|[silent]\n|-damage|p2a: Basculin|99/100|[from] Recoil\n|\n|upkeep\n|inactive|Time left: 300 sec this turn | 300 sec total | 5 sec grace\n|\n|t:|1783560328\n|switch|p1a: Furret|Furret, L94, F|312/312\n|-item|p2a: Basculin|Choice Band|[from] ability: Frisk|[of] p1a: Furret\n|turn|4\n|inactive|Time left: 300 sec this turn | 300 sec total\n|\n|t:|1783560330\n|move|p1a: Furret|Knock Off|p2a: Basculin\n|-damage|p2a: Basculin|51/100\n|-enditem|p2a: Basculin|Choice Band|[from] move: Knock Off|[of] p1a: Furret\n|move|p2a: Basculin|Wave Crash|p1a: Furret\n|-damage|p1a: Furret|130/312\n|-damage|p2a: Basculin|28/100|[from] Recoil\n|\n|upkeep\n|turn|5\n|inactive|Time left: 300 sec this turn | 300 sec total\n|\n|t:|1783560331\n|switch|p2a: Crabominable|Crabominable, L90, F|100/100\n|move|p1a: Furret|Knock Off|p2a: Crabominable\n|-resisted|p2a: Crabominable\n|-damage|p2a: Crabominable|82/100\n|-enditem|p2a: Crabominable|Assault Vest|[from] move: Knock Off|[of] p1a: Furret\n|\n|upkeep\n|turn|6\n|inactive|Time left: 300 sec this turn | 300 sec total\n|\n|t:|1783560332\n|switch|p1a: Ribombee|Ribombee, L83, F|235/235\n|move|p2a: Crabominable|Drain Punch|p1a: Ribombee\n|-resisted|p1a: Ribombee\n|-damage|p1a: Ribombee|188/235\n|-heal|p2a: Crabominable|90/100|[from] drain|[of] p1a: Ribombee\n|\n|upkeep\n|turn|7\n|inactive|Time left: 300 sec this turn | 300 sec total\n|\n|t:|1783560333\n|move|p1a: Ribombee|Sticky Web|p2a: Crabominable\n|-sidestart|p2: p0y1760711b|move: Sticky Web\n|move|p2a: Crabominable|Ice Hammer|p1a: Ribombee\n|-damage|p1a: Ribombee|0 fnt\n|-unboost|p2a: Crabominable|spe|1\n|faint|p1a: Ribombee\n|\n|upkeep\n|inactive|Time left: 300 sec this turn | 300 sec total | 5 sec grace\n|\n|t:|1783560334\n|switch|p1a: Solgaleo|Solgaleo, L74|325/325\n|turn|8\n|inactive|Time left: 300 sec this turn | 300 sec total\n|\n|t:|1783560335\n|move|p1a: Solgaleo|Sunsteel Strike|p2a: Crabominable\n|-supereffective|p2a: Crabominable\n|-damage|p2a: Crabominable|24/100\n|move|p2a: Crabominable|Drain Punch|p1a: Solgaleo\n|-damage|p1a: Solgaleo|196/325\n|-heal|p2a: Crabominable|44/100|[from] drain|[of] p1a: Solgaleo\n|\n|-heal|p1a: Solgaleo|216/325|[from] item: Leftovers\n|upkeep\n|turn|9\n|inactive|Time left: 300 sec this turn | 300 sec total\n|\n|t:|1783560336\n|-terastallize|p2a: Crabominable|Fighting\n|move|p1a: Solgaleo|Sunsteel Strike|p2a: Crabominable\n|-damage|p2a: Crabominable|9/100\n|move|p2a: Crabominable|Drain Punch|p1a: Solgaleo\n|-damage|p1a: Solgaleo|28/325\n|-heal|p2a: Crabominable|38/100|[from] drain|[of] p1a: Solgaleo\n|\n|-heal|p1a: Solgaleo|48/325|[from] item: Leftovers\n|upkeep\n|turn|10\n|inactive|Time left: 300 sec this turn | 300 sec total\n|\n|t:|1783560337\n|move|p1a: Solgaleo|Sunsteel Strike|p2a: Crabominable\n|-damage|p2a: Crabominable|0 fnt\n|faint|p2a: Crabominable\n|\n|-heal|p1a: Solgaleo|68/325|[from] item: Leftovers\n|upkeep\n|\n|t:|1783560338\n|switch|p2a: Oinkologne|Oinkologne, L92, M|100/100\n|-activate|p2a: Oinkologne|move: Sticky Web\n|-unboost|p2a: Oinkologne|spe|1\n|turn|11\n|inactive|Time left: 300 sec this turn | 300 sec total\n|\n|t:|1783560339\n|move|p1a: Solgaleo|Morning Sun|p1a: Solgaleo\n|-heal|p1a: Solgaleo|230/325\n|move|p2a: Oinkologne|High Horsepower|p1a: Solgaleo\n|-supereffective|p1a: Solgaleo\n|-damage|p1a: Solgaleo|72/325\n|\n|-heal|p1a: Solgaleo|92/325|[from] item: Leftovers\n|upkeep\n|turn|12\n|inactive|Time left: 300 sec this turn | 300 sec total\n|\n|t:|1783560340\n|move|p1a: Solgaleo|Morning Sun|p1a: Solgaleo\n|-heal|p1a: Solgaleo|254/325\n|move|p2a: Oinkologne|Lash Out|p1a: Solgaleo\n|-supereffective|p1a: Solgaleo\n|-damage|p1a: Solgaleo|126/325\n|\n|-heal|p1a: Solgaleo|146/325|[from] item: Leftovers\n|upkeep\n|turn|13\n|inactive|Time left: 300 sec this turn | 300 sec total\n|\n|t:|1783560341\n|move|p1a: Solgaleo|Morning Sun|p1a: Solgaleo\n|-heal|p1a: Solgaleo|308/325\n|move|p2a: Oinkologne|High Horsepower|p1a: Solgaleo\n|-supereffective|p1a: Solgaleo\n|-damage|p1a: Solgaleo|136/325\n|\n|-heal|p1a: Solgaleo|156/325|[from] item: Leftovers\n|upkeep\n|turn|14\n|inactive|Time left: 300 sec this turn | 300 sec total\n|\n|t:|1783560342\n|move|p1a: Solgaleo|Morning Sun|p1a: Solgaleo\n|-heal|p1a: Solgaleo|318/325\n|move|p2a: Oinkologne|Curse|p2a: Oinkologne\n|-unboost|p2a: Oinkologne|spe|1\n|-boost|p2a: Oinkologne|atk|1\n|-boost|p2a: Oinkologne|def|1\n|\n|-heal|p1a: Solgaleo|325/325|[from] item: Leftovers\n|upkeep\n|turn|15\n|inactive|Time left: 300 sec this turn | 300 sec total\n|\n|t:|1783560343\n|switch|p1a: Arceus|Arceus-Flying, L69|279/279\n|move|p2a: Oinkologne|High Horsepower|p1a: Arceus\n|-immune|p1a: Arceus\n|\n|upkeep\n|turn|16\n|inactive|Time left: 300 sec this turn | 300 sec total\n|\n|t:|1783560344\n|move|p1a: Arceus|Judgment|p2a: Oinkologne\n|-damage|p2a: Oinkologne|70/100\n|move|p2a: Oinkologne|Body Slam|p1a: Arceus\n|-damage|p1a: Arceus|135/279\n|\n|-heal|p2a: Oinkologne|77/100|[from] item: Leftovers\n|upkeep\n|turn|17\n|inactive|Time left: 300 sec this turn | 300 sec total\n|\n|t:|1783560345\n|move|p1a: Arceus|Recover|p1a: Arceus\n|-heal|p1a: Arceus|275/279\n|move|p2a: Oinkologne|Body Slam|p1a: Arceus\n|-damage|p1a: Arceus|118/279\n|\n|-heal|p2a: Oinkologne|83/100|[from] item: Leftovers\n|upkeep\n|turn|18\n|inactive|Time left: 300 sec this turn | 300 sec total\n|\n|t:|1783560346\n|move|p1a: Arceus|Recover|p1a: Arceus\n|-heal|p1a: Arceus|258/279\n|move|p2a: Oinkologne|Body Slam|p1a: Arceus\n|-damage|p1a: Arceus|98/279\n|-status|p1a: Arceus|par\n|\n|-heal|p2a: Oinkologne|89/100|[from] item: Leftovers\n|upkeep\n|turn|19\n|inactive|Time left: 300 sec this turn | 300 sec total\n|\n|t:|1783560347\n|move|p1a: Arceus|Recover|p1a: Arceus\n|-heal|p1a: Arceus|238/279 par\n|move|p2a: Oinkologne|Body Slam|p1a: Arceus\n|-damage|p1a: Arceus|94/279 par\n|\n|-heal|p2a: Oinkologne|95/100|[from] item: Leftovers\n|upkeep\n|turn|20\n|inactive|Time left: 300 sec this turn | 300 sec total\n|\n|t:|1783560348\n|move|p1a: Arceus|Recover|p1a: Arceus\n|-heal|p1a: Arceus|234/279 par\n|move|p2a: Oinkologne|Body Slam|p1a: Arceus\n|-damage|p1a: Arceus|69/279 par\n|\n|-heal|p2a: Oinkologne|100/100|[from] item: Leftovers\n|upkeep\n|turn|21\n|inactive|Time left: 300 sec this turn | 300 sec total\n|\n|t:|1783560349\n|cant|p1a: Arceus|par\n|move|p2a: Oinkologne|Body Slam|p1a: Arceus\n|-damage|p1a: Arceus|0 fnt\n|faint|p1a: Arceus\n|\n|upkeep\n|inactive|Time left: 300 sec this turn | 300 sec total | 5 sec grace\n|\n|t:|1783560350\n|switch|p1a: Solgaleo|Solgaleo, L74|325/325\n|turn|22\n|inactive|Time left: 300 sec this turn | 300 sec total\n|\n|t:|1783560351\n|move|p1a: Solgaleo|Sunsteel Strike|p2a: Oinkologne\n|-damage|p2a: Oinkologne|80/100\n|move|p2a: Oinkologne|High Horsepower|p1a: Solgaleo\n|-supereffective|p1a: Solgaleo\n|-damage|p1a: Solgaleo|87/325\n|\n|-heal|p1a: Solgaleo|107/325|[from] item: Leftovers\n|-heal|p2a: Oinkologne|86/100|[from] item: Leftovers\n|upkeep\n|turn|23\n|inactive|Time left: 300 sec this turn | 300 sec total\n|\n|t:|1783560352\n|move|p1a: Solgaleo|Morning Sun|p1a: Solgaleo\n|-heal|p1a: Solgaleo|269/325\n|move|p2a: Oinkologne|High Horsepower|p1a: Solgaleo\n|-supereffective|p1a: Solgaleo\n|-damage|p1a: Solgaleo|45/325\n|\n|-heal|p1a: Solgaleo|65/325|[from] item: Leftovers\n|-heal|p2a: Oinkologne|92/100|[from] item: Leftovers\n|upkeep\n|turn|24\n|inactive|Time left: 300 sec this turn | 300 sec total\n|\n|t:|1783560353\n|move|p1a: Solgaleo|Morning Sun|p1a: Solgaleo\n|-heal|p1a: Solgaleo|227/325\n|move|p2a: Oinkologne|High Horsepower|p1a: Solgaleo\n|-supereffective|p1a: Solgaleo\n|-damage|p1a: Solgaleo|0 fnt\n|faint|p1a: Solgaleo\n|\n|-heal|p2a: Oinkologne|99/100|[from] item: Leftovers\n|upkeep\n|inactive|Time left: 300 sec this turn | 300 sec total | 5 sec grace\n|\n|t:|1783560354\n|switch|p1a: Furret|Furret, L94, F|130/312\n|-item|p2a: Oinkologne|Leftovers|[from] ability: Frisk|[of] p1a: Furret\n|turn|25\n|inactive|Time left: 300 sec this turn | 300 sec total\n|\n|t:|1783560355\n|move|p1a: Furret|Knock Off|p2a: Oinkologne\n|-damage|p2a: Oinkologne|78/100\n|-enditem|p2a: Oinkologne|Leftovers|[from] move: Knock Off|[of] p1a: Furret\n|move|p2a: Oinkologne|Body Slam|p1a: Furret\n|-crit|p1a: Furret\n|-damage|p1a: Furret|0 fnt\n|faint|p1a: Furret\n|\n|upkeep\n|inactive|Time left: 300 sec this turn | 300 sec total | 5 sec grace\n|\n|t:|1783560356\n|switch|p1a: Decidueye|Decidueye, L88, M|281/281\n|turn|26\n|inactive|Time left: 300 sec this turn | 300 sec total\n|\n|t:|1783560357\n|move|p1a: Decidueye|U-turn|p2a: Oinkologne\n|-damage|p2a: Oinkologne|66/100\n|move|p2a: Oinkologne|High Horsepower|p1a: Decidueye\n|-resisted|p1a: Decidueye\n|-damage|p1a: Decidueye|219/281\n|\n|upkeep\n|turn|27\n|inactive|Time left: 300 sec this turn | 300 sec total\n|\n|t:|1783560358\n|-terastallize|p1a: Decidueye|Grass\n|move|p1a: Decidueye|Leaf Storm|p2a: Oinkologne\n|-damage|p2a: Oinkologne|11/100\n|-unboost|p1a: Decidueye|spa|2\n|move|p2a: Oinkologne|Lash Out|p1a: Decidueye\n|-damage|p1a: Decidueye|109/281\n|\n|upkeep\n|turn|28\n|inactive|Time left: 300 sec this turn | 300 sec total\n|\n|t:|1783560360\n|move|p1a: Decidueye|U-turn|p2a: Oinkologne\n|-damage|p2a: Oinkologne|0 fnt\n|faint|p2a: Oinkologne\n|\n|upkeep\n|\n|t:|1783560360\n|switch|p2a: Froslass|Froslass, L87, F|100/100\n|-activate|p2a: Froslass|move: Sticky Web\n|-unboost|p2a: Froslass|spe|1\n|turn|29\n|inactive|Time left: 300 sec this turn | 300 sec total\n|\n|t:|1783560361\n|move|p1a: Decidueye|Leaf Storm|p2a: Froslass\n|-damage|p2a: Froslass|53/100\n|-unboost|p1a: Decidueye|spa|2\n|-start|p1a: Decidueye|Disable|Leaf Storm|[from] ability: Cursed Body|[of] p2a: Froslass\n|move|p2a: Froslass|Triple Axel|p1a: Decidueye\n|-supereffective|p1a: Decidueye\n|-damage|p1a: Decidueye|65/281\n|-supereffective|p1a: Decidueye\n|-crit|p1a: Decidueye\n|-damage|p1a: Decidueye|0 fnt\n|faint|p1a: Decidueye\n|-hitcount|p1: Decidueye|2\n|\n|win|p0y1760711b", "uploadtime": 1783560361, "views": 0, "rating": 0, "private": 0, "password": null, "_winner": "p0y1760711b", "_our_name": "p0x17603c4e"}