{"id": "battle-gen9randombattle-2749", "formatid": "gen9randombattle", "format": "[Gen 9] Random Battle", "players": ["p0x2749a03a", "p0y27498891"], "log": "|init|battle\n|title|p0x2749a03a vs. p0y27498891\n|j|\u2606p0x2749a03a\n|j|\u2606p0y27498891\n|t:|1783570686\n|gametype|singles\n|player|p1|p0x2749a03a|2|\n|player|p2|p0y27498891|169|\n|gen|9\n|tier|[Gen 9] Random Battle\n|rule|Species Clause: Limit one of each Pok\u00e9mon\n|rule|HP Percentage Mod: HP is shown in percentages\n|rule|Sleep Clause Mod: Limit one foe put to sleep\n|rule|Illusion Level Mod: Illusion disguises the Pok\u00e9mon's true level\n|\n|t:|1783570686\n|teamsize|p1|6\n|teamsize|p2|6\n|start\n|switch|p1a: Wo-Chien|Wo-Chien, L83|100/100\n|switch|p2a: Bisharp|Bisharp, L79, M|232/232\n|-ability|p1a: Wo-Chien|Tablets of Ruin\n|turn|1\n|inactive|Battle timer is ON: inactive players will automatically lose when time's up. (requested by p0y27498891)\n|inactive|p0x2749a03a also wants the timer to be on.\n|\n|t:|1783570687\n|move|p1a: Wo-Chien|Ruination|p2a: Bisharp\n|-damage|p2a: Bisharp|116/232\n|move|p2a: Bisharp|Stealth Rock|p1a: Wo-Chien\n|-sidestart|p1: p0x2749a03a|move: Stealth Rock\n|\n|upkeep\n|turn|2\n|inactive|Time left: 300 sec this turn | 300 sec total\n|\n|t:|1783570688\n|switch|p2a: Granbull|Granbull, L88, M|302/302\n|-ability|p2a: Granbull|Intimidate|boost\n|-unboost|p1a: Wo-Chien|atk|1\n|move|p1a: Wo-Chien|Ruination|p2a: Granbull\n|-damage|p2a: Granbull|151/302\n|\n|-heal|p2a: Granbull|169/302|[from] item: Leftovers\n|upkeep\n|turn|3\n|inactive|Time left: 300 sec this turn | 300 sec total\n|\n|t:|1783570689\n|switch|p1a: Vikavolt|Vikavolt, L83, M|100/100\n|move|p2a: Granbull|Play Rough|p1a: Vikavolt\n|-damage|p1a: Vikavolt|54/100\n|\n|-heal|p2a: Granbull|187/302|[from] item: Leftovers\n|upkeep\n|turn|4\n|inactive|Time left: 300 sec this turn | 300 sec total\n|\n|t:|1783570690\n|move|p2a: Granbull|Play Rough|p1a: Vikavolt\n|-damage|p1a: Vikavolt|11/100\n|move|p1a: Vikavolt|Sticky Web|p2a: Granbull\n|-sidestart|p2: p0y27498891|move: Sticky Web\n|\n|-heal|p2a: Granbull|205/302|[from] item: Leftovers\n|upkeep\n|turn|5\n|inactive|Time left: 300 sec this turn | 300 sec total\n|\n|t:|1783570691\n|move|p2a: Granbull|Play Rough|p1a: Vikavolt\n|-damage|p1a: Vikavolt|0 fnt\n|faint|p1a: Vikavolt\n|\n|-heal|p2a: Granbull|223/302|[from] item: Leftovers\n|upkeep\n|\n|t:|1783570692\n|switch|p1a: Swampert|Swampert, L83, M|100/100\n|-damage|p1a: Swampert|95/100|[from] Stealth Rock\n|turn|6\n|inactive|Time left: 300 sec this turn | 300 sec total\n|\n|t:|1783570693\n|move|p1a: Swampert|Stealth Rock|p2a: Granbull\n|-sidestart|p2: p0y27498891|move: Stealth Rock\n|move|p2a: Granbull|Earthquake|p1a: Swampert\n|-damage|p1a: Swampert|65/100\n|\n|-heal|p1a: Swampert|71/100|[from] item: Leftovers\n|-heal|p2a: Granbull|241/302|[from] item: Leftovers\n|upkeep\n|turn|7\n|inactive|Time left: 300 sec this turn | 300 sec total\n|\n|t:|1783570694\n|move|p1a: Swampert|Earthquake|p2a: Granbull\n|-damage|p2a: Granbull|118/302\n|move|p2a: Granbull|Play Rough|p1a: Swampert\n|-damage|p1a: Swampert|33/100\n|\n|-heal|p1a: Swampert|39/100|[from] item: Leftovers\n|-heal|p2a: Granbull|136/302|[from] item: Leftovers\n|upkeep\n|turn|8\n|inactive|Time left: 300 sec this turn | 300 sec total\n|\n|t:|1783570695\n|move|p1a: Swampert|Earthquake|p2a: Granbull\n|-damage|p2a: Granbull|12/302\n|move|p2a: Granbull|Play Rough|p1a: Swampert\n|-damage|p1a: Swampert|0 fnt\n|faint|p1a: Swampert\n|\n|-heal|p2a: Granbull|30/302|[from] item: Leftovers\n|upkeep\n|\n|t:|1783570696\n|switch|p1a: Wo-Chien|Wo-Chien, L83|100/100\n|-damage|p1a: Wo-Chien|88/100|[from] Stealth Rock\n|-ability|p1a: Wo-Chien|Tablets of Ruin\n|turn|9\n|inactive|Time left: 300 sec this turn | 300 sec total\n|\n|t:|1783570697\n|move|p1a: Wo-Chien|Knock Off|p2a: Granbull\n|-resisted|p2a: Granbull\n|-damage|p2a: Granbull|0 fnt\n|-enditem|p2a: Granbull|Leftovers|[from] move: Knock Off|[of] p1a: Wo-Chien\n|faint|p2a: Granbull\n|\n|-heal|p1a: Wo-Chien|94/100|[from] item: Leftovers\n|upkeep\n|inactive|Time left: 300 sec this turn | 300 sec total | 5 sec grace\n|\n|t:|1783570698\n|switch|p2a: Hawlucha|Hawlucha, L80, M|256/256\n|-damage|p2a: Hawlucha|224/256|[from] Stealth Rock\n|turn|10\n|inactive|Time left: 300 sec this turn | 300 sec total\n|\n|t:|1783570699\n|move|p2a: Hawlucha|Swords Dance|p2a: Hawlucha\n|-boost|p2a: Hawlucha|atk|2\n|move|p1a: Wo-Chien|Ruination|p2a: Hawlucha\n|-damage|p2a: Hawlucha|112/256\n|\n|-heal|p1a: Wo-Chien|100/100|[from] item: Leftovers\n|upkeep\n|turn|11\n|inactive|Time left: 300 sec this turn | 300 sec total\n|\n|t:|1783570700\n|-terastallize|p1a: Wo-Chien|Poison\n|move|p2a: Hawlucha|Close Combat|p1a: Wo-Chien\n|-resisted|p1a: Wo-Chien\n|-damage|p1a: Wo-Chien|75/100\n|-unboost|p2a: Hawlucha|def|1\n|-unboost|p2a: Hawlucha|spd|1\n|-enditem|p2a: Hawlucha|White Herb\n|-clearnegativeboost|p2a: Hawlucha|[silent]\n|move|p1a: Wo-Chien|Giga Drain|p2a: Hawlucha\n|-resisted|p2a: Hawlucha\n|-crit|p2a: Hawlucha\n|-damage|p2a: Hawlucha|30/256\n|-heal|p1a: Wo-Chien|90/100|[from] drain|[of] p2a: Hawlucha\n|\n|-heal|p1a: Wo-Chien|96/100|[from] item: Leftovers\n|upkeep\n|turn|12\n|inactive|Time left: 300 sec this turn | 300 sec total\n|\n|t:|1783570701\n|move|p2a: Hawlucha|Acrobatics|p1a: Wo-Chien\n|-damage|p1a: Wo-Chien|45/100\n|move|p1a: Wo-Chien|Giga Drain|p2a: Hawlucha\n|-resisted|p2a: Hawlucha\n|-damage|p2a: Hawlucha|0 fnt\n|-heal|p1a: Wo-Chien|50/100|[from] drain|[of] p2a: Hawlucha\n|faint|p2a: Hawlucha\n|\n|-heal|p1a: Wo-Chien|56/100|[from] item: Leftovers\n|upkeep\n|inactive|Time left: 300 sec this turn | 300 sec total | 5 sec grace\n|\n|t:|1783570702\n|switch|p2a: Girafarig|Girafarig, L89, M|269/269\n|-activate|p2a: Girafarig|move: Sticky Web\n|-unboost|p2a: Girafarig|spe|1\n|-damage|p2a: Girafarig|236/269|[from] Stealth Rock\n|turn|13\n|inactive|Time left: 300 sec this turn | 300 sec total\n|\n|t:|1783570703\n|move|p1a: Wo-Chien|Knock Off|p2a: Girafarig\n|-supereffective|p2a: Girafarig\n|-damage|p2a: Girafarig|92/269\n|-enditem|p2a: Girafarig|Eviolite|[from] move: Knock Off|[of] p1a: Wo-Chien\n|move|p2a: Girafarig|Psychic|p1a: Wo-Chien\n|-supereffective|p1a: Wo-Chien\n|-damage|p1a: Wo-Chien|4/100\n|\n|-heal|p1a: Wo-Chien|10/100|[from] item: Leftovers\n|upkeep\n|turn|14\n|inactive|Time left: 300 sec this turn | 300 sec total\n|\n|t:|1783570704\n|move|p1a: Wo-Chien|Knock Off|p2a: Girafarig\n|-supereffective|p2a: Girafarig\n|-damage|p2a: Girafarig|0 fnt\n|faint|p2a: Girafarig\n|\n|-heal|p1a: Wo-Chien|16/100|[from] item: Leftovers\n|upkeep\n|inactive|Time left: 300 sec this turn | 300 sec total | 5 sec grace\n|\n|t:|1783570705\n|switch|p2a: Bisharp|Bisharp, L79, M|116/232\n|-activate|p2a: Bisharp|move: Sticky Web\n|-unboost|p2a: Bisharp|spe|1\n|-ability|p2a: Bisharp|Defiant|boost\n|-boost|p2a: Bisharp|atk|2\n|-damage|p2a: Bisharp|102/232|[from] Stealth Rock\n|turn|15\n|inactive|Time left: 300 sec this turn | 300 sec total\n|\n|t:|1783570706\n|move|p1a: Wo-Chien|Stun Spore|p2a: Bisharp\n|-status|p2a: Bisharp|par\n|cant|p2a: Bisharp|par\n|\n|-heal|p1a: Wo-Chien|22/100|[from] item: Leftovers\n|upkeep\n|turn|16\n|inactive|Time left: 300 sec this turn | 300 sec total\n|\n|t:|1783570707\n|switch|p1a: Gurdurr|Gurdurr, L85, M|100/100\n|-damage|p1a: Gurdurr|94/100|[from] Stealth Rock\n|move|p2a: Bisharp|Iron Head|p1a: Gurdurr\n|-damage|p1a: Gurdurr|53/100\n|\n|upkeep\n|turn|17\n|inactive|Time left: 300 sec this turn | 300 sec total\n|\n|t:|1783570708\n|-terastallize|p2a: Bisharp|Ghost\n|move|p1a: Gurdurr|Bulk Up|p1a: Gurdurr\n|-boost|p1a: Gurdurr|atk|1\n|-boost|p1a: Gurdurr|def|1\n|move|p2a: Bisharp|Iron Head|p1a: Gurdurr\n|-damage|p1a: Gurdurr|22/100\n|\n|upkeep\n|turn|18\n|inactive|Time left: 300 sec this turn | 300 sec total\n|\n|t:|1783570709\n|move|p1a: Gurdurr|Knock Off|p2a: Bisharp\n|-supereffective|p2a: Bisharp\n|-damage|p2a: Bisharp|0 fnt\n|-enditem|p2a: Bisharp|Eviolite|[from] move: Knock Off|[of] p1a: Gurdurr\n|faint|p2a: Bisharp\n|\n|upkeep\n|inactive|Time left: 300 sec this turn | 300 sec total | 5 sec grace\n|\n|t:|1783570710\n|switch|p2a: Miraidon|Miraidon, L65|238/238\n|-activate|p2a: Miraidon|move: Sticky Web\n|-unboost|p2a: Miraidon|spe|1\n|-damage|p2a: Miraidon|209/238|[from] Stealth Rock\n|-fieldstart|move: Electric Terrain|[from] ability: Hadron Engine|[of] p2a: Miraidon\n|turn|19\n|inactive|Time left: 300 sec this turn | 300 sec total\n|\n|t:|1783570711\n|move|p1a: Gurdurr|Mach Punch|p2a: Miraidon\n|-damage|p2a: Miraidon|128/238\n|move|p2a: Miraidon|Electro Drift|p1a: Gurdurr\n|-damage|p1a: Gurdurr|0 fnt\n|faint|p1a: Gurdurr\n|\n|upkeep\n|\n|t:|1783570712\n|switch|p1a: Wo-Chien|Wo-Chien, L83, tera:Poison|22/100\n|-damage|p1a: Wo-Chien|10/100|[from] Stealth Rock\n|-ability|p1a: Wo-Chien|Tablets of Ruin\n|turn|20\n|inactive|Time left: 300 sec this turn | 300 sec total\n|\n|t:|1783570713\n|switch|p2a: Entei|Entei, L78|307/307\n|-activate|p2a: Entei|move: Sticky Web\n|-unboost|p2a: Entei|spe|1\n|-damage|p2a: Entei|231/307|[from] Stealth Rock\n|move|p1a: Wo-Chien|Knock Off|p2a: Entei\n|-damage|p2a: Entei|137/307\n|-enditem|p2a: Entei|Choice Band|[from] move: Knock Off|[of] p1a: Wo-Chien\n|\n|-heal|p1a: Wo-Chien|16/100|[from] item: Leftovers\n|upkeep\n|turn|21\n|inactive|Time left: 300 sec this turn | 300 sec total\n|\n|t:|1783570714\n|move|p1a: Wo-Chien|Knock Off|p2a: Entei\n|-damage|p2a: Entei|71/307\n|move|p2a: Entei|Sacred Fire|p1a: Wo-Chien\n|-damage|p1a: Wo-Chien|0 fnt\n|faint|p1a: Wo-Chien\n|\n|upkeep\n|\n|t:|1783570715\n|switch|p1a: Spectrier|Spectrier, L75|100/100\n|-damage|p1a: Spectrier|88/100|[from] Stealth Rock\n|turn|22\n|inactive|Time left: 300 sec this turn | 300 sec total\n|\n|t:|1783570716\n|move|p1a: Spectrier|Shadow Ball|p2a: Entei\n|-damage|p2a: Entei|0 fnt\n|faint|p2a: Entei\n|-ability|p1a: Spectrier|Grim Neigh|boost\n|-boost|p1a: Spectrier|spa|1\n|-damage|p1a: Spectrier|78/100|[from] item: Life Orb\n|\n|upkeep\n|inactive|Time left: 300 sec this turn | 300 sec total | 5 sec grace\n|\n|t:|1783570717\n|switch|p2a: Miraidon|Miraidon, L65|128/238\n|-activate|p2a: Miraidon|move: Sticky Web\n|-unboost|p2a: Miraidon|spe|1\n|-damage|p2a: Miraidon|99/238|[from] Stealth Rock\n|-activate|p2a: Miraidon|ability: Hadron Engine\n|turn|23\n|inactive|Time left: 300 sec this turn | 300 sec total\n|\n|t:|1783570717\n|move|p1a: Spectrier|Shadow Ball|p2a: Miraidon\n|-damage|p2a: Miraidon|0 fnt\n|faint|p2a: Miraidon\n|-damage|p1a: Spectrier|68/100|[from] item: Life Orb\n|\n|win|p0x2749a03a", "uploadtime": 1783570717, "views": 0, "rating": 0, "private": 0, "password": null, "_winner": "p0x2749a03a", "_our_name": "p0y27498891"}