{"id": "battle-gen9randombattle-1626", "formatid": "gen9randombattle", "format": "[Gen 9] Random Battle", "players": ["p0x1626fac7", "p0y1626e8f3"], "log": "|init|battle\n|title|p0x1626fac7 vs. p0y1626e8f3\n|j|\u2606p0x1626fac7\n|j|\u2606p0y1626e8f3\n|t:|1783558810\n|gametype|singles\n|player|p1|p0x1626fac7|265|\n|player|p2|p0y1626e8f3|102|\n|gen|9\n|tier|[Gen 9] Random Battle\n|rule|Species Clause: Limit one of each Pok\u00e9mon\n|rule|HP Percentage Mod: HP is shown in percentages\n|rule|Sleep Clause Mod: Limit one foe put to sleep\n|rule|Illusion Level Mod: Illusion disguises the Pok\u00e9mon's true level\n|\n|t:|1783558810\n|teamsize|p1|6\n|teamsize|p2|6\n|start\n|switch|p1a: Slaking|Slaking, L84, M|389/389\n|switch|p2a: Gurdurr|Gurdurr, L85, M|100/100\n|turn|1\n|inactive|Battle timer is ON: inactive players will automatically lose when time's up. (requested by p0y1626e8f3)\n|inactive|Time left: 300 sec this turn | 300 sec total | 60 sec grace\n|inactive|p0x1626fac7 also wants the timer to be on.\n|\n|t:|1783558812\n|move|p1a: Slaking|Giga Impact|p2a: Gurdurr\n|-damage|p2a: Gurdurr|9/100\n|-mustrecharge|p1a: Slaking\n|move|p2a: Gurdurr|Drain Punch|p1a: Slaking\n|-supereffective|p1a: Slaking\n|-damage|p1a: Slaking|225/389\n|-heal|p2a: Gurdurr|38/100|[from] drain|[of] p1a: Slaking\n|\n|upkeep\n|turn|2\n|inactive|Time left: 300 sec this turn | 300 sec total\n|\n|t:|1783558813\n|cant|p1a: Slaking|recharge\n|move|p2a: Gurdurr|Drain Punch|p1a: Slaking\n|-supereffective|p1a: Slaking\n|-damage|p1a: Slaking|67/389\n|-heal|p2a: Gurdurr|66/100|[from] drain|[of] p1a: Slaking\n|\n|upkeep\n|turn|3\n|inactive|Time left: 300 sec this turn | 300 sec total\n|\n|t:|1783558814\n|move|p2a: Gurdurr|Mach Punch|p1a: Slaking\n|-supereffective|p1a: Slaking\n|-damage|p1a: Slaking|0 fnt\n|faint|p1a: Slaking\n|\n|upkeep\n|inactive|Time left: 300 sec this turn | 300 sec total | 5 sec grace\n|\n|t:|1783558815\n|switch|p1a: Crabominable|Crabominable, L90, M|321/321\n|turn|4\n|inactive|Time left: 300 sec this turn | 300 sec total\n|\n|t:|1783558816\n|move|p1a: Crabominable|Close Combat|p2a: Gurdurr\n|-damage|p2a: Gurdurr|4/100\n|-unboost|p1a: Crabominable|def|1\n|-unboost|p1a: Crabominable|spd|1\n|move|p2a: Gurdurr|Drain Punch|p1a: Crabominable\n|-supereffective|p1a: Crabominable\n|-damage|p1a: Crabominable|51/321\n|-heal|p2a: Gurdurr|52/100|[from] drain|[of] p1a: Crabominable\n|\n|upkeep\n|turn|5\n|inactive|Time left: 300 sec this turn | 300 sec total\n|\n|t:|1783558817\n|move|p2a: Gurdurr|Mach Punch|p1a: Crabominable\n|-supereffective|p1a: Crabominable\n|-damage|p1a: Crabominable|0 fnt\n|faint|p1a: Crabominable\n|\n|upkeep\n|inactive|Time left: 300 sec this turn | 300 sec total | 5 sec grace\n|\n|t:|1783558818\n|switch|p1a: Flapple|Flapple, L88, F|266/266\n|turn|6\n|inactive|Time left: 300 sec this turn | 300 sec total\n|\n|t:|1783558819\n|move|p1a: Flapple|Dragon Dance|p1a: Flapple\n|-boost|p1a: Flapple|atk|1\n|-boost|p1a: Flapple|spe|1\n|move|p2a: Gurdurr|Bulk Up|p2a: Gurdurr\n|-boost|p2a: Gurdurr|atk|1\n|-boost|p2a: Gurdurr|def|1\n|\n|upkeep\n|turn|7\n|inactive|Time left: 300 sec this turn | 300 sec total\n|\n|t:|1783558820\n|-terastallize|p2a: Gurdurr|Steel\n|move|p1a: Flapple|Outrage|p2a: Gurdurr\n|-resisted|p2a: Gurdurr\n|-damage|p2a: Gurdurr|23/100\n|move|p2a: Gurdurr|Drain Punch|p1a: Flapple\n|-damage|p1a: Flapple|142/266\n|-heal|p2a: Gurdurr|45/100|[from] drain|[of] p1a: Flapple\n|\n|upkeep\n|turn|8\n|inactive|Time left: 300 sec this turn | 300 sec total\n|\n|t:|1783558821\n|move|p1a: Flapple|Outrage|p2a: Gurdurr|[from] lockedmove|[miss]\n|-miss|p1a: Flapple|p2a: Gurdurr\n|move|p2a: Gurdurr|Drain Punch|p1a: Flapple\n|-damage|p1a: Flapple|6/266\n|-heal|p2a: Gurdurr|69/100|[from] drain|[of] p1a: Flapple\n|\n|upkeep\n|turn|9\n|inactive|Time left: 300 sec this turn | 300 sec total\n|\n|t:|1783558822\n|move|p2a: Gurdurr|Mach Punch|p1a: Flapple\n|-damage|p1a: Flapple|0 fnt\n|faint|p1a: Flapple\n|\n|upkeep\n|inactive|Time left: 300 sec this turn | 300 sec total | 5 sec grace\n|\n|t:|1783558823\n|switch|p1a: Giratina|Giratina-Origin, L72|335/335\n|turn|10\n|inactive|Time left: 300 sec this turn | 300 sec total\n|\n|t:|1783558823\n|move|p2a: Gurdurr|Knock Off|p1a: Giratina\n|-supereffective|p1a: Giratina\n|-damage|p1a: Giratina|175/335\n|move|p1a: Giratina|Dragon Tail|p2a: Gurdurr\n|-resisted|p2a: Gurdurr\n|-damage|p2a: Gurdurr|64/100\n|drag|p2a: Chi-Yu|Chi-Yu, L77|100/100\n|-ability|p2a: Chi-Yu|Beads of Ruin\n|\n|upkeep\n|turn|11\n|inactive|Time left: 300 sec this turn | 300 sec total\n|\n|t:|1783558825\n|move|p2a: Chi-Yu|Dark Pulse|p1a: Giratina\n|-supereffective|p1a: Giratina\n|-damage|p1a: Giratina|0 fnt\n|faint|p1a: Giratina\n|\n|upkeep\n|inactive|Time left: 300 sec this turn | 300 sec total | 5 sec grace\n|\n|t:|1783558826\n|switch|p1a: Necrozma|Necrozma-Dusk-Mane, L69|248/248\n|turn|12\n|inactive|Time left: 300 sec this turn | 300 sec total\n|\n|t:|1783558827\n|-terastallize|p1a: Necrozma|Ground\n|move|p2a: Chi-Yu|Dark Pulse|p1a: Necrozma\n|-damage|p1a: Necrozma|128/248\n|move|p1a: Necrozma|Dragon Dance|p1a: Necrozma\n|-boost|p1a: Necrozma|atk|1\n|-boost|p1a: Necrozma|spe|1\n|\n|upkeep\n|turn|13\n|inactive|Time left: 300 sec this turn | 300 sec total\n|\n|t:|1783558827\n|move|p2a: Chi-Yu|Dark Pulse|p1a: Necrozma\n|-damage|p1a: Necrozma|0 fnt\n|faint|p1a: Necrozma\n|\n|upkeep\n|inactive|Time left: 300 sec this turn | 300 sec total | 5 sec grace\n|\n|t:|1783558828\n|switch|p1a: Metagross|Metagross, L79|256/256\n|turn|14\n|inactive|Time left: 300 sec this turn | 300 sec total\n|\n|t:|1783558829\n|move|p2a: Chi-Yu|Dark Pulse|p1a: Metagross\n|-supereffective|p1a: Metagross\n|-damage|p1a: Metagross|0 fnt\n|faint|p1a: Metagross\n|\n|win|p0y1626e8f3", "uploadtime": 1783558829, "views": 0, "rating": 0, "private": 0, "password": null, "_winner": "p0y1626e8f3", "_our_name": "p0x1626fac7"}