{"id": "battle-gen9randombattle-2395", "formatid": "gen9randombattle", "format": "[Gen 9] Random Battle", "players": ["p0x2395f5d8", "p0y23957804"], "log": "|init|battle\n|title|p0x2395f5d8 vs. p0y23957804\n|j|\u2606p0x2395f5d8\n|j|\u2606p0y23957804\n|t:|1783566798\n|gametype|singles\n|player|p1|p0x2395f5d8|2|\n|player|p2|p0y23957804|2|\n|gen|9\n|tier|[Gen 9] Random Battle\n|rule|Species Clause: Limit one of each Pok\u00e9mon\n|rule|HP Percentage Mod: HP is shown in percentages\n|rule|Sleep Clause Mod: Limit one foe put to sleep\n|rule|Illusion Level Mod: Illusion disguises the Pok\u00e9mon's true level\n|\n|t:|1783566798\n|teamsize|p1|6\n|teamsize|p2|6\n|start\n|switch|p1a: Barraskewda|Barraskewda, L81, M|100/100\n|switch|p2a: Toxicroak|Toxicroak, L84, M|277/277\n|turn|1\n|inactive|Battle timer is ON: inactive players will automatically lose when time's up. (requested by p0x2395f5d8)\n|inactive|Time left: 300 sec this turn | 300 sec total | 60 sec grace\n|inactive|p0y23957804 also wants the timer to be on.\n|\n|t:|1783566799\n|switch|p1a: Orthworm|Orthworm, L88, F|100/100\n|move|p2a: Toxicroak|Close Combat|p1a: Orthworm\n|-supereffective|p1a: Orthworm\n|-damage|p1a: Orthworm|14/100\n|-unboost|p2a: Toxicroak|def|1\n|-unboost|p2a: Toxicroak|spd|1\n|-damage|p2a: Toxicroak|250/277|[from] item: Life Orb\n|\n|upkeep\n|turn|2\n|inactive|Time left: 300 sec this turn | 300 sec total\n|\n|t:|1783566800\n|move|p2a: Toxicroak|Knock Off|p1a: Orthworm\n|-damage|p1a: Orthworm|0 fnt\n|-enditem|p1a: Orthworm|Chesto Berry|[from] move: Knock Off|[of] p2a: Toxicroak\n|faint|p1a: Orthworm\n|-damage|p2a: Toxicroak|223/277|[from] item: Life Orb\n|\n|upkeep\n|\n|t:|1783566801\n|switch|p1a: Zapdos|Zapdos, L78|100/100\n|turn|3\n|inactive|Time left: 300 sec this turn | 300 sec total\n|\n|t:|1783566802\n|switch|p2a: Basculegion|Basculegion, L80, M|323/323\n|move|p1a: Zapdos|Hurricane|p2a: Basculegion\n|-damage|p2a: Basculegion|218/323\n|\n|upkeep\n|turn|4\n|inactive|Time left: 300 sec this turn | 300 sec total\n|\n|t:|1783566803\n|move|p1a: Zapdos|Thunderbolt|p2a: Basculegion\n|-supereffective|p2a: Basculegion\n|-damage|p2a: Basculegion|66/323\n|move|p2a: Basculegion|Shadow Ball|p1a: Zapdos\n|-damage|p1a: Zapdos|65/100\n|-unboost|p1a: Zapdos|spd|1\n|\n|upkeep\n|turn|5\n|inactive|Time left: 300 sec this turn | 300 sec total\n|\n|t:|1783566804\n|move|p1a: Zapdos|Thunderbolt|p2a: Basculegion\n|-supereffective|p2a: Basculegion\n|-damage|p2a: Basculegion|0 fnt\n|faint|p2a: Basculegion\n|\n|upkeep\n|inactive|Time left: 300 sec this turn | 300 sec total | 5 sec grace\n|\n|t:|1783566805\n|switch|p2a: Grafaiai|Grafaiai, L86, M|249/249\n|turn|6\n|inactive|Time left: 300 sec this turn | 300 sec total\n|\n|t:|1783566806\n|move|p2a: Grafaiai|Gunk Shot|p1a: Zapdos\n|-damage|p1a: Zapdos|0 fnt\n|faint|p1a: Zapdos\n|-damage|p2a: Grafaiai|225/249|[from] item: Life Orb\n|\n|upkeep\n|\n|t:|1783566808\n|switch|p1a: Barraskewda|Barraskewda, L81, M|100/100\n|turn|7\n|inactive|Time left: 300 sec this turn | 300 sec total\n|\n|t:|1783566809\n|switch|p2a: Toxicroak|Toxicroak, L84, M|223/277\n|-terastallize|p1a: Barraskewda|Fighting\n|move|p1a: Barraskewda|Close Combat|p2a: Toxicroak\n|-resisted|p2a: Toxicroak\n|-damage|p2a: Toxicroak|100/277\n|-unboost|p1a: Barraskewda|def|1\n|-unboost|p1a: Barraskewda|spd|1\n|\n|upkeep\n|turn|8\n|inactive|Time left: 300 sec this turn | 300 sec total\n|\n|t:|1783566810\n|switch|p2a: Slowbro|Slowbro, L85, F|300/300\n|move|p1a: Barraskewda|Close Combat|p2a: Slowbro\n|-resisted|p2a: Slowbro\n|-damage|p2a: Slowbro|213/300\n|-unboost|p1a: Barraskewda|def|1\n|-unboost|p1a: Barraskewda|spd|1\n|\n|-heal|p2a: Slowbro|231/300|[from] item: Leftovers\n|upkeep\n|turn|9\n|inactive|Time left: 300 sec this turn | 300 sec total\n|\n|t:|1783566811\n|switch|p1a: Calyrex|Calyrex, L93|100/100\n|-ability|p1a: Calyrex|Unnerve\n|move|p2a: Slowbro|Calm Mind|p2a: Slowbro\n|-boost|p2a: Slowbro|spa|1\n|-boost|p2a: Slowbro|spd|1\n|\n|-heal|p2a: Slowbro|249/300|[from] item: Leftovers\n|upkeep\n|turn|10\n|inactive|Time left: 300 sec this turn | 300 sec total\n|\n|t:|1783566812\n|move|p1a: Calyrex|Calm Mind|p1a: Calyrex\n|-boost|p1a: Calyrex|spa|1\n|-boost|p1a: Calyrex|spd|1\n|move|p2a: Slowbro|Calm Mind|p2a: Slowbro\n|-boost|p2a: Slowbro|spa|1\n|-boost|p2a: Slowbro|spd|1\n|\n|-heal|p2a: Slowbro|267/300|[from] item: Leftovers\n|upkeep\n|turn|11\n|inactive|Time left: 300 sec this turn | 300 sec total\n|\n|t:|1783566813\n|move|p1a: Calyrex|Leech Seed|p2a: Slowbro\n|-start|p2a: Slowbro|move: Leech Seed\n|move|p2a: Slowbro|Calm Mind|p2a: Slowbro\n|-boost|p2a: Slowbro|spa|1\n|-boost|p2a: Slowbro|spd|1\n|\n|-heal|p2a: Slowbro|285/300|[from] item: Leftovers\n|-damage|p2a: Slowbro|248/300|[from] Leech Seed|[of] p1a: Calyrex\n|upkeep\n|turn|12\n|inactive|Time left: 300 sec this turn | 300 sec total\n|\n|t:|1783566814\n|move|p1a: Calyrex|Calm Mind|p1a: Calyrex\n|-boost|p1a: Calyrex|spa|1\n|-boost|p1a: Calyrex|spd|1\n|move|p2a: Slowbro|Slack Off|p2a: Slowbro\n|-heal|p2a: Slowbro|300/300\n|\n|-damage|p2a: Slowbro|263/300|[from] Leech Seed|[of] p1a: Calyrex\n|upkeep\n|turn|13\n|inactive|Time left: 300 sec this turn | 300 sec total\n|\n|t:|1783566815\n|move|p1a: Calyrex|Giga Drain|p2a: Slowbro\n|-supereffective|p2a: Slowbro\n|-damage|p2a: Slowbro|123/300\n|move|p2a: Slowbro|Slack Off|p2a: Slowbro\n|-heal|p2a: Slowbro|273/300\n|\n|-heal|p2a: Slowbro|291/300|[from] item: Leftovers\n|-damage|p2a: Slowbro|254/300|[from] Leech Seed|[of] p1a: Calyrex\n|upkeep\n|turn|14\n|inactive|Time left: 300 sec this turn | 300 sec total\n|\n|t:|1783566817\n|move|p1a: Calyrex|Giga Drain|p2a: Slowbro\n|-supereffective|p2a: Slowbro\n|-damage|p2a: Slowbro|108/300\n|move|p2a: Slowbro|Slack Off|p2a: Slowbro\n|-heal|p2a: Slowbro|258/300\n|\n|-heal|p2a: Slowbro|276/300|[from] item: Leftovers\n|-damage|p2a: Slowbro|239/300|[from] Leech Seed|[of] p1a: Calyrex\n|upkeep\n|turn|15\n|inactive|Time left: 300 sec this turn | 300 sec total\n|\n|t:|1783566818\n|move|p1a: Calyrex|Giga Drain|p2a: Slowbro\n|-supereffective|p2a: Slowbro\n|-damage|p2a: Slowbro|87/300\n|move|p2a: Slowbro|Slack Off|p2a: Slowbro\n|-heal|p2a: Slowbro|237/300\n|\n|-heal|p2a: Slowbro|255/300|[from] item: Leftovers\n|-damage|p2a: Slowbro|218/300|[from] Leech Seed|[of] p1a: Calyrex\n|upkeep\n|turn|16\n|inactive|Time left: 300 sec this turn | 300 sec total\n|\n|t:|1783566819\n|move|p1a: Calyrex|Giga Drain|p2a: Slowbro\n|-supereffective|p2a: Slowbro\n|-damage|p2a: Slowbro|80/300\n|move|p2a: Slowbro|Slack Off|p2a: Slowbro\n|-heal|p2a: Slowbro|230/300\n|\n|-heal|p2a: Slowbro|248/300|[from] item: Leftovers\n|-damage|p2a: Slowbro|211/300|[from] Leech Seed|[of] p1a: Calyrex\n|upkeep\n|turn|17\n|inactive|Time left: 300 sec this turn | 300 sec total\n|\n|t:|1783566820\n|move|p1a: Calyrex|Giga Drain|p2a: Slowbro\n|-supereffective|p2a: Slowbro\n|-damage|p2a: Slowbro|59/300\n|move|p2a: Slowbro|Slack Off|p2a: Slowbro\n|-heal|p2a: Slowbro|209/300\n|\n|-heal|p2a: Slowbro|227/300|[from] item: Leftovers\n|-damage|p2a: Slowbro|190/300|[from] Leech Seed|[of] p1a: Calyrex\n|upkeep\n|turn|18\n|inactive|Time left: 300 sec this turn | 300 sec total\n|\n|t:|1783566822\n|move|p1a: Calyrex|Giga Drain|p2a: Slowbro\n|-supereffective|p2a: Slowbro\n|-damage|p2a: Slowbro|44/300\n|move|p2a: Slowbro|Slack Off|p2a: Slowbro\n|-heal|p2a: Slowbro|194/300\n|\n|-heal|p2a: Slowbro|212/300|[from] item: Leftovers\n|-damage|p2a: Slowbro|175/300|[from] Leech Seed|[of] p1a: Calyrex\n|upkeep\n|turn|19\n|inactive|Time left: 300 sec this turn | 300 sec total\n|\n|t:|1783566823\n|move|p1a: Calyrex|Giga Drain|p2a: Slowbro\n|-supereffective|p2a: Slowbro\n|-damage|p2a: Slowbro|17/300\n|move|p2a: Slowbro|Slack Off|p2a: Slowbro\n|-heal|p2a: Slowbro|167/300\n|\n|-heal|p2a: Slowbro|185/300|[from] item: Leftovers\n|-damage|p2a: Slowbro|148/300|[from] Leech Seed|[of] p1a: Calyrex\n|upkeep\n|turn|20\n|inactive|Time left: 300 sec this turn | 300 sec total\n|\n|t:|1783566824\n|switch|p2a: Toxicroak|Toxicroak, L84, M|100/277\n|move|p1a: Calyrex|Psychic|p2a: Toxicroak\n|-supereffective|p2a: Toxicroak\n|-damage|p2a: Toxicroak|0 fnt\n|faint|p2a: Toxicroak\n|\n|upkeep\n|inactive|Time left: 300 sec this turn | 300 sec total | 5 sec grace\n|\n|t:|1783566825\n|switch|p2a: Grafaiai|Grafaiai, L86, M|225/249\n|turn|21\n|inactive|Time left: 300 sec this turn | 300 sec total\n|\n|t:|1783566826\n|move|p2a: Grafaiai|Gunk Shot|p1a: Calyrex\n|-supereffective|p1a: Calyrex\n|-damage|p1a: Calyrex|0 fnt\n|faint|p1a: Calyrex\n|-damage|p2a: Grafaiai|201/249|[from] item: Life Orb\n|\n|upkeep\n|\n|t:|1783566827\n|switch|p1a: Barraskewda|Barraskewda, L81, M, tera:Fighting|100/100\n|turn|22\n|inactive|Time left: 300 sec this turn | 300 sec total\n|\n|t:|1783566828\n|switch|p2a: Slowbro|Slowbro, L85, F|248/300\n|move|p1a: Barraskewda|Close Combat|p2a: Slowbro\n|-resisted|p2a: Slowbro\n|-crit|p2a: Slowbro\n|-damage|p2a: Slowbro|122/300\n|-unboost|p1a: Barraskewda|def|1\n|-unboost|p1a: Barraskewda|spd|1\n|\n|-heal|p2a: Slowbro|140/300|[from] item: Leftovers\n|upkeep\n|turn|23\n|inactive|Time left: 300 sec this turn | 300 sec total\n|\n|t:|1783566829\n|switch|p1a: Alcremie|Alcremie-Matcha-Cream, L90, F|100/100\n|move|p2a: Slowbro|Scald|p1a: Alcremie\n|-damage|p1a: Alcremie|77/100\n|-status|p1a: Alcremie|brn\n|\n|-heal|p1a: Alcremie|83/100 brn|[from] item: Leftovers\n|-heal|p2a: Slowbro|158/300|[from] item: Leftovers\n|-damage|p1a: Alcremie|77/100 brn|[from] brn\n|upkeep\n|turn|24\n|inactive|Time left: 300 sec this turn | 300 sec total\n|\n|t:|1783566830\n|switch|p2a: Grafaiai|Grafaiai, L86, M|201/249\n|move|p1a: Alcremie|Alluring Voice|p2a: Grafaiai\n|-resisted|p2a: Grafaiai\n|-damage|p2a: Grafaiai|137/249\n|\n|-heal|p1a: Alcremie|83/100 brn|[from] item: Leftovers\n|-damage|p1a: Alcremie|77/100 brn|[from] brn\n|upkeep\n|turn|25\n|inactive|Time left: 300 sec this turn | 300 sec total\n|\n|t:|1783566832\n|move|p2a: Grafaiai|Gunk Shot|p1a: Alcremie\n|-supereffective|p1a: Alcremie\n|-damage|p1a: Alcremie|0 fnt\n|faint|p1a: Alcremie\n|-damage|p2a: Grafaiai|113/249|[from] item: Life Orb\n|\n|upkeep\n|\n|t:|1783566833\n|switch|p1a: Hitmonchan|Hitmonchan, L87, M|100/100\n|turn|26\n|inactive|Time left: 300 sec this turn | 300 sec total\n|\n|t:|1783566834\n|switch|p2a: Slowbro|Slowbro, L85, F|258/300\n|move|p1a: Hitmonchan|Rapid Spin|p2a: Slowbro\n|-damage|p2a: Slowbro|224/300\n|-boost|p1a: Hitmonchan|spe|1\n|\n|-heal|p2a: Slowbro|242/300|[from] item: Leftovers\n|upkeep\n|turn|27\n|inactive|Time left: 300 sec this turn | 300 sec total\n|\n|t:|1783566835\n|-terastallize|p2a: Slowbro|Fairy\n|move|p1a: Hitmonchan|Knock Off|p2a: Slowbro\n|-resisted|p2a: Slowbro\n|-damage|p2a: Slowbro|211/300\n|-enditem|p2a: Slowbro|Leftovers|[from] move: Knock Off|[of] p1a: Hitmonchan\n|move|p2a: Slowbro|Psyshock|p1a: Hitmonchan\n|-supereffective|p1a: Hitmonchan\n|-damage|p1a: Hitmonchan|18/100\n|\n|-heal|p1a: Hitmonchan|25/100|[from] item: Leftovers\n|upkeep\n|turn|28\n|inactive|Time left: 300 sec this turn | 300 sec total\n|\n|t:|1783566836\n|move|p1a: Hitmonchan|Knock Off|p2a: Slowbro\n|-resisted|p2a: Slowbro\n|-crit|p2a: Slowbro\n|-damage|p2a: Slowbro|178/300\n|move|p2a: Slowbro|Psyshock|p1a: Hitmonchan\n|-supereffective|p1a: Hitmonchan\n|-damage|p1a: Hitmonchan|0 fnt\n|faint|p1a: Hitmonchan\n|\n|upkeep\n|\n|t:|1783566837\n|switch|p1a: Barraskewda|Barraskewda, L81, M, tera:Fighting|100/100\n|turn|29\n|inactive|Time left: 300 sec this turn | 300 sec total\n|\n|t:|1783566838\n|move|p1a: Barraskewda|Waterfall|p2a: Slowbro\n|-damage|p2a: Slowbro|61/300\n|move|p2a: Slowbro|Psyshock|p1a: Barraskewda\n|-supereffective|p1a: Barraskewda\n|-damage|p1a: Barraskewda|0 fnt\n|faint|p1a: Barraskewda\n|\n|win|p0y23957804", "uploadtime": 1783566838, "views": 0, "rating": 0, "private": 0, "password": null, "_winner": "p0y23957804", "_our_name": "p0y23957804"}