{"id": "battle-gen9randombattle-1941", "formatid": "gen9randombattle", "format": "[Gen 9] Random Battle", "players": ["p0x194149c8", "p0y194137bb"], "log": "|init|battle\n|title|p0x194149c8 vs. p0y194137bb\n|j|\u2606p0x194149c8\n|j|\u2606p0y194137bb\n|t:|1783561730\n|gametype|singles\n|player|p1|p0x194149c8|169|\n|player|p2|p0y194137bb|266|\n|gen|9\n|tier|[Gen 9] Random Battle\n|rule|Species Clause: Limit one of each Pok\u00e9mon\n|rule|HP Percentage Mod: HP is shown in percentages\n|rule|Sleep Clause Mod: Limit one foe put to sleep\n|rule|Illusion Level Mod: Illusion disguises the Pok\u00e9mon's true level\n|\n|t:|1783561730\n|teamsize|p1|6\n|teamsize|p2|6\n|start\n|switch|p1a: Farigiraf|Farigiraf, L90, M|362/362\n|switch|p2a: Dodrio|Dodrio, L85, M|100/100\n|turn|1\n|inactive|Battle timer is ON: inactive players will automatically lose when time's up. (requested by p0y194137bb)\n|inactive|Time left: 300 sec this turn | 300 sec total | 60 sec grace\n|inactive|p0x194149c8 also wants the timer to be on.\n|\n|t:|1783561731\n|move|p2a: Dodrio|Swords Dance|p2a: Dodrio\n|-boost|p2a: Dodrio|atk|2\n|move|p1a: Farigiraf|Psychic Noise|p2a: Dodrio\n|-damage|p2a: Dodrio|49/100\n|-start|p2a: Dodrio|move: Heal Block\n|\n|upkeep\n|turn|2\n|inactive|Time left: 300 sec this turn | 300 sec total\n|\n|t:|1783561732\n|move|p2a: Dodrio|Brave Bird|p1a: Farigiraf\n|-damage|p1a: Farigiraf|43/362\n|-damage|p2a: Dodrio|5/100|[from] Recoil\n|move|p1a: Farigiraf|Psychic Noise|p2a: Dodrio\n|-damage|p2a: Dodrio|0 fnt\n|faint|p2a: Dodrio\n|\n|-heal|p1a: Farigiraf|65/362|[from] item: Leftovers\n|upkeep\n|\n|t:|1783561733\n|switch|p2a: Quaquaval|Quaquaval, L79, F|100/100\n|turn|3\n|inactive|Time left: 300 sec this turn | 300 sec total\n|\n|t:|1783561734\n|move|p1a: Farigiraf|Protect|p1a: Farigiraf\n|-singleturn|p1a: Farigiraf|Protect\n|move|p2a: Quaquaval|Aqua Step|p1a: Farigiraf\n|-activate|p1a: Farigiraf|move: Protect\n|\n|-heal|p1a: Farigiraf|87/362|[from] item: Leftovers\n|upkeep\n|turn|4\n|inactive|Time left: 300 sec this turn | 300 sec total\n|\n|t:|1783561735\n|switch|p1a: Oranguru|Oranguru, L92, F|315/315\n|move|p2a: Quaquaval|Aqua Step|p1a: Oranguru\n|-damage|p1a: Oranguru|193/315\n|-boost|p2a: Quaquaval|spe|1\n|-damage|p2a: Quaquaval|91/100|[from] item: Life Orb\n|\n|-heal|p1a: Oranguru|212/315|[from] item: Leftovers\n|upkeep\n|turn|5\n|inactive|Time left: 300 sec this turn | 300 sec total\n|\n|t:|1783561736\n|switch|p2a: Scrafty|Scrafty, L83, F|100/100\n|move|p1a: Oranguru|Psychic|p2a: Scrafty\n|-immune|p2a: Scrafty\n|\n|-heal|p1a: Oranguru|231/315|[from] item: Leftovers\n|upkeep\n|turn|6\n|inactive|Time left: 300 sec this turn | 300 sec total\n|\n|t:|1783561738\n|move|p1a: Oranguru|Nasty Plot|p1a: Oranguru\n|-boost|p1a: Oranguru|spa|2\n|move|p2a: Scrafty|Knock Off|p1a: Oranguru\n|-supereffective|p1a: Oranguru\n|-crit|p1a: Oranguru\n|-damage|p1a: Oranguru|0 fnt\n|-enditem|p1a: Oranguru|Leftovers|[from] move: Knock Off|[of] p2a: Scrafty\n|faint|p1a: Oranguru\n|\n|upkeep\n|inactive|Time left: 300 sec this turn | 300 sec total | 5 sec grace\n|\n|t:|1783561739\n|switch|p1a: Florges|Florges-Blue, L85, F|271/271\n|turn|7\n|inactive|Time left: 300 sec this turn | 300 sec total\n|\n|t:|1783561740\n|switch|p2a: Arcanine|Arcanine-Hisui, L79, M|100/100\n|move|p1a: Florges|Calm Mind|p1a: Florges\n|-boost|p1a: Florges|spa|1\n|-boost|p1a: Florges|spd|1\n|\n|upkeep\n|turn|8\n|inactive|Time left: 300 sec this turn | 300 sec total\n|\n|t:|1783561741\n|-terastallize|p1a: Florges|Ground\n|move|p2a: Arcanine|Flare Blitz|p1a: Florges\n|-damage|p1a: Florges|112/271\n|move|p1a: Florges|Tera Blast|p2a: Arcanine|[anim] Tera Blast Ground\n|-supereffective|p2a: Arcanine\n|-damage|p2a: Arcanine|0 fnt\n|faint|p2a: Arcanine\n|\n|-heal|p1a: Florges|128/271|[from] item: Leftovers\n|upkeep\n|\n|t:|1783561742\n|switch|p2a: Quaquaval|Quaquaval, L79, F|91/100\n|turn|9\n|inactive|Time left: 300 sec this turn | 300 sec total\n|\n|t:|1783561742\n|switch|p1a: Poliwrath|Poliwrath, L88, F|302/302\n|move|p2a: Quaquaval|Aqua Step|p1a: Poliwrath\n|-resisted|p1a: Poliwrath\n|-damage|p1a: Poliwrath|246/302\n|-boost|p2a: Quaquaval|spe|1\n|-damage|p2a: Quaquaval|81/100|[from] item: Life Orb\n|\n|upkeep\n|turn|10\n|inactive|Time left: 300 sec this turn | 300 sec total\n|\n|t:|1783561743\n|switch|p2a: Dachsbun|Dachsbun, L92, F|100/100\n|move|p1a: Poliwrath|Close Combat|p2a: Dachsbun\n|-resisted|p2a: Dachsbun\n|-damage|p2a: Dachsbun|75/100\n|-unboost|p1a: Poliwrath|def|1\n|-unboost|p1a: Poliwrath|spd|1\n|-damage|p1a: Poliwrath|216/302|[from] item: Life Orb\n|\n|-heal|p2a: Dachsbun|80/100|[from] item: Leftovers\n|upkeep\n|turn|11\n|inactive|Time left: 300 sec this turn | 300 sec total\n|\n|t:|1783561745\n|switch|p1a: Rhydon|Rhydon, L85, M|317/317\n|move|p2a: Dachsbun|Play Rough|p1a: Rhydon\n|-damage|p1a: Rhydon|268/317\n|\n|-heal|p2a: Dachsbun|86/100|[from] item: Leftovers\n|upkeep\n|turn|12\n|inactive|Time left: 300 sec this turn | 300 sec total\n|\n|t:|1783561745\n|move|p2a: Dachsbun|Body Press|p1a: Rhydon\n|-supereffective|p1a: Rhydon\n|-damage|p1a: Rhydon|194/317\n|move|p1a: Rhydon|Earthquake|p2a: Dachsbun\n|-damage|p2a: Dachsbun|47/100\n|\n|-heal|p2a: Dachsbun|53/100|[from] item: Leftovers\n|upkeep\n|turn|13\n|inactive|Time left: 300 sec this turn | 300 sec total\n|\n|t:|1783561746\n|move|p2a: Dachsbun|Body Press|p1a: Rhydon\n|-supereffective|p1a: Rhydon\n|-damage|p1a: Rhydon|120/317\n|move|p1a: Rhydon|Earthquake|p2a: Dachsbun\n|-damage|p2a: Dachsbun|13/100\n|\n|-heal|p2a: Dachsbun|19/100|[from] item: Leftovers\n|upkeep\n|turn|14\n|inactive|Time left: 300 sec this turn | 300 sec total\n|\n|t:|1783561747\n|move|p2a: Dachsbun|Body Press|p1a: Rhydon\n|-supereffective|p1a: Rhydon\n|-damage|p1a: Rhydon|46/317\n|move|p1a: Rhydon|Earthquake|p2a: Dachsbun\n|-damage|p2a: Dachsbun|0 fnt\n|faint|p2a: Dachsbun\n|\n|upkeep\n|\n|t:|1783561748\n|switch|p2a: Quaquaval|Quaquaval, L79, F|81/100\n|turn|15\n|inactive|Time left: 300 sec this turn | 300 sec total\n|\n|t:|1783561749\n|switch|p1a: Poliwrath|Poliwrath, L88, F|216/302\n|move|p2a: Quaquaval|Aqua Step|p1a: Poliwrath\n|-resisted|p1a: Poliwrath\n|-damage|p1a: Poliwrath|161/302\n|-boost|p2a: Quaquaval|spe|1\n|-damage|p2a: Quaquaval|71/100|[from] item: Life Orb\n|\n|upkeep\n|turn|16\n|inactive|Time left: 300 sec this turn | 300 sec total\n|\n|t:|1783561750\n|move|p2a: Quaquaval|Close Combat|p1a: Poliwrath\n|-damage|p1a: Poliwrath|0 fnt\n|-unboost|p2a: Quaquaval|def|1\n|-unboost|p2a: Quaquaval|spd|1\n|faint|p1a: Poliwrath\n|-ability|p2a: Quaquaval|Moxie|boost\n|-boost|p2a: Quaquaval|atk|1\n|-damage|p2a: Quaquaval|61/100|[from] item: Life Orb\n|\n|upkeep\n|inactive|Time left: 300 sec this turn | 300 sec total | 5 sec grace\n|\n|t:|1783561751\n|switch|p1a: Farigiraf|Farigiraf, L90, M|87/362\n|turn|17\n|inactive|Time left: 300 sec this turn | 300 sec total\n|\n|t:|1783561752\n|move|p1a: Farigiraf|Protect|p1a: Farigiraf\n|-singleturn|p1a: Farigiraf|Protect\n|move|p2a: Quaquaval|Aqua Step|p1a: Farigiraf\n|-activate|p1a: Farigiraf|move: Protect\n|\n|-heal|p1a: Farigiraf|109/362|[from] item: Leftovers\n|upkeep\n|turn|18\n|inactive|Time left: 300 sec this turn | 300 sec total\n|\n|t:|1783561753\n|move|p1a: Farigiraf|Protect|p1a: Farigiraf\n|-singleturn|p1a: Farigiraf|Protect\n|move|p2a: Quaquaval|Aqua Step|p1a: Farigiraf\n|-activate|p1a: Farigiraf|move: Protect\n|\n|-heal|p1a: Farigiraf|131/362|[from] item: Leftovers\n|upkeep\n|turn|19\n|inactive|Time left: 300 sec this turn | 300 sec total\n|\n|t:|1783561754\n|switch|p1a: Samurott|Samurott-Hisui, L77, M|265/265\n|move|p2a: Quaquaval|Aqua Step|p1a: Samurott\n|-resisted|p1a: Samurott\n|-damage|p1a: Samurott|168/265\n|-boost|p2a: Quaquaval|spe|1\n|-damage|p2a: Quaquaval|51/100|[from] item: Life Orb\n|\n|upkeep\n|turn|20\n|inactive|Time left: 300 sec this turn | 300 sec total\n|\n|t:|1783561755\n|switch|p1a: Rhydon|Rhydon, L85, M|46/317\n|move|p2a: Quaquaval|Close Combat|p1a: Rhydon\n|-supereffective|p1a: Rhydon\n|-damage|p1a: Rhydon|0 fnt\n|-unboost|p2a: Quaquaval|def|1\n|-unboost|p2a: Quaquaval|spd|1\n|faint|p1a: Rhydon\n|-ability|p2a: Quaquaval|Moxie|boost\n|-boost|p2a: Quaquaval|atk|1\n|-damage|p2a: Quaquaval|41/100|[from] item: Life Orb\n|\n|upkeep\n|inactive|Time left: 300 sec this turn | 300 sec total | 5 sec grace\n|\n|t:|1783561756\n|switch|p1a: Farigiraf|Farigiraf, L90, M|131/362\n|turn|21\n|inactive|Time left: 300 sec this turn | 300 sec total\n|\n|t:|1783561757\n|move|p1a: Farigiraf|Protect|p1a: Farigiraf\n|-singleturn|p1a: Farigiraf|Protect\n|move|p2a: Quaquaval|Close Combat|p1a: Farigiraf\n|-activate|p1a: Farigiraf|move: Protect\n|\n|-heal|p1a: Farigiraf|153/362|[from] item: Leftovers\n|upkeep\n|turn|22\n|inactive|Time left: 300 sec this turn | 300 sec total\n|\n|t:|1783561757\n|move|p1a: Farigiraf|Protect|p1a: Farigiraf\n|-singleturn|p1a: Farigiraf|Protect\n|move|p2a: Quaquaval|Close Combat|p1a: Farigiraf\n|-activate|p1a: Farigiraf|move: Protect\n|\n|-heal|p1a: Farigiraf|175/362|[from] item: Leftovers\n|upkeep\n|turn|23\n|inactive|Time left: 300 sec this turn | 300 sec total\n|\n|t:|1783561758\n|move|p2a: Quaquaval|Close Combat|p1a: Farigiraf\n|-crit|p1a: Farigiraf\n|-damage|p1a: Farigiraf|0 fnt\n|-unboost|p2a: Quaquaval|def|1\n|-unboost|p2a: Quaquaval|spd|1\n|faint|p1a: Farigiraf\n|-ability|p2a: Quaquaval|Moxie|boost\n|-boost|p2a: Quaquaval|atk|1\n|-damage|p2a: Quaquaval|32/100|[from] item: Life Orb\n|\n|upkeep\n|inactive|Time left: 300 sec this turn | 300 sec total | 5 sec grace\n|\n|t:|1783561759\n|switch|p1a: Florges|Florges-Blue, L85, F, tera:Ground|128/271\n|turn|24\n|inactive|Time left: 300 sec this turn | 300 sec total\n|\n|t:|1783561760\n|-terastallize|p2a: Quaquaval|Water\n|move|p2a: Quaquaval|Aqua Step|p1a: Florges\n|-supereffective|p1a: Florges\n|-damage|p1a: Florges|0 fnt\n|-boost|p2a: Quaquaval|spe|1\n|faint|p1a: Florges\n|-ability|p2a: Quaquaval|Moxie|boost\n|-boost|p2a: Quaquaval|atk|1\n|-damage|p2a: Quaquaval|22/100|[from] item: Life Orb\n|\n|upkeep\n|inactive|Time left: 300 sec this turn | 300 sec total | 5 sec grace\n|\n|t:|1783561761\n|switch|p1a: Samurott|Samurott-Hisui, L77, M|168/265\n|turn|25\n|inactive|Time left: 300 sec this turn | 300 sec total\n|\n|t:|1783561762\n|move|p2a: Quaquaval|Close Combat|p1a: Samurott\n|-supereffective|p1a: Samurott\n|-damage|p1a: Samurott|0 fnt\n|-unboost|p2a: Quaquaval|def|1\n|-unboost|p2a: Quaquaval|spd|1\n|faint|p1a: Samurott\n|-damage|p2a: Quaquaval|12/100|[from] item: Life Orb\n|\n|win|p0y194137bb", "uploadtime": 1783561762, "views": 0, "rating": 0, "private": 0, "password": null, "_winner": "p0y194137bb", "_our_name": "p0x194149c8"}