{"id": "battle-gen9randombattle-1073", "formatid": "gen9randombattle", "format": "[Gen 9] Random Battle", "players": ["p0x10738606", "p0y1073cc56"], "log": "|init|battle\n|title|p0x10738606 vs. p0y1073cc56\n|j|\u2606p0x10738606\n|j|\u2606p0y1073cc56\n|t:|1783552350\n|gametype|singles\n|player|p1|p0x10738606|102|\n|player|p2|p0y1073cc56|170|\n|gen|9\n|tier|[Gen 9] Random Battle\n|rule|Species Clause: Limit one of each Pok\u00e9mon\n|rule|HP Percentage Mod: HP is shown in percentages\n|rule|Sleep Clause Mod: Limit one foe put to sleep\n|rule|Illusion Level Mod: Illusion disguises the Pok\u00e9mon's true level\n|\n|t:|1783552351\n|teamsize|p1|6\n|teamsize|p2|6\n|start\n|switch|p1a: Medicham|Medicham, L86, F|100/100\n|switch|p2a: Bombirdier|Bombirdier, L85, M|258/258\n|turn|1\n|inactive|Battle timer is ON: inactive players will automatically lose when time's up. (requested by p0y1073cc56)\n|inactive|p0x10738606 also wants the timer to be on.\n|\n|t:|1783552352\n|switch|p1a: Golem|Golem-Alola, L93, M|100/100\n|move|p2a: Bombirdier|Brave Bird|p1a: Golem\n|-resisted|p1a: Golem\n|-damage|p1a: Golem|88/100\n|-damage|p2a: Bombirdier|246/258|[from] Recoil\n|\n|upkeep\n|turn|2\n|inactive|Time left: 300 sec this turn | 300 sec total\n|\n|t:|1783552353\n|switch|p2a: Meganium|Meganium, L90, M|290/290\n|move|p1a: Golem|Stone Edge|p2a: Meganium|[miss]\n|-miss|p1a: Golem|p2a: Meganium\n|\n|upkeep\n|turn|3\n|inactive|Time left: 300 sec this turn | 300 sec total\n|\n|t:|1783552355\n|switch|p1a: Yanmega|Yanmega, L82, F|100/100\n|move|p2a: Meganium|Earthquake|p1a: Yanmega\n|-immune|p1a: Yanmega\n|\n|upkeep\n|turn|4\n|inactive|Time left: 300 sec this turn | 300 sec total\n|\n|t:|1783552356\n|move|p1a: Yanmega|Bug Buzz|p2a: Meganium\n|-supereffective|p2a: Meganium\n|-damage|p2a: Meganium|12/290\n|move|p2a: Meganium|Swords Dance|p2a: Meganium\n|-boost|p2a: Meganium|atk|2\n|\n|-heal|p2a: Meganium|30/290|[from] item: Leftovers\n|upkeep\n|turn|5\n|inactive|Time left: 300 sec this turn | 300 sec total\n|\n|t:|1783552357\n|move|p1a: Yanmega|Bug Buzz|p2a: Meganium\n|-supereffective|p2a: Meganium\n|-damage|p2a: Meganium|0 fnt\n|faint|p2a: Meganium\n|\n|upkeep\n|inactive|Time left: 300 sec this turn | 300 sec total | 5 sec grace\n|\n|t:|1783552357\n|switch|p2a: Houndoom|Houndoom, L87, F|272/272\n|turn|6\n|inactive|Time left: 300 sec this turn | 300 sec total\n|\n|t:|1783552359\n|switch|p1a: Golem|Golem-Alola, L93, M|88/100\n|move|p2a: Houndoom|Nasty Plot|p2a: Houndoom\n|-boost|p2a: Houndoom|spa|2\n|\n|upkeep\n|turn|7\n|inactive|Time left: 300 sec this turn | 300 sec total\n|\n|t:|1783552359\n|-terastallize|p2a: Houndoom|Dark\n|move|p2a: Houndoom|Dark Pulse|p1a: Golem\n|-damage|p1a: Golem|0 fnt\n|faint|p1a: Golem\n|\n|upkeep\n|\n|t:|1783552360\n|switch|p1a: Gastrodon|Gastrodon, L86, F|100/100\n|turn|8\n|inactive|Time left: 300 sec this turn | 300 sec total\n|\n|t:|1783552361\n|move|p2a: Houndoom|Dark Pulse|p1a: Gastrodon\n|-damage|p1a: Gastrodon|23/100\n|move|p1a: Gastrodon|Earthquake|p2a: Houndoom\n|-damage|p2a: Houndoom|142/272\n|\n|-heal|p1a: Gastrodon|29/100|[from] item: Leftovers\n|upkeep\n|turn|9\n|inactive|Time left: 300 sec this turn | 300 sec total\n|\n|t:|1783552362\n|move|p2a: Houndoom|Dark Pulse|p1a: Gastrodon\n|-damage|p1a: Gastrodon|0 fnt\n|faint|p1a: Gastrodon\n|\n|upkeep\n|\n|t:|1783552363\n|switch|p1a: Krookodile|Krookodile, L79, F|100/100\n|-ability|p1a: Krookodile|Intimidate|boost\n|-unboost|p2a: Houndoom|atk|1\n|turn|10\n|inactive|Time left: 300 sec this turn | 300 sec total\n|\n|t:|1783552364\n|move|p2a: Houndoom|Fire Blast|p1a: Krookodile\n|-damage|p1a: Krookodile|0 fnt\n|faint|p1a: Krookodile\n|\n|upkeep\n|\n|t:|1783552365\n|switch|p1a: Shiftry|Shiftry, L89, F|100/100\n|turn|11\n|inactive|Time left: 300 sec this turn | 300 sec total\n|\n|t:|1783552366\n|move|p2a: Houndoom|Fire Blast|p1a: Shiftry\n|-supereffective|p1a: Shiftry\n|-damage|p1a: Shiftry|0 fnt\n|faint|p1a: Shiftry\n|\n|upkeep\n|\n|t:|1783552367\n|switch|p1a: Medicham|Medicham, L86, F|100/100\n|turn|12\n|inactive|Time left: 300 sec this turn | 300 sec total\n|\n|t:|1783552368\n|-terastallize|p1a: Medicham|Fighting\n|move|p2a: Houndoom|Fire Blast|p1a: Medicham|[miss]\n|-miss|p2a: Houndoom|p1a: Medicham\n|move|p1a: Medicham|Close Combat|p2a: Houndoom\n|-supereffective|p2a: Houndoom\n|-damage|p2a: Houndoom|0 fnt\n|-unboost|p1a: Medicham|def|1\n|-unboost|p1a: Medicham|spd|1\n|faint|p2a: Houndoom\n|\n|upkeep\n|inactive|Time left: 300 sec this turn | 300 sec total | 5 sec grace\n|\n|t:|1783552369\n|switch|p2a: Bombirdier|Bombirdier, L85, M|246/258\n|turn|13\n|inactive|Time left: 300 sec this turn | 300 sec total\n|\n|t:|1783552370\n|move|p2a: Bombirdier|Brave Bird|p1a: Medicham\n|-supereffective|p1a: Medicham\n|-damage|p1a: Medicham|0 fnt\n|faint|p1a: Medicham\n|-damage|p2a: Bombirdier|166/258|[from] Recoil\n|\n|upkeep\n|\n|t:|1783552371\n|switch|p1a: Yanmega|Yanmega, L82, F|100/100\n|turn|14\n|inactive|Time left: 300 sec this turn | 300 sec total\n|\n|t:|1783552372\n|move|p1a: Yanmega|Air Slash|p2a: Bombirdier\n|-damage|p2a: Bombirdier|36/258\n|cant|p2a: Bombirdier|flinch\n|\n|upkeep\n|turn|15\n|inactive|Time left: 300 sec this turn | 300 sec total\n|\n|t:|1783552373\n|switch|p2a: Raikou|Raikou, L81|278/278\n|-ability|p2a: Raikou|Pressure\n|move|p1a: Yanmega|Air Slash|p2a: Raikou\n|-resisted|p2a: Raikou\n|-damage|p2a: Raikou|152/278\n|\n|upkeep\n|turn|16\n|inactive|Time left: 300 sec this turn | 300 sec total\n|\n|t:|1783552374\n|move|p2a: Raikou|Thunderbolt|p1a: Yanmega\n|-supereffective|p1a: Yanmega\n|-damage|p1a: Yanmega|4/100\n|move|p1a: Yanmega|Air Slash|p2a: Raikou\n|-resisted|p2a: Raikou\n|-damage|p2a: Raikou|42/278\n|\n|upkeep\n|turn|17\n|inactive|Time left: 300 sec this turn | 300 sec total\n|\n|t:|1783552375\n|switch|p2a: Bellibolt|Bellibolt, L84, F|320/320\n|move|p1a: Yanmega|Air Slash|p2a: Bellibolt\n|-resisted|p2a: Bellibolt\n|-damage|p2a: Bellibolt|178/320\n|-start|p2a: Bellibolt|Charge|Air Slash|[from] ability: Electromorphosis\n|\n|-heal|p2a: Bellibolt|198/320|[from] item: Leftovers\n|upkeep\n|turn|18\n|inactive|Time left: 300 sec this turn | 300 sec total\n|\n|t:|1783552376\n|move|p1a: Yanmega|Air Slash|p2a: Bellibolt\n|-resisted|p2a: Bellibolt\n|-damage|p2a: Bellibolt|74/320\n|-start|p2a: Bellibolt|Charge|Air Slash|[from] ability: Electromorphosis\n|cant|p2a: Bellibolt|flinch\n|-end|p2a: Bellibolt|Charge|[silent]\n|\n|-heal|p2a: Bellibolt|94/320|[from] item: Leftovers\n|upkeep\n|turn|19\n|inactive|Time left: 300 sec this turn | 300 sec total\n|\n|t:|1783552377\n|move|p1a: Yanmega|Air Slash|p2a: Bellibolt\n|-resisted|p2a: Bellibolt\n|-damage|p2a: Bellibolt|0 fnt\n|faint|p2a: Bellibolt\n|\n|upkeep\n|inactive|Time left: 300 sec this turn | 300 sec total | 5 sec grace\n|\n|t:|1783552378\n|switch|p2a: Barraskewda|Barraskewda, L81, M|231/231\n|turn|20\n|inactive|Time left: 300 sec this turn | 300 sec total\n|\n|t:|1783552379\n|move|p2a: Barraskewda|Waterfall|p1a: Yanmega\n|-damage|p1a: Yanmega|0 fnt\n|faint|p1a: Yanmega\n|\n|win|p0y1073cc56", "uploadtime": 1783552379, "views": 0, "rating": 0, "private": 0, "password": null, "_winner": "p0y1073cc56", "_our_name": "p0y1073cc56"}