{"id": "battle-gen9randombattle-1851", "formatid": "gen9randombattle", "format": "[Gen 9] Random Battle", "players": ["p0x1851b943", "p0y18516aaa"], "log": "|init|battle\n|title|p0x1851b943 vs. p0y18516aaa\n|j|\u2606p0x1851b943\n|j|\u2606p0y18516aaa\n|t:|1783560686\n|gametype|singles\n|player|p1|p0x1851b943|265|\n|player|p2|p0y18516aaa|265|\n|gen|9\n|tier|[Gen 9] Random Battle\n|rule|Species Clause: Limit one of each Pok\u00e9mon\n|rule|HP Percentage Mod: HP is shown in percentages\n|rule|Sleep Clause Mod: Limit one foe put to sleep\n|rule|Illusion Level Mod: Illusion disguises the Pok\u00e9mon's true level\n|\n|t:|1783560686\n|teamsize|p1|6\n|teamsize|p2|6\n|start\n|switch|p1a: Snorlax|Snorlax, L82, M|100/100\n|switch|p2a: Sandy Shocks|Sandy Shocks, L80|267/267\n|turn|1\n|inactive|Battle timer is ON: inactive players will automatically lose when time's up. (requested by p0y18516aaa)\n|inactive|p0x1851b943 also wants the timer to be on.\n|\n|t:|1783560687\n|move|p2a: Sandy Shocks|Stealth Rock|p1a: Snorlax\n|-sidestart|p1: p0x1851b943|move: Stealth Rock\n|move|p1a: Snorlax|Body Slam|p2a: Sandy Shocks\n|-damage|p2a: Sandy Shocks|179/267\n|\n|-heal|p2a: Sandy Shocks|195/267|[from] item: Leftovers\n|upkeep\n|turn|2\n|inactive|Time left: 300 sec this turn | 300 sec total\n|\n|t:|1783560688\n|move|p2a: Sandy Shocks|Spikes|p1a: Snorlax\n|-sidestart|p1: p0x1851b943|Spikes\n|move|p1a: Snorlax|Body Slam|p2a: Sandy Shocks\n|-damage|p2a: Sandy Shocks|102/267\n|\n|-heal|p2a: Sandy Shocks|118/267|[from] item: Leftovers\n|upkeep\n|turn|3\n|inactive|Time left: 300 sec this turn | 300 sec total\n|\n|t:|1783560689\n|move|p2a: Sandy Shocks|Spikes|p1a: Snorlax\n|-sidestart|p1: p0x1851b943|Spikes\n|move|p1a: Snorlax|Body Slam|p2a: Sandy Shocks\n|-damage|p2a: Sandy Shocks|28/267\n|\n|-heal|p2a: Sandy Shocks|44/267|[from] item: Leftovers\n|upkeep\n|turn|4\n|inactive|Time left: 300 sec this turn | 300 sec total\n|\n|t:|1783560690\n|move|p2a: Sandy Shocks|Spikes|p1a: Snorlax\n|-sidestart|p1: p0x1851b943|Spikes\n|move|p1a: Snorlax|Body Slam|p2a: Sandy Shocks\n|-damage|p2a: Sandy Shocks|0 fnt\n|faint|p2a: Sandy Shocks\n|-end|p2a: Sandy Shocks|Protosynthesis|[silent]\n|\n|upkeep\n|inactive|Time left: 300 sec this turn | 300 sec total | 5 sec grace\n|\n|t:|1783560691\n|switch|p2a: Hitmonchan|Hitmonchan, L87, M|229/229\n|turn|5\n|inactive|Time left: 300 sec this turn | 300 sec total\n|\n|t:|1783560692\n|move|p2a: Hitmonchan|Drain Punch|p1a: Snorlax\n|-supereffective|p1a: Snorlax\n|-damage|p1a: Snorlax|32/100\n|move|p1a: Snorlax|Body Slam|p2a: Hitmonchan\n|-damage|p2a: Hitmonchan|126/229\n|\n|-heal|p2a: Hitmonchan|140/229|[from] item: Leftovers\n|-heal|p1a: Snorlax|39/100|[from] item: Leftovers\n|upkeep\n|turn|6\n|inactive|Time left: 300 sec this turn | 300 sec total\n|\n|t:|1783560693\n|move|p2a: Hitmonchan|Drain Punch|p1a: Snorlax\n|-supereffective|p1a: Snorlax\n|-damage|p1a: Snorlax|0 fnt\n|-heal|p2a: Hitmonchan|216/229|[from] drain|[of] p1a: Snorlax\n|faint|p1a: Snorlax\n|\n|-heal|p2a: Hitmonchan|229/229|[from] item: Leftovers\n|upkeep\n|\n|t:|1783560694\n|switch|p1a: Jumpluff|Jumpluff, L87, M|100/100\n|-damage|p1a: Jumpluff|76/100|[from] Stealth Rock\n|turn|7\n|inactive|Time left: 300 sec this turn | 300 sec total\n|\n|t:|1783560695\n|move|p1a: Jumpluff|Acrobatics|p2a: Hitmonchan\n|-supereffective|p2a: Hitmonchan\n|-damage|p2a: Hitmonchan|71/229\n|move|p2a: Hitmonchan|Drain Punch|p1a: Jumpluff\n|-resisted|p1a: Jumpluff\n|-damage|p1a: Jumpluff|54/100\n|-heal|p2a: Hitmonchan|100/229|[from] drain|[of] p1a: Jumpluff\n|\n|-heal|p2a: Hitmonchan|114/229|[from] item: Leftovers\n|upkeep\n|turn|8\n|inactive|Time left: 300 sec this turn | 300 sec total\n|\n|t:|1783560697\n|switch|p2a: Rotom|Rotom-Frost, L87|229/229\n|move|p1a: Jumpluff|Strength Sap|p2a: Rotom\n|-unboost|p2a: Rotom|atk|1\n|-heal|p1a: Jumpluff|98/100\n|\n|upkeep\n|turn|9\n|inactive|Time left: 300 sec this turn | 300 sec total\n|\n|t:|1783560698\n|move|p1a: Jumpluff|Substitute|p1a: Jumpluff\n|-start|p1a: Jumpluff|Substitute\n|-damage|p1a: Jumpluff|73/100\n|move|p2a: Rotom|Blizzard|p1a: Jumpluff\n|-supereffective|p1a: Jumpluff\n|-end|p1a: Jumpluff|Substitute\n|\n|upkeep\n|turn|10\n|inactive|Time left: 300 sec this turn | 300 sec total\n|\n|t:|1783560699\n|move|p1a: Jumpluff|Leech Seed|p2a: Rotom\n|-start|p2a: Rotom|move: Leech Seed\n|move|p2a: Rotom|Blizzard|p1a: Jumpluff|[miss]\n|-miss|p2a: Rotom|p1a: Jumpluff\n|\n|-damage|p2a: Rotom|201/229|[from] Leech Seed|[of] p1a: Jumpluff\n|-heal|p1a: Jumpluff|84/100|[silent]\n|upkeep\n|turn|11\n|inactive|Time left: 300 sec this turn | 300 sec total\n|\n|t:|1783560700\n|move|p1a: Jumpluff|Strength Sap|p2a: Rotom\n|-unboost|p2a: Rotom|atk|1\n|-heal|p1a: Jumpluff|100/100\n|move|p2a: Rotom|Blizzard|p1a: Jumpluff\n|-supereffective|p1a: Jumpluff\n|-damage|p1a: Jumpluff|0 fnt\n|faint|p1a: Jumpluff\n|\n|upkeep\n|\n|t:|1783560701\n|switch|p1a: Cacturne|Cacturne, L92, M|100/100\n|-damage|p1a: Cacturne|88/100|[from] Stealth Rock\n|-damage|p1a: Cacturne|63/100|[from] Spikes\n|turn|12\n|inactive|Time left: 300 sec this turn | 300 sec total\n|\n|t:|1783560702\n|switch|p2a: Hitmonchan|Hitmonchan, L87, M|114/229\n|move|p1a: Cacturne|Swords Dance|p1a: Cacturne\n|-boost|p1a: Cacturne|atk|2\n|\n|-heal|p2a: Hitmonchan|128/229|[from] item: Leftovers\n|upkeep\n|turn|13\n|inactive|Time left: 300 sec this turn | 300 sec total\n|\n|t:|1783560703\n|move|p1a: Cacturne|Sucker Punch|p2a: Hitmonchan\n|-resisted|p2a: Hitmonchan\n|-damage|p2a: Hitmonchan|0 fnt\n|faint|p2a: Hitmonchan\n|-damage|p1a: Cacturne|54/100|[from] item: Life Orb\n|\n|upkeep\n|inactive|Time left: 300 sec this turn | 300 sec total | 5 sec grace\n|\n|t:|1783560704\n|switch|p2a: Rotom|Rotom-Frost, L87|201/229\n|turn|14\n|inactive|Time left: 300 sec this turn | 300 sec total\n|\n|t:|1783560705\n|move|p2a: Rotom|Will-O-Wisp|p1a: Cacturne\n|-status|p1a: Cacturne|brn\n|move|p1a: Cacturne|Knock Off|p2a: Rotom\n|-damage|p2a: Rotom|40/229\n|-enditem|p2a: Rotom|Heavy-Duty Boots|[from] move: Knock Off|[of] p1a: Cacturne\n|-damage|p1a: Cacturne|44/100 brn|[from] item: Life Orb\n|\n|-damage|p1a: Cacturne|38/100 brn|[from] brn\n|upkeep\n|turn|15\n|inactive|Time left: 300 sec this turn | 300 sec total\n|\n|t:|1783560706\n|move|p1a: Cacturne|Sucker Punch|p2a: Rotom\n|-damage|p2a: Rotom|0 fnt\n|faint|p2a: Rotom\n|-damage|p1a: Cacturne|28/100 brn|[from] item: Life Orb\n|\n|-damage|p1a: Cacturne|22/100 brn|[from] brn\n|upkeep\n|inactive|Time left: 300 sec this turn | 300 sec total | 5 sec grace\n|\n|t:|1783560707\n|switch|p2a: Comfey|Comfey, L85, M|225/225\n|turn|16\n|inactive|Time left: 300 sec this turn | 300 sec total\n|\n|t:|1783560707\n|move|p2a: Comfey|Draining Kiss|p1a: Cacturne\n|-supereffective|p1a: Cacturne\n|-damage|p1a: Cacturne|0 fnt\n|faint|p1a: Cacturne\n|\n|upkeep\n|\n|t:|1783560708\n|switch|p1a: Wyrdeer|Wyrdeer, L87, F|100/100\n|-damage|p1a: Wyrdeer|88/100|[from] Stealth Rock\n|-damage|p1a: Wyrdeer|63/100|[from] Spikes\n|-ability|p1a: Wyrdeer|Intimidate|boost\n|-unboost|p2a: Comfey|atk|1\n|turn|17\n|inactive|Time left: 300 sec this turn | 300 sec total\n|\n|t:|1783560709\n|switch|p2a: Giratina|Giratina, L75|349/349\n|-ability|p2a: Giratina|Pressure\n|move|p1a: Wyrdeer|Body Slam|p2a: Giratina\n|-immune|p2a: Giratina\n|\n|-heal|p1a: Wyrdeer|69/100|[from] item: Leftovers\n|upkeep\n|turn|18\n|inactive|Time left: 300 sec this turn | 300 sec total\n|\n|t:|1783560710\n|move|p2a: Giratina|Calm Mind|p2a: Giratina\n|-boost|p2a: Giratina|spa|1\n|-boost|p2a: Giratina|spd|1\n|move|p1a: Wyrdeer|Thunder Wave|p2a: Giratina|[miss]\n|-miss|p1a: Wyrdeer|p2a: Giratina\n|\n|-heal|p1a: Wyrdeer|76/100|[from] item: Leftovers\n|upkeep\n|turn|19\n|inactive|Time left: 300 sec this turn | 300 sec total\n|\n|t:|1783560711\n|move|p2a: Giratina|Calm Mind|p2a: Giratina\n|-boost|p2a: Giratina|spa|1\n|-boost|p2a: Giratina|spd|1\n|move|p1a: Wyrdeer|Thunder Wave|p2a: Giratina\n|-status|p2a: Giratina|par\n|\n|-heal|p1a: Wyrdeer|82/100|[from] item: Leftovers\n|upkeep\n|turn|20\n|inactive|Time left: 300 sec this turn | 300 sec total\n|\n|t:|1783560712\n|move|p1a: Wyrdeer|Psychic Noise|p2a: Giratina\n|-damage|p2a: Giratina|312/349 par\n|-start|p2a: Giratina|move: Heal Block\n|move|p2a: Giratina|Dragon Pulse|p1a: Wyrdeer\n|-damage|p1a: Wyrdeer|31/100\n|\n|-heal|p1a: Wyrdeer|37/100|[from] item: Leftovers\n|upkeep\n|turn|21\n|inactive|Time left: 300 sec this turn | 300 sec total\n|\n|t:|1783560713\n|move|p1a: Wyrdeer|Earthquake|p2a: Giratina\n|-crit|p2a: Giratina\n|-damage|p2a: Giratina|203/349 par\n|move|p2a: Giratina|Dragon Pulse|p1a: Wyrdeer\n|-crit|p1a: Wyrdeer\n|-damage|p1a: Wyrdeer|0 fnt\n|faint|p1a: Wyrdeer\n|\n|-end|p2a: Giratina|move: Heal Block\n|upkeep\n|\n|t:|1783560714\n|switch|p1a: Arceus|Arceus-Ghost, L69|100/100\n|-damage|p1a: Arceus|88/100|[from] Stealth Rock\n|-damage|p1a: Arceus|63/100|[from] Spikes\n|turn|22\n|inactive|Time left: 300 sec this turn | 300 sec total\n|\n|t:|1783560715\n|move|p1a: Arceus|Calm Mind|p1a: Arceus\n|-boost|p1a: Arceus|spa|1\n|-boost|p1a: Arceus|spd|1\n|move|p2a: Giratina|Dragon Pulse|p1a: Arceus\n|-damage|p1a: Arceus|27/100\n|\n|-heal|p2a: Giratina|224/349 par|[from] item: Leftovers\n|upkeep\n|turn|23\n|inactive|Time left: 300 sec this turn | 300 sec total\n|\n|t:|1783560716\n|move|p1a: Arceus|Recover|p1a: Arceus\n|-heal|p1a: Arceus|77/100\n|cant|p2a: Giratina|par\n|\n|-heal|p2a: Giratina|245/349 par|[from] item: Leftovers\n|upkeep\n|turn|24\n|inactive|Time left: 300 sec this turn | 300 sec total\n|\n|t:|1783560717\n|move|p1a: Arceus|Calm Mind|p1a: Arceus\n|-boost|p1a: Arceus|spa|1\n|-boost|p1a: Arceus|spd|1\n|move|p2a: Giratina|Calm Mind|p2a: Giratina\n|-boost|p2a: Giratina|spa|1\n|-boost|p2a: Giratina|spd|1\n|\n|-heal|p2a: Giratina|266/349 par|[from] item: Leftovers\n|upkeep\n|turn|25\n|inactive|Time left: 300 sec this turn | 300 sec total\n|\n|t:|1783560718\n|move|p1a: Arceus|Judgment|p2a: Giratina\n|-supereffective|p2a: Giratina\n|-damage|p2a: Giratina|116/349 par\n|move|p2a: Giratina|Dragon Pulse|p1a: Arceus\n|-damage|p1a: Arceus|44/100\n|\n|-heal|p2a: Giratina|137/349 par|[from] item: Leftovers\n|upkeep\n|turn|26\n|inactive|Time left: 300 sec this turn | 300 sec total\n|\n|t:|1783560719\n|-terastallize|p2a: Giratina|Fairy\n|move|p1a: Arceus|Judgment|p2a: Giratina\n|-damage|p2a: Giratina|61/349 par\n|move|p2a: Giratina|Dragon Pulse|p1a: Arceus\n|-damage|p1a: Arceus|9/100\n|\n|-heal|p2a: Giratina|82/349 par|[from] item: Leftovers\n|upkeep\n|turn|27\n|inactive|Time left: 300 sec this turn | 300 sec total\n|\n|t:|1783560720\n|move|p1a: Arceus|Recover|p1a: Arceus\n|-heal|p1a: Arceus|59/100\n|cant|p2a: Giratina|par\n|\n|-heal|p2a: Giratina|103/349 par|[from] item: Leftovers\n|upkeep\n|turn|28\n|inactive|Time left: 300 sec this turn | 300 sec total\n|\n|t:|1783560721\n|move|p1a: Arceus|Judgment|p2a: Giratina\n|-damage|p2a: Giratina|27/349 par\n|cant|p2a: Giratina|par\n|\n|-heal|p2a: Giratina|48/349 par|[from] item: Leftovers\n|upkeep\n|turn|29\n|inactive|Time left: 300 sec this turn | 300 sec total\n|\n|t:|1783560722\n|move|p1a: Arceus|Judgment|p2a: Giratina\n|-damage|p2a: Giratina|0 fnt\n|faint|p2a: Giratina\n|\n|upkeep\n|inactive|Time left: 300 sec this turn | 300 sec total | 5 sec grace\n|\n|t:|1783560723\n|switch|p2a: Comfey|Comfey, L85, M|225/225\n|turn|30\n|inactive|Time left: 300 sec this turn | 300 sec total\n|\n|t:|1783560724\n|move|p2a: Comfey|Calm Mind|p2a: Comfey\n|-boost|p2a: Comfey|spa|1\n|-boost|p2a: Comfey|spd|1\n|move|p1a: Arceus|Judgment|p2a: Comfey\n|-damage|p2a: Comfey|108/225\n|\n|-heal|p2a: Comfey|122/225|[from] item: Leftovers\n|upkeep\n|turn|31\n|inactive|Time left: 300 sec this turn | 300 sec total\n|\n|t:|1783560726\n|move|p2a: Comfey|Calm Mind|p2a: Comfey\n|-boost|p2a: Comfey|spa|1\n|-boost|p2a: Comfey|spd|1\n|move|p1a: Arceus|Judgment|p2a: Comfey\n|-damage|p2a: Comfey|31/225\n|\n|-heal|p2a: Comfey|45/225|[from] item: Leftovers\n|upkeep\n|turn|32\n|inactive|Time left: 300 sec this turn | 300 sec total\n|\n|t:|1783560727\n|move|p2a: Comfey|Synthesis|p2a: Comfey\n|-heal|p2a: Comfey|157/225\n|move|p1a: Arceus|Judgment|p2a: Comfey\n|-damage|p2a: Comfey|75/225\n|\n|-heal|p2a: Comfey|89/225|[from] item: Leftovers\n|upkeep\n|turn|33\n|inactive|Time left: 300 sec this turn | 300 sec total\n|\n|t:|1783560728\n|move|p2a: Comfey|Calm Mind|p2a: Comfey\n|-boost|p2a: Comfey|spa|1\n|-boost|p2a: Comfey|spd|1\n|move|p1a: Arceus|Calm Mind|p1a: Arceus\n|-boost|p1a: Arceus|spa|1\n|-boost|p1a: Arceus|spd|1\n|\n|-heal|p2a: Comfey|103/225|[from] item: Leftovers\n|upkeep\n|turn|34\n|inactive|Time left: 300 sec this turn | 300 sec total\n|\n|t:|1783560729\n|move|p2a: Comfey|Draining Kiss|p1a: Arceus\n|-damage|p1a: Arceus|43/100\n|-heal|p2a: Comfey|137/225|[from] drain|[of] p1a: Arceus\n|move|p1a: Arceus|Judgment|p2a: Comfey\n|-damage|p2a: Comfey|59/225\n|\n|-heal|p2a: Comfey|73/225|[from] item: Leftovers\n|upkeep\n|turn|35\n|inactive|Time left: 300 sec this turn | 300 sec total\n|\n|t:|1783560730\n|move|p2a: Comfey|Draining Kiss|p1a: Arceus\n|-damage|p1a: Arceus|26/100\n|-heal|p2a: Comfey|109/225|[from] drain|[of] p1a: Arceus\n|move|p1a: Arceus|Recover|p1a: Arceus\n|-heal|p1a: Arceus|76/100\n|\n|-heal|p2a: Comfey|123/225|[from] item: Leftovers\n|upkeep\n|turn|36\n|inactive|Time left: 300 sec this turn | 300 sec total\n|\n|t:|1783560731\n|move|p2a: Comfey|Calm Mind|p2a: Comfey\n|-boost|p2a: Comfey|spa|1\n|-boost|p2a: Comfey|spd|1\n|move|p1a: Arceus|Judgment|p2a: Comfey\n|-damage|p2a: Comfey|56/225\n|\n|-heal|p2a: Comfey|70/225|[from] item: Leftovers\n|upkeep\n|turn|37\n|inactive|Time left: 300 sec this turn | 300 sec total\n|\n|t:|1783560732\n|move|p2a: Comfey|Synthesis|p2a: Comfey\n|-heal|p2a: Comfey|182/225\n|move|p1a: Arceus|Judgment|p2a: Comfey\n|-damage|p2a: Comfey|109/225\n|\n|-heal|p2a: Comfey|123/225|[from] item: Leftovers\n|upkeep\n|turn|38\n|inactive|Time left: 300 sec this turn | 300 sec total\n|\n|t:|1783560733\n|move|p2a: Comfey|Draining Kiss|p1a: Arceus\n|-damage|p1a: Arceus|57/100\n|-heal|p2a: Comfey|164/225|[from] drain|[of] p1a: Arceus\n|move|p1a: Arceus|Recover|p1a: Arceus\n|-heal|p1a: Arceus|100/100\n|\n|-heal|p2a: Comfey|178/225|[from] item: Leftovers\n|upkeep\n|turn|39\n|inactive|Time left: 300 sec this turn | 300 sec total\n|\n|t:|1783560734\n|move|p2a: Comfey|Draining Kiss|p1a: Arceus\n|-damage|p1a: Arceus|81/100\n|-heal|p2a: Comfey|219/225|[from] drain|[of] p1a: Arceus\n|move|p1a: Arceus|Calm Mind|p1a: Arceus\n|-boost|p1a: Arceus|spa|1\n|-boost|p1a: Arceus|spd|1\n|\n|-heal|p2a: Comfey|225/225|[from] item: Leftovers\n|upkeep\n|turn|40\n|inactive|Time left: 300 sec this turn | 300 sec total\n|\n|t:|1783560735\n|move|p2a: Comfey|Calm Mind|p2a: Comfey\n|-boost|p2a: Comfey|spa|1\n|-boost|p2a: Comfey|spd|1\n|move|p1a: Arceus|Calm Mind|p1a: Arceus\n|-boost|p1a: Arceus|spa|1\n|-boost|p1a: Arceus|spd|1\n|\n|upkeep\n|turn|41\n|inactive|Time left: 300 sec this turn | 300 sec total\n|\n|t:|1783560736\n|move|p2a: Comfey|Calm Mind|p2a: Comfey\n|-boost|p2a: Comfey|spa|1\n|-boost|p2a: Comfey|spd|1\n|move|p1a: Arceus|Recover|p1a: Arceus\n|-heal|p1a: Arceus|100/100\n|\n|upkeep\n|turn|42\n|inactive|Time left: 300 sec this turn | 300 sec total\n|\n|t:|1783560737\n|move|p2a: Comfey|Draining Kiss|p1a: Arceus\n|-damage|p1a: Arceus|83/100\n|move|p1a: Arceus|Judgment|p2a: Comfey\n|-damage|p2a: Comfey|152/225\n|\n|-heal|p2a: Comfey|166/225|[from] item: Leftovers\n|upkeep\n|turn|43\n|inactive|Time left: 300 sec this turn | 300 sec total\n|\n|t:|1783560738\n|move|p2a: Comfey|Draining Kiss|p1a: Arceus\n|-damage|p1a: Arceus|63/100\n|-heal|p2a: Comfey|207/225|[from] drain|[of] p1a: Arceus\n|move|p1a: Arceus|Calm Mind|p1a: Arceus\n|-boost|p1a: Arceus|spa|1\n|-boost|p1a: Arceus|spd|1\n|\n|-heal|p2a: Comfey|221/225|[from] item: Leftovers\n|upkeep\n|turn|44\n|inactive|Time left: 300 sec this turn | 300 sec total\n|\n|t:|1783560738\n|move|p2a: Comfey|Draining Kiss|p1a: Arceus\n|-damage|p1a: Arceus|46/100\n|-heal|p2a: Comfey|225/225|[from] drain|[of] p1a: Arceus\n|move|p1a: Arceus|Recover|p1a: Arceus\n|-heal|p1a: Arceus|96/100\n|\n|upkeep\n|turn|45\n|inactive|Time left: 300 sec this turn | 300 sec total\n|\n|t:|1783560739\n|move|p2a: Comfey|Draining Kiss|p1a: Arceus\n|-damage|p1a: Arceus|79/100\n|move|p1a: Arceus|Judgment|p2a: Comfey\n|-damage|p2a: Comfey|146/225\n|\n|-heal|p2a: Comfey|160/225|[from] item: Leftovers\n|upkeep\n|turn|46\n|inactive|Time left: 300 sec this turn | 300 sec total\n|\n|t:|1783560740\n|move|p2a: Comfey|Draining Kiss|p1a: Arceus\n|-damage|p1a: Arceus|63/100\n|-heal|p2a: Comfey|195/225|[from] drain|[of] p1a: Arceus\n|move|p1a: Arceus|Recover|p1a: Arceus\n|-heal|p1a: Arceus|100/100\n|\n|-heal|p2a: Comfey|209/225|[from] item: Leftovers\n|upkeep\n|turn|47\n|inactive|Time left: 300 sec this turn | 300 sec total\n|\n|t:|1783560741\n|move|p2a: Comfey|Draining Kiss|p1a: Arceus\n|-damage|p1a: Arceus|83/100\n|-heal|p2a: Comfey|225/225|[from] drain|[of] p1a: Arceus\n|move|p1a: Arceus|Focus Blast|p2a: Comfey\n|-resisted|p2a: Comfey\n|-damage|p2a: Comfey|197/225\n|\n|-heal|p2a: Comfey|211/225|[from] item: Leftovers\n|upkeep\n|turn|48\n|inactive|Time left: 300 sec this turn | 300 sec total\n|\n|t:|1783560742\n|move|p2a: Comfey|Draining Kiss|p1a: Arceus\n|-damage|p1a: Arceus|66/100\n|-heal|p2a: Comfey|225/225|[from] drain|[of] p1a: Arceus\n|move|p1a: Arceus|Recover|p1a: Arceus\n|-heal|p1a: Arceus|100/100\n|\n|upkeep\n|turn|49\n|inactive|Time left: 300 sec this turn | 300 sec total\n|\n|t:|1783560743\n|move|p2a: Comfey|Draining Kiss|p1a: Arceus\n|-damage|p1a: Arceus|82/100\n|move|p1a: Arceus|Focus Blast|p2a: Comfey\n|-resisted|p2a: Comfey\n|-damage|p2a: Comfey|194/225\n|\n|-heal|p2a: Comfey|208/225|[from] item: Leftovers\n|upkeep\n|turn|50\n|inactive|Time left: 300 sec this turn | 300 sec total\n|\n|t:|1783560744\n|move|p2a: Comfey|Draining Kiss|p1a: Arceus\n|-damage|p1a: Arceus|65/100\n|-heal|p2a: Comfey|225/225|[from] drain|[of] p1a: Arceus\n|move|p1a: Arceus|Focus Blast|p2a: Comfey\n|-resisted|p2a: Comfey\n|-damage|p2a: Comfey|195/225\n|\n|-heal|p2a: Comfey|209/225|[from] item: Leftovers\n|upkeep\n|turn|51\n|inactive|Time left: 300 sec this turn | 300 sec total\n|\n|t:|1783560745\n|move|p2a: Comfey|Draining Kiss|p1a: Arceus\n|-damage|p1a: Arceus|50/100\n|-heal|p2a: Comfey|225/225|[from] drain|[of] p1a: Arceus\n|move|p1a: Arceus|Focus Blast|p2a: Comfey|[miss]\n|-miss|p1a: Arceus|p2a: Comfey\n|\n|upkeep\n|turn|52\n|inactive|Time left: 300 sec this turn | 300 sec total\n|\n|t:|1783560746\n|move|p2a: Comfey|Draining Kiss|p1a: Arceus\n|-damage|p1a: Arceus|35/100\n|move|p1a: Arceus|Focus Blast|p2a: Comfey|[miss]\n|-miss|p1a: Arceus|p2a: Comfey\n|\n|upkeep\n|turn|53\n|inactive|Time left: 300 sec this turn | 300 sec total\n|\n|t:|1783560747\n|move|p2a: Comfey|Tera Blast|p1a: Arceus\n|-immune|p1a: Arceus\n|move|p1a: Arceus|Focus Blast|p2a: Comfey|[miss]\n|-miss|p1a: Arceus|p2a: Comfey\n|\n|upkeep\n|turn|54\n|inactive|Time left: 300 sec this turn | 300 sec total\n|\n|t:|1783560748\n|move|p2a: Comfey|Calm Mind|p2a: Comfey\n|-boost|p2a: Comfey|spa|0\n|-boost|p2a: Comfey|spd|0\n|move|p1a: Arceus|Calm Mind|p1a: Arceus\n|-boost|p1a: Arceus|spa|0\n|-boost|p1a: Arceus|spd|0\n|\n|upkeep\n|turn|55\n|inactive|Time left: 300 sec this turn | 300 sec total\n|\n|t:|1783560749\n|move|p2a: Comfey|Tera Blast|p1a: Arceus\n|-immune|p1a: Arceus\n|move|p1a: Arceus|Calm Mind|p1a: Arceus\n|-boost|p1a: Arceus|spa|0\n|-boost|p1a: Arceus|spd|0\n|\n|upkeep\n|turn|56\n|inactive|Time left: 300 sec this turn | 300 sec total\n|\n|t:|1783560750\n|move|p2a: Comfey|Tera Blast|p1a: Arceus\n|-immune|p1a: Arceus\n|move|p1a: Arceus|Calm Mind|p1a: Arceus\n|-boost|p1a: Arceus|spa|0\n|-boost|p1a: Arceus|spd|0\n|\n|upkeep\n|turn|57\n|inactive|Time left: 300 sec this turn | 300 sec total\n|\n|t:|1783560751\n|move|p2a: Comfey|Tera Blast|p1a: Arceus\n|-immune|p1a: Arceus\n|move|p1a: Arceus|Calm Mind|p1a: Arceus\n|-boost|p1a: Arceus|spa|0\n|-boost|p1a: Arceus|spd|0\n|\n|upkeep\n|turn|58\n|inactive|Time left: 300 sec this turn | 300 sec total\n|\n|t:|1783560752\n|move|p2a: Comfey|Tera Blast|p1a: Arceus\n|-immune|p1a: Arceus\n|move|p1a: Arceus|Calm Mind|p1a: Arceus\n|-boost|p1a: Arceus|spa|0\n|-boost|p1a: Arceus|spd|0\n|\n|upkeep\n|turn|59\n|inactive|Time left: 300 sec this turn | 300 sec total\n|\n|t:|1783560753\n|move|p2a: Comfey|Tera Blast|p1a: Arceus\n|-immune|p1a: Arceus\n|move|p1a: Arceus|Calm Mind|p1a: Arceus\n|-boost|p1a: Arceus|spa|0\n|-boost|p1a: Arceus|spd|0\n|\n|upkeep\n|turn|60\n|inactive|Time left: 300 sec this turn | 300 sec total\n|\n|t:|1783560755\n|move|p2a: Comfey|Tera Blast|p1a: Arceus\n|-immune|p1a: Arceus\n|move|p1a: Arceus|Calm Mind|p1a: Arceus\n|-boost|p1a: Arceus|spa|0\n|-boost|p1a: Arceus|spd|0\n|\n|upkeep\n|turn|61\n|inactive|Time left: 300 sec this turn | 300 sec total\n|\n|t:|1783560756\n|move|p2a: Comfey|Tera Blast|p1a: Arceus\n|-immune|p1a: Arceus\n|move|p1a: Arceus|Calm Mind|p1a: Arceus\n|-boost|p1a: Arceus|spa|0\n|-boost|p1a: Arceus|spd|0\n|\n|upkeep\n|turn|62\n|inactive|Time left: 300 sec this turn | 300 sec total\n|\n|t:|1783560757\n|move|p2a: Comfey|Tera Blast|p1a: Arceus\n|-immune|p1a: Arceus\n|move|p1a: Arceus|Calm Mind|p1a: Arceus\n|-boost|p1a: Arceus|spa|0\n|-boost|p1a: Arceus|spd|0\n|\n|upkeep\n|turn|63\n|inactive|Time left: 300 sec this turn | 300 sec total\n|\n|t:|1783560758\n|move|p2a: Comfey|Tera Blast|p1a: Arceus\n|-immune|p1a: Arceus\n|move|p1a: Arceus|Calm Mind|p1a: Arceus\n|-boost|p1a: Arceus|spa|0\n|-boost|p1a: Arceus|spd|0\n|\n|upkeep\n|turn|64\n|inactive|Time left: 300 sec this turn | 300 sec total\n|\n|t:|1783560759\n|move|p2a: Comfey|Tera Blast|p1a: Arceus\n|-immune|p1a: Arceus\n|move|p1a: Arceus|Calm Mind|p1a: Arceus\n|-boost|p1a: Arceus|spa|0\n|-boost|p1a: Arceus|spd|0\n|\n|upkeep\n|turn|65\n|inactive|Time left: 300 sec this turn | 300 sec total\n|\n|t:|1783560760\n|move|p2a: Comfey|Tera Blast|p1a: Arceus\n|-immune|p1a: Arceus\n|move|p1a: Arceus|Calm Mind|p1a: Arceus\n|-boost|p1a: Arceus|spa|0\n|-boost|p1a: Arceus|spd|0\n|\n|upkeep\n|turn|66\n|inactive|Time left: 300 sec this turn | 300 sec total\n|\n|t:|1783560761\n|move|p2a: Comfey|Tera Blast|p1a: Arceus\n|-immune|p1a: Arceus\n|move|p1a: Arceus|Calm Mind|p1a: Arceus\n|-boost|p1a: Arceus|spa|0\n|-boost|p1a: Arceus|spd|0\n|\n|upkeep\n|turn|67\n|inactive|Time left: 300 sec this turn | 300 sec total\n|\n|t:|1783560762\n|move|p2a: Comfey|Synthesis|p2a: Comfey\n|-fail|p2a: Comfey|heal\n|move|p1a: Arceus|Calm Mind|p1a: Arceus\n|-boost|p1a: Arceus|spa|0\n|-boost|p1a: Arceus|spd|0\n|\n|upkeep\n|turn|68\n|inactive|Time left: 300 sec this turn | 300 sec total\n|\n|t:|1783560763\n|move|p2a: Comfey|Tera Blast|p1a: Arceus\n|-immune|p1a: Arceus\n|move|p1a: Arceus|Calm Mind|p1a: Arceus\n|-boost|p1a: Arceus|spa|0\n|-boost|p1a: Arceus|spd|0\n|\n|upkeep\n|turn|69\n|inactive|Time left: 300 sec this turn | 300 sec total\n|\n|t:|1783560764\n|move|p2a: Comfey|Synthesis|p2a: Comfey\n|-fail|p2a: Comfey|heal\n|move|p1a: Arceus|Calm Mind|p1a: Arceus\n|-boost|p1a: Arceus|spa|0\n|-boost|p1a: Arceus|spd|0\n|\n|upkeep\n|turn|70\n|inactive|Time left: 300 sec this turn | 300 sec total\n|\n|t:|1783560765\n|move|p2a: Comfey|Synthesis|p2a: Comfey\n|-fail|p2a: Comfey|heal\n|move|p1a: Arceus|Calm Mind|p1a: Arceus\n|-boost|p1a: Arceus|spa|0\n|-boost|p1a: Arceus|spd|0\n|\n|upkeep\n|turn|71\n|inactive|Time left: 300 sec this turn | 300 sec total\n|\n|t:|1783560766\n|move|p2a: Comfey|Calm Mind|p2a: Comfey\n|-boost|p2a: Comfey|spa|0\n|-boost|p2a: Comfey|spd|0\n|move|p1a: Arceus|Calm Mind|p1a: Arceus\n|-boost|p1a: Arceus|spa|0\n|-boost|p1a: Arceus|spd|0\n|\n|upkeep\n|turn|72\n|inactive|Time left: 300 sec this turn | 300 sec total\n|\n|t:|1783560766\n|move|p2a: Comfey|Calm Mind|p2a: Comfey\n|-boost|p2a: Comfey|spa|0\n|-boost|p2a: Comfey|spd|0\n|move|p1a: Arceus|Calm Mind|p1a: Arceus\n|-boost|p1a: Arceus|spa|0\n|-boost|p1a: Arceus|spd|0\n|\n|upkeep\n|turn|73\n|inactive|Time left: 300 sec this turn | 300 sec total\n|\n|t:|1783560767\n|move|p2a: Comfey|Synthesis|p2a: Comfey\n|-fail|p2a: Comfey|heal\n|move|p1a: Arceus|Calm Mind|p1a: Arceus\n|-boost|p1a: Arceus|spa|0\n|-boost|p1a: Arceus|spd|0\n|\n|upkeep\n|turn|74\n|inactive|Time left: 300 sec this turn | 300 sec total\n|\n|t:|1783560768\n|move|p2a: Comfey|Synthesis|p2a: Comfey\n|-fail|p2a: Comfey|heal\n|move|p1a: Arceus|Calm Mind|p1a: Arceus\n|-boost|p1a: Arceus|spa|0\n|-boost|p1a: Arceus|spd|0\n|\n|upkeep\n|turn|75\n|inactive|Time left: 300 sec this turn | 300 sec total\n|\n|t:|1783560769\n|move|p2a: Comfey|Calm Mind|p2a: Comfey\n|-boost|p2a: Comfey|spa|0\n|-boost|p2a: Comfey|spd|0\n|move|p1a: Arceus|Calm Mind|p1a: Arceus\n|-boost|p1a: Arceus|spa|0\n|-boost|p1a: Arceus|spd|0\n|\n|upkeep\n|turn|76\n|inactive|Time left: 300 sec this turn | 300 sec total\n|\n|t:|1783560770\n|move|p2a: Comfey|Synthesis|p2a: Comfey\n|-fail|p2a: Comfey|heal\n|move|p1a: Arceus|Calm Mind|p1a: Arceus\n|-boost|p1a: Arceus|spa|0\n|-boost|p1a: Arceus|spd|0\n|\n|upkeep\n|turn|77\n|inactive|Time left: 300 sec this turn | 300 sec total\n|\n|t:|1783560771\n|move|p2a: Comfey|Calm Mind|p2a: Comfey\n|-boost|p2a: Comfey|spa|0\n|-boost|p2a: Comfey|spd|0\n|move|p1a: Arceus|Focus Blast|p2a: Comfey\n|-resisted|p2a: Comfey\n|-damage|p2a: Comfey|197/225\n|\n|-heal|p2a: Comfey|211/225|[from] item: Leftovers\n|upkeep\n|turn|78\n|inactive|Time left: 300 sec this turn | 300 sec total\n|\n|t:|1783560772\n|move|p2a: Comfey|Calm Mind|p2a: Comfey\n|-boost|p2a: Comfey|spa|0\n|-boost|p2a: Comfey|spd|0\n|move|p1a: Arceus|Focus Blast|p2a: Comfey\n|-resisted|p2a: Comfey\n|-damage|p2a: Comfey|185/225\n|\n|-heal|p2a: Comfey|199/225|[from] item: Leftovers\n|upkeep\n|turn|79\n|inactive|Time left: 300 sec this turn | 300 sec total\n|\n|t:|1783560773\n|move|p2a: Comfey|Tera Blast|p1a: Arceus\n|-immune|p1a: Arceus\n|move|p1a: Arceus|Calm Mind|p1a: Arceus\n|-boost|p1a: Arceus|spa|0\n|-boost|p1a: Arceus|spd|0\n|\n|-heal|p2a: Comfey|213/225|[from] item: Leftovers\n|upkeep\n|turn|80\n|inactive|Time left: 300 sec this turn | 300 sec total\n|\n|t:|1783560774\n|switch|p2a: Iron Crown|Iron Crown, L78|268/268\n|move|p1a: Arceus|Calm Mind|p1a: Arceus\n|-boost|p1a: Arceus|spa|0\n|-boost|p1a: Arceus|spd|0\n|\n|upkeep\n|turn|81\n|inactive|Time left: 300 sec this turn | 300 sec total\n|\n|t:|1783560775\n|-terastallize|p1a: Arceus|Dark\n|move|p1a: Arceus|Calm Mind|p1a: Arceus\n|-boost|p1a: Arceus|spa|0\n|-boost|p1a: Arceus|spd|0\n|move|p2a: Iron Crown|Psyshock|p1a: Arceus\n|-immune|p1a: Arceus\n|\n|upkeep\n|turn|82\n|inactive|Time left: 300 sec this turn | 300 sec total\n|\n|t:|1783560776\n|switch|p1a: Palkia|Palkia-Origin, L72|100/100\n|-damage|p1a: Palkia|88/100|[from] Stealth Rock\n|-damage|p1a: Palkia|63/100|[from] Spikes\n|-ability|p1a: Palkia|Pressure\n|move|p2a: Iron Crown|Psyshock|p1a: Palkia\n|-damage|p1a: Palkia|8/100\n|\n|upkeep\n|turn|83\n|inactive|Time left: 300 sec this turn | 300 sec total\n|\n|t:|1783560777\n|move|p1a: Palkia|Thunder Wave|p2a: Iron Crown\n|-status|p2a: Iron Crown|par\n|cant|p2a: Iron Crown|par\n|\n|upkeep\n|turn|84\n|inactive|Time left: 300 sec this turn | 300 sec total\n|\n|t:|1783560777\n|move|p1a: Palkia|Hydro Pump|p2a: Iron Crown\n|-damage|p2a: Iron Crown|142/268 par\n|move|p2a: Iron Crown|Psyshock|p1a: Palkia\n|-damage|p1a: Palkia|0 fnt\n|faint|p1a: Palkia\n|\n|upkeep\n|\n|t:|1783560778\n|switch|p1a: Arceus|Arceus-Ghost, L69, tera:Dark|35/100\n|-damage|p1a: Arceus|22/100|[from] Stealth Rock\n|-damage|p1a: Arceus|0 fnt|[from] Spikes\n|faint|p1a: Arceus\n|\n|win|p0y18516aaa", "uploadtime": 1783560778, "views": 0, "rating": 0, "private": 0, "password": null, "_winner": "p0y18516aaa", "_our_name": "p0y18516aaa"}