{"id": "battle-gen9randombattle-1824", "formatid": "gen9randombattle", "format": "[Gen 9] Random Battle", "players": ["p0x1824fc8a", "p0y18240339"], "log": "|init|battle\n|title|p0x1824fc8a vs. p0y18240339\n|j|\u2606p0x1824fc8a\n|j|\u2606p0y18240339\n|t:|1783561113\n|gametype|singles\n|player|p1|p0x1824fc8a|265|\n|player|p2|p0y18240339|266|\n|gen|9\n|tier|[Gen 9] Random Battle\n|rule|Species Clause: Limit one of each Pok\u00e9mon\n|rule|HP Percentage Mod: HP is shown in percentages\n|rule|Sleep Clause Mod: Limit one foe put to sleep\n|rule|Illusion Level Mod: Illusion disguises the Pok\u00e9mon's true level\n|\n|t:|1783561113\n|teamsize|p1|6\n|teamsize|p2|6\n|start\n|switch|p1a: Mewtwo|Mewtwo, L72|272/272\n|switch|p2a: Electivire|Electivire, L84, M|100/100\n|-ability|p1a: Mewtwo|Pressure\n|turn|1\n|inactive|Battle timer is ON: inactive players will automatically lose when time's up. (requested by p0x1824fc8a)\n|inactive|p0y18240339 also wants the timer to be on.\n|\n|t:|1783561115\n|move|p1a: Mewtwo|Psystrike|p2a: Electivire\n|-damage|p2a: Electivire|33/100\n|-damage|p1a: Mewtwo|245/272|[from] item: Life Orb\n|move|p2a: Electivire|Knock Off|p1a: Mewtwo\n|-supereffective|p1a: Mewtwo\n|-damage|p1a: Mewtwo|0 fnt\n|-enditem|p1a: Mewtwo|Life Orb|[from] move: Knock Off|[of] p2a: Electivire\n|faint|p1a: Mewtwo\n|-damage|p2a: Electivire|23/100|[from] item: Life Orb\n|\n|upkeep\n|inactive|Time left: 300 sec this turn | 300 sec total | 65 sec grace\n|\n|t:|1783561116\n|switch|p1a: Arceus|Arceus-Ground, L70|284/284\n|turn|2\n|inactive|Time left: 300 sec this turn | 300 sec total\n|\n|t:|1783561117\n|switch|p2a: Great Tusk|Great Tusk, L77|100/100\n|-enditem|p2a: Great Tusk|Booster Energy\n|-activate|p2a: Great Tusk|ability: Protosynthesis|[fromitem]\n|-start|p2a: Great Tusk|protosynthesisatk\n|move|p1a: Arceus|Calm Mind|p1a: Arceus\n|-boost|p1a: Arceus|spa|1\n|-boost|p1a: Arceus|spd|1\n|\n|upkeep\n|turn|3\n|inactive|Time left: 300 sec this turn | 300 sec total\n|\n|t:|1783561118\n|-end|p2a: Great Tusk|Protosynthesis|[silent]\n|switch|p2a: Umbreon|Umbreon, L84, M, shiny|100/100\n|move|p1a: Arceus|Judgment|p2a: Umbreon\n|-damage|p2a: Umbreon|61/100\n|\n|-heal|p2a: Umbreon|67/100|[from] item: Leftovers\n|upkeep\n|turn|4\n|inactive|Time left: 300 sec this turn | 300 sec total\n|\n|t:|1783561120\n|move|p1a: Arceus|Judgment|p2a: Umbreon\n|-damage|p2a: Umbreon|28/100\n|move|p2a: Umbreon|Toxic|p1a: Arceus\n|-status|p1a: Arceus|tox\n|\n|-heal|p2a: Umbreon|34/100|[from] item: Leftovers\n|-damage|p1a: Arceus|267/284 tox|[from] psn\n|upkeep\n|turn|5\n|inactive|Time left: 300 sec this turn | 300 sec total\n|\n|t:|1783561121\n|move|p2a: Umbreon|Protect|p2a: Umbreon\n|-singleturn|p2a: Umbreon|Protect\n|move|p1a: Arceus|Judgment|p2a: Umbreon\n|-activate|p2a: Umbreon|move: Protect\n|\n|-heal|p2a: Umbreon|40/100|[from] item: Leftovers\n|-damage|p1a: Arceus|233/284 tox|[from] psn\n|upkeep\n|turn|6\n|inactive|Time left: 300 sec this turn | 300 sec total\n|\n|t:|1783561122\n|move|p1a: Arceus|Judgment|p2a: Umbreon\n|-damage|p2a: Umbreon|0 fnt\n|faint|p2a: Umbreon\n|\n|-damage|p1a: Arceus|182/284 tox|[from] psn\n|upkeep\n|\n|t:|1783561123\n|switch|p2a: Indeedee|Indeedee-F, L90, F|100/100\n|-fieldstart|move: Psychic Terrain|[from] ability: Psychic Surge|[of] p2a: Indeedee\n|turn|7\n|inactive|Time left: 300 sec this turn | 300 sec total\n|\n|t:|1783561124\n|move|p2a: Indeedee|Psychic|p1a: Arceus\n|-damage|p1a: Arceus|89/284 tox\n|move|p1a: Arceus|Judgment|p2a: Indeedee\n|-damage|p2a: Indeedee|49/100\n|\n|-damage|p1a: Arceus|21/284 tox|[from] psn\n|upkeep\n|turn|8\n|inactive|Time left: 300 sec this turn | 300 sec total\n|\n|t:|1783561125\n|switch|p1a: Oranguru|Oranguru, L92, F|315/315\n|move|p2a: Indeedee|Psychic|p1a: Oranguru\n|-resisted|p1a: Oranguru\n|-damage|p1a: Oranguru|259/315\n|\n|-heal|p1a: Oranguru|278/315|[from] item: Leftovers\n|upkeep\n|turn|9\n|inactive|Time left: 300 sec this turn | 300 sec total\n|\n|t:|1783561126\n|move|p2a: Indeedee|Psychic|p1a: Oranguru\n|-resisted|p1a: Oranguru\n|-damage|p1a: Oranguru|228/315\n|move|p1a: Oranguru|Nasty Plot|p1a: Oranguru\n|-boost|p1a: Oranguru|spa|2\n|\n|-heal|p1a: Oranguru|247/315|[from] item: Leftovers\n|upkeep\n|turn|10\n|inactive|Time left: 300 sec this turn | 300 sec total\n|\n|t:|1783561127\n|move|p2a: Indeedee|Psychic|p1a: Oranguru\n|-resisted|p1a: Oranguru\n|-damage|p1a: Oranguru|193/315\n|move|p1a: Oranguru|Psyshock|p2a: Indeedee\n|-resisted|p2a: Indeedee\n|-damage|p2a: Indeedee|0 fnt\n|faint|p2a: Indeedee\n|\n|-heal|p1a: Oranguru|212/315|[from] item: Leftovers\n|upkeep\n|\n|t:|1783561127\n|switch|p2a: Electivire|Electivire, L84, M|23/100\n|turn|11\n|inactive|Time left: 300 sec this turn | 300 sec total\n|\n|t:|1783561128\n|switch|p1a: Carbink|Carbink, L90|236/236\n|move|p2a: Electivire|Knock Off|p1a: Carbink\n|-resisted|p1a: Carbink\n|-damage|p1a: Carbink|201/236\n|-enditem|p1a: Carbink|Chesto Berry|[from] move: Knock Off|[of] p2a: Electivire\n|-damage|p2a: Electivire|13/100|[from] item: Life Orb\n|\n|-fieldend|move: Psychic Terrain\n|upkeep\n|turn|12\n|inactive|Time left: 300 sec this turn | 300 sec total\n|\n|t:|1783561129\n|move|p2a: Electivire|Earthquake|p1a: Carbink\n|-supereffective|p1a: Carbink\n|-damage|p1a: Carbink|58/236\n|-damage|p2a: Electivire|4/100|[from] item: Life Orb\n|move|p1a: Carbink|Iron Defense|p1a: Carbink\n|-boost|p1a: Carbink|def|2\n|\n|upkeep\n|turn|13\n|inactive|Time left: 300 sec this turn | 300 sec total\n|\n|t:|1783561130\n|-terastallize|p1a: Carbink|Fighting\n|move|p2a: Electivire|Earthquake|p1a: Carbink\n|-damage|p1a: Carbink|22/236\n|-damage|p2a: Electivire|0 fnt|[from] item: Life Orb\n|faint|p2a: Electivire\n|move|p1a: Carbink|Rest|p1a: Carbink\n|-status|p1a: Carbink|slp|[from] move: Rest\n|-heal|p1a: Carbink|236/236 slp|[silent]\n|\n|upkeep\n|\n|t:|1783561131\n|switch|p2a: Great Tusk|Great Tusk, L77|100/100\n|turn|14\n|inactive|Time left: 300 sec this turn | 300 sec total\n|\n|t:|1783561132\n|move|p2a: Great Tusk|Bulk Up|p2a: Great Tusk\n|-boost|p2a: Great Tusk|atk|1\n|-boost|p2a: Great Tusk|def|1\n|cant|p1a: Carbink|slp\n|\n|upkeep\n|turn|15\n|inactive|Time left: 300 sec this turn | 300 sec total\n|\n|t:|1783561133\n|move|p2a: Great Tusk|Bulk Up|p2a: Great Tusk\n|-boost|p2a: Great Tusk|atk|1\n|-boost|p2a: Great Tusk|def|1\n|cant|p1a: Carbink|slp\n|\n|upkeep\n|turn|16\n|inactive|Time left: 300 sec this turn | 300 sec total\n|\n|t:|1783561133\n|-terastallize|p2a: Great Tusk|Steel\n|move|p2a: Great Tusk|Bulk Up|p2a: Great Tusk\n|-boost|p2a: Great Tusk|atk|1\n|-boost|p2a: Great Tusk|def|1\n|-curestatus|p1a: Carbink|slp|[msg]\n|move|p1a: Carbink|Moonblast|p2a: Great Tusk\n|-resisted|p2a: Great Tusk\n|-damage|p2a: Great Tusk|80/100\n|\n|upkeep\n|turn|17\n|inactive|Time left: 300 sec this turn | 300 sec total\n|\n|t:|1783561134\n|move|p2a: Great Tusk|Earthquake|p1a: Carbink\n|-damage|p1a: Carbink|143/236\n|move|p1a: Carbink|Body Press|p2a: Great Tusk\n|-supereffective|p2a: Great Tusk\n|-damage|p2a: Great Tusk|26/100\n|\n|upkeep\n|turn|18\n|inactive|Time left: 300 sec this turn | 300 sec total\n|\n|t:|1783561135\n|move|p2a: Great Tusk|Close Combat|p1a: Carbink\n|-damage|p1a: Carbink|44/236\n|-unboost|p2a: Great Tusk|def|1\n|-unboost|p2a: Great Tusk|spd|1\n|move|p1a: Carbink|Body Press|p2a: Great Tusk\n|-supereffective|p2a: Great Tusk\n|-damage|p2a: Great Tusk|0 fnt\n|faint|p2a: Great Tusk\n|-end|p2a: Great Tusk|Protosynthesis|[silent]\n|\n|upkeep\n|\n|t:|1783561136\n|switch|p2a: Metagross|Metagross, L79|100/100\n|turn|19\n|inactive|Time left: 300 sec this turn | 300 sec total\n|\n|t:|1783561137\n|move|p2a: Metagross|Heavy Slam|p1a: Carbink\n|-damage|p1a: Carbink|1/236\n|move|p1a: Carbink|Body Press|p2a: Metagross\n|-damage|p2a: Metagross|21/100\n|\n|upkeep\n|turn|20\n|inactive|Time left: 300 sec this turn | 300 sec total\n|\n|t:|1783561138\n|move|p2a: Metagross|Heavy Slam|p1a: Carbink\n|-damage|p1a: Carbink|0 fnt\n|faint|p1a: Carbink\n|\n|upkeep\n|inactive|Time left: 300 sec this turn | 300 sec total | 5 sec grace\n|\n|t:|1783561139\n|switch|p1a: Oranguru|Oranguru, L92, F|212/315\n|turn|21\n|inactive|Time left: 300 sec this turn | 300 sec total\n|\n|t:|1783561140\n|switch|p2a: Walking Wake|Walking Wake, L79|100/100\n|move|p1a: Oranguru|Thunderbolt|p2a: Walking Wake\n|-damage|p2a: Walking Wake|75/100\n|\n|-heal|p1a: Oranguru|231/315|[from] item: Leftovers\n|upkeep\n|turn|22\n|inactive|Time left: 300 sec this turn | 300 sec total\n|\n|t:|1783561141\n|move|p2a: Walking Wake|Hydro Steam|p1a: Oranguru\n|-damage|p1a: Oranguru|140/315\n|-damage|p2a: Walking Wake|65/100|[from] item: Life Orb\n|move|p1a: Oranguru|Thunderbolt|p2a: Walking Wake\n|-damage|p2a: Walking Wake|36/100\n|\n|-heal|p1a: Oranguru|159/315|[from] item: Leftovers\n|upkeep\n|turn|23\n|inactive|Time left: 300 sec this turn | 300 sec total\n|\n|t:|1783561142\n|move|p2a: Walking Wake|Sunny Day|p2a: Walking Wake\n|-weather|SunnyDay\n|-activate|p2a: Walking Wake|ability: Protosynthesis\n|-start|p2a: Walking Wake|protosynthesisspa\n|move|p1a: Oranguru|Psyshock|p2a: Walking Wake\n|-damage|p2a: Walking Wake|4/100\n|\n|-weather|SunnyDay|[upkeep]\n|-heal|p1a: Oranguru|178/315|[from] item: Leftovers\n|upkeep\n|turn|24\n|inactive|Time left: 300 sec this turn | 300 sec total\n|\n|t:|1783561142\n|move|p2a: Walking Wake|Flamethrower|p1a: Oranguru\n|-damage|p1a: Oranguru|44/315\n|-status|p1a: Oranguru|brn\n|-damage|p2a: Walking Wake|0 fnt|[from] item: Life Orb\n|faint|p2a: Walking Wake\n|-end|p2a: Walking Wake|Protosynthesis|[silent]\n|move|p1a: Oranguru|Thunderbolt|p2: Walking Wake|[notarget]\n|-fail|p1a: Oranguru\n|\n|-weather|SunnyDay|[upkeep]\n|-heal|p1a: Oranguru|63/315 brn|[from] item: Leftovers\n|-damage|p1a: Oranguru|44/315 brn|[from] brn\n|upkeep\n|\n|t:|1783561143\n|switch|p2a: Metagross|Metagross, L79|21/100\n|turn|25\n|inactive|Time left: 300 sec this turn | 300 sec total\n|\n|t:|1783561144\n|move|p1a: Oranguru|Thunderbolt|p2a: Metagross\n|-damage|p2a: Metagross|0 fnt\n|faint|p2a: Metagross\n|\n|win|p0x1824fc8a", "uploadtime": 1783561144, "views": 0, "rating": 0, "private": 0, "password": null, "_winner": "p0x1824fc8a", "_our_name": "p0x1824fc8a"}