{"id": "battle-gen9randombattle-898", "formatid": "gen9randombattle", "format": "[Gen 9] Random Battle", "players": ["p0x898d8ee", "p0y898f674"], "log": "|init|battle\n|title|p0x898d8ee vs. p0y898f674\n|j|\u2606p0x898d8ee\n|j|\u2606p0y898f674\n|t:|1783549552\n|gametype|singles\n|player|p1|p0x898d8ee|266|\n|player|p2|p0y898f674|1|\n|gen|9\n|tier|[Gen 9] Random Battle\n|rule|Species Clause: Limit one of each Pok\u00e9mon\n|rule|HP Percentage Mod: HP is shown in percentages\n|rule|Sleep Clause Mod: Limit one foe put to sleep\n|rule|Illusion Level Mod: Illusion disguises the Pok\u00e9mon's true level\n|\n|t:|1783549552\n|teamsize|p1|6\n|teamsize|p2|6\n|start\n|switch|p1a: Volcanion|Volcanion, L79|100/100\n|switch|p2a: Koraidon|Koraidon, L64|235/235\n|-weather|SunnyDay|[from] ability: Orichalcum Pulse|[of] p2a: Koraidon\n|-activate|p2a: Koraidon|Orichalcum Pulse|[source]\n|turn|1\n|inactive|Battle timer is ON: inactive players will automatically lose when time's up. (requested by p0y898f674)\n|inactive|p0x898d8ee also wants the timer to be on.\n|\n|t:|1783549554\n|move|p2a: Koraidon|Outrage|p1a: Volcanion\n|-damage|p1a: Volcanion|34/100\n|move|p1a: Volcanion|Earth Power|p2a: Koraidon\n|-damage|p2a: Koraidon|158/235\n|\n|-weather|SunnyDay|[upkeep]\n|upkeep\n|turn|2\n|inactive|Time left: 300 sec this turn | 300 sec total\n|\n|t:|1783549555\n|move|p2a: Koraidon|Outrage|p1a: Volcanion|[from] lockedmove\n|-damage|p1a: Volcanion|0 fnt\n|faint|p1a: Volcanion\n|-start|p2a: Koraidon|confusion|[fatigue]\n|\n|-weather|SunnyDay|[upkeep]\n|upkeep\n|\n|t:|1783549556\n|switch|p1a: Meowscarada|Meowscarada, L78, F|100/100\n|turn|3\n|inactive|Time left: 300 sec this turn | 300 sec total\n|\n|t:|1783549558\n|move|p1a: Meowscarada|Triple Axel|p2a: Koraidon|[miss]\n|-start|p1a: Meowscarada|typechange|Ice|[from] ability: Protean\n|-miss|p1a: Meowscarada|p2a: Koraidon\n|-activate|p2a: Koraidon|confusion\n|-damage|p2a: Koraidon|133/235|[from] confusion\n|\n|-weather|SunnyDay|[upkeep]\n|upkeep\n|turn|4\n|inactive|Time left: 300 sec this turn | 300 sec total\n|\n|t:|1783549559\n|switch|p2a: Oinkologne|Oinkologne-F, L92, F|361/361\n|move|p1a: Meowscarada|Triple Axel|p2a: Oinkologne\n|-damage|p2a: Oinkologne|345/361\n|-damage|p2a: Oinkologne|311/361\n|-damage|p2a: Oinkologne|260/361\n|-hitcount|p2a: Oinkologne|3\n|\n|-weather|SunnyDay|[upkeep]\n|-heal|p2a: Oinkologne|282/361|[from] item: Leftovers\n|upkeep\n|turn|5\n|inactive|Time left: 300 sec this turn | 300 sec total\n|\n|t:|1783549560\n|move|p1a: Meowscarada|Triple Axel|p2a: Oinkologne\n|-damage|p2a: Oinkologne|264/361\n|-damage|p2a: Oinkologne|228/361\n|-damage|p2a: Oinkologne|177/361\n|-hitcount|p2a: Oinkologne|3\n|move|p2a: Oinkologne|Double-Edge|p1a: Meowscarada\n|-damage|p1a: Meowscarada|23/100\n|-damage|p2a: Oinkologne|114/361|[from] Recoil\n|\n|-weather|none\n|-heal|p2a: Oinkologne|136/361|[from] item: Leftovers\n|upkeep\n|turn|6\n|inactive|Time left: 300 sec this turn | 300 sec total\n|\n|t:|1783549561\n|move|p1a: Meowscarada|Triple Axel|p2a: Oinkologne\n|-damage|p2a: Oinkologne|120/361\n|-damage|p2a: Oinkologne|86/361\n|-damage|p2a: Oinkologne|40/361\n|-hitcount|p2a: Oinkologne|3\n|move|p2a: Oinkologne|Double-Edge|p1a: Meowscarada\n|-damage|p1a: Meowscarada|0 fnt\n|faint|p1a: Meowscarada\n|-damage|p2a: Oinkologne|22/361|[from] Recoil\n|\n|-heal|p2a: Oinkologne|44/361|[from] item: Leftovers\n|upkeep\n|\n|t:|1783549562\n|switch|p1a: Sneasler|Sneasler, L74, M|100/100\n|turn|7\n|inactive|Time left: 300 sec this turn | 300 sec total\n|\n|t:|1783549563\n|switch|p2a: Arbok|Arbok, L87, M|246/246\n|-ability|p2a: Arbok|Intimidate|boost\n|-unboost|p1a: Sneasler|atk|1\n|-enditem|p1a: Sneasler|White Herb\n|-clearnegativeboost|p1a: Sneasler|[silent]\n|move|p1a: Sneasler|Dire Claw|p2a: Arbok\n|-resisted|p2a: Arbok\n|-damage|p2a: Arbok|201/246\n|-status|p2a: Arbok|slp\n|\n|-heal|p2a: Arbok|216/246 slp|[from] item: Leftovers\n|upkeep\n|turn|8\n|inactive|Time left: 300 sec this turn | 300 sec total\n|\n|t:|1783549565\n|switch|p2a: Kilowattrel|Kilowattrel, L83, M|252/252\n|move|p1a: Sneasler|Swords Dance|p1a: Sneasler\n|-boost|p1a: Sneasler|atk|2\n|\n|upkeep\n|turn|9\n|inactive|Time left: 300 sec this turn | 300 sec total\n|\n|t:|1783549566\n|move|p1a: Sneasler|Dire Claw|p2a: Kilowattrel\n|-damage|p2a: Kilowattrel|23/252\n|-message|Sleep Clause Mod activated.\n|-hint|Sleep Clause Mod prevents players from putting more than one of their opponent's Pok\u00e9mon to sleep at a time\n|move|p2a: Kilowattrel|Hurricane|p1a: Sneasler\n|-supereffective|p1a: Sneasler\n|-damage|p1a: Sneasler|0 fnt\n|faint|p1a: Sneasler\n|\n|upkeep\n|\n|t:|1783549566\n|switch|p1a: Banette|Banette, L93, F|100/100\n|turn|10\n|inactive|Time left: 300 sec this turn | 300 sec total\n|\n|t:|1783549567\n|move|p1a: Banette|Shadow Sneak|p2a: Kilowattrel\n|-damage|p2a: Kilowattrel|0 fnt\n|faint|p2a: Kilowattrel\n|-damage|p1a: Banette|90/100|[from] item: Life Orb\n|\n|upkeep\n|inactive|Time left: 300 sec this turn | 300 sec total | 5 sec grace\n|\n|t:|1783549568\n|switch|p2a: Koraidon|Koraidon, L64|133/235\n|-weather|SunnyDay|[from] ability: Orichalcum Pulse|[of] p2a: Koraidon\n|-activate|p2a: Koraidon|Orichalcum Pulse|[source]\n|turn|11\n|inactive|Time left: 300 sec this turn | 300 sec total\n|\n|t:|1783549569\n|move|p2a: Koraidon|Outrage|p1a: Banette\n|-damage|p1a: Banette|13/100\n|-start|p2a: Koraidon|Disable|Outrage|[from] ability: Cursed Body|[of] p1a: Banette\n|move|p1a: Banette|Poltergeist|p2a: Koraidon\n|-activate|p2a: Koraidon|move: Poltergeist|Choice Band\n|-damage|p2a: Koraidon|0 fnt\n|faint|p2a: Koraidon\n|-damage|p1a: Banette|3/100|[from] item: Life Orb\n|\n|-weather|SunnyDay|[upkeep]\n|upkeep\n|inactive|Time left: 300 sec this turn | 300 sec total | 5 sec grace\n|\n|t:|1783549571\n|switch|p2a: Oinkologne|Oinkologne-F, L92, F|44/361\n|turn|12\n|inactive|Time left: 300 sec this turn | 300 sec total\n|\n|t:|1783549572\n|switch|p1a: Scrafty|Scrafty, L83, F|100/100\n|move|p2a: Oinkologne|Lash Out|p1a: Scrafty\n|-resisted|p1a: Scrafty\n|-damage|p1a: Scrafty|96/100\n|\n|-weather|SunnyDay|[upkeep]\n|-heal|p2a: Oinkologne|66/361|[from] item: Leftovers\n|-heal|p1a: Scrafty|100/100|[from] item: Leftovers\n|upkeep\n|turn|13\n|inactive|Time left: 300 sec this turn | 300 sec total\n|\n|t:|1783549572\n|move|p2a: Oinkologne|Double-Edge|p1a: Scrafty\n|-damage|p1a: Scrafty|53/100\n|-damage|p2a: Oinkologne|28/361|[from] Recoil\n|move|p1a: Scrafty|Bulk Up|p1a: Scrafty\n|-boost|p1a: Scrafty|atk|1\n|-boost|p1a: Scrafty|def|1\n|\n|-weather|SunnyDay|[upkeep]\n|-heal|p2a: Oinkologne|50/361|[from] item: Leftovers\n|-heal|p1a: Scrafty|60/100|[from] item: Leftovers\n|upkeep\n|turn|14\n|inactive|Time left: 300 sec this turn | 300 sec total\n|\n|t:|1783549574\n|move|p2a: Oinkologne|Double-Edge|p1a: Scrafty\n|-damage|p1a: Scrafty|26/100\n|-damage|p2a: Oinkologne|23/361|[from] Recoil\n|move|p1a: Scrafty|Bulk Up|p1a: Scrafty\n|-boost|p1a: Scrafty|atk|1\n|-boost|p1a: Scrafty|def|1\n|\n|-weather|SunnyDay|[upkeep]\n|-heal|p2a: Oinkologne|45/361|[from] item: Leftovers\n|-heal|p1a: Scrafty|32/100|[from] item: Leftovers\n|upkeep\n|turn|15\n|inactive|Time left: 300 sec this turn | 300 sec total\n|\n|t:|1783549574\n|move|p2a: Oinkologne|Double-Edge|p1a: Scrafty\n|-damage|p1a: Scrafty|7/100\n|-damage|p2a: Oinkologne|25/361|[from] Recoil\n|move|p1a: Scrafty|Rest|p1a: Scrafty\n|-status|p1a: Scrafty|slp|[from] move: Rest\n|-heal|p1a: Scrafty|100/100 slp|[silent]\n|\n|-weather|none\n|-heal|p2a: Oinkologne|47/361|[from] item: Leftovers\n|-activate|p1a: Scrafty|ability: Shed Skin\n|-curestatus|p1a: Scrafty|slp|[msg]\n|upkeep\n|turn|16\n|inactive|Time left: 300 sec this turn | 300 sec total\n|\n|t:|1783549575\n|move|p2a: Oinkologne|Double-Edge|p1a: Scrafty\n|-damage|p1a: Scrafty|77/100\n|-damage|p2a: Oinkologne|28/361|[from] Recoil\n|move|p1a: Scrafty|Knock Off|p2a: Oinkologne\n|-damage|p2a: Oinkologne|0 fnt\n|-enditem|p2a: Oinkologne|Leftovers|[from] move: Knock Off|[of] p1a: Scrafty\n|faint|p2a: Oinkologne\n|\n|-heal|p1a: Scrafty|83/100|[from] item: Leftovers\n|upkeep\n|inactive|Time left: 300 sec this turn | 300 sec total | 5 sec grace\n|\n|t:|1783549576\n|switch|p2a: Breloom|Breloom, L83, M|235/235\n|turn|17\n|inactive|Time left: 300 sec this turn | 300 sec total\n|\n|t:|1783549577\n|move|p2a: Breloom|Spore|p1a: Scrafty\n|-status|p1a: Scrafty|slp|[from] move: Spore\n|cant|p1a: Scrafty|slp\n|\n|-heal|p1a: Scrafty|89/100 slp|[from] item: Leftovers\n|upkeep\n|turn|18\n|inactive|Time left: 300 sec this turn | 300 sec total\n|\n|t:|1783549578\n|move|p2a: Breloom|Mach Punch|p1a: Scrafty\n|-supereffective|p1a: Scrafty\n|-damage|p1a: Scrafty|56/100 slp\n|-damage|p2a: Breloom|212/235|[from] item: Life Orb\n|cant|p1a: Scrafty|slp\n|\n|-activate|p1a: Scrafty|ability: Shed Skin\n|-curestatus|p1a: Scrafty|slp|[msg]\n|-heal|p1a: Scrafty|62/100|[from] item: Leftovers\n|upkeep\n|turn|19\n|inactive|Time left: 300 sec this turn | 300 sec total\n|\n|t:|1783549579\n|move|p2a: Breloom|Spore|p1a: Scrafty\n|-status|p1a: Scrafty|slp|[from] move: Spore\n|cant|p1a: Scrafty|slp\n|\n|-heal|p1a: Scrafty|68/100 slp|[from] item: Leftovers\n|upkeep\n|turn|20\n|inactive|Time left: 300 sec this turn | 300 sec total\n|\n|t:|1783549580\n|move|p2a: Breloom|Rock Tomb|p1a: Scrafty\n|-resisted|p1a: Scrafty\n|-damage|p1a: Scrafty|59/100 slp\n|-unboost|p1a: Scrafty|spe|1\n|-damage|p2a: Breloom|189/235|[from] item: Life Orb\n|-curestatus|p1a: Scrafty|slp|[msg]\n|move|p1a: Scrafty|Drain Punch|p2a: Breloom\n|-damage|p2a: Breloom|35/235\n|-heal|p1a: Scrafty|91/100|[from] drain|[of] p2a: Breloom\n|\n|-heal|p1a: Scrafty|97/100|[from] item: Leftovers\n|upkeep\n|turn|21\n|inactive|Time left: 300 sec this turn | 300 sec total\n|\n|t:|1783549581\n|move|p2a: Breloom|Spore|p1a: Scrafty\n|-status|p1a: Scrafty|slp|[from] move: Spore\n|cant|p1a: Scrafty|slp\n|\n|-heal|p1a: Scrafty|100/100 slp|[from] item: Leftovers\n|upkeep\n|turn|22\n|inactive|Time left: 300 sec this turn | 300 sec total\n|\n|t:|1783549581\n|move|p2a: Breloom|Bullet Seed|p1a: Scrafty\n|-damage|p1a: Scrafty|88/100 slp\n|-damage|p1a: Scrafty|77/100 slp\n|-damage|p1a: Scrafty|66/100 slp\n|-hitcount|p1a: Scrafty|3\n|-damage|p2a: Breloom|12/235|[from] item: Life Orb\n|cant|p1a: Scrafty|slp\n|\n|-heal|p1a: Scrafty|72/100 slp|[from] item: Leftovers\n|upkeep\n|turn|23\n|inactive|Time left: 300 sec this turn | 300 sec total\n|\n|t:|1783549582\n|move|p2a: Breloom|Spore|p1a: Scrafty\n|-fail|p1a: Scrafty|slp\n|-curestatus|p1a: Scrafty|slp|[msg]\n|move|p1a: Scrafty|Knock Off|p2a: Breloom\n|-resisted|p2a: Breloom\n|-damage|p2a: Breloom|0 fnt\n|-enditem|p2a: Breloom|Life Orb|[from] move: Knock Off|[of] p1a: Scrafty\n|faint|p2a: Breloom\n|\n|-heal|p1a: Scrafty|78/100|[from] item: Leftovers\n|upkeep\n|inactive|Time left: 300 sec this turn | 300 sec total | 5 sec grace\n|\n|t:|1783549583\n|switch|p2a: Arbok|Arbok, L87, M|216/246 slp\n|-ability|p2a: Arbok|Intimidate|boost\n|-unboost|p1a: Scrafty|atk|1\n|turn|24\n|inactive|Time left: 300 sec this turn | 300 sec total\n|\n|t:|1783549584\n|switch|p2a: Feraligatr|Feraligatr, L79, M|264/264\n|move|p1a: Scrafty|Knock Off|p2a: Feraligatr\n|-damage|p2a: Feraligatr|128/264\n|-enditem|p2a: Feraligatr|Life Orb|[from] move: Knock Off|[of] p1a: Scrafty\n|\n|-heal|p1a: Scrafty|84/100|[from] item: Leftovers\n|upkeep\n|turn|25\n|inactive|Time left: 300 sec this turn | 300 sec total\n|\n|t:|1783549585\n|move|p2a: Feraligatr|Dragon Dance|p2a: Feraligatr\n|-boost|p2a: Feraligatr|atk|1\n|-boost|p2a: Feraligatr|spe|1\n|move|p1a: Scrafty|Bulk Up|p1a: Scrafty\n|-boost|p1a: Scrafty|atk|1\n|-boost|p1a: Scrafty|def|1\n|\n|-heal|p1a: Scrafty|90/100|[from] item: Leftovers\n|upkeep\n|turn|26\n|inactive|Time left: 300 sec this turn | 300 sec total\n|\n|t:|1783549586\n|switch|p2a: Arbok|Arbok, L87, M|216/246 slp\n|-ability|p2a: Arbok|Intimidate|boost\n|-unboost|p1a: Scrafty|atk|1\n|move|p1a: Scrafty|Drain Punch|p2a: Arbok\n|-resisted|p2a: Arbok\n|-damage|p2a: Arbok|157/246 slp\n|-heal|p1a: Scrafty|100/100|[from] drain|[of] p2a: Arbok\n|\n|-heal|p2a: Arbok|172/246 slp|[from] item: Leftovers\n|upkeep\n|turn|27\n|inactive|Time left: 300 sec this turn | 300 sec total\n|\n|t:|1783549587\n|switch|p2a: Feraligatr|Feraligatr, L79, M|128/264\n|move|p1a: Scrafty|Knock Off|p2a: Feraligatr\n|-damage|p2a: Feraligatr|34/264\n|\n|upkeep\n|turn|28\n|inactive|Time left: 300 sec this turn | 300 sec total\n|\n|t:|1783549588\n|switch|p2a: Arbok|Arbok, L87, M|172/246 slp\n|-ability|p2a: Arbok|Intimidate|boost\n|-unboost|p1a: Scrafty|atk|1\n|move|p1a: Scrafty|Knock Off|p2a: Arbok\n|-damage|p2a: Arbok|58/246 slp\n|-enditem|p2a: Arbok|Leftovers|[from] move: Knock Off|[of] p1a: Scrafty\n|\n|upkeep\n|turn|29\n|inactive|Time left: 300 sec this turn | 300 sec total\n|\n|t:|1783549589\n|switch|p2a: Feraligatr|Feraligatr, L79, M|34/264\n|move|p1a: Scrafty|Knock Off|p2a: Feraligatr\n|-damage|p2a: Feraligatr|0 fnt\n|faint|p2a: Feraligatr\n|\n|upkeep\n|inactive|Time left: 300 sec this turn | 300 sec total | 5 sec grace\n|\n|t:|1783549590\n|switch|p2a: Arbok|Arbok, L87, M|58/246 slp\n|-ability|p2a: Arbok|Intimidate|boost\n|-unboost|p1a: Scrafty|atk|1\n|turn|30\n|inactive|Time left: 300 sec this turn | 300 sec total\n|\n|t:|1783549590\n|cant|p2a: Arbok|slp\n|move|p1a: Scrafty|Knock Off|p2a: Arbok\n|-damage|p2a: Arbok|3/246 slp\n|\n|upkeep\n|turn|31\n|inactive|Time left: 300 sec this turn | 300 sec total\n|\n|t:|1783549591\n|-terastallize|p2a: Arbok|Ground\n|-terastallize|p1a: Scrafty|Poison\n|cant|p2a: Arbok|slp\n|move|p1a: Scrafty|Drain Punch|p2a: Arbok\n|-damage|p2a: Arbok|0 fnt\n|faint|p2a: Arbok\n|\n|win|p0x898d8ee", "uploadtime": 1783549591, "views": 0, "rating": 0, "private": 0, "password": null, "_winner": "p0x898d8ee", "_our_name": "p0y898f674"}