{"id": "battle-gen9randombattle-1400", "formatid": "gen9randombattle", "format": "[Gen 9] Random Battle", "players": ["p0x14004ff4", "p0y1400d479"], "log": "|init|battle\n|title|p0x14004ff4 vs. p0y1400d479\n|j|\u2606p0x14004ff4\n|j|\u2606p0y1400d479\n|t:|1783556287\n|gametype|singles\n|player|p1|p0x14004ff4|101|\n|player|p2|p0y1400d479|170|\n|gen|9\n|tier|[Gen 9] Random Battle\n|rule|Species Clause: Limit one of each Pok\u00e9mon\n|rule|HP Percentage Mod: HP is shown in percentages\n|rule|Sleep Clause Mod: Limit one foe put to sleep\n|rule|Illusion Level Mod: Illusion disguises the Pok\u00e9mon's true level\n|\n|t:|1783556287\n|teamsize|p1|6\n|teamsize|p2|6\n|start\n|switch|p1a: Blastoise|Blastoise, L80, M|100/100\n|switch|p2a: Magcargo|Magcargo, L95, M|268/268\n|turn|1\n|inactive|Battle timer is ON: inactive players will automatically lose when time's up. (requested by p0x14004ff4)\n|inactive|Time left: 300 sec this turn | 300 sec total | 60 sec grace\n|\n|t:|1783556289\n|switch|p2a: Meowscarada|Meowscarada, L78, F|247/247\n|move|p1a: Blastoise|Shell Smash|p1a: Blastoise\n|-unboost|p1a: Blastoise|def|1\n|-unboost|p1a: Blastoise|spd|1\n|-boost|p1a: Blastoise|atk|2\n|-boost|p1a: Blastoise|spa|2\n|-boost|p1a: Blastoise|spe|2\n|-enditem|p1a: Blastoise|White Herb\n|-clearnegativeboost|p1a: Blastoise|[silent]\n|\n|upkeep\n|turn|2\n|inactive|Time left: 300 sec this turn | 300 sec total\n|inactive|p0y1400d479 also wants the timer to be on.\n|\n|t:|1783556290\n|-terastallize|p2a: Meowscarada|Dark\n|move|p1a: Blastoise|Ice Beam|p2a: Meowscarada\n|-damage|p2a: Meowscarada|115/247\n|move|p2a: Meowscarada|Flower Trick|p1a: Blastoise\n|-supereffective|p1a: Blastoise\n|-crit|p1a: Blastoise\n|-damage|p1a: Blastoise|0 fnt\n|faint|p1a: Blastoise\n|\n|upkeep\n|\n|t:|1783556291\n|switch|p1a: Leavanny|Leavanny, L86, F|100/100\n|turn|3\n|inactive|Time left: 300 sec this turn | 300 sec total\n|\n|t:|1783556292\n|switch|p2a: Kricketune|Kricketune, L99, F|312/312\n|move|p1a: Leavanny|Sticky Web|p2a: Kricketune\n|-sidestart|p2: p0y1400d479|move: Sticky Web\n|\n|upkeep\n|turn|4\n|inactive|Time left: 300 sec this turn | 300 sec total\n|\n|t:|1783556293\n|move|p1a: Leavanny|Lunge|p2a: Kricketune\n|-damage|p2a: Kricketune|200/312\n|-unboost|p2a: Kricketune|atk|1\n|move|p2a: Kricketune|Sticky Web|p1a: Leavanny\n|-sidestart|p1: p0x14004ff4|move: Sticky Web\n|\n|upkeep\n|turn|5\n|inactive|Time left: 300 sec this turn | 300 sec total\n|\n|t:|1783556294\n|move|p1a: Leavanny|Knock Off|p2a: Kricketune\n|-damage|p2a: Kricketune|109/312\n|-enditem|p2a: Kricketune|Heavy-Duty Boots|[from] move: Knock Off|[of] p1a: Leavanny\n|move|p2a: Kricketune|Pounce|p1a: Leavanny\n|-supereffective|p1a: Leavanny\n|-damage|p1a: Leavanny|53/100\n|-unboost|p1a: Leavanny|spe|1\n|\n|upkeep\n|turn|6\n|inactive|Time left: 300 sec this turn | 300 sec total\n|\n|t:|1783556295\n|switch|p1a: Avalugg|Avalugg-Hisui, L90, F|100/100\n|move|p2a: Kricketune|Pounce|p1a: Avalugg\n|-damage|p1a: Avalugg|90/100\n|-unboost|p1a: Avalugg|spe|1\n|\n|upkeep\n|turn|7\n|inactive|Time left: 300 sec this turn | 300 sec total\n|\n|t:|1783556296\n|switch|p2a: Magcargo|Magcargo, L95, M|268/268\n|move|p1a: Avalugg|Rapid Spin|p2a: Magcargo\n|-resisted|p2a: Magcargo\n|-damage|p2a: Magcargo|250/268\n|-boost|p1a: Avalugg|spe|1\n|-sideend|p1: p0x14004ff4|Sticky Web|[from] move: Rapid Spin|[of] p1a: Avalugg\n|\n|upkeep\n|turn|8\n|inactive|Time left: 300 sec this turn | 300 sec total\n|\n|t:|1783556298\n|move|p1a: Avalugg|Stone Edge|p2a: Magcargo|[miss]\n|-miss|p1a: Avalugg|p2a: Magcargo\n|move|p2a: Magcargo|Lava Plume|p1a: Avalugg\n|-damage|p1a: Avalugg|36/100\n|\n|upkeep\n|turn|9\n|inactive|Time left: 300 sec this turn | 300 sec total\n|\n|t:|1783556299\n|move|p1a: Avalugg|Stone Edge|p2a: Magcargo\n|-supereffective|p2a: Magcargo\n|-damage|p2a: Magcargo|22/268\n|move|p2a: Magcargo|Lava Plume|p1a: Avalugg\n|-damage|p1a: Avalugg|0 fnt\n|faint|p1a: Avalugg\n|\n|upkeep\n|\n|t:|1783556300\n|switch|p1a: Latios|Latios, L78, M|100/100\n|turn|10\n|inactive|Time left: 300 sec this turn | 300 sec total\n|\n|t:|1783556301\n|switch|p2a: Meowstic|Meowstic, L89, M|277/277\n|-activate|p2a: Meowstic|move: Sticky Web\n|-unboost|p2a: Meowstic|spe|1\n|move|p1a: Latios|Luster Purge|p2a: Meowstic\n|-resisted|p2a: Meowstic\n|-damage|p2a: Meowstic|190/277\n|\n|upkeep\n|turn|11\n|inactive|Time left: 300 sec this turn | 300 sec total\n|\n|t:|1783556302\n|move|p2a: Meowstic|Light Screen|p2a: Meowstic\n|-sidestart|p2: p0y1400d479|move: Light Screen\n|move|p1a: Latios|Luster Purge|p2a: Meowstic\n|-resisted|p2a: Meowstic\n|-damage|p2a: Meowstic|149/277\n|-unboost|p2a: Meowstic|spd|1\n|\n|upkeep\n|turn|12\n|inactive|Time left: 300 sec this turn | 300 sec total\n|\n|t:|1783556303\n|move|p2a: Meowstic|Reflect|p2a: Meowstic\n|-sidestart|p2: p0y1400d479|Reflect\n|move|p1a: Latios|Luster Purge|p2a: Meowstic\n|-resisted|p2a: Meowstic\n|-damage|p2a: Meowstic|85/277\n|\n|upkeep\n|turn|13\n|inactive|Time left: 300 sec this turn | 300 sec total\n|\n|t:|1783556304\n|switch|p2a: Landorus|Landorus-Therian, L76, M|260/260\n|-ability|p2a: Landorus|Intimidate|boost\n|-unboost|p1a: Latios|atk|1\n|move|p1a: Latios|Luster Purge|p2a: Landorus\n|-damage|p2a: Landorus|168/260\n|-unboost|p2a: Landorus|spd|1\n|\n|-heal|p2a: Landorus|184/260|[from] item: Leftovers\n|upkeep\n|turn|14\n|inactive|Time left: 300 sec this turn | 300 sec total\n|\n|t:|1783556305\n|switch|p2a: Meowscarada|Meowscarada, L78, F, tera:Dark|115/247\n|-activate|p2a: Meowscarada|move: Sticky Web\n|-unboost|p2a: Meowscarada|spe|1\n|move|p1a: Latios|Luster Purge|p2a: Meowscarada\n|-immune|p2a: Meowscarada\n|\n|upkeep\n|turn|15\n|inactive|Time left: 300 sec this turn | 300 sec total\n|\n|t:|1783556306\n|switch|p1a: Eiscue|Eiscue, L88, F|100/100\n|move|p2a: Meowscarada|Knock Off|p1a: Eiscue\n|-activate|p1a: Eiscue|ability: Ice Face\n|-damage|p1a: Eiscue|100/100\n|-enditem|p1a: Eiscue|Sitrus Berry|[from] move: Knock Off|[of] p2a: Meowscarada\n|detailschange|p1a: Eiscue|Eiscue-Noice, L88, F\n|\n|upkeep\n|turn|16\n|inactive|Time left: 300 sec this turn | 300 sec total\n|\n|t:|1783556307\n|move|p1a: Eiscue|Ice Spinner|p2a: Meowscarada\n|-damage|p2a: Meowscarada|60/247\n|move|p2a: Meowscarada|Knock Off|p1a: Eiscue\n|-damage|p1a: Eiscue|41/100\n|\n|upkeep\n|turn|17\n|inactive|Time left: 300 sec this turn | 300 sec total\n|\n|t:|1783556309\n|move|p1a: Eiscue|Ice Spinner|p2a: Meowscarada\n|-damage|p2a: Meowscarada|9/247\n|move|p2a: Meowscarada|Knock Off|p1a: Eiscue\n|-damage|p1a: Eiscue|0 fnt\n|faint|p1a: Eiscue\n|\n|upkeep\n|\n|t:|1783556310\n|switch|p1a: Palafin|Palafin, L77, M|100/100\n|turn|18\n|inactive|Time left: 300 sec this turn | 300 sec total\n|\n|t:|1783556311\n|move|p1a: Palafin|Flip Turn|p2a: Meowscarada\n|-damage|p2a: Meowscarada|0 fnt\n|faint|p2a: Meowscarada\n|\n|t:|1783556312\n|detailschange|p1a: Palafin|Palafin-Hero, L77, M\n|switch|p1a: Latios|Latios, L78, M|100/100|[from] Flip Turn\n|\n|-sideend|p2: p0y1400d479|move: Light Screen\n|upkeep\n|inactive|Time left: 300 sec this turn | 300 sec total | 10 sec grace\n|\n|t:|1783556313\n|switch|p2a: Meowstic|Meowstic, L89, M|85/277\n|-activate|p2a: Meowstic|move: Sticky Web\n|-unboost|p2a: Meowstic|spe|1\n|turn|19\n|inactive|Time left: 300 sec this turn | 300 sec total\n|\n|t:|1783556314\n|move|p2a: Meowstic|Light Screen|p2a: Meowstic\n|-sidestart|p2: p0y1400d479|move: Light Screen\n|move|p1a: Latios|Luster Purge|p2a: Meowstic\n|-resisted|p2a: Meowstic\n|-damage|p2a: Meowstic|42/277\n|-unboost|p2a: Meowstic|spd|1\n|\n|-sideend|p2: p0y1400d479|Reflect\n|upkeep\n|turn|20\n|inactive|Time left: 300 sec this turn | 300 sec total\n|\n|t:|1783556315\n|move|p2a: Meowstic|Reflect|p2a: Meowstic\n|-sidestart|p2: p0y1400d479|Reflect\n|move|p1a: Latios|Luster Purge|p2a: Meowstic\n|-resisted|p2a: Meowstic\n|-damage|p2a: Meowstic|0 fnt\n|faint|p2a: Meowstic\n|\n|upkeep\n|inactive|Time left: 300 sec this turn | 300 sec total | 5 sec grace\n|\n|t:|1783556316\n|switch|p2a: Kricketune|Kricketune, L99, F|109/312\n|-activate|p2a: Kricketune|move: Sticky Web\n|-unboost|p2a: Kricketune|spe|1\n|turn|21\n|inactive|Time left: 300 sec this turn | 300 sec total\n|\n|t:|1783556317\n|move|p1a: Latios|Luster Purge|p2a: Kricketune\n|-damage|p2a: Kricketune|6/312\n|-unboost|p2a: Kricketune|spd|1\n|move|p2a: Kricketune|Knock Off|p1a: Latios\n|-supereffective|p1a: Latios\n|-damage|p1a: Latios|29/100\n|-enditem|p1a: Latios|Choice Specs|[from] move: Knock Off|[of] p2a: Kricketune\n|\n|upkeep\n|turn|22\n|inactive|Time left: 300 sec this turn | 300 sec total\n|\n|t:|1783556318\n|move|p1a: Latios|Flip Turn|p2a: Kricketune\n|-damage|p2a: Kricketune|0 fnt\n|faint|p2a: Kricketune\n|\n|t:|1783556319\n|switch|p1a: Palafin|Palafin-Hero, L77, M|100/100|[from] Flip Turn\n|-activate|p1a: Palafin|ability: Zero to Hero\n|\n|upkeep\n|inactive|Time left: 300 sec this turn | 300 sec total | 10 sec grace\n|\n|t:|1783556320\n|switch|p2a: Ogerpon|Ogerpon, L80, F|259/259\n|-activate|p2a: Ogerpon|move: Sticky Web\n|-unboost|p2a: Ogerpon|spe|1\n|-ability|p2a: Ogerpon|Defiant|boost\n|-boost|p2a: Ogerpon|atk|2\n|turn|23\n|inactive|Time left: 300 sec this turn | 300 sec total\n|\n|t:|1783556321\n|move|p1a: Palafin|Flip Turn|p2a: Ogerpon\n|-resisted|p2a: Ogerpon\n|-crit|p2a: Ogerpon\n|-damage|p2a: Ogerpon|154/259\n|\n|t:|1783556322\n|switch|p1a: Leavanny|Leavanny, L86, F|53/100|[from] Flip Turn\n|move|p2a: Ogerpon|Ivy Cudgel|p1a: Leavanny\n|-resisted|p1a: Leavanny\n|-damage|p1a: Leavanny|32/100\n|\n|-heal|p2a: Ogerpon|170/259|[from] item: Leftovers\n|upkeep\n|turn|24\n|inactive|Time left: 300 sec this turn | 300 sec total\n|\n|t:|1783556324\n|move|p1a: Leavanny|Lunge|p2a: Ogerpon\n|-supereffective|p2a: Ogerpon\n|-damage|p2a: Ogerpon|16/259\n|-unboost|p2a: Ogerpon|atk|1\n|-ability|p2a: Ogerpon|Defiant|boost\n|-boost|p2a: Ogerpon|atk|2\n|move|p2a: Ogerpon|Synthesis|p2a: Ogerpon\n|-heal|p2a: Ogerpon|145/259\n|\n|-heal|p2a: Ogerpon|161/259|[from] item: Leftovers\n|upkeep\n|turn|25\n|inactive|Time left: 300 sec this turn | 300 sec total\n|\n|t:|1783556324\n|move|p1a: Leavanny|Lunge|p2a: Ogerpon\n|-supereffective|p2a: Ogerpon\n|-damage|p2a: Ogerpon|2/259\n|-unboost|p2a: Ogerpon|atk|1\n|-ability|p2a: Ogerpon|Defiant|boost\n|-boost|p2a: Ogerpon|atk|2\n|move|p2a: Ogerpon|Synthesis|p2a: Ogerpon\n|-heal|p2a: Ogerpon|131/259\n|\n|-heal|p2a: Ogerpon|147/259|[from] item: Leftovers\n|upkeep\n|turn|26\n|inactive|Time left: 300 sec this turn | 300 sec total\n|\n|t:|1783556325\n|move|p1a: Leavanny|Lunge|p2a: Ogerpon\n|-supereffective|p2a: Ogerpon\n|-damage|p2a: Ogerpon|0 fnt\n|faint|p2a: Ogerpon\n|\n|-sideend|p2: p0y1400d479|move: Light Screen\n|upkeep\n|inactive|Time left: 300 sec this turn | 300 sec total | 5 sec grace\n|\n|t:|1783556326\n|switch|p2a: Magcargo|Magcargo, L95, M|22/268\n|turn|27\n|inactive|Time left: 300 sec this turn | 300 sec total\n|\n|t:|1783556327\n|switch|p2a: Landorus|Landorus-Therian, L76, M|184/260\n|-ability|p2a: Landorus|Intimidate|boost\n|-unboost|p1a: Leavanny|atk|1\n|move|p1a: Leavanny|Knock Off|p2a: Landorus\n|-damage|p2a: Landorus|157/260\n|-enditem|p2a: Landorus|Leftovers|[from] move: Knock Off|[of] p1a: Leavanny\n|\n|-sideend|p2: p0y1400d479|Reflect\n|upkeep\n|turn|28\n|inactive|Time left: 300 sec this turn | 300 sec total\n|\n|t:|1783556328\n|switch|p1a: Palafin|Palafin-Hero, L77, M|100/100\n|move|p2a: Landorus|U-turn|p1a: Palafin\n|-damage|p1a: Palafin|80/100\n|inactive|Time left: 300 sec this turn | 300 sec total | 5 sec grace\n|\n|t:|1783556328\n|switch|p2a: Magcargo|Magcargo, L95, M|22/268|[from] U-turn\n|\n|upkeep\n|turn|29\n|inactive|Time left: 300 sec this turn | 300 sec total\n|\n|t:|1783556329\n|switch|p2a: Landorus|Landorus-Therian, L76, M|157/260\n|-ability|p2a: Landorus|Intimidate|boost\n|-unboost|p1a: Palafin|atk|1\n|-terastallize|p1a: Palafin|Fighting\n|move|p1a: Palafin|Wave Crash|p2a: Landorus\n|-supereffective|p2a: Landorus\n|-damage|p2a: Landorus|0 fnt\n|faint|p2a: Landorus\n|-damage|p1a: Palafin|62/100|[from] Recoil\n|\n|upkeep\n|inactive|Time left: 300 sec this turn | 300 sec total | 5 sec grace\n|\n|t:|1783556330\n|switch|p2a: Magcargo|Magcargo, L95, M|22/268\n|turn|30\n|inactive|Time left: 300 sec this turn | 300 sec total\n|\n|t:|1783556331\n|move|p1a: Palafin|Wave Crash|p2a: Magcargo\n|-supereffective|p2a: Magcargo\n|-damage|p2a: Magcargo|0 fnt\n|faint|p2a: Magcargo\n|-damage|p1a: Palafin|59/100|[from] Recoil\n|\n|win|p0x14004ff4", "uploadtime": 1783556331, "views": 0, "rating": 0, "private": 0, "password": null, "_winner": "p0x14004ff4", "_our_name": "p0y1400d479"}