{"id": "battle-gen9randombattle-1195", "formatid": "gen9randombattle", "format": "[Gen 9] Random Battle", "players": ["p0x1195cb2b", "p0y1195fb2a"], "log": "|init|battle\n|title|p0x1195cb2b vs. p0y1195fb2a\n|j|\u2606p0x1195cb2b\n|j|\u2606p0y1195fb2a\n|t:|1783552965\n|gametype|singles\n|player|p1|p0x1195cb2b|169|\n|player|p2|p0y1195fb2a|1|\n|gen|9\n|tier|[Gen 9] Random Battle\n|rule|Species Clause: Limit one of each Pok\u00e9mon\n|rule|HP Percentage Mod: HP is shown in percentages\n|rule|Sleep Clause Mod: Limit one foe put to sleep\n|rule|Illusion Level Mod: Illusion disguises the Pok\u00e9mon's true level\n|\n|t:|1783552966\n|teamsize|p1|6\n|teamsize|p2|6\n|start\n|switch|p1a: Reshiram|Reshiram, L76|100/100\n|switch|p2a: Dragapult|Dragapult, L77, M|262/262\n|-ability|p1a: Reshiram|Turboblaze\n|turn|1\n|inactive|Battle timer is ON: inactive players will automatically lose when time's up. (requested by p0y1195fb2a)\n|inactive|p0x1195cb2b also wants the timer to be on.\n|\n|t:|1783552967\n|move|p2a: Dragapult|Dragon Darts|p1a: Reshiram\n|-supereffective|p1a: Reshiram\n|-damage|p1a: Reshiram|64/100\n|-anim|p2a: Dragapult|Dragon Darts|p1a: Reshiram\n|-supereffective|p1a: Reshiram\n|-damage|p1a: Reshiram|24/100\n|move|p1a: Reshiram|Draco Meteor|p2a: Dragapult\n|-supereffective|p2a: Dragapult\n|-damage|p2a: Dragapult|0 fnt\n|-unboost|p1a: Reshiram|spa|2\n|faint|p2a: Dragapult\n|\n|upkeep\n|inactive|Time left: 300 sec this turn | 300 sec total | 65 sec grace\n|\n|t:|1783552968\n|switch|p2a: Araquanid|Araquanid, L82, F|246/246\n|turn|2\n|inactive|Time left: 300 sec this turn | 300 sec total\n|\n|t:|1783552969\n|switch|p1a: Hitmonchan|Hitmonchan, L87, M|100/100\n|move|p2a: Araquanid|Sticky Web|p1a: Hitmonchan\n|-sidestart|p1: p0x1195cb2b|move: Sticky Web\n|\n|upkeep\n|turn|3\n|inactive|Time left: 300 sec this turn | 300 sec total\n|\n|t:|1783552970\n|move|p1a: Hitmonchan|Rapid Spin|p2a: Araquanid\n|-damage|p2a: Araquanid|204/246\n|-boost|p1a: Hitmonchan|spe|1\n|-sideend|p1: p0x1195cb2b|Sticky Web|[from] move: Rapid Spin|[of] p1a: Hitmonchan\n|move|p2a: Araquanid|Liquidation|p1a: Hitmonchan\n|-damage|p1a: Hitmonchan|36/100\n|\n|upkeep\n|turn|4\n|inactive|Time left: 300 sec this turn | 300 sec total\n|\n|t:|1783552972\n|move|p1a: Hitmonchan|Knock Off|p2a: Araquanid\n|-damage|p2a: Araquanid|133/246\n|-enditem|p2a: Araquanid|Heavy-Duty Boots|[from] move: Knock Off|[of] p1a: Hitmonchan\n|move|p2a: Araquanid|Liquidation|p1a: Hitmonchan\n|-damage|p1a: Hitmonchan|0 fnt\n|faint|p1a: Hitmonchan\n|\n|upkeep\n|\n|t:|1783552972\n|switch|p1a: Hydrapple|Hydrapple, L83, F|100/100\n|turn|5\n|inactive|Time left: 300 sec this turn | 300 sec total\n|\n|t:|1783552974\n|move|p1a: Hydrapple|Draco Meteor|p2a: Araquanid\n|-damage|p2a: Araquanid|0 fnt\n|-unboost|p1a: Hydrapple|spa|2\n|faint|p2a: Araquanid\n|\n|upkeep\n|inactive|Time left: 300 sec this turn | 300 sec total | 5 sec grace\n|\n|t:|1783552975\n|switch|p2a: Meowstic|Meowstic-F, L89, F|277/277\n|turn|6\n|inactive|Time left: 300 sec this turn | 300 sec total\n|\n|t:|1783552975\n|move|p2a: Meowstic|Nasty Plot|p2a: Meowstic\n|-boost|p2a: Meowstic|spa|2\n|move|p1a: Hydrapple|Draco Meteor|p2a: Meowstic\n|-damage|p2a: Meowstic|157/277\n|-unboost|p1a: Hydrapple|spa|2\n|\n|upkeep\n|turn|7\n|inactive|Time left: 300 sec this turn | 300 sec total\n|\n|t:|1783552976\n|switch|p1a: Brute Bonnet|Brute Bonnet, L80|100/100\n|move|p2a: Meowstic|Alluring Voice|p1a: Brute Bonnet\n|-supereffective|p1a: Brute Bonnet\n|-damage|p1a: Brute Bonnet|14/100\n|-damage|p2a: Meowstic|130/277|[from] item: Life Orb\n|\n|-heal|p1a: Brute Bonnet|20/100|[from] item: Leftovers\n|upkeep\n|turn|8\n|inactive|Time left: 300 sec this turn | 300 sec total\n|\n|t:|1783552977\n|-terastallize|p2a: Meowstic|Dark\n|move|p1a: Brute Bonnet|Sucker Punch|p2a: Meowstic\n|-resisted|p2a: Meowstic\n|-damage|p2a: Meowstic|85/277\n|move|p2a: Meowstic|Dark Pulse|p1a: Brute Bonnet\n|-resisted|p1a: Brute Bonnet\n|-damage|p1a: Brute Bonnet|0 fnt\n|faint|p1a: Brute Bonnet\n|-end|p1a: Brute Bonnet|Protosynthesis|[silent]\n|-damage|p2a: Meowstic|58/277|[from] item: Life Orb\n|\n|upkeep\n|\n|t:|1783552978\n|switch|p1a: Hydrapple|Hydrapple, L83, F|100/100\n|turn|9\n|inactive|Time left: 300 sec this turn | 300 sec total\n|\n|t:|1783552979\n|move|p2a: Meowstic|Alluring Voice|p1a: Hydrapple\n|-supereffective|p1a: Hydrapple\n|-damage|p1a: Hydrapple|6/100\n|-damage|p2a: Meowstic|31/277|[from] item: Life Orb\n|move|p1a: Hydrapple|Fickle Beam|p2a: Meowstic\n|-damage|p2a: Meowstic|0 fnt\n|faint|p2a: Meowstic\n|\n|upkeep\n|inactive|Time left: 300 sec this turn | 300 sec total | 5 sec grace\n|\n|t:|1783552980\n|switch|p2a: Golem|Golem-Alola, L93, F|300/300\n|turn|10\n|inactive|Time left: 300 sec this turn | 300 sec total\n|\n|t:|1783552981\n|switch|p1a: Whiscash|Whiscash, L88, M|100/100\n|move|p2a: Golem|Rock Polish|p2a: Golem\n|-boost|p2a: Golem|spe|2\n|\n|upkeep\n|turn|11\n|inactive|Time left: 300 sec this turn | 300 sec total\n|\n|t:|1783552982\n|switch|p2a: Phione|Phione, L91|293/293\n|move|p1a: Whiscash|Earthquake|p2a: Phione\n|-damage|p2a: Phione|187/293\n|\n|-heal|p2a: Phione|205/293|[from] item: Leftovers\n|upkeep\n|turn|12\n|inactive|Time left: 300 sec this turn | 300 sec total\n|\n|t:|1783552983\n|move|p2a: Phione|Scald|p1a: Whiscash\n|-damage|p1a: Whiscash|73/100\n|move|p1a: Whiscash|Earthquake|p2a: Phione\n|-damage|p2a: Phione|108/293\n|\n|-heal|p2a: Phione|126/293|[from] item: Leftovers\n|-heal|p1a: Whiscash|80/100|[from] item: Leftovers\n|upkeep\n|turn|13\n|inactive|Time left: 300 sec this turn | 300 sec total\n|\n|t:|1783552984\n|move|p2a: Phione|Scald|p1a: Whiscash\n|-damage|p1a: Whiscash|52/100\n|move|p1a: Whiscash|Earthquake|p2a: Phione\n|-damage|p2a: Phione|27/293\n|\n|-heal|p2a: Phione|45/293|[from] item: Leftovers\n|-heal|p1a: Whiscash|58/100|[from] item: Leftovers\n|upkeep\n|turn|14\n|inactive|Time left: 300 sec this turn | 300 sec total\n|\n|t:|1783552985\n|move|p2a: Phione|Rest|p2a: Phione\n|-status|p2a: Phione|slp|[from] move: Rest\n|-heal|p2a: Phione|293/293 slp|[silent]\n|move|p1a: Whiscash|Earthquake|p2a: Phione\n|-damage|p2a: Phione|185/293 slp\n|\n|-heal|p2a: Phione|203/293 slp|[from] item: Leftovers\n|-heal|p1a: Whiscash|64/100|[from] item: Leftovers\n|upkeep\n|turn|15\n|inactive|Time left: 300 sec this turn | 300 sec total\n|\n|t:|1783552986\n|cant|p2a: Phione|slp\n|move|p2a: Phione|Sleep Talk|p2a: Phione\n|move|p2a: Phione|Take Heart|p2a: Phione|[from] move: Sleep Talk\n|-boost|p2a: Phione|spa|1\n|-boost|p2a: Phione|spd|1\n|-curestatus|p2a: Phione|slp|[msg]\n|move|p1a: Whiscash|Stealth Rock|p2a: Phione\n|-sidestart|p2: p0y1195fb2a|move: Stealth Rock\n|\n|-heal|p2a: Phione|221/293|[from] item: Leftovers\n|-heal|p1a: Whiscash|71/100|[from] item: Leftovers\n|upkeep\n|turn|16\n|inactive|Time left: 300 sec this turn | 300 sec total\n|\n|t:|1783552987\n|switch|p1a: Hydrapple|Hydrapple, L83, F|40/100\n|move|p2a: Phione|Scald|p1a: Hydrapple\n|-resisted|p1a: Hydrapple\n|-damage|p1a: Hydrapple|28/100\n|\n|-heal|p2a: Phione|239/293|[from] item: Leftovers\n|upkeep\n|turn|17\n|inactive|Time left: 300 sec this turn | 300 sec total\n|\n|t:|1783552988\n|move|p2a: Phione|Scald|p1a: Hydrapple\n|-resisted|p1a: Hydrapple\n|-damage|p1a: Hydrapple|16/100\n|move|p1a: Hydrapple|Leaf Storm|p2a: Phione\n|-supereffective|p2a: Phione\n|-damage|p2a: Phione|0 fnt\n|-unboost|p1a: Hydrapple|spa|2\n|faint|p2a: Phione\n|\n|upkeep\n|inactive|Time left: 300 sec this turn | 300 sec total | 5 sec grace\n|\n|t:|1783552989\n|switch|p2a: Iron Boulder|Iron Boulder, L77|265/265\n|-damage|p2a: Iron Boulder|232/265|[from] Stealth Rock\n|-enditem|p2a: Iron Boulder|Booster Energy\n|-activate|p2a: Iron Boulder|ability: Quark Drive|[fromitem]\n|-start|p2a: Iron Boulder|quarkdrivespe\n|turn|18\n|inactive|Time left: 300 sec this turn | 300 sec total\n|\n|t:|1783552990\n|switch|p1a: Eiscue|Eiscue, L88, F|100/100\n|move|p2a: Iron Boulder|Swords Dance|p2a: Iron Boulder\n|-boost|p2a: Iron Boulder|atk|2\n|\n|upkeep\n|turn|19\n|inactive|Time left: 300 sec this turn | 300 sec total\n|\n|t:|1783552991\n|-terastallize|p1a: Eiscue|Ground\n|move|p2a: Iron Boulder|Zen Headbutt|p1a: Eiscue\n|-activate|p1a: Eiscue|ability: Ice Face\n|-damage|p1a: Eiscue|100/100\n|detailschange|p1a: Eiscue|Eiscue-Noice, L88, F, tera:Ground\n|move|p1a: Eiscue|Belly Drum|p1a: Eiscue\n|-damage|p1a: Eiscue|50/100\n|-setboost|p1a: Eiscue|atk|6|[from] move: Belly Drum\n|-enditem|p1a: Eiscue|Sitrus Berry|[eat]\n|-heal|p1a: Eiscue|75/100|[from] item: Sitrus Berry\n|\n|upkeep\n|turn|20\n|inactive|Time left: 300 sec this turn | 300 sec total\n|\n|t:|1783552992\n|move|p2a: Iron Boulder|Zen Headbutt|p1a: Eiscue\n|-crit|p1a: Eiscue\n|-damage|p1a: Eiscue|0 fnt\n|faint|p1a: Eiscue\n|\n|upkeep\n|\n|t:|1783552993\n|switch|p1a: Whiscash|Whiscash, L88, M|71/100\n|turn|21\n|inactive|Time left: 300 sec this turn | 300 sec total\n|\n|t:|1783552994\n|move|p2a: Iron Boulder|Zen Headbutt|p1a: Whiscash\n|-damage|p1a: Whiscash|18/100\n|move|p1a: Whiscash|Earthquake|p2a: Iron Boulder\n|-supereffective|p2a: Iron Boulder\n|-damage|p2a: Iron Boulder|0 fnt\n|faint|p2a: Iron Boulder\n|-end|p2a: Iron Boulder|Quark Drive|[silent]\n|\n|-heal|p1a: Whiscash|24/100|[from] item: Leftovers\n|upkeep\n|inactive|Time left: 300 sec this turn | 300 sec total | 5 sec grace\n|\n|t:|1783552995\n|switch|p2a: Golem|Golem-Alola, L93, F|300/300\n|-damage|p2a: Golem|263/300|[from] Stealth Rock\n|turn|22\n|inactive|Time left: 300 sec this turn | 300 sec total\n|\n|t:|1783552996\n|move|p1a: Whiscash|Earthquake|p2a: Golem\n|-supereffective|p2a: Golem\n|-damage|p2a: Golem|0 fnt\n|faint|p2a: Golem\n|\n|win|p0x1195cb2b", "uploadtime": 1783552996, "views": 0, "rating": 0, "private": 0, "password": null, "_winner": "p0x1195cb2b", "_our_name": "p0y1195fb2a"}