{"id": "battle-gen9randombattle-109", "formatid": "gen9randombattle", "format": "[Gen 9] Random Battle", "players": ["p0x109549a", "p0y1091e89"], "log": "|init|battle\n|title|p0x109549a vs. p0y1091e89\n|j|\u2606p0x109549a\n|j|\u2606p0y1091e89\n|t:|1783540436\n|gametype|singles\n|player|p1|p0x109549a|266|\n|player|p2|p0y1091e89|1|\n|gen|9\n|tier|[Gen 9] Random Battle\n|rule|Species Clause: Limit one of each Pok\u00e9mon\n|rule|HP Percentage Mod: HP is shown in percentages\n|rule|Sleep Clause Mod: Limit one foe put to sleep\n|rule|Illusion Level Mod: Illusion disguises the Pok\u00e9mon's true level\n|\n|t:|1783540436\n|teamsize|p1|6\n|teamsize|p2|6\n|start\n|switch|p1a: Komala|Komala, L87, F|100/100\n|switch|p2a: Arceus|Arceus-Electric, L70|284/284\n|-ability|p1a: Komala|Comatose\n|turn|1\n|inactive|Battle timer is ON: inactive players will automatically lose when time's up. (requested by p0x109549a)\n|inactive|Time left: 300 sec this turn | 300 sec total | 60 sec grace\n|inactive|p0y1091e89 also wants the timer to be on.\n|\n|t:|1783540437\n|move|p2a: Arceus|Judgment|p1a: Komala\n|-damage|p1a: Komala|74/100\n|move|p1a: Komala|Earthquake|p2a: Arceus\n|-supereffective|p2a: Arceus\n|-damage|p2a: Arceus|120/284\n|\n|upkeep\n|turn|2\n|inactive|Time left: 300 sec this turn | 300 sec total\n|\n|t:|1783540438\n|move|p2a: Arceus|Recover|p2a: Arceus\n|-heal|p2a: Arceus|262/284\n|move|p1a: Komala|Earthquake|p2a: Arceus\n|-supereffective|p2a: Arceus\n|-damage|p2a: Arceus|102/284\n|\n|upkeep\n|turn|3\n|inactive|Time left: 300 sec this turn | 300 sec total\n|\n|t:|1783540439\n|move|p2a: Arceus|Recover|p2a: Arceus\n|-heal|p2a: Arceus|244/284\n|move|p1a: Komala|Earthquake|p2a: Arceus\n|-supereffective|p2a: Arceus\n|-damage|p2a: Arceus|84/284\n|\n|upkeep\n|turn|4\n|inactive|Time left: 300 sec this turn | 300 sec total\n|\n|t:|1783540440\n|move|p2a: Arceus|Recover|p2a: Arceus\n|-heal|p2a: Arceus|226/284\n|move|p1a: Komala|Earthquake|p2a: Arceus\n|-supereffective|p2a: Arceus\n|-damage|p2a: Arceus|70/284\n|\n|upkeep\n|turn|5\n|inactive|Time left: 300 sec this turn | 300 sec total\n|\n|t:|1783540441\n|move|p2a: Arceus|Recover|p2a: Arceus\n|-heal|p2a: Arceus|212/284\n|move|p1a: Komala|Earthquake|p2a: Arceus\n|-supereffective|p2a: Arceus\n|-damage|p2a: Arceus|50/284\n|\n|upkeep\n|turn|6\n|inactive|Time left: 300 sec this turn | 300 sec total\n|\n|t:|1783540442\n|move|p2a: Arceus|Recover|p2a: Arceus\n|-heal|p2a: Arceus|192/284\n|move|p1a: Komala|Rapid Spin|p2a: Arceus\n|-damage|p2a: Arceus|126/284\n|-boost|p1a: Komala|spe|1\n|\n|upkeep\n|turn|7\n|inactive|Time left: 300 sec this turn | 300 sec total\n|\n|t:|1783540443\n|switch|p2a: Passimian|Passimian, L83, M|302/302\n|move|p1a: Komala|Earthquake|p2a: Passimian\n|-damage|p2a: Passimian|216/302\n|\n|-heal|p2a: Passimian|234/302|[from] item: Leftovers\n|upkeep\n|turn|8\n|inactive|Time left: 300 sec this turn | 300 sec total\n|\n|t:|1783540444\n|move|p1a: Komala|Body Slam|p2a: Passimian\n|-damage|p2a: Passimian|128/302\n|-status|p2a: Passimian|par\n|cant|p2a: Passimian|par\n|\n|-heal|p2a: Passimian|146/302 par|[from] item: Leftovers\n|upkeep\n|turn|9\n|inactive|Time left: 300 sec this turn | 300 sec total\n|\n|t:|1783540445\n|move|p1a: Komala|Body Slam|p2a: Passimian\n|-damage|p2a: Passimian|37/302 par\n|cant|p2a: Passimian|par\n|\n|-heal|p2a: Passimian|55/302 par|[from] item: Leftovers\n|upkeep\n|turn|10\n|inactive|Time left: 300 sec this turn | 300 sec total\n|\n|t:|1783540446\n|switch|p2a: Granbull|Granbull, L88, F|302/302\n|-ability|p2a: Granbull|Intimidate|boost\n|-unboost|p1a: Komala|atk|1\n|move|p1a: Komala|Body Slam|p2a: Granbull\n|-damage|p2a: Granbull|224/302\n|-status|p2a: Granbull|par\n|\n|-heal|p2a: Granbull|242/302 par|[from] item: Leftovers\n|upkeep\n|turn|11\n|inactive|Time left: 300 sec this turn | 300 sec total\n|\n|t:|1783540447\n|move|p1a: Komala|Knock Off|p2a: Granbull\n|-resisted|p2a: Granbull\n|-damage|p2a: Granbull|211/302 par\n|-enditem|p2a: Granbull|Leftovers|[from] move: Knock Off|[of] p1a: Komala\n|cant|p2a: Granbull|par\n|\n|upkeep\n|turn|12\n|inactive|Time left: 300 sec this turn | 300 sec total\n|\n|t:|1783540448\n|move|p1a: Komala|Earthquake|p2a: Granbull\n|-damage|p2a: Granbull|144/302 par\n|move|p2a: Granbull|Play Rough|p1a: Komala\n|-damage|p1a: Komala|20/100\n|\n|upkeep\n|turn|13\n|inactive|Time left: 300 sec this turn | 300 sec total\n|\n|t:|1783540449\n|move|p1a: Komala|Earthquake|p2a: Granbull\n|-damage|p2a: Granbull|79/302 par\n|move|p2a: Granbull|Earthquake|p1a: Komala\n|-damage|p1a: Komala|0 fnt\n|faint|p1a: Komala\n|\n|upkeep\n|\n|t:|1783540450\n|switch|p1a: Alcremie|Alcremie, L90, F|100/100\n|turn|14\n|inactive|Time left: 300 sec this turn | 300 sec total\n|\n|t:|1783540451\n|switch|p2a: Mesprit|Mesprit, L85|275/275\n|move|p1a: Alcremie|Alluring Voice|p2a: Mesprit\n|-damage|p2a: Mesprit|175/275\n|\n|-heal|p2a: Mesprit|192/275|[from] item: Leftovers\n|upkeep\n|turn|15\n|inactive|Time left: 300 sec this turn | 300 sec total\n|\n|t:|1783540452\n|move|p2a: Mesprit|Stealth Rock|p1a: Alcremie\n|-sidestart|p1: p0x109549a|move: Stealth Rock\n|move|p1a: Alcremie|Calm Mind|p1a: Alcremie\n|-boost|p1a: Alcremie|spa|1\n|-boost|p1a: Alcremie|spd|1\n|\n|-heal|p2a: Mesprit|209/275|[from] item: Leftovers\n|upkeep\n|turn|16\n|inactive|Time left: 300 sec this turn | 300 sec total\n|\n|t:|1783540453\n|switch|p2a: Granbull|Granbull, L88, F|79/302 par\n|-ability|p2a: Granbull|Intimidate|boost\n|-unboost|p1a: Alcremie|atk|1\n|move|p1a: Alcremie|Alluring Voice|p2a: Granbull\n|-damage|p2a: Granbull|0 fnt\n|faint|p2a: Granbull\n|\n|upkeep\n|inactive|Time left: 300 sec this turn | 300 sec total | 5 sec grace\n|\n|t:|1783540454\n|switch|p2a: Kricketune|Kricketune, L99, F|312/312\n|turn|17\n|inactive|Time left: 300 sec this turn | 300 sec total\n|\n|t:|1783540455\n|move|p2a: Kricketune|Sticky Web|p1a: Alcremie\n|-sidestart|p1: p0x109549a|move: Sticky Web\n|move|p1a: Alcremie|Alluring Voice|p2a: Kricketune\n|-damage|p2a: Kricketune|116/312\n|\n|upkeep\n|turn|18\n|inactive|Time left: 300 sec this turn | 300 sec total\n|\n|t:|1783540456\n|switch|p2a: Passimian|Passimian, L83, M|55/302 par\n|move|p1a: Alcremie|Alluring Voice|p2a: Passimian\n|-supereffective|p2a: Passimian\n|-damage|p2a: Passimian|0 fnt\n|faint|p2a: Passimian\n|\n|upkeep\n|inactive|Time left: 300 sec this turn | 300 sec total | 5 sec grace\n|\n|t:|1783540457\n|switch|p2a: Mesprit|Mesprit, L85|209/275\n|turn|19\n|inactive|Time left: 300 sec this turn | 300 sec total\n|\n|t:|1783540458\n|move|p2a: Mesprit|Thunder Wave|p1a: Alcremie\n|-status|p1a: Alcremie|par\n|move|p1a: Alcremie|Alluring Voice|p2a: Mesprit\n|-damage|p2a: Mesprit|79/275\n|\n|-heal|p2a: Mesprit|96/275|[from] item: Leftovers\n|upkeep\n|turn|20\n|inactive|Time left: 300 sec this turn | 300 sec total\n|\n|t:|1783540460\n|move|p2a: Mesprit|Knock Off|p1a: Alcremie\n|-resisted|p1a: Alcremie\n|-damage|p1a: Alcremie|86/100 par\n|-enditem|p1a: Alcremie|Leftovers|[from] move: Knock Off|[of] p2a: Mesprit\n|move|p1a: Alcremie|Alluring Voice|p2a: Mesprit\n|-damage|p2a: Mesprit|0 fnt\n|faint|p2a: Mesprit\n|\n|upkeep\n|inactive|Time left: 300 sec this turn | 300 sec total | 5 sec grace\n|\n|t:|1783540461\n|switch|p2a: Arceus|Arceus-Electric, L70|126/284\n|turn|21\n|inactive|Time left: 300 sec this turn | 300 sec total\n|\n|t:|1783540462\n|move|p2a: Arceus|Calm Mind|p2a: Arceus\n|-boost|p2a: Arceus|spa|1\n|-boost|p2a: Arceus|spd|1\n|move|p1a: Alcremie|Alluring Voice|p2a: Arceus\n|-damage|p2a: Arceus|15/284\n|-start|p2a: Arceus|confusion\n|\n|upkeep\n|turn|22\n|inactive|Time left: 300 sec this turn | 300 sec total\n|\n|t:|1783540463\n|-activate|p2a: Arceus|confusion\n|-damage|p2a: Arceus|0 fnt|[from] confusion\n|faint|p2a: Arceus\n|move|p1a: Alcremie|Psyshock|p2: Arceus|[notarget]\n|-fail|p1a: Alcremie\n|\n|upkeep\n|inactive|Time left: 300 sec this turn | 300 sec total | 5 sec grace\n|\n|t:|1783540463\n|switch|p2a: Kricketune|Kricketune, L99, F|116/312\n|turn|23\n|inactive|Time left: 300 sec this turn | 300 sec total\n|\n|t:|1783540465\n|move|p2a: Kricketune|Pounce|p1a: Alcremie\n|-resisted|p1a: Alcremie\n|-damage|p1a: Alcremie|65/100 par\n|-unboost|p1a: Alcremie|spe|1\n|move|p1a: Alcremie|Alluring Voice|p2a: Kricketune\n|-damage|p2a: Kricketune|0 fnt\n|faint|p2a: Kricketune\n|\n|upkeep\n|inactive|Time left: 300 sec this turn | 300 sec total | 5 sec grace\n|\n|t:|1783540465\n|switch|p2a: Hydreigon|Hydreigon, L79, M|275/275\n|turn|24\n|inactive|Time left: 300 sec this turn | 300 sec total\n|\n|t:|1783540466\n|move|p2a: Hydreigon|Dark Pulse|p1a: Alcremie\n|-resisted|p1a: Alcremie\n|-damage|p1a: Alcremie|54/100 par\n|-damage|p2a: Hydreigon|248/275|[from] item: Life Orb\n|move|p1a: Alcremie|Alluring Voice|p2a: Hydreigon\n|-supereffective|p2a: Hydreigon\n|-damage|p2a: Hydreigon|0 fnt\n|faint|p2a: Hydreigon\n|\n|win|p0x109549a", "uploadtime": 1783540466, "views": 0, "rating": 0, "private": 0, "password": null, "_winner": "p0x109549a", "_our_name": "p0y1091e89"}