{"id": "battle-gen9randombattle-1389", "formatid": "gen9randombattle", "format": "[Gen 9] Random Battle", "players": ["p0x138934a9", "p0y1389d3bf"], "log": "|init|battle\n|title|p0x138934a9 vs. p0y1389d3bf\n|j|\u2606p0x138934a9\n|j|\u2606p0y1389d3bf\n|t:|1783555229\n|gametype|singles\n|player|p1|p0x138934a9|2|\n|player|p2|p0y1389d3bf|170|\n|gen|9\n|tier|[Gen 9] Random Battle\n|rule|Species Clause: Limit one of each Pok\u00e9mon\n|rule|HP Percentage Mod: HP is shown in percentages\n|rule|Sleep Clause Mod: Limit one foe put to sleep\n|rule|Illusion Level Mod: Illusion disguises the Pok\u00e9mon's true level\n|\n|t:|1783555229\n|teamsize|p1|6\n|teamsize|p2|6\n|start\n|switch|p1a: Rabsca|Rabsca, L91, F|100/100\n|switch|p2a: Cryogonal|Cryogonal, L89|287/287\n|turn|1\n|inactive|Battle timer is ON: inactive players will automatically lose when time's up. (requested by p0x138934a9)\n|inactive|Time left: 300 sec this turn | 300 sec total | 60 sec grace\n|inactive|p0y1389d3bf also wants the timer to be on.\n|\n|t:|1783555230\n|move|p2a: Cryogonal|Ice Beam|p1a: Rabsca\n|-damage|p1a: Rabsca|72/100\n|move|p1a: Rabsca|Psychic|p2a: Cryogonal\n|-damage|p2a: Cryogonal|202/287\n|\n|upkeep\n|turn|2\n|inactive|Time left: 300 sec this turn | 300 sec total\n|\n|t:|1783555231\n|move|p2a: Cryogonal|Ice Beam|p1a: Rabsca\n|-damage|p1a: Rabsca|40/100\n|move|p1a: Rabsca|Psychic|p2a: Cryogonal\n|-damage|p2a: Cryogonal|109/287\n|\n|upkeep\n|turn|3\n|inactive|Time left: 300 sec this turn | 300 sec total\n|\n|t:|1783555232\n|move|p2a: Cryogonal|Recover|p2a: Cryogonal\n|-heal|p2a: Cryogonal|253/287\n|move|p1a: Rabsca|Recover|p1a: Rabsca\n|-heal|p1a: Rabsca|90/100\n|\n|upkeep\n|turn|4\n|inactive|Time left: 300 sec this turn | 300 sec total\n|\n|t:|1783555233\n|move|p2a: Cryogonal|Ice Beam|p1a: Rabsca\n|-damage|p1a: Rabsca|60/100\n|move|p1a: Rabsca|Psychic|p2a: Cryogonal\n|-damage|p2a: Cryogonal|162/287\n|\n|upkeep\n|turn|5\n|inactive|Time left: 300 sec this turn | 300 sec total\n|\n|t:|1783555234\n|move|p2a: Cryogonal|Ice Beam|p1a: Rabsca\n|-damage|p1a: Rabsca|30/100\n|move|p1a: Rabsca|Recover|p1a: Rabsca\n|-heal|p1a: Rabsca|80/100\n|\n|upkeep\n|turn|6\n|inactive|Time left: 300 sec this turn | 300 sec total\n|\n|t:|1783555234\n|move|p2a: Cryogonal|Recover|p2a: Cryogonal\n|-heal|p2a: Cryogonal|287/287\n|move|p1a: Rabsca|Psychic|p2a: Cryogonal\n|-damage|p2a: Cryogonal|200/287\n|\n|upkeep\n|turn|7\n|inactive|Time left: 300 sec this turn | 300 sec total\n|\n|t:|1783555235\n|move|p2a: Cryogonal|Ice Beam|p1a: Rabsca\n|-damage|p1a: Rabsca|49/100\n|move|p1a: Rabsca|Bug Buzz|p2a: Cryogonal\n|-damage|p2a: Cryogonal|118/287\n|-unboost|p2a: Cryogonal|spd|1\n|\n|upkeep\n|turn|8\n|inactive|Time left: 300 sec this turn | 300 sec total\n|\n|t:|1783555236\n|move|p2a: Cryogonal|Recover|p2a: Cryogonal\n|-heal|p2a: Cryogonal|262/287\n|move|p1a: Rabsca|Bug Buzz|p2a: Cryogonal\n|-damage|p2a: Cryogonal|124/287\n|\n|upkeep\n|turn|9\n|inactive|Time left: 300 sec this turn | 300 sec total\n|\n|t:|1783555237\n|move|p2a: Cryogonal|Recover|p2a: Cryogonal\n|-heal|p2a: Cryogonal|268/287\n|move|p1a: Rabsca|Psychic|p2a: Cryogonal\n|-damage|p2a: Cryogonal|136/287\n|\n|upkeep\n|turn|10\n|inactive|Time left: 300 sec this turn | 300 sec total\n|\n|t:|1783555238\n|move|p2a: Cryogonal|Recover|p2a: Cryogonal\n|-heal|p2a: Cryogonal|280/287\n|move|p1a: Rabsca|Recover|p1a: Rabsca\n|-heal|p1a: Rabsca|99/100\n|\n|upkeep\n|turn|11\n|inactive|Time left: 300 sec this turn | 300 sec total\n|\n|t:|1783555239\n|move|p2a: Cryogonal|Ice Beam|p1a: Rabsca\n|-damage|p1a: Rabsca|71/100\n|move|p1a: Rabsca|Bug Buzz|p2a: Cryogonal\n|-damage|p2a: Cryogonal|160/287\n|\n|upkeep\n|turn|12\n|inactive|Time left: 300 sec this turn | 300 sec total\n|\n|t:|1783555240\n|move|p2a: Cryogonal|Recover|p2a: Cryogonal\n|-heal|p2a: Cryogonal|287/287\n|move|p1a: Rabsca|Bug Buzz|p2a: Cryogonal\n|-damage|p2a: Cryogonal|164/287\n|\n|upkeep\n|turn|13\n|inactive|Time left: 300 sec this turn | 300 sec total\n|\n|t:|1783555241\n|move|p2a: Cryogonal|Recover|p2a: Cryogonal\n|-heal|p2a: Cryogonal|287/287\n|move|p1a: Rabsca|Bug Buzz|p2a: Cryogonal\n|-damage|p2a: Cryogonal|155/287\n|\n|upkeep\n|turn|14\n|inactive|Time left: 300 sec this turn | 300 sec total\n|\n|t:|1783555242\n|move|p2a: Cryogonal|Recover|p2a: Cryogonal\n|-heal|p2a: Cryogonal|287/287\n|move|p1a: Rabsca|Bug Buzz|p2a: Cryogonal\n|-damage|p2a: Cryogonal|167/287\n|\n|upkeep\n|turn|15\n|inactive|Time left: 300 sec this turn | 300 sec total\n|\n|t:|1783555243\n|switch|p2a: Rotom|Rotom-Fan, L86|226/226\n|move|p1a: Rabsca|Bug Buzz|p2a: Rotom\n|-resisted|p2a: Rotom\n|-damage|p2a: Rotom|172/226\n|\n|upkeep\n|turn|16\n|inactive|Time left: 300 sec this turn | 300 sec total\n|\n|t:|1783555244\n|move|p2a: Rotom|Nasty Plot|p2a: Rotom\n|-boost|p2a: Rotom|spa|2\n|move|p1a: Rabsca|Psychic|p2a: Rotom\n|-damage|p2a: Rotom|57/226\n|\n|upkeep\n|turn|17\n|inactive|Time left: 300 sec this turn | 300 sec total\n|\n|t:|1783555245\n|-terastallize|p1a: Rabsca|Steel\n|move|p2a: Rotom|Air Slash|p1a: Rabsca\n|-resisted|p1a: Rabsca\n|-damage|p1a: Rabsca|45/100\n|move|p1a: Rabsca|Psychic|p2a: Rotom\n|-damage|p2a: Rotom|0 fnt\n|faint|p2a: Rotom\n|\n|upkeep\n|inactive|Time left: 300 sec this turn | 300 sec total | 5 sec grace\n|\n|t:|1783555246\n|switch|p2a: Metagross|Metagross, L79|256/256\n|turn|18\n|inactive|Time left: 300 sec this turn | 300 sec total\n|\n|t:|1783555247\n|switch|p1a: Suicune|Suicune, L82|100/100\n|-ability|p1a: Suicune|Pressure\n|move|p2a: Metagross|Earthquake|p1a: Suicune\n|-damage|p1a: Suicune|77/100\n|\n|-heal|p1a: Suicune|83/100|[from] item: Leftovers\n|upkeep\n|turn|19\n|inactive|Time left: 300 sec this turn | 300 sec total\n|\n|t:|1783555249\n|move|p1a: Suicune|Scald|p2a: Metagross\n|-damage|p2a: Metagross|169/256\n|move|p2a: Metagross|Knock Off|p1a: Suicune\n|-damage|p1a: Suicune|63/100\n|-enditem|p1a: Suicune|Leftovers|[from] move: Knock Off|[of] p2a: Metagross\n|\n|upkeep\n|turn|20\n|inactive|Time left: 300 sec this turn | 300 sec total\n|\n|t:|1783555250\n|move|p1a: Suicune|Scald|p2a: Metagross\n|-damage|p2a: Metagross|87/256\n|move|p2a: Metagross|Agility|p2a: Metagross\n|-boost|p2a: Metagross|spe|2\n|\n|upkeep\n|turn|21\n|inactive|Time left: 300 sec this turn | 300 sec total\n|\n|t:|1783555251\n|move|p2a: Metagross|Knock Off|p1a: Suicune\n|-damage|p1a: Suicune|47/100\n|move|p1a: Suicune|Scald|p2a: Metagross\n|-damage|p2a: Metagross|5/256\n|\n|upkeep\n|turn|22\n|inactive|Time left: 300 sec this turn | 300 sec total\n|\n|t:|1783555252\n|move|p2a: Metagross|Knock Off|p1a: Suicune\n|-damage|p1a: Suicune|31/100\n|move|p1a: Suicune|Scald|p2a: Metagross\n|-damage|p2a: Metagross|0 fnt\n|faint|p2a: Metagross\n|\n|upkeep\n|inactive|Time left: 300 sec this turn | 300 sec total | 5 sec grace\n|\n|t:|1783555253\n|switch|p2a: Morpeko|Morpeko, L88, F|245/245\n|turn|23\n|inactive|Time left: 300 sec this turn | 300 sec total\n|\n|t:|1783555254\n|switch|p1a: Emboar|Emboar, L84, M|100/100\n|move|p2a: Morpeko|Aura Wheel|p1a: Emboar\n|-damage|p1a: Emboar|52/100\n|-boost|p2a: Morpeko|spe|1\n|\n|-heal|p1a: Emboar|58/100|[from] item: Leftovers\n|-formechange|p2a: Morpeko|Morpeko-Hangry||[from] ability: Hunger Switch\n|upkeep\n|turn|24\n|inactive|Time left: 300 sec this turn | 300 sec total\n|\n|t:|1783555255\n|move|p2a: Morpeko|Protect|p2a: Morpeko\n|-singleturn|p2a: Morpeko|Protect\n|move|p1a: Emboar|Drain Punch|p2a: Morpeko\n|-activate|p2a: Morpeko|move: Protect\n|\n|-heal|p1a: Emboar|64/100|[from] item: Leftovers\n|-formechange|p2a: Morpeko|Morpeko||[from] ability: Hunger Switch\n|upkeep\n|turn|25\n|inactive|Time left: 300 sec this turn | 300 sec total\n|\n|t:|1783555257\n|-terastallize|p2a: Morpeko|Electric\n|move|p2a: Morpeko|Aura Wheel|p1a: Emboar\n|-damage|p1a: Emboar|0 fnt\n|-boost|p2a: Morpeko|spe|1\n|faint|p1a: Emboar\n|\n|upkeep\n|\n|t:|1783555258\n|switch|p1a: Seviper|Seviper, L93, M|100/100\n|turn|26\n|inactive|Time left: 300 sec this turn | 300 sec total\n|\n|t:|1783555259\n|move|p2a: Morpeko|Aura Wheel|p1a: Seviper\n|-damage|p1a: Seviper|31/100\n|-boost|p2a: Morpeko|spe|1\n|move|p1a: Seviper|Earthquake|p2a: Morpeko\n|-supereffective|p2a: Morpeko\n|-damage|p2a: Morpeko|0 fnt\n|faint|p2a: Morpeko\n|-damage|p1a: Seviper|21/100|[from] item: Life Orb\n|\n|upkeep\n|inactive|Time left: 300 sec this turn | 300 sec total | 5 sec grace\n|\n|t:|1783555260\n|switch|p2a: Gardevoir|Gardevoir, L83, F|249/249\n|-ability|p2a: Gardevoir|Infiltrator|Trace|[from] ability: Trace|[of] p1a: Seviper\n|turn|27\n|inactive|Time left: 300 sec this turn | 300 sec total\n|\n|t:|1783555261\n|switch|p1a: Empoleon|Empoleon, L84, M|100/100\n|move|p2a: Gardevoir|Mystical Fire|p1a: Empoleon\n|-damage|p1a: Empoleon|81/100\n|-unboost|p1a: Empoleon|spa|1\n|-ability|p1a: Empoleon|Competitive|boost\n|-boost|p1a: Empoleon|spa|2\n|\n|-heal|p1a: Empoleon|87/100|[from] item: Leftovers\n|upkeep\n|turn|28\n|inactive|Time left: 300 sec this turn | 300 sec total\n|\n|t:|1783555263\n|switch|p2a: Cryogonal|Cryogonal, L89|167/287\n|move|p1a: Empoleon|Surf|p2a: Cryogonal\n|-damage|p2a: Cryogonal|56/287\n|\n|-heal|p1a: Empoleon|93/100|[from] item: Leftovers\n|upkeep\n|turn|29\n|inactive|Time left: 300 sec this turn | 300 sec total\n|\n|t:|1783555264\n|move|p2a: Cryogonal|Ice Beam|p1a: Empoleon\n|-resisted|p1a: Empoleon\n|-damage|p1a: Empoleon|84/100\n|move|p1a: Empoleon|Surf|p2a: Cryogonal\n|-damage|p2a: Cryogonal|0 fnt\n|faint|p2a: Cryogonal\n|\n|-heal|p1a: Empoleon|90/100|[from] item: Leftovers\n|upkeep\n|inactive|Time left: 300 sec this turn | 300 sec total | 5 sec grace\n|\n|t:|1783555265\n|switch|p2a: Vivillon|Vivillon-Tundra, L83, M|268/268\n|turn|30\n|inactive|Time left: 300 sec this turn | 300 sec total\n|\n|t:|1783555266\n|move|p2a: Vivillon|Sleep Powder|p1a: Empoleon\n|-status|p1a: Empoleon|slp|[from] move: Sleep Powder\n|cant|p1a: Empoleon|slp\n|\n|-heal|p1a: Empoleon|97/100 slp|[from] item: Leftovers\n|upkeep\n|turn|31\n|inactive|Time left: 300 sec this turn | 300 sec total\n|\n|t:|1783555267\n|move|p2a: Vivillon|Quiver Dance|p2a: Vivillon\n|-boost|p2a: Vivillon|spa|1\n|-boost|p2a: Vivillon|spd|1\n|-boost|p2a: Vivillon|spe|1\n|cant|p1a: Empoleon|slp\n|\n|-heal|p1a: Empoleon|100/100 slp|[from] item: Leftovers\n|upkeep\n|turn|32\n|inactive|Time left: 300 sec this turn | 300 sec total\n|\n|t:|1783555268\n|move|p2a: Vivillon|Quiver Dance|p2a: Vivillon\n|-boost|p2a: Vivillon|spa|1\n|-boost|p2a: Vivillon|spd|1\n|-boost|p2a: Vivillon|spe|1\n|cant|p1a: Empoleon|slp\n|\n|upkeep\n|turn|33\n|inactive|Time left: 300 sec this turn | 300 sec total\n|\n|t:|1783555269\n|move|p2a: Vivillon|Quiver Dance|p2a: Vivillon\n|-boost|p2a: Vivillon|spa|1\n|-boost|p2a: Vivillon|spd|1\n|-boost|p2a: Vivillon|spe|1\n|-curestatus|p1a: Empoleon|slp|[msg]\n|move|p1a: Empoleon|Surf|p2a: Vivillon\n|-damage|p2a: Vivillon|171/268\n|\n|upkeep\n|turn|34\n|inactive|Time left: 300 sec this turn | 300 sec total\n|\n|t:|1783555270\n|move|p2a: Vivillon|Sleep Powder|p1a: Empoleon\n|-status|p1a: Empoleon|slp|[from] move: Sleep Powder\n|cant|p1a: Empoleon|slp\n|\n|upkeep\n|turn|35\n|inactive|Time left: 300 sec this turn | 300 sec total\n|\n|t:|1783555271\n|move|p2a: Vivillon|Hurricane|p1a: Empoleon\n|-resisted|p1a: Empoleon\n|-damage|p1a: Empoleon|58/100 slp\n|cant|p1a: Empoleon|slp\n|\n|-heal|p1a: Empoleon|65/100 slp|[from] item: Leftovers\n|upkeep\n|turn|36\n|inactive|Time left: 300 sec this turn | 300 sec total\n|\n|t:|1783555271\n|move|p2a: Vivillon|Hurricane|p1a: Empoleon\n|-resisted|p1a: Empoleon\n|-damage|p1a: Empoleon|18/100 slp\n|-curestatus|p1a: Empoleon|slp|[msg]\n|move|p1a: Empoleon|Roost|p1a: Empoleon\n|-heal|p1a: Empoleon|68/100\n|-singleturn|p1a: Empoleon|move: Roost\n|\n|-heal|p1a: Empoleon|74/100|[from] item: Leftovers\n|upkeep\n|turn|37\n|inactive|Time left: 300 sec this turn | 300 sec total\n|\n|t:|1783555272\n|move|p2a: Vivillon|Sleep Powder|p1a: Empoleon\n|-status|p1a: Empoleon|slp|[from] move: Sleep Powder\n|cant|p1a: Empoleon|slp\n|\n|-heal|p1a: Empoleon|80/100 slp|[from] item: Leftovers\n|upkeep\n|turn|38\n|inactive|Time left: 300 sec this turn | 300 sec total\n|\n|t:|1783555273\n|move|p2a: Vivillon|Hurricane|p1a: Empoleon\n|-resisted|p1a: Empoleon\n|-damage|p1a: Empoleon|38/100 slp\n|cant|p1a: Empoleon|slp\n|\n|-heal|p1a: Empoleon|44/100 slp|[from] item: Leftovers\n|upkeep\n|turn|39\n|inactive|Time left: 300 sec this turn | 300 sec total\n|\n|t:|1783555275\n|move|p2a: Vivillon|Hurricane|p1a: Empoleon\n|-resisted|p1a: Empoleon\n|-damage|p1a: Empoleon|0 fnt\n|faint|p1a: Empoleon\n|\n|upkeep\n|\n|t:|1783555275\n|switch|p1a: Rabsca|Rabsca, L91, F, tera:Steel|45/100\n|turn|40\n|inactive|Time left: 300 sec this turn | 300 sec total\n|\n|t:|1783555276\n|move|p2a: Vivillon|Bug Buzz|p1a: Rabsca\n|-resisted|p1a: Rabsca\n|-damage|p1a: Rabsca|14/100\n|move|p1a: Rabsca|Recover|p1a: Rabsca\n|-heal|p1a: Rabsca|64/100\n|\n|upkeep\n|turn|41\n|inactive|Time left: 300 sec this turn | 300 sec total\n|\n|t:|1783555277\n|move|p2a: Vivillon|Hurricane|p1a: Rabsca\n|-resisted|p1a: Rabsca\n|-damage|p1a: Rabsca|27/100\n|move|p1a: Rabsca|Recover|p1a: Rabsca\n|-heal|p1a: Rabsca|77/100\n|\n|upkeep\n|turn|42\n|inactive|Time left: 300 sec this turn | 300 sec total\n|\n|t:|1783555278\n|move|p2a: Vivillon|Quiver Dance|p2a: Vivillon\n|-boost|p2a: Vivillon|spa|1\n|-boost|p2a: Vivillon|spd|1\n|-boost|p2a: Vivillon|spe|1\n|move|p1a: Rabsca|Recover|p1a: Rabsca\n|-heal|p1a: Rabsca|100/100\n|\n|upkeep\n|turn|43\n|inactive|Time left: 300 sec this turn | 300 sec total\n|\n|t:|1783555280\n|move|p2a: Vivillon|Hurricane|p1a: Rabsca\n|-resisted|p1a: Rabsca\n|-damage|p1a: Rabsca|57/100\n|move|p1a: Rabsca|Recover|p1a: Rabsca\n|-heal|p1a: Rabsca|100/100\n|\n|upkeep\n|turn|44\n|inactive|Time left: 300 sec this turn | 300 sec total\n|\n|t:|1783555281\n|move|p2a: Vivillon|Hurricane|p1a: Rabsca\n|-resisted|p1a: Rabsca\n|-damage|p1a: Rabsca|51/100\n|move|p1a: Rabsca|Psychic|p2a: Vivillon\n|-damage|p2a: Vivillon|105/268\n|\n|upkeep\n|turn|45\n|inactive|Time left: 300 sec this turn | 300 sec total\n|\n|t:|1783555282\n|move|p2a: Vivillon|Hurricane|p1a: Rabsca\n|-resisted|p1a: Rabsca\n|-damage|p1a: Rabsca|0 fnt\n|faint|p1a: Rabsca\n|\n|upkeep\n|\n|t:|1783555282\n|switch|p1a: Suicune|Suicune, L82|31/100\n|-ability|p1a: Suicune|Pressure\n|turn|46\n|inactive|Time left: 300 sec this turn | 300 sec total\n|\n|t:|1783555283\n|move|p2a: Vivillon|Bug Buzz|p1a: Suicune\n|-damage|p1a: Suicune|0 fnt\n|faint|p1a: Suicune\n|\n|upkeep\n|\n|t:|1783555284\n|switch|p1a: Seviper|Seviper, L93, M|21/100\n|turn|47\n|inactive|Time left: 300 sec this turn | 300 sec total\n|\n|t:|1783555285\n|switch|p1a: Yanmega|Yanmega, L82, M|100/100\n|move|p2a: Vivillon|Bug Buzz|p1a: Yanmega\n|-resisted|p1a: Yanmega\n|-crit|p1a: Yanmega\n|-damage|p1a: Yanmega|0 fnt\n|faint|p1a: Yanmega\n|\n|upkeep\n|\n|t:|1783555286\n|switch|p1a: Seviper|Seviper, L93, M|21/100\n|turn|48\n|inactive|Time left: 300 sec this turn | 300 sec total\n|\n|t:|1783555287\n|move|p2a: Vivillon|Bug Buzz|p1a: Seviper\n|-resisted|p1a: Seviper\n|-crit|p1a: Seviper\n|-damage|p1a: Seviper|0 fnt\n|faint|p1a: Seviper\n|\n|win|p0y1389d3bf", "uploadtime": 1783555287, "views": 0, "rating": 0, "private": 0, "password": null, "_winner": "p0y1389d3bf", "_our_name": "p0y1389d3bf"}