{"id": "battle-gen9randombattle-330", "formatid": "gen9randombattle", "format": "[Gen 9] Random Battle", "players": ["p0x33001a1", "p0y330ad93"], "log": "|init|battle\n|title|p0x33001a1 vs. p0y330ad93\n|j|\u2606p0x33001a1\n|j|\u2606p0y330ad93\n|t:|1783543429\n|gametype|singles\n|player|p1|p0x33001a1|102|\n|player|p2|p0y330ad93|265|\n|gen|9\n|tier|[Gen 9] Random Battle\n|rule|Species Clause: Limit one of each Pok\u00e9mon\n|rule|HP Percentage Mod: HP is shown in percentages\n|rule|Sleep Clause Mod: Limit one foe put to sleep\n|rule|Illusion Level Mod: Illusion disguises the Pok\u00e9mon's true level\n|\n|t:|1783543429\n|teamsize|p1|6\n|teamsize|p2|6\n|start\n|switch|p1a: Dragapult|Dragapult, L77, F|100/100\n|switch|p2a: Terapagos|Terapagos, L77, M|265/265\n|-activate|p2a: Terapagos|ability: Tera Shift\n|detailschange|p2a: Terapagos|Terapagos-Terastal, L77, M\n|-heal|p2a: Terapagos|273/273|[silent]\n|turn|1\n|inactive|Battle timer is ON: inactive players will automatically lose when time's up. (requested by p0x33001a1)\n|inactive|Time left: 300 sec this turn | 300 sec total | 60 sec grace\n|inactive|p0y330ad93 also wants the timer to be on.\n|\n|t:|1783543431\n|move|p1a: Dragapult|Fire Blast|p2a: Terapagos\n|-activate|p2a: Terapagos|ability: Tera Shell\n|-resisted|p2a: Terapagos\n|-damage|p2a: Terapagos|224/273\n|move|p2a: Terapagos|Calm Mind|p2a: Terapagos\n|-boost|p2a: Terapagos|spa|1\n|-boost|p2a: Terapagos|spd|1\n|\n|upkeep\n|turn|2\n|inactive|Time left: 300 sec this turn | 300 sec total\n|\n|t:|1783543433\n|move|p1a: Dragapult|Fire Blast|p2a: Terapagos|[miss]\n|-miss|p1a: Dragapult|p2a: Terapagos\n|move|p2a: Terapagos|Calm Mind|p2a: Terapagos\n|-boost|p2a: Terapagos|spa|1\n|-boost|p2a: Terapagos|spd|1\n|\n|upkeep\n|turn|3\n|inactive|Time left: 300 sec this turn | 300 sec total\n|\n|t:|1783543434\n|switch|p1a: Necrozma|Necrozma-Dawn-Wings, L76|100/100\n|move|p2a: Terapagos|Earth Power|p1a: Necrozma\n|-damage|p1a: Necrozma|68/100\n|\n|-heal|p1a: Necrozma|74/100|[from] item: Leftovers\n|upkeep\n|turn|4\n|inactive|Time left: 300 sec this turn | 300 sec total\n|\n|t:|1783543435\n|move|p2a: Terapagos|Earth Power|p1a: Necrozma\n|-damage|p1a: Necrozma|42/100\n|move|p1a: Necrozma|Calm Mind|p1a: Necrozma\n|-boost|p1a: Necrozma|spa|1\n|-boost|p1a: Necrozma|spd|1\n|\n|-heal|p1a: Necrozma|48/100|[from] item: Leftovers\n|upkeep\n|turn|5\n|inactive|Time left: 300 sec this turn | 300 sec total\n|\n|t:|1783543436\n|move|p2a: Terapagos|Earth Power|p1a: Necrozma\n|-damage|p1a: Necrozma|27/100\n|move|p1a: Necrozma|Calm Mind|p1a: Necrozma\n|-boost|p1a: Necrozma|spa|1\n|-boost|p1a: Necrozma|spd|1\n|\n|-heal|p1a: Necrozma|33/100|[from] item: Leftovers\n|upkeep\n|turn|6\n|inactive|Time left: 300 sec this turn | 300 sec total\n|\n|t:|1783543437\n|move|p2a: Terapagos|Earth Power|p1a: Necrozma\n|-damage|p1a: Necrozma|15/100\n|move|p1a: Necrozma|Photon Geyser|p2a: Terapagos\n|-damage|p2a: Terapagos|97/273\n|\n|-heal|p1a: Necrozma|21/100|[from] item: Leftovers\n|upkeep\n|turn|7\n|inactive|Time left: 300 sec this turn | 300 sec total\n|\n|t:|1783543438\n|move|p2a: Terapagos|Earth Power|p1a: Necrozma\n|-damage|p1a: Necrozma|4/100\n|move|p1a: Necrozma|Photon Geyser|p2a: Terapagos\n|-damage|p2a: Terapagos|0 fnt\n|faint|p2a: Terapagos\n|\n|-heal|p1a: Necrozma|10/100|[from] item: Leftovers\n|upkeep\n|inactive|Time left: 300 sec this turn | 300 sec total | 5 sec grace\n|\n|t:|1783543439\n|switch|p2a: Poliwrath|Poliwrath, L88, F|302/302\n|turn|8\n|inactive|Time left: 300 sec this turn | 300 sec total\n|\n|t:|1783543440\n|move|p2a: Poliwrath|Liquidation|p1a: Necrozma\n|-damage|p1a: Necrozma|0 fnt\n|faint|p1a: Necrozma\n|\n|upkeep\n|\n|t:|1783543441\n|switch|p1a: Jirachi|Jirachi, L80|100/100\n|turn|9\n|inactive|Time left: 300 sec this turn | 300 sec total\n|\n|t:|1783543442\n|move|p1a: Jirachi|Body Slam|p2a: Poliwrath\n|-damage|p2a: Poliwrath|249/302\n|move|p2a: Poliwrath|Bulk Up|p2a: Poliwrath\n|-boost|p2a: Poliwrath|atk|1\n|-boost|p2a: Poliwrath|def|1\n|\n|-heal|p2a: Poliwrath|267/302|[from] item: Leftovers\n|upkeep\n|turn|10\n|inactive|Time left: 300 sec this turn | 300 sec total\n|\n|t:|1783543443\n|move|p1a: Jirachi|Body Slam|p2a: Poliwrath\n|-damage|p2a: Poliwrath|233/302\n|move|p2a: Poliwrath|Liquidation|p1a: Jirachi\n|-damage|p1a: Jirachi|50/100\n|\n|-heal|p1a: Jirachi|56/100|[from] item: Leftovers\n|-heal|p2a: Poliwrath|251/302|[from] item: Leftovers\n|upkeep\n|turn|11\n|inactive|Time left: 300 sec this turn | 300 sec total\n|\n|t:|1783543444\n|move|p1a: Jirachi|Iron Head|p2a: Poliwrath\n|-resisted|p2a: Poliwrath\n|-crit|p2a: Poliwrath\n|-damage|p2a: Poliwrath|194/302\n|move|p2a: Poliwrath|Liquidation|p1a: Jirachi\n|-damage|p1a: Jirachi|7/100\n|\n|-heal|p1a: Jirachi|14/100|[from] item: Leftovers\n|-heal|p2a: Poliwrath|212/302|[from] item: Leftovers\n|upkeep\n|turn|12\n|inactive|Time left: 300 sec this turn | 300 sec total\n|\n|t:|1783543445\n|move|p1a: Jirachi|Stealth Rock|p2a: Poliwrath\n|-sidestart|p2: p0y330ad93|move: Stealth Rock\n|move|p2a: Poliwrath|Drain Punch|p1a: Jirachi\n|-damage|p1a: Jirachi|0 fnt\n|-heal|p2a: Poliwrath|231/302|[from] drain|[of] p1a: Jirachi\n|faint|p1a: Jirachi\n|\n|-heal|p2a: Poliwrath|249/302|[from] item: Leftovers\n|upkeep\n|\n|t:|1783543446\n|switch|p1a: Dragapult|Dragapult, L77, F|100/100\n|turn|13\n|inactive|Time left: 300 sec this turn | 300 sec total\n|\n|t:|1783543448\n|move|p1a: Dragapult|Shadow Ball|p2a: Poliwrath\n|-damage|p2a: Poliwrath|150/302\n|move|p2a: Poliwrath|Liquidation|p1a: Dragapult\n|-resisted|p1a: Dragapult\n|-damage|p1a: Dragapult|68/100\n|\n|-heal|p2a: Poliwrath|168/302|[from] item: Leftovers\n|upkeep\n|turn|14\n|inactive|Time left: 300 sec this turn | 300 sec total\n|\n|t:|1783543449\n|move|p1a: Dragapult|Shadow Ball|p2a: Poliwrath\n|-damage|p2a: Poliwrath|66/302\n|move|p2a: Poliwrath|Poison Jab|p1a: Dragapult\n|-resisted|p1a: Dragapult\n|-damage|p1a: Dragapult|46/100\n|\n|-heal|p2a: Poliwrath|84/302|[from] item: Leftovers\n|upkeep\n|turn|15\n|inactive|Time left: 300 sec this turn | 300 sec total\n|\n|t:|1783543450\n|switch|p2a: Suicune|Suicune, L82|298/298\n|-damage|p2a: Suicune|261/298|[from] Stealth Rock\n|-ability|p2a: Suicune|Pressure\n|move|p1a: Dragapult|Shadow Ball|p2a: Suicune\n|-damage|p2a: Suicune|168/298\n|-unboost|p2a: Suicune|spd|1\n|\n|-heal|p2a: Suicune|186/298|[from] item: Leftovers\n|upkeep\n|turn|16\n|inactive|Time left: 300 sec this turn | 300 sec total\n|\n|t:|1783543451\n|move|p2a: Suicune|Protect|p2a: Suicune\n|-singleturn|p2a: Suicune|Protect\n|move|p1a: Dragapult|Shadow Ball|p2a: Suicune\n|-activate|p2a: Suicune|move: Protect\n|\n|-heal|p2a: Suicune|204/298|[from] item: Leftovers\n|upkeep\n|turn|17\n|inactive|Time left: 300 sec this turn | 300 sec total\n|\n|t:|1783543453\n|switch|p2a: Magearna|Magearna, L77|250/250\n|-damage|p2a: Magearna|235/250|[from] Stealth Rock\n|move|p1a: Dragapult|Shadow Ball|p2a: Magearna\n|-damage|p2a: Magearna|133/250\n|\n|-heal|p2a: Magearna|148/250|[from] item: Leftovers\n|upkeep\n|turn|18\n|inactive|Time left: 300 sec this turn | 300 sec total\n|\n|t:|1783543454\n|move|p1a: Dragapult|Shadow Ball|p2a: Magearna\n|-damage|p2a: Magearna|57/250\n|move|p2a: Magearna|Fleur Cannon|p1a: Dragapult\n|-supereffective|p1a: Dragapult\n|-damage|p1a: Dragapult|0 fnt\n|-unboost|p2a: Magearna|spa|2\n|faint|p1a: Dragapult\n|-ability|p2a: Magearna|Soul-Heart|boost\n|-boost|p2a: Magearna|spa|1\n|\n|-heal|p2a: Magearna|72/250|[from] item: Leftovers\n|upkeep\n|\n|t:|1783543455\n|switch|p1a: Hawlucha|Hawlucha, L80, M|100/100\n|turn|19\n|inactive|Time left: 300 sec this turn | 300 sec total\n|\n|t:|1783543456\n|move|p1a: Hawlucha|Close Combat|p2a: Magearna\n|-damage|p2a: Magearna|0 fnt\n|-unboost|p1a: Hawlucha|def|1\n|-unboost|p1a: Hawlucha|spd|1\n|faint|p2a: Magearna\n|-enditem|p1a: Hawlucha|White Herb\n|-clearnegativeboost|p1a: Hawlucha|[silent]\n|\n|upkeep\n|inactive|Time left: 300 sec this turn | 300 sec total | 5 sec grace\n|\n|t:|1783543457\n|switch|p2a: Revavroom|Revavroom, L79, F|256/256\n|-damage|p2a: Revavroom|240/256|[from] Stealth Rock\n|turn|20\n|inactive|Time left: 300 sec this turn | 300 sec total\n|\n|t:|1783543458\n|move|p1a: Hawlucha|Swords Dance|p1a: Hawlucha\n|-boost|p1a: Hawlucha|atk|2\n|move|p2a: Revavroom|Gunk Shot|p1a: Hawlucha\n|-damage|p1a: Hawlucha|18/100\n|-damage|p2a: Revavroom|215/256|[from] item: Life Orb\n|\n|upkeep\n|turn|21\n|inactive|Time left: 300 sec this turn | 300 sec total\n|\n|t:|1783543459\n|switch|p2a: Gliscor|Gliscor, L76, M|239/239\n|-damage|p2a: Gliscor|210/239|[from] Stealth Rock\n|move|p1a: Hawlucha|Close Combat|p2a: Gliscor\n|-resisted|p2a: Gliscor\n|-damage|p2a: Gliscor|120/239\n|-unboost|p1a: Hawlucha|def|1\n|-unboost|p1a: Hawlucha|spd|1\n|\n|-status|p2a: Gliscor|tox|[from] item: Toxic Orb\n|upkeep\n|turn|22\n|inactive|Time left: 300 sec this turn | 300 sec total\n|\n|t:|1783543460\n|move|p2a: Gliscor|Protect|p2a: Gliscor\n|-singleturn|p2a: Gliscor|Protect\n|move|p1a: Hawlucha|Brave Bird|p2a: Gliscor\n|-activate|p2a: Gliscor|move: Protect\n|\n|-heal|p2a: Gliscor|149/239 tox|[from] ability: Poison Heal\n|upkeep\n|turn|23\n|inactive|Time left: 300 sec this turn | 300 sec total\n|\n|t:|1783543461\n|move|p2a: Gliscor|Protect|p2a: Gliscor\n|-singleturn|p2a: Gliscor|Protect\n|move|p1a: Hawlucha|Close Combat|p2a: Gliscor\n|-activate|p2a: Gliscor|move: Protect\n|\n|-heal|p2a: Gliscor|178/239 tox|[from] ability: Poison Heal\n|upkeep\n|turn|24\n|inactive|Time left: 300 sec this turn | 300 sec total\n|\n|t:|1783543462\n|move|p1a: Hawlucha|Brave Bird|p2a: Gliscor\n|-damage|p2a: Gliscor|0 fnt\n|faint|p2a: Gliscor\n|-damage|p1a: Hawlucha|0 fnt|[from] Recoil\n|faint|p1a: Hawlucha\n|\n|upkeep\n|inactive|Time left: 300 sec this turn | 300 sec total | 5 sec grace\n|\n|t:|1783543464\n|switch|p1a: Cramorant|Cramorant, L86, M|100/100\n|switch|p2a: Revavroom|Revavroom, L79, F|215/256\n|-damage|p2a: Revavroom|199/256|[from] Stealth Rock\n|turn|25\n|inactive|Time left: 300 sec this turn | 300 sec total\n|\n|t:|1783543465\n|move|p1a: Cramorant|Surf|p2a: Revavroom\n|-formechange|p1a: Cramorant|Cramorant-Gulping|\n|-damage|p2a: Revavroom|84/256\n|move|p2a: Revavroom|Gunk Shot|p1a: Cramorant\n|-damage|p1a: Cramorant|8/100\n|-damage|p2a: Revavroom|20/256|[from] ability: Gulp Missile|[of] p1a: Cramorant\n|-unboost|p2a: Revavroom|def|1\n|-formechange|p1a: Cramorant|Cramorant|\n|-damage|p2a: Revavroom|0 fnt|[from] item: Life Orb\n|faint|p2a: Revavroom\n|\n|upkeep\n|inactive|Time left: 300 sec this turn | 300 sec total | 5 sec grace\n|\n|t:|1783543466\n|switch|p2a: Suicune|Suicune, L82|204/298\n|-damage|p2a: Suicune|167/298|[from] Stealth Rock\n|-ability|p2a: Suicune|Pressure\n|turn|26\n|inactive|Time left: 300 sec this turn | 300 sec total\n|\n|t:|1783543467\n|move|p1a: Cramorant|Roost|p1a: Cramorant\n|-heal|p1a: Cramorant|58/100\n|-singleturn|p1a: Cramorant|move: Roost\n|move|p2a: Suicune|Calm Mind|p2a: Suicune\n|-boost|p2a: Suicune|spa|1\n|-boost|p2a: Suicune|spd|1\n|\n|-heal|p2a: Suicune|185/298|[from] item: Leftovers\n|upkeep\n|turn|27\n|inactive|Time left: 300 sec this turn | 300 sec total\n|\n|t:|1783543468\n|move|p1a: Cramorant|Surf|p2a: Suicune\n|-formechange|p1a: Cramorant|Cramorant-Gulping|\n|-resisted|p2a: Suicune\n|-crit|p2a: Suicune\n|-damage|p2a: Suicune|128/298\n|move|p2a: Suicune|Calm Mind|p2a: Suicune\n|-boost|p2a: Suicune|spa|1\n|-boost|p2a: Suicune|spd|1\n|\n|-heal|p2a: Suicune|146/298|[from] item: Leftovers\n|upkeep\n|turn|28\n|inactive|Time left: 300 sec this turn | 300 sec total\n|\n|t:|1783543469\n|move|p2a: Suicune|Protect|p2a: Suicune\n|-singleturn|p2a: Suicune|Protect\n|move|p1a: Cramorant|Brave Bird|p2a: Suicune\n|-activate|p2a: Suicune|move: Protect\n|\n|-heal|p2a: Suicune|164/298|[from] item: Leftovers\n|upkeep\n|turn|29\n|inactive|Time left: 300 sec this turn | 300 sec total\n|\n|t:|1783543470\n|-terastallize|p2a: Suicune|Steel\n|move|p1a: Cramorant|Brave Bird|p2a: Suicune\n|-resisted|p2a: Suicune\n|-damage|p2a: Suicune|114/298\n|-damage|p1a: Cramorant|51/100|[from] Recoil\n|move|p2a: Suicune|Calm Mind|p2a: Suicune\n|-boost|p2a: Suicune|spa|1\n|-boost|p2a: Suicune|spd|1\n|\n|-heal|p2a: Suicune|132/298|[from] item: Leftovers\n|upkeep\n|turn|30\n|inactive|Time left: 300 sec this turn | 300 sec total\n|\n|t:|1783543471\n|move|p2a: Suicune|Protect|p2a: Suicune\n|-singleturn|p2a: Suicune|Protect\n|move|p1a: Cramorant|Roost|p1a: Cramorant\n|-heal|p1a: Cramorant|100/100\n|-singleturn|p1a: Cramorant|move: Roost\n|\n|-heal|p2a: Suicune|150/298|[from] item: Leftovers\n|upkeep\n|turn|31\n|inactive|Time left: 300 sec this turn | 300 sec total\n|\n|t:|1783543472\n|move|p1a: Cramorant|Brave Bird|p2a: Suicune\n|-resisted|p2a: Suicune\n|-damage|p2a: Suicune|97/298\n|-damage|p1a: Cramorant|94/100|[from] Recoil\n|move|p2a: Suicune|Substitute|p2a: Suicune\n|-start|p2a: Suicune|Substitute\n|-damage|p2a: Suicune|23/298\n|\n|-heal|p2a: Suicune|41/298|[from] item: Leftovers\n|upkeep\n|turn|32\n|inactive|Time left: 300 sec this turn | 300 sec total\n|\n|t:|1783543473\n|move|p2a: Suicune|Protect|p2a: Suicune\n|-singleturn|p2a: Suicune|Protect\n|move|p1a: Cramorant|Surf|p2a: Suicune\n|-activate|p2a: Suicune|move: Protect\n|\n|-heal|p2a: Suicune|59/298|[from] item: Leftovers\n|upkeep\n|turn|33\n|inactive|Time left: 300 sec this turn | 300 sec total\n|\n|t:|1783543474\n|move|p1a: Cramorant|Brave Bird|p2a: Suicune\n|-resisted|p2a: Suicune\n|-activate|p2a: Suicune|move: Substitute|[damage]\n|-damage|p1a: Cramorant|87/100|[from] Recoil|[of] p2a: Suicune\n|move|p2a: Suicune|Calm Mind|p2a: Suicune\n|-boost|p2a: Suicune|spa|1\n|-boost|p2a: Suicune|spd|1\n|\n|-heal|p2a: Suicune|77/298|[from] item: Leftovers\n|upkeep\n|turn|34\n|inactive|Time left: 300 sec this turn | 300 sec total\n|\n|t:|1783543475\n|move|p2a: Suicune|Protect|p2a: Suicune\n|-singleturn|p2a: Suicune|Protect\n|move|p1a: Cramorant|Brave Bird|p2a: Suicune\n|-activate|p2a: Suicune|move: Protect\n|\n|-heal|p2a: Suicune|95/298|[from] item: Leftovers\n|upkeep\n|turn|35\n|inactive|Time left: 300 sec this turn | 300 sec total\n|\n|t:|1783543476\n|move|p2a: Suicune|Protect||[still]\n|-fail|p2a: Suicune\n|move|p1a: Cramorant|Surf|p2a: Suicune\n|-end|p2a: Suicune|Substitute\n|\n|-heal|p2a: Suicune|113/298|[from] item: Leftovers\n|upkeep\n|turn|36\n|inactive|Time left: 300 sec this turn | 300 sec total\n|\n|t:|1783543477\n|move|p2a: Suicune|Protect|p2a: Suicune\n|-singleturn|p2a: Suicune|Protect\n|move|p1a: Cramorant|Brave Bird|p2a: Suicune\n|-activate|p2a: Suicune|move: Protect\n|\n|-heal|p2a: Suicune|131/298|[from] item: Leftovers\n|upkeep\n|turn|37\n|inactive|Time left: 300 sec this turn | 300 sec total\n|\n|t:|1783543478\n|move|p1a: Cramorant|Brave Bird|p2a: Suicune\n|-resisted|p2a: Suicune\n|-damage|p2a: Suicune|83/298\n|-damage|p1a: Cramorant|81/100|[from] Recoil\n|move|p2a: Suicune|Calm Mind|p2a: Suicune\n|-boost|p2a: Suicune|spa|1\n|-boost|p2a: Suicune|spd|1\n|\n|-heal|p2a: Suicune|101/298|[from] item: Leftovers\n|upkeep\n|turn|38\n|inactive|Time left: 300 sec this turn | 300 sec total\n|\n|t:|1783543480\n|move|p2a: Suicune|Protect|p2a: Suicune\n|-singleturn|p2a: Suicune|Protect\n|move|p1a: Cramorant|Brave Bird|p2a: Suicune\n|-activate|p2a: Suicune|move: Protect\n|\n|-heal|p2a: Suicune|119/298|[from] item: Leftovers\n|upkeep\n|turn|39\n|inactive|Time left: 300 sec this turn | 300 sec total\n|\n|t:|1783543481\n|move|p1a: Cramorant|Brave Bird|p2a: Suicune\n|-resisted|p2a: Suicune\n|-damage|p2a: Suicune|73/298\n|-damage|p1a: Cramorant|76/100|[from] Recoil\n|move|p2a: Suicune|Calm Mind|p2a: Suicune\n|-boost|p2a: Suicune|spa|1\n|-boost|p2a: Suicune|spd|1\n|\n|-heal|p2a: Suicune|91/298|[from] item: Leftovers\n|upkeep\n|turn|40\n|inactive|Time left: 300 sec this turn | 300 sec total\n|\n|t:|1783543482\n|move|p2a: Suicune|Protect|p2a: Suicune\n|-singleturn|p2a: Suicune|Protect\n|move|p1a: Cramorant|Roost|p1a: Cramorant\n|-heal|p1a: Cramorant|100/100\n|-singleturn|p1a: Cramorant|move: Roost\n|\n|-heal|p2a: Suicune|109/298|[from] item: Leftovers\n|upkeep\n|turn|41\n|inactive|Time left: 300 sec this turn | 300 sec total\n|\n|t:|1783543483\n|move|p2a: Suicune|Protect||[still]\n|-fail|p2a: Suicune\n|move|p1a: Cramorant|Brave Bird|p2a: Suicune\n|-resisted|p2a: Suicune\n|-crit|p2a: Suicune\n|-damage|p2a: Suicune|28/298\n|-damage|p1a: Cramorant|90/100|[from] Recoil\n|\n|-heal|p2a: Suicune|46/298|[from] item: Leftovers\n|upkeep\n|turn|42\n|inactive|Time left: 300 sec this turn | 300 sec total\n|\n|t:|1783543484\n|move|p2a: Suicune|Protect|p2a: Suicune\n|-singleturn|p2a: Suicune|Protect\n|move|p1a: Cramorant|Brave Bird|p2a: Suicune\n|-activate|p2a: Suicune|move: Protect\n|\n|-heal|p2a: Suicune|64/298|[from] item: Leftovers\n|upkeep\n|turn|43\n|inactive|Time left: 300 sec this turn | 300 sec total\n|\n|t:|1783543485\n|move|p2a: Suicune|Protect||[still]\n|-fail|p2a: Suicune\n|move|p1a: Cramorant|Brave Bird|p2a: Suicune\n|-resisted|p2a: Suicune\n|-damage|p2a: Suicune|18/298\n|-damage|p1a: Cramorant|84/100|[from] Recoil\n|\n|-heal|p2a: Suicune|36/298|[from] item: Leftovers\n|upkeep\n|turn|44\n|inactive|Time left: 300 sec this turn | 300 sec total\n|\n|t:|1783543486\n|move|p2a: Suicune|Protect|p2a: Suicune\n|-singleturn|p2a: Suicune|Protect\n|move|p1a: Cramorant|Surf|p2a: Suicune\n|-activate|p2a: Suicune|move: Protect\n|\n|-heal|p2a: Suicune|54/298|[from] item: Leftovers\n|upkeep\n|turn|45\n|inactive|Time left: 300 sec this turn | 300 sec total\n|\n|t:|1783543487\n|move|p1a: Cramorant|Surf|p2a: Suicune\n|-damage|p2a: Suicune|35/298\n|move|p2a: Suicune|Calm Mind|p2a: Suicune\n|-boost|p2a: Suicune|spa|0\n|-boost|p2a: Suicune|spd|0\n|\n|-heal|p2a: Suicune|53/298|[from] item: Leftovers\n|upkeep\n|turn|46\n|inactive|Time left: 300 sec this turn | 300 sec total\n|\n|t:|1783543488\n|move|p2a: Suicune|Protect|p2a: Suicune\n|-singleturn|p2a: Suicune|Protect\n|move|p1a: Cramorant|Roost|p1a: Cramorant\n|-heal|p1a: Cramorant|100/100\n|-singleturn|p1a: Cramorant|move: Roost\n|\n|-heal|p2a: Suicune|71/298|[from] item: Leftovers\n|upkeep\n|turn|47\n|inactive|Time left: 300 sec this turn | 300 sec total\n|\n|t:|1783543489\n|move|p1a: Cramorant|Surf|p2a: Suicune\n|-crit|p2a: Suicune\n|-damage|p2a: Suicune|0 fnt\n|faint|p2a: Suicune\n|\n|upkeep\n|inactive|Time left: 300 sec this turn | 300 sec total | 5 sec grace\n|\n|t:|1783543490\n|switch|p2a: Poliwrath|Poliwrath, L88, F|84/302\n|-damage|p2a: Poliwrath|66/302|[from] Stealth Rock\n|turn|48\n|inactive|Time left: 300 sec this turn | 300 sec total\n|\n|t:|1783543491\n|switch|p1a: Hydreigon|Hydreigon, L79, M|100/100\n|move|p2a: Poliwrath|Drain Punch|p1a: Hydreigon\n|-supereffective|p1a: Hydreigon\n|-damage|p1a: Hydreigon|39/100\n|-heal|p2a: Poliwrath|150/302|[from] drain|[of] p1a: Hydreigon\n|\n|-heal|p2a: Poliwrath|168/302|[from] item: Leftovers\n|upkeep\n|turn|49\n|inactive|Time left: 300 sec this turn | 300 sec total\n|\n|t:|1783543491\n|-terastallize|p1a: Hydreigon|Dragon\n|move|p1a: Hydreigon|Draco Meteor|p2a: Poliwrath\n|-damage|p2a: Poliwrath|0 fnt\n|-unboost|p1a: Hydreigon|spa|2\n|faint|p2a: Poliwrath\n|-damage|p1a: Hydreigon|30/100|[from] item: Life Orb\n|\n|win|p0x33001a1", "uploadtime": 1783543491, "views": 0, "rating": 0, "private": 0, "password": null, "_winner": "p0x33001a1", "_our_name": "p0y330ad93"}