{"id": "battle-gen9randombattle-1893", "formatid": "gen9randombattle", "format": "[Gen 9] Random Battle", "players": ["p0x1893e985", "p0y1893d9dc"], "log": "|init|battle\n|title|p0x1893e985 vs. p0y1893d9dc\n|j|\u2606p0x1893e985\n|j|\u2606p0y1893d9dc\n|t:|1783561909\n|gametype|singles\n|player|p1|p0x1893e985|266|\n|player|p2|p0y1893d9dc|265|\n|gen|9\n|tier|[Gen 9] Random Battle\n|rule|Species Clause: Limit one of each Pok\u00e9mon\n|rule|HP Percentage Mod: HP is shown in percentages\n|rule|Sleep Clause Mod: Limit one foe put to sleep\n|rule|Illusion Level Mod: Illusion disguises the Pok\u00e9mon's true level\n|\n|t:|1783561909\n|teamsize|p1|6\n|teamsize|p2|6\n|start\n|switch|p1a: Mismagius|Mismagius, L86, F|100/100\n|switch|p2a: Qwilfish|Qwilfish, L86, F|252/252\n|-ability|p2a: Qwilfish|Intimidate|boost\n|-unboost|p1a: Mismagius|atk|1\n|turn|1\n|inactive|Battle timer is ON: inactive players will automatically lose when time's up. (requested by p0x1893e985)\n|inactive|Time left: 300 sec this turn | 300 sec total | 60 sec grace\n|\n|t:|1783561911\n|switch|p2a: Vileplume|Vileplume, L85, M|266/266\n|move|p1a: Mismagius|Thunderbolt|p2a: Vileplume\n|-resisted|p2a: Vileplume\n|-damage|p2a: Vileplume|216/266\n|\n|-heal|p2a: Vileplume|232/266|[from] item: Leftovers\n|upkeep\n|turn|2\n|inactive|Time left: 300 sec this turn | 300 sec total\n|inactive|p0y1893d9dc also wants the timer to be on.\n|\n|t:|1783561912\n|move|p1a: Mismagius|Thunderbolt|p2a: Vileplume\n|-resisted|p2a: Vileplume\n|-damage|p2a: Vileplume|182/266\n|move|p2a: Vileplume|Giga Drain|p1a: Mismagius\n|-damage|p1a: Mismagius|67/100\n|-heal|p2a: Vileplume|223/266|[from] drain|[of] p1a: Mismagius\n|\n|-heal|p2a: Vileplume|239/266|[from] item: Leftovers\n|upkeep\n|turn|3\n|inactive|Time left: 300 sec this turn | 300 sec total\n|\n|t:|1783561913\n|move|p1a: Mismagius|Thunderbolt|p2a: Vileplume\n|-resisted|p2a: Vileplume\n|-damage|p2a: Vileplume|187/266\n|move|p2a: Vileplume|Sludge Bomb|p1a: Mismagius\n|-resisted|p1a: Mismagius\n|-damage|p1a: Mismagius|46/100\n|\n|-heal|p2a: Vileplume|203/266|[from] item: Leftovers\n|upkeep\n|turn|4\n|inactive|Time left: 300 sec this turn | 300 sec total\n|\n|t:|1783561915\n|move|p1a: Mismagius|Thunderbolt|p2a: Vileplume\n|-resisted|p2a: Vileplume\n|-damage|p2a: Vileplume|150/266\n|move|p2a: Vileplume|Giga Drain|p1a: Mismagius\n|-damage|p1a: Mismagius|14/100\n|-heal|p2a: Vileplume|189/266|[from] drain|[of] p1a: Mismagius\n|\n|-heal|p2a: Vileplume|205/266|[from] item: Leftovers\n|upkeep\n|turn|5\n|inactive|Time left: 300 sec this turn | 300 sec total\n|\n|t:|1783561916\n|move|p1a: Mismagius|Thunderbolt|p2a: Vileplume\n|-resisted|p2a: Vileplume\n|-damage|p2a: Vileplume|151/266\n|move|p2a: Vileplume|Giga Drain|p1a: Mismagius\n|-damage|p1a: Mismagius|0 fnt\n|-heal|p2a: Vileplume|168/266|[from] drain|[of] p1a: Mismagius\n|faint|p1a: Mismagius\n|\n|-heal|p2a: Vileplume|184/266|[from] item: Leftovers\n|upkeep\n|\n|t:|1783561917\n|switch|p1a: Koraidon|Koraidon, L64|100/100\n|-weather|SunnyDay|[from] ability: Orichalcum Pulse|[of] p1a: Koraidon\n|-activate|p1a: Koraidon|Orichalcum Pulse|[source]\n|turn|6\n|inactive|Time left: 300 sec this turn | 300 sec total\n|\n|t:|1783561918\n|move|p1a: Koraidon|Outrage|p2a: Vileplume\n|-damage|p2a: Vileplume|0 fnt\n|faint|p2a: Vileplume\n|\n|-weather|SunnyDay|[upkeep]\n|upkeep\n|inactive|Time left: 300 sec this turn | 300 sec total | 5 sec grace\n|\n|t:|1783561919\n|switch|p2a: Abomasnow|Abomasnow, L84, M|287/287\n|-weather|Snowscape|[from] ability: Snow Warning|[of] p2a: Abomasnow\n|turn|7\n|inactive|Time left: 300 sec this turn | 300 sec total\n|\n|t:|1783561920\n|move|p1a: Koraidon|Outrage|p2a: Abomasnow|[from] lockedmove\n|-damage|p2a: Abomasnow|184/287\n|move|p2a: Abomasnow|Blizzard|p1a: Koraidon\n|-supereffective|p1a: Koraidon\n|-damage|p1a: Koraidon|0 fnt\n|faint|p1a: Koraidon\n|\n|-weather|Snowscape|[upkeep]\n|upkeep\n|\n|t:|1783561921\n|switch|p1a: Krookodile|Krookodile, L79, M|100/100\n|-ability|p1a: Krookodile|Intimidate|boost\n|-unboost|p2a: Abomasnow|atk|1\n|turn|8\n|inactive|Time left: 300 sec this turn | 300 sec total\n|\n|t:|1783561922\n|move|p1a: Krookodile|Knock Off|p2a: Abomasnow\n|-damage|p2a: Abomasnow|105/287\n|-enditem|p2a: Abomasnow|Light Clay|[from] move: Knock Off|[of] p1a: Krookodile\n|move|p2a: Abomasnow|Aurora Veil|p2a: Abomasnow\n|-sidestart|p2: p0y1893d9dc|move: Aurora Veil\n|\n|-weather|Snowscape|[upkeep]\n|upkeep\n|turn|9\n|inactive|Time left: 300 sec this turn | 300 sec total\n|\n|t:|1783561923\n|move|p1a: Krookodile|Knock Off|p2a: Abomasnow\n|-damage|p2a: Abomasnow|78/287\n|move|p2a: Abomasnow|Blizzard|p1a: Krookodile\n|-supereffective|p1a: Krookodile\n|-damage|p1a: Krookodile|0 fnt\n|faint|p1a: Krookodile\n|\n|-weather|Snowscape|[upkeep]\n|upkeep\n|\n|t:|1783561924\n|switch|p1a: Mamoswine|Mamoswine, L81, F|100/100\n|turn|10\n|inactive|Time left: 300 sec this turn | 300 sec total\n|\n|t:|1783561924\n|switch|p2a: Qwilfish|Qwilfish, L86, F|252/252\n|-ability|p2a: Qwilfish|Intimidate|boost\n|-unboost|p1a: Mamoswine|atk|1\n|move|p1a: Mamoswine|Stealth Rock|p2a: Qwilfish\n|-sidestart|p2: p0y1893d9dc|move: Stealth Rock\n|\n|-weather|Snowscape|[upkeep]\n|upkeep\n|turn|11\n|inactive|Time left: 300 sec this turn | 300 sec total\n|\n|t:|1783561925\n|switch|p1a: Toucannon|Toucannon, L88, M|100/100\n|move|p2a: Qwilfish|Gunk Shot|p1a: Toucannon\n|-damage|p1a: Toucannon|54/100\n|\n|-weather|none\n|upkeep\n|turn|12\n|inactive|Time left: 300 sec this turn | 300 sec total\n|\n|t:|1783561926\n|move|p2a: Qwilfish|Gunk Shot|p1a: Toucannon\n|-damage|p1a: Toucannon|8/100\n|move|p1a: Toucannon|Roost|p1a: Toucannon\n|-heal|p1a: Toucannon|58/100\n|-singleturn|p1a: Toucannon|move: Roost\n|\n|-sideend|p2: p0y1893d9dc|move: Aurora Veil\n|upkeep\n|turn|13\n|inactive|Time left: 300 sec this turn | 300 sec total\n|\n|t:|1783561927\n|move|p2a: Qwilfish|Flip Turn|p1a: Toucannon\n|-crit|p1a: Toucannon\n|-damage|p1a: Toucannon|18/100\n|inactive|Time left: 300 sec this turn | 300 sec total | 5 sec grace\n|\n|t:|1783561928\n|switch|p2a: Vigoroth|Vigoroth, L85, M|275/275|[from] Flip Turn\n|-damage|p2a: Vigoroth|241/275|[from] Stealth Rock\n|move|p1a: Toucannon|Boomburst|p2a: Vigoroth\n|-crit|p2a: Vigoroth\n|-damage|p2a: Vigoroth|42/275\n|\n|upkeep\n|turn|14\n|inactive|Time left: 300 sec this turn | 300 sec total\n|\n|t:|1783561929\n|move|p2a: Vigoroth|Knock Off|p1a: Toucannon\n|-damage|p1a: Toucannon|0 fnt\n|-enditem|p1a: Toucannon|Heavy-Duty Boots|[from] move: Knock Off|[of] p2a: Vigoroth\n|faint|p1a: Toucannon\n|\n|upkeep\n|\n|t:|1783561929\n|switch|p1a: Plusle|Plusle, L95, M|100/100\n|turn|15\n|inactive|Time left: 300 sec this turn | 300 sec total\n|\n|t:|1783561930\n|switch|p2a: Dudunsparce|Dudunsparce, L83, F|343/343\n|-damage|p2a: Dudunsparce|301/343|[from] Stealth Rock\n|move|p1a: Plusle|Thunderbolt|p2a: Dudunsparce\n|-damage|p2a: Dudunsparce|126/343\n|-damage|p1a: Plusle|91/100|[from] item: Life Orb\n|\n|-heal|p2a: Dudunsparce|147/343|[from] item: Leftovers\n|upkeep\n|turn|16\n|inactive|Time left: 300 sec this turn | 300 sec total\n|\n|t:|1783561931\n|-terastallize|p2a: Dudunsparce|Ground\n|move|p1a: Plusle|Thunderbolt|p2a: Dudunsparce\n|-immune|p2a: Dudunsparce\n|move|p2a: Dudunsparce|Earthquake|p1a: Plusle\n|-supereffective|p1a: Plusle\n|-damage|p1a: Plusle|0 fnt\n|faint|p1a: Plusle\n|\n|-heal|p2a: Dudunsparce|168/343|[from] item: Leftovers\n|upkeep\n|\n|t:|1783561932\n|switch|p1a: Mamoswine|Mamoswine, L81, F|100/100\n|turn|17\n|inactive|Time left: 300 sec this turn | 300 sec total\n|\n|t:|1783561933\n|switch|p2a: Qwilfish|Qwilfish, L86, F|252/252\n|-ability|p2a: Qwilfish|Intimidate|boost\n|-unboost|p1a: Mamoswine|atk|1\n|move|p1a: Mamoswine|Earthquake|p2a: Qwilfish\n|-supereffective|p2a: Qwilfish\n|-damage|p2a: Qwilfish|41/252\n|-damage|p1a: Mamoswine|91/100|[from] item: Life Orb\n|\n|upkeep\n|turn|18\n|inactive|Time left: 300 sec this turn | 300 sec total\n|\n|t:|1783561934\n|move|p2a: Qwilfish|Pain Split|p1a: Mamoswine\n|-sethp|p1a: Mamoswine|52/100|[from] move: Pain Split|[silent]\n|-sethp|p2a: Qwilfish|160/252|[from] move: Pain Split\n|move|p1a: Mamoswine|Earthquake|p2a: Qwilfish\n|-supereffective|p2a: Qwilfish\n|-damage|p2a: Qwilfish|0 fnt\n|faint|p2a: Qwilfish\n|-damage|p1a: Mamoswine|42/100|[from] item: Life Orb\n|\n|upkeep\n|inactive|Time left: 300 sec this turn | 300 sec total | 5 sec grace\n|\n|t:|1783561935\n|switch|p2a: Raichu|Raichu, L88, M|249/249\n|-damage|p2a: Raichu|218/249|[from] Stealth Rock\n|turn|19\n|inactive|Time left: 300 sec this turn | 300 sec total\n|\n|t:|1783561936\n|-terastallize|p1a: Mamoswine|Ground\n|move|p2a: Raichu|Tera Blast|p1a: Mamoswine\n|-damage|p1a: Mamoswine|6/100\n|-damage|p2a: Raichu|194/249|[from] item: Life Orb\n|move|p1a: Mamoswine|Icicle Crash|p2a: Raichu\n|-damage|p2a: Raichu|69/249\n|-damage|p1a: Mamoswine|0 fnt|[from] item: Life Orb\n|faint|p1a: Mamoswine\n|\n|win|p0y1893d9dc", "uploadtime": 1783561936, "views": 0, "rating": 0, "private": 0, "password": null, "_winner": "p0y1893d9dc", "_our_name": "p0y1893d9dc"}