{"id": "battle-gen9randombattle-1149", "formatid": "gen9randombattle", "format": "[Gen 9] Random Battle", "players": ["p0x1149dc1e", "p0y1149c8ac"], "log": "|init|battle\n|title|p0x1149dc1e vs. p0y1149c8ac\n|j|\u2606p0x1149dc1e\n|j|\u2606p0y1149c8ac\n|t:|1783553341\n|gametype|singles\n|player|p1|p0x1149dc1e|1|\n|player|p2|p0y1149c8ac|102|\n|gen|9\n|tier|[Gen 9] Random Battle\n|rule|Species Clause: Limit one of each Pok\u00e9mon\n|rule|HP Percentage Mod: HP is shown in percentages\n|rule|Sleep Clause Mod: Limit one foe put to sleep\n|rule|Illusion Level Mod: Illusion disguises the Pok\u00e9mon's true level\n|\n|t:|1783553341\n|teamsize|p1|6\n|teamsize|p2|6\n|start\n|switch|p1a: Sunflora|Sunflora, F|312/312\n|switch|p2a: Scyther|Scyther, L82, M|100/100\n|turn|1\n|inactive|Battle timer is ON: inactive players will automatically lose when time's up. (requested by p0y1149c8ac)\n|inactive|Time left: 300 sec this turn | 300 sec total | 60 sec grace\n|inactive|p0x1149dc1e also wants the timer to be on.\n|\n|t:|1783553343\n|switch|p1a: Enamorus|Enamorus-Therian, L83, F|259/259\n|move|p2a: Scyther|Dual Wingbeat|p1a: Enamorus\n|-damage|p1a: Enamorus|198/259\n|-damage|p1a: Enamorus|144/259\n|-hitcount|p1a: Enamorus|2\n|\n|upkeep\n|turn|2\n|inactive|Time left: 300 sec this turn | 300 sec total\n|\n|t:|1783553345\n|move|p2a: Scyther|Dual Wingbeat|p1a: Enamorus\n|-damage|p1a: Enamorus|86/259\n|-damage|p1a: Enamorus|25/259\n|-hitcount|p1a: Enamorus|2\n|move|p1a: Enamorus|Mystical Fire|p2a: Scyther\n|-supereffective|p2a: Scyther\n|-damage|p2a: Scyther|39/100\n|-unboost|p2a: Scyther|spa|1\n|\n|upkeep\n|turn|3\n|inactive|Time left: 300 sec this turn | 300 sec total\n|\n|t:|1783553346\n|move|p2a: Scyther|Dual Wingbeat|p1a: Enamorus\n|-damage|p1a: Enamorus|0 fnt\n|faint|p1a: Enamorus\n|-hitcount|p1: Enamorus|1\n|\n|upkeep\n|inactive|Time left: 300 sec this turn | 300 sec total | 5 sec grace\n|\n|t:|1783553347\n|switch|p1a: Talonflame|Talonflame, L83, M|265/265\n|turn|4\n|inactive|Time left: 300 sec this turn | 300 sec total\n|\n|t:|1783553348\n|switch|p2a: Snorlax|Snorlax, L82, M|100/100\n|move|p1a: Talonflame|Swords Dance|p1a: Talonflame\n|-boost|p1a: Talonflame|atk|2\n|\n|upkeep\n|turn|5\n|inactive|Time left: 300 sec this turn | 300 sec total\n|\n|t:|1783553349\n|move|p1a: Talonflame|Swords Dance|p1a: Talonflame\n|-boost|p1a: Talonflame|atk|2\n|move|p2a: Snorlax|Body Slam|p1a: Talonflame\n|-damage|p1a: Talonflame|159/265\n|-status|p1a: Talonflame|par\n|\n|upkeep\n|turn|6\n|inactive|Time left: 300 sec this turn | 300 sec total\n|\n|t:|1783553351\n|move|p1a: Talonflame|Brave Bird|p2a: Snorlax\n|-damage|p2a: Snorlax|0 fnt\n|faint|p2a: Snorlax\n|-damage|p1a: Talonflame|28/265 par|[from] Recoil\n|\n|upkeep\n|\n|t:|1783553352\n|switch|p2a: Thundurus|Thundurus, L80, M|100/100\n|turn|7\n|inactive|Time left: 300 sec this turn | 300 sec total\n|\n|t:|1783553353\n|move|p2a: Thundurus|Knock Off|p1a: Talonflame\n|-damage|p1a: Talonflame|0 fnt\n|-enditem|p1a: Talonflame|Heavy-Duty Boots|[from] move: Knock Off|[of] p2a: Thundurus\n|faint|p1a: Talonflame\n|\n|upkeep\n|inactive|Time left: 300 sec this turn | 300 sec total | 5 sec grace\n|\n|t:|1783553354\n|switch|p1a: Sandslash|Sandslash-Alola, L88, F|275/275\n|turn|8\n|inactive|Time left: 300 sec this turn | 300 sec total\n|\n|t:|1783553355\n|-terastallize|p2a: Thundurus|Steel\n|move|p2a: Thundurus|Thunderbolt|p1a: Sandslash\n|-damage|p1a: Sandslash|157/275\n|move|p1a: Sandslash|Triple Axel|p2a: Thundurus\n|-resisted|p2a: Thundurus\n|-damage|p2a: Thundurus|92/100\n|-resisted|p2a: Thundurus\n|-damage|p2a: Thundurus|79/100\n|-resisted|p2a: Thundurus\n|-damage|p2a: Thundurus|55/100\n|-hitcount|p2a: Thundurus|3\n|-damage|p1a: Sandslash|130/275|[from] item: Life Orb\n|\n|upkeep\n|turn|9\n|inactive|Time left: 300 sec this turn | 300 sec total\n|\n|t:|1783553356\n|move|p2a: Thundurus|Thunderbolt|p1a: Sandslash\n|-damage|p1a: Sandslash|0 fnt\n|faint|p1a: Sandslash\n|\n|upkeep\n|inactive|Time left: 300 sec this turn | 300 sec total | 5 sec grace\n|\n|t:|1783553357\n|switch|p1a: Hitmonchan|Hitmonchan, L87, M|229/229\n|turn|10\n|inactive|Time left: 300 sec this turn | 300 sec total\n|\n|t:|1783553358\n|switch|p2a: Kricketune|Kricketune, L99, F|100/100\n|move|p1a: Hitmonchan|Swords Dance|p1a: Hitmonchan\n|-boost|p1a: Hitmonchan|atk|2\n|\n|upkeep\n|turn|11\n|inactive|Time left: 300 sec this turn | 300 sec total\n|\n|t:|1783553359\n|move|p2a: Kricketune|Sticky Web|p1a: Hitmonchan\n|-sidestart|p1: p0x1149dc1e|move: Sticky Web\n|move|p1a: Hitmonchan|Ice Punch|p2a: Kricketune\n|-damage|p2a: Kricketune|23/100\n|-damage|p1a: Hitmonchan|207/229|[from] item: Life Orb\n|\n|upkeep\n|turn|12\n|inactive|Time left: 300 sec this turn | 300 sec total\n|\n|t:|1783553360\n|move|p2a: Kricketune|Pounce|p1a: Hitmonchan\n|-resisted|p1a: Hitmonchan\n|-damage|p1a: Hitmonchan|155/229\n|-unboost|p1a: Hitmonchan|spe|1\n|move|p1a: Hitmonchan|Drain Punch|p2a: Kricketune\n|-resisted|p2a: Kricketune\n|-damage|p2a: Kricketune|0 fnt\n|-heal|p1a: Hitmonchan|190/229|[from] drain|[of] p2a: Kricketune\n|faint|p2a: Kricketune\n|-damage|p1a: Hitmonchan|168/229|[from] item: Life Orb\n|\n|upkeep\n|\n|t:|1783553361\n|switch|p2a: Scyther|Scyther, L82, M|39/100\n|turn|13\n|inactive|Time left: 300 sec this turn | 300 sec total\n|\n|t:|1783553362\n|move|p2a: Scyther|Dual Wingbeat|p1a: Hitmonchan\n|-supereffective|p1a: Hitmonchan\n|-damage|p1a: Hitmonchan|40/229\n|-supereffective|p1a: Hitmonchan\n|-crit|p1a: Hitmonchan\n|-damage|p1a: Hitmonchan|0 fnt\n|faint|p1a: Hitmonchan\n|-hitcount|p1: Hitmonchan|2\n|\n|upkeep\n|inactive|Time left: 300 sec this turn | 300 sec total | 5 sec grace\n|\n|t:|1783553363\n|switch|p1a: Phione|Phione, L91|293/293\n|-activate|p1a: Phione|move: Sticky Web\n|-unboost|p1a: Phione|spe|1\n|turn|14\n|inactive|Time left: 300 sec this turn | 300 sec total\n|\n|t:|1783553364\n|move|p2a: Scyther|U-turn|p1a: Phione\n|-damage|p1a: Phione|217/293\n|\n|t:|1783553365\n|switch|p2a: Thundurus|Thundurus, L80, M, tera:Steel|55/100|[from] U-turn\n|move|p1a: Phione|Scald|p2a: Thundurus\n|-damage|p2a: Thundurus|21/100\n|\n|-heal|p1a: Phione|235/293|[from] item: Leftovers\n|upkeep\n|turn|15\n|inactive|Time left: 300 sec this turn | 300 sec total\n|\n|t:|1783553366\n|move|p2a: Thundurus|Thunderbolt|p1a: Phione\n|-supereffective|p1a: Phione\n|-damage|p1a: Phione|11/293\n|move|p1a: Phione|Scald|p2a: Thundurus\n|-damage|p2a: Thundurus|0 fnt\n|faint|p2a: Thundurus\n|\n|-heal|p1a: Phione|29/293|[from] item: Leftovers\n|upkeep\n|\n|t:|1783553367\n|switch|p2a: Scyther|Scyther, L82, M|39/100\n|turn|16\n|inactive|Time left: 300 sec this turn | 300 sec total\n|\n|t:|1783553368\n|move|p2a: Scyther|Dual Wingbeat|p1a: Phione\n|-damage|p1a: Phione|0 fnt\n|faint|p1a: Phione\n|-hitcount|p1: Phione|1\n|\n|upkeep\n|inactive|Time left: 300 sec this turn | 300 sec total | 5 sec grace\n|\n|t:|1783553369\n|switch|p1a: Sunflora|Sunflora, F|312/312\n|-activate|p1a: Sunflora|move: Sticky Web\n|-unboost|p1a: Sunflora|spe|1\n|turn|17\n|inactive|Time left: 300 sec this turn | 300 sec total\n|\n|t:|1783553370\n|-terastallize|p1a: Sunflora|Grass\n|move|p2a: Scyther|Dual Wingbeat|p1a: Sunflora\n|-supereffective|p1a: Sunflora\n|-damage|p1a: Sunflora|148/312\n|-supereffective|p1a: Sunflora\n|-damage|p1a: Sunflora|0 fnt\n|faint|p1a: Sunflora\n|-hitcount|p1: Sunflora|2\n|\n|win|p0y1149c8ac", "uploadtime": 1783553370, "views": 0, "rating": 0, "private": 0, "password": null, "_winner": "p0y1149c8ac", "_our_name": "p0x1149dc1e"}