{"id": "battle-gen9randombattle-1983", "formatid": "gen9randombattle", "format": "[Gen 9] Random Battle", "players": ["p0x19834167", "p0y1983d1d4"], "log": "|init|battle\n|title|p0x19834167 vs. p0y1983d1d4\n|j|\u2606p0x19834167\n|j|\u2606p0y1983d1d4\n|t:|1783562206\n|gametype|singles\n|player|p1|p0x19834167|170|\n|player|p2|p0y1983d1d4|265|\n|gen|9\n|tier|[Gen 9] Random Battle\n|rule|Species Clause: Limit one of each Pok\u00e9mon\n|rule|HP Percentage Mod: HP is shown in percentages\n|rule|Sleep Clause Mod: Limit one foe put to sleep\n|rule|Illusion Level Mod: Illusion disguises the Pok\u00e9mon's true level\n|\n|t:|1783562206\n|teamsize|p1|6\n|teamsize|p2|6\n|start\n|switch|p1a: Dusknoir|Dusknoir, L89, M|225/225\n|switch|p2a: Cloyster|Cloyster, L80, M|100/100\n|-item|p2a: Cloyster|White Herb|[from] ability: Frisk|[of] p1a: Dusknoir\n|turn|1\n|inactive|Battle timer is ON: inactive players will automatically lose when time's up. (requested by p0x19834167)\n|inactive|p0y1983d1d4 also wants the timer to be on.\n|\n|t:|1783562208\n|move|p2a: Cloyster|Shell Smash|p2a: Cloyster\n|-unboost|p2a: Cloyster|def|1\n|-unboost|p2a: Cloyster|spd|1\n|-boost|p2a: Cloyster|atk|2\n|-boost|p2a: Cloyster|spa|2\n|-boost|p2a: Cloyster|spe|2\n|-enditem|p2a: Cloyster|White Herb\n|-clearnegativeboost|p2a: Cloyster|[silent]\n|move|p1a: Dusknoir|Will-O-Wisp|p2a: Cloyster\n|-status|p2a: Cloyster|brn\n|\n|-damage|p2a: Cloyster|94/100 brn|[from] brn\n|upkeep\n|turn|2\n|inactive|Time left: 300 sec this turn | 300 sec total\n|\n|t:|1783562209\n|move|p2a: Cloyster|Hydro Pump|p1a: Dusknoir\n|-damage|p1a: Dusknoir|93/225\n|move|p1a: Dusknoir|Earthquake|p2a: Cloyster\n|-damage|p2a: Cloyster|71/100 brn\n|\n|-heal|p1a: Dusknoir|107/225|[from] item: Leftovers\n|-damage|p2a: Cloyster|65/100 brn|[from] brn\n|upkeep\n|turn|3\n|inactive|Time left: 300 sec this turn | 300 sec total\n|\n|t:|1783562210\n|move|p2a: Cloyster|Icicle Spear|p1a: Dusknoir\n|-damage|p1a: Dusknoir|92/225\n|-damage|p1a: Dusknoir|76/225\n|-damage|p1a: Dusknoir|59/225\n|-damage|p1a: Dusknoir|43/225\n|-damage|p1a: Dusknoir|25/225\n|-hitcount|p1a: Dusknoir|5\n|move|p1a: Dusknoir|Earthquake|p2a: Cloyster\n|-damage|p2a: Cloyster|44/100 brn\n|\n|-heal|p1a: Dusknoir|39/225|[from] item: Leftovers\n|-damage|p2a: Cloyster|37/100 brn|[from] brn\n|upkeep\n|turn|4\n|inactive|Time left: 300 sec this turn | 300 sec total\n|\n|t:|1783562211\n|move|p2a: Cloyster|Hydro Pump|p1a: Dusknoir\n|-damage|p1a: Dusknoir|0 fnt\n|faint|p1a: Dusknoir\n|\n|-damage|p2a: Cloyster|31/100 brn|[from] brn\n|upkeep\n|inactive|Time left: 300 sec this turn | 300 sec total | 5 sec grace\n|\n|t:|1783562211\n|switch|p1a: Gallade|Gallade, L80, M|240/240\n|turn|5\n|inactive|Time left: 300 sec this turn | 300 sec total\n|\n|t:|1783562213\n|move|p2a: Cloyster|Icicle Spear|p1a: Gallade\n|-damage|p1a: Gallade|207/240\n|-crit|p1a: Gallade\n|-damage|p1a: Gallade|156/240\n|-damage|p1a: Gallade|126/240\n|-damage|p1a: Gallade|93/240\n|-damage|p1a: Gallade|63/240\n|-hitcount|p1a: Gallade|5\n|move|p1a: Gallade|Leaf Blade|p2a: Cloyster\n|-supereffective|p2a: Cloyster\n|-damage|p2a: Cloyster|0 fnt\n|faint|p2a: Cloyster\n|\n|upkeep\n|\n|t:|1783562214\n|switch|p2a: Gouging Fire|Gouging Fire, L74|100/100\n|turn|6\n|inactive|Time left: 300 sec this turn | 300 sec total\n|\n|t:|1783562215\n|switch|p1a: Enamorus|Enamorus, L79, F|247/247\n|move|p2a: Gouging Fire|Dragon Dance|p2a: Gouging Fire\n|-boost|p2a: Gouging Fire|atk|1\n|-boost|p2a: Gouging Fire|spe|1\n|\n|upkeep\n|turn|7\n|inactive|Time left: 300 sec this turn | 300 sec total\n|\n|t:|1783562216\n|move|p2a: Gouging Fire|Heat Crash|p1a: Enamorus\n|-damage|p1a: Enamorus|16/247\n|move|p1a: Enamorus|Earth Power|p2a: Gouging Fire\n|-supereffective|p2a: Gouging Fire\n|-damage|p2a: Gouging Fire|41/100\n|-unboost|p2a: Gouging Fire|spd|1\n|\n|upkeep\n|turn|8\n|inactive|Time left: 300 sec this turn | 300 sec total\n|\n|t:|1783562217\n|switch|p1a: Exeggutor|Exeggutor-Alola, L89, F|314/314\n|move|p2a: Gouging Fire|Heat Crash|p1a: Exeggutor\n|-damage|p1a: Exeggutor|256/314\n|\n|upkeep\n|turn|9\n|inactive|Time left: 300 sec this turn | 300 sec total\n|\n|t:|1783562217\n|switch|p1a: Enamorus|Enamorus, L79, F|16/247\n|move|p2a: Gouging Fire|Outrage|p1a: Enamorus\n|-immune|p1a: Enamorus\n|\n|upkeep\n|turn|10\n|inactive|Time left: 300 sec this turn | 300 sec total\n|\n|t:|1783562218\n|move|p2a: Gouging Fire|Heat Crash|p1a: Enamorus\n|-crit|p1a: Enamorus\n|-damage|p1a: Enamorus|0 fnt\n|faint|p1a: Enamorus\n|\n|upkeep\n|inactive|Time left: 300 sec this turn | 300 sec total | 5 sec grace\n|\n|t:|1783562219\n|switch|p1a: Dragapult|Dragapult, L77, M|262/262\n|turn|11\n|inactive|Time left: 300 sec this turn | 300 sec total\n|\n|t:|1783562220\n|move|p2a: Gouging Fire|Outrage|p1a: Dragapult\n|-supereffective|p1a: Dragapult\n|-damage|p1a: Dragapult|0 fnt\n|faint|p1a: Dragapult\n|\n|upkeep\n|inactive|Time left: 300 sec this turn | 300 sec total | 5 sec grace\n|\n|t:|1783562221\n|switch|p1a: Delibird|Delibird, F|252/252\n|turn|12\n|inactive|Time left: 300 sec this turn | 300 sec total\n|\n|t:|1783562222\n|move|p2a: Gouging Fire|Outrage|p1a: Delibird|[from] lockedmove\n|-damage|p1a: Delibird|41/252\n|-start|p2a: Gouging Fire|confusion|[fatigue]\n|move|p1a: Delibird|Freeze-Dry|p2a: Gouging Fire\n|-damage|p2a: Gouging Fire|0 fnt\n|faint|p2a: Gouging Fire\n|-end|p2a: Gouging Fire|Protosynthesis|[silent]\n|\n|upkeep\n|\n|t:|1783562223\n|switch|p2a: Spectrier|Spectrier, L75|100/100\n|turn|13\n|inactive|Time left: 300 sec this turn | 300 sec total\n|\n|t:|1783562224\n|switch|p1a: Exeggutor|Exeggutor-Alola, L89, F|256/314\n|move|p2a: Spectrier|Nasty Plot|p2a: Spectrier\n|-boost|p2a: Spectrier|spa|2\n|\n|upkeep\n|turn|14\n|inactive|Time left: 300 sec this turn | 300 sec total\n|\n|t:|1783562225\n|move|p2a: Spectrier|Shadow Ball|p1a: Exeggutor\n|-damage|p1a: Exeggutor|14/314\n|-enditem|p1a: Exeggutor|Sitrus Berry|[eat]\n|-heal|p1a: Exeggutor|92/314|[from] item: Sitrus Berry\n|-damage|p2a: Spectrier|91/100|[from] item: Life Orb\n|move|p1a: Exeggutor|Wood Hammer|p2a: Spectrier\n|-damage|p2a: Spectrier|5/100\n|-damage|p1a: Exeggutor|14/314|[from] Recoil\n|\n|upkeep\n|turn|15\n|inactive|Time left: 300 sec this turn | 300 sec total\n|\n|t:|1783562226\n|move|p2a: Spectrier|Draining Kiss|p1a: Exeggutor\n|-supereffective|p1a: Exeggutor\n|-damage|p1a: Exeggutor|0 fnt\n|-heal|p2a: Spectrier|9/100|[from] drain|[of] p1a: Exeggutor\n|faint|p1a: Exeggutor\n|-ability|p2a: Spectrier|Grim Neigh|boost\n|-boost|p2a: Spectrier|spa|1\n|-damage|p2a: Spectrier|0 fnt|[from] item: Life Orb\n|faint|p2a: Spectrier\n|\n|upkeep\n|inactive|Time left: 300 sec this turn | 300 sec total | 5 sec grace\n|\n|t:|1783562227\n|switch|p2a: Leafeon|Leafeon, L88, M|100/100\n|switch|p1a: Delibird|Delibird, F|41/252\n|turn|16\n|inactive|Time left: 300 sec this turn | 300 sec total\n|\n|t:|1783562227\n|switch|p1a: Gallade|Gallade, L80, M|63/240\n|move|p2a: Leafeon|Leaf Blade|p1a: Gallade\n|-damage|p1a: Gallade|0 fnt\n|faint|p1a: Gallade\n|\n|upkeep\n|inactive|Time left: 300 sec this turn | 300 sec total | 5 sec grace\n|\n|t:|1783562228\n|switch|p1a: Delibird|Delibird, F|41/252\n|turn|17\n|inactive|Time left: 300 sec this turn | 300 sec total\n|\n|t:|1783562229\n|move|p2a: Leafeon|Leaf Blade|p1a: Delibird\n|-resisted|p1a: Delibird\n|-damage|p1a: Delibird|0 fnt\n|faint|p1a: Delibird\n|\n|win|p0y1983d1d4", "uploadtime": 1783562229, "views": 0, "rating": 0, "private": 0, "password": null, "_winner": "p0y1983d1d4", "_our_name": "p0x19834167"}