{"id": "battle-gen9randombattle-2340", "formatid": "gen9randombattle", "format": "[Gen 9] Random Battle", "players": ["p0x2340aebc", "p0y23407849"], "log": "|init|battle\n|title|p0x2340aebc vs. p0y23407849\n|j|\u2606p0x2340aebc\n|j|\u2606p0y23407849\n|t:|1783567153\n|gametype|singles\n|player|p1|p0x2340aebc|266|\n|player|p2|p0y23407849|101|\n|gen|9\n|tier|[Gen 9] Random Battle\n|rule|Species Clause: Limit one of each Pok\u00e9mon\n|rule|HP Percentage Mod: HP is shown in percentages\n|rule|Sleep Clause Mod: Limit one foe put to sleep\n|rule|Illusion Level Mod: Illusion disguises the Pok\u00e9mon's true level\n|\n|t:|1783567153\n|teamsize|p1|6\n|teamsize|p2|6\n|start\n|switch|p1a: Porygon-Z|Porygon-Z, L83|277/277\n|switch|p2a: Dragapult|Dragapult, L77, F|100/100\n|-ability|p1a: Porygon-Z|Download|boost\n|-boost|p1a: Porygon-Z|spa|1\n|turn|1\n|inactive|Battle timer is ON: inactive players will automatically lose when time's up. (requested by p0x2340aebc)\n|inactive|p0y23407849 also wants the timer to be on.\n|\n|t:|1783567155\n|switch|p2a: Ampharos|Ampharos, L88, M|100/100\n|move|p1a: Porygon-Z|Ice Beam|p2a: Ampharos\n|-damage|p2a: Ampharos|60/100\n|\n|upkeep\n|turn|2\n|inactive|Time left: 300 sec this turn | 300 sec total\n|\n|t:|1783567156\n|move|p1a: Porygon-Z|Ice Beam|p2a: Ampharos\n|-damage|p2a: Ampharos|20/100\n|-status|p2a: Ampharos|frz\n|cant|p2a: Ampharos|frz\n|\n|upkeep\n|turn|3\n|inactive|Time left: 300 sec this turn | 300 sec total\n|\n|t:|1783567157\n|switch|p2a: Cresselia|Cresselia, L80, F|100/100\n|move|p1a: Porygon-Z|Ice Beam|p2a: Cresselia\n|-damage|p2a: Cresselia|53/100\n|\n|-heal|p2a: Cresselia|59/100|[from] item: Leftovers\n|upkeep\n|turn|4\n|inactive|Time left: 300 sec this turn | 300 sec total\n|\n|t:|1783567158\n|move|p1a: Porygon-Z|Ice Beam|p2a: Cresselia\n|-damage|p2a: Cresselia|8/100\n|move|p2a: Cresselia|Moonlight|p2a: Cresselia\n|-heal|p2a: Cresselia|58/100\n|\n|-heal|p2a: Cresselia|64/100|[from] item: Leftovers\n|upkeep\n|turn|5\n|inactive|Time left: 300 sec this turn | 300 sec total\n|\n|t:|1783567159\n|move|p1a: Porygon-Z|Ice Beam|p2a: Cresselia\n|-damage|p2a: Cresselia|14/100\n|-status|p2a: Cresselia|frz\n|cant|p2a: Cresselia|frz\n|\n|-heal|p2a: Cresselia|21/100 frz|[from] item: Leftovers\n|upkeep\n|turn|6\n|inactive|Time left: 300 sec this turn | 300 sec total\n|\n|t:|1783567160\n|move|p1a: Porygon-Z|Ice Beam|p2a: Cresselia\n|-damage|p2a: Cresselia|0 fnt\n|faint|p2a: Cresselia\n|\n|upkeep\n|\n|t:|1783567161\n|switch|p2a: Ting-Lu|Ting-Lu, L78|100/100\n|-ability|p2a: Ting-Lu|Vessel of Ruin\n|turn|7\n|inactive|Time left: 300 sec this turn | 300 sec total\n|\n|t:|1783567162\n|move|p1a: Porygon-Z|Ice Beam|p2a: Ting-Lu\n|-supereffective|p2a: Ting-Lu\n|-damage|p2a: Ting-Lu|9/100\n|move|p2a: Ting-Lu|Earthquake|p1a: Porygon-Z\n|-damage|p1a: Porygon-Z|163/277\n|\n|-heal|p2a: Ting-Lu|15/100|[from] item: Leftovers\n|upkeep\n|turn|8\n|inactive|Time left: 300 sec this turn | 300 sec total\n|\n|t:|1783567164\n|switch|p2a: Ampharos|Ampharos, L88, M|20/100 frz\n|move|p1a: Porygon-Z|Ice Beam|p2a: Ampharos\n|-damage|p2a: Ampharos|0 fnt\n|faint|p2a: Ampharos\n|\n|upkeep\n|\n|t:|1783567165\n|switch|p2a: Camerupt|Camerupt, L91, M|100/100\n|turn|9\n|inactive|Time left: 300 sec this turn | 300 sec total\n|\n|t:|1783567166\n|move|p1a: Porygon-Z|Ice Beam|p2a: Camerupt\n|-damage|p2a: Camerupt|35/100\n|move|p2a: Camerupt|Overheat|p1a: Porygon-Z\n|-damage|p1a: Porygon-Z|0 fnt\n|-unboost|p2a: Camerupt|spa|2\n|faint|p1a: Porygon-Z\n|\n|-heal|p2a: Camerupt|41/100|[from] item: Leftovers\n|upkeep\n|inactive|Time left: 300 sec this turn | 300 sec total | 5 sec grace\n|\n|t:|1783567167\n|switch|p1a: Gumshoos|Gumshoos, L95, F|321/321\n|turn|10\n|inactive|Time left: 300 sec this turn | 300 sec total\n|\n|t:|1783567168\n|switch|p2a: Hawlucha|Hawlucha, L80, M|100/100\n|move|p1a: Gumshoos|Knock Off|p2a: Hawlucha\n|-resisted|p2a: Hawlucha\n|-damage|p2a: Hawlucha|38/100\n|-enditem|p2a: Hawlucha|White Herb|[from] move: Knock Off|[of] p1a: Gumshoos\n|\n|upkeep\n|turn|11\n|inactive|Time left: 300 sec this turn | 300 sec total\n|\n|t:|1783567169\n|move|p2a: Hawlucha|Swords Dance|p2a: Hawlucha\n|-boost|p2a: Hawlucha|atk|2\n|move|p1a: Gumshoos|Knock Off|p2a: Hawlucha\n|-resisted|p2a: Hawlucha\n|-damage|p2a: Hawlucha|15/100\n|\n|upkeep\n|turn|12\n|inactive|Time left: 300 sec this turn | 300 sec total\n|\n|t:|1783567170\n|-terastallize|p2a: Hawlucha|Flying\n|move|p2a: Hawlucha|Acrobatics|p1a: Gumshoos\n|-damage|p1a: Gumshoos|0 fnt\n|faint|p1a: Gumshoos\n|\n|upkeep\n|inactive|Time left: 300 sec this turn | 300 sec total | 5 sec grace\n|\n|t:|1783567171\n|switch|p1a: Chien-Pao|Chien-Pao, L72|234/234\n|-ability|p1a: Chien-Pao|Sword of Ruin\n|turn|13\n|inactive|Time left: 300 sec this turn | 300 sec total\n|\n|t:|1783567172\n|move|p1a: Chien-Pao|Ice Shard|p2a: Hawlucha\n|-supereffective|p2a: Hawlucha\n|-damage|p2a: Hawlucha|0 fnt\n|faint|p2a: Hawlucha\n|\n|upkeep\n|\n|t:|1783567173\n|switch|p2a: Camerupt|Camerupt, L91, M|41/100\n|turn|14\n|inactive|Time left: 300 sec this turn | 300 sec total\n|\n|t:|1783567174\n|switch|p1a: Whiscash|Whiscash, L88, F|337/337\n|move|p2a: Camerupt|Will-O-Wisp|p1a: Whiscash\n|-status|p1a: Whiscash|brn\n|\n|-heal|p2a: Camerupt|47/100|[from] item: Leftovers\n|-damage|p1a: Whiscash|316/337 brn|[from] brn\n|upkeep\n|turn|15\n|inactive|Time left: 300 sec this turn | 300 sec total\n|\n|t:|1783567175\n|switch|p2a: Dragapult|Dragapult, L77, F|100/100\n|move|p1a: Whiscash|Liquidation|p2a: Dragapult\n|-resisted|p2a: Dragapult\n|-damage|p2a: Dragapult|88/100\n|-damage|p1a: Whiscash|283/337 brn|[from] item: Life Orb\n|\n|-damage|p1a: Whiscash|262/337 brn|[from] brn\n|upkeep\n|turn|16\n|inactive|Time left: 300 sec this turn | 300 sec total\n|\n|t:|1783567176\n|move|p2a: Dragapult|Dragon Darts|p1a: Whiscash\n|-damage|p1a: Whiscash|207/337 brn\n|-anim|p2a: Dragapult|Dragon Darts|p1a: Whiscash\n|-damage|p1a: Whiscash|149/337 brn\n|move|p1a: Whiscash|Dragon Dance|p1a: Whiscash\n|-boost|p1a: Whiscash|atk|1\n|-boost|p1a: Whiscash|spe|1\n|\n|-damage|p1a: Whiscash|128/337 brn|[from] brn\n|upkeep\n|turn|17\n|inactive|Time left: 300 sec this turn | 300 sec total\n|\n|t:|1783567177\n|move|p2a: Dragapult|Hex|p1a: Whiscash\n|-damage|p1a: Whiscash|0 fnt\n|faint|p1a: Whiscash\n|\n|upkeep\n|inactive|Time left: 300 sec this turn | 300 sec total | 5 sec grace\n|\n|t:|1783567178\n|switch|p1a: Chien-Pao|Chien-Pao, L72|234/234\n|-ability|p1a: Chien-Pao|Sword of Ruin\n|turn|18\n|inactive|Time left: 300 sec this turn | 300 sec total\n|\n|t:|1783567179\n|-terastallize|p1a: Chien-Pao|Ice\n|move|p1a: Chien-Pao|Ice Shard|p2a: Dragapult\n|-supereffective|p2a: Dragapult\n|-damage|p2a: Dragapult|2/100\n|move|p2a: Dragapult|Will-O-Wisp|p1a: Chien-Pao\n|-status|p1a: Chien-Pao|brn\n|\n|-damage|p1a: Chien-Pao|220/234 brn|[from] brn\n|upkeep\n|turn|19\n|inactive|Time left: 300 sec this turn | 300 sec total\n|\n|t:|1783567180\n|switch|p2a: Camerupt|Camerupt, L91, M|47/100\n|move|p1a: Chien-Pao|Ice Shard|p2a: Camerupt\n|-damage|p2a: Camerupt|28/100\n|\n|-heal|p2a: Camerupt|35/100|[from] item: Leftovers\n|-damage|p1a: Chien-Pao|206/234 brn|[from] brn\n|upkeep\n|turn|20\n|inactive|Time left: 300 sec this turn | 300 sec total\n|\n|t:|1783567181\n|move|p1a: Chien-Pao|Ice Shard|p2a: Camerupt\n|-damage|p2a: Camerupt|15/100\n|move|p2a: Camerupt|Earthquake|p1a: Chien-Pao\n|-damage|p1a: Chien-Pao|50/234 brn\n|\n|-heal|p2a: Camerupt|22/100|[from] item: Leftovers\n|-damage|p1a: Chien-Pao|36/234 brn|[from] brn\n|upkeep\n|turn|21\n|inactive|Time left: 300 sec this turn | 300 sec total\n|\n|t:|1783567182\n|move|p1a: Chien-Pao|Ice Shard|p2a: Camerupt\n|-damage|p2a: Camerupt|1/100\n|move|p2a: Camerupt|Overheat|p1a: Chien-Pao\n|-supereffective|p1a: Chien-Pao\n|-damage|p1a: Chien-Pao|0 fnt\n|-unboost|p2a: Camerupt|spa|2\n|faint|p1a: Chien-Pao\n|\n|-heal|p2a: Camerupt|7/100|[from] item: Leftovers\n|upkeep\n|inactive|Time left: 300 sec this turn | 300 sec total | 5 sec grace\n|\n|t:|1783567182\n|switch|p1a: Arceus|Arceus-Fire, L72|291/291\n|turn|22\n|inactive|Time left: 300 sec this turn | 300 sec total\n|\n|t:|1783567183\n|move|p1a: Arceus|Judgment|p2a: Camerupt\n|-resisted|p2a: Camerupt\n|-damage|p2a: Camerupt|0 fnt\n|faint|p2a: Camerupt\n|\n|upkeep\n|\n|t:|1783567184\n|switch|p2a: Dragapult|Dragapult, L77, F|2/100\n|turn|23\n|inactive|Time left: 300 sec this turn | 300 sec total\n|\n|t:|1783567185\n|move|p2a: Dragapult|Hex|p1a: Arceus\n|-damage|p1a: Arceus|236/291\n|move|p1a: Arceus|Judgment|p2a: Dragapult\n|-resisted|p2a: Dragapult\n|-damage|p2a: Dragapult|0 fnt\n|faint|p2a: Dragapult\n|\n|upkeep\n|\n|t:|1783567186\n|switch|p2a: Ting-Lu|Ting-Lu, L78|15/100\n|-ability|p2a: Ting-Lu|Vessel of Ruin\n|turn|24\n|inactive|Time left: 300 sec this turn | 300 sec total\n|\n|t:|1783567186\n|move|p1a: Arceus|Judgment|p2a: Ting-Lu\n|-damage|p2a: Ting-Lu|0 fnt\n|faint|p2a: Ting-Lu\n|\n|win|p0x2340aebc", "uploadtime": 1783567186, "views": 0, "rating": 0, "private": 0, "password": null, "_winner": "p0x2340aebc", "_our_name": "p0x2340aebc"}