{"id": "battle-gen9randombattle-175", "formatid": "gen9randombattle", "format": "[Gen 9] Random Battle", "players": ["p0x1755468", "p0y1750369"], "log": "|init|battle\n|title|p0x1755468 vs. p0y1750369\n|j|\u2606p0x1755468\n|j|\u2606p0y1750369\n|t:|1783535790\n|gametype|singles\n|player|p1|p0x1755468|101|\n|player|p2|p0y1750369|266|\n|gen|9\n|tier|[Gen 9] Random Battle\n|rule|Species Clause: Limit one of each Pok\u00e9mon\n|rule|HP Percentage Mod: HP is shown in percentages\n|rule|Sleep Clause Mod: Limit one foe put to sleep\n|rule|Illusion Level Mod: Illusion disguises the Pok\u00e9mon's true level\n|\n|t:|1783535790\n|teamsize|p1|6\n|teamsize|p2|6\n|start\n|switch|p1a: Bellibolt|Bellibolt, L84, F|100/100\n|switch|p2a: Crabominable|Crabominable, L90, M|321/321\n|turn|1\n|inactive|Battle timer is ON: inactive players will automatically lose when time's up. (requested by p0y1750369)\n|\n|t:|1783535792\n|move|p2a: Crabominable|Earthquake|p1a: Bellibolt\n|-supereffective|p1a: Bellibolt\n|-damage|p1a: Bellibolt|36/100\n|-start|p1a: Bellibolt|Charge|Earthquake|[from] ability: Electromorphosis\n|move|p1a: Bellibolt|Toxic|p2a: Crabominable\n|-status|p2a: Crabominable|tox\n|\n|-heal|p1a: Bellibolt|42/100|[from] item: Leftovers\n|-damage|p2a: Crabominable|301/321 tox|[from] psn\n|upkeep\n|turn|2\n|inactive|Time left: 300 sec this turn | 300 sec total\n|inactive|p0x1755468 also wants the timer to be on.\n|\n|t:|1783535793\n|move|p2a: Crabominable|Drain Punch|p1a: Bellibolt\n|-damage|p1a: Bellibolt|0 fnt\n|-heal|p2a: Crabominable|321/321 tox|[from] drain|[of] p1a: Bellibolt\n|faint|p1a: Bellibolt\n|\n|-damage|p2a: Crabominable|281/321 tox|[from] psn\n|upkeep\n|\n|t:|1783535794\n|switch|p1a: Gallade|Gallade, L80, M|100/100\n|turn|3\n|inactive|Time left: 300 sec this turn | 300 sec total\n|\n|t:|1783535795\n|switch|p2a: Eiscue|Eiscue, L88, F|274/274\n|move|p1a: Gallade|Psycho Cut|p2a: Eiscue\n|-activate|p2a: Eiscue|ability: Ice Face\n|-damage|p2a: Eiscue|274/274\n|detailschange|p2a: Eiscue|Eiscue-Noice, L88, F\n|\n|upkeep\n|turn|4\n|inactive|Time left: 300 sec this turn | 300 sec total\n|\n|t:|1783535796\n|move|p2a: Eiscue|Ice Spinner|p1a: Gallade\n|-damage|p1a: Gallade|55/100\n|move|p1a: Gallade|Psycho Cut|p2a: Eiscue\n|-damage|p2a: Eiscue|49/274\n|-enditem|p2a: Eiscue|Sitrus Berry|[eat]\n|-heal|p2a: Eiscue|117/274|[from] item: Sitrus Berry\n|\n|upkeep\n|turn|5\n|inactive|Time left: 300 sec this turn | 300 sec total\n|\n|t:|1783535798\n|move|p2a: Eiscue|Ice Spinner|p1a: Gallade\n|-damage|p1a: Gallade|8/100\n|move|p1a: Gallade|Psycho Cut|p2a: Eiscue\n|-damage|p2a: Eiscue|0 fnt\n|faint|p2a: Eiscue\n|\n|upkeep\n|inactive|Time left: 300 sec this turn | 300 sec total | 5 sec grace\n|\n|t:|1783535799\n|switch|p2a: Squawkabilly|Squawkabilly-Blue, L85, M|278/278\n|turn|6\n|inactive|Time left: 300 sec this turn | 300 sec total\n|\n|t:|1783535800\n|switch|p1a: Terrakion|Terrakion, L79|100/100\n|move|p2a: Squawkabilly|Brave Bird|p1a: Terrakion\n|-damage|p1a: Terrakion|49/100\n|-damage|p2a: Squawkabilly|231/278|[from] Recoil\n|\n|-status|p2a: Squawkabilly|brn|[from] item: Flame Orb\n|upkeep\n|turn|7\n|inactive|Time left: 300 sec this turn | 300 sec total\n|\n|t:|1783535801\n|switch|p2a: Hydrapple|Hydrapple, L83, M|312/312\n|move|p1a: Terrakion|Stone Edge|p2a: Hydrapple\n|-damage|p2a: Hydrapple|182/312\n|-damage|p1a: Terrakion|39/100|[from] item: Life Orb\n|\n|upkeep\n|turn|8\n|inactive|Time left: 300 sec this turn | 300 sec total\n|\n|t:|1783535802\n|-terastallize|p1a: Terrakion|Fighting\n|move|p1a: Terrakion|Close Combat|p2a: Hydrapple\n|-damage|p2a: Hydrapple|0 fnt\n|-unboost|p1a: Terrakion|def|1\n|-unboost|p1a: Terrakion|spd|1\n|faint|p2a: Hydrapple\n|-damage|p1a: Terrakion|29/100|[from] item: Life Orb\n|\n|upkeep\n|inactive|Time left: 300 sec this turn | 300 sec total | 5 sec grace\n|\n|t:|1783535803\n|switch|p2a: Squawkabilly|Squawkabilly-Blue, L85, M|231/278 brn\n|turn|9\n|inactive|Time left: 300 sec this turn | 300 sec total\n|\n|t:|1783535803\n|move|p2a: Squawkabilly|Quick Attack|p1a: Terrakion\n|-damage|p1a: Terrakion|0 fnt\n|faint|p1a: Terrakion\n|\n|-damage|p2a: Squawkabilly|214/278 brn|[from] brn\n|upkeep\n|\n|t:|1783535804\n|switch|p1a: Whiscash|Whiscash, L88, F|100/100\n|turn|10\n|inactive|Time left: 300 sec this turn | 300 sec total\n|\n|t:|1783535805\n|switch|p1a: Gallade|Gallade, L80, M|8/100\n|-terastallize|p2a: Squawkabilly|Normal\n|move|p2a: Squawkabilly|Facade|p1a: Gallade\n|-damage|p1a: Gallade|0 fnt\n|faint|p1a: Gallade\n|\n|-damage|p2a: Squawkabilly|197/278 brn|[from] brn\n|upkeep\n|\n|t:|1783535806\n|switch|p1a: Whiscash|Whiscash, L88, F|100/100\n|turn|11\n|inactive|Time left: 300 sec this turn | 300 sec total\n|\n|t:|1783535807\n|move|p2a: Squawkabilly|Facade|p1a: Whiscash\n|-damage|p1a: Whiscash|0 fnt\n|faint|p1a: Whiscash\n|\n|-damage|p2a: Squawkabilly|180/278 brn|[from] brn\n|upkeep\n|\n|t:|1783535807\n|switch|p1a: Rillaboom|Rillaboom, L79, F|100/100\n|-fieldstart|move: Grassy Terrain|[from] ability: Grassy Surge|[of] p1a: Rillaboom\n|turn|12\n|inactive|Time left: 300 sec this turn | 300 sec total\n|\n|t:|1783535808\n|move|p1a: Rillaboom|Grassy Glide|p2a: Squawkabilly\n|-damage|p2a: Squawkabilly|32/278 brn\n|-damage|p1a: Rillaboom|91/100|[from] item: Life Orb\n|move|p2a: Squawkabilly|Facade|p1a: Rillaboom\n|-damage|p1a: Rillaboom|0 fnt\n|faint|p1a: Rillaboom\n|\n|-heal|p2a: Squawkabilly|49/278 brn|[from] Grassy Terrain\n|-damage|p2a: Squawkabilly|32/278 brn|[from] brn\n|upkeep\n|\n|t:|1783535809\n|switch|p1a: Honchkrow|Honchkrow, L86, M|100/100\n|turn|13\n|inactive|Time left: 300 sec this turn | 300 sec total\n|\n|t:|1783535810\n|move|p1a: Honchkrow|Sucker Punch|p2a: Squawkabilly\n|-crit|p2a: Squawkabilly\n|-damage|p2a: Squawkabilly|0 fnt\n|faint|p2a: Squawkabilly\n|-ability|p1a: Honchkrow|Moxie|boost\n|-boost|p1a: Honchkrow|atk|1\n|\n|upkeep\n|inactive|Time left: 300 sec this turn | 300 sec total | 5 sec grace\n|\n|t:|1783535811\n|switch|p2a: Rampardos|Rampardos, L90, M|321/321\n|turn|14\n|inactive|Time left: 300 sec this turn | 300 sec total\n|\n|t:|1783535812\n|move|p1a: Honchkrow|Lash Out|p2a: Rampardos\n|-damage|p2a: Rampardos|132/321\n|move|p2a: Rampardos|Rock Slide|p1a: Honchkrow\n|-supereffective|p1a: Honchkrow\n|-damage|p1a: Honchkrow|0 fnt\n|faint|p1a: Honchkrow\n|\n|win|p0y1750369", "uploadtime": 1783535812, "views": 0, "rating": 0, "private": 0, "password": null, "_winner": "p0y1750369", "_our_name": "p0y1750369"}