{"id": "battle-gen9randombattle-913", "formatid": "gen9randombattle", "format": "[Gen 9] Random Battle", "players": ["p0x9139cfc", "p0y91352bb"], "log": "|init|battle\n|title|p0x9139cfc vs. p0y91352bb\n|j|\u2606p0x9139cfc\n|j|\u2606p0y91352bb\n|t:|1783549745\n|gametype|singles\n|player|p1|p0x9139cfc|2|\n|player|p2|p0y91352bb|101|\n|gen|9\n|tier|[Gen 9] Random Battle\n|rule|Species Clause: Limit one of each Pok\u00e9mon\n|rule|HP Percentage Mod: HP is shown in percentages\n|rule|Sleep Clause Mod: Limit one foe put to sleep\n|rule|Illusion Level Mod: Illusion disguises the Pok\u00e9mon's true level\n|\n|t:|1783549745\n|teamsize|p1|6\n|teamsize|p2|6\n|start\n|switch|p1a: Rotom|Rotom, L88|100/100\n|switch|p2a: Toedscruel|Toedscruel, L87, M|281/281\n|turn|1\n|inactive|Battle timer is ON: inactive players will automatically lose when time's up. (requested by p0x9139cfc)\n|inactive|Time left: 300 sec this turn | 300 sec total | 60 sec grace\n|inactive|p0y91352bb also wants the timer to be on.\n|\n|t:|1783549746\n|switch|p1a: Gyarados|Gyarados, L79, M|100/100\n|-ability|p1a: Gyarados|Intimidate|boost\n|-unboost|p2a: Toedscruel|atk|1\n|move|p2a: Toedscruel|Toxic|p1a: Gyarados\n|-status|p1a: Gyarados|tox\n|\n|-damage|p1a: Gyarados|94/100 tox|[from] psn\n|upkeep\n|turn|2\n|inactive|Time left: 300 sec this turn | 300 sec total\n|\n|t:|1783549747\n|switch|p2a: Araquanid|Araquanid, L82, M|246/246\n|move|p1a: Gyarados|Waterfall|p2a: Araquanid\n|-resisted|p2a: Araquanid\n|-damage|p2a: Araquanid|201/246\n|\n|-damage|p1a: Gyarados|82/100 tox|[from] psn\n|upkeep\n|turn|3\n|inactive|Time left: 300 sec this turn | 300 sec total\n|\n|t:|1783549749\n|switch|p1a: Iron Bundle|Iron Bundle, L78|100/100\n|move|p2a: Araquanid|Sticky Web|p1a: Iron Bundle\n|-sidestart|p1: p0x9139cfc|move: Sticky Web\n|\n|upkeep\n|turn|4\n|inactive|Time left: 300 sec this turn | 300 sec total\n|\n|t:|1783549750\n|move|p1a: Iron Bundle|Freeze-Dry|p2a: Araquanid\n|-supereffective|p2a: Araquanid\n|-damage|p2a: Araquanid|21/246\n|move|p2a: Araquanid|Liquidation|p1a: Iron Bundle\n|-resisted|p1a: Iron Bundle\n|-damage|p1a: Iron Bundle|75/100\n|-unboost|p1a: Iron Bundle|def|1\n|\n|upkeep\n|turn|5\n|inactive|Time left: 300 sec this turn | 300 sec total\n|\n|t:|1783549751\n|switch|p2a: Gumshoos|Gumshoos, L95, F|321/321\n|move|p1a: Iron Bundle|Freeze-Dry|p2a: Gumshoos\n|-damage|p2a: Gumshoos|174/321\n|\n|upkeep\n|turn|6\n|inactive|Time left: 300 sec this turn | 300 sec total\n|\n|t:|1783549752\n|-terastallize|p1a: Iron Bundle|Ice\n|move|p1a: Iron Bundle|Freeze-Dry|p2a: Gumshoos\n|-damage|p2a: Gumshoos|0 fnt\n|faint|p2a: Gumshoos\n|\n|upkeep\n|inactive|Time left: 300 sec this turn | 300 sec total | 5 sec grace\n|\n|t:|1783549753\n|switch|p2a: Flutter Mane|Flutter Mane, L74|203/203\n|turn|7\n|inactive|Time left: 300 sec this turn | 300 sec total\n|\n|t:|1783549754\n|move|p1a: Iron Bundle|Freeze-Dry|p2a: Flutter Mane\n|-damage|p2a: Flutter Mane|69/203\n|move|p2a: Flutter Mane|Moonblast|p1a: Iron Bundle\n|-crit|p1a: Iron Bundle\n|-damage|p1a: Iron Bundle|0 fnt\n|faint|p1a: Iron Bundle\n|-end|p1a: Iron Bundle|Quark Drive|[silent]\n|-damage|p2a: Flutter Mane|49/203|[from] item: Life Orb\n|\n|upkeep\n|\n|t:|1783549754\n|switch|p1a: Mimikyu|Mimikyu, L79, F|100/100\n|-activate|p1a: Mimikyu|move: Sticky Web\n|-unboost|p1a: Mimikyu|spe|1\n|turn|8\n|inactive|Time left: 300 sec this turn | 300 sec total\n|\n|t:|1783549755\n|move|p1a: Mimikyu|Shadow Sneak|p2a: Flutter Mane\n|-supereffective|p2a: Flutter Mane\n|-damage|p2a: Flutter Mane|0 fnt\n|faint|p2a: Flutter Mane\n|-end|p2a: Flutter Mane|Protosynthesis|[silent]\n|-damage|p1a: Mimikyu|91/100|[from] item: Life Orb\n|\n|upkeep\n|inactive|Time left: 300 sec this turn | 300 sec total | 5 sec grace\n|\n|t:|1783549756\n|switch|p2a: Quagsire|Quagsire, L84, F|297/297\n|turn|9\n|inactive|Time left: 300 sec this turn | 300 sec total\n|\n|t:|1783549757\n|switch|p1a: Gyarados|Gyarados, L79, M|82/100 tox\n|-ability|p1a: Gyarados|Intimidate|boost\n|-unboost|p2a: Quagsire|atk|1\n|move|p2a: Quagsire|Toxic|p1a: Gyarados\n|-fail|p1a: Gyarados|tox\n|\n|-damage|p1a: Gyarados|76/100 tox|[from] psn\n|upkeep\n|turn|10\n|inactive|Time left: 300 sec this turn | 300 sec total\n|\n|t:|1783549758\n|switch|p2a: Froslass|Froslass, L87, F|263/263\n|move|p1a: Gyarados|Dragon Dance|p1a: Gyarados\n|-boost|p1a: Gyarados|atk|1\n|-boost|p1a: Gyarados|spe|1\n|\n|-damage|p1a: Gyarados|64/100 tox|[from] psn\n|upkeep\n|turn|11\n|inactive|Time left: 300 sec this turn | 300 sec total\n|\n|t:|1783549759\n|move|p1a: Gyarados|Waterfall|p2a: Froslass\n|-damage|p2a: Froslass|115/263\n|-start|p1a: Gyarados|Disable|Waterfall|[from] ability: Cursed Body|[of] p2a: Froslass\n|move|p2a: Froslass|Triple Axel|p1a: Gyarados\n|-damage|p1a: Gyarados|55/100 tox\n|-damage|p1a: Gyarados|38/100 tox\n|-crit|p1a: Gyarados\n|-damage|p1a: Gyarados|0 fnt\n|faint|p1a: Gyarados\n|-hitcount|p1: Gyarados|3\n|\n|upkeep\n|\n|t:|1783549761\n|switch|p1a: Orthworm|Orthworm, L88, F|100/100\n|-activate|p1a: Orthworm|move: Sticky Web\n|-unboost|p1a: Orthworm|spe|1\n|turn|12\n|inactive|Time left: 300 sec this turn | 300 sec total\n|\n|t:|1783549762\n|move|p2a: Froslass|Poltergeist|p1a: Orthworm\n|-activate|p1a: Orthworm|move: Poltergeist|Chesto Berry\n|-damage|p1a: Orthworm|72/100\n|move|p1a: Orthworm|Iron Tail|p2a: Froslass|[miss]\n|-miss|p1a: Orthworm|p2a: Froslass\n|\n|upkeep\n|turn|13\n|inactive|Time left: 300 sec this turn | 300 sec total\n|\n|t:|1783549763\n|move|p2a: Froslass|Triple Axel|p1a: Orthworm\n|-resisted|p1a: Orthworm\n|-damage|p1a: Orthworm|70/100\n|-resisted|p1a: Orthworm\n|-damage|p1a: Orthworm|65/100\n|-resisted|p1a: Orthworm\n|-damage|p1a: Orthworm|58/100\n|-hitcount|p1a: Orthworm|3\n|move|p1a: Orthworm|Iron Tail|p2a: Froslass|[miss]\n|-miss|p1a: Orthworm|p2a: Froslass\n|\n|upkeep\n|turn|14\n|inactive|Time left: 300 sec this turn | 300 sec total\n|\n|t:|1783549764\n|move|p2a: Froslass|Triple Axel|p1a: Orthworm\n|-resisted|p1a: Orthworm\n|-damage|p1a: Orthworm|55/100\n|-resisted|p1a: Orthworm\n|-damage|p1a: Orthworm|50/100\n|-resisted|p1a: Orthworm\n|-damage|p1a: Orthworm|44/100\n|-hitcount|p1a: Orthworm|3\n|move|p1a: Orthworm|Iron Tail|p2a: Froslass\n|-supereffective|p2a: Froslass\n|-damage|p2a: Froslass|0 fnt\n|faint|p2a: Froslass\n|\n|upkeep\n|inactive|Time left: 300 sec this turn | 300 sec total | 5 sec grace\n|\n|t:|1783549765\n|switch|p2a: Araquanid|Araquanid, L82, M|21/246\n|turn|15\n|inactive|Time left: 300 sec this turn | 300 sec total\n|\n|t:|1783549765\n|move|p2a: Araquanid|Hydro Pump|p1a: Orthworm\n|-damage|p1a: Orthworm|0 fnt\n|faint|p1a: Orthworm\n|\n|upkeep\n|\n|t:|1783549766\n|switch|p1a: Rotom|Rotom, L88|100/100\n|turn|16\n|inactive|Time left: 300 sec this turn | 300 sec total\n|\n|t:|1783549767\n|switch|p2a: Toedscruel|Toedscruel, L87, M|281/281\n|move|p1a: Rotom|Shadow Ball|p2a: Toedscruel\n|-damage|p2a: Toedscruel|191/281\n|-damage|p1a: Rotom|91/100|[from] item: Life Orb\n|\n|-heal|p2a: Toedscruel|208/281|[from] item: Leftovers\n|upkeep\n|turn|17\n|inactive|Time left: 300 sec this turn | 300 sec total\n|\n|t:|1783549768\n|move|p1a: Rotom|Shadow Ball|p2a: Toedscruel\n|-damage|p2a: Toedscruel|114/281\n|-damage|p1a: Rotom|81/100|[from] item: Life Orb\n|move|p2a: Toedscruel|Toxic|p1a: Rotom|[miss]\n|-miss|p2a: Toedscruel|p1a: Rotom\n|\n|-heal|p2a: Toedscruel|131/281|[from] item: Leftovers\n|upkeep\n|turn|18\n|inactive|Time left: 300 sec this turn | 300 sec total\n|\n|t:|1783549769\n|move|p2a: Toedscruel|Giga Drain|p1a: Rotom\n|-damage|p1a: Rotom|44/100\n|-heal|p2a: Toedscruel|173/281|[from] drain|[of] p1a: Rotom\n|move|p1a: Rotom|Shadow Ball|p2a: Toedscruel\n|-damage|p2a: Toedscruel|83/281\n|-damage|p1a: Rotom|34/100|[from] item: Life Orb\n|\n|-heal|p2a: Toedscruel|100/281|[from] item: Leftovers\n|upkeep\n|turn|19\n|inactive|Time left: 300 sec this turn | 300 sec total\n|\n|t:|1783549770\n|switch|p1a: Mimikyu|Mimikyu, L79, F|91/100\n|-activate|p1a: Mimikyu|move: Sticky Web\n|-unboost|p1a: Mimikyu|spe|1\n|move|p2a: Toedscruel|Giga Drain|p1a: Mimikyu\n|-activate|p1a: Mimikyu|ability: Disguise\n|-damage|p1a: Mimikyu|91/100\n|detailschange|p1a: Mimikyu|Mimikyu-Busted, L79, F\n|-damage|p1a: Mimikyu|78/100|[from] pokemon: Mimikyu-Busted\n|\n|-heal|p2a: Toedscruel|117/281|[from] item: Leftovers\n|upkeep\n|turn|20\n|inactive|Time left: 300 sec this turn | 300 sec total\n|\n|t:|1783549771\n|move|p2a: Toedscruel|Giga Drain|p1a: Mimikyu\n|-crit|p1a: Mimikyu\n|-damage|p1a: Mimikyu|32/100\n|-heal|p2a: Toedscruel|167/281|[from] drain|[of] p1a: Mimikyu\n|move|p1a: Mimikyu|Play Rough|p2a: Toedscruel\n|-damage|p2a: Toedscruel|50/281\n|-damage|p1a: Mimikyu|23/100|[from] item: Life Orb\n|\n|-heal|p2a: Toedscruel|67/281|[from] item: Leftovers\n|upkeep\n|turn|21\n|inactive|Time left: 300 sec this turn | 300 sec total\n|\n|t:|1783549772\n|move|p1a: Mimikyu|Shadow Sneak|p2a: Toedscruel\n|-damage|p2a: Toedscruel|9/281\n|-damage|p1a: Mimikyu|13/100|[from] item: Life Orb\n|move|p2a: Toedscruel|Giga Drain|p1a: Mimikyu\n|-damage|p1a: Mimikyu|0 fnt\n|-heal|p2a: Toedscruel|23/281|[from] drain|[of] p1a: Mimikyu\n|faint|p1a: Mimikyu\n|\n|-heal|p2a: Toedscruel|40/281|[from] item: Leftovers\n|upkeep\n|\n|t:|1783549774\n|switch|p1a: Miraidon|Miraidon, L65|100/100\n|-activate|p1a: Miraidon|move: Sticky Web\n|-unboost|p1a: Miraidon|spe|1\n|-fieldstart|move: Electric Terrain|[from] ability: Hadron Engine|[of] p1a: Miraidon\n|turn|22\n|inactive|Time left: 300 sec this turn | 300 sec total\n|\n|t:|1783549774\n|move|p2a: Toedscruel|Earth Power|p1a: Miraidon\n|-supereffective|p1a: Miraidon\n|-damage|p1a: Miraidon|30/100\n|move|p1a: Miraidon|Dragon Pulse|p2a: Toedscruel\n|-damage|p2a: Toedscruel|0 fnt\n|faint|p2a: Toedscruel\n|-damage|p1a: Miraidon|20/100|[from] item: Life Orb\n|\n|upkeep\n|inactive|Time left: 300 sec this turn | 300 sec total | 5 sec grace\n|\n|t:|1783549775\n|switch|p2a: Quagsire|Quagsire, L84, F|297/297\n|turn|23\n|inactive|Time left: 300 sec this turn | 300 sec total\n|\n|t:|1783549776\n|move|p1a: Miraidon|Draco Meteor|p2a: Quagsire\n|-damage|p2a: Quagsire|66/297\n|-unboost|p1a: Miraidon|spa|2\n|-damage|p1a: Miraidon|11/100|[from] item: Life Orb\n|move|p2a: Quagsire|Recover|p2a: Quagsire\n|-heal|p2a: Quagsire|215/297\n|\n|-heal|p2a: Quagsire|233/297|[from] item: Leftovers\n|upkeep\n|turn|24\n|inactive|Time left: 300 sec this turn | 300 sec total\n|\n|t:|1783549777\n|move|p1a: Miraidon|Draco Meteor|p2a: Quagsire|[miss]\n|-miss|p1a: Miraidon|p2a: Quagsire\n|move|p2a: Quagsire|Recover|p2a: Quagsire\n|-heal|p2a: Quagsire|297/297\n|\n|upkeep\n|turn|25\n|inactive|Time left: 300 sec this turn | 300 sec total\n|\n|t:|1783549778\n|move|p1a: Miraidon|Draco Meteor|p2a: Quagsire\n|-damage|p2a: Quagsire|46/297\n|-unboost|p1a: Miraidon|spa|2\n|-damage|p1a: Miraidon|1/100|[from] item: Life Orb\n|move|p2a: Quagsire|Recover|p2a: Quagsire\n|-heal|p2a: Quagsire|195/297\n|\n|-heal|p2a: Quagsire|213/297|[from] item: Leftovers\n|upkeep\n|turn|26\n|inactive|Time left: 300 sec this turn | 300 sec total\n|\n|t:|1783549779\n|switch|p1a: Rotom|Rotom, L88|34/100\n|move|p2a: Quagsire|Recover|p2a: Quagsire\n|-heal|p2a: Quagsire|297/297\n|\n|-fieldend|move: Electric Terrain\n|upkeep\n|turn|27\n|inactive|Time left: 300 sec this turn | 300 sec total\n|\n|t:|1783549780\n|move|p1a: Rotom|Shadow Ball|p2a: Quagsire\n|-damage|p2a: Quagsire|149/297\n|-damage|p1a: Rotom|24/100|[from] item: Life Orb\n|move|p2a: Quagsire|Toxic|p1a: Rotom\n|-status|p1a: Rotom|tox\n|\n|-heal|p2a: Quagsire|167/297|[from] item: Leftovers\n|-damage|p1a: Rotom|18/100 tox|[from] psn\n|upkeep\n|turn|28\n|inactive|Time left: 300 sec this turn | 300 sec total\n|\n|t:|1783549781\n|move|p1a: Rotom|Will-O-Wisp|p2a: Quagsire\n|-status|p2a: Quagsire|brn\n|move|p2a: Quagsire|Earthquake|p1a: Rotom\n|-immune|p1a: Rotom|[from] ability: Levitate\n|\n|-heal|p2a: Quagsire|185/297 brn|[from] item: Leftovers\n|-damage|p1a: Rotom|6/100 tox|[from] psn\n|-damage|p2a: Quagsire|167/297 brn|[from] brn\n|upkeep\n|turn|29\n|inactive|Time left: 300 sec this turn | 300 sec total\n|\n|t:|1783549782\n|switch|p1a: Miraidon|Miraidon, L65|1/100\n|-activate|p1a: Miraidon|move: Sticky Web\n|-unboost|p1a: Miraidon|spe|1\n|-fieldstart|move: Electric Terrain|[from] ability: Hadron Engine|[of] p1a: Miraidon\n|move|p2a: Quagsire|Recover|p2a: Quagsire\n|-heal|p2a: Quagsire|297/297 brn\n|\n|-damage|p2a: Quagsire|279/297 brn|[from] brn\n|upkeep\n|turn|30\n|inactive|Time left: 300 sec this turn | 300 sec total\n|\n|t:|1783549783\n|switch|p1a: Rotom|Rotom, L88|6/100 tox\n|-terastallize|p2a: Quagsire|Poison\n|move|p2a: Quagsire|Toxic|p1a: Rotom\n|-fail|p1a: Rotom|tox\n|\n|-heal|p2a: Quagsire|297/297 brn|[from] item: Leftovers\n|-damage|p1a: Rotom|0 fnt|[from] psn\n|faint|p1a: Rotom\n|-damage|p2a: Quagsire|279/297 brn|[from] brn\n|upkeep\n|\n|t:|1783549783\n|switch|p1a: Miraidon|Miraidon, L65|1/100\n|-activate|p1a: Miraidon|move: Sticky Web\n|-unboost|p1a: Miraidon|spe|1\n|-activate|p1a: Miraidon|ability: Hadron Engine\n|turn|31\n|inactive|Time left: 300 sec this turn | 300 sec total\n|\n|t:|1783549784\n|switch|p2a: Araquanid|Araquanid, L82, M|21/246\n|move|p1a: Miraidon|Dragon Pulse|p2a: Araquanid\n|-damage|p2a: Araquanid|0 fnt\n|faint|p2a: Araquanid\n|-damage|p1a: Miraidon|0 fnt|[from] item: Life Orb\n|faint|p1a: Miraidon\n|\n|win|p0y91352bb", "uploadtime": 1783549784, "views": 0, "rating": 0, "private": 0, "password": null, "_winner": "p0y91352bb", "_our_name": "p0y91352bb"}