{"id": "battle-gen9randombattle-1434", "formatid": "gen9randombattle", "format": "[Gen 9] Random Battle", "players": ["p0x14342187", "p0y14348e7c"], "log": "|init|battle\n|title|p0x14342187 vs. p0y14348e7c\n|j|\u2606p0x14342187\n|j|\u2606p0y14348e7c\n|t:|1783555774\n|gametype|singles\n|player|p1|p0x14342187|169|\n|player|p2|p0y14348e7c|170|\n|gen|9\n|tier|[Gen 9] Random Battle\n|rule|Species Clause: Limit one of each Pok\u00e9mon\n|rule|HP Percentage Mod: HP is shown in percentages\n|rule|Sleep Clause Mod: Limit one foe put to sleep\n|rule|Illusion Level Mod: Illusion disguises the Pok\u00e9mon's true level\n|\n|t:|1783555774\n|teamsize|p1|6\n|teamsize|p2|6\n|start\n|switch|p1a: Emboar|Emboar, L84, F|100/100\n|switch|p2a: Sandaconda|Sandaconda, L84, M|258/258\n|turn|1\n|inactive|Battle timer is ON: inactive players will automatically lose when time's up. (requested by p0x14342187)\n|inactive|Time left: 300 sec this turn | 300 sec total | 60 sec grace\n|inactive|p0y14348e7c also wants the timer to be on.\n|\n|t:|1783555776\n|move|p2a: Sandaconda|Earthquake|p1a: Emboar\n|-supereffective|p1a: Emboar\n|-damage|p1a: Emboar|7/100\n|move|p1a: Emboar|Trailblaze|p2a: Sandaconda\n|-supereffective|p2a: Sandaconda\n|-damage|p2a: Sandaconda|192/258\n|-boost|p1a: Emboar|spe|1\n|\n|-heal|p1a: Emboar|13/100|[from] item: Leftovers\n|-heal|p2a: Sandaconda|208/258|[from] item: Leftovers\n|upkeep\n|turn|2\n|inactive|Time left: 300 sec this turn | 300 sec total\n|\n|t:|1783555777\n|move|p1a: Emboar|Drain Punch|p2a: Sandaconda\n|-damage|p2a: Sandaconda|129/258\n|-heal|p1a: Emboar|25/100|[from] drain|[of] p2a: Sandaconda\n|move|p2a: Sandaconda|Earthquake|p1a: Emboar\n|-supereffective|p1a: Emboar\n|-crit|p1a: Emboar\n|-damage|p1a: Emboar|0 fnt\n|faint|p1a: Emboar\n|\n|-heal|p2a: Sandaconda|145/258|[from] item: Leftovers\n|upkeep\n|\n|t:|1783555778\n|switch|p1a: Masquerain|Masquerain, L87, M|100/100\n|-ability|p1a: Masquerain|Intimidate|boost\n|-unboost|p2a: Sandaconda|atk|1\n|turn|3\n|inactive|Time left: 300 sec this turn | 300 sec total\n|\n|t:|1783555779\n|move|p1a: Masquerain|Sticky Web|p2a: Sandaconda\n|-sidestart|p2: p0y14348e7c|move: Sticky Web\n|move|p2a: Sandaconda|Stone Edge|p1a: Masquerain\n|-supereffective|p1a: Masquerain\n|-damage|p1a: Masquerain|2/100\n|\n|-heal|p2a: Sandaconda|161/258|[from] item: Leftovers\n|upkeep\n|turn|4\n|inactive|Time left: 300 sec this turn | 300 sec total\n|\n|t:|1783555780\n|move|p1a: Masquerain|Hydro Pump|p2a: Sandaconda\n|-supereffective|p2a: Sandaconda\n|-damage|p2a: Sandaconda|0 fnt\n|faint|p2a: Sandaconda\n|\n|upkeep\n|inactive|Time left: 300 sec this turn | 300 sec total | 5 sec grace\n|\n|t:|1783555781\n|switch|p2a: Archaludon|Archaludon, L78, F|268/268\n|-activate|p2a: Archaludon|move: Sticky Web\n|-unboost|p2a: Archaludon|spe|1\n|turn|5\n|inactive|Time left: 300 sec this turn | 300 sec total\n|\n|t:|1783555782\n|move|p1a: Masquerain|Hurricane|p2a: Archaludon\n|-resisted|p2a: Archaludon\n|-damage|p2a: Archaludon|178/268\n|-ability|p2a: Archaludon|Stamina|boost\n|-boost|p2a: Archaludon|def|1\n|move|p2a: Archaludon|Flash Cannon|p1a: Masquerain\n|-damage|p1a: Masquerain|0 fnt\n|faint|p1a: Masquerain\n|\n|-heal|p2a: Archaludon|194/268|[from] item: Leftovers\n|upkeep\n|\n|t:|1783555783\n|switch|p1a: Kyogre|Kyogre, L71|100/100\n|-weather|RainDance|[from] ability: Drizzle|[of] p1a: Kyogre\n|turn|6\n|inactive|Time left: 300 sec this turn | 300 sec total\n|\n|t:|1783555784\n|-terastallize|p1a: Kyogre|Water\n|move|p1a: Kyogre|Water Spout|p2a: Archaludon\n|-resisted|p2a: Archaludon\n|-damage|p2a: Archaludon|0 fnt\n|faint|p2a: Archaludon\n|\n|-weather|RainDance|[upkeep]\n|upkeep\n|inactive|Time left: 300 sec this turn | 300 sec total | 5 sec grace\n|\n|t:|1783555785\n|switch|p2a: Ogerpon|Ogerpon-Wellspring, L76, F|247/247\n|-activate|p2a: Ogerpon|move: Sticky Web\n|-unboost|p2a: Ogerpon|spe|1\n|turn|7\n|inactive|Time left: 300 sec this turn | 300 sec total\n|\n|t:|1783555786\n|switch|p1a: Latias|Latias, L79, F|100/100\n|move|p2a: Ogerpon|Swords Dance|p2a: Ogerpon\n|-boost|p2a: Ogerpon|atk|2\n|\n|-weather|RainDance|[upkeep]\n|upkeep\n|turn|8\n|inactive|Time left: 300 sec this turn | 300 sec total\n|\n|t:|1783555787\n|move|p1a: Latias|Draco Meteor|p2a: Ogerpon\n|-damage|p2a: Ogerpon|70/247\n|-unboost|p1a: Latias|spa|2\n|move|p2a: Ogerpon|Ivy Cudgel|p1a: Latias|[anim] Ivy Cudgel Water\n|-resisted|p1a: Latias\n|-damage|p1a: Latias|25/100\n|\n|-weather|RainDance|[upkeep]\n|upkeep\n|turn|9\n|inactive|Time left: 300 sec this turn | 300 sec total\n|\n|t:|1783555787\n|move|p1a: Latias|Draco Meteor|p2a: Ogerpon\n|-damage|p2a: Ogerpon|0 fnt\n|-unboost|p1a: Latias|spa|2\n|faint|p2a: Ogerpon\n|\n|-weather|RainDance|[upkeep]\n|upkeep\n|inactive|Time left: 300 sec this turn | 300 sec total | 5 sec grace\n|\n|t:|1783555788\n|switch|p2a: Qwilfish|Qwilfish-Hisui, L83, M|244/244\n|-activate|p2a: Qwilfish|move: Sticky Web\n|-unboost|p2a: Qwilfish|spe|1\n|-ability|p2a: Qwilfish|Intimidate|boost\n|-unboost|p1a: Latias|atk|1\n|turn|10\n|inactive|Time left: 300 sec this turn | 300 sec total\n|\n|t:|1783555789\n|switch|p1a: Houndoom|Houndoom, L87, M|100/100\n|move|p2a: Qwilfish|Gunk Shot|p1a: Houndoom\n|-damage|p1a: Houndoom|37/100\n|\n|-weather|none\n|upkeep\n|turn|11\n|inactive|Time left: 300 sec this turn | 300 sec total\n|\n|t:|1783555790\n|move|p1a: Houndoom|Fire Blast|p2a: Qwilfish\n|-damage|p2a: Qwilfish|123/244\n|-status|p2a: Qwilfish|brn\n|move|p2a: Qwilfish|Gunk Shot|p1a: Houndoom\n|-damage|p1a: Houndoom|8/100\n|-status|p1a: Houndoom|psn\n|\n|-damage|p1a: Houndoom|0 fnt|[from] psn\n|faint|p1a: Houndoom\n|-damage|p2a: Qwilfish|108/244 brn|[from] brn\n|upkeep\n|\n|t:|1783555791\n|switch|p1a: Kyogre|Kyogre, L71, tera:Water|100/100\n|-weather|RainDance|[from] ability: Drizzle|[of] p1a: Kyogre\n|turn|12\n|inactive|Time left: 300 sec this turn | 300 sec total\n|\n|t:|1783555792\n|move|p1a: Kyogre|Water Spout|p2a: Qwilfish\n|-damage|p2a: Qwilfish|0 fnt\n|faint|p2a: Qwilfish\n|\n|-weather|RainDance|[upkeep]\n|upkeep\n|inactive|Time left: 300 sec this turn | 300 sec total | 5 sec grace\n|\n|t:|1783555793\n|switch|p2a: Hypno|Hypno, L95, F|315/315\n|-activate|p2a: Hypno|move: Sticky Web\n|-unboost|p2a: Hypno|spe|1\n|turn|13\n|inactive|Time left: 300 sec this turn | 300 sec total\n|\n|t:|1783555794\n|-terastallize|p2a: Hypno|Dark\n|move|p1a: Kyogre|Water Spout|p2a: Hypno\n|-damage|p2a: Hypno|89/315\n|move|p2a: Hypno|Knock Off|p1a: Kyogre\n|-damage|p1a: Kyogre|51/100\n|-enditem|p1a: Kyogre|Choice Scarf|[from] move: Knock Off|[of] p2a: Hypno\n|\n|-weather|RainDance|[upkeep]\n|-heal|p2a: Hypno|108/315|[from] item: Leftovers\n|upkeep\n|turn|14\n|inactive|Time left: 300 sec this turn | 300 sec total\n|\n|t:|1783555795\n|switch|p2a: Weezing|Weezing, L88, F|258/258\n|move|p1a: Kyogre|Water Spout|p2a: Weezing\n|-damage|p2a: Weezing|68/258\n|\n|-weather|RainDance|[upkeep]\n|-heal|p2a: Weezing|84/258|[from] item: Leftovers\n|upkeep\n|turn|15\n|inactive|Time left: 300 sec this turn | 300 sec total\n|\n|t:|1783555796\n|move|p1a: Kyogre|Water Spout|p2a: Weezing\n|-damage|p2a: Weezing|0 fnt\n|faint|p2a: Weezing\n|\n|-weather|RainDance|[upkeep]\n|upkeep\n|inactive|Time left: 300 sec this turn | 300 sec total | 5 sec grace\n|\n|t:|1783555796\n|switch|p2a: Hypno|Hypno, L95, F, tera:Dark|108/315\n|-activate|p2a: Hypno|move: Sticky Web\n|-unboost|p2a: Hypno|spe|1\n|turn|16\n|inactive|Time left: 300 sec this turn | 300 sec total\n|\n|t:|1783555797\n|move|p1a: Kyogre|Water Spout|p2a: Hypno\n|-damage|p2a: Hypno|0 fnt\n|faint|p2a: Hypno\n|\n|win|p0x14342187", "uploadtime": 1783555797, "views": 0, "rating": 0, "private": 0, "password": null, "_winner": "p0x14342187", "_our_name": "p0y14348e7c"}