{"id": "battle-gen9randombattle-932", "formatid": "gen9randombattle", "format": "[Gen 9] Random Battle", "players": ["p0x9326aa8", "p0y932c0dd"], "log": "|init|battle\n|title|p0x9326aa8 vs. p0y932c0dd\n|j|\u2606p0x9326aa8\n|j|\u2606p0y932c0dd\n|t:|1783549949\n|gametype|singles\n|player|p1|p0x9326aa8|1|\n|player|p2|p0y932c0dd|265|\n|gen|9\n|tier|[Gen 9] Random Battle\n|rule|Species Clause: Limit one of each Pok\u00e9mon\n|rule|HP Percentage Mod: HP is shown in percentages\n|rule|Sleep Clause Mod: Limit one foe put to sleep\n|rule|Illusion Level Mod: Illusion disguises the Pok\u00e9mon's true level\n|\n|t:|1783549949\n|teamsize|p1|6\n|teamsize|p2|6\n|start\n|switch|p1a: Staraptor|Staraptor, L79, M|263/263\n|switch|p2a: Lucario|Lucario, L84, M|100/100\n|turn|1\n|inactive|Battle timer is ON: inactive players will automatically lose when time's up. (requested by p0y932c0dd)\n|inactive|Time left: 300 sec this turn | 300 sec total | 60 sec grace\n|inactive|p0x9326aa8 also wants the timer to be on.\n|\n|t:|1783549951\n|switch|p2a: Slaking|Slaking, L84, M|100/100\n|move|p1a: Staraptor|Brave Bird|p2a: Slaking\n|-damage|p2a: Slaking|47/100\n|-damage|p1a: Staraptor|194/263|[from] Recoil\n|\n|upkeep\n|turn|2\n|inactive|Time left: 300 sec this turn | 300 sec total\n|\n|t:|1783549952\n|switch|p1a: Eiscue|Eiscue, L88, F|274/274\n|move|p2a: Slaking|Giga Impact|p1a: Eiscue\n|-activate|p1a: Eiscue|ability: Ice Face\n|-damage|p1a: Eiscue|274/274\n|-mustrecharge|p2a: Slaking\n|detailschange|p1a: Eiscue|Eiscue-Noice, L88, F\n|\n|upkeep\n|turn|3\n|inactive|Time left: 300 sec this turn | 300 sec total\n|\n|t:|1783549953\n|move|p1a: Eiscue|Belly Drum|p1a: Eiscue\n|-damage|p1a: Eiscue|137/274\n|-setboost|p1a: Eiscue|atk|6|[from] move: Belly Drum\n|-enditem|p1a: Eiscue|Sitrus Berry|[eat]\n|-heal|p1a: Eiscue|205/274|[from] item: Sitrus Berry\n|cant|p2a: Slaking|recharge\n|\n|upkeep\n|turn|4\n|inactive|Time left: 300 sec this turn | 300 sec total\n|\n|t:|1783549954\n|switch|p2a: Toxapex|Toxapex, L82, F|100/100\n|move|p1a: Eiscue|Ice Spinner|p2a: Toxapex\n|-resisted|p2a: Toxapex\n|-damage|p2a: Toxapex|53/100\n|\n|-heal|p2a: Toxapex|59/100|[from] item: Leftovers\n|upkeep\n|turn|5\n|inactive|Time left: 300 sec this turn | 300 sec total\n|\n|t:|1783549956\n|move|p1a: Eiscue|Zen Headbutt|p2a: Toxapex|[miss]\n|-miss|p1a: Eiscue|p2a: Toxapex\n|move|p2a: Toxapex|Haze|p2a: Toxapex\n|-clearallboost\n|\n|-heal|p2a: Toxapex|65/100|[from] item: Leftovers\n|upkeep\n|turn|6\n|inactive|Time left: 300 sec this turn | 300 sec total\n|\n|t:|1783549957\n|switch|p2a: Slaking|Slaking, L84, M|47/100\n|move|p1a: Eiscue|Zen Headbutt|p2a: Slaking\n|-damage|p2a: Slaking|35/100\n|\n|upkeep\n|turn|7\n|inactive|Time left: 300 sec this turn | 300 sec total\n|\n|t:|1783549958\n|switch|p1a: Copperajah|Copperajah, L86, M|350/350\n|move|p2a: Slaking|Giga Impact|p1a: Copperajah|[miss]\n|-miss|p2a: Slaking|p1a: Copperajah\n|\n|upkeep\n|turn|8\n|inactive|Time left: 300 sec this turn | 300 sec total\n|\n|t:|1783549959\n|switch|p2a: Toxapex|Toxapex, L82, F|99/100\n|move|p1a: Copperajah|Heavy Slam|p2a: Toxapex\n|-resisted|p2a: Toxapex\n|-damage|p2a: Toxapex|60/100\n|\n|-heal|p2a: Toxapex|66/100|[from] item: Leftovers\n|upkeep\n|turn|9\n|inactive|Time left: 300 sec this turn | 300 sec total\n|\n|t:|1783549960\n|move|p2a: Toxapex|Recover|p2a: Toxapex\n|-heal|p2a: Toxapex|100/100\n|move|p1a: Copperajah|Heavy Slam|p2a: Toxapex\n|-resisted|p2a: Toxapex\n|-damage|p2a: Toxapex|63/100\n|\n|-heal|p2a: Toxapex|69/100|[from] item: Leftovers\n|upkeep\n|turn|10\n|inactive|Time left: 300 sec this turn | 300 sec total\n|\n|t:|1783549961\n|move|p2a: Toxapex|Recover|p2a: Toxapex\n|-heal|p2a: Toxapex|100/100\n|move|p1a: Copperajah|Heavy Slam|p2a: Toxapex\n|-resisted|p2a: Toxapex\n|-damage|p2a: Toxapex|60/100\n|\n|-heal|p2a: Toxapex|66/100|[from] item: Leftovers\n|upkeep\n|turn|11\n|inactive|Time left: 300 sec this turn | 300 sec total\n|\n|t:|1783549962\n|move|p2a: Toxapex|Liquidation|p1a: Copperajah\n|-damage|p1a: Copperajah|272/350\n|move|p1a: Copperajah|Heavy Slam|p2a: Toxapex\n|-resisted|p2a: Toxapex\n|-damage|p2a: Toxapex|30/100\n|\n|-heal|p2a: Toxapex|36/100|[from] item: Leftovers\n|upkeep\n|turn|12\n|inactive|Time left: 300 sec this turn | 300 sec total\n|\n|t:|1783549964\n|move|p2a: Toxapex|Recover|p2a: Toxapex\n|-heal|p2a: Toxapex|86/100\n|move|p1a: Copperajah|Heavy Slam|p2a: Toxapex\n|-resisted|p2a: Toxapex\n|-damage|p2a: Toxapex|47/100\n|\n|-heal|p2a: Toxapex|53/100|[from] item: Leftovers\n|upkeep\n|turn|13\n|inactive|Time left: 300 sec this turn | 300 sec total\n|\n|t:|1783549965\n|move|p2a: Toxapex|Recover|p2a: Toxapex\n|-heal|p2a: Toxapex|100/100\n|move|p1a: Copperajah|Heavy Slam|p2a: Toxapex\n|-resisted|p2a: Toxapex\n|-damage|p2a: Toxapex|60/100\n|\n|-heal|p2a: Toxapex|66/100|[from] item: Leftovers\n|upkeep\n|turn|14\n|inactive|Time left: 300 sec this turn | 300 sec total\n|\n|t:|1783549966\n|move|p2a: Toxapex|Liquidation|p1a: Copperajah\n|-damage|p1a: Copperajah|199/350\n|move|p1a: Copperajah|Heavy Slam|p2a: Toxapex\n|-resisted|p2a: Toxapex\n|-damage|p2a: Toxapex|27/100\n|\n|-heal|p2a: Toxapex|33/100|[from] item: Leftovers\n|upkeep\n|turn|15\n|inactive|Time left: 300 sec this turn | 300 sec total\n|\n|t:|1783549968\n|move|p2a: Toxapex|Recover|p2a: Toxapex\n|-heal|p2a: Toxapex|83/100\n|move|p1a: Copperajah|Heavy Slam|p2a: Toxapex\n|-resisted|p2a: Toxapex\n|-damage|p2a: Toxapex|46/100\n|\n|-heal|p2a: Toxapex|52/100|[from] item: Leftovers\n|upkeep\n|turn|16\n|inactive|Time left: 300 sec this turn | 300 sec total\n|\n|t:|1783549969\n|move|p2a: Toxapex|Recover|p2a: Toxapex\n|-heal|p2a: Toxapex|100/100\n|move|p1a: Copperajah|Heavy Slam|p2a: Toxapex\n|-resisted|p2a: Toxapex\n|-damage|p2a: Toxapex|60/100\n|\n|-heal|p2a: Toxapex|66/100|[from] item: Leftovers\n|upkeep\n|turn|17\n|inactive|Time left: 300 sec this turn | 300 sec total\n|\n|t:|1783549970\n|move|p2a: Toxapex|Recover|p2a: Toxapex\n|-heal|p2a: Toxapex|100/100\n|move|p1a: Copperajah|Heavy Slam|p2a: Toxapex\n|-resisted|p2a: Toxapex\n|-damage|p2a: Toxapex|63/100\n|\n|-heal|p2a: Toxapex|69/100|[from] item: Leftovers\n|upkeep\n|turn|18\n|inactive|Time left: 300 sec this turn | 300 sec total\n|\n|t:|1783549971\n|move|p2a: Toxapex|Liquidation|p1a: Copperajah\n|-damage|p1a: Copperajah|123/350\n|move|p1a: Copperajah|Heavy Slam|p2a: Toxapex\n|-resisted|p2a: Toxapex\n|-damage|p2a: Toxapex|28/100\n|\n|-heal|p2a: Toxapex|34/100|[from] item: Leftovers\n|upkeep\n|turn|19\n|inactive|Time left: 300 sec this turn | 300 sec total\n|\n|t:|1783549972\n|move|p2a: Toxapex|Recover|p2a: Toxapex\n|-heal|p2a: Toxapex|84/100\n|move|p1a: Copperajah|Heavy Slam|p2a: Toxapex\n|-resisted|p2a: Toxapex\n|-crit|p2a: Toxapex\n|-damage|p2a: Toxapex|25/100\n|\n|-heal|p2a: Toxapex|31/100|[from] item: Leftovers\n|upkeep\n|turn|20\n|inactive|Time left: 300 sec this turn | 300 sec total\n|\n|t:|1783549973\n|switch|p2a: Salazzle|Salazzle, L83, F|100/100\n|move|p1a: Copperajah|Heavy Slam|p2a: Salazzle\n|-resisted|p2a: Salazzle\n|-damage|p2a: Salazzle|36/100\n|\n|-heal|p2a: Salazzle|42/100|[from] item: Leftovers\n|upkeep\n|turn|21\n|inactive|Time left: 300 sec this turn | 300 sec total\n|\n|t:|1783549974\n|switch|p1a: Raikou|Raikou, L81|278/278\n|-ability|p1a: Raikou|Pressure\n|move|p2a: Salazzle|Flamethrower|p1a: Raikou\n|-damage|p1a: Raikou|182/278\n|-status|p1a: Raikou|brn\n|\n|-heal|p2a: Salazzle|48/100|[from] item: Leftovers\n|-heal|p1a: Raikou|199/278 brn|[from] item: Leftovers\n|-damage|p1a: Raikou|182/278 brn|[from] brn\n|upkeep\n|turn|22\n|inactive|Time left: 300 sec this turn | 300 sec total\n|\n|t:|1783549975\n|switch|p2a: Gogoat|Gogoat, L88, M|100/100\n|move|p1a: Raikou|Thunderbolt|p2a: Gogoat\n|-resisted|p2a: Gogoat\n|-damage|p2a: Gogoat|87/100\n|\n|-heal|p1a: Raikou|199/278 brn|[from] item: Leftovers\n|-heal|p2a: Gogoat|93/100|[from] item: Leftovers\n|-damage|p1a: Raikou|182/278 brn|[from] brn\n|upkeep\n|turn|23\n|inactive|Time left: 300 sec this turn | 300 sec total\n|\n|t:|1783549976\n|switch|p1a: Staraptor|Staraptor, L79, M|194/263\n|move|p2a: Gogoat|Earthquake|p1a: Staraptor\n|-immune|p1a: Staraptor\n|\n|-heal|p2a: Gogoat|99/100|[from] item: Leftovers\n|upkeep\n|turn|24\n|inactive|Time left: 300 sec this turn | 300 sec total\n|\n|t:|1783549977\n|move|p1a: Staraptor|Brave Bird|p2a: Gogoat\n|-supereffective|p2a: Gogoat\n|-damage|p2a: Gogoat|0 fnt\n|faint|p2a: Gogoat\n|-damage|p1a: Staraptor|77/263|[from] Recoil\n|\n|upkeep\n|\n|t:|1783549978\n|switch|p2a: Slaking|Slaking, L84, M|35/100\n|turn|25\n|inactive|Time left: 300 sec this turn | 300 sec total\n|\n|t:|1783549979\n|move|p2a: Slaking|Giga Impact|p1a: Staraptor\n|-damage|p1a: Staraptor|0 fnt\n|-mustrecharge|p2a: Slaking\n|faint|p1a: Staraptor\n|\n|upkeep\n|inactive|Time left: 300 sec this turn | 300 sec total | 5 sec grace\n|\n|t:|1783549980\n|switch|p1a: Zacian|Zacian-Crowned, L64|225/225\n|-ability|p1a: Zacian|Intrepid Sword|boost\n|-boost|p1a: Zacian|atk|1\n|turn|26\n|inactive|Time left: 300 sec this turn | 300 sec total\n|\n|t:|1783549981\n|move|p1a: Zacian|Swords Dance|p1a: Zacian\n|-boost|p1a: Zacian|atk|2\n|cant|p2a: Slaking|recharge\n|\n|upkeep\n|turn|27\n|inactive|Time left: 300 sec this turn | 300 sec total\n|\n|t:|1783549982\n|switch|p2a: Toxapex|Toxapex, L82, F|64/100\n|move|p1a: Zacian|Behemoth Blade|p2a: Toxapex\n|-resisted|p2a: Toxapex\n|-damage|p2a: Toxapex|30/100\n|\n|-heal|p2a: Toxapex|36/100|[from] item: Leftovers\n|upkeep\n|turn|28\n|inactive|Time left: 300 sec this turn | 300 sec total\n|\n|t:|1783549983\n|move|p1a: Zacian|Behemoth Blade|p2a: Toxapex\n|-resisted|p2a: Toxapex\n|-damage|p2a: Toxapex|3/100\n|move|p2a: Toxapex|Haze|p2a: Toxapex\n|-clearallboost\n|\n|-heal|p2a: Toxapex|9/100|[from] item: Leftovers\n|upkeep\n|turn|29\n|inactive|Time left: 300 sec this turn | 300 sec total\n|\n|t:|1783549984\n|switch|p2a: Salazzle|Salazzle, L83, F|48/100\n|move|p1a: Zacian|Swords Dance|p1a: Zacian\n|-boost|p1a: Zacian|atk|2\n|\n|-heal|p2a: Salazzle|54/100|[from] item: Leftovers\n|upkeep\n|turn|30\n|inactive|Time left: 300 sec this turn | 300 sec total\n|\n|t:|1783549985\n|-terastallize|p1a: Zacian|Fighting\n|move|p2a: Salazzle|Flamethrower|p1a: Zacian\n|-damage|p1a: Zacian|117/225\n|move|p1a: Zacian|Close Combat|p2a: Salazzle\n|-resisted|p2a: Salazzle\n|-damage|p2a: Salazzle|0 fnt\n|-unboost|p1a: Zacian|def|1\n|-unboost|p1a: Zacian|spd|1\n|faint|p2a: Salazzle\n|\n|upkeep\n|\n|t:|1783549986\n|switch|p2a: Lucario|Lucario, L84, M|100/100\n|turn|31\n|inactive|Time left: 300 sec this turn | 300 sec total\n|\n|t:|1783549987\n|move|p2a: Lucario|Extreme Speed|p1a: Zacian\n|-damage|p1a: Zacian|0 fnt\n|faint|p1a: Zacian\n|-damage|p2a: Lucario|91/100|[from] item: Life Orb\n|\n|upkeep\n|inactive|Time left: 300 sec this turn | 300 sec total | 5 sec grace\n|\n|t:|1783549988\n|switch|p1a: Copperajah|Copperajah, L86, M|123/350\n|turn|32\n|inactive|Time left: 300 sec this turn | 300 sec total\n|\n|t:|1783549989\n|move|p2a: Lucario|Close Combat|p1a: Copperajah\n|-supereffective|p1a: Copperajah\n|-damage|p1a: Copperajah|0 fnt\n|-unboost|p2a: Lucario|def|1\n|-unboost|p2a: Lucario|spd|1\n|faint|p1a: Copperajah\n|-damage|p2a: Lucario|81/100|[from] item: Life Orb\n|\n|upkeep\n|inactive|Time left: 300 sec this turn | 300 sec total | 5 sec grace\n|\n|t:|1783549990\n|switch|p1a: Oricorio|Oricorio-Pa'u, L87, M|272/272\n|turn|33\n|inactive|Time left: 300 sec this turn | 300 sec total\n|\n|t:|1783549991\n|move|p1a: Oricorio|Quiver Dance|p1a: Oricorio\n|-boost|p1a: Oricorio|spa|1\n|-boost|p1a: Oricorio|spd|1\n|-boost|p1a: Oricorio|spe|1\n|move|p2a: Lucario|Meteor Mash|p1a: Oricorio\n|-damage|p1a: Oricorio|123/272\n|-damage|p2a: Lucario|71/100|[from] item: Life Orb\n|\n|upkeep\n|turn|34\n|inactive|Time left: 300 sec this turn | 300 sec total\n|\n|t:|1783549992\n|-terastallize|p2a: Lucario|Normal\n|move|p2a: Lucario|Extreme Speed|p1a: Oricorio\n|-damage|p1a: Oricorio|0 fnt\n|faint|p1a: Oricorio\n|-damage|p2a: Lucario|61/100|[from] item: Life Orb\n|\n|upkeep\n|inactive|Time left: 300 sec this turn | 300 sec total | 5 sec grace\n|\n|t:|1783549992\n|switch|p1a: Raikou|Raikou, L81|182/278 brn\n|-ability|p1a: Raikou|Pressure\n|turn|35\n|inactive|Time left: 300 sec this turn | 300 sec total\n|\n|t:|1783549993\n|move|p2a: Lucario|Extreme Speed|p1a: Raikou\n|-damage|p1a: Raikou|40/278 brn\n|-damage|p2a: Lucario|51/100|[from] item: Life Orb\n|move|p1a: Raikou|Thunderbolt|p2a: Lucario\n|-damage|p2a: Lucario|0 fnt\n|faint|p2a: Lucario\n|\n|-heal|p1a: Raikou|57/278 brn|[from] item: Leftovers\n|-damage|p1a: Raikou|40/278 brn|[from] brn\n|upkeep\n|\n|t:|1783549994\n|switch|p2a: Cyclizar|Cyclizar, L84, F|100/100\n|turn|36\n|inactive|Time left: 300 sec this turn | 300 sec total\n|\n|t:|1783549995\n|switch|p1a: Eiscue|Eiscue-Noice, L88, F|205/274\n|move|p2a: Cyclizar|Rapid Spin|p1a: Eiscue\n|-damage|p1a: Eiscue|150/274\n|-boost|p2a: Cyclizar|spe|1\n|\n|upkeep\n|turn|37\n|inactive|Time left: 300 sec this turn | 300 sec total\n|\n|t:|1783549996\n|switch|p1a: Raikou|Raikou, L81|40/278 brn\n|-ability|p1a: Raikou|Pressure\n|move|p2a: Cyclizar|Draco Meteor|p1a: Raikou|[miss]\n|-miss|p2a: Cyclizar|p1a: Raikou\n|\n|-heal|p1a: Raikou|57/278 brn|[from] item: Leftovers\n|-damage|p1a: Raikou|40/278 brn|[from] brn\n|upkeep\n|turn|38\n|inactive|Time left: 300 sec this turn | 300 sec total\n|\n|t:|1783549997\n|switch|p1a: Eiscue|Eiscue-Noice, L88, F|150/274\n|move|p2a: Cyclizar|Rapid Spin|p1a: Eiscue\n|-damage|p1a: Eiscue|84/274\n|-boost|p2a: Cyclizar|spe|1\n|\n|upkeep\n|turn|39\n|inactive|Time left: 300 sec this turn | 300 sec total\n|\n|t:|1783549998\n|switch|p1a: Raikou|Raikou, L81|40/278 brn\n|-ability|p1a: Raikou|Pressure\n|move|p2a: Cyclizar|Draco Meteor|p1a: Raikou\n|-damage|p1a: Raikou|0 fnt\n|-unboost|p2a: Cyclizar|spa|2\n|faint|p1a: Raikou\n|\n|upkeep\n|inactive|Time left: 300 sec this turn | 300 sec total | 5 sec grace\n|\n|t:|1783549999\n|switch|p1a: Eiscue|Eiscue-Noice, L88, F|84/274\n|turn|40\n|inactive|Time left: 300 sec this turn | 300 sec total\n|\n|t:|1783549999\n|move|p2a: Cyclizar|Rapid Spin|p1a: Eiscue\n|-damage|p1a: Eiscue|23/274\n|-boost|p2a: Cyclizar|spe|1\n|move|p1a: Eiscue|Ice Spinner|p2a: Cyclizar\n|-supereffective|p2a: Cyclizar\n|-damage|p2a: Cyclizar|17/100\n|\n|upkeep\n|turn|41\n|inactive|Time left: 300 sec this turn | 300 sec total\n|\n|t:|1783550000\n|move|p2a: Cyclizar|Rapid Spin|p1a: Eiscue\n|-damage|p1a: Eiscue|0 fnt\n|-boost|p2a: Cyclizar|spe|1\n|faint|p1a: Eiscue\n|\n|win|p0y932c0dd", "uploadtime": 1783550000, "views": 0, "rating": 0, "private": 0, "password": null, "_winner": "p0y932c0dd", "_our_name": "p0x9326aa8"}