{"id": "battle-gen9randombattle-1892", "formatid": "gen9randombattle", "format": "[Gen 9] Random Battle", "players": ["p0x1892c24a", "p0y189265a7"], "log": "|init|battle\n|title|p0x1892c24a vs. p0y189265a7\n|j|\u2606p0x1892c24a\n|j|\u2606p0y189265a7\n|t:|1783561902\n|gametype|singles\n|player|p1|p0x1892c24a|101|\n|player|p2|p0y189265a7|265|\n|gen|9\n|tier|[Gen 9] Random Battle\n|rule|Species Clause: Limit one of each Pok\u00e9mon\n|rule|HP Percentage Mod: HP is shown in percentages\n|rule|Sleep Clause Mod: Limit one foe put to sleep\n|rule|Illusion Level Mod: Illusion disguises the Pok\u00e9mon's true level\n|\n|t:|1783561902\n|teamsize|p1|6\n|teamsize|p2|6\n|start\n|switch|p1a: Farigiraf|Farigiraf, L90, M|362/362\n|switch|p2a: Volbeat|Volbeat, L90, M|100/100\n|turn|1\n|inactive|Battle timer is ON: inactive players will automatically lose when time's up. (requested by p0x1892c24a)\n|inactive|p0y189265a7 also wants the timer to be on.\n|\n|t:|1783561903\n|move|p2a: Volbeat|U-turn|p1a: Farigiraf\n|-supereffective|p1a: Farigiraf\n|-damage|p1a: Farigiraf|210/362\n|\n|t:|1783561904\n|switch|p2a: Roaring Moon|Roaring Moon, L72|100/100|[from] U-turn\n|move|p1a: Farigiraf|Body Slam|p2a: Roaring Moon\n|-damage|p2a: Roaring Moon|52/100\n|\n|-heal|p1a: Farigiraf|232/362|[from] item: Leftovers\n|upkeep\n|turn|2\n|inactive|Time left: 300 sec this turn | 300 sec total\n|\n|t:|1783561906\n|move|p1a: Farigiraf|Protect|p1a: Farigiraf\n|-singleturn|p1a: Farigiraf|Protect\n|move|p2a: Roaring Moon|Knock Off|p1a: Farigiraf\n|-activate|p1a: Farigiraf|move: Protect\n|\n|-heal|p1a: Farigiraf|254/362|[from] item: Leftovers\n|upkeep\n|turn|3\n|inactive|Time left: 300 sec this turn | 300 sec total\n|\n|t:|1783561906\n|switch|p1a: Dipplin|Dipplin, L88, M|284/284\n|move|p2a: Roaring Moon|Knock Off|p1a: Dipplin\n|-damage|p1a: Dipplin|205/284\n|-activate|p1a: Dipplin|ability: Sticky Hold\n|\n|upkeep\n|turn|4\n|inactive|Time left: 300 sec this turn | 300 sec total\n|\n|t:|1783561907\n|move|p2a: Roaring Moon|Knock Off|p1a: Dipplin\n|-damage|p1a: Dipplin|130/284\n|-activate|p1a: Dipplin|ability: Sticky Hold\n|move|p1a: Dipplin|Dragon Pulse|p2a: Roaring Moon\n|-supereffective|p2a: Roaring Moon\n|-damage|p2a: Roaring Moon|0 fnt\n|faint|p2a: Roaring Moon\n|-end|p2a: Roaring Moon|Protosynthesis|[silent]\n|\n|upkeep\n|\n|t:|1783561908\n|switch|p2a: Eternatus|Eternatus, L69|100/100\n|-ability|p2a: Eternatus|Pressure\n|turn|5\n|inactive|Time left: 300 sec this turn | 300 sec total\n|\n|t:|1783561909\n|move|p2a: Eternatus|Dynamax Cannon|p1a: Dipplin\n|-supereffective|p1a: Dipplin\n|-damage|p1a: Dipplin|0 fnt\n|faint|p1a: Dipplin\n|\n|upkeep\n|inactive|Time left: 300 sec this turn | 300 sec total | 5 sec grace\n|\n|t:|1783561910\n|switch|p1a: Clawitzer|Clawitzer, L87, M|265/265\n|turn|6\n|inactive|Time left: 300 sec this turn | 300 sec total\n|\n|t:|1783561911\n|switch|p2a: Komala|Komala, L87, M|100/100\n|-ability|p2a: Komala|Comatose\n|move|p1a: Clawitzer|Ice Beam|p2a: Komala\n|-damage|p2a: Komala|71/100\n|\n|upkeep\n|turn|7\n|inactive|Time left: 300 sec this turn | 300 sec total\n|\n|t:|1783561912\n|move|p2a: Komala|Knock Off|p1a: Clawitzer\n|-damage|p1a: Clawitzer|191/265\n|-enditem|p1a: Clawitzer|Choice Specs|[from] move: Knock Off|[of] p2a: Komala\n|move|p1a: Clawitzer|Ice Beam|p2a: Komala\n|-damage|p2a: Komala|53/100\n|\n|upkeep\n|turn|8\n|inactive|Time left: 300 sec this turn | 300 sec total\n|\n|t:|1783561914\n|move|p2a: Komala|Body Slam|p1a: Clawitzer\n|-damage|p1a: Clawitzer|82/265\n|-status|p1a: Clawitzer|par\n|cant|p1a: Clawitzer|par\n|\n|upkeep\n|turn|9\n|inactive|Time left: 300 sec this turn | 300 sec total\n|\n|t:|1783561915\n|move|p2a: Komala|Body Slam|p1a: Clawitzer\n|-damage|p1a: Clawitzer|0 fnt\n|faint|p1a: Clawitzer\n|\n|upkeep\n|inactive|Time left: 300 sec this turn | 300 sec total | 5 sec grace\n|\n|t:|1783561916\n|switch|p1a: Slither Wing|Slither Wing, L81|270/270\n|turn|10\n|inactive|Time left: 300 sec this turn | 300 sec total\n|\n|t:|1783561917\n|switch|p2a: Stonjourner|Stonjourner, L91, F|100/100\n|move|p1a: Slither Wing|First Impression|p2a: Stonjourner\n|-damage|p2a: Stonjourner|69/100\n|-damage|p1a: Slither Wing|243/270|[from] item: Life Orb\n|\n|upkeep\n|turn|11\n|inactive|Time left: 300 sec this turn | 300 sec total\n|\n|t:|1783561917\n|-end|p1a: Slither Wing|Protosynthesis|[silent]\n|switch|p1a: Farigiraf|Farigiraf, L90, M|254/362\n|move|p2a: Stonjourner|Stone Edge|p1a: Farigiraf\n|-damage|p1a: Farigiraf|51/362\n|-damage|p2a: Stonjourner|59/100|[from] item: Life Orb\n|\n|-heal|p1a: Farigiraf|73/362|[from] item: Leftovers\n|upkeep\n|turn|12\n|inactive|Time left: 300 sec this turn | 300 sec total\n|\n|t:|1783561918\n|move|p1a: Farigiraf|Protect|p1a: Farigiraf\n|-singleturn|p1a: Farigiraf|Protect\n|move|p2a: Stonjourner|Earthquake|p1a: Farigiraf\n|-activate|p1a: Farigiraf|move: Protect\n|\n|-heal|p1a: Farigiraf|95/362|[from] item: Leftovers\n|upkeep\n|turn|13\n|inactive|Time left: 300 sec this turn | 300 sec total\n|\n|t:|1783561919\n|move|p1a: Farigiraf|Protect|p1a: Farigiraf\n|-singleturn|p1a: Farigiraf|Protect\n|move|p2a: Stonjourner|Heat Crash|p1a: Farigiraf\n|-activate|p1a: Farigiraf|move: Protect\n|\n|-heal|p1a: Farigiraf|117/362|[from] item: Leftovers\n|upkeep\n|turn|14\n|inactive|Time left: 300 sec this turn | 300 sec total\n|\n|t:|1783561920\n|move|p2a: Stonjourner|Earthquake|p1a: Farigiraf\n|-damage|p1a: Farigiraf|0 fnt\n|faint|p1a: Farigiraf\n|-damage|p2a: Stonjourner|49/100|[from] item: Life Orb\n|\n|upkeep\n|inactive|Time left: 300 sec this turn | 300 sec total | 5 sec grace\n|\n|t:|1783561921\n|switch|p1a: Cryogonal|Cryogonal, L89|287/287\n|turn|15\n|inactive|Time left: 300 sec this turn | 300 sec total\n|\n|t:|1783561922\n|-terastallize|p2a: Stonjourner|Fire\n|move|p1a: Cryogonal|Ice Beam|p2a: Stonjourner\n|-resisted|p2a: Stonjourner\n|-crit|p2a: Stonjourner\n|-damage|p2a: Stonjourner|0 fnt\n|faint|p2a: Stonjourner\n|\n|upkeep\n|\n|t:|1783561923\n|switch|p2a: Komala|Komala, L87, M|53/100\n|-ability|p2a: Komala|Comatose\n|turn|16\n|inactive|Time left: 300 sec this turn | 300 sec total\n|\n|t:|1783561924\n|move|p1a: Cryogonal|Ice Beam|p2a: Komala\n|-damage|p2a: Komala|28/100\n|move|p2a: Komala|Body Slam|p1a: Cryogonal\n|-crit|p1a: Cryogonal\n|-damage|p1a: Cryogonal|44/287\n|\n|upkeep\n|turn|17\n|inactive|Time left: 300 sec this turn | 300 sec total\n|\n|t:|1783561925\n|move|p1a: Cryogonal|Recover|p1a: Cryogonal\n|-heal|p1a: Cryogonal|188/287\n|move|p2a: Komala|Rapid Spin|p1a: Cryogonal\n|-damage|p1a: Cryogonal|92/287\n|-boost|p2a: Komala|spe|1\n|\n|upkeep\n|turn|18\n|inactive|Time left: 300 sec this turn | 300 sec total\n|\n|t:|1783561926\n|switch|p1a: Slither Wing|Slither Wing, L81|243/270\n|move|p2a: Komala|Body Slam|p1a: Slither Wing\n|-damage|p1a: Slither Wing|116/270\n|-status|p1a: Slither Wing|par\n|\n|upkeep\n|turn|19\n|inactive|Time left: 300 sec this turn | 300 sec total\n|\n|t:|1783561926\n|cant|p1a: Slither Wing|par\n|move|p2a: Komala|Body Slam|p1a: Slither Wing\n|-damage|p1a: Slither Wing|0 fnt\n|faint|p1a: Slither Wing\n|-end|p1a: Slither Wing|Protosynthesis|[silent]\n|\n|upkeep\n|inactive|Time left: 300 sec this turn | 300 sec total | 5 sec grace\n|\n|t:|1783561927\n|switch|p1a: Pachirisu|Pachirisu, L96, M|271/271\n|turn|20\n|inactive|Time left: 300 sec this turn | 300 sec total\n|\n|t:|1783561928\n|move|p2a: Komala|Body Slam|p1a: Pachirisu\n|-damage|p1a: Pachirisu|163/271\n|move|p1a: Pachirisu|Discharge|p2a: Komala\n|-damage|p2a: Komala|13/100\n|\n|upkeep\n|turn|21\n|inactive|Time left: 300 sec this turn | 300 sec total\n|\n|t:|1783561929\n|move|p2a: Komala|Body Slam|p1a: Pachirisu\n|-damage|p1a: Pachirisu|51/271\n|move|p1a: Pachirisu|U-turn|p2a: Komala\n|-damage|p2a: Komala|0 fnt\n|faint|p2a: Komala\n|inactive|Time left: 300 sec this turn | 300 sec total | 5 sec grace\n|\n|t:|1783561930\n|switch|p1a: Cryogonal|Cryogonal, L89|92/287|[from] U-turn\n|\n|upkeep\n|\n|t:|1783561931\n|switch|p2a: Sceptile|Sceptile, L87, F|100/100\n|turn|22\n|inactive|Time left: 300 sec this turn | 300 sec total\n|\n|t:|1783561932\n|-terastallize|p1a: Cryogonal|Electric\n|move|p2a: Sceptile|Focus Blast|p1a: Cryogonal\n|-crit|p1a: Cryogonal\n|-damage|p1a: Cryogonal|0 fnt\n|faint|p1a: Cryogonal\n|\n|upkeep\n|inactive|Time left: 300 sec this turn | 300 sec total | 5 sec grace\n|\n|t:|1783561933\n|switch|p1a: Pachirisu|Pachirisu, L96, M|51/271\n|turn|23\n|inactive|Time left: 300 sec this turn | 300 sec total\n|\n|t:|1783561934\n|move|p2a: Sceptile|Giga Drain|p1a: Pachirisu\n|-damage|p1a: Pachirisu|0 fnt\n|faint|p1a: Pachirisu\n|\n|win|p0y189265a7", "uploadtime": 1783561934, "views": 0, "rating": 0, "private": 0, "password": null, "_winner": "p0y189265a7", "_our_name": "p0x1892c24a"}