{"id": "battle-gen9randombattle-1765", "formatid": "gen9randombattle", "format": "[Gen 9] Random Battle", "players": ["p0x1765faf0", "p0y1765b64e"], "log": "|init|battle\n|title|p0x1765faf0 vs. p0y1765b64e\n|j|\u2606p0x1765faf0\n|j|\u2606p0y1765b64e\n|t:|1783559695\n|gametype|singles\n|player|p1|p0x1765faf0|266|\n|player|p2|p0y1765b64e|101|\n|gen|9\n|tier|[Gen 9] Random Battle\n|rule|Species Clause: Limit one of each Pok\u00e9mon\n|rule|HP Percentage Mod: HP is shown in percentages\n|rule|Sleep Clause Mod: Limit one foe put to sleep\n|rule|Illusion Level Mod: Illusion disguises the Pok\u00e9mon's true level\n|\n|t:|1783559695\n|teamsize|p1|6\n|teamsize|p2|6\n|start\n|switch|p1a: Thundurus|Thundurus-Therian, L80, M|258/258\n|switch|p2a: Darkrai|Darkrai, L77|100/100\n|turn|1\n|inactive|Battle timer is ON: inactive players will automatically lose when time's up. (requested by p0x1765faf0)\n|inactive|p0y1765b64e also wants the timer to be on.\n|\n|t:|1783559697\n|move|p2a: Darkrai|Nasty Plot|p2a: Darkrai\n|-boost|p2a: Darkrai|spa|2\n|move|p1a: Thundurus|Thunderbolt|p2a: Darkrai\n|-damage|p2a: Darkrai|44/100\n|\n|upkeep\n|turn|2\n|inactive|Time left: 300 sec this turn | 300 sec total\n|\n|t:|1783559698\n|switch|p1a: Jolteon|Jolteon, L84, F|246/246\n|move|p2a: Darkrai|Dark Pulse|p1a: Jolteon\n|-damage|p1a: Jolteon|24/246\n|-damage|p2a: Darkrai|34/100|[from] item: Life Orb\n|\n|upkeep\n|turn|3\n|inactive|Time left: 300 sec this turn | 300 sec total\n|\n|t:|1783559699\n|switch|p2a: Ampharos|Ampharos, L88, M|100/100\n|move|p1a: Jolteon|Volt Switch|p2a: Ampharos\n|-resisted|p2a: Ampharos\n|-damage|p2a: Ampharos|89/100\n|inactive|Time left: 300 sec this turn | 300 sec total | 5 sec grace\n|\n|t:|1783559700\n|switch|p1a: Medicham|Medicham, L86, M|243/243|[from] Volt Switch\n|\n|upkeep\n|turn|4\n|inactive|Time left: 300 sec this turn | 300 sec total\n|\n|t:|1783559702\n|-terastallize|p2a: Ampharos|Fairy\n|move|p1a: Medicham|Close Combat|p2a: Ampharos\n|-resisted|p2a: Ampharos\n|-damage|p2a: Ampharos|43/100\n|-unboost|p1a: Medicham|def|1\n|-unboost|p1a: Medicham|spd|1\n|-status|p1a: Medicham|par|[from] ability: Static|[of] p2a: Ampharos\n|move|p2a: Ampharos|Dazzling Gleam|p1a: Medicham\n|-supereffective|p1a: Medicham\n|-damage|p1a: Medicham|0 fnt\n|faint|p1a: Medicham\n|-damage|p2a: Ampharos|33/100|[from] item: Life Orb\n|\n|upkeep\n|inactive|Time left: 300 sec this turn | 300 sec total | 5 sec grace\n|\n|t:|1783559703\n|switch|p1a: Thundurus|Thundurus-Therian, L80, M|258/258\n|turn|5\n|inactive|Time left: 300 sec this turn | 300 sec total\n|\n|t:|1783559704\n|switch|p2a: Latios|Latios, L78, M|100/100\n|move|p1a: Thundurus|Nasty Plot|p1a: Thundurus\n|-boost|p1a: Thundurus|spa|2\n|\n|upkeep\n|turn|6\n|inactive|Time left: 300 sec this turn | 300 sec total\n|\n|t:|1783559705\n|move|p2a: Latios|Psyshock|p1a: Thundurus\n|-damage|p1a: Thundurus|120/258\n|move|p1a: Thundurus|Thunderbolt|p2a: Latios\n|-resisted|p2a: Latios\n|-damage|p2a: Latios|60/100\n|\n|upkeep\n|turn|7\n|inactive|Time left: 300 sec this turn | 300 sec total\n|\n|t:|1783559706\n|switch|p1a: Necrozma|Necrozma, L80|286/286\n|move|p2a: Latios|Psyshock|p1a: Necrozma\n|-resisted|p1a: Necrozma\n|-damage|p1a: Necrozma|234/286\n|\n|-heal|p1a: Necrozma|251/286|[from] item: Leftovers\n|upkeep\n|turn|8\n|inactive|Time left: 300 sec this turn | 300 sec total\n|\n|t:|1783559707\n|move|p2a: Latios|Calm Mind|p2a: Latios\n|-boost|p2a: Latios|spa|1\n|-boost|p2a: Latios|spd|1\n|move|p1a: Necrozma|Calm Mind|p1a: Necrozma\n|-boost|p1a: Necrozma|spa|1\n|-boost|p1a: Necrozma|spd|1\n|\n|-heal|p1a: Necrozma|268/286|[from] item: Leftovers\n|upkeep\n|turn|9\n|inactive|Time left: 300 sec this turn | 300 sec total\n|\n|t:|1783559708\n|move|p2a: Latios|Calm Mind|p2a: Latios\n|-boost|p2a: Latios|spa|1\n|-boost|p2a: Latios|spd|1\n|move|p1a: Necrozma|Calm Mind|p1a: Necrozma\n|-boost|p1a: Necrozma|spa|1\n|-boost|p1a: Necrozma|spd|1\n|\n|-heal|p1a: Necrozma|285/286|[from] item: Leftovers\n|upkeep\n|turn|10\n|inactive|Time left: 300 sec this turn | 300 sec total\n|\n|t:|1783559709\n|move|p2a: Latios|Recover|p2a: Latios\n|-heal|p2a: Latios|100/100\n|move|p1a: Necrozma|Calm Mind|p1a: Necrozma\n|-boost|p1a: Necrozma|spa|1\n|-boost|p1a: Necrozma|spd|1\n|\n|-heal|p1a: Necrozma|286/286|[from] item: Leftovers\n|upkeep\n|turn|11\n|inactive|Time left: 300 sec this turn | 300 sec total\n|\n|t:|1783559710\n|move|p2a: Latios|Calm Mind|p2a: Latios\n|-boost|p2a: Latios|spa|1\n|-boost|p2a: Latios|spd|1\n|move|p1a: Necrozma|Photon Geyser|p2a: Latios\n|-resisted|p2a: Latios\n|-damage|p2a: Latios|79/100\n|\n|upkeep\n|turn|12\n|inactive|Time left: 300 sec this turn | 300 sec total\n|\n|t:|1783559710\n|move|p2a: Latios|Psyshock|p1a: Necrozma\n|-resisted|p1a: Necrozma\n|-damage|p1a: Necrozma|148/286\n|move|p1a: Necrozma|Calm Mind|p1a: Necrozma\n|-boost|p1a: Necrozma|spa|1\n|-boost|p1a: Necrozma|spd|1\n|\n|-heal|p1a: Necrozma|165/286|[from] item: Leftovers\n|upkeep\n|turn|13\n|inactive|Time left: 300 sec this turn | 300 sec total\n|\n|t:|1783559711\n|move|p2a: Latios|Psyshock|p1a: Necrozma\n|-resisted|p1a: Necrozma\n|-damage|p1a: Necrozma|29/286\n|move|p1a: Necrozma|Moonlight|p1a: Necrozma\n|-heal|p1a: Necrozma|172/286\n|\n|-heal|p1a: Necrozma|189/286|[from] item: Leftovers\n|upkeep\n|turn|14\n|inactive|Time left: 300 sec this turn | 300 sec total\n|\n|t:|1783559712\n|move|p2a: Latios|Psyshock|p1a: Necrozma\n|-resisted|p1a: Necrozma\n|-damage|p1a: Necrozma|48/286\n|move|p1a: Necrozma|Moonlight|p1a: Necrozma\n|-heal|p1a: Necrozma|191/286\n|\n|-heal|p1a: Necrozma|208/286|[from] item: Leftovers\n|upkeep\n|turn|15\n|inactive|Time left: 300 sec this turn | 300 sec total\n|\n|t:|1783559713\n|move|p2a: Latios|Psyshock|p1a: Necrozma\n|-resisted|p1a: Necrozma\n|-damage|p1a: Necrozma|82/286\n|move|p1a: Necrozma|Moonlight|p1a: Necrozma\n|-heal|p1a: Necrozma|225/286\n|\n|-heal|p1a: Necrozma|242/286|[from] item: Leftovers\n|upkeep\n|turn|16\n|inactive|Time left: 300 sec this turn | 300 sec total\n|\n|t:|1783559714\n|move|p2a: Latios|Psyshock|p1a: Necrozma\n|-resisted|p1a: Necrozma\n|-damage|p1a: Necrozma|110/286\n|move|p1a: Necrozma|Moonlight|p1a: Necrozma\n|-heal|p1a: Necrozma|253/286\n|\n|-heal|p1a: Necrozma|270/286|[from] item: Leftovers\n|upkeep\n|turn|17\n|inactive|Time left: 300 sec this turn | 300 sec total\n|\n|t:|1783559716\n|move|p2a: Latios|Psyshock|p1a: Necrozma\n|-resisted|p1a: Necrozma\n|-damage|p1a: Necrozma|128/286\n|move|p1a: Necrozma|Moonlight|p1a: Necrozma\n|-heal|p1a: Necrozma|271/286\n|\n|-heal|p1a: Necrozma|286/286|[from] item: Leftovers\n|upkeep\n|turn|18\n|inactive|Time left: 300 sec this turn | 300 sec total\n|\n|t:|1783559717\n|move|p2a: Latios|Psyshock|p1a: Necrozma\n|-resisted|p1a: Necrozma\n|-damage|p1a: Necrozma|166/286\n|move|p1a: Necrozma|Moonlight|p1a: Necrozma\n|-heal|p1a: Necrozma|286/286\n|\n|upkeep\n|turn|19\n|inactive|Time left: 300 sec this turn | 300 sec total\n|\n|t:|1783559718\n|move|p2a: Latios|Calm Mind|p2a: Latios\n|-boost|p2a: Latios|spa|1\n|-boost|p2a: Latios|spd|1\n|move|p1a: Necrozma|Photon Geyser|p2a: Latios\n|-resisted|p2a: Latios\n|-damage|p2a: Latios|58/100\n|\n|upkeep\n|turn|20\n|inactive|Time left: 300 sec this turn | 300 sec total\n|\n|t:|1783559719\n|move|p2a: Latios|Psyshock|p1a: Necrozma\n|-resisted|p1a: Necrozma\n|-damage|p1a: Necrozma|130/286\n|move|p1a: Necrozma|Moonlight|p1a: Necrozma\n|-heal|p1a: Necrozma|273/286\n|\n|-heal|p1a: Necrozma|286/286|[from] item: Leftovers\n|upkeep\n|turn|21\n|inactive|Time left: 300 sec this turn | 300 sec total\n|\n|t:|1783559720\n|move|p2a: Latios|Psyshock|p1a: Necrozma\n|-resisted|p1a: Necrozma\n|-damage|p1a: Necrozma|135/286\n|move|p1a: Necrozma|Moonlight|p1a: Necrozma\n|-heal|p1a: Necrozma|278/286\n|\n|-heal|p1a: Necrozma|286/286|[from] item: Leftovers\n|upkeep\n|turn|22\n|inactive|Time left: 300 sec this turn | 300 sec total\n|\n|t:|1783559721\n|move|p2a: Latios|Psyshock|p1a: Necrozma\n|-resisted|p1a: Necrozma\n|-damage|p1a: Necrozma|131/286\n|move|p1a: Necrozma|Photon Geyser|p2a: Latios\n|-resisted|p2a: Latios\n|-damage|p2a: Latios|38/100\n|\n|-heal|p1a: Necrozma|148/286|[from] item: Leftovers\n|upkeep\n|turn|23\n|inactive|Time left: 300 sec this turn | 300 sec total\n|\n|t:|1783559722\n|switch|p1a: Jolteon|Jolteon, L84, F|24/246\n|move|p2a: Latios|Psyshock|p1a: Jolteon\n|-damage|p1a: Jolteon|0 fnt\n|faint|p1a: Jolteon\n|\n|upkeep\n|inactive|Time left: 300 sec this turn | 300 sec total | 5 sec grace\n|\n|t:|1783559723\n|switch|p1a: Hawlucha|Hawlucha, L80, F|256/256\n|turn|24\n|inactive|Time left: 300 sec this turn | 300 sec total\n|\n|t:|1783559725\n|move|p1a: Hawlucha|Brave Bird|p2a: Latios\n|-damage|p2a: Latios|0 fnt\n|faint|p2a: Latios\n|-damage|p1a: Hawlucha|225/256|[from] Recoil\n|\n|upkeep\n|\n|t:|1783559726\n|switch|p2a: Dusknoir|Dusknoir, L89, M|100/100\n|-item|p1a: Hawlucha|White Herb|[from] ability: Frisk|[of] p2a: Dusknoir\n|turn|25\n|inactive|Time left: 300 sec this turn | 300 sec total\n|\n|t:|1783559727\n|move|p1a: Hawlucha|Swords Dance|p1a: Hawlucha\n|-boost|p1a: Hawlucha|atk|2\n|move|p2a: Dusknoir|Poltergeist|p1a: Hawlucha\n|-activate|p1a: Hawlucha|move: Poltergeist|White Herb\n|-damage|p1a: Hawlucha|9/256\n|\n|upkeep\n|turn|26\n|inactive|Time left: 300 sec this turn | 300 sec total\n|\n|t:|1783559728\n|move|p1a: Hawlucha|Brave Bird|p2a: Dusknoir\n|-damage|p2a: Dusknoir|31/100\n|-damage|p1a: Hawlucha|0 fnt|[from] Recoil\n|faint|p1a: Hawlucha\n|move|p2a: Dusknoir|Poltergeist|p1: Hawlucha|[notarget]\n|-fail|p2a: Dusknoir\n|\n|upkeep\n|inactive|Time left: 300 sec this turn | 300 sec total | 5 sec grace\n|\n|t:|1783559729\n|switch|p1a: Flutter Mane|Flutter Mane, L74|203/203\n|turn|27\n|inactive|Time left: 300 sec this turn | 300 sec total\n|\n|t:|1783559729\n|switch|p2a: Komala|Komala, L87, F|100/100\n|-ability|p2a: Komala|Comatose\n|move|p1a: Flutter Mane|Moonblast|p2a: Komala\n|-damage|p2a: Komala|70/100\n|-unboost|p2a: Komala|spa|1\n|-damage|p1a: Flutter Mane|183/203|[from] item: Life Orb\n|\n|upkeep\n|turn|28\n|inactive|Time left: 300 sec this turn | 300 sec total\n|\n|t:|1783559730\n|move|p1a: Flutter Mane|Moonblast|p2a: Komala\n|-damage|p2a: Komala|39/100\n|-damage|p1a: Flutter Mane|163/203|[from] item: Life Orb\n|move|p2a: Komala|Knock Off|p1a: Flutter Mane\n|-damage|p1a: Flutter Mane|23/203\n|-enditem|p1a: Flutter Mane|Life Orb|[from] move: Knock Off|[of] p2a: Komala\n|\n|upkeep\n|turn|29\n|inactive|Time left: 300 sec this turn | 300 sec total\n|\n|t:|1783559731\n|move|p1a: Flutter Mane|Moonblast|p2a: Komala\n|-damage|p2a: Komala|15/100\n|move|p2a: Komala|Knock Off|p1a: Flutter Mane\n|-damage|p1a: Flutter Mane|0 fnt\n|faint|p1a: Flutter Mane\n|-end|p1a: Flutter Mane|Protosynthesis|[silent]\n|\n|upkeep\n|inactive|Time left: 300 sec this turn | 300 sec total | 5 sec grace\n|\n|t:|1783559732\n|switch|p1a: Necrozma|Necrozma, L80|148/286\n|turn|30\n|inactive|Time left: 300 sec this turn | 300 sec total\n|\n|t:|1783559733\n|switch|p2a: Darkrai|Darkrai, L77|34/100\n|move|p1a: Necrozma|Photon Geyser|p2a: Darkrai\n|-immune|p2a: Darkrai\n|\n|-heal|p1a: Necrozma|165/286|[from] item: Leftovers\n|upkeep\n|turn|31\n|inactive|Time left: 300 sec this turn | 300 sec total\n|\n|t:|1783559734\n|-terastallize|p1a: Necrozma|Ground\n|move|p2a: Darkrai|Dark Pulse|p1a: Necrozma\n|-damage|p1a: Necrozma|40/286\n|-damage|p2a: Darkrai|24/100|[from] item: Life Orb\n|move|p1a: Necrozma|Earth Power|p2a: Darkrai\n|-damage|p2a: Darkrai|0 fnt\n|faint|p2a: Darkrai\n|\n|-heal|p1a: Necrozma|57/286|[from] item: Leftovers\n|upkeep\n|\n|t:|1783559735\n|switch|p2a: Dusknoir|Dusknoir, L89, M|31/100\n|-item|p1a: Necrozma|Leftovers|[from] ability: Frisk|[of] p2a: Dusknoir\n|turn|32\n|inactive|Time left: 300 sec this turn | 300 sec total\n|\n|t:|1783559736\n|move|p2a: Dusknoir|Shadow Sneak|p1a: Necrozma\n|-damage|p1a: Necrozma|0 fnt\n|faint|p1a: Necrozma\n|\n|upkeep\n|inactive|Time left: 300 sec this turn | 300 sec total | 5 sec grace\n|\n|t:|1783559737\n|switch|p1a: Thundurus|Thundurus-Therian, L80, M|120/258\n|turn|33\n|inactive|Time left: 300 sec this turn | 300 sec total\n|\n|t:|1783559737\n|move|p2a: Dusknoir|Shadow Sneak|p1a: Thundurus\n|-damage|p1a: Thundurus|30/258\n|move|p1a: Thundurus|Thunderbolt|p2a: Dusknoir\n|-damage|p2a: Dusknoir|0 fnt\n|faint|p2a: Dusknoir\n|\n|upkeep\n|\n|t:|1783559738\n|switch|p2a: Heatran|Heatran, L79, F|100/100\n|-item|p2a: Heatran|Air Balloon\n|turn|34\n|inactive|Time left: 300 sec this turn | 300 sec total\n|\n|t:|1783559739\n|move|p1a: Thundurus|Focus Blast|p2a: Heatran|[miss]\n|-miss|p1a: Thundurus|p2a: Heatran\n|move|p2a: Heatran|Lava Plume|p1a: Thundurus\n|-damage|p1a: Thundurus|0 fnt\n|faint|p1a: Thundurus\n|\n|win|p0y1765b64e", "uploadtime": 1783559739, "views": 0, "rating": 0, "private": 0, "password": null, "_winner": "p0y1765b64e", "_our_name": "p0x1765faf0"}