{"id": "battle-gen9randombattle-1810", "formatid": "gen9randombattle", "format": "[Gen 9] Random Battle", "players": ["p0x1810253e", "p0y1810ae43"], "log": "|init|battle\n|title|p0x1810253e vs. p0y1810ae43\n|j|\u2606p0x1810253e\n|j|\u2606p0y1810ae43\n|t:|1783560196\n|gametype|singles\n|player|p1|p0x1810253e|266|\n|player|p2|p0y1810ae43|169|\n|gen|9\n|tier|[Gen 9] Random Battle\n|rule|Species Clause: Limit one of each Pok\u00e9mon\n|rule|HP Percentage Mod: HP is shown in percentages\n|rule|Sleep Clause Mod: Limit one foe put to sleep\n|rule|Illusion Level Mod: Illusion disguises the Pok\u00e9mon's true level\n|\n|t:|1783560196\n|teamsize|p1|6\n|teamsize|p2|6\n|start\n|switch|p1a: Porygon-Z|Porygon-Z, L83|277/277\n|switch|p2a: Suicune|Suicune, L82|100/100\n|-ability|p2a: Suicune|Pressure\n|turn|1\n|inactive|Battle timer is ON: inactive players will automatically lose when time's up. (requested by p0y1810ae43)\n|inactive|Time left: 300 sec this turn | 300 sec total | 60 sec grace\n|inactive|p0x1810253e also wants the timer to be on.\n|\n|t:|1783560198\n|move|p1a: Porygon-Z|Nasty Plot|p1a: Porygon-Z\n|-boost|p1a: Porygon-Z|spa|2\n|move|p2a: Suicune|Scald|p1a: Porygon-Z\n|-damage|p1a: Porygon-Z|183/277\n|\n|upkeep\n|turn|2\n|inactive|Time left: 300 sec this turn | 300 sec total\n|\n|t:|1783560199\n|switch|p2a: Spiritomb|Spiritomb, L89, F|100/100\n|move|p1a: Porygon-Z|Tera Blast|p2a: Spiritomb\n|-immune|p2a: Spiritomb\n|\n|upkeep\n|turn|3\n|inactive|Time left: 300 sec this turn | 300 sec total\n|\n|t:|1783560200\n|move|p1a: Porygon-Z|Shadow Ball|p2a: Spiritomb\n|-damage|p2a: Spiritomb|34/100\n|-damage|p1a: Porygon-Z|156/277|[from] item: Life Orb\n|move|p2a: Spiritomb|Foul Play|p1a: Porygon-Z\n|-damage|p1a: Porygon-Z|78/277\n|\n|-heal|p2a: Spiritomb|40/100|[from] item: Leftovers\n|upkeep\n|turn|4\n|inactive|Time left: 300 sec this turn | 300 sec total\n|\n|t:|1783560201\n|move|p1a: Porygon-Z|Shadow Ball|p2a: Spiritomb\n|-damage|p2a: Spiritomb|0 fnt\n|faint|p2a: Spiritomb\n|-damage|p1a: Porygon-Z|51/277|[from] item: Life Orb\n|\n|upkeep\n|\n|t:|1783560202\n|switch|p2a: Barraskewda|Barraskewda, L81, F|100/100\n|turn|5\n|inactive|Time left: 300 sec this turn | 300 sec total\n|\n|t:|1783560203\n|switch|p1a: Vespiquen|Vespiquen, L99, F|299/299\n|-ability|p1a: Vespiquen|Pressure\n|move|p2a: Barraskewda|Waterfall|p1a: Vespiquen\n|-damage|p1a: Vespiquen|188/299\n|\n|upkeep\n|turn|6\n|inactive|Time left: 300 sec this turn | 300 sec total\n|\n|t:|1783560204\n|move|p2a: Barraskewda|Waterfall|p1a: Vespiquen\n|-damage|p1a: Vespiquen|76/299\n|move|p1a: Vespiquen|Roost|p1a: Vespiquen\n|-heal|p1a: Vespiquen|226/299\n|-singleturn|p1a: Vespiquen|move: Roost\n|\n|upkeep\n|turn|7\n|inactive|Time left: 300 sec this turn | 300 sec total\n|\n|t:|1783560205\n|move|p2a: Barraskewda|Waterfall|p1a: Vespiquen\n|-damage|p1a: Vespiquen|120/299\n|move|p1a: Vespiquen|Hurricane|p2a: Barraskewda\n|-damage|p2a: Barraskewda|14/100\n|\n|upkeep\n|turn|8\n|inactive|Time left: 300 sec this turn | 300 sec total\n|\n|t:|1783560206\n|move|p2a: Barraskewda|Waterfall|p1a: Vespiquen\n|-damage|p1a: Vespiquen|2/299\n|move|p1a: Vespiquen|U-turn|p2a: Barraskewda\n|-damage|p2a: Barraskewda|0 fnt\n|faint|p2a: Barraskewda\n|inactive|Time left: 300 sec this turn | 300 sec total | 5 sec grace\n|\n|t:|1783560206\n|switch|p1a: Flareon|Flareon, L90, M|263/263|[from] U-turn\n|\n|-status|p1a: Flareon|tox|[from] item: Toxic Orb\n|upkeep\n|\n|t:|1783560207\n|switch|p2a: Rillaboom|Rillaboom, L79, M|100/100\n|-fieldstart|move: Grassy Terrain|[from] ability: Grassy Surge|[of] p2a: Rillaboom\n|turn|9\n|inactive|Time left: 300 sec this turn | 300 sec total\n|\n|t:|1783560209\n|move|p2a: Rillaboom|High Horsepower|p1a: Flareon\n|-supereffective|p1a: Flareon\n|-damage|p1a: Flareon|3/263 tox\n|move|p1a: Flareon|Flare Blitz|p2a: Rillaboom\n|-supereffective|p2a: Rillaboom\n|-damage|p2a: Rillaboom|0 fnt\n|faint|p2a: Rillaboom\n|-damage|p1a: Flareon|0 fnt|[from] Recoil\n|faint|p1a: Flareon\n|\n|upkeep\n|inactive|Time left: 300 sec this turn | 300 sec total | 5 sec grace\n|\n|t:|1783560209\n|switch|p2a: Magearna|Magearna, L77|100/100\n|switch|p1a: Iron Crown|Iron Crown, L78|268/268\n|turn|10\n|inactive|Time left: 300 sec this turn | 300 sec total\n|\n|t:|1783560210\n|move|p1a: Iron Crown|Calm Mind|p1a: Iron Crown\n|-boost|p1a: Iron Crown|spa|1\n|-boost|p1a: Iron Crown|spd|1\n|move|p2a: Magearna|Shift Gear|p2a: Magearna\n|-boost|p2a: Magearna|spe|2\n|-boost|p2a: Magearna|atk|1\n|\n|upkeep\n|turn|11\n|inactive|Time left: 300 sec this turn | 300 sec total\n|\n|t:|1783560211\n|-terastallize|p2a: Magearna|Ground\n|-terastallize|p1a: Iron Crown|Steel\n|move|p2a: Magearna|Tera Blast|p1a: Iron Crown|[anim] Tera Blast Ground\n|-supereffective|p1a: Iron Crown\n|-damage|p1a: Iron Crown|62/268\n|move|p1a: Iron Crown|Tachyon Cutter|p2a: Magearna\n|-damage|p2a: Magearna|60/100\n|-damage|p2a: Magearna|20/100\n|-hitcount|p2a: Magearna|2\n|\n|-heal|p2a: Magearna|26/100|[from] Grassy Terrain\n|-heal|p1a: Iron Crown|78/268|[from] Grassy Terrain\n|-heal|p1a: Iron Crown|94/268|[from] item: Leftovers\n|upkeep\n|turn|12\n|inactive|Time left: 300 sec this turn | 300 sec total\n|\n|t:|1783560213\n|-end|p1a: Iron Crown|Quark Drive|[silent]\n|switch|p1a: Vespiquen|Vespiquen, L99, F|2/299\n|-ability|p1a: Vespiquen|Pressure\n|move|p2a: Magearna|Tera Blast|p1a: Vespiquen|[anim] Tera Blast Ground\n|-immune|p1a: Vespiquen\n|\n|-heal|p2a: Magearna|32/100|[from] Grassy Terrain\n|upkeep\n|turn|13\n|inactive|Time left: 300 sec this turn | 300 sec total\n|\n|t:|1783560214\n|switch|p1a: Iron Crown|Iron Crown, L78, tera:Steel|94/268\n|move|p2a: Magearna|Iron Head|p1a: Iron Crown\n|-resisted|p1a: Iron Crown\n|-damage|p1a: Iron Crown|47/268\n|\n|-heal|p2a: Magearna|38/100|[from] Grassy Terrain\n|-heal|p1a: Iron Crown|63/268|[from] Grassy Terrain\n|-heal|p1a: Iron Crown|79/268|[from] item: Leftovers\n|-fieldend|move: Grassy Terrain\n|upkeep\n|turn|14\n|inactive|Time left: 300 sec this turn | 300 sec total\n|\n|t:|1783560215\n|-end|p1a: Iron Crown|Quark Drive|[silent]\n|switch|p1a: Vespiquen|Vespiquen, L99, F|2/299\n|-ability|p1a: Vespiquen|Pressure\n|move|p2a: Magearna|Tera Blast|p1a: Vespiquen|[anim] Tera Blast Ground\n|-immune|p1a: Vespiquen\n|\n|upkeep\n|turn|15\n|inactive|Time left: 300 sec this turn | 300 sec total\n|\n|t:|1783560216\n|move|p2a: Magearna|Iron Head|p1a: Vespiquen\n|-damage|p1a: Vespiquen|0 fnt\n|faint|p1a: Vespiquen\n|-ability|p2a: Magearna|Soul-Heart|boost\n|-boost|p2a: Magearna|spa|1\n|\n|upkeep\n|inactive|Time left: 300 sec this turn | 300 sec total | 5 sec grace\n|\n|t:|1783560217\n|switch|p1a: Kleavor|Kleavor, L78, F|237/237\n|turn|16\n|inactive|Time left: 300 sec this turn | 300 sec total\n|\n|t:|1783560218\n|move|p2a: Magearna|Fleur Cannon|p1a: Kleavor\n|-damage|p1a: Kleavor|0 fnt\n|-unboost|p2a: Magearna|spa|2\n|faint|p1a: Kleavor\n|-ability|p2a: Magearna|Soul-Heart|boost\n|-boost|p2a: Magearna|spa|1\n|\n|upkeep\n|inactive|Time left: 300 sec this turn | 300 sec total | 5 sec grace\n|\n|t:|1783560219\n|switch|p1a: Porygon-Z|Porygon-Z, L83|51/277\n|turn|17\n|inactive|Time left: 300 sec this turn | 300 sec total\n|\n|t:|1783560220\n|move|p2a: Magearna|Tera Blast|p1a: Porygon-Z|[anim] Tera Blast Ground\n|-damage|p1a: Porygon-Z|0 fnt\n|faint|p1a: Porygon-Z\n|-ability|p2a: Magearna|Soul-Heart|boost\n|-boost|p2a: Magearna|spa|1\n|\n|upkeep\n|inactive|Time left: 300 sec this turn | 300 sec total | 5 sec grace\n|\n|t:|1783560221\n|switch|p1a: Iron Crown|Iron Crown, L78, tera:Steel|79/268\n|turn|18\n|inactive|Time left: 300 sec this turn | 300 sec total\n|\n|t:|1783560222\n|-end|p1a: Iron Crown|Quark Drive|[silent]\n|switch|p1a: Iron Thorns|Iron Thorns, L83|302/302\n|move|p2a: Magearna|Tera Blast|p1a: Iron Thorns|[anim] Tera Blast Ground\n|-supereffective|p1a: Iron Thorns\n|-damage|p1a: Iron Thorns|0 fnt\n|faint|p1a: Iron Thorns\n|-ability|p2a: Magearna|Soul-Heart|boost\n|-boost|p2a: Magearna|spa|1\n|-end|p1a: Iron Thorns|Quark Drive|[silent]\n|\n|upkeep\n|inactive|Time left: 300 sec this turn | 300 sec total | 5 sec grace\n|\n|t:|1783560223\n|switch|p1a: Iron Crown|Iron Crown, L78, tera:Steel|79/268\n|turn|19\n|inactive|Time left: 300 sec this turn | 300 sec total\n|\n|t:|1783560224\n|move|p2a: Magearna|Tera Blast|p1a: Iron Crown|[anim] Tera Blast Ground\n|-supereffective|p1a: Iron Crown\n|-damage|p1a: Iron Crown|0 fnt\n|faint|p1a: Iron Crown\n|-end|p1a: Iron Crown|Quark Drive|[silent]\n|\n|win|p0y1810ae43", "uploadtime": 1783560224, "views": 0, "rating": 0, "private": 0, "password": null, "_winner": "p0y1810ae43", "_our_name": "p0x1810253e"}