{"id": "battle-gen9randombattle-470", "formatid": "gen9randombattle", "format": "[Gen 9] Random Battle", "players": ["p0x4701898", "p0y4702a1a"], "log": "|init|battle\n|title|p0x4701898 vs. p0y4702a1a\n|j|\u2606p0x4701898\n|j|\u2606p0y4702a1a\n|t:|1783545224\n|gametype|singles\n|player|p1|p0x4701898|266|\n|player|p2|p0y4702a1a|169|\n|gen|9\n|tier|[Gen 9] Random Battle\n|rule|Species Clause: Limit one of each Pok\u00e9mon\n|rule|HP Percentage Mod: HP is shown in percentages\n|rule|Sleep Clause Mod: Limit one foe put to sleep\n|rule|Illusion Level Mod: Illusion disguises the Pok\u00e9mon's true level\n|\n|t:|1783545224\n|teamsize|p1|6\n|teamsize|p2|6\n|start\n|switch|p1a: Pachirisu|Pachirisu, L96, F|271/271\n|switch|p2a: Regigigas|Regigigas, L84|100/100\n|-start|p2a: Regigigas|ability: Slow Start\n|turn|1\n|inactive|Battle timer is ON: inactive players will automatically lose when time's up. (requested by p0y4702a1a)\n|inactive|Time left: 300 sec this turn | 300 sec total | 60 sec grace\n|\n|t:|1783545225\n|move|p1a: Pachirisu|Super Fang|p2a: Regigigas\n|-damage|p2a: Regigigas|50/100\n|move|p2a: Regigigas|Body Slam|p1a: Pachirisu\n|-damage|p1a: Pachirisu|198/271\n|\n|-heal|p2a: Regigigas|57/100|[from] item: Leftovers\n|upkeep\n|turn|2\n|inactive|Time left: 300 sec this turn | 300 sec total\n|inactive|p0x4701898 also wants the timer to be on.\n|\n|t:|1783545227\n|switch|p1a: Corviknight|Corviknight, L80, F|288/288\n|move|p2a: Regigigas|Knock Off|p1a: Corviknight\n|-damage|p1a: Corviknight|241/288\n|-damage|p2a: Regigigas|40/100|[from] item: Rocky Helmet|[of] p1a: Corviknight\n|-enditem|p1a: Corviknight|Rocky Helmet|[from] move: Knock Off|[of] p2a: Regigigas\n|\n|-heal|p2a: Regigigas|46/100|[from] item: Leftovers\n|upkeep\n|turn|3\n|inactive|Time left: 300 sec this turn | 300 sec total\n|\n|t:|1783545228\n|switch|p2a: Overqwil|Overqwil, L82, F|100/100\n|-ability|p2a: Overqwil|Intimidate|boost\n|-ability|p1a: Corviknight|Mirror Armor\n|-unboost|p2a: Overqwil|atk|1\n|move|p1a: Corviknight|Body Press|p2a: Overqwil\n|-damage|p2a: Overqwil|81/100\n|\n|upkeep\n|turn|4\n|inactive|Time left: 300 sec this turn | 300 sec total\n|\n|t:|1783545229\n|move|p2a: Overqwil|Swords Dance|p2a: Overqwil\n|-boost|p2a: Overqwil|atk|2\n|move|p1a: Corviknight|Brave Bird|p2a: Overqwil\n|-damage|p2a: Overqwil|46/100\n|-damage|p1a: Corviknight|209/288|[from] Recoil\n|\n|upkeep\n|turn|5\n|inactive|Time left: 300 sec this turn | 300 sec total\n|\n|t:|1783545230\n|move|p2a: Overqwil|Crunch|p1a: Corviknight\n|-damage|p1a: Corviknight|89/288\n|move|p1a: Corviknight|Brave Bird|p2a: Overqwil\n|-damage|p2a: Overqwil|9/100\n|-damage|p1a: Corviknight|55/288|[from] Recoil\n|\n|upkeep\n|turn|6\n|inactive|Time left: 300 sec this turn | 300 sec total\n|\n|t:|1783545231\n|move|p2a: Overqwil|Crunch|p1a: Corviknight\n|-damage|p1a: Corviknight|0 fnt\n|faint|p1a: Corviknight\n|\n|upkeep\n|inactive|Time left: 300 sec this turn | 300 sec total | 5 sec grace\n|\n|t:|1783545232\n|switch|p1a: Infernape|Infernape, L82, F|259/259\n|turn|7\n|inactive|Time left: 300 sec this turn | 300 sec total\n|\n|t:|1783545233\n|move|p1a: Infernape|Close Combat|p2a: Overqwil\n|-damage|p2a: Overqwil|0 fnt\n|-unboost|p1a: Infernape|def|1\n|-unboost|p1a: Infernape|spd|1\n|faint|p2a: Overqwil\n|\n|upkeep\n|\n|t:|1783545234\n|switch|p2a: Diancie|Diancie, L82|100/100\n|turn|8\n|inactive|Time left: 300 sec this turn | 300 sec total\n|\n|t:|1783545235\n|move|p1a: Infernape|Close Combat|p2a: Diancie\n|-damage|p2a: Diancie|44/100\n|-unboost|p1a: Infernape|def|1\n|-unboost|p1a: Infernape|spd|1\n|move|p2a: Diancie|Diamond Storm|p1a: Infernape\n|-damage|p1a: Infernape|15/259\n|\n|upkeep\n|turn|9\n|inactive|Time left: 300 sec this turn | 300 sec total\n|\n|t:|1783545237\n|move|p1a: Infernape|Close Combat|p2a: Diancie\n|-crit|p2a: Diancie\n|-damage|p2a: Diancie|0 fnt\n|-unboost|p1a: Infernape|def|1\n|-unboost|p1a: Infernape|spd|1\n|faint|p2a: Diancie\n|\n|upkeep\n|\n|t:|1783545238\n|switch|p2a: Weavile|Weavile, L79, M|100/100\n|turn|10\n|inactive|Time left: 300 sec this turn | 300 sec total\n|\n|t:|1783545239\n|move|p2a: Weavile|Knock Off|p1a: Infernape\n|-resisted|p1a: Infernape\n|-damage|p1a: Infernape|0 fnt\n|-enditem|p1a: Infernape|Choice Band|[from] move: Knock Off|[of] p2a: Weavile\n|faint|p1a: Infernape\n|\n|upkeep\n|inactive|Time left: 300 sec this turn | 300 sec total | 5 sec grace\n|\n|t:|1783545240\n|switch|p1a: Heracross|Heracross, L80, F|259/259\n|turn|11\n|inactive|Time left: 300 sec this turn | 300 sec total\n|\n|t:|1783545241\n|move|p1a: Heracross|Close Combat|p2a: Weavile\n|-supereffective|p2a: Weavile\n|-damage|p2a: Weavile|0 fnt\n|-unboost|p1a: Heracross|def|1\n|-unboost|p1a: Heracross|spd|1\n|faint|p2a: Weavile\n|-ability|p1a: Heracross|Moxie|boost\n|-boost|p1a: Heracross|atk|1\n|\n|upkeep\n|\n|t:|1783545242\n|switch|p2a: Iron Thorns|Iron Thorns, L83|100/100\n|turn|12\n|inactive|Time left: 300 sec this turn | 300 sec total\n|\n|t:|1783545243\n|-terastallize|p2a: Iron Thorns|Flying\n|move|p1a: Heracross|Close Combat|p2a: Iron Thorns\n|-resisted|p2a: Iron Thorns\n|-damage|p2a: Iron Thorns|68/100\n|-unboost|p1a: Heracross|def|1\n|-unboost|p1a: Heracross|spd|1\n|move|p2a: Iron Thorns|Stone Edge|p1a: Heracross\n|-damage|p1a: Heracross|0 fnt\n|faint|p1a: Heracross\n|\n|upkeep\n|inactive|Time left: 300 sec this turn | 300 sec total | 5 sec grace\n|\n|t:|1783545244\n|switch|p1a: Maushold|Maushold, L76|238/238\n|turn|13\n|inactive|Time left: 300 sec this turn | 300 sec total\n|\n|t:|1783545245\n|-terastallize|p1a: Maushold|Normal\n|move|p2a: Iron Thorns|Stone Edge|p1a: Maushold\n|-crit|p1a: Maushold\n|-damage|p1a: Maushold|0 fnt\n|faint|p1a: Maushold\n|\n|upkeep\n|inactive|Time left: 300 sec this turn | 300 sec total | 5 sec grace\n|\n|t:|1783545246\n|switch|p1a: Dachsbun|Dachsbun, L92, F|254/254\n|turn|14\n|inactive|Time left: 300 sec this turn | 300 sec total\n|\n|t:|1783545247\n|move|p2a: Iron Thorns|Stone Edge|p1a: Dachsbun\n|-damage|p1a: Dachsbun|161/254\n|move|p1a: Dachsbun|Play Rough|p2a: Iron Thorns\n|-damage|p2a: Iron Thorns|40/100\n|\n|-heal|p1a: Dachsbun|176/254|[from] item: Leftovers\n|upkeep\n|turn|15\n|inactive|Time left: 300 sec this turn | 300 sec total\n|\n|t:|1783545249\n|move|p2a: Iron Thorns|Stone Edge|p1a: Dachsbun\n|-crit|p1a: Dachsbun\n|-damage|p1a: Dachsbun|29/254\n|move|p1a: Dachsbun|Wish|p1a: Dachsbun\n|\n|-heal|p1a: Dachsbun|44/254|[from] item: Leftovers\n|upkeep\n|turn|16\n|inactive|Time left: 300 sec this turn | 300 sec total\n|\n|t:|1783545250\n|move|p1a: Dachsbun|Protect|p1a: Dachsbun\n|-singleturn|p1a: Dachsbun|Protect\n|move|p2a: Iron Thorns|Stone Edge|p1a: Dachsbun\n|-activate|p1a: Dachsbun|move: Protect\n|\n|-heal|p1a: Dachsbun|171/254|[from] move: Wish|[wisher] Dachsbun\n|-heal|p1a: Dachsbun|186/254|[from] item: Leftovers\n|upkeep\n|turn|17\n|inactive|Time left: 300 sec this turn | 300 sec total\n|\n|t:|1783545251\n|move|p2a: Iron Thorns|Stone Edge|p1a: Dachsbun\n|-crit|p1a: Dachsbun\n|-damage|p1a: Dachsbun|27/254\n|move|p1a: Dachsbun|Wish|p1a: Dachsbun\n|\n|-heal|p1a: Dachsbun|42/254|[from] item: Leftovers\n|upkeep\n|turn|18\n|inactive|Time left: 300 sec this turn | 300 sec total\n|\n|t:|1783545252\n|move|p1a: Dachsbun|Protect|p1a: Dachsbun\n|-singleturn|p1a: Dachsbun|Protect\n|move|p2a: Iron Thorns|Stone Edge|p1a: Dachsbun\n|-activate|p1a: Dachsbun|move: Protect\n|\n|-heal|p1a: Dachsbun|169/254|[from] move: Wish|[wisher] Dachsbun\n|-heal|p1a: Dachsbun|184/254|[from] item: Leftovers\n|upkeep\n|turn|19\n|inactive|Time left: 300 sec this turn | 300 sec total\n|\n|t:|1783545252\n|move|p2a: Iron Thorns|Stone Edge|p1a: Dachsbun\n|-damage|p1a: Dachsbun|87/254\n|move|p1a: Dachsbun|Play Rough|p2a: Iron Thorns\n|-damage|p2a: Iron Thorns|12/100\n|\n|-heal|p1a: Dachsbun|102/254|[from] item: Leftovers\n|upkeep\n|turn|20\n|inactive|Time left: 300 sec this turn | 300 sec total\n|\n|t:|1783545254\n|-end|p2a: Iron Thorns|Quark Drive|[silent]\n|switch|p2a: Sunflora|Sunflora, F|100/100\n|move|p1a: Dachsbun|Wish|p1a: Dachsbun\n|\n|-heal|p1a: Dachsbun|117/254|[from] item: Leftovers\n|upkeep\n|turn|21\n|inactive|Time left: 300 sec this turn | 300 sec total\n|\n|t:|1783545255\n|move|p1a: Dachsbun|Protect|p1a: Dachsbun\n|-singleturn|p1a: Dachsbun|Protect\n|move|p2a: Sunflora|Earth Power|p1a: Dachsbun\n|-activate|p1a: Dachsbun|move: Protect\n|\n|-heal|p1a: Dachsbun|244/254|[from] move: Wish|[wisher] Dachsbun\n|-heal|p1a: Dachsbun|254/254|[from] item: Leftovers\n|upkeep\n|turn|22\n|inactive|Time left: 300 sec this turn | 300 sec total\n|\n|t:|1783545256\n|move|p1a: Dachsbun|Play Rough|p2a: Sunflora\n|-crit|p2a: Sunflora\n|-damage|p2a: Sunflora|47/100\n|move|p2a: Sunflora|Solar Beam||[still]\n|-prepare|p2a: Sunflora|Solar Beam\n|\n|upkeep\n|turn|23\n|inactive|Time left: 300 sec this turn | 300 sec total\n|\n|t:|1783545257\n|move|p1a: Dachsbun|Protect|p1a: Dachsbun\n|-singleturn|p1a: Dachsbun|Protect\n|move|p2a: Sunflora|Solar Beam|p1a: Dachsbun|[from] lockedmove\n|-activate|p1a: Dachsbun|move: Protect\n|\n|upkeep\n|turn|24\n|inactive|Time left: 300 sec this turn | 300 sec total\n|\n|t:|1783545258\n|move|p1a: Dachsbun|Play Rough|p2a: Sunflora\n|-damage|p2a: Sunflora|11/100\n|-unboost|p2a: Sunflora|atk|1\n|move|p2a: Sunflora|Solar Beam||[still]\n|-prepare|p2a: Sunflora|Solar Beam\n|\n|upkeep\n|turn|25\n|inactive|Time left: 300 sec this turn | 300 sec total\n|\n|t:|1783545259\n|move|p1a: Dachsbun|Play Rough|p2a: Sunflora\n|-damage|p2a: Sunflora|0 fnt\n|faint|p2a: Sunflora\n|\n|upkeep\n|\n|t:|1783545261\n|switch|p2a: Regigigas|Regigigas, L84|46/100\n|-start|p2a: Regigigas|ability: Slow Start\n|turn|26\n|inactive|Time left: 300 sec this turn | 300 sec total\n|\n|t:|1783545261\n|move|p2a: Regigigas|Protect|p2a: Regigigas\n|-singleturn|p2a: Regigigas|Protect\n|move|p1a: Dachsbun|Play Rough|p2a: Regigigas\n|-activate|p2a: Regigigas|move: Protect\n|\n|-heal|p2a: Regigigas|53/100|[from] item: Leftovers\n|upkeep\n|turn|27\n|inactive|Time left: 300 sec this turn | 300 sec total\n|\n|t:|1783545262\n|move|p1a: Dachsbun|Play Rough|p2a: Regigigas\n|-damage|p2a: Regigigas|25/100\n|move|p2a: Regigigas|Body Slam|p1a: Dachsbun\n|-damage|p1a: Dachsbun|203/254\n|-status|p1a: Dachsbun|par\n|\n|-heal|p1a: Dachsbun|218/254 par|[from] item: Leftovers\n|-heal|p2a: Regigigas|32/100|[from] item: Leftovers\n|upkeep\n|turn|28\n|inactive|Time left: 300 sec this turn | 300 sec total\n|\n|t:|1783545263\n|move|p2a: Regigigas|Protect|p2a: Regigigas\n|-singleturn|p2a: Regigigas|Protect\n|move|p1a: Dachsbun|Play Rough|p2a: Regigigas\n|-activate|p2a: Regigigas|move: Protect\n|\n|-heal|p1a: Dachsbun|233/254 par|[from] item: Leftovers\n|-heal|p2a: Regigigas|38/100|[from] item: Leftovers\n|upkeep\n|turn|29\n|inactive|Time left: 300 sec this turn | 300 sec total\n|\n|t:|1783545264\n|switch|p2a: Iron Thorns|Iron Thorns, L83, tera:Flying|12/100\n|move|p1a: Dachsbun|Play Rough|p2a: Iron Thorns|[miss]\n|-miss|p1a: Dachsbun|p2a: Iron Thorns\n|\n|-heal|p1a: Dachsbun|248/254 par|[from] item: Leftovers\n|upkeep\n|turn|30\n|inactive|Time left: 300 sec this turn | 300 sec total\n|\n|t:|1783545266\n|move|p2a: Iron Thorns|Earthquake|p1a: Dachsbun\n|-damage|p1a: Dachsbun|182/254 par\n|move|p1a: Dachsbun|Play Rough|p2a: Iron Thorns\n|-damage|p2a: Iron Thorns|0 fnt\n|faint|p2a: Iron Thorns\n|-end|p2a: Iron Thorns|Quark Drive|[silent]\n|\n|-heal|p1a: Dachsbun|197/254 par|[from] item: Leftovers\n|upkeep\n|\n|t:|1783545266\n|switch|p2a: Regigigas|Regigigas, L84|38/100\n|-start|p2a: Regigigas|ability: Slow Start\n|turn|31\n|inactive|Time left: 300 sec this turn | 300 sec total\n|\n|t:|1783545267\n|move|p2a: Regigigas|Protect|p2a: Regigigas\n|-singleturn|p2a: Regigigas|Protect\n|move|p1a: Dachsbun|Play Rough|p2a: Regigigas\n|-activate|p2a: Regigigas|move: Protect\n|\n|-heal|p1a: Dachsbun|212/254 par|[from] item: Leftovers\n|-heal|p2a: Regigigas|44/100|[from] item: Leftovers\n|upkeep\n|turn|32\n|inactive|Time left: 300 sec this turn | 300 sec total\n|\n|t:|1783545268\n|move|p1a: Dachsbun|Play Rough|p2a: Regigigas\n|-damage|p2a: Regigigas|18/100\n|move|p2a: Regigigas|Knock Off|p1a: Dachsbun\n|-resisted|p1a: Dachsbun\n|-damage|p1a: Dachsbun|194/254 par\n|-enditem|p1a: Dachsbun|Leftovers|[from] move: Knock Off|[of] p2a: Regigigas\n|\n|-heal|p2a: Regigigas|24/100|[from] item: Leftovers\n|upkeep\n|turn|33\n|inactive|Time left: 300 sec this turn | 300 sec total\n|\n|t:|1783545269\n|move|p2a: Regigigas|Protect|p2a: Regigigas\n|-singleturn|p2a: Regigigas|Protect\n|move|p1a: Dachsbun|Play Rough|p2a: Regigigas\n|-activate|p2a: Regigigas|move: Protect\n|\n|-heal|p2a: Regigigas|30/100|[from] item: Leftovers\n|upkeep\n|turn|34\n|inactive|Time left: 300 sec this turn | 300 sec total\n|\n|t:|1783545271\n|move|p2a: Regigigas|Protect||[still]\n|-fail|p2a: Regigigas\n|move|p1a: Dachsbun|Play Rough|p2a: Regigigas\n|-damage|p2a: Regigigas|4/100\n|-unboost|p2a: Regigigas|atk|1\n|\n|-heal|p2a: Regigigas|10/100|[from] item: Leftovers\n|upkeep\n|turn|35\n|inactive|Time left: 300 sec this turn | 300 sec total\n|\n|t:|1783545272\n|move|p2a: Regigigas|Protect|p2a: Regigigas\n|-singleturn|p2a: Regigigas|Protect\n|move|p1a: Dachsbun|Play Rough|p2a: Regigigas\n|-activate|p2a: Regigigas|move: Protect\n|\n|-heal|p2a: Regigigas|16/100|[from] item: Leftovers\n|-end|p2a: Regigigas|Slow Start\n|upkeep\n|turn|36\n|inactive|Time left: 300 sec this turn | 300 sec total\n|\n|t:|1783545273\n|move|p2a: Regigigas|Protect||[still]\n|-fail|p2a: Regigigas\n|cant|p1a: Dachsbun|par\n|\n|-heal|p2a: Regigigas|23/100|[from] item: Leftovers\n|upkeep\n|turn|37\n|inactive|Time left: 300 sec this turn | 300 sec total\n|\n|t:|1783545274\n|move|p2a: Regigigas|Protect|p2a: Regigigas\n|-singleturn|p2a: Regigigas|Protect\n|move|p1a: Dachsbun|Play Rough|p2a: Regigigas\n|-activate|p2a: Regigigas|move: Protect\n|\n|-heal|p2a: Regigigas|29/100|[from] item: Leftovers\n|upkeep\n|turn|38\n|inactive|Time left: 300 sec this turn | 300 sec total\n|\n|t:|1783545275\n|move|p2a: Regigigas|Substitute|p2a: Regigigas\n|-start|p2a: Regigigas|Substitute\n|-damage|p2a: Regigigas|4/100\n|move|p1a: Dachsbun|Wish|p1a: Dachsbun\n|\n|-heal|p2a: Regigigas|10/100|[from] item: Leftovers\n|upkeep\n|turn|39\n|inactive|Time left: 300 sec this turn | 300 sec total\n|\n|t:|1783545276\n|move|p2a: Regigigas|Protect|p2a: Regigigas\n|-singleturn|p2a: Regigigas|Protect\n|move|p1a: Dachsbun|Yawn|p2a: Regigigas\n|-activate|p2a: Regigigas|move: Protect\n|\n|-heal|p1a: Dachsbun|254/254 par|[from] move: Wish|[wisher] Dachsbun\n|-heal|p2a: Regigigas|16/100|[from] item: Leftovers\n|upkeep\n|turn|40\n|inactive|Time left: 300 sec this turn | 300 sec total\n|\n|t:|1783545277\n|move|p2a: Regigigas|Body Slam|p1a: Dachsbun\n|-damage|p1a: Dachsbun|187/254 par\n|cant|p1a: Dachsbun|par\n|\n|-heal|p2a: Regigigas|23/100|[from] item: Leftovers\n|upkeep\n|turn|41\n|inactive|Time left: 300 sec this turn | 300 sec total\n|\n|t:|1783545279\n|move|p2a: Regigigas|Body Slam|p1a: Dachsbun\n|-damage|p1a: Dachsbun|117/254 par\n|move|p1a: Dachsbun|Wish|p1a: Dachsbun\n|\n|-heal|p2a: Regigigas|29/100|[from] item: Leftovers\n|upkeep\n|turn|42\n|inactive|Time left: 300 sec this turn | 300 sec total\n|\n|t:|1783545280\n|cant|p1a: Dachsbun|par\n|move|p2a: Regigigas|Body Slam|p1a: Dachsbun\n|-damage|p1a: Dachsbun|54/254 par\n|\n|-heal|p1a: Dachsbun|181/254 par|[from] move: Wish|[wisher] Dachsbun\n|-heal|p2a: Regigigas|35/100|[from] item: Leftovers\n|upkeep\n|turn|43\n|inactive|Time left: 300 sec this turn | 300 sec total\n|\n|t:|1783545281\n|move|p2a: Regigigas|Body Slam|p1a: Dachsbun\n|-damage|p1a: Dachsbun|109/254 par\n|move|p1a: Dachsbun|Wish|p1a: Dachsbun\n|\n|-heal|p2a: Regigigas|41/100|[from] item: Leftovers\n|upkeep\n|turn|44\n|inactive|Time left: 300 sec this turn | 300 sec total\n|\n|t:|1783545282\n|move|p1a: Dachsbun|Protect|p1a: Dachsbun\n|-singleturn|p1a: Dachsbun|Protect\n|move|p2a: Regigigas|Body Slam|p1a: Dachsbun\n|-activate|p1a: Dachsbun|move: Protect\n|\n|-heal|p1a: Dachsbun|236/254 par|[from] move: Wish|[wisher] Dachsbun\n|-heal|p2a: Regigigas|47/100|[from] item: Leftovers\n|upkeep\n|turn|45\n|inactive|Time left: 300 sec this turn | 300 sec total\n|\n|t:|1783545283\n|move|p2a: Regigigas|Body Slam|p1a: Dachsbun\n|-damage|p1a: Dachsbun|167/254 par\n|cant|p1a: Dachsbun|par\n|\n|-heal|p2a: Regigigas|54/100|[from] item: Leftovers\n|upkeep\n|turn|46\n|inactive|Time left: 300 sec this turn | 300 sec total\n|\n|t:|1783545284\n|move|p2a: Regigigas|Body Slam|p1a: Dachsbun\n|-damage|p1a: Dachsbun|100/254 par\n|move|p1a: Dachsbun|Wish|p1a: Dachsbun\n|\n|-heal|p2a: Regigigas|60/100|[from] item: Leftovers\n|upkeep\n|turn|47\n|inactive|Time left: 300 sec this turn | 300 sec total\n|\n|t:|1783545285\n|move|p1a: Dachsbun|Protect|p1a: Dachsbun\n|-singleturn|p1a: Dachsbun|Protect\n|move|p2a: Regigigas|Body Slam|p1a: Dachsbun\n|-activate|p1a: Dachsbun|move: Protect\n|\n|-heal|p1a: Dachsbun|227/254 par|[from] move: Wish|[wisher] Dachsbun\n|-heal|p2a: Regigigas|66/100|[from] item: Leftovers\n|upkeep\n|turn|48\n|inactive|Time left: 300 sec this turn | 300 sec total\n|\n|t:|1783545286\n|move|p2a: Regigigas|Body Slam|p1a: Dachsbun\n|-damage|p1a: Dachsbun|161/254 par\n|move|p1a: Dachsbun|Wish|p1a: Dachsbun\n|\n|-heal|p2a: Regigigas|72/100|[from] item: Leftovers\n|upkeep\n|turn|49\n|inactive|Time left: 300 sec this turn | 300 sec total\n|\n|t:|1783545287\n|move|p1a: Dachsbun|Protect|p1a: Dachsbun\n|-singleturn|p1a: Dachsbun|Protect\n|move|p2a: Regigigas|Body Slam|p1a: Dachsbun\n|-activate|p1a: Dachsbun|move: Protect\n|\n|-heal|p1a: Dachsbun|254/254 par|[from] move: Wish|[wisher] Dachsbun\n|-heal|p2a: Regigigas|78/100|[from] item: Leftovers\n|upkeep\n|turn|50\n|inactive|Time left: 300 sec this turn | 300 sec total\n|\n|t:|1783545288\n|move|p2a: Regigigas|Body Slam|p1a: Dachsbun\n|-damage|p1a: Dachsbun|190/254 par\n|move|p1a: Dachsbun|Wish|p1a: Dachsbun\n|\n|-heal|p2a: Regigigas|85/100|[from] item: Leftovers\n|upkeep\n|turn|51\n|inactive|Time left: 300 sec this turn | 300 sec total\n|\n|t:|1783545289\n|move|p2a: Regigigas|Body Slam|p1a: Dachsbun\n|-damage|p1a: Dachsbun|123/254 par\n|cant|p1a: Dachsbun|par\n|\n|-heal|p1a: Dachsbun|250/254 par|[from] move: Wish|[wisher] Dachsbun\n|-heal|p2a: Regigigas|91/100|[from] item: Leftovers\n|upkeep\n|turn|52\n|inactive|Time left: 300 sec this turn | 300 sec total\n|\n|t:|1783545290\n|move|p2a: Regigigas|Body Slam|p1a: Dachsbun\n|-damage|p1a: Dachsbun|186/254 par\n|move|p1a: Dachsbun|Wish|p1a: Dachsbun\n|\n|-heal|p2a: Regigigas|97/100|[from] item: Leftovers\n|upkeep\n|turn|53\n|inactive|Time left: 300 sec this turn | 300 sec total\n|\n|t:|1783545291\n|move|p2a: Regigigas|Knock Off|p1a: Dachsbun\n|-resisted|p1a: Dachsbun\n|-damage|p1a: Dachsbun|170/254 par\n|move|p1a: Dachsbun|Yawn||[still]\n|-fail|p1a: Dachsbun\n|\n|-heal|p1a: Dachsbun|254/254 par|[from] move: Wish|[wisher] Dachsbun\n|-heal|p2a: Regigigas|100/100|[from] item: Leftovers\n|upkeep\n|turn|54\n|inactive|Time left: 300 sec this turn | 300 sec total\n|\n|t:|1783545292\n|move|p2a: Regigigas|Body Slam|p1a: Dachsbun\n|-damage|p1a: Dachsbun|191/254 par\n|move|p1a: Dachsbun|Wish|p1a: Dachsbun\n|\n|upkeep\n|turn|55\n|inactive|Time left: 300 sec this turn | 300 sec total\n|\n|t:|1783545293\n|move|p1a: Dachsbun|Protect|p1a: Dachsbun\n|-singleturn|p1a: Dachsbun|Protect\n|move|p2a: Regigigas|Knock Off|p1a: Dachsbun\n|-activate|p1a: Dachsbun|move: Protect\n|\n|-heal|p1a: Dachsbun|254/254 par|[from] move: Wish|[wisher] Dachsbun\n|upkeep\n|turn|56\n|inactive|Time left: 300 sec this turn | 300 sec total\n|\n|t:|1783545294\n|move|p2a: Regigigas|Body Slam|p1a: Dachsbun\n|-damage|p1a: Dachsbun|188/254 par\n|move|p1a: Dachsbun|Wish|p1a: Dachsbun\n|\n|upkeep\n|turn|57\n|inactive|Time left: 300 sec this turn | 300 sec total\n|\n|t:|1783545295\n|move|p1a: Dachsbun|Protect|p1a: Dachsbun\n|-singleturn|p1a: Dachsbun|Protect\n|move|p2a: Regigigas|Knock Off|p1a: Dachsbun\n|-activate|p1a: Dachsbun|move: Protect\n|\n|-heal|p1a: Dachsbun|254/254 par|[from] move: Wish|[wisher] Dachsbun\n|upkeep\n|turn|58\n|inactive|Time left: 300 sec this turn | 300 sec total\n|\n|t:|1783545296\n|move|p2a: Regigigas|Body Slam|p1a: Dachsbun\n|-damage|p1a: Dachsbun|190/254 par\n|cant|p1a: Dachsbun|par\n|\n|upkeep\n|turn|59\n|inactive|Time left: 300 sec this turn | 300 sec total\n|\n|t:|1783545298\n|move|p2a: Regigigas|Body Slam|p1a: Dachsbun\n|-damage|p1a: Dachsbun|118/254 par\n|move|p1a: Dachsbun|Wish|p1a: Dachsbun\n|\n|upkeep\n|turn|60\n|inactive|Time left: 300 sec this turn | 300 sec total\n|\n|t:|1783545299\n|move|p1a: Dachsbun|Protect|p1a: Dachsbun\n|-singleturn|p1a: Dachsbun|Protect\n|move|p2a: Regigigas|Body Slam|p1a: Dachsbun\n|-activate|p1a: Dachsbun|move: Protect\n|\n|-heal|p1a: Dachsbun|245/254 par|[from] move: Wish|[wisher] Dachsbun\n|upkeep\n|turn|61\n|inactive|Time left: 300 sec this turn | 300 sec total\n|\n|t:|1783545300\n|move|p2a: Regigigas|Body Slam|p1a: Dachsbun\n|-damage|p1a: Dachsbun|173/254 par\n|move|p1a: Dachsbun|Wish|p1a: Dachsbun\n|\n|upkeep\n|turn|62\n|inactive|Time left: 300 sec this turn | 300 sec total\n|\n|t:|1783545301\n|cant|p1a: Dachsbun|par\n|move|p2a: Regigigas|Body Slam|p1a: Dachsbun\n|-damage|p1a: Dachsbun|110/254 par\n|\n|-heal|p1a: Dachsbun|237/254 par|[from] move: Wish|[wisher] Dachsbun\n|upkeep\n|turn|63\n|inactive|Time left: 300 sec this turn | 300 sec total\n|\n|t:|1783545301\n|move|p2a: Regigigas|Body Slam|p1a: Dachsbun\n|-damage|p1a: Dachsbun|173/254 par\n|move|p1a: Dachsbun|Wish|p1a: Dachsbun\n|\n|upkeep\n|turn|64\n|inactive|Time left: 300 sec this turn | 300 sec total\n|\n|t:|1783545302\n|move|p2a: Regigigas|Substitute|p2a: Regigigas\n|-fail|p2a: Regigigas|move: Substitute\n|move|p1a: Dachsbun|Yawn||[still]\n|-fail|p1a: Dachsbun\n|\n|-heal|p1a: Dachsbun|254/254 par|[from] move: Wish|[wisher] Dachsbun\n|upkeep\n|turn|65\n|inactive|Time left: 300 sec this turn | 300 sec total\n|\n|t:|1783545303\n|move|p2a: Regigigas|Substitute|p2a: Regigigas\n|-fail|p2a: Regigigas|move: Substitute\n|move|p1a: Dachsbun|Wish|p1a: Dachsbun\n|\n|upkeep\n|turn|66\n|inactive|Time left: 300 sec this turn | 300 sec total\n|\n|t:|1783545304\n|switch|p1a: Pachirisu|Pachirisu, L96, F|198/271\n|move|p2a: Regigigas|Substitute|p2a: Regigigas\n|-fail|p2a: Regigigas|move: Substitute\n|\n|-heal|p1a: Pachirisu|271/271|[from] move: Wish|[wisher] Dachsbun\n|upkeep\n|turn|67\n|inactive|Time left: 300 sec this turn | 300 sec total\n|\n|t:|1783545305\n|move|p1a: Pachirisu|Super Fang|p2a: Regigigas\n|-end|p2a: Regigigas|Substitute\n|move|p2a: Regigigas|Knock Off|p1a: Pachirisu\n|-damage|p1a: Pachirisu|194/271\n|-enditem|p1a: Pachirisu|Heavy-Duty Boots|[from] move: Knock Off|[of] p2a: Regigigas\n|\n|upkeep\n|turn|68\n|inactive|Time left: 300 sec this turn | 300 sec total\n|\n|t:|1783545306\n|move|p1a: Pachirisu|Super Fang|p2a: Regigigas\n|-damage|p2a: Regigigas|50/100\n|move|p2a: Regigigas|Body Slam|p1a: Pachirisu\n|-damage|p1a: Pachirisu|100/271\n|\n|-heal|p2a: Regigigas|57/100|[from] item: Leftovers\n|upkeep\n|turn|69\n|inactive|Time left: 300 sec this turn | 300 sec total\n|\n|t:|1783545307\n|move|p1a: Pachirisu|Discharge|p2a: Regigigas\n|-damage|p2a: Regigigas|39/100\n|move|p2a: Regigigas|Substitute|p2a: Regigigas\n|-start|p2a: Regigigas|Substitute\n|-damage|p2a: Regigigas|14/100\n|\n|-heal|p2a: Regigigas|20/100|[from] item: Leftovers\n|upkeep\n|turn|70\n|inactive|Time left: 300 sec this turn | 300 sec total\n|\n|t:|1783545308\n|move|p1a: Pachirisu|Discharge|p2a: Regigigas\n|-activate|p2a: Regigigas|move: Substitute|[damage]\n|move|p2a: Regigigas|Knock Off|p1a: Pachirisu\n|-damage|p1a: Pachirisu|53/271\n|\n|-heal|p2a: Regigigas|27/100|[from] item: Leftovers\n|upkeep\n|turn|71\n|inactive|Time left: 300 sec this turn | 300 sec total\n|\n|t:|1783545309\n|move|p1a: Pachirisu|Super Fang|p2a: Regigigas\n|-end|p2a: Regigigas|Substitute\n|move|p2a: Regigigas|Knock Off|p1a: Pachirisu\n|-damage|p1a: Pachirisu|7/271\n|\n|-heal|p2a: Regigigas|33/100|[from] item: Leftovers\n|upkeep\n|turn|72\n|inactive|Time left: 300 sec this turn | 300 sec total\n|\n|t:|1783545310\n|move|p1a: Pachirisu|Discharge|p2a: Regigigas\n|-crit|p2a: Regigigas\n|-damage|p2a: Regigigas|8/100\n|move|p2a: Regigigas|Knock Off|p1a: Pachirisu\n|-damage|p1a: Pachirisu|0 fnt\n|faint|p1a: Pachirisu\n|\n|-heal|p2a: Regigigas|14/100|[from] item: Leftovers\n|upkeep\n|inactive|Time left: 300 sec this turn | 300 sec total | 5 sec grace\n|\n|t:|1783545311\n|switch|p1a: Dachsbun|Dachsbun, L92, F|254/254 par\n|turn|73\n|inactive|Time left: 300 sec this turn | 300 sec total\n|\n|t:|1783545312\n|move|p1a: Dachsbun|Protect|p1a: Dachsbun\n|-singleturn|p1a: Dachsbun|Protect\n|move|p2a: Regigigas|Knock Off|p1a: Dachsbun\n|-activate|p1a: Dachsbun|move: Protect\n|\n|-heal|p2a: Regigigas|21/100|[from] item: Leftovers\n|upkeep\n|turn|74\n|inactive|Time left: 300 sec this turn | 300 sec total\n|\n|t:|1783545313\n|move|p2a: Regigigas|Knock Off|p1a: Dachsbun\n|-resisted|p1a: Dachsbun\n|-damage|p1a: Dachsbun|238/254 par\n|cant|p1a: Dachsbun|par\n|\n|-heal|p2a: Regigigas|27/100|[from] item: Leftovers\n|upkeep\n|turn|75\n|inactive|Time left: 300 sec this turn | 300 sec total\n|\n|t:|1783545314\n|move|p2a: Regigigas|Substitute|p2a: Regigigas\n|-start|p2a: Regigigas|Substitute\n|-damage|p2a: Regigigas|2/100\n|move|p1a: Dachsbun|Yawn||[still]\n|-fail|p1a: Dachsbun\n|\n|-heal|p2a: Regigigas|8/100|[from] item: Leftovers\n|upkeep\n|turn|76\n|inactive|Time left: 300 sec this turn | 300 sec total\n|\n|t:|1783545315\n|cant|p1a: Dachsbun|par\n|move|p2a: Regigigas|Knock Off|p1a: Dachsbun\n|-resisted|p1a: Dachsbun\n|-damage|p1a: Dachsbun|221/254 par\n|\n|-heal|p2a: Regigigas|14/100|[from] item: Leftovers\n|upkeep\n|turn|77\n|inactive|Time left: 300 sec this turn | 300 sec total\n|\n|t:|1783545317\n|move|p2a: Regigigas|Knock Off|p1a: Dachsbun\n|-resisted|p1a: Dachsbun\n|-crit|p1a: Dachsbun\n|-damage|p1a: Dachsbun|186/254 par\n|move|p1a: Dachsbun|Yawn||[still]\n|-fail|p1a: Dachsbun\n|\n|-heal|p2a: Regigigas|21/100|[from] item: Leftovers\n|upkeep\n|turn|78\n|inactive|Time left: 300 sec this turn | 300 sec total\n|\n|t:|1783545318\n|move|p2a: Regigigas|Knock Off|p1a: Dachsbun\n|-resisted|p1a: Dachsbun\n|-damage|p1a: Dachsbun|170/254 par\n|move|p1a: Dachsbun|Yawn||[still]\n|-fail|p1a: Dachsbun\n|\n|-heal|p2a: Regigigas|27/100|[from] item: Leftovers\n|upkeep\n|turn|79\n|inactive|Time left: 300 sec this turn | 300 sec total\n|\n|t:|1783545319\n|cant|p1a: Dachsbun|par\n|move|p2a: Regigigas|Knock Off|p1a: Dachsbun\n|-resisted|p1a: Dachsbun\n|-damage|p1a: Dachsbun|152/254 par\n|\n|-heal|p2a: Regigigas|33/100|[from] item: Leftovers\n|upkeep\n|turn|80\n|inactive|Time left: 300 sec this turn | 300 sec total\n|\n|t:|1783545320\n|move|p1a: Dachsbun|Protect|p1a: Dachsbun\n|-singleturn|p1a: Dachsbun|Protect\n|move|p2a: Regigigas|Knock Off|p1a: Dachsbun\n|-activate|p1a: Dachsbun|move: Protect\n|\n|-heal|p2a: Regigigas|39/100|[from] item: Leftovers\n|upkeep\n|turn|81\n|inactive|Time left: 300 sec this turn | 300 sec total\n|\n|t:|1783545321\n|move|p2a: Regigigas|Knock Off|p1a: Dachsbun\n|-resisted|p1a: Dachsbun\n|-damage|p1a: Dachsbun|136/254 par\n|move|p1a: Dachsbun|Yawn||[still]\n|-fail|p1a: Dachsbun\n|\n|-heal|p2a: Regigigas|46/100|[from] item: Leftovers\n|upkeep\n|turn|82\n|inactive|Time left: 300 sec this turn | 300 sec total\n|\n|t:|1783545322\n|move|p2a: Regigigas|Knock Off|p1a: Dachsbun\n|-resisted|p1a: Dachsbun\n|-damage|p1a: Dachsbun|118/254 par\n|move|p1a: Dachsbun|Yawn||[still]\n|-fail|p1a: Dachsbun\n|\n|-heal|p2a: Regigigas|52/100|[from] item: Leftovers\n|upkeep\n|turn|83\n|inactive|Time left: 300 sec this turn | 300 sec total\n|\n|t:|1783545324\n|cant|p1a: Dachsbun|par\n|move|p2a: Regigigas|Knock Off|p1a: Dachsbun\n|-resisted|p1a: Dachsbun\n|-damage|p1a: Dachsbun|102/254 par\n|\n|-heal|p2a: Regigigas|58/100|[from] item: Leftovers\n|upkeep\n|turn|84\n|inactive|Time left: 300 sec this turn | 300 sec total\n|\n|t:|1783545325\n|move|p2a: Regigigas|Protect|p2a: Regigigas\n|-singleturn|p2a: Regigigas|Protect\n|move|p1a: Dachsbun|Protect||[still]\n|-fail|p1a: Dachsbun\n|\n|-heal|p2a: Regigigas|64/100|[from] item: Leftovers\n|upkeep\n|turn|85\n|inactive|Time left: 300 sec this turn | 300 sec total\n|\n|t:|1783545326\n|move|p2a: Regigigas|Knock Off|p1a: Dachsbun\n|-resisted|p1a: Dachsbun\n|-damage|p1a: Dachsbun|84/254 par\n|cant|p1a: Dachsbun|par\n|\n|-heal|p2a: Regigigas|70/100|[from] item: Leftovers\n|upkeep\n|turn|86\n|inactive|Time left: 300 sec this turn | 300 sec total\n|\n|t:|1783545327\n|move|p2a: Regigigas|Protect|p2a: Regigigas\n|-singleturn|p2a: Regigigas|Protect\n|move|p1a: Dachsbun|Protect||[still]\n|-fail|p1a: Dachsbun\n|\n|-heal|p2a: Regigigas|77/100|[from] item: Leftovers\n|upkeep\n|turn|87\n|inactive|Time left: 300 sec this turn | 300 sec total\n|\n|t:|1783545328\n|move|p2a: Regigigas|Protect|p2a: Regigigas\n|-singleturn|p2a: Regigigas|Protect\n|cant|p1a: Dachsbun|par\n|\n|-heal|p2a: Regigigas|83/100|[from] item: Leftovers\n|upkeep\n|turn|88\n|inactive|Time left: 300 sec this turn | 300 sec total\n|\n|t:|1783545329\n|move|p2a: Regigigas|Protect||[still]\n|-fail|p2a: Regigigas\n|move|p1a: Dachsbun|Protect||[still]\n|-fail|p1a: Dachsbun\n|\n|-heal|p2a: Regigigas|89/100|[from] item: Leftovers\n|upkeep\n|turn|89\n|inactive|Time left: 300 sec this turn | 300 sec total\n|\n|t:|1783545330\n|move|p2a: Regigigas|Protect|p2a: Regigigas\n|-singleturn|p2a: Regigigas|Protect\n|move|p1a: Dachsbun|Yawn|p2a: Regigigas\n|-activate|p2a: Regigigas|move: Protect\n|\n|-heal|p2a: Regigigas|95/100|[from] item: Leftovers\n|upkeep\n|turn|90\n|inactive|Time left: 300 sec this turn | 300 sec total\n|\n|t:|1783545331\n|move|p2a: Regigigas|Protect||[still]\n|-fail|p2a: Regigigas\n|move|p1a: Dachsbun|Yawn||[still]\n|-fail|p1a: Dachsbun\n|\n|-heal|p2a: Regigigas|100/100|[from] item: Leftovers\n|upkeep\n|turn|91\n|inactive|Time left: 300 sec this turn | 300 sec total\n|\n|t:|1783545332\n|move|p2a: Regigigas|Protect|p2a: Regigigas\n|-singleturn|p2a: Regigigas|Protect\n|move|p1a: Dachsbun|Yawn|p2a: Regigigas\n|-activate|p2a: Regigigas|move: Protect\n|\n|upkeep\n|turn|92\n|inactive|Time left: 300 sec this turn | 300 sec total\n|\n|t:|1783545333\n|move|p2a: Regigigas|Knock Off|p1a: Dachsbun\n|-resisted|p1a: Dachsbun\n|-damage|p1a: Dachsbun|67/254 par\n|move|p1a: Dachsbun|Yawn||[still]\n|-fail|p1a: Dachsbun\n|\n|upkeep\n|turn|93\n|inactive|Time left: 300 sec this turn | 300 sec total\n|\n|t:|1783545334\n|move|p2a: Regigigas|Knock Off|p1a: Dachsbun\n|-resisted|p1a: Dachsbun\n|-damage|p1a: Dachsbun|49/254 par\n|move|p1a: Dachsbun|Yawn||[still]\n|-fail|p1a: Dachsbun\n|\n|upkeep\n|turn|94\n|inactive|Time left: 300 sec this turn | 300 sec total\n|\n|t:|1783545335\n|move|p2a: Regigigas|Knock Off|p1a: Dachsbun\n|-resisted|p1a: Dachsbun\n|-damage|p1a: Dachsbun|32/254 par\n|move|p1a: Dachsbun|Yawn||[still]\n|-fail|p1a: Dachsbun\n|\n|upkeep\n|turn|95\n|inactive|Time left: 300 sec this turn | 300 sec total\n|\n|t:|1783545336\n|move|p1a: Dachsbun|Protect|p1a: Dachsbun\n|-singleturn|p1a: Dachsbun|Protect\n|move|p2a: Regigigas|Knock Off|p1a: Dachsbun\n|-activate|p1a: Dachsbun|move: Protect\n|\n|upkeep\n|turn|96\n|inactive|Time left: 300 sec this turn | 300 sec total\n|\n|t:|1783545337\n|move|p2a: Regigigas|Substitute|p2a: Regigigas\n|-fail|p2a: Regigigas|move: Substitute\n|move|p1a: Dachsbun|Yawn||[still]\n|-fail|p1a: Dachsbun\n|\n|upkeep\n|turn|97\n|inactive|Time left: 300 sec this turn | 300 sec total\n|\n|t:|1783545338\n|move|p2a: Regigigas|Knock Off|p1a: Dachsbun\n|-resisted|p1a: Dachsbun\n|-damage|p1a: Dachsbun|16/254 par\n|move|p1a: Dachsbun|Yawn||[still]\n|-fail|p1a: Dachsbun\n|\n|upkeep\n|turn|98\n|inactive|Time left: 300 sec this turn | 300 sec total\n|\n|t:|1783545339\n|move|p2a: Regigigas|Knock Off|p1a: Dachsbun\n|-resisted|p1a: Dachsbun\n|-damage|p1a: Dachsbun|0 fnt\n|faint|p1a: Dachsbun\n|\n|win|p0y4702a1a", "uploadtime": 1783545339, "views": 0, "rating": 0, "private": 0, "password": null, "_winner": "p0y4702a1a", "_our_name": "p0x4701898"}