{"id": "battle-gen9randombattle-839", "formatid": "gen9randombattle", "format": "[Gen 9] Random Battle", "players": ["p0x8398c48", "p0y8399180"], "log": "|init|battle\n|title|p0x8398c48 vs. p0y8399180\n|j|\u2606p0x8398c48\n|j|\u2606p0y8399180\n|t:|1783548879\n|gametype|singles\n|player|p1|p0x8398c48|2|\n|player|p2|p0y8399180|102|\n|gen|9\n|tier|[Gen 9] Random Battle\n|rule|Species Clause: Limit one of each Pok\u00e9mon\n|rule|HP Percentage Mod: HP is shown in percentages\n|rule|Sleep Clause Mod: Limit one foe put to sleep\n|rule|Illusion Level Mod: Illusion disguises the Pok\u00e9mon's true level\n|\n|t:|1783548879\n|teamsize|p1|6\n|teamsize|p2|6\n|start\n|switch|p1a: Flapple|Flapple, L88, F|266/266\n|switch|p2a: Darkrai|Darkrai, L77|100/100\n|turn|1\n|inactive|Battle timer is ON: inactive players will automatically lose when time's up. (requested by p0x8398c48)\n|\n|t:|1783548881\n|move|p2a: Darkrai|Sludge Bomb|p1a: Flapple\n|-supereffective|p1a: Flapple\n|-damage|p1a: Flapple|58/266\n|-status|p1a: Flapple|psn\n|-damage|p2a: Darkrai|91/100|[from] item: Life Orb\n|move|p1a: Flapple|Outrage|p2a: Darkrai\n|-damage|p2a: Darkrai|0 fnt\n|faint|p2a: Darkrai\n|\n|-damage|p1a: Flapple|25/266 psn|[from] psn\n|upkeep\n|inactive|p0y8399180 also wants the timer to be on.\n|\n|t:|1783548882\n|switch|p2a: Rampardos|Rampardos, L90, M|100/100\n|turn|2\n|inactive|Time left: 300 sec this turn | 300 sec total\n|\n|t:|1783548883\n|move|p2a: Rampardos|Fire Punch|p1a: Flapple\n|-damage|p1a: Flapple|0 fnt\n|faint|p1a: Flapple\n|\n|upkeep\n|inactive|Time left: 300 sec this turn | 300 sec total | 5 sec grace\n|\n|t:|1783548884\n|switch|p1a: Drednaw|Drednaw, L81, F|278/278\n|turn|3\n|inactive|Time left: 300 sec this turn | 300 sec total\n|\n|t:|1783548885\n|switch|p2a: Pawmot|Pawmot, L80, F|100/100\n|move|p1a: Drednaw|Shell Smash|p1a: Drednaw\n|-unboost|p1a: Drednaw|def|1\n|-unboost|p1a: Drednaw|spd|1\n|-boost|p1a: Drednaw|atk|2\n|-boost|p1a: Drednaw|spa|2\n|-boost|p1a: Drednaw|spe|2\n|-enditem|p1a: Drednaw|White Herb\n|-clearnegativeboost|p1a: Drednaw|[silent]\n|\n|upkeep\n|turn|4\n|inactive|Time left: 300 sec this turn | 300 sec total\n|\n|t:|1783548886\n|move|p1a: Drednaw|Earthquake|p2a: Pawmot\n|-supereffective|p2a: Pawmot\n|-damage|p2a: Pawmot|0 fnt\n|faint|p2a: Pawmot\n|\n|upkeep\n|\n|t:|1783548887\n|switch|p2a: Venomoth|Venomoth, L84, M|100/100\n|turn|5\n|inactive|Time left: 300 sec this turn | 300 sec total\n|\n|t:|1783548888\n|move|p1a: Drednaw|Liquidation|p2a: Venomoth\n|-damage|p2a: Venomoth|0 fnt\n|faint|p2a: Venomoth\n|\n|upkeep\n|\n|t:|1783548889\n|switch|p2a: Mew|Mew, L82|100/100\n|turn|6\n|inactive|Time left: 300 sec this turn | 300 sec total\n|\n|t:|1783548890\n|move|p1a: Drednaw|Liquidation|p2a: Mew\n|-damage|p2a: Mew|39/100\n|-unboost|p2a: Mew|def|1\n|move|p2a: Mew|Psyshock|p1a: Drednaw\n|-damage|p1a: Drednaw|168/278\n|-damage|p2a: Mew|29/100|[from] item: Life Orb\n|\n|upkeep\n|turn|7\n|inactive|Time left: 300 sec this turn | 300 sec total\n|\n|t:|1783548892\n|move|p1a: Drednaw|Liquidation|p2a: Mew\n|-damage|p2a: Mew|0 fnt\n|faint|p2a: Mew\n|\n|upkeep\n|\n|t:|1783548893\n|switch|p2a: Azelf|Azelf, L82|100/100\n|turn|8\n|inactive|Time left: 300 sec this turn | 300 sec total\n|\n|t:|1783548894\n|-terastallize|p1a: Drednaw|Water\n|-terastallize|p2a: Azelf|Fairy\n|move|p1a: Drednaw|Liquidation|p2a: Azelf\n|-damage|p2a: Azelf|0 fnt\n|faint|p2a: Azelf\n|\n|upkeep\n|\n|t:|1783548895\n|switch|p2a: Rampardos|Rampardos, L90, M|100/100\n|turn|9\n|inactive|Time left: 300 sec this turn | 300 sec total\n|\n|t:|1783548896\n|move|p1a: Drednaw|Liquidation|p2a: Rampardos\n|-supereffective|p2a: Rampardos\n|-damage|p2a: Rampardos|0 fnt\n|faint|p2a: Rampardos\n|\n|win|p0x8398c48", "uploadtime": 1783548896, "views": 0, "rating": 0, "private": 0, "password": null, "_winner": "p0x8398c48", "_our_name": "p0x8398c48"}