{"id": "battle-gen9randombattle-131", "formatid": "gen9randombattle", "format": "[Gen 9] Random Battle", "players": ["p0x131586d", "p0y1313c41"], "log": "|init|battle\n|title|p0x131586d vs. p0y1313c41\n|j|\u2606p0x131586d\n|j|\u2606p0y1313c41\n|t:|1783534784\n|gametype|singles\n|player|p1|p0x131586d|102|\n|player|p2|p0y1313c41|101|\n|gen|9\n|tier|[Gen 9] Random Battle\n|rule|Species Clause: Limit one of each Pok\u00e9mon\n|rule|HP Percentage Mod: HP is shown in percentages\n|rule|Sleep Clause Mod: Limit one foe put to sleep\n|rule|Illusion Level Mod: Illusion disguises the Pok\u00e9mon's true level\n|\n|t:|1783534784\n|teamsize|p1|6\n|teamsize|p2|6\n|start\n|switch|p1a: Skeledirge|Skeledirge, L79, F|100/100\n|switch|p2a: Munkidori|Munkidori, L79, M|269/269\n|turn|1\n|inactive|Battle timer is ON: inactive players will automatically lose when time's up. (requested by p0y1313c41)\n|inactive|p0x131586d also wants the timer to be on.\n|\n|t:|1783534786\n|move|p2a: Munkidori|Sludge Wave|p1a: Skeledirge\n|-resisted|p1a: Skeledirge\n|-damage|p1a: Skeledirge|77/100\n|-status|p1a: Skeledirge|tox|[from] ability: Toxic Chain|[of] p2a: Munkidori\n|move|p1a: Skeledirge|Torch Song|p2a: Munkidori\n|-damage|p2a: Munkidori|215/269\n|-boost|p1a: Skeledirge|spa|1\n|\n|-damage|p1a: Skeledirge|71/100 tox|[from] psn\n|upkeep\n|turn|2\n|inactive|Time left: 300 sec this turn | 300 sec total\n|\n|t:|1783534786\n|move|p2a: Munkidori|Psychic Noise|p1a: Skeledirge\n|-damage|p1a: Skeledirge|38/100 tox\n|-start|p1a: Skeledirge|move: Heal Block\n|move|p1a: Skeledirge|Shadow Ball|p2a: Munkidori\n|-supereffective|p2a: Munkidori\n|-damage|p2a: Munkidori|33/269\n|\n|-damage|p1a: Skeledirge|26/100 tox|[from] psn\n|upkeep\n|turn|3\n|inactive|Time left: 300 sec this turn | 300 sec total\n|\n|t:|1783534787\n|move|p2a: Munkidori|Psychic Noise|p1a: Skeledirge\n|-crit|p1a: Skeledirge\n|-damage|p1a: Skeledirge|0 fnt\n|faint|p1a: Skeledirge\n|\n|upkeep\n|\n|t:|1783534788\n|switch|p1a: Glastrier|Glastrier, L86|100/100\n|turn|4\n|inactive|Time left: 300 sec this turn | 300 sec total\n|\n|t:|1783534790\n|switch|p2a: Zamazenta|Zamazenta, L71|248/248\n|-ability|p2a: Zamazenta|Dauntless Shield|boost\n|-boost|p2a: Zamazenta|def|1\n|move|p1a: Glastrier|Icicle Crash|p2a: Zamazenta|[miss]\n|-miss|p1a: Glastrier|p2a: Zamazenta\n|\n|upkeep\n|turn|5\n|inactive|Time left: 300 sec this turn | 300 sec total\n|\n|t:|1783534791\n|move|p2a: Zamazenta|Close Combat|p1a: Glastrier\n|-supereffective|p1a: Glastrier\n|-damage|p1a: Glastrier|27/100\n|-unboost|p2a: Zamazenta|def|1\n|-unboost|p2a: Zamazenta|spd|1\n|move|p1a: Glastrier|Swords Dance|p1a: Glastrier\n|-boost|p1a: Glastrier|atk|2\n|\n|upkeep\n|turn|6\n|inactive|Time left: 300 sec this turn | 300 sec total\n|\n|t:|1783534792\n|switch|p1a: Exeggutor|Exeggutor-Alola, L89, M|100/100\n|move|p2a: Zamazenta|Close Combat|p1a: Exeggutor\n|-damage|p1a: Exeggutor|54/100\n|-unboost|p2a: Zamazenta|def|1\n|-unboost|p2a: Zamazenta|spd|1\n|\n|upkeep\n|turn|7\n|inactive|Time left: 300 sec this turn | 300 sec total\n|\n|t:|1783534793\n|-terastallize|p2a: Zamazenta|Fighting\n|move|p2a: Zamazenta|Close Combat|p1a: Exeggutor\n|-damage|p1a: Exeggutor|0 fnt\n|-unboost|p2a: Zamazenta|def|1\n|-unboost|p2a: Zamazenta|spd|1\n|faint|p1a: Exeggutor\n|\n|upkeep\n|\n|t:|1783534794\n|switch|p1a: Indeedee|Indeedee-F, L90, F|100/100\n|-fieldstart|move: Psychic Terrain|[from] ability: Psychic Surge|[of] p1a: Indeedee\n|turn|8\n|inactive|Time left: 300 sec this turn | 300 sec total\n|\n|t:|1783534795\n|switch|p2a: Rabsca|Rabsca, L91, M|284/284\n|move|p1a: Indeedee|Psychic|p2a: Rabsca\n|-resisted|p2a: Rabsca\n|-damage|p2a: Rabsca|230/284\n|\n|upkeep\n|turn|9\n|inactive|Time left: 300 sec this turn | 300 sec total\n|\n|t:|1783534797\n|move|p1a: Indeedee|Psychic|p2a: Rabsca\n|-resisted|p2a: Rabsca\n|-damage|p2a: Rabsca|170/284\n|move|p2a: Rabsca|Bug Buzz|p1a: Indeedee\n|-supereffective|p1a: Indeedee\n|-damage|p1a: Indeedee|28/100\n|\n|upkeep\n|turn|10\n|inactive|Time left: 300 sec this turn | 300 sec total\n|\n|t:|1783534798\n|move|p1a: Indeedee|Psychic|p2a: Rabsca\n|-resisted|p2a: Rabsca\n|-damage|p2a: Rabsca|110/284\n|move|p2a: Rabsca|Bug Buzz|p1a: Indeedee\n|-supereffective|p1a: Indeedee\n|-damage|p1a: Indeedee|0 fnt\n|faint|p1a: Indeedee\n|\n|upkeep\n|\n|t:|1783534799\n|switch|p1a: Eelektross|Eelektross, L87, F|100/100\n|turn|11\n|inactive|Time left: 300 sec this turn | 300 sec total\n|\n|t:|1783534800\n|switch|p2a: Chesnaught|Chesnaught, L84, F|285/285\n|move|p1a: Eelektross|Fire Punch|p2a: Chesnaught\n|-supereffective|p2a: Chesnaught\n|-damage|p2a: Chesnaught|185/285\n|\n|-heal|p2a: Chesnaught|202/285|[from] item: Leftovers\n|upkeep\n|turn|12\n|inactive|Time left: 300 sec this turn | 300 sec total\n|\n|t:|1783534801\n|move|p2a: Chesnaught|Iron Defense|p2a: Chesnaught\n|-boost|p2a: Chesnaught|def|2\n|move|p1a: Eelektross|Coil|p1a: Eelektross\n|-boost|p1a: Eelektross|atk|1\n|-boost|p1a: Eelektross|def|1\n|-boost|p1a: Eelektross|accuracy|1\n|\n|-heal|p2a: Chesnaught|219/285|[from] item: Leftovers\n|-fieldend|move: Psychic Terrain\n|upkeep\n|turn|13\n|inactive|Time left: 300 sec this turn | 300 sec total\n|\n|t:|1783534803\n|move|p2a: Chesnaught|Body Press|p1a: Eelektross\n|-damage|p1a: Eelektross|48/100\n|move|p1a: Eelektross|Coil|p1a: Eelektross\n|-boost|p1a: Eelektross|atk|1\n|-boost|p1a: Eelektross|def|1\n|-boost|p1a: Eelektross|accuracy|1\n|\n|-heal|p2a: Chesnaught|236/285|[from] item: Leftovers\n|-heal|p1a: Eelektross|54/100|[from] item: Leftovers\n|upkeep\n|turn|14\n|inactive|Time left: 300 sec this turn | 300 sec total\n|\n|t:|1783534804\n|move|p2a: Chesnaught|Body Press|p1a: Eelektross\n|-damage|p1a: Eelektross|19/100\n|move|p1a: Eelektross|Fire Punch|p2a: Chesnaught\n|-supereffective|p2a: Chesnaught\n|-damage|p2a: Chesnaught|134/285\n|\n|-heal|p2a: Chesnaught|151/285|[from] item: Leftovers\n|-heal|p1a: Eelektross|25/100|[from] item: Leftovers\n|upkeep\n|turn|15\n|inactive|Time left: 300 sec this turn | 300 sec total\n|\n|t:|1783534805\n|switch|p1a: Deoxys|Deoxys-Speed, L82|100/100\n|-ability|p1a: Deoxys|Pressure\n|move|p2a: Chesnaught|Body Press|p1a: Deoxys\n|-resisted|p1a: Deoxys\n|-damage|p1a: Deoxys|55/100\n|\n|-heal|p2a: Chesnaught|168/285|[from] item: Leftovers\n|upkeep\n|turn|16\n|inactive|Time left: 300 sec this turn | 300 sec total\n|\n|t:|1783534806\n|move|p1a: Deoxys|Psycho Boost|p2a: Chesnaught\n|-supereffective|p2a: Chesnaught\n|-damage|p2a: Chesnaught|0 fnt\n|-unboost|p1a: Deoxys|spa|2\n|faint|p2a: Chesnaught\n|-damage|p1a: Deoxys|45/100|[from] item: Life Orb\n|\n|upkeep\n|inactive|Time left: 300 sec this turn | 300 sec total | 5 sec grace\n|\n|t:|1783534807\n|switch|p2a: Dragapult|Dragapult, L77, F|262/262\n|turn|17\n|inactive|Time left: 300 sec this turn | 300 sec total\n|\n|t:|1783534808\n|move|p1a: Deoxys|Knock Off|p2a: Dragapult\n|-supereffective|p2a: Dragapult\n|-damage|p2a: Dragapult|72/262\n|-enditem|p2a: Dragapult|Heavy-Duty Boots|[from] move: Knock Off|[of] p1a: Deoxys\n|-damage|p1a: Deoxys|35/100|[from] item: Life Orb\n|move|p2a: Dragapult|Dragon Darts|p1a: Deoxys\n|-damage|p1a: Deoxys|12/100\n|-anim|p2a: Dragapult|Dragon Darts|p1a: Deoxys\n|-damage|p1a: Deoxys|0 fnt\n|faint|p1a: Deoxys\n|\n|upkeep\n|\n|t:|1783534809\n|switch|p1a: Glastrier|Glastrier, L86|27/100\n|turn|18\n|inactive|Time left: 300 sec this turn | 300 sec total\n|\n|t:|1783534810\n|move|p2a: Dragapult|Dragon Darts|p1a: Glastrier\n|-damage|p1a: Glastrier|15/100\n|-anim|p2a: Dragapult|Dragon Darts|p1a: Glastrier\n|-damage|p1a: Glastrier|2/100\n|move|p1a: Glastrier|Icicle Crash|p2a: Dragapult\n|-supereffective|p2a: Dragapult\n|-damage|p2a: Dragapult|0 fnt\n|faint|p2a: Dragapult\n|-ability|p1a: Glastrier|Chilling Neigh|boost\n|-boost|p1a: Glastrier|atk|1\n|\n|upkeep\n|inactive|Time left: 300 sec this turn | 300 sec total | 5 sec grace\n|\n|t:|1783534811\n|switch|p2a: Munkidori|Munkidori, L79, M|33/269\n|turn|19\n|inactive|Time left: 300 sec this turn | 300 sec total\n|\n|t:|1783534812\n|switch|p1a: Eelektross|Eelektross, L87, F|25/100\n|move|p2a: Munkidori|Psychic Noise|p1a: Eelektross\n|-damage|p1a: Eelektross|0 fnt\n|faint|p1a: Eelektross\n|\n|upkeep\n|\n|t:|1783534813\n|switch|p1a: Glastrier|Glastrier, L86|2/100\n|turn|20\n|inactive|Time left: 300 sec this turn | 300 sec total\n|\n|t:|1783534814\n|-terastallize|p1a: Glastrier|Fighting\n|move|p2a: Munkidori|Psychic Noise|p1a: Glastrier\n|-supereffective|p1a: Glastrier\n|-damage|p1a: Glastrier|0 fnt\n|faint|p1a: Glastrier\n|\n|win|p0y1313c41", "uploadtime": 1783534814, "views": 0, "rating": 0, "private": 0, "password": null, "_winner": "p0y1313c41", "_our_name": "p0y1313c41"}