{"id": "battle-gen9randombattle-538", "formatid": "gen9randombattle", "format": "[Gen 9] Random Battle", "players": ["p0x53841fe", "p0y538396c"], "log": "|init|battle\n|title|p0x53841fe vs. p0y538396c\n|j|\u2606p0x53841fe\n|j|\u2606p0y538396c\n|t:|1783546032\n|gametype|singles\n|player|p1|p0x53841fe|2|\n|player|p2|p0y538396c|1|\n|gen|9\n|tier|[Gen 9] Random Battle\n|rule|Species Clause: Limit one of each Pok\u00e9mon\n|rule|HP Percentage Mod: HP is shown in percentages\n|rule|Sleep Clause Mod: Limit one foe put to sleep\n|rule|Illusion Level Mod: Illusion disguises the Pok\u00e9mon's true level\n|\n|t:|1783546032\n|teamsize|p1|6\n|teamsize|p2|6\n|start\n|switch|p1a: Meowstic|Meowstic-F, L89, F|100/100\n|switch|p2a: Passimian|Passimian, L83, M|302/302\n|turn|1\n|inactive|Battle timer is ON: inactive players will automatically lose when time's up. (requested by p0y538396c)\n|inactive|p0x53841fe also wants the timer to be on.\n|\n|t:|1783546033\n|-terastallize|p2a: Passimian|Dark\n|move|p1a: Meowstic|Psychic|p2a: Passimian\n|-immune|p2a: Passimian\n|move|p2a: Passimian|Knock Off|p1a: Meowstic\n|-supereffective|p1a: Meowstic\n|-damage|p1a: Meowstic|7/100\n|-enditem|p1a: Meowstic|Life Orb|[from] move: Knock Off|[of] p2a: Passimian\n|\n|upkeep\n|turn|2\n|inactive|Time left: 300 sec this turn | 300 sec total\n|\n|t:|1783546034\n|move|p1a: Meowstic|Alluring Voice|p2a: Passimian\n|-supereffective|p2a: Passimian\n|-damage|p2a: Passimian|156/302\n|move|p2a: Passimian|Knock Off|p1a: Meowstic\n|-supereffective|p1a: Meowstic\n|-damage|p1a: Meowstic|0 fnt\n|faint|p1a: Meowstic\n|\n|-heal|p2a: Passimian|174/302|[from] item: Leftovers\n|upkeep\n|\n|t:|1783546035\n|switch|p1a: Spidops|Spidops, L96, M|100/100\n|turn|3\n|inactive|Time left: 300 sec this turn | 300 sec total\n|\n|t:|1783546036\n|move|p2a: Passimian|Bulk Up|p2a: Passimian\n|-boost|p2a: Passimian|atk|1\n|-boost|p2a: Passimian|def|1\n|move|p1a: Spidops|Sticky Web|p2a: Passimian\n|-sidestart|p2: p0y538396c|move: Sticky Web\n|\n|-heal|p2a: Passimian|192/302|[from] item: Leftovers\n|upkeep\n|turn|4\n|inactive|Time left: 300 sec this turn | 300 sec total\n|\n|t:|1783546037\n|move|p2a: Passimian|Knock Off|p1a: Spidops\n|-damage|p1a: Spidops|47/100\n|-enditem|p1a: Spidops|Heavy-Duty Boots|[from] move: Knock Off|[of] p2a: Passimian\n|move|p1a: Spidops|U-turn|p2a: Passimian\n|-supereffective|p2a: Passimian\n|-damage|p2a: Passimian|82/302\n|\n|t:|1783546039\n|switch|p1a: Iron Crown|Iron Crown, L78|100/100|[from] U-turn\n|\n|-heal|p2a: Passimian|100/302|[from] item: Leftovers\n|upkeep\n|turn|5\n|inactive|Time left: 300 sec this turn | 300 sec total\n|\n|t:|1783546040\n|move|p1a: Iron Crown|Tachyon Cutter|p2a: Passimian\n|-damage|p2a: Passimian|0 fnt\n|faint|p2a: Passimian\n|-hitcount|p2: Passimian|1\n|\n|upkeep\n|inactive|Time left: 300 sec this turn | 300 sec total | 5 sec grace\n|\n|t:|1783546041\n|switch|p2a: Meganium|Meganium, L90, F|290/290\n|-activate|p2a: Meganium|move: Sticky Web\n|-unboost|p2a: Meganium|spe|1\n|turn|6\n|inactive|Time left: 300 sec this turn | 300 sec total\n|\n|t:|1783546042\n|move|p1a: Iron Crown|Tachyon Cutter|p2a: Meganium\n|-crit|p2a: Meganium\n|-damage|p2a: Meganium|190/290\n|-damage|p2a: Meganium|121/290\n|-hitcount|p2a: Meganium|2\n|move|p2a: Meganium|Knock Off|p1a: Iron Crown\n|-supereffective|p1a: Iron Crown\n|-damage|p1a: Iron Crown|54/100\n|-enditem|p1a: Iron Crown|Choice Specs|[from] move: Knock Off|[of] p2a: Meganium\n|\n|-heal|p2a: Meganium|139/290|[from] item: Leftovers\n|upkeep\n|turn|7\n|inactive|Time left: 300 sec this turn | 300 sec total\n|\n|t:|1783546043\n|move|p1a: Iron Crown|Tachyon Cutter|p2a: Meganium\n|-damage|p2a: Meganium|91/290\n|-damage|p2a: Meganium|43/290\n|-hitcount|p2a: Meganium|2\n|move|p2a: Meganium|Synthesis|p2a: Meganium\n|-heal|p2a: Meganium|188/290\n|\n|-heal|p2a: Meganium|206/290|[from] item: Leftovers\n|upkeep\n|turn|8\n|inactive|Time left: 300 sec this turn | 300 sec total\n|\n|t:|1783546044\n|move|p1a: Iron Crown|Psyshock|p2a: Meganium\n|-damage|p2a: Meganium|133/290\n|move|p2a: Meganium|Leech Seed|p1a: Iron Crown\n|-start|p1a: Iron Crown|move: Leech Seed\n|\n|-heal|p2a: Meganium|151/290|[from] item: Leftovers\n|-damage|p1a: Iron Crown|42/100|[from] Leech Seed|[of] p2a: Meganium\n|-heal|p2a: Meganium|184/290|[silent]\n|upkeep\n|turn|9\n|inactive|Time left: 300 sec this turn | 300 sec total\n|\n|t:|1783546045\n|-end|p1a: Iron Crown|Quark Drive|[silent]\n|switch|p1a: Spidops|Spidops, L96, M|47/100\n|move|p2a: Meganium|Synthesis|p2a: Meganium\n|-heal|p2a: Meganium|290/290\n|\n|upkeep\n|turn|10\n|inactive|Time left: 300 sec this turn | 300 sec total\n|\n|t:|1783546046\n|move|p2a: Meganium|Energy Ball|p1a: Spidops\n|-resisted|p1a: Spidops\n|-damage|p1a: Spidops|31/100\n|move|p1a: Spidops|U-turn|p2a: Meganium\n|-supereffective|p2a: Meganium\n|-damage|p2a: Meganium|158/290\n|\n|t:|1783546047\n|switch|p1a: Groudon|Groudon, L72|100/100|[from] U-turn\n|-weather|SunnyDay|[from] ability: Drought|[of] p1a: Groudon\n|\n|-weather|SunnyDay|[upkeep]\n|-heal|p2a: Meganium|176/290|[from] item: Leftovers\n|upkeep\n|turn|11\n|inactive|Time left: 300 sec this turn | 300 sec total\n|\n|t:|1783546048\n|switch|p2a: Necrozma|Necrozma, L80|286/286\n|-activate|p2a: Necrozma|move: Sticky Web\n|-unboost|p2a: Necrozma|spe|1\n|move|p1a: Groudon|Heat Crash|p2a: Necrozma\n|-damage|p2a: Necrozma|185/286\n|\n|-weather|SunnyDay|[upkeep]\n|-heal|p2a: Necrozma|202/286|[from] item: Leftovers\n|upkeep\n|turn|12\n|inactive|Time left: 300 sec this turn | 300 sec total\n|\n|t:|1783546049\n|move|p1a: Groudon|Heat Crash|p2a: Necrozma\n|-damage|p2a: Necrozma|93/286\n|move|p2a: Necrozma|Moonlight|p2a: Necrozma\n|-heal|p2a: Necrozma|284/286\n|\n|-weather|SunnyDay|[upkeep]\n|-heal|p2a: Necrozma|286/286|[from] item: Leftovers\n|upkeep\n|turn|13\n|inactive|Time left: 300 sec this turn | 300 sec total\n|\n|t:|1783546050\n|move|p1a: Groudon|Heat Crash|p2a: Necrozma\n|-damage|p2a: Necrozma|175/286\n|move|p2a: Necrozma|Photon Geyser|p1a: Groudon\n|-damage|p1a: Groudon|46/100\n|\n|-weather|SunnyDay|[upkeep]\n|-heal|p1a: Groudon|52/100|[from] item: Leftovers\n|-heal|p2a: Necrozma|192/286|[from] item: Leftovers\n|upkeep\n|turn|14\n|inactive|Time left: 300 sec this turn | 300 sec total\n|\n|t:|1783546052\n|move|p1a: Groudon|Spikes|p2a: Necrozma\n|-sidestart|p2: p0y538396c|Spikes\n|move|p2a: Necrozma|Photon Geyser|p1a: Groudon\n|-damage|p1a: Groudon|0 fnt\n|faint|p1a: Groudon\n|\n|-weather|none\n|-heal|p2a: Necrozma|209/286|[from] item: Leftovers\n|upkeep\n|\n|t:|1783546052\n|switch|p1a: Spidops|Spidops, L96, M|31/100\n|turn|15\n|inactive|Time left: 300 sec this turn | 300 sec total\n|\n|t:|1783546053\n|move|p1a: Spidops|Knock Off|p2a: Necrozma\n|-supereffective|p2a: Necrozma\n|-crit|p2a: Necrozma\n|-damage|p2a: Necrozma|41/286\n|-enditem|p2a: Necrozma|Leftovers|[from] move: Knock Off|[of] p1a: Spidops\n|move|p2a: Necrozma|Moonlight|p2a: Necrozma\n|-heal|p2a: Necrozma|184/286\n|\n|upkeep\n|turn|16\n|inactive|Time left: 300 sec this turn | 300 sec total\n|\n|t:|1783546054\n|move|p1a: Spidops|U-turn|p2a: Necrozma\n|-supereffective|p2a: Necrozma\n|-damage|p2a: Necrozma|70/286\n|\n|t:|1783546055\n|switch|p1a: Gastrodon|Gastrodon, L86, M|100/100|[from] U-turn\n|move|p2a: Necrozma|Moonlight|p2a: Necrozma\n|-heal|p2a: Necrozma|213/286\n|\n|upkeep\n|turn|17\n|inactive|Time left: 300 sec this turn | 300 sec total\n|\n|t:|1783546056\n|move|p1a: Gastrodon|Stealth Rock|p2a: Necrozma\n|-sidestart|p2: p0y538396c|move: Stealth Rock\n|move|p2a: Necrozma|Moonlight|p2a: Necrozma\n|-heal|p2a: Necrozma|286/286\n|\n|upkeep\n|turn|18\n|inactive|Time left: 300 sec this turn | 300 sec total\n|\n|t:|1783546057\n|move|p1a: Gastrodon|Ice Beam|p2a: Necrozma\n|-damage|p2a: Necrozma|222/286\n|move|p2a: Necrozma|Calm Mind|p2a: Necrozma\n|-boost|p2a: Necrozma|spa|1\n|-boost|p2a: Necrozma|spd|1\n|\n|upkeep\n|turn|19\n|inactive|Time left: 300 sec this turn | 300 sec total\n|\n|t:|1783546058\n|move|p1a: Gastrodon|Earthquake|p2a: Necrozma\n|-damage|p2a: Necrozma|135/286\n|move|p2a: Necrozma|Photon Geyser|p1a: Gastrodon\n|-damage|p1a: Gastrodon|42/100\n|\n|-heal|p1a: Gastrodon|48/100|[from] item: Leftovers\n|upkeep\n|turn|20\n|inactive|Time left: 300 sec this turn | 300 sec total\n|\n|t:|1783546059\n|move|p1a: Gastrodon|Recover|p1a: Gastrodon\n|-heal|p1a: Gastrodon|98/100\n|move|p2a: Necrozma|Moonlight|p2a: Necrozma\n|-heal|p2a: Necrozma|278/286\n|\n|-heal|p1a: Gastrodon|100/100|[from] item: Leftovers\n|upkeep\n|turn|21\n|inactive|Time left: 300 sec this turn | 300 sec total\n|\n|t:|1783546060\n|move|p1a: Gastrodon|Ice Beam|p2a: Necrozma\n|-damage|p2a: Necrozma|234/286\n|move|p2a: Necrozma|Photon Geyser|p1a: Gastrodon\n|-damage|p1a: Gastrodon|42/100\n|\n|-heal|p1a: Gastrodon|48/100|[from] item: Leftovers\n|upkeep\n|turn|22\n|inactive|Time left: 300 sec this turn | 300 sec total\n|\n|t:|1783546061\n|move|p1a: Gastrodon|Recover|p1a: Gastrodon\n|-heal|p1a: Gastrodon|98/100\n|move|p2a: Necrozma|Photon Geyser|p1a: Gastrodon\n|-damage|p1a: Gastrodon|39/100\n|\n|-heal|p1a: Gastrodon|46/100|[from] item: Leftovers\n|upkeep\n|turn|23\n|inactive|Time left: 300 sec this turn | 300 sec total\n|\n|t:|1783546062\n|move|p1a: Gastrodon|Recover|p1a: Gastrodon\n|-heal|p1a: Gastrodon|96/100\n|move|p2a: Necrozma|Photon Geyser|p1a: Gastrodon\n|-crit|p1a: Gastrodon\n|-damage|p1a: Gastrodon|6/100\n|\n|-heal|p1a: Gastrodon|12/100|[from] item: Leftovers\n|upkeep\n|turn|24\n|inactive|Time left: 300 sec this turn | 300 sec total\n|\n|t:|1783546063\n|move|p1a: Gastrodon|Recover|p1a: Gastrodon\n|-heal|p1a: Gastrodon|62/100\n|move|p2a: Necrozma|Photon Geyser|p1a: Gastrodon\n|-damage|p1a: Gastrodon|7/100\n|\n|-heal|p1a: Gastrodon|13/100|[from] item: Leftovers\n|upkeep\n|turn|25\n|inactive|Time left: 300 sec this turn | 300 sec total\n|\n|t:|1783546064\n|move|p1a: Gastrodon|Recover|p1a: Gastrodon\n|-heal|p1a: Gastrodon|64/100\n|move|p2a: Necrozma|Photon Geyser|p1a: Gastrodon\n|-damage|p1a: Gastrodon|7/100\n|\n|-heal|p1a: Gastrodon|13/100|[from] item: Leftovers\n|upkeep\n|turn|26\n|inactive|Time left: 300 sec this turn | 300 sec total\n|\n|t:|1783546065\n|move|p1a: Gastrodon|Recover|p1a: Gastrodon\n|-heal|p1a: Gastrodon|63/100\n|move|p2a: Necrozma|Calm Mind|p2a: Necrozma\n|-boost|p2a: Necrozma|spa|1\n|-boost|p2a: Necrozma|spd|1\n|\n|-heal|p1a: Gastrodon|69/100|[from] item: Leftovers\n|upkeep\n|turn|27\n|inactive|Time left: 300 sec this turn | 300 sec total\n|\n|t:|1783546066\n|move|p1a: Gastrodon|Earthquake|p2a: Necrozma\n|-damage|p2a: Necrozma|146/286\n|move|p2a: Necrozma|Moonlight|p2a: Necrozma\n|-heal|p2a: Necrozma|286/286\n|\n|-heal|p1a: Gastrodon|75/100|[from] item: Leftovers\n|upkeep\n|turn|28\n|inactive|Time left: 300 sec this turn | 300 sec total\n|\n|t:|1783546067\n|move|p1a: Gastrodon|Recover|p1a: Gastrodon\n|-heal|p1a: Gastrodon|100/100\n|move|p2a: Necrozma|Heat Wave|p1a: Gastrodon\n|-resisted|p1a: Gastrodon\n|-damage|p1a: Gastrodon|78/100\n|\n|-heal|p1a: Gastrodon|84/100|[from] item: Leftovers\n|upkeep\n|turn|29\n|inactive|Time left: 300 sec this turn | 300 sec total\n|\n|t:|1783546068\n|move|p1a: Gastrodon|Earthquake|p2a: Necrozma\n|-damage|p2a: Necrozma|189/286\n|move|p2a: Necrozma|Heat Wave|p1a: Gastrodon\n|-resisted|p1a: Gastrodon\n|-damage|p1a: Gastrodon|61/100\n|\n|-heal|p1a: Gastrodon|67/100|[from] item: Leftovers\n|upkeep\n|turn|30\n|inactive|Time left: 300 sec this turn | 300 sec total\n|\n|t:|1783546069\n|move|p1a: Gastrodon|Earthquake|p2a: Necrozma\n|-damage|p2a: Necrozma|95/286\n|move|p2a: Necrozma|Moonlight|p2a: Necrozma\n|-heal|p2a: Necrozma|238/286\n|\n|-heal|p1a: Gastrodon|73/100|[from] item: Leftovers\n|upkeep\n|turn|31\n|inactive|Time left: 300 sec this turn | 300 sec total\n|\n|t:|1783546070\n|move|p1a: Gastrodon|Recover|p1a: Gastrodon\n|-heal|p1a: Gastrodon|100/100\n|move|p2a: Necrozma|Heat Wave|p1a: Gastrodon\n|-resisted|p1a: Gastrodon\n|-damage|p1a: Gastrodon|78/100\n|\n|-heal|p1a: Gastrodon|84/100|[from] item: Leftovers\n|upkeep\n|turn|32\n|inactive|Time left: 300 sec this turn | 300 sec total\n|\n|t:|1783546070\n|move|p1a: Gastrodon|Earthquake|p2a: Necrozma\n|-damage|p2a: Necrozma|147/286\n|move|p2a: Necrozma|Heat Wave|p1a: Gastrodon\n|-resisted|p1a: Gastrodon\n|-damage|p1a: Gastrodon|61/100\n|\n|-heal|p1a: Gastrodon|67/100|[from] item: Leftovers\n|upkeep\n|turn|33\n|inactive|Time left: 300 sec this turn | 300 sec total\n|\n|t:|1783546072\n|move|p1a: Gastrodon|Earthquake|p2a: Necrozma\n|-damage|p2a: Necrozma|60/286\n|move|p2a: Necrozma|Moonlight|p2a: Necrozma\n|-heal|p2a: Necrozma|203/286\n|\n|-heal|p1a: Gastrodon|73/100|[from] item: Leftovers\n|upkeep\n|turn|34\n|inactive|Time left: 300 sec this turn | 300 sec total\n|\n|t:|1783546073\n|move|p1a: Gastrodon|Earthquake|p2a: Necrozma\n|-damage|p2a: Necrozma|110/286\n|move|p2a: Necrozma|Heat Wave|p1a: Gastrodon\n|-resisted|p1a: Gastrodon\n|-damage|p1a: Gastrodon|50/100\n|\n|-heal|p1a: Gastrodon|56/100|[from] item: Leftovers\n|upkeep\n|turn|35\n|inactive|Time left: 300 sec this turn | 300 sec total\n|\n|t:|1783546074\n|move|p1a: Gastrodon|Earthquake|p2a: Necrozma\n|-damage|p2a: Necrozma|16/286\n|move|p2a: Necrozma|Heat Wave|p1a: Gastrodon\n|-resisted|p1a: Gastrodon\n|-damage|p1a: Gastrodon|33/100\n|\n|-heal|p1a: Gastrodon|39/100|[from] item: Leftovers\n|upkeep\n|turn|36\n|inactive|Time left: 300 sec this turn | 300 sec total\n|\n|t:|1783546075\n|move|p1a: Gastrodon|Ice Beam|p2a: Necrozma\n|-damage|p2a: Necrozma|0 fnt\n|faint|p2a: Necrozma\n|\n|-heal|p1a: Gastrodon|45/100|[from] item: Leftovers\n|upkeep\n|inactive|Time left: 300 sec this turn | 300 sec total | 5 sec grace\n|\n|t:|1783546075\n|switch|p2a: Meganium|Meganium, L90, F|176/290\n|-activate|p2a: Meganium|move: Sticky Web\n|-unboost|p2a: Meganium|spe|1\n|-damage|p2a: Meganium|140/290|[from] Spikes\n|-damage|p2a: Meganium|104/290|[from] Stealth Rock\n|turn|37\n|inactive|Time left: 300 sec this turn | 300 sec total\n|\n|t:|1783546076\n|move|p2a: Meganium|Synthesis|p2a: Meganium\n|-heal|p2a: Meganium|249/290\n|move|p1a: Gastrodon|Ice Beam|p2a: Meganium\n|-supereffective|p2a: Meganium\n|-damage|p2a: Meganium|139/290\n|\n|-heal|p2a: Meganium|157/290|[from] item: Leftovers\n|-heal|p1a: Gastrodon|51/100|[from] item: Leftovers\n|upkeep\n|turn|38\n|inactive|Time left: 300 sec this turn | 300 sec total\n|\n|t:|1783546077\n|switch|p1a: Spidops|Spidops, L96, M|31/100\n|move|p2a: Meganium|Energy Ball|p1a: Spidops\n|-resisted|p1a: Spidops\n|-damage|p1a: Spidops|16/100\n|\n|-heal|p2a: Meganium|175/290|[from] item: Leftovers\n|upkeep\n|turn|39\n|inactive|Time left: 300 sec this turn | 300 sec total\n|\n|t:|1783546079\n|move|p2a: Meganium|Energy Ball|p1a: Spidops\n|-resisted|p1a: Spidops\n|-damage|p1a: Spidops|0 fnt\n|faint|p1a: Spidops\n|\n|-heal|p2a: Meganium|193/290|[from] item: Leftovers\n|upkeep\n|\n|t:|1783546080\n|switch|p1a: Iron Crown|Iron Crown, L78|42/100\n|turn|40\n|inactive|Time left: 300 sec this turn | 300 sec total\n|\n|t:|1783546081\n|move|p1a: Iron Crown|Focus Blast|p2a: Meganium\n|-damage|p2a: Meganium|122/290\n|move|p2a: Meganium|Synthesis|p2a: Meganium\n|-heal|p2a: Meganium|267/290\n|\n|-heal|p2a: Meganium|285/290|[from] item: Leftovers\n|upkeep\n|turn|41\n|inactive|Time left: 300 sec this turn | 300 sec total\n|\n|t:|1783546082\n|move|p1a: Iron Crown|Psyshock|p2a: Meganium\n|-damage|p2a: Meganium|215/290\n|move|p2a: Meganium|Knock Off|p1a: Iron Crown\n|-supereffective|p1a: Iron Crown\n|-damage|p1a: Iron Crown|8/100\n|\n|-heal|p2a: Meganium|233/290|[from] item: Leftovers\n|upkeep\n|turn|42\n|inactive|Time left: 300 sec this turn | 300 sec total\n|\n|t:|1783546083\n|move|p1a: Iron Crown|Tachyon Cutter|p2a: Meganium\n|-damage|p2a: Meganium|184/290\n|-damage|p2a: Meganium|133/290\n|-hitcount|p2a: Meganium|2\n|move|p2a: Meganium|Leech Seed|p1a: Iron Crown|[miss]\n|-miss|p2a: Meganium|p1a: Iron Crown\n|\n|-heal|p2a: Meganium|151/290|[from] item: Leftovers\n|upkeep\n|turn|43\n|inactive|Time left: 300 sec this turn | 300 sec total\n|\n|t:|1783546084\n|move|p1a: Iron Crown|Tachyon Cutter|p2a: Meganium\n|-damage|p2a: Meganium|103/290\n|-damage|p2a: Meganium|58/290\n|-hitcount|p2a: Meganium|2\n|move|p2a: Meganium|Synthesis|p2a: Meganium\n|-heal|p2a: Meganium|203/290\n|\n|-heal|p2a: Meganium|221/290|[from] item: Leftovers\n|upkeep\n|turn|44\n|inactive|Time left: 300 sec this turn | 300 sec total\n|\n|t:|1783546085\n|move|p1a: Iron Crown|Tachyon Cutter|p2a: Meganium\n|-damage|p2a: Meganium|170/290\n|-damage|p2a: Meganium|125/290\n|-hitcount|p2a: Meganium|2\n|move|p2a: Meganium|Leech Seed|p1a: Iron Crown\n|-start|p1a: Iron Crown|move: Leech Seed\n|\n|-heal|p2a: Meganium|143/290|[from] item: Leftovers\n|-damage|p1a: Iron Crown|0 fnt|[from] Leech Seed|[of] p2a: Meganium\n|-heal|p2a: Meganium|164/290|[silent]\n|faint|p1a: Iron Crown\n|-end|p1a: Iron Crown|Quark Drive|[silent]\n|upkeep\n|\n|t:|1783546086\n|switch|p1a: Gastrodon|Gastrodon, L86, M|51/100\n|turn|45\n|inactive|Time left: 300 sec this turn | 300 sec total\n|\n|t:|1783546087\n|-terastallize|p1a: Gastrodon|Steel\n|move|p2a: Meganium|Energy Ball|p1a: Gastrodon\n|-resisted|p1a: Gastrodon\n|-damage|p1a: Gastrodon|36/100\n|move|p1a: Gastrodon|Ice Beam|p2a: Meganium\n|-supereffective|p2a: Meganium\n|-damage|p2a: Meganium|48/290\n|\n|-heal|p2a: Meganium|66/290|[from] item: Leftovers\n|-heal|p1a: Gastrodon|42/100|[from] item: Leftovers\n|upkeep\n|turn|46\n|inactive|Time left: 300 sec this turn | 300 sec total\n|\n|t:|1783546088\n|move|p2a: Meganium|Synthesis|p2a: Meganium\n|-heal|p2a: Meganium|211/290\n|move|p1a: Gastrodon|Ice Beam|p2a: Meganium\n|-supereffective|p2a: Meganium\n|-damage|p2a: Meganium|103/290\n|-status|p2a: Meganium|frz\n|\n|-heal|p2a: Meganium|121/290 frz|[from] item: Leftovers\n|-heal|p1a: Gastrodon|48/100|[from] item: Leftovers\n|upkeep\n|turn|47\n|inactive|Time left: 300 sec this turn | 300 sec total\n|\n|t:|1783546089\n|cant|p2a: Meganium|frz\n|move|p1a: Gastrodon|Ice Beam|p2a: Meganium\n|-supereffective|p2a: Meganium\n|-damage|p2a: Meganium|1/290 frz\n|\n|-heal|p2a: Meganium|19/290 frz|[from] item: Leftovers\n|-heal|p1a: Gastrodon|54/100|[from] item: Leftovers\n|upkeep\n|turn|48\n|inactive|Time left: 300 sec this turn | 300 sec total\n|\n|t:|1783546090\n|cant|p2a: Meganium|frz\n|move|p1a: Gastrodon|Ice Beam|p2a: Meganium\n|-supereffective|p2a: Meganium\n|-damage|p2a: Meganium|0 fnt\n|faint|p2a: Meganium\n|\n|-heal|p1a: Gastrodon|60/100|[from] item: Leftovers\n|upkeep\n|inactive|Time left: 300 sec this turn | 300 sec total | 5 sec grace\n|\n|t:|1783546091\n|switch|p2a: Wigglytuff|Wigglytuff, L96, F|424/424\n|-activate|p2a: Wigglytuff|move: Sticky Web\n|-unboost|p2a: Wigglytuff|spe|1\n|-ability|p2a: Wigglytuff|Competitive|boost\n|-boost|p2a: Wigglytuff|spa|2\n|-damage|p2a: Wigglytuff|371/424|[from] Spikes\n|-damage|p2a: Wigglytuff|318/424|[from] Stealth Rock\n|turn|49\n|inactive|Time left: 300 sec this turn | 300 sec total\n|\n|t:|1783546092\n|move|p1a: Gastrodon|Earthquake|p2a: Wigglytuff\n|-damage|p2a: Wigglytuff|188/424\n|move|p2a: Wigglytuff|Fire Blast|p1a: Gastrodon|[miss]\n|-miss|p2a: Wigglytuff|p1a: Gastrodon\n|\n|-heal|p1a: Gastrodon|66/100|[from] item: Leftovers\n|-heal|p2a: Wigglytuff|214/424|[from] item: Leftovers\n|upkeep\n|turn|50\n|inactive|Time left: 300 sec this turn | 300 sec total\n|\n|t:|1783546093\n|move|p1a: Gastrodon|Earthquake|p2a: Wigglytuff\n|-damage|p2a: Wigglytuff|72/424\n|move|p2a: Wigglytuff|Fire Blast|p1a: Gastrodon|[miss]\n|-miss|p2a: Wigglytuff|p1a: Gastrodon\n|\n|-heal|p1a: Gastrodon|72/100|[from] item: Leftovers\n|-heal|p2a: Wigglytuff|98/424|[from] item: Leftovers\n|upkeep\n|turn|51\n|inactive|Time left: 300 sec this turn | 300 sec total\n|\n|t:|1783546094\n|move|p2a: Wigglytuff|Protect|p2a: Wigglytuff\n|-singleturn|p2a: Wigglytuff|Protect\n|move|p1a: Gastrodon|Earthquake|p2a: Wigglytuff\n|-activate|p2a: Wigglytuff|move: Protect\n|\n|-heal|p1a: Gastrodon|78/100|[from] item: Leftovers\n|-heal|p2a: Wigglytuff|124/424|[from] item: Leftovers\n|upkeep\n|turn|52\n|inactive|Time left: 300 sec this turn | 300 sec total\n|\n|t:|1783546095\n|move|p2a: Wigglytuff|Protect|p2a: Wigglytuff\n|-singleturn|p2a: Wigglytuff|Protect\n|move|p1a: Gastrodon|Earthquake|p2a: Wigglytuff\n|-activate|p2a: Wigglytuff|move: Protect\n|\n|-heal|p1a: Gastrodon|84/100|[from] item: Leftovers\n|-heal|p2a: Wigglytuff|150/424|[from] item: Leftovers\n|upkeep\n|turn|53\n|inactive|Time left: 300 sec this turn | 300 sec total\n|\n|t:|1783546096\n|move|p1a: Gastrodon|Earthquake|p2a: Wigglytuff\n|-damage|p2a: Wigglytuff|12/424\n|move|p2a: Wigglytuff|Fire Blast|p1a: Gastrodon\n|-supereffective|p1a: Gastrodon\n|-damage|p1a: Gastrodon|0 fnt\n|faint|p1a: Gastrodon\n|\n|-heal|p2a: Wigglytuff|38/424|[from] item: Leftovers\n|upkeep\n|\n|t:|1783546097\n|switch|p1a: Poliwrath|Poliwrath, L88, F|100/100\n|turn|54\n|inactive|Time left: 300 sec this turn | 300 sec total\n|\n|t:|1783546098\n|move|p1a: Poliwrath|Liquidation|p2a: Wigglytuff\n|-damage|p2a: Wigglytuff|0 fnt\n|faint|p2a: Wigglytuff\n|-damage|p1a: Poliwrath|91/100|[from] item: Life Orb\n|\n|upkeep\n|inactive|Time left: 300 sec this turn | 300 sec total | 5 sec grace\n|\n|t:|1783546098\n|switch|p2a: Azumarill|Azumarill, L82, F|298/298\n|-activate|p2a: Azumarill|move: Sticky Web\n|-unboost|p2a: Azumarill|spe|1\n|-damage|p2a: Azumarill|261/298|[from] Spikes\n|-damage|p2a: Azumarill|224/298|[from] Stealth Rock\n|turn|55\n|inactive|Time left: 300 sec this turn | 300 sec total\n|\n|t:|1783546099\n|move|p1a: Poliwrath|Liquidation|p2a: Azumarill\n|-resisted|p2a: Azumarill\n|-damage|p2a: Azumarill|154/298\n|-damage|p1a: Poliwrath|81/100|[from] item: Life Orb\n|move|p2a: Azumarill|Play Rough|p1a: Poliwrath\n|-supereffective|p1a: Poliwrath\n|-damage|p1a: Poliwrath|17/100\n|\n|upkeep\n|turn|56\n|inactive|Time left: 300 sec this turn | 300 sec total\n|\n|t:|1783546100\n|move|p1a: Poliwrath|Liquidation|p2a: Azumarill\n|-resisted|p2a: Azumarill\n|-damage|p2a: Azumarill|79/298\n|-unboost|p2a: Azumarill|def|1\n|-enditem|p2a: Azumarill|Sitrus Berry|[eat]\n|-heal|p2a: Azumarill|153/298|[from] item: Sitrus Berry\n|-damage|p1a: Poliwrath|7/100|[from] item: Life Orb\n|move|p2a: Azumarill|Play Rough|p1a: Poliwrath\n|-supereffective|p1a: Poliwrath\n|-damage|p1a: Poliwrath|0 fnt\n|faint|p1a: Poliwrath\n|\n|win|p0y538396c", "uploadtime": 1783546100, "views": 0, "rating": 0, "private": 0, "password": null, "_winner": "p0y538396c", "_our_name": "p0y538396c"}