{"id": "battle-gen9randombattle-327", "formatid": "gen9randombattle", "format": "[Gen 9] Random Battle", "players": ["p0x3275146", "p0y327bd53"], "log": "|init|battle\n|title|p0x3275146 vs. p0y327bd53\n|j|\u2606p0x3275146\n|j|\u2606p0y327bd53\n|t:|1783543411\n|gametype|singles\n|player|p1|p0x3275146|169|\n|player|p2|p0y327bd53|265|\n|gen|9\n|tier|[Gen 9] Random Battle\n|rule|Species Clause: Limit one of each Pok\u00e9mon\n|rule|HP Percentage Mod: HP is shown in percentages\n|rule|Sleep Clause Mod: Limit one foe put to sleep\n|rule|Illusion Level Mod: Illusion disguises the Pok\u00e9mon's true level\n|\n|t:|1783543411\n|teamsize|p1|6\n|teamsize|p2|6\n|start\n|switch|p1a: Pawmot|Pawmot, L80, M|100/100\n|switch|p2a: Pincurchin|Pincurchin, F|258/258\n|-fieldstart|move: Electric Terrain|[from] ability: Electric Surge|[of] p2a: Pincurchin\n|turn|1\n|inactive|Battle timer is ON: inactive players will automatically lose when time's up. (requested by p0y327bd53)\n|inactive|p0x3275146 also wants the timer to be on.\n|\n|t:|1783543413\n|move|p1a: Pawmot|Double Shock|p2a: Pincurchin\n|-resisted|p2a: Pincurchin\n|-damage|p2a: Pincurchin|164/258\n|-start|p1a: Pawmot|typechange|???/Fighting|[from] move: Double Shock\n|-damage|p1a: Pawmot|91/100|[from] item: Life Orb\n|move|p2a: Pincurchin|Scald|p1a: Pawmot\n|-damage|p1a: Pawmot|50/100\n|-status|p1a: Pawmot|brn\n|\n|-heal|p2a: Pincurchin|180/258|[from] item: Leftovers\n|-damage|p1a: Pawmot|44/100 brn|[from] brn\n|upkeep\n|turn|2\n|inactive|Time left: 300 sec this turn | 300 sec total\n|\n|t:|1783543414\n|move|p1a: Pawmot|Ice Punch|p2a: Pincurchin\n|-damage|p2a: Pincurchin|145/258\n|-status|p2a: Pincurchin|frz\n|-damage|p1a: Pawmot|34/100 brn|[from] item: Life Orb\n|cant|p2a: Pincurchin|frz\n|\n|-heal|p2a: Pincurchin|161/258 frz|[from] item: Leftovers\n|-damage|p1a: Pawmot|28/100 brn|[from] brn\n|upkeep\n|turn|3\n|inactive|Time left: 300 sec this turn | 300 sec total\n|\n|t:|1783543415\n|move|p1a: Pawmot|Close Combat|p2a: Pincurchin\n|-damage|p2a: Pincurchin|95/258 frz\n|-unboost|p1a: Pawmot|def|1\n|-unboost|p1a: Pawmot|spd|1\n|-damage|p1a: Pawmot|18/100 brn|[from] item: Life Orb\n|-curestatus|p2a: Pincurchin|frz|[from] move: Scald\n|move|p2a: Pincurchin|Scald|p1a: Pawmot\n|-damage|p1a: Pawmot|0 fnt\n|faint|p1a: Pawmot\n|\n|-heal|p2a: Pincurchin|111/258|[from] item: Leftovers\n|upkeep\n|\n|t:|1783543416\n|switch|p1a: Chi-Yu|Chi-Yu, L77|100/100\n|-ability|p1a: Chi-Yu|Beads of Ruin\n|turn|4\n|inactive|Time left: 300 sec this turn | 300 sec total\n|\n|t:|1783543417\n|switch|p2a: Flareon|Flareon, L90, F|263/263\n|move|p1a: Chi-Yu|Dark Pulse|p2a: Flareon\n|-crit|p2a: Flareon\n|-damage|p2a: Flareon|38/263\n|\n|-status|p2a: Flareon|tox|[from] item: Toxic Orb\n|upkeep\n|turn|5\n|inactive|Time left: 300 sec this turn | 300 sec total\n|\n|t:|1783543418\n|switch|p2a: Koraidon|Koraidon, L64|235/235\n|-weather|SunnyDay|[from] ability: Orichalcum Pulse|[of] p2a: Koraidon\n|-activate|p2a: Koraidon|Orichalcum Pulse|[source]\n|move|p1a: Chi-Yu|Dark Pulse|p2a: Koraidon\n|-resisted|p2a: Koraidon\n|-damage|p2a: Koraidon|121/235\n|\n|-weather|SunnyDay|[upkeep]\n|-fieldend|move: Electric Terrain\n|upkeep\n|turn|6\n|inactive|Time left: 300 sec this turn | 300 sec total\n|\n|t:|1783543419\n|switch|p1a: Azumarill|Azumarill, L82, M|100/100\n|move|p2a: Koraidon|Outrage|p1a: Azumarill\n|-immune|p1a: Azumarill\n|\n|-weather|SunnyDay|[upkeep]\n|upkeep\n|turn|7\n|inactive|Time left: 300 sec this turn | 300 sec total\n|\n|t:|1783543421\n|move|p2a: Koraidon|Outrage|p1a: Azumarill\n|-immune|p1a: Azumarill\n|move|p1a: Azumarill|Play Rough|p2a: Koraidon\n|-supereffective|p2a: Koraidon\n|-damage|p2a: Koraidon|0 fnt\n|faint|p2a: Koraidon\n|\n|-weather|SunnyDay|[upkeep]\n|upkeep\n|inactive|Time left: 300 sec this turn | 300 sec total | 5 sec grace\n|\n|t:|1783543421\n|switch|p2a: Stonjourner|Stonjourner, L91, F|330/330\n|turn|8\n|inactive|Time left: 300 sec this turn | 300 sec total\n|\n|t:|1783543422\n|move|p2a: Stonjourner|Stone Edge|p1a: Azumarill\n|-damage|p1a: Azumarill|32/100\n|-damage|p2a: Stonjourner|297/330|[from] item: Life Orb\n|move|p1a: Azumarill|Play Rough|p2a: Stonjourner\n|-damage|p2a: Stonjourner|189/330\n|\n|-weather|SunnyDay|[upkeep]\n|upkeep\n|turn|9\n|inactive|Time left: 300 sec this turn | 300 sec total\n|\n|t:|1783543423\n|move|p2a: Stonjourner|Stone Edge|p1a: Azumarill\n|-damage|p1a: Azumarill|0 fnt\n|faint|p1a: Azumarill\n|-damage|p2a: Stonjourner|156/330|[from] item: Life Orb\n|\n|-weather|none\n|upkeep\n|\n|t:|1783543424\n|switch|p1a: Chi-Yu|Chi-Yu, L77|100/100\n|-ability|p1a: Chi-Yu|Beads of Ruin\n|turn|10\n|inactive|Time left: 300 sec this turn | 300 sec total\n|\n|t:|1783543425\n|switch|p2a: Crawdaunt|Crawdaunt, L84, M|243/243\n|move|p1a: Chi-Yu|Dark Pulse|p2a: Crawdaunt\n|-resisted|p2a: Crawdaunt\n|-damage|p2a: Crawdaunt|123/243\n|\n|upkeep\n|turn|11\n|inactive|Time left: 300 sec this turn | 300 sec total\n|\n|t:|1783543426\n|move|p1a: Chi-Yu|Dark Pulse|p2a: Crawdaunt\n|-resisted|p2a: Crawdaunt\n|-damage|p2a: Crawdaunt|0 fnt\n|faint|p2a: Crawdaunt\n|\n|upkeep\n|inactive|Time left: 300 sec this turn | 300 sec total | 5 sec grace\n|\n|t:|1783543427\n|switch|p2a: Meganium|Meganium, L90, M|290/290\n|turn|12\n|inactive|Time left: 300 sec this turn | 300 sec total\n|\n|t:|1783543428\n|-terastallize|p2a: Meganium|Ground\n|move|p1a: Chi-Yu|Dark Pulse|p2a: Meganium\n|-damage|p2a: Meganium|127/290\n|move|p2a: Meganium|Earthquake|p1a: Chi-Yu\n|-supereffective|p1a: Chi-Yu\n|-damage|p1a: Chi-Yu|0 fnt\n|faint|p1a: Chi-Yu\n|\n|-heal|p2a: Meganium|145/290|[from] item: Leftovers\n|upkeep\n|\n|t:|1783543429\n|switch|p1a: Leafeon|Leafeon, L88, F|100/100\n|turn|13\n|inactive|Time left: 300 sec this turn | 300 sec total\n|\n|t:|1783543430\n|move|p1a: Leafeon|Leaf Blade|p2a: Meganium\n|-supereffective|p2a: Meganium\n|-damage|p2a: Meganium|0 fnt\n|faint|p2a: Meganium\n|-damage|p1a: Leafeon|91/100|[from] item: Life Orb\n|\n|upkeep\n|inactive|Time left: 300 sec this turn | 300 sec total | 5 sec grace\n|\n|t:|1783543431\n|switch|p2a: Pincurchin|Pincurchin, F|111/258\n|-fieldstart|move: Electric Terrain|[from] ability: Electric Surge|[of] p2a: Pincurchin\n|turn|14\n|inactive|Time left: 300 sec this turn | 300 sec total\n|\n|t:|1783543432\n|switch|p2a: Flareon|Flareon, L90, F|38/263 tox\n|move|p1a: Leafeon|Leaf Blade|p2a: Flareon\n|-resisted|p2a: Flareon\n|-crit|p2a: Flareon\n|-damage|p2a: Flareon|0 fnt\n|faint|p2a: Flareon\n|-damage|p1a: Leafeon|81/100|[from] item: Life Orb\n|\n|upkeep\n|inactive|Time left: 300 sec this turn | 300 sec total | 5 sec grace\n|\n|t:|1783543433\n|switch|p2a: Pincurchin|Pincurchin, F|111/258\n|turn|15\n|inactive|Time left: 300 sec this turn | 300 sec total\n|\n|t:|1783543434\n|move|p1a: Leafeon|Leaf Blade|p2a: Pincurchin\n|-damage|p2a: Pincurchin|0 fnt\n|faint|p2a: Pincurchin\n|-damage|p1a: Leafeon|71/100|[from] item: Life Orb\n|\n|upkeep\n|inactive|Time left: 300 sec this turn | 300 sec total | 5 sec grace\n|\n|t:|1783543435\n|switch|p2a: Stonjourner|Stonjourner, L91, F|156/330\n|turn|16\n|inactive|Time left: 300 sec this turn | 300 sec total\n|\n|t:|1783543436\n|-terastallize|p1a: Leafeon|Dark\n|move|p1a: Leafeon|Leaf Blade|p2a: Stonjourner\n|-supereffective|p2a: Stonjourner\n|-damage|p2a: Stonjourner|0 fnt\n|faint|p2a: Stonjourner\n|-damage|p1a: Leafeon|62/100|[from] item: Life Orb\n|\n|win|p0x3275146", "uploadtime": 1783543436, "views": 0, "rating": 0, "private": 0, "password": null, "_winner": "p0x3275146", "_our_name": "p0y327bd53"}