{"id": "battle-gen9randombattle-638", "formatid": "gen9randombattle", "format": "[Gen 9] Random Battle", "players": ["p0x6380326", "p0y6387e57"], "log": "|init|battle\n|title|p0x6380326 vs. p0y6387e57\n|j|\u2606p0x6380326\n|j|\u2606p0y6387e57\n|t:|1783546500\n|gametype|singles\n|player|p1|p0x6380326|1|\n|player|p2|p0y6387e57|265|\n|gen|9\n|tier|[Gen 9] Random Battle\n|rule|Species Clause: Limit one of each Pok\u00e9mon\n|rule|HP Percentage Mod: HP is shown in percentages\n|rule|Sleep Clause Mod: Limit one foe put to sleep\n|rule|Illusion Level Mod: Illusion disguises the Pok\u00e9mon's true level\n|\n|t:|1783546500\n|teamsize|p1|6\n|teamsize|p2|6\n|start\n|switch|p1a: Giratina|Giratina-Origin, L72|335/335\n|switch|p2a: Iron Valiant|Iron Valiant, L78|100/100\n|turn|1\n|inactive|Battle timer is ON: inactive players will automatically lose when time's up. (requested by p0y6387e57)\n|inactive|Time left: 300 sec this turn | 300 sec total | 60 sec grace\n|inactive|p0x6380326 also wants the timer to be on.\n|\n|t:|1783546501\n|move|p2a: Iron Valiant|Moonblast|p1a: Giratina\n|-supereffective|p1a: Giratina\n|-damage|p1a: Giratina|54/335\n|-damage|p2a: Iron Valiant|91/100|[from] item: Life Orb\n|move|p1a: Giratina|Will-O-Wisp|p2a: Iron Valiant\n|-status|p2a: Iron Valiant|brn\n|\n|-damage|p2a: Iron Valiant|85/100 brn|[from] brn\n|upkeep\n|turn|2\n|inactive|Time left: 300 sec this turn | 300 sec total\n|\n|t:|1783546503\n|switch|p1a: Lugia|Lugia, L73|275/275\n|move|p2a: Iron Valiant|Moonblast|p1a: Lugia\n|-crit|p1a: Lugia\n|-damage|p1a: Lugia|201/275\n|-damage|p2a: Iron Valiant|75/100 brn|[from] item: Life Orb\n|\n|-damage|p2a: Iron Valiant|69/100 brn|[from] brn\n|upkeep\n|turn|3\n|inactive|Time left: 300 sec this turn | 300 sec total\n|\n|t:|1783546504\n|move|p2a: Iron Valiant|Moonblast|p1a: Lugia\n|-damage|p1a: Lugia|107/275\n|-damage|p2a: Iron Valiant|59/100 brn|[from] item: Life Orb\n|move|p1a: Lugia|Recover|p1a: Lugia\n|-heal|p1a: Lugia|245/275\n|\n|-damage|p2a: Iron Valiant|53/100 brn|[from] brn\n|upkeep\n|turn|4\n|inactive|Time left: 300 sec this turn | 300 sec total\n|\n|t:|1783546505\n|move|p2a: Iron Valiant|Moonblast|p1a: Lugia\n|-damage|p1a: Lugia|142/275\n|-damage|p2a: Iron Valiant|43/100 brn|[from] item: Life Orb\n|move|p1a: Lugia|Calm Mind|p1a: Lugia\n|-boost|p1a: Lugia|spa|1\n|-boost|p1a: Lugia|spd|1\n|\n|-damage|p2a: Iron Valiant|37/100 brn|[from] brn\n|upkeep\n|turn|5\n|inactive|Time left: 300 sec this turn | 300 sec total\n|\n|t:|1783546506\n|move|p2a: Iron Valiant|Encore|p1a: Lugia\n|-start|p1a: Lugia|Encore\n|move|p1a: Lugia|Calm Mind|p1a: Lugia\n|-boost|p1a: Lugia|spa|1\n|-boost|p1a: Lugia|spd|1\n|\n|-damage|p2a: Iron Valiant|30/100 brn|[from] brn\n|upkeep\n|turn|6\n|inactive|Time left: 300 sec this turn | 300 sec total\n|\n|t:|1783546507\n|-end|p2a: Iron Valiant|Quark Drive|[silent]\n|switch|p2a: Passimian|Passimian, L83, M|100/100\n|move|p1a: Lugia|Calm Mind|p1a: Lugia\n|-boost|p1a: Lugia|spa|1\n|-boost|p1a: Lugia|spd|1\n|\n|upkeep\n|turn|7\n|inactive|Time left: 300 sec this turn | 300 sec total\n|\n|t:|1783546508\n|move|p1a: Lugia|Calm Mind|p1a: Lugia\n|-boost|p1a: Lugia|spa|1\n|-boost|p1a: Lugia|spd|1\n|move|p2a: Passimian|Knock Off|p1a: Lugia\n|-supereffective|p1a: Lugia\n|-damage|p1a: Lugia|8/275\n|-enditem|p1a: Lugia|Heavy-Duty Boots|[from] move: Knock Off|[of] p2a: Passimian\n|\n|-end|p1a: Lugia|Encore\n|upkeep\n|turn|8\n|inactive|Time left: 300 sec this turn | 300 sec total\n|\n|t:|1783546510\n|-terastallize|p2a: Passimian|Steel\n|move|p1a: Lugia|Recover|p1a: Lugia\n|-heal|p1a: Lugia|146/275\n|move|p2a: Passimian|Knock Off|p1a: Lugia\n|-supereffective|p1a: Lugia\n|-damage|p1a: Lugia|58/275\n|\n|upkeep\n|turn|9\n|inactive|Time left: 300 sec this turn | 300 sec total\n|\n|t:|1783546511\n|switch|p2a: Orthworm|Orthworm, L88, M|100/100\n|move|p1a: Lugia|Recover|p1a: Lugia\n|-heal|p1a: Lugia|196/275\n|\n|upkeep\n|turn|10\n|inactive|Time left: 300 sec this turn | 300 sec total\n|\n|t:|1783546512\n|move|p1a: Lugia|Aeroblast|p2a: Orthworm\n|-resisted|p2a: Orthworm\n|-damage|p2a: Orthworm|44/100\n|move|p2a: Orthworm|Iron Tail|p1a: Lugia|[miss]\n|-miss|p2a: Orthworm|p1a: Lugia\n|\n|upkeep\n|turn|11\n|inactive|Time left: 300 sec this turn | 300 sec total\n|\n|t:|1783546513\n|switch|p2a: Iron Valiant|Iron Valiant, L78|30/100 brn\n|move|p1a: Lugia|Aeroblast|p2a: Iron Valiant\n|-supereffective|p2a: Iron Valiant\n|-damage|p2a: Iron Valiant|0 fnt\n|faint|p2a: Iron Valiant\n|-end|p2a: Iron Valiant|Quark Drive|[silent]\n|\n|upkeep\n|\n|t:|1783546514\n|switch|p2a: Gholdengo|Gholdengo, L77|100/100\n|turn|12\n|inactive|Time left: 300 sec this turn | 300 sec total\n|\n|t:|1783546516\n|move|p2a: Gholdengo|Trick|p1a: Lugia\n|-activate|p2a: Gholdengo|move: Trick|[of] p1a: Lugia\n|-item|p1a: Lugia|Choice Scarf|[from] move: Trick\n|-enditem|p2a: Gholdengo|Choice Scarf|[silent]|[from] move: Trick\n|move|p1a: Lugia|Aeroblast|p2a: Gholdengo\n|-resisted|p2a: Gholdengo\n|-damage|p2a: Gholdengo|52/100\n|\n|upkeep\n|turn|13\n|inactive|Time left: 300 sec this turn | 300 sec total\n|\n|t:|1783546517\n|move|p1a: Lugia|Aeroblast|p2a: Gholdengo\n|-resisted|p2a: Gholdengo\n|-damage|p2a: Gholdengo|6/100\n|move|p2a: Gholdengo|Shadow Ball|p1a: Lugia\n|-supereffective|p1a: Lugia\n|-damage|p1a: Lugia|146/275\n|\n|upkeep\n|turn|14\n|inactive|Time left: 300 sec this turn | 300 sec total\n|\n|t:|1783546518\n|move|p1a: Lugia|Aeroblast|p2a: Gholdengo\n|-resisted|p2a: Gholdengo\n|-damage|p2a: Gholdengo|0 fnt\n|faint|p2a: Gholdengo\n|\n|upkeep\n|\n|t:|1783546519\n|switch|p2a: Passimian|Passimian, L83, M, tera:Steel|100/100\n|turn|15\n|inactive|Time left: 300 sec this turn | 300 sec total\n|\n|t:|1783546520\n|move|p1a: Lugia|Aeroblast|p2a: Passimian\n|-resisted|p2a: Passimian\n|-damage|p2a: Passimian|50/100\n|move|p2a: Passimian|Gunk Shot|p1a: Lugia|[miss]\n|-miss|p2a: Passimian|p1a: Lugia\n|\n|-heal|p2a: Passimian|55/100|[from] item: Leftovers\n|upkeep\n|turn|16\n|inactive|Time left: 300 sec this turn | 300 sec total\n|\n|t:|1783546521\n|move|p1a: Lugia|Aeroblast|p2a: Passimian\n|-resisted|p2a: Passimian\n|-damage|p2a: Passimian|5/100\n|move|p2a: Passimian|Knock Off|p1a: Lugia\n|-supereffective|p1a: Lugia\n|-damage|p1a: Lugia|16/275\n|-enditem|p1a: Lugia|Choice Scarf|[from] move: Knock Off|[of] p2a: Passimian\n|\n|-heal|p2a: Passimian|11/100|[from] item: Leftovers\n|upkeep\n|turn|17\n|inactive|Time left: 300 sec this turn | 300 sec total\n|\n|t:|1783546522\n|move|p1a: Lugia|Recover|p1a: Lugia\n|-heal|p1a: Lugia|154/275\n|move|p2a: Passimian|Knock Off|p1a: Lugia\n|-supereffective|p1a: Lugia\n|-damage|p1a: Lugia|58/275\n|\n|-heal|p2a: Passimian|17/100|[from] item: Leftovers\n|upkeep\n|turn|18\n|inactive|Time left: 300 sec this turn | 300 sec total\n|\n|t:|1783546523\n|move|p1a: Lugia|Recover|p1a: Lugia\n|-heal|p1a: Lugia|196/275\n|move|p2a: Passimian|Knock Off|p1a: Lugia\n|-supereffective|p1a: Lugia\n|-damage|p1a: Lugia|110/275\n|\n|-heal|p2a: Passimian|23/100|[from] item: Leftovers\n|upkeep\n|turn|19\n|inactive|Time left: 300 sec this turn | 300 sec total\n|\n|t:|1783546525\n|move|p1a: Lugia|Psychic Noise|p2a: Passimian\n|-resisted|p2a: Passimian\n|-damage|p2a: Passimian|0 fnt\n|faint|p2a: Passimian\n|\n|upkeep\n|\n|t:|1783546526\n|switch|p2a: Orthworm|Orthworm, L88, M|44/100\n|turn|20\n|inactive|Time left: 300 sec this turn | 300 sec total\n|\n|t:|1783546527\n|move|p1a: Lugia|Psychic Noise|p2a: Orthworm\n|-resisted|p2a: Orthworm\n|-damage|p2a: Orthworm|1/100\n|-start|p2a: Orthworm|move: Heal Block\n|cant|p2a: Orthworm|move: Heal Block|Rest\n|\n|upkeep\n|turn|21\n|inactive|Time left: 300 sec this turn | 300 sec total\n|\n|t:|1783546528\n|move|p1a: Lugia|Recover|p1a: Lugia\n|-heal|p1a: Lugia|248/275\n|move|p2a: Orthworm|Body Press|p1a: Lugia\n|-resisted|p1a: Lugia\n|-damage|p1a: Lugia|232/275\n|\n|-end|p2a: Orthworm|move: Heal Block\n|upkeep\n|turn|22\n|inactive|Time left: 300 sec this turn | 300 sec total\n|\n|t:|1783546529\n|move|p1a: Lugia|Psychic Noise|p2a: Orthworm\n|-resisted|p2a: Orthworm\n|-damage|p2a: Orthworm|0 fnt\n|faint|p2a: Orthworm\n|\n|upkeep\n|\n|t:|1783546529\n|switch|p2a: Magmortar|Magmortar, L88, F|100/100\n|turn|23\n|inactive|Time left: 300 sec this turn | 300 sec total\n|\n|t:|1783546530\n|move|p1a: Lugia|Psychic Noise|p2a: Magmortar\n|-damage|p2a: Magmortar|40/100\n|-start|p2a: Magmortar|move: Heal Block\n|move|p2a: Magmortar|Fire Blast|p1a: Lugia\n|-damage|p1a: Lugia|190/275\n|\n|upkeep\n|turn|24\n|inactive|Time left: 300 sec this turn | 300 sec total\n|\n|t:|1783546531\n|move|p1a: Lugia|Psychic Noise|p2a: Magmortar\n|-damage|p2a: Magmortar|0 fnt\n|faint|p2a: Magmortar\n|\n|upkeep\n|\n|t:|1783546531\n|switch|p2a: Venomoth|Venomoth, L84, F|100/100\n|turn|25\n|inactive|Time left: 300 sec this turn | 300 sec total\n|\n|t:|1783546532\n|-terastallize|p1a: Lugia|Steel\n|move|p1a: Lugia|Psychic Noise|p2a: Venomoth\n|-supereffective|p2a: Venomoth\n|-crit|p2a: Venomoth\n|-damage|p2a: Venomoth|0 fnt\n|faint|p2a: Venomoth\n|\n|win|p0x6380326", "uploadtime": 1783546532, "views": 0, "rating": 0, "private": 0, "password": null, "_winner": "p0x6380326", "_our_name": "p0x6380326"}