{"id": "battle-gen9randombattle-475", "formatid": "gen9randombattle", "format": "[Gen 9] Random Battle", "players": ["p0x475be67", "p0y4750631"], "log": "|init|battle\n|title|p0x475be67 vs. p0y4750631\n|j|\u2606p0x475be67\n|j|\u2606p0y4750631\n|t:|1783545306\n|gametype|singles\n|player|p1|p0x475be67|265|\n|player|p2|p0y4750631|101|\n|gen|9\n|tier|[Gen 9] Random Battle\n|rule|Species Clause: Limit one of each Pok\u00e9mon\n|rule|HP Percentage Mod: HP is shown in percentages\n|rule|Sleep Clause Mod: Limit one foe put to sleep\n|rule|Illusion Level Mod: Illusion disguises the Pok\u00e9mon's true level\n|\n|t:|1783545306\n|teamsize|p1|6\n|teamsize|p2|6\n|start\n|switch|p1a: Drifblim|Drifblim, L86, M|398/398\n|switch|p2a: Girafarig|Girafarig, L89, M|100/100\n|turn|1\n|inactive|Battle timer is ON: inactive players will automatically lose when time's up. (requested by p0y4750631)\n|inactive|Time left: 300 sec this turn | 300 sec total | 60 sec grace\n|inactive|p0x475be67 also wants the timer to be on.\n|\n|t:|1783545308\n|switch|p1a: Venusaur|Venusaur, L84, M|272/272\n|move|p2a: Girafarig|Nasty Plot|p2a: Girafarig\n|-boost|p2a: Girafarig|spa|2\n|\n|upkeep\n|turn|2\n|inactive|Time left: 300 sec this turn | 300 sec total\n|\n|t:|1783545309\n|-terastallize|p1a: Venusaur|Steel\n|move|p2a: Girafarig|Psyshock|p1a: Venusaur\n|-resisted|p1a: Venusaur\n|-damage|p1a: Venusaur|172/272\n|move|p1a: Venusaur|Knock Off|p2a: Girafarig\n|-supereffective|p2a: Girafarig\n|-damage|p2a: Girafarig|63/100\n|-enditem|p2a: Girafarig|Eviolite|[from] move: Knock Off|[of] p1a: Venusaur\n|\n|-heal|p1a: Venusaur|189/272|[from] item: Leftovers\n|upkeep\n|turn|3\n|inactive|Time left: 300 sec this turn | 300 sec total\n|\n|t:|1783545310\n|move|p2a: Girafarig|Shadow Ball|p1a: Venusaur\n|-damage|p1a: Venusaur|85/272\n|move|p1a: Venusaur|Sludge Bomb|p2a: Girafarig\n|-damage|p2a: Girafarig|20/100\n|\n|-heal|p1a: Venusaur|102/272|[from] item: Leftovers\n|upkeep\n|turn|4\n|inactive|Time left: 300 sec this turn | 300 sec total\n|\n|t:|1783545312\n|move|p2a: Girafarig|Shadow Ball|p1a: Venusaur\n|-damage|p1a: Venusaur|0 fnt\n|faint|p1a: Venusaur\n|\n|upkeep\n|inactive|Time left: 300 sec this turn | 300 sec total | 5 sec grace\n|\n|t:|1783545313\n|switch|p1a: Entei|Entei, L78|307/307\n|turn|5\n|inactive|Time left: 300 sec this turn | 300 sec total\n|\n|t:|1783545314\n|move|p1a: Entei|Extreme Speed|p2a: Girafarig\n|-damage|p2a: Girafarig|0 fnt\n|faint|p2a: Girafarig\n|\n|upkeep\n|\n|t:|1783545315\n|switch|p2a: Porygon-Z|Porygon-Z, L83|100/100\n|-ability|p2a: Porygon-Z|Download|boost\n|-boost|p2a: Porygon-Z|spa|1\n|turn|6\n|inactive|Time left: 300 sec this turn | 300 sec total\n|\n|t:|1783545316\n|move|p1a: Entei|Extreme Speed|p2a: Porygon-Z\n|-damage|p2a: Porygon-Z|62/100\n|move|p2a: Porygon-Z|Nasty Plot|p2a: Porygon-Z\n|-boost|p2a: Porygon-Z|spa|2\n|\n|upkeep\n|turn|7\n|inactive|Time left: 300 sec this turn | 300 sec total\n|\n|t:|1783545317\n|move|p1a: Entei|Extreme Speed|p2a: Porygon-Z\n|-damage|p2a: Porygon-Z|25/100\n|move|p2a: Porygon-Z|Tri Attack|p1a: Entei\n|-damage|p1a: Entei|0 fnt\n|faint|p1a: Entei\n|-damage|p2a: Porygon-Z|15/100|[from] item: Life Orb\n|\n|upkeep\n|inactive|Time left: 300 sec this turn | 300 sec total | 5 sec grace\n|\n|t:|1783545319\n|switch|p1a: Meowstic|Meowstic, L89, M|277/277\n|turn|8\n|inactive|Time left: 300 sec this turn | 300 sec total\n|\n|t:|1783545320\n|move|p1a: Meowstic|Psychic Noise|p2a: Porygon-Z\n|-damage|p2a: Porygon-Z|0 fnt\n|faint|p2a: Porygon-Z\n|\n|upkeep\n|\n|t:|1783545321\n|switch|p2a: Conkeldurr|Conkeldurr, L80, F|100/100\n|turn|9\n|inactive|Time left: 300 sec this turn | 300 sec total\n|\n|t:|1783545322\n|-terastallize|p2a: Conkeldurr|Normal\n|move|p1a: Meowstic|Reflect|p1a: Meowstic\n|-sidestart|p1: p0x475be67|Reflect\n|move|p2a: Conkeldurr|Knock Off|p1a: Meowstic\n|-supereffective|p1a: Meowstic\n|-damage|p1a: Meowstic|182/277\n|-enditem|p1a: Meowstic|Light Clay|[from] move: Knock Off|[of] p2a: Conkeldurr\n|\n|-status|p2a: Conkeldurr|brn|[from] item: Flame Orb\n|upkeep\n|turn|10\n|inactive|Time left: 300 sec this turn | 300 sec total\n|\n|t:|1783545323\n|switch|p1a: Sinistcha|Sinistcha-Masterpiece, L83|254/254\n|move|p2a: Conkeldurr|Facade|p1a: Sinistcha\n|-immune|p1a: Sinistcha\n|\n|-damage|p2a: Conkeldurr|94/100 brn|[from] brn\n|upkeep\n|turn|11\n|inactive|Time left: 300 sec this turn | 300 sec total\n|\n|t:|1783545325\n|switch|p2a: Reshiram|Reshiram, L76|100/100\n|-ability|p2a: Reshiram|Turboblaze\n|move|p1a: Sinistcha|Calm Mind|p1a: Sinistcha\n|-boost|p1a: Sinistcha|spa|1\n|-boost|p1a: Sinistcha|spd|1\n|\n|upkeep\n|turn|12\n|inactive|Time left: 300 sec this turn | 300 sec total\n|\n|t:|1783545326\n|move|p2a: Reshiram|Blue Flare|p1a: Sinistcha|[miss]\n|-miss|p2a: Reshiram|p1a: Sinistcha\n|move|p1a: Sinistcha|Shadow Ball|p2a: Reshiram\n|-damage|p2a: Reshiram|51/100\n|\n|upkeep\n|turn|13\n|inactive|Time left: 300 sec this turn | 300 sec total\n|\n|t:|1783545327\n|move|p2a: Reshiram|Blue Flare|p1a: Sinistcha|[miss]\n|-miss|p2a: Reshiram|p1a: Sinistcha\n|move|p1a: Sinistcha|Strength Sap|p2a: Reshiram\n|-unboost|p2a: Reshiram|atk|1\n|\n|upkeep\n|turn|14\n|inactive|Time left: 300 sec this turn | 300 sec total\n|\n|t:|1783545328\n|move|p2a: Reshiram|Blue Flare|p1a: Sinistcha\n|-supereffective|p1a: Sinistcha\n|-damage|p1a: Sinistcha|18/254\n|move|p1a: Sinistcha|Shadow Ball|p2a: Reshiram\n|-damage|p2a: Reshiram|4/100\n|\n|-heal|p1a: Sinistcha|33/254|[from] item: Leftovers\n|upkeep\n|turn|15\n|inactive|Time left: 300 sec this turn | 300 sec total\n|\n|t:|1783545329\n|move|p2a: Reshiram|Blue Flare|p1a: Sinistcha|[miss]\n|-miss|p2a: Reshiram|p1a: Sinistcha\n|move|p1a: Sinistcha|Matcha Gotcha|p2a: Reshiram|[miss]\n|-miss|p1a: Sinistcha|p2a: Reshiram\n|\n|-heal|p1a: Sinistcha|48/254|[from] item: Leftovers\n|upkeep\n|turn|16\n|inactive|Time left: 300 sec this turn | 300 sec total\n|\n|t:|1783545330\n|move|p2a: Reshiram|Blue Flare|p1a: Sinistcha\n|-supereffective|p1a: Sinistcha\n|-damage|p1a: Sinistcha|0 fnt\n|faint|p1a: Sinistcha\n|\n|-sideend|p1: p0x475be67|Reflect\n|upkeep\n|inactive|Time left: 300 sec this turn | 300 sec total | 5 sec grace\n|\n|t:|1783545332\n|switch|p1a: Meowstic|Meowstic, L89, M|182/277\n|turn|17\n|inactive|Time left: 300 sec this turn | 300 sec total\n|\n|t:|1783545333\n|move|p1a: Meowstic|Psychic Noise|p2a: Reshiram\n|-damage|p2a: Reshiram|0 fnt\n|faint|p2a: Reshiram\n|\n|upkeep\n|\n|t:|1783545334\n|switch|p2a: Conkeldurr|Conkeldurr, L80, F, tera:Normal|94/100 brn\n|turn|18\n|inactive|Time left: 300 sec this turn | 300 sec total\n|\n|t:|1783545335\n|move|p1a: Meowstic|Reflect|p1a: Meowstic\n|-sidestart|p1: p0x475be67|Reflect\n|move|p2a: Conkeldurr|Facade|p1a: Meowstic\n|-damage|p1a: Meowstic|50/277\n|\n|-damage|p2a: Conkeldurr|88/100 brn|[from] brn\n|upkeep\n|turn|19\n|inactive|Time left: 300 sec this turn | 300 sec total\n|\n|t:|1783545336\n|move|p1a: Meowstic|Psychic Noise|p2a: Conkeldurr\n|-damage|p2a: Conkeldurr|55/100 brn\n|-start|p2a: Conkeldurr|move: Heal Block\n|move|p2a: Conkeldurr|Knock Off|p1a: Meowstic\n|-supereffective|p1a: Meowstic\n|-damage|p1a: Meowstic|0 fnt\n|faint|p1a: Meowstic\n|\n|-damage|p2a: Conkeldurr|49/100 brn|[from] brn\n|upkeep\n|inactive|Time left: 300 sec this turn | 300 sec total | 5 sec grace\n|\n|t:|1783545337\n|switch|p1a: Hitmonchan|Hitmonchan, L87, M|229/229\n|turn|20\n|inactive|Time left: 300 sec this turn | 300 sec total\n|\n|t:|1783545338\n|switch|p2a: Glimmora|Glimmora, L75, M|100/100\n|-item|p2a: Glimmora|Air Balloon\n|move|p1a: Hitmonchan|Bulk Up|p1a: Hitmonchan\n|-boost|p1a: Hitmonchan|atk|1\n|-boost|p1a: Hitmonchan|def|1\n|\n|upkeep\n|turn|21\n|inactive|Time left: 300 sec this turn | 300 sec total\n|\n|t:|1783545339\n|move|p1a: Hitmonchan|Drain Punch|p2a: Glimmora\n|-damage|p2a: Glimmora|35/100\n|-activate|p2a: Glimmora|ability: Toxic Debris\n|-sidestart|p1: p0x475be67|move: Toxic Spikes\n|-enditem|p2a: Glimmora|Air Balloon\n|move|p2a: Glimmora|Sludge Wave|p1a: Hitmonchan\n|-damage|p1a: Hitmonchan|142/229\n|\n|-heal|p1a: Hitmonchan|156/229|[from] item: Leftovers\n|upkeep\n|turn|22\n|inactive|Time left: 300 sec this turn | 300 sec total\n|\n|t:|1783545340\n|move|p1a: Hitmonchan|Drain Punch|p2a: Glimmora\n|-damage|p2a: Glimmora|0 fnt\n|-heal|p1a: Hitmonchan|199/229|[from] drain|[of] p2a: Glimmora\n|-activate|p2a: Glimmora|ability: Toxic Debris\n|-sidestart|p1: p0x475be67|move: Toxic Spikes\n|faint|p2a: Glimmora\n|\n|-heal|p1a: Hitmonchan|213/229|[from] item: Leftovers\n|-sideend|p1: p0x475be67|Reflect\n|upkeep\n|\n|t:|1783545341\n|switch|p2a: Hitmonlee|Hitmonlee, L85, M|100/100\n|turn|23\n|inactive|Time left: 300 sec this turn | 300 sec total\n|\n|t:|1783545341\n|move|p2a: Hitmonlee|Swords Dance|p2a: Hitmonlee\n|-boost|p2a: Hitmonlee|atk|2\n|move|p1a: Hitmonchan|Drain Punch|p2a: Hitmonlee\n|-damage|p2a: Hitmonlee|0 fnt\n|-heal|p1a: Hitmonchan|229/229|[from] drain|[of] p2a: Hitmonlee\n|faint|p2a: Hitmonlee\n|\n|upkeep\n|\n|t:|1783545342\n|switch|p2a: Conkeldurr|Conkeldurr, L80, F, tera:Normal|49/100 brn\n|turn|24\n|inactive|Time left: 300 sec this turn | 300 sec total\n|\n|t:|1783545343\n|move|p1a: Hitmonchan|Drain Punch|p2a: Conkeldurr\n|-supereffective|p2a: Conkeldurr\n|-damage|p2a: Conkeldurr|0 fnt\n|faint|p2a: Conkeldurr\n|\n|win|p0x475be67", "uploadtime": 1783545343, "views": 0, "rating": 0, "private": 0, "password": null, "_winner": "p0x475be67", "_our_name": "p0x475be67"}