{"id": "battle-gen9randombattle-177", "formatid": "gen9randombattle", "format": "[Gen 9] Random Battle", "players": ["p0x1777f71", "p0y1776c6a"], "log": "|init|battle\n|title|p0x1777f71 vs. p0y1776c6a\n|j|\u2606p0x1777f71\n|j|\u2606p0y1776c6a\n|t:|1783535812\n|gametype|singles\n|player|p1|p0x1777f71|170|\n|player|p2|p0y1776c6a|102|\n|gen|9\n|tier|[Gen 9] Random Battle\n|rule|Species Clause: Limit one of each Pok\u00e9mon\n|rule|HP Percentage Mod: HP is shown in percentages\n|rule|Sleep Clause Mod: Limit one foe put to sleep\n|rule|Illusion Level Mod: Illusion disguises the Pok\u00e9mon's true level\n|\n|t:|1783535812\n|teamsize|p1|6\n|teamsize|p2|6\n|start\n|switch|p1a: Great Tusk|Great Tusk, L77|304/304\n|switch|p2a: Talonflame|Talonflame, L83, F|100/100\n|turn|1\n|inactive|Battle timer is ON: inactive players will automatically lose when time's up. (requested by p0x1777f71)\n|inactive|p0y1776c6a also wants the timer to be on.\n|\n|t:|1783535813\n|move|p2a: Talonflame|Swords Dance|p2a: Talonflame\n|-boost|p2a: Talonflame|atk|2\n|move|p1a: Great Tusk|Stealth Rock|p2a: Talonflame\n|-sidestart|p2: p0y1776c6a|move: Stealth Rock\n|\n|upkeep\n|turn|2\n|inactive|Time left: 300 sec this turn | 300 sec total\n|\n|t:|1783535814\n|-end|p1a: Great Tusk|Protosynthesis|[silent]\n|switch|p1a: Mightyena|Mightyena, L96, F|290/290\n|-ability|p1a: Mightyena|Intimidate|boost\n|-unboost|p2a: Talonflame|atk|1\n|move|p2a: Talonflame|Brave Bird|p1a: Mightyena\n|-damage|p1a: Mightyena|128/290\n|-damage|p2a: Talonflame|80/100|[from] Recoil\n|\n|-heal|p1a: Mightyena|146/290|[from] item: Leftovers\n|upkeep\n|turn|3\n|inactive|Time left: 300 sec this turn | 300 sec total\n|\n|t:|1783535816\n|move|p1a: Mightyena|Sucker Punch|p2a: Talonflame\n|-damage|p2a: Talonflame|36/100\n|move|p2a: Talonflame|Brave Bird|p1a: Mightyena\n|-damage|p1a: Mightyena|0 fnt\n|faint|p1a: Mightyena\n|-damage|p2a: Talonflame|18/100|[from] Recoil\n|\n|upkeep\n|inactive|Time left: 300 sec this turn | 300 sec total | 5 sec grace\n|\n|t:|1783535816\n|switch|p1a: Reuniclus|Reuniclus, L88, M|337/337\n|turn|4\n|inactive|Time left: 300 sec this turn | 300 sec total\n|\n|t:|1783535818\n|switch|p2a: Spiritomb|Spiritomb, L89, F|100/100\n|-damage|p2a: Spiritomb|88/100|[from] Stealth Rock\n|move|p1a: Reuniclus|Calm Mind|p1a: Reuniclus\n|-boost|p1a: Reuniclus|spa|1\n|-boost|p1a: Reuniclus|spd|1\n|\n|-heal|p2a: Spiritomb|94/100|[from] item: Leftovers\n|upkeep\n|turn|5\n|inactive|Time left: 300 sec this turn | 300 sec total\n|\n|t:|1783535819\n|move|p2a: Spiritomb|Poltergeist|p1a: Reuniclus\n|-activate|p1a: Reuniclus|move: Poltergeist|Life Orb\n|-supereffective|p1a: Reuniclus\n|-crit|p1a: Reuniclus\n|-damage|p1a: Reuniclus|0 fnt\n|faint|p1a: Reuniclus\n|\n|-heal|p2a: Spiritomb|99/100|[from] item: Leftovers\n|upkeep\n|inactive|Time left: 300 sec this turn | 300 sec total | 5 sec grace\n|\n|t:|1783535820\n|switch|p1a: Komala|Komala, L87, F|255/255\n|-ability|p1a: Komala|Comatose\n|turn|6\n|inactive|Time left: 300 sec this turn | 300 sec total\n|\n|t:|1783535821\n|move|p1a: Komala|Knock Off|p2a: Spiritomb\n|-damage|p2a: Spiritomb|59/100\n|-enditem|p2a: Spiritomb|Leftovers|[from] move: Knock Off|[of] p1a: Komala\n|move|p2a: Spiritomb|Foul Play|p1a: Komala\n|-damage|p1a: Komala|101/255\n|\n|upkeep\n|turn|7\n|inactive|Time left: 300 sec this turn | 300 sec total\n|\n|t:|1783535822\n|move|p1a: Komala|Knock Off|p2a: Spiritomb\n|-damage|p2a: Spiritomb|31/100\n|move|p2a: Spiritomb|Foul Play|p1a: Komala\n|-damage|p1a: Komala|0 fnt\n|faint|p1a: Komala\n|\n|upkeep\n|inactive|Time left: 300 sec this turn | 300 sec total | 5 sec grace\n|\n|t:|1783535823\n|switch|p1a: Hoopa|Hoopa-Unbound, L80|259/259\n|turn|8\n|inactive|Time left: 300 sec this turn | 300 sec total\n|\n|t:|1783535824\n|move|p1a: Hoopa|Hyperspace Fury|p2a: Spiritomb\n|-damage|p2a: Spiritomb|0 fnt\n|-unboost|p1a: Hoopa|def|1\n|faint|p2a: Spiritomb\n|\n|upkeep\n|\n|t:|1783535825\n|switch|p2a: Hitmonchan|Hitmonchan, L87, M|100/100\n|-damage|p2a: Hitmonchan|94/100|[from] Stealth Rock\n|turn|9\n|inactive|Time left: 300 sec this turn | 300 sec total\n|\n|t:|1783535826\n|move|p2a: Hitmonchan|Bulk Up|p2a: Hitmonchan\n|-boost|p2a: Hitmonchan|atk|1\n|-boost|p2a: Hitmonchan|def|1\n|move|p1a: Hoopa|Psychic|p2a: Hitmonchan\n|-supereffective|p2a: Hitmonchan\n|-damage|p2a: Hitmonchan|0 fnt\n|faint|p2a: Hitmonchan\n|\n|upkeep\n|\n|t:|1783535827\n|switch|p2a: Pikachu|Pikachu-World, L93, M|100/100\n|-damage|p2a: Pikachu|88/100|[from] Stealth Rock\n|turn|10\n|inactive|Time left: 300 sec this turn | 300 sec total\n|\n|t:|1783535828\n|switch|p1a: Dragalge|Dragalge, L88, M|258/258\n|move|p2a: Pikachu|Volt Tackle|p1a: Dragalge\n|-resisted|p1a: Dragalge\n|-damage|p1a: Dragalge|168/258\n|-damage|p2a: Pikachu|74/100|[from] Recoil\n|\n|-heal|p1a: Dragalge|184/258|[from] item: Leftovers\n|upkeep\n|turn|11\n|inactive|Time left: 300 sec this turn | 300 sec total\n|\n|t:|1783535829\n|move|p2a: Pikachu|Volt Switch|p1a: Dragalge\n|-resisted|p1a: Dragalge\n|-damage|p1a: Dragalge|142/258\n|\n|t:|1783535830\n|switch|p2a: Farigiraf|Farigiraf, L90, F|100/100|[from] Volt Switch\n|-damage|p2a: Farigiraf|88/100|[from] Stealth Rock\n|move|p1a: Dragalge|Sludge Wave|p2a: Farigiraf\n|-damage|p2a: Farigiraf|44/100\n|\n|-heal|p2a: Farigiraf|50/100|[from] item: Leftovers\n|-heal|p1a: Dragalge|158/258|[from] item: Leftovers\n|upkeep\n|turn|12\n|inactive|Time left: 300 sec this turn | 300 sec total\n|\n|t:|1783535831\n|move|p2a: Farigiraf|Psychic Noise|p1a: Dragalge\n|-supereffective|p1a: Dragalge\n|-damage|p1a: Dragalge|0 fnt\n|faint|p1a: Dragalge\n|\n|-heal|p2a: Farigiraf|57/100|[from] item: Leftovers\n|upkeep\n|inactive|Time left: 300 sec this turn | 300 sec total | 5 sec grace\n|\n|t:|1783535832\n|switch|p1a: Hoopa|Hoopa-Unbound, L80|259/259\n|turn|13\n|inactive|Time left: 300 sec this turn | 300 sec total\n|\n|t:|1783535833\n|-terastallize|p2a: Farigiraf|Ground\n|move|p1a: Hoopa|Hyperspace Fury|p2a: Farigiraf\n|-damage|p2a: Farigiraf|14/100\n|-unboost|p1a: Hoopa|def|1\n|move|p2a: Farigiraf|Body Slam|p1a: Hoopa\n|-damage|p1a: Hoopa|40/259\n|\n|-heal|p2a: Farigiraf|20/100|[from] item: Leftovers\n|upkeep\n|turn|14\n|inactive|Time left: 300 sec this turn | 300 sec total\n|\n|t:|1783535834\n|move|p1a: Hoopa|Psychic|p2a: Farigiraf\n|-damage|p2a: Farigiraf|0 fnt\n|faint|p2a: Farigiraf\n|\n|upkeep\n|\n|t:|1783535835\n|switch|p2a: Pikachu|Pikachu-World, L93, M|74/100\n|-damage|p2a: Pikachu|62/100|[from] Stealth Rock\n|turn|15\n|inactive|Time left: 300 sec this turn | 300 sec total\n|\n|t:|1783535836\n|move|p2a: Pikachu|Volt Switch|p1a: Hoopa\n|-damage|p1a: Hoopa|0 fnt\n|faint|p1a: Hoopa\n|\n|t:|1783535837\n|switch|p2a: Florges|Florges-Yellow, L85, F|100/100|[from] Volt Switch\n|-damage|p2a: Florges|88/100|[from] Stealth Rock\n|\n|-heal|p2a: Florges|94/100|[from] item: Leftovers\n|upkeep\n|inactive|Time left: 300 sec this turn | 300 sec total | 10 sec grace\n|\n|t:|1783535838\n|switch|p1a: Great Tusk|Great Tusk, L77|304/304\n|turn|16\n|inactive|Time left: 300 sec this turn | 300 sec total\n|\n|t:|1783535839\n|-terastallize|p1a: Great Tusk|Steel\n|move|p1a: Great Tusk|Rapid Spin|p2a: Florges\n|-damage|p2a: Florges|78/100\n|-boost|p1a: Great Tusk|spe|1\n|move|p2a: Florges|Moonblast|p1a: Great Tusk\n|-resisted|p1a: Great Tusk\n|-damage|p1a: Great Tusk|220/304\n|-unboost|p1a: Great Tusk|spa|1\n|\n|-heal|p1a: Great Tusk|239/304|[from] item: Leftovers\n|-heal|p2a: Florges|84/100|[from] item: Leftovers\n|upkeep\n|turn|17\n|inactive|Time left: 300 sec this turn | 300 sec total\n|\n|t:|1783535840\n|move|p1a: Great Tusk|Rapid Spin|p2a: Florges\n|-damage|p2a: Florges|67/100\n|-boost|p1a: Great Tusk|spe|1\n|move|p2a: Florges|Wish|p2a: Florges\n|\n|-heal|p1a: Great Tusk|258/304|[from] item: Leftovers\n|-heal|p2a: Florges|73/100|[from] item: Leftovers\n|upkeep\n|turn|18\n|inactive|Time left: 300 sec this turn | 300 sec total\n|\n|t:|1783535841\n|move|p1a: Great Tusk|Rapid Spin|p2a: Florges\n|-damage|p2a: Florges|55/100\n|-boost|p1a: Great Tusk|spe|1\n|move|p2a: Florges|Moonblast|p1a: Great Tusk\n|-resisted|p1a: Great Tusk\n|-damage|p1a: Great Tusk|171/304\n|-unboost|p1a: Great Tusk|spa|1\n|\n|-heal|p2a: Florges|100/100|[from] move: Wish|[wisher] Florges\n|-heal|p1a: Great Tusk|190/304|[from] item: Leftovers\n|upkeep\n|turn|19\n|inactive|Time left: 300 sec this turn | 300 sec total\n|\n|t:|1783535842\n|move|p1a: Great Tusk|Headlong Rush|p2a: Florges\n|-damage|p2a: Florges|44/100\n|-unboost|p1a: Great Tusk|def|1\n|-unboost|p1a: Great Tusk|spd|1\n|move|p2a: Florges|Moonblast|p1a: Great Tusk\n|-resisted|p1a: Great Tusk\n|-damage|p1a: Great Tusk|52/304\n|\n|-heal|p1a: Great Tusk|71/304|[from] item: Leftovers\n|-heal|p2a: Florges|50/100|[from] item: Leftovers\n|upkeep\n|turn|20\n|inactive|Time left: 300 sec this turn | 300 sec total\n|\n|t:|1783535843\n|move|p2a: Florges|Protect|p2a: Florges\n|-singleturn|p2a: Florges|Protect\n|move|p1a: Great Tusk|Headlong Rush|p2a: Florges\n|-activate|p2a: Florges|move: Protect\n|\n|-heal|p1a: Great Tusk|90/304|[from] item: Leftovers\n|-heal|p2a: Florges|56/100|[from] item: Leftovers\n|upkeep\n|turn|21\n|inactive|Time left: 300 sec this turn | 300 sec total\n|\n|t:|1783535843\n|switch|p2a: Talonflame|Talonflame, L83, F|18/100\n|move|p1a: Great Tusk|Headlong Rush|p2a: Talonflame\n|-immune|p2a: Talonflame\n|\n|-heal|p1a: Great Tusk|109/304|[from] item: Leftovers\n|upkeep\n|turn|22\n|inactive|Time left: 300 sec this turn | 300 sec total\n|\n|t:|1783535844\n|switch|p2a: Florges|Florges-Yellow, L85, F|56/100\n|-damage|p2a: Florges|44/100|[from] Stealth Rock\n|move|p1a: Great Tusk|Close Combat|p2a: Florges\n|-resisted|p2a: Florges\n|-damage|p2a: Florges|15/100\n|-unboost|p1a: Great Tusk|def|1\n|-unboost|p1a: Great Tusk|spd|1\n|\n|-heal|p1a: Great Tusk|128/304|[from] item: Leftovers\n|-heal|p2a: Florges|21/100|[from] item: Leftovers\n|upkeep\n|turn|23\n|inactive|Time left: 300 sec this turn | 300 sec total\n|\n|t:|1783535845\n|move|p2a: Florges|Protect|p2a: Florges\n|-singleturn|p2a: Florges|Protect\n|move|p1a: Great Tusk|Close Combat|p2a: Florges\n|-activate|p2a: Florges|move: Protect\n|\n|-heal|p1a: Great Tusk|147/304|[from] item: Leftovers\n|-heal|p2a: Florges|27/100|[from] item: Leftovers\n|upkeep\n|turn|24\n|inactive|Time left: 300 sec this turn | 300 sec total\n|\n|t:|1783535846\n|move|p2a: Florges|Protect||[still]\n|-fail|p2a: Florges\n|move|p1a: Great Tusk|Close Combat|p2a: Florges\n|-resisted|p2a: Florges\n|-damage|p2a: Florges|0 fnt\n|-unboost|p1a: Great Tusk|def|1\n|-unboost|p1a: Great Tusk|spd|1\n|faint|p2a: Florges\n|\n|-heal|p1a: Great Tusk|166/304|[from] item: Leftovers\n|upkeep\n|\n|t:|1783535847\n|switch|p2a: Pikachu|Pikachu-World, L93, M|62/100\n|-damage|p2a: Pikachu|49/100|[from] Stealth Rock\n|turn|25\n|inactive|Time left: 300 sec this turn | 300 sec total\n|\n|t:|1783535848\n|move|p2a: Pikachu|Fake Out|p1a: Great Tusk\n|-resisted|p1a: Great Tusk\n|-damage|p1a: Great Tusk|118/304\n|cant|p1a: Great Tusk|flinch\n|\n|-heal|p1a: Great Tusk|137/304|[from] item: Leftovers\n|upkeep\n|turn|26\n|inactive|Time left: 300 sec this turn | 300 sec total\n|\n|t:|1783535849\n|move|p1a: Great Tusk|Close Combat|p2a: Pikachu\n|-damage|p2a: Pikachu|0 fnt\n|-unboost|p1a: Great Tusk|def|1\n|-unboost|p1a: Great Tusk|spd|1\n|faint|p2a: Pikachu\n|\n|-heal|p1a: Great Tusk|156/304|[from] item: Leftovers\n|upkeep\n|\n|t:|1783535850\n|switch|p2a: Talonflame|Talonflame, L83, F|18/100\n|turn|27\n|inactive|Time left: 300 sec this turn | 300 sec total\n|\n|t:|1783535850\n|move|p1a: Great Tusk|Close Combat|p2a: Talonflame\n|-resisted|p2a: Talonflame\n|-damage|p2a: Talonflame|0 fnt\n|-unboost|p1a: Great Tusk|def|1\n|-unboost|p1a: Great Tusk|spd|1\n|faint|p2a: Talonflame\n|\n|win|p0x1777f71", "uploadtime": 1783535850, "views": 0, "rating": 0, "private": 0, "password": null, "_winner": "p0x1777f71", "_our_name": "p0x1777f71"}