{"id": "battle-gen9randombattle-2689", "formatid": "gen9randombattle", "format": "[Gen 9] Random Battle", "players": ["p0x268987aa", "p0y26893fdf"], "log": "|init|battle\n|title|p0x268987aa vs. p0y26893fdf\n|j|\u2606p0x268987aa\n|j|\u2606p0y26893fdf\n|t:|1783571024\n|gametype|singles\n|player|p1|p0x268987aa|1|\n|player|p2|p0y26893fdf|101|\n|gen|9\n|tier|[Gen 9] Random Battle\n|rule|Species Clause: Limit one of each Pok\u00e9mon\n|rule|HP Percentage Mod: HP is shown in percentages\n|rule|Sleep Clause Mod: Limit one foe put to sleep\n|rule|Illusion Level Mod: Illusion disguises the Pok\u00e9mon's true level\n|\n|t:|1783571024\n|teamsize|p1|6\n|teamsize|p2|6\n|start\n|switch|p1a: Zekrom|Zekrom, L71|100/100\n|switch|p2a: Kommo-o|Kommo-o, L77, F|242/242\n|-ability|p1a: Zekrom|Teravolt\n|turn|1\n|inactive|Battle timer is ON: inactive players will automatically lose when time's up. (requested by p0y26893fdf)\n|inactive|p0x268987aa also wants the timer to be on.\n|\n|t:|1783571025\n|move|p2a: Kommo-o|Scale Shot|p1a: Zekrom\n|-supereffective|p1a: Zekrom\n|-damage|p1a: Zekrom|81/100\n|-supereffective|p1a: Zekrom\n|-damage|p1a: Zekrom|60/100\n|-supereffective|p1a: Zekrom\n|-damage|p1a: Zekrom|41/100\n|-supereffective|p1a: Zekrom\n|-damage|p1a: Zekrom|23/100\n|-hitcount|p1a: Zekrom|4\n|-unboost|p2a: Kommo-o|def|1\n|-boost|p2a: Kommo-o|spe|1\n|move|p1a: Zekrom|Outrage|p2a: Kommo-o\n|-supereffective|p2a: Kommo-o\n|-damage|p2a: Kommo-o|0 fnt\n|faint|p2a: Kommo-o\n|\n|-heal|p1a: Zekrom|29/100|[from] item: Leftovers\n|upkeep\n|inactive|Time left: 300 sec this turn | 300 sec total | 65 sec grace\n|\n|t:|1783571025\n|switch|p2a: Samurott|Samurott-Hisui, L77, F|265/265\n|turn|2\n|inactive|Time left: 300 sec this turn | 300 sec total\n|\n|t:|1783571026\n|move|p2a: Samurott|Ceaseless Edge|p1a: Zekrom\n|-damage|p1a: Zekrom|0 fnt\n|-sidestart|p1: p0x268987aa|Spikes\n|faint|p1a: Zekrom\n|\n|upkeep\n|\n|t:|1783571027\n|switch|p1a: Terrakion|Terrakion, L79|100/100\n|-damage|p1a: Terrakion|88/100|[from] Spikes\n|turn|3\n|inactive|Time left: 300 sec this turn | 300 sec total\n|\n|t:|1783571028\n|switch|p2a: Sceptile|Sceptile, L87, M|264/264\n|move|p1a: Terrakion|Swords Dance|p1a: Terrakion\n|-boost|p1a: Terrakion|atk|2\n|\n|upkeep\n|turn|4\n|inactive|Time left: 300 sec this turn | 300 sec total\n|\n|t:|1783571029\n|-terastallize|p1a: Terrakion|Fighting\n|move|p2a: Sceptile|Giga Drain|p1a: Terrakion\n|-damage|p1a: Terrakion|46/100\n|-damage|p2a: Sceptile|238/264|[from] item: Life Orb\n|move|p1a: Terrakion|Stone Edge|p2a: Sceptile\n|-damage|p2a: Sceptile|0 fnt\n|faint|p2a: Sceptile\n|-damage|p1a: Terrakion|36/100|[from] item: Life Orb\n|\n|upkeep\n|inactive|Time left: 300 sec this turn | 300 sec total | 5 sec grace\n|\n|t:|1783571030\n|switch|p2a: Dedenne|Dedenne, L88, F|261/261\n|turn|5\n|inactive|Time left: 300 sec this turn | 300 sec total\n|\n|t:|1783571031\n|switch|p1a: Cryogonal|Cryogonal, L89|100/100\n|move|p2a: Dedenne|Dazzling Gleam|p1a: Cryogonal\n|-damage|p1a: Cryogonal|81/100\n|\n|upkeep\n|turn|6\n|inactive|Time left: 300 sec this turn | 300 sec total\n|\n|t:|1783571032\n|switch|p2a: Tyranitar|Tyranitar, L78, F|284/284\n|-weather|Sandstorm|[from] ability: Sand Stream|[of] p2a: Tyranitar\n|move|p1a: Cryogonal|Rapid Spin|p2a: Tyranitar\n|-resisted|p2a: Tyranitar\n|-damage|p2a: Tyranitar|274/284\n|-boost|p1a: Cryogonal|spe|1\n|-sideend|p1: p0x268987aa|Spikes|[from] move: Rapid Spin|[of] p1a: Cryogonal\n|\n|-weather|Sandstorm|[upkeep]\n|-damage|p1a: Cryogonal|75/100|[from] Sandstorm\n|-heal|p2a: Tyranitar|284/284|[from] item: Leftovers\n|upkeep\n|turn|7\n|inactive|Time left: 300 sec this turn | 300 sec total\n|\n|t:|1783571034\n|switch|p1a: Terrakion|Terrakion, L79, tera:Fighting|36/100\n|move|p2a: Tyranitar|Stone Edge|p1a: Terrakion\n|-resisted|p1a: Terrakion\n|-damage|p1a: Terrakion|15/100\n|\n|-weather|Sandstorm|[upkeep]\n|-damage|p1a: Terrakion|9/100|[from] Sandstorm\n|upkeep\n|turn|8\n|inactive|Time left: 300 sec this turn | 300 sec total\n|\n|t:|1783571035\n|switch|p2a: Amoonguss|Amoonguss, L82, F|321/321\n|move|p1a: Terrakion|Close Combat|p2a: Amoonguss\n|-resisted|p2a: Amoonguss\n|-damage|p2a: Amoonguss|181/321\n|-unboost|p1a: Terrakion|def|1\n|-unboost|p1a: Terrakion|spd|1\n|-damage|p1a: Terrakion|0 fnt|[from] item: Rocky Helmet|[of] p2a: Amoonguss\n|faint|p1a: Terrakion\n|\n|-weather|Sandstorm|[upkeep]\n|-damage|p2a: Amoonguss|161/321|[from] Sandstorm\n|upkeep\n|\n|t:|1783571036\n|switch|p1a: Medicham|Medicham, L86, F|100/100\n|turn|9\n|inactive|Time left: 300 sec this turn | 300 sec total\n|\n|t:|1783571037\n|switch|p2a: Dedenne|Dedenne, L88, F|261/261\n|move|p1a: Medicham|Close Combat|p2a: Dedenne\n|-resisted|p2a: Dedenne\n|-damage|p2a: Dedenne|89/261\n|-unboost|p1a: Medicham|def|1\n|-unboost|p1a: Medicham|spd|1\n|-enditem|p2a: Dedenne|Sitrus Berry|[eat]\n|-heal|p2a: Dedenne|154/261|[from] item: Sitrus Berry\n|-heal|p2a: Dedenne|241/261|[from] ability: Cheek Pouch\n|\n|-weather|Sandstorm|[upkeep]\n|-damage|p2a: Dedenne|225/261|[from] Sandstorm\n|-damage|p1a: Medicham|94/100|[from] Sandstorm\n|upkeep\n|turn|10\n|inactive|Time left: 300 sec this turn | 300 sec total\n|\n|t:|1783571038\n|switch|p1a: Cryogonal|Cryogonal, L89|75/100\n|move|p2a: Dedenne|Dazzling Gleam|p1a: Cryogonal\n|-damage|p1a: Cryogonal|56/100\n|\n|-weather|none\n|upkeep\n|turn|11\n|inactive|Time left: 300 sec this turn | 300 sec total\n|\n|t:|1783571038\n|move|p1a: Cryogonal|Freeze-Dry|p2a: Dedenne\n|-damage|p2a: Dedenne|135/261\n|-status|p2a: Dedenne|frz\n|-curestatus|p2a: Dedenne|frz|[msg]\n|move|p2a: Dedenne|U-turn|p1a: Cryogonal\n|-damage|p1a: Cryogonal|37/100\n|inactive|Time left: 300 sec this turn | 300 sec total | 5 sec grace\n|\n|t:|1783571039\n|switch|p2a: Samurott|Samurott-Hisui, L77, F|265/265|[from] U-turn\n|\n|upkeep\n|turn|12\n|inactive|Time left: 300 sec this turn | 300 sec total\n|\n|t:|1783571040\n|move|p1a: Cryogonal|Freeze-Dry|p2a: Samurott\n|-supereffective|p2a: Samurott\n|-damage|p2a: Samurott|29/265\n|move|p2a: Samurott|Ceaseless Edge|p1a: Cryogonal\n|-damage|p1a: Cryogonal|0 fnt\n|-sidestart|p1: p0x268987aa|Spikes\n|faint|p1a: Cryogonal\n|\n|upkeep\n|\n|t:|1783571041\n|switch|p1a: Medicham|Medicham, L86, F|94/100\n|-damage|p1a: Medicham|82/100|[from] Spikes\n|turn|13\n|inactive|Time left: 300 sec this turn | 300 sec total\n|\n|t:|1783571042\n|move|p1a: Medicham|Close Combat|p2a: Samurott\n|-supereffective|p2a: Samurott\n|-damage|p2a: Samurott|0 fnt\n|-unboost|p1a: Medicham|def|1\n|-unboost|p1a: Medicham|spd|1\n|faint|p2a: Samurott\n|\n|upkeep\n|inactive|Time left: 300 sec this turn | 300 sec total | 5 sec grace\n|\n|t:|1783571043\n|switch|p2a: Amoonguss|Amoonguss, L82, F|268/321\n|turn|14\n|inactive|Time left: 300 sec this turn | 300 sec total\n|\n|t:|1783571044\n|move|p1a: Medicham|Close Combat|p2a: Amoonguss\n|-resisted|p2a: Amoonguss\n|-damage|p2a: Amoonguss|102/321\n|-unboost|p1a: Medicham|def|1\n|-unboost|p1a: Medicham|spd|1\n|-damage|p1a: Medicham|66/100|[from] item: Rocky Helmet|[of] p2a: Amoonguss\n|move|p2a: Amoonguss|Sludge Bomb|p1a: Medicham\n|-damage|p1a: Medicham|0 fnt\n|faint|p1a: Medicham\n|\n|upkeep\n|\n|t:|1783571045\n|switch|p1a: Bruxish|Bruxish, L85, M|100/100\n|-damage|p1a: Bruxish|88/100|[from] Spikes\n|turn|15\n|inactive|Time left: 300 sec this turn | 300 sec total\n|\n|t:|1783571046\n|switch|p2a: Dedenne|Dedenne, L88, F|135/261\n|move|p1a: Bruxish|Wave Crash|p2a: Dedenne\n|-damage|p2a: Dedenne|0 fnt\n|faint|p2a: Dedenne\n|-damage|p1a: Bruxish|71/100|[from] Recoil\n|\n|upkeep\n|inactive|Time left: 300 sec this turn | 300 sec total | 5 sec grace\n|\n|t:|1783571047\n|switch|p2a: Amoonguss|Amoonguss, L82, F|209/321\n|turn|16\n|inactive|Time left: 300 sec this turn | 300 sec total\n|\n|t:|1783571048\n|move|p1a: Bruxish|Wave Crash|p2a: Amoonguss\n|-resisted|p2a: Amoonguss\n|-damage|p2a: Amoonguss|74/321\n|-damage|p1a: Bruxish|54/100|[from] item: Rocky Helmet|[of] p2a: Amoonguss\n|-damage|p1a: Bruxish|36/100|[from] Recoil\n|move|p2a: Amoonguss|Giga Drain|p1a: Bruxish\n|-supereffective|p1a: Bruxish\n|-damage|p1a: Bruxish|0 fnt\n|-heal|p2a: Amoonguss|120/321|[from] drain|[of] p1a: Bruxish\n|faint|p1a: Bruxish\n|\n|upkeep\n|\n|t:|1783571049\n|switch|p1a: Arceus|Arceus-Rock, L74|100/100\n|-damage|p1a: Arceus|88/100|[from] Spikes\n|turn|17\n|inactive|Time left: 300 sec this turn | 300 sec total\n|\n|t:|1783571050\n|move|p1a: Arceus|Judgment|p2a: Amoonguss\n|-damage|p2a: Amoonguss|0 fnt\n|faint|p2a: Amoonguss\n|\n|upkeep\n|inactive|Time left: 300 sec this turn | 300 sec total | 5 sec grace\n|\n|t:|1783571050\n|switch|p2a: Tyranitar|Tyranitar, L78, F|284/284\n|-weather|Sandstorm|[from] ability: Sand Stream|[of] p2a: Tyranitar\n|turn|18\n|inactive|Time left: 300 sec this turn | 300 sec total\n|\n|t:|1783571051\n|-terastallize|p2a: Tyranitar|Rock\n|move|p1a: Arceus|Calm Mind|p1a: Arceus\n|-boost|p1a: Arceus|spa|1\n|-boost|p1a: Arceus|spd|1\n|move|p2a: Tyranitar|Stone Edge|p1a: Arceus\n|-damage|p1a: Arceus|41/100\n|\n|-weather|Sandstorm|[upkeep]\n|upkeep\n|turn|19\n|inactive|Time left: 300 sec this turn | 300 sec total\n|\n|t:|1783571052\n|move|p1a: Arceus|Recover|p1a: Arceus\n|-heal|p1a: Arceus|91/100\n|move|p2a: Tyranitar|Thunder Wave|p1a: Arceus\n|-status|p1a: Arceus|par\n|\n|-weather|Sandstorm|[upkeep]\n|upkeep\n|turn|20\n|inactive|Time left: 300 sec this turn | 300 sec total\n|\n|t:|1783571053\n|move|p2a: Tyranitar|Stone Edge|p1a: Arceus|[miss]\n|-miss|p2a: Tyranitar|p1a: Arceus\n|move|p1a: Arceus|Recover|p1a: Arceus\n|-heal|p1a: Arceus|100/100 par\n|\n|-weather|Sandstorm|[upkeep]\n|upkeep\n|turn|21\n|inactive|Time left: 300 sec this turn | 300 sec total\n|\n|t:|1783571054\n|move|p2a: Tyranitar|Stone Edge|p1a: Arceus\n|-damage|p1a: Arceus|56/100 par\n|move|p1a: Arceus|Recover|p1a: Arceus\n|-heal|p1a: Arceus|100/100 par\n|\n|-weather|Sandstorm|[upkeep]\n|upkeep\n|turn|22\n|inactive|Time left: 300 sec this turn | 300 sec total\n|\n|t:|1783571055\n|move|p2a: Tyranitar|Stone Edge|p1a: Arceus|[miss]\n|-miss|p2a: Tyranitar|p1a: Arceus\n|move|p1a: Arceus|Recover||[still]\n|-fail|p1a: Arceus|heal\n|\n|-weather|none\n|upkeep\n|turn|23\n|inactive|Time left: 300 sec this turn | 300 sec total\n|\n|t:|1783571056\n|move|p2a: Tyranitar|Stone Edge|p1a: Arceus\n|-damage|p1a: Arceus|50/100 par\n|move|p1a: Arceus|Judgment|p2a: Tyranitar\n|-damage|p2a: Tyranitar|98/284\n|\n|-heal|p2a: Tyranitar|115/284|[from] item: Leftovers\n|upkeep\n|turn|24\n|inactive|Time left: 300 sec this turn | 300 sec total\n|\n|t:|1783571057\n|move|p2a: Tyranitar|Stone Edge|p1a: Arceus|[miss]\n|-miss|p2a: Tyranitar|p1a: Arceus\n|move|p1a: Arceus|Judgment|p2a: Tyranitar\n|-damage|p2a: Tyranitar|0 fnt\n|faint|p2a: Tyranitar\n|\n|win|p0x268987aa", "uploadtime": 1783571057, "views": 0, "rating": 0, "private": 0, "password": null, "_winner": "p0x268987aa", "_our_name": "p0y26893fdf"}