{"id": "battle-gen9randombattle-1549", "formatid": "gen9randombattle", "format": "[Gen 9] Random Battle", "players": ["p0x15493616", "p0y15492a51"], "log": "|init|battle\n|title|p0x15493616 vs. p0y15492a51\n|j|\u2606p0x15493616\n|j|\u2606p0y15492a51\n|t:|1783558000\n|gametype|singles\n|player|p1|p0x15493616|101|\n|player|p2|p0y15492a51|266|\n|gen|9\n|tier|[Gen 9] Random Battle\n|rule|Species Clause: Limit one of each Pok\u00e9mon\n|rule|HP Percentage Mod: HP is shown in percentages\n|rule|Sleep Clause Mod: Limit one foe put to sleep\n|rule|Illusion Level Mod: Illusion disguises the Pok\u00e9mon's true level\n|\n|t:|1783558000\n|teamsize|p1|6\n|teamsize|p2|6\n|start\n|switch|p1a: Magearna|Magearna-Original, L77|250/250\n|switch|p2a: Lilligant|Lilligant, L86, F|100/100\n|turn|1\n|inactive|Battle timer is ON: inactive players will automatically lose when time's up. (requested by p0x15493616)\n|inactive|p0y15492a51 also wants the timer to be on.\n|\n|t:|1783558001\n|move|p2a: Lilligant|Quiver Dance|p2a: Lilligant\n|-boost|p2a: Lilligant|spa|1\n|-boost|p2a: Lilligant|spd|1\n|-boost|p2a: Lilligant|spe|1\n|move|p1a: Magearna|Flash Cannon|p2a: Lilligant\n|-damage|p2a: Lilligant|77/100\n|\n|upkeep\n|turn|2\n|inactive|Time left: 300 sec this turn | 300 sec total\n|\n|t:|1783558002\n|switch|p1a: Tropius|Tropius, L91, F|328/328\n|move|p2a: Lilligant|Quiver Dance|p2a: Lilligant\n|-boost|p2a: Lilligant|spa|1\n|-boost|p2a: Lilligant|spd|1\n|-boost|p2a: Lilligant|spe|1\n|\n|upkeep\n|turn|3\n|inactive|Time left: 300 sec this turn | 300 sec total\n|\n|t:|1783558003\n|-terastallize|p2a: Lilligant|Rock\n|move|p2a: Lilligant|Tera Blast|p1a: Tropius|[anim] Tera Blast Rock\n|-supereffective|p1a: Tropius\n|-damage|p1a: Tropius|0 fnt\n|faint|p1a: Tropius\n|-damage|p2a: Lilligant|67/100|[from] item: Life Orb\n|\n|upkeep\n|inactive|Time left: 300 sec this turn | 300 sec total | 5 sec grace\n|\n|t:|1783558003\n|switch|p1a: Dusknoir|Dusknoir, L89, M|225/225\n|-item|p2a: Lilligant|Life Orb|[from] ability: Frisk|[of] p1a: Dusknoir\n|turn|4\n|inactive|Time left: 300 sec this turn | 300 sec total\n|\n|t:|1783558004\n|-terastallize|p1a: Dusknoir|Fighting\n|move|p2a: Lilligant|Giga Drain|p1a: Dusknoir\n|-damage|p1a: Dusknoir|76/225\n|-heal|p2a: Lilligant|96/100|[from] drain|[of] p1a: Dusknoir\n|-damage|p2a: Lilligant|86/100|[from] item: Life Orb\n|move|p1a: Dusknoir|Substitute|p1a: Dusknoir\n|-start|p1a: Dusknoir|Substitute\n|-damage|p1a: Dusknoir|20/225\n|\n|-heal|p1a: Dusknoir|34/225|[from] item: Leftovers\n|upkeep\n|turn|5\n|inactive|Time left: 300 sec this turn | 300 sec total\n|\n|t:|1783558005\n|-singleturn|p1a: Dusknoir|move: Focus Punch\n|move|p2a: Lilligant|Giga Drain|p1a: Dusknoir\n|-crit|p1a: Dusknoir\n|-end|p1a: Dusknoir|Substitute\n|-heal|p2a: Lilligant|97/100|[from] drain|[of] p1a: Dusknoir\n|-damage|p2a: Lilligant|87/100|[from] item: Life Orb\n|move|p1a: Dusknoir|Focus Punch|p2a: Lilligant\n|-supereffective|p2a: Lilligant\n|-damage|p2a: Lilligant|0 fnt\n|faint|p2a: Lilligant\n|\n|-heal|p1a: Dusknoir|48/225|[from] item: Leftovers\n|upkeep\n|\n|t:|1783558006\n|switch|p2a: Galvantula|Galvantula, L82, F|100/100\n|turn|6\n|inactive|Time left: 300 sec this turn | 300 sec total\n|\n|t:|1783558007\n|move|p2a: Galvantula|Thunder|p1a: Dusknoir\n|-damage|p1a: Dusknoir|0 fnt\n|faint|p1a: Dusknoir\n|\n|upkeep\n|inactive|Time left: 300 sec this turn | 300 sec total | 5 sec grace\n|\n|t:|1783558008\n|switch|p1a: Iron Thorns|Iron Thorns, L83|302/302\n|-enditem|p1a: Iron Thorns|Booster Energy\n|-activate|p1a: Iron Thorns|ability: Quark Drive|[fromitem]\n|-start|p1a: Iron Thorns|quarkdriveatk\n|turn|7\n|inactive|Time left: 300 sec this turn | 300 sec total\n|\n|t:|1783558009\n|move|p2a: Galvantula|Sticky Web|p1a: Iron Thorns\n|-sidestart|p1: p0x15493616|move: Sticky Web\n|move|p1a: Iron Thorns|Dragon Dance|p1a: Iron Thorns\n|-boost|p1a: Iron Thorns|atk|1\n|-boost|p1a: Iron Thorns|spe|1\n|\n|upkeep\n|turn|8\n|inactive|Time left: 300 sec this turn | 300 sec total\n|\n|t:|1783558010\n|move|p1a: Iron Thorns|Stone Edge|p2a: Galvantula\n|-supereffective|p2a: Galvantula\n|-damage|p2a: Galvantula|0 fnt\n|faint|p2a: Galvantula\n|\n|upkeep\n|\n|t:|1783558011\n|switch|p2a: Glalie|Glalie, L96, M|100/100\n|turn|9\n|inactive|Time left: 300 sec this turn | 300 sec total\n|\n|t:|1783558013\n|move|p1a: Iron Thorns|Stone Edge|p2a: Glalie\n|-supereffective|p2a: Glalie\n|-crit|p2a: Glalie\n|-damage|p2a: Glalie|0 fnt\n|faint|p2a: Glalie\n|\n|upkeep\n|\n|t:|1783558014\n|switch|p2a: Girafarig|Girafarig, L89, F|100/100\n|turn|10\n|inactive|Time left: 300 sec this turn | 300 sec total\n|\n|t:|1783558015\n|move|p1a: Iron Thorns|Stone Edge|p2a: Girafarig\n|-damage|p2a: Girafarig|20/100\n|move|p2a: Girafarig|Psychic|p1a: Iron Thorns\n|-damage|p1a: Iron Thorns|202/302\n|\n|upkeep\n|turn|11\n|inactive|Time left: 300 sec this turn | 300 sec total\n|\n|t:|1783558016\n|move|p1a: Iron Thorns|Earthquake|p2a: Girafarig\n|-damage|p2a: Girafarig|0 fnt\n|faint|p2a: Girafarig\n|\n|upkeep\n|\n|t:|1783558017\n|switch|p2a: Empoleon|Empoleon, L84, M|100/100\n|turn|12\n|inactive|Time left: 300 sec this turn | 300 sec total\n|\n|t:|1783558018\n|move|p1a: Iron Thorns|Wild Charge|p2a: Empoleon\n|-supereffective|p2a: Empoleon\n|-damage|p2a: Empoleon|0 fnt\n|faint|p2a: Empoleon\n|-damage|p1a: Iron Thorns|132/302|[from] Recoil\n|\n|upkeep\n|\n|t:|1783558019\n|switch|p2a: Milotic|Milotic, L83, F|100/100\n|turn|13\n|inactive|Time left: 300 sec this turn | 300 sec total\n|\n|t:|1783558020\n|move|p1a: Iron Thorns|Wild Charge|p2a: Milotic\n|-supereffective|p2a: Milotic\n|-damage|p2a: Milotic|0 fnt\n|faint|p2a: Milotic\n|-damage|p1a: Iron Thorns|59/302|[from] Recoil\n|\n|win|p0x15493616", "uploadtime": 1783558020, "views": 0, "rating": 0, "private": 0, "password": null, "_winner": "p0x15493616", "_our_name": "p0x15493616"}