{"id": "battle-gen9randombattle-2245", "formatid": "gen9randombattle", "format": "[Gen 9] Random Battle", "players": ["p0x22456d44", "p0y224527ca"], "log": "|init|battle\n|title|p0x22456d44 vs. p0y224527ca\n|j|\u2606p0x22456d44\n|j|\u2606p0y224527ca\n|t:|1783566021\n|gametype|singles\n|player|p1|p0x22456d44|2|\n|player|p2|p0y224527ca|265|\n|gen|9\n|tier|[Gen 9] Random Battle\n|rule|Species Clause: Limit one of each Pok\u00e9mon\n|rule|HP Percentage Mod: HP is shown in percentages\n|rule|Sleep Clause Mod: Limit one foe put to sleep\n|rule|Illusion Level Mod: Illusion disguises the Pok\u00e9mon's true level\n|\n|t:|1783566021\n|teamsize|p1|6\n|teamsize|p2|6\n|start\n|switch|p1a: Ting-Lu|Ting-Lu, L78|370/370\n|switch|p2a: Regirock|Regirock, L83|100/100\n|-ability|p1a: Ting-Lu|Vessel of Ruin\n|turn|1\n|inactive|Battle timer is ON: inactive players will automatically lose when time's up. (requested by p0x22456d44)\n|inactive|p0y224527ca also wants the timer to be on.\n|\n|t:|1783566023\n|move|p2a: Regirock|Body Press|p1a: Ting-Lu\n|-supereffective|p1a: Ting-Lu\n|-damage|p1a: Ting-Lu|200/370\n|move|p1a: Ting-Lu|Spikes|p2a: Regirock\n|-sidestart|p2: p0y224527ca|Spikes\n|\n|-heal|p1a: Ting-Lu|223/370|[from] item: Leftovers\n|upkeep\n|turn|2\n|inactive|Time left: 300 sec this turn | 300 sec total\n|\n|t:|1783566024\n|move|p2a: Regirock|Body Press|p1a: Ting-Lu\n|-supereffective|p1a: Ting-Lu\n|-damage|p1a: Ting-Lu|61/370\n|move|p1a: Ting-Lu|Ruination|p2a: Regirock\n|-damage|p2a: Regirock|50/100\n|\n|-heal|p1a: Ting-Lu|84/370|[from] item: Leftovers\n|upkeep\n|turn|3\n|inactive|Time left: 300 sec this turn | 300 sec total\n|\n|t:|1783566025\n|move|p2a: Regirock|Body Press|p1a: Ting-Lu\n|-supereffective|p1a: Ting-Lu\n|-damage|p1a: Ting-Lu|0 fnt\n|faint|p1a: Ting-Lu\n|\n|upkeep\n|inactive|Time left: 300 sec this turn | 300 sec total | 5 sec grace\n|\n|t:|1783566027\n|switch|p1a: Golem|Golem-Alola, L93, M|300/300\n|turn|4\n|inactive|Time left: 300 sec this turn | 300 sec total\n|\n|t:|1783566028\n|switch|p2a: Hydrapple|Hydrapple, L83, F|100/100\n|-damage|p2a: Hydrapple|88/100|[from] Spikes\n|move|p1a: Golem|Double-Edge|p2a: Hydrapple\n|-resisted|p2a: Hydrapple\n|-damage|p2a: Hydrapple|67/100\n|-damage|p1a: Golem|279/300|[from] Recoil\n|\n|upkeep\n|turn|5\n|inactive|Time left: 300 sec this turn | 300 sec total\n|\n|t:|1783566029\n|move|p1a: Golem|Double-Edge|p2a: Hydrapple\n|-resisted|p2a: Hydrapple\n|-damage|p2a: Hydrapple|47/100\n|-damage|p1a: Golem|258/300|[from] Recoil\n|move|p2a: Hydrapple|Earth Power|p1a: Golem\n|-supereffective|p1a: Golem\n|-damage|p1a: Golem|0 fnt\n|faint|p1a: Golem\n|\n|upkeep\n|inactive|Time left: 300 sec this turn | 300 sec total | 5 sec grace\n|\n|t:|1783566030\n|switch|p1a: Yanmega|Yanmega, L82, M|275/275\n|turn|6\n|inactive|Time left: 300 sec this turn | 300 sec total\n|\n|t:|1783566031\n|switch|p2a: Ninetales|Ninetales-Alola, L78, M|100/100\n|-damage|p2a: Ninetales|88/100|[from] Spikes\n|-weather|Snowscape|[from] ability: Snow Warning|[of] p2a: Ninetales\n|move|p1a: Yanmega|Bug Buzz|p2a: Ninetales\n|-resisted|p2a: Ninetales\n|-damage|p2a: Ninetales|27/100\n|-unboost|p2a: Ninetales|spd|1\n|\n|-weather|Snowscape|[upkeep]\n|upkeep\n|turn|7\n|inactive|Time left: 300 sec this turn | 300 sec total\n|\n|t:|1783566033\n|move|p2a: Ninetales|Aurora Veil|p2a: Ninetales\n|-sidestart|p2: p0y224527ca|move: Aurora Veil\n|move|p1a: Yanmega|Bug Buzz|p2a: Ninetales\n|-resisted|p2a: Ninetales\n|-damage|p2a: Ninetales|0 fnt\n|faint|p2a: Ninetales\n|\n|-weather|Snowscape|[upkeep]\n|upkeep\n|\n|t:|1783566034\n|switch|p2a: Zamazenta|Zamazenta-Crowned, L68|100/100\n|-damage|p2a: Zamazenta|88/100|[from] Spikes\n|-ability|p2a: Zamazenta|Dauntless Shield|boost\n|-boost|p2a: Zamazenta|def|1\n|turn|8\n|inactive|Time left: 300 sec this turn | 300 sec total\n|\n|t:|1783566035\n|move|p2a: Zamazenta|Stone Edge|p1a: Yanmega|[miss]\n|-miss|p2a: Zamazenta|p1a: Yanmega\n|move|p1a: Yanmega|Bug Buzz|p2a: Zamazenta\n|-resisted|p2a: Zamazenta\n|-damage|p2a: Zamazenta|74/100\n|\n|-weather|Snowscape|[upkeep]\n|upkeep\n|turn|9\n|inactive|Time left: 300 sec this turn | 300 sec total\n|\n|t:|1783566036\n|move|p2a: Zamazenta|Stone Edge|p1a: Yanmega\n|-supereffective|p1a: Yanmega\n|-damage|p1a: Yanmega|43/275\n|move|p1a: Yanmega|Bug Buzz|p2a: Zamazenta\n|-resisted|p2a: Zamazenta\n|-damage|p2a: Zamazenta|61/100\n|\n|-weather|Snowscape|[upkeep]\n|upkeep\n|turn|10\n|inactive|Time left: 300 sec this turn | 300 sec total\n|\n|t:|1783566037\n|switch|p1a: Umbreon|Umbreon, L84, M|297/297\n|move|p2a: Zamazenta|Heavy Slam|p1a: Umbreon\n|-damage|p1a: Umbreon|207/297\n|\n|-weather|none\n|-heal|p1a: Umbreon|225/297|[from] item: Leftovers\n|upkeep\n|turn|11\n|inactive|Time left: 300 sec this turn | 300 sec total\n|\n|t:|1783566038\n|move|p2a: Zamazenta|Body Press|p1a: Umbreon\n|-supereffective|p1a: Umbreon\n|-damage|p1a: Umbreon|19/297\n|move|p1a: Umbreon|Wish|p1a: Umbreon\n|\n|-heal|p1a: Umbreon|37/297|[from] item: Leftovers\n|upkeep\n|turn|12\n|inactive|Time left: 300 sec this turn | 300 sec total\n|\n|t:|1783566039\n|move|p1a: Umbreon|Protect|p1a: Umbreon\n|-singleturn|p1a: Umbreon|Protect\n|move|p2a: Zamazenta|Heavy Slam|p1a: Umbreon\n|-activate|p1a: Umbreon|move: Protect\n|\n|-heal|p1a: Umbreon|185/297|[from] move: Wish|[wisher] Umbreon\n|-heal|p1a: Umbreon|203/297|[from] item: Leftovers\n|upkeep\n|turn|13\n|inactive|Time left: 300 sec this turn | 300 sec total\n|\n|t:|1783566040\n|move|p2a: Zamazenta|Body Press|p1a: Umbreon\n|-supereffective|p1a: Umbreon\n|-damage|p1a: Umbreon|0 fnt\n|faint|p1a: Umbreon\n|\n|upkeep\n|inactive|Time left: 300 sec this turn | 300 sec total | 5 sec grace\n|\n|t:|1783566040\n|switch|p1a: Whimsicott|Whimsicott, L84, M|238/238\n|turn|14\n|inactive|Time left: 300 sec this turn | 300 sec total\n|\n|t:|1783566041\n|move|p1a: Whimsicott|Encore|p2a: Zamazenta\n|-start|p2a: Zamazenta|Encore\n|move|p2a: Zamazenta|Body Press|p1a: Whimsicott\n|-resisted|p1a: Whimsicott\n|-damage|p1a: Whimsicott|179/238\n|\n|-heal|p1a: Whimsicott|193/238|[from] item: Leftovers\n|-sideend|p2: p0y224527ca|move: Aurora Veil\n|upkeep\n|turn|15\n|inactive|Time left: 300 sec this turn | 300 sec total\n|\n|t:|1783566042\n|move|p1a: Whimsicott|Moonblast|p2a: Zamazenta\n|-damage|p2a: Zamazenta|30/100\n|move|p2a: Zamazenta|Body Press|p1a: Whimsicott\n|-resisted|p1a: Whimsicott\n|-damage|p1a: Whimsicott|133/238\n|\n|-heal|p1a: Whimsicott|147/238|[from] item: Leftovers\n|upkeep\n|turn|16\n|inactive|Time left: 300 sec this turn | 300 sec total\n|\n|t:|1783566043\n|move|p1a: Whimsicott|Moonblast|p2a: Zamazenta\n|-damage|p2a: Zamazenta|1/100\n|-unboost|p2a: Zamazenta|spa|1\n|move|p2a: Zamazenta|Body Press|p1a: Whimsicott\n|-resisted|p1a: Whimsicott\n|-damage|p1a: Whimsicott|87/238\n|\n|-heal|p1a: Whimsicott|101/238|[from] item: Leftovers\n|-end|p2a: Zamazenta|Encore\n|upkeep\n|turn|17\n|inactive|Time left: 300 sec this turn | 300 sec total\n|\n|t:|1783566044\n|move|p1a: Whimsicott|Moonblast|p2a: Zamazenta\n|-damage|p2a: Zamazenta|0 fnt\n|faint|p2a: Zamazenta\n|\n|-heal|p1a: Whimsicott|115/238|[from] item: Leftovers\n|upkeep\n|\n|t:|1783566045\n|switch|p2a: Skarmory|Skarmory, L80, M|100/100\n|turn|18\n|inactive|Time left: 300 sec this turn | 300 sec total\n|\n|t:|1783566046\n|move|p1a: Whimsicott|Moonblast|p2a: Skarmory\n|-resisted|p2a: Skarmory\n|-damage|p2a: Skarmory|80/100\n|move|p2a: Skarmory|Brave Bird|p1a: Whimsicott\n|-supereffective|p1a: Whimsicott\n|-damage|p1a: Whimsicott|0 fnt\n|faint|p1a: Whimsicott\n|-damage|p2a: Skarmory|63/100|[from] Recoil\n|\n|-heal|p2a: Skarmory|69/100|[from] item: Leftovers\n|upkeep\n|inactive|Time left: 300 sec this turn | 300 sec total | 5 sec grace\n|\n|t:|1783566047\n|switch|p1a: Yanmega|Yanmega, L82, M|43/275\n|turn|19\n|inactive|Time left: 300 sec this turn | 300 sec total\n|\n|t:|1783566048\n|move|p1a: Yanmega|Air Slash|p2a: Skarmory\n|-resisted|p2a: Skarmory\n|-damage|p2a: Skarmory|0 fnt\n|faint|p2a: Skarmory\n|\n|upkeep\n|\n|t:|1783566049\n|switch|p2a: Alomomola|Alomomola, L87, M|100/100\n|-damage|p2a: Alomomola|88/100|[from] Spikes\n|turn|20\n|inactive|Time left: 300 sec this turn | 300 sec total\n|\n|t:|1783566050\n|move|p1a: Yanmega|Air Slash|p2a: Alomomola\n|-damage|p2a: Alomomola|45/100\n|move|p2a: Alomomola|Flip Turn|p1a: Yanmega\n|-damage|p1a: Yanmega|0 fnt\n|faint|p1a: Yanmega\n|\n|t:|1783566051\n|switch|p2a: Regirock|Regirock, L83|50/100|[from] Flip Turn\n|-damage|p2a: Regirock|38/100|[from] Spikes\n|\n|upkeep\n|inactive|Time left: 300 sec this turn | 300 sec total | 10 sec grace\n|\n|t:|1783566051\n|switch|p1a: Hitmonlee|Hitmonlee, L85, M|223/223\n|turn|21\n|inactive|Time left: 300 sec this turn | 300 sec total\n|\n|t:|1783566052\n|-terastallize|p1a: Hitmonlee|Fighting\n|move|p1a: Hitmonlee|High Jump Kick|p2a: Regirock\n|-supereffective|p2a: Regirock\n|-damage|p2a: Regirock|0 fnt\n|faint|p2a: Regirock\n|\n|upkeep\n|\n|t:|1783566053\n|switch|p2a: Alomomola|Alomomola, L87, M|78/100\n|-damage|p2a: Alomomola|66/100|[from] Spikes\n|turn|22\n|inactive|Time left: 300 sec this turn | 300 sec total\n|\n|t:|1783566054\n|-terastallize|p2a: Alomomola|Poison\n|move|p2a: Alomomola|Protect|p2a: Alomomola\n|-singleturn|p2a: Alomomola|Protect\n|move|p1a: Hitmonlee|High Jump Kick|p2a: Alomomola\n|-activate|p2a: Alomomola|move: Protect\n|-damage|p1a: Hitmonlee|112/223|[from] highjumpkick\n|\n|-heal|p2a: Alomomola|72/100|[from] item: Leftovers\n|upkeep\n|turn|23\n|inactive|Time left: 300 sec this turn | 300 sec total\n|\n|t:|1783566055\n|switch|p2a: Hydrapple|Hydrapple, L83, F|80/100\n|-damage|p2a: Hydrapple|67/100|[from] Spikes\n|move|p1a: Hitmonlee|High Jump Kick|p2a: Hydrapple\n|-damage|p2a: Hydrapple|0 fnt\n|faint|p2a: Hydrapple\n|\n|upkeep\n|\n|t:|1783566055\n|switch|p2a: Alomomola|Alomomola, L87, M, tera:Poison|100/100\n|-damage|p2a: Alomomola|88/100|[from] Spikes\n|turn|24\n|inactive|Time left: 300 sec this turn | 300 sec total\n|\n|t:|1783566056\n|move|p1a: Hitmonlee|High Jump Kick|p2a: Alomomola\n|-resisted|p2a: Alomomola\n|-damage|p2a: Alomomola|57/100\n|move|p2a: Alomomola|Flip Turn|p1a: Hitmonlee\n|-damage|p1a: Hitmonlee|30/223\n|\n|-heal|p2a: Alomomola|63/100|[from] item: Leftovers\n|upkeep\n|turn|25\n|inactive|Time left: 300 sec this turn | 300 sec total\n|\n|t:|1783566057\n|move|p2a: Alomomola|Protect|p2a: Alomomola\n|-singleturn|p2a: Alomomola|Protect\n|move|p1a: Hitmonlee|High Jump Kick|p2a: Alomomola\n|-activate|p2a: Alomomola|move: Protect\n|-damage|p1a: Hitmonlee|0 fnt|[from] highjumpkick\n|faint|p1a: Hitmonlee\n|\n|win|p0y224527ca", "uploadtime": 1783566057, "views": 0, "rating": 0, "private": 0, "password": null, "_winner": "p0y224527ca", "_our_name": "p0x22456d44"}