{"id": "battle-gen9randombattle-1300", "formatid": "gen9randombattle", "format": "[Gen 9] Random Battle", "players": ["p0x130080c1", "p0y1300879b"], "log": "|init|battle\n|title|p0x130080c1 vs. p0y1300879b\n|j|\u2606p0x130080c1\n|j|\u2606p0y1300879b\n|t:|1783554230\n|gametype|singles\n|player|p1|p0x130080c1|101|\n|player|p2|p0y1300879b|266|\n|gen|9\n|tier|[Gen 9] Random Battle\n|rule|Species Clause: Limit one of each Pok\u00e9mon\n|rule|HP Percentage Mod: HP is shown in percentages\n|rule|Sleep Clause Mod: Limit one foe put to sleep\n|rule|Illusion Level Mod: Illusion disguises the Pok\u00e9mon's true level\n|\n|t:|1783554230\n|teamsize|p1|6\n|teamsize|p2|6\n|start\n|switch|p1a: Muk|Muk-Alola, L82, M|306/306\n|switch|p2a: Dedenne|Dedenne, L88, F|100/100\n|turn|1\n|inactive|Battle timer is ON: inactive players will automatically lose when time's up. (requested by p0y1300879b)\n|inactive|Time left: 300 sec this turn | 300 sec total | 60 sec grace\n|\n|t:|1783554232\n|move|p2a: Dedenne|Super Fang|p1a: Muk\n|-damage|p1a: Muk|153/306\n|move|p1a: Muk|Poison Jab|p2a: Dedenne\n|-supereffective|p2a: Dedenne\n|-damage|p2a: Dedenne|15/100\n|-enditem|p2a: Dedenne|Sitrus Berry|[eat]\n|-heal|p2a: Dedenne|40/100|[from] item: Sitrus Berry\n|-heal|p2a: Dedenne|74/100|[from] ability: Cheek Pouch\n|\n|upkeep\n|turn|2\n|inactive|Time left: 300 sec this turn | 300 sec total\n|inactive|p0x130080c1 also wants the timer to be on.\n|\n|t:|1783554233\n|switch|p1a: Ursaluna|Ursaluna, L79, F|335/335\n|move|p2a: Dedenne|Nuzzle|p1a: Ursaluna\n|-immune|p1a: Ursaluna\n|\n|-status|p1a: Ursaluna|brn|[from] item: Flame Orb\n|upkeep\n|turn|3\n|inactive|Time left: 300 sec this turn | 300 sec total\n|\n|t:|1783554234\n|move|p2a: Dedenne|Super Fang|p1a: Ursaluna\n|-damage|p1a: Ursaluna|168/335 brn\n|move|p1a: Ursaluna|Facade|p2a: Dedenne\n|-damage|p2a: Dedenne|0 fnt\n|faint|p2a: Dedenne\n|\n|-damage|p1a: Ursaluna|148/335 brn|[from] brn\n|upkeep\n|\n|t:|1783554235\n|switch|p2a: Meowscarada|Meowscarada, L78, F|100/100\n|turn|4\n|inactive|Time left: 300 sec this turn | 300 sec total\n|\n|t:|1783554236\n|switch|p1a: Beartic|Beartic, L91, F|321/321\n|move|p2a: Meowscarada|Triple Axel|p1a: Beartic\n|-start|p2a: Meowscarada|typechange|Ice|[from] ability: Protean\n|-resisted|p1a: Beartic\n|-damage|p1a: Beartic|307/321\n|-resisted|p1a: Beartic\n|-damage|p1a: Beartic|280/321\n|-hitcount|p1a: Beartic|2\n|-damage|p2a: Meowscarada|91/100|[from] item: Life Orb\n|\n|upkeep\n|turn|5\n|inactive|Time left: 300 sec this turn | 300 sec total\n|\n|t:|1783554237\n|switch|p2a: Avalugg|Avalugg, L88, M|100/100\n|move|p1a: Beartic|Swords Dance|p1a: Beartic\n|-boost|p1a: Beartic|atk|2\n|\n|upkeep\n|turn|6\n|inactive|Time left: 300 sec this turn | 300 sec total\n|\n|t:|1783554237\n|move|p1a: Beartic|Icicle Crash|p2a: Avalugg\n|-resisted|p2a: Avalugg\n|-damage|p2a: Avalugg|78/100\n|move|p2a: Avalugg|Body Press|p1a: Beartic\n|-supereffective|p1a: Beartic\n|-damage|p1a: Beartic|78/321\n|\n|upkeep\n|turn|7\n|inactive|Time left: 300 sec this turn | 300 sec total\n|\n|t:|1783554238\n|move|p1a: Beartic|Icicle Crash|p2a: Avalugg\n|-resisted|p2a: Avalugg\n|-damage|p2a: Avalugg|55/100\n|move|p2a: Avalugg|Body Press|p1a: Beartic\n|-supereffective|p1a: Beartic\n|-damage|p1a: Beartic|0 fnt\n|faint|p1a: Beartic\n|\n|upkeep\n|inactive|Time left: 300 sec this turn | 300 sec total | 5 sec grace\n|\n|t:|1783554239\n|switch|p1a: Dudunsparce|Dudunsparce, L83, M|343/343\n|turn|8\n|inactive|Time left: 300 sec this turn | 300 sec total\n|\n|t:|1783554240\n|move|p1a: Dudunsparce|Boomburst|p2a: Avalugg\n|-damage|p2a: Avalugg|0 fnt\n|faint|p2a: Avalugg\n|\n|upkeep\n|\n|t:|1783554240\n|switch|p2a: Sylveon|Sylveon, L85, F|100/100\n|turn|9\n|inactive|Time left: 300 sec this turn | 300 sec total\n|\n|t:|1783554241\n|move|p2a: Sylveon|Calm Mind|p2a: Sylveon\n|-boost|p2a: Sylveon|spa|1\n|-boost|p2a: Sylveon|spd|1\n|move|p1a: Dudunsparce|Toxic|p2a: Sylveon\n|-status|p2a: Sylveon|tox\n|\n|-damage|p2a: Sylveon|94/100 tox|[from] psn\n|upkeep\n|turn|10\n|inactive|Time left: 300 sec this turn | 300 sec total\n|\n|t:|1783554242\n|move|p2a: Sylveon|Hyper Voice|p1a: Dudunsparce\n|-damage|p1a: Dudunsparce|111/343\n|move|p1a: Dudunsparce|Earthquake|p2a: Sylveon\n|-damage|p2a: Sylveon|67/100 tox\n|\n|-heal|p2a: Sylveon|73/100 tox|[from] item: Leftovers\n|-heal|p1a: Dudunsparce|132/343|[from] item: Leftovers\n|-damage|p2a: Sylveon|61/100 tox|[from] psn\n|upkeep\n|turn|11\n|inactive|Time left: 300 sec this turn | 300 sec total\n|\n|t:|1783554243\n|-terastallize|p1a: Dudunsparce|Poison\n|move|p2a: Sylveon|Hyper Voice|p1a: Dudunsparce\n|-resisted|p1a: Dudunsparce\n|-damage|p1a: Dudunsparce|24/343\n|move|p1a: Dudunsparce|Roost|p1a: Dudunsparce\n|-heal|p1a: Dudunsparce|196/343\n|\n|-heal|p2a: Sylveon|67/100 tox|[from] item: Leftovers\n|-heal|p1a: Dudunsparce|217/343|[from] item: Leftovers\n|-damage|p2a: Sylveon|49/100 tox|[from] psn\n|upkeep\n|turn|12\n|inactive|Time left: 300 sec this turn | 300 sec total\n|\n|t:|1783554244\n|move|p2a: Sylveon|Hyper Voice|p1a: Dudunsparce\n|-resisted|p1a: Dudunsparce\n|-damage|p1a: Dudunsparce|96/343\n|move|p1a: Dudunsparce|Roost|p1a: Dudunsparce\n|-heal|p1a: Dudunsparce|268/343\n|\n|-heal|p2a: Sylveon|55/100 tox|[from] item: Leftovers\n|-heal|p1a: Dudunsparce|289/343|[from] item: Leftovers\n|-damage|p2a: Sylveon|31/100 tox|[from] psn\n|upkeep\n|turn|13\n|inactive|Time left: 300 sec this turn | 300 sec total\n|\n|t:|1783554245\n|move|p2a: Sylveon|Hyper Voice|p1a: Dudunsparce\n|-resisted|p1a: Dudunsparce\n|-damage|p1a: Dudunsparce|187/343\n|move|p1a: Dudunsparce|Toxic|p2a: Sylveon\n|-fail|p2a: Sylveon|tox\n|\n|-heal|p2a: Sylveon|37/100 tox|[from] item: Leftovers\n|-heal|p1a: Dudunsparce|208/343|[from] item: Leftovers\n|-damage|p2a: Sylveon|7/100 tox|[from] psn\n|upkeep\n|turn|14\n|inactive|Time left: 300 sec this turn | 300 sec total\n|\n|t:|1783554246\n|move|p2a: Sylveon|Hyper Voice|p1a: Dudunsparce\n|-resisted|p1a: Dudunsparce\n|-damage|p1a: Dudunsparce|102/343\n|move|p1a: Dudunsparce|Roost|p1a: Dudunsparce\n|-heal|p1a: Dudunsparce|274/343\n|\n|-heal|p2a: Sylveon|13/100 tox|[from] item: Leftovers\n|-heal|p1a: Dudunsparce|295/343|[from] item: Leftovers\n|-damage|p2a: Sylveon|0 fnt|[from] psn\n|faint|p2a: Sylveon\n|upkeep\n|\n|t:|1783554247\n|switch|p2a: Toedscruel|Toedscruel, L87, M|100/100\n|turn|15\n|inactive|Time left: 300 sec this turn | 300 sec total\n|\n|t:|1783554248\n|switch|p1a: Decidueye|Decidueye-Hisui, L87, F|295/295\n|move|p2a: Toedscruel|Earth Power|p1a: Decidueye\n|-resisted|p1a: Decidueye\n|-damage|p1a: Decidueye|256/295\n|\n|-heal|p1a: Decidueye|274/295|[from] item: Leftovers\n|upkeep\n|turn|16\n|inactive|Time left: 300 sec this turn | 300 sec total\n|\n|t:|1783554250\n|switch|p2a: Lugia|Lugia, L73|100/100\n|move|p1a: Decidueye|Triple Arrows|p2a: Lugia\n|-resisted|p2a: Lugia\n|-damage|p2a: Lugia|96/100\n|\n|-heal|p1a: Decidueye|292/295|[from] item: Leftovers\n|upkeep\n|turn|17\n|inactive|Time left: 300 sec this turn | 300 sec total\n|\n|t:|1783554250\n|switch|p1a: Muk|Muk-Alola, L82, M|153/306\n|move|p2a: Lugia|Calm Mind|p2a: Lugia\n|-boost|p2a: Lugia|spa|1\n|-boost|p2a: Lugia|spd|1\n|\n|upkeep\n|turn|18\n|inactive|Time left: 300 sec this turn | 300 sec total\n|\n|t:|1783554252\n|move|p2a: Lugia|Aeroblast|p1a: Muk\n|-damage|p1a: Muk|84/306\n|move|p1a: Muk|Knock Off|p2a: Lugia\n|-supereffective|p2a: Lugia\n|-damage|p2a: Lugia|34/100\n|-enditem|p2a: Lugia|Heavy-Duty Boots|[from] move: Knock Off|[of] p1a: Muk\n|\n|upkeep\n|turn|19\n|inactive|Time left: 300 sec this turn | 300 sec total\n|\n|t:|1783554253\n|move|p2a: Lugia|Recover|p2a: Lugia\n|-heal|p2a: Lugia|84/100\n|move|p1a: Muk|Knock Off|p2a: Lugia\n|-supereffective|p2a: Lugia\n|-damage|p2a: Lugia|40/100\n|-status|p2a: Lugia|psn|[from] ability: Poison Touch|[of] p1a: Muk\n|\n|-damage|p2a: Lugia|28/100 psn|[from] psn\n|upkeep\n|turn|20\n|inactive|Time left: 300 sec this turn | 300 sec total\n|\n|t:|1783554254\n|move|p2a: Lugia|Recover|p2a: Lugia\n|-heal|p2a: Lugia|78/100 psn\n|move|p1a: Muk|Knock Off|p2a: Lugia\n|-supereffective|p2a: Lugia\n|-damage|p2a: Lugia|32/100 psn\n|\n|-damage|p2a: Lugia|20/100 psn|[from] psn\n|upkeep\n|turn|21\n|inactive|Time left: 300 sec this turn | 300 sec total\n|\n|t:|1783554255\n|move|p2a: Lugia|Recover|p2a: Lugia\n|-heal|p2a: Lugia|70/100 psn\n|move|p1a: Muk|Ice Punch|p2a: Lugia\n|-supereffective|p2a: Lugia\n|-damage|p2a: Lugia|39/100 psn\n|\n|-damage|p2a: Lugia|26/100 psn|[from] psn\n|upkeep\n|turn|22\n|inactive|Time left: 300 sec this turn | 300 sec total\n|\n|t:|1783554256\n|move|p2a: Lugia|Recover|p2a: Lugia\n|-heal|p2a: Lugia|76/100 psn\n|move|p1a: Muk|Knock Off|p2a: Lugia\n|-supereffective|p2a: Lugia\n|-damage|p2a: Lugia|32/100 psn\n|\n|-damage|p2a: Lugia|20/100 psn|[from] psn\n|upkeep\n|turn|23\n|inactive|Time left: 300 sec this turn | 300 sec total\n|\n|t:|1783554257\n|move|p2a: Lugia|Recover|p2a: Lugia\n|-heal|p2a: Lugia|70/100 psn\n|move|p1a: Muk|Knock Off|p2a: Lugia\n|-supereffective|p2a: Lugia\n|-damage|p2a: Lugia|28/100 psn\n|\n|-damage|p2a: Lugia|15/100 psn|[from] psn\n|upkeep\n|turn|24\n|inactive|Time left: 300 sec this turn | 300 sec total\n|\n|t:|1783554258\n|move|p2a: Lugia|Recover|p2a: Lugia\n|-heal|p2a: Lugia|66/100 psn\n|move|p1a: Muk|Knock Off|p2a: Lugia\n|-supereffective|p2a: Lugia\n|-damage|p2a: Lugia|20/100 psn\n|\n|-damage|p2a: Lugia|7/100 psn|[from] psn\n|upkeep\n|turn|25\n|inactive|Time left: 300 sec this turn | 300 sec total\n|\n|t:|1783554259\n|move|p2a: Lugia|Recover|p2a: Lugia\n|-heal|p2a: Lugia|58/100 psn\n|move|p1a: Muk|Ice Punch|p2a: Lugia\n|-supereffective|p2a: Lugia\n|-damage|p2a: Lugia|22/100 psn\n|\n|-damage|p2a: Lugia|10/100 psn|[from] psn\n|upkeep\n|turn|26\n|inactive|Time left: 300 sec this turn | 300 sec total\n|\n|t:|1783554260\n|move|p2a: Lugia|Recover|p2a: Lugia\n|-heal|p2a: Lugia|60/100 psn\n|move|p1a: Muk|Knock Off|p2a: Lugia\n|-supereffective|p2a: Lugia\n|-damage|p2a: Lugia|18/100 psn\n|\n|-damage|p2a: Lugia|5/100 psn|[from] psn\n|upkeep\n|turn|27\n|inactive|Time left: 300 sec this turn | 300 sec total\n|\n|t:|1783554261\n|move|p2a: Lugia|Aeroblast|p1a: Muk\n|-crit|p1a: Muk\n|-damage|p1a: Muk|0 fnt\n|faint|p1a: Muk\n|\n|-damage|p2a: Lugia|0 fnt|[from] psn\n|faint|p2a: Lugia\n|upkeep\n|inactive|Time left: 300 sec this turn | 300 sec total | 5 sec grace\n|\n|t:|1783554262\n|switch|p2a: Meowscarada|Meowscarada, L78, F|91/100\n|switch|p1a: Dudunsparce|Dudunsparce, L83, M, tera:Poison|295/343\n|turn|28\n|inactive|Time left: 300 sec this turn | 300 sec total\n|\n|t:|1783554263\n|move|p2a: Meowscarada|Triple Axel|p1a: Dudunsparce\n|-start|p2a: Meowscarada|typechange|Ice|[from] ability: Protean\n|-damage|p1a: Dudunsparce|264/343\n|-damage|p1a: Dudunsparce|200/343\n|-damage|p1a: Dudunsparce|109/343\n|-hitcount|p1a: Dudunsparce|3\n|-damage|p2a: Meowscarada|81/100|[from] item: Life Orb\n|move|p1a: Dudunsparce|Boomburst|p2a: Meowscarada\n|-damage|p2a: Meowscarada|7/100\n|\n|-heal|p1a: Dudunsparce|130/343|[from] item: Leftovers\n|upkeep\n|turn|29\n|inactive|Time left: 300 sec this turn | 300 sec total\n|\n|t:|1783554264\n|move|p2a: Meowscarada|Triple Axel|p1a: Dudunsparce\n|-damage|p1a: Dudunsparce|99/343\n|-damage|p1a: Dudunsparce|44/343\n|-damage|p1a: Dudunsparce|0 fnt\n|faint|p1a: Dudunsparce\n|-hitcount|p1: Dudunsparce|3\n|-damage|p2a: Meowscarada|0 fnt|[from] item: Life Orb\n|faint|p2a: Meowscarada\n|\n|upkeep\n|inactive|Time left: 300 sec this turn | 300 sec total | 5 sec grace\n|\n|t:|1783554265\n|switch|p2a: Toedscruel|Toedscruel, L87, M|100/100\n|switch|p1a: Scyther|Scyther, L82, M|249/249\n|turn|30\n|inactive|Time left: 300 sec this turn | 300 sec total\n|\n|t:|1783554266\n|move|p1a: Scyther|Dual Wingbeat|p2a: Toedscruel\n|-supereffective|p2a: Toedscruel\n|-damage|p2a: Toedscruel|44/100\n|-supereffective|p2a: Toedscruel\n|-damage|p2a: Toedscruel|0 fnt\n|faint|p2a: Toedscruel\n|-hitcount|p2: Toedscruel|2\n|\n|win|p0x130080c1", "uploadtime": 1783554266, "views": 0, "rating": 0, "private": 0, "password": null, "_winner": "p0x130080c1", "_our_name": "p0x130080c1"}