{"id": "battle-gen9randombattle-1406", "formatid": "gen9randombattle", "format": "[Gen 9] Random Battle", "players": ["p0x1406cfce", "p0y1406c2d8"], "log": "|init|battle\n|title|p0x1406cfce vs. p0y1406c2d8\n|j|\u2606p0x1406cfce\n|j|\u2606p0y1406c2d8\n|t:|1783555409\n|gametype|singles\n|player|p1|p0x1406cfce|102|\n|player|p2|p0y1406c2d8|170|\n|gen|9\n|tier|[Gen 9] Random Battle\n|rule|Species Clause: Limit one of each Pok\u00e9mon\n|rule|HP Percentage Mod: HP is shown in percentages\n|rule|Sleep Clause Mod: Limit one foe put to sleep\n|rule|Illusion Level Mod: Illusion disguises the Pok\u00e9mon's true level\n|\n|t:|1783555409\n|teamsize|p1|6\n|teamsize|p2|6\n|start\n|switch|p1a: Terrakion|Terrakion, L79|100/100\n|switch|p2a: Great Tusk|Great Tusk, L77|304/304\n|turn|1\n|inactive|Battle timer is ON: inactive players will automatically lose when time's up. (requested by p0x1406cfce)\n|inactive|Time left: 300 sec this turn | 300 sec total | 60 sec grace\n|inactive|p0y1406c2d8 also wants the timer to be on.\n|\n|t:|1783555411\n|switch|p1a: Vespiquen|Vespiquen, L99, F|100/100\n|-ability|p1a: Vespiquen|Pressure\n|move|p2a: Great Tusk|Close Combat|p1a: Vespiquen\n|-resisted|p1a: Vespiquen\n|-damage|p1a: Vespiquen|92/100\n|-unboost|p2a: Great Tusk|def|1\n|-unboost|p2a: Great Tusk|spd|1\n|\n|upkeep\n|turn|2\n|inactive|Time left: 300 sec this turn | 300 sec total\n|\n|t:|1783555412\n|-end|p2a: Great Tusk|Protosynthesis|[silent]\n|switch|p2a: Copperajah|Copperajah, L86, F|349/349\n|move|p1a: Vespiquen|Hurricane|p2a: Copperajah|[miss]\n|-miss|p1a: Vespiquen|p2a: Copperajah\n|\n|upkeep\n|turn|3\n|inactive|Time left: 300 sec this turn | 300 sec total\n|\n|t:|1783555413\n|switch|p1a: Necrozma|Necrozma-Dusk-Mane, L69|100/100\n|move|p2a: Copperajah|Heat Crash|p1a: Necrozma\n|-supereffective|p1a: Necrozma\n|-damage|p1a: Necrozma|53/100\n|-enditem|p1a: Necrozma|Weakness Policy\n|-boost|p1a: Necrozma|atk|2|[from] item: Weakness Policy\n|-boost|p1a: Necrozma|spa|2|[from] item: Weakness Policy\n|\n|upkeep\n|turn|4\n|inactive|Time left: 300 sec this turn | 300 sec total\n|\n|t:|1783555414\n|move|p1a: Necrozma|Morning Sun|p1a: Necrozma\n|-heal|p1a: Necrozma|100/100\n|move|p2a: Copperajah|Heat Crash|p1a: Necrozma\n|-supereffective|p1a: Necrozma\n|-damage|p1a: Necrozma|58/100\n|\n|upkeep\n|turn|5\n|inactive|Time left: 300 sec this turn | 300 sec total\n|\n|t:|1783555415\n|switch|p2a: Tauros|Tauros-Paldea-Combat, L82, M|257/257\n|-ability|p2a: Tauros|Intimidate|boost\n|-unboost|p1a: Necrozma|atk|1\n|move|p1a: Necrozma|Morning Sun|p1a: Necrozma\n|-heal|p1a: Necrozma|100/100\n|\n|upkeep\n|turn|6\n|inactive|Time left: 300 sec this turn | 300 sec total\n|\n|t:|1783555416\n|move|p2a: Tauros|Close Combat|p1a: Necrozma\n|-damage|p1a: Necrozma|23/100\n|-unboost|p2a: Tauros|def|1\n|-unboost|p2a: Tauros|spd|1\n|move|p1a: Necrozma|Dragon Dance|p1a: Necrozma\n|-boost|p1a: Necrozma|atk|1\n|-boost|p1a: Necrozma|spe|1\n|\n|upkeep\n|turn|7\n|inactive|Time left: 300 sec this turn | 300 sec total\n|\n|t:|1783555417\n|switch|p2a: Skarmory|Skarmory, L80, M|235/235\n|move|p1a: Necrozma|Sunsteel Strike|p2a: Skarmory\n|-resisted|p2a: Skarmory\n|-damage|p2a: Skarmory|164/235\n|\n|-heal|p2a: Skarmory|178/235|[from] item: Leftovers\n|upkeep\n|turn|8\n|inactive|Time left: 300 sec this turn | 300 sec total\n|\n|t:|1783555419\n|move|p1a: Necrozma|Morning Sun|p1a: Necrozma\n|-heal|p1a: Necrozma|73/100\n|move|p2a: Skarmory|Iron Defense|p2a: Skarmory\n|-boost|p2a: Skarmory|def|2\n|\n|-heal|p2a: Skarmory|192/235|[from] item: Leftovers\n|upkeep\n|turn|9\n|inactive|Time left: 300 sec this turn | 300 sec total\n|\n|t:|1783555419\n|move|p1a: Necrozma|Morning Sun|p1a: Necrozma\n|-heal|p1a: Necrozma|100/100\n|move|p2a: Skarmory|Body Press|p1a: Necrozma\n|-damage|p1a: Necrozma|46/100\n|\n|-heal|p2a: Skarmory|206/235|[from] item: Leftovers\n|upkeep\n|turn|10\n|inactive|Time left: 300 sec this turn | 300 sec total\n|\n|t:|1783555420\n|move|p1a: Necrozma|Morning Sun|p1a: Necrozma\n|-heal|p1a: Necrozma|96/100\n|move|p2a: Skarmory|Body Press|p1a: Necrozma\n|-damage|p1a: Necrozma|45/100\n|\n|-heal|p2a: Skarmory|220/235|[from] item: Leftovers\n|upkeep\n|turn|11\n|inactive|Time left: 300 sec this turn | 300 sec total\n|\n|t:|1783555421\n|move|p1a: Necrozma|Morning Sun|p1a: Necrozma\n|-heal|p1a: Necrozma|95/100\n|move|p2a: Skarmory|Body Press|p1a: Necrozma\n|-damage|p1a: Necrozma|40/100\n|\n|-heal|p2a: Skarmory|234/235|[from] item: Leftovers\n|upkeep\n|turn|12\n|inactive|Time left: 300 sec this turn | 300 sec total\n|\n|t:|1783555422\n|move|p1a: Necrozma|Morning Sun|p1a: Necrozma\n|-heal|p1a: Necrozma|90/100\n|move|p2a: Skarmory|Body Press|p1a: Necrozma\n|-damage|p1a: Necrozma|37/100\n|\n|-heal|p2a: Skarmory|235/235|[from] item: Leftovers\n|upkeep\n|turn|13\n|inactive|Time left: 300 sec this turn | 300 sec total\n|\n|t:|1783555423\n|move|p1a: Necrozma|Morning Sun|p1a: Necrozma\n|-heal|p1a: Necrozma|87/100\n|move|p2a: Skarmory|Body Press|p1a: Necrozma\n|-damage|p1a: Necrozma|34/100\n|\n|upkeep\n|turn|14\n|inactive|Time left: 300 sec this turn | 300 sec total\n|\n|t:|1783555424\n|switch|p1a: Vespiquen|Vespiquen, L99, F|92/100\n|-ability|p1a: Vespiquen|Pressure\n|move|p2a: Skarmory|Body Press|p1a: Vespiquen\n|-resisted|p1a: Vespiquen\n|-crit|p1a: Vespiquen\n|-damage|p1a: Vespiquen|78/100\n|\n|upkeep\n|turn|15\n|inactive|Time left: 300 sec this turn | 300 sec total\n|\n|t:|1783555425\n|move|p2a: Skarmory|Brave Bird|p1a: Vespiquen\n|-supereffective|p1a: Vespiquen\n|-damage|p1a: Vespiquen|26/100\n|-damage|p2a: Skarmory|184/235|[from] Recoil\n|move|p1a: Vespiquen|Roost|p1a: Vespiquen\n|-heal|p1a: Vespiquen|76/100\n|-singleturn|p1a: Vespiquen|move: Roost\n|\n|-heal|p2a: Skarmory|198/235|[from] item: Leftovers\n|upkeep\n|turn|16\n|inactive|Time left: 300 sec this turn | 300 sec total\n|\n|t:|1783555426\n|move|p2a: Skarmory|Brave Bird|p1a: Vespiquen\n|-supereffective|p1a: Vespiquen\n|-damage|p1a: Vespiquen|28/100\n|-damage|p2a: Skarmory|150/235|[from] Recoil\n|move|p1a: Vespiquen|Toxic Spikes|p2a: Skarmory\n|-sidestart|p2: p0y1406c2d8|move: Toxic Spikes\n|\n|-heal|p2a: Skarmory|164/235|[from] item: Leftovers\n|upkeep\n|turn|17\n|inactive|Time left: 300 sec this turn | 300 sec total\n|\n|t:|1783555427\n|move|p2a: Skarmory|Brave Bird|p1a: Vespiquen\n|-supereffective|p1a: Vespiquen\n|-damage|p1a: Vespiquen|0 fnt\n|faint|p1a: Vespiquen\n|-damage|p2a: Skarmory|137/235|[from] Recoil\n|\n|-heal|p2a: Skarmory|151/235|[from] item: Leftovers\n|upkeep\n|\n|t:|1783555428\n|switch|p1a: Regice|Regice, L88|100/100\n|turn|18\n|inactive|Time left: 300 sec this turn | 300 sec total\n|\n|t:|1783555429\n|-terastallize|p2a: Skarmory|Fighting\n|-terastallize|p1a: Regice|Electric\n|move|p2a: Skarmory|Body Press|p1a: Regice\n|-damage|p1a: Regice|33/100\n|move|p1a: Regice|Thunderbolt|p2a: Skarmory\n|-damage|p2a: Skarmory|19/235\n|\n|-heal|p2a: Skarmory|33/235|[from] item: Leftovers\n|upkeep\n|turn|19\n|inactive|Time left: 300 sec this turn | 300 sec total\n|\n|t:|1783555430\n|move|p2a: Skarmory|Body Press|p1a: Regice\n|-damage|p1a: Regice|0 fnt\n|faint|p1a: Regice\n|\n|-heal|p2a: Skarmory|47/235|[from] item: Leftovers\n|upkeep\n|\n|t:|1783555431\n|switch|p1a: Terrakion|Terrakion, L79|100/100\n|turn|20\n|inactive|Time left: 300 sec this turn | 300 sec total\n|\n|t:|1783555432\n|move|p1a: Terrakion|Close Combat|p2a: Skarmory\n|-damage|p2a: Skarmory|0 fnt\n|-unboost|p1a: Terrakion|def|1\n|-unboost|p1a: Terrakion|spd|1\n|faint|p2a: Skarmory\n|\n|upkeep\n|inactive|Time left: 300 sec this turn | 300 sec total | 5 sec grace\n|\n|t:|1783555433\n|switch|p2a: Tentacruel|Tentacruel, L84, M|272/272\n|-sideend|p2: p0y1406c2d8|move: Toxic Spikes|[of] p2a: Tentacruel\n|turn|21\n|inactive|Time left: 300 sec this turn | 300 sec total\n|\n|t:|1783555434\n|switch|p1a: Feraligatr|Feraligatr, L79, F|100/100\n|move|p2a: Tentacruel|Surf|p1a: Feraligatr\n|-resisted|p1a: Feraligatr\n|-damage|p1a: Feraligatr|83/100\n|\n|upkeep\n|turn|22\n|inactive|Time left: 300 sec this turn | 300 sec total\n|\n|t:|1783555436\n|move|p2a: Tentacruel|Toxic|p1a: Feraligatr\n|-status|p1a: Feraligatr|tox\n|move|p1a: Feraligatr|Dragon Dance|p1a: Feraligatr\n|-boost|p1a: Feraligatr|atk|1\n|-boost|p1a: Feraligatr|spe|1\n|\n|-damage|p1a: Feraligatr|77/100 tox|[from] psn\n|upkeep\n|turn|23\n|inactive|Time left: 300 sec this turn | 300 sec total\n|\n|t:|1783555437\n|move|p1a: Feraligatr|Liquidation|p2a: Tentacruel\n|-resisted|p2a: Tentacruel\n|-damage|p2a: Tentacruel|128/272\n|move|p2a: Tentacruel|Sludge Bomb|p1a: Feraligatr\n|-damage|p1a: Feraligatr|41/100 tox\n|\n|-heal|p2a: Tentacruel|145/272|[from] item: Leftovers\n|-damage|p1a: Feraligatr|29/100 tox|[from] psn\n|upkeep\n|turn|24\n|inactive|Time left: 300 sec this turn | 300 sec total\n|\n|t:|1783555438\n|switch|p2a: Tauros|Tauros-Paldea-Combat, L82, M|257/257\n|-ability|p2a: Tauros|Intimidate|boost\n|-unboost|p1a: Feraligatr|atk|1\n|move|p1a: Feraligatr|Liquidation|p2a: Tauros\n|-damage|p2a: Tauros|128/257\n|\n|-damage|p1a: Feraligatr|11/100 tox|[from] psn\n|upkeep\n|turn|25\n|inactive|Time left: 300 sec this turn | 300 sec total\n|\n|t:|1783555440\n|switch|p2a: Tentacruel|Tentacruel, L84, M|145/272\n|move|p1a: Feraligatr|Liquidation|p2a: Tentacruel\n|-resisted|p2a: Tentacruel\n|-damage|p2a: Tentacruel|55/272\n|\n|-heal|p2a: Tentacruel|72/272|[from] item: Leftovers\n|-damage|p1a: Feraligatr|0 fnt|[from] psn\n|faint|p1a: Feraligatr\n|upkeep\n|\n|t:|1783555441\n|switch|p1a: Terrakion|Terrakion, L79|100/100\n|turn|26\n|inactive|Time left: 300 sec this turn | 300 sec total\n|\n|t:|1783555442\n|switch|p2a: Golurk|Golurk, L87|297/297\n|move|p1a: Terrakion|Close Combat|p2a: Golurk\n|-immune|p2a: Golurk\n|\n|upkeep\n|turn|27\n|inactive|Time left: 300 sec this turn | 300 sec total\n|\n|t:|1783555443\n|switch|p1a: Necrozma|Necrozma-Dusk-Mane, L69|34/100\n|move|p2a: Golurk|Earthquake|p1a: Necrozma\n|-supereffective|p1a: Necrozma\n|-damage|p1a: Necrozma|0 fnt\n|faint|p1a: Necrozma\n|-damage|p2a: Golurk|268/297|[from] item: Life Orb\n|\n|upkeep\n|\n|t:|1783555444\n|switch|p1a: Avalugg|Avalugg-Hisui, L90, M|100/100\n|turn|28\n|inactive|Time left: 300 sec this turn | 300 sec total\n|\n|t:|1783555445\n|move|p2a: Golurk|Earthquake|p1a: Avalugg\n|-supereffective|p1a: Avalugg\n|-damage|p1a: Avalugg|41/100\n|-damage|p2a: Golurk|239/297|[from] item: Life Orb\n|move|p1a: Avalugg|Avalanche|p2a: Golurk\n|-supereffective|p2a: Golurk\n|-damage|p2a: Golurk|0 fnt\n|faint|p2a: Golurk\n|\n|upkeep\n|inactive|Time left: 300 sec this turn | 300 sec total | 5 sec grace\n|\n|t:|1783555446\n|switch|p2a: Great Tusk|Great Tusk, L77|304/304\n|turn|29\n|inactive|Time left: 300 sec this turn | 300 sec total\n|\n|t:|1783555447\n|switch|p1a: Terrakion|Terrakion, L79|100/100\n|move|p2a: Great Tusk|Headlong Rush|p1a: Terrakion\n|-supereffective|p1a: Terrakion\n|-damage|p1a: Terrakion|0 fnt\n|-unboost|p2a: Great Tusk|def|1\n|-unboost|p2a: Great Tusk|spd|1\n|faint|p1a: Terrakion\n|\n|upkeep\n|\n|t:|1783555448\n|switch|p1a: Avalugg|Avalugg-Hisui, L90, M|41/100\n|turn|30\n|inactive|Time left: 300 sec this turn | 300 sec total\n|\n|t:|1783555449\n|move|p2a: Great Tusk|Headlong Rush|p1a: Avalugg\n|-supereffective|p1a: Avalugg\n|-damage|p1a: Avalugg|0 fnt\n|-unboost|p2a: Great Tusk|def|1\n|-unboost|p2a: Great Tusk|spd|1\n|faint|p1a: Avalugg\n|\n|win|p0y1406c2d8", "uploadtime": 1783555449, "views": 0, "rating": 0, "private": 0, "password": null, "_winner": "p0y1406c2d8", "_our_name": "p0y1406c2d8"}