{"id": "battle-gen9randombattle-170", "formatid": "gen9randombattle", "format": "[Gen 9] Random Battle", "players": ["p0x1705c51", "p0y1709a3f"], "log": "|init|battle\n|title|p0x1705c51 vs. p0y1709a3f\n|j|\u2606p0x1705c51\n|j|\u2606p0y1709a3f\n|t:|1783535200\n|gametype|singles\n|player|p1|p0x1705c51|101|\n|player|p2|p0y1709a3f|266|\n|gen|9\n|tier|[Gen 9] Random Battle\n|rule|Species Clause: Limit one of each Pok\u00e9mon\n|rule|HP Percentage Mod: HP is shown in percentages\n|rule|Sleep Clause Mod: Limit one foe put to sleep\n|rule|Illusion Level Mod: Illusion disguises the Pok\u00e9mon's true level\n|\n|t:|1783535200\n|teamsize|p1|6\n|teamsize|p2|6\n|start\n|switch|p1a: Maushold|Maushold, L76|100/100\n|switch|p2a: Ribombee|Ribombee, L83, F|235/235\n|turn|1\n|inactive|Battle timer is ON: inactive players will automatically lose when time's up. (requested by p0x1705c51)\n|inactive|Time left: 300 sec this turn | 300 sec total | 60 sec grace\n|inactive|p0y1709a3f also wants the timer to be on.\n|\n|t:|1783535201\n|switch|p2a: Drednaw|Drednaw, L81, M|278/278\n|move|p1a: Maushold|Population Bomb|p2a: Drednaw\n|-resisted|p2a: Drednaw\n|-damage|p2a: Drednaw|268/278\n|-resisted|p2a: Drednaw\n|-damage|p2a: Drednaw|256/278\n|-resisted|p2a: Drednaw\n|-damage|p2a: Drednaw|245/278\n|-resisted|p2a: Drednaw\n|-damage|p2a: Drednaw|234/278\n|-resisted|p2a: Drednaw\n|-damage|p2a: Drednaw|222/278\n|-resisted|p2a: Drednaw\n|-damage|p2a: Drednaw|212/278\n|-resisted|p2a: Drednaw\n|-damage|p2a: Drednaw|202/278\n|-resisted|p2a: Drednaw\n|-damage|p2a: Drednaw|190/278\n|-resisted|p2a: Drednaw\n|-damage|p2a: Drednaw|178/278\n|-resisted|p2a: Drednaw\n|-damage|p2a: Drednaw|166/278\n|-hitcount|p2a: Drednaw|10\n|\n|upkeep\n|turn|2\n|inactive|Time left: 300 sec this turn | 300 sec total\n|\n|t:|1783535202\n|switch|p1a: Mabosstiff|Mabosstiff, L86, F|100/100\n|move|p2a: Drednaw|Shell Smash|p2a: Drednaw\n|-unboost|p2a: Drednaw|def|1\n|-unboost|p2a: Drednaw|spd|1\n|-boost|p2a: Drednaw|atk|2\n|-boost|p2a: Drednaw|spa|2\n|-boost|p2a: Drednaw|spe|2\n|-enditem|p2a: Drednaw|White Herb\n|-clearnegativeboost|p2a: Drednaw|[silent]\n|\n|upkeep\n|turn|3\n|inactive|Time left: 300 sec this turn | 300 sec total\n|\n|t:|1783535203\n|move|p2a: Drednaw|Stone Edge|p1a: Mabosstiff\n|-damage|p1a: Mabosstiff|20/100\n|move|p1a: Mabosstiff|Wild Charge|p2a: Drednaw\n|-supereffective|p2a: Drednaw\n|-damage|p2a: Drednaw|0 fnt\n|faint|p2a: Drednaw\n|-damage|p1a: Mabosstiff|4/100|[from] Recoil\n|\n|upkeep\n|inactive|Time left: 300 sec this turn | 300 sec total | 5 sec grace\n|\n|t:|1783535204\n|switch|p2a: Ribombee|Ribombee, L83, F|235/235\n|turn|4\n|inactive|Time left: 300 sec this turn | 300 sec total\n|\n|t:|1783535205\n|move|p2a: Ribombee|Quiver Dance|p2a: Ribombee\n|-boost|p2a: Ribombee|spa|1\n|-boost|p2a: Ribombee|spd|1\n|-boost|p2a: Ribombee|spe|1\n|move|p1a: Mabosstiff|Wild Charge|p2a: Ribombee\n|-damage|p2a: Ribombee|85/235\n|-damage|p1a: Mabosstiff|0 fnt|[from] Recoil\n|faint|p1a: Mabosstiff\n|\n|upkeep\n|\n|t:|1783535206\n|switch|p1a: Toucannon|Toucannon, L88, F|100/100\n|turn|5\n|inactive|Time left: 300 sec this turn | 300 sec total\n|\n|t:|1783535207\n|-singleturn|p1a: Toucannon|move: Beak Blast\n|move|p2a: Ribombee|Moonblast|p1a: Toucannon\n|-damage|p1a: Toucannon|44/100\n|move|p1a: Toucannon|Beak Blast|p2a: Ribombee\n|-supereffective|p2a: Ribombee\n|-damage|p2a: Ribombee|0 fnt\n|faint|p2a: Ribombee\n|\n|upkeep\n|inactive|Time left: 300 sec this turn | 300 sec total | 5 sec grace\n|\n|t:|1783535208\n|switch|p2a: Charizard|Charizard, L85, M|271/271\n|turn|6\n|inactive|Time left: 300 sec this turn | 300 sec total\n|\n|t:|1783535209\n|move|p2a: Charizard|Hurricane|p1a: Toucannon|[miss]\n|-miss|p2a: Charizard|p1a: Toucannon\n|move|p1a: Toucannon|Boomburst|p2a: Charizard\n|-damage|p2a: Charizard|145/271\n|\n|upkeep\n|turn|7\n|inactive|Time left: 300 sec this turn | 300 sec total\n|\n|t:|1783535210\n|-singleturn|p1a: Toucannon|move: Beak Blast\n|move|p2a: Charizard|Hurricane|p1a: Toucannon\n|-damage|p1a: Toucannon|0 fnt\n|faint|p1a: Toucannon\n|\n|upkeep\n|\n|t:|1783535212\n|switch|p1a: Houndstone|Houndstone, L86, F|100/100\n|turn|8\n|inactive|Time left: 300 sec this turn | 300 sec total\n|\n|t:|1783535213\n|move|p2a: Charizard|Flamethrower|p1a: Houndstone\n|-damage|p1a: Houndstone|48/100\n|move|p1a: Houndstone|Poltergeist|p2a: Charizard\n|-activate|p2a: Charizard|move: Poltergeist|Heavy-Duty Boots\n|-damage|p2a: Charizard|9/271\n|\n|upkeep\n|turn|9\n|inactive|Time left: 300 sec this turn | 300 sec total\n|\n|t:|1783535214\n|move|p1a: Houndstone|Shadow Sneak|p2a: Charizard\n|-damage|p2a: Charizard|0 fnt\n|faint|p2a: Charizard\n|\n|upkeep\n|inactive|Time left: 300 sec this turn | 300 sec total | 5 sec grace\n|\n|t:|1783535215\n|switch|p2a: Wigglytuff|Wigglytuff, L96, F|424/424\n|turn|10\n|inactive|Time left: 300 sec this turn | 300 sec total\n|\n|t:|1783535216\n|move|p1a: Houndstone|Play Rough|p2a: Wigglytuff\n|-damage|p2a: Wigglytuff|336/424\n|-unboost|p2a: Wigglytuff|atk|1\n|-ability|p2a: Wigglytuff|Competitive|boost\n|-boost|p2a: Wigglytuff|spa|2\n|move|p2a: Wigglytuff|Fire Blast|p1a: Houndstone\n|-damage|p1a: Houndstone|0 fnt\n|faint|p1a: Houndstone\n|\n|-heal|p2a: Wigglytuff|362/424|[from] item: Leftovers\n|upkeep\n|\n|t:|1783535217\n|switch|p1a: Maushold|Maushold, L76|100/100\n|turn|11\n|inactive|Time left: 300 sec this turn | 300 sec total\n|\n|t:|1783535218\n|-terastallize|p1a: Maushold|Normal\n|move|p1a: Maushold|Population Bomb|p2a: Wigglytuff\n|-damage|p2a: Wigglytuff|320/424\n|-damage|p2a: Wigglytuff|276/424\n|-damage|p2a: Wigglytuff|234/424\n|-damage|p2a: Wigglytuff|194/424\n|-damage|p2a: Wigglytuff|154/424\n|-damage|p2a: Wigglytuff|116/424\n|-damage|p2a: Wigglytuff|72/424\n|-damage|p2a: Wigglytuff|30/424\n|-damage|p2a: Wigglytuff|0 fnt\n|faint|p2a: Wigglytuff\n|-hitcount|p2: Wigglytuff|9\n|\n|upkeep\n|inactive|Time left: 300 sec this turn | 300 sec total | 5 sec grace\n|\n|t:|1783535219\n|switch|p2a: Dragapult|Dragapult, L77, F|262/262\n|turn|12\n|inactive|Time left: 300 sec this turn | 300 sec total\n|\n|t:|1783535220\n|move|p2a: Dragapult|Dragon Darts|p1a: Maushold\n|-damage|p1a: Maushold|74/100\n|-anim|p2a: Dragapult|Dragon Darts|p1a: Maushold\n|-damage|p1a: Maushold|45/100\n|move|p1a: Maushold|Tidy Up|p1a: Maushold\n|-boost|p1a: Maushold|atk|1\n|-boost|p1a: Maushold|spe|1\n|\n|upkeep\n|turn|13\n|inactive|Time left: 300 sec this turn | 300 sec total\n|\n|t:|1783535221\n|move|p1a: Maushold|Bite|p2a: Dragapult\n|-supereffective|p2a: Dragapult\n|-damage|p2a: Dragapult|112/262\n|move|p2a: Dragapult|Dragon Darts|p1a: Maushold\n|-damage|p1a: Maushold|15/100\n|-anim|p2a: Dragapult|Dragon Darts|p1a: Maushold\n|-crit|p1a: Maushold\n|-damage|p1a: Maushold|0 fnt\n|faint|p1a: Maushold\n|\n|upkeep\n|\n|t:|1783535222\n|switch|p1a: Meganium|Meganium, L90, M|100/100\n|turn|14\n|inactive|Time left: 300 sec this turn | 300 sec total\n|\n|t:|1783535223\n|move|p2a: Dragapult|Will-O-Wisp|p1a: Meganium\n|-status|p1a: Meganium|brn\n|move|p1a: Meganium|Knock Off|p2a: Dragapult\n|-supereffective|p2a: Dragapult\n|-damage|p2a: Dragapult|24/262\n|-enditem|p2a: Dragapult|Heavy-Duty Boots|[from] move: Knock Off|[of] p1a: Meganium\n|\n|-damage|p1a: Meganium|94/100 brn|[from] brn\n|upkeep\n|turn|15\n|inactive|Time left: 300 sec this turn | 300 sec total\n|\n|t:|1783535225\n|move|p2a: Dragapult|Hex|p1a: Meganium\n|-damage|p1a: Meganium|58/100 brn\n|move|p1a: Meganium|Knock Off|p2a: Dragapult\n|-supereffective|p2a: Dragapult\n|-damage|p2a: Dragapult|0 fnt\n|faint|p2a: Dragapult\n|\n|-heal|p1a: Meganium|64/100 brn|[from] item: Leftovers\n|-damage|p1a: Meganium|58/100 brn|[from] brn\n|upkeep\n|inactive|Time left: 300 sec this turn | 300 sec total | 5 sec grace\n|\n|t:|1783535226\n|switch|p2a: Jirachi|Jirachi, L80|291/291\n|turn|16\n|inactive|Time left: 300 sec this turn | 300 sec total\n|\n|t:|1783535227\n|move|p2a: Jirachi|Iron Head|p1a: Meganium\n|-damage|p1a: Meganium|33/100 brn\n|cant|p1a: Meganium|flinch\n|\n|-heal|p1a: Meganium|39/100 brn|[from] item: Leftovers\n|-damage|p1a: Meganium|33/100 brn|[from] brn\n|upkeep\n|turn|17\n|inactive|Time left: 300 sec this turn | 300 sec total\n|\n|t:|1783535228\n|move|p2a: Jirachi|Iron Head|p1a: Meganium\n|-damage|p1a: Meganium|9/100 brn\n|cant|p1a: Meganium|flinch\n|\n|-heal|p1a: Meganium|15/100 brn|[from] item: Leftovers\n|-damage|p1a: Meganium|9/100 brn|[from] brn\n|upkeep\n|turn|18\n|inactive|Time left: 300 sec this turn | 300 sec total\n|\n|t:|1783535229\n|switch|p1a: Skarmory|Skarmory, L80, M|100/100\n|move|p2a: Jirachi|Psychic|p1a: Skarmory\n|-resisted|p1a: Skarmory\n|-damage|p1a: Skarmory|76/100\n|\n|upkeep\n|turn|19\n|inactive|Time left: 300 sec this turn | 300 sec total\n|\n|t:|1783535230\n|move|p2a: Jirachi|Psychic|p1a: Skarmory\n|-resisted|p1a: Skarmory\n|-damage|p1a: Skarmory|53/100\n|move|p1a: Skarmory|Roost|p1a: Skarmory\n|-heal|p1a: Skarmory|100/100\n|-singleturn|p1a: Skarmory|move: Roost\n|\n|upkeep\n|turn|20\n|inactive|Time left: 300 sec this turn | 300 sec total\n|\n|t:|1783535231\n|move|p2a: Jirachi|Psychic|p1a: Skarmory\n|-resisted|p1a: Skarmory\n|-damage|p1a: Skarmory|76/100\n|move|p1a: Skarmory|Body Press|p2a: Jirachi\n|-damage|p2a: Jirachi|224/291\n|\n|-heal|p2a: Jirachi|242/291|[from] item: Leftovers\n|upkeep\n|turn|21\n|inactive|Time left: 300 sec this turn | 300 sec total\n|\n|t:|1783535232\n|move|p2a: Jirachi|Psychic|p1a: Skarmory\n|-resisted|p1a: Skarmory\n|-damage|p1a: Skarmory|54/100\n|move|p1a: Skarmory|Roost|p1a: Skarmory\n|-heal|p1a: Skarmory|100/100\n|-singleturn|p1a: Skarmory|move: Roost\n|\n|-heal|p2a: Jirachi|260/291|[from] item: Leftovers\n|upkeep\n|turn|22\n|inactive|Time left: 300 sec this turn | 300 sec total\n|\n|t:|1783535233\n|move|p2a: Jirachi|Psychic|p1a: Skarmory\n|-resisted|p1a: Skarmory\n|-crit|p1a: Skarmory\n|-damage|p1a: Skarmory|66/100\n|move|p1a: Skarmory|Stealth Rock|p2a: Jirachi\n|-sidestart|p2: p0y1709a3f|move: Stealth Rock\n|\n|-heal|p2a: Jirachi|278/291|[from] item: Leftovers\n|upkeep\n|turn|23\n|inactive|Time left: 300 sec this turn | 300 sec total\n|\n|t:|1783535234\n|move|p2a: Jirachi|Psychic|p1a: Skarmory\n|-resisted|p1a: Skarmory\n|-damage|p1a: Skarmory|44/100\n|move|p1a: Skarmory|Roost|p1a: Skarmory\n|-heal|p1a: Skarmory|94/100\n|-singleturn|p1a: Skarmory|move: Roost\n|\n|-heal|p2a: Jirachi|291/291|[from] item: Leftovers\n|upkeep\n|turn|24\n|inactive|Time left: 300 sec this turn | 300 sec total\n|\n|t:|1783535235\n|move|p2a: Jirachi|Psychic|p1a: Skarmory\n|-resisted|p1a: Skarmory\n|-damage|p1a: Skarmory|72/100\n|move|p1a: Skarmory|Roost|p1a: Skarmory\n|-heal|p1a: Skarmory|100/100\n|-singleturn|p1a: Skarmory|move: Roost\n|\n|upkeep\n|turn|25\n|inactive|Time left: 300 sec this turn | 300 sec total\n|\n|t:|1783535236\n|move|p2a: Jirachi|Psychic|p1a: Skarmory\n|-resisted|p1a: Skarmory\n|-damage|p1a: Skarmory|79/100\n|move|p1a: Skarmory|Roost|p1a: Skarmory\n|-heal|p1a: Skarmory|100/100\n|-singleturn|p1a: Skarmory|move: Roost\n|\n|upkeep\n|turn|26\n|inactive|Time left: 300 sec this turn | 300 sec total\n|\n|t:|1783535237\n|move|p2a: Jirachi|Psychic|p1a: Skarmory\n|-resisted|p1a: Skarmory\n|-damage|p1a: Skarmory|78/100\n|move|p1a: Skarmory|Roost|p1a: Skarmory\n|-heal|p1a: Skarmory|100/100\n|-singleturn|p1a: Skarmory|move: Roost\n|\n|upkeep\n|turn|27\n|inactive|Time left: 300 sec this turn | 300 sec total\n|\n|t:|1783535238\n|move|p2a: Jirachi|Psychic|p1a: Skarmory\n|-resisted|p1a: Skarmory\n|-damage|p1a: Skarmory|75/100\n|move|p1a: Skarmory|Body Press|p2a: Jirachi\n|-damage|p2a: Jirachi|229/291\n|\n|-heal|p2a: Jirachi|247/291|[from] item: Leftovers\n|upkeep\n|turn|28\n|inactive|Time left: 300 sec this turn | 300 sec total\n|\n|t:|1783535239\n|move|p2a: Jirachi|Psychic|p1a: Skarmory\n|-resisted|p1a: Skarmory\n|-damage|p1a: Skarmory|51/100\n|move|p1a: Skarmory|Roost|p1a: Skarmory\n|-heal|p1a: Skarmory|100/100\n|-singleturn|p1a: Skarmory|move: Roost\n|\n|-heal|p2a: Jirachi|265/291|[from] item: Leftovers\n|upkeep\n|turn|29\n|inactive|Time left: 300 sec this turn | 300 sec total\n|\n|t:|1783535240\n|move|p2a: Jirachi|Psychic|p1a: Skarmory\n|-resisted|p1a: Skarmory\n|-damage|p1a: Skarmory|76/100\n|move|p1a: Skarmory|Body Press|p2a: Jirachi\n|-damage|p2a: Jirachi|198/291\n|\n|-heal|p2a: Jirachi|216/291|[from] item: Leftovers\n|upkeep\n|turn|30\n|inactive|Time left: 300 sec this turn | 300 sec total\n|\n|t:|1783535241\n|move|p2a: Jirachi|Wish|p2a: Jirachi\n|move|p1a: Skarmory|Roost|p1a: Skarmory\n|-heal|p1a: Skarmory|100/100\n|-singleturn|p1a: Skarmory|move: Roost\n|\n|-heal|p2a: Jirachi|234/291|[from] item: Leftovers\n|upkeep\n|turn|31\n|inactive|Time left: 300 sec this turn | 300 sec total\n|\n|t:|1783535242\n|move|p2a: Jirachi|Psychic|p1a: Skarmory\n|-resisted|p1a: Skarmory\n|-damage|p1a: Skarmory|78/100\n|-unboost|p1a: Skarmory|spd|1\n|move|p1a: Skarmory|Body Press|p2a: Jirachi\n|-damage|p2a: Jirachi|170/291\n|\n|-heal|p2a: Jirachi|291/291|[from] move: Wish|[wisher] Jirachi\n|upkeep\n|turn|32\n|inactive|Time left: 300 sec this turn | 300 sec total\n|\n|t:|1783535243\n|switch|p1a: Meganium|Meganium, L90, M|9/100 brn\n|move|p2a: Jirachi|Psychic|p1a: Meganium\n|-damage|p1a: Meganium|0 fnt\n|faint|p1a: Meganium\n|\n|upkeep\n|\n|t:|1783535244\n|switch|p1a: Skarmory|Skarmory, L80, M|78/100\n|turn|33\n|inactive|Time left: 300 sec this turn | 300 sec total\n|\n|t:|1783535245\n|move|p2a: Jirachi|Psychic|p1a: Skarmory\n|-resisted|p1a: Skarmory\n|-damage|p1a: Skarmory|53/100\n|-unboost|p1a: Skarmory|spd|1\n|move|p1a: Skarmory|Body Press|p2a: Jirachi\n|-damage|p2a: Jirachi|221/291\n|\n|-heal|p2a: Jirachi|239/291|[from] item: Leftovers\n|upkeep\n|turn|34\n|inactive|Time left: 300 sec this turn | 300 sec total\n|\n|t:|1783535246\n|-terastallize|p2a: Jirachi|Water\n|move|p2a: Jirachi|Psychic|p1a: Skarmory\n|-resisted|p1a: Skarmory\n|-damage|p1a: Skarmory|20/100\n|move|p1a: Skarmory|Body Press|p2a: Jirachi\n|-damage|p2a: Jirachi|169/291\n|\n|-heal|p2a: Jirachi|187/291|[from] item: Leftovers\n|upkeep\n|turn|35\n|inactive|Time left: 300 sec this turn | 300 sec total\n|\n|t:|1783535248\n|move|p2a: Jirachi|Iron Head|p1a: Skarmory\n|-resisted|p1a: Skarmory\n|-damage|p1a: Skarmory|8/100\n|-damage|p2a: Jirachi|139/291|[from] item: Rocky Helmet|[of] p1a: Skarmory\n|cant|p1a: Skarmory|flinch\n|\n|-heal|p2a: Jirachi|157/291|[from] item: Leftovers\n|upkeep\n|turn|36\n|inactive|Time left: 300 sec this turn | 300 sec total\n|\n|t:|1783535249\n|move|p2a: Jirachi|Iron Head|p1a: Skarmory\n|-resisted|p1a: Skarmory\n|-damage|p1a: Skarmory|0 fnt\n|-damage|p2a: Jirachi|109/291|[from] item: Rocky Helmet|[of] p1a: Skarmory\n|faint|p1a: Skarmory\n|\n|win|p0y1709a3f", "uploadtime": 1783535249, "views": 0, "rating": 0, "private": 0, "password": null, "_winner": "p0y1709a3f", "_our_name": "p0y1709a3f"}