{"id": "battle-gen9randombattle-160", "formatid": "gen9randombattle", "format": "[Gen 9] Random Battle", "players": ["p0x1602762", "p0y16054b4"], "log": "|init|battle\n|title|p0x1602762 vs. p0y16054b4\n|j|\u2606p0x1602762\n|j|\u2606p0y16054b4\n|t:|1783540990\n|gametype|singles\n|player|p1|p0x1602762|265|\n|player|p2|p0y16054b4|2|\n|gen|9\n|tier|[Gen 9] Random Battle\n|rule|Species Clause: Limit one of each Pok\u00e9mon\n|rule|HP Percentage Mod: HP is shown in percentages\n|rule|Sleep Clause Mod: Limit one foe put to sleep\n|rule|Illusion Level Mod: Illusion disguises the Pok\u00e9mon's true level\n|\n|t:|1783540990\n|teamsize|p1|6\n|teamsize|p2|6\n|start\n|switch|p1a: Meowscarada|Meowscarada, L78, F|247/247\n|switch|p2a: Iron Valiant|Iron Valiant, L78|100/100\n|turn|1\n|inactive|Battle timer is ON: inactive players will automatically lose when time's up. (requested by p0y16054b4)\n|inactive|Time left: 300 sec this turn | 300 sec total | 60 sec grace\n|inactive|p0x1602762 also wants the timer to be on.\n|\n|t:|1783540992\n|move|p1a: Meowscarada|Triple Axel|p2a: Iron Valiant\n|-start|p1a: Meowscarada|typechange|Ice|[from] ability: Protean\n|-crit|p2a: Iron Valiant\n|-damage|p2a: Iron Valiant|81/100\n|-damage|p2a: Iron Valiant|52/100\n|-crit|p2a: Iron Valiant\n|-damage|p2a: Iron Valiant|0 fnt\n|faint|p2a: Iron Valiant\n|-end|p2a: Iron Valiant|Quark Drive|[silent]\n|-hitcount|p2: Iron Valiant|3\n|\n|upkeep\n|\n|t:|1783540993\n|switch|p2a: Perrserker|Perrserker, L89, F|100/100\n|turn|2\n|inactive|Time left: 300 sec this turn | 300 sec total\n|\n|t:|1783540994\n|switch|p1a: Kilowattrel|Kilowattrel, L83, M|252/252\n|move|p2a: Perrserker|Knock Off|p1a: Kilowattrel\n|-damage|p1a: Kilowattrel|48/252\n|-enditem|p1a: Kilowattrel|Heavy-Duty Boots|[from] move: Knock Off|[of] p2a: Perrserker\n|\n|upkeep\n|turn|3\n|inactive|Time left: 300 sec this turn | 300 sec total\n|\n|t:|1783540995\n|move|p1a: Kilowattrel|Discharge|p2a: Perrserker\n|-damage|p2a: Perrserker|60/100\n|move|p2a: Perrserker|Knock Off|p1a: Kilowattrel\n|-damage|p1a: Kilowattrel|0 fnt\n|faint|p1a: Kilowattrel\n|\n|upkeep\n|inactive|Time left: 300 sec this turn | 300 sec total | 5 sec grace\n|\n|t:|1783540996\n|switch|p1a: Beartic|Beartic, L91, F|321/321\n|turn|4\n|inactive|Time left: 300 sec this turn | 300 sec total\n|\n|t:|1783540997\n|switch|p2a: Chimecho|Chimecho, L93, M|100/100\n|move|p1a: Beartic|Earthquake|p2a: Chimecho\n|-immune|p2a: Chimecho|[from] ability: Levitate\n|\n|upkeep\n|turn|5\n|inactive|Time left: 300 sec this turn | 300 sec total\n|\n|t:|1783540998\n|move|p2a: Chimecho|Cosmic Power|p2a: Chimecho\n|-boost|p2a: Chimecho|def|1\n|-boost|p2a: Chimecho|spd|1\n|move|p1a: Beartic|Swords Dance|p1a: Beartic\n|-boost|p1a: Beartic|atk|2\n|\n|upkeep\n|turn|6\n|inactive|Time left: 300 sec this turn | 300 sec total\n|\n|t:|1783540999\n|move|p2a: Chimecho|Cosmic Power|p2a: Chimecho\n|-boost|p2a: Chimecho|def|1\n|-boost|p2a: Chimecho|spd|1\n|move|p1a: Beartic|Icicle Crash|p2a: Chimecho\n|-damage|p2a: Chimecho|58/100\n|\n|-heal|p2a: Chimecho|64/100|[from] item: Leftovers\n|upkeep\n|turn|7\n|inactive|Time left: 300 sec this turn | 300 sec total\n|\n|t:|1783541001\n|move|p2a: Chimecho|Stored Power|p1a: Beartic\n|-damage|p1a: Beartic|183/321\n|move|p1a: Beartic|Icicle Crash|p2a: Chimecho\n|-damage|p2a: Chimecho|17/100\n|\n|-heal|p2a: Chimecho|23/100|[from] item: Leftovers\n|upkeep\n|turn|8\n|inactive|Time left: 300 sec this turn | 300 sec total\n|\n|t:|1783541002\n|move|p2a: Chimecho|Recover|p2a: Chimecho\n|-heal|p2a: Chimecho|73/100\n|move|p1a: Beartic|Icicle Crash|p2a: Chimecho\n|-damage|p2a: Chimecho|32/100\n|\n|-heal|p2a: Chimecho|38/100|[from] item: Leftovers\n|upkeep\n|turn|9\n|inactive|Time left: 300 sec this turn | 300 sec total\n|\n|t:|1783541003\n|move|p2a: Chimecho|Recover|p2a: Chimecho\n|-heal|p2a: Chimecho|88/100\n|move|p1a: Beartic|Icicle Crash|p2a: Chimecho\n|-damage|p2a: Chimecho|44/100\n|\n|-heal|p2a: Chimecho|50/100|[from] item: Leftovers\n|upkeep\n|turn|10\n|inactive|Time left: 300 sec this turn | 300 sec total\n|\n|t:|1783541005\n|move|p2a: Chimecho|Stored Power|p1a: Beartic\n|-damage|p1a: Beartic|44/321\n|move|p1a: Beartic|Icicle Crash|p2a: Chimecho\n|-damage|p2a: Chimecho|6/100\n|\n|-heal|p2a: Chimecho|13/100|[from] item: Leftovers\n|upkeep\n|turn|11\n|inactive|Time left: 300 sec this turn | 300 sec total\n|\n|t:|1783541006\n|move|p2a: Chimecho|Recover|p2a: Chimecho\n|-heal|p2a: Chimecho|63/100\n|move|p1a: Beartic|Icicle Crash|p2a: Chimecho\n|-damage|p2a: Chimecho|18/100\n|\n|-heal|p2a: Chimecho|24/100|[from] item: Leftovers\n|upkeep\n|turn|12\n|inactive|Time left: 300 sec this turn | 300 sec total\n|\n|t:|1783541007\n|switch|p1a: Meowscarada|Meowscarada, L78, F|247/247\n|move|p2a: Chimecho|Dazzling Gleam|p1a: Meowscarada\n|-supereffective|p1a: Meowscarada\n|-damage|p1a: Meowscarada|63/247\n|\n|-heal|p2a: Chimecho|30/100|[from] item: Leftovers\n|upkeep\n|turn|13\n|inactive|Time left: 300 sec this turn | 300 sec total\n|\n|t:|1783541009\n|-terastallize|p1a: Meowscarada|Grass\n|-terastallize|p2a: Chimecho|Steel\n|move|p1a: Meowscarada|Flower Trick|p2a: Chimecho\n|-resisted|p2a: Chimecho\n|-crit|p2a: Chimecho\n|-damage|p2a: Chimecho|0 fnt\n|faint|p2a: Chimecho\n|\n|upkeep\n|\n|t:|1783541010\n|switch|p2a: Okidogi|Okidogi, L77, M|100/100\n|turn|14\n|inactive|Time left: 300 sec this turn | 300 sec total\n|\n|t:|1783541011\n|move|p1a: Meowscarada|Flower Trick|p2a: Okidogi\n|-resisted|p2a: Okidogi\n|-crit|p2a: Okidogi\n|-damage|p2a: Okidogi|66/100\n|move|p2a: Okidogi|Knock Off|p1a: Meowscarada\n|-damage|p1a: Meowscarada|0 fnt\n|-enditem|p1a: Meowscarada|Choice Band|[from] move: Knock Off|[of] p2a: Okidogi\n|faint|p1a: Meowscarada\n|\n|-heal|p2a: Okidogi|72/100|[from] item: Leftovers\n|upkeep\n|inactive|Time left: 300 sec this turn | 300 sec total | 5 sec grace\n|\n|t:|1783541012\n|switch|p1a: Slither Wing|Slither Wing, L81|270/270\n|-enditem|p1a: Slither Wing|Booster Energy\n|-activate|p1a: Slither Wing|ability: Protosynthesis|[fromitem]\n|-start|p1a: Slither Wing|protosynthesisatk\n|turn|15\n|inactive|Time left: 300 sec this turn | 300 sec total\n|\n|t:|1783541013\n|switch|p2a: Perrserker|Perrserker, L89, F|60/100\n|move|p1a: Slither Wing|Earthquake|p2a: Perrserker\n|-supereffective|p2a: Perrserker\n|-crit|p2a: Perrserker\n|-damage|p2a: Perrserker|0 fnt\n|faint|p2a: Perrserker\n|\n|upkeep\n|\n|t:|1783541014\n|switch|p2a: Persian|Persian, L92, M|100/100\n|turn|16\n|inactive|Time left: 300 sec this turn | 300 sec total\n|\n|t:|1783541016\n|move|p2a: Persian|Double-Edge|p1a: Slither Wing\n|-damage|p1a: Slither Wing|78/270\n|-damage|p2a: Persian|77/100|[from] Recoil\n|move|p1a: Slither Wing|Earthquake|p2a: Persian\n|-damage|p2a: Persian|23/100\n|\n|upkeep\n|turn|17\n|inactive|Time left: 300 sec this turn | 300 sec total\n|\n|t:|1783541017\n|-end|p1a: Slither Wing|Protosynthesis|[silent]\n|switch|p1a: Duraludon|Duraludon, L82, F|249/249\n|move|p2a: Persian|Double-Edge|p1a: Duraludon\n|-resisted|p1a: Duraludon\n|-damage|p1a: Duraludon|198/249\n|-damage|p2a: Persian|17/100|[from] Recoil\n|\n|upkeep\n|turn|18\n|inactive|Time left: 300 sec this turn | 300 sec total\n|\n|t:|1783541018\n|move|p2a: Persian|Double-Edge|p1a: Duraludon\n|-resisted|p1a: Duraludon\n|-damage|p1a: Duraludon|147/249\n|-damage|p2a: Persian|11/100|[from] Recoil\n|move|p1a: Duraludon|Flash Cannon|p2a: Persian\n|-damage|p2a: Persian|0 fnt\n|faint|p2a: Persian\n|\n|upkeep\n|\n|t:|1783541019\n|switch|p2a: Ludicolo|Ludicolo, L90, F|100/100\n|turn|19\n|inactive|Time left: 300 sec this turn | 300 sec total\n|\n|t:|1783541020\n|move|p1a: Duraludon|Thunder Wave|p2a: Ludicolo\n|-status|p2a: Ludicolo|par\n|cant|p2a: Ludicolo|par\n|\n|upkeep\n|turn|20\n|inactive|Time left: 300 sec this turn | 300 sec total\n|\n|t:|1783541021\n|move|p1a: Duraludon|Flash Cannon|p2a: Ludicolo\n|-resisted|p2a: Ludicolo\n|-damage|p2a: Ludicolo|87/100 par\n|cant|p2a: Ludicolo|par\n|\n|upkeep\n|turn|21\n|inactive|Time left: 300 sec this turn | 300 sec total\n|\n|t:|1783541022\n|move|p1a: Duraludon|Flash Cannon|p2a: Ludicolo\n|-resisted|p2a: Ludicolo\n|-damage|p2a: Ludicolo|74/100 par\n|move|p2a: Ludicolo|Ice Beam|p1a: Duraludon\n|-damage|p1a: Duraludon|50/249\n|\n|upkeep\n|turn|22\n|inactive|Time left: 300 sec this turn | 300 sec total\n|\n|t:|1783541023\n|move|p1a: Duraludon|Draco Meteor|p2a: Ludicolo\n|-damage|p2a: Ludicolo|26/100 par\n|-unboost|p1a: Duraludon|spa|2\n|move|p2a: Ludicolo|Ice Beam|p1a: Duraludon\n|-damage|p1a: Duraludon|0 fnt\n|faint|p1a: Duraludon\n|\n|upkeep\n|inactive|Time left: 300 sec this turn | 300 sec total | 5 sec grace\n|\n|t:|1783541024\n|switch|p1a: Slither Wing|Slither Wing, L81|78/270\n|turn|23\n|inactive|Time left: 300 sec this turn | 300 sec total\n|\n|t:|1783541025\n|move|p1a: Slither Wing|Wild Charge|p2a: Ludicolo\n|-crit|p2a: Ludicolo\n|-damage|p2a: Ludicolo|0 fnt\n|faint|p2a: Ludicolo\n|-damage|p1a: Slither Wing|60/270|[from] Recoil\n|\n|upkeep\n|\n|t:|1783541025\n|switch|p2a: Okidogi|Okidogi, L77, M|72/100\n|turn|24\n|inactive|Time left: 300 sec this turn | 300 sec total\n|\n|t:|1783541026\n|move|p1a: Slither Wing|Earthquake|p2a: Okidogi\n|-supereffective|p2a: Okidogi\n|-damage|p2a: Okidogi|16/100\n|move|p2a: Okidogi|Gunk Shot|p1a: Slither Wing\n|-damage|p1a: Slither Wing|0 fnt\n|faint|p1a: Slither Wing\n|-end|p1a: Slither Wing|Protosynthesis|[silent]\n|\n|-heal|p2a: Okidogi|22/100|[from] item: Leftovers\n|upkeep\n|inactive|Time left: 300 sec this turn | 300 sec total | 5 sec grace\n|\n|t:|1783541027\n|switch|p1a: Scovillain|Scovillain, L91, F|266/266\n|turn|25\n|inactive|Time left: 300 sec this turn | 300 sec total\n|\n|t:|1783541028\n|move|p1a: Scovillain|Flamethrower|p2a: Okidogi\n|-damage|p2a: Okidogi|0 fnt\n|faint|p2a: Okidogi\n|\n|win|p0x1602762", "uploadtime": 1783541028, "views": 0, "rating": 0, "private": 0, "password": null, "_winner": "p0x1602762", "_our_name": "p0x1602762"}