{"id": "battle-gen9randombattle-215", "formatid": "gen9randombattle", "format": "[Gen 9] Random Battle", "players": ["p0x215b6d1", "p0y2150907"], "log": "|init|battle\n|title|p0x215b6d1 vs. p0y2150907\n|j|\u2606p0x215b6d1\n|j|\u2606p0y2150907\n|t:|1783536269\n|gametype|singles\n|player|p1|p0x215b6d1|101|\n|player|p2|p0y2150907|101|\n|gen|9\n|tier|[Gen 9] Random Battle\n|rule|Species Clause: Limit one of each Pok\u00e9mon\n|rule|HP Percentage Mod: HP is shown in percentages\n|rule|Sleep Clause Mod: Limit one foe put to sleep\n|rule|Illusion Level Mod: Illusion disguises the Pok\u00e9mon's true level\n|\n|t:|1783536269\n|teamsize|p1|6\n|teamsize|p2|6\n|start\n|switch|p1a: Slowking|Slowking, L88, F|100/100\n|switch|p2a: Lilligant|Lilligant-Hisui, L79, F|240/240\n|turn|1\n|inactive|Battle timer is ON: inactive players will automatically lose when time's up. (requested by p0x215b6d1)\n|inactive|Time left: 300 sec this turn | 300 sec total | 60 sec grace\n|inactive|p0y2150907 also wants the timer to be on.\n|\n|t:|1783536271\n|move|p2a: Lilligant|Leaf Blade|p1a: Slowking\n|-supereffective|p1a: Slowking\n|-damage|p1a: Slowking|0 fnt\n|faint|p1a: Slowking\n|-damage|p2a: Lilligant|216/240|[from] item: Life Orb\n|\n|upkeep\n|\n|t:|1783536272\n|switch|p1a: Oricorio|Oricorio, L84, F|100/100\n|turn|2\n|inactive|Time left: 300 sec this turn | 300 sec total\n|\n|t:|1783536274\n|switch|p2a: Clawitzer|Clawitzer, L87, M|265/265\n|move|p1a: Oricorio|Revelation Dance|p2a: Clawitzer\n|-resisted|p2a: Clawitzer\n|-damage|p2a: Clawitzer|223/265\n|\n|upkeep\n|turn|3\n|inactive|Time left: 300 sec this turn | 300 sec total\n|\n|t:|1783536275\n|move|p1a: Oricorio|Quiver Dance|p1a: Oricorio\n|-boost|p1a: Oricorio|spa|1\n|-boost|p1a: Oricorio|spd|1\n|-boost|p1a: Oricorio|spe|1\n|move|p2a: Clawitzer|Water Pulse|p1a: Oricorio\n|-supereffective|p1a: Oricorio\n|-damage|p1a: Oricorio|0 fnt\n|faint|p1a: Oricorio\n|\n|upkeep\n|\n|t:|1783536276\n|switch|p1a: Baxcalibur|Baxcalibur, L75, F|100/100\n|turn|4\n|inactive|Time left: 300 sec this turn | 300 sec total\n|\n|t:|1783536277\n|move|p1a: Baxcalibur|Glaive Rush|p2a: Clawitzer\n|-damage|p2a: Clawitzer|22/265\n|-singlemove|p1a: Baxcalibur|Glaive Rush|[silent]\n|move|p2a: Clawitzer|Water Pulse|p1a: Baxcalibur\n|-resisted|p1a: Baxcalibur\n|-damage|p1a: Baxcalibur|35/100\n|\n|upkeep\n|turn|5\n|inactive|Time left: 300 sec this turn | 300 sec total\n|\n|t:|1783536278\n|move|p1a: Baxcalibur|Glaive Rush|p2a: Clawitzer\n|-damage|p2a: Clawitzer|0 fnt\n|-singlemove|p1a: Baxcalibur|Glaive Rush|[silent]\n|faint|p2a: Clawitzer\n|\n|upkeep\n|inactive|Time left: 300 sec this turn | 300 sec total | 5 sec grace\n|\n|t:|1783536279\n|switch|p2a: Squawkabilly|Squawkabilly-Yellow, L89, M|291/291\n|turn|6\n|inactive|Time left: 300 sec this turn | 300 sec total\n|\n|t:|1783536280\n|move|p2a: Squawkabilly|Brave Bird|p1a: Baxcalibur\n|-damage|p1a: Baxcalibur|0 fnt\n|faint|p1a: Baxcalibur\n|-damage|p2a: Squawkabilly|257/291|[from] Recoil\n|\n|upkeep\n|\n|t:|1783536281\n|switch|p1a: Cetitan|Cetitan, L82, F|100/100\n|turn|7\n|inactive|Time left: 300 sec this turn | 300 sec total\n|\n|t:|1783536282\n|move|p1a: Cetitan|Ice Shard|p2a: Squawkabilly\n|-supereffective|p2a: Squawkabilly\n|-damage|p2a: Squawkabilly|98/291\n|-damage|p1a: Cetitan|91/100|[from] item: Life Orb\n|move|p2a: Squawkabilly|Parting Shot|p1a: Cetitan\n|-unboost|p1a: Cetitan|atk|1\n|-unboost|p1a: Cetitan|spa|1\n|inactive|Time left: 300 sec this turn | 300 sec total | 5 sec grace\n|\n|t:|1783536283\n|switch|p2a: Reuniclus|Reuniclus, L88, F|337/337|[from] Parting Shot\n|\n|upkeep\n|turn|8\n|inactive|Time left: 300 sec this turn | 300 sec total\n|\n|t:|1783536284\n|switch|p1a: Hypno|Hypno, L95, M|100/100\n|move|p2a: Reuniclus|Calm Mind|p2a: Reuniclus\n|-boost|p2a: Reuniclus|spa|1\n|-boost|p2a: Reuniclus|spd|1\n|\n|upkeep\n|turn|9\n|inactive|Time left: 300 sec this turn | 300 sec total\n|\n|t:|1783536285\n|move|p1a: Hypno|Encore|p2a: Reuniclus\n|-start|p2a: Reuniclus|Encore\n|move|p2a: Reuniclus|Calm Mind|p2a: Reuniclus\n|-boost|p2a: Reuniclus|spa|1\n|-boost|p2a: Reuniclus|spd|1\n|\n|upkeep\n|turn|10\n|inactive|Time left: 300 sec this turn | 300 sec total\n|\n|t:|1783536286\n|move|p1a: Hypno|Knock Off|p2a: Reuniclus\n|-supereffective|p2a: Reuniclus\n|-damage|p2a: Reuniclus|183/337\n|-enditem|p2a: Reuniclus|Life Orb|[from] move: Knock Off|[of] p1a: Hypno\n|move|p2a: Reuniclus|Calm Mind|p2a: Reuniclus\n|-boost|p2a: Reuniclus|spa|1\n|-boost|p2a: Reuniclus|spd|1\n|\n|upkeep\n|turn|11\n|inactive|Time left: 300 sec this turn | 300 sec total\n|\n|t:|1783536287\n|move|p1a: Hypno|Knock Off|p2a: Reuniclus\n|-supereffective|p2a: Reuniclus\n|-damage|p2a: Reuniclus|79/337\n|move|p2a: Reuniclus|Calm Mind|p2a: Reuniclus\n|-boost|p2a: Reuniclus|spa|1\n|-boost|p2a: Reuniclus|spd|1\n|\n|-end|p2a: Reuniclus|Encore\n|upkeep\n|turn|12\n|inactive|Time left: 300 sec this turn | 300 sec total\n|\n|t:|1783536288\n|-terastallize|p2a: Reuniclus|Fighting\n|move|p1a: Hypno|Encore|p2a: Reuniclus\n|-start|p2a: Reuniclus|Encore\n|move|p2a: Reuniclus|Calm Mind|p2a: Reuniclus\n|-boost|p2a: Reuniclus|spa|1\n|-boost|p2a: Reuniclus|spd|1\n|\n|upkeep\n|turn|13\n|inactive|Time left: 300 sec this turn | 300 sec total\n|\n|t:|1783536289\n|move|p1a: Hypno|Psychic Noise|p2a: Reuniclus\n|-supereffective|p2a: Reuniclus\n|-crit|p2a: Reuniclus\n|-damage|p2a: Reuniclus|0 fnt\n|faint|p2a: Reuniclus\n|\n|upkeep\n|inactive|Time left: 300 sec this turn | 300 sec total | 5 sec grace\n|\n|t:|1783536290\n|switch|p2a: Squawkabilly|Squawkabilly-Yellow, L89, M|98/291\n|turn|14\n|inactive|Time left: 300 sec this turn | 300 sec total\n|\n|t:|1783536290\n|move|p2a: Squawkabilly|Parting Shot|p1a: Hypno\n|-unboost|p1a: Hypno|atk|1\n|-unboost|p1a: Hypno|spa|1\n|inactive|Time left: 300 sec this turn | 300 sec total | 5 sec grace\n|\n|t:|1783536291\n|switch|p2a: Chansey|Chansey, L85, F|564/564|[from] Parting Shot\n|move|p1a: Hypno|Psychic Noise|p2a: Chansey\n|-damage|p2a: Chansey|530/564\n|-start|p2a: Chansey|move: Heal Block\n|\n|upkeep\n|turn|15\n|inactive|Time left: 300 sec this turn | 300 sec total\n|\n|t:|1783536292\n|switch|p1a: Slither Wing|Slither Wing, L81|100/100\n|-enditem|p1a: Slither Wing|Booster Energy\n|-activate|p1a: Slither Wing|ability: Protosynthesis|[fromitem]\n|-start|p1a: Slither Wing|protosynthesisatk\n|move|p2a: Chansey|Thunder Wave|p1a: Slither Wing\n|-status|p1a: Slither Wing|par\n|\n|-end|p2a: Chansey|move: Heal Block\n|upkeep\n|turn|16\n|inactive|Time left: 300 sec this turn | 300 sec total\n|\n|t:|1783536293\n|switch|p2a: Sinistcha|Sinistcha, L83|254/254\n|move|p1a: Slither Wing|Close Combat|p2a: Sinistcha\n|-immune|p2a: Sinistcha\n|\n|upkeep\n|turn|17\n|inactive|Time left: 300 sec this turn | 300 sec total\n|\n|t:|1783536294\n|move|p2a: Sinistcha|Strength Sap|p1a: Slither Wing\n|-unboost|p1a: Slither Wing|atk|1\n|move|p1a: Slither Wing|Acrobatics|p2a: Sinistcha\n|-supereffective|p2a: Sinistcha\n|-damage|p2a: Sinistcha|104/254\n|\n|-heal|p2a: Sinistcha|119/254|[from] item: Leftovers\n|upkeep\n|turn|18\n|inactive|Time left: 300 sec this turn | 300 sec total\n|\n|t:|1783536295\n|move|p2a: Sinistcha|Strength Sap|p1a: Slither Wing\n|-unboost|p1a: Slither Wing|atk|1\n|-heal|p2a: Sinistcha|254/254\n|move|p1a: Slither Wing|Acrobatics|p2a: Sinistcha\n|-supereffective|p2a: Sinistcha\n|-damage|p2a: Sinistcha|146/254\n|\n|-heal|p2a: Sinistcha|161/254|[from] item: Leftovers\n|upkeep\n|turn|19\n|inactive|Time left: 300 sec this turn | 300 sec total\n|\n|t:|1783536297\n|-end|p1a: Slither Wing|Protosynthesis|[silent]\n|switch|p1a: Hypno|Hypno, L95, M|100/100\n|move|p2a: Sinistcha|Strength Sap|p1a: Hypno\n|-unboost|p1a: Hypno|atk|1\n|-heal|p2a: Sinistcha|254/254\n|\n|upkeep\n|turn|20\n|inactive|Time left: 300 sec this turn | 300 sec total\n|\n|t:|1783536298\n|move|p1a: Hypno|Psychic Noise|p2a: Sinistcha\n|-damage|p2a: Sinistcha|160/254\n|-start|p2a: Sinistcha|move: Heal Block\n|move|p2a: Sinistcha|Shadow Ball|p1a: Hypno\n|-supereffective|p1a: Hypno\n|-damage|p1a: Hypno|55/100\n|\n|-heal|p1a: Hypno|61/100|[from] item: Leftovers\n|upkeep\n|turn|21\n|inactive|Time left: 300 sec this turn | 300 sec total\n|\n|t:|1783536299\n|move|p1a: Hypno|Knock Off|p2a: Sinistcha\n|-supereffective|p2a: Sinistcha\n|-damage|p2a: Sinistcha|76/254\n|-enditem|p2a: Sinistcha|Leftovers|[from] move: Knock Off|[of] p1a: Hypno\n|move|p2a: Sinistcha|Shadow Ball|p1a: Hypno\n|-supereffective|p1a: Hypno\n|-damage|p1a: Hypno|16/100\n|\n|-heal|p1a: Hypno|22/100|[from] item: Leftovers\n|-end|p2a: Sinistcha|move: Heal Block\n|upkeep\n|turn|22\n|inactive|Time left: 300 sec this turn | 300 sec total\n|\n|t:|1783536300\n|switch|p2a: Chansey|Chansey, L85, F|530/564\n|move|p1a: Hypno|Psychic Noise|p2a: Chansey\n|-damage|p2a: Chansey|482/564\n|-start|p2a: Chansey|move: Heal Block\n|\n|-heal|p1a: Hypno|28/100|[from] item: Leftovers\n|upkeep\n|turn|23\n|inactive|Time left: 300 sec this turn | 300 sec total\n|\n|t:|1783536301\n|switch|p1a: Slither Wing|Slither Wing, L81|100/100 par\n|move|p2a: Chansey|Stealth Rock|p1a: Slither Wing\n|-sidestart|p1: p0x215b6d1|move: Stealth Rock\n|\n|-end|p2a: Chansey|move: Heal Block\n|upkeep\n|turn|24\n|inactive|Time left: 300 sec this turn | 300 sec total\n|\n|t:|1783536302\n|switch|p2a: Sinistcha|Sinistcha, L83|76/254\n|move|p1a: Slither Wing|Acrobatics|p2a: Sinistcha\n|-supereffective|p2a: Sinistcha\n|-damage|p2a: Sinistcha|0 fnt\n|faint|p2a: Sinistcha\n|\n|upkeep\n|inactive|Time left: 300 sec this turn | 300 sec total | 5 sec grace\n|\n|t:|1783536303\n|switch|p2a: Squawkabilly|Squawkabilly-Yellow, L89, M|98/291\n|turn|25\n|inactive|Time left: 300 sec this turn | 300 sec total\n|\n|t:|1783536304\n|move|p2a: Squawkabilly|Brave Bird|p1a: Slither Wing\n|-supereffective|p1a: Slither Wing\n|-damage|p1a: Slither Wing|0 fnt\n|faint|p1a: Slither Wing\n|-end|p1a: Slither Wing|Protosynthesis|[silent]\n|-damage|p2a: Squawkabilly|9/291|[from] Recoil\n|\n|upkeep\n|\n|t:|1783536305\n|switch|p1a: Cetitan|Cetitan, L82, F|91/100\n|-damage|p1a: Cetitan|66/100|[from] Stealth Rock\n|turn|26\n|inactive|Time left: 300 sec this turn | 300 sec total\n|\n|t:|1783536306\n|move|p1a: Cetitan|Ice Shard|p2a: Squawkabilly\n|-supereffective|p2a: Squawkabilly\n|-damage|p2a: Squawkabilly|0 fnt\n|faint|p2a: Squawkabilly\n|-damage|p1a: Cetitan|56/100|[from] item: Life Orb\n|\n|upkeep\n|inactive|Time left: 300 sec this turn | 300 sec total | 5 sec grace\n|\n|t:|1783536307\n|switch|p2a: Lilligant|Lilligant-Hisui, L79, F|216/240\n|turn|27\n|inactive|Time left: 300 sec this turn | 300 sec total\n|\n|t:|1783536308\n|move|p2a: Lilligant|Leaf Blade|p1a: Cetitan\n|-damage|p1a: Cetitan|0 fnt\n|faint|p1a: Cetitan\n|-damage|p2a: Lilligant|192/240|[from] item: Life Orb\n|\n|upkeep\n|\n|t:|1783536309\n|switch|p1a: Hypno|Hypno, L95, M|28/100\n|-damage|p1a: Hypno|16/100|[from] Stealth Rock\n|turn|28\n|inactive|Time left: 300 sec this turn | 300 sec total\n|\n|t:|1783536310\n|-terastallize|p1a: Hypno|Steel\n|move|p2a: Lilligant|Close Combat|p1a: Hypno|[miss]\n|-miss|p2a: Lilligant|p1a: Hypno\n|move|p1a: Hypno|Toxic|p2a: Lilligant\n|-status|p2a: Lilligant|tox\n|\n|-heal|p1a: Hypno|22/100|[from] item: Leftovers\n|-damage|p2a: Lilligant|177/240 tox|[from] psn\n|upkeep\n|turn|29\n|inactive|Time left: 300 sec this turn | 300 sec total\n|\n|t:|1783536311\n|move|p2a: Lilligant|Close Combat|p1a: Hypno\n|-supereffective|p1a: Hypno\n|-damage|p1a: Hypno|0 fnt\n|-unboost|p2a: Lilligant|def|1\n|-unboost|p2a: Lilligant|spd|1\n|faint|p1a: Hypno\n|-damage|p2a: Lilligant|153/240 tox|[from] item: Life Orb\n|\n|win|p0y2150907", "uploadtime": 1783536311, "views": 0, "rating": 0, "private": 0, "password": null, "_winner": "p0y2150907", "_our_name": "p0y2150907"}