{"id": "battle-gen9randombattle-1487", "formatid": "gen9randombattle", "format": "[Gen 9] Random Battle", "players": ["p0x1487b933", "p0y14878306"], "log": "|init|battle\n|title|p0x1487b933 vs. p0y14878306\n|j|\u2606p0x1487b933\n|j|\u2606p0y14878306\n|t:|1783557301\n|gametype|singles\n|player|p1|p0x1487b933|2|\n|player|p2|p0y14878306|102|\n|gen|9\n|tier|[Gen 9] Random Battle\n|rule|Species Clause: Limit one of each Pok\u00e9mon\n|rule|HP Percentage Mod: HP is shown in percentages\n|rule|Sleep Clause Mod: Limit one foe put to sleep\n|rule|Illusion Level Mod: Illusion disguises the Pok\u00e9mon's true level\n|\n|t:|1783557301\n|teamsize|p1|6\n|teamsize|p2|6\n|start\n|switch|p1a: Froslass|Froslass, L87, F|263/263\n|switch|p2a: Persian|Persian-Alola, L86, F|100/100\n|turn|1\n|inactive|Battle timer is ON: inactive players will automatically lose when time's up. (requested by p0x1487b933)\n|inactive|p0y14878306 also wants the timer to be on.\n|\n|t:|1783557302\n|switch|p1a: Yanmega|Yanmega, L82, M|275/275\n|move|p2a: Persian|Nasty Plot|p2a: Persian\n|-boost|p2a: Persian|spa|2\n|\n|upkeep\n|turn|2\n|inactive|Time left: 300 sec this turn | 300 sec total\n|\n|t:|1783557303\n|move|p1a: Yanmega|Protect|p1a: Yanmega\n|-singleturn|p1a: Yanmega|Protect\n|move|p2a: Persian|Thunderbolt|p1a: Yanmega\n|-activate|p1a: Yanmega|move: Protect\n|\n|-ability|p1a: Yanmega|Speed Boost|boost\n|-boost|p1a: Yanmega|spe|1\n|upkeep\n|turn|3\n|inactive|Time left: 300 sec this turn | 300 sec total\n|\n|t:|1783557303\n|switch|p2a: Lapras|Lapras, L87, F|100/100\n|move|p1a: Yanmega|Bug Buzz|p2a: Lapras\n|-damage|p2a: Lapras|76/100\n|-unboost|p2a: Lapras|spd|1\n|\n|-ability|p1a: Yanmega|Speed Boost|boost\n|-boost|p1a: Yanmega|spe|1\n|upkeep\n|turn|4\n|inactive|Time left: 300 sec this turn | 300 sec total\n|\n|t:|1783557304\n|move|p1a: Yanmega|Air Slash|p2a: Lapras\n|-damage|p2a: Lapras|45/100\n|move|p2a: Lapras|Ice Beam|p1a: Yanmega\n|-supereffective|p1a: Yanmega\n|-damage|p1a: Yanmega|0 fnt\n|faint|p1a: Yanmega\n|\n|upkeep\n|inactive|Time left: 300 sec this turn | 300 sec total | 5 sec grace\n|\n|t:|1783557305\n|switch|p1a: Florges|Florges-Orange, L85, F|271/271\n|turn|5\n|inactive|Time left: 300 sec this turn | 300 sec total\n|\n|t:|1783557306\n|switch|p2a: Beartic|Beartic, L91, F|100/100\n|move|p1a: Florges|Moonblast|p2a: Beartic\n|-damage|p2a: Beartic|62/100\n|\n|upkeep\n|turn|6\n|inactive|Time left: 300 sec this turn | 300 sec total\n|\n|t:|1783557307\n|move|p1a: Florges|Moonblast|p2a: Beartic\n|-damage|p2a: Beartic|26/100\n|-unboost|p2a: Beartic|spa|1\n|move|p2a: Beartic|Icicle Crash|p1a: Florges\n|-damage|p1a: Florges|106/271\n|\n|-heal|p1a: Florges|122/271|[from] item: Leftovers\n|upkeep\n|turn|7\n|inactive|Time left: 300 sec this turn | 300 sec total\n|\n|t:|1783557308\n|switch|p2a: Qwilfish|Qwilfish-Hisui, L83, M|100/100\n|-ability|p2a: Qwilfish|Intimidate|boost\n|-unboost|p1a: Florges|atk|1\n|move|p1a: Florges|Moonblast|p2a: Qwilfish\n|-damage|p2a: Qwilfish|53/100\n|\n|-heal|p1a: Florges|138/271|[from] item: Leftovers\n|upkeep\n|turn|8\n|inactive|Time left: 300 sec this turn | 300 sec total\n|\n|t:|1783557309\n|move|p2a: Qwilfish|Gunk Shot|p1a: Florges\n|-supereffective|p1a: Florges\n|-damage|p1a: Florges|0 fnt\n|faint|p1a: Florges\n|\n|upkeep\n|inactive|Time left: 300 sec this turn | 300 sec total | 5 sec grace\n|\n|t:|1783557310\n|switch|p1a: Incineroar|Incineroar, L82, M|290/290\n|-ability|p1a: Incineroar|Intimidate|boost\n|-unboost|p2a: Qwilfish|atk|1\n|turn|9\n|inactive|Time left: 300 sec this turn | 300 sec total\n|\n|t:|1783557311\n|switch|p2a: Persian|Persian-Alola, L86, F|100/100\n|move|p1a: Incineroar|Knock Off|p2a: Persian\n|-resisted|p2a: Persian\n|-damage|p2a: Persian|87/100\n|-enditem|p2a: Persian|Leftovers|[from] move: Knock Off|[of] p1a: Incineroar\n|\n|upkeep\n|turn|10\n|inactive|Time left: 300 sec this turn | 300 sec total\n|\n|t:|1783557312\n|move|p2a: Persian|Nasty Plot|p2a: Persian\n|-boost|p2a: Persian|spa|2\n|move|p1a: Incineroar|U-turn|p2a: Persian\n|-supereffective|p2a: Persian\n|-damage|p2a: Persian|60/100\n|inactive|Time left: 300 sec this turn | 300 sec total | 5 sec grace\n|\n|t:|1783557313\n|switch|p1a: Bastiodon|Bastiodon, L89, F|252/252|[from] U-turn\n|\n|upkeep\n|turn|11\n|inactive|Time left: 300 sec this turn | 300 sec total\n|\n|t:|1783557314\n|-terastallize|p1a: Bastiodon|Fighting\n|move|p2a: Persian|Dark Pulse|p1a: Bastiodon\n|-resisted|p1a: Bastiodon\n|-damage|p1a: Bastiodon|201/252\n|move|p1a: Bastiodon|Body Press|p2a: Persian\n|-supereffective|p2a: Persian\n|-damage|p2a: Persian|0 fnt\n|faint|p2a: Persian\n|\n|upkeep\n|\n|t:|1783557315\n|switch|p2a: Qwilfish|Qwilfish-Hisui, L83, M|53/100\n|-ability|p2a: Qwilfish|Intimidate|boost\n|-unboost|p1a: Bastiodon|atk|1\n|turn|12\n|inactive|Time left: 300 sec this turn | 300 sec total\n|\n|t:|1783557315\n|move|p2a: Qwilfish|Toxic Spikes|p1a: Bastiodon\n|-sidestart|p1: p0x1487b933|move: Toxic Spikes\n|move|p1a: Bastiodon|Body Press|p2a: Qwilfish\n|-damage|p2a: Qwilfish|9/100\n|\n|upkeep\n|turn|13\n|inactive|Time left: 300 sec this turn | 300 sec total\n|\n|t:|1783557316\n|move|p2a: Qwilfish|Toxic Spikes|p1a: Bastiodon\n|-sidestart|p1: p0x1487b933|move: Toxic Spikes\n|move|p1a: Bastiodon|Body Press|p2a: Qwilfish\n|-damage|p2a: Qwilfish|0 fnt\n|faint|p2a: Qwilfish\n|\n|upkeep\n|\n|t:|1783557317\n|switch|p2a: Lapras|Lapras, L87, F|45/100\n|turn|14\n|inactive|Time left: 300 sec this turn | 300 sec total\n|\n|t:|1783557318\n|move|p2a: Lapras|Hydro Pump|p1a: Bastiodon\n|-damage|p1a: Bastiodon|83/252\n|move|p1a: Bastiodon|Body Press|p2a: Lapras\n|-supereffective|p2a: Lapras\n|-damage|p2a: Lapras|0 fnt\n|faint|p2a: Lapras\n|\n|upkeep\n|\n|t:|1783557319\n|switch|p2a: Infernape|Infernape, L82, M|100/100\n|turn|15\n|inactive|Time left: 300 sec this turn | 300 sec total\n|\n|t:|1783557320\n|move|p2a: Infernape|Close Combat|p1a: Bastiodon\n|-damage|p1a: Bastiodon|0 fnt\n|-unboost|p2a: Infernape|def|1\n|-unboost|p2a: Infernape|spd|1\n|faint|p1a: Bastiodon\n|-damage|p2a: Infernape|91/100|[from] item: Life Orb\n|\n|upkeep\n|inactive|Time left: 300 sec this turn | 300 sec total | 5 sec grace\n|\n|t:|1783557321\n|switch|p1a: Incineroar|Incineroar, L82, M|290/290\n|-status|p1a: Incineroar|tox\n|-ability|p1a: Incineroar|Intimidate|boost\n|-unboost|p2a: Infernape|atk|1\n|turn|16\n|inactive|Time left: 300 sec this turn | 300 sec total\n|\n|t:|1783557322\n|switch|p2a: Beartic|Beartic, L91, F|26/100\n|move|p1a: Incineroar|Knock Off|p2a: Beartic\n|-damage|p2a: Beartic|0 fnt\n|-enditem|p2a: Beartic|Heavy-Duty Boots|[from] move: Knock Off|[of] p1a: Incineroar\n|faint|p2a: Beartic\n|\n|-damage|p1a: Incineroar|272/290 tox|[from] psn\n|upkeep\n|\n|t:|1783557323\n|switch|p2a: Infernape|Infernape, L82, M|91/100\n|turn|17\n|inactive|Time left: 300 sec this turn | 300 sec total\n|\n|t:|1783557324\n|move|p2a: Infernape|Close Combat|p1a: Incineroar\n|-supereffective|p1a: Incineroar\n|-damage|p1a: Incineroar|0 fnt\n|-unboost|p2a: Infernape|def|1\n|-unboost|p2a: Infernape|spd|1\n|faint|p1a: Incineroar\n|-damage|p2a: Infernape|81/100|[from] item: Life Orb\n|\n|upkeep\n|inactive|Time left: 300 sec this turn | 300 sec total | 5 sec grace\n|\n|t:|1783557325\n|switch|p1a: Pachirisu|Pachirisu, L96, F|271/271\n|-status|p1a: Pachirisu|tox\n|turn|18\n|inactive|Time left: 300 sec this turn | 300 sec total\n|\n|t:|1783557326\n|move|p1a: Pachirisu|Nuzzle|p2a: Infernape\n|-damage|p2a: Infernape|69/100\n|-status|p2a: Infernape|par\n|move|p2a: Infernape|Close Combat|p1a: Pachirisu\n|-damage|p1a: Pachirisu|111/271 tox\n|-unboost|p2a: Infernape|def|1\n|-unboost|p2a: Infernape|spd|1\n|-damage|p2a: Infernape|60/100 par|[from] item: Life Orb\n|\n|-damage|p1a: Pachirisu|95/271 tox|[from] psn\n|upkeep\n|turn|19\n|inactive|Time left: 300 sec this turn | 300 sec total\n|\n|t:|1783557328\n|switch|p2a: Illumise|Illumise, L91, F|100/100\n|move|p1a: Pachirisu|Thunderbolt|p2a: Illumise\n|-damage|p2a: Illumise|76/100\n|\n|-damage|p1a: Pachirisu|63/271 tox|[from] psn\n|upkeep\n|turn|20\n|inactive|Time left: 300 sec this turn | 300 sec total\n|\n|t:|1783557329\n|move|p1a: Pachirisu|Nuzzle|p2a: Illumise\n|-damage|p2a: Illumise|70/100\n|-status|p2a: Illumise|par\n|move|p2a: Illumise|Bug Buzz|p1a: Pachirisu\n|-damage|p1a: Pachirisu|11/271 tox\n|\n|-damage|p1a: Pachirisu|0 fnt|[from] psn\n|faint|p1a: Pachirisu\n|upkeep\n|inactive|Time left: 300 sec this turn | 300 sec total | 5 sec grace\n|\n|t:|1783557330\n|switch|p1a: Froslass|Froslass, L87, F|263/263\n|-status|p1a: Froslass|tox\n|turn|21\n|inactive|Time left: 300 sec this turn | 300 sec total\n|\n|t:|1783557331\n|switch|p2a: Infernape|Infernape, L82, M|60/100 par\n|move|p1a: Froslass|Poltergeist|p2a: Infernape\n|-activate|p2a: Infernape|move: Poltergeist|Life Orb\n|-damage|p2a: Infernape|13/100 par\n|\n|-damage|p1a: Froslass|247/263 tox|[from] psn\n|upkeep\n|turn|22\n|inactive|Time left: 300 sec this turn | 300 sec total\n|\n|t:|1783557333\n|move|p1a: Froslass|Triple Axel|p2a: Infernape\n|-resisted|p2a: Infernape\n|-damage|p2a: Infernape|8/100 par\n|-resisted|p2a: Infernape\n|-crit|p2a: Infernape\n|-damage|p2a: Infernape|0 fnt\n|faint|p2a: Infernape\n|-hitcount|p2: Infernape|2\n|\n|-damage|p1a: Froslass|215/263 tox|[from] psn\n|upkeep\n|\n|t:|1783557334\n|switch|p2a: Illumise|Illumise, L91, F|70/100 par\n|turn|23\n|inactive|Time left: 300 sec this turn | 300 sec total\n|\n|t:|1783557335\n|-terastallize|p2a: Illumise|Water\n|move|p2a: Illumise|Encore|p1a: Froslass\n|-start|p1a: Froslass|Encore\n|move|p1a: Froslass|Triple Axel|p2a: Illumise\n|-resisted|p2a: Illumise\n|-damage|p2a: Illumise|66/100 par\n|-resisted|p2a: Illumise\n|-damage|p2a: Illumise|59/100 par\n|-resisted|p2a: Illumise\n|-damage|p2a: Illumise|48/100 par\n|-hitcount|p2a: Illumise|3\n|\n|-damage|p1a: Froslass|167/263 tox|[from] psn\n|upkeep\n|turn|24\n|inactive|Time left: 300 sec this turn | 300 sec total\n|\n|t:|1783557336\n|move|p2a: Illumise|Roost|p2a: Illumise\n|-heal|p2a: Illumise|98/100 par\n|move|p1a: Froslass|Triple Axel|p2a: Illumise\n|-resisted|p2a: Illumise\n|-damage|p2a: Illumise|94/100 par\n|-resisted|p2a: Illumise\n|-damage|p2a: Illumise|86/100 par\n|-resisted|p2a: Illumise\n|-damage|p2a: Illumise|74/100 par\n|-hitcount|p2a: Illumise|3\n|\n|-damage|p1a: Froslass|103/263 tox|[from] psn\n|upkeep\n|turn|25\n|inactive|Time left: 300 sec this turn | 300 sec total\n|\n|t:|1783557337\n|move|p1a: Froslass|Triple Axel|p2a: Illumise\n|-resisted|p2a: Illumise\n|-damage|p2a: Illumise|70/100 par\n|-resisted|p2a: Illumise\n|-damage|p2a: Illumise|62/100 par\n|-resisted|p2a: Illumise\n|-damage|p2a: Illumise|50/100 par\n|-hitcount|p2a: Illumise|3\n|move|p2a: Illumise|Bug Buzz|p1a: Froslass\n|-resisted|p1a: Froslass\n|-damage|p1a: Froslass|51/263 tox\n|-start|p2a: Illumise|Disable|Bug Buzz|[from] ability: Cursed Body|[of] p1a: Froslass\n|\n|-damage|p1a: Froslass|0 fnt|[from] psn\n|faint|p1a: Froslass\n|\n|win|p0y14878306", "uploadtime": 1783557337, "views": 0, "rating": 0, "private": 0, "password": null, "_winner": "p0y14878306", "_our_name": "p0x1487b933"}