{"id": "battle-gen9randombattle-825", "formatid": "gen9randombattle", "format": "[Gen 9] Random Battle", "players": ["p0x825eced", "p0y8258318"], "log": "|init|battle\n|title|p0x825eced vs. p0y8258318\n|j|\u2606p0x825eced\n|j|\u2606p0y8258318\n|t:|1783548713\n|gametype|singles\n|player|p1|p0x825eced|1|\n|player|p2|p0y8258318|101|\n|gen|9\n|tier|[Gen 9] Random Battle\n|rule|Species Clause: Limit one of each Pok\u00e9mon\n|rule|HP Percentage Mod: HP is shown in percentages\n|rule|Sleep Clause Mod: Limit one foe put to sleep\n|rule|Illusion Level Mod: Illusion disguises the Pok\u00e9mon's true level\n|\n|t:|1783548713\n|teamsize|p1|6\n|teamsize|p2|6\n|start\n|switch|p1a: Great Tusk|Great Tusk, L77|304/304\n|switch|p2a: Scream Tail|Scream Tail, L84|100/100\n|turn|1\n|inactive|Battle timer is ON: inactive players will automatically lose when time's up. (requested by p0x825eced)\n|\n|t:|1783548715\n|move|p2a: Scream Tail|Dazzling Gleam|p1a: Great Tusk\n|-supereffective|p1a: Great Tusk\n|-damage|p1a: Great Tusk|118/304\n|move|p1a: Great Tusk|Earthquake|p2a: Scream Tail\n|-damage|p2a: Scream Tail|68/100\n|\n|-heal|p2a: Scream Tail|74/100|[from] item: Leftovers\n|-heal|p1a: Great Tusk|137/304|[from] item: Leftovers\n|upkeep\n|turn|2\n|inactive|Time left: 300 sec this turn | 300 sec total\n|inactive|p0y8258318 also wants the timer to be on.\n|\n|t:|1783548716\n|-end|p1a: Great Tusk|Protosynthesis|[silent]\n|switch|p1a: Frosmoth|Frosmoth, L82, F|249/249\n|move|p2a: Scream Tail|Dazzling Gleam|p1a: Frosmoth\n|-damage|p1a: Frosmoth|214/249\n|\n|-heal|p2a: Scream Tail|80/100|[from] item: Leftovers\n|upkeep\n|turn|3\n|inactive|Time left: 300 sec this turn | 300 sec total\n|\n|t:|1783548717\n|move|p2a: Scream Tail|Dazzling Gleam|p1a: Frosmoth\n|-damage|p1a: Frosmoth|179/249\n|move|p1a: Frosmoth|Quiver Dance|p1a: Frosmoth\n|-boost|p1a: Frosmoth|spa|1\n|-boost|p1a: Frosmoth|spd|1\n|-boost|p1a: Frosmoth|spe|1\n|\n|-heal|p2a: Scream Tail|87/100|[from] item: Leftovers\n|upkeep\n|turn|4\n|inactive|Time left: 300 sec this turn | 300 sec total\n|\n|t:|1783548718\n|move|p2a: Scream Tail|Encore|p1a: Frosmoth\n|-start|p1a: Frosmoth|Encore\n|move|p1a: Frosmoth|Quiver Dance|p1a: Frosmoth\n|-boost|p1a: Frosmoth|spa|1\n|-boost|p1a: Frosmoth|spd|1\n|-boost|p1a: Frosmoth|spe|1\n|\n|-heal|p2a: Scream Tail|93/100|[from] item: Leftovers\n|upkeep\n|turn|5\n|inactive|Time left: 300 sec this turn | 300 sec total\n|\n|t:|1783548719\n|-end|p2a: Scream Tail|Protosynthesis|[silent]\n|switch|p2a: Urshifu|Urshifu-Rapid-Strike, L75, F|100/100\n|move|p1a: Frosmoth|Quiver Dance|p1a: Frosmoth\n|-boost|p1a: Frosmoth|spa|1\n|-boost|p1a: Frosmoth|spd|1\n|-boost|p1a: Frosmoth|spe|1\n|\n|upkeep\n|turn|6\n|inactive|Time left: 300 sec this turn | 300 sec total\n|\n|t:|1783548720\n|move|p1a: Frosmoth|Quiver Dance|p1a: Frosmoth\n|-boost|p1a: Frosmoth|spa|1\n|-boost|p1a: Frosmoth|spd|1\n|-boost|p1a: Frosmoth|spe|1\n|move|p2a: Urshifu|Close Combat|p1a: Frosmoth\n|-damage|p1a: Frosmoth|0 fnt\n|-unboost|p2a: Urshifu|def|1\n|-unboost|p2a: Urshifu|spd|1\n|faint|p1a: Frosmoth\n|\n|upkeep\n|inactive|Time left: 300 sec this turn | 300 sec total | 5 sec grace\n|\n|t:|1783548721\n|switch|p1a: Squawkabilly|Squawkabilly-White, L89, M|291/291\n|turn|7\n|inactive|Time left: 300 sec this turn | 300 sec total\n|\n|t:|1783548722\n|switch|p2a: Raikou|Raikou, L81|100/100\n|-ability|p2a: Raikou|Pressure\n|move|p1a: Squawkabilly|Brave Bird|p2a: Raikou\n|-resisted|p2a: Raikou\n|-damage|p2a: Raikou|54/100\n|-damage|p1a: Squawkabilly|248/291|[from] Recoil\n|\n|-heal|p2a: Raikou|60/100|[from] item: Leftovers\n|upkeep\n|turn|8\n|inactive|Time left: 300 sec this turn | 300 sec total\n|\n|t:|1783548723\n|switch|p1a: Great Tusk|Great Tusk, L77|137/304\n|move|p2a: Raikou|Thunderbolt|p1a: Great Tusk\n|-immune|p1a: Great Tusk\n|\n|-heal|p2a: Raikou|66/100|[from] item: Leftovers\n|-heal|p1a: Great Tusk|156/304|[from] item: Leftovers\n|upkeep\n|turn|9\n|inactive|Time left: 300 sec this turn | 300 sec total\n|\n|t:|1783548724\n|-end|p1a: Great Tusk|Protosynthesis|[silent]\n|switch|p1a: Hitmonlee|Hitmonlee, L85, M|224/224\n|move|p2a: Raikou|Scald|p1a: Hitmonlee\n|-damage|p1a: Hitmonlee|170/224\n|\n|-heal|p2a: Raikou|72/100|[from] item: Leftovers\n|upkeep\n|turn|10\n|inactive|Time left: 300 sec this turn | 300 sec total\n|\n|t:|1783548725\n|move|p2a: Raikou|Thunderbolt|p1a: Hitmonlee\n|-damage|p1a: Hitmonlee|91/224\n|move|p1a: Hitmonlee|Swords Dance|p1a: Hitmonlee\n|-boost|p1a: Hitmonlee|atk|2\n|\n|-heal|p2a: Raikou|78/100|[from] item: Leftovers\n|upkeep\n|turn|11\n|inactive|Time left: 300 sec this turn | 300 sec total\n|\n|t:|1783548726\n|move|p2a: Raikou|Thunderbolt|p1a: Hitmonlee\n|-damage|p1a: Hitmonlee|1/224\n|move|p1a: Hitmonlee|Close Combat|p2a: Raikou\n|-damage|p2a: Raikou|0 fnt\n|-unboost|p1a: Hitmonlee|def|1\n|-unboost|p1a: Hitmonlee|spd|1\n|faint|p2a: Raikou\n|-enditem|p1a: Hitmonlee|White Herb\n|-clearnegativeboost|p1a: Hitmonlee|[silent]\n|\n|upkeep\n|\n|t:|1783548727\n|switch|p2a: Urshifu|Urshifu-Rapid-Strike, L75, F|100/100\n|turn|12\n|inactive|Time left: 300 sec this turn | 300 sec total\n|\n|t:|1783548728\n|move|p2a: Urshifu|Aqua Jet|p1a: Hitmonlee\n|-damage|p1a: Hitmonlee|0 fnt\n|faint|p1a: Hitmonlee\n|\n|upkeep\n|inactive|Time left: 300 sec this turn | 300 sec total | 5 sec grace\n|\n|t:|1783548729\n|switch|p1a: Copperajah|Copperajah, L86, M|350/350\n|turn|13\n|inactive|Time left: 300 sec this turn | 300 sec total\n|\n|t:|1783548730\n|switch|p2a: Tauros|Tauros-Paldea-Combat, L82, M|100/100\n|-ability|p2a: Tauros|Intimidate|boost\n|-unboost|p1a: Copperajah|atk|1\n|move|p1a: Copperajah|Play Rough|p2a: Tauros\n|-supereffective|p2a: Tauros\n|-crit|p2a: Tauros\n|-damage|p2a: Tauros|0 fnt\n|faint|p2a: Tauros\n|\n|upkeep\n|\n|t:|1783548732\n|switch|p2a: Urshifu|Urshifu-Rapid-Strike, L75, F|100/100\n|turn|14\n|inactive|Time left: 300 sec this turn | 300 sec total\n|\n|t:|1783548733\n|-terastallize|p1a: Copperajah|Fairy\n|move|p2a: Urshifu|Surging Strikes|p1a: Copperajah\n|-crit|p1a: Copperajah\n|-damage|p1a: Copperajah|281/350\n|-crit|p1a: Copperajah\n|-damage|p1a: Copperajah|206/350\n|-crit|p1a: Copperajah\n|-damage|p1a: Copperajah|137/350\n|-hitcount|p1a: Copperajah|3\n|move|p1a: Copperajah|Play Rough|p2a: Urshifu\n|-supereffective|p2a: Urshifu\n|-damage|p2a: Urshifu|0 fnt\n|faint|p2a: Urshifu\n|\n|upkeep\n|\n|t:|1783548734\n|switch|p2a: Furret|Furret, L94, M|100/100\n|-item|p1a: Copperajah|Life Orb|[from] ability: Frisk|[of] p2a: Furret\n|turn|15\n|inactive|Time left: 300 sec this turn | 300 sec total\n|\n|t:|1783548735\n|switch|p1a: Dialga|Dialga-Origin, L73|266/266\n|-ability|p1a: Dialga|Pressure\n|move|p2a: Furret|Double-Edge|p1a: Dialga\n|-resisted|p1a: Dialga\n|-damage|p1a: Dialga|179/266\n|-damage|p2a: Furret|91/100|[from] Recoil\n|\n|upkeep\n|turn|16\n|inactive|Time left: 300 sec this turn | 300 sec total\n|\n|t:|1783548736\n|move|p2a: Furret|Double-Edge|p1a: Dialga\n|-resisted|p1a: Dialga\n|-damage|p1a: Dialga|98/266\n|-damage|p2a: Furret|83/100|[from] Recoil\n|move|p1a: Dialga|Draco Meteor|p2a: Furret\n|-damage|p2a: Furret|7/100\n|-unboost|p1a: Dialga|spa|2\n|\n|upkeep\n|turn|17\n|inactive|Time left: 300 sec this turn | 300 sec total\n|\n|t:|1783548737\n|move|p2a: Furret|Double-Edge|p1a: Dialga\n|-resisted|p1a: Dialga\n|-damage|p1a: Dialga|14/266\n|-damage|p2a: Furret|0 fnt|[from] Recoil\n|faint|p2a: Furret\n|move|p1a: Dialga|Draco Meteor|p2: Furret|[notarget]\n|-fail|p1a: Dialga\n|\n|upkeep\n|\n|t:|1783548738\n|switch|p2a: Regice|Regice, L88|100/100\n|turn|18\n|inactive|Time left: 300 sec this turn | 300 sec total\n|\n|t:|1783548739\n|move|p1a: Dialga|Thunder Wave|p2a: Regice\n|-status|p2a: Regice|par\n|move|p2a: Regice|Ice Beam|p1a: Dialga\n|-damage|p1a: Dialga|0 fnt\n|faint|p1a: Dialga\n|\n|upkeep\n|inactive|Time left: 300 sec this turn | 300 sec total | 5 sec grace\n|\n|t:|1783548740\n|switch|p1a: Copperajah|Copperajah, L86, M, tera:Fairy|137/350\n|turn|19\n|inactive|Time left: 300 sec this turn | 300 sec total\n|\n|t:|1783548741\n|-terastallize|p2a: Regice|Electric\n|move|p1a: Copperajah|Play Rough|p2a: Regice\n|-damage|p2a: Regice|36/100 par\n|move|p2a: Regice|Ice Beam|p1a: Copperajah\n|-damage|p1a: Copperajah|1/350\n|\n|upkeep\n|turn|20\n|inactive|Time left: 300 sec this turn | 300 sec total\n|\n|t:|1783548743\n|move|p1a: Copperajah|Play Rough|p2a: Regice\n|-damage|p2a: Regice|0 fnt\n|faint|p2a: Regice\n|\n|upkeep\n|\n|t:|1783548744\n|switch|p2a: Scream Tail|Scream Tail, L84|93/100\n|turn|21\n|inactive|Time left: 300 sec this turn | 300 sec total\n|\n|t:|1783548745\n|move|p2a: Scream Tail|Dazzling Gleam|p1a: Copperajah\n|-damage|p1a: Copperajah|0 fnt\n|faint|p1a: Copperajah\n|\n|-heal|p2a: Scream Tail|99/100|[from] item: Leftovers\n|upkeep\n|inactive|Time left: 300 sec this turn | 300 sec total | 5 sec grace\n|\n|t:|1783548746\n|switch|p1a: Squawkabilly|Squawkabilly-White, L89, M|248/291\n|turn|22\n|inactive|Time left: 300 sec this turn | 300 sec total\n|\n|t:|1783548747\n|move|p2a: Scream Tail|Dazzling Gleam|p1a: Squawkabilly\n|-damage|p1a: Squawkabilly|160/291\n|move|p1a: Squawkabilly|Parting Shot|p2a: Scream Tail\n|-unboost|p2a: Scream Tail|atk|1\n|-unboost|p2a: Scream Tail|spa|1\n|inactive|Time left: 300 sec this turn | 300 sec total | 5 sec grace\n|\n|t:|1783548748\n|switch|p1a: Great Tusk|Great Tusk, L77|156/304|[from] Parting Shot\n|\n|-heal|p2a: Scream Tail|100/100|[from] item: Leftovers\n|-heal|p1a: Great Tusk|175/304|[from] item: Leftovers\n|upkeep\n|turn|23\n|inactive|Time left: 300 sec this turn | 300 sec total\n|\n|t:|1783548749\n|-end|p1a: Great Tusk|Protosynthesis|[silent]\n|switch|p1a: Squawkabilly|Squawkabilly-White, L89, M|160/291\n|move|p2a: Scream Tail|Dazzling Gleam|p1a: Squawkabilly\n|-crit|p1a: Squawkabilly\n|-damage|p1a: Squawkabilly|36/291\n|\n|upkeep\n|turn|24\n|inactive|Time left: 300 sec this turn | 300 sec total\n|\n|t:|1783548750\n|move|p1a: Squawkabilly|Quick Attack|p2a: Scream Tail\n|-damage|p2a: Scream Tail|80/100\n|move|p2a: Scream Tail|Dazzling Gleam|p1a: Squawkabilly\n|-damage|p1a: Squawkabilly|0 fnt\n|faint|p1a: Squawkabilly\n|\n|-heal|p2a: Scream Tail|86/100|[from] item: Leftovers\n|upkeep\n|inactive|Time left: 300 sec this turn | 300 sec total | 5 sec grace\n|\n|t:|1783548751\n|switch|p1a: Great Tusk|Great Tusk, L77|175/304\n|turn|25\n|inactive|Time left: 300 sec this turn | 300 sec total\n|\n|t:|1783548752\n|move|p2a: Scream Tail|Dazzling Gleam|p1a: Great Tusk\n|-supereffective|p1a: Great Tusk\n|-damage|p1a: Great Tusk|35/304\n|move|p1a: Great Tusk|Close Combat|p2a: Scream Tail\n|-resisted|p2a: Scream Tail\n|-damage|p2a: Scream Tail|77/100\n|-unboost|p1a: Great Tusk|def|1\n|-unboost|p1a: Great Tusk|spd|1\n|\n|-heal|p2a: Scream Tail|83/100|[from] item: Leftovers\n|-heal|p1a: Great Tusk|54/304|[from] item: Leftovers\n|upkeep\n|turn|26\n|inactive|Time left: 300 sec this turn | 300 sec total\n|\n|t:|1783548753\n|move|p2a: Scream Tail|Dazzling Gleam|p1a: Great Tusk\n|-supereffective|p1a: Great Tusk\n|-damage|p1a: Great Tusk|0 fnt\n|faint|p1a: Great Tusk\n|-end|p1a: Great Tusk|Protosynthesis|[silent]\n|\n|win|p0y8258318", "uploadtime": 1783548753, "views": 0, "rating": 0, "private": 0, "password": null, "_winner": "p0y8258318", "_our_name": "p0x825eced"}