{"id": "battle-gen9randombattle-401", "formatid": "gen9randombattle", "format": "[Gen 9] Random Battle", "players": ["p0x4019bf8", "p0y4011d6b"], "log": "|init|battle\n|title|p0x4019bf8 vs. p0y4011d6b\n|j|\u2606p0x4019bf8\n|j|\u2606p0y4011d6b\n|t:|1783543737\n|gametype|singles\n|player|p1|p0x4019bf8|170|\n|player|p2|p0y4011d6b|170|\n|gen|9\n|tier|[Gen 9] Random Battle\n|rule|Species Clause: Limit one of each Pok\u00e9mon\n|rule|HP Percentage Mod: HP is shown in percentages\n|rule|Sleep Clause Mod: Limit one foe put to sleep\n|rule|Illusion Level Mod: Illusion disguises the Pok\u00e9mon's true level\n|\n|t:|1783543737\n|teamsize|p1|6\n|teamsize|p2|6\n|start\n|switch|p1a: Cinderace|Cinderace, L77, M|100/100\n|switch|p2a: Dragalge|Dragalge, L88, F|258/258\n|turn|1\n|inactive|Battle timer is ON: inactive players will automatically lose when time's up. (requested by p0y4011d6b)\n|inactive|p0x4019bf8 also wants the timer to be on.\n|\n|t:|1783543738\n|switch|p1a: Scrafty|Scrafty, L83, M|100/100\n|-ability|p1a: Scrafty|Intimidate|boost\n|-unboost|p2a: Dragalge|atk|1\n|move|p2a: Dragalge|Sludge Wave|p1a: Scrafty\n|-damage|p1a: Scrafty|50/100\n|\n|-heal|p1a: Scrafty|57/100|[from] item: Leftovers\n|upkeep\n|turn|2\n|inactive|Time left: 300 sec this turn | 300 sec total\n|\n|t:|1783543739\n|move|p1a: Scrafty|Knock Off|p2a: Dragalge\n|-damage|p2a: Dragalge|168/258\n|-enditem|p2a: Dragalge|Assault Vest|[from] move: Knock Off|[of] p1a: Scrafty\n|move|p2a: Dragalge|Sludge Wave|p1a: Scrafty\n|-damage|p1a: Scrafty|4/100\n|-status|p1a: Scrafty|psn\n|\n|-heal|p1a: Scrafty|10/100 psn|[from] item: Leftovers\n|-damage|p1a: Scrafty|0 fnt|[from] psn\n|faint|p1a: Scrafty\n|upkeep\n|\n|t:|1783543740\n|switch|p1a: Rayquaza|Rayquaza, L72|100/100\n|-ability|p1a: Rayquaza|Air Lock\n|turn|3\n|inactive|Time left: 300 sec this turn | 300 sec total\n|\n|t:|1783543741\n|switch|p2a: Tauros|Tauros-Paldea-Combat, L82, M|257/257\n|-ability|p2a: Tauros|Intimidate|boost\n|-unboost|p1a: Rayquaza|atk|1\n|move|p1a: Rayquaza|Outrage|p2a: Tauros\n|-damage|p2a: Tauros|184/257\n|\n|upkeep\n|turn|4\n|inactive|Time left: 300 sec this turn | 300 sec total\n|\n|t:|1783543742\n|move|p2a: Tauros|Iron Head|p1a: Rayquaza\n|-damage|p1a: Rayquaza|61/100\n|cant|p1a: Rayquaza|flinch\n|\n|-start|p1a: Rayquaza|confusion|[fatigue]\n|upkeep\n|turn|5\n|inactive|Time left: 300 sec this turn | 300 sec total\n|\n|t:|1783543743\n|switch|p1a: Primarina|Primarina, L83, F|100/100\n|move|p2a: Tauros|Iron Head|p1a: Primarina\n|-damage|p1a: Primarina|65/100\n|\n|-heal|p1a: Primarina|71/100|[from] item: Leftovers\n|upkeep\n|turn|6\n|inactive|Time left: 300 sec this turn | 300 sec total\n|\n|t:|1783543744\n|move|p2a: Tauros|Iron Head|p1a: Primarina\n|-damage|p1a: Primarina|33/100\n|cant|p1a: Primarina|flinch\n|\n|-heal|p1a: Primarina|39/100|[from] item: Leftovers\n|upkeep\n|turn|7\n|inactive|Time left: 300 sec this turn | 300 sec total\n|\n|t:|1783543745\n|move|p2a: Tauros|Iron Head|p1a: Primarina\n|-damage|p1a: Primarina|0 fnt\n|faint|p1a: Primarina\n|\n|upkeep\n|\n|t:|1783543746\n|switch|p1a: Chandelure|Chandelure, L83, M|100/100\n|turn|8\n|inactive|Time left: 300 sec this turn | 300 sec total\n|\n|t:|1783543747\n|switch|p2a: Porygon-Z|Porygon-Z, L83|277/277\n|move|p1a: Chandelure|Fire Blast|p2a: Porygon-Z\n|-damage|p2a: Porygon-Z|91/277\n|\n|upkeep\n|turn|9\n|inactive|Time left: 300 sec this turn | 300 sec total\n|\n|t:|1783543748\n|switch|p2a: Whiscash|Whiscash, L88, M|337/337\n|move|p1a: Chandelure|Fire Blast|p2a: Whiscash\n|-resisted|p2a: Whiscash\n|-damage|p2a: Whiscash|243/337\n|\n|upkeep\n|turn|10\n|inactive|Time left: 300 sec this turn | 300 sec total\n|\n|t:|1783543749\n|move|p1a: Chandelure|Fire Blast|p2a: Whiscash|[miss]\n|-miss|p1a: Chandelure|p2a: Whiscash\n|move|p2a: Whiscash|Dragon Dance|p2a: Whiscash\n|-boost|p2a: Whiscash|atk|1\n|-boost|p2a: Whiscash|spe|1\n|\n|upkeep\n|turn|11\n|inactive|Time left: 300 sec this turn | 300 sec total\n|\n|t:|1783543751\n|switch|p1a: Rayquaza|Rayquaza, L72|61/100\n|-ability|p1a: Rayquaza|Air Lock\n|move|p2a: Whiscash|Liquidation|p1a: Rayquaza\n|-resisted|p1a: Rayquaza\n|-damage|p1a: Rayquaza|24/100\n|-damage|p2a: Whiscash|210/337|[from] item: Life Orb\n|\n|upkeep\n|turn|12\n|inactive|Time left: 300 sec this turn | 300 sec total\n|\n|t:|1783543752\n|move|p2a: Whiscash|Liquidation|p1a: Rayquaza\n|-resisted|p1a: Rayquaza\n|-damage|p1a: Rayquaza|0 fnt\n|faint|p1a: Rayquaza\n|-damage|p2a: Whiscash|177/337|[from] item: Life Orb\n|\n|upkeep\n|\n|t:|1783543753\n|switch|p1a: Chandelure|Chandelure, L83, M|100/100\n|turn|13\n|inactive|Time left: 300 sec this turn | 300 sec total\n|\n|t:|1783543754\n|switch|p2a: Dragalge|Dragalge, L88, F|168/258\n|move|p1a: Chandelure|Energy Ball|p2a: Dragalge\n|-resisted|p2a: Dragalge\n|-crit|p2a: Dragalge\n|-damage|p2a: Dragalge|146/258\n|\n|upkeep\n|turn|14\n|inactive|Time left: 300 sec this turn | 300 sec total\n|\n|t:|1783543755\n|move|p1a: Chandelure|Energy Ball|p2a: Dragalge\n|-resisted|p2a: Dragalge\n|-damage|p2a: Dragalge|131/258\n|move|p2a: Dragalge|Draco Meteor|p1a: Chandelure\n|-damage|p1a: Chandelure|18/100\n|-unboost|p2a: Dragalge|spa|2\n|\n|upkeep\n|turn|15\n|inactive|Time left: 300 sec this turn | 300 sec total\n|\n|t:|1783543757\n|move|p1a: Chandelure|Energy Ball|p2a: Dragalge\n|-resisted|p2a: Dragalge\n|-damage|p2a: Dragalge|116/258\n|-unboost|p2a: Dragalge|spd|1\n|move|p2a: Dragalge|Dragon Tail|p1a: Chandelure\n|-damage|p1a: Chandelure|0 fnt\n|faint|p1a: Chandelure\n|\n|upkeep\n|\n|t:|1783543758\n|switch|p1a: Cinderace|Cinderace, L77, M|100/100\n|turn|16\n|inactive|Time left: 300 sec this turn | 300 sec total\n|\n|t:|1783543759\n|move|p1a: Cinderace|Pyro Ball|p2a: Dragalge\n|-resisted|p2a: Dragalge\n|-damage|p2a: Dragalge|59/258\n|move|p2a: Dragalge|Draco Meteor|p1a: Cinderace\n|-damage|p1a: Cinderace|47/100\n|-unboost|p2a: Dragalge|spa|2\n|\n|upkeep\n|turn|17\n|inactive|Time left: 300 sec this turn | 300 sec total\n|\n|t:|1783543760\n|switch|p2a: Tauros|Tauros-Paldea-Combat, L82, M|184/257\n|-ability|p2a: Tauros|Intimidate|boost\n|-unboost|p1a: Cinderace|atk|1\n|move|p1a: Cinderace|Gunk Shot|p2a: Tauros\n|-start|p1a: Cinderace|typechange|Poison|[from] ability: Libero\n|-damage|p2a: Tauros|111/257\n|\n|upkeep\n|turn|18\n|inactive|Time left: 300 sec this turn | 300 sec total\n|\n|t:|1783543761\n|move|p1a: Cinderace|Gunk Shot|p2a: Tauros\n|-damage|p2a: Tauros|35/257\n|-status|p2a: Tauros|psn\n|move|p2a: Tauros|Close Combat|p1a: Cinderace\n|-resisted|p1a: Cinderace\n|-damage|p1a: Cinderace|1/100\n|-unboost|p2a: Tauros|def|1\n|-unboost|p2a: Tauros|spd|1\n|\n|-damage|p2a: Tauros|3/257 psn|[from] psn\n|upkeep\n|turn|19\n|inactive|Time left: 300 sec this turn | 300 sec total\n|\n|t:|1783543762\n|switch|p2a: Whiscash|Whiscash, L88, M|177/337\n|move|p1a: Cinderace|High Jump Kick|p2a: Whiscash\n|-damage|p2a: Whiscash|114/337\n|\n|upkeep\n|turn|20\n|inactive|Time left: 300 sec this turn | 300 sec total\n|\n|t:|1783543763\n|move|p1a: Cinderace|Gunk Shot|p2a: Whiscash\n|-resisted|p2a: Whiscash\n|-damage|p2a: Whiscash|72/337\n|-status|p2a: Whiscash|psn\n|move|p2a: Whiscash|Dragon Dance|p2a: Whiscash\n|-boost|p2a: Whiscash|atk|1\n|-boost|p2a: Whiscash|spe|1\n|\n|-damage|p2a: Whiscash|30/337 psn|[from] psn\n|upkeep\n|turn|21\n|inactive|Time left: 300 sec this turn | 300 sec total\n|\n|t:|1783543765\n|move|p2a: Whiscash|Earthquake|p1a: Cinderace\n|-supereffective|p1a: Cinderace\n|-damage|p1a: Cinderace|0 fnt\n|faint|p1a: Cinderace\n|-damage|p2a: Whiscash|0 fnt|[from] item: Life Orb\n|faint|p2a: Whiscash\n|\n|upkeep\n|inactive|Time left: 300 sec this turn | 300 sec total | 5 sec grace\n|\n|t:|1783543766\n|switch|p1a: Tauros|Tauros, L82, M|100/100\n|switch|p2a: Exeggutor|Exeggutor, L89, F|312/312\n|turn|22\n|inactive|Time left: 300 sec this turn | 300 sec total\n|\n|t:|1783543767\n|move|p1a: Tauros|Throat Chop|p2a: Exeggutor\n|-supereffective|p2a: Exeggutor\n|-damage|p2a: Exeggutor|125/312\n|-enditem|p2a: Exeggutor|Sitrus Berry|[eat]\n|-heal|p2a: Exeggutor|203/312|[from] item: Sitrus Berry\n|move|p2a: Exeggutor|Psychic Noise|p1a: Tauros\n|-damage|p1a: Tauros|45/100\n|-start|p1a: Tauros|move: Heal Block\n|\n|upkeep\n|turn|23\n|inactive|Time left: 300 sec this turn | 300 sec total\n|\n|t:|1783543768\n|move|p1a: Tauros|Close Combat|p2a: Exeggutor\n|-resisted|p2a: Exeggutor\n|-damage|p2a: Exeggutor|154/312\n|-unboost|p1a: Tauros|def|1\n|-unboost|p1a: Tauros|spd|1\n|-damage|p1a: Tauros|36/100|[from] item: Life Orb\n|move|p2a: Exeggutor|Psychic Noise|p1a: Tauros\n|-damage|p1a: Tauros|0 fnt\n|faint|p1a: Tauros\n|\n|win|p0y4011d6b", "uploadtime": 1783543768, "views": 0, "rating": 0, "private": 0, "password": null, "_winner": "p0y4011d6b", "_our_name": "p0y4011d6b"}