{"id": "battle-gen9randombattle-1656", "formatid": "gen9randombattle", "format": "[Gen 9] Random Battle", "players": ["p0x1656dd65", "p0y16562e34"], "log": "|init|battle\n|title|p0x1656dd65 vs. p0y16562e34\n|j|\u2606p0x1656dd65\n|j|\u2606p0y16562e34\n|t:|1783559173\n|gametype|singles\n|player|p1|p0x1656dd65|102|\n|player|p2|p0y16562e34|265|\n|gen|9\n|tier|[Gen 9] Random Battle\n|rule|Species Clause: Limit one of each Pok\u00e9mon\n|rule|HP Percentage Mod: HP is shown in percentages\n|rule|Sleep Clause Mod: Limit one foe put to sleep\n|rule|Illusion Level Mod: Illusion disguises the Pok\u00e9mon's true level\n|\n|t:|1783559173\n|teamsize|p1|6\n|teamsize|p2|6\n|start\n|switch|p1a: Mewtwo|Mewtwo, L72|100/100\n|switch|p2a: Dondozo|Dondozo, L78, M|362/362\n|-ability|p1a: Mewtwo|Pressure\n|turn|1\n|inactive|Battle timer is ON: inactive players will automatically lose when time's up. (requested by p0y16562e34)\n|inactive|p0x1656dd65 also wants the timer to be on.\n|\n|t:|1783559174\n|move|p1a: Mewtwo|Nasty Plot|p1a: Mewtwo\n|-boost|p1a: Mewtwo|spa|2\n|move|p2a: Dondozo|Wave Crash|p1a: Mewtwo\n|-damage|p1a: Mewtwo|49/100\n|-damage|p2a: Dondozo|315/362|[from] Recoil\n|\n|-heal|p2a: Dondozo|337/362|[from] item: Leftovers\n|upkeep\n|turn|2\n|inactive|Time left: 300 sec this turn | 300 sec total\n|\n|t:|1783559176\n|move|p1a: Mewtwo|Psystrike|p2a: Dondozo\n|-damage|p2a: Dondozo|208/362\n|-damage|p1a: Mewtwo|39/100|[from] item: Life Orb\n|move|p2a: Dondozo|Wave Crash|p1a: Mewtwo\n|-damage|p1a: Mewtwo|0 fnt\n|faint|p1a: Mewtwo\n|-damage|p2a: Dondozo|174/362|[from] Recoil\n|\n|-heal|p2a: Dondozo|196/362|[from] item: Leftovers\n|upkeep\n|\n|t:|1783559177\n|switch|p1a: Glaceon|Glaceon, L94, M|100/100\n|turn|3\n|inactive|Time left: 300 sec this turn | 300 sec total\n|\n|t:|1783559178\n|switch|p2a: Regirock|Regirock, L83|268/268\n|move|p1a: Glaceon|Freeze-Dry|p2a: Regirock\n|-damage|p2a: Regirock|162/268\n|\n|upkeep\n|turn|4\n|inactive|Time left: 300 sec this turn | 300 sec total\n|\n|t:|1783559179\n|move|p1a: Glaceon|Freeze-Dry|p2a: Regirock\n|-damage|p2a: Regirock|48/268\n|move|p2a: Regirock|Rest|p2a: Regirock\n|-status|p2a: Regirock|slp|[from] move: Rest\n|-heal|p2a: Regirock|268/268 slp|[silent]\n|-enditem|p2a: Regirock|Chesto Berry|[eat]\n|-curestatus|p2a: Regirock|slp|[msg]\n|\n|upkeep\n|turn|5\n|inactive|Time left: 300 sec this turn | 300 sec total\n|\n|t:|1783559180\n|move|p1a: Glaceon|Freeze-Dry|p2a: Regirock\n|-damage|p2a: Regirock|154/268\n|move|p2a: Regirock|Stone Edge|p1a: Glaceon|[miss]\n|-miss|p2a: Regirock|p1a: Glaceon\n|\n|upkeep\n|turn|6\n|inactive|Time left: 300 sec this turn | 300 sec total\n|\n|t:|1783559181\n|move|p1a: Glaceon|Freeze-Dry|p2a: Regirock\n|-damage|p2a: Regirock|54/268\n|move|p2a: Regirock|Stone Edge|p1a: Glaceon\n|-supereffective|p1a: Glaceon\n|-crit|p1a: Glaceon\n|-damage|p1a: Glaceon|15/100\n|\n|upkeep\n|turn|7\n|inactive|Time left: 300 sec this turn | 300 sec total\n|\n|t:|1783559182\n|move|p1a: Glaceon|Freeze-Dry|p2a: Regirock\n|-damage|p2a: Regirock|0 fnt\n|faint|p2a: Regirock\n|\n|upkeep\n|inactive|Time left: 300 sec this turn | 300 sec total | 5 sec grace\n|\n|t:|1783559183\n|switch|p2a: Calyrex|Calyrex-Shadow, L64|235/235\n|-ability|p2a: Calyrex|As One\n|-ability|p2a: Calyrex|Unnerve\n|turn|8\n|inactive|Time left: 300 sec this turn | 300 sec total\n|\n|t:|1783559184\n|switch|p1a: Articuno|Articuno, L86|100/100\n|-ability|p1a: Articuno|Pressure\n|move|p2a: Calyrex|Astral Barrage|p1a: Articuno\n|-damage|p1a: Articuno|57/100\n|\n|upkeep\n|turn|9\n|inactive|Time left: 300 sec this turn | 300 sec total\n|\n|t:|1783559185\n|move|p2a: Calyrex|Astral Barrage|p1a: Articuno\n|-damage|p1a: Articuno|16/100\n|move|p1a: Articuno|Roost|p1a: Articuno\n|-heal|p1a: Articuno|67/100\n|-singleturn|p1a: Articuno|move: Roost\n|\n|upkeep\n|turn|10\n|inactive|Time left: 300 sec this turn | 300 sec total\n|\n|t:|1783559186\n|move|p2a: Calyrex|Astral Barrage|p1a: Articuno\n|-damage|p1a: Articuno|27/100\n|move|p1a: Articuno|Roost|p1a: Articuno\n|-heal|p1a: Articuno|77/100\n|-singleturn|p1a: Articuno|move: Roost\n|\n|upkeep\n|turn|11\n|inactive|Time left: 300 sec this turn | 300 sec total\n|\n|t:|1783559187\n|move|p2a: Calyrex|Astral Barrage|p1a: Articuno\n|-damage|p1a: Articuno|33/100\n|move|p1a: Articuno|Brave Bird|p2a: Calyrex\n|-damage|p2a: Calyrex|69/235\n|-damage|p1a: Articuno|14/100|[from] Recoil\n|\n|upkeep\n|turn|12\n|inactive|Time left: 300 sec this turn | 300 sec total\n|\n|t:|1783559188\n|switch|p2a: Plusle|Plusle, L95, M|268/268\n|move|p1a: Articuno|Roost|p1a: Articuno\n|-heal|p1a: Articuno|64/100\n|-singleturn|p1a: Articuno|move: Roost\n|\n|upkeep\n|turn|13\n|inactive|Time left: 300 sec this turn | 300 sec total\n|\n|t:|1783559189\n|-terastallize|p1a: Articuno|Steel\n|move|p2a: Plusle|Thunderbolt|p1a: Articuno\n|-damage|p1a: Articuno|27/100\n|-status|p1a: Articuno|par\n|-damage|p2a: Plusle|242/268|[from] item: Life Orb\n|move|p1a: Articuno|Roost|p1a: Articuno\n|-heal|p1a: Articuno|77/100 par\n|\n|upkeep\n|turn|14\n|inactive|Time left: 300 sec this turn | 300 sec total\n|\n|t:|1783559190\n|move|p2a: Plusle|Nasty Plot|p2a: Plusle\n|-boost|p2a: Plusle|spa|2\n|cant|p1a: Articuno|par\n|\n|upkeep\n|turn|15\n|inactive|Time left: 300 sec this turn | 300 sec total\n|\n|t:|1783559191\n|move|p2a: Plusle|Thunderbolt|p1a: Articuno\n|-damage|p1a: Articuno|9/100 par\n|-damage|p2a: Plusle|216/268|[from] item: Life Orb\n|move|p1a: Articuno|Freeze-Dry|p2a: Plusle\n|-damage|p2a: Plusle|140/268\n|\n|upkeep\n|turn|16\n|inactive|Time left: 300 sec this turn | 300 sec total\n|\n|t:|1783559192\n|move|p2a: Plusle|Thunderbolt|p1a: Articuno\n|-damage|p1a: Articuno|0 fnt\n|faint|p1a: Articuno\n|-damage|p2a: Plusle|114/268|[from] item: Life Orb\n|\n|upkeep\n|\n|t:|1783559193\n|switch|p1a: Glaceon|Glaceon, L94, M|15/100\n|turn|17\n|inactive|Time left: 300 sec this turn | 300 sec total\n|\n|t:|1783559194\n|move|p1a: Glaceon|Protect|p1a: Glaceon\n|-singleturn|p1a: Glaceon|Protect\n|move|p2a: Plusle|Grass Knot|p1a: Glaceon\n|-activate|p1a: Glaceon|move: Protect\n|\n|upkeep\n|turn|18\n|inactive|Time left: 300 sec this turn | 300 sec total\n|\n|t:|1783559195\n|move|p1a: Glaceon|Protect||[still]\n|-fail|p1a: Glaceon\n|move|p2a: Plusle|Thunderbolt|p1a: Glaceon\n|-damage|p1a: Glaceon|0 fnt\n|faint|p1a: Glaceon\n|-damage|p2a: Plusle|88/268|[from] item: Life Orb\n|\n|upkeep\n|\n|t:|1783559196\n|switch|p1a: Slowbro|Slowbro-Galar, L87, M|100/100\n|turn|19\n|inactive|Time left: 300 sec this turn | 300 sec total\n|\n|t:|1783559197\n|move|p2a: Plusle|Thunderbolt|p1a: Slowbro\n|-damage|p1a: Slowbro|0 fnt\n|faint|p1a: Slowbro\n|-damage|p2a: Plusle|62/268|[from] item: Life Orb\n|\n|upkeep\n|\n|t:|1783559198\n|switch|p1a: Sneasler|Sneasler, L74, M|100/100\n|turn|20\n|inactive|Time left: 300 sec this turn | 300 sec total\n|\n|t:|1783559199\n|move|p2a: Plusle|Thunderbolt|p1a: Sneasler\n|-damage|p1a: Sneasler|0 fnt\n|faint|p1a: Sneasler\n|-damage|p2a: Plusle|36/268|[from] item: Life Orb\n|\n|upkeep\n|\n|t:|1783559200\n|switch|p1a: Klefki|Klefki, L84, F|100/100\n|turn|21\n|inactive|Time left: 300 sec this turn | 300 sec total\n|\n|t:|1783559201\n|-terastallize|p2a: Plusle|Electric\n|move|p2a: Plusle|Thunderbolt|p1a: Klefki\n|-damage|p1a: Klefki|0 fnt\n|faint|p1a: Klefki\n|-damage|p2a: Plusle|10/268|[from] item: Life Orb\n|\n|win|p0y16562e34", "uploadtime": 1783559201, "views": 0, "rating": 0, "private": 0, "password": null, "_winner": "p0y16562e34", "_our_name": "p0y16562e34"}