{"id": "battle-gen9randombattle-32", "formatid": "gen9randombattle", "format": "[Gen 9] Random Battle", "players": ["p0x032f309", "p0y032b181"], "log": "|init|battle\n|title|p0x032f309 vs. p0y032b181\n|j|\u2606p0x032f309\n|j|\u2606p0y032b181\n|t:|1783533605\n|gametype|singles\n|player|p1|p0x032f309|266|\n|player|p2|p0y032b181|265|\n|gen|9\n|tier|[Gen 9] Random Battle\n|rule|Species Clause: Limit one of each Pok\u00e9mon\n|rule|HP Percentage Mod: HP is shown in percentages\n|rule|Sleep Clause Mod: Limit one foe put to sleep\n|rule|Illusion Level Mod: Illusion disguises the Pok\u00e9mon's true level\n|\n|t:|1783533605\n|teamsize|p1|6\n|teamsize|p2|6\n|start\n|switch|p1a: Chimecho|Chimecho, L93, F|290/290\n|switch|p2a: Metagross|Metagross, L79|100/100\n|turn|1\n|inactive|Battle timer is ON: inactive players will automatically lose when time's up. (requested by p0x032f309)\n|inactive|p0y032b181 also wants the timer to be on.\n|\n|t:|1783533606\n|move|p1a: Chimecho|Cosmic Power|p1a: Chimecho\n|-boost|p1a: Chimecho|def|1\n|-boost|p1a: Chimecho|spd|1\n|move|p2a: Metagross|Heavy Slam|p1a: Chimecho\n|-damage|p1a: Chimecho|194/290\n|\n|-heal|p1a: Chimecho|212/290|[from] item: Leftovers\n|upkeep\n|turn|2\n|inactive|Time left: 300 sec this turn | 300 sec total\n|\n|t:|1783533608\n|move|p1a: Chimecho|Cosmic Power|p1a: Chimecho\n|-boost|p1a: Chimecho|def|1\n|-boost|p1a: Chimecho|spd|1\n|move|p2a: Metagross|Heavy Slam|p1a: Chimecho\n|-damage|p1a: Chimecho|143/290\n|\n|-heal|p1a: Chimecho|161/290|[from] item: Leftovers\n|upkeep\n|turn|3\n|inactive|Time left: 300 sec this turn | 300 sec total\n|\n|t:|1783533609\n|move|p1a: Chimecho|Recover|p1a: Chimecho\n|-heal|p1a: Chimecho|290/290\n|move|p2a: Metagross|Agility|p2a: Metagross\n|-boost|p2a: Metagross|spe|2\n|\n|upkeep\n|turn|4\n|inactive|Time left: 300 sec this turn | 300 sec total\n|\n|t:|1783533610\n|move|p2a: Metagross|Agility|p2a: Metagross\n|-boost|p2a: Metagross|spe|2\n|move|p1a: Chimecho|Stored Power|p2a: Metagross\n|-resisted|p2a: Metagross\n|-damage|p2a: Metagross|88/100\n|\n|upkeep\n|turn|5\n|inactive|Time left: 300 sec this turn | 300 sec total\n|\n|t:|1783533611\n|move|p2a: Metagross|Heavy Slam|p1a: Chimecho\n|-damage|p1a: Chimecho|215/290\n|move|p1a: Chimecho|Stored Power|p2a: Metagross\n|-resisted|p2a: Metagross\n|-damage|p2a: Metagross|75/100\n|\n|-heal|p1a: Chimecho|233/290|[from] item: Leftovers\n|upkeep\n|turn|6\n|inactive|Time left: 300 sec this turn | 300 sec total\n|\n|t:|1783533613\n|move|p2a: Metagross|Heavy Slam|p1a: Chimecho\n|-damage|p1a: Chimecho|155/290\n|move|p1a: Chimecho|Recover|p1a: Chimecho\n|-heal|p1a: Chimecho|290/290\n|\n|upkeep\n|turn|7\n|inactive|Time left: 300 sec this turn | 300 sec total\n|\n|t:|1783533614\n|move|p2a: Metagross|Heavy Slam|p1a: Chimecho\n|-damage|p1a: Chimecho|212/290\n|move|p1a: Chimecho|Cosmic Power|p1a: Chimecho\n|-boost|p1a: Chimecho|def|1\n|-boost|p1a: Chimecho|spd|1\n|\n|-heal|p1a: Chimecho|230/290|[from] item: Leftovers\n|upkeep\n|turn|8\n|inactive|Time left: 300 sec this turn | 300 sec total\n|\n|t:|1783533615\n|move|p2a: Metagross|Heavy Slam|p1a: Chimecho\n|-damage|p1a: Chimecho|172/290\n|move|p1a: Chimecho|Stored Power|p2a: Metagross\n|-resisted|p2a: Metagross\n|-damage|p2a: Metagross|56/100\n|\n|-heal|p1a: Chimecho|190/290|[from] item: Leftovers\n|upkeep\n|turn|9\n|inactive|Time left: 300 sec this turn | 300 sec total\n|\n|t:|1783533617\n|move|p2a: Metagross|Heavy Slam|p1a: Chimecho\n|-damage|p1a: Chimecho|129/290\n|move|p1a: Chimecho|Stored Power|p2a: Metagross\n|-resisted|p2a: Metagross\n|-damage|p2a: Metagross|38/100\n|\n|-heal|p1a: Chimecho|147/290|[from] item: Leftovers\n|upkeep\n|turn|10\n|inactive|Time left: 300 sec this turn | 300 sec total\n|\n|t:|1783533618\n|move|p2a: Metagross|Heavy Slam|p1a: Chimecho\n|-damage|p1a: Chimecho|89/290\n|move|p1a: Chimecho|Stored Power|p2a: Metagross\n|-resisted|p2a: Metagross\n|-damage|p2a: Metagross|19/100\n|\n|-heal|p1a: Chimecho|107/290|[from] item: Leftovers\n|upkeep\n|turn|11\n|inactive|Time left: 300 sec this turn | 300 sec total\n|\n|t:|1783533620\n|move|p2a: Metagross|Heavy Slam|p1a: Chimecho\n|-damage|p1a: Chimecho|53/290\n|move|p1a: Chimecho|Recover|p1a: Chimecho\n|-heal|p1a: Chimecho|198/290\n|\n|-heal|p1a: Chimecho|216/290|[from] item: Leftovers\n|upkeep\n|turn|12\n|inactive|Time left: 300 sec this turn | 300 sec total\n|\n|t:|1783533621\n|move|p2a: Metagross|Heavy Slam|p1a: Chimecho\n|-damage|p1a: Chimecho|162/290\n|move|p1a: Chimecho|Stored Power|p2a: Metagross\n|-resisted|p2a: Metagross\n|-damage|p2a: Metagross|0 fnt\n|faint|p2a: Metagross\n|\n|-heal|p1a: Chimecho|180/290|[from] item: Leftovers\n|upkeep\n|\n|t:|1783533622\n|switch|p2a: Sinistcha|Sinistcha, L83|100/100\n|turn|13\n|inactive|Time left: 300 sec this turn | 300 sec total\n|\n|t:|1783533623\n|move|p1a: Chimecho|Stored Power|p2a: Sinistcha\n|-damage|p2a: Sinistcha|26/100\n|move|p2a: Sinistcha|Strength Sap|p1a: Chimecho\n|-unboost|p1a: Chimecho|atk|1\n|-heal|p2a: Sinistcha|65/100\n|\n|-heal|p1a: Chimecho|198/290|[from] item: Leftovers\n|-heal|p2a: Sinistcha|71/100|[from] item: Leftovers\n|upkeep\n|turn|14\n|inactive|Time left: 300 sec this turn | 300 sec total\n|\n|t:|1783533625\n|-terastallize|p2a: Sinistcha|Steel\n|move|p1a: Chimecho|Stored Power|p2a: Sinistcha\n|-resisted|p2a: Sinistcha\n|-damage|p2a: Sinistcha|34/100\n|move|p2a: Sinistcha|Calm Mind|p2a: Sinistcha\n|-boost|p2a: Sinistcha|spa|1\n|-boost|p2a: Sinistcha|spd|1\n|\n|-heal|p1a: Chimecho|216/290|[from] item: Leftovers\n|-heal|p2a: Sinistcha|40/100|[from] item: Leftovers\n|upkeep\n|turn|15\n|inactive|Time left: 300 sec this turn | 300 sec total\n|\n|t:|1783533626\n|move|p1a: Chimecho|Stored Power|p2a: Sinistcha\n|-resisted|p2a: Sinistcha\n|-damage|p2a: Sinistcha|13/100\n|move|p2a: Sinistcha|Strength Sap|p1a: Chimecho\n|-unboost|p1a: Chimecho|atk|1\n|-heal|p2a: Sinistcha|39/100\n|\n|-heal|p1a: Chimecho|234/290|[from] item: Leftovers\n|-heal|p2a: Sinistcha|45/100|[from] item: Leftovers\n|upkeep\n|turn|16\n|inactive|Time left: 300 sec this turn | 300 sec total\n|\n|t:|1783533627\n|move|p1a: Chimecho|Stored Power|p2a: Sinistcha\n|-resisted|p2a: Sinistcha\n|-damage|p2a: Sinistcha|21/100\n|move|p2a: Sinistcha|Calm Mind|p2a: Sinistcha\n|-boost|p2a: Sinistcha|spa|1\n|-boost|p2a: Sinistcha|spd|1\n|\n|-heal|p1a: Chimecho|252/290|[from] item: Leftovers\n|-heal|p2a: Sinistcha|27/100|[from] item: Leftovers\n|upkeep\n|turn|17\n|inactive|Time left: 300 sec this turn | 300 sec total\n|\n|t:|1783533629\n|move|p1a: Chimecho|Stored Power|p2a: Sinistcha\n|-resisted|p2a: Sinistcha\n|-damage|p2a: Sinistcha|9/100\n|move|p2a: Sinistcha|Strength Sap|p1a: Chimecho\n|-unboost|p1a: Chimecho|atk|1\n|-heal|p2a: Sinistcha|28/100\n|\n|-heal|p1a: Chimecho|270/290|[from] item: Leftovers\n|-heal|p2a: Sinistcha|34/100|[from] item: Leftovers\n|upkeep\n|turn|18\n|inactive|Time left: 300 sec this turn | 300 sec total\n|\n|t:|1783533630\n|move|p1a: Chimecho|Stored Power|p2a: Sinistcha\n|-resisted|p2a: Sinistcha\n|-damage|p2a: Sinistcha|13/100\n|move|p2a: Sinistcha|Strength Sap|p1a: Chimecho\n|-unboost|p1a: Chimecho|atk|1\n|-heal|p2a: Sinistcha|29/100\n|\n|-heal|p1a: Chimecho|288/290|[from] item: Leftovers\n|-heal|p2a: Sinistcha|35/100|[from] item: Leftovers\n|upkeep\n|turn|19\n|inactive|Time left: 300 sec this turn | 300 sec total\n|\n|t:|1783533631\n|switch|p1a: Squawkabilly|Squawkabilly-Blue, L85, F|278/278\n|move|p2a: Sinistcha|Shadow Ball|p1a: Squawkabilly\n|-immune|p1a: Squawkabilly\n|\n|-heal|p2a: Sinistcha|41/100|[from] item: Leftovers\n|-status|p1a: Squawkabilly|brn|[from] item: Flame Orb\n|upkeep\n|turn|20\n|inactive|Time left: 300 sec this turn | 300 sec total\n|\n|t:|1783533632\n|-terastallize|p1a: Squawkabilly|Normal\n|move|p1a: Squawkabilly|Facade|p2a: Sinistcha\n|-resisted|p2a: Sinistcha\n|-damage|p2a: Sinistcha|0 fnt\n|faint|p2a: Sinistcha\n|\n|-damage|p1a: Squawkabilly|261/278 brn|[from] brn\n|upkeep\n|\n|t:|1783533632\n|switch|p2a: Iron Hands|Iron Hands, L79|100/100\n|turn|21\n|inactive|Time left: 300 sec this turn | 300 sec total\n|\n|t:|1783533633\n|move|p1a: Squawkabilly|Facade|p2a: Iron Hands\n|-damage|p2a: Iron Hands|27/100\n|move|p2a: Iron Hands|Drain Punch|p1a: Squawkabilly\n|-supereffective|p1a: Squawkabilly\n|-damage|p1a: Squawkabilly|0 fnt\n|-heal|p2a: Iron Hands|62/100|[from] drain|[of] p1a: Squawkabilly\n|faint|p1a: Squawkabilly\n|\n|-heal|p2a: Iron Hands|68/100|[from] item: Leftovers\n|upkeep\n|inactive|Time left: 300 sec this turn | 300 sec total | 5 sec grace\n|\n|t:|1783533634\n|switch|p1a: Mewtwo|Mewtwo, L72|272/272\n|-ability|p1a: Mewtwo|Pressure\n|turn|22\n|inactive|Time left: 300 sec this turn | 300 sec total\n|\n|t:|1783533635\n|-end|p2a: Iron Hands|Quark Drive|[silent]\n|switch|p2a: Dragonite|Dragonite, L74, M|100/100\n|move|p1a: Mewtwo|Psystrike|p2a: Dragonite\n|-damage|p2a: Dragonite|68/100\n|-damage|p1a: Mewtwo|245/272|[from] item: Life Orb\n|\n|upkeep\n|turn|23\n|inactive|Time left: 300 sec this turn | 300 sec total\n|\n|t:|1783533637\n|move|p1a: Mewtwo|Psystrike|p2a: Dragonite\n|-damage|p2a: Dragonite|11/100\n|-damage|p1a: Mewtwo|218/272|[from] item: Life Orb\n|move|p2a: Dragonite|Dragon Dance|p2a: Dragonite\n|-boost|p2a: Dragonite|atk|1\n|-boost|p2a: Dragonite|spe|1\n|\n|upkeep\n|turn|24\n|inactive|Time left: 300 sec this turn | 300 sec total\n|\n|t:|1783533638\n|switch|p1a: Perrserker|Perrserker, L89, M|269/269\n|move|p2a: Dragonite|Outrage|p1a: Perrserker\n|-resisted|p1a: Perrserker\n|-damage|p1a: Perrserker|182/269\n|\n|upkeep\n|turn|25\n|inactive|Time left: 300 sec this turn | 300 sec total\n|\n|t:|1783533639\n|move|p2a: Dragonite|Outrage|p1a: Perrserker|[from] lockedmove\n|-resisted|p1a: Perrserker\n|-damage|p1a: Perrserker|99/269\n|-start|p2a: Dragonite|confusion|[fatigue]\n|move|p1a: Perrserker|U-turn|p2a: Dragonite\n|-resisted|p2a: Dragonite\n|-damage|p2a: Dragonite|0 fnt\n|faint|p2a: Dragonite\n|inactive|Time left: 300 sec this turn | 300 sec total | 5 sec grace\n|\n|t:|1783533639\n|switch|p1a: Mewtwo|Mewtwo, L72|218/272|[from] U-turn\n|-ability|p1a: Mewtwo|Pressure\n|\n|upkeep\n|\n|t:|1783533640\n|switch|p2a: Cinderace|Cinderace, L77, M|100/100\n|turn|26\n|inactive|Time left: 300 sec this turn | 300 sec total\n|\n|t:|1783533641\n|move|p1a: Mewtwo|Psystrike|p2a: Cinderace\n|-damage|p2a: Cinderace|26/100\n|-damage|p1a: Mewtwo|191/272|[from] item: Life Orb\n|move|p2a: Cinderace|U-turn|p1a: Mewtwo\n|-start|p2a: Cinderace|typechange|Bug|[from] ability: Libero\n|-supereffective|p1a: Mewtwo\n|-damage|p1a: Mewtwo|39/272\n|\n|t:|1783533643\n|switch|p2a: Gyarados|Gyarados, L79, M|100/100|[from] U-turn\n|-ability|p2a: Gyarados|Intimidate|boost\n|-unboost|p1a: Mewtwo|atk|1\n|\n|upkeep\n|turn|27\n|inactive|Time left: 300 sec this turn | 300 sec total\n|\n|t:|1783533643\n|move|p1a: Mewtwo|Psystrike|p2a: Gyarados\n|-damage|p2a: Gyarados|37/100\n|-damage|p1a: Mewtwo|12/272|[from] item: Life Orb\n|move|p2a: Gyarados|Dragon Dance|p2a: Gyarados\n|-boost|p2a: Gyarados|atk|1\n|-boost|p2a: Gyarados|spe|1\n|\n|upkeep\n|turn|28\n|inactive|Time left: 300 sec this turn | 300 sec total\n|\n|t:|1783533645\n|move|p2a: Gyarados|Waterfall|p1a: Mewtwo\n|-damage|p1a: Mewtwo|0 fnt\n|faint|p1a: Mewtwo\n|\n|upkeep\n|inactive|Time left: 300 sec this turn | 300 sec total | 5 sec grace\n|\n|t:|1783533645\n|switch|p1a: Chimecho|Chimecho, L93, F|288/290\n|turn|29\n|inactive|Time left: 300 sec this turn | 300 sec total\n|\n|t:|1783533646\n|move|p2a: Gyarados|Waterfall|p1a: Chimecho\n|-damage|p1a: Chimecho|162/290\n|move|p1a: Chimecho|Cosmic Power|p1a: Chimecho\n|-boost|p1a: Chimecho|def|1\n|-boost|p1a: Chimecho|spd|1\n|\n|-heal|p1a: Chimecho|180/290|[from] item: Leftovers\n|upkeep\n|turn|30\n|inactive|Time left: 300 sec this turn | 300 sec total\n|\n|t:|1783533647\n|move|p2a: Gyarados|Waterfall|p1a: Chimecho\n|-damage|p1a: Chimecho|87/290\n|move|p1a: Chimecho|Dazzling Gleam|p2a: Gyarados\n|-damage|p2a: Gyarados|12/100\n|\n|-heal|p1a: Chimecho|105/290|[from] item: Leftovers\n|upkeep\n|turn|31\n|inactive|Time left: 300 sec this turn | 300 sec total\n|\n|t:|1783533648\n|move|p2a: Gyarados|Waterfall|p1a: Chimecho\n|-damage|p1a: Chimecho|17/290\n|move|p1a: Chimecho|Recover|p1a: Chimecho\n|-heal|p1a: Chimecho|162/290\n|\n|-heal|p1a: Chimecho|180/290|[from] item: Leftovers\n|upkeep\n|turn|32\n|inactive|Time left: 300 sec this turn | 300 sec total\n|\n|t:|1783533649\n|move|p2a: Gyarados|Waterfall|p1a: Chimecho\n|-damage|p1a: Chimecho|92/290\n|move|p1a: Chimecho|Recover|p1a: Chimecho\n|-heal|p1a: Chimecho|237/290\n|\n|-heal|p1a: Chimecho|255/290|[from] item: Leftovers\n|upkeep\n|turn|33\n|inactive|Time left: 300 sec this turn | 300 sec total\n|\n|t:|1783533650\n|move|p2a: Gyarados|Waterfall|p1a: Chimecho\n|-damage|p1a: Chimecho|170/290\n|move|p1a: Chimecho|Stored Power|p2a: Gyarados\n|-damage|p2a: Gyarados|0 fnt\n|faint|p2a: Gyarados\n|\n|-heal|p1a: Chimecho|188/290|[from] item: Leftovers\n|upkeep\n|\n|t:|1783533651\n|switch|p2a: Cinderace|Cinderace, L77, M|26/100\n|turn|34\n|inactive|Time left: 300 sec this turn | 300 sec total\n|\n|t:|1783533652\n|move|p2a: Cinderace|Pyro Ball|p1a: Chimecho\n|-damage|p1a: Chimecho|104/290\n|move|p1a: Chimecho|Stored Power|p2a: Cinderace\n|-damage|p2a: Cinderace|0 fnt\n|faint|p2a: Cinderace\n|\n|-heal|p1a: Chimecho|122/290|[from] item: Leftovers\n|upkeep\n|\n|t:|1783533653\n|switch|p2a: Iron Hands|Iron Hands, L79|68/100\n|turn|35\n|inactive|Time left: 300 sec this turn | 300 sec total\n|\n|t:|1783533654\n|move|p1a: Chimecho|Stored Power|p2a: Iron Hands\n|-supereffective|p2a: Iron Hands\n|-damage|p2a: Iron Hands|18/100\n|move|p2a: Iron Hands|Ice Punch|p1a: Chimecho\n|-damage|p1a: Chimecho|84/290\n|\n|-heal|p1a: Chimecho|102/290|[from] item: Leftovers\n|-heal|p2a: Iron Hands|24/100|[from] item: Leftovers\n|upkeep\n|turn|36\n|inactive|Time left: 300 sec this turn | 300 sec total\n|\n|t:|1783533656\n|move|p1a: Chimecho|Stored Power|p2a: Iron Hands\n|-supereffective|p2a: Iron Hands\n|-damage|p2a: Iron Hands|0 fnt\n|faint|p2a: Iron Hands\n|-end|p2a: Iron Hands|Quark Drive|[silent]\n|\n|win|p0x032f309", "uploadtime": 1783533656, "views": 0, "rating": 0, "private": 0, "password": null, "_winner": "p0x032f309", "_our_name": "p0x032f309"}