{"id": "battle-gen9randombattle-2801", "formatid": "gen9randombattle", "format": "[Gen 9] Random Battle", "players": ["p0x280107fd", "p0y28014a77"], "log": "|init|battle\n|title|p0x280107fd vs. p0y28014a77\n|j|\u2606p0x280107fd\n|j|\u2606p0y28014a77\n|t:|1783571287\n|gametype|singles\n|player|p1|p0x280107fd|265|\n|player|p2|p0y28014a77|265|\n|gen|9\n|tier|[Gen 9] Random Battle\n|rule|Species Clause: Limit one of each Pok\u00e9mon\n|rule|HP Percentage Mod: HP is shown in percentages\n|rule|Sleep Clause Mod: Limit one foe put to sleep\n|rule|Illusion Level Mod: Illusion disguises the Pok\u00e9mon's true level\n|\n|t:|1783571287\n|teamsize|p1|6\n|teamsize|p2|6\n|start\n|switch|p1a: Forretress|Forretress, L84, M|100/100\n|switch|p2a: Eternatus|Eternatus, L69|308/308\n|-ability|p2a: Eternatus|Pressure\n|turn|1\n|inactive|Battle timer is ON: inactive players will automatically lose when time's up. (requested by p0x280107fd)\n|inactive|Time left: 300 sec this turn | 300 sec total | 60 sec grace\n|inactive|p0y28014a77 also wants the timer to be on.\n|\n|t:|1783571288\n|switch|p1a: Zacian|Zacian-Crowned, L64|100/100\n|-ability|p1a: Zacian|Intrepid Sword|boost\n|-boost|p1a: Zacian|atk|1\n|move|p2a: Eternatus|Flamethrower|p1a: Zacian\n|-supereffective|p1a: Zacian\n|-damage|p1a: Zacian|49/100\n|\n|upkeep\n|turn|2\n|inactive|Time left: 300 sec this turn | 300 sec total\n|\n|t:|1783571290\n|move|p1a: Zacian|Play Rough|p2a: Eternatus\n|-damage|p2a: Eternatus|169/308\n|move|p2a: Eternatus|Flamethrower|p1a: Zacian\n|-supereffective|p1a: Zacian\n|-damage|p1a: Zacian|0 fnt\n|faint|p1a: Zacian\n|\n|-heal|p2a: Eternatus|188/308|[from] item: Leftovers\n|upkeep\n|\n|t:|1783571291\n|switch|p1a: Roaring Moon|Roaring Moon, L72|100/100\n|turn|3\n|inactive|Time left: 300 sec this turn | 300 sec total\n|\n|t:|1783571292\n|-terastallize|p2a: Eternatus|Dragon\n|move|p2a: Eternatus|Dynamax Cannon|p1a: Roaring Moon\n|-supereffective|p1a: Roaring Moon\n|-damage|p1a: Roaring Moon|0 fnt\n|faint|p1a: Roaring Moon\n|-end|p1a: Roaring Moon|Protosynthesis|[silent]\n|\n|-heal|p2a: Eternatus|207/308|[from] item: Leftovers\n|upkeep\n|\n|t:|1783571293\n|switch|p1a: Thundurus|Thundurus, L80, M|100/100\n|turn|4\n|inactive|Time left: 300 sec this turn | 300 sec total\n|\n|t:|1783571294\n|-terastallize|p1a: Thundurus|Flying\n|move|p1a: Thundurus|Acrobatics|p2a: Eternatus\n|-damage|p2a: Eternatus|9/308\n|move|p2a: Eternatus|Dynamax Cannon|p1a: Thundurus\n|-damage|p1a: Thundurus|41/100\n|\n|-heal|p2a: Eternatus|28/308|[from] item: Leftovers\n|upkeep\n|turn|5\n|inactive|Time left: 300 sec this turn | 300 sec total\n|\n|t:|1783571295\n|switch|p2a: Thundurus|Thundurus, L80, M|258/258\n|move|p1a: Thundurus|Acrobatics|p2a: Thundurus\n|-resisted|p2a: Thundurus\n|-damage|p2a: Thundurus|158/258\n|\n|upkeep\n|turn|6\n|inactive|Time left: 300 sec this turn | 300 sec total\n|\n|t:|1783571297\n|move|p1a: Thundurus|Thunderbolt|p2a: Thundurus\n|-damage|p2a: Thundurus|40/258\n|move|p2a: Thundurus|Acrobatics|p1a: Thundurus\n|-damage|p1a: Thundurus|0 fnt\n|faint|p1a: Thundurus\n|\n|upkeep\n|\n|t:|1783571298\n|switch|p1a: Pecharunt|Pecharunt, L77|100/100\n|turn|7\n|inactive|Time left: 300 sec this turn | 300 sec total\n|\n|t:|1783571299\n|move|p2a: Thundurus|Thunderbolt|p1a: Pecharunt\n|-crit|p1a: Pecharunt\n|-damage|p1a: Pecharunt|36/100\n|move|p1a: Pecharunt|Nasty Plot|p1a: Pecharunt\n|-boost|p1a: Pecharunt|spa|2\n|\n|-heal|p1a: Pecharunt|42/100|[from] item: Leftovers\n|upkeep\n|turn|8\n|inactive|Time left: 300 sec this turn | 300 sec total\n|\n|t:|1783571300\n|move|p2a: Thundurus|Thunderbolt|p1a: Pecharunt\n|-damage|p1a: Pecharunt|0 fnt\n|faint|p1a: Pecharunt\n|\n|upkeep\n|\n|t:|1783571301\n|switch|p1a: Forretress|Forretress, L84, M|100/100\n|turn|9\n|inactive|Time left: 300 sec this turn | 300 sec total\n|\n|t:|1783571302\n|move|p2a: Thundurus|Thunderbolt|p1a: Forretress\n|-damage|p1a: Forretress|47/100\n|move|p1a: Forretress|Rapid Spin|p2a: Thundurus\n|-damage|p2a: Thundurus|0 fnt\n|-boost|p1a: Forretress|spe|1\n|faint|p2a: Thundurus\n|\n|-heal|p1a: Forretress|53/100|[from] item: Leftovers\n|upkeep\n|inactive|Time left: 300 sec this turn | 300 sec total | 5 sec grace\n|\n|t:|1783571303\n|switch|p2a: Plusle|Plusle, L95, M|268/268\n|turn|10\n|inactive|Time left: 300 sec this turn | 300 sec total\n|\n|t:|1783571303\n|move|p2a: Plusle|Thunderbolt|p1a: Forretress\n|-crit|p1a: Forretress\n|-damage|p1a: Forretress|0 fnt\n|faint|p1a: Forretress\n|-damage|p2a: Plusle|242/268|[from] item: Life Orb\n|\n|upkeep\n|\n|t:|1783571304\n|switch|p1a: Lumineon|Lumineon, L93, M|100/100\n|turn|11\n|inactive|Time left: 300 sec this turn | 300 sec total\n|\n|t:|1783571305\n|move|p2a: Plusle|Thunderbolt|p1a: Lumineon\n|-supereffective|p1a: Lumineon\n|-damage|p1a: Lumineon|13/100\n|-damage|p2a: Plusle|216/268|[from] item: Life Orb\n|move|p1a: Lumineon|Encore|p2a: Plusle\n|-start|p2a: Plusle|Encore\n|\n|upkeep\n|turn|12\n|inactive|Time left: 300 sec this turn | 300 sec total\n|\n|t:|1783571306\n|move|p2a: Plusle|Thunderbolt|p1a: Lumineon\n|-supereffective|p1a: Lumineon\n|-damage|p1a: Lumineon|0 fnt\n|faint|p1a: Lumineon\n|-damage|p2a: Plusle|190/268|[from] item: Life Orb\n|\n|win|p0y28014a77", "uploadtime": 1783571306, "views": 0, "rating": 0, "private": 0, "password": null, "_winner": "p0y28014a77", "_our_name": "p0y28014a77"}