{"id": "battle-gen9randombattle-933", "formatid": "gen9randombattle", "format": "[Gen 9] Random Battle", "players": ["p0x933c3ce", "p0y933591a"], "log": "|init|battle\n|title|p0x933c3ce vs. p0y933591a\n|j|\u2606p0x933c3ce\n|j|\u2606p0y933591a\n|t:|1783549952\n|gametype|singles\n|player|p1|p0x933c3ce|101|\n|player|p2|p0y933591a|169|\n|gen|9\n|tier|[Gen 9] Random Battle\n|rule|Species Clause: Limit one of each Pok\u00e9mon\n|rule|HP Percentage Mod: HP is shown in percentages\n|rule|Sleep Clause Mod: Limit one foe put to sleep\n|rule|Illusion Level Mod: Illusion disguises the Pok\u00e9mon's true level\n|\n|t:|1783549952\n|teamsize|p1|6\n|teamsize|p2|6\n|start\n|switch|p1a: Spectrier|Spectrier, L75|274/274\n|switch|p2a: Mewtwo|Mewtwo, L72|100/100\n|-ability|p2a: Mewtwo|Pressure\n|turn|1\n|inactive|Battle timer is ON: inactive players will automatically lose when time's up. (requested by p0x933c3ce)\n|inactive|p0y933591a also wants the timer to be on.\n|\n|t:|1783549954\n|switch|p2a: Politoed|Politoed, L88, M|100/100\n|-weather|RainDance|[from] ability: Drizzle|[of] p2a: Politoed\n|move|p1a: Spectrier|Shadow Ball|p2a: Politoed\n|-damage|p2a: Politoed|64/100\n|-damage|p1a: Spectrier|247/274|[from] item: Life Orb\n|\n|-weather|RainDance|[upkeep]\n|upkeep\n|turn|2\n|inactive|Time left: 300 sec this turn | 300 sec total\n|\n|t:|1783549955\n|move|p1a: Spectrier|Dark Pulse|p2a: Politoed\n|-damage|p2a: Politoed|39/100\n|-damage|p1a: Spectrier|220/274|[from] item: Life Orb\n|move|p2a: Politoed|Weather Ball|p1a: Spectrier\n|-damage|p1a: Spectrier|0 fnt\n|faint|p1a: Spectrier\n|\n|-weather|RainDance|[upkeep]\n|upkeep\n|inactive|Time left: 300 sec this turn | 300 sec total | 5 sec grace\n|\n|t:|1783549956\n|switch|p1a: Zebstrika|Zebstrika, L87, F|272/272\n|turn|3\n|inactive|Time left: 300 sec this turn | 300 sec total\n|\n|t:|1783549958\n|move|p1a: Zebstrika|Volt Switch|p2a: Politoed\n|-supereffective|p2a: Politoed\n|-damage|p2a: Politoed|0 fnt\n|faint|p2a: Politoed\n|-damage|p1a: Zebstrika|245/272|[from] item: Life Orb\n|inactive|Time left: 300 sec this turn | 300 sec total | 5 sec grace\n|\n|t:|1783549959\n|switch|p1a: Alcremie|Alcremie-Salted-Cream, L90, F|263/263|[from] Volt Switch\n|\n|-weather|RainDance|[upkeep]\n|upkeep\n|\n|t:|1783549960\n|switch|p2a: Ariados|Ariados, L95, F|100/100\n|turn|4\n|inactive|Time left: 300 sec this turn | 300 sec total\n|\n|t:|1783549961\n|move|p1a: Alcremie|Calm Mind|p1a: Alcremie\n|-boost|p1a: Alcremie|spa|1\n|-boost|p1a: Alcremie|spd|1\n|move|p2a: Ariados|Sticky Web|p1a: Alcremie\n|-sidestart|p1: p0x933c3ce|move: Sticky Web\n|\n|-weather|RainDance|[upkeep]\n|upkeep\n|turn|5\n|inactive|Time left: 300 sec this turn | 300 sec total\n|\n|t:|1783549962\n|-terastallize|p1a: Alcremie|Ground\n|move|p1a: Alcremie|Tera Blast|p2a: Ariados|[anim] Tera Blast Ground\n|-damage|p2a: Ariados|41/100\n|move|p2a: Ariados|Poison Jab|p1a: Alcremie\n|-resisted|p1a: Alcremie\n|-damage|p1a: Alcremie|213/263\n|\n|-weather|none\n|-heal|p1a: Alcremie|229/263|[from] item: Leftovers\n|upkeep\n|turn|6\n|inactive|Time left: 300 sec this turn | 300 sec total\n|\n|t:|1783549963\n|switch|p2a: Primarina|Primarina, L83, F|100/100\n|move|p1a: Alcremie|Tera Blast|p2a: Primarina|[anim] Tera Blast Ground\n|-damage|p2a: Primarina|51/100\n|\n|-heal|p1a: Alcremie|245/263|[from] item: Leftovers\n|-heal|p2a: Primarina|57/100|[from] item: Leftovers\n|upkeep\n|turn|7\n|inactive|Time left: 300 sec this turn | 300 sec total\n|\n|t:|1783549964\n|move|p1a: Alcremie|Alluring Voice|p2a: Primarina\n|-damage|p2a: Primarina|9/100\n|move|p2a: Primarina|Moonblast|p1a: Alcremie\n|-damage|p1a: Alcremie|181/263\n|\n|-heal|p1a: Alcremie|197/263|[from] item: Leftovers\n|-heal|p2a: Primarina|15/100|[from] item: Leftovers\n|upkeep\n|turn|8\n|inactive|Time left: 300 sec this turn | 300 sec total\n|\n|t:|1783549966\n|switch|p2a: Oranguru|Oranguru, L92, F|100/100\n|move|p1a: Alcremie|Alluring Voice|p2a: Oranguru\n|-damage|p2a: Oranguru|61/100\n|\n|-heal|p1a: Alcremie|213/263|[from] item: Leftovers\n|upkeep\n|turn|9\n|inactive|Time left: 300 sec this turn | 300 sec total\n|\n|t:|1783549967\n|move|p1a: Alcremie|Tera Blast|p2a: Oranguru|[anim] Tera Blast Ground\n|-damage|p2a: Oranguru|19/100\n|move|p2a: Oranguru|Psyshock|p1a: Alcremie\n|-damage|p1a: Alcremie|75/263\n|-damage|p2a: Oranguru|9/100|[from] item: Life Orb\n|\n|-heal|p1a: Alcremie|91/263|[from] item: Leftovers\n|upkeep\n|turn|10\n|inactive|Time left: 300 sec this turn | 300 sec total\n|\n|t:|1783549968\n|move|p1a: Alcremie|Recover|p1a: Alcremie\n|-heal|p1a: Alcremie|223/263\n|move|p2a: Oranguru|Psyshock|p1a: Alcremie\n|-damage|p1a: Alcremie|102/263\n|-damage|p2a: Oranguru|0 fnt|[from] item: Life Orb\n|faint|p2a: Oranguru\n|\n|-heal|p1a: Alcremie|118/263|[from] item: Leftovers\n|upkeep\n|\n|t:|1783549969\n|switch|p2a: Mewtwo|Mewtwo, L72|100/100\n|-ability|p2a: Mewtwo|Pressure\n|turn|11\n|inactive|Time left: 300 sec this turn | 300 sec total\n|\n|t:|1783549970\n|switch|p1a: Gardevoir|Gardevoir, L83, F|249/249\n|-activate|p1a: Gardevoir|move: Sticky Web\n|-unboost|p1a: Gardevoir|spe|1\n|-ability|p1a: Gardevoir|Pressure|Trace|[from] ability: Trace|[of] p2a: Mewtwo\n|-ability|p1a: Gardevoir|Pressure\n|move|p2a: Mewtwo|Psystrike|p1a: Gardevoir\n|-resisted|p1a: Gardevoir\n|-damage|p1a: Gardevoir|165/249\n|-damage|p2a: Mewtwo|91/100|[from] item: Life Orb\n|\n|upkeep\n|turn|12\n|inactive|Time left: 300 sec this turn | 300 sec total\n|\n|t:|1783549971\n|move|p2a: Mewtwo|Nasty Plot|p2a: Mewtwo\n|-boost|p2a: Mewtwo|spa|2\n|move|p1a: Gardevoir|Moonblast|p2a: Mewtwo\n|-damage|p2a: Mewtwo|38/100\n|\n|upkeep\n|turn|13\n|inactive|Time left: 300 sec this turn | 300 sec total\n|\n|t:|1783549973\n|move|p2a: Mewtwo|Psystrike|p1a: Gardevoir\n|-resisted|p1a: Gardevoir\n|-damage|p1a: Gardevoir|0 fnt\n|faint|p1a: Gardevoir\n|-damage|p2a: Mewtwo|28/100|[from] item: Life Orb\n|\n|upkeep\n|inactive|Time left: 300 sec this turn | 300 sec total | 5 sec grace\n|\n|t:|1783549974\n|switch|p1a: Luvdisc|Luvdisc, M|247/247\n|turn|14\n|inactive|Time left: 300 sec this turn | 300 sec total\n|\n|t:|1783549975\n|switch|p2a: Primarina|Primarina, L83, F|15/100\n|move|p1a: Luvdisc|Surf|p2a: Primarina\n|-resisted|p2a: Primarina\n|-damage|p2a: Primarina|4/100\n|\n|-heal|p2a: Primarina|10/100|[from] item: Leftovers\n|upkeep\n|turn|15\n|inactive|Time left: 300 sec this turn | 300 sec total\n|\n|t:|1783549976\n|switch|p2a: Mewtwo|Mewtwo, L72|100/100\n|move|p1a: Luvdisc|Surf|p2a: Mewtwo\n|-damage|p2a: Mewtwo|51/100\n|replace|p2a: Zoroark|Zoroark-Hisui, L80, M\n|-end|p2a: Zoroark|Illusion\n|-hint|Illusion Level Mod is active, so this Pok\u00e9mon's true level was hidden.\n|\n|upkeep\n|turn|16\n|inactive|Time left: 300 sec this turn | 300 sec total\n|\n|t:|1783549977\n|move|p1a: Luvdisc|Surf|p2a: Zoroark\n|-damage|p2a: Zoroark|3/100\n|move|p2a: Zoroark|Bitter Malice|p1a: Luvdisc\n|-damage|p1a: Luvdisc|108/247\n|-unboost|p1a: Luvdisc|atk|1\n|\n|upkeep\n|turn|17\n|inactive|Time left: 300 sec this turn | 300 sec total\n|\n|t:|1783549978\n|move|p1a: Luvdisc|Surf|p2a: Zoroark\n|-damage|p2a: Zoroark|0 fnt\n|faint|p2a: Zoroark\n|\n|upkeep\n|\n|t:|1783549979\n|switch|p2a: Ariados|Ariados, L95, F|41/100\n|turn|18\n|inactive|Time left: 300 sec this turn | 300 sec total\n|\n|t:|1783549980\n|move|p1a: Luvdisc|Flip Turn|p2a: Ariados\n|-damage|p2a: Ariados|29/100\n|inactive|Time left: 300 sec this turn | 300 sec total | 5 sec grace\n|\n|t:|1783549981\n|switch|p1a: Rotom|Rotom-Heat, L83|219/219|[from] Flip Turn\n|move|p2a: Ariados|Megahorn|p1a: Rotom\n|-resisted|p1a: Rotom\n|-damage|p1a: Rotom|148/219\n|\n|upkeep\n|turn|19\n|inactive|Time left: 300 sec this turn | 300 sec total\n|\n|t:|1783549982\n|move|p1a: Rotom|Discharge|p2a: Ariados\n|-damage|p2a: Ariados|0 fnt\n|faint|p2a: Ariados\n|\n|upkeep\n|\n|t:|1783549983\n|switch|p2a: Mewtwo|Mewtwo, L72|28/100\n|-ability|p2a: Mewtwo|Pressure\n|turn|20\n|inactive|Time left: 300 sec this turn | 300 sec total\n|\n|t:|1783549984\n|move|p2a: Mewtwo|Recover|p2a: Mewtwo\n|-heal|p2a: Mewtwo|78/100\n|move|p1a: Rotom|Discharge|p2a: Mewtwo\n|-damage|p2a: Mewtwo|42/100\n|\n|upkeep\n|turn|21\n|inactive|Time left: 300 sec this turn | 300 sec total\n|\n|t:|1783549985\n|move|p2a: Mewtwo|Recover|p2a: Mewtwo\n|-heal|p2a: Mewtwo|92/100\n|move|p1a: Rotom|Discharge|p2a: Mewtwo\n|-damage|p2a: Mewtwo|56/100\n|-status|p2a: Mewtwo|par\n|\n|upkeep\n|turn|22\n|inactive|Time left: 300 sec this turn | 300 sec total\n|\n|t:|1783549987\n|-terastallize|p2a: Mewtwo|Fire\n|move|p1a: Rotom|Overheat|p2a: Mewtwo\n|-resisted|p2a: Mewtwo\n|-damage|p2a: Mewtwo|26/100 par\n|-unboost|p1a: Rotom|spa|2\n|cant|p2a: Mewtwo|par\n|\n|upkeep\n|turn|23\n|inactive|Time left: 300 sec this turn | 300 sec total\n|\n|t:|1783549988\n|switch|p1a: Zebstrika|Zebstrika, L87, F|245/272\n|-activate|p1a: Zebstrika|move: Sticky Web\n|-unboost|p1a: Zebstrika|spe|1\n|cant|p2a: Mewtwo|par\n|\n|upkeep\n|turn|24\n|inactive|Time left: 300 sec this turn | 300 sec total\n|\n|t:|1783549989\n|switch|p2a: Primarina|Primarina, L83, F|10/100\n|move|p1a: Zebstrika|High Horsepower|p2a: Primarina\n|-damage|p2a: Primarina|0 fnt\n|faint|p2a: Primarina\n|-damage|p1a: Zebstrika|218/272|[from] item: Life Orb\n|\n|upkeep\n|\n|t:|1783549990\n|switch|p2a: Mewtwo|Mewtwo, L72, tera:Fire|26/100 par\n|-ability|p2a: Mewtwo|Pressure\n|turn|25\n|inactive|Time left: 300 sec this turn | 300 sec total\n|\n|t:|1783549990\n|move|p1a: Zebstrika|Volt Switch|p2a: Mewtwo\n|-damage|p2a: Mewtwo|0 fnt\n|faint|p2a: Mewtwo\n|-damage|p1a: Zebstrika|191/272|[from] item: Life Orb\n|\n|win|p0x933c3ce", "uploadtime": 1783549990, "views": 0, "rating": 0, "private": 0, "password": null, "_winner": "p0x933c3ce", "_our_name": "p0x933c3ce"}