{"id": "battle-gen9randombattle-74", "formatid": "gen9randombattle", "format": "[Gen 9] Random Battle", "players": ["p0x0744633", "p0y074b8d1"], "log": "|init|battle\n|title|p0x0744633 vs. p0y074b8d1\n|j|\u2606p0x0744633\n|j|\u2606p0y074b8d1\n|t:|1783534106\n|gametype|singles\n|player|p1|p0x0744633|169|\n|player|p2|p0y074b8d1|1|\n|gen|9\n|tier|[Gen 9] Random Battle\n|rule|Species Clause: Limit one of each Pok\u00e9mon\n|rule|HP Percentage Mod: HP is shown in percentages\n|rule|Sleep Clause Mod: Limit one foe put to sleep\n|rule|Illusion Level Mod: Illusion disguises the Pok\u00e9mon's true level\n|\n|t:|1783534106\n|teamsize|p1|6\n|teamsize|p2|6\n|start\n|switch|p1a: Crawdaunt|Crawdaunt, L84, M|243/243\n|switch|p2a: Palafin|Palafin, L77, F|100/100\n|turn|1\n|inactive|Battle timer is ON: inactive players will automatically lose when time's up. (requested by p0y074b8d1)\n|inactive|Time left: 300 sec this turn | 300 sec total | 60 sec grace\n|inactive|p0x0744633 also wants the timer to be on.\n|\n|t:|1783534107\n|move|p2a: Palafin|Close Combat|p1a: Crawdaunt\n|-supereffective|p1a: Crawdaunt\n|-crit|p1a: Crawdaunt\n|-damage|p1a: Crawdaunt|0 fnt\n|-unboost|p2a: Palafin|def|1\n|-unboost|p2a: Palafin|spd|1\n|faint|p1a: Crawdaunt\n|\n|upkeep\n|inactive|Time left: 300 sec this turn | 300 sec total | 65 sec grace\n|\n|t:|1783534108\n|switch|p1a: Staraptor|Staraptor, L79, M|263/263\n|turn|2\n|inactive|Time left: 300 sec this turn | 300 sec total\n|\n|t:|1783534109\n|detailschange|p2a: Palafin|Palafin-Hero, L77, F\n|switch|p2a: Thundurus|Thundurus, L80, M|100/100\n|move|p1a: Staraptor|Brave Bird|p2a: Thundurus\n|-resisted|p2a: Thundurus\n|-crit|p2a: Thundurus\n|-damage|p2a: Thundurus|16/100\n|-damage|p1a: Staraptor|191/263|[from] Recoil\n|\n|upkeep\n|turn|3\n|inactive|Time left: 300 sec this turn | 300 sec total\n|\n|t:|1783534111\n|switch|p1a: Rhydon|Rhydon, L85, M|317/317\n|move|p2a: Thundurus|Thunderbolt|p1a: Rhydon\n|-ability|p1a: Rhydon|Lightning Rod|boost\n|-boost|p1a: Rhydon|spa|1\n|\n|upkeep\n|turn|4\n|inactive|Time left: 300 sec this turn | 300 sec total\n|\n|t:|1783534112\n|move|p2a: Thundurus|Grass Knot|p1a: Rhydon\n|-supereffective|p1a: Rhydon\n|-damage|p1a: Rhydon|0 fnt\n|faint|p1a: Rhydon\n|\n|upkeep\n|inactive|Time left: 300 sec this turn | 300 sec total | 5 sec grace\n|\n|t:|1783534113\n|switch|p1a: Florges|Florges-Yellow, L85, F|271/271\n|turn|5\n|inactive|Time left: 300 sec this turn | 300 sec total\n|\n|t:|1783534114\n|move|p2a: Thundurus|Acrobatics|p1a: Florges\n|-damage|p1a: Florges|132/271\n|move|p1a: Florges|Moonblast|p2a: Thundurus\n|-damage|p2a: Thundurus|0 fnt\n|faint|p2a: Thundurus\n|\n|-heal|p1a: Florges|148/271|[from] item: Leftovers\n|upkeep\n|\n|t:|1783534115\n|switch|p2a: Palafin|Palafin-Hero, L77, F|100/100\n|-activate|p2a: Palafin|ability: Zero to Hero\n|turn|6\n|inactive|Time left: 300 sec this turn | 300 sec total\n|\n|t:|1783534116\n|switch|p1a: Stantler|Stantler, L92, F|284/284\n|-ability|p1a: Stantler|Intimidate|boost\n|-unboost|p2a: Palafin|atk|1\n|move|p2a: Palafin|Wave Crash|p1a: Stantler\n|-damage|p1a: Stantler|167/284\n|-damage|p2a: Palafin|87/100|[from] Recoil\n|\n|upkeep\n|turn|7\n|inactive|Time left: 300 sec this turn | 300 sec total\n|\n|t:|1783534117\n|move|p1a: Stantler|Body Slam|p2a: Palafin\n|-damage|p2a: Palafin|46/100\n|move|p2a: Palafin|Wave Crash|p1a: Stantler\n|-damage|p1a: Stantler|34/284\n|-damage|p2a: Palafin|30/100|[from] Recoil\n|\n|upkeep\n|turn|8\n|inactive|Time left: 300 sec this turn | 300 sec total\n|\n|t:|1783534119\n|switch|p2a: Gengar|Gengar, L81, F|100/100\n|move|p1a: Stantler|Body Slam|p2a: Gengar\n|-immune|p2a: Gengar\n|\n|upkeep\n|turn|9\n|inactive|Time left: 300 sec this turn | 300 sec total\n|\n|t:|1783534120\n|move|p2a: Gengar|Sludge Wave|p1a: Stantler\n|-damage|p1a: Stantler|0 fnt\n|faint|p1a: Stantler\n|-damage|p2a: Gengar|90/100|[from] item: Life Orb\n|\n|upkeep\n|inactive|Time left: 300 sec this turn | 300 sec total | 5 sec grace\n|\n|t:|1783534121\n|switch|p1a: Florges|Florges-Yellow, L85, F|148/271\n|turn|10\n|inactive|Time left: 300 sec this turn | 300 sec total\n|\n|t:|1783534122\n|-terastallize|p1a: Florges|Ground\n|move|p2a: Gengar|Sludge Wave|p1a: Florges\n|-resisted|p1a: Florges\n|-damage|p1a: Florges|101/271\n|-damage|p2a: Gengar|80/100|[from] item: Life Orb\n|move|p1a: Florges|Tera Blast|p2a: Gengar|[anim] Tera Blast Ground\n|-supereffective|p2a: Gengar\n|-damage|p2a: Gengar|0 fnt\n|faint|p2a: Gengar\n|\n|-heal|p1a: Florges|117/271|[from] item: Leftovers\n|upkeep\n|\n|t:|1783534123\n|switch|p2a: Palafin|Palafin-Hero, L77, F|30/100\n|turn|11\n|inactive|Time left: 300 sec this turn | 300 sec total\n|\n|t:|1783534123\n|switch|p1a: Cramorant|Cramorant, L86, F|261/261\n|move|p2a: Palafin|Flip Turn|p1a: Cramorant\n|-resisted|p1a: Cramorant\n|-damage|p1a: Cramorant|177/261\n|\n|t:|1783534124\n|switch|p2a: Azelf|Azelf, L82|100/100|[from] Flip Turn\n|\n|upkeep\n|turn|12\n|inactive|Time left: 300 sec this turn | 300 sec total\n|\n|t:|1783534125\n|move|p2a: Azelf|Psyshock|p1a: Cramorant\n|-crit|p1a: Cramorant\n|-damage|p1a: Cramorant|0 fnt\n|faint|p1a: Cramorant\n|\n|upkeep\n|inactive|Time left: 300 sec this turn | 300 sec total | 5 sec grace\n|\n|t:|1783534126\n|switch|p1a: Staraptor|Staraptor, L79, M|191/263\n|turn|13\n|inactive|Time left: 300 sec this turn | 300 sec total\n|\n|t:|1783534127\n|move|p2a: Azelf|Psyshock|p1a: Staraptor\n|-damage|p1a: Staraptor|0 fnt\n|faint|p1a: Staraptor\n|\n|upkeep\n|inactive|Time left: 300 sec this turn | 300 sec total | 5 sec grace\n|\n|t:|1783534128\n|switch|p1a: Florges|Florges-Yellow, L85, F, tera:Ground|117/271\n|turn|14\n|inactive|Time left: 300 sec this turn | 300 sec total\n|\n|t:|1783534129\n|-terastallize|p2a: Azelf|Fire\n|move|p2a: Azelf|Psyshock|p1a: Florges\n|-damage|p1a: Florges|0 fnt\n|faint|p1a: Florges\n|\n|win|p0y074b8d1", "uploadtime": 1783534129, "views": 0, "rating": 0, "private": 0, "password": null, "_winner": "p0y074b8d1", "_our_name": "p0x0744633"}