{"id": "battle-gen9randombattle-2568", "formatid": "gen9randombattle", "format": "[Gen 9] Random Battle", "players": ["p0x256816dc", "p0y25680fa6"], "log": "|init|battle\n|title|p0x256816dc vs. p0y25680fa6\n|j|\u2606p0x256816dc\n|j|\u2606p0y25680fa6\n|t:|1783568750\n|gametype|singles\n|player|p1|p0x256816dc|102|\n|player|p2|p0y25680fa6|1|\n|gen|9\n|tier|[Gen 9] Random Battle\n|rule|Species Clause: Limit one of each Pok\u00e9mon\n|rule|HP Percentage Mod: HP is shown in percentages\n|rule|Sleep Clause Mod: Limit one foe put to sleep\n|rule|Illusion Level Mod: Illusion disguises the Pok\u00e9mon's true level\n|\n|t:|1783568750\n|teamsize|p1|6\n|teamsize|p2|6\n|start\n|switch|p1a: Sunflora|Sunflora, M|312/312\n|switch|p2a: Zangoose|Zangoose, L85, M|100/100\n|turn|1\n|inactive|Battle timer is ON: inactive players will automatically lose when time's up. (requested by p0x256816dc)\n|inactive|p0y25680fa6 also wants the timer to be on.\n|\n|t:|1783568751\n|move|p2a: Zangoose|Knock Off|p1a: Sunflora\n|-damage|p1a: Sunflora|208/312\n|-enditem|p1a: Sunflora|Life Orb|[from] move: Knock Off|[of] p2a: Zangoose\n|move|p1a: Sunflora|Sunny Day|p1a: Sunflora\n|-weather|SunnyDay\n|\n|-weather|SunnyDay|[upkeep]\n|-status|p2a: Zangoose|tox|[from] item: Toxic Orb\n|upkeep\n|turn|2\n|inactive|Time left: 300 sec this turn | 300 sec total\n|\n|t:|1783568752\n|switch|p2a: Pelipper|Pelipper, L86, F|100/100\n|-weather|RainDance|[from] ability: Drizzle|[of] p2a: Pelipper\n|-terastallize|p1a: Sunflora|Fire\n|move|p1a: Sunflora|Weather Ball|p2a: Pelipper\n|-resisted|p2a: Pelipper\n|-damage|p2a: Pelipper|63/100\n|\n|-weather|RainDance|[upkeep]\n|upkeep\n|turn|3\n|inactive|Time left: 300 sec this turn | 300 sec total\n|\n|t:|1783568753\n|switch|p1a: Samurott|Samurott, L88, M|310/310\n|move|p2a: Pelipper|Surf|p1a: Samurott\n|-resisted|p1a: Samurott\n|-crit|p1a: Samurott\n|-damage|p1a: Samurott|228/310\n|\n|-weather|RainDance|[upkeep]\n|upkeep\n|turn|4\n|inactive|Time left: 300 sec this turn | 300 sec total\n|\n|t:|1783568754\n|move|p1a: Samurott|Ice Beam|p2a: Pelipper\n|-damage|p2a: Pelipper|28/100\n|move|p2a: Pelipper|Roost|p2a: Pelipper\n|-heal|p2a: Pelipper|78/100\n|-singleturn|p2a: Pelipper|move: Roost\n|\n|-weather|RainDance|[upkeep]\n|upkeep\n|turn|5\n|inactive|Time left: 300 sec this turn | 300 sec total\n|\n|t:|1783568754\n|move|p1a: Samurott|Hydro Pump|p2a: Pelipper\n|-resisted|p2a: Pelipper\n|-damage|p2a: Pelipper|29/100\n|move|p2a: Pelipper|Roost|p2a: Pelipper\n|-heal|p2a: Pelipper|79/100\n|-singleturn|p2a: Pelipper|move: Roost\n|\n|-weather|RainDance|[upkeep]\n|upkeep\n|turn|6\n|inactive|Time left: 300 sec this turn | 300 sec total\n|\n|t:|1783568755\n|move|p1a: Samurott|Hydro Pump|p2a: Pelipper\n|-resisted|p2a: Pelipper\n|-damage|p2a: Pelipper|26/100\n|move|p2a: Pelipper|Hurricane|p1a: Samurott\n|-damage|p1a: Samurott|132/310\n|\n|-weather|none\n|upkeep\n|turn|7\n|inactive|Time left: 300 sec this turn | 300 sec total\n|\n|t:|1783568756\n|switch|p2a: Granbull|Granbull, L88, F|100/100\n|-ability|p2a: Granbull|Intimidate|boost\n|-unboost|p1a: Samurott|atk|1\n|move|p1a: Samurott|Knock Off|p2a: Granbull\n|-resisted|p2a: Granbull\n|-damage|p2a: Granbull|92/100\n|-enditem|p2a: Granbull|Leftovers|[from] move: Knock Off|[of] p1a: Samurott\n|\n|upkeep\n|turn|8\n|inactive|Time left: 300 sec this turn | 300 sec total\n|\n|t:|1783568757\n|move|p1a: Samurott|Hydro Pump|p2a: Granbull\n|-damage|p2a: Granbull|33/100\n|move|p2a: Granbull|Play Rough|p1a: Samurott\n|-damage|p1a: Samurott|2/310\n|\n|upkeep\n|turn|9\n|inactive|Time left: 300 sec this turn | 300 sec total\n|\n|t:|1783568758\n|move|p1a: Samurott|Hydro Pump|p2a: Granbull\n|-damage|p2a: Granbull|0 fnt\n|faint|p2a: Granbull\n|\n|upkeep\n|\n|t:|1783568759\n|switch|p2a: Iron Moth|Iron Moth, L78|100/100\n|turn|10\n|inactive|Time left: 300 sec this turn | 300 sec total\n|\n|t:|1783568760\n|switch|p1a: Iron Boulder|Iron Boulder, L77|265/265\n|move|p2a: Iron Moth|Fiery Dance|p1a: Iron Boulder\n|-resisted|p1a: Iron Boulder\n|-damage|p1a: Iron Boulder|219/265\n|\n|upkeep\n|turn|11\n|inactive|Time left: 300 sec this turn | 300 sec total\n|\n|t:|1783568762\n|-end|p2a: Iron Moth|Quark Drive|[silent]\n|switch|p2a: Misdreavus|Misdreavus, L90, M|100/100\n|move|p1a: Iron Boulder|Mighty Cleave|p2a: Misdreavus\n|-damage|p2a: Misdreavus|57/100\n|-damage|p1a: Iron Boulder|193/265|[from] item: Life Orb\n|\n|upkeep\n|turn|12\n|inactive|Time left: 300 sec this turn | 300 sec total\n|\n|t:|1783568763\n|move|p1a: Iron Boulder|Swords Dance|p1a: Iron Boulder\n|-boost|p1a: Iron Boulder|atk|2\n|move|p2a: Misdreavus|Shadow Ball|p1a: Iron Boulder\n|-supereffective|p1a: Iron Boulder\n|-damage|p1a: Iron Boulder|23/265\n|\n|upkeep\n|turn|13\n|inactive|Time left: 300 sec this turn | 300 sec total\n|\n|t:|1783568764\n|switch|p2a: Pelipper|Pelipper, L86, F|26/100\n|-weather|RainDance|[from] ability: Drizzle|[of] p2a: Pelipper\n|move|p1a: Iron Boulder|Mighty Cleave|p2a: Pelipper\n|-supereffective|p2a: Pelipper\n|-damage|p2a: Pelipper|0 fnt\n|faint|p2a: Pelipper\n|-damage|p1a: Iron Boulder|0 fnt|[from] item: Life Orb\n|faint|p1a: Iron Boulder\n|-end|p1a: Iron Boulder|Quark Drive|[silent]\n|\n|-weather|RainDance|[upkeep]\n|upkeep\n|inactive|Time left: 300 sec this turn | 300 sec total | 5 sec grace\n|\n|t:|1783568765\n|switch|p1a: Lurantis|Lurantis, L87, M|264/264\n|switch|p2a: Zangoose|Zangoose, L85, M|100/100 tox\n|turn|14\n|inactive|Time left: 300 sec this turn | 300 sec total\n|\n|t:|1783568766\n|-terastallize|p2a: Zangoose|Normal\n|move|p2a: Zangoose|Facade|p1a: Lurantis\n|-damage|p1a: Lurantis|0 fnt\n|faint|p1a: Lurantis\n|\n|-weather|RainDance|[upkeep]\n|-damage|p2a: Zangoose|94/100 tox|[from] psn\n|upkeep\n|inactive|Time left: 300 sec this turn | 300 sec total | 5 sec grace\n|\n|t:|1783568767\n|switch|p1a: Gengar|Gengar, L81, M|230/230\n|turn|15\n|inactive|Time left: 300 sec this turn | 300 sec total\n|\n|t:|1783568767\n|move|p1a: Gengar|Encore|p2a: Zangoose\n|-start|p2a: Zangoose|Encore\n|move|p2a: Zangoose|Facade|p1a: Gengar\n|-immune|p1a: Gengar\n|\n|-weather|RainDance|[upkeep]\n|-damage|p2a: Zangoose|82/100 tox|[from] psn\n|upkeep\n|turn|16\n|inactive|Time left: 300 sec this turn | 300 sec total\n|\n|t:|1783568768\n|switch|p2a: Piloswine|Piloswine, L85, F|100/100\n|move|p1a: Gengar|Sludge Wave|p2a: Piloswine\n|-resisted|p2a: Piloswine\n|-damage|p2a: Piloswine|79/100\n|-damage|p1a: Gengar|207/230|[from] item: Life Orb\n|\n|-weather|RainDance|[upkeep]\n|upkeep\n|turn|17\n|inactive|Time left: 300 sec this turn | 300 sec total\n|\n|t:|1783568769\n|switch|p1a: Kilowattrel|Kilowattrel, L83, F|252/252\n|move|p2a: Piloswine|Earthquake|p1a: Kilowattrel\n|-immune|p1a: Kilowattrel\n|\n|-weather|none\n|upkeep\n|turn|18\n|inactive|Time left: 300 sec this turn | 300 sec total\n|\n|t:|1783568770\n|move|p1a: Kilowattrel|Hurricane|p2a: Piloswine|[miss]\n|-miss|p1a: Kilowattrel|p2a: Piloswine\n|move|p2a: Piloswine|Icicle Crash|p1a: Kilowattrel\n|-supereffective|p1a: Kilowattrel\n|-damage|p1a: Kilowattrel|16/252\n|\n|upkeep\n|turn|19\n|inactive|Time left: 300 sec this turn | 300 sec total\n|\n|t:|1783568771\n|move|p2a: Piloswine|Ice Shard|p1a: Kilowattrel\n|-supereffective|p1a: Kilowattrel\n|-damage|p1a: Kilowattrel|0 fnt\n|faint|p1a: Kilowattrel\n|\n|upkeep\n|inactive|Time left: 300 sec this turn | 300 sec total | 5 sec grace\n|\n|t:|1783568772\n|switch|p1a: Gengar|Gengar, L81, M|207/230\n|turn|20\n|inactive|Time left: 300 sec this turn | 300 sec total\n|\n|t:|1783568773\n|move|p1a: Gengar|Encore|p2a: Piloswine\n|-start|p2a: Piloswine|Encore\n|move|p2a: Piloswine|Ice Shard|p1a: Gengar\n|-damage|p1a: Gengar|141/230\n|\n|upkeep\n|turn|21\n|inactive|Time left: 300 sec this turn | 300 sec total\n|\n|t:|1783568774\n|switch|p1a: Sunflora|Sunflora, M, tera:Fire|208/312\n|move|p2a: Piloswine|Ice Shard|p1a: Sunflora\n|-resisted|p1a: Sunflora\n|-damage|p1a: Sunflora|181/312\n|\n|upkeep\n|turn|22\n|inactive|Time left: 300 sec this turn | 300 sec total\n|\n|t:|1783568775\n|switch|p2a: Misdreavus|Misdreavus, L90, M|57/100\n|move|p1a: Sunflora|Sunny Day|p1a: Sunflora\n|-weather|SunnyDay\n|\n|-weather|SunnyDay|[upkeep]\n|upkeep\n|turn|23\n|inactive|Time left: 300 sec this turn | 300 sec total\n|\n|t:|1783568776\n|switch|p2a: Iron Moth|Iron Moth, L78|100/100\n|move|p1a: Sunflora|Weather Ball|p2a: Iron Moth\n|-resisted|p2a: Iron Moth\n|-damage|p2a: Iron Moth|61/100\n|\n|-weather|SunnyDay|[upkeep]\n|upkeep\n|turn|24\n|inactive|Time left: 300 sec this turn | 300 sec total\n|\n|t:|1783568777\n|-end|p2a: Iron Moth|Quark Drive|[silent]\n|switch|p2a: Misdreavus|Misdreavus, L90, M|57/100\n|move|p1a: Sunflora|Earth Power|p2a: Misdreavus\n|-immune|p2a: Misdreavus|[from] ability: Levitate\n|\n|-weather|SunnyDay|[upkeep]\n|upkeep\n|turn|25\n|inactive|Time left: 300 sec this turn | 300 sec total\n|\n|t:|1783568778\n|switch|p2a: Iron Moth|Iron Moth, L78|61/100\n|move|p1a: Sunflora|Weather Ball|p2a: Iron Moth\n|-resisted|p2a: Iron Moth\n|-damage|p2a: Iron Moth|17/100\n|\n|-weather|SunnyDay|[upkeep]\n|upkeep\n|turn|26\n|inactive|Time left: 300 sec this turn | 300 sec total\n|\n|t:|1783568779\n|move|p1a: Sunflora|Weather Ball|p2a: Iron Moth\n|-resisted|p2a: Iron Moth\n|-damage|p2a: Iron Moth|0 fnt\n|faint|p2a: Iron Moth\n|-end|p2a: Iron Moth|Quark Drive|[silent]\n|\n|-weather|none\n|upkeep\n|\n|t:|1783568780\n|switch|p2a: Piloswine|Piloswine, L85, F|79/100\n|turn|27\n|inactive|Time left: 300 sec this turn | 300 sec total\n|\n|t:|1783568781\n|move|p2a: Piloswine|Earthquake|p1a: Sunflora\n|-supereffective|p1a: Sunflora\n|-damage|p1a: Sunflora|0 fnt\n|faint|p1a: Sunflora\n|\n|upkeep\n|inactive|Time left: 300 sec this turn | 300 sec total | 5 sec grace\n|\n|t:|1783568782\n|switch|p1a: Samurott|Samurott, L88, M|2/310\n|turn|28\n|inactive|Time left: 300 sec this turn | 300 sec total\n|\n|t:|1783568783\n|switch|p1a: Gengar|Gengar, L81, M|141/230\n|move|p2a: Piloswine|Ice Shard|p1a: Gengar\n|-damage|p1a: Gengar|75/230\n|\n|upkeep\n|turn|29\n|inactive|Time left: 300 sec this turn | 300 sec total\n|\n|t:|1783568784\n|move|p1a: Gengar|Encore|p2a: Piloswine\n|-start|p2a: Piloswine|Encore\n|move|p2a: Piloswine|Ice Shard|p1a: Gengar\n|-damage|p1a: Gengar|9/230\n|-start|p2a: Piloswine|Disable|Ice Shard|[from] ability: Cursed Body|[of] p1a: Gengar\n|\n|upkeep\n|turn|30\n|inactive|Time left: 300 sec this turn | 300 sec total\n|\n|t:|1783568785\n|switch|p2a: Misdreavus|Misdreavus, L90, M|57/100\n|move|p1a: Gengar|Encore||[still]\n|-fail|p1a: Gengar\n|\n|upkeep\n|turn|31\n|inactive|Time left: 300 sec this turn | 300 sec total\n|\n|t:|1783568786\n|move|p1a: Gengar|Encore||[still]\n|-fail|p1a: Gengar\n|move|p2a: Misdreavus|Shadow Ball|p1a: Gengar\n|-supereffective|p1a: Gengar\n|-damage|p1a: Gengar|0 fnt\n|-start|p2a: Misdreavus|Disable|Shadow Ball|[from] ability: Cursed Body|[of] p1a: Gengar\n|faint|p1a: Gengar\n|\n|upkeep\n|inactive|Time left: 300 sec this turn | 300 sec total | 5 sec grace\n|\n|t:|1783568787\n|switch|p1a: Samurott|Samurott, L88, M|2/310\n|turn|32\n|inactive|Time left: 300 sec this turn | 300 sec total\n|\n|t:|1783568787\n|move|p2a: Misdreavus|Draining Kiss|p1a: Samurott\n|-damage|p1a: Samurott|0 fnt\n|-heal|p2a: Misdreavus|58/100|[from] drain|[of] p1a: Samurott\n|faint|p1a: Samurott\n|\n|win|p0y25680fa6", "uploadtime": 1783568787, "views": 0, "rating": 0, "private": 0, "password": null, "_winner": "p0y25680fa6", "_our_name": "p0x256816dc"}