{"id": "battle-gen9randombattle-2408", "formatid": "gen9randombattle", "format": "[Gen 9] Random Battle", "players": ["p0x2408a0c1", "p0y24089960"], "log": "|init|battle\n|title|p0x2408a0c1 vs. p0y24089960\n|j|\u2606p0x2408a0c1\n|j|\u2606p0y24089960\n|t:|1783567941\n|gametype|singles\n|player|p1|p0x2408a0c1|169|\n|player|p2|p0y24089960|1|\n|gen|9\n|tier|[Gen 9] Random Battle\n|rule|Species Clause: Limit one of each Pok\u00e9mon\n|rule|HP Percentage Mod: HP is shown in percentages\n|rule|Sleep Clause Mod: Limit one foe put to sleep\n|rule|Illusion Level Mod: Illusion disguises the Pok\u00e9mon's true level\n|\n|t:|1783567941\n|teamsize|p1|6\n|teamsize|p2|6\n|start\n|switch|p1a: Breloom|Breloom, L83, F|100/100\n|switch|p2a: Staraptor|Staraptor, L79, M|263/263\n|turn|1\n|inactive|Battle timer is ON: inactive players will automatically lose when time's up. (requested by p0y24089960)\n|inactive|p0x2408a0c1 also wants the timer to be on.\n|\n|t:|1783567943\n|switch|p1a: Gliscor|Gliscor, L76, F|100/100\n|move|p2a: Staraptor|Brave Bird|p1a: Gliscor\n|-crit|p1a: Gliscor\n|-damage|p1a: Gliscor|0 fnt\n|faint|p1a: Gliscor\n|-damage|p2a: Staraptor|184/263|[from] Recoil\n|\n|upkeep\n|\n|t:|1783567944\n|switch|p1a: Clefable|Clefable, L83, F|100/100\n|turn|2\n|inactive|Time left: 300 sec this turn | 300 sec total\n|\n|t:|1783567946\n|move|p2a: Staraptor|Brave Bird|p1a: Clefable\n|-crit|p1a: Clefable\n|-damage|p1a: Clefable|0 fnt\n|faint|p1a: Clefable\n|-damage|p2a: Staraptor|87/263|[from] Recoil\n|\n|upkeep\n|\n|t:|1783567947\n|switch|p1a: Tauros|Tauros-Paldea-Blaze, L81, M|100/100\n|turn|3\n|inactive|Time left: 300 sec this turn | 300 sec total\n|\n|t:|1783567948\n|switch|p2a: Zekrom|Zekrom, L71|259/259\n|-ability|p2a: Zekrom|Teravolt\n|move|p1a: Tauros|Raging Bull|p2a: Zekrom\n|-resisted|p2a: Zekrom\n|-damage|p2a: Zekrom|215/259\n|\n|-heal|p2a: Zekrom|231/259|[from] item: Leftovers\n|upkeep\n|turn|4\n|inactive|Time left: 300 sec this turn | 300 sec total\n|\n|t:|1783567949\n|move|p1a: Tauros|Bulk Up|p1a: Tauros\n|-boost|p1a: Tauros|atk|1\n|-boost|p1a: Tauros|def|1\n|move|p2a: Zekrom|Dragon Dance|p2a: Zekrom\n|-boost|p2a: Zekrom|atk|1\n|-boost|p2a: Zekrom|spe|1\n|\n|-heal|p2a: Zekrom|247/259|[from] item: Leftovers\n|upkeep\n|turn|5\n|inactive|Time left: 300 sec this turn | 300 sec total\n|\n|t:|1783567950\n|move|p2a: Zekrom|Outrage|p1a: Tauros\n|-damage|p1a: Tauros|55/100\n|move|p1a: Tauros|Bulk Up|p1a: Tauros\n|-boost|p1a: Tauros|atk|1\n|-boost|p1a: Tauros|def|1\n|\n|-heal|p2a: Zekrom|259/259|[from] item: Leftovers\n|upkeep\n|turn|6\n|inactive|Time left: 300 sec this turn | 300 sec total\n|\n|t:|1783567951\n|move|p2a: Zekrom|Outrage|p1a: Tauros|[from] lockedmove\n|-damage|p1a: Tauros|21/100\n|-enditem|p1a: Tauros|Sitrus Berry|[eat]\n|-heal|p1a: Tauros|46/100|[from] item: Sitrus Berry\n|move|p1a: Tauros|Bulk Up|p1a: Tauros\n|-boost|p1a: Tauros|atk|1\n|-boost|p1a: Tauros|def|1\n|\n|upkeep\n|turn|7\n|inactive|Time left: 300 sec this turn | 300 sec total\n|\n|t:|1783567952\n|move|p2a: Zekrom|Outrage|p1a: Tauros|[from] lockedmove\n|-damage|p1a: Tauros|20/100\n|-start|p2a: Zekrom|confusion|[fatigue]\n|move|p1a: Tauros|Close Combat|p2a: Zekrom\n|-damage|p2a: Zekrom|0 fnt\n|-unboost|p1a: Tauros|def|1\n|-unboost|p1a: Tauros|spd|1\n|faint|p2a: Zekrom\n|\n|-activate|p1a: Tauros|ability: Cud Chew\n|-enditem|p1a: Tauros|Sitrus Berry|[eat]\n|-heal|p1a: Tauros|45/100|[from] item: Sitrus Berry\n|upkeep\n|inactive|Time left: 300 sec this turn | 300 sec total | 5 sec grace\n|\n|t:|1783567953\n|switch|p2a: Floatzel|Floatzel, L86, M|286/286\n|turn|8\n|inactive|Time left: 300 sec this turn | 300 sec total\n|\n|t:|1783567955\n|-terastallize|p1a: Tauros|Water\n|move|p2a: Floatzel|Wave Crash|p1a: Tauros\n|-resisted|p1a: Tauros\n|-damage|p1a: Tauros|24/100\n|-damage|p2a: Floatzel|269/286|[from] Recoil\n|move|p1a: Tauros|Close Combat|p2a: Floatzel\n|-damage|p2a: Floatzel|0 fnt\n|-unboost|p1a: Tauros|def|1\n|-unboost|p1a: Tauros|spd|1\n|faint|p2a: Floatzel\n|\n|upkeep\n|inactive|Time left: 300 sec this turn | 300 sec total | 5 sec grace\n|\n|t:|1783567956\n|switch|p2a: Sneasler|Sneasler, L74, M|240/240\n|turn|9\n|inactive|Time left: 300 sec this turn | 300 sec total\n|\n|t:|1783567957\n|move|p2a: Sneasler|Close Combat|p1a: Tauros\n|-damage|p1a: Tauros|0 fnt\n|-unboost|p2a: Sneasler|def|1\n|-unboost|p2a: Sneasler|spd|1\n|faint|p1a: Tauros\n|-enditem|p2a: Sneasler|White Herb\n|-clearnegativeboost|p2a: Sneasler|[silent]\n|\n|upkeep\n|\n|t:|1783567958\n|switch|p1a: Sandslash|Sandslash, L89, M|100/100\n|turn|10\n|inactive|Time left: 300 sec this turn | 300 sec total\n|\n|t:|1783567959\n|-terastallize|p2a: Sneasler|Flying\n|move|p2a: Sneasler|Swords Dance|p2a: Sneasler\n|-boost|p2a: Sneasler|atk|2\n|move|p1a: Sandslash|Earthquake|p2a: Sneasler\n|-immune|p2a: Sneasler\n|\n|upkeep\n|turn|11\n|inactive|Time left: 300 sec this turn | 300 sec total\n|\n|t:|1783567960\n|move|p2a: Sneasler|Acrobatics|p1a: Sandslash\n|-damage|p1a: Sandslash|32/100\n|move|p1a: Sandslash|Stone Edge|p2a: Sneasler\n|-supereffective|p2a: Sneasler\n|-damage|p2a: Sneasler|4/240\n|\n|-heal|p1a: Sandslash|38/100|[from] item: Leftovers\n|upkeep\n|turn|12\n|inactive|Time left: 300 sec this turn | 300 sec total\n|\n|t:|1783567961\n|move|p2a: Sneasler|Close Combat|p1a: Sandslash\n|-damage|p1a: Sandslash|0 fnt\n|-unboost|p2a: Sneasler|def|1\n|-unboost|p2a: Sneasler|spd|1\n|faint|p1a: Sandslash\n|\n|upkeep\n|\n|t:|1783567962\n|switch|p1a: Breloom|Breloom, L83, F|100/100\n|turn|13\n|inactive|Time left: 300 sec this turn | 300 sec total\n|\n|t:|1783567963\n|move|p1a: Breloom|Mach Punch|p2a: Sneasler\n|-resisted|p2a: Sneasler\n|-damage|p2a: Sneasler|0 fnt\n|faint|p2a: Sneasler\n|-damage|p1a: Breloom|91/100|[from] item: Life Orb\n|\n|upkeep\n|inactive|Time left: 300 sec this turn | 300 sec total | 5 sec grace\n|\n|t:|1783567964\n|switch|p2a: Glastrier|Glastrier, L86|312/312\n|turn|14\n|inactive|Time left: 300 sec this turn | 300 sec total\n|\n|t:|1783567965\n|switch|p1a: Skuntank|Skuntank, L84, M|100/100\n|move|p2a: Glastrier|Icicle Crash|p1a: Skuntank\n|-crit|p1a: Skuntank\n|-damage|p1a: Skuntank|28/100\n|\n|upkeep\n|turn|15\n|inactive|Time left: 300 sec this turn | 300 sec total\n|\n|t:|1783567966\n|move|p1a: Skuntank|Gunk Shot|p2a: Glastrier\n|-damage|p2a: Glastrier|191/312\n|-damage|p1a: Skuntank|18/100|[from] item: Life Orb\n|move|p2a: Glastrier|Icicle Crash|p1a: Skuntank\n|-damage|p1a: Skuntank|0 fnt\n|faint|p1a: Skuntank\n|-ability|p2a: Glastrier|Chilling Neigh|boost\n|-boost|p2a: Glastrier|atk|1\n|\n|upkeep\n|\n|t:|1783567967\n|switch|p1a: Breloom|Breloom, L83, F|91/100\n|turn|16\n|inactive|Time left: 300 sec this turn | 300 sec total\n|\n|t:|1783567968\n|move|p1a: Breloom|Swords Dance|p1a: Breloom\n|-boost|p1a: Breloom|atk|2\n|move|p2a: Glastrier|Close Combat|p1a: Breloom\n|-damage|p1a: Breloom|8/100\n|-unboost|p2a: Glastrier|def|1\n|-unboost|p2a: Glastrier|spd|1\n|\n|upkeep\n|turn|17\n|inactive|Time left: 300 sec this turn | 300 sec total\n|\n|t:|1783567969\n|move|p1a: Breloom|Mach Punch|p2a: Glastrier\n|-supereffective|p2a: Glastrier\n|-damage|p2a: Glastrier|0 fnt\n|faint|p2a: Glastrier\n|-damage|p1a: Breloom|0 fnt|[from] item: Life Orb\n|faint|p1a: Breloom\n|\n|win|p0y24089960", "uploadtime": 1783567969, "views": 0, "rating": 0, "private": 0, "password": null, "_winner": "p0y24089960", "_our_name": "p0y24089960"}