{"id": "battle-gen9randombattle-1756", "formatid": "gen9randombattle", "format": "[Gen 9] Random Battle", "players": ["p0x17565e9b", "p0y17561a81"], "log": "|init|battle\n|title|p0x17565e9b vs. p0y17561a81\n|j|\u2606p0x17565e9b\n|j|\u2606p0y17561a81\n|t:|1783560285\n|gametype|singles\n|player|p1|p0x17565e9b|101|\n|player|p2|p0y17561a81|101|\n|gen|9\n|tier|[Gen 9] Random Battle\n|rule|Species Clause: Limit one of each Pok\u00e9mon\n|rule|HP Percentage Mod: HP is shown in percentages\n|rule|Sleep Clause Mod: Limit one foe put to sleep\n|rule|Illusion Level Mod: Illusion disguises the Pok\u00e9mon's true level\n|\n|t:|1783560285\n|teamsize|p1|6\n|teamsize|p2|6\n|start\n|switch|p1a: Toxtricity|Toxtricity, L82, F|100/100\n|switch|p2a: Terapagos|Terapagos, L77, F|265/265\n|-activate|p2a: Terapagos|ability: Tera Shift\n|detailschange|p2a: Terapagos|Terapagos-Terastal, L77, F\n|-heal|p2a: Terapagos|273/273|[silent]\n|turn|1\n|inactive|Battle timer is ON: inactive players will automatically lose when time's up. (requested by p0x17565e9b)\n|inactive|Time left: 300 sec this turn | 300 sec total | 60 sec grace\n|inactive|p0y17561a81 also wants the timer to be on.\n|\n|t:|1783560287\n|switch|p1a: Hariyama|Hariyama, L87, F|100/100\n|move|p2a: Terapagos|Tera Starstorm|p1a: Hariyama\n|-damage|p1a: Hariyama|63/100\n|\n|-status|p1a: Hariyama|brn|[from] item: Flame Orb\n|upkeep\n|turn|2\n|inactive|Time left: 300 sec this turn | 300 sec total\n|\n|t:|1783560288\n|switch|p2a: Iron Hands|Iron Hands, L79|373/373\n|move|p1a: Hariyama|Close Combat|p2a: Iron Hands\n|-damage|p2a: Iron Hands|169/373\n|-unboost|p1a: Hariyama|def|1\n|-unboost|p1a: Hariyama|spd|1\n|\n|-heal|p2a: Iron Hands|192/373|[from] item: Leftovers\n|-damage|p1a: Hariyama|57/100 brn|[from] brn\n|upkeep\n|turn|3\n|inactive|Time left: 300 sec this turn | 300 sec total\n|\n|t:|1783560290\n|-terastallize|p2a: Iron Hands|Flying\n|move|p1a: Hariyama|Close Combat|p2a: Iron Hands\n|-resisted|p2a: Iron Hands\n|-damage|p2a: Iron Hands|90/373\n|-unboost|p1a: Hariyama|def|1\n|-unboost|p1a: Hariyama|spd|1\n|move|p2a: Iron Hands|Drain Punch|p1a: Hariyama\n|-damage|p1a: Hariyama|0 fnt\n|-heal|p2a: Iron Hands|200/373|[from] drain|[of] p1a: Hariyama\n|faint|p1a: Hariyama\n|\n|-heal|p2a: Iron Hands|223/373|[from] item: Leftovers\n|upkeep\n|\n|t:|1783560291\n|switch|p1a: Toxtricity|Toxtricity, L82, F|100/100\n|turn|4\n|inactive|Time left: 300 sec this turn | 300 sec total\n|\n|t:|1783560292\n|-end|p2a: Iron Hands|Quark Drive|[silent]\n|switch|p2a: Hydrapple|Hydrapple, L83, M|312/312\n|move|p1a: Toxtricity|Overdrive|p2a: Hydrapple\n|-resisted|p2a: Hydrapple\n|-damage|p2a: Hydrapple|279/312\n|-enditem|p1a: Toxtricity|Throat Spray\n|-boost|p1a: Toxtricity|spa|1|[from] item: Throat Spray\n|\n|upkeep\n|turn|5\n|inactive|Time left: 300 sec this turn | 300 sec total\n|\n|t:|1783560293\n|-terastallize|p1a: Toxtricity|Normal\n|move|p1a: Toxtricity|Boomburst|p2a: Hydrapple\n|-damage|p2a: Hydrapple|0 fnt\n|faint|p2a: Hydrapple\n|\n|upkeep\n|inactive|Time left: 300 sec this turn | 300 sec total | 5 sec grace\n|\n|t:|1783560294\n|switch|p2a: Rillaboom|Rillaboom, L79, F|288/288\n|-fieldstart|move: Grassy Terrain|[from] ability: Grassy Surge|[of] p2a: Rillaboom\n|turn|6\n|inactive|Time left: 300 sec this turn | 300 sec total\n|\n|t:|1783560295\n|switch|p1a: Gogoat|Gogoat, L88, F|100/100\n|move|p2a: Rillaboom|Wood Hammer|p1a: Gogoat\n|-ability|p1a: Gogoat|Sap Sipper|boost\n|-boost|p1a: Gogoat|atk|1\n|\n|upkeep\n|turn|7\n|inactive|Time left: 300 sec this turn | 300 sec total\n|\n|t:|1783560296\n|move|p2a: Rillaboom|Swords Dance|p2a: Rillaboom\n|-boost|p2a: Rillaboom|atk|2\n|move|p1a: Gogoat|Bulk Up|p1a: Gogoat\n|-boost|p1a: Gogoat|atk|1\n|-boost|p1a: Gogoat|def|1\n|\n|upkeep\n|turn|8\n|inactive|Time left: 300 sec this turn | 300 sec total\n|\n|t:|1783560297\n|move|p2a: Rillaboom|Swords Dance|p2a: Rillaboom\n|-boost|p2a: Rillaboom|atk|2\n|move|p1a: Gogoat|Horn Leech|p2a: Rillaboom\n|-resisted|p2a: Rillaboom\n|-damage|p2a: Rillaboom|156/288\n|\n|-heal|p2a: Rillaboom|174/288|[from] Grassy Terrain\n|upkeep\n|turn|9\n|inactive|Time left: 300 sec this turn | 300 sec total\n|\n|t:|1783560298\n|move|p2a: Rillaboom|Knock Off|p1a: Gogoat\n|-damage|p1a: Gogoat|29/100\n|-enditem|p1a: Gogoat|Leftovers|[from] move: Knock Off|[of] p2a: Rillaboom\n|-damage|p2a: Rillaboom|146/288|[from] item: Life Orb\n|move|p1a: Gogoat|Horn Leech|p2a: Rillaboom\n|-resisted|p2a: Rillaboom\n|-damage|p2a: Rillaboom|26/288\n|-heal|p1a: Gogoat|46/100|[from] drain|[of] p2a: Rillaboom\n|\n|-heal|p2a: Rillaboom|44/288|[from] Grassy Terrain\n|-heal|p1a: Gogoat|52/100|[from] Grassy Terrain\n|upkeep\n|turn|10\n|inactive|Time left: 300 sec this turn | 300 sec total\n|\n|t:|1783560299\n|move|p2a: Rillaboom|Knock Off|p1a: Gogoat\n|-damage|p1a: Gogoat|6/100\n|-damage|p2a: Rillaboom|16/288|[from] item: Life Orb\n|move|p1a: Gogoat|Milk Drink|p1a: Gogoat\n|-heal|p1a: Gogoat|56/100\n|\n|-heal|p2a: Rillaboom|34/288|[from] Grassy Terrain\n|-heal|p1a: Gogoat|62/100|[from] Grassy Terrain\n|-fieldend|move: Grassy Terrain\n|upkeep\n|turn|11\n|inactive|Time left: 300 sec this turn | 300 sec total\n|\n|t:|1783560300\n|move|p2a: Rillaboom|Knock Off|p1a: Gogoat\n|-damage|p1a: Gogoat|20/100\n|-damage|p2a: Rillaboom|6/288|[from] item: Life Orb\n|move|p1a: Gogoat|Milk Drink|p1a: Gogoat\n|-heal|p1a: Gogoat|70/100\n|\n|upkeep\n|turn|12\n|inactive|Time left: 300 sec this turn | 300 sec total\n|\n|t:|1783560301\n|switch|p2a: Iron Hands|Iron Hands, L79, tera:Flying|223/373\n|move|p1a: Gogoat|Milk Drink|p1a: Gogoat\n|-heal|p1a: Gogoat|100/100\n|\n|-heal|p2a: Iron Hands|246/373|[from] item: Leftovers\n|upkeep\n|turn|13\n|inactive|Time left: 300 sec this turn | 300 sec total\n|\n|t:|1783560301\n|move|p1a: Gogoat|Rock Slide|p2a: Iron Hands\n|-supereffective|p2a: Iron Hands\n|-damage|p2a: Iron Hands|18/373\n|move|p2a: Iron Hands|Swords Dance|p2a: Iron Hands\n|-boost|p2a: Iron Hands|atk|2\n|\n|-heal|p2a: Iron Hands|41/373|[from] item: Leftovers\n|upkeep\n|turn|14\n|inactive|Time left: 300 sec this turn | 300 sec total\n|\n|t:|1783560302\n|move|p1a: Gogoat|Horn Leech|p2a: Iron Hands\n|-resisted|p2a: Iron Hands\n|-damage|p2a: Iron Hands|0 fnt\n|faint|p2a: Iron Hands\n|-end|p2a: Iron Hands|Quark Drive|[silent]\n|\n|upkeep\n|inactive|Time left: 300 sec this turn | 300 sec total | 5 sec grace\n|\n|t:|1783560303\n|switch|p2a: Ampharos|Ampharos, L88, M|302/302\n|turn|15\n|inactive|Time left: 300 sec this turn | 300 sec total\n|\n|t:|1783560304\n|move|p1a: Gogoat|Horn Leech|p2a: Ampharos\n|-damage|p2a: Ampharos|112/302\n|-status|p1a: Gogoat|par|[from] ability: Static|[of] p2a: Ampharos\n|move|p2a: Ampharos|Focus Blast|p1a: Gogoat\n|-damage|p1a: Gogoat|56/100 par\n|\n|upkeep\n|turn|16\n|inactive|Time left: 300 sec this turn | 300 sec total\n|\n|t:|1783560305\n|move|p2a: Ampharos|Focus Blast|p1a: Gogoat\n|-damage|p1a: Gogoat|9/100 par\n|cant|p1a: Gogoat|par\n|\n|upkeep\n|turn|17\n|inactive|Time left: 300 sec this turn | 300 sec total\n|\n|t:|1783560306\n|move|p2a: Ampharos|Focus Blast|p1a: Gogoat\n|-damage|p1a: Gogoat|0 fnt\n|faint|p1a: Gogoat\n|\n|upkeep\n|\n|t:|1783560306\n|switch|p1a: Kleavor|Kleavor, L78, M|100/100\n|turn|18\n|inactive|Time left: 300 sec this turn | 300 sec total\n|\n|t:|1783560307\n|switch|p2a: Rillaboom|Rillaboom, L79, F|6/288\n|-fieldstart|move: Grassy Terrain|[from] ability: Grassy Surge|[of] p2a: Rillaboom\n|move|p1a: Kleavor|Stone Axe|p2a: Rillaboom\n|-damage|p2a: Rillaboom|0 fnt\n|-sidestart|p2: p0y17561a81|move: Stealth Rock\n|faint|p2a: Rillaboom\n|\n|upkeep\n|inactive|Time left: 300 sec this turn | 300 sec total | 5 sec grace\n|\n|t:|1783560308\n|switch|p2a: Terapagos|Terapagos-Terastal, L77, F|273/273\n|turn|19\n|inactive|Time left: 300 sec this turn | 300 sec total\n|\n|t:|1783560309\n|move|p1a: Kleavor|Swords Dance|p1a: Kleavor\n|-boost|p1a: Kleavor|atk|2\n|move|p2a: Terapagos|Rapid Spin|p1a: Kleavor\n|-resisted|p1a: Kleavor\n|-damage|p1a: Kleavor|91/100\n|-boost|p2a: Terapagos|spe|1\n|-sideend|p2: p0y17561a81|Stealth Rock|[from] move: Rapid Spin|[of] p2a: Terapagos\n|\n|-heal|p1a: Kleavor|97/100|[from] Grassy Terrain\n|upkeep\n|turn|20\n|inactive|Time left: 300 sec this turn | 300 sec total\n|\n|t:|1783560310\n|switch|p2a: Ampharos|Ampharos, L88, M|112/302\n|move|p1a: Kleavor|X-Scissor|p2a: Ampharos\n|-damage|p2a: Ampharos|0 fnt\n|faint|p2a: Ampharos\n|\n|-heal|p1a: Kleavor|100/100|[from] Grassy Terrain\n|upkeep\n|inactive|Time left: 300 sec this turn | 300 sec total | 5 sec grace\n|\n|t:|1783560310\n|switch|p2a: Terapagos|Terapagos-Terastal, L77, F|273/273\n|turn|21\n|inactive|Time left: 300 sec this turn | 300 sec total\n|\n|t:|1783560311\n|switch|p2a: Dudunsparce|Dudunsparce-Three-Segment, L83, M|343/343\n|move|p1a: Kleavor|Close Combat|p2a: Dudunsparce\n|-supereffective|p2a: Dudunsparce\n|-damage|p2a: Dudunsparce|0 fnt\n|-unboost|p1a: Kleavor|def|1\n|-unboost|p1a: Kleavor|spd|1\n|faint|p2a: Dudunsparce\n|\n|upkeep\n|inactive|Time left: 300 sec this turn | 300 sec total | 5 sec grace\n|\n|t:|1783560312\n|switch|p2a: Terapagos|Terapagos-Terastal, L77, F|273/273\n|turn|22\n|inactive|Time left: 300 sec this turn | 300 sec total\n|\n|t:|1783560313\n|move|p1a: Kleavor|Close Combat|p2a: Terapagos\n|-activate|p2a: Terapagos|ability: Tera Shell\n|-resisted|p2a: Terapagos\n|-damage|p2a: Terapagos|184/273\n|-unboost|p1a: Kleavor|def|1\n|-unboost|p1a: Kleavor|spd|1\n|move|p2a: Terapagos|Calm Mind|p2a: Terapagos\n|-boost|p2a: Terapagos|spa|1\n|-boost|p2a: Terapagos|spd|1\n|\n|-heal|p2a: Terapagos|201/273|[from] Grassy Terrain\n|-fieldend|move: Grassy Terrain\n|upkeep\n|turn|23\n|inactive|Time left: 300 sec this turn | 300 sec total\n|\n|t:|1783560314\n|move|p1a: Kleavor|X-Scissor|p2a: Terapagos\n|-damage|p2a: Terapagos|0 fnt\n|faint|p2a: Terapagos\n|\n|win|p0x17565e9b", "uploadtime": 1783560314, "views": 0, "rating": 0, "private": 0, "password": null, "_winner": "p0x17565e9b", "_our_name": "p0y17561a81"}