{"id": "battle-gen9randombattle-2875", "formatid": "gen9randombattle", "format": "[Gen 9] Random Battle", "players": ["p0x2875c78e", "p0y28759e63"], "log": "|init|battle\n|title|p0x2875c78e vs. p0y28759e63\n|j|\u2606p0x2875c78e\n|j|\u2606p0y28759e63\n|t:|1783573123\n|gametype|singles\n|player|p1|p0x2875c78e|169|\n|player|p2|p0y28759e63|266|\n|gen|9\n|tier|[Gen 9] Random Battle\n|rule|Species Clause: Limit one of each Pok\u00e9mon\n|rule|HP Percentage Mod: HP is shown in percentages\n|rule|Sleep Clause Mod: Limit one foe put to sleep\n|rule|Illusion Level Mod: Illusion disguises the Pok\u00e9mon's true level\n|\n|t:|1783573123\n|teamsize|p1|6\n|teamsize|p2|6\n|start\n|switch|p1a: Bronzong|Bronzong, L88|100/100\n|switch|p2a: Espathra|Espathra, L80, F|283/283\n|turn|1\n|inactive|Battle timer is ON: inactive players will automatically lose when time's up. (requested by p0y28759e63)\n|inactive|p0x2875c78e also wants the timer to be on.\n|\n|t:|1783573124\n|move|p2a: Espathra|Lumina Crash|p1a: Bronzong\n|-resisted|p1a: Bronzong\n|-damage|p1a: Bronzong|92/100\n|-unboost|p1a: Bronzong|spd|2\n|move|p1a: Bronzong|Stealth Rock|p2a: Espathra\n|-sidestart|p2: p0y28759e63|move: Stealth Rock\n|\n|-heal|p1a: Bronzong|99/100|[from] item: Leftovers\n|-ability|p2a: Espathra|Speed Boost|boost\n|-boost|p2a: Espathra|spe|1\n|upkeep\n|turn|2\n|inactive|Time left: 300 sec this turn | 300 sec total\n|\n|t:|1783573125\n|switch|p1a: Incineroar|Incineroar, L82, M|100/100\n|-ability|p1a: Incineroar|Intimidate|boost\n|-unboost|p2a: Espathra|atk|1\n|move|p2a: Espathra|Lumina Crash|p1a: Incineroar\n|-immune|p1a: Incineroar\n|\n|-ability|p2a: Espathra|Speed Boost|boost\n|-boost|p2a: Espathra|spe|1\n|upkeep\n|turn|3\n|inactive|Time left: 300 sec this turn | 300 sec total\n|\n|t:|1783573126\n|switch|p2a: Diancie|Diancie, L82|216/216\n|-damage|p2a: Diancie|189/216|[from] Stealth Rock\n|move|p1a: Incineroar|Knock Off|p2a: Diancie\n|-resisted|p2a: Diancie\n|-damage|p2a: Diancie|154/216\n|-enditem|p2a: Diancie|Assault Vest|[from] move: Knock Off|[of] p1a: Incineroar\n|\n|upkeep\n|turn|4\n|inactive|Time left: 300 sec this turn | 300 sec total\n|\n|t:|1783573127\n|switch|p1a: Bronzong|Bronzong, L88|99/100\n|move|p2a: Diancie|Diamond Storm|p1a: Bronzong\n|-resisted|p1a: Bronzong\n|-damage|p1a: Bronzong|83/100\n|-boost|p2a: Diancie|def|2\n|\n|-heal|p1a: Bronzong|89/100|[from] item: Leftovers\n|upkeep\n|turn|5\n|inactive|Time left: 300 sec this turn | 300 sec total\n|\n|t:|1783573127\n|move|p2a: Diancie|Body Press|p1a: Bronzong\n|-damage|p1a: Bronzong|46/100\n|move|p1a: Bronzong|Iron Head|p2a: Diancie\n|-supereffective|p2a: Diancie\n|-damage|p2a: Diancie|34/216\n|\n|-heal|p1a: Bronzong|53/100|[from] item: Leftovers\n|upkeep\n|turn|6\n|inactive|Time left: 300 sec this turn | 300 sec total\n|\n|t:|1783573129\n|-terastallize|p2a: Diancie|Fighting\n|move|p2a: Diancie|Body Press|p1a: Bronzong\n|-damage|p1a: Bronzong|0 fnt\n|faint|p1a: Bronzong\n|\n|upkeep\n|\n|t:|1783573129\n|switch|p1a: Leafeon|Leafeon, L88, M|100/100\n|turn|7\n|inactive|Time left: 300 sec this turn | 300 sec total\n|\n|t:|1783573130\n|move|p1a: Leafeon|Leaf Blade|p2a: Diancie\n|-damage|p2a: Diancie|0 fnt\n|faint|p2a: Diancie\n|\n|upkeep\n|inactive|Time left: 300 sec this turn | 300 sec total | 5 sec grace\n|\n|t:|1783573131\n|switch|p2a: Hawlucha|Hawlucha, L80, F|256/256\n|-damage|p2a: Hawlucha|224/256|[from] Stealth Rock\n|turn|8\n|inactive|Time left: 300 sec this turn | 300 sec total\n|\n|t:|1783573132\n|move|p2a: Hawlucha|Swords Dance|p2a: Hawlucha\n|-boost|p2a: Hawlucha|atk|2\n|move|p1a: Leafeon|Swords Dance|p1a: Leafeon\n|-boost|p1a: Leafeon|atk|2\n|\n|upkeep\n|turn|9\n|inactive|Time left: 300 sec this turn | 300 sec total\n|\n|t:|1783573133\n|move|p2a: Hawlucha|Close Combat|p1a: Leafeon\n|-damage|p1a: Leafeon|44/100\n|-unboost|p2a: Hawlucha|def|1\n|-unboost|p2a: Hawlucha|spd|1\n|-enditem|p2a: Hawlucha|White Herb\n|-clearnegativeboost|p2a: Hawlucha|[silent]\n|move|p1a: Leafeon|Double-Edge|p2a: Hawlucha\n|-damage|p2a: Hawlucha|0 fnt\n|faint|p2a: Hawlucha\n|-damage|p1a: Leafeon|15/100|[from] Recoil\n|\n|-heal|p1a: Leafeon|21/100|[from] item: Leftovers\n|upkeep\n|inactive|Time left: 300 sec this turn | 300 sec total | 5 sec grace\n|\n|t:|1783573134\n|switch|p2a: Exeggutor|Exeggutor, L89, M|314/314\n|-damage|p2a: Exeggutor|275/314|[from] Stealth Rock\n|turn|10\n|inactive|Time left: 300 sec this turn | 300 sec total\n|\n|t:|1783573135\n|move|p1a: Leafeon|Leaf Blade|p2a: Exeggutor\n|-resisted|p2a: Exeggutor\n|-damage|p2a: Exeggutor|170/314\n|move|p2a: Exeggutor|Giga Drain|p1a: Leafeon\n|-resisted|p1a: Leafeon\n|-damage|p1a: Leafeon|0 fnt\n|-heal|p2a: Exeggutor|197/314|[from] drain|[of] p1a: Leafeon\n|faint|p1a: Leafeon\n|\n|upkeep\n|\n|t:|1783573136\n|switch|p1a: Oricorio|Oricorio, L84, F|100/100\n|turn|11\n|inactive|Time left: 300 sec this turn | 300 sec total\n|\n|t:|1783573137\n|switch|p2a: Oinkologne|Oinkologne-F, L92, F|361/361\n|-damage|p2a: Oinkologne|316/361|[from] Stealth Rock\n|move|p1a: Oricorio|Revelation Dance|p2a: Oinkologne\n|-damage|p2a: Oinkologne|270/361\n|\n|-heal|p2a: Oinkologne|292/361|[from] item: Leftovers\n|upkeep\n|turn|12\n|inactive|Time left: 300 sec this turn | 300 sec total\n|\n|t:|1783573138\n|move|p1a: Oricorio|Quiver Dance|p1a: Oricorio\n|-boost|p1a: Oricorio|spa|1\n|-boost|p1a: Oricorio|spd|1\n|-boost|p1a: Oricorio|spe|1\n|move|p2a: Oinkologne|Body Slam|p1a: Oricorio\n|-damage|p1a: Oricorio|54/100\n|-status|p1a: Oricorio|par\n|\n|-heal|p2a: Oinkologne|314/361|[from] item: Leftovers\n|upkeep\n|turn|13\n|inactive|Time left: 300 sec this turn | 300 sec total\n|\n|t:|1783573139\n|move|p2a: Oinkologne|Body Slam|p1a: Oricorio\n|-damage|p1a: Oricorio|8/100 par\n|move|p1a: Oricorio|Roost|p1a: Oricorio\n|-heal|p1a: Oricorio|58/100 par\n|-singleturn|p1a: Oricorio|move: Roost\n|\n|-heal|p2a: Oinkologne|336/361|[from] item: Leftovers\n|upkeep\n|turn|14\n|inactive|Time left: 300 sec this turn | 300 sec total\n|\n|t:|1783573140\n|move|p2a: Oinkologne|Body Slam|p1a: Oricorio\n|-damage|p1a: Oricorio|16/100 par\n|move|p1a: Oricorio|Roost|p1a: Oricorio\n|-heal|p1a: Oricorio|66/100 par\n|-singleturn|p1a: Oricorio|move: Roost\n|\n|-heal|p2a: Oinkologne|358/361|[from] item: Leftovers\n|upkeep\n|turn|15\n|inactive|Time left: 300 sec this turn | 300 sec total\n|\n|t:|1783573141\n|move|p2a: Oinkologne|Body Slam|p1a: Oricorio\n|-damage|p1a: Oricorio|21/100 par\n|cant|p1a: Oricorio|par\n|\n|-heal|p2a: Oinkologne|361/361|[from] item: Leftovers\n|upkeep\n|turn|16\n|inactive|Time left: 300 sec this turn | 300 sec total\n|\n|t:|1783573142\n|move|p2a: Oinkologne|Body Slam|p1a: Oricorio\n|-damage|p1a: Oricorio|0 fnt\n|faint|p1a: Oricorio\n|\n|upkeep\n|\n|t:|1783573143\n|switch|p1a: Incineroar|Incineroar, L82, M|100/100\n|-ability|p1a: Incineroar|Intimidate|boost\n|-unboost|p2a: Oinkologne|atk|1\n|turn|17\n|inactive|Time left: 300 sec this turn | 300 sec total\n|\n|t:|1783573144\n|move|p2a: Oinkologne|Body Slam|p1a: Incineroar\n|-damage|p1a: Incineroar|79/100\n|move|p1a: Incineroar|Swords Dance|p1a: Incineroar\n|-boost|p1a: Incineroar|atk|2\n|\n|upkeep\n|turn|18\n|inactive|Time left: 300 sec this turn | 300 sec total\n|\n|t:|1783573145\n|move|p2a: Oinkologne|Body Slam|p1a: Incineroar\n|-damage|p1a: Incineroar|54/100\n|-status|p1a: Incineroar|par\n|move|p1a: Incineroar|Knock Off|p2a: Oinkologne\n|-damage|p2a: Oinkologne|124/361\n|-enditem|p2a: Oinkologne|Leftovers|[from] move: Knock Off|[of] p1a: Incineroar\n|\n|upkeep\n|turn|19\n|inactive|Time left: 300 sec this turn | 300 sec total\n|\n|t:|1783573146\n|move|p2a: Oinkologne|Body Slam|p1a: Incineroar\n|-damage|p1a: Incineroar|30/100 par\n|move|p1a: Incineroar|Trailblaze|p2a: Oinkologne\n|-damage|p2a: Oinkologne|43/361\n|-boost|p1a: Incineroar|spe|1\n|\n|upkeep\n|turn|20\n|inactive|Time left: 300 sec this turn | 300 sec total\n|\n|t:|1783573147\n|move|p2a: Oinkologne|Body Slam|p1a: Incineroar\n|-damage|p1a: Incineroar|6/100 par\n|move|p1a: Incineroar|Swords Dance|p1a: Incineroar\n|-boost|p1a: Incineroar|atk|2\n|\n|upkeep\n|turn|21\n|inactive|Time left: 300 sec this turn | 300 sec total\n|\n|t:|1783573148\n|move|p2a: Oinkologne|Body Slam|p1a: Incineroar\n|-damage|p1a: Incineroar|0 fnt\n|faint|p1a: Incineroar\n|\n|upkeep\n|\n|t:|1783573149\n|switch|p1a: Piloswine|Piloswine, L85, F|100/100\n|turn|22\n|inactive|Time left: 300 sec this turn | 300 sec total\n|\n|t:|1783573150\n|move|p2a: Oinkologne|Rest|p2a: Oinkologne\n|-status|p2a: Oinkologne|slp|[from] move: Rest\n|-heal|p2a: Oinkologne|361/361 slp|[silent]\n|move|p1a: Piloswine|Icicle Crash|p2a: Oinkologne\n|-damage|p2a: Oinkologne|306/361 slp\n|\n|upkeep\n|turn|23\n|inactive|Time left: 300 sec this turn | 300 sec total\n|\n|t:|1783573151\n|cant|p2a: Oinkologne|slp\n|move|p2a: Oinkologne|Sleep Talk|p2a: Oinkologne\n|move|p2a: Oinkologne|Rest||[from] move: Sleep Talk|[still]\n|-fail|p2a: Oinkologne\n|move|p1a: Piloswine|Icicle Crash|p2a: Oinkologne\n|-crit|p2a: Oinkologne\n|-damage|p2a: Oinkologne|234/361 slp\n|\n|upkeep\n|turn|24\n|inactive|Time left: 300 sec this turn | 300 sec total\n|\n|t:|1783573152\n|cant|p2a: Oinkologne|slp\n|move|p2a: Oinkologne|Sleep Talk|p2a: Oinkologne\n|move|p2a: Oinkologne|Body Slam|p1a: Piloswine|[from] move: Sleep Talk\n|-damage|p1a: Piloswine|85/100\n|-status|p1a: Piloswine|par\n|move|p1a: Piloswine|Icicle Crash|p2a: Oinkologne\n|-damage|p2a: Oinkologne|182/361 slp\n|\n|upkeep\n|turn|25\n|inactive|Time left: 300 sec this turn | 300 sec total\n|\n|t:|1783573153\n|-curestatus|p2a: Oinkologne|slp|[msg]\n|move|p2a: Oinkologne|Body Slam|p1a: Piloswine\n|-damage|p1a: Piloswine|68/100 par\n|move|p1a: Piloswine|Earthquake|p2a: Oinkologne\n|-damage|p2a: Oinkologne|50/361\n|\n|upkeep\n|turn|26\n|inactive|Time left: 300 sec this turn | 300 sec total\n|\n|t:|1783573154\n|move|p2a: Oinkologne|Rest|p2a: Oinkologne\n|-status|p2a: Oinkologne|slp|[from] move: Rest\n|-heal|p2a: Oinkologne|361/361 slp|[silent]\n|move|p1a: Piloswine|Earthquake|p2a: Oinkologne\n|-damage|p2a: Oinkologne|231/361 slp\n|\n|upkeep\n|turn|27\n|inactive|Time left: 300 sec this turn | 300 sec total\n|\n|t:|1783573155\n|switch|p2a: Arboliva|Arboliva, L91, M|288/288\n|-damage|p2a: Arboliva|252/288|[from] Stealth Rock\n|move|p1a: Piloswine|Earthquake|p2a: Arboliva\n|-resisted|p2a: Arboliva\n|-damage|p2a: Arboliva|204/288\n|\n|upkeep\n|turn|28\n|inactive|Time left: 300 sec this turn | 300 sec total\n|\n|t:|1783573156\n|move|p2a: Arboliva|Leech Seed|p1a: Piloswine\n|-start|p1a: Piloswine|move: Leech Seed\n|move|p1a: Piloswine|Icicle Crash|p2a: Arboliva\n|-supereffective|p2a: Arboliva\n|-damage|p2a: Arboliva|18/288\n|-enditem|p2a: Arboliva|Sitrus Berry|[eat]\n|-heal|p2a: Arboliva|90/288|[from] item: Sitrus Berry\n|\n|-damage|p1a: Piloswine|56/100 par|[from] Leech Seed|[of] p2a: Arboliva\n|-heal|p2a: Arboliva|128/288|[silent]\n|upkeep\n|turn|29\n|inactive|Time left: 300 sec this turn | 300 sec total\n|\n|t:|1783573158\n|move|p2a: Arboliva|Leech Seed||[still]\n|-fail|p2a: Arboliva\n|move|p1a: Piloswine|Icicle Crash|p2a: Arboliva\n|-supereffective|p2a: Arboliva\n|-damage|p2a: Arboliva|0 fnt\n|faint|p2a: Arboliva\n|\n|upkeep\n|inactive|Time left: 300 sec this turn | 300 sec total | 5 sec grace\n|\n|t:|1783573159\n|switch|p2a: Exeggutor|Exeggutor, L89, M|197/314\n|-damage|p2a: Exeggutor|158/314|[from] Stealth Rock\n|turn|30\n|inactive|Time left: 300 sec this turn | 300 sec total\n|\n|t:|1783573160\n|-terastallize|p1a: Piloswine|Dragon\n|move|p2a: Exeggutor|Giga Drain|p1a: Piloswine\n|-resisted|p1a: Piloswine\n|-damage|p1a: Piloswine|40/100 par\n|-heal|p2a: Exeggutor|183/314|[from] drain|[of] p1a: Piloswine\n|cant|p1a: Piloswine|par\n|\n|-damage|p1a: Piloswine|28/100 par|[from] Leech Seed|[of] p2a: Exeggutor\n|-heal|p2a: Exeggutor|221/314|[silent]\n|upkeep\n|turn|31\n|inactive|Time left: 300 sec this turn | 300 sec total\n|\n|t:|1783573161\n|move|p2a: Exeggutor|Calm Mind|p2a: Exeggutor\n|-boost|p2a: Exeggutor|spa|1\n|-boost|p2a: Exeggutor|spd|1\n|cant|p1a: Piloswine|par\n|\n|-damage|p1a: Piloswine|15/100 par|[from] Leech Seed|[of] p2a: Exeggutor\n|-heal|p2a: Exeggutor|259/314|[silent]\n|upkeep\n|turn|32\n|inactive|Time left: 300 sec this turn | 300 sec total\n|\n|t:|1783573162\n|move|p1a: Piloswine|Ice Shard|p2a: Exeggutor\n|-supereffective|p2a: Exeggutor\n|-damage|p2a: Exeggutor|169/314\n|move|p2a: Exeggutor|Giga Drain|p1a: Piloswine\n|-resisted|p1a: Piloswine\n|-damage|p1a: Piloswine|0 fnt\n|-heal|p2a: Exeggutor|192/314|[from] drain|[of] p1a: Piloswine\n|faint|p1a: Piloswine\n|\n|upkeep\n|\n|t:|1783573163\n|switch|p1a: Phione|Phione, L91|100/100\n|turn|33\n|inactive|Time left: 300 sec this turn | 300 sec total\n|\n|t:|1783573163\n|move|p1a: Phione|Sleep Talk||[still]\n|-fail|p1a: Phione\n|move|p2a: Exeggutor|Giga Drain|p1a: Phione\n|-supereffective|p1a: Phione\n|-damage|p1a: Phione|0 fnt\n|-heal|p2a: Exeggutor|314/314|[from] drain|[of] p1a: Phione\n|faint|p1a: Phione\n|\n|win|p0y28759e63", "uploadtime": 1783573163, "views": 0, "rating": 0, "private": 0, "password": null, "_winner": "p0y28759e63", "_our_name": "p0y28759e63"}