{"id": "battle-gen9randombattle-1909", "formatid": "gen9randombattle", "format": "[Gen 9] Random Battle", "players": ["p0x19092185", "p0y190920b4"], "log": "|init|battle\n|title|p0x19092185 vs. p0y190920b4\n|j|\u2606p0x19092185\n|j|\u2606p0y190920b4\n|t:|1783562085\n|gametype|singles\n|player|p1|p0x19092185|101|\n|player|p2|p0y190920b4|265|\n|gen|9\n|tier|[Gen 9] Random Battle\n|rule|Species Clause: Limit one of each Pok\u00e9mon\n|rule|HP Percentage Mod: HP is shown in percentages\n|rule|Sleep Clause Mod: Limit one foe put to sleep\n|rule|Illusion Level Mod: Illusion disguises the Pok\u00e9mon's true level\n|\n|t:|1783562085\n|teamsize|p1|6\n|teamsize|p2|6\n|start\n|switch|p1a: Oranguru|Oranguru, L92, M|100/100\n|switch|p2a: Staraptor|Staraptor, L79, M|263/263\n|turn|1\n|inactive|Battle timer is ON: inactive players will automatically lose when time's up. (requested by p0x19092185)\n|inactive|Time left: 300 sec this turn | 300 sec total | 60 sec grace\n|inactive|p0y190920b4 also wants the timer to be on.\n|\n|t:|1783562086\n|move|p2a: Staraptor|Double-Edge|p1a: Oranguru\n|-damage|p1a: Oranguru|25/100\n|-damage|p2a: Staraptor|185/263|[from] Recoil\n|move|p1a: Oranguru|Thunderbolt|p2a: Staraptor\n|-supereffective|p2a: Staraptor\n|-damage|p2a: Staraptor|0 fnt\n|faint|p2a: Staraptor\n|\n|-heal|p1a: Oranguru|31/100|[from] item: Leftovers\n|upkeep\n|inactive|Time left: 300 sec this turn | 300 sec total | 65 sec grace\n|\n|t:|1783562087\n|switch|p2a: Regidrago|Regidrago, L77|435/435\n|turn|2\n|inactive|Time left: 300 sec this turn | 300 sec total\n|\n|t:|1783562088\n|move|p2a: Regidrago|Outrage|p1a: Oranguru\n|-damage|p1a: Oranguru|0 fnt\n|faint|p1a: Oranguru\n|\n|upkeep\n|\n|t:|1783562089\n|switch|p1a: Rotom|Rotom-Frost, L87|100/100\n|turn|3\n|inactive|Time left: 300 sec this turn | 300 sec total\n|\n|t:|1783562090\n|move|p1a: Rotom|Blizzard|p2a: Regidrago\n|-supereffective|p2a: Regidrago\n|-damage|p2a: Regidrago|27/435\n|move|p2a: Regidrago|Outrage|p1a: Rotom|[from] lockedmove\n|-damage|p1a: Rotom|43/100\n|-start|p2a: Regidrago|confusion|[fatigue]\n|-enditem|p2a: Regidrago|Lum Berry|[eat]\n|-end|p2a: Regidrago|confusion\n|\n|upkeep\n|turn|4\n|inactive|Time left: 300 sec this turn | 300 sec total\n|\n|t:|1783562091\n|move|p1a: Rotom|Thunderbolt|p2a: Regidrago\n|-resisted|p2a: Regidrago\n|-damage|p2a: Regidrago|0 fnt\n|faint|p2a: Regidrago\n|\n|upkeep\n|inactive|Time left: 300 sec this turn | 300 sec total | 5 sec grace\n|\n|t:|1783562092\n|switch|p2a: Hitmonlee|Hitmonlee, L85, M|224/224\n|turn|5\n|inactive|Time left: 300 sec this turn | 300 sec total\n|\n|t:|1783562093\n|move|p1a: Rotom|Will-O-Wisp|p2a: Hitmonlee\n|-status|p2a: Hitmonlee|brn\n|move|p2a: Hitmonlee|Swords Dance|p2a: Hitmonlee\n|-boost|p2a: Hitmonlee|atk|2\n|\n|-damage|p2a: Hitmonlee|210/224 brn|[from] brn\n|upkeep\n|turn|6\n|inactive|Time left: 300 sec this turn | 300 sec total\n|\n|t:|1783562094\n|move|p1a: Rotom|Nasty Plot|p1a: Rotom\n|-boost|p1a: Rotom|spa|2\n|move|p2a: Hitmonlee|Close Combat|p1a: Rotom\n|-supereffective|p1a: Rotom\n|-damage|p1a: Rotom|0 fnt\n|-unboost|p2a: Hitmonlee|def|1\n|-unboost|p2a: Hitmonlee|spd|1\n|faint|p1a: Rotom\n|-enditem|p2a: Hitmonlee|White Herb\n|-clearnegativeboost|p2a: Hitmonlee|[silent]\n|\n|-damage|p2a: Hitmonlee|196/224 brn|[from] brn\n|upkeep\n|\n|t:|1783562095\n|switch|p1a: Falinks|Falinks, L84|100/100\n|turn|7\n|inactive|Time left: 300 sec this turn | 300 sec total\n|\n|t:|1783562096\n|move|p2a: Hitmonlee|Close Combat|p1a: Falinks\n|-damage|p1a: Falinks|40/100\n|-unboost|p2a: Hitmonlee|def|1\n|-unboost|p2a: Hitmonlee|spd|1\n|move|p1a: Falinks|No Retreat|p1a: Falinks\n|-boost|p1a: Falinks|atk|1\n|-boost|p1a: Falinks|def|1\n|-boost|p1a: Falinks|spa|1\n|-boost|p1a: Falinks|spd|1\n|-boost|p1a: Falinks|spe|1\n|-start|p1a: Falinks|move: No Retreat\n|\n|-damage|p2a: Hitmonlee|182/224 brn|[from] brn\n|upkeep\n|turn|8\n|inactive|Time left: 300 sec this turn | 300 sec total\n|\n|t:|1783562097\n|move|p2a: Hitmonlee|Close Combat|p1a: Falinks\n|-damage|p1a: Falinks|1/100\n|-unboost|p2a: Hitmonlee|def|1\n|-unboost|p2a: Hitmonlee|spd|1\n|move|p1a: Falinks|Iron Head|p2a: Hitmonlee\n|-damage|p2a: Hitmonlee|0 fnt\n|faint|p2a: Hitmonlee\n|-damage|p1a: Falinks|0 fnt|[from] item: Life Orb\n|faint|p1a: Falinks\n|\n|upkeep\n|inactive|Time left: 300 sec this turn | 300 sec total | 5 sec grace\n|\n|t:|1783562098\n|switch|p2a: Garchomp|Garchomp, L74, F|282/282\n|switch|p1a: Zapdos|Zapdos, L78|100/100\n|turn|9\n|inactive|Time left: 300 sec this turn | 300 sec total\n|\n|t:|1783562099\n|move|p1a: Zapdos|Hurricane|p2a: Garchomp\n|-damage|p2a: Garchomp|146/282\n|move|p2a: Garchomp|Outrage|p1a: Zapdos\n|-crit|p1a: Zapdos\n|-damage|p1a: Zapdos|28/100\n|-status|p2a: Garchomp|par|[from] ability: Static|[of] p1a: Zapdos\n|\n|upkeep\n|turn|10\n|inactive|Time left: 300 sec this turn | 300 sec total\n|\n|t:|1783562100\n|move|p1a: Zapdos|Hurricane|p2a: Garchomp\n|-damage|p2a: Garchomp|13/282 par\n|move|p2a: Garchomp|Outrage|p1a: Zapdos|[from] lockedmove\n|-damage|p1a: Zapdos|0 fnt\n|faint|p1a: Zapdos\n|\n|upkeep\n|\n|t:|1783562101\n|switch|p1a: Sandaconda|Sandaconda, L84, F|100/100\n|turn|11\n|inactive|Time left: 300 sec this turn | 300 sec total\n|\n|t:|1783562102\n|move|p1a: Sandaconda|Stealth Rock|p2a: Garchomp\n|-sidestart|p2: p0y190920b4|move: Stealth Rock\n|move|p2a: Garchomp|Outrage|p1a: Sandaconda|[from] lockedmove\n|-damage|p1a: Sandaconda|61/100\n|-start|p2a: Garchomp|confusion|[fatigue]\n|\n|-heal|p1a: Sandaconda|67/100|[from] item: Leftovers\n|upkeep\n|turn|12\n|inactive|Time left: 300 sec this turn | 300 sec total\n|\n|t:|1783562103\n|move|p1a: Sandaconda|Earthquake|p2a: Garchomp\n|-crit|p2a: Garchomp\n|-damage|p2a: Garchomp|0 fnt\n|faint|p2a: Garchomp\n|\n|-heal|p1a: Sandaconda|73/100|[from] item: Leftovers\n|upkeep\n|inactive|Time left: 300 sec this turn | 300 sec total | 5 sec grace\n|\n|t:|1783562104\n|switch|p2a: Oinkologne|Oinkologne, L92, M|352/352\n|-damage|p2a: Oinkologne|308/352|[from] Stealth Rock\n|turn|13\n|inactive|Time left: 300 sec this turn | 300 sec total\n|\n|t:|1783562106\n|move|p2a: Oinkologne|Curse|p2a: Oinkologne\n|-unboost|p2a: Oinkologne|spe|1\n|-boost|p2a: Oinkologne|atk|1\n|-boost|p2a: Oinkologne|def|1\n|move|p1a: Sandaconda|Rest|p1a: Sandaconda\n|-status|p1a: Sandaconda|slp|[from] move: Rest\n|-heal|p1a: Sandaconda|100/100 slp|[silent]\n|\n|-activate|p1a: Sandaconda|ability: Shed Skin\n|-curestatus|p1a: Sandaconda|slp|[msg]\n|-heal|p2a: Oinkologne|330/352|[from] item: Leftovers\n|upkeep\n|turn|14\n|inactive|Time left: 300 sec this turn | 300 sec total\n|\n|t:|1783562107\n|move|p1a: Sandaconda|Earthquake|p2a: Oinkologne\n|-damage|p2a: Oinkologne|254/352\n|move|p2a: Oinkologne|Curse|p2a: Oinkologne\n|-unboost|p2a: Oinkologne|spe|1\n|-boost|p2a: Oinkologne|atk|1\n|-boost|p2a: Oinkologne|def|1\n|\n|-heal|p2a: Oinkologne|276/352|[from] item: Leftovers\n|upkeep\n|turn|15\n|inactive|Time left: 300 sec this turn | 300 sec total\n|\n|t:|1783562108\n|move|p1a: Sandaconda|Stone Edge|p2a: Oinkologne\n|-damage|p2a: Oinkologne|236/352\n|move|p2a: Oinkologne|Body Slam|p1a: Sandaconda\n|-damage|p1a: Sandaconda|35/100\n|\n|-heal|p1a: Sandaconda|42/100|[from] item: Leftovers\n|-heal|p2a: Oinkologne|258/352|[from] item: Leftovers\n|upkeep\n|turn|16\n|inactive|Time left: 300 sec this turn | 300 sec total\n|\n|t:|1783562109\n|move|p1a: Sandaconda|Rest|p1a: Sandaconda\n|-status|p1a: Sandaconda|slp|[from] move: Rest\n|-heal|p1a: Sandaconda|100/100 slp|[silent]\n|move|p2a: Oinkologne|Body Slam|p1a: Sandaconda\n|-damage|p1a: Sandaconda|41/100 slp\n|\n|-heal|p1a: Sandaconda|47/100 slp|[from] item: Leftovers\n|-heal|p2a: Oinkologne|280/352|[from] item: Leftovers\n|upkeep\n|turn|17\n|inactive|Time left: 300 sec this turn | 300 sec total\n|\n|t:|1783562110\n|switch|p1a: Feraligatr|Feraligatr, L79, M|100/100\n|move|p2a: Oinkologne|Body Slam|p1a: Feraligatr\n|-damage|p1a: Feraligatr|19/100\n|\n|-heal|p2a: Oinkologne|302/352|[from] item: Leftovers\n|upkeep\n|turn|18\n|inactive|Time left: 300 sec this turn | 300 sec total\n|\n|t:|1783562111\n|move|p1a: Feraligatr|Trailblaze|p2a: Oinkologne\n|-damage|p2a: Oinkologne|270/352\n|move|p2a: Oinkologne|Body Slam|p1a: Feraligatr\n|-damage|p1a: Feraligatr|0 fnt\n|faint|p1a: Feraligatr\n|\n|-heal|p2a: Oinkologne|292/352|[from] item: Leftovers\n|upkeep\n|\n|t:|1783562112\n|switch|p1a: Sandaconda|Sandaconda, L84, F|47/100 slp\n|turn|19\n|inactive|Time left: 300 sec this turn | 300 sec total\n|\n|t:|1783562112\n|-terastallize|p2a: Oinkologne|Ground\n|cant|p1a: Sandaconda|slp\n|move|p2a: Oinkologne|Body Slam|p1a: Sandaconda\n|-damage|p1a: Sandaconda|0 fnt\n|faint|p1a: Sandaconda\n|\n|win|p0y190920b4", "uploadtime": 1783562112, "views": 0, "rating": 0, "private": 0, "password": null, "_winner": "p0y190920b4", "_our_name": "p0y190920b4"}