{"id": "battle-gen9randombattle-1530", "formatid": "gen9randombattle", "format": "[Gen 9] Random Battle", "players": ["p0x1530764c", "p0y1530aee6"], "log": "|init|battle\n|title|p0x1530764c vs. p0y1530aee6\n|j|\u2606p0x1530764c\n|j|\u2606p0y1530aee6\n|t:|1783557792\n|gametype|singles\n|player|p1|p0x1530764c|170|\n|player|p2|p0y1530aee6|101|\n|gen|9\n|tier|[Gen 9] Random Battle\n|rule|Species Clause: Limit one of each Pok\u00e9mon\n|rule|HP Percentage Mod: HP is shown in percentages\n|rule|Sleep Clause Mod: Limit one foe put to sleep\n|rule|Illusion Level Mod: Illusion disguises the Pok\u00e9mon's true level\n|\n|t:|1783557792\n|teamsize|p1|6\n|teamsize|p2|6\n|start\n|switch|p1a: Exeggutor|Exeggutor-Alola, L89, F|100/100\n|switch|p2a: Flygon|Flygon, L82, F|265/265\n|turn|1\n|inactive|Battle timer is ON: inactive players will automatically lose when time's up. (requested by p0x1530764c)\n|inactive|Time left: 300 sec this turn | 300 sec total | 60 sec grace\n|\n|t:|1783557793\n|move|p2a: Flygon|Outrage|p1a: Exeggutor\n|-supereffective|p1a: Exeggutor\n|-damage|p1a: Exeggutor|30/100\n|-enditem|p1a: Exeggutor|Sitrus Berry|[eat]\n|-heal|p1a: Exeggutor|55/100|[from] item: Sitrus Berry\n|move|p1a: Exeggutor|Draco Meteor|p2a: Flygon\n|-supereffective|p2a: Flygon\n|-damage|p2a: Flygon|0 fnt\n|-unboost|p1a: Exeggutor|spa|2\n|faint|p2a: Flygon\n|\n|-item|p1a: Exeggutor|Sitrus Berry|[from] ability: Harvest\n|upkeep\n|inactive|Time left: 300 sec this turn | 300 sec total | 65 sec grace\n|inactive|p0y1530aee6 also wants the timer to be on.\n|\n|t:|1783557794\n|switch|p2a: Bombirdier|Bombirdier, L85, M|258/258\n|turn|2\n|inactive|Time left: 300 sec this turn | 300 sec total\n|\n|t:|1783557796\n|switch|p1a: Sudowoodo|Sudowoodo, L94, F|100/100\n|move|p2a: Bombirdier|Knock Off|p1a: Sudowoodo\n|-damage|p1a: Sudowoodo|58/100\n|-enditem|p1a: Sudowoodo|Leftovers|[from] move: Knock Off|[of] p2a: Bombirdier\n|\n|upkeep\n|turn|3\n|inactive|Time left: 300 sec this turn | 300 sec total\n|\n|t:|1783557796\n|move|p2a: Bombirdier|Knock Off|p1a: Sudowoodo\n|-damage|p1a: Sudowoodo|28/100\n|move|p1a: Sudowoodo|Head Smash|p2a: Bombirdier\n|-supereffective|p2a: Bombirdier\n|-damage|p2a: Bombirdier|0 fnt\n|faint|p2a: Bombirdier\n|\n|upkeep\n|inactive|Time left: 300 sec this turn | 300 sec total | 5 sec grace\n|\n|t:|1783557797\n|switch|p2a: Politoed|Politoed, L88, F|302/302\n|-weather|RainDance|[from] ability: Drizzle|[of] p2a: Politoed\n|turn|4\n|inactive|Time left: 300 sec this turn | 300 sec total\n|\n|t:|1783557798\n|switch|p1a: Basculegion|Basculegion-F, L83, F|100/100\n|move|p2a: Politoed|Weather Ball|p1a: Basculegion\n|-resisted|p1a: Basculegion\n|-damage|p1a: Basculegion|75/100\n|\n|-weather|RainDance|[upkeep]\n|upkeep\n|turn|5\n|inactive|Time left: 300 sec this turn | 300 sec total\n|\n|t:|1783557799\n|move|p1a: Basculegion|Shadow Ball|p2a: Politoed\n|-damage|p2a: Politoed|204/302\n|-unboost|p2a: Politoed|spd|1\n|move|p2a: Politoed|Weather Ball|p1a: Basculegion\n|-resisted|p1a: Basculegion\n|-damage|p1a: Basculegion|47/100\n|\n|-weather|RainDance|[upkeep]\n|upkeep\n|turn|6\n|inactive|Time left: 300 sec this turn | 300 sec total\n|\n|t:|1783557800\n|switch|p2a: Mightyena|Mightyena, L96, F|290/290\n|-ability|p2a: Mightyena|Intimidate|boost\n|-unboost|p1a: Basculegion|atk|1\n|move|p1a: Basculegion|Shadow Ball|p2a: Mightyena\n|-resisted|p2a: Mightyena\n|-damage|p2a: Mightyena|218/290\n|\n|-weather|RainDance|[upkeep]\n|-heal|p2a: Mightyena|236/290|[from] item: Leftovers\n|upkeep\n|turn|7\n|inactive|Time left: 300 sec this turn | 300 sec total\n|\n|t:|1783557801\n|switch|p1a: Ursaring|Ursaring, L84, M|100/100\n|move|p2a: Mightyena|Crunch|p1a: Ursaring\n|-damage|p1a: Ursaring|73/100\n|\n|-weather|RainDance|[upkeep]\n|-heal|p2a: Mightyena|254/290|[from] item: Leftovers\n|upkeep\n|turn|8\n|inactive|Time left: 300 sec this turn | 300 sec total\n|\n|t:|1783557802\n|move|p2a: Mightyena|Crunch|p1a: Ursaring\n|-damage|p1a: Ursaring|46/100\n|-unboost|p1a: Ursaring|def|1\n|move|p1a: Ursaring|Body Slam|p2a: Mightyena\n|-damage|p2a: Mightyena|140/290\n|\n|-weather|none\n|-heal|p2a: Mightyena|158/290|[from] item: Leftovers\n|upkeep\n|turn|9\n|inactive|Time left: 300 sec this turn | 300 sec total\n|\n|t:|1783557802\n|move|p2a: Mightyena|Crunch|p1a: Ursaring\n|-damage|p1a: Ursaring|3/100\n|move|p1a: Ursaring|Body Slam|p2a: Mightyena\n|-damage|p2a: Mightyena|49/290\n|\n|-heal|p2a: Mightyena|67/290|[from] item: Leftovers\n|upkeep\n|turn|10\n|inactive|Time left: 300 sec this turn | 300 sec total\n|\n|t:|1783557803\n|switch|p1a: Exeggutor|Exeggutor-Alola, L89, F|55/100\n|move|p2a: Mightyena|Crunch|p1a: Exeggutor\n|-damage|p1a: Exeggutor|23/100\n|-enditem|p1a: Exeggutor|Sitrus Berry|[eat]\n|-heal|p1a: Exeggutor|48/100|[from] item: Sitrus Berry\n|\n|-heal|p2a: Mightyena|85/290|[from] item: Leftovers\n|upkeep\n|turn|11\n|inactive|Time left: 300 sec this turn | 300 sec total\n|\n|t:|1783557804\n|move|p2a: Mightyena|Play Rough|p1a: Exeggutor\n|-supereffective|p1a: Exeggutor\n|-damage|p1a: Exeggutor|1/100\n|move|p1a: Exeggutor|Flamethrower|p2a: Mightyena\n|-damage|p2a: Mightyena|0 fnt\n|faint|p2a: Mightyena\n|\n|-item|p1a: Exeggutor|Sitrus Berry|[from] ability: Harvest\n|upkeep\n|-enditem|p1a: Exeggutor|Sitrus Berry|[eat]\n|-heal|p1a: Exeggutor|26/100|[from] item: Sitrus Berry\n|inactive|Time left: 300 sec this turn | 300 sec total | 5 sec grace\n|\n|t:|1783557806\n|switch|p2a: Politoed|Politoed, L88, F|204/302\n|-weather|RainDance|[from] ability: Drizzle|[of] p2a: Politoed\n|turn|12\n|inactive|Time left: 300 sec this turn | 300 sec total\n|\n|t:|1783557806\n|switch|p1a: Basculegion|Basculegion-F, L83, F|47/100\n|move|p2a: Politoed|Ice Beam|p1a: Basculegion\n|-resisted|p1a: Basculegion\n|-damage|p1a: Basculegion|37/100\n|\n|-weather|RainDance|[upkeep]\n|upkeep\n|turn|13\n|inactive|Time left: 300 sec this turn | 300 sec total\n|\n|t:|1783557807\n|move|p1a: Basculegion|Wave Crash|p2a: Politoed\n|-resisted|p2a: Politoed\n|-damage|p2a: Politoed|68/302\n|-damage|p1a: Basculegion|23/100|[from] Recoil\n|move|p2a: Politoed|Ice Beam|p1a: Basculegion\n|-resisted|p1a: Basculegion\n|-damage|p1a: Basculegion|12/100\n|\n|-weather|RainDance|[upkeep]\n|upkeep\n|turn|14\n|inactive|Time left: 300 sec this turn | 300 sec total\n|\n|t:|1783557809\n|switch|p2a: Suicune|Suicune, L82|298/298\n|-ability|p2a: Suicune|Pressure\n|move|p1a: Basculegion|Shadow Ball|p2a: Suicune\n|-damage|p2a: Suicune|204/298\n|\n|-weather|RainDance|[upkeep]\n|-heal|p2a: Suicune|222/298|[from] item: Leftovers\n|upkeep\n|turn|15\n|inactive|Time left: 300 sec this turn | 300 sec total\n|\n|t:|1783557810\n|switch|p1a: Exeggutor|Exeggutor-Alola, L89, F|26/100\n|move|p2a: Suicune|Scald|p1a: Exeggutor\n|-resisted|p1a: Exeggutor\n|-damage|p1a: Exeggutor|17/100\n|-status|p1a: Exeggutor|brn\n|\n|-weather|RainDance|[upkeep]\n|-heal|p2a: Suicune|240/298|[from] item: Leftovers\n|-damage|p1a: Exeggutor|11/100 brn|[from] brn\n|upkeep\n|turn|16\n|inactive|Time left: 300 sec this turn | 300 sec total\n|\n|t:|1783557811\n|move|p2a: Suicune|Calm Mind|p2a: Suicune\n|-boost|p2a: Suicune|spa|1\n|-boost|p2a: Suicune|spd|1\n|move|p1a: Exeggutor|Dragon Tail|p2a: Suicune\n|-damage|p2a: Suicune|207/298\n|drag|p2a: Dachsbun|Dachsbun, L92, M|254/254\n|\n|-weather|none\n|-damage|p1a: Exeggutor|5/100 brn|[from] brn\n|-item|p1a: Exeggutor|Sitrus Berry|[from] ability: Harvest\n|upkeep\n|-enditem|p1a: Exeggutor|Sitrus Berry|[eat]\n|-heal|p1a: Exeggutor|29/100 brn|[from] item: Sitrus Berry\n|turn|17\n|inactive|Time left: 300 sec this turn | 300 sec total\n|\n|t:|1783557812\n|move|p2a: Dachsbun|Body Press|p1a: Exeggutor\n|-damage|p1a: Exeggutor|5/100 brn\n|move|p1a: Exeggutor|Wood Hammer|p2a: Dachsbun\n|-damage|p2a: Dachsbun|200/254\n|-damage|p1a: Exeggutor|0 fnt|[from] Recoil\n|faint|p1a: Exeggutor\n|\n|-heal|p2a: Dachsbun|215/254|[from] item: Leftovers\n|upkeep\n|\n|t:|1783557813\n|switch|p1a: Armarouge|Armarouge, L80, M|100/100\n|turn|18\n|inactive|Time left: 300 sec this turn | 300 sec total\n|\n|t:|1783557814\n|move|p2a: Dachsbun|Protect|p2a: Dachsbun\n|-singleturn|p2a: Dachsbun|Protect\n|move|p1a: Armarouge|Meteor Beam||[still]\n|-prepare|p1a: Armarouge|Meteor Beam\n|-boost|p1a: Armarouge|spa|1\n|-enditem|p1a: Armarouge|Power Herb\n|-anim|p1a: Armarouge|Meteor Beam|p2a: Dachsbun\n|-activate|p2a: Dachsbun|move: Protect\n|\n|-heal|p2a: Dachsbun|230/254|[from] item: Leftovers\n|upkeep\n|turn|19\n|inactive|Time left: 300 sec this turn | 300 sec total\n|\n|t:|1783557814\n|switch|p2a: Politoed|Politoed, L88, F|68/302\n|-weather|RainDance|[from] ability: Drizzle|[of] p2a: Politoed\n|move|p1a: Armarouge|Energy Ball|p2a: Politoed\n|-supereffective|p2a: Politoed\n|-damage|p2a: Politoed|0 fnt\n|faint|p2a: Politoed\n|\n|-weather|RainDance|[upkeep]\n|upkeep\n|inactive|Time left: 300 sec this turn | 300 sec total | 5 sec grace\n|\n|t:|1783557815\n|switch|p2a: Suicune|Suicune, L82|207/298\n|-ability|p2a: Suicune|Pressure\n|turn|20\n|inactive|Time left: 300 sec this turn | 300 sec total\n|\n|t:|1783557816\n|-terastallize|p1a: Armarouge|Grass\n|move|p2a: Suicune|Scald|p1a: Armarouge\n|-resisted|p1a: Armarouge\n|-damage|p1a: Armarouge|75/100\n|-status|p1a: Armarouge|brn\n|move|p1a: Armarouge|Energy Ball|p2a: Suicune\n|-supereffective|p2a: Suicune\n|-damage|p2a: Suicune|0 fnt\n|faint|p2a: Suicune\n|\n|-weather|RainDance|[upkeep]\n|-damage|p1a: Armarouge|69/100 brn|[from] brn\n|upkeep\n|inactive|Time left: 300 sec this turn | 300 sec total | 5 sec grace\n|\n|t:|1783557817\n|switch|p2a: Dachsbun|Dachsbun, L92, M|230/254\n|turn|21\n|inactive|Time left: 300 sec this turn | 300 sec total\n|\n|t:|1783557818\n|-terastallize|p2a: Dachsbun|Steel\n|move|p2a: Dachsbun|Body Press|p1a: Armarouge\n|-damage|p1a: Armarouge|41/100 brn\n|-ability|p1a: Armarouge|Weak Armor|boost\n|-unboost|p1a: Armarouge|def|1\n|-boost|p1a: Armarouge|spe|2\n|move|p1a: Armarouge|Energy Ball|p2a: Dachsbun\n|-resisted|p2a: Dachsbun\n|-damage|p2a: Dachsbun|153/254\n|\n|-weather|RainDance|[upkeep]\n|-heal|p2a: Dachsbun|168/254|[from] item: Leftovers\n|-damage|p1a: Armarouge|35/100 brn|[from] brn\n|upkeep\n|turn|22\n|inactive|Time left: 300 sec this turn | 300 sec total\n|\n|t:|1783557819\n|switch|p1a: Basculegion|Basculegion-F, L83, F|12/100\n|move|p2a: Dachsbun|Wish|p2a: Dachsbun\n|\n|-weather|RainDance|[upkeep]\n|-heal|p2a: Dachsbun|183/254|[from] item: Leftovers\n|upkeep\n|turn|23\n|inactive|Time left: 300 sec this turn | 300 sec total\n|\n|t:|1783557820\n|move|p2a: Dachsbun|Play Rough|p1a: Basculegion\n|-damage|p1a: Basculegion|0 fnt\n|faint|p1a: Basculegion\n|\n|-weather|none\n|-heal|p2a: Dachsbun|254/254|[from] move: Wish|[wisher] Dachsbun\n|upkeep\n|\n|t:|1783557821\n|switch|p1a: Breloom|Breloom, L83, M|100/100\n|turn|24\n|inactive|Time left: 300 sec this turn | 300 sec total\n|\n|t:|1783557822\n|move|p2a: Dachsbun|Play Rough|p1a: Breloom\n|-supereffective|p1a: Breloom\n|-damage|p1a: Breloom|3/100\n|move|p1a: Breloom|Swords Dance|p1a: Breloom\n|-boost|p1a: Breloom|atk|2\n|\n|upkeep\n|turn|25\n|inactive|Time left: 300 sec this turn | 300 sec total\n|\n|t:|1783557822\n|move|p2a: Dachsbun|Protect|p2a: Dachsbun\n|-singleturn|p2a: Dachsbun|Protect\n|move|p1a: Breloom|Mach Punch|p2a: Dachsbun\n|-activate|p2a: Dachsbun|move: Protect\n|\n|upkeep\n|turn|26\n|inactive|Time left: 300 sec this turn | 300 sec total\n|\n|t:|1783557823\n|move|p2a: Dachsbun|Protect||[still]\n|-fail|p2a: Dachsbun\n|move|p1a: Breloom|Mach Punch|p2a: Dachsbun\n|-supereffective|p2a: Dachsbun\n|-damage|p2a: Dachsbun|0 fnt\n|faint|p2a: Dachsbun\n|-damage|p1a: Breloom|0 fnt|[from] item: Life Orb\n|faint|p1a: Breloom\n|\n|win|p0x1530764c", "uploadtime": 1783557823, "views": 0, "rating": 0, "private": 0, "password": null, "_winner": "p0x1530764c", "_our_name": "p0y1530aee6"}