{"id": "battle-gen9randombattle-2595", "formatid": "gen9randombattle", "format": "[Gen 9] Random Battle", "players": ["p0x2595f329", "p0y2595862d"], "log": "|init|battle\n|title|p0x2595f329 vs. p0y2595862d\n|j|\u2606p0x2595f329\n|j|\u2606p0y2595862d\n|t:|1783569954\n|gametype|singles\n|player|p1|p0x2595f329|169|\n|player|p2|p0y2595862d|266|\n|gen|9\n|tier|[Gen 9] Random Battle\n|rule|Species Clause: Limit one of each Pok\u00e9mon\n|rule|HP Percentage Mod: HP is shown in percentages\n|rule|Sleep Clause Mod: Limit one foe put to sleep\n|rule|Illusion Level Mod: Illusion disguises the Pok\u00e9mon's true level\n|\n|t:|1783569954\n|teamsize|p1|6\n|teamsize|p2|6\n|start\n|switch|p1a: Delibird|Delibird, M|252/252\n|switch|p2a: Palafin|Palafin, L77, F|100/100\n|turn|1\n|inactive|Battle timer is ON: inactive players will automatically lose when time's up. (requested by p0x2595f329)\n|inactive|p0y2595862d also wants the timer to be on.\n|\n|t:|1783569956\n|move|p1a: Delibird|Freeze-Dry|p2a: Palafin\n|-supereffective|p2a: Palafin\n|-damage|p2a: Palafin|28/100\n|move|p2a: Palafin|Wave Crash|p1a: Delibird\n|-damage|p1a: Delibird|81/252\n|-damage|p2a: Palafin|8/100|[from] Recoil\n|\n|upkeep\n|turn|2\n|inactive|Time left: 300 sec this turn | 300 sec total\n|\n|t:|1783569957\n|switch|p1a: Cloyster|Cloyster, L80, F|211/211\n|detailschange|p2a: Palafin|Palafin-Hero, L77, F\n|switch|p2a: Luxray|Luxray, L88, F|100/100\n|-ability|p2a: Luxray|Intimidate|boost\n|-unboost|p1a: Cloyster|atk|1\n|-enditem|p1a: Cloyster|White Herb\n|-clearnegativeboost|p1a: Cloyster|[silent]\n|\n|upkeep\n|turn|3\n|inactive|Time left: 300 sec this turn | 300 sec total\n|\n|t:|1783569958\n|-terastallize|p1a: Cloyster|Ice\n|move|p2a: Luxray|Volt Switch|p1a: Cloyster\n|-damage|p1a: Cloyster|69/211\n|\n|t:|1783569959\n|switch|p2a: Clawitzer|Clawitzer, L87, M|100/100|[from] Volt Switch\n|move|p1a: Cloyster|Shell Smash|p1a: Cloyster\n|-unboost|p1a: Cloyster|def|1\n|-unboost|p1a: Cloyster|spd|1\n|-boost|p1a: Cloyster|atk|2\n|-boost|p1a: Cloyster|spa|2\n|-boost|p1a: Cloyster|spe|2\n|\n|upkeep\n|turn|4\n|inactive|Time left: 300 sec this turn | 300 sec total\n|\n|t:|1783569960\n|move|p1a: Cloyster|Icicle Spear|p2a: Clawitzer\n|-resisted|p2a: Clawitzer\n|-damage|p2a: Clawitzer|89/100\n|-resisted|p2a: Clawitzer\n|-damage|p2a: Clawitzer|77/100\n|-resisted|p2a: Clawitzer\n|-damage|p2a: Clawitzer|66/100\n|-resisted|p2a: Clawitzer\n|-damage|p2a: Clawitzer|54/100\n|-resisted|p2a: Clawitzer\n|-damage|p2a: Clawitzer|41/100\n|-hitcount|p2a: Clawitzer|5\n|move|p2a: Clawitzer|Aura Sphere|p1a: Cloyster\n|-supereffective|p1a: Cloyster\n|-damage|p1a: Cloyster|0 fnt\n|faint|p1a: Cloyster\n|\n|upkeep\n|inactive|Time left: 300 sec this turn | 300 sec total | 5 sec grace\n|\n|t:|1783569961\n|switch|p1a: Falinks|Falinks, L84|246/246\n|turn|5\n|inactive|Time left: 300 sec this turn | 300 sec total\n|\n|t:|1783569962\n|move|p1a: Falinks|No Retreat|p1a: Falinks\n|-boost|p1a: Falinks|atk|1\n|-boost|p1a: Falinks|def|1\n|-boost|p1a: Falinks|spa|1\n|-boost|p1a: Falinks|spd|1\n|-boost|p1a: Falinks|spe|1\n|-start|p1a: Falinks|move: No Retreat\n|move|p2a: Clawitzer|Water Pulse|p1a: Falinks\n|-damage|p1a: Falinks|146/246\n|\n|upkeep\n|turn|6\n|inactive|Time left: 300 sec this turn | 300 sec total\n|\n|t:|1783569963\n|switch|p2a: Palafin|Palafin-Hero, L77, F|8/100\n|-activate|p2a: Palafin|ability: Zero to Hero\n|move|p1a: Falinks|Knock Off|p2a: Palafin\n|-damage|p2a: Palafin|0 fnt\n|-enditem|p2a: Palafin|Choice Band|[from] move: Knock Off|[of] p1a: Falinks\n|faint|p2a: Palafin\n|-damage|p1a: Falinks|122/246|[from] item: Life Orb\n|\n|upkeep\n|\n|t:|1783569965\n|switch|p2a: Shaymin|Shaymin, L82|100/100\n|turn|7\n|inactive|Time left: 300 sec this turn | 300 sec total\n|\n|t:|1783569965\n|move|p1a: Falinks|Iron Head|p2a: Shaymin\n|-damage|p2a: Shaymin|64/100\n|-damage|p1a: Falinks|98/246|[from] item: Life Orb\n|cant|p2a: Shaymin|flinch\n|\n|-heal|p2a: Shaymin|70/100|[from] item: Leftovers\n|upkeep\n|turn|8\n|inactive|Time left: 300 sec this turn | 300 sec total\n|\n|t:|1783569966\n|switch|p2a: Clawitzer|Clawitzer, L87, M|41/100\n|move|p1a: Falinks|Close Combat|p2a: Clawitzer\n|-damage|p2a: Clawitzer|0 fnt\n|-unboost|p1a: Falinks|def|1\n|-unboost|p1a: Falinks|spd|1\n|faint|p2a: Clawitzer\n|-damage|p1a: Falinks|74/246|[from] item: Life Orb\n|\n|upkeep\n|\n|t:|1783569967\n|switch|p2a: Luxray|Luxray, L88, F|100/100\n|-ability|p2a: Luxray|Intimidate|boost\n|-unboost|p1a: Falinks|atk|1\n|-ability|p1a: Falinks|Defiant|boost\n|-boost|p1a: Falinks|atk|2\n|turn|9\n|inactive|Time left: 300 sec this turn | 300 sec total\n|\n|t:|1783569968\n|-terastallize|p2a: Luxray|Fairy\n|move|p1a: Falinks|Close Combat|p2a: Luxray\n|-resisted|p2a: Luxray\n|-damage|p2a: Luxray|41/100\n|-unboost|p1a: Falinks|def|1\n|-unboost|p1a: Falinks|spd|1\n|-damage|p1a: Falinks|50/246|[from] item: Life Orb\n|move|p2a: Luxray|Volt Switch|p1a: Falinks\n|-damage|p1a: Falinks|0 fnt\n|faint|p1a: Falinks\n|\n|t:|1783569969\n|switch|p2a: Latios|Latios, L78, M|100/100|[from] Volt Switch\n|\n|upkeep\n|inactive|Time left: 300 sec this turn | 300 sec total | 10 sec grace\n|\n|t:|1783569970\n|switch|p1a: Cinccino|Cinccino, L83, F|260/260\n|turn|10\n|inactive|Time left: 300 sec this turn | 300 sec total\n|\n|t:|1783569971\n|switch|p2a: Luxray|Luxray, L88, F, tera:Fairy|41/100\n|-ability|p2a: Luxray|Intimidate|boost\n|-unboost|p1a: Cinccino|atk|1\n|move|p1a: Cinccino|Triple Axel|p2a: Luxray\n|-damage|p2a: Luxray|36/100\n|-damage|p2a: Luxray|25/100\n|-damage|p2a: Luxray|9/100\n|-hitcount|p2a: Luxray|3\n|\n|upkeep\n|turn|11\n|inactive|Time left: 300 sec this turn | 300 sec total\n|\n|t:|1783569972\n|move|p1a: Cinccino|Triple Axel|p2a: Luxray\n|-damage|p2a: Luxray|4/100\n|-damage|p2a: Luxray|0 fnt\n|faint|p2a: Luxray\n|-hitcount|p2: Luxray|2\n|\n|upkeep\n|\n|t:|1783569973\n|switch|p2a: Mewtwo|Mewtwo, L72|100/100\n|-ability|p2a: Mewtwo|Pressure\n|turn|12\n|inactive|Time left: 300 sec this turn | 300 sec total\n|\n|t:|1783569973\n|move|p1a: Cinccino|Tail Slap|p2a: Mewtwo\n|-damage|p2a: Mewtwo|89/100\n|-damage|p2a: Mewtwo|78/100\n|-damage|p2a: Mewtwo|67/100\n|-damage|p2a: Mewtwo|57/100\n|-damage|p2a: Mewtwo|45/100\n|-hitcount|p2a: Mewtwo|5\n|move|p2a: Mewtwo|Nasty Plot|p2a: Mewtwo\n|-boost|p2a: Mewtwo|spa|2\n|\n|upkeep\n|turn|13\n|inactive|Time left: 300 sec this turn | 300 sec total\n|\n|t:|1783569974\n|move|p1a: Cinccino|Triple Axel|p2a: Mewtwo|[miss]\n|-miss|p1a: Cinccino|p2a: Mewtwo\n|move|p2a: Mewtwo|Recover|p2a: Mewtwo\n|-heal|p2a: Mewtwo|95/100\n|\n|upkeep\n|turn|14\n|inactive|Time left: 300 sec this turn | 300 sec total\n|\n|t:|1783569975\n|switch|p1a: Delibird|Delibird, M|81/252\n|move|p2a: Mewtwo|Psystrike|p1a: Delibird\n|-crit|p1a: Delibird\n|-damage|p1a: Delibird|0 fnt\n|faint|p1a: Delibird\n|-damage|p2a: Mewtwo|85/100|[from] item: Life Orb\n|\n|upkeep\n|inactive|Time left: 300 sec this turn | 300 sec total | 5 sec grace\n|\n|t:|1783569976\n|switch|p1a: Cinccino|Cinccino, L83, F|260/260\n|turn|15\n|inactive|Time left: 300 sec this turn | 300 sec total\n|\n|t:|1783569977\n|move|p1a: Cinccino|Tail Slap|p2a: Mewtwo|[miss]\n|-miss|p1a: Cinccino|p2a: Mewtwo\n|move|p2a: Mewtwo|Psystrike|p1a: Cinccino\n|-crit|p1a: Cinccino\n|-damage|p1a: Cinccino|0 fnt\n|faint|p1a: Cinccino\n|-damage|p2a: Mewtwo|75/100|[from] item: Life Orb\n|\n|upkeep\n|inactive|Time left: 300 sec this turn | 300 sec total | 5 sec grace\n|\n|t:|1783569978\n|switch|p1a: Entei|Entei, L78|307/307\n|turn|16\n|inactive|Time left: 300 sec this turn | 300 sec total\n|\n|t:|1783569979\n|move|p1a: Entei|Extreme Speed|p2a: Mewtwo\n|-damage|p2a: Mewtwo|40/100\n|move|p2a: Mewtwo|Psystrike|p1a: Entei\n|-damage|p1a: Entei|0 fnt\n|faint|p1a: Entei\n|-damage|p2a: Mewtwo|30/100|[from] item: Life Orb\n|\n|upkeep\n|inactive|Time left: 300 sec this turn | 300 sec total | 5 sec grace\n|\n|t:|1783569980\n|switch|p1a: Slither Wing|Slither Wing, L81|270/270\n|turn|17\n|inactive|Time left: 300 sec this turn | 300 sec total\n|\n|t:|1783569981\n|move|p2a: Mewtwo|Psystrike|p1a: Slither Wing\n|-supereffective|p1a: Slither Wing\n|-damage|p1a: Slither Wing|0 fnt\n|faint|p1a: Slither Wing\n|-end|p1a: Slither Wing|Protosynthesis|[silent]\n|-damage|p2a: Mewtwo|20/100|[from] item: Life Orb\n|\n|win|p0y2595862d", "uploadtime": 1783569981, "views": 0, "rating": 0, "private": 0, "password": null, "_winner": "p0y2595862d", "_our_name": "p0x2595f329"}