{"id": "battle-gen9randombattle-499", "formatid": "gen9randombattle", "format": "[Gen 9] Random Battle", "players": ["p0x4990c81", "p0y4996807"], "log": "|init|battle\n|title|p0x4990c81 vs. p0y4996807\n|j|\u2606p0x4990c81\n|j|\u2606p0y4996807\n|t:|1783545566\n|gametype|singles\n|player|p1|p0x4990c81|170|\n|player|p2|p0y4996807|1|\n|gen|9\n|tier|[Gen 9] Random Battle\n|rule|Species Clause: Limit one of each Pok\u00e9mon\n|rule|HP Percentage Mod: HP is shown in percentages\n|rule|Sleep Clause Mod: Limit one foe put to sleep\n|rule|Illusion Level Mod: Illusion disguises the Pok\u00e9mon's true level\n|\n|t:|1783545566\n|teamsize|p1|6\n|teamsize|p2|6\n|start\n|switch|p1a: Gurdurr|Gurdurr, L85, F|283/283\n|switch|p2a: Goodra|Goodra, L85, M|100/100\n|turn|1\n|inactive|Battle timer is ON: inactive players will automatically lose when time's up. (requested by p0y4996807)\n|inactive|Time left: 300 sec this turn | 300 sec total | 60 sec grace\n|inactive|p0x4990c81 also wants the timer to be on.\n|\n|t:|1783545567\n|switch|p2a: Landorus|Landorus, L75, M|100/100\n|move|p1a: Gurdurr|Drain Punch|p2a: Landorus\n|-resisted|p2a: Landorus\n|-damage|p2a: Landorus|82/100\n|\n|upkeep\n|turn|2\n|inactive|Time left: 300 sec this turn | 300 sec total\n|\n|t:|1783545569\n|switch|p1a: Moltres|Moltres-Galar, L79|271/271\n|move|p2a: Landorus|Earth Power|p1a: Moltres\n|-immune|p1a: Moltres\n|\n|upkeep\n|turn|3\n|inactive|Time left: 300 sec this turn | 300 sec total\n|\n|t:|1783545570\n|move|p2a: Landorus|Sludge Wave|p1a: Moltres\n|-damage|p1a: Moltres|181/271\n|move|p1a: Moltres|Nasty Plot|p1a: Moltres\n|-boost|p1a: Moltres|spa|2\n|\n|upkeep\n|turn|4\n|inactive|Time left: 300 sec this turn | 300 sec total\n|\n|t:|1783545571\n|move|p2a: Landorus|Rock Slide|p1a: Moltres\n|-supereffective|p1a: Moltres\n|-damage|p1a: Moltres|0 fnt\n|faint|p1a: Moltres\n|\n|upkeep\n|inactive|Time left: 300 sec this turn | 300 sec total | 5 sec grace\n|\n|t:|1783545572\n|switch|p1a: Mamoswine|Mamoswine, L81, F|311/311\n|turn|5\n|inactive|Time left: 300 sec this turn | 300 sec total\n|\n|t:|1783545573\n|switch|p2a: Abomasnow|Abomasnow, L84, F|100/100\n|-weather|Snowscape|[from] ability: Snow Warning|[of] p2a: Abomasnow\n|move|p1a: Mamoswine|Ice Shard|p2a: Abomasnow\n|-damage|p2a: Abomasnow|80/100\n|\n|-weather|Snowscape|[upkeep]\n|upkeep\n|turn|6\n|inactive|Time left: 300 sec this turn | 300 sec total\n|\n|t:|1783545573\n|move|p1a: Mamoswine|Ice Shard|p2a: Abomasnow\n|-damage|p2a: Abomasnow|60/100\n|move|p2a: Abomasnow|Aurora Veil|p2a: Abomasnow\n|-sidestart|p2: p0y4996807|move: Aurora Veil\n|\n|-weather|Snowscape|[upkeep]\n|upkeep\n|turn|7\n|inactive|Time left: 300 sec this turn | 300 sec total\n|\n|t:|1783545574\n|move|p1a: Mamoswine|Ice Shard|p2a: Abomasnow\n|-damage|p2a: Abomasnow|50/100\n|move|p2a: Abomasnow|Wood Hammer|p1a: Mamoswine\n|-supereffective|p1a: Mamoswine\n|-damage|p1a: Mamoswine|129/311\n|-damage|p2a: Abomasnow|29/100|[from] Recoil\n|\n|-weather|Snowscape|[upkeep]\n|upkeep\n|turn|8\n|inactive|Time left: 300 sec this turn | 300 sec total\n|\n|t:|1783545575\n|move|p1a: Mamoswine|Ice Shard|p2a: Abomasnow\n|-damage|p2a: Abomasnow|19/100\n|move|p2a: Abomasnow|Wood Hammer|p1a: Mamoswine\n|-supereffective|p1a: Mamoswine\n|-damage|p1a: Mamoswine|0 fnt\n|faint|p1a: Mamoswine\n|-damage|p2a: Abomasnow|4/100|[from] Recoil\n|\n|-weather|Snowscape|[upkeep]\n|upkeep\n|inactive|Time left: 300 sec this turn | 300 sec total | 5 sec grace\n|\n|t:|1783545576\n|switch|p1a: Espeon|Espeon, L84, F|246/246\n|turn|9\n|inactive|Time left: 300 sec this turn | 300 sec total\n|\n|t:|1783545576\n|move|p1a: Espeon|Calm Mind|p1a: Espeon\n|-boost|p1a: Espeon|spa|1\n|-boost|p1a: Espeon|spd|1\n|move|p2a: Abomasnow|Blizzard|p1a: Espeon\n|-damage|p1a: Espeon|179/246\n|\n|-weather|none\n|upkeep\n|turn|10\n|inactive|Time left: 300 sec this turn | 300 sec total\n|\n|t:|1783545577\n|move|p1a: Espeon|Shadow Ball|p2a: Abomasnow\n|-damage|p2a: Abomasnow|0 fnt\n|faint|p2a: Abomasnow\n|-damage|p1a: Espeon|155/246|[from] item: Life Orb\n|\n|upkeep\n|\n|t:|1783545578\n|switch|p2a: Gengar|Gengar, L81, M|100/100\n|turn|11\n|inactive|Time left: 300 sec this turn | 300 sec total\n|\n|t:|1783545579\n|-terastallize|p2a: Gengar|Dark\n|move|p1a: Espeon|Psyshock|p2a: Gengar\n|-immune|p2a: Gengar\n|move|p2a: Gengar|Shadow Ball|p1a: Espeon\n|-supereffective|p1a: Espeon\n|-damage|p1a: Espeon|0 fnt\n|faint|p1a: Espeon\n|-damage|p2a: Gengar|90/100|[from] item: Life Orb\n|\n|upkeep\n|inactive|Time left: 300 sec this turn | 300 sec total | 5 sec grace\n|\n|t:|1783545580\n|switch|p1a: Pachirisu|Pachirisu, L96, M|271/271\n|turn|12\n|inactive|Time left: 300 sec this turn | 300 sec total\n|\n|t:|1783545580\n|move|p1a: Pachirisu|Super Fang|p2a: Gengar|[miss]\n|-miss|p1a: Pachirisu|p2a: Gengar\n|move|p2a: Gengar|Nasty Plot|p2a: Gengar\n|-boost|p2a: Gengar|spa|2\n|\n|upkeep\n|turn|13\n|inactive|Time left: 300 sec this turn | 300 sec total\n|\n|t:|1783545581\n|move|p1a: Pachirisu|Super Fang|p2a: Gengar\n|-damage|p2a: Gengar|46/100\n|move|p2a: Gengar|Sludge Wave|p1a: Pachirisu\n|-damage|p1a: Pachirisu|102/271\n|-damage|p2a: Gengar|36/100|[from] item: Life Orb\n|\n|-sideend|p2: p0y4996807|move: Aurora Veil\n|upkeep\n|turn|14\n|inactive|Time left: 300 sec this turn | 300 sec total\n|\n|t:|1783545582\n|switch|p2a: Landorus|Landorus, L75, M|82/100\n|move|p1a: Pachirisu|U-turn|p2a: Landorus\n|-resisted|p2a: Landorus\n|-damage|p2a: Landorus|73/100\n|inactive|Time left: 300 sec this turn | 300 sec total | 5 sec grace\n|\n|t:|1783545583\n|switch|p1a: Dipplin|Dipplin, L88, F|284/284|[from] U-turn\n|\n|upkeep\n|turn|15\n|inactive|Time left: 300 sec this turn | 300 sec total\n|\n|t:|1783545584\n|switch|p2a: Goodra|Goodra, L85, M|100/100\n|move|p1a: Dipplin|Dragon Pulse|p2a: Goodra\n|-supereffective|p2a: Goodra\n|-damage|p2a: Goodra|71/100\n|\n|upkeep\n|turn|16\n|inactive|Time left: 300 sec this turn | 300 sec total\n|\n|t:|1783545585\n|move|p2a: Goodra|Draco Meteor|p1a: Dipplin\n|-supereffective|p1a: Dipplin\n|-damage|p1a: Dipplin|48/284\n|-unboost|p2a: Goodra|spa|2\n|move|p1a: Dipplin|Dragon Pulse|p2a: Goodra\n|-supereffective|p2a: Goodra\n|-damage|p2a: Goodra|42/100\n|\n|upkeep\n|turn|17\n|inactive|Time left: 300 sec this turn | 300 sec total\n|\n|t:|1783545586\n|move|p2a: Goodra|Draco Meteor|p1a: Dipplin\n|-supereffective|p1a: Dipplin\n|-damage|p1a: Dipplin|0 fnt\n|-unboost|p2a: Goodra|spa|2\n|faint|p1a: Dipplin\n|\n|upkeep\n|inactive|Time left: 300 sec this turn | 300 sec total | 5 sec grace\n|\n|t:|1783545588\n|switch|p1a: Gurdurr|Gurdurr, L85, F|283/283\n|turn|18\n|inactive|Time left: 300 sec this turn | 300 sec total\n|\n|t:|1783545589\n|switch|p2a: Landorus|Landorus, L75, M|73/100\n|move|p1a: Gurdurr|Knock Off|p2a: Landorus\n|-damage|p2a: Landorus|43/100\n|-enditem|p2a: Landorus|Life Orb|[from] move: Knock Off|[of] p1a: Gurdurr\n|\n|upkeep\n|turn|19\n|inactive|Time left: 300 sec this turn | 300 sec total\n|\n|t:|1783545590\n|move|p2a: Landorus|Earth Power|p1a: Gurdurr\n|-damage|p1a: Gurdurr|172/283\n|move|p1a: Gurdurr|Drain Punch|p2a: Landorus\n|-resisted|p2a: Landorus\n|-damage|p2a: Landorus|26/100\n|-heal|p1a: Gurdurr|195/283|[from] drain|[of] p2a: Landorus\n|\n|upkeep\n|turn|20\n|inactive|Time left: 300 sec this turn | 300 sec total\n|\n|t:|1783545591\n|move|p2a: Landorus|Earth Power|p1a: Gurdurr\n|-damage|p1a: Gurdurr|72/283\n|move|p1a: Gurdurr|Drain Punch|p2a: Landorus\n|-resisted|p2a: Landorus\n|-damage|p2a: Landorus|7/100\n|-heal|p1a: Gurdurr|96/283|[from] drain|[of] p2a: Landorus\n|\n|upkeep\n|turn|21\n|inactive|Time left: 300 sec this turn | 300 sec total\n|\n|t:|1783545592\n|move|p1a: Gurdurr|Mach Punch|p2a: Landorus\n|-resisted|p2a: Landorus\n|-damage|p2a: Landorus|0 fnt\n|faint|p2a: Landorus\n|\n|upkeep\n|\n|t:|1783545593\n|switch|p2a: Charizard|Charizard, L85, M|100/100\n|turn|22\n|inactive|Time left: 300 sec this turn | 300 sec total\n|\n|t:|1783545594\n|switch|p1a: Pachirisu|Pachirisu, L96, M|102/271\n|move|p2a: Charizard|Flamethrower|p1a: Pachirisu\n|-damage|p1a: Pachirisu|44/271\n|\n|upkeep\n|turn|23\n|inactive|Time left: 300 sec this turn | 300 sec total\n|\n|t:|1783545595\n|move|p1a: Pachirisu|Nuzzle|p2a: Charizard\n|-supereffective|p2a: Charizard\n|-damage|p2a: Charizard|89/100\n|-status|p2a: Charizard|par\n|cant|p2a: Charizard|par\n|\n|upkeep\n|turn|24\n|inactive|Time left: 300 sec this turn | 300 sec total\n|\n|t:|1783545597\n|move|p1a: Pachirisu|Thunderbolt|p2a: Charizard\n|-supereffective|p2a: Charizard\n|-damage|p2a: Charizard|31/100 par\n|move|p2a: Charizard|Flamethrower|p1a: Pachirisu\n|-damage|p1a: Pachirisu|0 fnt\n|faint|p1a: Pachirisu\n|\n|upkeep\n|inactive|Time left: 300 sec this turn | 300 sec total | 5 sec grace\n|\n|t:|1783545598\n|switch|p1a: Gurdurr|Gurdurr, L85, F|96/283\n|turn|25\n|inactive|Time left: 300 sec this turn | 300 sec total\n|\n|t:|1783545599\n|move|p1a: Gurdurr|Knock Off|p2a: Charizard\n|-crit|p2a: Charizard\n|-damage|p2a: Charizard|0 fnt\n|-enditem|p2a: Charizard|Heavy-Duty Boots|[from] move: Knock Off|[of] p1a: Gurdurr\n|faint|p2a: Charizard\n|\n|upkeep\n|\n|t:|1783545600\n|switch|p2a: Goodra|Goodra, L85, M|42/100\n|turn|26\n|inactive|Time left: 300 sec this turn | 300 sec total\n|\n|t:|1783545601\n|-terastallize|p1a: Gurdurr|Steel\n|move|p2a: Goodra|Draco Meteor|p1a: Gurdurr\n|-resisted|p1a: Gurdurr\n|-damage|p1a: Gurdurr|21/283\n|-unboost|p2a: Goodra|spa|2\n|move|p1a: Gurdurr|Drain Punch|p2a: Goodra\n|-damage|p2a: Goodra|7/100\n|-heal|p1a: Gurdurr|72/283|[from] drain|[of] p2a: Goodra\n|\n|upkeep\n|turn|27\n|inactive|Time left: 300 sec this turn | 300 sec total\n|\n|t:|1783545602\n|move|p1a: Gurdurr|Mach Punch|p2a: Goodra\n|-damage|p2a: Goodra|0 fnt\n|faint|p2a: Goodra\n|\n|upkeep\n|\n|t:|1783545603\n|switch|p2a: Milotic|Milotic, L83, F|100/100\n|turn|28\n|inactive|Time left: 300 sec this turn | 300 sec total\n|\n|t:|1783545604\n|move|p2a: Milotic|Scald|p1a: Gurdurr\n|-damage|p1a: Gurdurr|0 fnt\n|faint|p1a: Gurdurr\n|\n|win|p0y4996807", "uploadtime": 1783545604, "views": 0, "rating": 0, "private": 0, "password": null, "_winner": "p0y4996807", "_our_name": "p0x4990c81"}