{"id": "battle-gen9randombattle-1631", "formatid": "gen9randombattle", "format": "[Gen 9] Random Battle", "players": ["p0x1631324a", "p0y16311f54"], "log": "|init|battle\n|title|p0x1631324a vs. p0y16311f54\n|j|\u2606p0x1631324a\n|j|\u2606p0y16311f54\n|t:|1783558122\n|gametype|singles\n|player|p1|p0x1631324a|169|\n|player|p2|p0y16311f54|101|\n|gen|9\n|tier|[Gen 9] Random Battle\n|rule|Species Clause: Limit one of each Pok\u00e9mon\n|rule|HP Percentage Mod: HP is shown in percentages\n|rule|Sleep Clause Mod: Limit one foe put to sleep\n|rule|Illusion Level Mod: Illusion disguises the Pok\u00e9mon's true level\n|\n|t:|1783558122\n|teamsize|p1|6\n|teamsize|p2|6\n|start\n|switch|p1a: Sceptile|Sceptile, L87, F|264/264\n|switch|p2a: Leavanny|Leavanny, L86, M|100/100\n|turn|1\n|inactive|Battle timer is ON: inactive players will automatically lose when time's up. (requested by p0x1631324a)\n|inactive|p0y16311f54 also wants the timer to be on.\n|\n|t:|1783558123\n|move|p1a: Sceptile|Giga Drain|p2a: Leavanny\n|-resisted|p2a: Leavanny\n|-damage|p2a: Leavanny|93/100\n|move|p2a: Leavanny|Sticky Web|p1a: Sceptile\n|-sidestart|p1: p0x1631324a|move: Sticky Web\n|\n|upkeep\n|turn|2\n|inactive|Time left: 300 sec this turn | 300 sec total\n|\n|t:|1783558125\n|switch|p1a: Vespiquen|Vespiquen, L99, F|299/299\n|-ability|p1a: Vespiquen|Pressure\n|move|p2a: Leavanny|Knock Off|p1a: Vespiquen\n|-damage|p1a: Vespiquen|238/299\n|-enditem|p1a: Vespiquen|Heavy-Duty Boots|[from] move: Knock Off|[of] p2a: Leavanny\n|\n|upkeep\n|turn|3\n|inactive|Time left: 300 sec this turn | 300 sec total\n|\n|t:|1783558126\n|switch|p2a: Piloswine|Piloswine, L85, M|100/100\n|move|p1a: Vespiquen|Hurricane|p2a: Piloswine|[miss]\n|-miss|p1a: Vespiquen|p2a: Piloswine\n|\n|upkeep\n|turn|4\n|inactive|Time left: 300 sec this turn | 300 sec total\n|\n|t:|1783558128\n|move|p1a: Vespiquen|Hurricane|p2a: Piloswine\n|-damage|p2a: Piloswine|59/100\n|-start|p2a: Piloswine|confusion\n|-activate|p2a: Piloswine|confusion\n|move|p2a: Piloswine|Stealth Rock|p1a: Vespiquen\n|-sidestart|p1: p0x1631324a|move: Stealth Rock\n|\n|upkeep\n|turn|5\n|inactive|Time left: 300 sec this turn | 300 sec total\n|\n|t:|1783558129\n|switch|p2a: Lanturn|Lanturn, L89, M|100/100\n|move|p1a: Vespiquen|Hurricane|p2a: Lanturn\n|-resisted|p2a: Lanturn\n|-damage|p2a: Lanturn|81/100\n|\n|-heal|p2a: Lanturn|87/100|[from] item: Leftovers\n|upkeep\n|turn|6\n|inactive|Time left: 300 sec this turn | 300 sec total\n|\n|t:|1783558130\n|move|p2a: Lanturn|Thunderbolt|p1a: Vespiquen\n|-supereffective|p1a: Vespiquen\n|-damage|p1a: Vespiquen|104/299\n|move|p1a: Vespiquen|Roost|p1a: Vespiquen\n|-heal|p1a: Vespiquen|254/299\n|-singleturn|p1a: Vespiquen|move: Roost\n|\n|-heal|p2a: Lanturn|93/100|[from] item: Leftovers\n|upkeep\n|turn|7\n|inactive|Time left: 300 sec this turn | 300 sec total\n|\n|t:|1783558131\n|move|p2a: Lanturn|Thunderbolt|p1a: Vespiquen\n|-supereffective|p1a: Vespiquen\n|-damage|p1a: Vespiquen|108/299\n|move|p1a: Vespiquen|Toxic Spikes|p2a: Lanturn\n|-sidestart|p2: p0y16311f54|move: Toxic Spikes\n|\n|-heal|p2a: Lanturn|99/100|[from] item: Leftovers\n|upkeep\n|turn|8\n|inactive|Time left: 300 sec this turn | 300 sec total\n|\n|t:|1783558132\n|move|p2a: Lanturn|Thunderbolt|p1a: Vespiquen\n|-supereffective|p1a: Vespiquen\n|-damage|p1a: Vespiquen|0 fnt\n|faint|p1a: Vespiquen\n|\n|-heal|p2a: Lanturn|100/100|[from] item: Leftovers\n|upkeep\n|inactive|Time left: 300 sec this turn | 300 sec total | 5 sec grace\n|\n|t:|1783558133\n|switch|p1a: Regieleki|Regieleki, L79|256/256\n|-activate|p1a: Regieleki|move: Sticky Web\n|-unboost|p1a: Regieleki|spe|1\n|-damage|p1a: Regieleki|224/256|[from] Stealth Rock\n|turn|9\n|inactive|Time left: 300 sec this turn | 300 sec total\n|\n|t:|1783558134\n|move|p1a: Regieleki|Rapid Spin|p2a: Lanturn\n|-damage|p2a: Lanturn|89/100\n|-boost|p1a: Regieleki|spe|1\n|-sideend|p1: p0x1631324a|Stealth Rock|[from] move: Rapid Spin|[of] p1a: Regieleki\n|-sideend|p1: p0x1631324a|Sticky Web|[from] move: Rapid Spin|[of] p1a: Regieleki\n|move|p2a: Lanturn|Scald|p1a: Regieleki\n|-damage|p1a: Regieleki|107/256\n|\n|-heal|p2a: Lanturn|95/100|[from] item: Leftovers\n|upkeep\n|turn|10\n|inactive|Time left: 300 sec this turn | 300 sec total\n|\n|t:|1783558135\n|switch|p1a: Umbreon|Umbreon, L84, F|297/297\n|move|p2a: Lanturn|Scald|p1a: Umbreon\n|-damage|p1a: Umbreon|234/297\n|\n|-heal|p2a: Lanturn|100/100|[from] item: Leftovers\n|-heal|p1a: Umbreon|252/297|[from] item: Leftovers\n|upkeep\n|turn|11\n|inactive|Time left: 300 sec this turn | 300 sec total\n|\n|t:|1783558136\n|move|p2a: Lanturn|Scald|p1a: Umbreon\n|-damage|p1a: Umbreon|198/297\n|move|p1a: Umbreon|Toxic|p2a: Lanturn\n|-status|p2a: Lanturn|tox\n|\n|-heal|p1a: Umbreon|216/297|[from] item: Leftovers\n|-damage|p2a: Lanturn|95/100 tox|[from] psn\n|upkeep\n|turn|12\n|inactive|Time left: 300 sec this turn | 300 sec total\n|\n|t:|1783558137\n|move|p2a: Lanturn|Scald||[still]\n|-damage|p1a: Umbreon|162/297\n|-status|p1a: Umbreon|brn\n|-activate|p1a: Umbreon|ability: Synchronize\n|-fail|p1a: Umbreon\n|move|p1a: Umbreon|Wish|p1a: Umbreon\n|\n|-heal|p2a: Lanturn|100/100 tox|[from] item: Leftovers\n|-heal|p1a: Umbreon|180/297 brn|[from] item: Leftovers\n|-damage|p2a: Lanturn|89/100 tox|[from] psn\n|-damage|p1a: Umbreon|162/297 brn|[from] brn\n|upkeep\n|turn|13\n|inactive|Time left: 300 sec this turn | 300 sec total\n|\n|t:|1783558138\n|switch|p2a: Appletun|Appletun, L92, M|100/100\n|-status|p2a: Appletun|psn\n|move|p1a: Umbreon|Foul Play|p2a: Appletun\n|-damage|p2a: Appletun|91/100 psn\n|\n|-heal|p1a: Umbreon|297/297 brn|[from] move: Wish|[wisher] Umbreon\n|-heal|p2a: Appletun|97/100 psn|[from] item: Leftovers\n|-damage|p2a: Appletun|85/100 psn|[from] psn\n|-damage|p1a: Umbreon|279/297 brn|[from] brn\n|upkeep\n|turn|14\n|inactive|Time left: 300 sec this turn | 300 sec total\n|\n|t:|1783558139\n|move|p1a: Umbreon|Wish|p1a: Umbreon\n|move|p2a: Appletun|Apple Acid|p1a: Umbreon\n|-damage|p1a: Umbreon|201/297 brn\n|-unboost|p1a: Umbreon|spd|1\n|\n|-heal|p1a: Umbreon|219/297 brn|[from] item: Leftovers\n|-heal|p2a: Appletun|91/100 psn|[from] item: Leftovers\n|-damage|p2a: Appletun|78/100 psn|[from] psn\n|-damage|p1a: Umbreon|201/297 brn|[from] brn\n|upkeep\n|turn|15\n|inactive|Time left: 300 sec this turn | 300 sec total\n|\n|t:|1783558140\n|move|p1a: Umbreon|Protect|p1a: Umbreon\n|-singleturn|p1a: Umbreon|Protect\n|move|p2a: Appletun|Apple Acid|p1a: Umbreon\n|-activate|p1a: Umbreon|move: Protect\n|\n|-heal|p1a: Umbreon|297/297 brn|[from] move: Wish|[wisher] Umbreon\n|-heal|p2a: Appletun|85/100 psn|[from] item: Leftovers\n|-damage|p2a: Appletun|72/100 psn|[from] psn\n|-damage|p1a: Umbreon|279/297 brn|[from] brn\n|upkeep\n|turn|16\n|inactive|Time left: 300 sec this turn | 300 sec total\n|\n|t:|1783558141\n|switch|p1a: Sceptile|Sceptile, L87, F|264/264\n|move|p2a: Appletun|Apple Acid|p1a: Sceptile\n|-resisted|p1a: Sceptile\n|-damage|p1a: Sceptile|215/264\n|-unboost|p1a: Sceptile|spd|1\n|\n|-heal|p1a: Sceptile|231/264|[from] item: Leftovers\n|-heal|p2a: Appletun|78/100 psn|[from] item: Leftovers\n|-damage|p2a: Appletun|66/100 psn|[from] psn\n|upkeep\n|turn|17\n|inactive|Time left: 300 sec this turn | 300 sec total\n|\n|t:|1783558143\n|move|p1a: Sceptile|Substitute|p1a: Sceptile\n|-start|p1a: Sceptile|Substitute\n|-damage|p1a: Sceptile|165/264\n|move|p2a: Appletun|Dragon Pulse|p1a: Sceptile\n|-end|p1a: Sceptile|Substitute\n|\n|-heal|p1a: Sceptile|181/264|[from] item: Leftovers\n|-heal|p2a: Appletun|72/100 psn|[from] item: Leftovers\n|-damage|p2a: Appletun|60/100 psn|[from] psn\n|upkeep\n|turn|18\n|inactive|Time left: 300 sec this turn | 300 sec total\n|\n|t:|1783558143\n|move|p1a: Sceptile|Focus Blast|p2a: Appletun|[miss]\n|-miss|p1a: Sceptile|p2a: Appletun\n|move|p2a: Appletun|Dragon Pulse|p1a: Sceptile\n|-damage|p1a: Sceptile|25/264\n|\n|-heal|p1a: Sceptile|41/264|[from] item: Leftovers\n|-heal|p2a: Appletun|66/100 psn|[from] item: Leftovers\n|-damage|p2a: Appletun|53/100 psn|[from] psn\n|upkeep\n|turn|19\n|inactive|Time left: 300 sec this turn | 300 sec total\n|\n|t:|1783558145\n|move|p1a: Sceptile|Focus Blast|p2a: Appletun\n|-damage|p2a: Appletun|27/100 psn\n|move|p2a: Appletun|Apple Acid|p1a: Sceptile\n|-resisted|p1a: Sceptile\n|-damage|p1a: Sceptile|0 fnt\n|faint|p1a: Sceptile\n|\n|-heal|p2a: Appletun|33/100 psn|[from] item: Leftovers\n|-damage|p2a: Appletun|20/100 psn|[from] psn\n|upkeep\n|inactive|Time left: 300 sec this turn | 300 sec total | 5 sec grace\n|\n|t:|1783558145\n|switch|p1a: Dodrio|Dodrio, L85, M|241/241\n|turn|20\n|inactive|Time left: 300 sec this turn | 300 sec total\n|\n|t:|1783558147\n|switch|p2a: Lanturn|Lanturn, L89, M|89/100 tox\n|move|p1a: Dodrio|Knock Off|p2a: Lanturn\n|-damage|p2a: Lanturn|45/100 tox\n|-enditem|p2a: Lanturn|Leftovers|[from] move: Knock Off|[of] p1a: Dodrio\n|\n|-damage|p2a: Lanturn|39/100 tox|[from] psn\n|upkeep\n|turn|21\n|inactive|Time left: 300 sec this turn | 300 sec total\n|\n|t:|1783558148\n|switch|p1a: Umbreon|Umbreon, L84, F|279/297 brn\n|move|p2a: Lanturn|Thunderbolt|p1a: Umbreon\n|-damage|p1a: Umbreon|218/297 brn\n|\n|-heal|p1a: Umbreon|236/297 brn|[from] item: Leftovers\n|-damage|p2a: Lanturn|27/100 tox|[from] psn\n|-damage|p1a: Umbreon|218/297 brn|[from] brn\n|upkeep\n|turn|22\n|inactive|Time left: 300 sec this turn | 300 sec total\n|\n|t:|1783558149\n|move|p2a: Lanturn|Ice Beam|p1a: Umbreon\n|-damage|p1a: Umbreon|177/297 brn\n|move|p1a: Umbreon|Wish|p1a: Umbreon\n|\n|-heal|p1a: Umbreon|195/297 brn|[from] item: Leftovers\n|-damage|p2a: Lanturn|9/100 tox|[from] psn\n|-damage|p1a: Umbreon|177/297 brn|[from] brn\n|upkeep\n|turn|23\n|inactive|Time left: 300 sec this turn | 300 sec total\n|\n|t:|1783558150\n|move|p2a: Lanturn|Scald|p1a: Umbreon\n|-damage|p1a: Umbreon|117/297 brn\n|move|p1a: Umbreon|Foul Play|p2a: Lanturn\n|-damage|p2a: Lanturn|0 fnt\n|faint|p2a: Lanturn\n|\n|-heal|p1a: Umbreon|265/297 brn|[from] move: Wish|[wisher] Umbreon\n|-heal|p1a: Umbreon|283/297 brn|[from] item: Leftovers\n|-damage|p1a: Umbreon|265/297 brn|[from] brn\n|upkeep\n|\n|t:|1783558151\n|switch|p2a: Appletun|Appletun, L92, M|20/100 psn\n|turn|24\n|inactive|Time left: 300 sec this turn | 300 sec total\n|\n|t:|1783558152\n|switch|p1a: Dodrio|Dodrio, L85, M|241/241\n|move|p2a: Appletun|Recover|p2a: Appletun\n|-heal|p2a: Appletun|70/100 psn\n|\n|-heal|p2a: Appletun|77/100 psn|[from] item: Leftovers\n|-damage|p2a: Appletun|64/100 psn|[from] psn\n|upkeep\n|turn|25\n|inactive|Time left: 300 sec this turn | 300 sec total\n|\n|t:|1783558154\n|-terastallize|p2a: Appletun|Steel\n|move|p1a: Dodrio|Brave Bird|p2a: Appletun\n|-resisted|p2a: Appletun\n|-damage|p2a: Appletun|33/100 psn\n|-damage|p1a: Dodrio|204/241|[from] Recoil\n|move|p2a: Appletun|Recover|p2a: Appletun\n|-heal|p2a: Appletun|83/100 psn\n|\n|-heal|p2a: Appletun|89/100 psn|[from] item: Leftovers\n|-damage|p2a: Appletun|76/100 psn|[from] psn\n|upkeep\n|turn|26\n|inactive|Time left: 300 sec this turn | 300 sec total\n|\n|t:|1783558155\n|switch|p1a: Magmortar|Magmortar, L88, M|275/275\n|move|p2a: Appletun|Dragon Pulse|p1a: Magmortar\n|-damage|p1a: Magmortar|184/275\n|\n|-heal|p2a: Appletun|83/100 psn|[from] item: Leftovers\n|-damage|p2a: Appletun|70/100 psn|[from] psn\n|upkeep\n|turn|27\n|inactive|Time left: 300 sec this turn | 300 sec total\n|\n|t:|1783558156\n|move|p1a: Magmortar|Focus Blast|p2a: Appletun\n|-supereffective|p2a: Appletun\n|-damage|p2a: Appletun|3/100 psn\n|move|p2a: Appletun|Recover|p2a: Appletun\n|-heal|p2a: Appletun|53/100 psn\n|\n|-heal|p2a: Appletun|59/100 psn|[from] item: Leftovers\n|-damage|p2a: Appletun|47/100 psn|[from] psn\n|upkeep\n|turn|28\n|inactive|Time left: 300 sec this turn | 300 sec total\n|\n|t:|1783558157\n|move|p1a: Magmortar|Focus Blast|p2a: Appletun|[miss]\n|-miss|p1a: Magmortar|p2a: Appletun\n|move|p2a: Appletun|Recover|p2a: Appletun\n|-heal|p2a: Appletun|97/100 psn\n|\n|-heal|p2a: Appletun|100/100 psn|[from] item: Leftovers\n|-damage|p2a: Appletun|88/100 psn|[from] psn\n|upkeep\n|turn|29\n|inactive|Time left: 300 sec this turn | 300 sec total\n|\n|t:|1783558158\n|move|p1a: Magmortar|Focus Blast|p2a: Appletun\n|-supereffective|p2a: Appletun\n|-damage|p2a: Appletun|27/100 psn\n|move|p2a: Appletun|Recover|p2a: Appletun\n|-heal|p2a: Appletun|77/100 psn\n|\n|-heal|p2a: Appletun|83/100 psn|[from] item: Leftovers\n|-damage|p2a: Appletun|71/100 psn|[from] psn\n|upkeep\n|turn|30\n|inactive|Time left: 300 sec this turn | 300 sec total\n|\n|t:|1783558159\n|move|p1a: Magmortar|Focus Blast|p2a: Appletun\n|-supereffective|p2a: Appletun\n|-damage|p2a: Appletun|11/100 psn\n|move|p2a: Appletun|Recover|p2a: Appletun\n|-heal|p2a: Appletun|61/100 psn\n|\n|-heal|p2a: Appletun|67/100 psn|[from] item: Leftovers\n|-damage|p2a: Appletun|54/100 psn|[from] psn\n|upkeep\n|turn|31\n|inactive|Time left: 300 sec this turn | 300 sec total\n|\n|t:|1783558160\n|move|p1a: Magmortar|Focus Blast|p2a: Appletun\n|-supereffective|p2a: Appletun\n|-damage|p2a: Appletun|0 fnt\n|faint|p2a: Appletun\n|\n|upkeep\n|\n|t:|1783558161\n|switch|p2a: Barraskewda|Barraskewda, L81, M|100/100\n|-status|p2a: Barraskewda|psn\n|turn|32\n|inactive|Time left: 300 sec this turn | 300 sec total\n|\n|t:|1783558162\n|switch|p1a: Umbreon|Umbreon, L84, F|265/297 brn\n|move|p2a: Barraskewda|Waterfall|p1a: Umbreon\n|-damage|p1a: Umbreon|151/297 brn\n|\n|-heal|p1a: Umbreon|169/297 brn|[from] item: Leftovers\n|-damage|p2a: Barraskewda|88/100 psn|[from] psn\n|-damage|p1a: Umbreon|151/297 brn|[from] brn\n|upkeep\n|turn|33\n|inactive|Time left: 300 sec this turn | 300 sec total\n|\n|t:|1783558163\n|move|p2a: Barraskewda|Waterfall|p1a: Umbreon\n|-damage|p1a: Umbreon|21/297 brn\n|move|p1a: Umbreon|Foul Play|p2a: Barraskewda\n|-crit|p2a: Barraskewda\n|-damage|p2a: Barraskewda|41/100 psn\n|\n|-heal|p1a: Umbreon|39/297 brn|[from] item: Leftovers\n|-damage|p2a: Barraskewda|29/100 psn|[from] psn\n|-damage|p1a: Umbreon|21/297 brn|[from] brn\n|upkeep\n|turn|34\n|inactive|Time left: 300 sec this turn | 300 sec total\n|\n|t:|1783558164\n|move|p2a: Barraskewda|Waterfall|p1a: Umbreon\n|-damage|p1a: Umbreon|0 fnt\n|faint|p1a: Umbreon\n|\n|-damage|p2a: Barraskewda|17/100 psn|[from] psn\n|upkeep\n|inactive|Time left: 300 sec this turn | 300 sec total | 5 sec grace\n|\n|t:|1783558165\n|switch|p1a: Regieleki|Regieleki, L79|107/256\n|turn|35\n|inactive|Time left: 300 sec this turn | 300 sec total\n|\n|t:|1783558166\n|switch|p2a: Piloswine|Piloswine, L85, M|59/100\n|-status|p2a: Piloswine|psn\n|move|p1a: Regieleki|Volt Switch|p2a: Piloswine\n|-immune|p2a: Piloswine\n|\n|-damage|p2a: Piloswine|47/100 psn|[from] psn\n|upkeep\n|turn|36\n|inactive|Time left: 300 sec this turn | 300 sec total\n|\n|t:|1783558167\n|switch|p1a: Magmortar|Magmortar, L88, M|184/275\n|move|p2a: Piloswine|Icicle Crash|p1a: Magmortar\n|-resisted|p1a: Magmortar\n|-damage|p1a: Magmortar|133/275\n|\n|-damage|p2a: Piloswine|35/100 psn|[from] psn\n|upkeep\n|turn|37\n|inactive|Time left: 300 sec this turn | 300 sec total\n|\n|t:|1783558168\n|move|p1a: Magmortar|Fire Blast|p2a: Piloswine\n|-supereffective|p2a: Piloswine\n|-damage|p2a: Piloswine|0 fnt\n|faint|p2a: Piloswine\n|\n|upkeep\n|\n|t:|1783558169\n|switch|p2a: Barraskewda|Barraskewda, L81, M|17/100 psn\n|turn|38\n|inactive|Time left: 300 sec this turn | 300 sec total\n|\n|t:|1783558170\n|move|p2a: Barraskewda|Close Combat|p1a: Magmortar\n|-damage|p1a: Magmortar|0 fnt\n|-unboost|p2a: Barraskewda|def|1\n|-unboost|p2a: Barraskewda|spd|1\n|faint|p1a: Magmortar\n|\n|-damage|p2a: Barraskewda|5/100 psn|[from] psn\n|upkeep\n|inactive|Time left: 300 sec this turn | 300 sec total | 5 sec grace\n|\n|t:|1783558171\n|switch|p1a: Regieleki|Regieleki, L79|107/256\n|turn|39\n|inactive|Time left: 300 sec this turn | 300 sec total\n|\n|t:|1783558172\n|move|p1a: Regieleki|Volt Switch|p2a: Barraskewda\n|-supereffective|p2a: Barraskewda\n|-damage|p2a: Barraskewda|0 fnt\n|faint|p2a: Barraskewda\n|inactive|Time left: 300 sec this turn | 300 sec total | 5 sec grace\n|\n|t:|1783558172\n|switch|p1a: Dodrio|Dodrio, L85, M|204/241|[from] Volt Switch\n|\n|upkeep\n|\n|t:|1783558173\n|switch|p2a: Darkrai|Darkrai, L77|100/100\n|-status|p2a: Darkrai|psn\n|turn|40\n|inactive|Time left: 300 sec this turn | 300 sec total\n|\n|t:|1783558174\n|move|p2a: Darkrai|Dark Pulse|p1a: Dodrio\n|-damage|p1a: Dodrio|47/241\n|-damage|p2a: Darkrai|91/100 psn|[from] item: Life Orb\n|move|p1a: Dodrio|Drill Run|p2a: Darkrai\n|-damage|p2a: Darkrai|47/100 psn\n|\n|-damage|p2a: Darkrai|34/100 psn|[from] psn\n|upkeep\n|turn|41\n|inactive|Time left: 300 sec this turn | 300 sec total\n|\n|t:|1783558175\n|move|p2a: Darkrai|Sludge Bomb|p1a: Dodrio\n|-damage|p1a: Dodrio|0 fnt\n|faint|p1a: Dodrio\n|-damage|p2a: Darkrai|24/100 psn|[from] item: Life Orb\n|\n|-damage|p2a: Darkrai|12/100 psn|[from] psn\n|upkeep\n|inactive|Time left: 300 sec this turn | 300 sec total | 5 sec grace\n|\n|t:|1783558176\n|switch|p1a: Regieleki|Regieleki, L79|107/256\n|turn|42\n|inactive|Time left: 300 sec this turn | 300 sec total\n|\n|t:|1783558177\n|-terastallize|p1a: Regieleki|Ice\n|move|p1a: Regieleki|Rapid Spin|p2a: Darkrai\n|-damage|p2a: Darkrai|0 fnt\n|-boost|p1a: Regieleki|spe|1\n|faint|p2a: Darkrai\n|\n|upkeep\n|\n|t:|1783558178\n|switch|p2a: Leavanny|Leavanny, L86, M|93/100\n|-status|p2a: Leavanny|psn\n|turn|43\n|inactive|Time left: 300 sec this turn | 300 sec total\n|\n|t:|1783558179\n|move|p1a: Regieleki|Rapid Spin|p2a: Leavanny\n|-damage|p2a: Leavanny|79/100 psn\n|-boost|p1a: Regieleki|spe|1\n|move|p2a: Leavanny|Knock Off|p1a: Regieleki\n|-damage|p1a: Regieleki|0 fnt\n|-enditem|p1a: Regieleki|Magnet|[from] move: Knock Off|[of] p2a: Leavanny\n|faint|p1a: Regieleki\n|\n|win|p0y16311f54", "uploadtime": 1783558179, "views": 0, "rating": 0, "private": 0, "password": null, "_winner": "p0y16311f54", "_our_name": "p0x1631324a"}