{"id": "battle-gen9randombattle-1994", "formatid": "gen9randombattle", "format": "[Gen 9] Random Battle", "players": ["p0x199449c9", "p0y19946733"], "log": "|init|battle\n|title|p0x199449c9 vs. p0y19946733\n|j|\u2606p0x199449c9\n|j|\u2606p0y19946733\n|t:|1783562332\n|gametype|singles\n|player|p1|p0x199449c9|101|\n|player|p2|p0y19946733|2|\n|gen|9\n|tier|[Gen 9] Random Battle\n|rule|Species Clause: Limit one of each Pok\u00e9mon\n|rule|HP Percentage Mod: HP is shown in percentages\n|rule|Sleep Clause Mod: Limit one foe put to sleep\n|rule|Illusion Level Mod: Illusion disguises the Pok\u00e9mon's true level\n|\n|t:|1783562332\n|teamsize|p1|6\n|teamsize|p2|6\n|start\n|switch|p1a: Luvdisc|Luvdisc, F|247/247\n|switch|p2a: Ho-Oh|Ho-Oh, L71|100/100\n|turn|1\n|inactive|Battle timer is ON: inactive players will automatically lose when time's up. (requested by p0x199449c9)\n|inactive|p0y19946733 also wants the timer to be on.\n|\n|t:|1783562334\n|switch|p1a: Kleavor|Kleavor, L78, M|237/237\n|move|p2a: Ho-Oh|Brave Bird|p1a: Kleavor\n|-crit|p1a: Kleavor\n|-damage|p1a: Kleavor|72/237\n|-damage|p2a: Ho-Oh|80/100|[from] Recoil\n|\n|upkeep\n|turn|2\n|inactive|Time left: 300 sec this turn | 300 sec total\n|\n|t:|1783562335\n|switch|p2a: Decidueye|Decidueye-Hisui, L87, M|100/100\n|move|p1a: Kleavor|Stone Axe|p2a: Decidueye|[miss]\n|-miss|p1a: Kleavor|p2a: Decidueye\n|\n|upkeep\n|turn|3\n|inactive|Time left: 300 sec this turn | 300 sec total\n|\n|t:|1783562336\n|move|p1a: Kleavor|Stone Axe|p2a: Decidueye\n|-resisted|p2a: Decidueye\n|-damage|p2a: Decidueye|82/100\n|-sidestart|p2: p0y19946733|move: Stealth Rock\n|move|p2a: Decidueye|Leaf Blade|p1a: Kleavor\n|-damage|p1a: Kleavor|0 fnt\n|faint|p1a: Kleavor\n|\n|-heal|p2a: Decidueye|88/100|[from] item: Leftovers\n|upkeep\n|inactive|Time left: 300 sec this turn | 300 sec total | 5 sec grace\n|\n|t:|1783562337\n|switch|p1a: Kyurem|Kyurem-White, L73|303/303\n|-ability|p1a: Kyurem|Turboblaze\n|turn|4\n|inactive|Time left: 300 sec this turn | 300 sec total\n|\n|t:|1783562338\n|move|p1a: Kyurem|Freeze-Dry|p2a: Decidueye\n|-supereffective|p2a: Decidueye\n|-damage|p2a: Decidueye|34/100\n|move|p2a: Decidueye|Triple Arrows|p1a: Kyurem\n|-supereffective|p1a: Kyurem\n|-damage|p1a: Kyurem|61/303\n|-unboost|p1a: Kyurem|def|1\n|\n|-heal|p2a: Decidueye|40/100|[from] item: Leftovers\n|upkeep\n|turn|5\n|inactive|Time left: 300 sec this turn | 300 sec total\n|\n|t:|1783562339\n|-terastallize|p2a: Decidueye|Steel\n|move|p1a: Kyurem|Freeze-Dry|p2a: Decidueye\n|-resisted|p2a: Decidueye\n|-damage|p2a: Decidueye|26/100\n|move|p2a: Decidueye|Roost|p2a: Decidueye\n|-heal|p2a: Decidueye|76/100\n|\n|-heal|p2a: Decidueye|82/100|[from] item: Leftovers\n|upkeep\n|turn|6\n|inactive|Time left: 300 sec this turn | 300 sec total\n|\n|t:|1783562340\n|switch|p1a: Sylveon|Sylveon, L85, M|300/300\n|move|p2a: Decidueye|Triple Arrows|p1a: Sylveon\n|-resisted|p1a: Sylveon\n|-damage|p1a: Sylveon|231/300\n|\n|-heal|p2a: Decidueye|88/100|[from] item: Leftovers\n|-heal|p1a: Sylveon|249/300|[from] item: Leftovers\n|upkeep\n|turn|7\n|inactive|Time left: 300 sec this turn | 300 sec total\n|\n|t:|1783562341\n|move|p2a: Decidueye|Leaf Blade|p1a: Sylveon\n|-damage|p1a: Sylveon|120/300\n|move|p1a: Sylveon|Calm Mind|p1a: Sylveon\n|-boost|p1a: Sylveon|spa|1\n|-boost|p1a: Sylveon|spd|1\n|\n|-heal|p2a: Decidueye|94/100|[from] item: Leftovers\n|-heal|p1a: Sylveon|138/300|[from] item: Leftovers\n|upkeep\n|turn|8\n|inactive|Time left: 300 sec this turn | 300 sec total\n|\n|t:|1783562342\n|move|p1a: Sylveon|Protect|p1a: Sylveon\n|-singleturn|p1a: Sylveon|Protect\n|move|p2a: Decidueye|Leaf Blade|p1a: Sylveon\n|-activate|p1a: Sylveon|move: Protect\n|\n|-heal|p2a: Decidueye|100/100|[from] item: Leftovers\n|-heal|p1a: Sylveon|156/300|[from] item: Leftovers\n|upkeep\n|turn|9\n|inactive|Time left: 300 sec this turn | 300 sec total\n|\n|t:|1783562343\n|move|p2a: Decidueye|Leaf Blade|p1a: Sylveon\n|-damage|p1a: Sylveon|23/300\n|move|p1a: Sylveon|Wish|p1a: Sylveon\n|\n|-heal|p1a: Sylveon|41/300|[from] item: Leftovers\n|upkeep\n|turn|10\n|inactive|Time left: 300 sec this turn | 300 sec total\n|\n|t:|1783562344\n|move|p1a: Sylveon|Protect|p1a: Sylveon\n|-singleturn|p1a: Sylveon|Protect\n|move|p2a: Decidueye|Leaf Blade|p1a: Sylveon\n|-activate|p1a: Sylveon|move: Protect\n|\n|-heal|p1a: Sylveon|191/300|[from] move: Wish|[wisher] Sylveon\n|-heal|p1a: Sylveon|209/300|[from] item: Leftovers\n|upkeep\n|turn|11\n|inactive|Time left: 300 sec this turn | 300 sec total\n|\n|t:|1783562345\n|move|p2a: Decidueye|Leaf Blade|p1a: Sylveon\n|-damage|p1a: Sylveon|80/300\n|move|p1a: Sylveon|Wish|p1a: Sylveon\n|\n|-heal|p1a: Sylveon|98/300|[from] item: Leftovers\n|upkeep\n|turn|12\n|inactive|Time left: 300 sec this turn | 300 sec total\n|\n|t:|1783562346\n|move|p1a: Sylveon|Protect|p1a: Sylveon\n|-singleturn|p1a: Sylveon|Protect\n|move|p2a: Decidueye|Leaf Blade|p1a: Sylveon\n|-activate|p1a: Sylveon|move: Protect\n|\n|-heal|p1a: Sylveon|248/300|[from] move: Wish|[wisher] Sylveon\n|-heal|p1a: Sylveon|266/300|[from] item: Leftovers\n|upkeep\n|turn|13\n|inactive|Time left: 300 sec this turn | 300 sec total\n|\n|t:|1783562347\n|move|p2a: Decidueye|Leaf Blade|p1a: Sylveon\n|-crit|p1a: Sylveon\n|-damage|p1a: Sylveon|43/300\n|move|p1a: Sylveon|Calm Mind|p1a: Sylveon\n|-boost|p1a: Sylveon|spa|1\n|-boost|p1a: Sylveon|spd|1\n|\n|-heal|p1a: Sylveon|61/300|[from] item: Leftovers\n|upkeep\n|turn|14\n|inactive|Time left: 300 sec this turn | 300 sec total\n|\n|t:|1783562348\n|move|p1a: Sylveon|Protect|p1a: Sylveon\n|-singleturn|p1a: Sylveon|Protect\n|move|p2a: Decidueye|Leaf Blade|p1a: Sylveon\n|-activate|p1a: Sylveon|move: Protect\n|\n|-heal|p1a: Sylveon|79/300|[from] item: Leftovers\n|upkeep\n|turn|15\n|inactive|Time left: 300 sec this turn | 300 sec total\n|\n|t:|1783562349\n|move|p1a: Sylveon|Protect|p1a: Sylveon\n|-singleturn|p1a: Sylveon|Protect\n|move|p2a: Decidueye|Leaf Blade|p1a: Sylveon\n|-activate|p1a: Sylveon|move: Protect\n|\n|-heal|p1a: Sylveon|97/300|[from] item: Leftovers\n|upkeep\n|turn|16\n|inactive|Time left: 300 sec this turn | 300 sec total\n|\n|t:|1783562350\n|move|p2a: Decidueye|Leaf Blade|p1a: Sylveon\n|-damage|p1a: Sylveon|0 fnt\n|faint|p1a: Sylveon\n|\n|upkeep\n|inactive|Time left: 300 sec this turn | 300 sec total | 5 sec grace\n|\n|t:|1783562351\n|switch|p1a: Kingambit|Kingambit, L74, M, shiny|270/270\n|-activate|p1a: Kingambit|ability: Supreme Overlord\n|-start|p1a: Kingambit|fallen2|[silent]\n|turn|17\n|inactive|Time left: 300 sec this turn | 300 sec total\n|\n|t:|1783562352\n|-terastallize|p1a: Kingambit|Flying\n|move|p2a: Decidueye|Triple Arrows|p1a: Kingambit\n|-resisted|p1a: Kingambit\n|-damage|p1a: Kingambit|216/270\n|move|p1a: Kingambit|Swords Dance|p1a: Kingambit\n|-boost|p1a: Kingambit|atk|2\n|\n|-heal|p1a: Kingambit|232/270|[from] item: Leftovers\n|upkeep\n|turn|18\n|inactive|Time left: 300 sec this turn | 300 sec total\n|\n|t:|1783562353\n|move|p2a: Decidueye|Knock Off|p1a: Kingambit\n|-damage|p1a: Kingambit|163/270\n|-enditem|p1a: Kingambit|Leftovers|[from] move: Knock Off|[of] p2a: Decidueye\n|move|p1a: Kingambit|Kowtow Cleave|p2a: Decidueye\n|-damage|p2a: Decidueye|27/100\n|\n|-heal|p2a: Decidueye|33/100|[from] item: Leftovers\n|upkeep\n|turn|19\n|inactive|Time left: 300 sec this turn | 300 sec total\n|\n|t:|1783562354\n|move|p2a: Decidueye|Triple Arrows|p1a: Kingambit\n|-resisted|p1a: Kingambit\n|-damage|p1a: Kingambit|115/270\n|cant|p1a: Kingambit|flinch\n|\n|-heal|p2a: Decidueye|39/100|[from] item: Leftovers\n|upkeep\n|turn|20\n|inactive|Time left: 300 sec this turn | 300 sec total\n|\n|t:|1783562355\n|move|p2a: Decidueye|Triple Arrows|p1a: Kingambit\n|-resisted|p1a: Kingambit\n|-damage|p1a: Kingambit|63/270\n|-unboost|p1a: Kingambit|def|1\n|move|p1a: Kingambit|Kowtow Cleave|p2a: Decidueye\n|-damage|p2a: Decidueye|0 fnt\n|faint|p2a: Decidueye\n|\n|upkeep\n|\n|t:|1783562356\n|switch|p2a: Lugia|Lugia, L73|100/100\n|turn|21\n|inactive|Time left: 300 sec this turn | 300 sec total\n|\n|t:|1783562357\n|move|p1a: Kingambit|Sucker Punch|p2a: Lugia\n|-supereffective|p2a: Lugia\n|-damage|p2a: Lugia|40/100\n|move|p2a: Lugia|Aeroblast|p1a: Kingambit\n|-damage|p1a: Kingambit|0 fnt\n|faint|p1a: Kingambit\n|-end|p1a: Kingambit|fallen2|[silent]\n|\n|upkeep\n|inactive|Time left: 300 sec this turn | 300 sec total | 5 sec grace\n|\n|t:|1783562358\n|switch|p1a: Samurott|Samurott-Hisui, L77, M|265/265\n|turn|22\n|inactive|Time left: 300 sec this turn | 300 sec total\n|\n|t:|1783562359\n|move|p2a: Lugia|Aeroblast|p1a: Samurott\n|-damage|p1a: Samurott|163/265\n|move|p1a: Samurott|Swords Dance|p1a: Samurott\n|-boost|p1a: Samurott|atk|2\n|\n|upkeep\n|turn|23\n|inactive|Time left: 300 sec this turn | 300 sec total\n|\n|t:|1783562360\n|move|p2a: Lugia|Aeroblast|p1a: Samurott|[miss]\n|-miss|p2a: Lugia|p1a: Samurott\n|move|p1a: Samurott|Ceaseless Edge|p2a: Lugia\n|-supereffective|p2a: Lugia\n|-damage|p2a: Lugia|0 fnt\n|-sidestart|p2: p0y19946733|Spikes\n|faint|p2a: Lugia\n|-damage|p1a: Samurott|137/265|[from] item: Life Orb\n|\n|upkeep\n|\n|t:|1783562361\n|switch|p2a: Terrakion|Terrakion, L79|100/100\n|-damage|p2a: Terrakion|94/100|[from] Stealth Rock\n|-damage|p2a: Terrakion|82/100|[from] Spikes\n|turn|24\n|inactive|Time left: 300 sec this turn | 300 sec total\n|\n|t:|1783562361\n|move|p2a: Terrakion|Close Combat|p1a: Samurott\n|-supereffective|p1a: Samurott\n|-damage|p1a: Samurott|0 fnt\n|-unboost|p2a: Terrakion|def|1\n|-unboost|p2a: Terrakion|spd|1\n|faint|p1a: Samurott\n|\n|upkeep\n|inactive|Time left: 300 sec this turn | 300 sec total | 5 sec grace\n|\n|t:|1783562362\n|switch|p1a: Kyurem|Kyurem-White, L73|61/303\n|-ability|p1a: Kyurem|Turboblaze\n|turn|25\n|inactive|Time left: 300 sec this turn | 300 sec total\n|\n|t:|1783562364\n|move|p1a: Kyurem|Ice Beam|p2a: Terrakion\n|-damage|p2a: Terrakion|11/100\n|-status|p2a: Terrakion|frz\n|cant|p2a: Terrakion|frz\n|\n|upkeep\n|turn|26\n|inactive|Time left: 300 sec this turn | 300 sec total\n|\n|t:|1783562365\n|move|p1a: Kyurem|Ice Beam|p2a: Terrakion\n|-damage|p2a: Terrakion|0 fnt\n|faint|p2a: Terrakion\n|\n|upkeep\n|\n|t:|1783562365\n|switch|p2a: Ho-Oh|Ho-Oh, L71|100/100\n|turn|27\n|inactive|Time left: 300 sec this turn | 300 sec total\n|\n|t:|1783562366\n|move|p1a: Kyurem|Ice Beam|p2a: Ho-Oh\n|-damage|p2a: Ho-Oh|65/100\n|move|p2a: Ho-Oh|Sacred Fire|p1a: Kyurem\n|-damage|p1a: Kyurem|0 fnt\n|faint|p1a: Kyurem\n|\n|upkeep\n|inactive|Time left: 300 sec this turn | 300 sec total | 5 sec grace\n|\n|t:|1783562367\n|switch|p1a: Luvdisc|Luvdisc, F|247/247\n|turn|28\n|inactive|Time left: 300 sec this turn | 300 sec total\n|\n|t:|1783562368\n|move|p1a: Luvdisc|Substitute|p1a: Luvdisc\n|-start|p1a: Luvdisc|Substitute\n|-damage|p1a: Luvdisc|186/247\n|move|p2a: Ho-Oh|Brave Bird|p1a: Luvdisc\n|-end|p1a: Luvdisc|Substitute\n|-damage|p2a: Ho-Oh|58/100|[from] Recoil|[of] p1a: Luvdisc\n|\n|upkeep\n|turn|29\n|inactive|Time left: 300 sec this turn | 300 sec total\n|\n|t:|1783562369\n|move|p1a: Luvdisc|Whirlpool|p2a: Ho-Oh\n|-supereffective|p2a: Ho-Oh\n|-damage|p2a: Ho-Oh|42/100\n|-activate|p2a: Ho-Oh|move: Whirlpool|[of] p1a: Luvdisc\n|move|p2a: Ho-Oh|Brave Bird|p1a: Luvdisc\n|-damage|p1a: Luvdisc|51/247\n|-damage|p2a: Ho-Oh|25/100|[from] Recoil\n|\n|-damage|p2a: Ho-Oh|12/100|[from] move: Whirlpool|[partiallytrapped]\n|upkeep\n|turn|30\n|inactive|Time left: 300 sec this turn | 300 sec total\n|\n|t:|1783562369\n|move|p1a: Luvdisc|Surf|p2a: Ho-Oh\n|-supereffective|p2a: Ho-Oh\n|-damage|p2a: Ho-Oh|0 fnt\n|faint|p2a: Ho-Oh\n|\n|upkeep\n|\n|t:|1783562370\n|switch|p2a: Feraligatr|Feraligatr, L79, M|100/100\n|-damage|p2a: Feraligatr|88/100|[from] Stealth Rock\n|-damage|p2a: Feraligatr|75/100|[from] Spikes\n|turn|31\n|inactive|Time left: 300 sec this turn | 300 sec total\n|\n|t:|1783562371\n|move|p1a: Luvdisc|Surf|p2a: Feraligatr\n|-resisted|p2a: Feraligatr\n|-damage|p2a: Feraligatr|60/100\n|move|p2a: Feraligatr|Liquidation|p1a: Luvdisc\n|-resisted|p1a: Luvdisc\n|-damage|p1a: Luvdisc|0 fnt\n|faint|p1a: Luvdisc\n|\n|win|p0y19946733", "uploadtime": 1783562371, "views": 0, "rating": 0, "private": 0, "password": null, "_winner": "p0y19946733", "_our_name": "p0x199449c9"}