{"id": "battle-gen9randombattle-2120", "formatid": "gen9randombattle", "format": "[Gen 9] Random Battle", "players": ["p0x2120a888", "p0y2120bb07"], "log": "|init|battle\n|title|p0x2120a888 vs. p0y2120bb07\n|j|\u2606p0x2120a888\n|j|\u2606p0y2120bb07\n|t:|1783563751\n|gametype|singles\n|player|p1|p0x2120a888|265|\n|player|p2|p0y2120bb07|265|\n|gen|9\n|tier|[Gen 9] Random Battle\n|rule|Species Clause: Limit one of each Pok\u00e9mon\n|rule|HP Percentage Mod: HP is shown in percentages\n|rule|Sleep Clause Mod: Limit one foe put to sleep\n|rule|Illusion Level Mod: Illusion disguises the Pok\u00e9mon's true level\n|\n|t:|1783563751\n|teamsize|p1|6\n|teamsize|p2|6\n|start\n|switch|p1a: Grimmsnarl|Grimmsnarl, L83, M|100/100\n|switch|p2a: Slither Wing|Slither Wing, L81|270/270\n|turn|1\n|inactive|Battle timer is ON: inactive players will automatically lose when time's up. (requested by p0y2120bb07)\n|inactive|p0x2120a888 also wants the timer to be on.\n|\n|t:|1783563753\n|move|p1a: Grimmsnarl|Reflect|p1a: Grimmsnarl\n|-sidestart|p1: p0x2120a888|Reflect\n|move|p2a: Slither Wing|Close Combat|p1a: Grimmsnarl\n|-damage|p1a: Grimmsnarl|67/100\n|-unboost|p2a: Slither Wing|def|1\n|-unboost|p2a: Slither Wing|spd|1\n|\n|upkeep\n|turn|2\n|inactive|Time left: 300 sec this turn | 300 sec total\n|\n|t:|1783563754\n|-end|p2a: Slither Wing|Protosynthesis|[silent]\n|switch|p2a: Typhlosion|Typhlosion-Hisui, L83, M|257/257\n|move|p1a: Grimmsnarl|Spirit Break|p2a: Typhlosion\n|-resisted|p2a: Typhlosion\n|-crit|p2a: Typhlosion\n|-damage|p2a: Typhlosion|173/257\n|-unboost|p2a: Typhlosion|spa|1\n|\n|upkeep\n|turn|3\n|inactive|Time left: 300 sec this turn | 300 sec total\n|\n|t:|1783563755\n|move|p1a: Grimmsnarl|Light Screen|p1a: Grimmsnarl\n|-sidestart|p1: p0x2120a888|move: Light Screen\n|move|p2a: Typhlosion|Fire Blast|p1a: Grimmsnarl\n|-damage|p1a: Grimmsnarl|49/100\n|\n|upkeep\n|turn|4\n|inactive|Time left: 300 sec this turn | 300 sec total\n|\n|t:|1783563756\n|move|p2a: Typhlosion|Will-O-Wisp|p1a: Grimmsnarl\n|-status|p1a: Grimmsnarl|brn\n|move|p1a: Grimmsnarl|Spirit Break|p2a: Typhlosion\n|-resisted|p2a: Typhlosion\n|-damage|p2a: Typhlosion|150/257\n|-unboost|p2a: Typhlosion|spa|1\n|\n|-damage|p1a: Grimmsnarl|43/100 brn|[from] brn\n|upkeep\n|turn|5\n|inactive|Time left: 300 sec this turn | 300 sec total\n|\n|t:|1783563757\n|switch|p1a: Ho-Oh|Ho-Oh, L71|100/100\n|move|p2a: Typhlosion|Calm Mind|p2a: Typhlosion\n|-boost|p2a: Typhlosion|spa|1\n|-boost|p2a: Typhlosion|spd|1\n|\n|upkeep\n|turn|6\n|inactive|Time left: 300 sec this turn | 300 sec total\n|\n|t:|1783563758\n|move|p2a: Typhlosion|Calm Mind|p2a: Typhlosion\n|-boost|p2a: Typhlosion|spa|1\n|-boost|p2a: Typhlosion|spd|1\n|move|p1a: Ho-Oh|Sacred Fire|p2a: Typhlosion\n|-resisted|p2a: Typhlosion\n|-damage|p2a: Typhlosion|96/257\n|\n|upkeep\n|turn|7\n|inactive|Time left: 300 sec this turn | 300 sec total\n|\n|t:|1783563759\n|switch|p2a: Sandy Shocks|Sandy Shocks, L80|267/267\n|move|p1a: Ho-Oh|Earthquake|p2a: Sandy Shocks\n|-supereffective|p2a: Sandy Shocks\n|-damage|p2a: Sandy Shocks|143/267\n|\n|-heal|p2a: Sandy Shocks|159/267|[from] item: Leftovers\n|upkeep\n|turn|8\n|inactive|Time left: 300 sec this turn | 300 sec total\n|\n|t:|1783563761\n|move|p2a: Sandy Shocks|Spikes|p1a: Ho-Oh\n|-sidestart|p1: p0x2120a888|Spikes\n|move|p1a: Ho-Oh|Sacred Fire|p2a: Sandy Shocks\n|-damage|p2a: Sandy Shocks|59/267\n|-status|p2a: Sandy Shocks|brn\n|\n|-heal|p2a: Sandy Shocks|75/267 brn|[from] item: Leftovers\n|-damage|p2a: Sandy Shocks|59/267 brn|[from] brn\n|-sideend|p1: p0x2120a888|Reflect\n|upkeep\n|turn|9\n|inactive|Time left: 300 sec this turn | 300 sec total\n|\n|t:|1783563762\n|move|p2a: Sandy Shocks|Spikes|p1a: Ho-Oh\n|-sidestart|p1: p0x2120a888|Spikes\n|move|p1a: Ho-Oh|Sacred Fire|p2a: Sandy Shocks\n|-damage|p2a: Sandy Shocks|0 fnt\n|faint|p2a: Sandy Shocks\n|-end|p2a: Sandy Shocks|Protosynthesis|[silent]\n|\n|upkeep\n|inactive|Time left: 300 sec this turn | 300 sec total | 5 sec grace\n|\n|t:|1783563763\n|switch|p2a: Toedscruel|Toedscruel, L87, F|281/281\n|turn|10\n|inactive|Time left: 300 sec this turn | 300 sec total\n|\n|t:|1783563764\n|move|p1a: Ho-Oh|Sacred Fire|p2a: Toedscruel\n|-supereffective|p2a: Toedscruel\n|-damage|p2a: Toedscruel|39/281\n|move|p2a: Toedscruel|Spore|p1a: Ho-Oh\n|-status|p1a: Ho-Oh|slp|[from] move: Spore\n|\n|-heal|p2a: Toedscruel|56/281|[from] item: Leftovers\n|-sideend|p1: p0x2120a888|move: Light Screen\n|upkeep\n|turn|11\n|inactive|Time left: 300 sec this turn | 300 sec total\n|\n|t:|1783563765\n|move|p2a: Toedscruel|Knock Off|p1a: Ho-Oh\n|-damage|p1a: Ho-Oh|74/100 slp\n|-enditem|p1a: Ho-Oh|Heavy-Duty Boots|[from] move: Knock Off|[of] p2a: Toedscruel\n|cant|p1a: Ho-Oh|slp\n|\n|-heal|p2a: Toedscruel|73/281|[from] item: Leftovers\n|upkeep\n|turn|12\n|inactive|Time left: 300 sec this turn | 300 sec total\n|\n|t:|1783563766\n|move|p2a: Toedscruel|Knock Off|p1a: Ho-Oh\n|-damage|p1a: Ho-Oh|57/100 slp\n|cant|p1a: Ho-Oh|slp\n|\n|-heal|p2a: Toedscruel|90/281|[from] item: Leftovers\n|upkeep\n|turn|13\n|inactive|Time left: 300 sec this turn | 300 sec total\n|\n|t:|1783563767\n|move|p2a: Toedscruel|Knock Off|p1a: Ho-Oh\n|-damage|p1a: Ho-Oh|42/100 slp\n|cant|p1a: Ho-Oh|slp\n|\n|-heal|p2a: Toedscruel|107/281|[from] item: Leftovers\n|upkeep\n|turn|14\n|inactive|Time left: 300 sec this turn | 300 sec total\n|\n|t:|1783563768\n|switch|p2a: Walking Wake|Walking Wake, L79|286/286\n|-curestatus|p1a: Ho-Oh|slp|[msg]\n|move|p1a: Ho-Oh|Sacred Fire|p2a: Walking Wake\n|-resisted|p2a: Walking Wake\n|-damage|p2a: Walking Wake|259/286\n|\n|upkeep\n|turn|15\n|inactive|Time left: 300 sec this turn | 300 sec total\n|\n|t:|1783563769\n|switch|p1a: Grimmsnarl|Grimmsnarl, L83, M|43/100 brn\n|-damage|p1a: Grimmsnarl|26/100 brn|[from] Spikes\n|move|p2a: Walking Wake|Hydro Steam|p1a: Grimmsnarl\n|-damage|p1a: Grimmsnarl|0 fnt\n|faint|p1a: Grimmsnarl\n|-damage|p2a: Walking Wake|231/286|[from] item: Life Orb\n|\n|upkeep\n|\n|t:|1783563770\n|switch|p1a: Morpeko|Morpeko, L88, F|100/100\n|turn|16\n|inactive|Time left: 300 sec this turn | 300 sec total\n|\n|t:|1783563771\n|move|p1a: Morpeko|Rapid Spin|p2a: Walking Wake\n|-damage|p2a: Walking Wake|190/286\n|-boost|p1a: Morpeko|spe|1\n|-sideend|p1: p0x2120a888|Spikes|[from] move: Rapid Spin|[of] p1a: Morpeko\n|move|p2a: Walking Wake|Draco Meteor|p1a: Morpeko\n|-damage|p1a: Morpeko|0 fnt\n|-unboost|p2a: Walking Wake|spa|2\n|faint|p1a: Morpeko\n|-damage|p2a: Walking Wake|162/286|[from] item: Life Orb\n|\n|upkeep\n|\n|t:|1783563772\n|switch|p1a: Ho-Oh|Ho-Oh, L71|75/100\n|turn|17\n|inactive|Time left: 300 sec this turn | 300 sec total\n|\n|t:|1783563773\n|-end|p2a: Walking Wake|Protosynthesis|[silent]\n|switch|p2a: Toedscruel|Toedscruel, L87, F|107/281\n|move|p1a: Ho-Oh|Brave Bird|p2a: Toedscruel\n|-supereffective|p2a: Toedscruel\n|-damage|p2a: Toedscruel|0 fnt\n|faint|p2a: Toedscruel\n|-damage|p1a: Ho-Oh|62/100|[from] Recoil\n|\n|upkeep\n|inactive|Time left: 300 sec this turn | 300 sec total | 5 sec grace\n|\n|t:|1783563774\n|switch|p2a: Walking Wake|Walking Wake, L79|162/286\n|turn|18\n|inactive|Time left: 300 sec this turn | 300 sec total\n|\n|t:|1783563775\n|switch|p1a: Ogerpon|Ogerpon-Wellspring, L76, F|100/100\n|move|p2a: Walking Wake|Hydro Steam|p1a: Ogerpon\n|-immune|p1a: Ogerpon|[from] ability: Water Absorb\n|\n|upkeep\n|turn|19\n|inactive|Time left: 300 sec this turn | 300 sec total\n|\n|t:|1783563776\n|move|p2a: Walking Wake|Draco Meteor|p1a: Ogerpon\n|-damage|p1a: Ogerpon|23/100\n|-unboost|p2a: Walking Wake|spa|2\n|-damage|p2a: Walking Wake|134/286|[from] item: Life Orb\n|move|p1a: Ogerpon|Power Whip|p2a: Walking Wake\n|-damage|p2a: Walking Wake|0 fnt\n|faint|p2a: Walking Wake\n|-end|p2a: Walking Wake|Protosynthesis|[silent]\n|\n|upkeep\n|inactive|Time left: 300 sec this turn | 300 sec total | 5 sec grace\n|\n|t:|1783563777\n|switch|p2a: Slither Wing|Slither Wing, L81|270/270\n|turn|20\n|inactive|Time left: 300 sec this turn | 300 sec total\n|\n|t:|1783563778\n|move|p2a: Slither Wing|Close Combat|p1a: Ogerpon\n|-damage|p1a: Ogerpon|0 fnt\n|-unboost|p2a: Slither Wing|def|1\n|-unboost|p2a: Slither Wing|spd|1\n|faint|p1a: Ogerpon\n|\n|upkeep\n|\n|t:|1783563779\n|switch|p1a: Ho-Oh|Ho-Oh, L71|95/100\n|turn|21\n|inactive|Time left: 300 sec this turn | 300 sec total\n|\n|t:|1783563780\n|-end|p2a: Slither Wing|Protosynthesis|[silent]\n|switch|p2a: Typhlosion|Typhlosion-Hisui, L83, M|96/257\n|move|p1a: Ho-Oh|Brave Bird|p2a: Typhlosion\n|-damage|p2a: Typhlosion|0 fnt\n|faint|p2a: Typhlosion\n|-damage|p1a: Ho-Oh|83/100|[from] Recoil\n|\n|upkeep\n|inactive|Time left: 300 sec this turn | 300 sec total | 5 sec grace\n|\n|t:|1783563781\n|switch|p2a: Slither Wing|Slither Wing, L81|270/270\n|turn|22\n|inactive|Time left: 300 sec this turn | 300 sec total\n|\n|t:|1783563782\n|-terastallize|p2a: Slither Wing|Fire\n|move|p2a: Slither Wing|Flare Blitz|p1a: Ho-Oh\n|-resisted|p1a: Ho-Oh\n|-damage|p1a: Ho-Oh|50/100\n|-damage|p2a: Slither Wing|241/270|[from] Recoil\n|move|p1a: Ho-Oh|Sacred Fire|p2a: Slither Wing\n|-resisted|p2a: Slither Wing\n|-damage|p2a: Slither Wing|185/270\n|\n|upkeep\n|turn|23\n|inactive|Time left: 300 sec this turn | 300 sec total\n|\n|t:|1783563783\n|switch|p1a: Zamazenta|Zamazenta, L71|100/100\n|-ability|p1a: Zamazenta|Dauntless Shield|boost\n|-boost|p1a: Zamazenta|def|1\n|move|p2a: Slither Wing|Flare Blitz|p1a: Zamazenta\n|-crit|p1a: Zamazenta\n|-damage|p1a: Zamazenta|13/100\n|-damage|p2a: Slither Wing|113/270|[from] Recoil\n|\n|upkeep\n|turn|24\n|inactive|Time left: 300 sec this turn | 300 sec total\n|\n|t:|1783563784\n|switch|p1a: Ho-Oh|Ho-Oh, L71|83/100\n|move|p2a: Slither Wing|Flare Blitz|p1a: Ho-Oh\n|-resisted|p1a: Ho-Oh\n|-damage|p1a: Ho-Oh|51/100\n|-damage|p2a: Slither Wing|85/270|[from] Recoil\n|\n|upkeep\n|turn|25\n|inactive|Time left: 300 sec this turn | 300 sec total\n|\n|t:|1783563785\n|move|p2a: Slither Wing|Flare Blitz|p1a: Ho-Oh\n|-resisted|p1a: Ho-Oh\n|-damage|p1a: Ho-Oh|21/100\n|-damage|p2a: Slither Wing|58/270|[from] Recoil\n|move|p1a: Ho-Oh|Earthquake|p2a: Slither Wing\n|-supereffective|p2a: Slither Wing\n|-damage|p2a: Slither Wing|0 fnt\n|faint|p2a: Slither Wing\n|-end|p2a: Slither Wing|Protosynthesis|[silent]\n|\n|upkeep\n|inactive|Time left: 300 sec this turn | 300 sec total | 5 sec grace\n|\n|t:|1783563786\n|switch|p2a: Delibird|Delibird, F|252/252\n|turn|26\n|inactive|Time left: 300 sec this turn | 300 sec total\n|\n|t:|1783563787\n|move|p2a: Delibird|Brave Bird|p1a: Ho-Oh\n|-damage|p1a: Ho-Oh|0 fnt\n|faint|p1a: Ho-Oh\n|-damage|p2a: Delibird|234/252|[from] Recoil\n|\n|upkeep\n|\n|t:|1783563788\n|switch|p1a: Arbok|Arbok, L87, M|100/100\n|-ability|p1a: Arbok|Intimidate|boost\n|-unboost|p2a: Delibird|atk|1\n|turn|27\n|inactive|Time left: 300 sec this turn | 300 sec total\n|\n|t:|1783563789\n|-terastallize|p1a: Arbok|Dark\n|move|p2a: Delibird|Freeze-Dry|p1a: Arbok\n|-damage|p1a: Arbok|65/100\n|move|p1a: Arbok|Coil|p1a: Arbok\n|-boost|p1a: Arbok|atk|1\n|-boost|p1a: Arbok|def|1\n|-boost|p1a: Arbok|accuracy|1\n|\n|-heal|p1a: Arbok|71/100|[from] item: Leftovers\n|upkeep\n|turn|28\n|inactive|Time left: 300 sec this turn | 300 sec total\n|\n|t:|1783563790\n|move|p2a: Delibird|Freeze-Dry|p1a: Arbok\n|-damage|p1a: Arbok|39/100\n|move|p1a: Arbok|Gunk Shot|p2a: Delibird\n|-damage|p2a: Delibird|0 fnt\n|faint|p2a: Delibird\n|\n|win|p0x2120a888", "uploadtime": 1783563790, "views": 0, "rating": 0, "private": 0, "password": null, "_winner": "p0x2120a888", "_our_name": "p0y2120bb07"}