{"id": "battle-gen9randombattle-2781", "formatid": "gen9randombattle", "format": "[Gen 9] Random Battle", "players": ["p0x2781da82", "p0y27814fd6"], "log": "|init|battle\n|title|p0x2781da82 vs. p0y27814fd6\n|j|\u2606p0x2781da82\n|j|\u2606p0y27814fd6\n|t:|1783571030\n|gametype|singles\n|player|p1|p0x2781da82|169|\n|player|p2|p0y27814fd6|2|\n|gen|9\n|tier|[Gen 9] Random Battle\n|rule|Species Clause: Limit one of each Pok\u00e9mon\n|rule|HP Percentage Mod: HP is shown in percentages\n|rule|Sleep Clause Mod: Limit one foe put to sleep\n|rule|Illusion Level Mod: Illusion disguises the Pok\u00e9mon's true level\n|\n|t:|1783571030\n|teamsize|p1|6\n|teamsize|p2|6\n|start\n|switch|p1a: Rampardos|Rampardos, L90, M|100/100\n|switch|p2a: Morpeko|Morpeko, L88, F|245/245\n|turn|1\n|inactive|Battle timer is ON: inactive players will automatically lose when time's up. (requested by p0y27814fd6)\n|inactive|p0x2781da82 also wants the timer to be on.\n|\n|t:|1783571032\n|switch|p2a: Hariyama|Hariyama, L87, F|392/392\n|move|p1a: Rampardos|Earthquake|p2a: Hariyama\n|-damage|p2a: Hariyama|232/392\n|\n|-status|p2a: Hariyama|brn|[from] item: Flame Orb\n|upkeep\n|turn|2\n|inactive|Time left: 300 sec this turn | 300 sec total\n|\n|t:|1783571033\n|-terastallize|p1a: Rampardos|Ground\n|move|p1a: Rampardos|Earthquake|p2a: Hariyama\n|-damage|p2a: Hariyama|0 fnt\n|faint|p2a: Hariyama\n|\n|upkeep\n|inactive|Time left: 300 sec this turn | 300 sec total | 5 sec grace\n|\n|t:|1783571034\n|switch|p2a: Frosmoth|Frosmoth, L82, F|249/249\n|turn|3\n|inactive|Time left: 300 sec this turn | 300 sec total\n|\n|t:|1783571035\n|move|p1a: Rampardos|Earthquake|p2a: Frosmoth\n|-resisted|p2a: Frosmoth\n|-damage|p2a: Frosmoth|126/249\n|move|p2a: Frosmoth|Ice Beam|p1a: Rampardos\n|-supereffective|p1a: Rampardos\n|-damage|p1a: Rampardos|0 fnt\n|faint|p1a: Rampardos\n|\n|upkeep\n|\n|t:|1783571036\n|switch|p1a: Wugtrio|Wugtrio, L91, F|100/100\n|turn|4\n|inactive|Time left: 300 sec this turn | 300 sec total\n|\n|t:|1783571038\n|switch|p2a: Alomomola|Alomomola, L87, M|429/429\n|move|p1a: Wugtrio|Liquidation|p2a: Alomomola\n|-resisted|p2a: Alomomola\n|-damage|p2a: Alomomola|348/429\n|-unboost|p2a: Alomomola|def|1\n|\n|-heal|p2a: Alomomola|374/429|[from] item: Leftovers\n|upkeep\n|turn|5\n|inactive|Time left: 300 sec this turn | 300 sec total\n|\n|t:|1783571039\n|move|p1a: Wugtrio|Liquidation|p2a: Alomomola\n|-resisted|p2a: Alomomola\n|-damage|p2a: Alomomola|260/429\n|move|p2a: Alomomola|Flip Turn|p1a: Wugtrio\n|-resisted|p1a: Wugtrio\n|-damage|p1a: Wugtrio|83/100\n|-ability|p1a: Wugtrio|Gooey\n|-unboost|p2a: Alomomola|spe|1\n|inactive|Time left: 300 sec this turn | 300 sec total | 5 sec grace\n|\n|t:|1783571040\n|switch|p2a: Incineroar|Incineroar, L82, F|290/290|[from] Flip Turn\n|-ability|p2a: Incineroar|Intimidate|boost\n|-unboost|p1a: Wugtrio|atk|1\n|\n|upkeep\n|turn|6\n|inactive|Time left: 300 sec this turn | 300 sec total\n|\n|t:|1783571041\n|-terastallize|p2a: Incineroar|Grass\n|move|p1a: Wugtrio|Liquidation|p2a: Incineroar\n|-resisted|p2a: Incineroar\n|-damage|p2a: Incineroar|239/290\n|move|p2a: Incineroar|Trailblaze|p1a: Wugtrio\n|-supereffective|p1a: Wugtrio\n|-damage|p1a: Wugtrio|0 fnt\n|-boost|p2a: Incineroar|spe|1\n|-ability|p1a: Wugtrio|Gooey\n|-unboost|p2a: Incineroar|spe|1\n|faint|p1a: Wugtrio\n|\n|upkeep\n|\n|t:|1783571042\n|switch|p1a: Houndoom|Houndoom, L87, M|100/100\n|turn|7\n|inactive|Time left: 300 sec this turn | 300 sec total\n|\n|t:|1783571043\n|switch|p2a: Alomomola|Alomomola, L87, M|403/429\n|move|p1a: Houndoom|Nasty Plot|p1a: Houndoom\n|-boost|p1a: Houndoom|spa|2\n|\n|-heal|p2a: Alomomola|429/429|[from] item: Leftovers\n|upkeep\n|turn|8\n|inactive|Time left: 300 sec this turn | 300 sec total\n|\n|t:|1783571043\n|move|p1a: Houndoom|Dark Pulse|p2a: Alomomola\n|-damage|p2a: Alomomola|152/429\n|cant|p2a: Alomomola|flinch\n|\n|-heal|p2a: Alomomola|178/429|[from] item: Leftovers\n|upkeep\n|turn|9\n|inactive|Time left: 300 sec this turn | 300 sec total\n|\n|t:|1783571044\n|move|p2a: Alomomola|Protect|p2a: Alomomola\n|-singleturn|p2a: Alomomola|Protect\n|move|p1a: Houndoom|Sludge Bomb|p2a: Alomomola\n|-activate|p2a: Alomomola|move: Protect\n|\n|-heal|p2a: Alomomola|204/429|[from] item: Leftovers\n|upkeep\n|turn|10\n|inactive|Time left: 300 sec this turn | 300 sec total\n|\n|t:|1783571045\n|switch|p2a: Frosmoth|Frosmoth, L82, F|126/249\n|move|p1a: Houndoom|Sludge Bomb|p2a: Frosmoth\n|-damage|p2a: Frosmoth|46/249\n|-status|p2a: Frosmoth|psn\n|\n|-damage|p2a: Frosmoth|15/249 psn|[from] psn\n|upkeep\n|turn|11\n|inactive|Time left: 300 sec this turn | 300 sec total\n|\n|t:|1783571046\n|move|p1a: Houndoom|Dark Pulse|p2a: Frosmoth\n|-crit|p2a: Frosmoth\n|-damage|p2a: Frosmoth|0 fnt\n|faint|p2a: Frosmoth\n|\n|upkeep\n|inactive|Time left: 300 sec this turn | 300 sec total | 5 sec grace\n|\n|t:|1783571047\n|switch|p2a: Alomomola|Alomomola, L87, M|347/429\n|turn|12\n|inactive|Time left: 300 sec this turn | 300 sec total\n|\n|t:|1783571048\n|move|p1a: Houndoom|Dark Pulse|p2a: Alomomola\n|-damage|p2a: Alomomola|37/429\n|move|p2a: Alomomola|Flip Turn|p1a: Houndoom\n|-supereffective|p1a: Houndoom\n|-damage|p1a: Houndoom|43/100\n|inactive|Time left: 300 sec this turn | 300 sec total | 5 sec grace\n|\n|t:|1783571048\n|switch|p2a: Morpeko|Morpeko, L88, F|245/245|[from] Flip Turn\n|\n|-formechange|p2a: Morpeko|Morpeko-Hangry||[from] ability: Hunger Switch\n|upkeep\n|turn|13\n|inactive|Time left: 300 sec this turn | 300 sec total\n|\n|t:|1783571049\n|move|p2a: Morpeko|Protect|p2a: Morpeko\n|-singleturn|p2a: Morpeko|Protect\n|move|p1a: Houndoom|Fire Blast|p2a: Morpeko\n|-activate|p2a: Morpeko|move: Protect\n|\n|-formechange|p2a: Morpeko|Morpeko||[from] ability: Hunger Switch\n|upkeep\n|turn|14\n|inactive|Time left: 300 sec this turn | 300 sec total\n|\n|t:|1783571050\n|switch|p1a: Wo-Chien|Wo-Chien, L83|100/100\n|-ability|p1a: Wo-Chien|Tablets of Ruin\n|move|p2a: Morpeko|Aura Wheel|p1a: Wo-Chien\n|-resisted|p1a: Wo-Chien\n|-damage|p1a: Wo-Chien|84/100\n|-boost|p2a: Morpeko|spe|1\n|\n|-heal|p1a: Wo-Chien|90/100|[from] item: Leftovers\n|-formechange|p2a: Morpeko|Morpeko-Hangry||[from] ability: Hunger Switch\n|upkeep\n|turn|15\n|inactive|Time left: 300 sec this turn | 300 sec total\n|\n|t:|1783571051\n|move|p2a: Morpeko|Knock Off|p1a: Wo-Chien\n|-resisted|p1a: Wo-Chien\n|-damage|p1a: Wo-Chien|77/100\n|-enditem|p1a: Wo-Chien|Leftovers|[from] move: Knock Off|[of] p2a: Morpeko\n|move|p1a: Wo-Chien|Ruination|p2a: Morpeko\n|-damage|p2a: Morpeko|123/245\n|\n|-heal|p2a: Morpeko|138/245|[from] item: Leftovers\n|-formechange|p2a: Morpeko|Morpeko||[from] ability: Hunger Switch\n|upkeep\n|turn|16\n|inactive|Time left: 300 sec this turn | 300 sec total\n|\n|t:|1783571052\n|move|p2a: Morpeko|Aura Wheel|p1a: Wo-Chien\n|-resisted|p1a: Wo-Chien\n|-damage|p1a: Wo-Chien|63/100\n|-boost|p2a: Morpeko|spe|1\n|move|p1a: Wo-Chien|Giga Drain|p2a: Morpeko\n|-damage|p2a: Morpeko|35/245\n|-heal|p1a: Wo-Chien|81/100|[from] drain|[of] p2a: Morpeko\n|\n|-heal|p2a: Morpeko|50/245|[from] item: Leftovers\n|-formechange|p2a: Morpeko|Morpeko-Hangry||[from] ability: Hunger Switch\n|upkeep\n|turn|17\n|inactive|Time left: 300 sec this turn | 300 sec total\n|\n|t:|1783571053\n|move|p2a: Morpeko|Protect|p2a: Morpeko\n|-singleturn|p2a: Morpeko|Protect\n|move|p1a: Wo-Chien|Knock Off|p2a: Morpeko\n|-activate|p2a: Morpeko|move: Protect\n|\n|-heal|p2a: Morpeko|65/245|[from] item: Leftovers\n|-formechange|p2a: Morpeko|Morpeko||[from] ability: Hunger Switch\n|upkeep\n|turn|18\n|inactive|Time left: 300 sec this turn | 300 sec total\n|\n|t:|1783571054\n|switch|p2a: Incineroar|Incineroar, L82, F, tera:Grass|239/290\n|-ability|p2a: Incineroar|Intimidate|boost\n|-unboost|p1a: Wo-Chien|atk|1\n|move|p1a: Wo-Chien|Giga Drain|p2a: Incineroar\n|-resisted|p2a: Incineroar\n|-damage|p2a: Incineroar|202/290\n|-heal|p1a: Wo-Chien|88/100|[from] drain|[of] p2a: Incineroar\n|\n|upkeep\n|turn|19\n|inactive|Time left: 300 sec this turn | 300 sec total\n|\n|t:|1783571055\n|move|p1a: Wo-Chien|Ruination|p2a: Incineroar\n|-damage|p2a: Incineroar|101/290\n|move|p2a: Incineroar|Trailblaze|p1a: Wo-Chien\n|-resisted|p1a: Wo-Chien\n|-damage|p1a: Wo-Chien|79/100\n|-boost|p2a: Incineroar|spe|1\n|\n|upkeep\n|turn|20\n|inactive|Time left: 300 sec this turn | 300 sec total\n|\n|t:|1783571056\n|move|p2a: Incineroar|Swords Dance|p2a: Incineroar\n|-boost|p2a: Incineroar|atk|2\n|move|p1a: Wo-Chien|Knock Off|p2a: Incineroar\n|-damage|p2a: Incineroar|37/290\n|-enditem|p2a: Incineroar|Heavy-Duty Boots|[from] move: Knock Off|[of] p1a: Wo-Chien\n|\n|upkeep\n|turn|21\n|inactive|Time left: 300 sec this turn | 300 sec total\n|\n|t:|1783571057\n|move|p2a: Incineroar|Flare Blitz|p1a: Wo-Chien\n|-supereffective|p1a: Wo-Chien\n|-damage|p1a: Wo-Chien|0 fnt\n|faint|p1a: Wo-Chien\n|-damage|p2a: Incineroar|0 fnt|[from] Recoil\n|faint|p2a: Incineroar\n|\n|upkeep\n|inactive|Time left: 300 sec this turn | 300 sec total | 5 sec grace\n|\n|t:|1783571058\n|switch|p1a: Arceus|Arceus-Fire, L72|100/100\n|switch|p2a: Alomomola|Alomomola, L87, M|180/429\n|turn|22\n|inactive|Time left: 300 sec this turn | 300 sec total\n|\n|t:|1783571059\n|move|p1a: Arceus|Swords Dance|p1a: Arceus\n|-boost|p1a: Arceus|atk|2\n|move|p2a: Alomomola|Wish|p2a: Alomomola\n|\n|-heal|p2a: Alomomola|206/429|[from] item: Leftovers\n|upkeep\n|turn|23\n|inactive|Time left: 300 sec this turn | 300 sec total\n|\n|t:|1783571060\n|move|p1a: Arceus|Swords Dance|p1a: Arceus\n|-boost|p1a: Arceus|atk|2\n|move|p2a: Alomomola|Flip Turn|p1a: Arceus\n|-supereffective|p1a: Arceus\n|-damage|p1a: Arceus|65/100\n|inactive|Time left: 300 sec this turn | 300 sec total | 5 sec grace\n|\n|t:|1783571061\n|switch|p2a: Morpeko|Morpeko, L88, F|65/245|[from] Flip Turn\n|\n|-heal|p2a: Morpeko|245/245|[from] move: Wish|[wisher] Alomomola\n|-formechange|p2a: Morpeko|Morpeko-Hangry||[from] ability: Hunger Switch\n|upkeep\n|turn|24\n|inactive|Time left: 300 sec this turn | 300 sec total\n|\n|t:|1783571062\n|move|p2a: Morpeko|Aura Wheel|p1a: Arceus\n|-damage|p1a: Arceus|26/100\n|-boost|p2a: Morpeko|spe|1\n|move|p1a: Arceus|Earthquake|p2a: Morpeko\n|-supereffective|p2a: Morpeko\n|-damage|p2a: Morpeko|0 fnt\n|faint|p2a: Morpeko\n|\n|upkeep\n|inactive|Time left: 300 sec this turn | 300 sec total | 5 sec grace\n|\n|t:|1783571063\n|switch|p2a: Alomomola|Alomomola, L87, M|349/429\n|turn|25\n|inactive|Time left: 300 sec this turn | 300 sec total\n|\n|t:|1783571064\n|move|p1a: Arceus|Recover|p1a: Arceus\n|-heal|p1a: Arceus|76/100\n|move|p2a: Alomomola|Flip Turn|p1a: Arceus\n|-supereffective|p1a: Arceus\n|-damage|p1a: Arceus|39/100\n|inactive|Time left: 300 sec this turn | 300 sec total | 5 sec grace\n|\n|t:|1783571065\n|switch|p2a: Zapdos|Zapdos, L78|268/268|[from] Flip Turn\n|\n|upkeep\n|turn|26\n|inactive|Time left: 300 sec this turn | 300 sec total\n|\n|t:|1783571067\n|switch|p2a: Alomomola|Alomomola, L87, M|429/429\n|move|p1a: Arceus|Recover|p1a: Arceus\n|-heal|p1a: Arceus|90/100\n|\n|upkeep\n|turn|27\n|inactive|Time left: 300 sec this turn | 300 sec total\n|\n|t:|1783571067\n|move|p1a: Arceus|Earthquake|p2a: Alomomola\n|-crit|p2a: Alomomola\n|-damage|p2a: Alomomola|142/429\n|move|p2a: Alomomola|Scald|p1a: Arceus\n|-supereffective|p1a: Arceus\n|-damage|p1a: Arceus|60/100\n|\n|-heal|p2a: Alomomola|168/429|[from] item: Leftovers\n|upkeep\n|turn|28\n|inactive|Time left: 300 sec this turn | 300 sec total\n|\n|t:|1783571069\n|switch|p2a: Zapdos|Zapdos, L78|268/268\n|move|p1a: Arceus|Recover|p1a: Arceus\n|-heal|p1a: Arceus|100/100\n|\n|upkeep\n|turn|29\n|inactive|Time left: 300 sec this turn | 300 sec total\n|\n|t:|1783571069\n|switch|p2a: Alomomola|Alomomola, L87, M|311/429\n|move|p1a: Arceus|Flare Blitz|p2a: Alomomola\n|-resisted|p2a: Alomomola\n|-damage|p2a: Alomomola|119/429\n|-damage|p1a: Arceus|79/100|[from] Recoil\n|\n|-heal|p2a: Alomomola|145/429|[from] item: Leftovers\n|upkeep\n|turn|30\n|inactive|Time left: 300 sec this turn | 300 sec total\n|\n|t:|1783571070\n|switch|p2a: Zapdos|Zapdos, L78|268/268\n|move|p1a: Arceus|Flare Blitz|p2a: Zapdos\n|-damage|p2a: Zapdos|0 fnt\n|faint|p2a: Zapdos\n|-damage|p1a: Arceus|49/100|[from] Recoil\n|\n|upkeep\n|inactive|Time left: 300 sec this turn | 300 sec total | 5 sec grace\n|\n|t:|1783571071\n|switch|p2a: Alomomola|Alomomola, L87, M|288/429\n|turn|31\n|inactive|Time left: 300 sec this turn | 300 sec total\n|\n|t:|1783571072\n|move|p1a: Arceus|Earthquake|p2a: Alomomola\n|-damage|p2a: Alomomola|82/429\n|move|p2a: Alomomola|Wish|p2a: Alomomola\n|\n|-heal|p2a: Alomomola|108/429|[from] item: Leftovers\n|upkeep\n|turn|32\n|inactive|Time left: 300 sec this turn | 300 sec total\n|\n|t:|1783571073\n|move|p2a: Alomomola|Protect|p2a: Alomomola\n|-singleturn|p2a: Alomomola|Protect\n|move|p1a: Arceus|Recover|p1a: Arceus\n|-heal|p1a: Arceus|99/100\n|\n|-heal|p2a: Alomomola|322/429|[from] move: Wish|[wisher] Alomomola\n|-heal|p2a: Alomomola|348/429|[from] item: Leftovers\n|upkeep\n|turn|33\n|inactive|Time left: 300 sec this turn | 300 sec total\n|\n|t:|1783571074\n|move|p1a: Arceus|Flare Blitz|p2a: Alomomola\n|-resisted|p2a: Alomomola\n|-damage|p2a: Alomomola|138/429\n|-damage|p1a: Arceus|75/100|[from] Recoil\n|move|p2a: Alomomola|Wish|p2a: Alomomola\n|\n|-heal|p2a: Alomomola|164/429|[from] item: Leftovers\n|upkeep\n|turn|34\n|inactive|Time left: 300 sec this turn | 300 sec total\n|\n|t:|1783571075\n|move|p2a: Alomomola|Protect|p2a: Alomomola\n|-singleturn|p2a: Alomomola|Protect\n|move|p1a: Arceus|Swords Dance|p1a: Arceus\n|-boost|p1a: Arceus|atk|2\n|\n|-heal|p2a: Alomomola|378/429|[from] move: Wish|[wisher] Alomomola\n|-heal|p2a: Alomomola|404/429|[from] item: Leftovers\n|upkeep\n|turn|35\n|inactive|Time left: 300 sec this turn | 300 sec total\n|\n|t:|1783571076\n|move|p1a: Arceus|Earthquake|p2a: Alomomola\n|-damage|p2a: Alomomola|151/429\n|move|p2a: Alomomola|Wish|p2a: Alomomola\n|\n|-heal|p2a: Alomomola|177/429|[from] item: Leftovers\n|upkeep\n|turn|36\n|inactive|Time left: 300 sec this turn | 300 sec total\n|\n|t:|1783571077\n|move|p2a: Alomomola|Protect|p2a: Alomomola\n|-singleturn|p2a: Alomomola|Protect\n|move|p1a: Arceus|Earthquake|p2a: Alomomola\n|-activate|p2a: Alomomola|move: Protect\n|\n|-heal|p2a: Alomomola|391/429|[from] move: Wish|[wisher] Alomomola\n|-heal|p2a: Alomomola|417/429|[from] item: Leftovers\n|upkeep\n|turn|37\n|inactive|Time left: 300 sec this turn | 300 sec total\n|\n|t:|1783571078\n|move|p1a: Arceus|Earthquake|p2a: Alomomola\n|-damage|p2a: Alomomola|148/429\n|move|p2a: Alomomola|Wish|p2a: Alomomola\n|\n|-heal|p2a: Alomomola|174/429|[from] item: Leftovers\n|upkeep\n|turn|38\n|inactive|Time left: 300 sec this turn | 300 sec total\n|\n|t:|1783571079\n|move|p2a: Alomomola|Protect|p2a: Alomomola\n|-singleturn|p2a: Alomomola|Protect\n|move|p1a: Arceus|Flare Blitz|p2a: Alomomola\n|-activate|p2a: Alomomola|move: Protect\n|\n|-heal|p2a: Alomomola|388/429|[from] move: Wish|[wisher] Alomomola\n|-heal|p2a: Alomomola|414/429|[from] item: Leftovers\n|upkeep\n|turn|39\n|inactive|Time left: 300 sec this turn | 300 sec total\n|\n|t:|1783571081\n|move|p1a: Arceus|Earthquake|p2a: Alomomola\n|-damage|p2a: Alomomola|153/429\n|move|p2a: Alomomola|Wish|p2a: Alomomola\n|\n|-heal|p2a: Alomomola|179/429|[from] item: Leftovers\n|upkeep\n|turn|40\n|inactive|Time left: 300 sec this turn | 300 sec total\n|\n|t:|1783571082\n|move|p2a: Alomomola|Protect|p2a: Alomomola\n|-singleturn|p2a: Alomomola|Protect\n|move|p1a: Arceus|Flare Blitz|p2a: Alomomola\n|-activate|p2a: Alomomola|move: Protect\n|\n|-heal|p2a: Alomomola|393/429|[from] move: Wish|[wisher] Alomomola\n|-heal|p2a: Alomomola|419/429|[from] item: Leftovers\n|upkeep\n|turn|41\n|inactive|Time left: 300 sec this turn | 300 sec total\n|\n|t:|1783571083\n|move|p1a: Arceus|Earthquake|p2a: Alomomola\n|-damage|p2a: Alomomola|161/429\n|move|p2a: Alomomola|Wish|p2a: Alomomola\n|\n|-heal|p2a: Alomomola|187/429|[from] item: Leftovers\n|upkeep\n|turn|42\n|inactive|Time left: 300 sec this turn | 300 sec total\n|\n|t:|1783571084\n|move|p2a: Alomomola|Protect|p2a: Alomomola\n|-singleturn|p2a: Alomomola|Protect\n|move|p1a: Arceus|Earthquake|p2a: Alomomola\n|-activate|p2a: Alomomola|move: Protect\n|\n|-heal|p2a: Alomomola|401/429|[from] move: Wish|[wisher] Alomomola\n|-heal|p2a: Alomomola|427/429|[from] item: Leftovers\n|upkeep\n|turn|43\n|inactive|Time left: 300 sec this turn | 300 sec total\n|\n|t:|1783571085\n|move|p1a: Arceus|Earthquake|p2a: Alomomola\n|-damage|p2a: Alomomola|158/429\n|move|p2a: Alomomola|Wish|p2a: Alomomola\n|\n|-heal|p2a: Alomomola|184/429|[from] item: Leftovers\n|upkeep\n|turn|44\n|inactive|Time left: 300 sec this turn | 300 sec total\n|\n|t:|1783571086\n|move|p2a: Alomomola|Protect|p2a: Alomomola\n|-singleturn|p2a: Alomomola|Protect\n|move|p1a: Arceus|Flare Blitz|p2a: Alomomola\n|-activate|p2a: Alomomola|move: Protect\n|\n|-heal|p2a: Alomomola|398/429|[from] move: Wish|[wisher] Alomomola\n|-heal|p2a: Alomomola|424/429|[from] item: Leftovers\n|upkeep\n|turn|45\n|inactive|Time left: 300 sec this turn | 300 sec total\n|\n|t:|1783571086\n|move|p1a: Arceus|Earthquake|p2a: Alomomola\n|-damage|p2a: Alomomola|174/429\n|move|p2a: Alomomola|Wish|p2a: Alomomola\n|\n|-heal|p2a: Alomomola|200/429|[from] item: Leftovers\n|upkeep\n|turn|46\n|inactive|Time left: 300 sec this turn | 300 sec total\n|\n|t:|1783571087\n|move|p2a: Alomomola|Protect|p2a: Alomomola\n|-singleturn|p2a: Alomomola|Protect\n|move|p1a: Arceus|Earthquake|p2a: Alomomola\n|-activate|p2a: Alomomola|move: Protect\n|\n|-heal|p2a: Alomomola|414/429|[from] move: Wish|[wisher] Alomomola\n|-heal|p2a: Alomomola|429/429|[from] item: Leftovers\n|upkeep\n|turn|47\n|inactive|Time left: 300 sec this turn | 300 sec total\n|\n|t:|1783571088\n|move|p1a: Arceus|Earthquake|p2a: Alomomola\n|-damage|p2a: Alomomola|160/429\n|move|p2a: Alomomola|Wish|p2a: Alomomola\n|\n|-heal|p2a: Alomomola|186/429|[from] item: Leftovers\n|upkeep\n|turn|48\n|inactive|Time left: 300 sec this turn | 300 sec total\n|\n|t:|1783571090\n|move|p2a: Alomomola|Protect|p2a: Alomomola\n|-singleturn|p2a: Alomomola|Protect\n|move|p1a: Arceus|Flare Blitz|p2a: Alomomola\n|-activate|p2a: Alomomola|move: Protect\n|\n|-heal|p2a: Alomomola|400/429|[from] move: Wish|[wisher] Alomomola\n|-heal|p2a: Alomomola|426/429|[from] item: Leftovers\n|upkeep\n|turn|49\n|inactive|Time left: 300 sec this turn | 300 sec total\n|\n|t:|1783571090\n|move|p1a: Arceus|Earthquake|p2a: Alomomola\n|-damage|p2a: Alomomola|151/429\n|move|p2a: Alomomola|Wish|p2a: Alomomola\n|\n|-heal|p2a: Alomomola|177/429|[from] item: Leftovers\n|upkeep\n|turn|50\n|inactive|Time left: 300 sec this turn | 300 sec total\n|\n|t:|1783571091\n|move|p2a: Alomomola|Protect|p2a: Alomomola\n|-singleturn|p2a: Alomomola|Protect\n|move|p1a: Arceus|Flare Blitz|p2a: Alomomola\n|-activate|p2a: Alomomola|move: Protect\n|\n|-heal|p2a: Alomomola|391/429|[from] move: Wish|[wisher] Alomomola\n|-heal|p2a: Alomomola|417/429|[from] item: Leftovers\n|upkeep\n|turn|51\n|inactive|Time left: 300 sec this turn | 300 sec total\n|\n|t:|1783571092\n|move|p1a: Arceus|Earthquake|p2a: Alomomola\n|-damage|p2a: Alomomola|153/429\n|move|p2a: Alomomola|Wish|p2a: Alomomola\n|\n|-heal|p2a: Alomomola|179/429|[from] item: Leftovers\n|upkeep\n|turn|52\n|inactive|Time left: 300 sec this turn | 300 sec total\n|\n|t:|1783571093\n|move|p2a: Alomomola|Protect|p2a: Alomomola\n|-singleturn|p2a: Alomomola|Protect\n|move|p1a: Arceus|Recover|p1a: Arceus\n|-heal|p1a: Arceus|100/100\n|\n|-heal|p2a: Alomomola|393/429|[from] move: Wish|[wisher] Alomomola\n|-heal|p2a: Alomomola|419/429|[from] item: Leftovers\n|upkeep\n|turn|53\n|inactive|Time left: 300 sec this turn | 300 sec total\n|\n|t:|1783571094\n|move|p1a: Arceus|Flare Blitz|p2a: Alomomola\n|-resisted|p2a: Alomomola\n|-damage|p2a: Alomomola|138/429\n|-damage|p1a: Arceus|69/100|[from] Recoil\n|move|p2a: Alomomola|Wish|p2a: Alomomola\n|\n|-heal|p2a: Alomomola|164/429|[from] item: Leftovers\n|upkeep\n|turn|54\n|inactive|Time left: 300 sec this turn | 300 sec total\n|\n|t:|1783571095\n|move|p2a: Alomomola|Protect|p2a: Alomomola\n|-singleturn|p2a: Alomomola|Protect\n|move|p1a: Arceus|Flare Blitz|p2a: Alomomola\n|-activate|p2a: Alomomola|move: Protect\n|\n|-heal|p2a: Alomomola|378/429|[from] move: Wish|[wisher] Alomomola\n|-heal|p2a: Alomomola|404/429|[from] item: Leftovers\n|upkeep\n|turn|55\n|inactive|Time left: 300 sec this turn | 300 sec total\n|\n|t:|1783571096\n|move|p1a: Arceus|Flare Blitz|p2a: Alomomola\n|-resisted|p2a: Alomomola\n|-damage|p2a: Alomomola|108/429\n|-damage|p1a: Arceus|35/100|[from] Recoil\n|move|p2a: Alomomola|Wish|p2a: Alomomola\n|\n|-heal|p2a: Alomomola|134/429|[from] item: Leftovers\n|upkeep\n|turn|56\n|inactive|Time left: 300 sec this turn | 300 sec total\n|\n|t:|1783571097\n|move|p2a: Alomomola|Protect|p2a: Alomomola\n|-singleturn|p2a: Alomomola|Protect\n|move|p1a: Arceus|Flare Blitz|p2a: Alomomola\n|-activate|p2a: Alomomola|move: Protect\n|\n|-heal|p2a: Alomomola|348/429|[from] move: Wish|[wisher] Alomomola\n|-heal|p2a: Alomomola|374/429|[from] item: Leftovers\n|upkeep\n|turn|57\n|inactive|Time left: 300 sec this turn | 300 sec total\n|\n|t:|1783571098\n|move|p1a: Arceus|Earthquake|p2a: Alomomola\n|-damage|p2a: Alomomola|141/429\n|move|p2a: Alomomola|Wish|p2a: Alomomola\n|\n|-heal|p2a: Alomomola|167/429|[from] item: Leftovers\n|upkeep\n|turn|58\n|inactive|Time left: 300 sec this turn | 300 sec total\n|\n|t:|1783571099\n|move|p2a: Alomomola|Protect|p2a: Alomomola\n|-singleturn|p2a: Alomomola|Protect\n|move|p1a: Arceus|Flare Blitz|p2a: Alomomola\n|-activate|p2a: Alomomola|move: Protect\n|\n|-heal|p2a: Alomomola|381/429|[from] move: Wish|[wisher] Alomomola\n|-heal|p2a: Alomomola|407/429|[from] item: Leftovers\n|upkeep\n|turn|59\n|inactive|Time left: 300 sec this turn | 300 sec total\n|\n|t:|1783571099\n|move|p1a: Arceus|Flare Blitz|p2a: Alomomola\n|-resisted|p2a: Alomomola\n|-damage|p2a: Alomomola|138/429\n|-damage|p1a: Arceus|4/100|[from] Recoil\n|move|p2a: Alomomola|Wish|p2a: Alomomola\n|\n|-heal|p2a: Alomomola|164/429|[from] item: Leftovers\n|upkeep\n|turn|60\n|inactive|Time left: 300 sec this turn | 300 sec total\n|\n|t:|1783571100\n|move|p2a: Alomomola|Protect|p2a: Alomomola\n|-singleturn|p2a: Alomomola|Protect\n|move|p1a: Arceus|Flare Blitz|p2a: Alomomola\n|-activate|p2a: Alomomola|move: Protect\n|\n|-heal|p2a: Alomomola|378/429|[from] move: Wish|[wisher] Alomomola\n|-heal|p2a: Alomomola|404/429|[from] item: Leftovers\n|upkeep\n|turn|61\n|inactive|Time left: 300 sec this turn | 300 sec total\n|\n|t:|1783571101\n|move|p1a: Arceus|Flare Blitz|p2a: Alomomola\n|-resisted|p2a: Alomomola\n|-damage|p2a: Alomomola|150/429\n|-damage|p1a: Arceus|0 fnt|[from] Recoil\n|faint|p1a: Arceus\n|move|p2a: Alomomola|Scald|p1: Arceus|[notarget]\n|-fail|p2a: Alomomola\n|\n|-heal|p2a: Alomomola|176/429|[from] item: Leftovers\n|upkeep\n|\n|t:|1783571102\n|switch|p1a: Houndoom|Houndoom, L87, M|43/100\n|turn|62\n|inactive|Time left: 300 sec this turn | 300 sec total\n|\n|t:|1783571103\n|move|p1a: Houndoom|Sludge Bomb|p2a: Alomomola\n|-damage|p2a: Alomomola|57/429\n|move|p2a: Alomomola|Scald|p1a: Houndoom\n|-supereffective|p1a: Houndoom\n|-damage|p1a: Houndoom|3/100\n|\n|-heal|p2a: Alomomola|83/429|[from] item: Leftovers\n|upkeep\n|turn|63\n|inactive|Time left: 300 sec this turn | 300 sec total\n|\n|t:|1783571104\n|move|p1a: Houndoom|Sludge Bomb|p2a: Alomomola\n|-damage|p2a: Alomomola|0 fnt\n|faint|p2a: Alomomola\n|\n|win|p0x2781da82", "uploadtime": 1783571104, "views": 0, "rating": 0, "private": 0, "password": null, "_winner": "p0x2781da82", "_our_name": "p0y27814fd6"}