{"id": "battle-gen9randombattle-737", "formatid": "gen9randombattle", "format": "[Gen 9] Random Battle", "players": ["p0x737cc85", "p0y737ffa9"], "log": "|init|battle\n|title|p0x737cc85 vs. p0y737ffa9\n|j|\u2606p0x737cc85\n|j|\u2606p0y737ffa9\n|t:|1783548370\n|gametype|singles\n|player|p1|p0x737cc85|265|\n|player|p2|p0y737ffa9|2|\n|gen|9\n|tier|[Gen 9] Random Battle\n|rule|Species Clause: Limit one of each Pok\u00e9mon\n|rule|HP Percentage Mod: HP is shown in percentages\n|rule|Sleep Clause Mod: Limit one foe put to sleep\n|rule|Illusion Level Mod: Illusion disguises the Pok\u00e9mon's true level\n|\n|t:|1783548370\n|teamsize|p1|6\n|teamsize|p2|6\n|start\n|switch|p1a: Gholdengo|Gholdengo, L77|261/261\n|switch|p2a: Gholdengo|Gholdengo, L77|100/100\n|turn|1\n|inactive|Battle timer is ON: inactive players will automatically lose when time's up. (requested by p0x737cc85)\n|\n|t:|1783548371\n|move|p1a: Gholdengo|Nasty Plot|p1a: Gholdengo\n|-boost|p1a: Gholdengo|spa|2\n|move|p2a: Gholdengo|Shadow Ball|p1a: Gholdengo\n|-supereffective|p1a: Gholdengo\n|-damage|p1a: Gholdengo|73/261\n|\n|-heal|p1a: Gholdengo|89/261|[from] item: Leftovers\n|upkeep\n|turn|2\n|inactive|Time left: 300 sec this turn | 300 sec total\n|inactive|p0y737ffa9 also wants the timer to be on.\n|\n|t:|1783548372\n|move|p2a: Gholdengo|Shadow Ball|p1a: Gholdengo\n|-supereffective|p1a: Gholdengo\n|-damage|p1a: Gholdengo|0 fnt\n|faint|p1a: Gholdengo\n|\n|upkeep\n|inactive|Time left: 300 sec this turn | 300 sec total | 5 sec grace\n|\n|t:|1783548373\n|switch|p1a: Rillaboom|Rillaboom, L79, M|288/288\n|-fieldstart|move: Grassy Terrain|[from] ability: Grassy Surge|[of] p1a: Rillaboom\n|turn|3\n|inactive|Time left: 300 sec this turn | 300 sec total\n|\n|t:|1783548374\n|move|p1a: Rillaboom|Knock Off|p2a: Gholdengo\n|-supereffective|p2a: Gholdengo\n|-damage|p2a: Gholdengo|12/100\n|-enditem|p2a: Gholdengo|Leftovers|[from] move: Knock Off|[of] p1a: Rillaboom\n|move|p2a: Gholdengo|Make It Rain|p1a: Rillaboom\n|-damage|p1a: Rillaboom|120/288\n|-unboost|p2a: Gholdengo|spa|1\n|\n|-heal|p1a: Rillaboom|138/288|[from] Grassy Terrain\n|-heal|p2a: Gholdengo|19/100|[from] Grassy Terrain\n|upkeep\n|turn|4\n|inactive|Time left: 300 sec this turn | 300 sec total\n|\n|t:|1783548375\n|switch|p2a: Terrakion|Terrakion, L79|100/100\n|move|p1a: Rillaboom|Knock Off|p2a: Terrakion\n|-resisted|p2a: Terrakion\n|-damage|p2a: Terrakion|80/100\n|-ability|p2a: Terrakion|Justified|boost\n|-boost|p2a: Terrakion|atk|1\n|-enditem|p2a: Terrakion|Life Orb|[from] move: Knock Off|[of] p1a: Rillaboom\n|\n|-heal|p2a: Terrakion|87/100|[from] Grassy Terrain\n|-heal|p1a: Rillaboom|156/288|[from] Grassy Terrain\n|upkeep\n|turn|5\n|inactive|Time left: 300 sec this turn | 300 sec total\n|\n|t:|1783548376\n|switch|p1a: Wyrdeer|Wyrdeer, L87, F|321/321\n|-ability|p1a: Wyrdeer|Intimidate|boost\n|-unboost|p2a: Terrakion|atk|1\n|move|p2a: Terrakion|Stone Edge|p1a: Wyrdeer|[miss]\n|-miss|p2a: Terrakion|p1a: Wyrdeer\n|\n|-heal|p2a: Terrakion|93/100|[from] Grassy Terrain\n|upkeep\n|turn|6\n|inactive|Time left: 300 sec this turn | 300 sec total\n|\n|t:|1783548378\n|move|p2a: Terrakion|Swords Dance|p2a: Terrakion\n|-boost|p2a: Terrakion|atk|2\n|move|p1a: Wyrdeer|Psychic Noise|p2a: Terrakion\n|-supereffective|p2a: Terrakion\n|-damage|p2a: Terrakion|18/100\n|-start|p2a: Terrakion|move: Heal Block\n|\n|upkeep\n|turn|7\n|inactive|Time left: 300 sec this turn | 300 sec total\n|\n|t:|1783548379\n|switch|p1a: Latios|Latios, L78, M|253/253\n|move|p2a: Terrakion|Close Combat|p1a: Latios\n|-resisted|p1a: Latios\n|-damage|p1a: Latios|85/253\n|-unboost|p2a: Terrakion|def|1\n|-unboost|p2a: Terrakion|spd|1\n|\n|-end|p2a: Terrakion|move: Heal Block\n|-fieldend|move: Grassy Terrain\n|upkeep\n|turn|8\n|inactive|Time left: 300 sec this turn | 300 sec total\n|\n|t:|1783548380\n|switch|p2a: Hoopa|Hoopa-Unbound, L80|100/100\n|move|p1a: Latios|Luster Purge|p2a: Hoopa\n|-immune|p2a: Hoopa\n|\n|upkeep\n|turn|9\n|inactive|Time left: 300 sec this turn | 300 sec total\n|\n|t:|1783548381\n|move|p2a: Hoopa|Hyperspace Fury|p1a: Latios\n|-supereffective|p1a: Latios\n|-damage|p1a: Latios|0 fnt\n|-unboost|p2a: Hoopa|def|1\n|faint|p1a: Latios\n|\n|upkeep\n|inactive|Time left: 300 sec this turn | 300 sec total | 5 sec grace\n|\n|t:|1783548382\n|switch|p1a: Rillaboom|Rillaboom, L79, M|156/288\n|-fieldstart|move: Grassy Terrain|[from] ability: Grassy Surge|[of] p1a: Rillaboom\n|turn|10\n|inactive|Time left: 300 sec this turn | 300 sec total\n|\n|t:|1783548383\n|switch|p2a: Tropius|Tropius, L91, M|100/100\n|move|p1a: Rillaboom|Grassy Glide|p2a: Tropius\n|-resisted|p2a: Tropius\n|-damage|p2a: Tropius|92/100\n|\n|-heal|p1a: Rillaboom|174/288|[from] Grassy Terrain\n|upkeep\n|turn|11\n|inactive|Time left: 300 sec this turn | 300 sec total\n|\n|t:|1783548384\n|move|p1a: Rillaboom|Grassy Glide|p2a: Tropius\n|-resisted|p2a: Tropius\n|-damage|p2a: Tropius|83/100\n|move|p2a: Tropius|Air Slash|p1a: Rillaboom\n|-supereffective|p1a: Rillaboom\n|-damage|p1a: Rillaboom|0 fnt\n|faint|p1a: Rillaboom\n|\n|upkeep\n|inactive|Time left: 300 sec this turn | 300 sec total | 5 sec grace\n|\n|t:|1783548385\n|switch|p1a: Forretress|Forretress, L84, F|263/263\n|turn|12\n|inactive|Time left: 300 sec this turn | 300 sec total\n|\n|t:|1783548386\n|move|p2a: Tropius|Leech Seed|p1a: Forretress\n|-start|p1a: Forretress|move: Leech Seed\n|move|p1a: Forretress|Stealth Rock|p2a: Tropius\n|-sidestart|p2: p0y737ffa9|move: Stealth Rock\n|\n|-damage|p1a: Forretress|231/263|[from] Leech Seed|[of] p2a: Tropius\n|-heal|p2a: Tropius|93/100|[silent]\n|upkeep\n|turn|13\n|inactive|Time left: 300 sec this turn | 300 sec total\n|\n|t:|1783548388\n|switch|p1a: Wyrdeer|Wyrdeer, L87, F|321/321\n|-ability|p1a: Wyrdeer|Intimidate|boost\n|-unboost|p2a: Tropius|atk|1\n|move|p2a: Tropius|Air Slash|p1a: Wyrdeer\n|-damage|p1a: Wyrdeer|237/321\n|\n|-heal|p1a: Wyrdeer|257/321|[from] Grassy Terrain\n|-heal|p1a: Wyrdeer|277/321|[from] item: Leftovers\n|upkeep\n|turn|14\n|inactive|Time left: 300 sec this turn | 300 sec total\n|\n|t:|1783548389\n|move|p1a: Wyrdeer|Body Slam|p2a: Tropius\n|-damage|p2a: Tropius|64/100\n|move|p2a: Tropius|Leech Seed|p1a: Wyrdeer\n|-start|p1a: Wyrdeer|move: Leech Seed\n|\n|-heal|p1a: Wyrdeer|297/321|[from] Grassy Terrain\n|-heal|p1a: Wyrdeer|317/321|[from] item: Leftovers\n|-damage|p1a: Wyrdeer|277/321|[from] Leech Seed|[of] p2a: Tropius\n|-heal|p2a: Tropius|76/100|[silent]\n|-fieldend|move: Grassy Terrain\n|upkeep\n|turn|15\n|inactive|Time left: 300 sec this turn | 300 sec total\n|\n|t:|1783548390\n|switch|p1a: Milotic|Milotic, L83, F|293/293\n|move|p2a: Tropius|Air Slash|p1a: Milotic\n|-damage|p1a: Milotic|232/293\n|\n|-heal|p1a: Milotic|250/293|[from] item: Leftovers\n|upkeep\n|turn|16\n|inactive|Time left: 300 sec this turn | 300 sec total\n|\n|t:|1783548391\n|move|p1a: Milotic|Ice Beam|p2a: Tropius\n|-supereffective|p2a: Tropius\n|-damage|p2a: Tropius|0 fnt\n|faint|p2a: Tropius\n|\n|-heal|p1a: Milotic|268/293|[from] item: Leftovers\n|upkeep\n|\n|t:|1783548391\n|switch|p2a: Pincurchin|Pincurchin, F|100/100\n|-damage|p2a: Pincurchin|88/100|[from] Stealth Rock\n|-fieldstart|move: Electric Terrain|[from] ability: Electric Surge|[of] p2a: Pincurchin\n|turn|17\n|inactive|Time left: 300 sec this turn | 300 sec total\n|\n|t:|1783548392\n|switch|p1a: Wyrdeer|Wyrdeer, L87, F|277/321\n|-ability|p1a: Wyrdeer|Intimidate|boost\n|-unboost|p2a: Pincurchin|atk|1\n|move|p2a: Pincurchin|Zing Zap|p1a: Wyrdeer\n|-damage|p1a: Wyrdeer|154/321\n|\n|-heal|p1a: Wyrdeer|174/321|[from] item: Leftovers\n|-heal|p2a: Pincurchin|94/100|[from] item: Leftovers\n|upkeep\n|turn|18\n|inactive|Time left: 300 sec this turn | 300 sec total\n|\n|t:|1783548393\n|move|p1a: Wyrdeer|Earthquake|p2a: Pincurchin\n|-supereffective|p2a: Pincurchin\n|-damage|p2a: Pincurchin|44/100\n|move|p2a: Pincurchin|Zing Zap|p1a: Wyrdeer\n|-damage|p1a: Wyrdeer|50/321\n|\n|-heal|p1a: Wyrdeer|70/321|[from] item: Leftovers\n|-heal|p2a: Pincurchin|50/100|[from] item: Leftovers\n|upkeep\n|turn|19\n|inactive|Time left: 300 sec this turn | 300 sec total\n|\n|t:|1783548394\n|move|p1a: Wyrdeer|Earthquake|p2a: Pincurchin\n|-supereffective|p2a: Pincurchin\n|-damage|p2a: Pincurchin|2/100\n|move|p2a: Pincurchin|Zing Zap|p1a: Wyrdeer\n|-damage|p1a: Wyrdeer|0 fnt\n|faint|p1a: Wyrdeer\n|\n|-heal|p2a: Pincurchin|8/100|[from] item: Leftovers\n|upkeep\n|inactive|Time left: 300 sec this turn | 300 sec total | 5 sec grace\n|\n|t:|1783548395\n|switch|p1a: Milotic|Milotic, L83, F|268/293\n|turn|20\n|inactive|Time left: 300 sec this turn | 300 sec total\n|\n|t:|1783548396\n|move|p1a: Milotic|Scald|p2a: Pincurchin\n|-damage|p2a: Pincurchin|0 fnt\n|faint|p2a: Pincurchin\n|\n|-heal|p1a: Milotic|286/293|[from] item: Leftovers\n|upkeep\n|\n|t:|1783548397\n|switch|p2a: Hoopa|Hoopa-Unbound, L80|100/100\n|-damage|p2a: Hoopa|88/100|[from] Stealth Rock\n|turn|21\n|inactive|Time left: 300 sec this turn | 300 sec total\n|\n|t:|1783548398\n|move|p2a: Hoopa|Hyperspace Fury|p1a: Milotic\n|-damage|p1a: Milotic|123/293\n|-unboost|p2a: Hoopa|def|1\n|move|p1a: Milotic|Scald|p2a: Hoopa\n|-damage|p2a: Hoopa|62/100\n|\n|-heal|p1a: Milotic|141/293|[from] item: Leftovers\n|-fieldend|move: Electric Terrain\n|upkeep\n|turn|22\n|inactive|Time left: 300 sec this turn | 300 sec total\n|\n|t:|1783548399\n|switch|p1a: Forretress|Forretress, L84, F|231/263\n|move|p2a: Hoopa|Hyperspace Fury|p1a: Forretress\n|-damage|p1a: Forretress|125/263\n|-unboost|p2a: Hoopa|def|1\n|\n|-heal|p1a: Forretress|141/263|[from] item: Leftovers\n|upkeep\n|turn|23\n|inactive|Time left: 300 sec this turn | 300 sec total\n|\n|t:|1783548400\n|move|p2a: Hoopa|Hyperspace Fury|p1a: Forretress\n|-damage|p1a: Forretress|39/263\n|-unboost|p2a: Hoopa|def|1\n|move|p1a: Forretress|Iron Head|p2a: Hoopa\n|-damage|p2a: Hoopa|0 fnt\n|faint|p2a: Hoopa\n|\n|-heal|p1a: Forretress|55/263|[from] item: Leftovers\n|upkeep\n|\n|t:|1783548401\n|switch|p2a: Wugtrio|Wugtrio, L91, M|100/100\n|-damage|p2a: Wugtrio|88/100|[from] Stealth Rock\n|turn|24\n|inactive|Time left: 300 sec this turn | 300 sec total\n|\n|t:|1783548402\n|-terastallize|p2a: Wugtrio|Ground\n|-terastallize|p1a: Forretress|Water\n|move|p2a: Wugtrio|Stomping Tantrum|p1a: Forretress\n|-damage|p1a: Forretress|0 fnt\n|faint|p1a: Forretress\n|\n|upkeep\n|inactive|Time left: 300 sec this turn | 300 sec total | 5 sec grace\n|\n|t:|1783548403\n|switch|p1a: Milotic|Milotic, L83, F|141/293\n|turn|25\n|inactive|Time left: 300 sec this turn | 300 sec total\n|\n|t:|1783548404\n|move|p2a: Wugtrio|Stomping Tantrum|p1a: Milotic\n|-crit|p1a: Milotic\n|-damage|p1a: Milotic|0 fnt\n|faint|p1a: Milotic\n|\n|win|p0y737ffa9", "uploadtime": 1783548404, "views": 0, "rating": 0, "private": 0, "password": null, "_winner": "p0y737ffa9", "_our_name": "p0x737cc85"}