{"id": "battle-gen9randombattle-1179", "formatid": "gen9randombattle", "format": "[Gen 9] Random Battle", "players": ["p0x1179dc7d", "p0y1179653c"], "log": "|init|battle\n|title|p0x1179dc7d vs. p0y1179653c\n|j|\u2606p0x1179dc7d\n|j|\u2606p0y1179653c\n|t:|1783553660\n|gametype|singles\n|player|p1|p0x1179dc7d|101|\n|player|p2|p0y1179653c|265|\n|gen|9\n|tier|[Gen 9] Random Battle\n|rule|Species Clause: Limit one of each Pok\u00e9mon\n|rule|HP Percentage Mod: HP is shown in percentages\n|rule|Sleep Clause Mod: Limit one foe put to sleep\n|rule|Illusion Level Mod: Illusion disguises the Pok\u00e9mon's true level\n|\n|t:|1783553660\n|teamsize|p1|6\n|teamsize|p2|6\n|start\n|switch|p1a: Jolteon|Jolteon, L84, M|246/246\n|switch|p2a: Golurk|Golurk, L87|100/100\n|turn|1\n|inactive|Battle timer is ON: inactive players will automatically lose when time's up. (requested by p0y1179653c)\n|inactive|Time left: 300 sec this turn | 300 sec total | 60 sec grace\n|inactive|p0x1179dc7d also wants the timer to be on.\n|\n|t:|1783553661\n|switch|p1a: Dipplin|Dipplin, L88, F|284/284\n|move|p2a: Golurk|Poltergeist|p1a: Dipplin\n|-activate|p1a: Dipplin|move: Poltergeist|Eviolite\n|-damage|p1a: Dipplin|164/284\n|\n|upkeep\n|turn|2\n|inactive|Time left: 300 sec this turn | 300 sec total\n|\n|t:|1783553662\n|move|p2a: Golurk|Poltergeist|p1a: Dipplin\n|-activate|p1a: Dipplin|move: Poltergeist|Eviolite\n|-crit|p1a: Dipplin\n|-damage|p1a: Dipplin|0 fnt\n|faint|p1a: Dipplin\n|\n|upkeep\n|inactive|Time left: 300 sec this turn | 300 sec total | 5 sec grace\n|\n|t:|1783553662\n|switch|p1a: Porygon-Z|Porygon-Z, L83|277/277\n|turn|3\n|inactive|Time left: 300 sec this turn | 300 sec total\n|\n|t:|1783553663\n|switch|p2a: Politoed|Politoed, L88, M|100/100\n|-weather|RainDance|[from] ability: Drizzle|[of] p2a: Politoed\n|move|p1a: Porygon-Z|Nasty Plot|p1a: Porygon-Z\n|-boost|p1a: Porygon-Z|spa|2\n|\n|-weather|RainDance|[upkeep]\n|upkeep\n|turn|4\n|inactive|Time left: 300 sec this turn | 300 sec total\n|\n|t:|1783553664\n|switch|p2a: Golurk|Golurk, L87|100/100\n|move|p1a: Porygon-Z|Tera Blast|p2a: Golurk\n|-immune|p2a: Golurk\n|\n|-weather|RainDance|[upkeep]\n|upkeep\n|turn|5\n|inactive|Time left: 300 sec this turn | 300 sec total\n|\n|t:|1783553665\n|-terastallize|p2a: Golurk|Fighting\n|move|p1a: Porygon-Z|Shadow Ball|p2a: Golurk\n|-damage|p2a: Golurk|39/100\n|-damage|p1a: Porygon-Z|250/277|[from] item: Life Orb\n|move|p2a: Golurk|Dynamic Punch|p1a: Porygon-Z\n|-supereffective|p1a: Porygon-Z\n|-damage|p1a: Porygon-Z|0 fnt\n|faint|p1a: Porygon-Z\n|\n|-weather|RainDance|[upkeep]\n|upkeep\n|inactive|Time left: 300 sec this turn | 300 sec total | 5 sec grace\n|\n|t:|1783553666\n|switch|p1a: Yanmega|Yanmega, L82, F|275/275\n|turn|6\n|inactive|Time left: 300 sec this turn | 300 sec total\n|\n|t:|1783553667\n|switch|p2a: Politoed|Politoed, L88, M|100/100\n|move|p1a: Yanmega|Bug Buzz|p2a: Politoed\n|-damage|p2a: Politoed|52/100\n|-unboost|p2a: Politoed|spd|1\n|\n|-weather|RainDance|[upkeep]\n|upkeep\n|turn|7\n|inactive|Time left: 300 sec this turn | 300 sec total\n|\n|t:|1783553668\n|switch|p2a: Arcanine|Arcanine, L84, M|100/100\n|-ability|p2a: Arcanine|Intimidate|boost\n|-unboost|p1a: Yanmega|atk|1\n|move|p1a: Yanmega|Bug Buzz|p2a: Arcanine\n|-resisted|p2a: Arcanine\n|-damage|p2a: Arcanine|46/100\n|-unboost|p2a: Arcanine|spd|1\n|\n|-weather|none\n|upkeep\n|turn|8\n|inactive|Time left: 300 sec this turn | 300 sec total\n|\n|t:|1783553669\n|switch|p1a: Bruxish|Bruxish, L85, F|254/254\n|move|p2a: Arcanine|Flare Blitz|p1a: Bruxish\n|-resisted|p1a: Bruxish\n|-damage|p1a: Bruxish|173/254\n|-damage|p2a: Arcanine|37/100|[from] Recoil\n|\n|upkeep\n|turn|9\n|inactive|Time left: 300 sec this turn | 300 sec total\n|\n|t:|1783553670\n|move|p1a: Bruxish|Psychic Fangs|p2a: Arcanine\n|-damage|p2a: Arcanine|0 fnt\n|faint|p2a: Arcanine\n|\n|upkeep\n|\n|t:|1783553671\n|switch|p2a: Glaceon|Glaceon, L94, M|100/100\n|turn|10\n|inactive|Time left: 300 sec this turn | 300 sec total\n|\n|t:|1783553672\n|-terastallize|p1a: Bruxish|Psychic\n|move|p1a: Bruxish|Psychic Fangs|p2a: Glaceon\n|-damage|p2a: Glaceon|49/100\n|move|p2a: Glaceon|Freeze-Dry|p1a: Bruxish\n|-damage|p1a: Bruxish|32/254\n|\n|upkeep\n|turn|11\n|inactive|Time left: 300 sec this turn | 300 sec total\n|\n|t:|1783553673\n|move|p2a: Glaceon|Protect|p2a: Glaceon\n|-singleturn|p2a: Glaceon|Protect\n|move|p1a: Bruxish|Psychic Fangs|p2a: Glaceon\n|-activate|p2a: Glaceon|move: Protect\n|\n|upkeep\n|turn|12\n|inactive|Time left: 300 sec this turn | 300 sec total\n|\n|t:|1783553674\n|move|p2a: Glaceon|Protect||[still]\n|-fail|p2a: Glaceon\n|move|p1a: Bruxish|Psychic Fangs|p2a: Glaceon\n|-damage|p2a: Glaceon|0 fnt\n|faint|p2a: Glaceon\n|\n|upkeep\n|\n|t:|1783553675\n|switch|p2a: Palossand|Palossand, L89, M|100/100\n|turn|13\n|inactive|Time left: 300 sec this turn | 300 sec total\n|\n|t:|1783553676\n|move|p1a: Bruxish|Psychic Fangs|p2a: Palossand\n|-damage|p2a: Palossand|43/100\n|move|p2a: Palossand|Shadow Ball|p1a: Bruxish\n|-supereffective|p1a: Bruxish\n|-damage|p1a: Bruxish|0 fnt\n|faint|p1a: Bruxish\n|\n|-heal|p2a: Palossand|49/100|[from] item: Leftovers\n|upkeep\n|inactive|Time left: 300 sec this turn | 300 sec total | 5 sec grace\n|\n|t:|1783553677\n|switch|p1a: Yanmega|Yanmega, L82, F|275/275\n|turn|14\n|inactive|Time left: 300 sec this turn | 300 sec total\n|\n|t:|1783553679\n|move|p1a: Yanmega|Bug Buzz|p2a: Palossand\n|-resisted|p2a: Palossand\n|-damage|p2a: Palossand|0 fnt\n|faint|p2a: Palossand\n|\n|upkeep\n|\n|t:|1783553680\n|switch|p2a: Politoed|Politoed, L88, M|52/100\n|-weather|RainDance|[from] ability: Drizzle|[of] p2a: Politoed\n|turn|15\n|inactive|Time left: 300 sec this turn | 300 sec total\n|\n|t:|1783553681\n|switch|p1a: Serperior|Serperior, L79, F|248/248\n|move|p2a: Politoed|Weather Ball|p1a: Serperior\n|-resisted|p1a: Serperior\n|-damage|p1a: Serperior|119/248\n|\n|-weather|RainDance|[upkeep]\n|upkeep\n|turn|16\n|inactive|Time left: 300 sec this turn | 300 sec total\n|\n|t:|1783553682\n|switch|p2a: Appletun|Appletun, L92, M|100/100\n|move|p1a: Serperior|Leaf Storm|p2a: Appletun\n|-resisted|p2a: Appletun\n|-damage|p2a: Appletun|91/100\n|-boost|p1a: Serperior|spa|2\n|-damage|p1a: Serperior|95/248|[from] item: Life Orb\n|\n|-weather|RainDance|[upkeep]\n|-heal|p2a: Appletun|98/100|[from] item: Leftovers\n|upkeep\n|turn|17\n|inactive|Time left: 300 sec this turn | 300 sec total\n|\n|t:|1783553683\n|move|p1a: Serperior|Dragon Pulse|p2a: Appletun\n|-supereffective|p2a: Appletun\n|-damage|p2a: Appletun|33/100\n|-damage|p1a: Serperior|71/248|[from] item: Life Orb\n|move|p2a: Appletun|Draco Meteor|p1a: Serperior\n|-damage|p1a: Serperior|0 fnt\n|-unboost|p2a: Appletun|spa|2\n|faint|p1a: Serperior\n|\n|-weather|RainDance|[upkeep]\n|-heal|p2a: Appletun|39/100|[from] item: Leftovers\n|upkeep\n|inactive|Time left: 300 sec this turn | 300 sec total | 5 sec grace\n|\n|t:|1783553684\n|switch|p1a: Jolteon|Jolteon, L84, M|246/246\n|turn|18\n|inactive|Time left: 300 sec this turn | 300 sec total\n|\n|t:|1783553685\n|move|p1a: Jolteon|Alluring Voice|p2a: Appletun\n|-supereffective|p2a: Appletun\n|-damage|p2a: Appletun|0 fnt\n|faint|p2a: Appletun\n|-damage|p1a: Jolteon|222/246|[from] item: Life Orb\n|\n|-weather|RainDance|[upkeep]\n|upkeep\n|\n|t:|1783553686\n|switch|p2a: Golurk|Golurk, L87, tera:Fighting|39/100\n|turn|19\n|inactive|Time left: 300 sec this turn | 300 sec total\n|\n|t:|1783553687\n|move|p1a: Jolteon|Thunderbolt|p2a: Golurk\n|-damage|p2a: Golurk|0 fnt\n|faint|p2a: Golurk\n|-damage|p1a: Jolteon|198/246|[from] item: Life Orb\n|\n|-weather|none\n|upkeep\n|\n|t:|1783553688\n|switch|p2a: Politoed|Politoed, L88, M|52/100\n|-weather|RainDance|[from] ability: Drizzle|[of] p2a: Politoed\n|turn|20\n|inactive|Time left: 300 sec this turn | 300 sec total\n|\n|t:|1783553689\n|move|p1a: Jolteon|Thunderbolt|p2a: Politoed\n|-supereffective|p2a: Politoed\n|-damage|p2a: Politoed|0 fnt\n|faint|p2a: Politoed\n|-damage|p1a: Jolteon|174/246|[from] item: Life Orb\n|\n|win|p0x1179dc7d", "uploadtime": 1783553689, "views": 0, "rating": 0, "private": 0, "password": null, "_winner": "p0x1179dc7d", "_our_name": "p0x1179dc7d"}