{"id": "battle-gen9randombattle-716", "formatid": "gen9randombattle", "format": "[Gen 9] Random Battle", "players": ["p0x716d671", "p0y716c0f2"], "log": "|init|battle\n|title|p0x716d671 vs. p0y716c0f2\n|j|\u2606p0x716d671\n|j|\u2606p0y716c0f2\n|t:|1783547417\n|gametype|singles\n|player|p1|p0x716d671|266|\n|player|p2|p0y716c0f2|2|\n|gen|9\n|tier|[Gen 9] Random Battle\n|rule|Species Clause: Limit one of each Pok\u00e9mon\n|rule|HP Percentage Mod: HP is shown in percentages\n|rule|Sleep Clause Mod: Limit one foe put to sleep\n|rule|Illusion Level Mod: Illusion disguises the Pok\u00e9mon's true level\n|\n|t:|1783547417\n|teamsize|p1|6\n|teamsize|p2|6\n|start\n|switch|p1a: Suicune|Suicune, L82|298/298\n|switch|p2a: Ursaring|Ursaring, L84, F|100/100\n|-ability|p1a: Suicune|Pressure\n|turn|1\n|inactive|Battle timer is ON: inactive players will automatically lose when time's up. (requested by p0y716c0f2)\n|inactive|Time left: 300 sec this turn | 300 sec total | 60 sec grace\n|\n|t:|1783547419\n|move|p1a: Suicune|Calm Mind|p1a: Suicune\n|-boost|p1a: Suicune|spa|1\n|-boost|p1a: Suicune|spd|1\n|move|p2a: Ursaring|Earthquake|p1a: Suicune\n|-damage|p1a: Suicune|225/298\n|\n|-heal|p1a: Suicune|243/298|[from] item: Leftovers\n|upkeep\n|turn|2\n|inactive|Time left: 300 sec this turn | 300 sec total\n|inactive|p0x716d671 also wants the timer to be on.\n|\n|t:|1783547420\n|move|p1a: Suicune|Calm Mind|p1a: Suicune\n|-boost|p1a: Suicune|spa|1\n|-boost|p1a: Suicune|spd|1\n|move|p2a: Ursaring|Body Slam|p1a: Suicune\n|-damage|p1a: Suicune|149/298\n|-status|p1a: Suicune|par\n|\n|-heal|p1a: Suicune|167/298 par|[from] item: Leftovers\n|upkeep\n|turn|3\n|inactive|Time left: 300 sec this turn | 300 sec total\n|\n|t:|1783547421\n|move|p2a: Ursaring|Body Slam|p1a: Suicune\n|-damage|p1a: Suicune|70/298 par\n|move|p1a: Suicune|Ice Beam|p2a: Ursaring\n|-damage|p2a: Ursaring|71/100\n|\n|-heal|p1a: Suicune|88/298 par|[from] item: Leftovers\n|upkeep\n|turn|4\n|inactive|Time left: 300 sec this turn | 300 sec total\n|\n|t:|1783547422\n|move|p2a: Ursaring|Body Slam|p1a: Suicune\n|-damage|p1a: Suicune|0 fnt\n|faint|p1a: Suicune\n|\n|upkeep\n|inactive|Time left: 300 sec this turn | 300 sec total | 5 sec grace\n|\n|t:|1783547423\n|switch|p1a: Skarmory|Skarmory, L80, M|235/235\n|turn|5\n|inactive|Time left: 300 sec this turn | 300 sec total\n|\n|t:|1783547424\n|move|p1a: Skarmory|Stealth Rock|p2a: Ursaring\n|-sidestart|p2: p0y716c0f2|move: Stealth Rock\n|move|p2a: Ursaring|Body Slam|p1a: Skarmory\n|-resisted|p1a: Skarmory\n|-damage|p1a: Skarmory|195/235\n|-status|p1a: Skarmory|par\n|\n|-heal|p1a: Skarmory|209/235 par|[from] item: Leftovers\n|upkeep\n|turn|6\n|inactive|Time left: 300 sec this turn | 300 sec total\n|\n|t:|1783547425\n|move|p2a: Ursaring|Body Slam|p1a: Skarmory\n|-resisted|p1a: Skarmory\n|-damage|p1a: Skarmory|167/235 par\n|move|p1a: Skarmory|Brave Bird|p2a: Ursaring\n|-damage|p2a: Ursaring|45/100\n|-damage|p1a: Skarmory|142/235 par|[from] Recoil\n|\n|-heal|p1a: Skarmory|156/235 par|[from] item: Leftovers\n|upkeep\n|turn|7\n|inactive|Time left: 300 sec this turn | 300 sec total\n|\n|t:|1783547427\n|move|p2a: Ursaring|Rest|p2a: Ursaring\n|-status|p2a: Ursaring|slp|[from] move: Rest\n|-heal|p2a: Ursaring|100/100 slp|[silent]\n|move|p1a: Skarmory|Body Press|p2a: Ursaring\n|-supereffective|p2a: Ursaring\n|-damage|p2a: Ursaring|60/100 slp\n|\n|-heal|p1a: Skarmory|170/235 par|[from] item: Leftovers\n|upkeep\n|turn|8\n|inactive|Time left: 300 sec this turn | 300 sec total\n|\n|t:|1783547428\n|switch|p2a: Oricorio|Oricorio-Pom-Pom, L82, F|100/100\n|move|p1a: Skarmory|Brave Bird|p2a: Oricorio\n|-resisted|p2a: Oricorio\n|-damage|p2a: Oricorio|78/100\n|-damage|p1a: Skarmory|151/235 par|[from] Recoil\n|\n|-heal|p1a: Skarmory|165/235 par|[from] item: Leftovers\n|upkeep\n|turn|9\n|inactive|Time left: 300 sec this turn | 300 sec total\n|\n|t:|1783547429\n|switch|p1a: Cetitan|Cetitan, L82, M|412/412\n|move|p2a: Oricorio|Quiver Dance|p2a: Oricorio\n|-boost|p2a: Oricorio|spa|1\n|-boost|p2a: Oricorio|spd|1\n|-boost|p2a: Oricorio|spe|1\n|\n|upkeep\n|turn|10\n|inactive|Time left: 300 sec this turn | 300 sec total\n|\n|t:|1783547430\n|move|p2a: Oricorio|Roost|p2a: Oricorio\n|-heal|p2a: Oricorio|100/100\n|-singleturn|p2a: Oricorio|move: Roost\n|move|p1a: Cetitan|Ice Spinner|p2a: Oricorio\n|-damage|p2a: Oricorio|57/100\n|\n|upkeep\n|turn|11\n|inactive|Time left: 300 sec this turn | 300 sec total\n|\n|t:|1783547431\n|move|p2a: Oricorio|Roost|p2a: Oricorio\n|-heal|p2a: Oricorio|100/100\n|-singleturn|p2a: Oricorio|move: Roost\n|move|p1a: Cetitan|Ice Spinner|p2a: Oricorio\n|-damage|p2a: Oricorio|57/100\n|\n|upkeep\n|turn|12\n|inactive|Time left: 300 sec this turn | 300 sec total\n|\n|t:|1783547432\n|move|p2a: Oricorio|Roost|p2a: Oricorio\n|-heal|p2a: Oricorio|100/100\n|-singleturn|p2a: Oricorio|move: Roost\n|move|p1a: Cetitan|Ice Spinner|p2a: Oricorio\n|-damage|p2a: Oricorio|61/100\n|\n|upkeep\n|turn|13\n|inactive|Time left: 300 sec this turn | 300 sec total\n|\n|t:|1783547434\n|move|p2a: Oricorio|Roost|p2a: Oricorio\n|-heal|p2a: Oricorio|100/100\n|-singleturn|p2a: Oricorio|move: Roost\n|move|p1a: Cetitan|Ice Spinner|p2a: Oricorio\n|-damage|p2a: Oricorio|58/100\n|\n|upkeep\n|turn|14\n|inactive|Time left: 300 sec this turn | 300 sec total\n|\n|t:|1783547435\n|move|p2a: Oricorio|Roost|p2a: Oricorio\n|-heal|p2a: Oricorio|100/100\n|-singleturn|p2a: Oricorio|move: Roost\n|move|p1a: Cetitan|Ice Spinner|p2a: Oricorio\n|-damage|p2a: Oricorio|58/100\n|\n|upkeep\n|turn|15\n|inactive|Time left: 300 sec this turn | 300 sec total\n|\n|t:|1783547436\n|move|p2a: Oricorio|Roost|p2a: Oricorio\n|-heal|p2a: Oricorio|100/100\n|-singleturn|p2a: Oricorio|move: Roost\n|move|p1a: Cetitan|Ice Spinner|p2a: Oricorio\n|-damage|p2a: Oricorio|58/100\n|\n|upkeep\n|turn|16\n|inactive|Time left: 300 sec this turn | 300 sec total\n|\n|t:|1783547437\n|move|p2a: Oricorio|Roost|p2a: Oricorio\n|-heal|p2a: Oricorio|100/100\n|-singleturn|p2a: Oricorio|move: Roost\n|move|p1a: Cetitan|Ice Spinner|p2a: Oricorio\n|-damage|p2a: Oricorio|61/100\n|\n|upkeep\n|turn|17\n|inactive|Time left: 300 sec this turn | 300 sec total\n|\n|t:|1783547438\n|move|p2a: Oricorio|Roost|p2a: Oricorio\n|-heal|p2a: Oricorio|100/100\n|-singleturn|p2a: Oricorio|move: Roost\n|move|p1a: Cetitan|Ice Spinner|p2a: Oricorio\n|-damage|p2a: Oricorio|58/100\n|\n|upkeep\n|turn|18\n|inactive|Time left: 300 sec this turn | 300 sec total\n|\n|t:|1783547439\n|move|p2a: Oricorio|Revelation Dance|p1a: Cetitan\n|-crit|p1a: Cetitan\n|-damage|p1a: Cetitan|132/412\n|-enditem|p1a: Cetitan|Sitrus Berry|[eat]\n|-heal|p1a: Cetitan|235/412|[from] item: Sitrus Berry\n|move|p1a: Cetitan|Ice Spinner|p2a: Oricorio\n|-supereffective|p2a: Oricorio\n|-damage|p2a: Oricorio|0 fnt\n|faint|p2a: Oricorio\n|\n|upkeep\n|\n|t:|1783547440\n|switch|p2a: Typhlosion|Typhlosion, L84, M|100/100\n|-damage|p2a: Typhlosion|76/100|[from] Stealth Rock\n|turn|19\n|inactive|Time left: 300 sec this turn | 300 sec total\n|\n|t:|1783547441\n|switch|p1a: Quagsire|Quagsire, L84, F|297/297\n|move|p2a: Typhlosion|Eruption|p1a: Quagsire\n|-resisted|p1a: Quagsire\n|-damage|p1a: Quagsire|183/297\n|\n|-heal|p1a: Quagsire|201/297|[from] item: Leftovers\n|upkeep\n|turn|20\n|inactive|Time left: 300 sec this turn | 300 sec total\n|\n|t:|1783547443\n|move|p2a: Typhlosion|Eruption|p1a: Quagsire\n|-resisted|p1a: Quagsire\n|-damage|p1a: Quagsire|83/297\n|move|p1a: Quagsire|Earthquake|p2a: Typhlosion\n|-supereffective|p2a: Typhlosion\n|-damage|p2a: Typhlosion|0 fnt\n|faint|p2a: Typhlosion\n|\n|-heal|p1a: Quagsire|101/297|[from] item: Leftovers\n|upkeep\n|\n|t:|1783547444\n|switch|p2a: Golduck|Golduck, L90, F|100/100\n|-damage|p2a: Golduck|88/100|[from] Stealth Rock\n|-ability|p2a: Golduck|Cloud Nine\n|turn|21\n|inactive|Time left: 300 sec this turn | 300 sec total\n|\n|t:|1783547445\n|switch|p1a: Brute Bonnet|Brute Bonnet, L80|309/309\n|move|p2a: Golduck|Hydro Pump|p1a: Brute Bonnet|[miss]\n|-miss|p2a: Golduck|p1a: Brute Bonnet\n|\n|upkeep\n|turn|22\n|inactive|Time left: 300 sec this turn | 300 sec total\n|\n|t:|1783547446\n|move|p2a: Golduck|Nasty Plot|p2a: Golduck\n|-boost|p2a: Golduck|spa|2\n|move|p1a: Brute Bonnet|Crunch|p2a: Golduck\n|-damage|p2a: Golduck|54/100\n|\n|upkeep\n|turn|23\n|inactive|Time left: 300 sec this turn | 300 sec total\n|\n|t:|1783547447\n|move|p2a: Golduck|Ice Beam|p1a: Brute Bonnet\n|-supereffective|p1a: Brute Bonnet\n|-damage|p1a: Brute Bonnet|0 fnt\n|faint|p1a: Brute Bonnet\n|-end|p1a: Brute Bonnet|Protosynthesis|[silent]\n|-damage|p2a: Golduck|44/100|[from] item: Life Orb\n|\n|upkeep\n|inactive|Time left: 300 sec this turn | 300 sec total | 5 sec grace\n|\n|t:|1783547448\n|switch|p1a: Donphan|Donphan, L84, M|288/288\n|turn|24\n|inactive|Time left: 300 sec this turn | 300 sec total\n|\n|t:|1783547449\n|move|p2a: Golduck|Ice Beam|p1a: Donphan\n|-supereffective|p1a: Donphan\n|-ability|p1a: Donphan|Sturdy\n|-damage|p1a: Donphan|1/288\n|-damage|p2a: Golduck|34/100|[from] item: Life Orb\n|move|p1a: Donphan|Earthquake|p2a: Golduck\n|-damage|p2a: Golduck|0 fnt\n|faint|p2a: Golduck\n|\n|upkeep\n|\n|t:|1783547450\n|switch|p2a: Goodra|Goodra-Hisui, L82, M|100/100\n|-damage|p2a: Goodra|94/100|[from] Stealth Rock\n|turn|25\n|inactive|Time left: 300 sec this turn | 300 sec total\n|\n|t:|1783547451\n|switch|p1a: Skarmory|Skarmory, L80, M|165/235 par\n|move|p2a: Goodra|Fire Blast|p1a: Skarmory|[miss]\n|-miss|p2a: Goodra|p1a: Skarmory\n|\n|-heal|p1a: Skarmory|179/235 par|[from] item: Leftovers\n|upkeep\n|turn|26\n|inactive|Time left: 300 sec this turn | 300 sec total\n|\n|t:|1783547452\n|switch|p1a: Cetitan|Cetitan, L82, M|235/412\n|move|p2a: Goodra|Fire Blast|p1a: Cetitan|[miss]\n|-miss|p2a: Goodra|p1a: Cetitan\n|\n|upkeep\n|turn|27\n|inactive|Time left: 300 sec this turn | 300 sec total\n|\n|t:|1783547453\n|move|p1a: Cetitan|Earthquake|p2a: Goodra\n|-supereffective|p2a: Goodra\n|-damage|p2a: Goodra|40/100\n|move|p2a: Goodra|Fire Blast|p1a: Cetitan\n|-supereffective|p1a: Cetitan\n|-damage|p1a: Cetitan|109/412\n|-status|p1a: Cetitan|brn\n|\n|-damage|p1a: Cetitan|84/412 brn|[from] brn\n|upkeep\n|turn|28\n|inactive|Time left: 300 sec this turn | 300 sec total\n|\n|t:|1783547454\n|move|p1a: Cetitan|Earthquake|p2a: Goodra\n|-supereffective|p2a: Goodra\n|-damage|p2a: Goodra|12/100\n|move|p2a: Goodra|Earthquake|p1a: Cetitan\n|-crit|p1a: Cetitan\n|-damage|p1a: Cetitan|0 fnt\n|faint|p1a: Cetitan\n|\n|upkeep\n|inactive|Time left: 300 sec this turn | 300 sec total | 5 sec grace\n|\n|t:|1783547455\n|switch|p1a: Quagsire|Quagsire, L84, F|101/297\n|turn|29\n|inactive|Time left: 300 sec this turn | 300 sec total\n|\n|t:|1783547456\n|move|p2a: Goodra|Draco Meteor|p1a: Quagsire\n|-damage|p1a: Quagsire|0 fnt\n|-unboost|p2a: Goodra|spa|2\n|faint|p1a: Quagsire\n|\n|upkeep\n|inactive|Time left: 300 sec this turn | 300 sec total | 5 sec grace\n|\n|t:|1783547457\n|switch|p1a: Skarmory|Skarmory, L80, M|179/235 par\n|turn|30\n|inactive|Time left: 300 sec this turn | 300 sec total\n|\n|t:|1783547458\n|move|p2a: Goodra|Fire Blast|p1a: Skarmory|[miss]\n|-miss|p2a: Goodra|p1a: Skarmory\n|cant|p1a: Skarmory|par\n|\n|-heal|p1a: Skarmory|193/235 par|[from] item: Leftovers\n|upkeep\n|turn|31\n|inactive|Time left: 300 sec this turn | 300 sec total\n|\n|t:|1783547459\n|move|p2a: Goodra|Fire Blast|p1a: Skarmory|[miss]\n|-miss|p2a: Goodra|p1a: Skarmory\n|cant|p1a: Skarmory|par\n|\n|-heal|p1a: Skarmory|207/235 par|[from] item: Leftovers\n|upkeep\n|turn|32\n|inactive|Time left: 300 sec this turn | 300 sec total\n|\n|t:|1783547460\n|move|p2a: Goodra|Fire Blast|p1a: Skarmory\n|-supereffective|p1a: Skarmory\n|-damage|p1a: Skarmory|113/235 par\n|move|p1a: Skarmory|Brave Bird|p2a: Goodra\n|-resisted|p2a: Goodra\n|-damage|p2a: Goodra|0 fnt\n|faint|p2a: Goodra\n|-damage|p1a: Skarmory|103/235 par|[from] Recoil\n|\n|-heal|p1a: Skarmory|117/235 par|[from] item: Leftovers\n|upkeep\n|\n|t:|1783547462\n|switch|p2a: Virizion|Virizion, L82|100/100\n|-damage|p2a: Virizion|94/100|[from] Stealth Rock\n|turn|33\n|inactive|Time left: 300 sec this turn | 300 sec total\n|\n|t:|1783547463\n|-terastallize|p2a: Virizion|Rock\n|move|p2a: Virizion|Swords Dance|p2a: Virizion\n|-boost|p2a: Virizion|atk|2\n|move|p1a: Skarmory|Roost|p1a: Skarmory\n|-heal|p1a: Skarmory|235/235 par\n|-singleturn|p1a: Skarmory|move: Roost\n|\n|upkeep\n|turn|34\n|inactive|Time left: 300 sec this turn | 300 sec total\n|\n|t:|1783547463\n|-terastallize|p1a: Skarmory|Fighting\n|move|p2a: Virizion|Stone Edge|p1a: Skarmory|[miss]\n|-miss|p2a: Virizion|p1a: Skarmory\n|move|p1a: Skarmory|Body Press|p2a: Virizion\n|-supereffective|p2a: Virizion\n|-crit|p2a: Virizion\n|-damage|p2a: Virizion|0 fnt\n|faint|p2a: Virizion\n|\n|upkeep\n|\n|t:|1783547464\n|switch|p2a: Ursaring|Ursaring, L84, F|60/100 slp\n|-damage|p2a: Ursaring|48/100 slp|[from] Stealth Rock\n|turn|35\n|inactive|Time left: 300 sec this turn | 300 sec total\n|\n|t:|1783547465\n|cant|p2a: Ursaring|slp\n|move|p2a: Ursaring|Sleep Talk|p2a: Ursaring\n|move|p2a: Ursaring|Body Slam|p1a: Skarmory|[from] move: Sleep Talk\n|-damage|p1a: Skarmory|102/235 par\n|move|p1a: Skarmory|Body Press|p2a: Ursaring\n|-supereffective|p2a: Ursaring\n|-damage|p2a: Ursaring|0 fnt\n|faint|p2a: Ursaring\n|\n|win|p0x716d671", "uploadtime": 1783547465, "views": 0, "rating": 0, "private": 0, "password": null, "_winner": "p0x716d671", "_our_name": "p0x716d671"}