{"id": "battle-gen9randombattle-2770", "formatid": "gen9randombattle", "format": "[Gen 9] Random Battle", "players": ["p0x27704e24", "p0y27708243"], "log": "|init|battle\n|title|p0x27704e24 vs. p0y27708243\n|j|\u2606p0x27704e24\n|j|\u2606p0y27708243\n|t:|1783571907\n|gametype|singles\n|player|p1|p0x27704e24|265|\n|player|p2|p0y27708243|265|\n|gen|9\n|tier|[Gen 9] Random Battle\n|rule|Species Clause: Limit one of each Pok\u00e9mon\n|rule|HP Percentage Mod: HP is shown in percentages\n|rule|Sleep Clause Mod: Limit one foe put to sleep\n|rule|Illusion Level Mod: Illusion disguises the Pok\u00e9mon's true level\n|\n|t:|1783571907\n|teamsize|p1|6\n|teamsize|p2|6\n|start\n|switch|p1a: Vigoroth|Vigoroth, L85, M|275/275\n|switch|p2a: Skarmory|Skarmory, L80, M|100/100\n|turn|1\n|inactive|Battle timer is ON: inactive players will automatically lose when time's up. (requested by p0y27708243)\n|inactive|Time left: 300 sec this turn | 300 sec total | 60 sec grace\n|inactive|p0x27704e24 also wants the timer to be on.\n|\n|t:|1783571909\n|move|p1a: Vigoroth|Bulk Up|p1a: Vigoroth\n|-boost|p1a: Vigoroth|atk|1\n|-boost|p1a: Vigoroth|def|1\n|move|p2a: Skarmory|Spikes|p1a: Vigoroth\n|-sidestart|p1: p0x27704e24|Spikes\n|\n|upkeep\n|turn|2\n|inactive|Time left: 300 sec this turn | 300 sec total\n|\n|t:|1783571910\n|move|p1a: Vigoroth|Bulk Up|p1a: Vigoroth\n|-boost|p1a: Vigoroth|atk|1\n|-boost|p1a: Vigoroth|def|1\n|move|p2a: Skarmory|Spikes|p1a: Vigoroth\n|-sidestart|p1: p0x27704e24|Spikes\n|\n|upkeep\n|turn|3\n|inactive|Time left: 300 sec this turn | 300 sec total\n|\n|t:|1783571911\n|move|p1a: Vigoroth|Bulk Up|p1a: Vigoroth\n|-boost|p1a: Vigoroth|atk|1\n|-boost|p1a: Vigoroth|def|1\n|move|p2a: Skarmory|Whirlwind|p1a: Vigoroth\n|drag|p1a: Blaziken|Blaziken, L76, M|247/247\n|-damage|p1a: Blaziken|206/247|[from] Spikes\n|\n|upkeep\n|turn|4\n|inactive|Time left: 300 sec this turn | 300 sec total\n|\n|t:|1783571913\n|move|p1a: Blaziken|Flare Blitz|p2a: Skarmory\n|-supereffective|p2a: Skarmory\n|-damage|p2a: Skarmory|8/100\n|-damage|p1a: Blaziken|165/247|[from] item: Rocky Helmet|[of] p2a: Skarmory\n|-damage|p1a: Blaziken|93/247|[from] Recoil\n|-damage|p1a: Blaziken|69/247|[from] item: Life Orb\n|move|p2a: Skarmory|Brave Bird|p1a: Blaziken\n|-supereffective|p1a: Blaziken\n|-damage|p1a: Blaziken|0 fnt\n|faint|p1a: Blaziken\n|-damage|p2a: Skarmory|0 fnt|[from] Recoil\n|faint|p2a: Skarmory\n|\n|upkeep\n|inactive|Time left: 300 sec this turn | 300 sec total | 5 sec grace\n|\n|t:|1783571914\n|switch|p1a: Garchomp|Garchomp, L74, M|282/282\n|switch|p2a: Avalugg|Avalugg, L88, F|100/100\n|-damage|p1a: Garchomp|235/282|[from] Spikes\n|turn|5\n|inactive|Time left: 300 sec this turn | 300 sec total\n|\n|t:|1783571915\n|move|p1a: Garchomp|Stealth Rock|p2a: Avalugg\n|-sidestart|p2: p0y27708243|move: Stealth Rock\n|move|p2a: Avalugg|Avalanche|p1a: Garchomp\n|-supereffective|p1a: Garchomp\n|-damage|p1a: Garchomp|0 fnt\n|-damage|p2a: Avalugg|88/100|[from] ability: Rough Skin|[of] p1a: Garchomp\n|-damage|p2a: Avalugg|72/100|[from] item: Rocky Helmet|[of] p1a: Garchomp\n|faint|p1a: Garchomp\n|\n|upkeep\n|inactive|Time left: 300 sec this turn | 300 sec total | 5 sec grace\n|\n|t:|1783571916\n|switch|p1a: Regieleki|Regieleki, L79|256/256\n|-damage|p1a: Regieleki|214/256|[from] Spikes\n|turn|6\n|inactive|Time left: 300 sec this turn | 300 sec total\n|\n|t:|1783571917\n|-terastallize|p1a: Regieleki|Electric\n|move|p1a: Regieleki|Thunderbolt|p2a: Avalugg\n|-damage|p2a: Avalugg|0 fnt\n|faint|p2a: Avalugg\n|\n|upkeep\n|\n|t:|1783571918\n|switch|p2a: Kommo-o|Kommo-o, L77, M|100/100\n|-damage|p2a: Kommo-o|94/100|[from] Stealth Rock\n|turn|7\n|inactive|Time left: 300 sec this turn | 300 sec total\n|\n|t:|1783571919\n|move|p1a: Regieleki|Rapid Spin|p2a: Kommo-o\n|-damage|p2a: Kommo-o|82/100\n|-boost|p1a: Regieleki|spe|1\n|-sideend|p1: p0x27704e24|Spikes|[from] move: Rapid Spin|[of] p1a: Regieleki\n|move|p2a: Kommo-o|Clangorous Soul|p2a: Kommo-o\n|-boost|p2a: Kommo-o|atk|1\n|-boost|p2a: Kommo-o|def|1\n|-boost|p2a: Kommo-o|spa|1\n|-boost|p2a: Kommo-o|spd|1\n|-boost|p2a: Kommo-o|spe|1\n|-damage|p2a: Kommo-o|49/100\n|-enditem|p2a: Kommo-o|Throat Spray\n|-boost|p2a: Kommo-o|spa|1|[from] item: Throat Spray\n|\n|upkeep\n|turn|8\n|inactive|Time left: 300 sec this turn | 300 sec total\n|\n|t:|1783571920\n|move|p1a: Regieleki|Explosion|p2a: Kommo-o\n|-damage|p2a: Kommo-o|12/100\n|faint|p1a: Regieleki\n|move|p2a: Kommo-o|Drain Punch|p1: Regieleki|[notarget]\n|-fail|p2a: Kommo-o\n|\n|upkeep\n|inactive|Time left: 300 sec this turn | 300 sec total | 5 sec grace\n|\n|t:|1783571921\n|switch|p1a: Meganium|Meganium, L90, F|290/290\n|turn|9\n|inactive|Time left: 300 sec this turn | 300 sec total\n|\n|t:|1783571921\n|move|p2a: Kommo-o|Drain Punch|p1a: Meganium\n|-damage|p1a: Meganium|200/290\n|-heal|p2a: Kommo-o|30/100|[from] drain|[of] p1a: Meganium\n|move|p1a: Meganium|Earthquake|p2a: Kommo-o\n|-damage|p2a: Kommo-o|14/100\n|\n|-heal|p1a: Meganium|218/290|[from] item: Leftovers\n|upkeep\n|turn|10\n|inactive|Time left: 300 sec this turn | 300 sec total\n|\n|t:|1783571922\n|move|p2a: Kommo-o|Drain Punch|p1a: Meganium\n|-damage|p1a: Meganium|122/290\n|-heal|p2a: Kommo-o|34/100|[from] drain|[of] p1a: Meganium\n|move|p1a: Meganium|Earthquake|p2a: Kommo-o\n|-damage|p2a: Kommo-o|18/100\n|\n|-heal|p1a: Meganium|140/290|[from] item: Leftovers\n|upkeep\n|turn|11\n|inactive|Time left: 300 sec this turn | 300 sec total\n|\n|t:|1783571924\n|move|p2a: Kommo-o|Drain Punch|p1a: Meganium\n|-damage|p1a: Meganium|50/290\n|-heal|p2a: Kommo-o|37/100|[from] drain|[of] p1a: Meganium\n|move|p1a: Meganium|Petal Blizzard|p2a: Kommo-o\n|-resisted|p2a: Kommo-o\n|-damage|p2a: Kommo-o|22/100\n|\n|-heal|p1a: Meganium|68/290|[from] item: Leftovers\n|upkeep\n|turn|12\n|inactive|Time left: 300 sec this turn | 300 sec total\n|\n|t:|1783571924\n|move|p2a: Kommo-o|Drain Punch|p1a: Meganium\n|-damage|p1a: Meganium|0 fnt\n|-heal|p2a: Kommo-o|36/100|[from] drain|[of] p1a: Meganium\n|faint|p1a: Meganium\n|\n|upkeep\n|inactive|Time left: 300 sec this turn | 300 sec total | 5 sec grace\n|\n|t:|1783571925\n|switch|p1a: Arboliva|Arboliva, L91, M|288/288\n|turn|13\n|inactive|Time left: 300 sec this turn | 300 sec total\n|\n|t:|1783571926\n|move|p1a: Arboliva|Protect|p1a: Arboliva\n|-singleturn|p1a: Arboliva|Protect\n|move|p2a: Kommo-o|Drain Punch|p1a: Arboliva\n|-activate|p1a: Arboliva|move: Protect\n|\n|upkeep\n|turn|14\n|inactive|Time left: 300 sec this turn | 300 sec total\n|\n|t:|1783571927\n|move|p2a: Kommo-o|Drain Punch|p1a: Arboliva\n|-supereffective|p1a: Arboliva\n|-damage|p1a: Arboliva|82/288\n|-heal|p2a: Kommo-o|78/100|[from] drain|[of] p1a: Arboliva\n|-enditem|p1a: Arboliva|Sitrus Berry|[eat]\n|-heal|p1a: Arboliva|154/288|[from] item: Sitrus Berry\n|move|p1a: Arboliva|Leech Seed|p2a: Kommo-o\n|-start|p2a: Kommo-o|move: Leech Seed\n|\n|-damage|p2a: Kommo-o|66/100|[from] Leech Seed|[of] p1a: Arboliva\n|-heal|p1a: Arboliva|184/288|[silent]\n|-item|p1a: Arboliva|Sitrus Berry|[from] ability: Harvest\n|upkeep\n|turn|15\n|inactive|Time left: 300 sec this turn | 300 sec total\n|\n|t:|1783571928\n|move|p1a: Arboliva|Protect|p1a: Arboliva\n|-singleturn|p1a: Arboliva|Protect\n|move|p2a: Kommo-o|Drain Punch|p1a: Arboliva\n|-activate|p1a: Arboliva|move: Protect\n|\n|-damage|p2a: Kommo-o|53/100|[from] Leech Seed|[of] p1a: Arboliva\n|-heal|p1a: Arboliva|214/288|[silent]\n|upkeep\n|turn|16\n|inactive|Time left: 300 sec this turn | 300 sec total\n|\n|t:|1783571929\n|move|p1a: Arboliva|Protect|p1a: Arboliva\n|-singleturn|p1a: Arboliva|Protect\n|move|p2a: Kommo-o|Drain Punch|p1a: Arboliva\n|-activate|p1a: Arboliva|move: Protect\n|\n|-damage|p2a: Kommo-o|41/100|[from] Leech Seed|[of] p1a: Arboliva\n|-heal|p1a: Arboliva|244/288|[silent]\n|upkeep\n|turn|17\n|inactive|Time left: 300 sec this turn | 300 sec total\n|\n|t:|1783571929\n|move|p1a: Arboliva|Protect||[still]\n|-fail|p1a: Arboliva\n|move|p2a: Kommo-o|Drain Punch|p1a: Arboliva\n|-supereffective|p1a: Arboliva\n|-damage|p1a: Arboliva|56/288\n|-heal|p2a: Kommo-o|80/100|[from] drain|[of] p1a: Arboliva\n|-enditem|p1a: Arboliva|Sitrus Berry|[eat]\n|-heal|p1a: Arboliva|128/288|[from] item: Sitrus Berry\n|\n|-damage|p2a: Kommo-o|67/100|[from] Leech Seed|[of] p1a: Arboliva\n|-heal|p1a: Arboliva|158/288|[silent]\n|-item|p1a: Arboliva|Sitrus Berry|[from] ability: Harvest\n|upkeep\n|turn|18\n|inactive|Time left: 300 sec this turn | 300 sec total\n|\n|t:|1783571930\n|move|p1a: Arboliva|Protect|p1a: Arboliva\n|-singleturn|p1a: Arboliva|Protect\n|move|p2a: Kommo-o|Drain Punch|p1a: Arboliva\n|-activate|p1a: Arboliva|move: Protect\n|\n|-damage|p2a: Kommo-o|55/100|[from] Leech Seed|[of] p1a: Arboliva\n|-heal|p1a: Arboliva|188/288|[silent]\n|upkeep\n|turn|19\n|inactive|Time left: 300 sec this turn | 300 sec total\n|\n|t:|1783571931\n|move|p1a: Arboliva|Protect||[still]\n|-fail|p1a: Arboliva\n|move|p2a: Kommo-o|Drain Punch|p1a: Arboliva\n|-supereffective|p1a: Arboliva\n|-damage|p1a: Arboliva|0 fnt\n|-heal|p2a: Kommo-o|94/100|[from] drain|[of] p1a: Arboliva\n|faint|p1a: Arboliva\n|\n|upkeep\n|inactive|Time left: 300 sec this turn | 300 sec total | 5 sec grace\n|\n|t:|1783571932\n|switch|p1a: Vigoroth|Vigoroth, L85, M|275/275\n|turn|20\n|inactive|Time left: 300 sec this turn | 300 sec total\n|\n|t:|1783571933\n|move|p2a: Kommo-o|Clangorous Soul|p2a: Kommo-o\n|-boost|p2a: Kommo-o|atk|1\n|-boost|p2a: Kommo-o|def|1\n|-boost|p2a: Kommo-o|spa|1\n|-boost|p2a: Kommo-o|spd|1\n|-boost|p2a: Kommo-o|spe|1\n|-damage|p2a: Kommo-o|61/100\n|move|p1a: Vigoroth|Body Slam|p2a: Kommo-o\n|-damage|p2a: Kommo-o|48/100\n|-status|p2a: Kommo-o|par\n|\n|-damage|p2a: Kommo-o|36/100 par|[from] Leech Seed|[of] p1a: Vigoroth\n|upkeep\n|turn|21\n|inactive|Time left: 300 sec this turn | 300 sec total\n|\n|t:|1783571934\n|move|p1a: Vigoroth|Bulk Up|p1a: Vigoroth\n|-boost|p1a: Vigoroth|atk|1\n|-boost|p1a: Vigoroth|def|1\n|cant|p2a: Kommo-o|par\n|\n|-damage|p2a: Kommo-o|24/100 par|[from] Leech Seed|[of] p1a: Vigoroth\n|upkeep\n|turn|22\n|inactive|Time left: 300 sec this turn | 300 sec total\n|\n|t:|1783571934\n|-terastallize|p2a: Kommo-o|Steel\n|move|p1a: Vigoroth|Bulk Up|p1a: Vigoroth\n|-boost|p1a: Vigoroth|atk|1\n|-boost|p1a: Vigoroth|def|1\n|move|p2a: Kommo-o|Drain Punch|p1a: Vigoroth\n|-supereffective|p1a: Vigoroth\n|-damage|p1a: Vigoroth|171/275\n|-heal|p2a: Kommo-o|45/100 par|[from] drain|[of] p1a: Vigoroth\n|\n|-damage|p2a: Kommo-o|33/100 par|[from] Leech Seed|[of] p1a: Vigoroth\n|-heal|p1a: Vigoroth|201/275|[silent]\n|upkeep\n|turn|23\n|inactive|Time left: 300 sec this turn | 300 sec total\n|\n|t:|1783571935\n|move|p1a: Vigoroth|Earthquake|p2a: Kommo-o\n|-supereffective|p2a: Kommo-o\n|-damage|p2a: Kommo-o|0 fnt\n|faint|p2a: Kommo-o\n|\n|upkeep\n|\n|t:|1783571936\n|switch|p2a: Cinderace|Cinderace, L77, M|100/100\n|turn|24\n|inactive|Time left: 300 sec this turn | 300 sec total\n|\n|t:|1783571937\n|move|p2a: Cinderace|Will-O-Wisp|p1a: Vigoroth\n|-status|p1a: Vigoroth|brn\n|move|p1a: Vigoroth|Earthquake|p2a: Cinderace\n|-supereffective|p2a: Cinderace\n|-damage|p2a: Cinderace|40/100\n|\n|-damage|p1a: Vigoroth|184/275 brn|[from] brn\n|upkeep\n|turn|25\n|inactive|Time left: 300 sec this turn | 300 sec total\n|\n|t:|1783571938\n|switch|p2a: Malamar|Malamar, L82, F|100/100\n|-damage|p2a: Malamar|88/100|[from] Stealth Rock\n|move|p1a: Vigoroth|Slack Off|p1a: Vigoroth\n|-heal|p1a: Vigoroth|275/275 brn\n|\n|-heal|p2a: Malamar|94/100|[from] item: Leftovers\n|-damage|p1a: Vigoroth|258/275 brn|[from] brn\n|upkeep\n|turn|26\n|inactive|Time left: 300 sec this turn | 300 sec total\n|\n|t:|1783571939\n|move|p1a: Vigoroth|Bulk Up|p1a: Vigoroth\n|-boost|p1a: Vigoroth|atk|1\n|-boost|p1a: Vigoroth|def|1\n|move|p2a: Malamar|Superpower|p1a: Vigoroth\n|-supereffective|p1a: Vigoroth\n|-damage|p1a: Vigoroth|212/275 brn\n|-boost|p2a: Malamar|atk|1\n|-boost|p2a: Malamar|def|1\n|\n|-heal|p2a: Malamar|100/100|[from] item: Leftovers\n|-damage|p1a: Vigoroth|195/275 brn|[from] brn\n|upkeep\n|turn|27\n|inactive|Time left: 300 sec this turn | 300 sec total\n|\n|t:|1783571940\n|move|p1a: Vigoroth|Body Slam|p2a: Malamar\n|-damage|p2a: Malamar|76/100\n|move|p2a: Malamar|Superpower|p1a: Vigoroth\n|-supereffective|p1a: Vigoroth\n|-crit|p1a: Vigoroth\n|-damage|p1a: Vigoroth|0 fnt\n|-boost|p2a: Malamar|atk|1\n|-boost|p2a: Malamar|def|1\n|faint|p1a: Vigoroth\n|\n|win|p0y27708243", "uploadtime": 1783571940, "views": 0, "rating": 0, "private": 0, "password": null, "_winner": "p0y27708243", "_our_name": "p0x27704e24"}