{"id": "battle-gen9randombattle-1089", "formatid": "gen9randombattle", "format": "[Gen 9] Random Battle", "players": ["p0x1089822a", "p0y1089f84a"], "log": "|init|battle\n|title|p0x1089822a vs. p0y1089f84a\n|j|\u2606p0x1089822a\n|j|\u2606p0y1089f84a\n|t:|1783551812\n|gametype|singles\n|player|p1|p0x1089822a|170|\n|player|p2|p0y1089f84a|265|\n|gen|9\n|tier|[Gen 9] Random Battle\n|rule|Species Clause: Limit one of each Pok\u00e9mon\n|rule|HP Percentage Mod: HP is shown in percentages\n|rule|Sleep Clause Mod: Limit one foe put to sleep\n|rule|Illusion Level Mod: Illusion disguises the Pok\u00e9mon's true level\n|\n|t:|1783551812\n|teamsize|p1|6\n|teamsize|p2|6\n|start\n|switch|p1a: Hatterene|Hatterene, L85, F|236/236\n|switch|p2a: Ninetales|Ninetales, L85, F|100/100\n|-weather|SunnyDay|[from] ability: Drought|[of] p2a: Ninetales\n|turn|1\n|inactive|Battle timer is ON: inactive players will automatically lose when time's up. (requested by p0y1089f84a)\n|inactive|Time left: 300 sec this turn | 300 sec total | 60 sec grace\n|inactive|p0x1089822a also wants the timer to be on.\n|\n|t:|1783551814\n|move|p2a: Ninetales|Fire Blast|p1a: Hatterene\n|-damage|p1a: Hatterene|148/236\n|move|p1a: Hatterene|Mystical Fire|p2a: Ninetales\n|-resisted|p2a: Ninetales\n|-damage|p2a: Ninetales|83/100\n|-unboost|p2a: Ninetales|spa|1\n|\n|-weather|SunnyDay|[upkeep]\n|upkeep\n|turn|2\n|inactive|Time left: 300 sec this turn | 300 sec total\n|\n|t:|1783551815\n|move|p2a: Ninetales|Nasty Plot|p2a: Ninetales\n|-boost|p2a: Ninetales|spa|2\n|move|p1a: Hatterene|Mystical Fire|p2a: Ninetales\n|-resisted|p2a: Ninetales\n|-damage|p2a: Ninetales|64/100\n|-unboost|p2a: Ninetales|spa|1\n|\n|-weather|SunnyDay|[upkeep]\n|upkeep\n|turn|3\n|inactive|Time left: 300 sec this turn | 300 sec total\n|\n|t:|1783551816\n|move|p2a: Ninetales|Fire Blast|p1a: Hatterene\n|-damage|p1a: Hatterene|61/236\n|move|p1a: Hatterene|Psychic|p2a: Ninetales\n|-damage|p2a: Ninetales|23/100\n|\n|-weather|SunnyDay|[upkeep]\n|upkeep\n|turn|4\n|inactive|Time left: 300 sec this turn | 300 sec total\n|\n|t:|1783551817\n|move|p2a: Ninetales|Fire Blast|p1a: Hatterene\n|-damage|p1a: Hatterene|0 fnt\n|faint|p1a: Hatterene\n|\n|-weather|SunnyDay|[upkeep]\n|upkeep\n|inactive|Time left: 300 sec this turn | 300 sec total | 5 sec grace\n|\n|t:|1783551818\n|switch|p1a: Ursaluna|Ursaluna, L79, M|335/335\n|turn|5\n|inactive|Time left: 300 sec this turn | 300 sec total\n|\n|t:|1783551819\n|move|p2a: Ninetales|Fire Blast|p1a: Ursaluna\n|-damage|p1a: Ursaluna|149/335\n|move|p1a: Ursaluna|Facade|p2a: Ninetales\n|-crit|p2a: Ninetales\n|-damage|p2a: Ninetales|0 fnt\n|faint|p2a: Ninetales\n|\n|-weather|none\n|-status|p1a: Ursaluna|brn|[from] item: Flame Orb\n|upkeep\n|\n|t:|1783551820\n|switch|p2a: Passimian|Passimian, L83, M|100/100\n|turn|6\n|inactive|Time left: 300 sec this turn | 300 sec total\n|\n|t:|1783551821\n|switch|p1a: Regigigas|Regigigas, L84|322/322\n|-start|p1a: Regigigas|ability: Slow Start\n|move|p2a: Passimian|Drain Punch|p1a: Regigigas\n|-supereffective|p1a: Regigigas\n|-damage|p1a: Regigigas|152/322\n|\n|-heal|p1a: Regigigas|172/322|[from] item: Leftovers\n|upkeep\n|turn|7\n|inactive|Time left: 300 sec this turn | 300 sec total\n|\n|t:|1783551823\n|move|p2a: Passimian|Bulk Up|p2a: Passimian\n|-boost|p2a: Passimian|atk|1\n|-boost|p2a: Passimian|def|1\n|move|p1a: Regigigas|Body Slam|p2a: Passimian\n|-damage|p2a: Passimian|86/100\n|\n|-heal|p2a: Passimian|92/100|[from] item: Leftovers\n|-heal|p1a: Regigigas|192/322|[from] item: Leftovers\n|upkeep\n|turn|8\n|inactive|Time left: 300 sec this turn | 300 sec total\n|\n|t:|1783551824\n|-terastallize|p1a: Regigigas|Ghost\n|move|p2a: Passimian|Drain Punch|p1a: Regigigas\n|-immune|p1a: Regigigas\n|move|p1a: Regigigas|Body Slam|p2a: Passimian\n|-damage|p2a: Passimian|76/100\n|\n|-heal|p2a: Passimian|82/100|[from] item: Leftovers\n|-heal|p1a: Regigigas|212/322|[from] item: Leftovers\n|upkeep\n|turn|9\n|inactive|Time left: 300 sec this turn | 300 sec total\n|\n|t:|1783551825\n|move|p2a: Passimian|Knock Off|p1a: Regigigas\n|-supereffective|p1a: Regigigas\n|-damage|p1a: Regigigas|14/322\n|-enditem|p1a: Regigigas|Leftovers|[from] move: Knock Off|[of] p2a: Passimian\n|move|p1a: Regigigas|Rest|p1a: Regigigas\n|-status|p1a: Regigigas|slp|[from] move: Rest\n|-heal|p1a: Regigigas|322/322 slp|[silent]\n|\n|-heal|p2a: Passimian|88/100|[from] item: Leftovers\n|upkeep\n|turn|10\n|inactive|Time left: 300 sec this turn | 300 sec total\n|\n|t:|1783551826\n|move|p2a: Passimian|Bulk Up|p2a: Passimian\n|-boost|p2a: Passimian|atk|1\n|-boost|p2a: Passimian|def|1\n|cant|p1a: Regigigas|slp\n|move|p1a: Regigigas|Sleep Talk|p1a: Regigigas\n|move|p1a: Regigigas|Rest||[from] move: Sleep Talk|[still]\n|-fail|p1a: Regigigas\n|\n|-heal|p2a: Passimian|94/100|[from] item: Leftovers\n|upkeep\n|turn|11\n|inactive|Time left: 300 sec this turn | 300 sec total\n|\n|t:|1783551827\n|move|p2a: Passimian|Knock Off|p1a: Regigigas\n|-supereffective|p1a: Regigigas\n|-damage|p1a: Regigigas|154/322 slp\n|cant|p1a: Regigigas|slp\n|move|p1a: Regigigas|Sleep Talk|p1a: Regigigas\n|move|p1a: Regigigas|Rest||[from] move: Sleep Talk|[still]\n|-fail|p1a: Regigigas\n|\n|-heal|p2a: Passimian|99/100|[from] item: Leftovers\n|-end|p1a: Regigigas|Slow Start\n|upkeep\n|turn|12\n|inactive|Time left: 300 sec this turn | 300 sec total\n|\n|t:|1783551828\n|-curestatus|p1a: Regigigas|slp|[msg]\n|move|p1a: Regigigas|Rest|p1a: Regigigas\n|-status|p1a: Regigigas|slp|[from] move: Rest\n|-heal|p1a: Regigigas|322/322 slp|[silent]\n|move|p2a: Passimian|Knock Off|p1a: Regigigas\n|-supereffective|p1a: Regigigas\n|-damage|p1a: Regigigas|152/322 slp\n|\n|-heal|p2a: Passimian|100/100|[from] item: Leftovers\n|upkeep\n|turn|13\n|inactive|Time left: 300 sec this turn | 300 sec total\n|\n|t:|1783551829\n|cant|p1a: Regigigas|slp\n|move|p1a: Regigigas|Sleep Talk|p1a: Regigigas\n|move|p1a: Regigigas|Rest||[from] move: Sleep Talk|[still]\n|-fail|p1a: Regigigas\n|move|p2a: Passimian|Knock Off|p1a: Regigigas\n|-supereffective|p1a: Regigigas\n|-damage|p1a: Regigigas|0 fnt\n|faint|p1a: Regigigas\n|-end|p1a: Regigigas|Slow Start|[silent]\n|\n|upkeep\n|inactive|Time left: 300 sec this turn | 300 sec total | 5 sec grace\n|\n|t:|1783551830\n|switch|p1a: Toedscruel|Toedscruel, L87, F|281/281\n|turn|14\n|inactive|Time left: 300 sec this turn | 300 sec total\n|\n|t:|1783551831\n|move|p1a: Toedscruel|Earth Power|p2a: Passimian\n|-damage|p2a: Passimian|65/100\n|move|p2a: Passimian|Drain Punch|p1a: Toedscruel\n|-damage|p1a: Toedscruel|53/281\n|-heal|p2a: Passimian|100/100|[from] drain|[of] p1a: Toedscruel\n|\n|upkeep\n|turn|15\n|inactive|Time left: 300 sec this turn | 300 sec total\n|\n|t:|1783551832\n|move|p1a: Toedscruel|Knock Off|p2a: Passimian\n|-resisted|p2a: Passimian\n|-damage|p2a: Passimian|96/100\n|-enditem|p2a: Passimian|Leftovers|[from] move: Knock Off|[of] p1a: Toedscruel\n|move|p2a: Passimian|Drain Punch|p1a: Toedscruel\n|-damage|p1a: Toedscruel|0 fnt\n|-heal|p2a: Passimian|100/100|[from] drain|[of] p1a: Toedscruel\n|faint|p1a: Toedscruel\n|\n|upkeep\n|inactive|Time left: 300 sec this turn | 300 sec total | 5 sec grace\n|\n|t:|1783551833\n|switch|p1a: Iron Thorns|Iron Thorns, L83|302/302\n|-enditem|p1a: Iron Thorns|Booster Energy\n|-activate|p1a: Iron Thorns|ability: Quark Drive|[fromitem]\n|-start|p1a: Iron Thorns|quarkdriveatk\n|turn|16\n|inactive|Time left: 300 sec this turn | 300 sec total\n|\n|t:|1783551834\n|-end|p1a: Iron Thorns|Quark Drive|[silent]\n|switch|p1a: Pawmot|Pawmot, L80, M|243/243\n|move|p2a: Passimian|Drain Punch|p1a: Pawmot\n|-damage|p1a: Pawmot|2/243\n|\n|upkeep\n|turn|17\n|inactive|Time left: 300 sec this turn | 300 sec total\n|\n|t:|1783551835\n|move|p1a: Pawmot|Ice Punch|p2a: Passimian\n|-damage|p2a: Passimian|86/100\n|-damage|p1a: Pawmot|0 fnt|[from] item: Life Orb\n|faint|p1a: Pawmot\n|move|p2a: Passimian|Drain Punch|p1: Pawmot|[notarget]\n|-fail|p2a: Passimian\n|\n|upkeep\n|inactive|Time left: 300 sec this turn | 300 sec total | 5 sec grace\n|\n|t:|1783551836\n|switch|p1a: Iron Thorns|Iron Thorns, L83|302/302\n|turn|18\n|inactive|Time left: 300 sec this turn | 300 sec total\n|\n|t:|1783551837\n|move|p2a: Passimian|Drain Punch|p1a: Iron Thorns\n|-supereffective|p1a: Iron Thorns\n|-damage|p1a: Iron Thorns|0 fnt\n|-heal|p2a: Passimian|100/100|[from] drain|[of] p1a: Iron Thorns\n|faint|p1a: Iron Thorns\n|-end|p1a: Iron Thorns|Quark Drive|[silent]\n|\n|upkeep\n|inactive|Time left: 300 sec this turn | 300 sec total | 5 sec grace\n|\n|t:|1783551838\n|switch|p1a: Ursaluna|Ursaluna, L79, M|149/335 brn\n|turn|19\n|inactive|Time left: 300 sec this turn | 300 sec total\n|\n|t:|1783551839\n|move|p2a: Passimian|Drain Punch|p1a: Ursaluna\n|-supereffective|p1a: Ursaluna\n|-damage|p1a: Ursaluna|0 fnt\n|faint|p1a: Ursaluna\n|\n|win|p0y1089f84a", "uploadtime": 1783551839, "views": 0, "rating": 0, "private": 0, "password": null, "_winner": "p0y1089f84a", "_our_name": "p0x1089822a"}