{"id": "battle-gen9randombattle-144", "formatid": "gen9randombattle", "format": "[Gen 9] Random Battle", "players": ["p0x1449bd5", "p0y1440f8a"], "log": "|init|battle\n|title|p0x1449bd5 vs. p0y1440f8a\n|j|\u2606p0x1449bd5\n|j|\u2606p0y1440f8a\n|t:|1783541182\n|gametype|singles\n|player|p1|p0x1449bd5|170|\n|player|p2|p0y1440f8a|170|\n|gen|9\n|tier|[Gen 9] Random Battle\n|rule|Species Clause: Limit one of each Pok\u00e9mon\n|rule|HP Percentage Mod: HP is shown in percentages\n|rule|Sleep Clause Mod: Limit one foe put to sleep\n|rule|Illusion Level Mod: Illusion disguises the Pok\u00e9mon's true level\n|\n|t:|1783541182\n|teamsize|p1|6\n|teamsize|p2|6\n|start\n|switch|p1a: Zarude|Zarude-Dada, L77|288/288\n|switch|p2a: Honchkrow|Honchkrow, L86, M|100/100\n|turn|1\n|inactive|Battle timer is ON: inactive players will automatically lose when time's up. (requested by p0x1449bd5)\n|inactive|p0y1440f8a also wants the timer to be on.\n|\n|t:|1783541184\n|switch|p1a: Slaking|Slaking, L84, M|389/389\n|move|p2a: Honchkrow|Brave Bird|p1a: Slaking\n|-damage|p1a: Slaking|233/389\n|-damage|p2a: Honchkrow|84/100|[from] Recoil\n|\n|upkeep\n|turn|2\n|inactive|Time left: 300 sec this turn | 300 sec total\n|\n|t:|1783541185\n|switch|p2a: Slaking|Slaking, L84, F|100/100\n|move|p1a: Slaking|Giga Impact|p2a: Slaking|[miss]\n|-miss|p1a: Slaking|p2a: Slaking\n|\n|upkeep\n|turn|3\n|inactive|Time left: 300 sec this turn | 300 sec total\n|\n|t:|1783541187\n|cant|p1a: Slaking|ability: Truant\n|move|p2a: Slaking|Giga Impact|p1a: Slaking\n|-damage|p1a: Slaking|0 fnt\n|-mustrecharge|p2a: Slaking\n|faint|p1a: Slaking\n|\n|upkeep\n|inactive|Time left: 300 sec this turn | 300 sec total | 5 sec grace\n|\n|t:|1783541188\n|switch|p1a: Araquanid|Araquanid, L82, M|246/246\n|turn|4\n|inactive|Time left: 300 sec this turn | 300 sec total\n|\n|t:|1783541189\n|-terastallize|p1a: Araquanid|Steel\n|cant|p2a: Slaking|recharge\n|move|p1a: Araquanid|Sticky Web|p2a: Slaking\n|-sidestart|p2: p0y1440f8a|move: Sticky Web\n|\n|upkeep\n|turn|5\n|inactive|Time left: 300 sec this turn | 300 sec total\n|\n|t:|1783541190\n|move|p2a: Slaking|Giga Impact|p1a: Araquanid\n|-resisted|p1a: Araquanid\n|-damage|p1a: Araquanid|65/246\n|-mustrecharge|p2a: Slaking\n|move|p1a: Araquanid|Liquidation|p2a: Slaking\n|-damage|p2a: Slaking|67/100\n|\n|upkeep\n|turn|6\n|inactive|Time left: 300 sec this turn | 300 sec total\n|\n|t:|1783541191\n|cant|p2a: Slaking|recharge\n|move|p1a: Araquanid|Liquidation|p2a: Slaking\n|-crit|p2a: Slaking\n|-damage|p2a: Slaking|17/100\n|\n|upkeep\n|turn|7\n|inactive|Time left: 300 sec this turn | 300 sec total\n|\n|t:|1783541192\n|move|p2a: Slaking|Giga Impact|p1a: Araquanid\n|-resisted|p1a: Araquanid\n|-damage|p1a: Araquanid|0 fnt\n|-mustrecharge|p2a: Slaking\n|faint|p1a: Araquanid\n|\n|upkeep\n|inactive|Time left: 300 sec this turn | 300 sec total | 5 sec grace\n|\n|t:|1783541194\n|switch|p1a: Uxie|Uxie, L83|260/260\n|turn|8\n|inactive|Time left: 300 sec this turn | 300 sec total\n|\n|t:|1783541195\n|cant|p2a: Slaking|recharge\n|move|p1a: Uxie|Psychic Noise|p2a: Slaking\n|-damage|p2a: Slaking|0 fnt\n|faint|p2a: Slaking\n|\n|upkeep\n|\n|t:|1783541196\n|switch|p2a: Honchkrow|Honchkrow, L86, M|84/100\n|turn|9\n|inactive|Time left: 300 sec this turn | 300 sec total\n|\n|t:|1783541197\n|move|p1a: Uxie|Stealth Rock|p2a: Honchkrow\n|-sidestart|p2: p0y1440f8a|move: Stealth Rock\n|move|p2a: Honchkrow|Lash Out|p1a: Uxie\n|-supereffective|p1a: Uxie\n|-damage|p1a: Uxie|116/260\n|\n|-heal|p1a: Uxie|132/260|[from] item: Leftovers\n|upkeep\n|turn|10\n|inactive|Time left: 300 sec this turn | 300 sec total\n|\n|t:|1783541198\n|switch|p1a: Wigglytuff|Wigglytuff, L96, M|424/424\n|move|p2a: Honchkrow|Brave Bird|p1a: Wigglytuff\n|-damage|p1a: Wigglytuff|193/424\n|-damage|p2a: Honchkrow|60/100|[from] Recoil\n|\n|-heal|p1a: Wigglytuff|219/424|[from] item: Leftovers\n|upkeep\n|turn|11\n|inactive|Time left: 300 sec this turn | 300 sec total\n|\n|t:|1783541199\n|move|p2a: Honchkrow|Brave Bird|p1a: Wigglytuff\n|-damage|p1a: Wigglytuff|9/424\n|-damage|p2a: Honchkrow|38/100|[from] Recoil\n|move|p1a: Wigglytuff|Dazzling Gleam|p2a: Honchkrow\n|-supereffective|p2a: Honchkrow\n|-damage|p2a: Honchkrow|0 fnt\n|faint|p2a: Honchkrow\n|\n|-heal|p1a: Wigglytuff|35/424|[from] item: Leftovers\n|upkeep\n|\n|t:|1783541200\n|switch|p2a: Muk|Muk, L86, M|100/100\n|-activate|p2a: Muk|move: Sticky Web\n|-unboost|p2a: Muk|spe|1\n|-damage|p2a: Muk|88/100|[from] Stealth Rock\n|turn|12\n|inactive|Time left: 300 sec this turn | 300 sec total\n|\n|t:|1783541201\n|move|p1a: Wigglytuff|Wish|p1a: Wigglytuff\n|move|p2a: Muk|Poison Jab|p1a: Wigglytuff\n|-supereffective|p1a: Wigglytuff\n|-damage|p1a: Wigglytuff|0 fnt\n|faint|p1a: Wigglytuff\n|\n|upkeep\n|inactive|Time left: 300 sec this turn | 300 sec total | 5 sec grace\n|\n|t:|1783541202\n|switch|p1a: Uxie|Uxie, L83|132/260\n|turn|13\n|inactive|Time left: 300 sec this turn | 300 sec total\n|\n|t:|1783541203\n|-terastallize|p2a: Muk|Dark\n|move|p1a: Uxie|Yawn|p2a: Muk\n|-start|p2a: Muk|move: Yawn|[of] p1a: Uxie\n|move|p2a: Muk|Knock Off|p1a: Uxie\n|-supereffective|p1a: Uxie\n|-damage|p1a: Uxie|0 fnt\n|-enditem|p1a: Uxie|Leftovers|[from] move: Knock Off|[of] p2a: Muk\n|faint|p1a: Uxie\n|\n|upkeep\n|inactive|Time left: 300 sec this turn | 300 sec total | 5 sec grace\n|\n|t:|1783541204\n|switch|p1a: Zarude|Zarude-Dada, L77|288/288\n|turn|14\n|inactive|Time left: 300 sec this turn | 300 sec total\n|\n|t:|1783541205\n|move|p1a: Zarude|Swords Dance|p1a: Zarude\n|-boost|p1a: Zarude|atk|2\n|move|p2a: Muk|Poison Jab|p1a: Zarude\n|-supereffective|p1a: Zarude\n|-damage|p1a: Zarude|120/288\n|\n|-end|p2a: Muk|move: Yawn|[silent]\n|-status|p2a: Muk|slp\n|upkeep\n|turn|15\n|inactive|Time left: 300 sec this turn | 300 sec total\n|\n|t:|1783541206\n|switch|p2a: Qwilfish|Qwilfish-Hisui, L83, F|100/100\n|-activate|p2a: Qwilfish|move: Sticky Web\n|-unboost|p2a: Qwilfish|spe|1\n|-damage|p2a: Qwilfish|88/100|[from] Stealth Rock\n|-ability|p2a: Qwilfish|Intimidate|boost\n|-unboost|p1a: Zarude|atk|1\n|move|p1a: Zarude|Swords Dance|p1a: Zarude\n|-boost|p1a: Zarude|atk|2\n|\n|upkeep\n|turn|16\n|inactive|Time left: 300 sec this turn | 300 sec total\n|\n|t:|1783541207\n|move|p1a: Zarude|Close Combat|p2a: Qwilfish\n|-damage|p2a: Qwilfish|10/100\n|-unboost|p1a: Zarude|def|1\n|-unboost|p1a: Zarude|spd|1\n|-damage|p1a: Zarude|92/288|[from] item: Life Orb\n|move|p2a: Qwilfish|Gunk Shot|p1a: Zarude\n|-supereffective|p1a: Zarude\n|-damage|p1a: Zarude|0 fnt\n|faint|p1a: Zarude\n|\n|upkeep\n|inactive|Time left: 300 sec this turn | 300 sec total | 5 sec grace\n|\n|t:|1783541209\n|switch|p1a: Iron Jugulis|Iron Jugulis, L77|271/271\n|turn|17\n|inactive|Time left: 300 sec this turn | 300 sec total\n|\n|t:|1783541210\n|move|p1a: Iron Jugulis|Meteor Beam||[still]\n|-prepare|p1a: Iron Jugulis|Meteor Beam\n|-boost|p1a: Iron Jugulis|spa|1\n|-enditem|p1a: Iron Jugulis|Power Herb\n|-anim|p1a: Iron Jugulis|Meteor Beam|p2a: Qwilfish\n|-crit|p2a: Qwilfish\n|-damage|p2a: Qwilfish|0 fnt\n|faint|p2a: Qwilfish\n|\n|upkeep\n|\n|t:|1783541211\n|switch|p2a: Rotom|Rotom-Mow, L87|100/100\n|-damage|p2a: Rotom|88/100|[from] Stealth Rock\n|turn|18\n|inactive|Time left: 300 sec this turn | 300 sec total\n|\n|t:|1783541212\n|move|p2a: Rotom|Thunderbolt|p1a: Iron Jugulis\n|-supereffective|p1a: Iron Jugulis\n|-damage|p1a: Iron Jugulis|23/271\n|move|p1a: Iron Jugulis|Dark Pulse|p2a: Rotom\n|-damage|p2a: Rotom|43/100\n|\n|upkeep\n|turn|19\n|inactive|Time left: 300 sec this turn | 300 sec total\n|\n|t:|1783541213\n|move|p2a: Rotom|Thunderbolt|p1a: Iron Jugulis\n|-supereffective|p1a: Iron Jugulis\n|-damage|p1a: Iron Jugulis|0 fnt\n|faint|p1a: Iron Jugulis\n|-end|p1a: Iron Jugulis|Quark Drive|[silent]\n|\n|win|p0y1440f8a", "uploadtime": 1783541213, "views": 0, "rating": 0, "private": 0, "password": null, "_winner": "p0y1440f8a", "_our_name": "p0x1449bd5"}