{"id": "battle-gen9randombattle-1618", "formatid": "gen9randombattle", "format": "[Gen 9] Random Battle", "players": ["p0x1618edb6", "p0y161869f7"], "log": "|init|battle\n|title|p0x1618edb6 vs. p0y161869f7\n|j|\u2606p0x1618edb6\n|j|\u2606p0y161869f7\n|t:|1783558723\n|gametype|singles\n|player|p1|p0x1618edb6|170|\n|player|p2|p0y161869f7|2|\n|gen|9\n|tier|[Gen 9] Random Battle\n|rule|Species Clause: Limit one of each Pok\u00e9mon\n|rule|HP Percentage Mod: HP is shown in percentages\n|rule|Sleep Clause Mod: Limit one foe put to sleep\n|rule|Illusion Level Mod: Illusion disguises the Pok\u00e9mon's true level\n|\n|t:|1783558723\n|teamsize|p1|6\n|teamsize|p2|6\n|start\n|switch|p1a: Scrafty|Scrafty, L83, M|244/244\n|switch|p2a: Espeon|Espeon, L84, F|100/100\n|-ability|p1a: Scrafty|Intimidate|boost\n|-unboost|p2a: Espeon|atk|1\n|turn|1\n|inactive|Battle timer is ON: inactive players will automatically lose when time's up. (requested by p0y161869f7)\n|inactive|Time left: 300 sec this turn | 300 sec total | 60 sec grace\n|\n|t:|1783558725\n|move|p2a: Espeon|Alluring Voice|p1a: Scrafty\n|-supereffective|p1a: Scrafty\n|-damage|p1a: Scrafty|0 fnt\n|faint|p1a: Scrafty\n|-damage|p2a: Espeon|91/100|[from] item: Life Orb\n|\n|upkeep\n|inactive|Time left: 300 sec this turn | 300 sec total | 65 sec grace\n|inactive|p0x1618edb6 also wants the timer to be on.\n|\n|t:|1783558726\n|switch|p1a: Salamence|Salamence, L77, F|273/273\n|turn|2\n|inactive|Time left: 300 sec this turn | 300 sec total\n|\n|t:|1783558727\n|-terastallize|p2a: Espeon|Fairy\n|move|p2a: Espeon|Alluring Voice|p1a: Salamence\n|-supereffective|p1a: Salamence\n|-damage|p1a: Salamence|0 fnt\n|faint|p1a: Salamence\n|-damage|p2a: Espeon|81/100|[from] item: Life Orb\n|\n|upkeep\n|inactive|Time left: 300 sec this turn | 300 sec total | 5 sec grace\n|\n|t:|1783558728\n|switch|p1a: Piloswine|Piloswine, L85, F|309/309\n|turn|3\n|inactive|Time left: 300 sec this turn | 300 sec total\n|\n|t:|1783558729\n|move|p2a: Espeon|Psyshock|p1a: Piloswine\n|-damage|p1a: Piloswine|215/309\n|-damage|p2a: Espeon|71/100|[from] item: Life Orb\n|move|p1a: Piloswine|Earthquake|p2a: Espeon\n|-crit|p2a: Espeon\n|-damage|p2a: Espeon|0 fnt\n|faint|p2a: Espeon\n|\n|upkeep\n|\n|t:|1783558729\n|switch|p2a: Rhydon|Rhydon, L85, M|100/100\n|turn|4\n|inactive|Time left: 300 sec this turn | 300 sec total\n|\n|t:|1783558730\n|move|p1a: Piloswine|Icicle Crash|p2a: Rhydon\n|-supereffective|p2a: Rhydon\n|-damage|p2a: Rhydon|70/100\n|cant|p2a: Rhydon|flinch\n|\n|upkeep\n|turn|5\n|inactive|Time left: 300 sec this turn | 300 sec total\n|\n|t:|1783558731\n|move|p1a: Piloswine|Earthquake|p2a: Rhydon\n|-supereffective|p2a: Rhydon\n|-damage|p2a: Rhydon|33/100\n|move|p2a: Rhydon|Earthquake|p1a: Piloswine\n|-damage|p1a: Piloswine|107/309\n|\n|upkeep\n|turn|6\n|inactive|Time left: 300 sec this turn | 300 sec total\n|\n|t:|1783558732\n|switch|p2a: Houndstone|Houndstone, L86, F|100/100\n|move|p1a: Piloswine|Earthquake|p2a: Houndstone\n|-damage|p2a: Houndstone|63/100\n|\n|upkeep\n|turn|7\n|inactive|Time left: 300 sec this turn | 300 sec total\n|\n|t:|1783558733\n|move|p2a: Houndstone|Body Press|p1a: Piloswine\n|-supereffective|p1a: Piloswine\n|-damage|p1a: Piloswine|23/309\n|move|p1a: Piloswine|Earthquake|p2a: Houndstone\n|-damage|p2a: Houndstone|23/100\n|\n|upkeep\n|turn|8\n|inactive|Time left: 300 sec this turn | 300 sec total\n|\n|t:|1783558734\n|switch|p1a: Weezing|Weezing-Galar, L86, M|252/252\n|move|p2a: Houndstone|Shadow Sneak|p1a: Weezing\n|-damage|p1a: Weezing|215/252\n|\n|-heal|p1a: Weezing|230/252|[from] item: Leftovers\n|upkeep\n|turn|9\n|inactive|Time left: 300 sec this turn | 300 sec total\n|\n|t:|1783558735\n|move|p2a: Houndstone|Poltergeist|p1a: Weezing\n|-activate|p1a: Weezing|move: Poltergeist|Leftovers\n|-damage|p1a: Weezing|136/252\n|move|p1a: Weezing|Gunk Shot|p2a: Houndstone\n|-resisted|p2a: Houndstone\n|-damage|p2a: Houndstone|3/100\n|\n|-heal|p1a: Weezing|151/252|[from] item: Leftovers\n|upkeep\n|turn|10\n|inactive|Time left: 300 sec this turn | 300 sec total\n|\n|t:|1783558736\n|move|p2a: Houndstone|Poltergeist|p1a: Weezing\n|-activate|p1a: Weezing|move: Poltergeist|Leftovers\n|-damage|p1a: Weezing|48/252\n|move|p1a: Weezing|Gunk Shot|p2a: Houndstone|[miss]\n|-miss|p1a: Weezing|p2a: Houndstone\n|\n|-heal|p1a: Weezing|63/252|[from] item: Leftovers\n|upkeep\n|turn|11\n|inactive|Time left: 300 sec this turn | 300 sec total\n|\n|t:|1783558737\n|switch|p1a: Politoed|Politoed, L88, F|302/302\n|-weather|RainDance|[from] ability: Drizzle|[of] p1a: Politoed\n|move|p2a: Houndstone|Poltergeist|p1a: Politoed\n|-activate|p1a: Politoed|move: Poltergeist|Chesto Berry\n|-damage|p1a: Politoed|158/302\n|\n|-weather|RainDance|[upkeep]\n|upkeep\n|turn|12\n|inactive|Time left: 300 sec this turn | 300 sec total\n|\n|t:|1783558738\n|switch|p2a: Registeel|Registeel, L81|100/100\n|move|p1a: Politoed|Ice Beam|p2a: Registeel\n|-resisted|p2a: Registeel\n|-damage|p2a: Registeel|92/100\n|\n|-weather|RainDance|[upkeep]\n|upkeep\n|turn|13\n|inactive|Time left: 300 sec this turn | 300 sec total\n|\n|t:|1783558739\n|move|p1a: Politoed|Surf|p2a: Registeel\n|-damage|p2a: Registeel|55/100\n|move|p2a: Registeel|Body Press|p1a: Politoed\n|-damage|p1a: Politoed|78/302\n|\n|-weather|RainDance|[upkeep]\n|upkeep\n|turn|14\n|inactive|Time left: 300 sec this turn | 300 sec total\n|\n|t:|1783558740\n|move|p1a: Politoed|Rest|p1a: Politoed\n|-status|p1a: Politoed|slp|[from] move: Rest\n|-heal|p1a: Politoed|302/302 slp|[silent]\n|-enditem|p1a: Politoed|Chesto Berry|[eat]\n|-curestatus|p1a: Politoed|slp|[msg]\n|move|p2a: Registeel|Body Press|p1a: Politoed\n|-damage|p1a: Politoed|219/302\n|\n|-weather|RainDance|[upkeep]\n|upkeep\n|turn|15\n|inactive|Time left: 300 sec this turn | 300 sec total\n|\n|t:|1783558741\n|move|p1a: Politoed|Surf|p2a: Registeel\n|-damage|p2a: Registeel|17/100\n|move|p2a: Registeel|Rest|p2a: Registeel\n|-status|p2a: Registeel|slp|[from] move: Rest\n|-heal|p2a: Registeel|100/100 slp|[silent]\n|-enditem|p2a: Registeel|Chesto Berry|[eat]\n|-curestatus|p2a: Registeel|slp|[msg]\n|\n|-weather|none\n|upkeep\n|turn|16\n|inactive|Time left: 300 sec this turn | 300 sec total\n|\n|t:|1783558742\n|move|p1a: Politoed|Encore|p2a: Registeel\n|-start|p2a: Registeel|Encore\n|move|p2a: Registeel|Rest|p2a: Registeel\n|-fail|p2a: Registeel|heal\n|\n|upkeep\n|turn|17\n|inactive|Time left: 300 sec this turn | 300 sec total\n|\n|t:|1783558742\n|switch|p2a: Sableye|Sableye, L88, M|100/100\n|move|p1a: Politoed|Ice Beam|p2a: Sableye\n|-damage|p2a: Sableye|66/100\n|\n|-heal|p2a: Sableye|72/100|[from] item: Leftovers\n|upkeep\n|turn|18\n|inactive|Time left: 300 sec this turn | 300 sec total\n|\n|t:|1783558743\n|move|p1a: Politoed|Surf|p2a: Sableye\n|-damage|p2a: Sableye|19/100\n|move|p2a: Sableye|Knock Off|p1a: Politoed\n|-damage|p1a: Politoed|150/302\n|\n|-heal|p2a: Sableye|25/100|[from] item: Leftovers\n|upkeep\n|turn|19\n|inactive|Time left: 300 sec this turn | 300 sec total\n|\n|t:|1783558744\n|move|p2a: Sableye|Recover|p2a: Sableye\n|-heal|p2a: Sableye|75/100\n|move|p1a: Politoed|Surf|p2a: Sableye\n|-damage|p2a: Sableye|28/100\n|\n|-heal|p2a: Sableye|34/100|[from] item: Leftovers\n|upkeep\n|turn|20\n|inactive|Time left: 300 sec this turn | 300 sec total\n|\n|t:|1783558745\n|move|p2a: Sableye|Recover|p2a: Sableye\n|-heal|p2a: Sableye|84/100\n|move|p1a: Politoed|Surf|p2a: Sableye\n|-damage|p2a: Sableye|36/100\n|\n|-heal|p2a: Sableye|42/100|[from] item: Leftovers\n|upkeep\n|turn|21\n|inactive|Time left: 300 sec this turn | 300 sec total\n|\n|t:|1783558746\n|move|p2a: Sableye|Recover|p2a: Sableye\n|-heal|p2a: Sableye|92/100\n|move|p1a: Politoed|Surf|p2a: Sableye\n|-damage|p2a: Sableye|39/100\n|\n|-heal|p2a: Sableye|45/100|[from] item: Leftovers\n|upkeep\n|turn|22\n|inactive|Time left: 300 sec this turn | 300 sec total\n|\n|t:|1783558747\n|move|p2a: Sableye|Recover|p2a: Sableye\n|-heal|p2a: Sableye|95/100\n|move|p1a: Politoed|Surf|p2a: Sableye\n|-damage|p2a: Sableye|46/100\n|\n|-heal|p2a: Sableye|52/100|[from] item: Leftovers\n|upkeep\n|turn|23\n|inactive|Time left: 300 sec this turn | 300 sec total\n|\n|t:|1783558748\n|move|p2a: Sableye|Recover|p2a: Sableye\n|-heal|p2a: Sableye|100/100\n|move|p1a: Politoed|Surf|p2a: Sableye\n|-damage|p2a: Sableye|52/100\n|\n|-heal|p2a: Sableye|59/100|[from] item: Leftovers\n|upkeep\n|turn|24\n|inactive|Time left: 300 sec this turn | 300 sec total\n|\n|t:|1783558749\n|move|p2a: Sableye|Recover|p2a: Sableye\n|-heal|p2a: Sableye|100/100\n|move|p1a: Politoed|Surf|p2a: Sableye\n|-damage|p2a: Sableye|53/100\n|\n|-heal|p2a: Sableye|59/100|[from] item: Leftovers\n|upkeep\n|turn|25\n|inactive|Time left: 300 sec this turn | 300 sec total\n|\n|t:|1783558750\n|move|p2a: Sableye|Recover|p2a: Sableye\n|-heal|p2a: Sableye|100/100\n|move|p1a: Politoed|Surf|p2a: Sableye\n|-damage|p2a: Sableye|52/100\n|\n|-heal|p2a: Sableye|59/100|[from] item: Leftovers\n|upkeep\n|turn|26\n|inactive|Time left: 300 sec this turn | 300 sec total\n|\n|t:|1783558751\n|move|p2a: Sableye|Recover|p2a: Sableye\n|-heal|p2a: Sableye|100/100\n|move|p1a: Politoed|Surf|p2a: Sableye\n|-damage|p2a: Sableye|47/100\n|\n|-heal|p2a: Sableye|53/100|[from] item: Leftovers\n|upkeep\n|turn|27\n|inactive|Time left: 300 sec this turn | 300 sec total\n|\n|t:|1783558752\n|switch|p2a: Registeel|Registeel, L81|100/100\n|move|p1a: Politoed|Surf|p2a: Registeel\n|-damage|p2a: Registeel|76/100\n|\n|upkeep\n|turn|28\n|inactive|Time left: 300 sec this turn | 300 sec total\n|\n|t:|1783558754\n|move|p1a: Politoed|Surf|p2a: Registeel\n|-damage|p2a: Registeel|50/100\n|move|p2a: Registeel|Body Press|p1a: Politoed\n|-damage|p1a: Politoed|67/302\n|\n|upkeep\n|turn|29\n|inactive|Time left: 300 sec this turn | 300 sec total\n|\n|t:|1783558755\n|move|p1a: Politoed|Rest|p1a: Politoed\n|-status|p1a: Politoed|slp|[from] move: Rest\n|-heal|p1a: Politoed|302/302 slp|[silent]\n|move|p2a: Registeel|Body Press|p1a: Politoed\n|-damage|p1a: Politoed|221/302 slp\n|\n|upkeep\n|turn|30\n|inactive|Time left: 300 sec this turn | 300 sec total\n|\n|t:|1783558756\n|switch|p1a: Swampert|Swampert, L83, M|302/302\n|move|p2a: Registeel|Body Press|p1a: Swampert\n|-damage|p1a: Swampert|227/302\n|\n|-heal|p1a: Swampert|245/302|[from] item: Leftovers\n|upkeep\n|turn|31\n|inactive|Time left: 300 sec this turn | 300 sec total\n|\n|t:|1783558757\n|switch|p2a: Altaria|Altaria, L89, F|100/100\n|move|p1a: Swampert|Earthquake|p2a: Altaria\n|-immune|p2a: Altaria\n|\n|-heal|p1a: Swampert|263/302|[from] item: Leftovers\n|upkeep\n|turn|32\n|inactive|Time left: 300 sec this turn | 300 sec total\n|\n|t:|1783558758\n|move|p2a: Altaria|Brave Bird|p1a: Swampert\n|-damage|p1a: Swampert|154/302\n|-damage|p2a: Altaria|88/100|[from] Recoil\n|move|p1a: Swampert|Ice Beam|p2a: Altaria\n|-supereffective|p2a: Altaria\n|-damage|p2a: Altaria|18/100\n|\n|-heal|p1a: Swampert|172/302|[from] item: Leftovers\n|upkeep\n|turn|33\n|inactive|Time left: 300 sec this turn | 300 sec total\n|\n|t:|1783558759\n|move|p2a: Altaria|Roost|p2a: Altaria\n|-heal|p2a: Altaria|68/100\n|-singleturn|p2a: Altaria|move: Roost\n|move|p1a: Swampert|Ice Beam|p2a: Altaria\n|-supereffective|p2a: Altaria\n|-damage|p2a: Altaria|32/100\n|\n|-heal|p1a: Swampert|190/302|[from] item: Leftovers\n|upkeep\n|turn|34\n|inactive|Time left: 300 sec this turn | 300 sec total\n|\n|t:|1783558760\n|move|p2a: Altaria|Roost|p2a: Altaria\n|-heal|p2a: Altaria|82/100\n|-singleturn|p2a: Altaria|move: Roost\n|move|p1a: Swampert|Ice Beam|p2a: Altaria\n|-supereffective|p2a: Altaria\n|-damage|p2a: Altaria|46/100\n|\n|-heal|p1a: Swampert|208/302|[from] item: Leftovers\n|upkeep\n|turn|35\n|inactive|Time left: 300 sec this turn | 300 sec total\n|\n|t:|1783558761\n|move|p2a: Altaria|Roost|p2a: Altaria\n|-heal|p2a: Altaria|96/100\n|-singleturn|p2a: Altaria|move: Roost\n|move|p1a: Swampert|Ice Beam|p2a: Altaria\n|-supereffective|p2a: Altaria\n|-damage|p2a: Altaria|63/100\n|\n|-heal|p1a: Swampert|226/302|[from] item: Leftovers\n|upkeep\n|turn|36\n|inactive|Time left: 300 sec this turn | 300 sec total\n|\n|t:|1783558762\n|move|p2a: Altaria|Roost|p2a: Altaria\n|-heal|p2a: Altaria|100/100\n|-singleturn|p2a: Altaria|move: Roost\n|move|p1a: Swampert|Ice Beam|p2a: Altaria\n|-supereffective|p2a: Altaria\n|-damage|p2a: Altaria|68/100\n|\n|-heal|p1a: Swampert|244/302|[from] item: Leftovers\n|upkeep\n|turn|37\n|inactive|Time left: 300 sec this turn | 300 sec total\n|\n|t:|1783558764\n|move|p2a: Altaria|Roost|p2a: Altaria\n|-heal|p2a: Altaria|100/100\n|-singleturn|p2a: Altaria|move: Roost\n|move|p1a: Swampert|Ice Beam|p2a: Altaria\n|-supereffective|p2a: Altaria\n|-damage|p2a: Altaria|67/100\n|\n|-heal|p1a: Swampert|262/302|[from] item: Leftovers\n|upkeep\n|turn|38\n|inactive|Time left: 300 sec this turn | 300 sec total\n|\n|t:|1783558765\n|move|p2a: Altaria|Roost|p2a: Altaria\n|-heal|p2a: Altaria|100/100\n|-singleturn|p2a: Altaria|move: Roost\n|move|p1a: Swampert|Ice Beam|p2a: Altaria\n|-supereffective|p2a: Altaria\n|-damage|p2a: Altaria|67/100\n|\n|-heal|p1a: Swampert|280/302|[from] item: Leftovers\n|upkeep\n|turn|39\n|inactive|Time left: 300 sec this turn | 300 sec total\n|\n|t:|1783558766\n|move|p2a: Altaria|Roost|p2a: Altaria\n|-heal|p2a: Altaria|100/100\n|-singleturn|p2a: Altaria|move: Roost\n|move|p1a: Swampert|Ice Beam|p2a: Altaria\n|-supereffective|p2a: Altaria\n|-damage|p2a: Altaria|63/100\n|\n|-heal|p1a: Swampert|298/302|[from] item: Leftovers\n|upkeep\n|turn|40\n|inactive|Time left: 300 sec this turn | 300 sec total\n|\n|t:|1783558767\n|move|p2a: Altaria|Roost|p2a: Altaria\n|-heal|p2a: Altaria|100/100\n|-singleturn|p2a: Altaria|move: Roost\n|move|p1a: Swampert|Ice Beam|p2a: Altaria\n|-supereffective|p2a: Altaria\n|-damage|p2a: Altaria|67/100\n|\n|-heal|p1a: Swampert|302/302|[from] item: Leftovers\n|upkeep\n|turn|41\n|inactive|Time left: 300 sec this turn | 300 sec total\n|\n|t:|1783558768\n|switch|p2a: Registeel|Registeel, L81|50/100\n|move|p1a: Swampert|Ice Beam|p2a: Registeel\n|-resisted|p2a: Registeel\n|-damage|p2a: Registeel|42/100\n|\n|upkeep\n|turn|42\n|inactive|Time left: 300 sec this turn | 300 sec total\n|\n|t:|1783558769\n|switch|p2a: Altaria|Altaria, L89, F|67/100\n|move|p1a: Swampert|Earthquake|p2a: Altaria\n|-immune|p2a: Altaria\n|\n|upkeep\n|turn|43\n|inactive|Time left: 300 sec this turn | 300 sec total\n|\n|t:|1783558770\n|switch|p2a: Registeel|Registeel, L81|42/100\n|move|p1a: Swampert|Ice Beam|p2a: Registeel\n|-resisted|p2a: Registeel\n|-damage|p2a: Registeel|34/100\n|\n|upkeep\n|turn|44\n|inactive|Time left: 300 sec this turn | 300 sec total\n|\n|t:|1783558771\n|switch|p2a: Altaria|Altaria, L89, F|67/100\n|move|p1a: Swampert|Earthquake|p2a: Altaria\n|-immune|p2a: Altaria\n|\n|upkeep\n|turn|45\n|inactive|Time left: 300 sec this turn | 300 sec total\n|\n|t:|1783558771\n|switch|p2a: Registeel|Registeel, L81|34/100\n|move|p1a: Swampert|Ice Beam|p2a: Registeel\n|-resisted|p2a: Registeel\n|-damage|p2a: Registeel|28/100\n|\n|upkeep\n|turn|46\n|inactive|Time left: 300 sec this turn | 300 sec total\n|\n|t:|1783558772\n|switch|p2a: Altaria|Altaria, L89, F|67/100\n|move|p1a: Swampert|Earthquake|p2a: Altaria\n|-immune|p2a: Altaria\n|\n|upkeep\n|turn|47\n|inactive|Time left: 300 sec this turn | 300 sec total\n|\n|t:|1783558773\n|switch|p2a: Registeel|Registeel, L81|28/100\n|move|p1a: Swampert|Ice Beam|p2a: Registeel\n|-resisted|p2a: Registeel\n|-damage|p2a: Registeel|20/100\n|\n|upkeep\n|turn|48\n|inactive|Time left: 300 sec this turn | 300 sec total\n|\n|t:|1783558774\n|switch|p2a: Altaria|Altaria, L89, F|67/100\n|move|p1a: Swampert|Earthquake|p2a: Altaria\n|-immune|p2a: Altaria\n|\n|upkeep\n|turn|49\n|inactive|Time left: 300 sec this turn | 300 sec total\n|\n|t:|1783558775\n|switch|p2a: Registeel|Registeel, L81|20/100\n|move|p1a: Swampert|Ice Beam|p2a: Registeel\n|-resisted|p2a: Registeel\n|-damage|p2a: Registeel|12/100\n|\n|upkeep\n|turn|50\n|inactive|Time left: 300 sec this turn | 300 sec total\n|\n|t:|1783558776\n|switch|p2a: Altaria|Altaria, L89, F|67/100\n|move|p1a: Swampert|Earthquake|p2a: Altaria\n|-immune|p2a: Altaria\n|\n|upkeep\n|turn|51\n|inactive|Time left: 300 sec this turn | 300 sec total\n|\n|t:|1783558777\n|switch|p2a: Registeel|Registeel, L81|12/100\n|move|p1a: Swampert|Ice Beam|p2a: Registeel\n|-resisted|p2a: Registeel\n|-damage|p2a: Registeel|4/100\n|-status|p2a: Registeel|frz\n|\n|upkeep\n|turn|52\n|inactive|Time left: 300 sec this turn | 300 sec total\n|\n|t:|1783558778\n|move|p1a: Swampert|Stealth Rock|p2a: Registeel\n|-sidestart|p2: p0y161869f7|move: Stealth Rock\n|cant|p2a: Registeel|frz\n|\n|upkeep\n|turn|53\n|inactive|Time left: 300 sec this turn | 300 sec total\n|\n|t:|1783558778\n|move|p1a: Swampert|Earthquake|p2a: Registeel\n|-supereffective|p2a: Registeel\n|-damage|p2a: Registeel|0 fnt\n|faint|p2a: Registeel\n|\n|upkeep\n|\n|t:|1783558779\n|switch|p2a: Altaria|Altaria, L89, F|67/100\n|turn|54\n|inactive|Time left: 300 sec this turn | 300 sec total\n|\n|t:|1783558780\n|switch|p2a: Sableye|Sableye, L88, M|53/100\n|-damage|p2a: Sableye|41/100|[from] Stealth Rock\n|move|p1a: Swampert|Ice Beam|p2a: Sableye\n|-damage|p2a: Sableye|10/100\n|\n|-heal|p2a: Sableye|16/100|[from] item: Leftovers\n|upkeep\n|turn|55\n|inactive|Time left: 300 sec this turn | 300 sec total\n|\n|t:|1783558782\n|switch|p2a: Altaria|Altaria, L89, F|67/100\n|move|p1a: Swampert|Earthquake|p2a: Altaria\n|-immune|p2a: Altaria\n|\n|upkeep\n|turn|56\n|inactive|Time left: 300 sec this turn | 300 sec total\n|\n|t:|1783558782\n|move|p2a: Altaria|Brave Bird|p1a: Swampert\n|-damage|p1a: Swampert|184/302\n|-damage|p2a: Altaria|53/100|[from] Recoil\n|move|p1a: Swampert|Yawn|p2a: Altaria\n|-start|p2a: Altaria|move: Yawn|[of] p1a: Swampert\n|\n|-heal|p1a: Swampert|202/302|[from] item: Leftovers\n|upkeep\n|turn|57\n|inactive|Time left: 300 sec this turn | 300 sec total\n|\n|t:|1783558783\n|move|p2a: Altaria|Brave Bird|p1a: Swampert\n|-damage|p1a: Swampert|85/302\n|-damage|p2a: Altaria|39/100|[from] Recoil\n|move|p1a: Swampert|Earthquake|p2a: Altaria\n|-immune|p2a: Altaria\n|\n|-heal|p1a: Swampert|103/302|[from] item: Leftovers\n|-end|p2a: Altaria|move: Yawn|[silent]\n|-status|p2a: Altaria|slp\n|upkeep\n|turn|58\n|inactive|Time left: 300 sec this turn | 300 sec total\n|\n|t:|1783558784\n|switch|p1a: Weezing|Weezing-Galar, L86, M|63/252\n|cant|p2a: Altaria|slp\n|\n|-heal|p1a: Weezing|78/252|[from] item: Leftovers\n|upkeep\n|turn|59\n|inactive|Time left: 300 sec this turn | 300 sec total\n|\n|t:|1783558785\n|cant|p2a: Altaria|slp\n|move|p1a: Weezing|Strange Steam|p2a: Altaria\n|-supereffective|p2a: Altaria\n|-damage|p2a: Altaria|0 fnt\n|faint|p2a: Altaria\n|\n|-heal|p1a: Weezing|93/252|[from] item: Leftovers\n|upkeep\n|\n|t:|1783558786\n|switch|p2a: Sableye|Sableye, L88, M|16/100\n|-damage|p2a: Sableye|4/100|[from] Stealth Rock\n|turn|60\n|inactive|Time left: 300 sec this turn | 300 sec total\n|\n|t:|1783558787\n|move|p2a: Sableye|Thunder Wave|p1a: Weezing\n|-status|p1a: Weezing|par\n|move|p1a: Weezing|Strange Steam|p2a: Sableye\n|-supereffective|p2a: Sableye\n|-crit|p2a: Sableye\n|-damage|p2a: Sableye|0 fnt\n|faint|p2a: Sableye\n|\n|-heal|p1a: Weezing|108/252 par|[from] item: Leftovers\n|upkeep\n|\n|t:|1783558788\n|switch|p2a: Rhydon|Rhydon, L85, M|33/100\n|-damage|p2a: Rhydon|27/100|[from] Stealth Rock\n|turn|61\n|inactive|Time left: 300 sec this turn | 300 sec total\n|\n|t:|1783558789\n|-terastallize|p1a: Weezing|Steel\n|move|p2a: Rhydon|Stone Edge|p1a: Weezing\n|-resisted|p1a: Weezing\n|-damage|p1a: Weezing|57/252 par\n|move|p1a: Weezing|Strange Steam|p2a: Rhydon\n|-damage|p2a: Rhydon|0 fnt\n|faint|p2a: Rhydon\n|\n|-heal|p1a: Weezing|72/252 par|[from] item: Leftovers\n|upkeep\n|\n|t:|1783558790\n|switch|p2a: Houndstone|Houndstone, L86, F|3/100\n|-damage|p2a: Houndstone|0 fnt|[from] Stealth Rock\n|faint|p2a: Houndstone\n|\n|win|p0x1618edb6", "uploadtime": 1783558790, "views": 0, "rating": 0, "private": 0, "password": null, "_winner": "p0x1618edb6", "_our_name": "p0x1618edb6"}