{"id": "battle-gen9randombattle-2162", "formatid": "gen9randombattle", "format": "[Gen 9] Random Battle", "players": ["p0x216240d5", "p0y21622d0c"], "log": "|init|battle\n|title|p0x216240d5 vs. p0y21622d0c\n|j|\u2606p0x216240d5\n|j|\u2606p0y21622d0c\n|t:|1783564198\n|gametype|singles\n|player|p1|p0x216240d5|266|\n|player|p2|p0y21622d0c|102|\n|gen|9\n|tier|[Gen 9] Random Battle\n|rule|Species Clause: Limit one of each Pok\u00e9mon\n|rule|HP Percentage Mod: HP is shown in percentages\n|rule|Sleep Clause Mod: Limit one foe put to sleep\n|rule|Illusion Level Mod: Illusion disguises the Pok\u00e9mon's true level\n|\n|t:|1783564198\n|teamsize|p1|6\n|teamsize|p2|6\n|start\n|switch|p1a: Kingdra|Kingdra, L84, F|263/263\n|switch|p2a: Blastoise|Blastoise, L80, F|100/100\n|turn|1\n|inactive|Battle timer is ON: inactive players will automatically lose when time's up. (requested by p0y21622d0c)\n|inactive|Time left: 300 sec this turn | 300 sec total | 60 sec grace\n|inactive|p0x216240d5 also wants the timer to be on.\n|\n|t:|1783564199\n|move|p1a: Kingdra|Hurricane|p2a: Blastoise|[miss]\n|-miss|p1a: Kingdra|p2a: Blastoise\n|move|p2a: Blastoise|Shell Smash|p2a: Blastoise\n|-unboost|p2a: Blastoise|def|1\n|-unboost|p2a: Blastoise|spd|1\n|-boost|p2a: Blastoise|atk|2\n|-boost|p2a: Blastoise|spa|2\n|-boost|p2a: Blastoise|spe|2\n|-enditem|p2a: Blastoise|White Herb\n|-clearnegativeboost|p2a: Blastoise|[silent]\n|\n|upkeep\n|turn|2\n|inactive|Time left: 300 sec this turn | 300 sec total\n|\n|t:|1783564200\n|move|p2a: Blastoise|Ice Beam|p1a: Kingdra\n|-damage|p1a: Kingdra|160/263\n|move|p1a: Kingdra|Hurricane|p2a: Blastoise\n|-damage|p2a: Blastoise|67/100\n|-damage|p1a: Kingdra|134/263|[from] item: Life Orb\n|\n|upkeep\n|turn|3\n|inactive|Time left: 300 sec this turn | 300 sec total\n|\n|t:|1783564201\n|move|p2a: Blastoise|Ice Beam|p1a: Kingdra\n|-damage|p1a: Kingdra|35/263\n|move|p1a: Kingdra|Draco Meteor|p2a: Blastoise\n|-damage|p2a: Blastoise|5/100\n|-unboost|p1a: Kingdra|spa|2\n|-damage|p1a: Kingdra|9/263|[from] item: Life Orb\n|\n|upkeep\n|turn|4\n|inactive|Time left: 300 sec this turn | 300 sec total\n|\n|t:|1783564202\n|move|p2a: Blastoise|Ice Beam|p1a: Kingdra\n|-damage|p1a: Kingdra|0 fnt\n|faint|p1a: Kingdra\n|\n|upkeep\n|inactive|Time left: 300 sec this turn | 300 sec total | 5 sec grace\n|\n|t:|1783564203\n|switch|p1a: Greninja|Greninja, L80, M|246/246\n|turn|5\n|inactive|Time left: 300 sec this turn | 300 sec total\n|\n|t:|1783564204\n|move|p2a: Blastoise|Earthquake|p1a: Greninja\n|-damage|p1a: Greninja|97/246\n|move|p1a: Greninja|Ice Beam|p2a: Blastoise\n|-resisted|p2a: Blastoise\n|-damage|p2a: Blastoise|0 fnt\n|faint|p2a: Blastoise\n|-ability|p1a: Greninja|Battle Bond|boost\n|-boost|p1a: Greninja|atk|1\n|-boost|p1a: Greninja|spa|1\n|-boost|p1a: Greninja|spe|1\n|-activate|p1a: Greninja|ability: Battle Bond\n|-damage|p1a: Greninja|73/246|[from] item: Life Orb\n|\n|upkeep\n|\n|t:|1783564206\n|switch|p2a: Decidueye|Decidueye, L88, M|100/100\n|turn|6\n|inactive|Time left: 300 sec this turn | 300 sec total\n|\n|t:|1783564206\n|move|p1a: Greninja|Dark Pulse|p2a: Decidueye\n|-supereffective|p2a: Decidueye\n|-crit|p2a: Decidueye\n|-damage|p2a: Decidueye|6/100\n|-damage|p1a: Greninja|49/246|[from] item: Life Orb\n|move|p2a: Decidueye|U-turn|p1a: Greninja\n|-supereffective|p1a: Greninja\n|-damage|p1a: Greninja|0 fnt\n|faint|p1a: Greninja\n|\n|t:|1783564207\n|switch|p2a: Whiscash|Whiscash, L88, M|100/100|[from] U-turn\n|\n|upkeep\n|inactive|Time left: 300 sec this turn | 300 sec total | 10 sec grace\n|\n|t:|1783564208\n|switch|p1a: Tauros|Tauros-Paldea-Combat, L82, M|257/257\n|-ability|p1a: Tauros|Intimidate|boost\n|-fail|p2a: Whiscash|unboost|Attack|[from] ability: Oblivious|[of] p2a: Whiscash\n|turn|7\n|inactive|Time left: 300 sec this turn | 300 sec total\n|\n|t:|1783564209\n|move|p1a: Tauros|Close Combat|p2a: Whiscash\n|-damage|p2a: Whiscash|38/100\n|-unboost|p1a: Tauros|def|1\n|-unboost|p1a: Tauros|spd|1\n|move|p2a: Whiscash|Dragon Dance|p2a: Whiscash\n|-boost|p2a: Whiscash|atk|1\n|-boost|p2a: Whiscash|spe|1\n|\n|upkeep\n|turn|8\n|inactive|Time left: 300 sec this turn | 300 sec total\n|\n|t:|1783564210\n|move|p2a: Whiscash|Earthquake|p1a: Tauros\n|-damage|p1a: Tauros|0 fnt\n|faint|p1a: Tauros\n|-damage|p2a: Whiscash|28/100|[from] item: Life Orb\n|\n|upkeep\n|inactive|Time left: 300 sec this turn | 300 sec total | 5 sec grace\n|\n|t:|1783564211\n|switch|p1a: Typhlosion|Typhlosion-Hisui, L83, F|257/257\n|turn|9\n|inactive|Time left: 300 sec this turn | 300 sec total\n|\n|t:|1783564212\n|move|p1a: Typhlosion|Eruption|p2a: Whiscash\n|-resisted|p2a: Whiscash\n|-damage|p2a: Whiscash|0 fnt\n|faint|p2a: Whiscash\n|\n|upkeep\n|\n|t:|1783564213\n|switch|p2a: Sudowoodo|Sudowoodo, L94, M|100/100\n|turn|10\n|inactive|Time left: 300 sec this turn | 300 sec total\n|\n|t:|1783564214\n|move|p1a: Typhlosion|Eruption|p2a: Sudowoodo\n|-resisted|p2a: Sudowoodo\n|-damage|p2a: Sudowoodo|66/100\n|move|p2a: Sudowoodo|Head Smash|p1a: Typhlosion\n|-supereffective|p1a: Typhlosion\n|-damage|p1a: Typhlosion|0 fnt\n|faint|p1a: Typhlosion\n|\n|-heal|p2a: Sudowoodo|72/100|[from] item: Leftovers\n|upkeep\n|inactive|Time left: 300 sec this turn | 300 sec total | 5 sec grace\n|\n|t:|1783564215\n|switch|p1a: Landorus|Landorus, L75, M|257/257\n|turn|11\n|inactive|Time left: 300 sec this turn | 300 sec total\n|\n|t:|1783564216\n|switch|p2a: Altaria|Altaria, L89, M|100/100\n|move|p1a: Landorus|Earth Power|p2a: Altaria\n|-immune|p2a: Altaria\n|\n|upkeep\n|turn|12\n|inactive|Time left: 300 sec this turn | 300 sec total\n|\n|t:|1783564217\n|move|p1a: Landorus|Rock Slide|p2a: Altaria\n|-supereffective|p2a: Altaria\n|-damage|p2a: Altaria|35/100\n|move|p2a: Altaria|Brave Bird|p1a: Landorus\n|-damage|p1a: Landorus|145/257\n|-damage|p2a: Altaria|22/100|[from] Recoil\n|\n|upkeep\n|turn|13\n|inactive|Time left: 300 sec this turn | 300 sec total\n|\n|t:|1783564218\n|move|p1a: Landorus|Rock Slide|p2a: Altaria\n|-supereffective|p2a: Altaria\n|-damage|p2a: Altaria|0 fnt\n|faint|p2a: Altaria\n|\n|upkeep\n|\n|t:|1783564219\n|switch|p2a: Excadrill|Excadrill, L79, F|100/100\n|-ability|p2a: Excadrill|Mold Breaker\n|turn|14\n|inactive|Time left: 300 sec this turn | 300 sec total\n|\n|t:|1783564220\n|-terastallize|p2a: Excadrill|Water\n|move|p1a: Landorus|Earth Power|p2a: Excadrill\n|-damage|p2a: Excadrill|39/100\n|move|p2a: Excadrill|Rapid Spin|p1a: Landorus\n|-damage|p1a: Landorus|98/257\n|-boost|p2a: Excadrill|spe|1\n|\n|-heal|p2a: Excadrill|45/100|[from] item: Leftovers\n|upkeep\n|turn|15\n|inactive|Time left: 300 sec this turn | 300 sec total\n|\n|t:|1783564221\n|move|p2a: Excadrill|Iron Head|p1a: Landorus\n|-damage|p1a: Landorus|0 fnt\n|faint|p1a: Landorus\n|\n|-heal|p2a: Excadrill|51/100|[from] item: Leftovers\n|upkeep\n|inactive|Time left: 300 sec this turn | 300 sec total | 5 sec grace\n|\n|t:|1783564222\n|switch|p1a: Arceus|Arceus-Rock, L74|300/300\n|turn|16\n|inactive|Time left: 300 sec this turn | 300 sec total\n|\n|t:|1783564223\n|-terastallize|p1a: Arceus|Dragon\n|move|p2a: Excadrill|Iron Head|p1a: Arceus\n|-damage|p1a: Arceus|219/300\n|move|p1a: Arceus|Judgment|p2a: Excadrill\n|-damage|p2a: Excadrill|0 fnt\n|faint|p2a: Excadrill\n|\n|upkeep\n|\n|t:|1783564224\n|switch|p2a: Sudowoodo|Sudowoodo, L94, M|72/100\n|turn|17\n|inactive|Time left: 300 sec this turn | 300 sec total\n|\n|t:|1783564225\n|move|p1a: Arceus|Judgment|p2a: Sudowoodo\n|-damage|p2a: Sudowoodo|30/100\n|move|p2a: Sudowoodo|Head Smash|p1a: Arceus|[miss]\n|-miss|p2a: Sudowoodo|p1a: Arceus\n|\n|-heal|p2a: Sudowoodo|36/100|[from] item: Leftovers\n|upkeep\n|turn|18\n|inactive|Time left: 300 sec this turn | 300 sec total\n|\n|t:|1783564225\n|move|p1a: Arceus|Judgment|p2a: Sudowoodo\n|-damage|p2a: Sudowoodo|0 fnt\n|faint|p2a: Sudowoodo\n|\n|upkeep\n|\n|t:|1783564226\n|switch|p2a: Decidueye|Decidueye, L88, M|6/100\n|turn|19\n|inactive|Time left: 300 sec this turn | 300 sec total\n|\n|t:|1783564227\n|move|p1a: Arceus|Judgment|p2a: Decidueye\n|-damage|p2a: Decidueye|0 fnt\n|faint|p2a: Decidueye\n|\n|win|p0x216240d5", "uploadtime": 1783564227, "views": 0, "rating": 0, "private": 0, "password": null, "_winner": "p0x216240d5", "_our_name": "p0x216240d5"}