{"id": "battle-gen9randombattle-1929", "formatid": "gen9randombattle", "format": "[Gen 9] Random Battle", "players": ["p0x1929bcce", "p0y1929dfd2"], "log": "|init|battle\n|title|p0x1929bcce vs. p0y1929dfd2\n|j|\u2606p0x1929bcce\n|j|\u2606p0y1929dfd2\n|t:|1783561594\n|gametype|singles\n|player|p1|p0x1929bcce|102|\n|player|p2|p0y1929dfd2|265|\n|gen|9\n|tier|[Gen 9] Random Battle\n|rule|Species Clause: Limit one of each Pok\u00e9mon\n|rule|HP Percentage Mod: HP is shown in percentages\n|rule|Sleep Clause Mod: Limit one foe put to sleep\n|rule|Illusion Level Mod: Illusion disguises the Pok\u00e9mon's true level\n|\n|t:|1783561594\n|teamsize|p1|6\n|teamsize|p2|6\n|start\n|switch|p1a: Typhlosion|Typhlosion-Hisui, L83, M|100/100\n|switch|p2a: Darkrai|Darkrai, L77|234/234\n|turn|1\n|inactive|Battle timer is ON: inactive players will automatically lose when time's up. (requested by p0y1929dfd2)\n|inactive|p0x1929bcce also wants the timer to be on.\n|\n|t:|1783561595\n|move|p2a: Darkrai|Dark Pulse|p1a: Typhlosion\n|-supereffective|p1a: Typhlosion\n|-damage|p1a: Typhlosion|0 fnt\n|faint|p1a: Typhlosion\n|-damage|p2a: Darkrai|211/234|[from] item: Life Orb\n|\n|upkeep\n|\n|t:|1783561596\n|switch|p1a: Sneasler|Sneasler, L74, M|100/100\n|turn|2\n|inactive|Time left: 300 sec this turn | 300 sec total\n|\n|t:|1783561598\n|move|p2a: Darkrai|Hypnosis|p1a: Sneasler\n|-status|p1a: Sneasler|slp|[from] move: Hypnosis\n|cant|p1a: Sneasler|slp\n|\n|-damage|p1a: Sneasler|88/100 slp|[from] ability: Bad Dreams|[of] p2a: Darkrai\n|upkeep\n|turn|3\n|inactive|Time left: 300 sec this turn | 300 sec total\n|\n|t:|1783561599\n|move|p2a: Darkrai|Nasty Plot|p2a: Darkrai\n|-boost|p2a: Darkrai|spa|2\n|cant|p1a: Sneasler|slp\n|\n|-damage|p1a: Sneasler|75/100 slp|[from] ability: Bad Dreams|[of] p2a: Darkrai\n|upkeep\n|turn|4\n|inactive|Time left: 300 sec this turn | 300 sec total\n|\n|t:|1783561600\n|move|p2a: Darkrai|Dark Pulse|p1a: Sneasler\n|-resisted|p1a: Sneasler\n|-damage|p1a: Sneasler|12/100 slp\n|-damage|p2a: Darkrai|188/234|[from] item: Life Orb\n|-curestatus|p1a: Sneasler|slp|[msg]\n|move|p1a: Sneasler|Close Combat|p2a: Darkrai\n|-supereffective|p2a: Darkrai\n|-damage|p2a: Darkrai|0 fnt\n|-unboost|p1a: Sneasler|def|1\n|-unboost|p1a: Sneasler|spd|1\n|faint|p2a: Darkrai\n|\n|upkeep\n|inactive|Time left: 300 sec this turn | 300 sec total | 5 sec grace\n|\n|t:|1783561601\n|switch|p2a: Pecharunt|Pecharunt, L77|262/262\n|turn|5\n|inactive|Time left: 300 sec this turn | 300 sec total\n|\n|t:|1783561602\n|move|p1a: Sneasler|Close Combat|p2a: Pecharunt\n|-immune|p2a: Pecharunt\n|move|p2a: Pecharunt|Malignant Chain|p1a: Sneasler\n|-resisted|p1a: Sneasler\n|-damage|p1a: Sneasler|0 fnt\n|faint|p1a: Sneasler\n|\n|upkeep\n|\n|t:|1783561603\n|switch|p1a: Magmortar|Magmortar, L88, M|100/100\n|turn|6\n|inactive|Time left: 300 sec this turn | 300 sec total\n|\n|t:|1783561604\n|move|p1a: Magmortar|Fire Blast|p2a: Pecharunt\n|-damage|p2a: Pecharunt|76/262\n|move|p2a: Pecharunt|Parting Shot|p1a: Magmortar\n|-unboost|p1a: Magmortar|atk|1\n|-unboost|p1a: Magmortar|spa|1\n|inactive|Time left: 300 sec this turn | 300 sec total | 5 sec grace\n|\n|t:|1783561605\n|switch|p2a: Emboar|Emboar, L84, M|322/322|[from] Parting Shot\n|\n|upkeep\n|turn|7\n|inactive|Time left: 300 sec this turn | 300 sec total\n|\n|t:|1783561606\n|switch|p1a: Farigiraf|Farigiraf, L90, M|100/100\n|move|p2a: Emboar|Knock Off|p1a: Farigiraf\n|-supereffective|p1a: Farigiraf\n|-damage|p1a: Farigiraf|49/100\n|-enditem|p1a: Farigiraf|Leftovers|[from] move: Knock Off|[of] p2a: Emboar\n|\n|upkeep\n|turn|8\n|inactive|Time left: 300 sec this turn | 300 sec total\n|\n|t:|1783561607\n|move|p1a: Farigiraf|Psychic Noise|p2a: Emboar\n|-supereffective|p2a: Emboar\n|-damage|p2a: Emboar|152/322\n|-start|p2a: Emboar|move: Heal Block\n|move|p2a: Emboar|Flare Blitz|p1a: Farigiraf\n|-damage|p1a: Farigiraf|0 fnt\n|faint|p1a: Farigiraf\n|-damage|p2a: Emboar|95/322|[from] Recoil\n|\n|upkeep\n|\n|t:|1783561608\n|switch|p1a: Suicune|Suicune, L82|100/100\n|-ability|p1a: Suicune|Pressure\n|turn|9\n|inactive|Time left: 300 sec this turn | 300 sec total\n|\n|t:|1783561609\n|switch|p2a: Gardevoir|Gardevoir, L83, F|249/249\n|-ability|p2a: Gardevoir|Pressure|Trace|[from] ability: Trace|[of] p1a: Suicune\n|-ability|p2a: Gardevoir|Pressure\n|move|p1a: Suicune|Scald|p2a: Gardevoir\n|-damage|p2a: Gardevoir|189/249\n|\n|upkeep\n|turn|10\n|inactive|Time left: 300 sec this turn | 300 sec total\n|\n|t:|1783561610\n|move|p1a: Suicune|Calm Mind|p1a: Suicune\n|-boost|p1a: Suicune|spa|1\n|-boost|p1a: Suicune|spd|1\n|move|p2a: Gardevoir|Calm Mind|p2a: Gardevoir\n|-boost|p2a: Gardevoir|spa|1\n|-boost|p2a: Gardevoir|spd|1\n|\n|upkeep\n|turn|11\n|inactive|Time left: 300 sec this turn | 300 sec total\n|\n|t:|1783561611\n|move|p1a: Suicune|Calm Mind|p1a: Suicune\n|-boost|p1a: Suicune|spa|1\n|-boost|p1a: Suicune|spd|1\n|move|p2a: Gardevoir|Calm Mind|p2a: Gardevoir\n|-boost|p2a: Gardevoir|spa|1\n|-boost|p2a: Gardevoir|spd|1\n|\n|upkeep\n|turn|12\n|inactive|Time left: 300 sec this turn | 300 sec total\n|\n|t:|1783561612\n|move|p1a: Suicune|Scald|p2a: Gardevoir\n|-damage|p2a: Gardevoir|129/249\n|move|p2a: Gardevoir|Psyshock|p1a: Suicune\n|-damage|p1a: Suicune|29/100\n|-damage|p2a: Gardevoir|105/249|[from] item: Life Orb\n|\n|-heal|p1a: Suicune|35/100|[from] item: Leftovers\n|upkeep\n|turn|13\n|inactive|Time left: 300 sec this turn | 300 sec total\n|\n|t:|1783561614\n|move|p1a: Suicune|Scald|p2a: Gardevoir\n|-damage|p2a: Gardevoir|36/249\n|move|p2a: Gardevoir|Psyshock|p1a: Suicune\n|-damage|p1a: Suicune|0 fnt\n|faint|p1a: Suicune\n|-damage|p2a: Gardevoir|12/249|[from] item: Life Orb\n|\n|upkeep\n|\n|t:|1783561615\n|switch|p1a: Magmortar|Magmortar, L88, M|100/100\n|turn|14\n|inactive|Time left: 300 sec this turn | 300 sec total\n|\n|t:|1783561616\n|move|p1a: Magmortar|Thunderbolt|p2a: Gardevoir\n|-damage|p2a: Gardevoir|0 fnt\n|faint|p2a: Gardevoir\n|\n|upkeep\n|inactive|Time left: 300 sec this turn | 300 sec total | 5 sec grace\n|\n|t:|1783561617\n|switch|p2a: Emboar|Emboar, L84, M|95/322\n|turn|15\n|inactive|Time left: 300 sec this turn | 300 sec total\n|\n|t:|1783561618\n|move|p1a: Magmortar|Fire Blast|p2a: Emboar\n|-resisted|p2a: Emboar\n|-damage|p2a: Emboar|32/322\n|move|p2a: Emboar|Close Combat|p1a: Magmortar\n|-damage|p1a: Magmortar|34/100\n|-unboost|p2a: Emboar|def|1\n|-unboost|p2a: Emboar|spd|1\n|\n|upkeep\n|turn|16\n|inactive|Time left: 300 sec this turn | 300 sec total\n|\n|t:|1783561620\n|move|p1a: Magmortar|Fire Blast|p2a: Emboar\n|-resisted|p2a: Emboar\n|-damage|p2a: Emboar|0 fnt\n|faint|p2a: Emboar\n|\n|upkeep\n|inactive|Time left: 300 sec this turn | 300 sec total | 5 sec grace\n|\n|t:|1783561621\n|switch|p2a: Ribombee|Ribombee, L83, M|235/235\n|turn|17\n|inactive|Time left: 300 sec this turn | 300 sec total\n|\n|t:|1783561622\n|-terastallize|p2a: Ribombee|Ground\n|move|p2a: Ribombee|Quiver Dance|p2a: Ribombee\n|-boost|p2a: Ribombee|spa|1\n|-boost|p2a: Ribombee|spd|1\n|-boost|p2a: Ribombee|spe|1\n|move|p1a: Magmortar|Fire Blast|p2a: Ribombee\n|-damage|p2a: Ribombee|120/235\n|\n|upkeep\n|turn|18\n|inactive|Time left: 300 sec this turn | 300 sec total\n|\n|t:|1783561623\n|move|p2a: Ribombee|Tera Blast|p1a: Magmortar|[anim] Tera Blast Ground\n|-supereffective|p1a: Magmortar\n|-damage|p1a: Magmortar|0 fnt\n|faint|p1a: Magmortar\n|\n|upkeep\n|\n|t:|1783561624\n|switch|p1a: Gogoat|Gogoat, L88, F|100/100\n|turn|19\n|inactive|Time left: 300 sec this turn | 300 sec total\n|\n|t:|1783561625\n|-terastallize|p1a: Gogoat|Ground\n|move|p2a: Ribombee|Bug Buzz|p1a: Gogoat\n|-damage|p1a: Gogoat|60/100\n|move|p1a: Gogoat|Earthquake|p2a: Ribombee\n|-damage|p2a: Ribombee|0 fnt\n|faint|p2a: Ribombee\n|\n|-heal|p1a: Gogoat|66/100|[from] item: Leftovers\n|upkeep\n|inactive|Time left: 300 sec this turn | 300 sec total | 5 sec grace\n|\n|t:|1783561625\n|switch|p2a: Pecharunt|Pecharunt, L77|76/262\n|turn|20\n|inactive|Time left: 300 sec this turn | 300 sec total\n|\n|t:|1783561626\n|move|p2a: Pecharunt|Malignant Chain|p1a: Gogoat\n|-resisted|p1a: Gogoat\n|-damage|p1a: Gogoat|54/100\n|-status|p1a: Gogoat|tox\n|-start|p1a: Gogoat|confusion|[from] ability: Poison Puppeteer|[of] p2a: Pecharunt\n|-activate|p1a: Gogoat|confusion\n|move|p1a: Gogoat|Bulk Up|p1a: Gogoat\n|-boost|p1a: Gogoat|atk|1\n|-boost|p1a: Gogoat|def|1\n|\n|-heal|p1a: Gogoat|60/100 tox|[from] item: Leftovers\n|-damage|p1a: Gogoat|54/100 tox|[from] psn\n|upkeep\n|turn|21\n|inactive|Time left: 300 sec this turn | 300 sec total\n|\n|t:|1783561627\n|move|p2a: Pecharunt|Parting Shot|p1a: Gogoat\n|-unboost|p1a: Gogoat|atk|1\n|-unboost|p1a: Gogoat|spa|1\n|inactive|Time left: 300 sec this turn | 300 sec total | 5 sec grace\n|\n|t:|1783561628\n|switch|p2a: Bronzong|Bronzong, L88|261/261|[from] Parting Shot\n|-activate|p1a: Gogoat|confusion\n|move|p1a: Gogoat|Milk Drink|p1a: Gogoat\n|-heal|p1a: Gogoat|100/100 tox\n|\n|-damage|p1a: Gogoat|88/100 tox|[from] psn\n|upkeep\n|turn|22\n|inactive|Time left: 300 sec this turn | 300 sec total\n|\n|t:|1783561629\n|-activate|p1a: Gogoat|confusion\n|move|p1a: Gogoat|Milk Drink|p1a: Gogoat\n|-heal|p1a: Gogoat|100/100 tox\n|move|p2a: Bronzong|Psychic Noise|p1a: Gogoat\n|-damage|p1a: Gogoat|80/100 tox\n|-start|p1a: Gogoat|move: Heal Block\n|\n|-damage|p1a: Gogoat|62/100 tox|[from] psn\n|upkeep\n|turn|23\n|inactive|Time left: 300 sec this turn | 300 sec total\n|\n|t:|1783561630\n|-activate|p1a: Gogoat|confusion\n|move|p1a: Gogoat|Bulk Up|p1a: Gogoat\n|-boost|p1a: Gogoat|atk|1\n|-boost|p1a: Gogoat|def|1\n|move|p2a: Bronzong|Rest|p2a: Bronzong\n|-fail|p2a: Bronzong|heal\n|\n|-damage|p1a: Gogoat|38/100 tox|[from] psn\n|-end|p1a: Gogoat|move: Heal Block\n|upkeep\n|turn|24\n|inactive|Time left: 300 sec this turn | 300 sec total\n|\n|t:|1783561630\n|-end|p1a: Gogoat|confusion\n|move|p1a: Gogoat|Milk Drink|p1a: Gogoat\n|-heal|p1a: Gogoat|88/100 tox\n|move|p2a: Bronzong|Psychic Noise|p1a: Gogoat\n|-damage|p1a: Gogoat|67/100 tox\n|-start|p1a: Gogoat|move: Heal Block\n|\n|-damage|p1a: Gogoat|37/100 tox|[from] psn\n|upkeep\n|turn|25\n|inactive|Time left: 300 sec this turn | 300 sec total\n|\n|t:|1783561631\n|move|p1a: Gogoat|Earthquake|p2a: Bronzong\n|-immune|p2a: Bronzong|[from] ability: Levitate\n|move|p2a: Bronzong|Psychic Noise|p1a: Gogoat\n|-damage|p1a: Gogoat|17/100 tox\n|\n|-damage|p1a: Gogoat|0 fnt|[from] psn\n|faint|p1a: Gogoat\n|\n|win|p0y1929dfd2", "uploadtime": 1783561631, "views": 0, "rating": 0, "private": 0, "password": null, "_winner": "p0y1929dfd2", "_our_name": "p0y1929dfd2"}