{"id": "battle-gen9randombattle-212", "formatid": "gen9randombattle", "format": "[Gen 9] Random Battle", "players": ["p0x212c811", "p0y212aaa9"], "log": "|init|battle\n|title|p0x212c811 vs. p0y212aaa9\n|j|\u2606p0x212c811\n|j|\u2606p0y212aaa9\n|t:|1783536216\n|gametype|singles\n|player|p1|p0x212c811|102|\n|player|p2|p0y212aaa9|101|\n|gen|9\n|tier|[Gen 9] Random Battle\n|rule|Species Clause: Limit one of each Pok\u00e9mon\n|rule|HP Percentage Mod: HP is shown in percentages\n|rule|Sleep Clause Mod: Limit one foe put to sleep\n|rule|Illusion Level Mod: Illusion disguises the Pok\u00e9mon's true level\n|\n|t:|1783536216\n|teamsize|p1|6\n|teamsize|p2|6\n|start\n|switch|p1a: Azelf|Azelf, L82|257/257\n|switch|p2a: Conkeldurr|Conkeldurr, L80, F|100/100\n|turn|1\n|inactive|Battle timer is ON: inactive players will automatically lose when time's up. (requested by p0y212aaa9)\n|inactive|Time left: 300 sec this turn | 300 sec total | 60 sec grace\n|\n|t:|1783536217\n|-terastallize|p2a: Conkeldurr|Normal\n|move|p1a: Azelf|Psychic|p2a: Conkeldurr\n|-damage|p2a: Conkeldurr|53/100\n|-unboost|p2a: Conkeldurr|spd|1\n|move|p2a: Conkeldurr|Knock Off|p1a: Azelf\n|-supereffective|p1a: Azelf\n|-damage|p1a: Azelf|67/257\n|-enditem|p1a: Azelf|Focus Sash|[from] move: Knock Off|[of] p2a: Conkeldurr\n|\n|-status|p2a: Conkeldurr|brn|[from] item: Flame Orb\n|upkeep\n|turn|2\n|inactive|Time left: 300 sec this turn | 300 sec total\n|inactive|p0x212c811 also wants the timer to be on.\n|\n|t:|1783536219\n|switch|p2a: Ting-Lu|Ting-Lu, L78|100/100\n|-ability|p2a: Ting-Lu|Vessel of Ruin\n|move|p1a: Azelf|Psychic|p2a: Ting-Lu\n|-immune|p2a: Ting-Lu\n|\n|upkeep\n|turn|3\n|inactive|Time left: 300 sec this turn | 300 sec total\n|\n|t:|1783536220\n|move|p1a: Azelf|Stealth Rock|p2a: Ting-Lu\n|-sidestart|p2: p0y212aaa9|move: Stealth Rock\n|move|p2a: Ting-Lu|Spikes|p1a: Azelf\n|-sidestart|p1: p0x212c811|Spikes\n|\n|upkeep\n|turn|4\n|inactive|Time left: 300 sec this turn | 300 sec total\n|\n|t:|1783536221\n|move|p1a: Azelf|Fire Blast|p2a: Ting-Lu\n|-damage|p2a: Ting-Lu|80/100\n|move|p2a: Ting-Lu|Heavy Slam|p1a: Azelf\n|-damage|p1a: Azelf|0 fnt\n|faint|p1a: Azelf\n|\n|-heal|p2a: Ting-Lu|86/100|[from] item: Leftovers\n|upkeep\n|inactive|Time left: 300 sec this turn | 300 sec total | 5 sec grace\n|\n|t:|1783536222\n|switch|p1a: Avalugg|Avalugg-Hisui, L90, M|317/317\n|turn|5\n|inactive|Time left: 300 sec this turn | 300 sec total\n|\n|t:|1783536224\n|move|p2a: Ting-Lu|Earthquake|p1a: Avalugg\n|-supereffective|p1a: Avalugg\n|-damage|p1a: Avalugg|213/317\n|move|p1a: Avalugg|Avalanche|p2a: Ting-Lu\n|-supereffective|p2a: Ting-Lu\n|-damage|p2a: Ting-Lu|0 fnt\n|faint|p2a: Ting-Lu\n|\n|upkeep\n|\n|t:|1783536225\n|switch|p2a: Ampharos|Ampharos, L88, F|100/100\n|-damage|p2a: Ampharos|88/100|[from] Stealth Rock\n|turn|6\n|inactive|Time left: 300 sec this turn | 300 sec total\n|\n|t:|1783536226\n|switch|p1a: Zekrom|Zekrom, L71|259/259\n|-damage|p1a: Zekrom|227/259|[from] Spikes\n|-ability|p1a: Zekrom|Teravolt\n|move|p2a: Ampharos|Thunderbolt|p1a: Zekrom\n|-resisted|p1a: Zekrom\n|-damage|p1a: Zekrom|198/259\n|\n|-heal|p1a: Zekrom|214/259|[from] item: Leftovers\n|upkeep\n|turn|7\n|inactive|Time left: 300 sec this turn | 300 sec total\n|\n|t:|1783536227\n|move|p1a: Zekrom|Outrage|p2a: Ampharos\n|-damage|p2a: Ampharos|48/100\n|move|p2a: Ampharos|Dazzling Gleam|p1a: Zekrom\n|-supereffective|p1a: Zekrom\n|-damage|p1a: Zekrom|62/259\n|\n|-heal|p1a: Zekrom|78/259|[from] item: Leftovers\n|upkeep\n|turn|8\n|inactive|Time left: 300 sec this turn | 300 sec total\n|\n|t:|1783536228\n|switch|p2a: Iron Treads|Iron Treads, L77|100/100\n|-damage|p2a: Iron Treads|97/100|[from] Stealth Rock\n|move|p1a: Zekrom|Outrage|p2a: Iron Treads|[from] lockedmove\n|-resisted|p2a: Iron Treads\n|-damage|p2a: Iron Treads|76/100\n|-start|p1a: Zekrom|confusion|[fatigue]\n|\n|-heal|p1a: Zekrom|94/259|[from] item: Leftovers\n|upkeep\n|turn|9\n|inactive|Time left: 300 sec this turn | 300 sec total\n|\n|t:|1783536229\n|switch|p1a: Spectrier|Spectrier, L75|274/274\n|-damage|p1a: Spectrier|240/274|[from] Spikes\n|move|p2a: Iron Treads|Rapid Spin|p1a: Spectrier\n|-immune|p1a: Spectrier\n|\n|upkeep\n|turn|10\n|inactive|Time left: 300 sec this turn | 300 sec total\n|\n|t:|1783536230\n|move|p1a: Spectrier|Nasty Plot|p1a: Spectrier\n|-boost|p1a: Spectrier|spa|2\n|move|p2a: Iron Treads|Knock Off|p1a: Spectrier\n|-supereffective|p1a: Spectrier\n|-damage|p1a: Spectrier|44/274\n|-enditem|p1a: Spectrier|Life Orb|[from] move: Knock Off|[of] p2a: Iron Treads\n|\n|upkeep\n|turn|11\n|inactive|Time left: 300 sec this turn | 300 sec total\n|\n|t:|1783536231\n|move|p1a: Spectrier|Dark Pulse|p2a: Iron Treads\n|-damage|p2a: Iron Treads|32/100\n|move|p2a: Iron Treads|Earthquake|p1a: Spectrier\n|-damage|p1a: Spectrier|0 fnt\n|faint|p1a: Spectrier\n|\n|upkeep\n|inactive|Time left: 300 sec this turn | 300 sec total | 5 sec grace\n|\n|t:|1783536232\n|switch|p1a: Arceus|Arceus-Ground, L70|284/284\n|-damage|p1a: Arceus|249/284|[from] Spikes\n|turn|12\n|inactive|Time left: 300 sec this turn | 300 sec total\n|\n|t:|1783536233\n|-end|p2a: Iron Treads|Quark Drive|[silent]\n|switch|p2a: Delibird|Delibird, M|100/100\n|move|p1a: Arceus|Judgment|p2a: Delibird\n|-immune|p2a: Delibird\n|\n|upkeep\n|turn|13\n|inactive|Time left: 300 sec this turn | 300 sec total\n|\n|t:|1783536234\n|switch|p1a: Avalugg|Avalugg-Hisui, L90, M|213/317\n|move|p2a: Delibird|Ice Spinner|p1a: Avalugg\n|-resisted|p1a: Avalugg\n|-damage|p1a: Avalugg|183/317\n|\n|upkeep\n|turn|14\n|inactive|Time left: 300 sec this turn | 300 sec total\n|\n|t:|1783536235\n|switch|p2a: Iron Treads|Iron Treads, L77|32/100\n|-damage|p2a: Iron Treads|29/100|[from] Stealth Rock\n|move|p1a: Avalugg|Body Press|p2a: Iron Treads\n|-supereffective|p2a: Iron Treads\n|-damage|p2a: Iron Treads|0 fnt\n|faint|p2a: Iron Treads\n|-end|p2a: Iron Treads|Quark Drive|[silent]\n|\n|upkeep\n|\n|t:|1783536236\n|switch|p2a: Iron Jugulis|Iron Jugulis, L77|100/100\n|-damage|p2a: Iron Jugulis|76/100|[from] Stealth Rock\n|turn|15\n|inactive|Time left: 300 sec this turn | 300 sec total\n|\n|t:|1783536237\n|switch|p1a: Zekrom|Zekrom, L71|94/259\n|-damage|p1a: Zekrom|62/259|[from] Spikes\n|-ability|p1a: Zekrom|Teravolt\n|move|p2a: Iron Jugulis|Dark Pulse|p1a: Zekrom\n|-damage|p1a: Zekrom|0 fnt\n|faint|p1a: Zekrom\n|\n|upkeep\n|inactive|Time left: 300 sec this turn | 300 sec total | 5 sec grace\n|\n|t:|1783536239\n|switch|p1a: Groudon|Groudon, L72|263/263\n|-damage|p1a: Groudon|231/263|[from] Spikes\n|-weather|SunnyDay|[from] ability: Drought|[of] p1a: Groudon\n|turn|16\n|inactive|Time left: 300 sec this turn | 300 sec total\n|\n|t:|1783536240\n|-terastallize|p1a: Groudon|Fire\n|move|p2a: Iron Jugulis|Dark Pulse|p1a: Groudon\n|-crit|p1a: Groudon\n|-damage|p1a: Groudon|0 fnt\n|faint|p1a: Groudon\n|\n|-weather|SunnyDay|[upkeep]\n|upkeep\n|inactive|Time left: 300 sec this turn | 300 sec total | 5 sec grace\n|\n|t:|1783536241\n|switch|p1a: Arceus|Arceus-Ground, L70|249/284\n|-damage|p1a: Arceus|214/284|[from] Spikes\n|turn|17\n|inactive|Time left: 300 sec this turn | 300 sec total\n|\n|t:|1783536242\n|move|p2a: Iron Jugulis|Dark Pulse|p1a: Arceus\n|-damage|p1a: Arceus|85/284\n|cant|p1a: Arceus|flinch\n|\n|-weather|SunnyDay|[upkeep]\n|upkeep\n|turn|18\n|inactive|Time left: 300 sec this turn | 300 sec total\n|\n|t:|1783536243\n|move|p2a: Iron Jugulis|Dark Pulse|p1a: Arceus\n|-damage|p1a: Arceus|0 fnt\n|faint|p1a: Arceus\n|\n|-weather|SunnyDay|[upkeep]\n|upkeep\n|inactive|Time left: 300 sec this turn | 300 sec total | 5 sec grace\n|\n|t:|1783536244\n|switch|p1a: Avalugg|Avalugg-Hisui, L90, M|183/317\n|turn|19\n|inactive|Time left: 300 sec this turn | 300 sec total\n|\n|t:|1783536244\n|move|p2a: Iron Jugulis|Dark Pulse|p1a: Avalugg\n|-damage|p1a: Avalugg|0 fnt\n|faint|p1a: Avalugg\n|\n|win|p0y212aaa9", "uploadtime": 1783536244, "views": 0, "rating": 0, "private": 0, "password": null, "_winner": "p0y212aaa9", "_our_name": "p0x212c811"}