{"id": "battle-gen9randombattle-2163", "formatid": "gen9randombattle", "format": "[Gen 9] Random Battle", "players": ["p0x2163cd80", "p0y2163e394"], "log": "|init|battle\n|title|p0x2163cd80 vs. p0y2163e394\n|j|\u2606p0x2163cd80\n|j|\u2606p0y2163e394\n|t:|1783565042\n|gametype|singles\n|player|p1|p0x2163cd80|102|\n|player|p2|p0y2163e394|169|\n|gen|9\n|tier|[Gen 9] Random Battle\n|rule|Species Clause: Limit one of each Pok\u00e9mon\n|rule|HP Percentage Mod: HP is shown in percentages\n|rule|Sleep Clause Mod: Limit one foe put to sleep\n|rule|Illusion Level Mod: Illusion disguises the Pok\u00e9mon's true level\n|\n|t:|1783565042\n|teamsize|p1|6\n|teamsize|p2|6\n|start\n|switch|p1a: Decidueye|Decidueye, L88, M|100/100\n|switch|p2a: Annihilape|Annihilape, L76, F|292/292\n|turn|1\n|inactive|Battle timer is ON: inactive players will automatically lose when time's up. (requested by p0y2163e394)\n|\n|t:|1783565044\n|switch|p2a: Mightyena|Mightyena, L96, M|290/290\n|-ability|p2a: Mightyena|Intimidate|boost\n|-unboost|p1a: Decidueye|atk|1\n|move|p1a: Decidueye|Spirit Shackle|p2a: Mightyena\n|-resisted|p2a: Mightyena\n|-damage|p2a: Mightyena|257/290\n|-activate|p2a: Mightyena|trapped\n|\n|upkeep\n|turn|2\n|inactive|Time left: 300 sec this turn | 300 sec total\n|inactive|p0x2163cd80 also wants the timer to be on.\n|\n|t:|1783565046\n|switch|p1a: Landorus|Landorus-Therian, L76, M|100/100\n|-ability|p1a: Landorus|Intimidate|boost\n|-unboost|p2a: Mightyena|atk|1\n|move|p2a: Mightyena|Crunch|p1a: Landorus\n|-damage|p1a: Landorus|72/100\n|\n|-heal|p1a: Landorus|78/100|[from] item: Leftovers\n|upkeep\n|turn|3\n|inactive|Time left: 300 sec this turn | 300 sec total\n|\n|t:|1783565047\n|switch|p2a: Hatterene|Hatterene, L85, F|236/236\n|move|p1a: Landorus|Stealth Rock|p2a: Hatterene\n|move|p2a: Hatterene|Stealth Rock|p1a: Landorus|[from] ability: Magic Bounce\n|-sidestart|p1: p0x2163cd80|move: Stealth Rock\n|\n|-heal|p1a: Landorus|84/100|[from] item: Leftovers\n|upkeep\n|turn|4\n|inactive|Time left: 300 sec this turn | 300 sec total\n|\n|t:|1783565048\n|move|p1a: Landorus|Earthquake|p2a: Hatterene\n|-damage|p2a: Hatterene|122/236\n|move|p2a: Hatterene|Draining Kiss|p1a: Landorus\n|-damage|p1a: Landorus|53/100\n|-heal|p2a: Hatterene|183/236|[from] drain|[of] p1a: Landorus\n|\n|-heal|p1a: Landorus|59/100|[from] item: Leftovers\n|-heal|p2a: Hatterene|197/236|[from] item: Leftovers\n|upkeep\n|turn|5\n|inactive|Time left: 300 sec this turn | 300 sec total\n|\n|t:|1783565049\n|move|p1a: Landorus|Earthquake|p2a: Hatterene\n|-crit|p2a: Hatterene\n|-damage|p2a: Hatterene|34/236\n|move|p2a: Hatterene|Draining Kiss|p1a: Landorus\n|-damage|p1a: Landorus|29/100\n|-heal|p2a: Hatterene|93/236|[from] drain|[of] p1a: Landorus\n|\n|-heal|p1a: Landorus|35/100|[from] item: Leftovers\n|-heal|p2a: Hatterene|107/236|[from] item: Leftovers\n|upkeep\n|turn|6\n|inactive|Time left: 300 sec this turn | 300 sec total\n|\n|t:|1783565050\n|switch|p2a: Mightyena|Mightyena, L96, M|257/290\n|-ability|p2a: Mightyena|Intimidate|boost\n|-unboost|p1a: Landorus|atk|1\n|move|p1a: Landorus|Earthquake|p2a: Mightyena\n|-damage|p2a: Mightyena|178/290\n|\n|-heal|p1a: Landorus|41/100|[from] item: Leftovers\n|upkeep\n|turn|7\n|inactive|Time left: 300 sec this turn | 300 sec total\n|\n|t:|1783565051\n|move|p2a: Mightyena|Crunch|p1a: Landorus\n|-damage|p1a: Landorus|0 fnt\n|faint|p1a: Landorus\n|\n|upkeep\n|\n|t:|1783565052\n|switch|p1a: Morpeko|Morpeko, L88, F|100/100\n|-damage|p1a: Morpeko|88/100|[from] Stealth Rock\n|turn|8\n|inactive|Time left: 300 sec this turn | 300 sec total\n|\n|t:|1783565053\n|move|p1a: Morpeko|Aura Wheel|p2a: Mightyena\n|-damage|p2a: Mightyena|46/290\n|-boost|p1a: Morpeko|spe|1\n|move|p2a: Mightyena|Play Rough|p1a: Morpeko\n|-supereffective|p1a: Morpeko\n|-damage|p1a: Morpeko|9/100\n|\n|-heal|p1a: Morpeko|15/100|[from] item: Leftovers\n|-formechange|p1a: Morpeko|Morpeko-Hangry||[from] ability: Hunger Switch\n|upkeep\n|turn|9\n|inactive|Time left: 300 sec this turn | 300 sec total\n|\n|t:|1783565054\n|move|p2a: Mightyena|Sucker Punch|p1a: Morpeko\n|-resisted|p1a: Morpeko\n|-damage|p1a: Morpeko|0 fnt\n|faint|p1a: Morpeko\n|\n|upkeep\n|\n|t:|1783565055\n|switch|p1a: Hitmonchan|Hitmonchan, L87, M|100/100\n|-damage|p1a: Hitmonchan|94/100|[from] Stealth Rock\n|turn|10\n|inactive|Time left: 300 sec this turn | 300 sec total\n|\n|t:|1783565056\n|-terastallize|p2a: Mightyena|Fairy\n|move|p2a: Mightyena|Play Rough|p1a: Hitmonchan\n|-supereffective|p1a: Hitmonchan\n|-damage|p1a: Hitmonchan|0 fnt\n|faint|p1a: Hitmonchan\n|\n|upkeep\n|\n|t:|1783565057\n|switch|p1a: Metagross|Metagross, L79|100/100\n|-damage|p1a: Metagross|94/100|[from] Stealth Rock\n|turn|11\n|inactive|Time left: 300 sec this turn | 300 sec total\n|\n|t:|1783565058\n|move|p2a: Mightyena|Crunch|p1a: Metagross\n|-supereffective|p1a: Metagross\n|-damage|p1a: Metagross|36/100\n|-enditem|p1a: Metagross|Weakness Policy\n|-boost|p1a: Metagross|atk|2|[from] item: Weakness Policy\n|-boost|p1a: Metagross|spa|2|[from] item: Weakness Policy\n|move|p1a: Metagross|Agility|p1a: Metagross\n|-boost|p1a: Metagross|spe|2\n|\n|upkeep\n|turn|12\n|inactive|Time left: 300 sec this turn | 300 sec total\n|\n|t:|1783565059\n|-terastallize|p1a: Metagross|Ground\n|move|p2a: Mightyena|Sucker Punch|p1a: Metagross\n|-damage|p1a: Metagross|9/100\n|move|p1a: Metagross|Heavy Slam|p2a: Mightyena\n|-supereffective|p2a: Mightyena\n|-damage|p2a: Mightyena|0 fnt\n|faint|p2a: Mightyena\n|\n|upkeep\n|inactive|Time left: 300 sec this turn | 300 sec total | 5 sec grace\n|\n|t:|1783565061\n|switch|p2a: Spidops|Spidops, L96, M|271/271\n|turn|13\n|inactive|Time left: 300 sec this turn | 300 sec total\n|\n|t:|1783565062\n|move|p1a: Metagross|Heavy Slam|p2a: Spidops\n|-damage|p2a: Spidops|28/271\n|move|p2a: Spidops|Knock Off|p1a: Metagross\n|-damage|p1a: Metagross|0 fnt\n|faint|p1a: Metagross\n|\n|upkeep\n|\n|t:|1783565063\n|switch|p1a: Decidueye|Decidueye, L88, M|100/100\n|-damage|p1a: Decidueye|88/100|[from] Stealth Rock\n|turn|14\n|inactive|Time left: 300 sec this turn | 300 sec total\n|\n|t:|1783565064\n|switch|p2a: Probopass|Probopass, L91, M|257/257\n|move|p1a: Decidueye|Spirit Shackle|p2a: Probopass\n|-damage|p2a: Probopass|190/257\n|-activate|p2a: Probopass|trapped\n|\n|upkeep\n|turn|15\n|inactive|Time left: 300 sec this turn | 300 sec total\n|\n|t:|1783565065\n|move|p1a: Decidueye|Knock Off|p2a: Probopass\n|-damage|p2a: Probopass|137/257\n|-enditem|p2a: Probopass|Chesto Berry|[from] move: Knock Off|[of] p1a: Decidueye\n|move|p2a: Probopass|Iron Defense|p2a: Probopass\n|-boost|p2a: Probopass|def|2\n|\n|upkeep\n|turn|16\n|inactive|Time left: 300 sec this turn | 300 sec total\n|\n|t:|1783565066\n|move|p1a: Decidueye|Spirit Shackle|p2a: Probopass\n|-damage|p2a: Probopass|104/257\n|move|p2a: Probopass|Power Gem|p1a: Decidueye\n|-damage|p1a: Decidueye|72/100\n|\n|upkeep\n|turn|17\n|inactive|Time left: 300 sec this turn | 300 sec total\n|\n|t:|1783565067\n|move|p1a: Decidueye|Spirit Shackle|p2a: Probopass\n|-damage|p2a: Probopass|70/257\n|move|p2a: Probopass|Rest|p2a: Probopass\n|-status|p2a: Probopass|slp|[from] move: Rest\n|-heal|p2a: Probopass|257/257 slp|[silent]\n|\n|upkeep\n|turn|18\n|inactive|Time left: 300 sec this turn | 300 sec total\n|\n|t:|1783565068\n|move|p1a: Decidueye|Knock Off|p2a: Probopass\n|-damage|p2a: Probopass|240/257 slp\n|cant|p2a: Probopass|slp\n|\n|upkeep\n|turn|19\n|inactive|Time left: 300 sec this turn | 300 sec total\n|\n|t:|1783565069\n|move|p1a: Decidueye|Knock Off|p2a: Probopass\n|-damage|p2a: Probopass|222/257 slp\n|cant|p2a: Probopass|slp\n|\n|upkeep\n|turn|20\n|inactive|Time left: 300 sec this turn | 300 sec total\n|\n|t:|1783565070\n|move|p1a: Decidueye|Spirit Shackle|p2a: Probopass\n|-damage|p2a: Probopass|191/257 slp\n|-curestatus|p2a: Probopass|slp|[msg]\n|move|p2a: Probopass|Power Gem|p1a: Decidueye\n|-damage|p1a: Decidueye|53/100\n|\n|upkeep\n|turn|21\n|inactive|Time left: 300 sec this turn | 300 sec total\n|\n|t:|1783565071\n|move|p1a: Decidueye|Spirit Shackle|p2a: Probopass\n|-damage|p2a: Probopass|157/257\n|move|p2a: Probopass|Iron Defense|p2a: Probopass\n|-boost|p2a: Probopass|def|2\n|\n|upkeep\n|turn|22\n|inactive|Time left: 300 sec this turn | 300 sec total\n|\n|t:|1783565073\n|move|p1a: Decidueye|Spirit Shackle|p2a: Probopass\n|-crit|p2a: Probopass\n|-damage|p2a: Probopass|60/257\n|move|p2a: Probopass|Power Gem|p1a: Decidueye\n|-damage|p1a: Decidueye|37/100\n|\n|upkeep\n|turn|23\n|inactive|Time left: 300 sec this turn | 300 sec total\n|\n|t:|1783565074\n|move|p1a: Decidueye|Leaf Storm|p2a: Probopass\n|-damage|p2a: Probopass|0 fnt\n|-unboost|p1a: Decidueye|spa|2\n|faint|p2a: Probopass\n|\n|upkeep\n|inactive|Time left: 300 sec this turn | 300 sec total | 5 sec grace\n|\n|t:|1783565074\n|switch|p2a: Annihilape|Annihilape, L76, F|292/292\n|turn|24\n|inactive|Time left: 300 sec this turn | 300 sec total\n|\n|t:|1783565075\n|switch|p1a: Blissey|Blissey, L85, F|100/100\n|-damage|p1a: Blissey|88/100|[from] Stealth Rock\n|move|p2a: Annihilape|Rage Fist|p1a: Blissey\n|-immune|p1a: Blissey\n|\n|-heal|p1a: Blissey|94/100|[from] item: Leftovers\n|upkeep\n|turn|25\n|inactive|Time left: 300 sec this turn | 300 sec total\n|\n|t:|1783565077\n|move|p2a: Annihilape|Drain Punch|p1a: Blissey\n|-supereffective|p1a: Blissey\n|-damage|p1a: Blissey|17/100\n|move|p1a: Blissey|Thunder Wave|p2a: Annihilape\n|-status|p2a: Annihilape|par\n|\n|-heal|p1a: Blissey|23/100|[from] item: Leftovers\n|upkeep\n|turn|26\n|inactive|Time left: 300 sec this turn | 300 sec total\n|\n|t:|1783565078\n|switch|p1a: Decidueye|Decidueye, L88, M|37/100\n|-damage|p1a: Decidueye|24/100|[from] Stealth Rock\n|cant|p2a: Annihilape|par\n|\n|upkeep\n|turn|27\n|inactive|Time left: 300 sec this turn | 300 sec total\n|\n|t:|1783565079\n|move|p1a: Decidueye|Spirit Shackle|p2a: Annihilape\n|-supereffective|p2a: Annihilape\n|-damage|p2a: Annihilape|34/292 par\n|move|p2a: Annihilape|Rage Fist|p1a: Decidueye\n|-supereffective|p1a: Decidueye\n|-damage|p1a: Decidueye|0 fnt\n|faint|p1a: Decidueye\n|\n|upkeep\n|\n|t:|1783565080\n|switch|p1a: Blissey|Blissey, L85, F|23/100\n|-damage|p1a: Blissey|10/100|[from] Stealth Rock\n|turn|28\n|inactive|Time left: 300 sec this turn | 300 sec total\n|\n|t:|1783565081\n|move|p1a: Blissey|Soft-Boiled|p1a: Blissey\n|-heal|p1a: Blissey|60/100\n|move|p2a: Annihilape|Drain Punch|p1a: Blissey\n|-supereffective|p1a: Blissey\n|-damage|p1a: Blissey|0 fnt\n|-heal|p2a: Annihilape|205/292 par|[from] drain|[of] p1a: Blissey\n|faint|p1a: Blissey\n|\n|win|p0y2163e394", "uploadtime": 1783565081, "views": 0, "rating": 0, "private": 0, "password": null, "_winner": "p0y2163e394", "_our_name": "p0y2163e394"}