{"id": "battle-gen9randombattle-503", "formatid": "gen9randombattle", "format": "[Gen 9] Random Battle", "players": ["p0x503c912", "p0y50343b4"], "log": "|init|battle\n|title|p0x503c912 vs. p0y50343b4\n|j|\u2606p0x503c912\n|j|\u2606p0y50343b4\n|t:|1783545612\n|gametype|singles\n|player|p1|p0x503c912|265|\n|player|p2|p0y50343b4|101|\n|gen|9\n|tier|[Gen 9] Random Battle\n|rule|Species Clause: Limit one of each Pok\u00e9mon\n|rule|HP Percentage Mod: HP is shown in percentages\n|rule|Sleep Clause Mod: Limit one foe put to sleep\n|rule|Illusion Level Mod: Illusion disguises the Pok\u00e9mon's true level\n|\n|t:|1783545612\n|teamsize|p1|6\n|teamsize|p2|6\n|start\n|switch|p1a: Yanmega|Yanmega, L82, F|100/100\n|switch|p2a: Golurk|Golurk, L87|297/297\n|turn|1\n|inactive|Battle timer is ON: inactive players will automatically lose when time's up. (requested by p0x503c912)\n|inactive|Time left: 300 sec this turn | 300 sec total | 60 sec grace\n|inactive|p0y50343b4 also wants the timer to be on.\n|\n|t:|1783545614\n|move|p1a: Yanmega|Bug Buzz|p2a: Golurk\n|-resisted|p2a: Golurk\n|-damage|p2a: Golurk|143/297\n|move|p2a: Golurk|Stone Edge|p1a: Yanmega\n|-supereffective|p1a: Yanmega\n|-damage|p1a: Yanmega|0 fnt\n|faint|p1a: Yanmega\n|-damage|p2a: Golurk|114/297|[from] item: Life Orb\n|\n|upkeep\n|\n|t:|1783545615\n|switch|p1a: Porygon2|Porygon2, L81|100/100\n|-ability|p1a: Porygon2|Download|boost\n|-boost|p1a: Porygon2|spa|1\n|turn|2\n|inactive|Time left: 300 sec this turn | 300 sec total\n|\n|t:|1783545616\n|move|p2a: Golurk|Stealth Rock|p1a: Porygon2\n|-sidestart|p1: p0x503c912|move: Stealth Rock\n|move|p1a: Porygon2|Ice Beam|p2a: Golurk\n|-supereffective|p2a: Golurk\n|-damage|p2a: Golurk|0 fnt\n|faint|p2a: Golurk\n|\n|upkeep\n|inactive|Time left: 300 sec this turn | 300 sec total | 5 sec grace\n|\n|t:|1783545617\n|switch|p2a: Alcremie|Alcremie-Mint-Cream, L90, F|263/263\n|turn|3\n|inactive|Time left: 300 sec this turn | 300 sec total\n|\n|t:|1783545618\n|move|p2a: Alcremie|Calm Mind|p2a: Alcremie\n|-boost|p2a: Alcremie|spa|1\n|-boost|p2a: Alcremie|spd|1\n|move|p1a: Porygon2|Ice Beam|p2a: Alcremie\n|-damage|p2a: Alcremie|218/263\n|\n|-heal|p2a: Alcremie|234/263|[from] item: Leftovers\n|upkeep\n|turn|4\n|inactive|Time left: 300 sec this turn | 300 sec total\n|\n|t:|1783545619\n|move|p2a: Alcremie|Calm Mind|p2a: Alcremie\n|-boost|p2a: Alcremie|spa|1\n|-boost|p2a: Alcremie|spd|1\n|move|p1a: Porygon2|Ice Beam|p2a: Alcremie\n|-damage|p2a: Alcremie|198/263\n|\n|-heal|p2a: Alcremie|214/263|[from] item: Leftovers\n|upkeep\n|turn|5\n|inactive|Time left: 300 sec this turn | 300 sec total\n|\n|t:|1783545620\n|move|p2a: Alcremie|Alluring Voice|p1a: Porygon2\n|-damage|p1a: Porygon2|48/100\n|move|p1a: Porygon2|Recover|p1a: Porygon2\n|-heal|p1a: Porygon2|98/100\n|\n|-heal|p2a: Alcremie|230/263|[from] item: Leftovers\n|upkeep\n|turn|6\n|inactive|Time left: 300 sec this turn | 300 sec total\n|\n|t:|1783545621\n|move|p2a: Alcremie|Alluring Voice|p1a: Porygon2\n|-damage|p1a: Porygon2|49/100\n|move|p1a: Porygon2|Recover|p1a: Porygon2\n|-heal|p1a: Porygon2|99/100\n|\n|-heal|p2a: Alcremie|246/263|[from] item: Leftovers\n|upkeep\n|turn|7\n|inactive|Time left: 300 sec this turn | 300 sec total\n|\n|t:|1783545621\n|move|p2a: Alcremie|Alluring Voice|p1a: Porygon2\n|-damage|p1a: Porygon2|46/100\n|move|p1a: Porygon2|Recover|p1a: Porygon2\n|-heal|p1a: Porygon2|96/100\n|\n|-heal|p2a: Alcremie|262/263|[from] item: Leftovers\n|upkeep\n|turn|8\n|inactive|Time left: 300 sec this turn | 300 sec total\n|\n|t:|1783545622\n|move|p2a: Alcremie|Alluring Voice|p1a: Porygon2\n|-damage|p1a: Porygon2|45/100\n|move|p1a: Porygon2|Recover|p1a: Porygon2\n|-heal|p1a: Porygon2|95/100\n|\n|-heal|p2a: Alcremie|263/263|[from] item: Leftovers\n|upkeep\n|turn|9\n|inactive|Time left: 300 sec this turn | 300 sec total\n|\n|t:|1783545623\n|move|p2a: Alcremie|Alluring Voice|p1a: Porygon2\n|-damage|p1a: Porygon2|43/100\n|move|p1a: Porygon2|Recover|p1a: Porygon2\n|-heal|p1a: Porygon2|93/100\n|\n|upkeep\n|turn|10\n|inactive|Time left: 300 sec this turn | 300 sec total\n|\n|t:|1783545624\n|move|p2a: Alcremie|Alluring Voice|p1a: Porygon2\n|-damage|p1a: Porygon2|37/100\n|move|p1a: Porygon2|Recover|p1a: Porygon2\n|-heal|p1a: Porygon2|87/100\n|\n|upkeep\n|turn|11\n|inactive|Time left: 300 sec this turn | 300 sec total\n|\n|t:|1783545624\n|move|p2a: Alcremie|Alluring Voice|p1a: Porygon2\n|-damage|p1a: Porygon2|36/100\n|move|p1a: Porygon2|Recover|p1a: Porygon2\n|-heal|p1a: Porygon2|86/100\n|\n|upkeep\n|turn|12\n|inactive|Time left: 300 sec this turn | 300 sec total\n|\n|t:|1783545625\n|move|p2a: Alcremie|Alluring Voice|p1a: Porygon2\n|-damage|p1a: Porygon2|32/100\n|move|p1a: Porygon2|Recover|p1a: Porygon2\n|-heal|p1a: Porygon2|82/100\n|\n|upkeep\n|turn|13\n|inactive|Time left: 300 sec this turn | 300 sec total\n|\n|t:|1783545626\n|move|p2a: Alcremie|Alluring Voice|p1a: Porygon2\n|-damage|p1a: Porygon2|30/100\n|move|p1a: Porygon2|Tri Attack|p2a: Alcremie\n|-damage|p2a: Alcremie|220/263\n|\n|-heal|p2a: Alcremie|236/263|[from] item: Leftovers\n|upkeep\n|turn|14\n|inactive|Time left: 300 sec this turn | 300 sec total\n|\n|t:|1783545627\n|switch|p1a: Milotic|Milotic, L83, F|100/100\n|-damage|p1a: Milotic|88/100|[from] Stealth Rock\n|move|p2a: Alcremie|Alluring Voice|p1a: Milotic\n|-crit|p1a: Milotic\n|-damage|p1a: Milotic|0 fnt\n|faint|p1a: Milotic\n|\n|-heal|p2a: Alcremie|252/263|[from] item: Leftovers\n|upkeep\n|\n|t:|1783545628\n|switch|p1a: Oinkologne|Oinkologne-F, L92, F|100/100\n|-damage|p1a: Oinkologne|88/100|[from] Stealth Rock\n|turn|15\n|inactive|Time left: 300 sec this turn | 300 sec total\n|\n|t:|1783545629\n|move|p1a: Oinkologne|Double-Edge|p2a: Alcremie\n|-damage|p2a: Alcremie|110/263\n|-damage|p1a: Oinkologne|75/100|[from] Recoil\n|move|p2a: Alcremie|Alluring Voice|p1a: Oinkologne\n|-damage|p1a: Oinkologne|19/100\n|\n|-heal|p1a: Oinkologne|25/100|[from] item: Leftovers\n|-heal|p2a: Alcremie|126/263|[from] item: Leftovers\n|upkeep\n|turn|16\n|inactive|Time left: 300 sec this turn | 300 sec total\n|\n|t:|1783545630\n|switch|p2a: Hippowdon|Hippowdon, L82, M|311/311\n|-weather|Sandstorm|[from] ability: Sand Stream|[of] p2a: Hippowdon\n|move|p1a: Oinkologne|Double-Edge|p2a: Hippowdon\n|-damage|p2a: Hippowdon|202/311\n|-damage|p1a: Oinkologne|15/100|[from] Recoil\n|\n|-weather|Sandstorm|[upkeep]\n|-damage|p1a: Oinkologne|9/100|[from] Sandstorm\n|-heal|p1a: Oinkologne|15/100|[from] item: Leftovers\n|-heal|p2a: Hippowdon|221/311|[from] item: Leftovers\n|upkeep\n|turn|17\n|inactive|Time left: 300 sec this turn | 300 sec total\n|\n|t:|1783545631\n|move|p1a: Oinkologne|Lash Out|p2a: Hippowdon\n|-crit|p2a: Hippowdon\n|-damage|p2a: Hippowdon|154/311\n|move|p2a: Hippowdon|Slack Off|p2a: Hippowdon\n|-heal|p2a: Hippowdon|310/311\n|\n|-weather|Sandstorm|[upkeep]\n|-damage|p1a: Oinkologne|9/100|[from] Sandstorm\n|-heal|p1a: Oinkologne|15/100|[from] item: Leftovers\n|-heal|p2a: Hippowdon|311/311|[from] item: Leftovers\n|upkeep\n|turn|18\n|inactive|Time left: 300 sec this turn | 300 sec total\n|\n|t:|1783545632\n|move|p1a: Oinkologne|High Horsepower|p2a: Hippowdon|[miss]\n|-miss|p1a: Oinkologne|p2a: Hippowdon\n|move|p2a: Hippowdon|Earthquake|p1a: Oinkologne\n|-crit|p1a: Oinkologne\n|-damage|p1a: Oinkologne|0 fnt\n|faint|p1a: Oinkologne\n|\n|-weather|Sandstorm|[upkeep]\n|upkeep\n|\n|t:|1783545632\n|switch|p1a: Porygon2|Porygon2, L81|30/100\n|-damage|p1a: Porygon2|18/100|[from] Stealth Rock\n|-ability|p1a: Porygon2|Download|boost\n|-boost|p1a: Porygon2|spa|1\n|turn|19\n|inactive|Time left: 300 sec this turn | 300 sec total\n|\n|t:|1783545633\n|move|p1a: Porygon2|Ice Beam|p2a: Hippowdon\n|-supereffective|p2a: Hippowdon\n|-damage|p2a: Hippowdon|105/311\n|move|p2a: Hippowdon|Earthquake|p1a: Porygon2\n|-damage|p1a: Porygon2|0 fnt\n|faint|p1a: Porygon2\n|\n|-weather|Sandstorm|[upkeep]\n|-heal|p2a: Hippowdon|124/311|[from] item: Leftovers\n|upkeep\n|\n|t:|1783545635\n|switch|p1a: Comfey|Comfey, L85, M|100/100\n|-damage|p1a: Comfey|88/100|[from] Stealth Rock\n|turn|20\n|inactive|Time left: 300 sec this turn | 300 sec total\n|\n|t:|1783545636\n|move|p1a: Comfey|Calm Mind|p1a: Comfey\n|-boost|p1a: Comfey|spa|1\n|-boost|p1a: Comfey|spd|1\n|move|p2a: Hippowdon|Slack Off|p2a: Hippowdon\n|-heal|p2a: Hippowdon|280/311\n|\n|-weather|none\n|-heal|p1a: Comfey|94/100|[from] item: Leftovers\n|-heal|p2a: Hippowdon|299/311|[from] item: Leftovers\n|upkeep\n|turn|21\n|inactive|Time left: 300 sec this turn | 300 sec total\n|\n|t:|1783545637\n|move|p1a: Comfey|Calm Mind|p1a: Comfey\n|-boost|p1a: Comfey|spa|1\n|-boost|p1a: Comfey|spd|1\n|move|p2a: Hippowdon|Earthquake|p1a: Comfey\n|-damage|p1a: Comfey|46/100\n|\n|-heal|p1a: Comfey|52/100|[from] item: Leftovers\n|-heal|p2a: Hippowdon|311/311|[from] item: Leftovers\n|upkeep\n|turn|22\n|inactive|Time left: 300 sec this turn | 300 sec total\n|\n|t:|1783545638\n|-terastallize|p2a: Hippowdon|Steel\n|move|p1a: Comfey|Draining Kiss|p2a: Hippowdon\n|-resisted|p2a: Hippowdon\n|-damage|p2a: Hippowdon|254/311\n|-heal|p1a: Comfey|71/100|[from] drain|[of] p2a: Hippowdon\n|move|p2a: Hippowdon|Earthquake|p1a: Comfey\n|-damage|p1a: Comfey|26/100\n|\n|-heal|p1a: Comfey|32/100|[from] item: Leftovers\n|-heal|p2a: Hippowdon|273/311|[from] item: Leftovers\n|upkeep\n|turn|23\n|inactive|Time left: 300 sec this turn | 300 sec total\n|\n|t:|1783545639\n|-terastallize|p1a: Comfey|Ground\n|move|p1a: Comfey|Tera Blast|p2a: Hippowdon|[anim] Tera Blast Ground\n|-supereffective|p2a: Hippowdon\n|-damage|p2a: Hippowdon|0 fnt\n|faint|p2a: Hippowdon\n|\n|-heal|p1a: Comfey|38/100|[from] item: Leftovers\n|upkeep\n|inactive|Time left: 300 sec this turn | 300 sec total | 5 sec grace\n|\n|t:|1783545640\n|switch|p2a: Alcremie|Alcremie-Mint-Cream, L90, F|126/263\n|turn|24\n|inactive|Time left: 300 sec this turn | 300 sec total\n|\n|t:|1783545641\n|move|p1a: Comfey|Draining Kiss|p2a: Alcremie\n|-damage|p2a: Alcremie|56/263\n|-heal|p1a: Comfey|62/100|[from] drain|[of] p2a: Alcremie\n|move|p2a: Alcremie|Recover|p2a: Alcremie\n|-heal|p2a: Alcremie|188/263\n|\n|-heal|p1a: Comfey|68/100|[from] item: Leftovers\n|-heal|p2a: Alcremie|204/263|[from] item: Leftovers\n|upkeep\n|turn|25\n|inactive|Time left: 300 sec this turn | 300 sec total\n|\n|t:|1783545642\n|move|p1a: Comfey|Calm Mind|p1a: Comfey\n|-boost|p1a: Comfey|spa|1\n|-boost|p1a: Comfey|spd|1\n|move|p2a: Alcremie|Calm Mind|p2a: Alcremie\n|-boost|p2a: Alcremie|spa|1\n|-boost|p2a: Alcremie|spd|1\n|\n|-heal|p1a: Comfey|74/100|[from] item: Leftovers\n|-heal|p2a: Alcremie|220/263|[from] item: Leftovers\n|upkeep\n|turn|26\n|inactive|Time left: 300 sec this turn | 300 sec total\n|\n|t:|1783545643\n|move|p1a: Comfey|Tera Blast|p2a: Alcremie|[anim] Tera Blast Ground\n|-damage|p2a: Alcremie|130/263\n|move|p2a: Alcremie|Calm Mind|p2a: Alcremie\n|-boost|p2a: Alcremie|spa|1\n|-boost|p2a: Alcremie|spd|1\n|\n|-heal|p1a: Comfey|80/100|[from] item: Leftovers\n|-heal|p2a: Alcremie|146/263|[from] item: Leftovers\n|upkeep\n|turn|27\n|inactive|Time left: 300 sec this turn | 300 sec total\n|\n|t:|1783545644\n|move|p1a: Comfey|Tera Blast|p2a: Alcremie|[anim] Tera Blast Ground\n|-damage|p2a: Alcremie|79/263\n|move|p2a: Alcremie|Recover|p2a: Alcremie\n|-heal|p2a: Alcremie|211/263\n|\n|-heal|p1a: Comfey|87/100|[from] item: Leftovers\n|-heal|p2a: Alcremie|227/263|[from] item: Leftovers\n|upkeep\n|turn|28\n|inactive|Time left: 300 sec this turn | 300 sec total\n|\n|t:|1783545645\n|move|p1a: Comfey|Calm Mind|p1a: Comfey\n|-boost|p1a: Comfey|spa|1\n|-boost|p1a: Comfey|spd|1\n|move|p2a: Alcremie|Calm Mind|p2a: Alcremie\n|-boost|p2a: Alcremie|spa|1\n|-boost|p2a: Alcremie|spd|1\n|\n|-heal|p1a: Comfey|93/100|[from] item: Leftovers\n|-heal|p2a: Alcremie|243/263|[from] item: Leftovers\n|upkeep\n|turn|29\n|inactive|Time left: 300 sec this turn | 300 sec total\n|\n|t:|1783545645\n|move|p1a: Comfey|Tera Blast|p2a: Alcremie|[anim] Tera Blast Ground\n|-damage|p2a: Alcremie|171/263\n|move|p2a: Alcremie|Calm Mind|p2a: Alcremie\n|-boost|p2a: Alcremie|spa|1\n|-boost|p2a: Alcremie|spd|1\n|\n|-heal|p1a: Comfey|99/100|[from] item: Leftovers\n|-heal|p2a: Alcremie|187/263|[from] item: Leftovers\n|upkeep\n|turn|30\n|inactive|Time left: 300 sec this turn | 300 sec total\n|\n|t:|1783545646\n|move|p1a: Comfey|Tera Blast|p2a: Alcremie|[anim] Tera Blast Ground\n|-damage|p2a: Alcremie|129/263\n|move|p2a: Alcremie|Alluring Voice|p1a: Comfey\n|-crit|p1a: Comfey\n|-damage|p1a: Comfey|0 fnt\n|faint|p1a: Comfey\n|\n|-heal|p2a: Alcremie|145/263|[from] item: Leftovers\n|upkeep\n|\n|t:|1783545647\n|switch|p1a: Walking Wake|Walking Wake, L79|100/100\n|-damage|p1a: Walking Wake|88/100|[from] Stealth Rock\n|turn|31\n|inactive|Time left: 300 sec this turn | 300 sec total\n|\n|t:|1783545648\n|move|p1a: Walking Wake|Hydro Steam|p2a: Alcremie\n|-damage|p2a: Alcremie|114/263\n|-damage|p1a: Walking Wake|78/100|[from] item: Life Orb\n|move|p2a: Alcremie|Alluring Voice|p1a: Walking Wake\n|-supereffective|p1a: Walking Wake\n|-damage|p1a: Walking Wake|0 fnt\n|faint|p1a: Walking Wake\n|-end|p1a: Walking Wake|Protosynthesis|[silent]\n|\n|win|p0y50343b4", "uploadtime": 1783545648, "views": 0, "rating": 0, "private": 0, "password": null, "_winner": "p0y50343b4", "_our_name": "p0y50343b4"}