{"id": "battle-gen9randombattle-2850", "formatid": "gen9randombattle", "format": "[Gen 9] Random Battle", "players": ["p0x28507b62", "p0y2850906b"], "log": "|init|battle\n|title|p0x28507b62 vs. p0y2850906b\n|j|\u2606p0x28507b62\n|j|\u2606p0y2850906b\n|t:|1783572824\n|gametype|singles\n|player|p1|p0x28507b62|101|\n|player|p2|p0y2850906b|169|\n|gen|9\n|tier|[Gen 9] Random Battle\n|rule|Species Clause: Limit one of each Pok\u00e9mon\n|rule|HP Percentage Mod: HP is shown in percentages\n|rule|Sleep Clause Mod: Limit one foe put to sleep\n|rule|Illusion Level Mod: Illusion disguises the Pok\u00e9mon's true level\n|\n|t:|1783572824\n|teamsize|p1|6\n|teamsize|p2|6\n|start\n|switch|p1a: Regigigas|Regigigas, L84|100/100\n|switch|p2a: Smeargle|Smeargle, L95, F|258/258\n|-start|p1a: Regigigas|ability: Slow Start\n|turn|1\n|inactive|Battle timer is ON: inactive players will automatically lose when time's up. (requested by p0x28507b62)\n|inactive|Time left: 300 sec this turn | 300 sec total | 60 sec grace\n|inactive|p0y2850906b also wants the timer to be on.\n|\n|t:|1783572826\n|move|p2a: Smeargle|Sticky Web|p1a: Regigigas\n|-sidestart|p1: p0x28507b62|move: Sticky Web\n|move|p1a: Regigigas|Knock Off|p2a: Smeargle\n|-damage|p2a: Smeargle|178/258\n|-enditem|p2a: Smeargle|Focus Sash|[from] move: Knock Off|[of] p1a: Regigigas\n|\n|upkeep\n|turn|2\n|inactive|Time left: 300 sec this turn | 300 sec total\n|\n|t:|1783572827\n|switch|p1a: Conkeldurr|Conkeldurr, L80, M|100/100\n|-activate|p1a: Conkeldurr|move: Sticky Web\n|-unboost|p1a: Conkeldurr|spe|1\n|move|p2a: Smeargle|Stealth Rock|p1a: Conkeldurr\n|-sidestart|p1: p0x28507b62|move: Stealth Rock\n|\n|-status|p1a: Conkeldurr|brn|[from] item: Flame Orb\n|upkeep\n|turn|3\n|inactive|Time left: 300 sec this turn | 300 sec total\n|\n|t:|1783572828\n|switch|p2a: Granbull|Granbull, L88, F|302/302\n|-ability|p2a: Granbull|Intimidate|boost\n|-unboost|p1a: Conkeldurr|atk|1\n|move|p1a: Conkeldurr|Knock Off|p2a: Granbull\n|-resisted|p2a: Granbull\n|-damage|p2a: Granbull|254/302\n|-enditem|p2a: Granbull|Leftovers|[from] move: Knock Off|[of] p1a: Conkeldurr\n|\n|-damage|p1a: Conkeldurr|94/100 brn|[from] brn\n|upkeep\n|turn|4\n|inactive|Time left: 300 sec this turn | 300 sec total\n|\n|t:|1783572829\n|switch|p1a: Rabsca|Rabsca, L91, F|100/100\n|move|p2a: Granbull|Play Rough|p1a: Rabsca\n|-damage|p1a: Rabsca|56/100\n|\n|upkeep\n|turn|5\n|inactive|Time left: 300 sec this turn | 300 sec total\n|\n|t:|1783572830\n|move|p1a: Rabsca|Psychic|p2a: Granbull\n|-damage|p2a: Granbull|83/302\n|move|p2a: Granbull|Earthquake|p1a: Rabsca\n|-resisted|p1a: Rabsca\n|-damage|p1a: Rabsca|41/100\n|\n|upkeep\n|turn|6\n|inactive|Time left: 300 sec this turn | 300 sec total\n|\n|t:|1783572832\n|switch|p2a: Hatterene|Hatterene, L85, F|236/236\n|move|p1a: Rabsca|Earth Power|p2a: Hatterene\n|-damage|p2a: Hatterene|162/236\n|\n|-heal|p2a: Hatterene|176/236|[from] item: Leftovers\n|upkeep\n|turn|7\n|inactive|Time left: 300 sec this turn | 300 sec total\n|\n|t:|1783572833\n|move|p1a: Rabsca|Bug Buzz|p2a: Hatterene\n|-damage|p2a: Hatterene|62/236\n|move|p2a: Hatterene|Mystical Fire|p1a: Rabsca\n|-supereffective|p1a: Rabsca\n|-damage|p1a: Rabsca|0 fnt\n|faint|p1a: Rabsca\n|\n|-heal|p2a: Hatterene|76/236|[from] item: Leftovers\n|upkeep\n|\n|t:|1783572834\n|switch|p1a: Mamoswine|Mamoswine, L81, M|100/100\n|-activate|p1a: Mamoswine|move: Sticky Web\n|-unboost|p1a: Mamoswine|spe|1\n|-damage|p1a: Mamoswine|88/100|[from] Stealth Rock\n|turn|8\n|inactive|Time left: 300 sec this turn | 300 sec total\n|\n|t:|1783572835\n|switch|p2a: Basculegion|Basculegion-F, L83, F|335/335\n|move|p1a: Mamoswine|Earthquake|p2a: Basculegion\n|-damage|p2a: Basculegion|121/335\n|-damage|p1a: Mamoswine|78/100|[from] item: Life Orb\n|\n|upkeep\n|turn|9\n|inactive|Time left: 300 sec this turn | 300 sec total\n|\n|t:|1783572835\n|move|p2a: Basculegion|Hydro Pump|p1a: Mamoswine|[miss]\n|-miss|p2a: Basculegion|p1a: Mamoswine\n|move|p1a: Mamoswine|Earthquake|p2a: Basculegion\n|-damage|p2a: Basculegion|0 fnt\n|faint|p2a: Basculegion\n|-damage|p1a: Mamoswine|68/100|[from] item: Life Orb\n|\n|upkeep\n|inactive|Time left: 300 sec this turn | 300 sec total | 5 sec grace\n|\n|t:|1783572836\n|switch|p2a: Regidrago|Regidrago, L77|435/435\n|turn|10\n|inactive|Time left: 300 sec this turn | 300 sec total\n|\n|t:|1783572837\n|-terastallize|p2a: Regidrago|Dragon\n|move|p2a: Regidrago|Outrage|p1a: Mamoswine\n|-damage|p1a: Mamoswine|0 fnt\n|faint|p1a: Mamoswine\n|\n|upkeep\n|\n|t:|1783572838\n|switch|p1a: Dedenne|Dedenne, L88, M|100/100\n|-activate|p1a: Dedenne|move: Sticky Web\n|-unboost|p1a: Dedenne|spe|1\n|-damage|p1a: Dedenne|88/100|[from] Stealth Rock\n|turn|11\n|inactive|Time left: 300 sec this turn | 300 sec total\n|\n|t:|1783572839\n|move|p2a: Regidrago|Outrage|p1a: Dedenne|[from] lockedmove\n|-immune|p1a: Dedenne\n|-start|p2a: Regidrago|confusion|[fatigue]\n|move|p1a: Dedenne|Dazzling Gleam|p2a: Regidrago\n|-supereffective|p2a: Regidrago\n|-damage|p2a: Regidrago|189/435\n|\n|upkeep\n|turn|12\n|inactive|Time left: 300 sec this turn | 300 sec total\n|\n|t:|1783572839\n|switch|p2a: Milotic|Milotic, L83, M|293/293\n|move|p1a: Dedenne|Dazzling Gleam|p2a: Milotic\n|-damage|p2a: Milotic|233/293\n|\n|-heal|p2a: Milotic|251/293|[from] item: Leftovers\n|upkeep\n|turn|13\n|inactive|Time left: 300 sec this turn | 300 sec total\n|\n|t:|1783572840\n|move|p2a: Milotic|Ice Beam|p1a: Dedenne\n|-damage|p1a: Dedenne|60/100\n|-status|p1a: Dedenne|frz\n|cant|p1a: Dedenne|frz\n|\n|-heal|p2a: Milotic|269/293|[from] item: Leftovers\n|upkeep\n|turn|14\n|inactive|Time left: 300 sec this turn | 300 sec total\n|\n|t:|1783572841\n|move|p2a: Milotic|Ice Beam|p1a: Dedenne\n|-damage|p1a: Dedenne|31/100 frz\n|-enditem|p1a: Dedenne|Sitrus Berry|[eat]\n|-heal|p1a: Dedenne|56/100 frz|[from] item: Sitrus Berry\n|-heal|p1a: Dedenne|89/100 frz|[from] ability: Cheek Pouch\n|-curestatus|p1a: Dedenne|frz|[msg]\n|move|p1a: Dedenne|Dazzling Gleam|p2a: Milotic\n|-damage|p2a: Milotic|200/293\n|\n|-heal|p2a: Milotic|218/293|[from] item: Leftovers\n|upkeep\n|turn|15\n|inactive|Time left: 300 sec this turn | 300 sec total\n|\n|t:|1783572842\n|move|p2a: Milotic|Scald|p1a: Dedenne\n|-damage|p1a: Dedenne|54/100\n|-status|p1a: Dedenne|brn\n|move|p1a: Dedenne|Thunderbolt|p2a: Milotic\n|-supereffective|p2a: Milotic\n|-damage|p2a: Milotic|86/293\n|\n|-heal|p2a: Milotic|104/293|[from] item: Leftovers\n|-damage|p1a: Dedenne|48/100 brn|[from] brn\n|upkeep\n|turn|16\n|inactive|Time left: 300 sec this turn | 300 sec total\n|\n|t:|1783572843\n|move|p2a: Milotic|Recover|p2a: Milotic\n|-heal|p2a: Milotic|251/293\n|move|p1a: Dedenne|Thunderbolt|p2a: Milotic\n|-supereffective|p2a: Milotic\n|-damage|p2a: Milotic|101/293\n|\n|-heal|p2a: Milotic|119/293|[from] item: Leftovers\n|-damage|p1a: Dedenne|41/100 brn|[from] brn\n|upkeep\n|turn|17\n|inactive|Time left: 300 sec this turn | 300 sec total\n|\n|t:|1783572844\n|move|p2a: Milotic|Recover|p2a: Milotic\n|-heal|p2a: Milotic|266/293\n|move|p1a: Dedenne|Thunderbolt|p2a: Milotic\n|-supereffective|p2a: Milotic\n|-damage|p2a: Milotic|116/293\n|\n|-heal|p2a: Milotic|134/293|[from] item: Leftovers\n|-damage|p1a: Dedenne|35/100 brn|[from] brn\n|upkeep\n|turn|18\n|inactive|Time left: 300 sec this turn | 300 sec total\n|\n|t:|1783572845\n|move|p2a: Milotic|Recover|p2a: Milotic\n|-heal|p2a: Milotic|281/293\n|move|p1a: Dedenne|Thunderbolt|p2a: Milotic\n|-supereffective|p2a: Milotic\n|-damage|p2a: Milotic|125/293\n|\n|-heal|p2a: Milotic|143/293|[from] item: Leftovers\n|-damage|p1a: Dedenne|29/100 brn|[from] brn\n|upkeep\n|turn|19\n|inactive|Time left: 300 sec this turn | 300 sec total\n|\n|t:|1783572845\n|move|p2a: Milotic|Recover|p2a: Milotic\n|-heal|p2a: Milotic|290/293\n|move|p1a: Dedenne|Thunderbolt|p2a: Milotic\n|-supereffective|p2a: Milotic\n|-damage|p2a: Milotic|146/293\n|\n|-heal|p2a: Milotic|164/293|[from] item: Leftovers\n|-damage|p1a: Dedenne|23/100 brn|[from] brn\n|upkeep\n|turn|20\n|inactive|Time left: 300 sec this turn | 300 sec total\n|\n|t:|1783572846\n|move|p2a: Milotic|Ice Beam|p1a: Dedenne\n|-damage|p1a: Dedenne|0 fnt\n|faint|p1a: Dedenne\n|\n|-heal|p2a: Milotic|182/293|[from] item: Leftovers\n|upkeep\n|\n|t:|1783572847\n|switch|p1a: Conkeldurr|Conkeldurr, L80, M|94/100 brn\n|-activate|p1a: Conkeldurr|move: Sticky Web\n|-unboost|p1a: Conkeldurr|spe|1\n|-damage|p1a: Conkeldurr|88/100 brn|[from] Stealth Rock\n|turn|21\n|inactive|Time left: 300 sec this turn | 300 sec total\n|\n|t:|1783572848\n|switch|p2a: Granbull|Granbull, L88, F|83/302\n|-ability|p2a: Granbull|Intimidate|boost\n|-unboost|p1a: Conkeldurr|atk|1\n|move|p1a: Conkeldurr|Facade|p2a: Granbull\n|-damage|p2a: Granbull|0 fnt\n|faint|p2a: Granbull\n|\n|-damage|p1a: Conkeldurr|82/100 brn|[from] brn\n|upkeep\n|inactive|Time left: 300 sec this turn | 300 sec total | 5 sec grace\n|\n|t:|1783572849\n|switch|p2a: Hatterene|Hatterene, L85, F|76/236\n|turn|22\n|inactive|Time left: 300 sec this turn | 300 sec total\n|\n|t:|1783572850\n|-terastallize|p1a: Conkeldurr|Normal\n|move|p2a: Hatterene|Draining Kiss|p1a: Conkeldurr\n|-damage|p1a: Conkeldurr|51/100 brn\n|-heal|p2a: Hatterene|147/236|[from] drain|[of] p1a: Conkeldurr\n|move|p1a: Conkeldurr|Facade|p2a: Hatterene\n|-damage|p2a: Hatterene|0 fnt\n|faint|p2a: Hatterene\n|\n|-damage|p1a: Conkeldurr|45/100 brn|[from] brn\n|upkeep\n|inactive|Time left: 300 sec this turn | 300 sec total | 5 sec grace\n|\n|t:|1783572851\n|switch|p2a: Regidrago|Regidrago, L77, tera:Dragon|189/435\n|turn|23\n|inactive|Time left: 300 sec this turn | 300 sec total\n|\n|t:|1783572852\n|move|p1a: Conkeldurr|Mach Punch|p2a: Regidrago\n|-damage|p2a: Regidrago|107/435\n|move|p2a: Regidrago|Outrage|p1a: Conkeldurr\n|-damage|p1a: Conkeldurr|0 fnt\n|faint|p1a: Conkeldurr\n|\n|upkeep\n|\n|t:|1783572853\n|switch|p1a: Alomomola|Alomomola, L87, M|100/100\n|-activate|p1a: Alomomola|move: Sticky Web\n|-unboost|p1a: Alomomola|spe|1\n|-damage|p1a: Alomomola|88/100|[from] Stealth Rock\n|turn|24\n|inactive|Time left: 300 sec this turn | 300 sec total\n|\n|t:|1783572854\n|move|p2a: Regidrago|Outrage|p1a: Alomomola|[from] lockedmove\n|-damage|p1a: Alomomola|32/100\n|-damage|p2a: Regidrago|35/435|[from] item: Rocky Helmet|[of] p1a: Alomomola\n|-start|p2a: Regidrago|confusion|[fatigue]\n|move|p1a: Alomomola|Flip Turn|p2a: Regidrago\n|-resisted|p2a: Regidrago\n|-damage|p2a: Regidrago|0 fnt\n|faint|p2a: Regidrago\n|\n|t:|1783572855\n|switch|p1a: Regigigas|Regigigas, L84|100/100|[from] Flip Turn\n|-activate|p1a: Regigigas|move: Sticky Web\n|-unboost|p1a: Regigigas|spe|1\n|-damage|p1a: Regigigas|88/100|[from] Stealth Rock\n|-start|p1a: Regigigas|ability: Slow Start\n|\n|-heal|p1a: Regigigas|94/100|[from] item: Leftovers\n|upkeep\n|inactive|Time left: 300 sec this turn | 300 sec total | 10 sec grace\n|\n|t:|1783572856\n|switch|p2a: Milotic|Milotic, L83, M|182/293\n|turn|25\n|inactive|Time left: 300 sec this turn | 300 sec total\n|\n|t:|1783572857\n|move|p2a: Milotic|Scald|p1a: Regigigas\n|-damage|p1a: Regigigas|71/100\n|-status|p1a: Regigigas|brn\n|move|p1a: Regigigas|Body Slam|p2a: Milotic\n|-damage|p2a: Milotic|148/293\n|\n|-heal|p2a: Milotic|166/293|[from] item: Leftovers\n|-heal|p1a: Regigigas|77/100 brn|[from] item: Leftovers\n|-damage|p1a: Regigigas|71/100 brn|[from] brn\n|upkeep\n|turn|26\n|inactive|Time left: 300 sec this turn | 300 sec total\n|\n|t:|1783572858\n|move|p2a: Milotic|Recover|p2a: Milotic\n|-heal|p2a: Milotic|293/293\n|move|p1a: Regigigas|Rest|p1a: Regigigas\n|-status|p1a: Regigigas|slp|[from] move: Rest\n|-heal|p1a: Regigigas|100/100 slp|[silent]\n|\n|upkeep\n|turn|27\n|inactive|Time left: 300 sec this turn | 300 sec total\n|\n|t:|1783572859\n|move|p2a: Milotic|Scald|p1a: Regigigas\n|-damage|p1a: Regigigas|77/100 slp\n|cant|p1a: Regigigas|slp\n|move|p1a: Regigigas|Sleep Talk|p1a: Regigigas\n|move|p1a: Regigigas|Knock Off|p2a: Milotic|[from] move: Sleep Talk\n|-damage|p2a: Milotic|236/293\n|-enditem|p2a: Milotic|Leftovers|[from] move: Knock Off|[of] p1a: Regigigas\n|\n|-heal|p1a: Regigigas|83/100 slp|[from] item: Leftovers\n|upkeep\n|turn|28\n|inactive|Time left: 300 sec this turn | 300 sec total\n|\n|t:|1783572860\n|cant|p1a: Regigigas|slp\n|move|p1a: Regigigas|Sleep Talk|p1a: Regigigas\n|move|p1a: Regigigas|Body Slam|p2a: Milotic|[from] move: Sleep Talk\n|-damage|p2a: Milotic|161/293\n|move|p2a: Milotic|Dragon Tail|p1a: Regigigas\n|-crit|p1a: Regigigas\n|-damage|p1a: Regigigas|71/100 slp\n|drag|p1a: Alomomola|Alomomola, L87, M|65/100\n|-activate|p1a: Alomomola|move: Sticky Web\n|-unboost|p1a: Alomomola|spe|1\n|-damage|p1a: Alomomola|53/100|[from] Stealth Rock\n|\n|upkeep\n|turn|29\n|inactive|Time left: 300 sec this turn | 300 sec total\n|\n|t:|1783572861\n|move|p2a: Milotic|Recover|p2a: Milotic\n|-heal|p2a: Milotic|293/293\n|move|p1a: Alomomola|Wish|p1a: Alomomola\n|\n|upkeep\n|turn|30\n|inactive|Time left: 300 sec this turn | 300 sec total\n|\n|t:|1783572862\n|switch|p1a: Regigigas|Regigigas, L84|71/100 slp\n|-activate|p1a: Regigigas|move: Sticky Web\n|-unboost|p1a: Regigigas|spe|1\n|-damage|p1a: Regigigas|59/100 slp|[from] Stealth Rock\n|-start|p1a: Regigigas|ability: Slow Start\n|move|p2a: Milotic|Dragon Tail|p1a: Regigigas\n|-damage|p1a: Regigigas|51/100 slp\n|drag|p1a: Alomomola|Alomomola, L87, M|86/100\n|-activate|p1a: Alomomola|move: Sticky Web\n|-unboost|p1a: Alomomola|spe|1\n|-damage|p1a: Alomomola|74/100|[from] Stealth Rock\n|\n|-heal|p1a: Alomomola|100/100|[from] move: Wish|[wisher] Alomomola\n|upkeep\n|turn|31\n|inactive|Time left: 300 sec this turn | 300 sec total\n|\n|t:|1783572863\n|move|p2a: Milotic|Scald|p1a: Alomomola\n|-resisted|p1a: Alomomola\n|-damage|p1a: Alomomola|85/100\n|move|p1a: Alomomola|Wish|p1a: Alomomola\n|\n|upkeep\n|turn|32\n|inactive|Time left: 300 sec this turn | 300 sec total\n|\n|t:|1783572864\n|move|p1a: Alomomola|Flip Turn|p2a: Milotic\n|-resisted|p2a: Milotic\n|-damage|p2a: Milotic|260/293\n|\n|t:|1783572865\n|switch|p1a: Regigigas|Regigigas, L84|51/100 slp|[from] Flip Turn\n|-activate|p1a: Regigigas|move: Sticky Web\n|-unboost|p1a: Regigigas|spe|1\n|-damage|p1a: Regigigas|38/100 slp|[from] Stealth Rock\n|-start|p1a: Regigigas|ability: Slow Start\n|move|p2a: Milotic|Dragon Tail|p1a: Regigigas\n|-damage|p1a: Regigigas|30/100 slp\n|drag|p1a: Alomomola|Alomomola, L87, M|100/100\n|-activate|p1a: Alomomola|move: Sticky Web\n|-unboost|p1a: Alomomola|spe|1\n|-damage|p1a: Alomomola|88/100|[from] Stealth Rock\n|\n|-heal|p1a: Alomomola|100/100|[from] move: Wish|[wisher] Alomomola\n|upkeep\n|turn|33\n|inactive|Time left: 300 sec this turn | 300 sec total\n|\n|t:|1783572866\n|move|p2a: Milotic|Scald|p1a: Alomomola\n|-resisted|p1a: Alomomola\n|-damage|p1a: Alomomola|86/100\n|move|p1a: Alomomola|Wish|p1a: Alomomola\n|\n|upkeep\n|turn|34\n|inactive|Time left: 300 sec this turn | 300 sec total\n|\n|t:|1783572867\n|move|p1a: Alomomola|Flip Turn|p2a: Milotic\n|-resisted|p2a: Milotic\n|-damage|p2a: Milotic|229/293\n|\n|t:|1783572868\n|switch|p1a: Regigigas|Regigigas, L84|30/100 slp|[from] Flip Turn\n|-activate|p1a: Regigigas|move: Sticky Web\n|-unboost|p1a: Regigigas|spe|1\n|-damage|p1a: Regigigas|18/100 slp|[from] Stealth Rock\n|-start|p1a: Regigigas|ability: Slow Start\n|move|p2a: Milotic|Dragon Tail|p1a: Regigigas\n|-damage|p1a: Regigigas|9/100 slp\n|drag|p1a: Alomomola|Alomomola, L87, M|100/100\n|-activate|p1a: Alomomola|move: Sticky Web\n|-unboost|p1a: Alomomola|spe|1\n|-damage|p1a: Alomomola|88/100|[from] Stealth Rock\n|\n|-heal|p1a: Alomomola|100/100|[from] move: Wish|[wisher] Alomomola\n|upkeep\n|turn|35\n|inactive|Time left: 300 sec this turn | 300 sec total\n|\n|t:|1783572869\n|move|p2a: Milotic|Recover|p2a: Milotic\n|-heal|p2a: Milotic|293/293\n|move|p1a: Alomomola|Scald|p2a: Milotic\n|-resisted|p2a: Milotic\n|-damage|p2a: Milotic|275/293\n|-status|p2a: Milotic|brn\n|\n|-damage|p2a: Milotic|257/293 brn|[from] brn\n|upkeep\n|turn|36\n|inactive|Time left: 300 sec this turn | 300 sec total\n|\n|t:|1783572870\n|move|p2a: Milotic|Scald|p1a: Alomomola\n|-resisted|p1a: Alomomola\n|-damage|p1a: Alomomola|86/100\n|-status|p1a: Alomomola|brn\n|move|p1a: Alomomola|Wish|p1a: Alomomola\n|\n|-damage|p2a: Milotic|239/293 brn|[from] brn\n|-damage|p1a: Alomomola|80/100 brn|[from] brn\n|upkeep\n|turn|37\n|inactive|Time left: 300 sec this turn | 300 sec total\n|\n|t:|1783572870\n|move|p2a: Milotic|Recover|p2a: Milotic\n|-heal|p2a: Milotic|293/293 brn\n|move|p1a: Alomomola|Scald|p2a: Milotic\n|-resisted|p2a: Milotic\n|-damage|p2a: Milotic|274/293 brn\n|\n|-heal|p1a: Alomomola|100/100 brn|[from] move: Wish|[wisher] Alomomola\n|-damage|p2a: Milotic|256/293 brn|[from] brn\n|-damage|p1a: Alomomola|94/100 brn|[from] brn\n|upkeep\n|turn|38\n|inactive|Time left: 300 sec this turn | 300 sec total\n|\n|t:|1783572871\n|move|p2a: Milotic|Scald|p1a: Alomomola\n|-resisted|p1a: Alomomola\n|-damage|p1a: Alomomola|78/100 brn\n|move|p1a: Alomomola|Wish|p1a: Alomomola\n|\n|-damage|p2a: Milotic|238/293 brn|[from] brn\n|-damage|p1a: Alomomola|72/100 brn|[from] brn\n|upkeep\n|turn|39\n|inactive|Time left: 300 sec this turn | 300 sec total\n|\n|t:|1783572872\n|move|p2a: Milotic|Ice Beam|p1a: Alomomola\n|-resisted|p1a: Alomomola\n|-damage|p1a: Alomomola|59/100 brn\n|move|p1a: Alomomola|Scald|p2a: Milotic\n|-resisted|p2a: Milotic\n|-damage|p2a: Milotic|219/293 brn\n|\n|-heal|p1a: Alomomola|100/100 brn|[from] move: Wish|[wisher] Alomomola\n|-damage|p2a: Milotic|201/293 brn|[from] brn\n|-damage|p1a: Alomomola|94/100 brn|[from] brn\n|upkeep\n|turn|40\n|inactive|Time left: 300 sec this turn | 300 sec total\n|\n|t:|1783572873\n|move|p2a: Milotic|Scald|p1a: Alomomola\n|-resisted|p1a: Alomomola\n|-crit|p1a: Alomomola\n|-damage|p1a: Alomomola|73/100 brn\n|move|p1a: Alomomola|Scald|p2a: Milotic\n|-resisted|p2a: Milotic\n|-damage|p2a: Milotic|183/293 brn\n|\n|-damage|p2a: Milotic|165/293 brn|[from] brn\n|-damage|p1a: Alomomola|66/100 brn|[from] brn\n|upkeep\n|turn|41\n|inactive|Time left: 300 sec this turn | 300 sec total\n|\n|t:|1783572874\n|move|p2a: Milotic|Scald|p1a: Alomomola\n|-resisted|p1a: Alomomola\n|-damage|p1a: Alomomola|50/100 brn\n|move|p1a: Alomomola|Flip Turn|p2a: Milotic\n|-resisted|p2a: Milotic\n|-damage|p2a: Milotic|151/293 brn\n|\n|t:|1783572875\n|switch|p1a: Regigigas|Regigigas, L84|9/100 slp|[from] Flip Turn\n|-activate|p1a: Regigigas|move: Sticky Web\n|-unboost|p1a: Regigigas|spe|1\n|-damage|p1a: Regigigas|0 fnt|[from] Stealth Rock\n|faint|p1a: Regigigas\n|-end|p1a: Regigigas|Slow Start|[silent]\n|\n|-damage|p2a: Milotic|133/293 brn|[from] brn\n|upkeep\n|\n|t:|1783572876\n|switch|p1a: Alomomola|Alomomola, L87, M|83/100 brn\n|-activate|p1a: Alomomola|move: Sticky Web\n|-unboost|p1a: Alomomola|spe|1\n|-damage|p1a: Alomomola|71/100 brn|[from] Stealth Rock\n|turn|42\n|inactive|Time left: 300 sec this turn | 300 sec total\n|\n|t:|1783572877\n|move|p2a: Milotic|Scald|p1a: Alomomola\n|-resisted|p1a: Alomomola\n|-damage|p1a: Alomomola|56/100 brn\n|move|p1a: Alomomola|Wish|p1a: Alomomola\n|\n|-damage|p2a: Milotic|115/293 brn|[from] brn\n|-damage|p1a: Alomomola|49/100 brn|[from] brn\n|upkeep\n|turn|43\n|inactive|Time left: 300 sec this turn | 300 sec total\n|\n|t:|1783572878\n|move|p2a: Milotic|Ice Beam|p1a: Alomomola\n|-resisted|p1a: Alomomola\n|-damage|p1a: Alomomola|38/100 brn\n|move|p1a: Alomomola|Scald|p2a: Milotic\n|-resisted|p2a: Milotic\n|-damage|p2a: Milotic|98/293 brn\n|\n|-heal|p1a: Alomomola|88/100 brn|[from] move: Wish|[wisher] Alomomola\n|-damage|p2a: Milotic|80/293 brn|[from] brn\n|-damage|p1a: Alomomola|82/100 brn|[from] brn\n|upkeep\n|turn|44\n|inactive|Time left: 300 sec this turn | 300 sec total\n|\n|t:|1783572879\n|move|p1a: Alomomola|Wish|p1a: Alomomola\n|move|p2a: Milotic|Dragon Tail|p1a: Alomomola|[miss]\n|-miss|p2a: Milotic|p1a: Alomomola\n|\n|-damage|p2a: Milotic|62/293 brn|[from] brn\n|-damage|p1a: Alomomola|76/100 brn|[from] brn\n|upkeep\n|turn|45\n|inactive|Time left: 300 sec this turn | 300 sec total\n|\n|t:|1783572880\n|move|p2a: Milotic|Scald|p1a: Alomomola\n|-resisted|p1a: Alomomola\n|-damage|p1a: Alomomola|60/100 brn\n|move|p1a: Alomomola|Scald|p2a: Milotic\n|-resisted|p2a: Milotic\n|-damage|p2a: Milotic|45/293 brn\n|\n|-heal|p1a: Alomomola|100/100 brn|[from] move: Wish|[wisher] Alomomola\n|-damage|p2a: Milotic|27/293 brn|[from] brn\n|-damage|p1a: Alomomola|94/100 brn|[from] brn\n|upkeep\n|turn|46\n|inactive|Time left: 300 sec this turn | 300 sec total\n|\n|t:|1783572881\n|switch|p2a: Smeargle|Smeargle, L95, F|178/258\n|move|p1a: Alomomola|Scald|p2a: Smeargle\n|-damage|p2a: Smeargle|114/258\n|-status|p2a: Smeargle|brn\n|\n|-damage|p2a: Smeargle|98/258 brn|[from] brn\n|-damage|p1a: Alomomola|88/100 brn|[from] brn\n|upkeep\n|turn|47\n|inactive|Time left: 300 sec this turn | 300 sec total\n|\n|t:|1783572882\n|switch|p2a: Milotic|Milotic, L83, M|27/293 brn\n|move|p1a: Alomomola|Scald|p2a: Milotic\n|-resisted|p2a: Milotic\n|-damage|p2a: Milotic|7/293 brn\n|\n|-damage|p2a: Milotic|0 fnt|[from] brn\n|faint|p2a: Milotic\n|-damage|p1a: Alomomola|82/100 brn|[from] brn\n|upkeep\n|inactive|Time left: 300 sec this turn | 300 sec total | 5 sec grace\n|\n|t:|1783572883\n|switch|p2a: Smeargle|Smeargle, L95, F|98/258 brn\n|turn|48\n|inactive|Time left: 300 sec this turn | 300 sec total\n|\n|t:|1783572884\n|move|p2a: Smeargle|Spore||[still]\n|-fail|p2a: Smeargle\n|move|p1a: Alomomola|Scald|p2a: Smeargle\n|-damage|p2a: Smeargle|32/258 brn\n|\n|-damage|p2a: Smeargle|16/258 brn|[from] brn\n|-damage|p1a: Alomomola|76/100 brn|[from] brn\n|upkeep\n|turn|49\n|inactive|Time left: 300 sec this turn | 300 sec total\n|\n|t:|1783572884\n|move|p2a: Smeargle|Stealth Rock||[still]\n|-fail|p2a: Smeargle\n|move|p1a: Alomomola|Flip Turn|p2a: Smeargle\n|-damage|p2a: Smeargle|0 fnt\n|faint|p2a: Smeargle\n|\n|win|p0x28507b62", "uploadtime": 1783572884, "views": 0, "rating": 0, "private": 0, "password": null, "_winner": "p0x28507b62", "_our_name": "p0y2850906b"}