{"id": "battle-gen9randombattle-2751", "formatid": "gen9randombattle", "format": "[Gen 9] Random Battle", "players": ["p0x275135a2", "p0y275108ae"], "log": "|init|battle\n|title|p0x275135a2 vs. p0y275108ae\n|j|\u2606p0x275135a2\n|j|\u2606p0y275108ae\n|t:|1783571704\n|gametype|singles\n|player|p1|p0x275135a2|169|\n|player|p2|p0y275108ae|102|\n|gen|9\n|tier|[Gen 9] Random Battle\n|rule|Species Clause: Limit one of each Pok\u00e9mon\n|rule|HP Percentage Mod: HP is shown in percentages\n|rule|Sleep Clause Mod: Limit one foe put to sleep\n|rule|Illusion Level Mod: Illusion disguises the Pok\u00e9mon's true level\n|\n|t:|1783571704\n|teamsize|p1|6\n|teamsize|p2|6\n|start\n|switch|p1a: Regieleki|Regieleki, L79|100/100\n|switch|p2a: Pyroar|Pyroar, L88, F|295/295\n|-ability|p2a: Pyroar|Unnerve\n|turn|1\n|inactive|Battle timer is ON: inactive players will automatically lose when time's up. (requested by p0y275108ae)\n|inactive|p0x275135a2 also wants the timer to be on.\n|\n|t:|1783571706\n|move|p1a: Regieleki|Thunderbolt|p2a: Pyroar\n|-damage|p2a: Pyroar|126/295\n|move|p2a: Pyroar|Fire Blast|p1a: Regieleki\n|-damage|p1a: Regieleki|10/100\n|\n|upkeep\n|turn|2\n|inactive|Time left: 300 sec this turn | 300 sec total\n|\n|t:|1783571707\n|switch|p2a: Sceptile|Sceptile, L87, M|264/264\n|move|p1a: Regieleki|Thunderbolt|p2a: Sceptile\n|-resisted|p2a: Sceptile\n|-damage|p2a: Sceptile|195/264\n|\n|upkeep\n|turn|3\n|inactive|Time left: 300 sec this turn | 300 sec total\n|\n|t:|1783571708\n|move|p1a: Regieleki|Volt Switch|p2a: Sceptile\n|-resisted|p2a: Sceptile\n|-damage|p2a: Sceptile|141/264\n|\n|t:|1783571709\n|switch|p1a: Abomasnow|Abomasnow, L84, F|100/100|[from] Volt Switch\n|-weather|Snowscape|[from] ability: Snow Warning|[of] p1a: Abomasnow\n|move|p2a: Sceptile|Giga Drain|p1a: Abomasnow\n|-resisted|p1a: Abomasnow\n|-damage|p1a: Abomasnow|81/100\n|-heal|p2a: Sceptile|170/264|[from] drain|[of] p1a: Abomasnow\n|-damage|p2a: Sceptile|144/264|[from] item: Life Orb\n|\n|-weather|Snowscape|[upkeep]\n|upkeep\n|turn|4\n|inactive|Time left: 300 sec this turn | 300 sec total\n|\n|t:|1783571710\n|move|p2a: Sceptile|Focus Blast|p1a: Abomasnow\n|-supereffective|p1a: Abomasnow\n|-damage|p1a: Abomasnow|0 fnt\n|faint|p1a: Abomasnow\n|-damage|p2a: Sceptile|118/264|[from] item: Life Orb\n|\n|-weather|Snowscape|[upkeep]\n|upkeep\n|\n|t:|1783571711\n|switch|p1a: Crabominable|Crabominable, L90, M|100/100\n|turn|5\n|inactive|Time left: 300 sec this turn | 300 sec total\n|\n|t:|1783571712\n|move|p2a: Sceptile|Focus Blast|p1a: Crabominable|[miss]\n|-miss|p2a: Sceptile|p1a: Crabominable\n|move|p1a: Crabominable|Drain Punch|p2a: Sceptile\n|-damage|p2a: Sceptile|0 fnt\n|faint|p2a: Sceptile\n|\n|-weather|Snowscape|[upkeep]\n|upkeep\n|inactive|Time left: 300 sec this turn | 300 sec total | 5 sec grace\n|\n|t:|1783571713\n|switch|p2a: Pyroar|Pyroar, L88, F|126/295\n|-ability|p2a: Pyroar|Unnerve\n|turn|6\n|inactive|Time left: 300 sec this turn | 300 sec total\n|\n|t:|1783571714\n|move|p2a: Pyroar|Fire Blast|p1a: Crabominable|[miss]\n|-miss|p2a: Pyroar|p1a: Crabominable\n|move|p1a: Crabominable|Drain Punch|p2a: Pyroar\n|-supereffective|p2a: Pyroar\n|-damage|p2a: Pyroar|0 fnt\n|faint|p2a: Pyroar\n|\n|-weather|Snowscape|[upkeep]\n|upkeep\n|inactive|Time left: 300 sec this turn | 300 sec total | 5 sec grace\n|\n|t:|1783571715\n|switch|p2a: Vaporeon|Vaporeon, L86, M|364/364\n|turn|7\n|inactive|Time left: 300 sec this turn | 300 sec total\n|\n|t:|1783571717\n|move|p2a: Vaporeon|Scald|p1a: Crabominable\n|-damage|p1a: Crabominable|78/100\n|move|p1a: Crabominable|Drain Punch|p2a: Vaporeon\n|-damage|p2a: Vaporeon|187/364\n|-heal|p1a: Crabominable|100/100|[from] drain|[of] p2a: Vaporeon\n|\n|-weather|none\n|-heal|p2a: Vaporeon|209/364|[from] item: Leftovers\n|upkeep\n|turn|8\n|inactive|Time left: 300 sec this turn | 300 sec total\n|\n|t:|1783571718\n|move|p2a: Vaporeon|Scald|p1a: Crabominable\n|-damage|p1a: Crabominable|79/100\n|move|p1a: Crabominable|Drain Punch|p2a: Vaporeon\n|-damage|p2a: Vaporeon|34/364\n|-heal|p1a: Crabominable|100/100|[from] drain|[of] p2a: Vaporeon\n|\n|-heal|p2a: Vaporeon|56/364|[from] item: Leftovers\n|upkeep\n|turn|9\n|inactive|Time left: 300 sec this turn | 300 sec total\n|\n|t:|1783571719\n|move|p2a: Vaporeon|Protect|p2a: Vaporeon\n|-singleturn|p2a: Vaporeon|Protect\n|move|p1a: Crabominable|Knock Off|p2a: Vaporeon\n|-activate|p2a: Vaporeon|move: Protect\n|\n|-heal|p2a: Vaporeon|78/364|[from] item: Leftovers\n|upkeep\n|turn|10\n|inactive|Time left: 300 sec this turn | 300 sec total\n|\n|t:|1783571720\n|move|p2a: Vaporeon|Scald|p1a: Crabominable\n|-crit|p1a: Crabominable\n|-damage|p1a: Crabominable|65/100\n|move|p1a: Crabominable|Knock Off|p2a: Vaporeon\n|-damage|p2a: Vaporeon|0 fnt\n|-enditem|p2a: Vaporeon|Leftovers|[from] move: Knock Off|[of] p1a: Crabominable\n|faint|p2a: Vaporeon\n|\n|upkeep\n|inactive|Time left: 300 sec this turn | 300 sec total | 5 sec grace\n|\n|t:|1783571721\n|switch|p2a: Lycanroc|Lycanroc, L86, M|269/269\n|turn|11\n|inactive|Time left: 300 sec this turn | 300 sec total\n|\n|t:|1783571722\n|-terastallize|p2a: Lycanroc|Fighting\n|-terastallize|p1a: Crabominable|Water\n|move|p2a: Lycanroc|Close Combat|p1a: Crabominable\n|-damage|p1a: Crabominable|0 fnt\n|-unboost|p2a: Lycanroc|def|1\n|-unboost|p2a: Lycanroc|spd|1\n|faint|p1a: Crabominable\n|\n|upkeep\n|\n|t:|1783571723\n|switch|p1a: Sandslash|Sandslash, L89, F|100/100\n|turn|12\n|inactive|Time left: 300 sec this turn | 300 sec total\n|\n|t:|1783571724\n|move|p2a: Lycanroc|Close Combat|p1a: Sandslash\n|-damage|p1a: Sandslash|39/100\n|-unboost|p2a: Lycanroc|def|1\n|-unboost|p2a: Lycanroc|spd|1\n|move|p1a: Sandslash|Earthquake|p2a: Lycanroc\n|-damage|p2a: Lycanroc|0 fnt\n|faint|p2a: Lycanroc\n|\n|-heal|p1a: Sandslash|45/100|[from] item: Leftovers\n|upkeep\n|inactive|Time left: 300 sec this turn | 300 sec total | 5 sec grace\n|\n|t:|1783571725\n|switch|p2a: Haxorus|Haxorus, L77, F|244/244\n|-ability|p2a: Haxorus|Mold Breaker\n|turn|13\n|inactive|Time left: 300 sec this turn | 300 sec total\n|\n|t:|1783571726\n|move|p2a: Haxorus|Swords Dance|p2a: Haxorus\n|-boost|p2a: Haxorus|atk|2\n|move|p1a: Sandslash|Earthquake|p2a: Haxorus\n|-damage|p2a: Haxorus|124/244\n|\n|-heal|p1a: Sandslash|51/100|[from] item: Leftovers\n|upkeep\n|turn|14\n|inactive|Time left: 300 sec this turn | 300 sec total\n|\n|t:|1783571727\n|switch|p1a: Regieleki|Regieleki, L79|10/100\n|move|p2a: Haxorus|Scale Shot|p1a: Regieleki\n|-damage|p1a: Regieleki|0 fnt\n|faint|p1a: Regieleki\n|-hitcount|p1: Regieleki|1\n|-unboost|p2a: Haxorus|def|1\n|-boost|p2a: Haxorus|spe|1\n|\n|upkeep\n|\n|t:|1783571728\n|switch|p1a: Girafarig|Girafarig, L89, F|100/100\n|turn|15\n|inactive|Time left: 300 sec this turn | 300 sec total\n|\n|t:|1783571729\n|move|p2a: Haxorus|Iron Head|p1a: Girafarig\n|-damage|p1a: Girafarig|65/100\n|move|p1a: Girafarig|Psyshock|p2a: Haxorus\n|-damage|p2a: Haxorus|0 fnt\n|faint|p2a: Haxorus\n|\n|upkeep\n|inactive|Time left: 300 sec this turn | 300 sec total | 5 sec grace\n|\n|t:|1783571730\n|switch|p2a: Duraludon|Duraludon, L82, M|249/249\n|turn|16\n|inactive|Time left: 300 sec this turn | 300 sec total\n|\n|t:|1783571731\n|switch|p1a: Virizion|Virizion, L82|100/100\n|move|p2a: Duraludon|Flash Cannon|p1a: Virizion\n|-damage|p1a: Virizion|76/100\n|\n|upkeep\n|turn|17\n|inactive|Time left: 300 sec this turn | 300 sec total\n|\n|t:|1783571732\n|move|p1a: Virizion|Close Combat|p2a: Duraludon\n|-supereffective|p2a: Duraludon\n|-damage|p2a: Duraludon|90/249\n|-unboost|p1a: Virizion|def|1\n|-unboost|p1a: Virizion|spd|1\n|-damage|p1a: Virizion|66/100|[from] item: Life Orb\n|move|p2a: Duraludon|Thunder Wave|p1a: Virizion\n|-status|p1a: Virizion|par\n|\n|upkeep\n|turn|18\n|inactive|Time left: 300 sec this turn | 300 sec total\n|\n|t:|1783571732\n|move|p2a: Duraludon|Body Press|p1a: Virizion\n|-damage|p1a: Virizion|30/100 par\n|move|p1a: Virizion|Close Combat|p2a: Duraludon\n|-supereffective|p2a: Duraludon\n|-damage|p2a: Duraludon|0 fnt\n|-unboost|p1a: Virizion|def|1\n|-unboost|p1a: Virizion|spd|1\n|faint|p2a: Duraludon\n|-damage|p1a: Virizion|20/100 par|[from] item: Life Orb\n|\n|win|p0x275135a2", "uploadtime": 1783571732, "views": 0, "rating": 0, "private": 0, "password": null, "_winner": "p0x275135a2", "_our_name": "p0y275108ae"}