{"id": "battle-gen9randombattle-205", "formatid": "gen9randombattle", "format": "[Gen 9] Random Battle", "players": ["p0x2050932", "p0y205ca47"], "log": "|init|battle\n|title|p0x2050932 vs. p0y205ca47\n|j|\u2606p0x2050932\n|j|\u2606p0y205ca47\n|t:|1783535626\n|gametype|singles\n|player|p1|p0x2050932|1|\n|player|p2|p0y205ca47|102|\n|gen|9\n|tier|[Gen 9] Random Battle\n|rule|Species Clause: Limit one of each Pok\u00e9mon\n|rule|HP Percentage Mod: HP is shown in percentages\n|rule|Sleep Clause Mod: Limit one foe put to sleep\n|rule|Illusion Level Mod: Illusion disguises the Pok\u00e9mon's true level\n|\n|t:|1783535626\n|teamsize|p1|6\n|teamsize|p2|6\n|start\n|switch|p1a: Mabosstiff|Mabosstiff, L86, M|278/278\n|switch|p2a: Lokix|Lokix, L82, M|100/100\n|turn|1\n|inactive|Battle timer is ON: inactive players will automatically lose when time's up. (requested by p0y205ca47)\n|inactive|Time left: 300 sec this turn | 300 sec total | 60 sec grace\n|inactive|p0x2050932 also wants the timer to be on.\n|\n|t:|1783535628\n|move|p2a: Lokix|Knock Off|p1a: Mabosstiff\n|-resisted|p1a: Mabosstiff\n|-damage|p1a: Mabosstiff|188/278\n|-enditem|p1a: Mabosstiff|Choice Band|[from] move: Knock Off|[of] p2a: Lokix\n|move|p1a: Mabosstiff|Play Rough|p2a: Lokix\n|-supereffective|p2a: Lokix\n|-damage|p2a: Lokix|26/100\n|\n|upkeep\n|turn|2\n|inactive|Time left: 300 sec this turn | 300 sec total\n|\n|t:|1783535629\n|move|p2a: Lokix|U-turn|p1a: Mabosstiff\n|-supereffective|p1a: Mabosstiff\n|-damage|p1a: Mabosstiff|18/278\n|\n|t:|1783535630\n|switch|p2a: Wigglytuff|Wigglytuff, L96, M|100/100|[from] U-turn\n|move|p1a: Mabosstiff|Play Rough|p2a: Wigglytuff\n|-damage|p2a: Wigglytuff|49/100\n|\n|-heal|p2a: Wigglytuff|55/100|[from] item: Leftovers\n|upkeep\n|turn|3\n|inactive|Time left: 300 sec this turn | 300 sec total\n|\n|t:|1783535632\n|move|p1a: Mabosstiff|Play Rough|p2a: Wigglytuff\n|-damage|p2a: Wigglytuff|30/100\n|move|p2a: Wigglytuff|Wish|p2a: Wigglytuff\n|\n|-heal|p2a: Wigglytuff|37/100|[from] item: Leftovers\n|upkeep\n|turn|4\n|inactive|Time left: 300 sec this turn | 300 sec total\n|\n|t:|1783535633\n|move|p1a: Mabosstiff|Psychic Fangs|p2a: Wigglytuff\n|-damage|p2a: Wigglytuff|12/100\n|move|p2a: Wigglytuff|Fire Blast|p1a: Mabosstiff\n|-damage|p1a: Mabosstiff|0 fnt\n|faint|p1a: Mabosstiff\n|\n|-heal|p2a: Wigglytuff|62/100|[from] move: Wish|[wisher] Wigglytuff\n|-heal|p2a: Wigglytuff|68/100|[from] item: Leftovers\n|upkeep\n|inactive|Time left: 300 sec this turn | 300 sec total | 5 sec grace\n|\n|t:|1783535634\n|switch|p1a: Ninetales|Ninetales, L85, M|263/263\n|-weather|SunnyDay|[from] ability: Drought|[of] p1a: Ninetales\n|turn|5\n|inactive|Time left: 300 sec this turn | 300 sec total\n|\n|t:|1783535635\n|move|p1a: Ninetales|Nasty Plot|p1a: Ninetales\n|-boost|p1a: Ninetales|spa|2\n|move|p2a: Wigglytuff|Alluring Voice|p1a: Ninetales\n|-resisted|p1a: Ninetales\n|-crit|p1a: Ninetales\n|-damage|p1a: Ninetales|194/263\n|-start|p1a: Ninetales|confusion\n|\n|-weather|SunnyDay|[upkeep]\n|-heal|p2a: Wigglytuff|74/100|[from] item: Leftovers\n|upkeep\n|turn|6\n|inactive|Time left: 300 sec this turn | 300 sec total\n|\n|t:|1783535636\n|move|p2a: Wigglytuff|Protect|p2a: Wigglytuff\n|-singleturn|p2a: Wigglytuff|Protect\n|-activate|p1a: Ninetales|confusion\n|-damage|p1a: Ninetales|172/263|[from] confusion\n|\n|-weather|SunnyDay|[upkeep]\n|-heal|p2a: Wigglytuff|80/100|[from] item: Leftovers\n|upkeep\n|turn|7\n|inactive|Time left: 300 sec this turn | 300 sec total\n|\n|t:|1783535637\n|-activate|p1a: Ninetales|confusion\n|-damage|p1a: Ninetales|150/263|[from] confusion\n|move|p2a: Wigglytuff|Fire Blast|p1a: Ninetales|[miss]\n|-miss|p2a: Wigglytuff|p1a: Ninetales\n|\n|-weather|SunnyDay|[upkeep]\n|-heal|p2a: Wigglytuff|86/100|[from] item: Leftovers\n|upkeep\n|turn|8\n|inactive|Time left: 300 sec this turn | 300 sec total\n|\n|t:|1783535638\n|move|p2a: Wigglytuff|Protect|p2a: Wigglytuff\n|-singleturn|p2a: Wigglytuff|Protect\n|-activate|p1a: Ninetales|confusion\n|move|p1a: Ninetales|Fire Blast|p2a: Wigglytuff\n|-activate|p2a: Wigglytuff|move: Protect\n|\n|-weather|SunnyDay|[upkeep]\n|-heal|p2a: Wigglytuff|92/100|[from] item: Leftovers\n|upkeep\n|turn|9\n|inactive|Time left: 300 sec this turn | 300 sec total\n|\n|t:|1783535639\n|-activate|p1a: Ninetales|confusion\n|move|p1a: Ninetales|Fire Blast|p2a: Wigglytuff\n|-damage|p2a: Wigglytuff|0 fnt\n|faint|p2a: Wigglytuff\n|\n|-weather|none\n|upkeep\n|\n|t:|1783535640\n|switch|p2a: Gallade|Gallade, L80, M|100/100\n|turn|10\n|inactive|Time left: 300 sec this turn | 300 sec total\n|\n|t:|1783535641\n|-end|p1a: Ninetales|confusion\n|move|p1a: Ninetales|Fire Blast|p2a: Gallade\n|-damage|p2a: Gallade|32/100\n|move|p2a: Gallade|Sacred Sword|p1a: Ninetales\n|-damage|p1a: Ninetales|0 fnt\n|faint|p1a: Ninetales\n|-damage|p2a: Gallade|22/100|[from] item: Life Orb\n|\n|upkeep\n|inactive|Time left: 300 sec this turn | 300 sec total | 5 sec grace\n|\n|t:|1783535642\n|switch|p1a: Inteleon|Inteleon, L81, F|246/246\n|turn|11\n|inactive|Time left: 300 sec this turn | 300 sec total\n|\n|t:|1783535644\n|switch|p2a: Necrozma|Necrozma, L80|100/100\n|move|p1a: Inteleon|Scald|p2a: Necrozma\n|-damage|p2a: Necrozma|52/100\n|\n|upkeep\n|turn|12\n|inactive|Time left: 300 sec this turn | 300 sec total\n|\n|t:|1783535645\n|move|p1a: Inteleon|Scald|p2a: Necrozma\n|-damage|p2a: Necrozma|2/100\n|move|p2a: Necrozma|Photon Geyser|p1a: Inteleon\n|-damage|p1a: Inteleon|83/246\n|\n|upkeep\n|turn|13\n|inactive|Time left: 300 sec this turn | 300 sec total\n|\n|t:|1783535646\n|move|p1a: Inteleon|Scald|p2a: Necrozma\n|-damage|p2a: Necrozma|0 fnt\n|faint|p2a: Necrozma\n|\n|upkeep\n|\n|t:|1783535647\n|switch|p2a: Lokix|Lokix, L82, M|26/100\n|turn|14\n|inactive|Time left: 300 sec this turn | 300 sec total\n|\n|t:|1783535648\n|switch|p1a: Gouging Fire|Gouging Fire, L74|277/277\n|move|p2a: Lokix|First Impression|p1a: Gouging Fire\n|-resisted|p1a: Gouging Fire\n|-damage|p1a: Gouging Fire|175/277\n|\n|upkeep\n|turn|15\n|inactive|Time left: 300 sec this turn | 300 sec total\n|\n|t:|1783535649\n|move|p2a: Lokix|U-turn|p1a: Gouging Fire\n|-resisted|p1a: Gouging Fire\n|-damage|p1a: Gouging Fire|103/277\n|\n|t:|1783535649\n|switch|p2a: Great Tusk|Great Tusk, L77|100/100|[from] U-turn\n|move|p1a: Gouging Fire|Dragon Dance|p1a: Gouging Fire\n|-boost|p1a: Gouging Fire|atk|1\n|-boost|p1a: Gouging Fire|spe|1\n|\n|upkeep\n|turn|16\n|inactive|Time left: 300 sec this turn | 300 sec total\n|\n|t:|1783535650\n|move|p1a: Gouging Fire|Outrage|p2a: Great Tusk\n|-damage|p2a: Great Tusk|58/100\n|move|p2a: Great Tusk|Earthquake|p1a: Gouging Fire\n|-supereffective|p1a: Gouging Fire\n|-damage|p1a: Gouging Fire|0 fnt\n|faint|p1a: Gouging Fire\n|-end|p1a: Gouging Fire|Protosynthesis|[silent]\n|\n|-heal|p2a: Great Tusk|64/100|[from] item: Leftovers\n|upkeep\n|inactive|Time left: 300 sec this turn | 300 sec total | 5 sec grace\n|\n|t:|1783535651\n|switch|p1a: Inteleon|Inteleon, L81, F|83/246\n|turn|17\n|inactive|Time left: 300 sec this turn | 300 sec total\n|\n|t:|1783535652\n|-end|p2a: Great Tusk|Protosynthesis|[silent]\n|switch|p2a: Gallade|Gallade, L80, M|22/100\n|move|p1a: Inteleon|Scald|p2a: Gallade\n|-damage|p2a: Gallade|0 fnt\n|faint|p2a: Gallade\n|\n|upkeep\n|\n|t:|1783535653\n|switch|p2a: Lokix|Lokix, L82, M|26/100\n|turn|18\n|inactive|Time left: 300 sec this turn | 300 sec total\n|\n|t:|1783535654\n|switch|p1a: Scizor|Scizor, L79, M|240/240\n|move|p2a: Lokix|First Impression|p1a: Scizor\n|-resisted|p1a: Scizor\n|-damage|p1a: Scizor|138/240\n|\n|-heal|p1a: Scizor|153/240|[from] item: Leftovers\n|upkeep\n|turn|19\n|inactive|Time left: 300 sec this turn | 300 sec total\n|\n|t:|1783535655\n|move|p1a: Scizor|Bullet Punch|p2a: Lokix\n|-damage|p2a: Lokix|0 fnt\n|faint|p2a: Lokix\n|\n|-heal|p1a: Scizor|168/240|[from] item: Leftovers\n|upkeep\n|\n|t:|1783535656\n|switch|p2a: Great Tusk|Great Tusk, L77|64/100\n|turn|20\n|inactive|Time left: 300 sec this turn | 300 sec total\n|\n|t:|1783535657\n|move|p2a: Great Tusk|Earthquake|p1a: Scizor\n|-damage|p1a: Scizor|68/240\n|move|p1a: Scizor|U-turn|p2a: Great Tusk\n|-resisted|p2a: Great Tusk\n|-damage|p2a: Great Tusk|53/100\n|inactive|Time left: 300 sec this turn | 300 sec total | 5 sec grace\n|\n|t:|1783535658\n|switch|p1a: Inteleon|Inteleon, L81, F|83/246|[from] U-turn\n|\n|-heal|p2a: Great Tusk|59/100|[from] item: Leftovers\n|upkeep\n|turn|21\n|inactive|Time left: 300 sec this turn | 300 sec total\n|\n|t:|1783535659\n|-end|p2a: Great Tusk|Protosynthesis|[silent]\n|switch|p2a: Great Tusk|Great Tusk, L77|100/100\n|move|p1a: Inteleon|Scald|p2a: Great Tusk\n|-damage|p2a: Great Tusk|6/100\n|-status|p2a: Great Tusk|brn\n|replace|p2a: Zoroark|Zoroark-Hisui, L80, F\n|-end|p2a: Zoroark|Illusion\n|-hint|Illusion Level Mod is active, so this Pok\u00e9mon's true level was hidden.\n|\n|-damage|p2a: Zoroark|0 fnt|[from] brn\n|faint|p2a: Zoroark\n|upkeep\n|\n|t:|1783535660\n|switch|p2a: Great Tusk|Great Tusk, L77|59/100\n|turn|22\n|inactive|Time left: 300 sec this turn | 300 sec total\n|\n|t:|1783535661\n|-terastallize|p1a: Inteleon|Water\n|-terastallize|p2a: Great Tusk|Steel\n|move|p1a: Inteleon|Scald|p2a: Great Tusk\n|-damage|p2a: Great Tusk|0 fnt\n|faint|p2a: Great Tusk\n|-end|p2a: Great Tusk|Protosynthesis|[silent]\n|\n|win|p0x2050932", "uploadtime": 1783535661, "views": 0, "rating": 0, "private": 0, "password": null, "_winner": "p0x2050932", "_our_name": "p0x2050932"}