{"id": "battle-gen9randombattle-189", "formatid": "gen9randombattle", "format": "[Gen 9] Random Battle", "players": ["p0x1896098", "p0y189ca7b"], "log": "|init|battle\n|title|p0x1896098 vs. p0y189ca7b\n|j|\u2606p0x1896098\n|j|\u2606p0y189ca7b\n|t:|1783535434\n|gametype|singles\n|player|p1|p0x1896098|1|\n|player|p2|p0y189ca7b|170|\n|gen|9\n|tier|[Gen 9] Random Battle\n|rule|Species Clause: Limit one of each Pok\u00e9mon\n|rule|HP Percentage Mod: HP is shown in percentages\n|rule|Sleep Clause Mod: Limit one foe put to sleep\n|rule|Illusion Level Mod: Illusion disguises the Pok\u00e9mon's true level\n|\n|t:|1783535434\n|teamsize|p1|6\n|teamsize|p2|6\n|start\n|switch|p1a: Pawmot|Pawmot, L80, M|243/243\n|switch|p2a: Kilowattrel|Kilowattrel, L83, M|100/100\n|turn|1\n|inactive|Battle timer is ON: inactive players will automatically lose when time's up. (requested by p0y189ca7b)\n|inactive|Time left: 300 sec this turn | 300 sec total | 60 sec grace\n|inactive|p0x1896098 also wants the timer to be on.\n|\n|t:|1783535436\n|move|p2a: Kilowattrel|Hurricane|p1a: Pawmot|[miss]\n|-miss|p2a: Kilowattrel|p1a: Pawmot\n|move|p1a: Pawmot|Ice Punch|p2a: Kilowattrel\n|-supereffective|p2a: Kilowattrel\n|-damage|p2a: Kilowattrel|14/100\n|-damage|p1a: Pawmot|219/243|[from] item: Life Orb\n|\n|upkeep\n|turn|2\n|inactive|Time left: 300 sec this turn | 300 sec total\n|\n|t:|1783535437\n|move|p2a: Kilowattrel|Hurricane|p1a: Pawmot|[miss]\n|-miss|p2a: Kilowattrel|p1a: Pawmot\n|move|p1a: Pawmot|Ice Punch|p2a: Kilowattrel\n|-supereffective|p2a: Kilowattrel\n|-damage|p2a: Kilowattrel|0 fnt\n|faint|p2a: Kilowattrel\n|-damage|p1a: Pawmot|195/243|[from] item: Life Orb\n|\n|upkeep\n|\n|t:|1783535437\n|switch|p2a: Ambipom|Ambipom, L84, M|100/100\n|turn|3\n|inactive|Time left: 300 sec this turn | 300 sec total\n|\n|t:|1783535438\n|switch|p1a: Magnezone|Magnezone, L85|258/258\n|move|p2a: Ambipom|Triple Axel|p1a: Magnezone\n|-resisted|p1a: Magnezone\n|-crit|p1a: Magnezone\n|-damage|p1a: Magnezone|240/258\n|-resisted|p1a: Magnezone\n|-damage|p1a: Magnezone|215/258\n|-hitcount|p1a: Magnezone|2\n|\n|-heal|p1a: Magnezone|231/258|[from] item: Leftovers\n|upkeep\n|turn|4\n|inactive|Time left: 300 sec this turn | 300 sec total\n|\n|t:|1783535439\n|move|p2a: Ambipom|Triple Axel|p1a: Magnezone\n|-resisted|p1a: Magnezone\n|-damage|p1a: Magnezone|217/258\n|-resisted|p1a: Magnezone\n|-damage|p1a: Magnezone|191/258\n|-resisted|p1a: Magnezone\n|-damage|p1a: Magnezone|152/258\n|-hitcount|p1a: Magnezone|3\n|move|p1a: Magnezone|Discharge|p2a: Ambipom\n|-damage|p2a: Ambipom|47/100\n|-status|p2a: Ambipom|par\n|\n|-heal|p1a: Magnezone|168/258|[from] item: Leftovers\n|upkeep\n|turn|5\n|inactive|Time left: 300 sec this turn | 300 sec total\n|\n|t:|1783535440\n|move|p1a: Magnezone|Discharge|p2a: Ambipom\n|-damage|p2a: Ambipom|0 fnt\n|faint|p2a: Ambipom\n|\n|-heal|p1a: Magnezone|184/258|[from] item: Leftovers\n|upkeep\n|\n|t:|1783535441\n|switch|p2a: Rayquaza|Rayquaza, L72|100/100\n|-ability|p2a: Rayquaza|Air Lock\n|turn|6\n|inactive|Time left: 300 sec this turn | 300 sec total\n|\n|t:|1783535442\n|move|p2a: Rayquaza|Earthquake|p1a: Magnezone\n|-supereffective|p1a: Magnezone\n|-damage|p1a: Magnezone|0 fnt\n|faint|p1a: Magnezone\n|\n|upkeep\n|inactive|Time left: 300 sec this turn | 300 sec total | 5 sec grace\n|\n|t:|1783535443\n|switch|p1a: Azumarill|Azumarill, L82, M|298/298\n|turn|7\n|inactive|Time left: 300 sec this turn | 300 sec total\n|\n|t:|1783535444\n|switch|p2a: Slowbro|Slowbro, L85, F|100/100\n|move|p1a: Azumarill|Play Rough|p2a: Slowbro|[miss]\n|-miss|p1a: Azumarill|p2a: Slowbro\n|\n|upkeep\n|turn|8\n|inactive|Time left: 300 sec this turn | 300 sec total\n|\n|t:|1783535444\n|move|p1a: Azumarill|Play Rough|p2a: Slowbro\n|-damage|p2a: Slowbro|51/100\n|move|p2a: Slowbro|Scald|p1a: Azumarill\n|-resisted|p1a: Azumarill\n|-damage|p1a: Azumarill|250/298\n|-status|p1a: Azumarill|brn\n|\n|-damage|p1a: Azumarill|232/298 brn|[from] brn\n|upkeep\n|turn|9\n|inactive|Time left: 300 sec this turn | 300 sec total\n|\n|t:|1783535446\n|move|p1a: Azumarill|Play Rough|p2a: Slowbro\n|-damage|p2a: Slowbro|29/100\n|move|p2a: Slowbro|Scald|p1a: Azumarill\n|-resisted|p1a: Azumarill\n|-damage|p1a: Azumarill|181/298 brn\n|\n|-damage|p1a: Azumarill|163/298 brn|[from] brn\n|upkeep\n|turn|10\n|inactive|Time left: 300 sec this turn | 300 sec total\n|\n|t:|1783535447\n|switch|p2a: Blaziken|Blaziken, L76, M|100/100\n|move|p1a: Azumarill|Play Rough|p2a: Blaziken\n|-damage|p2a: Blaziken|54/100\n|\n|-damage|p1a: Azumarill|145/298 brn|[from] brn\n|upkeep\n|turn|11\n|inactive|Time left: 300 sec this turn | 300 sec total\n|\n|t:|1783535448\n|move|p2a: Blaziken|Swords Dance|p2a: Blaziken\n|-boost|p2a: Blaziken|atk|2\n|move|p1a: Azumarill|Play Rough|p2a: Blaziken\n|-damage|p2a: Blaziken|10/100\n|\n|-damage|p1a: Azumarill|127/298 brn|[from] brn\n|-ability|p2a: Blaziken|Speed Boost|boost\n|-boost|p2a: Blaziken|spe|1\n|upkeep\n|turn|12\n|inactive|Time left: 300 sec this turn | 300 sec total\n|\n|t:|1783535449\n|move|p2a: Blaziken|Close Combat|p1a: Azumarill\n|-resisted|p1a: Azumarill\n|-damage|p1a: Azumarill|0 fnt\n|-unboost|p2a: Blaziken|def|1\n|-unboost|p2a: Blaziken|spd|1\n|faint|p1a: Azumarill\n|-damage|p2a: Blaziken|0 fnt|[from] item: Life Orb\n|faint|p2a: Blaziken\n|\n|upkeep\n|inactive|Time left: 300 sec this turn | 300 sec total | 5 sec grace\n|\n|t:|1783535451\n|switch|p2a: Wugtrio|Wugtrio, L91, F|100/100\n|switch|p1a: Meowscarada|Meowscarada, L78, M|247/247\n|turn|13\n|inactive|Time left: 300 sec this turn | 300 sec total\n|\n|t:|1783535452\n|switch|p2a: Rayquaza|Rayquaza, L72|100/100\n|-ability|p2a: Rayquaza|Air Lock\n|move|p1a: Meowscarada|Knock Off|p2a: Rayquaza\n|-start|p1a: Meowscarada|typechange|Dark|[from] ability: Protean\n|-damage|p2a: Rayquaza|35/100\n|-enditem|p2a: Rayquaza|Choice Band|[from] move: Knock Off|[of] p1a: Meowscarada\n|\n|upkeep\n|turn|14\n|inactive|Time left: 300 sec this turn | 300 sec total\n|\n|t:|1783535453\n|move|p2a: Rayquaza|Extreme Speed|p1a: Meowscarada\n|-damage|p1a: Meowscarada|167/247\n|move|p1a: Meowscarada|Knock Off|p2a: Rayquaza\n|-damage|p2a: Rayquaza|0 fnt\n|faint|p2a: Rayquaza\n|\n|upkeep\n|\n|t:|1783535454\n|switch|p2a: Slowbro|Slowbro, L85, F|63/100\n|turn|15\n|inactive|Time left: 300 sec this turn | 300 sec total\n|\n|t:|1783535455\n|-terastallize|p2a: Slowbro|Fighting\n|move|p1a: Meowscarada|Knock Off|p2a: Slowbro\n|-resisted|p2a: Slowbro\n|-damage|p2a: Slowbro|41/100\n|-enditem|p2a: Slowbro|Assault Vest|[from] move: Knock Off|[of] p1a: Meowscarada\n|move|p2a: Slowbro|Body Press|p1a: Meowscarada\n|-supereffective|p1a: Meowscarada\n|-damage|p1a: Meowscarada|0 fnt\n|faint|p1a: Meowscarada\n|\n|upkeep\n|inactive|Time left: 300 sec this turn | 300 sec total | 5 sec grace\n|\n|t:|1783535457\n|switch|p1a: Arboliva|Arboliva, L91, F|288/288\n|turn|16\n|inactive|Time left: 300 sec this turn | 300 sec total\n|\n|t:|1783535457\n|switch|p2a: Wugtrio|Wugtrio, L91, F|100/100\n|move|p1a: Arboliva|Hyper Voice|p2a: Wugtrio\n|-damage|p2a: Wugtrio|36/100\n|\n|upkeep\n|turn|17\n|inactive|Time left: 300 sec this turn | 300 sec total\n|\n|t:|1783535458\n|switch|p2a: Slowbro|Slowbro, L85, F, tera:Fighting|74/100\n|move|p1a: Arboliva|Hyper Voice|p2a: Slowbro\n|-damage|p2a: Slowbro|29/100\n|\n|upkeep\n|turn|18\n|inactive|Time left: 300 sec this turn | 300 sec total\n|\n|t:|1783535459\n|switch|p2a: Wugtrio|Wugtrio, L91, F|36/100\n|move|p1a: Arboliva|Hyper Voice|p2a: Wugtrio\n|-damage|p2a: Wugtrio|0 fnt\n|faint|p2a: Wugtrio\n|\n|upkeep\n|\n|t:|1783535460\n|switch|p2a: Slowbro|Slowbro, L85, F, tera:Fighting|62/100\n|turn|19\n|inactive|Time left: 300 sec this turn | 300 sec total\n|\n|t:|1783535461\n|-terastallize|p1a: Arboliva|Water\n|move|p1a: Arboliva|Hyper Voice|p2a: Slowbro\n|-damage|p2a: Slowbro|15/100\n|move|p2a: Slowbro|Ice Beam|p1a: Arboliva\n|-resisted|p1a: Arboliva\n|-damage|p1a: Arboliva|261/288\n|-status|p1a: Arboliva|frz\n|\n|upkeep\n|turn|20\n|inactive|Time left: 300 sec this turn | 300 sec total\n|\n|t:|1783535463\n|switch|p1a: Pawmot|Pawmot, L80, M|195/243\n|move|p2a: Slowbro|Ice Beam|p1a: Pawmot\n|-damage|p1a: Pawmot|99/243\n|\n|upkeep\n|turn|21\n|inactive|Time left: 300 sec this turn | 300 sec total\n|\n|t:|1783535464\n|move|p1a: Pawmot|Ice Punch|p2a: Slowbro\n|-damage|p2a: Slowbro|0 fnt\n|faint|p2a: Slowbro\n|-damage|p1a: Pawmot|75/243|[from] item: Life Orb\n|\n|win|p0x1896098", "uploadtime": 1783535464, "views": 0, "rating": 0, "private": 0, "password": null, "_winner": "p0x1896098", "_our_name": "p0x1896098"}