{"id": "battle-gen9randombattle-1513", "formatid": "gen9randombattle", "format": "[Gen 9] Random Battle", "players": ["p0x15130b8c", "p0y15131b36"], "log": "|init|battle\n|title|p0x15130b8c vs. p0y15131b36\n|j|\u2606p0x15130b8c\n|j|\u2606p0y15131b36\n|t:|1783556678\n|gametype|singles\n|player|p1|p0x15130b8c|170|\n|player|p2|p0y15131b36|102|\n|gen|9\n|tier|[Gen 9] Random Battle\n|rule|Species Clause: Limit one of each Pok\u00e9mon\n|rule|HP Percentage Mod: HP is shown in percentages\n|rule|Sleep Clause Mod: Limit one foe put to sleep\n|rule|Illusion Level Mod: Illusion disguises the Pok\u00e9mon's true level\n|\n|t:|1783556678\n|teamsize|p1|6\n|teamsize|p2|6\n|start\n|switch|p1a: Qwilfish|Qwilfish, L86, M|100/100\n|switch|p2a: Crabominable|Crabominable, L90, M|321/321\n|-ability|p1a: Qwilfish|Intimidate|boost\n|-unboost|p2a: Crabominable|atk|1\n|turn|1\n|inactive|Battle timer is ON: inactive players will automatically lose when time's up. (requested by p0x15130b8c)\n|inactive|Time left: 300 sec this turn | 300 sec total | 60 sec grace\n|\n|t:|1783556680\n|switch|p2a: Luxray|Luxray, L88, M|283/283\n|move|p1a: Qwilfish|Toxic Spikes|p2a: Luxray\n|-sidestart|p2: p0y15131b36|move: Toxic Spikes\n|\n|-status|p2a: Luxray|brn|[from] item: Flame Orb\n|upkeep\n|turn|2\n|inactive|Time left: 300 sec this turn | 300 sec total\n|inactive|p0y15131b36 also wants the timer to be on.\n|\n|t:|1783556681\n|switch|p1a: Avalugg|Avalugg, L88, M|100/100\n|move|p2a: Luxray|Facade|p1a: Avalugg\n|-crit|p1a: Avalugg\n|-damage|p1a: Avalugg|50/100\n|\n|-damage|p2a: Luxray|266/283 brn|[from] brn\n|upkeep\n|turn|3\n|inactive|Time left: 300 sec this turn | 300 sec total\n|\n|t:|1783556683\n|move|p2a: Luxray|Supercell Slam|p1a: Avalugg\n|-damage|p1a: Avalugg|14/100\n|move|p1a: Avalugg|Recover|p1a: Avalugg\n|-heal|p1a: Avalugg|64/100\n|\n|-damage|p2a: Luxray|249/283 brn|[from] brn\n|upkeep\n|turn|4\n|inactive|Time left: 300 sec this turn | 300 sec total\n|\n|t:|1783556684\n|move|p2a: Luxray|Facade|p1a: Avalugg\n|-damage|p1a: Avalugg|31/100\n|move|p1a: Avalugg|Recover|p1a: Avalugg\n|-heal|p1a: Avalugg|81/100\n|\n|-damage|p2a: Luxray|232/283 brn|[from] brn\n|upkeep\n|turn|5\n|inactive|Time left: 300 sec this turn | 300 sec total\n|\n|t:|1783556685\n|switch|p2a: Reshiram|Reshiram, L76|277/277\n|-ability|p2a: Reshiram|Turboblaze\n|move|p1a: Avalugg|Avalanche|p2a: Reshiram\n|-damage|p2a: Reshiram|201/277\n|\n|upkeep\n|turn|6\n|inactive|Time left: 300 sec this turn | 300 sec total\n|\n|t:|1783556686\n|move|p2a: Reshiram|Blue Flare|p1a: Avalugg|[miss]\n|-miss|p2a: Reshiram|p1a: Avalugg\n|move|p1a: Avalugg|Recover|p1a: Avalugg\n|-heal|p1a: Avalugg|100/100\n|\n|upkeep\n|turn|7\n|inactive|Time left: 300 sec this turn | 300 sec total\n|\n|t:|1783556687\n|move|p2a: Reshiram|Blue Flare|p1a: Avalugg\n|-supereffective|p1a: Avalugg\n|-damage|p1a: Avalugg|0 fnt\n|faint|p1a: Avalugg\n|\n|upkeep\n|\n|t:|1783556688\n|switch|p1a: Hatterene|Hatterene, L85, F|100/100\n|turn|8\n|inactive|Time left: 300 sec this turn | 300 sec total\n|\n|t:|1783556690\n|move|p2a: Reshiram|Blue Flare|p1a: Hatterene\n|-damage|p1a: Hatterene|40/100\n|move|p1a: Hatterene|Psychic|p2a: Reshiram\n|-damage|p2a: Reshiram|86/277\n|\n|-heal|p1a: Hatterene|46/100|[from] item: Leftovers\n|upkeep\n|turn|9\n|inactive|Time left: 300 sec this turn | 300 sec total\n|\n|t:|1783556691\n|switch|p1a: Qwilfish|Qwilfish, L86, M|100/100\n|-ability|p1a: Qwilfish|Intimidate|boost\n|-unboost|p2a: Reshiram|atk|1\n|move|p2a: Reshiram|Blue Flare|p1a: Qwilfish\n|-resisted|p1a: Qwilfish\n|-damage|p1a: Qwilfish|55/100\n|\n|-heal|p1a: Qwilfish|61/100|[from] item: Leftovers\n|upkeep\n|turn|10\n|inactive|Time left: 300 sec this turn | 300 sec total\n|\n|t:|1783556692\n|move|p1a: Qwilfish|Waterfall|p2a: Reshiram\n|-damage|p2a: Reshiram|4/277\n|move|p2a: Reshiram|Earth Power|p1a: Qwilfish\n|-supereffective|p1a: Qwilfish\n|-damage|p1a: Qwilfish|0 fnt\n|faint|p1a: Qwilfish\n|\n|upkeep\n|\n|t:|1783556693\n|switch|p1a: Vivillon|Vivillon-Jungle, L83, F|100/100\n|turn|11\n|inactive|Time left: 300 sec this turn | 300 sec total\n|\n|t:|1783556693\n|move|p1a: Vivillon|Bug Buzz|p2a: Reshiram\n|-resisted|p2a: Reshiram\n|-damage|p2a: Reshiram|0 fnt\n|faint|p2a: Reshiram\n|\n|upkeep\n|inactive|Time left: 300 sec this turn | 300 sec total | 5 sec grace\n|\n|t:|1783556694\n|switch|p2a: Luxray|Luxray, L88, M|232/283 brn\n|turn|12\n|inactive|Time left: 300 sec this turn | 300 sec total\n|\n|t:|1783556695\n|switch|p1a: Slowbro|Slowbro-Galar, L87, F|100/100\n|move|p2a: Luxray|Facade|p1a: Slowbro\n|-damage|p1a: Slowbro|43/100\n|-damage|p2a: Luxray|185/283 brn|[from] item: Rocky Helmet|[of] p1a: Slowbro\n|\n|-damage|p2a: Luxray|168/283 brn|[from] brn\n|upkeep\n|turn|13\n|inactive|Time left: 300 sec this turn | 300 sec total\n|\n|t:|1783556696\n|switch|p1a: Forretress|Forretress, L84, F|100/100\n|move|p2a: Luxray|Facade|p1a: Forretress\n|-resisted|p1a: Forretress\n|-crit|p1a: Forretress\n|-damage|p1a: Forretress|60/100\n|\n|-heal|p1a: Forretress|66/100|[from] item: Leftovers\n|-damage|p2a: Luxray|151/283 brn|[from] brn\n|upkeep\n|turn|14\n|inactive|Time left: 300 sec this turn | 300 sec total\n|\n|t:|1783556697\n|move|p2a: Luxray|Supercell Slam|p1a: Forretress\n|-damage|p1a: Forretress|12/100\n|move|p1a: Forretress|Body Press|p2a: Luxray\n|-damage|p2a: Luxray|77/283 brn\n|\n|-heal|p1a: Forretress|18/100|[from] item: Leftovers\n|-damage|p2a: Luxray|60/283 brn|[from] brn\n|upkeep\n|turn|15\n|inactive|Time left: 300 sec this turn | 300 sec total\n|\n|t:|1783556698\n|switch|p1a: Slowbro|Slowbro-Galar, L87, F|76/100\n|move|p2a: Luxray|Supercell Slam|p1a: Slowbro\n|-crit|p1a: Slowbro\n|-damage|p1a: Slowbro|0 fnt\n|-damage|p2a: Luxray|13/283 brn|[from] item: Rocky Helmet|[of] p1a: Slowbro\n|faint|p1a: Slowbro\n|\n|-damage|p2a: Luxray|0 fnt|[from] brn\n|faint|p2a: Luxray\n|upkeep\n|inactive|Time left: 300 sec this turn | 300 sec total | 5 sec grace\n|\n|t:|1783556699\n|switch|p2a: Mimikyu|Mimikyu, L79, M|216/216\n|switch|p1a: Forretress|Forretress, L84, F|18/100\n|-status|p2a: Mimikyu|psn\n|turn|16\n|inactive|Time left: 300 sec this turn | 300 sec total\n|\n|t:|1783556700\n|move|p2a: Mimikyu|Shadow Claw|p1a: Forretress\n|-damage|p1a: Forretress|0 fnt\n|faint|p1a: Forretress\n|-damage|p2a: Mimikyu|195/216 psn|[from] item: Life Orb\n|\n|-damage|p2a: Mimikyu|168/216 psn|[from] psn\n|upkeep\n|\n|t:|1783556701\n|switch|p1a: Hatterene|Hatterene, L85, F|46/100\n|turn|17\n|inactive|Time left: 300 sec this turn | 300 sec total\n|\n|t:|1783556702\n|-terastallize|p1a: Hatterene|Fairy\n|move|p2a: Mimikyu|Shadow Claw|p1a: Hatterene\n|-damage|p1a: Hatterene|12/100\n|-damage|p2a: Mimikyu|147/216 psn|[from] item: Life Orb\n|move|p1a: Hatterene|Psychic|p2a: Mimikyu\n|-activate|p2a: Mimikyu|ability: Disguise\n|-damage|p2a: Mimikyu|147/216 psn\n|detailschange|p2a: Mimikyu|Mimikyu-Busted, L79, M\n|-damage|p2a: Mimikyu|120/216 psn|[from] pokemon: Mimikyu-Busted\n|\n|-heal|p1a: Hatterene|17/100|[from] item: Leftovers\n|-damage|p2a: Mimikyu|93/216 psn|[from] psn\n|upkeep\n|turn|18\n|inactive|Time left: 300 sec this turn | 300 sec total\n|\n|t:|1783556703\n|move|p2a: Mimikyu|Shadow Claw|p1a: Hatterene\n|-damage|p1a: Hatterene|0 fnt\n|faint|p1a: Hatterene\n|-damage|p2a: Mimikyu|72/216 psn|[from] item: Life Orb\n|\n|-damage|p2a: Mimikyu|45/216 psn|[from] psn\n|upkeep\n|\n|t:|1783556704\n|switch|p1a: Vivillon|Vivillon-Jungle, L83, F|100/100\n|turn|19\n|inactive|Time left: 300 sec this turn | 300 sec total\n|\n|t:|1783556705\n|move|p2a: Mimikyu|Shadow Claw|p1a: Vivillon\n|-damage|p1a: Vivillon|58/100\n|-damage|p2a: Mimikyu|24/216 psn|[from] item: Life Orb\n|move|p1a: Vivillon|Quiver Dance|p1a: Vivillon\n|-boost|p1a: Vivillon|spa|1\n|-boost|p1a: Vivillon|spd|1\n|-boost|p1a: Vivillon|spe|1\n|\n|-damage|p2a: Mimikyu|0 fnt|[from] psn\n|faint|p2a: Mimikyu\n|upkeep\n|inactive|Time left: 300 sec this turn | 300 sec total | 5 sec grace\n|\n|t:|1783556706\n|switch|p2a: Lanturn|Lanturn, L89, M|367/367\n|-status|p2a: Lanturn|psn\n|turn|20\n|inactive|Time left: 300 sec this turn | 300 sec total\n|\n|t:|1783556707\n|-terastallize|p2a: Lanturn|Flying\n|move|p1a: Vivillon|Hurricane|p2a: Lanturn\n|-crit|p2a: Lanturn\n|-damage|p2a: Lanturn|117/367 psn\n|move|p2a: Lanturn|Thunderbolt|p1a: Vivillon\n|-supereffective|p1a: Vivillon\n|-damage|p1a: Vivillon|0 fnt\n|faint|p1a: Vivillon\n|\n|win|p0y15131b36", "uploadtime": 1783556707, "views": 0, "rating": 0, "private": 0, "password": null, "_winner": "p0y15131b36", "_our_name": "p0y15131b36"}