{"id": "battle-gen9randombattle-718", "formatid": "gen9randombattle", "format": "[Gen 9] Random Battle", "players": ["p0x718e673", "p0y7182ce7"], "log": "|init|battle\n|title|p0x718e673 vs. p0y7182ce7\n|j|\u2606p0x718e673\n|j|\u2606p0y7182ce7\n|t:|1783548164\n|gametype|singles\n|player|p1|p0x718e673|102|\n|player|p2|p0y7182ce7|169|\n|gen|9\n|tier|[Gen 9] Random Battle\n|rule|Species Clause: Limit one of each Pok\u00e9mon\n|rule|HP Percentage Mod: HP is shown in percentages\n|rule|Sleep Clause Mod: Limit one foe put to sleep\n|rule|Illusion Level Mod: Illusion disguises the Pok\u00e9mon's true level\n|\n|t:|1783548164\n|teamsize|p1|6\n|teamsize|p2|6\n|start\n|switch|p1a: Wo-Chien|Wo-Chien, L83|277/277\n|switch|p2a: Moltres|Moltres-Galar, L79|100/100\n|-ability|p1a: Wo-Chien|Tablets of Ruin\n|turn|1\n|inactive|Battle timer is ON: inactive players will automatically lose when time's up. (requested by p0x718e673)\n|inactive|p0y7182ce7 also wants the timer to be on.\n|\n|t:|1783548166\n|switch|p1a: Magearna|Magearna, L77|250/250\n|move|p2a: Moltres|Hurricane|p1a: Magearna\n|-resisted|p1a: Magearna\n|-crit|p1a: Magearna\n|-damage|p1a: Magearna|184/250\n|\n|-heal|p1a: Magearna|199/250|[from] item: Leftovers\n|upkeep\n|turn|2\n|inactive|Time left: 300 sec this turn | 300 sec total\n|\n|t:|1783548168\n|move|p2a: Moltres|Nasty Plot|p2a: Moltres\n|-boost|p2a: Moltres|spa|2\n|move|p1a: Magearna|Shift Gear|p1a: Magearna\n|-boost|p1a: Magearna|spe|2\n|-boost|p1a: Magearna|atk|1\n|\n|-heal|p1a: Magearna|214/250|[from] item: Leftovers\n|upkeep\n|turn|3\n|inactive|Time left: 300 sec this turn | 300 sec total\n|\n|t:|1783548169\n|move|p1a: Magearna|Calm Mind|p1a: Magearna\n|-boost|p1a: Magearna|spa|1\n|-boost|p1a: Magearna|spd|1\n|move|p2a: Moltres|Hurricane|p1a: Magearna\n|-resisted|p1a: Magearna\n|-damage|p1a: Magearna|154/250\n|-start|p1a: Magearna|confusion\n|\n|-heal|p1a: Magearna|169/250|[from] item: Leftovers\n|upkeep\n|turn|4\n|inactive|Time left: 300 sec this turn | 300 sec total\n|\n|t:|1783548170\n|switch|p2a: Scovillain|Scovillain, L91, F|100/100\n|-activate|p1a: Magearna|confusion\n|move|p1a: Magearna|Fleur Cannon|p2a: Scovillain\n|-resisted|p2a: Scovillain\n|-damage|p2a: Scovillain|54/100\n|-unboost|p1a: Magearna|spa|2\n|\n|-heal|p1a: Magearna|184/250|[from] item: Leftovers\n|upkeep\n|turn|5\n|inactive|Time left: 300 sec this turn | 300 sec total\n|\n|t:|1783548171\n|-activate|p1a: Magearna|confusion\n|move|p1a: Magearna|Calm Mind|p1a: Magearna\n|-boost|p1a: Magearna|spa|1\n|-boost|p1a: Magearna|spd|1\n|move|p2a: Scovillain|Flamethrower|p1a: Magearna\n|-supereffective|p1a: Magearna\n|-damage|p1a: Magearna|14/250\n|\n|-heal|p1a: Magearna|29/250|[from] item: Leftovers\n|upkeep\n|turn|6\n|inactive|Time left: 300 sec this turn | 300 sec total\n|\n|t:|1783548173\n|switch|p1a: Entei|Entei, L78|307/307\n|move|p2a: Scovillain|Flamethrower|p1a: Entei\n|-resisted|p1a: Entei\n|-damage|p1a: Entei|197/307\n|\n|upkeep\n|turn|7\n|inactive|Time left: 300 sec this turn | 300 sec total\n|\n|t:|1783548174\n|switch|p2a: Sudowoodo|Sudowoodo, L94, F|100/100\n|move|p1a: Entei|Sacred Fire|p2a: Sudowoodo\n|-resisted|p2a: Sudowoodo\n|-damage|p2a: Sudowoodo|81/100\n|-status|p2a: Sudowoodo|brn\n|\n|-heal|p2a: Sudowoodo|87/100 brn|[from] item: Leftovers\n|-damage|p2a: Sudowoodo|81/100 brn|[from] brn\n|upkeep\n|turn|8\n|inactive|Time left: 300 sec this turn | 300 sec total\n|\n|t:|1783548175\n|move|p1a: Entei|Sacred Fire|p2a: Sudowoodo\n|-resisted|p2a: Sudowoodo\n|-damage|p2a: Sudowoodo|61/100 brn\n|move|p2a: Sudowoodo|Head Smash|p1a: Entei\n|-supereffective|p1a: Entei\n|-damage|p1a: Entei|0 fnt\n|faint|p1a: Entei\n|\n|-heal|p2a: Sudowoodo|67/100 brn|[from] item: Leftovers\n|-damage|p2a: Sudowoodo|61/100 brn|[from] brn\n|upkeep\n|inactive|Time left: 300 sec this turn | 300 sec total | 5 sec grace\n|\n|t:|1783548176\n|switch|p1a: Floatzel|Floatzel, L86, M|286/286\n|turn|9\n|inactive|Time left: 300 sec this turn | 300 sec total\n|\n|t:|1783548177\n|move|p1a: Floatzel|Wave Crash|p2a: Sudowoodo\n|-supereffective|p2a: Sudowoodo\n|-damage|p2a: Sudowoodo|0 fnt\n|faint|p2a: Sudowoodo\n|-damage|p1a: Floatzel|229/286|[from] Recoil\n|\n|upkeep\n|\n|t:|1783548178\n|switch|p2a: Gumshoos|Gumshoos, L95, F|100/100\n|turn|10\n|inactive|Time left: 300 sec this turn | 300 sec total\n|\n|t:|1783548179\n|-terastallize|p1a: Floatzel|Water\n|move|p1a: Floatzel|Wave Crash|p2a: Gumshoos\n|-damage|p2a: Gumshoos|0 fnt\n|faint|p2a: Gumshoos\n|-damage|p1a: Floatzel|123/286|[from] Recoil\n|\n|upkeep\n|\n|t:|1783548180\n|switch|p2a: Cyclizar|Cyclizar, L84, F|100/100\n|turn|11\n|inactive|Time left: 300 sec this turn | 300 sec total\n|\n|t:|1783548181\n|move|p2a: Cyclizar|Draco Meteor|p1a: Floatzel\n|-damage|p1a: Floatzel|0 fnt\n|-unboost|p2a: Cyclizar|spa|2\n|faint|p1a: Floatzel\n|\n|upkeep\n|inactive|Time left: 300 sec this turn | 300 sec total | 5 sec grace\n|\n|t:|1783548182\n|switch|p1a: Muk|Muk-Alola, L82, F|306/306\n|turn|12\n|inactive|Time left: 300 sec this turn | 300 sec total\n|\n|t:|1783548183\n|move|p2a: Cyclizar|Shed Tail|p2a: Cyclizar\n|-start|p2a: Cyclizar|Substitute|[from] move: Shed Tail\n|-damage|p2a: Cyclizar|50/100\n|\n|t:|1783548184\n|switch|p2a: Moltres|Moltres-Galar, L79|100/100|[from] Shed Tail\n|move|p1a: Muk|Knock Off|p2a: Moltres\n|-resisted|p2a: Moltres\n|-activate|p2a: Moltres|move: Substitute|[damage]\n|\n|upkeep\n|turn|13\n|inactive|Time left: 300 sec this turn | 300 sec total\n|\n|t:|1783548185\n|move|p2a: Moltres|Nasty Plot|p2a: Moltres\n|-boost|p2a: Moltres|spa|2\n|move|p1a: Muk|Gunk Shot|p2a: Moltres\n|-end|p2a: Moltres|Substitute\n|\n|upkeep\n|turn|14\n|inactive|Time left: 300 sec this turn | 300 sec total\n|\n|t:|1783548186\n|move|p2a: Moltres|Hurricane|p1a: Muk\n|-damage|p1a: Muk|182/306\n|-start|p1a: Muk|confusion\n|-activate|p1a: Muk|confusion\n|move|p1a: Muk|Knock Off|p2a: Moltres\n|-resisted|p2a: Moltres\n|-damage|p2a: Moltres|82/100\n|-status|p2a: Moltres|psn|[from] ability: Poison Touch|[of] p1a: Muk\n|-enditem|p2a: Moltres|Chesto Berry|[from] move: Knock Off|[of] p1a: Muk\n|\n|-damage|p2a: Moltres|70/100 psn|[from] psn\n|upkeep\n|turn|15\n|inactive|Time left: 300 sec this turn | 300 sec total\n|\n|t:|1783548187\n|move|p2a: Moltres|Hurricane|p1a: Muk\n|-damage|p1a: Muk|44/306\n|-activate|p1a: Muk|confusion\n|-damage|p1a: Muk|7/306|[from] confusion\n|\n|-damage|p2a: Moltres|57/100 psn|[from] psn\n|upkeep\n|turn|16\n|inactive|Time left: 300 sec this turn | 300 sec total\n|\n|t:|1783548188\n|move|p2a: Moltres|Hurricane|p1a: Muk\n|-crit|p1a: Muk\n|-damage|p1a: Muk|0 fnt\n|faint|p1a: Muk\n|\n|-damage|p2a: Moltres|45/100 psn|[from] psn\n|upkeep\n|inactive|Time left: 300 sec this turn | 300 sec total | 5 sec grace\n|\n|t:|1783548189\n|switch|p1a: Magearna|Magearna, L77|29/250\n|turn|17\n|inactive|Time left: 300 sec this turn | 300 sec total\n|\n|t:|1783548190\n|move|p2a: Moltres|Fiery Wrath|p1a: Magearna\n|-resisted|p1a: Magearna\n|-damage|p1a: Magearna|0 fnt\n|faint|p1a: Magearna\n|\n|-damage|p2a: Moltres|33/100 psn|[from] psn\n|upkeep\n|inactive|Time left: 300 sec this turn | 300 sec total | 5 sec grace\n|\n|t:|1783548191\n|switch|p1a: Wo-Chien|Wo-Chien, L83|277/277\n|-ability|p1a: Wo-Chien|Tablets of Ruin\n|turn|18\n|inactive|Time left: 300 sec this turn | 300 sec total\n|\n|t:|1783548192\n|move|p1a: Wo-Chien|Protect|p1a: Wo-Chien\n|-singleturn|p1a: Wo-Chien|Protect\n|move|p2a: Moltres|Hurricane|p1a: Wo-Chien\n|-activate|p1a: Wo-Chien|move: Protect\n|\n|-damage|p2a: Moltres|21/100 psn|[from] psn\n|upkeep\n|turn|19\n|inactive|Time left: 300 sec this turn | 300 sec total\n|\n|t:|1783548193\n|move|p1a: Wo-Chien|Protect|p1a: Wo-Chien\n|-singleturn|p1a: Wo-Chien|Protect\n|move|p2a: Moltres|Hurricane|p1a: Wo-Chien\n|-activate|p1a: Wo-Chien|move: Protect\n|\n|-damage|p2a: Moltres|9/100 psn|[from] psn\n|upkeep\n|turn|20\n|inactive|Time left: 300 sec this turn | 300 sec total\n|\n|t:|1783548194\n|move|p1a: Wo-Chien|Protect||[still]\n|-fail|p1a: Wo-Chien\n|move|p2a: Moltres|Hurricane|p1a: Wo-Chien|[miss]\n|-miss|p2a: Moltres|p1a: Wo-Chien\n|\n|-damage|p2a: Moltres|0 fnt|[from] psn\n|faint|p2a: Moltres\n|upkeep\n|\n|t:|1783548195\n|switch|p2a: Scovillain|Scovillain, L91, F|54/100\n|turn|21\n|inactive|Time left: 300 sec this turn | 300 sec total\n|\n|t:|1783548196\n|-terastallize|p2a: Scovillain|Fire\n|move|p1a: Wo-Chien|Protect|p1a: Wo-Chien\n|-singleturn|p1a: Wo-Chien|Protect\n|move|p2a: Scovillain|Flamethrower|p1a: Wo-Chien\n|-activate|p1a: Wo-Chien|move: Protect\n|\n|upkeep\n|turn|22\n|inactive|Time left: 300 sec this turn | 300 sec total\n|\n|t:|1783548196\n|move|p1a: Wo-Chien|Protect||[still]\n|-fail|p1a: Wo-Chien\n|move|p2a: Scovillain|Flamethrower|p1a: Wo-Chien\n|-supereffective|p1a: Wo-Chien\n|-damage|p1a: Wo-Chien|0 fnt\n|faint|p1a: Wo-Chien\n|\n|upkeep\n|inactive|Time left: 300 sec this turn | 300 sec total | 5 sec grace\n|\n|t:|1783548197\n|switch|p1a: Venusaur|Venusaur, L84, M|272/272\n|turn|23\n|inactive|Time left: 300 sec this turn | 300 sec total\n|\n|t:|1783548198\n|move|p2a: Scovillain|Flamethrower|p1a: Venusaur\n|-supereffective|p1a: Venusaur\n|-damage|p1a: Venusaur|0 fnt\n|faint|p1a: Venusaur\n|\n|win|p0y7182ce7", "uploadtime": 1783548198, "views": 0, "rating": 0, "private": 0, "password": null, "_winner": "p0y7182ce7", "_our_name": "p0x718e673"}