{"id": "battle-gen9randombattle-1885", "formatid": "gen9randombattle", "format": "[Gen 9] Random Battle", "players": ["p0x1885a89a", "p0y18853090"], "log": "|init|battle\n|title|p0x1885a89a vs. p0y18853090\n|j|\u2606p0x1885a89a\n|j|\u2606p0y18853090\n|t:|1783561830\n|gametype|singles\n|player|p1|p0x1885a89a|102|\n|player|p2|p0y18853090|2|\n|gen|9\n|tier|[Gen 9] Random Battle\n|rule|Species Clause: Limit one of each Pok\u00e9mon\n|rule|HP Percentage Mod: HP is shown in percentages\n|rule|Sleep Clause Mod: Limit one foe put to sleep\n|rule|Illusion Level Mod: Illusion disguises the Pok\u00e9mon's true level\n|\n|t:|1783561830\n|teamsize|p1|6\n|teamsize|p2|6\n|start\n|switch|p1a: Vivillon|Vivillon-Tundra, L83, F|100/100\n|switch|p2a: Farigiraf|Farigiraf, L90, F|362/362\n|turn|1\n|inactive|Battle timer is ON: inactive players will automatically lose when time's up. (requested by p0y18853090)\n|inactive|p0x1885a89a also wants the timer to be on.\n|\n|t:|1783561832\n|move|p1a: Vivillon|Quiver Dance|p1a: Vivillon\n|-boost|p1a: Vivillon|spa|1\n|-boost|p1a: Vivillon|spd|1\n|-boost|p1a: Vivillon|spe|1\n|move|p2a: Farigiraf|Body Slam|p1a: Vivillon\n|-damage|p1a: Vivillon|48/100\n|\n|upkeep\n|turn|2\n|inactive|Time left: 300 sec this turn | 300 sec total\n|\n|t:|1783561833\n|move|p1a: Vivillon|Bug Buzz|p2a: Farigiraf\n|-supereffective|p2a: Farigiraf\n|-damage|p2a: Farigiraf|56/362\n|move|p2a: Farigiraf|Body Slam|p1a: Vivillon\n|-damage|p1a: Vivillon|0 fnt\n|faint|p1a: Vivillon\n|\n|-heal|p2a: Farigiraf|78/362|[from] item: Leftovers\n|upkeep\n|\n|t:|1783561833\n|switch|p1a: Glaceon|Glaceon, L94, F|100/100\n|turn|3\n|inactive|Time left: 300 sec this turn | 300 sec total\n|\n|t:|1783561834\n|move|p2a: Farigiraf|Protect|p2a: Farigiraf\n|-singleturn|p2a: Farigiraf|Protect\n|move|p1a: Glaceon|Freeze-Dry|p2a: Farigiraf\n|-activate|p2a: Farigiraf|move: Protect\n|\n|-heal|p2a: Farigiraf|100/362|[from] item: Leftovers\n|upkeep\n|turn|4\n|inactive|Time left: 300 sec this turn | 300 sec total\n|\n|t:|1783561835\n|switch|p2a: Piloswine|Piloswine, L85, M|309/309\n|move|p1a: Glaceon|Freeze-Dry|p2a: Piloswine\n|-damage|p2a: Piloswine|257/309\n|\n|upkeep\n|turn|5\n|inactive|Time left: 300 sec this turn | 300 sec total\n|\n|t:|1783561836\n|move|p1a: Glaceon|Mud Shot|p2a: Piloswine\n|-damage|p2a: Piloswine|205/309\n|-unboost|p2a: Piloswine|spe|1\n|move|p2a: Piloswine|Earthquake|p1a: Glaceon\n|-damage|p1a: Glaceon|71/100\n|\n|upkeep\n|turn|6\n|inactive|Time left: 300 sec this turn | 300 sec total\n|\n|t:|1783561837\n|move|p1a: Glaceon|Mud Shot|p2a: Piloswine\n|-damage|p2a: Piloswine|152/309\n|-unboost|p2a: Piloswine|spe|1\n|move|p2a: Piloswine|Earthquake|p1a: Glaceon\n|-damage|p1a: Glaceon|41/100\n|\n|upkeep\n|turn|7\n|inactive|Time left: 300 sec this turn | 300 sec total\n|\n|t:|1783561838\n|move|p1a: Glaceon|Freeze-Dry|p2a: Piloswine\n|-damage|p2a: Piloswine|104/309\n|move|p2a: Piloswine|Earthquake|p1a: Glaceon\n|-damage|p1a: Glaceon|12/100\n|\n|upkeep\n|turn|8\n|inactive|Time left: 300 sec this turn | 300 sec total\n|\n|t:|1783561839\n|move|p1a: Glaceon|Mud Shot|p2a: Piloswine\n|-damage|p2a: Piloswine|47/309\n|-unboost|p2a: Piloswine|spe|1\n|move|p2a: Piloswine|Earthquake|p1a: Glaceon\n|-crit|p1a: Glaceon\n|-damage|p1a: Glaceon|0 fnt\n|faint|p1a: Glaceon\n|\n|upkeep\n|\n|t:|1783561839\n|switch|p1a: Haxorus|Haxorus, L77, M|100/100\n|-ability|p1a: Haxorus|Mold Breaker\n|turn|9\n|inactive|Time left: 300 sec this turn | 300 sec total\n|\n|t:|1783561840\n|move|p2a: Piloswine|Ice Shard|p1a: Haxorus\n|-supereffective|p1a: Haxorus\n|-damage|p1a: Haxorus|59/100\n|move|p1a: Haxorus|Outrage|p2a: Piloswine\n|-damage|p2a: Piloswine|0 fnt\n|faint|p2a: Piloswine\n|\n|upkeep\n|inactive|Time left: 300 sec this turn | 300 sec total | 5 sec grace\n|\n|t:|1783561841\n|switch|p2a: Flamigo|Flamigo, L82, F|269/269\n|turn|10\n|inactive|Time left: 300 sec this turn | 300 sec total\n|\n|t:|1783561842\n|move|p2a: Flamigo|Close Combat|p1a: Haxorus\n|-crit|p1a: Haxorus\n|-damage|p1a: Haxorus|0 fnt\n|-unboost|p2a: Flamigo|def|1\n|-unboost|p2a: Flamigo|spd|1\n|faint|p1a: Haxorus\n|\n|upkeep\n|\n|t:|1783561843\n|switch|p1a: Slowking|Slowking, L88, F|100/100\n|turn|11\n|inactive|Time left: 300 sec this turn | 300 sec total\n|\n|t:|1783561844\n|switch|p2a: Baxcalibur|Baxcalibur, L75, M|295/295\n|move|p1a: Slowking|Scald|p2a: Baxcalibur\n|-resisted|p2a: Baxcalibur\n|-damage|p2a: Baxcalibur|241/295\n|\n|upkeep\n|turn|12\n|inactive|Time left: 300 sec this turn | 300 sec total\n|\n|t:|1783561845\n|switch|p1a: Orthworm|Orthworm, L88, F|100/100\n|move|p2a: Baxcalibur|Glaive Rush|p1a: Orthworm\n|-resisted|p1a: Orthworm\n|-damage|p1a: Orthworm|75/100\n|-singlemove|p2a: Baxcalibur|Glaive Rush|[silent]\n|\n|upkeep\n|turn|13\n|inactive|Time left: 300 sec this turn | 300 sec total\n|\n|t:|1783561846\n|switch|p2a: Gengar|Gengar, L81, F|230/230\n|move|p1a: Orthworm|Coil|p1a: Orthworm\n|-boost|p1a: Orthworm|atk|1\n|-boost|p1a: Orthworm|def|1\n|-boost|p1a: Orthworm|accuracy|1\n|\n|upkeep\n|turn|14\n|inactive|Time left: 300 sec this turn | 300 sec total\n|\n|t:|1783561847\n|switch|p1a: Hippowdon|Hippowdon, L82, M|100/100\n|-weather|Sandstorm|[from] ability: Sand Stream|[of] p1a: Hippowdon\n|move|p2a: Gengar|Focus Blast|p1a: Hippowdon\n|-crit|p1a: Hippowdon\n|-damage|p1a: Hippowdon|20/100\n|-damage|p2a: Gengar|207/230|[from] item: Life Orb\n|\n|-weather|Sandstorm|[upkeep]\n|-damage|p2a: Gengar|193/230|[from] Sandstorm\n|-heal|p1a: Hippowdon|26/100|[from] item: Leftovers\n|upkeep\n|turn|15\n|inactive|Time left: 300 sec this turn | 300 sec total\n|\n|t:|1783561848\n|switch|p1a: Orthworm|Orthworm, L88, F|75/100\n|move|p2a: Gengar|Shadow Ball|p1a: Orthworm\n|-damage|p1a: Orthworm|4/100\n|-damage|p2a: Gengar|170/230|[from] item: Life Orb\n|\n|-weather|Sandstorm|[upkeep]\n|-damage|p2a: Gengar|156/230|[from] Sandstorm\n|upkeep\n|turn|16\n|inactive|Time left: 300 sec this turn | 300 sec total\n|\n|t:|1783561849\n|move|p2a: Gengar|Shadow Ball|p1a: Orthworm\n|-damage|p1a: Orthworm|0 fnt\n|faint|p1a: Orthworm\n|-damage|p2a: Gengar|133/230|[from] item: Life Orb\n|\n|-weather|Sandstorm|[upkeep]\n|-damage|p2a: Gengar|119/230|[from] Sandstorm\n|upkeep\n|\n|t:|1783561850\n|switch|p1a: Slowking|Slowking, L88, F|100/100\n|turn|17\n|inactive|Time left: 300 sec this turn | 300 sec total\n|\n|t:|1783561851\n|switch|p2a: Baxcalibur|Baxcalibur, L75, M|241/295\n|move|p1a: Slowking|Scald|p2a: Baxcalibur\n|-resisted|p2a: Baxcalibur\n|-damage|p2a: Baxcalibur|189/295\n|\n|-weather|Sandstorm|[upkeep]\n|-damage|p2a: Baxcalibur|171/295|[from] Sandstorm\n|-damage|p1a: Slowking|94/100|[from] Sandstorm\n|upkeep\n|turn|18\n|inactive|Time left: 300 sec this turn | 300 sec total\n|\n|t:|1783561852\n|move|p2a: Baxcalibur|Glaive Rush|p1a: Slowking\n|-damage|p1a: Slowking|25/100\n|-singlemove|p2a: Baxcalibur|Glaive Rush|[silent]\n|move|p1a: Slowking|Scald|p2a: Baxcalibur\n|-resisted|p2a: Baxcalibur\n|-damage|p2a: Baxcalibur|57/295\n|\n|-weather|none\n|upkeep\n|turn|19\n|inactive|Time left: 300 sec this turn | 300 sec total\n|\n|t:|1783561853\n|-terastallize|p1a: Slowking|Fairy\n|move|p2a: Baxcalibur|Glaive Rush|p1a: Slowking\n|-immune|p1a: Slowking\n|move|p1a: Slowking|Slack Off|p1a: Slowking\n|-heal|p1a: Slowking|75/100\n|\n|upkeep\n|turn|20\n|inactive|Time left: 300 sec this turn | 300 sec total\n|\n|t:|1783561854\n|switch|p2a: Farigiraf|Farigiraf, L90, F|100/362\n|move|p1a: Slowking|Scald|p2a: Farigiraf\n|-damage|p2a: Farigiraf|0 fnt\n|faint|p2a: Farigiraf\n|\n|upkeep\n|inactive|Time left: 300 sec this turn | 300 sec total | 5 sec grace\n|\n|t:|1783561855\n|switch|p2a: Gengar|Gengar, L81, F|119/230\n|turn|21\n|inactive|Time left: 300 sec this turn | 300 sec total\n|\n|t:|1783561856\n|switch|p1a: Hippowdon|Hippowdon, L82, M|26/100\n|-weather|Sandstorm|[from] ability: Sand Stream|[of] p1a: Hippowdon\n|move|p2a: Gengar|Sludge Wave|p1a: Hippowdon\n|-resisted|p1a: Hippowdon\n|-damage|p1a: Hippowdon|0 fnt\n|faint|p1a: Hippowdon\n|-damage|p2a: Gengar|96/230|[from] item: Life Orb\n|\n|-weather|Sandstorm|[upkeep]\n|-damage|p2a: Gengar|82/230|[from] Sandstorm\n|upkeep\n|\n|t:|1783561857\n|switch|p1a: Slowking|Slowking, L88, F, tera:Fairy|100/100\n|turn|22\n|inactive|Time left: 300 sec this turn | 300 sec total\n|\n|t:|1783561858\n|move|p2a: Gengar|Sludge Wave|p1a: Slowking\n|-supereffective|p1a: Slowking\n|-damage|p1a: Slowking|20/100\n|-damage|p2a: Gengar|59/230|[from] item: Life Orb\n|move|p1a: Slowking|Scald|p2a: Gengar\n|-damage|p2a: Gengar|0 fnt\n|faint|p2a: Gengar\n|\n|-weather|Sandstorm|[upkeep]\n|-damage|p1a: Slowking|14/100|[from] Sandstorm\n|upkeep\n|inactive|Time left: 300 sec this turn | 300 sec total | 5 sec grace\n|\n|t:|1783561859\n|switch|p2a: Flamigo|Flamigo, L82, F|269/269\n|turn|23\n|inactive|Time left: 300 sec this turn | 300 sec total\n|\n|t:|1783561860\n|move|p2a: Flamigo|Throat Chop|p1a: Slowking\n|-resisted|p1a: Slowking\n|-damage|p1a: Slowking|0 fnt\n|faint|p1a: Slowking\n|\n|win|p0y18853090", "uploadtime": 1783561860, "views": 0, "rating": 0, "private": 0, "password": null, "_winner": "p0y18853090", "_our_name": "p0y18853090"}