{"id": "battle-gen9randombattle-2100", "formatid": "gen9randombattle", "format": "[Gen 9] Random Battle", "players": ["p0x21009d79", "p0y21003a29"], "log": "|init|battle\n|title|p0x21009d79 vs. p0y21003a29\n|j|\u2606p0x21009d79\n|j|\u2606p0y21003a29\n|t:|1783564321\n|gametype|singles\n|player|p1|p0x21009d79|1|\n|player|p2|p0y21003a29|101|\n|gen|9\n|tier|[Gen 9] Random Battle\n|rule|Species Clause: Limit one of each Pok\u00e9mon\n|rule|HP Percentage Mod: HP is shown in percentages\n|rule|Sleep Clause Mod: Limit one foe put to sleep\n|rule|Illusion Level Mod: Illusion disguises the Pok\u00e9mon's true level\n|\n|t:|1783564321\n|teamsize|p1|6\n|teamsize|p2|6\n|start\n|switch|p1a: Reuniclus|Reuniclus, L88, F|100/100\n|switch|p2a: Cresselia|Cresselia, L80, F|219/219\n|turn|1\n|inactive|Battle timer is ON: inactive players will automatically lose when time's up. (requested by p0y21003a29)\n|inactive|p0x21009d79 also wants the timer to be on.\n|\n|t:|1783564323\n|move|p2a: Cresselia|Poltergeist|p1a: Reuniclus\n|-activate|p1a: Reuniclus|move: Poltergeist|Life Orb\n|-supereffective|p1a: Reuniclus\n|-damage|p1a: Reuniclus|6/100\n|-damage|p2a: Cresselia|198/219|[from] item: Life Orb\n|move|p1a: Reuniclus|Calm Mind|p1a: Reuniclus\n|-boost|p1a: Reuniclus|spa|1\n|-boost|p1a: Reuniclus|spd|1\n|\n|upkeep\n|turn|2\n|inactive|Time left: 300 sec this turn | 300 sec total\n|\n|t:|1783564324\n|move|p2a: Cresselia|Hyper Voice|p1a: Reuniclus\n|-damage|p1a: Reuniclus|0 fnt\n|faint|p1a: Reuniclus\n|-damage|p2a: Cresselia|177/219|[from] item: Life Orb\n|\n|upkeep\n|\n|t:|1783564325\n|switch|p1a: Smeargle|Smeargle, L95, F|100/100\n|turn|3\n|inactive|Time left: 300 sec this turn | 300 sec total\n|\n|t:|1783564327\n|move|p2a: Cresselia|Hyper Voice|p1a: Smeargle\n|-damage|p1a: Smeargle|18/100\n|-damage|p2a: Cresselia|156/219|[from] item: Life Orb\n|move|p1a: Smeargle|Sticky Web|p2a: Cresselia\n|-sidestart|p2: p0y21003a29|move: Sticky Web\n|\n|upkeep\n|turn|4\n|inactive|Time left: 300 sec this turn | 300 sec total\n|\n|t:|1783564328\n|move|p2a: Cresselia|Hyper Voice|p1a: Smeargle\n|-damage|p1a: Smeargle|0 fnt\n|faint|p1a: Smeargle\n|-damage|p2a: Cresselia|135/219|[from] item: Life Orb\n|\n|upkeep\n|\n|t:|1783564329\n|switch|p1a: Salamence|Salamence, L77, F|100/100\n|-ability|p1a: Salamence|Intimidate|boost\n|-unboost|p2a: Cresselia|atk|1\n|turn|5\n|inactive|Time left: 300 sec this turn | 300 sec total\n|\n|t:|1783564330\n|move|p2a: Cresselia|Will-O-Wisp|p1a: Salamence\n|-status|p1a: Salamence|brn\n|move|p1a: Salamence|Dragon Dance|p1a: Salamence\n|-boost|p1a: Salamence|atk|1\n|-boost|p1a: Salamence|spe|1\n|\n|-damage|p1a: Salamence|94/100 brn|[from] brn\n|upkeep\n|turn|6\n|inactive|Time left: 300 sec this turn | 300 sec total\n|\n|t:|1783564331\n|switch|p2a: Cresselia|Cresselia, L80, F|323/323\n|move|p1a: Salamence|Dragon Dance|p1a: Salamence\n|-boost|p1a: Salamence|atk|1\n|-boost|p1a: Salamence|spe|1\n|\n|-damage|p1a: Salamence|88/100 brn|[from] brn\n|upkeep\n|turn|7\n|inactive|Time left: 300 sec this turn | 300 sec total\n|\n|t:|1783564332\n|move|p1a: Salamence|Outrage|p2a: Cresselia\n|-damage|p2a: Cresselia|203/323\n|move|p2a: Cresselia|Moonblast|p1a: Salamence\n|-supereffective|p1a: Salamence\n|-damage|p1a: Salamence|48/100 brn\n|-unboost|p1a: Salamence|spa|1\n|\n|-heal|p2a: Cresselia|223/323|[from] item: Leftovers\n|-damage|p1a: Salamence|42/100 brn|[from] brn\n|upkeep\n|turn|8\n|inactive|Time left: 300 sec this turn | 300 sec total\n|\n|t:|1783564333\n|move|p1a: Salamence|Outrage|p2a: Cresselia|[from] lockedmove\n|-damage|p2a: Cresselia|91/323\n|-start|p1a: Salamence|confusion|[fatigue]\n|move|p2a: Cresselia|Moonblast|p1a: Salamence\n|-supereffective|p1a: Salamence\n|-damage|p1a: Salamence|1/100 brn\n|\n|-heal|p2a: Cresselia|111/323|[from] item: Leftovers\n|-damage|p1a: Salamence|0 fnt|[from] brn\n|faint|p1a: Salamence\n|upkeep\n|\n|t:|1783564334\n|switch|p1a: Gallade|Gallade, L80, M|100/100\n|turn|9\n|inactive|Time left: 300 sec this turn | 300 sec total\n|\n|t:|1783564335\n|move|p2a: Cresselia|Moonlight|p2a: Cresselia\n|-heal|p2a: Cresselia|272/323\n|move|p1a: Gallade|Night Slash|p2a: Cresselia\n|-supereffective|p2a: Cresselia\n|-damage|p2a: Cresselia|87/323\n|-damage|p1a: Gallade|90/100|[from] item: Life Orb\n|\n|-heal|p2a: Cresselia|107/323|[from] item: Leftovers\n|upkeep\n|turn|10\n|inactive|Time left: 300 sec this turn | 300 sec total\n|\n|t:|1783564336\n|move|p2a: Cresselia|Moonlight|p2a: Cresselia\n|-heal|p2a: Cresselia|268/323\n|move|p1a: Gallade|Night Slash|p2a: Cresselia\n|-supereffective|p2a: Cresselia\n|-crit|p2a: Cresselia\n|-damage|p2a: Cresselia|0 fnt\n|faint|p2a: Cresselia\n|-damage|p1a: Gallade|80/100|[from] item: Life Orb\n|\n|upkeep\n|inactive|Time left: 300 sec this turn | 300 sec total | 5 sec grace\n|\n|t:|1783564337\n|switch|p2a: Typhlosion|Typhlosion-Hisui, L83, M, shiny|257/257\n|-activate|p2a: Typhlosion|move: Sticky Web\n|-unboost|p2a: Typhlosion|spe|1\n|turn|11\n|inactive|Time left: 300 sec this turn | 300 sec total\n|\n|t:|1783564338\n|move|p1a: Gallade|Psycho Cut|p2a: Typhlosion\n|-damage|p2a: Typhlosion|89/257\n|-damage|p1a: Gallade|70/100|[from] item: Life Orb\n|move|p2a: Typhlosion|Fire Blast|p1a: Gallade\n|-damage|p1a: Gallade|22/100\n|\n|-heal|p2a: Typhlosion|105/257|[from] item: Leftovers\n|upkeep\n|turn|12\n|inactive|Time left: 300 sec this turn | 300 sec total\n|\n|t:|1783564339\n|move|p1a: Gallade|Psycho Cut|p2a: Typhlosion\n|-damage|p2a: Typhlosion|0 fnt\n|faint|p2a: Typhlosion\n|-damage|p1a: Gallade|12/100|[from] item: Life Orb\n|\n|upkeep\n|inactive|Time left: 300 sec this turn | 300 sec total | 5 sec grace\n|\n|t:|1783564340\n|switch|p2a: Manaphy|Manaphy, L78|284/284\n|-activate|p2a: Manaphy|move: Sticky Web\n|-unboost|p2a: Manaphy|spe|1\n|turn|13\n|inactive|Time left: 300 sec this turn | 300 sec total\n|\n|t:|1783564341\n|move|p1a: Gallade|Sacred Sword|p2a: Manaphy\n|-damage|p2a: Manaphy|76/284\n|-damage|p1a: Gallade|2/100|[from] item: Life Orb\n|move|p2a: Manaphy|Hydro Pump|p1a: Gallade|[miss]\n|-miss|p2a: Manaphy|p1a: Gallade\n|\n|-heal|p2a: Manaphy|93/284|[from] item: Leftovers\n|upkeep\n|turn|14\n|inactive|Time left: 300 sec this turn | 300 sec total\n|\n|t:|1783564342\n|move|p1a: Gallade|Psycho Cut|p2a: Manaphy\n|-damage|p2a: Manaphy|0 fnt\n|faint|p2a: Manaphy\n|-damage|p1a: Gallade|0 fnt|[from] item: Life Orb\n|faint|p1a: Gallade\n|\n|upkeep\n|inactive|Time left: 300 sec this turn | 300 sec total | 5 sec grace\n|\n|t:|1783564343\n|switch|p2a: Toucannon|Toucannon, L88, M|284/284\n|switch|p1a: Cyclizar|Cyclizar, L84, F|100/100\n|turn|15\n|inactive|Time left: 300 sec this turn | 300 sec total\n|\n|t:|1783564344\n|-singleturn|p2a: Toucannon|move: Beak Blast\n|move|p1a: Cyclizar|Shed Tail|p1a: Cyclizar\n|-start|p1a: Cyclizar|Substitute|[from] move: Shed Tail\n|-damage|p1a: Cyclizar|50/100\n|\n|t:|1783564345\n|switch|p1a: Skarmory|Skarmory, L80, M|100/100|[from] Shed Tail\n|move|p2a: Toucannon|Beak Blast|p1a: Skarmory\n|-resisted|p1a: Skarmory\n|-activate|p1a: Skarmory|move: Substitute|[damage]\n|\n|upkeep\n|turn|16\n|inactive|Time left: 300 sec this turn | 300 sec total\n|\n|t:|1783564346\n|move|p1a: Skarmory|Body Press|p2a: Toucannon\n|-damage|p2a: Toucannon|210/284\n|move|p2a: Toucannon|Knock Off|p1a: Skarmory\n|-end|p1a: Skarmory|Substitute\n|\n|upkeep\n|turn|17\n|inactive|Time left: 300 sec this turn | 300 sec total\n|\n|t:|1783564347\n|move|p1a: Skarmory|Brave Bird|p2a: Toucannon\n|-damage|p2a: Toucannon|90/284\n|-damage|p1a: Skarmory|83/100|[from] Recoil\n|move|p2a: Toucannon|Roost|p2a: Toucannon\n|-heal|p2a: Toucannon|232/284\n|-singleturn|p2a: Toucannon|move: Roost\n|\n|-heal|p1a: Skarmory|89/100|[from] item: Leftovers\n|upkeep\n|turn|18\n|inactive|Time left: 300 sec this turn | 300 sec total\n|\n|t:|1783564348\n|move|p1a: Skarmory|Brave Bird|p2a: Toucannon\n|-damage|p2a: Toucannon|115/284\n|-damage|p1a: Skarmory|73/100|[from] Recoil\n|move|p2a: Toucannon|Boomburst|p1a: Skarmory\n|-resisted|p1a: Skarmory\n|-damage|p1a: Skarmory|40/100\n|\n|-heal|p1a: Skarmory|46/100|[from] item: Leftovers\n|upkeep\n|turn|19\n|inactive|Time left: 300 sec this turn | 300 sec total\n|\n|t:|1783564349\n|move|p1a: Skarmory|Brave Bird|p2a: Toucannon\n|-damage|p2a: Toucannon|4/284\n|-damage|p1a: Skarmory|31/100|[from] Recoil\n|move|p2a: Toucannon|Roost|p2a: Toucannon\n|-heal|p2a: Toucannon|146/284\n|-singleturn|p2a: Toucannon|move: Roost\n|\n|-heal|p1a: Skarmory|37/100|[from] item: Leftovers\n|upkeep\n|turn|20\n|inactive|Time left: 300 sec this turn | 300 sec total\n|\n|t:|1783564350\n|move|p1a: Skarmory|Roost|p1a: Skarmory\n|-heal|p1a: Skarmory|87/100\n|-singleturn|p1a: Skarmory|move: Roost\n|move|p2a: Toucannon|Boomburst|p1a: Skarmory\n|-resisted|p1a: Skarmory\n|-damage|p1a: Skarmory|52/100\n|\n|-heal|p1a: Skarmory|58/100|[from] item: Leftovers\n|upkeep\n|turn|21\n|inactive|Time left: 300 sec this turn | 300 sec total\n|\n|t:|1783564351\n|move|p1a: Skarmory|Brave Bird|p2a: Toucannon\n|-damage|p2a: Toucannon|43/284\n|-damage|p1a: Skarmory|43/100|[from] Recoil\n|move|p2a: Toucannon|Roost|p2a: Toucannon\n|-heal|p2a: Toucannon|185/284\n|-singleturn|p2a: Toucannon|move: Roost\n|\n|-heal|p1a: Skarmory|49/100|[from] item: Leftovers\n|upkeep\n|turn|22\n|inactive|Time left: 300 sec this turn | 300 sec total\n|\n|t:|1783564352\n|move|p1a: Skarmory|Roost|p1a: Skarmory\n|-heal|p1a: Skarmory|99/100\n|-singleturn|p1a: Skarmory|move: Roost\n|move|p2a: Toucannon|Roost|p2a: Toucannon\n|-heal|p2a: Toucannon|284/284\n|-singleturn|p2a: Toucannon|move: Roost\n|\n|-heal|p1a: Skarmory|100/100|[from] item: Leftovers\n|upkeep\n|turn|23\n|inactive|Time left: 300 sec this turn | 300 sec total\n|\n|t:|1783564353\n|move|p1a: Skarmory|Body Press|p2a: Toucannon\n|-damage|p2a: Toucannon|213/284\n|move|p2a: Toucannon|Knock Off|p1a: Skarmory\n|-damage|p1a: Skarmory|75/100\n|-enditem|p1a: Skarmory|Leftovers|[from] move: Knock Off|[of] p2a: Toucannon\n|\n|upkeep\n|turn|24\n|inactive|Time left: 300 sec this turn | 300 sec total\n|\n|t:|1783564354\n|move|p1a: Skarmory|Brave Bird|p2a: Toucannon\n|-damage|p2a: Toucannon|107/284\n|-damage|p1a: Skarmory|60/100|[from] Recoil\n|move|p2a: Toucannon|Roost|p2a: Toucannon\n|-heal|p2a: Toucannon|249/284\n|-singleturn|p2a: Toucannon|move: Roost\n|\n|upkeep\n|turn|25\n|inactive|Time left: 300 sec this turn | 300 sec total\n|\n|t:|1783564355\n|move|p1a: Skarmory|Roost|p1a: Skarmory\n|-heal|p1a: Skarmory|100/100\n|-singleturn|p1a: Skarmory|move: Roost\n|move|p2a: Toucannon|Boomburst|p1a: Skarmory\n|-resisted|p1a: Skarmory\n|-damage|p1a: Skarmory|65/100\n|\n|upkeep\n|turn|26\n|inactive|Time left: 300 sec this turn | 300 sec total\n|\n|t:|1783564356\n|move|p1a: Skarmory|Roost|p1a: Skarmory\n|-heal|p1a: Skarmory|100/100\n|-singleturn|p1a: Skarmory|move: Roost\n|move|p2a: Toucannon|Boomburst|p1a: Skarmory\n|-resisted|p1a: Skarmory\n|-damage|p1a: Skarmory|63/100\n|\n|upkeep\n|turn|27\n|inactive|Time left: 300 sec this turn | 300 sec total\n|\n|t:|1783564357\n|move|p1a: Skarmory|Roost|p1a: Skarmory\n|-heal|p1a: Skarmory|100/100\n|-singleturn|p1a: Skarmory|move: Roost\n|move|p2a: Toucannon|Boomburst|p1a: Skarmory\n|-resisted|p1a: Skarmory\n|-damage|p1a: Skarmory|67/100\n|\n|upkeep\n|turn|28\n|inactive|Time left: 300 sec this turn | 300 sec total\n|\n|t:|1783564358\n|move|p1a: Skarmory|Roost|p1a: Skarmory\n|-heal|p1a: Skarmory|100/100\n|-singleturn|p1a: Skarmory|move: Roost\n|move|p2a: Toucannon|Boomburst|p1a: Skarmory\n|-resisted|p1a: Skarmory\n|-damage|p1a: Skarmory|63/100\n|\n|upkeep\n|turn|29\n|inactive|Time left: 300 sec this turn | 300 sec total\n|\n|t:|1783564360\n|move|p1a: Skarmory|Roost|p1a: Skarmory\n|-heal|p1a: Skarmory|100/100\n|-singleturn|p1a: Skarmory|move: Roost\n|move|p2a: Toucannon|Boomburst|p1a: Skarmory\n|-resisted|p1a: Skarmory\n|-damage|p1a: Skarmory|67/100\n|\n|upkeep\n|turn|30\n|inactive|Time left: 300 sec this turn | 300 sec total\n|\n|t:|1783564361\n|move|p1a: Skarmory|Roost|p1a: Skarmory\n|-heal|p1a: Skarmory|100/100\n|-singleturn|p1a: Skarmory|move: Roost\n|move|p2a: Toucannon|Boomburst|p1a: Skarmory\n|-resisted|p1a: Skarmory\n|-damage|p1a: Skarmory|63/100\n|\n|upkeep\n|turn|31\n|inactive|Time left: 300 sec this turn | 300 sec total\n|\n|t:|1783564362\n|move|p1a: Skarmory|Brave Bird|p2a: Toucannon\n|-damage|p2a: Toucannon|129/284\n|-damage|p1a: Skarmory|46/100|[from] Recoil\n|move|p2a: Toucannon|Boomburst|p1a: Skarmory\n|-resisted|p1a: Skarmory\n|-damage|p1a: Skarmory|14/100\n|\n|upkeep\n|turn|32\n|inactive|Time left: 300 sec this turn | 300 sec total\n|\n|t:|1783564363\n|-terastallize|p1a: Skarmory|Fighting\n|move|p1a: Skarmory|Body Press|p2a: Toucannon\n|-damage|p2a: Toucannon|20/284\n|move|p2a: Toucannon|Roost|p2a: Toucannon\n|-heal|p2a: Toucannon|162/284\n|-singleturn|p2a: Toucannon|move: Roost\n|\n|upkeep\n|turn|33\n|inactive|Time left: 300 sec this turn | 300 sec total\n|\n|t:|1783564364\n|-singleturn|p2a: Toucannon|move: Beak Blast\n|move|p1a: Skarmory|Body Press|p2a: Toucannon\n|-damage|p2a: Toucannon|48/284\n|-status|p1a: Skarmory|brn\n|move|p2a: Toucannon|Beak Blast|p1a: Skarmory\n|-supereffective|p1a: Skarmory\n|-damage|p1a: Skarmory|0 fnt\n|faint|p1a: Skarmory\n|\n|upkeep\n|\n|t:|1783564365\n|switch|p1a: Cyclizar|Cyclizar, L84, F|84/100\n|turn|34\n|inactive|Time left: 300 sec this turn | 300 sec total\n|\n|t:|1783564366\n|-terastallize|p2a: Toucannon|Steel\n|move|p1a: Cyclizar|Draco Meteor|p2a: Toucannon\n|-resisted|p2a: Toucannon\n|-crit|p2a: Toucannon\n|-damage|p2a: Toucannon|0 fnt\n|-unboost|p1a: Cyclizar|spa|2\n|faint|p2a: Toucannon\n|\n|upkeep\n|inactive|Time left: 300 sec this turn | 300 sec total | 5 sec grace\n|\n|t:|1783564366\n|switch|p2a: Zebstrika|Zebstrika, L87, F|272/272\n|-activate|p2a: Zebstrika|move: Sticky Web\n|-unboost|p2a: Zebstrika|spe|1\n|turn|35\n|inactive|Time left: 300 sec this turn | 300 sec total\n|\n|t:|1783564367\n|move|p1a: Cyclizar|Draco Meteor|p2a: Zebstrika\n|-damage|p2a: Zebstrika|193/272\n|-unboost|p1a: Cyclizar|spa|2\n|move|p2a: Zebstrika|High Horsepower|p1a: Cyclizar\n|-damage|p1a: Cyclizar|35/100\n|-damage|p2a: Zebstrika|166/272|[from] item: Life Orb\n|\n|upkeep\n|turn|36\n|inactive|Time left: 300 sec this turn | 300 sec total\n|\n|t:|1783564368\n|move|p1a: Cyclizar|Shed Tail|p1a: Cyclizar\n|-fail|p1a: Cyclizar\n|move|p2a: Zebstrika|High Horsepower|p1a: Cyclizar\n|-damage|p1a: Cyclizar|0 fnt\n|faint|p1a: Cyclizar\n|-damage|p2a: Zebstrika|139/272|[from] item: Life Orb\n|\n|win|p0y21003a29", "uploadtime": 1783564368, "views": 0, "rating": 0, "private": 0, "password": null, "_winner": "p0y21003a29", "_our_name": "p0y21003a29"}