{"id": "battle-gen9randombattle-1206", "formatid": "gen9randombattle", "format": "[Gen 9] Random Battle", "players": ["p0x120676ae", "p0y1206d8e2"], "log": "|init|battle\n|title|p0x120676ae vs. p0y1206d8e2\n|j|\u2606p0x120676ae\n|j|\u2606p0y1206d8e2\n|t:|1783553966\n|gametype|singles\n|player|p1|p0x120676ae|1|\n|player|p2|p0y1206d8e2|101|\n|gen|9\n|tier|[Gen 9] Random Battle\n|rule|Species Clause: Limit one of each Pok\u00e9mon\n|rule|HP Percentage Mod: HP is shown in percentages\n|rule|Sleep Clause Mod: Limit one foe put to sleep\n|rule|Illusion Level Mod: Illusion disguises the Pok\u00e9mon's true level\n|\n|t:|1783553966\n|teamsize|p1|6\n|teamsize|p2|6\n|start\n|switch|p1a: Forretress|Forretress, L84, M|100/100\n|switch|p2a: Rillaboom|Rillaboom, L79, F|288/288\n|-fieldstart|move: Grassy Terrain|[from] ability: Grassy Surge|[of] p2a: Rillaboom\n|turn|1\n|inactive|Battle timer is ON: inactive players will automatically lose when time's up. (requested by p0y1206d8e2)\n|\n|t:|1783553968\n|move|p2a: Rillaboom|Knock Off|p1a: Forretress\n|-damage|p1a: Forretress|71/100\n|-enditem|p1a: Forretress|Leftovers|[from] move: Knock Off|[of] p2a: Rillaboom\n|move|p1a: Forretress|Stealth Rock|p2a: Rillaboom\n|-sidestart|p2: p0y1206d8e2|move: Stealth Rock\n|\n|-heal|p1a: Forretress|77/100|[from] Grassy Terrain\n|upkeep\n|turn|2\n|inactive|Time left: 300 sec this turn | 300 sec total\n|inactive|p0x120676ae also wants the timer to be on.\n|\n|t:|1783553969\n|switch|p2a: Emboar|Emboar, L84, F|322/322\n|-damage|p2a: Emboar|282/322|[from] Stealth Rock\n|move|p1a: Forretress|Spikes|p2a: Emboar\n|-sidestart|p2: p0y1206d8e2|Spikes\n|\n|-heal|p2a: Emboar|302/322|[from] Grassy Terrain\n|-heal|p2a: Emboar|322/322|[from] item: Leftovers\n|-heal|p1a: Forretress|83/100|[from] Grassy Terrain\n|upkeep\n|turn|3\n|inactive|Time left: 300 sec this turn | 300 sec total\n|\n|t:|1783553970\n|switch|p1a: Pecharunt|Pecharunt, L77|100/100\n|move|p2a: Emboar|Flare Blitz|p1a: Pecharunt\n|-damage|p1a: Pecharunt|55/100\n|-status|p1a: Pecharunt|brn\n|-damage|p2a: Emboar|269/322|[from] item: Rocky Helmet|[of] p1a: Pecharunt\n|-damage|p2a: Emboar|229/322|[from] Recoil\n|\n|-heal|p1a: Pecharunt|61/100 brn|[from] Grassy Terrain\n|-heal|p2a: Emboar|249/322|[from] Grassy Terrain\n|-heal|p2a: Emboar|269/322|[from] item: Leftovers\n|-damage|p1a: Pecharunt|55/100 brn|[from] brn\n|upkeep\n|turn|4\n|inactive|Time left: 300 sec this turn | 300 sec total\n|\n|t:|1783553971\n|move|p1a: Pecharunt|Malignant Chain|p2a: Emboar\n|-damage|p2a: Emboar|169/322\n|move|p2a: Emboar|Bulk Up|p2a: Emboar\n|-boost|p2a: Emboar|atk|1\n|-boost|p2a: Emboar|def|1\n|\n|-heal|p1a: Pecharunt|61/100 brn|[from] Grassy Terrain\n|-heal|p2a: Emboar|189/322|[from] Grassy Terrain\n|-heal|p2a: Emboar|209/322|[from] item: Leftovers\n|-damage|p1a: Pecharunt|55/100 brn|[from] brn\n|upkeep\n|turn|5\n|inactive|Time left: 300 sec this turn | 300 sec total\n|\n|t:|1783553972\n|move|p1a: Pecharunt|Malignant Chain|p2a: Emboar\n|-damage|p2a: Emboar|101/322\n|-status|p2a: Emboar|tox\n|-start|p2a: Emboar|confusion|[from] ability: Poison Puppeteer|[of] p1a: Pecharunt\n|-activate|p2a: Emboar|confusion\n|-damage|p2a: Emboar|60/322 tox|[from] confusion\n|\n|-heal|p1a: Pecharunt|61/100 brn|[from] Grassy Terrain\n|-heal|p2a: Emboar|80/322 tox|[from] Grassy Terrain\n|-heal|p2a: Emboar|100/322 tox|[from] item: Leftovers\n|-damage|p2a: Emboar|80/322 tox|[from] psn\n|-damage|p1a: Pecharunt|55/100 brn|[from] brn\n|-fieldend|move: Grassy Terrain\n|upkeep\n|turn|6\n|inactive|Time left: 300 sec this turn | 300 sec total\n|\n|t:|1783553973\n|move|p1a: Pecharunt|Recover|p1a: Pecharunt\n|-heal|p1a: Pecharunt|100/100 brn\n|-activate|p2a: Emboar|confusion\n|move|p2a: Emboar|Flare Blitz|p1a: Pecharunt\n|-damage|p1a: Pecharunt|34/100 brn\n|-damage|p2a: Emboar|27/322 tox|[from] item: Rocky Helmet|[of] p1a: Pecharunt\n|-damage|p2a: Emboar|0 fnt|[from] Recoil\n|faint|p2a: Emboar\n|\n|-damage|p1a: Pecharunt|28/100 brn|[from] brn\n|upkeep\n|inactive|Time left: 300 sec this turn | 300 sec total | 5 sec grace\n|\n|t:|1783553974\n|switch|p2a: Meowstic|Meowstic-F, L89, F|277/277\n|-damage|p2a: Meowstic|243/277|[from] Stealth Rock\n|-damage|p2a: Meowstic|209/277|[from] Spikes\n|turn|7\n|inactive|Time left: 300 sec this turn | 300 sec total\n|\n|t:|1783553975\n|switch|p1a: Tropius|Tropius, L91, F|100/100\n|move|p2a: Meowstic|Thunderbolt|p1a: Tropius\n|-damage|p1a: Tropius|75/100\n|-damage|p2a: Meowstic|182/277|[from] item: Life Orb\n|\n|upkeep\n|turn|8\n|inactive|Time left: 300 sec this turn | 300 sec total\n|\n|t:|1783553976\n|move|p2a: Meowstic|Nasty Plot|p2a: Meowstic\n|-boost|p2a: Meowstic|spa|2\n|move|p1a: Tropius|Leaf Blade|p2a: Meowstic\n|-damage|p2a: Meowstic|88/277\n|\n|upkeep\n|turn|9\n|inactive|Time left: 300 sec this turn | 300 sec total\n|\n|t:|1783553977\n|move|p2a: Meowstic|Psyshock|p1a: Tropius\n|-damage|p1a: Tropius|15/100\n|-enditem|p1a: Tropius|Sitrus Berry|[eat]\n|-heal|p1a: Tropius|40/100|[from] item: Sitrus Berry\n|-damage|p2a: Meowstic|61/277|[from] item: Life Orb\n|move|p1a: Tropius|Leaf Blade|p2a: Meowstic\n|-damage|p2a: Meowstic|0 fnt\n|faint|p2a: Meowstic\n|\n|-item|p1a: Tropius|Sitrus Berry|[from] ability: Harvest\n|upkeep\n|-enditem|p1a: Tropius|Sitrus Berry|[eat]\n|-heal|p1a: Tropius|65/100|[from] item: Sitrus Berry\n|inactive|Time left: 300 sec this turn | 300 sec total | 5 sec grace\n|\n|t:|1783553978\n|switch|p2a: Hitmonchan|Hitmonchan, L87, M|229/229\n|-damage|p2a: Hitmonchan|215/229|[from] Stealth Rock\n|-damage|p2a: Hitmonchan|187/229|[from] Spikes\n|turn|10\n|inactive|Time left: 300 sec this turn | 300 sec total\n|\n|t:|1783553978\n|move|p2a: Hitmonchan|Rapid Spin|p1a: Tropius\n|-damage|p1a: Tropius|53/100\n|-boost|p2a: Hitmonchan|spe|1\n|-sideend|p2: p0y1206d8e2|Spikes|[from] move: Rapid Spin|[of] p2a: Hitmonchan\n|-sideend|p2: p0y1206d8e2|Stealth Rock|[from] move: Rapid Spin|[of] p2a: Hitmonchan\n|move|p1a: Tropius|Dragon Dance|p1a: Tropius\n|-boost|p1a: Tropius|atk|1\n|-boost|p1a: Tropius|spe|1\n|\n|-heal|p2a: Hitmonchan|201/229|[from] item: Leftovers\n|-item|p1a: Tropius|Sitrus Berry|[from] ability: Harvest\n|upkeep\n|turn|11\n|inactive|Time left: 300 sec this turn | 300 sec total\n|\n|t:|1783553979\n|move|p2a: Hitmonchan|Encore|p1a: Tropius\n|-start|p1a: Tropius|Encore\n|move|p1a: Tropius|Dragon Dance|p1a: Tropius\n|-boost|p1a: Tropius|atk|1\n|-boost|p1a: Tropius|spe|1\n|\n|-heal|p2a: Hitmonchan|215/229|[from] item: Leftovers\n|upkeep\n|turn|12\n|inactive|Time left: 300 sec this turn | 300 sec total\n|\n|t:|1783553980\n|move|p1a: Tropius|Dragon Dance|p1a: Tropius\n|-boost|p1a: Tropius|atk|1\n|-boost|p1a: Tropius|spe|1\n|move|p2a: Hitmonchan|Knock Off|p1a: Tropius\n|-damage|p1a: Tropius|32/100\n|-enditem|p1a: Tropius|Sitrus Berry|[from] move: Knock Off|[of] p2a: Hitmonchan\n|\n|-heal|p2a: Hitmonchan|229/229|[from] item: Leftovers\n|upkeep\n|turn|13\n|inactive|Time left: 300 sec this turn | 300 sec total\n|\n|t:|1783553981\n|move|p1a: Tropius|Dragon Dance|p1a: Tropius\n|-boost|p1a: Tropius|atk|1\n|-boost|p1a: Tropius|spe|1\n|move|p2a: Hitmonchan|Encore||[still]\n|-fail|p2a: Hitmonchan\n|\n|-end|p1a: Tropius|Encore\n|upkeep\n|turn|14\n|inactive|Time left: 300 sec this turn | 300 sec total\n|\n|t:|1783553982\n|switch|p2a: Rillaboom|Rillaboom, L79, F|288/288\n|-fieldstart|move: Grassy Terrain|[from] ability: Grassy Surge|[of] p2a: Rillaboom\n|move|p1a: Tropius|Earthquake|p2a: Rillaboom\n|-resisted|p2a: Rillaboom\n|-damage|p2a: Rillaboom|237/288\n|\n|-heal|p2a: Rillaboom|255/288|[from] Grassy Terrain\n|upkeep\n|turn|15\n|inactive|Time left: 300 sec this turn | 300 sec total\n|\n|t:|1783553984\n|move|p2a: Rillaboom|Grassy Glide|p1a: Tropius\n|-resisted|p1a: Tropius\n|-damage|p1a: Tropius|23/100\n|move|p1a: Tropius|Dual Wingbeat|p2a: Rillaboom\n|-supereffective|p2a: Rillaboom\n|-damage|p2a: Rillaboom|7/288\n|-supereffective|p2a: Rillaboom\n|-damage|p2a: Rillaboom|0 fnt\n|faint|p2a: Rillaboom\n|-hitcount|p2: Rillaboom|2\n|\n|upkeep\n|inactive|Time left: 300 sec this turn | 300 sec total | 5 sec grace\n|\n|t:|1783553984\n|switch|p2a: Dudunsparce|Dudunsparce-Three-Segment, L83, F|343/343\n|turn|16\n|inactive|Time left: 300 sec this turn | 300 sec total\n|\n|t:|1783553985\n|-terastallize|p1a: Tropius|Ground\n|move|p1a: Tropius|Leaf Blade|p2a: Dudunsparce\n|-damage|p2a: Dudunsparce|0 fnt\n|faint|p2a: Dudunsparce\n|\n|-heal|p1a: Tropius|29/100|[from] Grassy Terrain\n|upkeep\n|inactive|Time left: 300 sec this turn | 300 sec total | 5 sec grace\n|\n|t:|1783553986\n|switch|p2a: Hitmonchan|Hitmonchan, L87, M|229/229\n|turn|17\n|inactive|Time left: 300 sec this turn | 300 sec total\n|\n|t:|1783553987\n|-terastallize|p2a: Hitmonchan|Steel\n|move|p1a: Tropius|Earthquake|p2a: Hitmonchan\n|-supereffective|p2a: Hitmonchan\n|-damage|p2a: Hitmonchan|0 fnt\n|faint|p2a: Hitmonchan\n|\n|-heal|p1a: Tropius|36/100|[from] Grassy Terrain\n|upkeep\n|inactive|Time left: 300 sec this turn | 300 sec total | 5 sec grace\n|\n|t:|1783553988\n|switch|p2a: Froslass|Froslass, L87, F|263/263\n|turn|18\n|inactive|Time left: 300 sec this turn | 300 sec total\n|\n|t:|1783553989\n|move|p1a: Tropius|Leaf Blade|p2a: Froslass\n|-damage|p2a: Froslass|0 fnt\n|-start|p1a: Tropius|Disable|Leaf Blade|[from] ability: Cursed Body|[of] p2a: Froslass\n|faint|p2a: Froslass\n|\n|win|p0x120676ae", "uploadtime": 1783553989, "views": 0, "rating": 0, "private": 0, "password": null, "_winner": "p0x120676ae", "_our_name": "p0y1206d8e2"}