{"id": "battle-gen9randombattle-427", "formatid": "gen9randombattle", "format": "[Gen 9] Random Battle", "players": ["p0x427a2b4", "p0y4275d16"], "log": "|init|battle\n|title|p0x427a2b4 vs. p0y4275d16\n|j|\u2606p0x427a2b4\n|j|\u2606p0y4275d16\n|t:|1783544009\n|gametype|singles\n|player|p1|p0x427a2b4|265|\n|player|p2|p0y4275d16|101|\n|gen|9\n|tier|[Gen 9] Random Battle\n|rule|Species Clause: Limit one of each Pok\u00e9mon\n|rule|HP Percentage Mod: HP is shown in percentages\n|rule|Sleep Clause Mod: Limit one foe put to sleep\n|rule|Illusion Level Mod: Illusion disguises the Pok\u00e9mon's true level\n|\n|t:|1783544009\n|teamsize|p1|6\n|teamsize|p2|6\n|start\n|switch|p1a: Banette|Banette, L93, F|100/100\n|switch|p2a: Beartic|Beartic, L91, F|321/321\n|turn|1\n|inactive|Battle timer is ON: inactive players will automatically lose when time's up. (requested by p0x427a2b4)\n|inactive|Time left: 300 sec this turn | 300 sec total | 60 sec grace\n|inactive|p0y4275d16 also wants the timer to be on.\n|\n|t:|1783544010\n|move|p1a: Banette|Swords Dance|p1a: Banette\n|-boost|p1a: Banette|atk|2\n|move|p2a: Beartic|Earthquake|p1a: Banette\n|-damage|p1a: Banette|56/100\n|\n|upkeep\n|turn|2\n|inactive|Time left: 300 sec this turn | 300 sec total\n|\n|t:|1783544012\n|switch|p2a: Ursaluna|Ursaluna-Bloodmoon, L79, M|308/308\n|move|p1a: Banette|Poltergeist|p2a: Ursaluna\n|-immune|p2a: Ursaluna\n|\n|upkeep\n|turn|3\n|inactive|Time left: 300 sec this turn | 300 sec total\n|\n|t:|1783544013\n|-terastallize|p1a: Banette|Ghost\n|move|p1a: Banette|Swords Dance|p1a: Banette\n|-boost|p1a: Banette|atk|2\n|move|p2a: Ursaluna|Blood Moon|p1a: Banette\n|-damage|p1a: Banette|0 fnt\n|faint|p1a: Banette\n|\n|upkeep\n|\n|t:|1783544014\n|switch|p1a: Espeon|Espeon, L84, M|100/100\n|turn|4\n|inactive|Time left: 300 sec this turn | 300 sec total\n|\n|t:|1783544015\n|move|p1a: Espeon|Psychic|p2a: Ursaluna\n|-damage|p2a: Ursaluna|101/308\n|-damage|p1a: Espeon|91/100|[from] item: Life Orb\n|move|p2a: Ursaluna|Calm Mind|p2a: Ursaluna\n|-boost|p2a: Ursaluna|spa|1\n|-boost|p2a: Ursaluna|spd|1\n|\n|-heal|p2a: Ursaluna|120/308|[from] item: Leftovers\n|upkeep\n|turn|5\n|inactive|Time left: 300 sec this turn | 300 sec total\n|\n|t:|1783544016\n|move|p1a: Espeon|Psychic|p2a: Ursaluna\n|-damage|p2a: Ursaluna|0 fnt\n|faint|p2a: Ursaluna\n|-damage|p1a: Espeon|81/100|[from] item: Life Orb\n|\n|upkeep\n|inactive|Time left: 300 sec this turn | 300 sec total | 5 sec grace\n|\n|t:|1783544017\n|switch|p2a: Beartic|Beartic, L91, F|321/321\n|turn|6\n|inactive|Time left: 300 sec this turn | 300 sec total\n|\n|t:|1783544018\n|switch|p1a: Bronzong|Bronzong, L88|100/100\n|move|p2a: Beartic|Icicle Crash|p1a: Bronzong\n|-resisted|p1a: Bronzong\n|-damage|p1a: Bronzong|81/100\n|\n|upkeep\n|turn|7\n|inactive|Time left: 300 sec this turn | 300 sec total\n|\n|t:|1783544019\n|move|p2a: Beartic|Swords Dance|p2a: Beartic\n|-boost|p2a: Beartic|atk|2\n|move|p1a: Bronzong|Iron Defense|p1a: Bronzong\n|-boost|p1a: Bronzong|def|2\n|\n|upkeep\n|turn|8\n|inactive|Time left: 300 sec this turn | 300 sec total\n|\n|t:|1783544020\n|move|p2a: Beartic|Icicle Crash|p1a: Bronzong\n|-resisted|p1a: Bronzong\n|-damage|p1a: Bronzong|60/100\n|move|p1a: Bronzong|Body Press|p2a: Beartic\n|-supereffective|p2a: Beartic\n|-damage|p2a: Beartic|17/321\n|\n|upkeep\n|turn|9\n|inactive|Time left: 300 sec this turn | 300 sec total\n|\n|t:|1783544021\n|move|p2a: Beartic|Close Combat|p1a: Bronzong\n|-damage|p1a: Bronzong|24/100\n|-unboost|p2a: Beartic|def|1\n|-unboost|p2a: Beartic|spd|1\n|move|p1a: Bronzong|Psychic Noise|p2a: Beartic\n|-damage|p2a: Beartic|0 fnt\n|faint|p2a: Beartic\n|\n|upkeep\n|inactive|Time left: 300 sec this turn | 300 sec total | 5 sec grace\n|\n|t:|1783544022\n|switch|p2a: Indeedee|Indeedee, L84, M|238/238\n|-fieldstart|move: Psychic Terrain|[from] ability: Psychic Surge|[of] p2a: Indeedee\n|turn|10\n|inactive|Time left: 300 sec this turn | 300 sec total\n|\n|t:|1783544023\n|move|p2a: Indeedee|Shadow Ball|p1a: Bronzong\n|-supereffective|p1a: Bronzong\n|-damage|p1a: Bronzong|0 fnt\n|faint|p1a: Bronzong\n|\n|upkeep\n|\n|t:|1783544025\n|switch|p1a: Iron Hands|Iron Hands, L79|100/100\n|turn|11\n|inactive|Time left: 300 sec this turn | 300 sec total\n|\n|t:|1783544025\n|switch|p2a: Pachirisu|Pachirisu, L96, F|271/271\n|move|p1a: Iron Hands|Swords Dance|p1a: Iron Hands\n|-boost|p1a: Iron Hands|atk|2\n|\n|upkeep\n|turn|12\n|inactive|Time left: 300 sec this turn | 300 sec total\n|\n|t:|1783544026\n|move|p2a: Pachirisu|Encore|p1a: Iron Hands\n|-start|p1a: Iron Hands|Encore\n|move|p1a: Iron Hands|Swords Dance|p1a: Iron Hands\n|-boost|p1a: Iron Hands|atk|2\n|\n|upkeep\n|turn|13\n|inactive|Time left: 300 sec this turn | 300 sec total\n|\n|t:|1783544027\n|switch|p2a: Indeedee|Indeedee, L84, M|238/238\n|-end|p1a: Iron Hands|Quark Drive|[silent]\n|switch|p1a: Carbink|Carbink, L90|100/100\n|\n|upkeep\n|turn|14\n|inactive|Time left: 300 sec this turn | 300 sec total\n|\n|t:|1783544028\n|move|p2a: Indeedee|Expanding Force|p1a: Carbink\n|-damage|p1a: Carbink|52/100\n|move|p1a: Carbink|Body Press|p2a: Indeedee\n|-damage|p2a: Indeedee|107/238\n|\n|-heal|p1a: Carbink|58/100|[from] item: Leftovers\n|-fieldend|move: Psychic Terrain\n|upkeep\n|turn|15\n|inactive|Time left: 300 sec this turn | 300 sec total\n|\n|t:|1783544030\n|switch|p2a: Orthworm|Orthworm, L88, M|266/266\n|move|p1a: Carbink|Body Press|p2a: Orthworm\n|-supereffective|p2a: Orthworm\n|-damage|p2a: Orthworm|144/266\n|\n|-heal|p2a: Orthworm|160/266|[from] item: Leftovers\n|-heal|p1a: Carbink|64/100|[from] item: Leftovers\n|upkeep\n|turn|16\n|inactive|Time left: 300 sec this turn | 300 sec total\n|\n|t:|1783544031\n|switch|p1a: Iron Hands|Iron Hands, L79|100/100\n|move|p2a: Orthworm|Heavy Slam|p1a: Iron Hands\n|-resisted|p1a: Iron Hands\n|-damage|p1a: Iron Hands|95/100\n|\n|-heal|p2a: Orthworm|176/266|[from] item: Leftovers\n|-heal|p1a: Iron Hands|100/100|[from] item: Leftovers\n|upkeep\n|turn|17\n|inactive|Time left: 300 sec this turn | 300 sec total\n|\n|t:|1783544032\n|move|p2a: Orthworm|Shed Tail|p2a: Orthworm\n|-start|p2a: Orthworm|Substitute|[from] move: Shed Tail\n|-damage|p2a: Orthworm|43/266\n|inactive|Time left: 300 sec this turn | 300 sec total | 5 sec grace\n|\n|t:|1783544033\n|switch|p2a: Indeedee|Indeedee, L84, M|107/238|[from] Shed Tail\n|-fieldstart|move: Psychic Terrain|[from] ability: Psychic Surge|[of] p2a: Indeedee\n|move|p1a: Iron Hands|Swords Dance|p1a: Iron Hands\n|-boost|p1a: Iron Hands|atk|2\n|\n|upkeep\n|turn|18\n|inactive|Time left: 300 sec this turn | 300 sec total\n|\n|t:|1783544034\n|-end|p1a: Iron Hands|Quark Drive|[silent]\n|switch|p1a: Espeon|Espeon, L84, M|81/100\n|move|p2a: Indeedee|Expanding Force|p1a: Espeon\n|-resisted|p1a: Espeon\n|-damage|p1a: Espeon|50/100\n|\n|upkeep\n|turn|19\n|inactive|Time left: 300 sec this turn | 300 sec total\n|\n|t:|1783544035\n|move|p2a: Indeedee|Expanding Force|p1a: Espeon\n|-resisted|p1a: Espeon\n|-damage|p1a: Espeon|18/100\n|move|p1a: Espeon|Morning Sun|p1a: Espeon\n|-heal|p1a: Espeon|68/100\n|\n|upkeep\n|turn|20\n|inactive|Time left: 300 sec this turn | 300 sec total\n|\n|t:|1783544036\n|move|p2a: Indeedee|Expanding Force|p1a: Espeon\n|-resisted|p1a: Espeon\n|-damage|p1a: Espeon|36/100\n|move|p1a: Espeon|Morning Sun|p1a: Espeon\n|-heal|p1a: Espeon|86/100\n|\n|upkeep\n|turn|21\n|inactive|Time left: 300 sec this turn | 300 sec total\n|\n|t:|1783544037\n|move|p2a: Indeedee|Expanding Force|p1a: Espeon\n|-resisted|p1a: Espeon\n|-damage|p1a: Espeon|51/100\n|move|p1a: Espeon|Morning Sun|p1a: Espeon\n|-heal|p1a: Espeon|100/100\n|\n|-fieldend|move: Psychic Terrain\n|upkeep\n|turn|22\n|inactive|Time left: 300 sec this turn | 300 sec total\n|\n|t:|1783544038\n|move|p2a: Indeedee|Expanding Force|p1a: Espeon\n|-resisted|p1a: Espeon\n|-damage|p1a: Espeon|82/100\n|move|p1a: Espeon|Alluring Voice|p2a: Indeedee\n|-damage|p2a: Indeedee|16/238\n|-damage|p1a: Espeon|72/100|[from] item: Life Orb\n|\n|upkeep\n|turn|23\n|inactive|Time left: 300 sec this turn | 300 sec total\n|\n|t:|1783544039\n|move|p2a: Indeedee|Expanding Force|p1a: Espeon\n|-resisted|p1a: Espeon\n|-crit|p1a: Espeon\n|-damage|p1a: Espeon|46/100\n|move|p1a: Espeon|Alluring Voice|p2a: Indeedee\n|-damage|p2a: Indeedee|0 fnt\n|faint|p2a: Indeedee\n|-damage|p1a: Espeon|36/100|[from] item: Life Orb\n|\n|upkeep\n|inactive|Time left: 300 sec this turn | 300 sec total | 5 sec grace\n|\n|t:|1783544040\n|switch|p2a: Pachirisu|Pachirisu, L96, F|271/271\n|turn|24\n|inactive|Time left: 300 sec this turn | 300 sec total\n|\n|t:|1783544041\n|switch|p1a: Iron Hands|Iron Hands, L79|100/100\n|move|p2a: Pachirisu|U-turn|p1a: Iron Hands\n|-resisted|p1a: Iron Hands\n|-damage|p1a: Iron Hands|96/100\n|inactive|Time left: 300 sec this turn | 300 sec total | 5 sec grace\n|\n|t:|1783544042\n|switch|p2a: Jumpluff|Jumpluff, L87, F|271/271|[from] U-turn\n|\n|-heal|p1a: Iron Hands|100/100|[from] item: Leftovers\n|upkeep\n|turn|25\n|inactive|Time left: 300 sec this turn | 300 sec total\n|\n|t:|1783544043\n|move|p2a: Jumpluff|Sleep Powder|p1a: Iron Hands|[miss]\n|-miss|p2a: Jumpluff|p1a: Iron Hands\n|move|p1a: Iron Hands|Ice Punch|p2a: Jumpluff\n|-supereffective|p2a: Jumpluff\n|-damage|p2a: Jumpluff|0 fnt\n|faint|p2a: Jumpluff\n|\n|upkeep\n|inactive|Time left: 300 sec this turn | 300 sec total | 5 sec grace\n|\n|t:|1783544044\n|switch|p2a: Pachirisu|Pachirisu, L96, F|271/271\n|turn|26\n|inactive|Time left: 300 sec this turn | 300 sec total\n|\n|t:|1783544044\n|move|p2a: Pachirisu|Super Fang|p1a: Iron Hands\n|-damage|p1a: Iron Hands|51/100\n|move|p1a: Iron Hands|Drain Punch|p2a: Pachirisu\n|-damage|p2a: Pachirisu|169/271\n|-heal|p1a: Iron Hands|64/100|[from] drain|[of] p2a: Pachirisu\n|\n|-heal|p1a: Iron Hands|70/100|[from] item: Leftovers\n|upkeep\n|turn|27\n|inactive|Time left: 300 sec this turn | 300 sec total\n|\n|t:|1783544045\n|move|p2a: Pachirisu|Super Fang|p1a: Iron Hands\n|-damage|p1a: Iron Hands|36/100\n|move|p1a: Iron Hands|Drain Punch|p2a: Pachirisu\n|-damage|p2a: Pachirisu|66/271\n|-heal|p1a: Iron Hands|50/100|[from] drain|[of] p2a: Pachirisu\n|\n|-heal|p1a: Iron Hands|56/100|[from] item: Leftovers\n|upkeep\n|turn|28\n|inactive|Time left: 300 sec this turn | 300 sec total\n|\n|t:|1783544046\n|-terastallize|p2a: Pachirisu|Flying\n|move|p2a: Pachirisu|Super Fang|p1a: Iron Hands\n|-damage|p1a: Iron Hands|28/100\n|move|p1a: Iron Hands|Drain Punch|p2a: Pachirisu\n|-resisted|p2a: Pachirisu\n|-damage|p2a: Pachirisu|16/271\n|-heal|p1a: Iron Hands|35/100|[from] drain|[of] p2a: Pachirisu\n|\n|-heal|p1a: Iron Hands|41/100|[from] item: Leftovers\n|upkeep\n|turn|29\n|inactive|Time left: 300 sec this turn | 300 sec total\n|\n|t:|1783544046\n|move|p2a: Pachirisu|Super Fang|p1a: Iron Hands\n|-damage|p1a: Iron Hands|21/100\n|move|p1a: Iron Hands|Drain Punch|p2a: Pachirisu\n|-resisted|p2a: Pachirisu\n|-damage|p2a: Pachirisu|0 fnt\n|-heal|p1a: Iron Hands|23/100|[from] drain|[of] p2a: Pachirisu\n|faint|p2a: Pachirisu\n|\n|-heal|p1a: Iron Hands|29/100|[from] item: Leftovers\n|upkeep\n|inactive|Time left: 300 sec this turn | 300 sec total | 5 sec grace\n|\n|t:|1783544047\n|switch|p2a: Orthworm|Orthworm, L88, M|43/266\n|turn|30\n|inactive|Time left: 300 sec this turn | 300 sec total\n|\n|t:|1783544048\n|move|p2a: Orthworm|Body Press|p1a: Iron Hands\n|-damage|p1a: Iron Hands|9/100\n|move|p1a: Iron Hands|Thunder Punch|p2a: Orthworm\n|-damage|p2a: Orthworm|0 fnt\n|faint|p2a: Orthworm\n|\n|win|p0x427a2b4", "uploadtime": 1783544048, "views": 0, "rating": 0, "private": 0, "password": null, "_winner": "p0x427a2b4", "_our_name": "p0y4275d16"}