{"id": "battle-gen9randombattle-2769", "formatid": "gen9randombattle", "format": "[Gen 9] Random Battle", "players": ["p0x2769b8e8", "p0y2769254d"], "log": "|init|battle\n|title|p0x2769b8e8 vs. p0y2769254d\n|j|\u2606p0x2769b8e8\n|j|\u2606p0y2769254d\n|t:|1783570914\n|gametype|singles\n|player|p1|p0x2769b8e8|266|\n|player|p2|p0y2769254d|266|\n|gen|9\n|tier|[Gen 9] Random Battle\n|rule|Species Clause: Limit one of each Pok\u00e9mon\n|rule|HP Percentage Mod: HP is shown in percentages\n|rule|Sleep Clause Mod: Limit one foe put to sleep\n|rule|Illusion Level Mod: Illusion disguises the Pok\u00e9mon's true level\n|\n|t:|1783570914\n|teamsize|p1|6\n|teamsize|p2|6\n|start\n|switch|p1a: Mightyena|Mightyena, L96, F|100/100\n|switch|p2a: Mesprit|Mesprit, L85|275/275\n|-ability|p1a: Mightyena|Intimidate|boost\n|-unboost|p2a: Mesprit|atk|1\n|turn|1\n|inactive|Battle timer is ON: inactive players will automatically lose when time's up. (requested by p0x2769b8e8)\n|inactive|Time left: 300 sec this turn | 300 sec total | 60 sec grace\n|inactive|p0y2769254d also wants the timer to be on.\n|\n|t:|1783570915\n|switch|p2a: Probopass|Probopass, L91, F|257/257\n|move|p1a: Mightyena|Super Fang|p2a: Probopass|[miss]\n|-miss|p1a: Mightyena|p2a: Probopass\n|\n|upkeep\n|turn|2\n|inactive|Time left: 300 sec this turn | 300 sec total\n|\n|t:|1783570916\n|move|p1a: Mightyena|Super Fang|p2a: Probopass\n|-damage|p2a: Probopass|129/257\n|move|p2a: Probopass|Body Press|p1a: Mightyena\n|-supereffective|p1a: Mightyena\n|-damage|p1a: Mightyena|38/100\n|\n|-heal|p2a: Probopass|145/257|[from] item: Leftovers\n|upkeep\n|turn|3\n|inactive|Time left: 300 sec this turn | 300 sec total\n|\n|t:|1783570917\n|move|p1a: Mightyena|Crunch|p2a: Probopass\n|-damage|p2a: Probopass|84/257\n|move|p2a: Probopass|Body Press|p1a: Mightyena\n|-supereffective|p1a: Mightyena\n|-damage|p1a: Mightyena|0 fnt\n|faint|p1a: Mightyena\n|\n|-heal|p2a: Probopass|100/257|[from] item: Leftovers\n|upkeep\n|\n|t:|1783570918\n|switch|p1a: Lilligant|Lilligant, L86, F|100/100\n|turn|4\n|inactive|Time left: 300 sec this turn | 300 sec total\n|\n|t:|1783570919\n|move|p1a: Lilligant|Quiver Dance|p1a: Lilligant\n|-boost|p1a: Lilligant|spa|1\n|-boost|p1a: Lilligant|spd|1\n|-boost|p1a: Lilligant|spe|1\n|move|p2a: Probopass|Flash Cannon|p1a: Lilligant\n|-damage|p1a: Lilligant|78/100\n|\n|-heal|p2a: Probopass|116/257|[from] item: Leftovers\n|upkeep\n|turn|5\n|inactive|Time left: 300 sec this turn | 300 sec total\n|\n|t:|1783570920\n|move|p1a: Lilligant|Petal Dance|p2a: Probopass\n|-damage|p2a: Probopass|0 fnt\n|faint|p2a: Probopass\n|-damage|p1a: Lilligant|68/100|[from] item: Life Orb\n|\n|upkeep\n|inactive|Time left: 300 sec this turn | 300 sec total | 5 sec grace\n|\n|t:|1783570921\n|switch|p2a: Beartic|Beartic, L91, F|321/321\n|turn|6\n|inactive|Time left: 300 sec this turn | 300 sec total\n|\n|t:|1783570922\n|move|p1a: Lilligant|Petal Dance|p2a: Beartic|[from] lockedmove\n|-damage|p2a: Beartic|55/321\n|-damage|p1a: Lilligant|58/100|[from] item: Life Orb\n|move|p2a: Beartic|Icicle Crash|p1a: Lilligant|[miss]\n|-miss|p2a: Beartic|p1a: Lilligant\n|\n|upkeep\n|turn|7\n|inactive|Time left: 300 sec this turn | 300 sec total\n|\n|t:|1783570923\n|move|p1a: Lilligant|Petal Dance|p2a: Beartic|[from] lockedmove\n|-damage|p2a: Beartic|0 fnt\n|faint|p2a: Beartic\n|-damage|p1a: Lilligant|48/100|[from] item: Life Orb\n|\n|upkeep\n|inactive|Time left: 300 sec this turn | 300 sec total | 5 sec grace\n|\n|t:|1783570924\n|switch|p2a: Mesprit|Mesprit, L85|275/275\n|turn|8\n|inactive|Time left: 300 sec this turn | 300 sec total\n|\n|t:|1783570925\n|-terastallize|p1a: Lilligant|Grass\n|move|p1a: Lilligant|Petal Dance|p2a: Mesprit\n|-damage|p2a: Mesprit|51/275\n|-damage|p1a: Lilligant|38/100|[from] item: Life Orb\n|move|p2a: Mesprit|U-turn|p1a: Lilligant\n|-supereffective|p1a: Lilligant\n|-damage|p1a: Lilligant|0 fnt\n|faint|p1a: Lilligant\n|inactive|Time left: 300 sec this turn | 300 sec total | 5 sec grace\n|\n|t:|1783570926\n|switch|p2a: Glaceon|Glaceon, L94, F|275/275|[from] U-turn\n|\n|upkeep\n|\n|t:|1783570926\n|switch|p1a: Ninetales|Ninetales-Alola, L78, M|100/100\n|-weather|Snowscape|[from] ability: Snow Warning|[of] p1a: Ninetales\n|turn|9\n|inactive|Time left: 300 sec this turn | 300 sec total\n|\n|t:|1783570927\n|move|p1a: Ninetales|Aurora Veil|p1a: Ninetales\n|-sidestart|p1: p0x2769b8e8|move: Aurora Veil\n|move|p2a: Glaceon|Mud Shot|p1a: Ninetales\n|-damage|p1a: Ninetales|89/100\n|-unboost|p1a: Ninetales|spe|1\n|\n|-weather|Snowscape|[upkeep]\n|upkeep\n|turn|10\n|inactive|Time left: 300 sec this turn | 300 sec total\n|\n|t:|1783570928\n|switch|p1a: Flareon|Flareon, L90, M|100/100\n|move|p2a: Glaceon|Mud Shot|p1a: Flareon\n|-supereffective|p1a: Flareon\n|-damage|p1a: Flareon|82/100\n|-unboost|p1a: Flareon|spe|1\n|\n|-weather|Snowscape|[upkeep]\n|-status|p1a: Flareon|tox|[from] item: Toxic Orb\n|upkeep\n|turn|11\n|inactive|Time left: 300 sec this turn | 300 sec total\n|\n|t:|1783570929\n|move|p2a: Glaceon|Protect|p2a: Glaceon\n|-singleturn|p2a: Glaceon|Protect\n|move|p1a: Flareon|Flare Blitz|p2a: Glaceon\n|-activate|p2a: Glaceon|move: Protect\n|\n|-weather|Snowscape|[upkeep]\n|-damage|p1a: Flareon|76/100 tox|[from] psn\n|upkeep\n|turn|12\n|inactive|Time left: 300 sec this turn | 300 sec total\n|\n|t:|1783570930\n|switch|p2a: Dachsbun|Dachsbun, L92, M|254/254\n|move|p1a: Flareon|Flare Blitz|p2a: Dachsbun\n|-ability|p2a: Dachsbun|Well-Baked Body|boost\n|-boost|p2a: Dachsbun|def|2\n|\n|-weather|Snowscape|[upkeep]\n|-damage|p1a: Flareon|64/100 tox|[from] psn\n|upkeep\n|turn|13\n|inactive|Time left: 300 sec this turn | 300 sec total\n|\n|t:|1783570931\n|switch|p1a: Dondozo|Dondozo, L78, F|100/100\n|move|p2a: Dachsbun|Body Press|p1a: Dondozo\n|-damage|p1a: Dondozo|92/100\n|\n|-weather|none\n|-heal|p1a: Dondozo|98/100|[from] item: Leftovers\n|upkeep\n|turn|14\n|inactive|Time left: 300 sec this turn | 300 sec total\n|\n|t:|1783570932\n|move|p2a: Dachsbun|Wish|p2a: Dachsbun\n|move|p1a: Dondozo|Curse|p1a: Dondozo\n|-unboost|p1a: Dondozo|spe|1\n|-boost|p1a: Dondozo|atk|1\n|-boost|p1a: Dondozo|def|1\n|\n|-heal|p1a: Dondozo|100/100|[from] item: Leftovers\n|upkeep\n|turn|15\n|inactive|Time left: 300 sec this turn | 300 sec total\n|\n|t:|1783570933\n|move|p2a: Dachsbun|Play Rough|p1a: Dondozo\n|-damage|p1a: Dondozo|92/100\n|move|p1a: Dondozo|Curse|p1a: Dondozo\n|-unboost|p1a: Dondozo|spe|1\n|-boost|p1a: Dondozo|atk|1\n|-boost|p1a: Dondozo|def|1\n|\n|-heal|p1a: Dondozo|99/100|[from] item: Leftovers\n|upkeep\n|turn|16\n|inactive|Time left: 300 sec this turn | 300 sec total\n|\n|t:|1783570934\n|move|p2a: Dachsbun|Protect|p2a: Dachsbun\n|-singleturn|p2a: Dachsbun|Protect\n|move|p1a: Dondozo|Wave Crash|p2a: Dachsbun\n|-activate|p2a: Dachsbun|move: Protect\n|\n|-heal|p1a: Dondozo|100/100|[from] item: Leftovers\n|-sideend|p1: p0x2769b8e8|move: Aurora Veil\n|upkeep\n|turn|17\n|inactive|Time left: 300 sec this turn | 300 sec total\n|\n|t:|1783570935\n|move|p2a: Dachsbun|Wish|p2a: Dachsbun\n|move|p1a: Dondozo|Wave Crash|p2a: Dachsbun\n|-damage|p2a: Dachsbun|77/254\n|-damage|p1a: Dondozo|84/100|[from] Recoil\n|\n|-heal|p2a: Dachsbun|92/254|[from] item: Leftovers\n|-heal|p1a: Dondozo|91/100|[from] item: Leftovers\n|upkeep\n|turn|18\n|inactive|Time left: 300 sec this turn | 300 sec total\n|\n|t:|1783570936\n|move|p2a: Dachsbun|Protect|p2a: Dachsbun\n|-singleturn|p2a: Dachsbun|Protect\n|move|p1a: Dondozo|Wave Crash|p2a: Dachsbun\n|-activate|p2a: Dachsbun|move: Protect\n|\n|-heal|p2a: Dachsbun|219/254|[from] move: Wish|[wisher] Dachsbun\n|-heal|p2a: Dachsbun|234/254|[from] item: Leftovers\n|-heal|p1a: Dondozo|97/100|[from] item: Leftovers\n|upkeep\n|turn|19\n|inactive|Time left: 300 sec this turn | 300 sec total\n|\n|t:|1783570937\n|move|p2a: Dachsbun|Protect||[still]\n|-fail|p2a: Dachsbun\n|move|p1a: Dondozo|Wave Crash|p2a: Dachsbun\n|-damage|p2a: Dachsbun|72/254\n|-damage|p1a: Dondozo|82/100|[from] Recoil\n|\n|-heal|p2a: Dachsbun|87/254|[from] item: Leftovers\n|-heal|p1a: Dondozo|88/100|[from] item: Leftovers\n|upkeep\n|turn|20\n|inactive|Time left: 300 sec this turn | 300 sec total\n|\n|t:|1783570938\n|move|p2a: Dachsbun|Protect|p2a: Dachsbun\n|-singleturn|p2a: Dachsbun|Protect\n|move|p1a: Dondozo|Wave Crash|p2a: Dachsbun\n|-activate|p2a: Dachsbun|move: Protect\n|\n|-heal|p2a: Dachsbun|102/254|[from] item: Leftovers\n|-heal|p1a: Dondozo|94/100|[from] item: Leftovers\n|upkeep\n|turn|21\n|inactive|Time left: 300 sec this turn | 300 sec total\n|\n|t:|1783570939\n|switch|p2a: Glaceon|Glaceon, L94, F|275/275\n|move|p1a: Dondozo|Wave Crash|p2a: Glaceon\n|-damage|p2a: Glaceon|110/275\n|-damage|p1a: Dondozo|79/100|[from] Recoil\n|\n|-heal|p1a: Dondozo|85/100|[from] item: Leftovers\n|upkeep\n|turn|22\n|inactive|Time left: 300 sec this turn | 300 sec total\n|\n|t:|1783570940\n|switch|p1a: Ninetales|Ninetales-Alola, L78, M|89/100\n|-weather|Snowscape|[from] ability: Snow Warning|[of] p1a: Ninetales\n|move|p2a: Glaceon|Freeze-Dry|p1a: Ninetales\n|-resisted|p1a: Ninetales\n|-damage|p1a: Ninetales|66/100\n|\n|-weather|Snowscape|[upkeep]\n|-heal|p2a: Glaceon|127/275|[from] ability: Ice Body\n|upkeep\n|turn|23\n|inactive|Time left: 300 sec this turn | 300 sec total\n|\n|t:|1783570941\n|move|p1a: Ninetales|Aurora Veil|p1a: Ninetales\n|-sidestart|p1: p0x2769b8e8|move: Aurora Veil\n|move|p2a: Glaceon|Wish|p2a: Glaceon\n|\n|-weather|Snowscape|[upkeep]\n|-heal|p2a: Glaceon|144/275|[from] ability: Ice Body\n|upkeep\n|turn|24\n|inactive|Time left: 300 sec this turn | 300 sec total\n|\n|t:|1783570942\n|move|p1a: Ninetales|Blizzard|p2a: Glaceon\n|-resisted|p2a: Glaceon\n|-damage|p2a: Glaceon|109/275\n|move|p2a: Glaceon|Mud Shot|p1a: Ninetales\n|-damage|p1a: Ninetales|55/100\n|-unboost|p1a: Ninetales|spe|1\n|\n|-weather|Snowscape|[upkeep]\n|-heal|p2a: Glaceon|126/275|[from] ability: Ice Body\n|-heal|p2a: Glaceon|263/275|[from] move: Wish|[wisher] Glaceon\n|upkeep\n|turn|25\n|inactive|Time left: 300 sec this turn | 300 sec total\n|\n|t:|1783570943\n|move|p2a: Glaceon|Wish|p2a: Glaceon\n|move|p1a: Ninetales|Moonblast|p2a: Glaceon\n|-damage|p2a: Glaceon|193/275\n|-unboost|p2a: Glaceon|spa|1\n|\n|-weather|Snowscape|[upkeep]\n|-heal|p2a: Glaceon|210/275|[from] ability: Ice Body\n|upkeep\n|turn|26\n|inactive|Time left: 300 sec this turn | 300 sec total\n|\n|t:|1783570944\n|switch|p2a: Dachsbun|Dachsbun, L92, M|102/254\n|move|p1a: Ninetales|Blizzard|p2a: Dachsbun\n|-damage|p2a: Dachsbun|6/254\n|\n|-weather|none\n|-heal|p2a: Dachsbun|143/254|[from] move: Wish|[wisher] Glaceon\n|-heal|p2a: Dachsbun|158/254|[from] item: Leftovers\n|upkeep\n|turn|27\n|inactive|Time left: 300 sec this turn | 300 sec total\n|\n|t:|1783570945\n|switch|p1a: Dondozo|Dondozo, L78, F|85/100\n|move|p2a: Dachsbun|Wish|p2a: Dachsbun\n|\n|-heal|p2a: Dachsbun|173/254|[from] item: Leftovers\n|-heal|p1a: Dondozo|91/100|[from] item: Leftovers\n|upkeep\n|turn|28\n|inactive|Time left: 300 sec this turn | 300 sec total\n|\n|t:|1783570946\n|move|p2a: Dachsbun|Play Rough|p1a: Dondozo\n|-damage|p1a: Dondozo|79/100\n|move|p1a: Dondozo|Curse|p1a: Dondozo\n|-unboost|p1a: Dondozo|spe|1\n|-boost|p1a: Dondozo|atk|1\n|-boost|p1a: Dondozo|def|1\n|\n|-heal|p2a: Dachsbun|254/254|[from] move: Wish|[wisher] Dachsbun\n|-heal|p1a: Dondozo|85/100|[from] item: Leftovers\n|upkeep\n|turn|29\n|inactive|Time left: 300 sec this turn | 300 sec total\n|\n|t:|1783570947\n|move|p2a: Dachsbun|Wish|p2a: Dachsbun\n|move|p1a: Dondozo|Wave Crash|p2a: Dachsbun\n|-damage|p2a: Dachsbun|128/254\n|-damage|p1a: Dondozo|74/100|[from] Recoil\n|\n|-heal|p2a: Dachsbun|143/254|[from] item: Leftovers\n|-heal|p1a: Dondozo|80/100|[from] item: Leftovers\n|upkeep\n|turn|30\n|inactive|Time left: 300 sec this turn | 300 sec total\n|\n|t:|1783570948\n|move|p2a: Dachsbun|Body Press|p1a: Dondozo\n|-damage|p1a: Dondozo|73/100\n|move|p1a: Dondozo|Wave Crash|p2a: Dachsbun\n|-damage|p2a: Dachsbun|7/254\n|-damage|p1a: Dondozo|61/100|[from] Recoil\n|\n|-heal|p2a: Dachsbun|134/254|[from] move: Wish|[wisher] Dachsbun\n|-heal|p2a: Dachsbun|149/254|[from] item: Leftovers\n|-heal|p1a: Dondozo|67/100|[from] item: Leftovers\n|-sideend|p1: p0x2769b8e8|move: Aurora Veil\n|upkeep\n|turn|31\n|inactive|Time left: 300 sec this turn | 300 sec total\n|\n|t:|1783570949\n|move|p2a: Dachsbun|Wish|p2a: Dachsbun\n|move|p1a: Dondozo|Wave Crash|p2a: Dachsbun\n|-damage|p2a: Dachsbun|22/254\n|-damage|p1a: Dondozo|55/100|[from] Recoil\n|\n|-heal|p2a: Dachsbun|37/254|[from] item: Leftovers\n|-heal|p1a: Dondozo|62/100|[from] item: Leftovers\n|upkeep\n|turn|32\n|inactive|Time left: 300 sec this turn | 300 sec total\n|\n|t:|1783570950\n|move|p2a: Dachsbun|Protect|p2a: Dachsbun\n|-singleturn|p2a: Dachsbun|Protect\n|move|p1a: Dondozo|Wave Crash|p2a: Dachsbun\n|-activate|p2a: Dachsbun|move: Protect\n|\n|-heal|p2a: Dachsbun|164/254|[from] move: Wish|[wisher] Dachsbun\n|-heal|p2a: Dachsbun|179/254|[from] item: Leftovers\n|-heal|p1a: Dondozo|68/100|[from] item: Leftovers\n|upkeep\n|turn|33\n|inactive|Time left: 300 sec this turn | 300 sec total\n|\n|t:|1783570951\n|move|p2a: Dachsbun|Wish|p2a: Dachsbun\n|move|p1a: Dondozo|Wave Crash|p2a: Dachsbun\n|-damage|p2a: Dachsbun|46/254\n|-damage|p1a: Dondozo|55/100|[from] Recoil\n|\n|-heal|p2a: Dachsbun|61/254|[from] item: Leftovers\n|-heal|p1a: Dondozo|62/100|[from] item: Leftovers\n|upkeep\n|turn|34\n|inactive|Time left: 300 sec this turn | 300 sec total\n|\n|t:|1783570952\n|move|p2a: Dachsbun|Protect|p2a: Dachsbun\n|-singleturn|p2a: Dachsbun|Protect\n|move|p1a: Dondozo|Wave Crash|p2a: Dachsbun\n|-activate|p2a: Dachsbun|move: Protect\n|\n|-heal|p2a: Dachsbun|188/254|[from] move: Wish|[wisher] Dachsbun\n|-heal|p2a: Dachsbun|203/254|[from] item: Leftovers\n|-heal|p1a: Dondozo|68/100|[from] item: Leftovers\n|upkeep\n|turn|35\n|inactive|Time left: 300 sec this turn | 300 sec total\n|\n|t:|1783570953\n|switch|p2a: Glaceon|Glaceon, L94, F|210/275\n|move|p1a: Dondozo|Wave Crash|p2a: Glaceon\n|-damage|p2a: Glaceon|72/275\n|-damage|p1a: Dondozo|55/100|[from] Recoil\n|\n|-heal|p1a: Dondozo|61/100|[from] item: Leftovers\n|upkeep\n|turn|36\n|inactive|Time left: 300 sec this turn | 300 sec total\n|\n|t:|1783570954\n|switch|p1a: Ninetales|Ninetales-Alola, L78, M|55/100\n|-weather|Snowscape|[from] ability: Snow Warning|[of] p1a: Ninetales\n|move|p2a: Glaceon|Freeze-Dry|p1a: Ninetales\n|-resisted|p1a: Ninetales\n|-damage|p1a: Ninetales|33/100\n|\n|-weather|Snowscape|[upkeep]\n|-heal|p2a: Glaceon|89/275|[from] ability: Ice Body\n|upkeep\n|turn|37\n|inactive|Time left: 300 sec this turn | 300 sec total\n|\n|t:|1783570955\n|move|p1a: Ninetales|Aurora Veil|p1a: Ninetales\n|-sidestart|p1: p0x2769b8e8|move: Aurora Veil\n|move|p2a: Glaceon|Wish|p2a: Glaceon\n|\n|-weather|Snowscape|[upkeep]\n|-heal|p2a: Glaceon|106/275|[from] ability: Ice Body\n|upkeep\n|turn|38\n|inactive|Time left: 300 sec this turn | 300 sec total\n|\n|t:|1783570955\n|move|p1a: Ninetales|Moonblast|p2a: Glaceon\n|-damage|p2a: Glaceon|42/275\n|move|p2a: Glaceon|Mud Shot|p1a: Ninetales\n|-damage|p1a: Ninetales|20/100\n|-unboost|p1a: Ninetales|spe|1\n|\n|-weather|Snowscape|[upkeep]\n|-heal|p2a: Glaceon|59/275|[from] ability: Ice Body\n|-heal|p2a: Glaceon|196/275|[from] move: Wish|[wisher] Glaceon\n|upkeep\n|turn|39\n|inactive|Time left: 300 sec this turn | 300 sec total\n|\n|t:|1783570956\n|move|p2a: Glaceon|Wish|p2a: Glaceon\n|move|p1a: Ninetales|Moonblast|p2a: Glaceon\n|-damage|p2a: Glaceon|127/275\n|-unboost|p2a: Glaceon|spa|1\n|\n|-weather|Snowscape|[upkeep]\n|-heal|p2a: Glaceon|144/275|[from] ability: Ice Body\n|upkeep\n|turn|40\n|inactive|Time left: 300 sec this turn | 300 sec total\n|\n|t:|1783570957\n|switch|p2a: Mesprit|Mesprit, L85|51/275\n|move|p1a: Ninetales|Moonblast|p2a: Mesprit\n|-damage|p2a: Mesprit|6/275\n|-unboost|p2a: Mesprit|spa|1\n|\n|-weather|none\n|-heal|p2a: Mesprit|143/275|[from] move: Wish|[wisher] Glaceon\n|upkeep\n|turn|41\n|inactive|Time left: 300 sec this turn | 300 sec total\n|\n|t:|1783570959\n|switch|p1a: Flareon|Flareon, L90, M|64/100 tox\n|move|p2a: Mesprit|U-turn|p1a: Flareon\n|-resisted|p1a: Flareon\n|-damage|p1a: Flareon|58/100 tox\n|inactive|Time left: 300 sec this turn | 300 sec total | 5 sec grace\n|\n|t:|1783570960\n|switch|p2a: Sceptile|Sceptile, L87, F|264/264|[from] U-turn\n|\n|-damage|p1a: Flareon|51/100 tox|[from] psn\n|upkeep\n|turn|42\n|inactive|Time left: 300 sec this turn | 300 sec total\n|\n|t:|1783570961\n|switch|p2a: Dachsbun|Dachsbun, L92, M|203/254\n|move|p1a: Flareon|Facade|p2a: Dachsbun\n|-damage|p2a: Dachsbun|54/254\n|\n|-heal|p2a: Dachsbun|69/254|[from] item: Leftovers\n|-damage|p1a: Flareon|39/100 tox|[from] psn\n|upkeep\n|turn|43\n|inactive|Time left: 300 sec this turn | 300 sec total\n|\n|t:|1783570962\n|move|p2a: Dachsbun|Wish|p2a: Dachsbun\n|move|p1a: Flareon|Facade|p2a: Dachsbun\n|-damage|p2a: Dachsbun|0 fnt\n|faint|p2a: Dachsbun\n|\n|-damage|p1a: Flareon|21/100 tox|[from] psn\n|upkeep\n|inactive|Time left: 300 sec this turn | 300 sec total | 5 sec grace\n|\n|t:|1783570963\n|switch|p2a: Sceptile|Sceptile, L87, F|264/264\n|turn|44\n|inactive|Time left: 300 sec this turn | 300 sec total\n|\n|t:|1783570964\n|move|p2a: Sceptile|Rock Slide|p1a: Flareon\n|-supereffective|p1a: Flareon\n|-damage|p1a: Flareon|0 fnt\n|faint|p1a: Flareon\n|-damage|p2a: Sceptile|238/264|[from] item: Life Orb\n|\n|-heal|p2a: Sceptile|264/264|[from] move: Wish|[wisher] Dachsbun\n|-sideend|p1: p0x2769b8e8|move: Aurora Veil\n|upkeep\n|\n|t:|1783570965\n|switch|p1a: Dondozo|Dondozo, L78, F|61/100\n|turn|45\n|inactive|Time left: 300 sec this turn | 300 sec total\n|\n|t:|1783570966\n|move|p2a: Sceptile|Leaf Blade|p1a: Dondozo\n|-supereffective|p1a: Dondozo\n|-damage|p1a: Dondozo|0 fnt\n|faint|p1a: Dondozo\n|-damage|p2a: Sceptile|238/264|[from] item: Life Orb\n|\n|upkeep\n|\n|t:|1783570966\n|switch|p1a: Ninetales|Ninetales-Alola, L78, M|20/100\n|-weather|Snowscape|[from] ability: Snow Warning|[of] p1a: Ninetales\n|turn|46\n|inactive|Time left: 300 sec this turn | 300 sec total\n|\n|t:|1783570967\n|move|p2a: Sceptile|Earthquake|p1a: Ninetales\n|-damage|p1a: Ninetales|0 fnt\n|faint|p1a: Ninetales\n|-damage|p2a: Sceptile|212/264|[from] item: Life Orb\n|\n|-weather|Snowscape|[upkeep]\n|upkeep\n|\n|t:|1783570968\n|switch|p1a: Swampert|Swampert, L83, F|100/100\n|turn|47\n|inactive|Time left: 300 sec this turn | 300 sec total\n|\n|t:|1783570969\n|move|p2a: Sceptile|Leaf Blade|p1a: Swampert\n|-supereffective|p1a: Swampert\n|-damage|p1a: Swampert|0 fnt\n|faint|p1a: Swampert\n|-damage|p2a: Sceptile|186/264|[from] item: Life Orb\n|\n|win|p0y2769254d", "uploadtime": 1783570969, "views": 0, "rating": 0, "private": 0, "password": null, "_winner": "p0y2769254d", "_our_name": "p0y2769254d"}