{"id": "battle-gen9randombattle-2857", "formatid": "gen9randombattle", "format": "[Gen 9] Random Battle", "players": ["p0x28579e79", "p0y28577b69"], "log": "|init|battle\n|title|p0x28579e79 vs. p0y28577b69\n|j|\u2606p0x28579e79\n|j|\u2606p0y28577b69\n|t:|1783571974\n|gametype|singles\n|player|p1|p0x28579e79|170|\n|player|p2|p0y28577b69|266|\n|gen|9\n|tier|[Gen 9] Random Battle\n|rule|Species Clause: Limit one of each Pok\u00e9mon\n|rule|HP Percentage Mod: HP is shown in percentages\n|rule|Sleep Clause Mod: Limit one foe put to sleep\n|rule|Illusion Level Mod: Illusion disguises the Pok\u00e9mon's true level\n|\n|t:|1783571974\n|teamsize|p1|6\n|teamsize|p2|6\n|start\n|switch|p1a: Copperajah|Copperajah, L86, M|350/350\n|switch|p2a: Excadrill|Excadrill, L79, M|100/100\n|-ability|p2a: Excadrill|Mold Breaker\n|turn|1\n|inactive|Battle timer is ON: inactive players will automatically lose when time's up. (requested by p0x28579e79)\n|\n|t:|1783571975\n|move|p2a: Excadrill|Earthquake|p1a: Copperajah\n|-supereffective|p1a: Copperajah\n|-damage|p1a: Copperajah|90/350\n|move|p1a: Copperajah|Earthquake|p2a: Excadrill\n|-supereffective|p2a: Excadrill\n|-damage|p2a: Excadrill|0 fnt\n|faint|p2a: Excadrill\n|-damage|p1a: Copperajah|55/350|[from] item: Life Orb\n|\n|upkeep\n|inactive|p0y28577b69 also wants the timer to be on.\n|\n|t:|1783571977\n|switch|p2a: Cloyster|Cloyster, L80, F|100/100\n|turn|2\n|inactive|Time left: 300 sec this turn | 300 sec total\n|\n|t:|1783571978\n|move|p2a: Cloyster|Shell Smash|p2a: Cloyster\n|-unboost|p2a: Cloyster|def|1\n|-unboost|p2a: Cloyster|spd|1\n|-boost|p2a: Cloyster|atk|2\n|-boost|p2a: Cloyster|spa|2\n|-boost|p2a: Cloyster|spe|2\n|-enditem|p2a: Cloyster|White Herb\n|-clearnegativeboost|p2a: Cloyster|[silent]\n|move|p1a: Copperajah|Superpower|p2a: Cloyster\n|-supereffective|p2a: Cloyster\n|-damage|p2a: Cloyster|16/100\n|-unboost|p1a: Copperajah|atk|1\n|-unboost|p1a: Copperajah|def|1\n|-damage|p1a: Copperajah|20/350|[from] item: Life Orb\n|\n|upkeep\n|turn|3\n|inactive|Time left: 300 sec this turn | 300 sec total\n|\n|t:|1783571979\n|move|p2a: Cloyster|Icicle Spear|p1a: Copperajah\n|-resisted|p1a: Copperajah\n|-damage|p1a: Copperajah|0 fnt\n|faint|p1a: Copperajah\n|-hitcount|p1: Copperajah|1\n|\n|upkeep\n|inactive|Time left: 300 sec this turn | 300 sec total | 5 sec grace\n|\n|t:|1783571980\n|switch|p1a: Metagross|Metagross, L79|256/256\n|turn|4\n|inactive|Time left: 300 sec this turn | 300 sec total\n|\n|t:|1783571981\n|move|p2a: Cloyster|Icicle Spear|p1a: Metagross\n|-resisted|p1a: Metagross\n|-damage|p1a: Metagross|236/256\n|-resisted|p1a: Metagross\n|-damage|p1a: Metagross|217/256\n|-resisted|p1a: Metagross\n|-damage|p1a: Metagross|199/256\n|-resisted|p1a: Metagross\n|-damage|p1a: Metagross|179/256\n|-resisted|p1a: Metagross\n|-damage|p1a: Metagross|161/256\n|-hitcount|p1a: Metagross|5\n|move|p1a: Metagross|Psychic Fangs|p2a: Cloyster\n|-damage|p2a: Cloyster|0 fnt\n|faint|p2a: Cloyster\n|\n|-heal|p1a: Metagross|177/256|[from] item: Leftovers\n|upkeep\n|\n|t:|1783571982\n|switch|p2a: Ludicolo|Ludicolo, L90, M|100/100\n|turn|5\n|inactive|Time left: 300 sec this turn | 300 sec total\n|\n|t:|1783571983\n|move|p2a: Ludicolo|Hydro Pump|p1a: Metagross\n|-damage|p1a: Metagross|0 fnt\n|faint|p1a: Metagross\n|\n|upkeep\n|inactive|Time left: 300 sec this turn | 300 sec total | 5 sec grace\n|\n|t:|1783571983\n|switch|p1a: Weavile|Weavile, L79, M|239/239\n|turn|6\n|inactive|Time left: 300 sec this turn | 300 sec total\n|\n|t:|1783571984\n|move|p1a: Weavile|Knock Off|p2a: Ludicolo\n|-damage|p2a: Ludicolo|39/100\n|-enditem|p2a: Ludicolo|Choice Specs|[from] move: Knock Off|[of] p1a: Weavile\n|move|p2a: Ludicolo|Hydro Pump|p1a: Weavile\n|-damage|p1a: Weavile|97/239\n|\n|upkeep\n|turn|7\n|inactive|Time left: 300 sec this turn | 300 sec total\n|\n|t:|1783571985\n|move|p1a: Weavile|Knock Off|p2a: Ludicolo\n|-damage|p2a: Ludicolo|0 fnt\n|faint|p2a: Ludicolo\n|\n|upkeep\n|\n|t:|1783571986\n|switch|p2a: Rampardos|Rampardos, L90, M|100/100\n|turn|8\n|inactive|Time left: 300 sec this turn | 300 sec total\n|\n|t:|1783571986\n|move|p1a: Weavile|Knock Off|p2a: Rampardos\n|-crit|p2a: Rampardos\n|-damage|p2a: Rampardos|16/100\n|-enditem|p2a: Rampardos|Life Orb|[from] move: Knock Off|[of] p1a: Weavile\n|move|p2a: Rampardos|Fire Punch|p1a: Weavile\n|-supereffective|p1a: Weavile\n|-damage|p1a: Weavile|0 fnt\n|faint|p1a: Weavile\n|\n|upkeep\n|inactive|Time left: 300 sec this turn | 300 sec total | 5 sec grace\n|\n|t:|1783571987\n|switch|p1a: Lumineon|Lumineon, L93, F|279/279\n|turn|9\n|inactive|Time left: 300 sec this turn | 300 sec total\n|\n|t:|1783571988\n|move|p1a: Lumineon|U-turn|p2a: Rampardos\n|-damage|p2a: Rampardos|0 fnt\n|faint|p2a: Rampardos\n|inactive|Time left: 300 sec this turn | 300 sec total | 5 sec grace\n|\n|t:|1783571989\n|switch|p1a: Mienshao|Mienshao, L83, F|244/244|[from] U-turn\n|\n|upkeep\n|\n|t:|1783571989\n|switch|p2a: Thundurus|Thundurus, L80, M|100/100\n|turn|10\n|inactive|Time left: 300 sec this turn | 300 sec total\n|\n|t:|1783571990\n|-terastallize|p2a: Thundurus|Flying\n|move|p1a: Mienshao|Fake Out|p2a: Thundurus\n|-damage|p2a: Thundurus|85/100\n|cant|p2a: Thundurus|flinch\n|\n|upkeep\n|turn|11\n|inactive|Time left: 300 sec this turn | 300 sec total\n|\n|t:|1783571991\n|-terastallize|p1a: Mienshao|Dark\n|move|p2a: Thundurus|Nasty Plot|p2a: Thundurus\n|-boost|p2a: Thundurus|spa|2\n|move|p1a: Mienshao|Knock Off|p2a: Thundurus\n|-damage|p2a: Thundurus|29/100\n|-enditem|p2a: Thundurus|Heavy-Duty Boots|[from] move: Knock Off|[of] p1a: Mienshao\n|\n|upkeep\n|turn|12\n|inactive|Time left: 300 sec this turn | 300 sec total\n|\n|t:|1783571993\n|move|p2a: Thundurus|Focus Blast|p1a: Mienshao\n|-supereffective|p1a: Mienshao\n|-damage|p1a: Mienshao|0 fnt\n|faint|p1a: Mienshao\n|\n|upkeep\n|inactive|Time left: 300 sec this turn | 300 sec total | 5 sec grace\n|\n|t:|1783571994\n|switch|p1a: Hydreigon|Hydreigon, L79, F|275/275\n|turn|13\n|inactive|Time left: 300 sec this turn | 300 sec total\n|\n|t:|1783571995\n|move|p2a: Thundurus|Focus Blast|p1a: Hydreigon\n|-supereffective|p1a: Hydreigon\n|-damage|p1a: Hydreigon|0 fnt\n|faint|p1a: Hydreigon\n|\n|upkeep\n|inactive|Time left: 300 sec this turn | 300 sec total | 5 sec grace\n|\n|t:|1783571996\n|switch|p1a: Lumineon|Lumineon, L93, F|279/279\n|turn|14\n|inactive|Time left: 300 sec this turn | 300 sec total\n|\n|t:|1783571997\n|move|p2a: Thundurus|Thunderbolt|p1a: Lumineon\n|-supereffective|p1a: Lumineon\n|-damage|p1a: Lumineon|0 fnt\n|faint|p1a: Lumineon\n|\n|win|p0y28577b69", "uploadtime": 1783571997, "views": 0, "rating": 0, "private": 0, "password": null, "_winner": "p0y28577b69", "_our_name": "p0x28579e79"}