{"id": "battle-gen9randombattle-389", "formatid": "gen9randombattle", "format": "[Gen 9] Random Battle", "players": ["p0x3898b4b", "p0y3899571"], "log": "|init|battle\n|title|p0x3898b4b vs. p0y3899571\n|j|\u2606p0x3898b4b\n|j|\u2606p0y3899571\n|t:|1783543598\n|gametype|singles\n|player|p1|p0x3898b4b|2|\n|player|p2|p0y3899571|101|\n|gen|9\n|tier|[Gen 9] Random Battle\n|rule|Species Clause: Limit one of each Pok\u00e9mon\n|rule|HP Percentage Mod: HP is shown in percentages\n|rule|Sleep Clause Mod: Limit one foe put to sleep\n|rule|Illusion Level Mod: Illusion disguises the Pok\u00e9mon's true level\n|\n|t:|1783543598\n|teamsize|p1|6\n|teamsize|p2|6\n|start\n|switch|p1a: Mightyena|Mightyena, L96, F|290/290\n|switch|p2a: Scream Tail|Scream Tail, L84|100/100\n|-ability|p1a: Mightyena|Intimidate|boost\n|-unboost|p2a: Scream Tail|atk|1\n|turn|1\n|inactive|Battle timer is ON: inactive players will automatically lose when time's up. (requested by p0y3899571)\n|inactive|Time left: 300 sec this turn | 300 sec total | 60 sec grace\n|inactive|p0x3898b4b also wants the timer to be on.\n|\n|t:|1783543599\n|-end|p2a: Scream Tail|Protosynthesis|[silent]\n|switch|p2a: Cobalion|Cobalion, L80|100/100\n|move|p1a: Mightyena|Crunch|p2a: Cobalion\n|-resisted|p2a: Cobalion\n|-damage|p2a: Cobalion|78/100\n|-ability|p2a: Cobalion|Justified|boost\n|-boost|p2a: Cobalion|atk|1\n|\n|-heal|p2a: Cobalion|84/100|[from] item: Leftovers\n|upkeep\n|turn|2\n|inactive|Time left: 300 sec this turn | 300 sec total\n|\n|t:|1783543600\n|switch|p1a: Polteageist|Polteageist-Antique, L78|222/222\n|move|p2a: Cobalion|Stealth Rock|p1a: Polteageist\n|-sidestart|p1: p0x3898b4b|move: Stealth Rock\n|\n|-heal|p2a: Cobalion|90/100|[from] item: Leftovers\n|upkeep\n|turn|3\n|inactive|Time left: 300 sec this turn | 300 sec total\n|\n|t:|1783543602\n|move|p2a: Cobalion|Iron Head|p1a: Polteageist\n|-damage|p1a: Polteageist|65/222\n|-start|p2a: Cobalion|Disable|Iron Head|[from] ability: Cursed Body|[of] p1a: Polteageist\n|move|p1a: Polteageist|Shell Smash|p1a: Polteageist\n|-unboost|p1a: Polteageist|def|1\n|-unboost|p1a: Polteageist|spd|1\n|-boost|p1a: Polteageist|atk|2\n|-boost|p1a: Polteageist|spa|2\n|-boost|p1a: Polteageist|spe|2\n|-enditem|p1a: Polteageist|White Herb\n|-clearnegativeboost|p1a: Polteageist|[silent]\n|\n|-heal|p2a: Cobalion|96/100|[from] item: Leftovers\n|upkeep\n|turn|4\n|inactive|Time left: 300 sec this turn | 300 sec total\n|\n|t:|1783543603\n|switch|p2a: Darkrai|Darkrai, L77|100/100\n|move|p1a: Polteageist|Strength Sap|p2a: Darkrai\n|-unboost|p2a: Darkrai|atk|1\n|-heal|p1a: Polteageist|208/222\n|\n|upkeep\n|turn|5\n|inactive|Time left: 300 sec this turn | 300 sec total\n|\n|t:|1783543604\n|move|p1a: Polteageist|Tera Blast|p2a: Darkrai\n|-damage|p2a: Darkrai|39/100\n|move|p2a: Darkrai|Dark Pulse|p1a: Polteageist\n|-supereffective|p1a: Polteageist\n|-damage|p1a: Polteageist|0 fnt\n|faint|p1a: Polteageist\n|-damage|p2a: Darkrai|30/100|[from] item: Life Orb\n|\n|upkeep\n|inactive|Time left: 300 sec this turn | 300 sec total | 5 sec grace\n|\n|t:|1783543605\n|switch|p1a: Copperajah|Copperajah, L86, F|350/350\n|-damage|p1a: Copperajah|329/350|[from] Stealth Rock\n|turn|6\n|inactive|Time left: 300 sec this turn | 300 sec total\n|\n|t:|1783543606\n|move|p2a: Darkrai|Hypnosis|p1a: Copperajah\n|-status|p1a: Copperajah|slp|[from] move: Hypnosis\n|cant|p1a: Copperajah|slp\n|\n|-damage|p1a: Copperajah|286/350 slp|[from] ability: Bad Dreams|[of] p2a: Darkrai\n|upkeep\n|turn|7\n|inactive|Time left: 300 sec this turn | 300 sec total\n|\n|t:|1783543607\n|move|p2a: Darkrai|Dark Pulse|p1a: Copperajah\n|-damage|p1a: Copperajah|140/350 slp\n|-damage|p2a: Darkrai|20/100|[from] item: Life Orb\n|cant|p1a: Copperajah|slp\n|\n|-damage|p1a: Copperajah|97/350 slp|[from] ability: Bad Dreams|[of] p2a: Darkrai\n|upkeep\n|turn|8\n|inactive|Time left: 300 sec this turn | 300 sec total\n|\n|t:|1783543608\n|move|p2a: Darkrai|Dark Pulse|p1a: Copperajah\n|-damage|p1a: Copperajah|0 fnt\n|faint|p1a: Copperajah\n|-damage|p2a: Darkrai|10/100|[from] item: Life Orb\n|\n|upkeep\n|inactive|Time left: 300 sec this turn | 300 sec total | 5 sec grace\n|\n|t:|1783543609\n|switch|p1a: Chesnaught|Chesnaught, L84, F|285/285\n|-damage|p1a: Chesnaught|268/285|[from] Stealth Rock\n|turn|9\n|inactive|Time left: 300 sec this turn | 300 sec total\n|\n|t:|1783543611\n|move|p2a: Darkrai|Hypnosis|p1a: Chesnaught\n|-status|p1a: Chesnaught|slp|[from] move: Hypnosis\n|cant|p1a: Chesnaught|slp\n|\n|-heal|p1a: Chesnaught|285/285 slp|[from] item: Leftovers\n|-damage|p1a: Chesnaught|250/285 slp|[from] ability: Bad Dreams|[of] p2a: Darkrai\n|upkeep\n|turn|10\n|inactive|Time left: 300 sec this turn | 300 sec total\n|\n|t:|1783543612\n|switch|p2a: Grumpig|Grumpig, L92, F|100/100\n|cant|p1a: Chesnaught|slp\n|\n|-heal|p1a: Chesnaught|267/285 slp|[from] item: Leftovers\n|upkeep\n|turn|11\n|inactive|Time left: 300 sec this turn | 300 sec total\n|\n|t:|1783543613\n|move|p2a: Grumpig|Nasty Plot|p2a: Grumpig\n|-boost|p2a: Grumpig|spa|2\n|cant|p1a: Chesnaught|slp\n|\n|-heal|p1a: Chesnaught|284/285 slp|[from] item: Leftovers\n|upkeep\n|turn|12\n|inactive|Time left: 300 sec this turn | 300 sec total\n|\n|t:|1783543614\n|-terastallize|p1a: Chesnaught|Steel\n|move|p2a: Grumpig|Psyshock|p1a: Chesnaught\n|-resisted|p1a: Chesnaught\n|-damage|p1a: Chesnaught|211/285 slp\n|-curestatus|p1a: Chesnaught|slp|[msg]\n|move|p1a: Chesnaught|Trailblaze|p2a: Grumpig\n|-damage|p2a: Grumpig|79/100\n|-boost|p1a: Chesnaught|spe|1\n|\n|-heal|p1a: Chesnaught|228/285|[from] item: Leftovers\n|-heal|p2a: Grumpig|85/100|[from] item: Leftovers\n|upkeep\n|turn|13\n|inactive|Time left: 300 sec this turn | 300 sec total\n|\n|t:|1783543615\n|move|p1a: Chesnaught|Trailblaze|p2a: Grumpig\n|-crit|p2a: Grumpig\n|-damage|p2a: Grumpig|53/100\n|-boost|p1a: Chesnaught|spe|1\n|move|p2a: Grumpig|Nasty Plot|p2a: Grumpig\n|-boost|p2a: Grumpig|spa|2\n|\n|-heal|p1a: Chesnaught|245/285|[from] item: Leftovers\n|-heal|p2a: Grumpig|59/100|[from] item: Leftovers\n|upkeep\n|turn|14\n|inactive|Time left: 300 sec this turn | 300 sec total\n|\n|t:|1783543616\n|move|p1a: Chesnaught|Trailblaze|p2a: Grumpig\n|-damage|p2a: Grumpig|36/100\n|-boost|p1a: Chesnaught|spe|1\n|move|p2a: Grumpig|Psyshock|p1a: Chesnaught\n|-resisted|p1a: Chesnaught\n|-damage|p1a: Chesnaught|135/285\n|\n|-heal|p1a: Chesnaught|152/285|[from] item: Leftovers\n|-heal|p2a: Grumpig|42/100|[from] item: Leftovers\n|upkeep\n|turn|15\n|inactive|Time left: 300 sec this turn | 300 sec total\n|\n|t:|1783543617\n|move|p1a: Chesnaught|Trailblaze|p2a: Grumpig\n|-damage|p2a: Grumpig|22/100\n|-boost|p1a: Chesnaught|spe|1\n|move|p2a: Grumpig|Psyshock|p1a: Chesnaught\n|-resisted|p1a: Chesnaught\n|-crit|p1a: Chesnaught\n|-damage|p1a: Chesnaught|0 fnt\n|faint|p1a: Chesnaught\n|\n|-heal|p2a: Grumpig|28/100|[from] item: Leftovers\n|upkeep\n|inactive|Time left: 300 sec this turn | 300 sec total | 5 sec grace\n|\n|t:|1783543618\n|switch|p1a: Cobalion|Cobalion, L80|277/277\n|-damage|p1a: Cobalion|269/277|[from] Stealth Rock\n|turn|16\n|inactive|Time left: 300 sec this turn | 300 sec total\n|\n|t:|1783543619\n|move|p1a: Cobalion|Iron Head|p2a: Grumpig\n|-damage|p2a: Grumpig|1/100\n|cant|p2a: Grumpig|flinch\n|\n|-heal|p1a: Cobalion|277/277|[from] item: Leftovers\n|-heal|p2a: Grumpig|7/100|[from] item: Leftovers\n|upkeep\n|turn|17\n|inactive|Time left: 300 sec this turn | 300 sec total\n|\n|t:|1783543620\n|switch|p2a: Cobalion|Cobalion, L80|96/100\n|move|p1a: Cobalion|Iron Head|p2a: Cobalion\n|-resisted|p2a: Cobalion\n|-crit|p2a: Cobalion\n|-damage|p2a: Cobalion|81/100\n|\n|-heal|p2a: Cobalion|87/100|[from] item: Leftovers\n|upkeep\n|turn|18\n|inactive|Time left: 300 sec this turn | 300 sec total\n|\n|t:|1783543621\n|move|p1a: Cobalion|Swords Dance|p1a: Cobalion\n|-boost|p1a: Cobalion|atk|2\n|move|p2a: Cobalion|Body Press|p1a: Cobalion\n|-supereffective|p1a: Cobalion\n|-damage|p1a: Cobalion|121/277\n|\n|-heal|p1a: Cobalion|138/277|[from] item: Leftovers\n|-heal|p2a: Cobalion|93/100|[from] item: Leftovers\n|upkeep\n|turn|19\n|inactive|Time left: 300 sec this turn | 300 sec total\n|\n|t:|1783543622\n|-terastallize|p2a: Cobalion|Water\n|move|p1a: Cobalion|Close Combat|p2a: Cobalion\n|-damage|p2a: Cobalion|28/100\n|-unboost|p1a: Cobalion|def|1\n|-unboost|p1a: Cobalion|spd|1\n|move|p2a: Cobalion|Body Press|p1a: Cobalion\n|-supereffective|p1a: Cobalion\n|-damage|p1a: Cobalion|0 fnt\n|faint|p1a: Cobalion\n|\n|-heal|p2a: Cobalion|34/100|[from] item: Leftovers\n|upkeep\n|inactive|Time left: 300 sec this turn | 300 sec total | 5 sec grace\n|\n|t:|1783543623\n|switch|p1a: Muk|Muk, L86, M|321/321\n|-damage|p1a: Muk|281/321|[from] Stealth Rock\n|turn|20\n|inactive|Time left: 300 sec this turn | 300 sec total\n|\n|t:|1783543624\n|move|p2a: Cobalion|Iron Head|p1a: Muk\n|-damage|p1a: Muk|205/321\n|move|p1a: Muk|Knock Off|p2a: Cobalion\n|-damage|p2a: Cobalion|12/100\n|-ability|p2a: Cobalion|Justified|boost\n|-boost|p2a: Cobalion|atk|1\n|-enditem|p2a: Cobalion|Leftovers|[from] move: Knock Off|[of] p1a: Muk\n|\n|upkeep\n|turn|21\n|inactive|Time left: 300 sec this turn | 300 sec total\n|\n|t:|1783543625\n|move|p2a: Cobalion|Iron Head|p1a: Muk\n|-damage|p1a: Muk|82/321\n|move|p1a: Muk|Knock Off|p2a: Cobalion\n|-crit|p2a: Cobalion\n|-damage|p2a: Cobalion|0 fnt\n|faint|p2a: Cobalion\n|\n|upkeep\n|\n|t:|1783543626\n|switch|p2a: Quaquaval|Quaquaval, L79, F|100/100\n|turn|22\n|inactive|Time left: 300 sec this turn | 300 sec total\n|\n|t:|1783543627\n|switch|p1a: Mightyena|Mightyena, L96, F|290/290\n|-damage|p1a: Mightyena|254/290|[from] Stealth Rock\n|-ability|p1a: Mightyena|Intimidate|boost\n|-unboost|p2a: Quaquaval|atk|1\n|move|p2a: Quaquaval|Close Combat|p1a: Mightyena\n|-supereffective|p1a: Mightyena\n|-crit|p1a: Mightyena\n|-damage|p1a: Mightyena|0 fnt\n|-unboost|p2a: Quaquaval|def|1\n|-unboost|p2a: Quaquaval|spd|1\n|faint|p1a: Mightyena\n|-ability|p2a: Quaquaval|Moxie|boost\n|-boost|p2a: Quaquaval|atk|1\n|\n|upkeep\n|inactive|Time left: 300 sec this turn | 300 sec total | 5 sec grace\n|\n|t:|1783543628\n|switch|p1a: Muk|Muk, L86, M|82/321\n|-damage|p1a: Muk|42/321|[from] Stealth Rock\n|turn|23\n|inactive|Time left: 300 sec this turn | 300 sec total\n|\n|t:|1783543629\n|move|p2a: Quaquaval|Close Combat|p1a: Muk\n|-resisted|p1a: Muk\n|-damage|p1a: Muk|0 fnt\n|-unboost|p2a: Quaquaval|def|1\n|-unboost|p2a: Quaquaval|spd|1\n|faint|p1a: Muk\n|\n|win|p0y3899571", "uploadtime": 1783543629, "views": 0, "rating": 0, "private": 0, "password": null, "_winner": "p0y3899571", "_our_name": "p0x3898b4b"}