{"id": "battle-gen9randombattle-350", "formatid": "gen9randombattle", "format": "[Gen 9] Random Battle", "players": ["p0x35005c3", "p0y350d873"], "log": "|init|battle\n|title|p0x35005c3 vs. p0y350d873\n|j|\u2606p0x35005c3\n|j|\u2606p0y350d873\n|t:|1783543178\n|gametype|singles\n|player|p1|p0x35005c3|102|\n|player|p2|p0y350d873|2|\n|gen|9\n|tier|[Gen 9] Random Battle\n|rule|Species Clause: Limit one of each Pok\u00e9mon\n|rule|HP Percentage Mod: HP is shown in percentages\n|rule|Sleep Clause Mod: Limit one foe put to sleep\n|rule|Illusion Level Mod: Illusion disguises the Pok\u00e9mon's true level\n|\n|t:|1783543178\n|teamsize|p1|6\n|teamsize|p2|6\n|start\n|switch|p1a: Klefki|Klefki, L84, M|233/233\n|switch|p2a: Porygon-Z|Porygon-Z, L83|100/100\n|-ability|p2a: Porygon-Z|Download|boost\n|-boost|p2a: Porygon-Z|spa|1\n|turn|1\n|inactive|Battle timer is ON: inactive players will automatically lose when time's up. (requested by p0x35005c3)\n|inactive|p0y350d873 also wants the timer to be on.\n|\n|t:|1783543180\n|switch|p1a: Oinkologne|Oinkologne, L92, M|352/352\n|move|p2a: Porygon-Z|Thunderbolt|p1a: Oinkologne\n|-crit|p1a: Oinkologne\n|-damage|p1a: Oinkologne|173/352\n|-status|p1a: Oinkologne|par\n|\n|-heal|p1a: Oinkologne|195/352 par|[from] item: Leftovers\n|upkeep\n|turn|2\n|inactive|Time left: 300 sec this turn | 300 sec total\n|\n|t:|1783543181\n|move|p2a: Porygon-Z|Thunderbolt|p1a: Oinkologne\n|-damage|p1a: Oinkologne|75/352 par\n|move|p1a: Oinkologne|Double-Edge|p2a: Porygon-Z\n|-damage|p2a: Porygon-Z|33/100\n|-damage|p1a: Oinkologne|13/352 par|[from] Recoil\n|\n|-heal|p1a: Oinkologne|35/352 par|[from] item: Leftovers\n|upkeep\n|turn|3\n|inactive|Time left: 300 sec this turn | 300 sec total\n|\n|t:|1783543182\n|switch|p1a: Gogoat|Gogoat, L88, F|360/360\n|move|p2a: Porygon-Z|Thunderbolt|p1a: Gogoat\n|-resisted|p1a: Gogoat\n|-damage|p1a: Gogoat|297/360\n|-status|p1a: Gogoat|par\n|\n|-heal|p1a: Gogoat|319/360 par|[from] item: Leftovers\n|upkeep\n|turn|4\n|inactive|Time left: 300 sec this turn | 300 sec total\n|\n|t:|1783543183\n|move|p2a: Porygon-Z|Thunderbolt|p1a: Gogoat\n|-resisted|p1a: Gogoat\n|-damage|p1a: Gogoat|253/360 par\n|move|p1a: Gogoat|Horn Leech|p2a: Porygon-Z\n|-damage|p2a: Porygon-Z|0 fnt\n|-heal|p1a: Gogoat|298/360 par|[from] drain|[of] p2a: Porygon-Z\n|faint|p2a: Porygon-Z\n|\n|-heal|p1a: Gogoat|320/360 par|[from] item: Leftovers\n|upkeep\n|\n|t:|1783543184\n|switch|p2a: Gumshoos|Gumshoos, L95, F|100/100\n|turn|5\n|inactive|Time left: 300 sec this turn | 300 sec total\n|\n|t:|1783543185\n|move|p2a: Gumshoos|Double-Edge|p1a: Gogoat\n|-damage|p1a: Gogoat|0 fnt\n|faint|p1a: Gogoat\n|-damage|p2a: Gumshoos|67/100|[from] Recoil\n|\n|upkeep\n|inactive|Time left: 300 sec this turn | 300 sec total | 5 sec grace\n|\n|t:|1783543186\n|switch|p1a: Probopass|Probopass, L91, F|257/257\n|turn|6\n|inactive|Time left: 300 sec this turn | 300 sec total\n|\n|t:|1783543187\n|switch|p2a: Granbull|Granbull, L88, M|100/100\n|-ability|p2a: Granbull|Intimidate|boost\n|-unboost|p1a: Probopass|atk|1\n|move|p1a: Probopass|Iron Defense|p1a: Probopass\n|-boost|p1a: Probopass|def|2\n|\n|upkeep\n|turn|7\n|inactive|Time left: 300 sec this turn | 300 sec total\n|\n|t:|1783543188\n|move|p2a: Granbull|Earthquake|p1a: Probopass\n|-supereffective|p1a: Probopass\n|-damage|p1a: Probopass|133/257\n|move|p1a: Probopass|Flash Cannon|p2a: Granbull\n|-supereffective|p2a: Granbull\n|-damage|p2a: Granbull|32/100\n|\n|-heal|p2a: Granbull|38/100|[from] item: Leftovers\n|upkeep\n|turn|8\n|inactive|Time left: 300 sec this turn | 300 sec total\n|\n|t:|1783543189\n|move|p2a: Granbull|Earthquake|p1a: Probopass\n|-supereffective|p1a: Probopass\n|-damage|p1a: Probopass|5/257\n|move|p1a: Probopass|Flash Cannon|p2a: Granbull\n|-supereffective|p2a: Granbull\n|-damage|p2a: Granbull|0 fnt\n|faint|p2a: Granbull\n|\n|upkeep\n|\n|t:|1783543190\n|switch|p2a: Gumshoos|Gumshoos, L95, F|67/100\n|turn|9\n|inactive|Time left: 300 sec this turn | 300 sec total\n|\n|t:|1783543192\n|move|p2a: Gumshoos|Knock Off|p1a: Probopass\n|-damage|p1a: Probopass|0 fnt\n|-enditem|p1a: Probopass|Chesto Berry|[from] move: Knock Off|[of] p2a: Gumshoos\n|faint|p1a: Probopass\n|\n|upkeep\n|inactive|Time left: 300 sec this turn | 300 sec total | 5 sec grace\n|\n|t:|1783543193\n|switch|p1a: Keldeo|Keldeo-Resolute, L79|273/273\n|turn|10\n|inactive|Time left: 300 sec this turn | 300 sec total\n|\n|t:|1783543194\n|switch|p2a: Deoxys|Deoxys-Defense, L84|100/100\n|-ability|p2a: Deoxys|Pressure\n|move|p1a: Keldeo|Hydro Pump|p2a: Deoxys\n|-damage|p2a: Deoxys|51/100\n|-damage|p1a: Keldeo|246/273|[from] item: Life Orb\n|\n|-heal|p2a: Deoxys|57/100|[from] item: Leftovers\n|upkeep\n|turn|11\n|inactive|Time left: 300 sec this turn | 300 sec total\n|\n|t:|1783543195\n|move|p1a: Keldeo|Calm Mind|p1a: Keldeo\n|-boost|p1a: Keldeo|spa|1\n|-boost|p1a: Keldeo|spd|1\n|move|p2a: Deoxys|Recover|p2a: Deoxys\n|-heal|p2a: Deoxys|100/100\n|\n|upkeep\n|turn|12\n|inactive|Time left: 300 sec this turn | 300 sec total\n|\n|t:|1783543196\n|move|p1a: Keldeo|Hydro Pump|p2a: Deoxys|[miss]\n|-miss|p1a: Keldeo|p2a: Deoxys\n|move|p2a: Deoxys|Night Shade|p1a: Keldeo\n|-damage|p1a: Keldeo|162/273\n|\n|upkeep\n|turn|13\n|inactive|Time left: 300 sec this turn | 300 sec total\n|\n|t:|1783543197\n|move|p1a: Keldeo|Hydro Pump|p2a: Deoxys\n|-damage|p2a: Deoxys|26/100\n|-damage|p1a: Keldeo|135/273|[from] item: Life Orb\n|move|p2a: Deoxys|Night Shade|p1a: Keldeo\n|-damage|p1a: Keldeo|51/273\n|\n|-heal|p2a: Deoxys|32/100|[from] item: Leftovers\n|upkeep\n|turn|14\n|inactive|Time left: 300 sec this turn | 300 sec total\n|\n|t:|1783543198\n|move|p1a: Keldeo|Hydro Pump|p2a: Deoxys|[miss]\n|-miss|p1a: Keldeo|p2a: Deoxys\n|move|p2a: Deoxys|Night Shade|p1a: Keldeo\n|-damage|p1a: Keldeo|0 fnt\n|faint|p1a: Keldeo\n|\n|-heal|p2a: Deoxys|38/100|[from] item: Leftovers\n|upkeep\n|inactive|Time left: 300 sec this turn | 300 sec total | 5 sec grace\n|\n|t:|1783543199\n|switch|p1a: Bellossom|Bellossom, L84, M|263/263\n|turn|15\n|inactive|Time left: 300 sec this turn | 300 sec total\n|\n|t:|1783543200\n|move|p2a: Deoxys|Recover|p2a: Deoxys\n|-heal|p2a: Deoxys|88/100\n|move|p1a: Bellossom|Quiver Dance|p1a: Bellossom\n|-boost|p1a: Bellossom|spa|1\n|-boost|p1a: Bellossom|spd|1\n|-boost|p1a: Bellossom|spe|1\n|\n|-heal|p2a: Deoxys|94/100|[from] item: Leftovers\n|upkeep\n|turn|16\n|inactive|Time left: 300 sec this turn | 300 sec total\n|\n|t:|1783543201\n|switch|p2a: Milotic|Milotic, L83, M|100/100\n|move|p1a: Bellossom|Quiver Dance|p1a: Bellossom\n|-boost|p1a: Bellossom|spa|1\n|-boost|p1a: Bellossom|spd|1\n|-boost|p1a: Bellossom|spe|1\n|\n|upkeep\n|turn|17\n|inactive|Time left: 300 sec this turn | 300 sec total\n|\n|t:|1783543202\n|move|p1a: Bellossom|Giga Drain|p2a: Milotic\n|-supereffective|p2a: Milotic\n|-damage|p2a: Milotic|18/100\n|move|p2a: Milotic|Dragon Tail|p1a: Bellossom\n|-damage|p1a: Bellossom|232/263\n|drag|p1a: Klefki|Klefki, L84, M|233/233\n|\n|-heal|p2a: Milotic|24/100|[from] item: Leftovers\n|upkeep\n|turn|18\n|inactive|Time left: 300 sec this turn | 300 sec total\n|\n|t:|1783543203\n|move|p1a: Klefki|Spikes|p2a: Milotic\n|-sidestart|p2: p0y350d873|Spikes\n|move|p2a: Milotic|Recover|p2a: Milotic\n|-heal|p2a: Milotic|74/100\n|\n|-heal|p2a: Milotic|80/100|[from] item: Leftovers\n|upkeep\n|turn|19\n|inactive|Time left: 300 sec this turn | 300 sec total\n|\n|t:|1783543204\n|move|p1a: Klefki|Spikes|p2a: Milotic\n|-sidestart|p2: p0y350d873|Spikes\n|move|p2a: Milotic|Scald|p1a: Klefki\n|-damage|p1a: Klefki|154/233\n|\n|-heal|p2a: Milotic|87/100|[from] item: Leftovers\n|-heal|p1a: Klefki|168/233|[from] item: Leftovers\n|upkeep\n|turn|20\n|inactive|Time left: 300 sec this turn | 300 sec total\n|\n|t:|1783543205\n|move|p1a: Klefki|Spikes|p2a: Milotic\n|-sidestart|p2: p0y350d873|Spikes\n|move|p2a: Milotic|Scald|p1a: Klefki\n|-damage|p1a: Klefki|83/233\n|-status|p1a: Klefki|brn\n|\n|-heal|p2a: Milotic|93/100|[from] item: Leftovers\n|-heal|p1a: Klefki|97/233 brn|[from] item: Leftovers\n|-damage|p1a: Klefki|83/233 brn|[from] brn\n|upkeep\n|turn|21\n|inactive|Time left: 300 sec this turn | 300 sec total\n|\n|t:|1783543206\n|move|p1a: Klefki|Thunder Wave|p2a: Milotic\n|-status|p2a: Milotic|par\n|move|p2a: Milotic|Scald|p1a: Klefki\n|-damage|p1a: Klefki|0 fnt\n|faint|p1a: Klefki\n|\n|-heal|p2a: Milotic|99/100 par|[from] item: Leftovers\n|upkeep\n|inactive|Time left: 300 sec this turn | 300 sec total | 5 sec grace\n|\n|t:|1783543206\n|switch|p1a: Bellossom|Bellossom, L84, M|232/263\n|turn|22\n|inactive|Time left: 300 sec this turn | 300 sec total\n|\n|t:|1783543207\n|move|p1a: Bellossom|Quiver Dance|p1a: Bellossom\n|-boost|p1a: Bellossom|spa|1\n|-boost|p1a: Bellossom|spd|1\n|-boost|p1a: Bellossom|spe|1\n|move|p2a: Milotic|Dragon Tail|p1a: Bellossom\n|-damage|p1a: Bellossom|201/263\n|drag|p1a: Oinkologne|Oinkologne, L92, M|35/352 par\n|\n|-heal|p2a: Milotic|100/100 par|[from] item: Leftovers\n|-heal|p1a: Oinkologne|57/352 par|[from] item: Leftovers\n|upkeep\n|turn|23\n|inactive|Time left: 300 sec this turn | 300 sec total\n|\n|t:|1783543208\n|move|p2a: Milotic|Scald|p1a: Oinkologne\n|-damage|p1a: Oinkologne|0 fnt\n|faint|p1a: Oinkologne\n|\n|upkeep\n|inactive|Time left: 300 sec this turn | 300 sec total | 5 sec grace\n|\n|t:|1783543209\n|switch|p1a: Bellossom|Bellossom, L84, M|201/263\n|turn|24\n|inactive|Time left: 300 sec this turn | 300 sec total\n|\n|t:|1783543209\n|move|p1a: Bellossom|Quiver Dance|p1a: Bellossom\n|-boost|p1a: Bellossom|spa|1\n|-boost|p1a: Bellossom|spd|1\n|-boost|p1a: Bellossom|spe|1\n|move|p2a: Milotic|Ice Beam|p1a: Bellossom\n|-supereffective|p1a: Bellossom\n|-damage|p1a: Bellossom|119/263\n|\n|-heal|p1a: Bellossom|135/263|[from] item: Leftovers\n|upkeep\n|turn|25\n|inactive|Time left: 300 sec this turn | 300 sec total\n|\n|t:|1783543210\n|move|p1a: Bellossom|Quiver Dance|p1a: Bellossom\n|-boost|p1a: Bellossom|spa|1\n|-boost|p1a: Bellossom|spd|1\n|-boost|p1a: Bellossom|spe|1\n|cant|p2a: Milotic|par\n|\n|-heal|p1a: Bellossom|151/263|[from] item: Leftovers\n|upkeep\n|turn|26\n|inactive|Time left: 300 sec this turn | 300 sec total\n|\n|t:|1783543211\n|move|p1a: Bellossom|Giga Drain|p2a: Milotic\n|-supereffective|p2a: Milotic\n|-damage|p2a: Milotic|20/100 par\n|-heal|p1a: Bellossom|263/263|[from] drain|[of] p2a: Milotic\n|move|p2a: Milotic|Scald|p1a: Bellossom\n|-resisted|p1a: Bellossom\n|-damage|p1a: Bellossom|244/263\n|\n|-heal|p1a: Bellossom|260/263|[from] item: Leftovers\n|-heal|p2a: Milotic|26/100 par|[from] item: Leftovers\n|upkeep\n|turn|27\n|inactive|Time left: 300 sec this turn | 300 sec total\n|\n|t:|1783543212\n|move|p1a: Bellossom|Quiver Dance|p1a: Bellossom\n|-boost|p1a: Bellossom|spa|1\n|-boost|p1a: Bellossom|spd|1\n|-boost|p1a: Bellossom|spe|1\n|move|p2a: Milotic|Dragon Tail|p1a: Bellossom\n|-damage|p1a: Bellossom|233/263\n|\n|-heal|p1a: Bellossom|249/263|[from] item: Leftovers\n|-heal|p2a: Milotic|32/100 par|[from] item: Leftovers\n|upkeep\n|turn|28\n|inactive|Time left: 300 sec this turn | 300 sec total\n|\n|t:|1783543213\n|move|p1a: Bellossom|Sludge Bomb|p2a: Milotic\n|-damage|p2a: Milotic|0 fnt\n|faint|p2a: Milotic\n|\n|-heal|p1a: Bellossom|263/263|[from] item: Leftovers\n|upkeep\n|\n|t:|1783543214\n|switch|p2a: Deoxys|Deoxys-Defense, L84|94/100\n|-damage|p2a: Deoxys|69/100|[from] Spikes\n|-ability|p2a: Deoxys|Pressure\n|turn|29\n|inactive|Time left: 300 sec this turn | 300 sec total\n|\n|t:|1783543215\n|-terastallize|p2a: Deoxys|Steel\n|move|p1a: Bellossom|Giga Drain|p2a: Deoxys\n|-resisted|p2a: Deoxys\n|-damage|p2a: Deoxys|42/100\n|move|p2a: Deoxys|Cosmic Power|p2a: Deoxys\n|-boost|p2a: Deoxys|def|1\n|-boost|p2a: Deoxys|spd|1\n|\n|-heal|p2a: Deoxys|48/100|[from] item: Leftovers\n|upkeep\n|turn|30\n|inactive|Time left: 300 sec this turn | 300 sec total\n|\n|t:|1783543216\n|move|p1a: Bellossom|Quiver Dance|p1a: Bellossom\n|-boost|p1a: Bellossom|spa|1\n|-boost|p1a: Bellossom|spd|1\n|-boost|p1a: Bellossom|spe|1\n|move|p2a: Deoxys|Recover|p2a: Deoxys\n|-heal|p2a: Deoxys|98/100\n|\n|-heal|p2a: Deoxys|100/100|[from] item: Leftovers\n|upkeep\n|turn|31\n|inactive|Time left: 300 sec this turn | 300 sec total\n|\n|t:|1783543217\n|move|p1a: Bellossom|Strength Sap|p2a: Deoxys\n|-unboost|p2a: Deoxys|atk|1\n|move|p2a: Deoxys|Cosmic Power|p2a: Deoxys\n|-boost|p2a: Deoxys|def|1\n|-boost|p2a: Deoxys|spd|1\n|\n|upkeep\n|turn|32\n|inactive|Time left: 300 sec this turn | 300 sec total\n|\n|t:|1783543218\n|move|p1a: Bellossom|Strength Sap|p2a: Deoxys\n|-unboost|p2a: Deoxys|atk|1\n|move|p2a: Deoxys|Cosmic Power|p2a: Deoxys\n|-boost|p2a: Deoxys|def|1\n|-boost|p2a: Deoxys|spd|1\n|\n|upkeep\n|turn|33\n|inactive|Time left: 300 sec this turn | 300 sec total\n|\n|t:|1783543219\n|move|p1a: Bellossom|Quiver Dance|p1a: Bellossom\n|-boost|p1a: Bellossom|spa|1\n|-boost|p1a: Bellossom|spd|1\n|-boost|p1a: Bellossom|spe|1\n|move|p2a: Deoxys|Night Shade|p1a: Bellossom\n|-damage|p1a: Bellossom|179/263\n|\n|-heal|p1a: Bellossom|195/263|[from] item: Leftovers\n|upkeep\n|turn|34\n|inactive|Time left: 300 sec this turn | 300 sec total\n|\n|t:|1783543220\n|move|p1a: Bellossom|Strength Sap|p2a: Deoxys\n|-unboost|p2a: Deoxys|atk|1\n|-heal|p1a: Bellossom|256/263\n|move|p2a: Deoxys|Night Shade|p1a: Bellossom\n|-damage|p1a: Bellossom|172/263\n|\n|-heal|p1a: Bellossom|188/263|[from] item: Leftovers\n|upkeep\n|turn|35\n|inactive|Time left: 300 sec this turn | 300 sec total\n|\n|t:|1783543221\n|move|p1a: Bellossom|Strength Sap|p2a: Deoxys\n|-unboost|p2a: Deoxys|atk|1\n|-heal|p1a: Bellossom|236/263\n|move|p2a: Deoxys|Night Shade|p1a: Bellossom\n|-damage|p1a: Bellossom|152/263\n|\n|-heal|p1a: Bellossom|168/263|[from] item: Leftovers\n|upkeep\n|turn|36\n|inactive|Time left: 300 sec this turn | 300 sec total\n|\n|t:|1783543223\n|move|p1a: Bellossom|Strength Sap|p2a: Deoxys\n|-unboost|p2a: Deoxys|atk|1\n|-heal|p1a: Bellossom|208/263\n|move|p2a: Deoxys|Night Shade|p1a: Bellossom\n|-damage|p1a: Bellossom|124/263\n|\n|-heal|p1a: Bellossom|140/263|[from] item: Leftovers\n|upkeep\n|turn|37\n|inactive|Time left: 300 sec this turn | 300 sec total\n|\n|t:|1783543224\n|move|p1a: Bellossom|Giga Drain|p2a: Deoxys\n|-resisted|p2a: Deoxys\n|-damage|p2a: Deoxys|87/100\n|-heal|p1a: Bellossom|155/263|[from] drain|[of] p2a: Deoxys\n|move|p2a: Deoxys|Night Shade|p1a: Bellossom\n|-damage|p1a: Bellossom|71/263\n|\n|-heal|p1a: Bellossom|87/263|[from] item: Leftovers\n|-heal|p2a: Deoxys|93/100|[from] item: Leftovers\n|upkeep\n|turn|38\n|inactive|Time left: 300 sec this turn | 300 sec total\n|\n|t:|1783543225\n|-terastallize|p1a: Bellossom|Poison\n|move|p1a: Bellossom|Giga Drain|p2a: Deoxys\n|-resisted|p2a: Deoxys\n|-damage|p2a: Deoxys|78/100\n|-heal|p1a: Bellossom|104/263|[from] drain|[of] p2a: Deoxys\n|move|p2a: Deoxys|Night Shade|p1a: Bellossom\n|-damage|p1a: Bellossom|20/263\n|\n|-heal|p1a: Bellossom|36/263|[from] item: Leftovers\n|-heal|p2a: Deoxys|84/100|[from] item: Leftovers\n|upkeep\n|turn|39\n|inactive|Time left: 300 sec this turn | 300 sec total\n|\n|t:|1783543226\n|move|p1a: Bellossom|Strength Sap|p2a: Deoxys\n|-unboost|p2a: Deoxys|atk|1\n|-heal|p1a: Bellossom|70/263\n|move|p2a: Deoxys|Night Shade|p1a: Bellossom\n|-damage|p1a: Bellossom|0 fnt\n|faint|p1a: Bellossom\n|\n|win|p0y350d873", "uploadtime": 1783543226, "views": 0, "rating": 0, "private": 0, "password": null, "_winner": "p0y350d873", "_our_name": "p0x35005c3"}