{"id": "battle-gen9randombattle-2994", "formatid": "gen9randombattle", "format": "[Gen 9] Random Battle", "players": ["p0x2994cfe7", "p0y299425da"], "log": "|init|battle\n|title|p0x2994cfe7 vs. p0y299425da\n|j|\u2606p0x2994cfe7\n|j|\u2606p0y299425da\n|t:|1783574485\n|gametype|singles\n|player|p1|p0x2994cfe7|102|\n|player|p2|p0y299425da|101|\n|gen|9\n|tier|[Gen 9] Random Battle\n|rule|Species Clause: Limit one of each Pok\u00e9mon\n|rule|HP Percentage Mod: HP is shown in percentages\n|rule|Sleep Clause Mod: Limit one foe put to sleep\n|rule|Illusion Level Mod: Illusion disguises the Pok\u00e9mon's true level\n|\n|t:|1783574485\n|teamsize|p1|6\n|teamsize|p2|6\n|start\n|switch|p1a: Walking Wake|Walking Wake, L79|286/286\n|switch|p2a: Jirachi|Jirachi, L80|100/100\n|turn|1\n|inactive|Battle timer is ON: inactive players will automatically lose when time's up. (requested by p0y299425da)\n|inactive|Time left: 300 sec this turn | 300 sec total | 60 sec grace\n|inactive|p0x2994cfe7 also wants the timer to be on.\n|\n|t:|1783574486\n|-end|p1a: Walking Wake|Protosynthesis|[silent]\n|switch|p1a: Stantler|Stantler, L92, M|284/284\n|-ability|p1a: Stantler|Intimidate|boost\n|-unboost|p2a: Jirachi|atk|1\n|move|p2a: Jirachi|Body Slam|p1a: Stantler\n|-damage|p1a: Stantler|256/284\n|-status|p1a: Stantler|par\n|\n|upkeep\n|turn|2\n|inactive|Time left: 300 sec this turn | 300 sec total\n|\n|t:|1783574488\n|switch|p2a: Golem|Golem, L87, F|100/100\n|move|p1a: Stantler|Throat Chop|p2a: Golem\n|-damage|p2a: Golem|82/100\n|-start|p2a: Golem|Throat Chop|[silent]\n|\n|upkeep\n|turn|3\n|inactive|Time left: 300 sec this turn | 300 sec total\n|\n|t:|1783574489\n|switch|p1a: Walking Wake|Walking Wake, L79|286/286\n|move|p2a: Golem|Earthquake|p1a: Walking Wake\n|-damage|p1a: Walking Wake|157/286\n|\n|-end|p2a: Golem|Throat Chop|[silent]\n|upkeep\n|turn|4\n|inactive|Time left: 300 sec this turn | 300 sec total\n|\n|t:|1783574490\n|switch|p2a: Dragonite|Dragonite, L74, F|100/100\n|move|p1a: Walking Wake|Hydro Steam|p2a: Dragonite\n|-resisted|p2a: Dragonite\n|-damage|p2a: Dragonite|88/100\n|-damage|p1a: Walking Wake|129/286|[from] item: Life Orb\n|\n|upkeep\n|turn|5\n|inactive|Time left: 300 sec this turn | 300 sec total\n|\n|t:|1783574491\n|move|p1a: Walking Wake|Draco Meteor|p2a: Dragonite\n|-supereffective|p2a: Dragonite\n|-damage|p2a: Dragonite|0 fnt\n|-unboost|p1a: Walking Wake|spa|2\n|faint|p2a: Dragonite\n|-damage|p1a: Walking Wake|101/286|[from] item: Life Orb\n|\n|upkeep\n|\n|t:|1783574492\n|switch|p2a: Iron Jugulis|Iron Jugulis, L77|100/100\n|turn|6\n|inactive|Time left: 300 sec this turn | 300 sec total\n|\n|t:|1783574493\n|-end|p1a: Walking Wake|Protosynthesis|[silent]\n|switch|p1a: Diancie|Diancie, L82|216/216\n|move|p2a: Iron Jugulis|Hurricane|p1a: Diancie|[miss]\n|-miss|p2a: Iron Jugulis|p1a: Diancie\n|\n|upkeep\n|turn|7\n|inactive|Time left: 300 sec this turn | 300 sec total\n|\n|t:|1783574494\n|move|p2a: Iron Jugulis|Hurricane|p1a: Diancie\n|-resisted|p1a: Diancie\n|-damage|p1a: Diancie|156/216\n|-start|p1a: Diancie|confusion\n|-activate|p1a: Diancie|confusion\n|-damage|p1a: Diancie|137/216|[from] confusion\n|\n|-heal|p1a: Diancie|150/216|[from] item: Leftovers\n|upkeep\n|turn|8\n|inactive|Time left: 300 sec this turn | 300 sec total\n|\n|t:|1783574495\n|move|p2a: Iron Jugulis|Hurricane|p1a: Diancie\n|-resisted|p1a: Diancie\n|-damage|p1a: Diancie|96/216\n|-activate|p1a: Diancie|confusion\n|move|p1a: Diancie|Draining Kiss|p2a: Iron Jugulis\n|-supereffective|p2a: Iron Jugulis\n|-damage|p2a: Iron Jugulis|58/100\n|-heal|p1a: Diancie|183/216|[from] drain|[of] p2a: Iron Jugulis\n|\n|-heal|p1a: Diancie|196/216|[from] item: Leftovers\n|upkeep\n|turn|9\n|inactive|Time left: 300 sec this turn | 300 sec total\n|\n|t:|1783574496\n|move|p2a: Iron Jugulis|Hurricane|p1a: Diancie\n|-resisted|p1a: Diancie\n|-crit|p1a: Diancie\n|-damage|p1a: Diancie|114/216\n|-end|p1a: Diancie|confusion\n|move|p1a: Diancie|Diamond Storm|p2a: Iron Jugulis\n|-supereffective|p2a: Iron Jugulis\n|-damage|p2a: Iron Jugulis|0 fnt\n|-boost|p1a: Diancie|def|2\n|faint|p2a: Iron Jugulis\n|-end|p2a: Iron Jugulis|Quark Drive|[silent]\n|\n|-heal|p1a: Diancie|127/216|[from] item: Leftovers\n|upkeep\n|\n|t:|1783574498\n|switch|p2a: Sandslash|Sandslash-Alola, L88, M|100/100\n|turn|10\n|inactive|Time left: 300 sec this turn | 300 sec total\n|\n|t:|1783574499\n|move|p2a: Sandslash|Iron Head|p1a: Diancie\n|-supereffective|p1a: Diancie\n|-damage|p1a: Diancie|3/216\n|cant|p1a: Diancie|flinch\n|\n|-heal|p1a: Diancie|16/216|[from] item: Leftovers\n|upkeep\n|turn|11\n|inactive|Time left: 300 sec this turn | 300 sec total\n|\n|t:|1783574500\n|switch|p1a: Stantler|Stantler, L92, M|256/284 par\n|-ability|p1a: Stantler|Intimidate|boost\n|-unboost|p2a: Sandslash|atk|1\n|move|p2a: Sandslash|Triple Axel|p1a: Stantler\n|-damage|p1a: Stantler|244/284 par\n|-damage|p1a: Stantler|220/284 par\n|-damage|p1a: Stantler|183/284 par\n|-hitcount|p1a: Stantler|3\n|\n|upkeep\n|turn|12\n|inactive|Time left: 300 sec this turn | 300 sec total\n|\n|t:|1783574501\n|move|p2a: Sandslash|Triple Axel|p1a: Stantler\n|-damage|p1a: Stantler|170/284 par\n|-damage|p1a: Stantler|143/284 par\n|-crit|p1a: Stantler\n|-damage|p1a: Stantler|56/284 par\n|-hitcount|p1a: Stantler|3\n|move|p1a: Stantler|Earthquake|p2a: Sandslash\n|-supereffective|p2a: Sandslash\n|-damage|p2a: Sandslash|57/100\n|\n|upkeep\n|turn|13\n|inactive|Time left: 300 sec this turn | 300 sec total\n|\n|t:|1783574502\n|switch|p2a: Glaceon|Glaceon, L94, F|100/100\n|move|p1a: Stantler|Body Slam|p2a: Glaceon\n|-damage|p2a: Glaceon|72/100\n|\n|upkeep\n|turn|14\n|inactive|Time left: 300 sec this turn | 300 sec total\n|\n|t:|1783574502\n|switch|p1a: Medicham|Medicham, L86, M|243/243\n|move|p2a: Glaceon|Freeze-Dry|p1a: Medicham\n|-damage|p1a: Medicham|107/243\n|\n|upkeep\n|turn|15\n|inactive|Time left: 300 sec this turn | 300 sec total\n|\n|t:|1783574503\n|move|p2a: Glaceon|Protect|p2a: Glaceon\n|-singleturn|p2a: Glaceon|Protect\n|move|p1a: Medicham|Close Combat|p2a: Glaceon\n|-activate|p2a: Glaceon|move: Protect\n|\n|upkeep\n|turn|16\n|inactive|Time left: 300 sec this turn | 300 sec total\n|\n|t:|1783574504\n|-terastallize|p2a: Glaceon|Ground\n|move|p1a: Medicham|Close Combat|p2a: Glaceon\n|-damage|p2a: Glaceon|0 fnt\n|-unboost|p1a: Medicham|def|1\n|-unboost|p1a: Medicham|spd|1\n|faint|p2a: Glaceon\n|\n|upkeep\n|\n|t:|1783574506\n|switch|p2a: Jirachi|Jirachi, L80|100/100\n|turn|17\n|inactive|Time left: 300 sec this turn | 300 sec total\n|\n|t:|1783574507\n|switch|p1a: Stantler|Stantler, L92, M|56/284 par\n|-ability|p1a: Stantler|Intimidate|boost\n|-unboost|p2a: Jirachi|atk|1\n|move|p2a: Jirachi|Iron Head|p1a: Stantler\n|-damage|p1a: Stantler|11/284 par\n|\n|upkeep\n|turn|18\n|inactive|Time left: 300 sec this turn | 300 sec total\n|\n|t:|1783574508\n|switch|p2a: Sandslash|Sandslash-Alola, L88, M|57/100\n|switch|p1a: Iron Moth|Iron Moth, L78|253/253\n|\n|upkeep\n|turn|19\n|inactive|Time left: 300 sec this turn | 300 sec total\n|\n|t:|1783574509\n|switch|p2a: Golem|Golem, L87, F|82/100\n|move|p1a: Iron Moth|Fiery Dance|p2a: Golem\n|-resisted|p2a: Golem\n|-damage|p2a: Golem|60/100\n|\n|upkeep\n|turn|20\n|inactive|Time left: 300 sec this turn | 300 sec total\n|\n|t:|1783574510\n|switch|p2a: Jirachi|Jirachi, L80|100/100\n|move|p1a: Iron Moth|Energy Ball|p2a: Jirachi\n|-resisted|p2a: Jirachi\n|-damage|p2a: Jirachi|89/100\n|\n|-heal|p2a: Jirachi|95/100|[from] item: Leftovers\n|upkeep\n|turn|21\n|inactive|Time left: 300 sec this turn | 300 sec total\n|\n|t:|1783574511\n|move|p1a: Iron Moth|Fiery Dance|p2a: Jirachi\n|-supereffective|p2a: Jirachi\n|-damage|p2a: Jirachi|27/100\n|move|p2a: Jirachi|Body Slam|p1a: Iron Moth\n|-damage|p1a: Iron Moth|175/253\n|-status|p1a: Iron Moth|par\n|\n|-heal|p2a: Jirachi|33/100|[from] item: Leftovers\n|upkeep\n|turn|22\n|inactive|Time left: 300 sec this turn | 300 sec total\n|\n|t:|1783574512\n|move|p2a: Jirachi|Wish|p2a: Jirachi\n|cant|p1a: Iron Moth|par\n|\n|-heal|p2a: Jirachi|40/100|[from] item: Leftovers\n|upkeep\n|turn|23\n|inactive|Time left: 300 sec this turn | 300 sec total\n|\n|t:|1783574513\n|move|p2a: Jirachi|Iron Head|p1a: Iron Moth\n|-resisted|p1a: Iron Moth\n|-damage|p1a: Iron Moth|121/253 par\n|cant|p1a: Iron Moth|flinch\n|\n|-heal|p2a: Jirachi|90/100|[from] move: Wish|[wisher] Jirachi\n|-heal|p2a: Jirachi|96/100|[from] item: Leftovers\n|upkeep\n|turn|24\n|inactive|Time left: 300 sec this turn | 300 sec total\n|\n|t:|1783574514\n|move|p2a: Jirachi|Iron Head|p1a: Iron Moth\n|-resisted|p1a: Iron Moth\n|-damage|p1a: Iron Moth|64/253 par\n|cant|p1a: Iron Moth|flinch\n|\n|-heal|p2a: Jirachi|100/100|[from] item: Leftovers\n|upkeep\n|turn|25\n|inactive|Time left: 300 sec this turn | 300 sec total\n|\n|t:|1783574515\n|-end|p1a: Iron Moth|Quark Drive|[silent]\n|switch|p1a: Camerupt|Camerupt, L91, M|275/275\n|move|p2a: Jirachi|Body Slam|p1a: Camerupt\n|-damage|p1a: Camerupt|212/275\n|-status|p1a: Camerupt|par\n|\n|-heal|p1a: Camerupt|229/275 par|[from] item: Leftovers\n|upkeep\n|turn|26\n|inactive|Time left: 300 sec this turn | 300 sec total\n|\n|t:|1783574516\n|move|p2a: Jirachi|Iron Head|p1a: Camerupt\n|-resisted|p1a: Camerupt\n|-damage|p1a: Camerupt|183/275 par\n|cant|p1a: Camerupt|flinch\n|\n|-heal|p1a: Camerupt|200/275 par|[from] item: Leftovers\n|upkeep\n|turn|27\n|inactive|Time left: 300 sec this turn | 300 sec total\n|\n|t:|1783574517\n|move|p2a: Jirachi|Iron Head|p1a: Camerupt\n|-resisted|p1a: Camerupt\n|-damage|p1a: Camerupt|153/275 par\n|move|p1a: Camerupt|Earthquake|p2a: Jirachi\n|-supereffective|p2a: Jirachi\n|-damage|p2a: Jirachi|17/100\n|\n|-heal|p2a: Jirachi|24/100|[from] item: Leftovers\n|-heal|p1a: Camerupt|170/275 par|[from] item: Leftovers\n|upkeep\n|turn|28\n|inactive|Time left: 300 sec this turn | 300 sec total\n|\n|t:|1783574518\n|move|p2a: Jirachi|Wish|p2a: Jirachi\n|move|p1a: Camerupt|Earthquake|p2a: Jirachi\n|-supereffective|p2a: Jirachi\n|-damage|p2a: Jirachi|0 fnt\n|faint|p2a: Jirachi\n|\n|-heal|p1a: Camerupt|187/275 par|[from] item: Leftovers\n|upkeep\n|\n|t:|1783574519\n|switch|p2a: Golem|Golem, L87, F|60/100\n|turn|29\n|inactive|Time left: 300 sec this turn | 300 sec total\n|\n|t:|1783574520\n|-terastallize|p1a: Camerupt|Grass\n|move|p2a: Golem|Earthquake|p1a: Camerupt\n|-resisted|p1a: Camerupt\n|-damage|p1a: Camerupt|111/275 par\n|cant|p1a: Camerupt|par\n|\n|-heal|p2a: Golem|100/100|[from] move: Wish|[wisher] Jirachi\n|-heal|p1a: Camerupt|128/275 par|[from] item: Leftovers\n|upkeep\n|turn|30\n|inactive|Time left: 300 sec this turn | 300 sec total\n|\n|t:|1783574521\n|switch|p1a: Stantler|Stantler, L92, M|11/284 par\n|-ability|p1a: Stantler|Intimidate|boost\n|-unboost|p2a: Golem|atk|1\n|move|p2a: Golem|Stone Edge|p1a: Stantler\n|-crit|p1a: Stantler\n|-damage|p1a: Stantler|0 fnt\n|faint|p1a: Stantler\n|\n|upkeep\n|inactive|Time left: 300 sec this turn | 300 sec total | 5 sec grace\n|\n|t:|1783574522\n|switch|p1a: Camerupt|Camerupt, L91, M, tera:Grass|128/275 par\n|turn|31\n|inactive|Time left: 300 sec this turn | 300 sec total\n|\n|t:|1783574523\n|move|p2a: Golem|Stone Edge|p1a: Camerupt\n|-damage|p1a: Camerupt|31/275 par\n|move|p1a: Camerupt|Will-O-Wisp|p2a: Golem\n|-status|p2a: Golem|brn\n|\n|-heal|p1a: Camerupt|48/275 par|[from] item: Leftovers\n|-damage|p2a: Golem|94/100 brn|[from] brn\n|upkeep\n|turn|32\n|inactive|Time left: 300 sec this turn | 300 sec total\n|\n|t:|1783574524\n|switch|p1a: Medicham|Medicham, L86, M|107/243\n|move|p2a: Golem|Stone Edge|p1a: Medicham\n|-resisted|p1a: Medicham\n|-damage|p1a: Medicham|85/243\n|\n|-damage|p2a: Golem|88/100 brn|[from] brn\n|upkeep\n|turn|33\n|inactive|Time left: 300 sec this turn | 300 sec total\n|\n|t:|1783574525\n|move|p1a: Medicham|Close Combat|p2a: Golem\n|-supereffective|p2a: Golem\n|-damage|p2a: Golem|0 fnt\n|-unboost|p1a: Medicham|def|1\n|-unboost|p1a: Medicham|spd|1\n|faint|p2a: Golem\n|\n|upkeep\n|\n|t:|1783574525\n|switch|p2a: Sandslash|Sandslash-Alola, L88, M|57/100\n|turn|34\n|inactive|Time left: 300 sec this turn | 300 sec total\n|\n|t:|1783574526\n|move|p1a: Medicham|Close Combat|p2a: Sandslash\n|-supereffective|p2a: Sandslash\n|-damage|p2a: Sandslash|0 fnt\n|-unboost|p1a: Medicham|def|1\n|-unboost|p1a: Medicham|spd|1\n|faint|p2a: Sandslash\n|\n|win|p0x2994cfe7", "uploadtime": 1783574526, "views": 0, "rating": 0, "private": 0, "password": null, "_winner": "p0x2994cfe7", "_our_name": "p0x2994cfe7"}