{"id": "battle-gen9randombattle-2930", "formatid": "gen9randombattle", "format": "[Gen 9] Random Battle", "players": ["p0x2930506f", "p0y2930e9ba"], "log": "|init|battle\n|title|p0x2930506f vs. p0y2930e9ba\n|j|\u2606p0x2930506f\n|j|\u2606p0y2930e9ba\n|t:|1783573737\n|gametype|singles\n|player|p1|p0x2930506f|265|\n|player|p2|p0y2930e9ba|266|\n|gen|9\n|tier|[Gen 9] Random Battle\n|rule|Species Clause: Limit one of each Pok\u00e9mon\n|rule|HP Percentage Mod: HP is shown in percentages\n|rule|Sleep Clause Mod: Limit one foe put to sleep\n|rule|Illusion Level Mod: Illusion disguises the Pok\u00e9mon's true level\n|\n|t:|1783573737\n|teamsize|p1|6\n|teamsize|p2|6\n|start\n|switch|p1a: Clawitzer|Clawitzer, L87, M|265/265\n|switch|p2a: Arceus|Arceus-Dark, L71|100/100\n|turn|1\n|inactive|Battle timer is ON: inactive players will automatically lose when time's up. (requested by p0x2930506f)\n|inactive|p0y2930e9ba also wants the timer to be on.\n|\n|t:|1783573738\n|move|p2a: Arceus|Calm Mind|p2a: Arceus\n|-boost|p2a: Arceus|spa|1\n|-boost|p2a: Arceus|spd|1\n|move|p1a: Clawitzer|Water Pulse|p2a: Arceus\n|-damage|p2a: Arceus|75/100\n|\n|upkeep\n|turn|2\n|inactive|Time left: 300 sec this turn | 300 sec total\n|\n|t:|1783573739\n|move|p2a: Arceus|Judgment|p1a: Clawitzer\n|-damage|p1a: Clawitzer|163/265\n|move|p1a: Clawitzer|U-turn|p2a: Arceus\n|-supereffective|p2a: Arceus\n|-damage|p2a: Arceus|46/100\n|inactive|Time left: 300 sec this turn | 300 sec total | 5 sec grace\n|\n|t:|1783573740\n|switch|p1a: Zamazenta|Zamazenta, L71|248/248|[from] U-turn\n|-ability|p1a: Zamazenta|Dauntless Shield|boost\n|-boost|p1a: Zamazenta|def|1\n|\n|upkeep\n|turn|3\n|inactive|Time left: 300 sec this turn | 300 sec total\n|\n|t:|1783573741\n|-terastallize|p2a: Arceus|Fairy\n|move|p1a: Zamazenta|Close Combat|p2a: Arceus\n|-resisted|p2a: Arceus\n|-damage|p2a: Arceus|21/100\n|-unboost|p1a: Zamazenta|def|1\n|-unboost|p1a: Zamazenta|spd|1\n|move|p2a: Arceus|Dazzling Gleam|p1a: Zamazenta\n|-supereffective|p1a: Zamazenta\n|-damage|p1a: Zamazenta|0 fnt\n|faint|p1a: Zamazenta\n|\n|upkeep\n|inactive|Time left: 300 sec this turn | 300 sec total | 5 sec grace\n|\n|t:|1783573742\n|switch|p1a: Sawsbuck|Sawsbuck, L88, F|284/284\n|turn|4\n|inactive|Time left: 300 sec this turn | 300 sec total\n|\n|t:|1783573742\n|switch|p2a: Gurdurr|Gurdurr, L85, F|100/100\n|move|p1a: Sawsbuck|Swords Dance|p1a: Sawsbuck\n|-boost|p1a: Sawsbuck|atk|2\n|\n|upkeep\n|turn|5\n|inactive|Time left: 300 sec this turn | 300 sec total\n|\n|t:|1783573743\n|move|p1a: Sawsbuck|Headbutt|p2a: Gurdurr\n|-damage|p2a: Gurdurr|44/100\n|-damage|p1a: Sawsbuck|256/284|[from] item: Life Orb\n|cant|p2a: Gurdurr|flinch\n|\n|upkeep\n|turn|6\n|inactive|Time left: 300 sec this turn | 300 sec total\n|\n|t:|1783573744\n|move|p2a: Gurdurr|Mach Punch|p1a: Sawsbuck\n|-supereffective|p1a: Sawsbuck\n|-damage|p1a: Sawsbuck|158/284\n|move|p1a: Sawsbuck|Horn Leech|p2a: Gurdurr\n|-damage|p2a: Gurdurr|0 fnt\n|-heal|p1a: Sawsbuck|220/284|[from] drain|[of] p2a: Gurdurr\n|faint|p2a: Gurdurr\n|-damage|p1a: Sawsbuck|192/284|[from] item: Life Orb\n|\n|upkeep\n|\n|t:|1783573745\n|switch|p2a: Gogoat|Gogoat, L88, F|100/100\n|turn|7\n|inactive|Time left: 300 sec this turn | 300 sec total\n|\n|t:|1783573746\n|move|p1a: Sawsbuck|Headbutt|p2a: Gogoat\n|-damage|p2a: Gogoat|31/100\n|-damage|p1a: Sawsbuck|164/284|[from] item: Life Orb\n|move|p2a: Gogoat|Horn Leech|p1a: Sawsbuck\n|-resisted|p1a: Sawsbuck\n|-damage|p1a: Sawsbuck|113/284\n|-heal|p2a: Gogoat|38/100|[from] drain|[of] p1a: Sawsbuck\n|\n|-heal|p2a: Gogoat|44/100|[from] item: Leftovers\n|upkeep\n|turn|8\n|inactive|Time left: 300 sec this turn | 300 sec total\n|\n|t:|1783573747\n|switch|p2a: Arceus|Arceus-Dark, L71, tera:Fairy|21/100\n|move|p1a: Sawsbuck|Headbutt|p2a: Arceus\n|-damage|p2a: Arceus|0 fnt\n|faint|p2a: Arceus\n|-damage|p1a: Sawsbuck|85/284|[from] item: Life Orb\n|\n|upkeep\n|\n|t:|1783573748\n|switch|p2a: Gogoat|Gogoat, L88, F|44/100\n|turn|9\n|inactive|Time left: 300 sec this turn | 300 sec total\n|\n|t:|1783573749\n|move|p1a: Sawsbuck|Headbutt|p2a: Gogoat\n|-damage|p2a: Gogoat|0 fnt\n|faint|p2a: Gogoat\n|-damage|p1a: Sawsbuck|57/284|[from] item: Life Orb\n|\n|upkeep\n|\n|t:|1783573750\n|switch|p2a: Flygon|Flygon, L82, F|100/100\n|turn|10\n|inactive|Time left: 300 sec this turn | 300 sec total\n|\n|t:|1783573751\n|move|p1a: Sawsbuck|Horn Leech|p2a: Flygon\n|-crit|p2a: Flygon\n|-damage|p2a: Flygon|0 fnt\n|-heal|p1a: Sawsbuck|190/284|[from] drain|[of] p2a: Flygon\n|faint|p2a: Flygon\n|-damage|p1a: Sawsbuck|162/284|[from] item: Life Orb\n|\n|upkeep\n|\n|t:|1783573752\n|switch|p2a: Chansey|Chansey, L85, F|100/100\n|turn|11\n|inactive|Time left: 300 sec this turn | 300 sec total\n|\n|t:|1783573753\n|switch|p2a: Sandaconda|Sandaconda, L84, M|100/100\n|-terastallize|p1a: Sawsbuck|Normal\n|move|p1a: Sawsbuck|Headbutt|p2a: Sandaconda\n|-damage|p2a: Sandaconda|17/100\n|-damage|p1a: Sawsbuck|134/284|[from] item: Life Orb\n|\n|-heal|p2a: Sandaconda|23/100|[from] item: Leftovers\n|upkeep\n|turn|12\n|inactive|Time left: 300 sec this turn | 300 sec total\n|\n|t:|1783573754\n|move|p1a: Sawsbuck|Headbutt|p2a: Sandaconda\n|-damage|p2a: Sandaconda|0 fnt\n|faint|p2a: Sandaconda\n|-damage|p1a: Sawsbuck|106/284|[from] item: Life Orb\n|\n|upkeep\n|\n|t:|1783573754\n|switch|p2a: Chansey|Chansey, L85, F|100/100\n|turn|13\n|inactive|Time left: 300 sec this turn | 300 sec total\n|\n|t:|1783573755\n|move|p1a: Sawsbuck|Headbutt|p2a: Chansey\n|-damage|p2a: Chansey|0 fnt\n|faint|p2a: Chansey\n|-damage|p1a: Sawsbuck|78/284|[from] item: Life Orb\n|\n|win|p0x2930506f", "uploadtime": 1783573755, "views": 0, "rating": 0, "private": 0, "password": null, "_winner": "p0x2930506f", "_our_name": "p0x2930506f"}