{"id": "battle-gen9randombattle-2236", "formatid": "gen9randombattle", "format": "[Gen 9] Random Battle", "players": ["p0x22364b6c", "p0y2236e216"], "log": "|init|battle\n|title|p0x22364b6c vs. p0y2236e216\n|j|\u2606p0x22364b6c\n|j|\u2606p0y2236e216\n|t:|1783564987\n|gametype|singles\n|player|p1|p0x22364b6c|102|\n|player|p2|p0y2236e216|102|\n|gen|9\n|tier|[Gen 9] Random Battle\n|rule|Species Clause: Limit one of each Pok\u00e9mon\n|rule|HP Percentage Mod: HP is shown in percentages\n|rule|Sleep Clause Mod: Limit one foe put to sleep\n|rule|Illusion Level Mod: Illusion disguises the Pok\u00e9mon's true level\n|\n|t:|1783564987\n|teamsize|p1|6\n|teamsize|p2|6\n|start\n|switch|p1a: Regigigas|Regigigas, L84|322/322\n|switch|p2a: Zebstrika|Zebstrika, L87, F|100/100\n|-start|p1a: Regigigas|ability: Slow Start\n|turn|1\n|inactive|Battle timer is ON: inactive players will automatically lose when time's up. (requested by p0y2236e216)\n|inactive|Time left: 300 sec this turn | 300 sec total | 60 sec grace\n|\n|t:|1783564989\n|switch|p2a: Hitmontop|Hitmontop, L88, M|100/100\n|-ability|p2a: Hitmontop|Intimidate|boost\n|-unboost|p1a: Regigigas|atk|1\n|move|p1a: Regigigas|Body Slam|p2a: Hitmontop\n|-damage|p2a: Hitmontop|83/100\n|\n|upkeep\n|turn|2\n|inactive|Time left: 300 sec this turn | 300 sec total\n|inactive|p0x22364b6c also wants the timer to be on.\n|\n|t:|1783564990\n|switch|p1a: Iron Leaves|Iron Leaves, L80|275/275\n|move|p2a: Hitmontop|Stone Edge|p1a: Iron Leaves\n|-damage|p1a: Iron Leaves|200/275\n|\n|upkeep\n|turn|3\n|inactive|Time left: 300 sec this turn | 300 sec total\n|\n|t:|1783564991\n|switch|p2a: Farigiraf|Farigiraf, L90, F|100/100\n|move|p1a: Iron Leaves|Swords Dance|p1a: Iron Leaves\n|-boost|p1a: Iron Leaves|atk|2\n|\n|upkeep\n|turn|4\n|inactive|Time left: 300 sec this turn | 300 sec total\n|\n|t:|1783564992\n|move|p1a: Iron Leaves|Psyblade|p2a: Farigiraf\n|-resisted|p2a: Farigiraf\n|-damage|p2a: Farigiraf|63/100\n|-damage|p1a: Iron Leaves|173/275|[from] item: Life Orb\n|move|p2a: Farigiraf|Body Slam|p1a: Iron Leaves\n|-damage|p1a: Iron Leaves|68/275\n|-status|p1a: Iron Leaves|par\n|\n|-heal|p2a: Farigiraf|69/100|[from] item: Leftovers\n|upkeep\n|turn|5\n|inactive|Time left: 300 sec this turn | 300 sec total\n|\n|t:|1783564993\n|move|p2a: Farigiraf|Body Slam|p1a: Iron Leaves\n|-damage|p1a: Iron Leaves|0 fnt\n|faint|p1a: Iron Leaves\n|-end|p1a: Iron Leaves|Quark Drive|[silent]\n|\n|-heal|p2a: Farigiraf|75/100|[from] item: Leftovers\n|upkeep\n|inactive|Time left: 300 sec this turn | 300 sec total | 5 sec grace\n|\n|t:|1783564994\n|switch|p1a: Flapple|Flapple, L88, F|266/266\n|turn|6\n|inactive|Time left: 300 sec this turn | 300 sec total\n|\n|t:|1783564996\n|move|p1a: Flapple|Outrage|p2a: Farigiraf\n|-damage|p2a: Farigiraf|9/100\n|move|p2a: Farigiraf|Psychic Noise|p1a: Flapple\n|-damage|p1a: Flapple|131/266\n|-start|p1a: Flapple|move: Heal Block\n|\n|-heal|p2a: Farigiraf|15/100|[from] item: Leftovers\n|upkeep\n|turn|7\n|inactive|Time left: 300 sec this turn | 300 sec total\n|\n|t:|1783564997\n|-terastallize|p2a: Farigiraf|Fairy\n|move|p1a: Flapple|Outrage|p2a: Farigiraf|[from] lockedmove\n|-immune|p2a: Farigiraf\n|move|p2a: Farigiraf|Wish|p2a: Farigiraf\n|\n|-heal|p2a: Farigiraf|21/100|[from] item: Leftovers\n|-end|p1a: Flapple|move: Heal Block\n|upkeep\n|turn|8\n|inactive|Time left: 300 sec this turn | 300 sec total\n|\n|t:|1783564998\n|move|p1a: Flapple|Outrage|p2a: Farigiraf\n|-immune|p2a: Farigiraf\n|move|p2a: Farigiraf|Psychic Noise|p1a: Flapple\n|-crit|p1a: Flapple\n|-damage|p1a: Flapple|0 fnt\n|faint|p1a: Flapple\n|\n|-heal|p2a: Farigiraf|71/100|[from] move: Wish|[wisher] Farigiraf\n|-heal|p2a: Farigiraf|77/100|[from] item: Leftovers\n|upkeep\n|inactive|Time left: 300 sec this turn | 300 sec total | 5 sec grace\n|\n|t:|1783564998\n|switch|p1a: Entei|Entei, L78|307/307\n|turn|9\n|inactive|Time left: 300 sec this turn | 300 sec total\n|\n|t:|1783565000\n|move|p2a: Farigiraf|Protect|p2a: Farigiraf\n|-singleturn|p2a: Farigiraf|Protect\n|move|p1a: Entei|Sacred Fire|p2a: Farigiraf\n|-activate|p2a: Farigiraf|move: Protect\n|\n|-heal|p2a: Farigiraf|83/100|[from] item: Leftovers\n|upkeep\n|turn|10\n|inactive|Time left: 300 sec this turn | 300 sec total\n|\n|t:|1783565001\n|move|p1a: Entei|Sacred Fire|p2a: Farigiraf\n|-damage|p2a: Farigiraf|32/100\n|move|p2a: Farigiraf|Body Slam|p1a: Entei\n|-crit|p1a: Entei\n|-damage|p1a: Entei|154/307\n|\n|-heal|p2a: Farigiraf|38/100|[from] item: Leftovers\n|upkeep\n|turn|11\n|inactive|Time left: 300 sec this turn | 300 sec total\n|\n|t:|1783565002\n|switch|p2a: Whiscash|Whiscash, L88, M|100/100\n|move|p1a: Entei|Sacred Fire|p2a: Whiscash\n|-resisted|p2a: Whiscash\n|-damage|p2a: Whiscash|76/100\n|\n|-heal|p2a: Whiscash|83/100|[from] item: Leftovers\n|upkeep\n|turn|12\n|inactive|Time left: 300 sec this turn | 300 sec total\n|\n|t:|1783565003\n|move|p1a: Entei|Sacred Fire|p2a: Whiscash\n|-resisted|p2a: Whiscash\n|-damage|p2a: Whiscash|58/100\n|-status|p2a: Whiscash|brn\n|move|p2a: Whiscash|Earthquake|p1a: Entei\n|-supereffective|p1a: Entei\n|-crit|p1a: Entei\n|-damage|p1a: Entei|0 fnt\n|faint|p1a: Entei\n|\n|-heal|p2a: Whiscash|64/100 brn|[from] item: Leftovers\n|-damage|p2a: Whiscash|58/100 brn|[from] brn\n|upkeep\n|inactive|Time left: 300 sec this turn | 300 sec total | 5 sec grace\n|\n|t:|1783565004\n|switch|p1a: Blaziken|Blaziken, L76, F|247/247\n|turn|13\n|inactive|Time left: 300 sec this turn | 300 sec total\n|\n|t:|1783565005\n|-terastallize|p1a: Blaziken|Fighting\n|move|p1a: Blaziken|Swords Dance|p1a: Blaziken\n|-boost|p1a: Blaziken|atk|2\n|move|p2a: Whiscash|Hydro Pump|p1a: Blaziken\n|-damage|p1a: Blaziken|117/247\n|\n|-heal|p2a: Whiscash|64/100 brn|[from] item: Leftovers\n|-damage|p2a: Whiscash|58/100 brn|[from] brn\n|-ability|p1a: Blaziken|Speed Boost|boost\n|-boost|p1a: Blaziken|spe|1\n|upkeep\n|turn|14\n|inactive|Time left: 300 sec this turn | 300 sec total\n|\n|t:|1783565006\n|move|p1a: Blaziken|Close Combat|p2a: Whiscash\n|-damage|p2a: Whiscash|0 fnt\n|-unboost|p1a: Blaziken|def|1\n|-unboost|p1a: Blaziken|spd|1\n|faint|p2a: Whiscash\n|-damage|p1a: Blaziken|93/247|[from] item: Life Orb\n|\n|-ability|p1a: Blaziken|Speed Boost|boost\n|-boost|p1a: Blaziken|spe|1\n|upkeep\n|\n|t:|1783565007\n|switch|p2a: Eternatus|Eternatus, L69|100/100\n|-ability|p2a: Eternatus|Pressure\n|turn|15\n|inactive|Time left: 300 sec this turn | 300 sec total\n|\n|t:|1783565008\n|move|p1a: Blaziken|Close Combat|p2a: Eternatus\n|-resisted|p2a: Eternatus\n|-damage|p2a: Eternatus|21/100\n|-unboost|p1a: Blaziken|def|1\n|-unboost|p1a: Blaziken|spd|1\n|-damage|p1a: Blaziken|52/247|[from] item: Rocky Helmet|[of] p2a: Eternatus\n|-damage|p1a: Blaziken|28/247|[from] item: Life Orb\n|move|p2a: Eternatus|Sludge Bomb|p1a: Blaziken\n|-damage|p1a: Blaziken|0 fnt\n|faint|p1a: Blaziken\n|\n|upkeep\n|inactive|Time left: 300 sec this turn | 300 sec total | 5 sec grace\n|\n|t:|1783565009\n|switch|p1a: Regigigas|Regigigas, L84|322/322\n|-start|p1a: Regigigas|ability: Slow Start\n|turn|16\n|inactive|Time left: 300 sec this turn | 300 sec total\n|\n|t:|1783565010\n|move|p2a: Eternatus|Recover|p2a: Eternatus\n|-heal|p2a: Eternatus|71/100\n|move|p1a: Regigigas|Substitute|p1a: Regigigas\n|-start|p1a: Regigigas|Substitute\n|-damage|p1a: Regigigas|242/322\n|\n|-heal|p1a: Regigigas|262/322|[from] item: Leftovers\n|upkeep\n|turn|17\n|inactive|Time left: 300 sec this turn | 300 sec total\n|\n|t:|1783565011\n|move|p2a: Eternatus|Dynamax Cannon|p1a: Regigigas\n|-end|p1a: Regigigas|Substitute\n|move|p1a: Regigigas|Body Slam|p2a: Eternatus\n|-damage|p2a: Eternatus|46/100\n|-damage|p1a: Regigigas|209/322|[from] item: Rocky Helmet|[of] p2a: Eternatus\n|\n|-heal|p1a: Regigigas|229/322|[from] item: Leftovers\n|upkeep\n|turn|18\n|inactive|Time left: 300 sec this turn | 300 sec total\n|\n|t:|1783565012\n|move|p2a: Eternatus|Recover|p2a: Eternatus\n|-heal|p2a: Eternatus|96/100\n|move|p1a: Regigigas|Knock Off|p2a: Eternatus\n|-damage|p2a: Eternatus|78/100\n|-damage|p1a: Regigigas|176/322|[from] item: Rocky Helmet|[of] p2a: Eternatus\n|-enditem|p2a: Eternatus|Rocky Helmet|[from] move: Knock Off|[of] p1a: Regigigas\n|\n|-heal|p1a: Regigigas|196/322|[from] item: Leftovers\n|upkeep\n|turn|19\n|inactive|Time left: 300 sec this turn | 300 sec total\n|\n|t:|1783565013\n|move|p2a: Eternatus|Sludge Bomb|p1a: Regigigas\n|-damage|p1a: Regigigas|126/322\n|-status|p1a: Regigigas|psn\n|move|p1a: Regigigas|Body Slam|p2a: Eternatus\n|-damage|p2a: Eternatus|52/100\n|\n|-heal|p1a: Regigigas|146/322 psn|[from] item: Leftovers\n|-damage|p1a: Regigigas|106/322 psn|[from] psn\n|upkeep\n|turn|20\n|inactive|Time left: 300 sec this turn | 300 sec total\n|\n|t:|1783565014\n|move|p2a: Eternatus|Recover|p2a: Eternatus\n|-heal|p2a: Eternatus|100/100\n|move|p1a: Regigigas|Body Slam|p2a: Eternatus\n|-damage|p2a: Eternatus|77/100\n|\n|-heal|p1a: Regigigas|126/322 psn|[from] item: Leftovers\n|-damage|p1a: Regigigas|86/322 psn|[from] psn\n|-end|p1a: Regigigas|Slow Start\n|upkeep\n|turn|21\n|inactive|Time left: 300 sec this turn | 300 sec total\n|\n|t:|1783565016\n|move|p2a: Eternatus|Dynamax Cannon|p1a: Regigigas\n|-damage|p1a: Regigigas|2/322 psn\n|move|p1a: Regigigas|Body Slam|p2a: Eternatus\n|-damage|p2a: Eternatus|29/100\n|\n|-heal|p1a: Regigigas|22/322 psn|[from] item: Leftovers\n|-damage|p1a: Regigigas|0 fnt|[from] psn\n|faint|p1a: Regigigas\n|-end|p1a: Regigigas|Slow Start|[silent]\n|upkeep\n|inactive|Time left: 300 sec this turn | 300 sec total | 5 sec grace\n|\n|t:|1783565017\n|switch|p1a: Umbreon|Umbreon, L84, F|297/297\n|turn|22\n|inactive|Time left: 300 sec this turn | 300 sec total\n|\n|t:|1783565018\n|move|p2a: Eternatus|Recover|p2a: Eternatus\n|-heal|p2a: Eternatus|79/100\n|move|p1a: Umbreon|Foul Play|p2a: Eternatus\n|-damage|p2a: Eternatus|58/100\n|\n|upkeep\n|turn|23\n|inactive|Time left: 300 sec this turn | 300 sec total\n|\n|t:|1783565019\n|move|p2a: Eternatus|Recover|p2a: Eternatus\n|-heal|p2a: Eternatus|100/100\n|move|p1a: Umbreon|Foul Play|p2a: Eternatus\n|-damage|p2a: Eternatus|78/100\n|\n|upkeep\n|turn|24\n|inactive|Time left: 300 sec this turn | 300 sec total\n|\n|t:|1783565020\n|move|p2a: Eternatus|Recover|p2a: Eternatus\n|-heal|p2a: Eternatus|100/100\n|move|p1a: Umbreon|Foul Play|p2a: Eternatus\n|-damage|p2a: Eternatus|78/100\n|\n|upkeep\n|turn|25\n|inactive|Time left: 300 sec this turn | 300 sec total\n|\n|t:|1783565021\n|move|p2a: Eternatus|Sludge Bomb|p1a: Umbreon\n|-damage|p1a: Umbreon|233/297\n|move|p1a: Umbreon|Foul Play|p2a: Eternatus\n|-damage|p2a: Eternatus|56/100\n|\n|-heal|p1a: Umbreon|251/297|[from] item: Leftovers\n|upkeep\n|turn|26\n|inactive|Time left: 300 sec this turn | 300 sec total\n|\n|t:|1783565022\n|move|p2a: Eternatus|Recover|p2a: Eternatus\n|-heal|p2a: Eternatus|100/100\n|move|p1a: Umbreon|Foul Play|p2a: Eternatus\n|-damage|p2a: Eternatus|78/100\n|\n|-heal|p1a: Umbreon|269/297|[from] item: Leftovers\n|upkeep\n|turn|27\n|inactive|Time left: 300 sec this turn | 300 sec total\n|\n|t:|1783565023\n|move|p2a: Eternatus|Recover|p2a: Eternatus\n|-heal|p2a: Eternatus|100/100\n|move|p1a: Umbreon|Foul Play|p2a: Eternatus\n|-damage|p2a: Eternatus|77/100\n|\n|-heal|p1a: Umbreon|287/297|[from] item: Leftovers\n|upkeep\n|turn|28\n|inactive|Time left: 300 sec this turn | 300 sec total\n|\n|t:|1783565024\n|move|p2a: Eternatus|Sludge Bomb|p1a: Umbreon\n|-damage|p1a: Umbreon|217/297\n|move|p1a: Umbreon|Foul Play|p2a: Eternatus\n|-damage|p2a: Eternatus|55/100\n|\n|-heal|p1a: Umbreon|235/297|[from] item: Leftovers\n|upkeep\n|turn|29\n|inactive|Time left: 300 sec this turn | 300 sec total\n|\n|t:|1783565024\n|switch|p2a: Hitmontop|Hitmontop, L88, M|83/100\n|-ability|p2a: Hitmontop|Intimidate|boost\n|-unboost|p1a: Umbreon|atk|1\n|move|p1a: Umbreon|Foul Play|p2a: Hitmontop\n|-resisted|p2a: Hitmontop\n|-crit|p2a: Hitmontop\n|-damage|p2a: Hitmontop|54/100\n|\n|-heal|p1a: Umbreon|253/297|[from] item: Leftovers\n|upkeep\n|turn|30\n|inactive|Time left: 300 sec this turn | 300 sec total\n|\n|t:|1783565025\n|move|p1a: Umbreon|Protect|p1a: Umbreon\n|-singleturn|p1a: Umbreon|Protect\n|move|p2a: Hitmontop|Close Combat|p1a: Umbreon\n|-activate|p1a: Umbreon|move: Protect\n|\n|-heal|p1a: Umbreon|271/297|[from] item: Leftovers\n|upkeep\n|turn|31\n|inactive|Time left: 300 sec this turn | 300 sec total\n|\n|t:|1783565026\n|move|p1a: Umbreon|Protect||[still]\n|-fail|p1a: Umbreon\n|move|p2a: Hitmontop|Close Combat|p1a: Umbreon\n|-supereffective|p1a: Umbreon\n|-damage|p1a: Umbreon|43/297\n|-unboost|p2a: Hitmontop|def|1\n|-unboost|p2a: Hitmontop|spd|1\n|\n|-heal|p1a: Umbreon|61/297|[from] item: Leftovers\n|upkeep\n|turn|32\n|inactive|Time left: 300 sec this turn | 300 sec total\n|\n|t:|1783565026\n|move|p1a: Umbreon|Protect|p1a: Umbreon\n|-singleturn|p1a: Umbreon|Protect\n|move|p2a: Hitmontop|Close Combat|p1a: Umbreon\n|-activate|p1a: Umbreon|move: Protect\n|\n|-heal|p1a: Umbreon|79/297|[from] item: Leftovers\n|upkeep\n|turn|33\n|inactive|Time left: 300 sec this turn | 300 sec total\n|\n|t:|1783565027\n|move|p1a: Umbreon|Protect||[still]\n|-fail|p1a: Umbreon\n|move|p2a: Hitmontop|Close Combat|p1a: Umbreon\n|-supereffective|p1a: Umbreon\n|-damage|p1a: Umbreon|0 fnt\n|-unboost|p2a: Hitmontop|def|1\n|-unboost|p2a: Hitmontop|spd|1\n|faint|p1a: Umbreon\n|\n|win|p0y2236e216", "uploadtime": 1783565027, "views": 0, "rating": 0, "private": 0, "password": null, "_winner": "p0y2236e216", "_our_name": "p0x22364b6c"}