{"id": "battle-gen9randombattle-582", "formatid": "gen9randombattle", "format": "[Gen 9] Random Battle", "players": ["p0x582e26f", "p0y5823a5d"], "log": "|init|battle\n|title|p0x582e26f vs. p0y5823a5d\n|j|\u2606p0x582e26f\n|j|\u2606p0y5823a5d\n|t:|1783545831\n|gametype|singles\n|player|p1|p0x582e26f|170|\n|player|p2|p0y5823a5d|169|\n|gen|9\n|tier|[Gen 9] Random Battle\n|rule|Species Clause: Limit one of each Pok\u00e9mon\n|rule|HP Percentage Mod: HP is shown in percentages\n|rule|Sleep Clause Mod: Limit one foe put to sleep\n|rule|Illusion Level Mod: Illusion disguises the Pok\u00e9mon's true level\n|\n|t:|1783545831\n|teamsize|p1|6\n|teamsize|p2|6\n|start\n|switch|p1a: Ditto|Ditto, L87|100/100\n|switch|p2a: Polteageist|Polteageist, L78|222/222\n|-transform|p1a: Ditto|p2a: Polteageist|[from] ability: Imposter\n|turn|1\n|inactive|Battle timer is ON: inactive players will automatically lose when time's up. (requested by p0y5823a5d)\n|inactive|p0x582e26f also wants the timer to be on.\n|\n|t:|1783545832\n|switch|p1a: Slaking|Slaking, L84, F|100/100\n|move|p2a: Polteageist|Shell Smash|p2a: Polteageist\n|-unboost|p2a: Polteageist|def|1\n|-unboost|p2a: Polteageist|spd|1\n|-boost|p2a: Polteageist|atk|2\n|-boost|p2a: Polteageist|spa|2\n|-boost|p2a: Polteageist|spe|2\n|-enditem|p2a: Polteageist|White Herb\n|-clearnegativeboost|p2a: Polteageist|[silent]\n|\n|upkeep\n|turn|2\n|inactive|Time left: 300 sec this turn | 300 sec total\n|\n|t:|1783545833\n|move|p2a: Polteageist|Stored Power|p1a: Slaking\n|-damage|p1a: Slaking|23/100\n|move|p1a: Slaking|Knock Off|p2a: Polteageist\n|-supereffective|p2a: Polteageist\n|-damage|p2a: Polteageist|0 fnt\n|-start|p1a: Slaking|Disable|Knock Off|[from] ability: Cursed Body|[of] p2a: Polteageist\n|faint|p2a: Polteageist\n|\n|upkeep\n|inactive|Time left: 300 sec this turn | 300 sec total | 5 sec grace\n|\n|t:|1783545834\n|switch|p2a: Rampardos|Rampardos, L90, F|321/321\n|turn|3\n|inactive|Time left: 300 sec this turn | 300 sec total\n|\n|t:|1783545834\n|cant|p1a: Slaking|ability: Truant\n|move|p2a: Rampardos|Rock Slide|p1a: Slaking\n|-damage|p1a: Slaking|0 fnt\n|faint|p1a: Slaking\n|\n|upkeep\n|\n|t:|1783545835\n|switch|p1a: Infernape|Infernape, L82, F|100/100\n|turn|4\n|inactive|Time left: 300 sec this turn | 300 sec total\n|\n|t:|1783545836\n|switch|p2a: Arbok|Arbok, L87, M|246/246\n|-ability|p2a: Arbok|Intimidate|boost\n|-unboost|p1a: Infernape|atk|1\n|move|p1a: Infernape|Close Combat|p2a: Arbok\n|-resisted|p2a: Arbok\n|-damage|p2a: Arbok|174/246\n|-unboost|p1a: Infernape|def|1\n|-unboost|p1a: Infernape|spd|1\n|\n|-heal|p2a: Arbok|189/246|[from] item: Leftovers\n|upkeep\n|turn|5\n|inactive|Time left: 300 sec this turn | 300 sec total\n|\n|t:|1783545838\n|switch|p1a: Scizor|Scizor, L79, M|100/100\n|move|p2a: Arbok|Gunk Shot|p1a: Scizor\n|-immune|p1a: Scizor\n|\n|-heal|p2a: Arbok|204/246|[from] item: Leftovers\n|upkeep\n|turn|6\n|inactive|Time left: 300 sec this turn | 300 sec total\n|\n|t:|1783545839\n|move|p1a: Scizor|Bullet Punch|p2a: Arbok\n|-damage|p2a: Arbok|86/246\n|move|p2a: Arbok|Coil|p2a: Arbok\n|-boost|p2a: Arbok|atk|1\n|-boost|p2a: Arbok|def|1\n|-boost|p2a: Arbok|accuracy|1\n|\n|-heal|p2a: Arbok|101/246|[from] item: Leftovers\n|upkeep\n|turn|7\n|inactive|Time left: 300 sec this turn | 300 sec total\n|\n|t:|1783545840\n|move|p1a: Scizor|Bullet Punch|p2a: Arbok\n|-crit|p2a: Arbok\n|-damage|p2a: Arbok|0 fnt\n|faint|p2a: Arbok\n|\n|upkeep\n|inactive|Time left: 300 sec this turn | 300 sec total | 5 sec grace\n|\n|t:|1783545841\n|switch|p2a: Rampardos|Rampardos, L90, F|321/321\n|turn|8\n|inactive|Time left: 300 sec this turn | 300 sec total\n|\n|t:|1783545842\n|switch|p2a: Brute Bonnet|Brute Bonnet, L80|309/309\n|-terastallize|p1a: Scizor|Steel\n|move|p1a: Scizor|Bullet Punch|p2a: Brute Bonnet\n|-damage|p2a: Brute Bonnet|161/309\n|\n|-heal|p2a: Brute Bonnet|180/309|[from] item: Leftovers\n|upkeep\n|turn|9\n|inactive|Time left: 300 sec this turn | 300 sec total\n|\n|t:|1783545843\n|-terastallize|p2a: Brute Bonnet|Fighting\n|move|p1a: Scizor|Bullet Punch|p2a: Brute Bonnet\n|-damage|p2a: Brute Bonnet|32/309\n|move|p2a: Brute Bonnet|Close Combat|p1a: Scizor\n|-supereffective|p1a: Scizor\n|-damage|p1a: Scizor|0 fnt\n|-unboost|p2a: Brute Bonnet|def|1\n|-unboost|p2a: Brute Bonnet|spd|1\n|faint|p1a: Scizor\n|\n|-heal|p2a: Brute Bonnet|51/309|[from] item: Leftovers\n|upkeep\n|\n|t:|1783545844\n|switch|p1a: Serperior|Serperior, L79, F|100/100\n|turn|10\n|inactive|Time left: 300 sec this turn | 300 sec total\n|\n|t:|1783545845\n|-end|p2a: Brute Bonnet|Protosynthesis|[silent]\n|switch|p2a: Sawsbuck|Sawsbuck, L88, F|284/284\n|move|p1a: Serperior|Leaf Storm|p2a: Sawsbuck\n|-ability|p2a: Sawsbuck|Sap Sipper|boost\n|-boost|p2a: Sawsbuck|atk|1\n|\n|upkeep\n|turn|11\n|inactive|Time left: 300 sec this turn | 300 sec total\n|\n|t:|1783545846\n|move|p1a: Serperior|Substitute|p1a: Serperior\n|-start|p1a: Serperior|Substitute\n|-damage|p1a: Serperior|75/100\n|move|p2a: Sawsbuck|High Horsepower|p1a: Serperior\n|-resisted|p1a: Serperior\n|-end|p1a: Serperior|Substitute\n|-damage|p2a: Sawsbuck|256/284|[from] item: Life Orb\n|\n|-heal|p1a: Serperior|82/100|[from] item: Leftovers\n|upkeep\n|turn|12\n|inactive|Time left: 300 sec this turn | 300 sec total\n|\n|t:|1783545847\n|move|p1a: Serperior|Dragon Pulse|p2a: Sawsbuck\n|-crit|p2a: Sawsbuck\n|-damage|p2a: Sawsbuck|186/284\n|move|p2a: Sawsbuck|Double-Edge|p1a: Serperior\n|-damage|p1a: Serperior|0 fnt\n|faint|p1a: Serperior\n|-damage|p2a: Sawsbuck|120/284|[from] Recoil\n|-damage|p2a: Sawsbuck|92/284|[from] item: Life Orb\n|\n|upkeep\n|\n|t:|1783545848\n|switch|p1a: Infernape|Infernape, L82, F|100/100\n|turn|13\n|inactive|Time left: 300 sec this turn | 300 sec total\n|\n|t:|1783545849\n|switch|p2a: Brute Bonnet|Brute Bonnet, L80, tera:Fighting|51/309\n|move|p1a: Infernape|Close Combat|p2a: Brute Bonnet\n|-damage|p2a: Brute Bonnet|0 fnt\n|-unboost|p1a: Infernape|def|1\n|-unboost|p1a: Infernape|spd|1\n|faint|p2a: Brute Bonnet\n|-end|p2a: Brute Bonnet|Protosynthesis|[silent]\n|\n|upkeep\n|inactive|Time left: 300 sec this turn | 300 sec total | 5 sec grace\n|\n|t:|1783545851\n|switch|p2a: Tinkaton|Tinkaton, L82, F|274/274\n|-ability|p2a: Tinkaton|Mold Breaker\n|turn|14\n|inactive|Time left: 300 sec this turn | 300 sec total\n|\n|t:|1783545852\n|move|p1a: Infernape|Close Combat|p2a: Tinkaton\n|-damage|p2a: Tinkaton|72/274\n|-unboost|p1a: Infernape|def|1\n|-unboost|p1a: Infernape|spd|1\n|move|p2a: Tinkaton|Play Rough|p1a: Infernape\n|-damage|p1a: Infernape|36/100\n|-unboost|p1a: Infernape|atk|1\n|\n|-heal|p2a: Tinkaton|89/274|[from] item: Leftovers\n|upkeep\n|turn|15\n|inactive|Time left: 300 sec this turn | 300 sec total\n|\n|t:|1783545853\n|move|p1a: Infernape|Close Combat|p2a: Tinkaton\n|-damage|p2a: Tinkaton|0 fnt\n|-unboost|p1a: Infernape|def|1\n|-unboost|p1a: Infernape|spd|1\n|faint|p2a: Tinkaton\n|\n|upkeep\n|inactive|Time left: 300 sec this turn | 300 sec total | 5 sec grace\n|\n|t:|1783545854\n|switch|p2a: Rampardos|Rampardos, L90, F|321/321\n|turn|16\n|inactive|Time left: 300 sec this turn | 300 sec total\n|\n|t:|1783545854\n|move|p1a: Infernape|Close Combat|p2a: Rampardos\n|-supereffective|p2a: Rampardos\n|-damage|p2a: Rampardos|13/321\n|-unboost|p1a: Infernape|def|1\n|-unboost|p1a: Infernape|spd|1\n|move|p2a: Rampardos|Rock Slide|p1a: Infernape|[miss]\n|-miss|p2a: Rampardos|p1a: Infernape\n|\n|upkeep\n|turn|17\n|inactive|Time left: 300 sec this turn | 300 sec total\n|\n|t:|1783545856\n|move|p1a: Infernape|Close Combat|p2a: Rampardos\n|-supereffective|p2a: Rampardos\n|-damage|p2a: Rampardos|0 fnt\n|-unboost|p1a: Infernape|def|1\n|-unboost|p1a: Infernape|spd|1\n|faint|p2a: Rampardos\n|\n|upkeep\n|inactive|Time left: 300 sec this turn | 300 sec total | 5 sec grace\n|\n|t:|1783545857\n|switch|p2a: Sawsbuck|Sawsbuck, L88, F|92/284\n|turn|18\n|inactive|Time left: 300 sec this turn | 300 sec total\n|\n|t:|1783545857\n|move|p1a: Infernape|Close Combat|p2a: Sawsbuck\n|-supereffective|p2a: Sawsbuck\n|-damage|p2a: Sawsbuck|0 fnt\n|-unboost|p1a: Infernape|def|1\n|-unboost|p1a: Infernape|spd|1\n|faint|p2a: Sawsbuck\n|\n|win|p0x582e26f", "uploadtime": 1783545857, "views": 0, "rating": 0, "private": 0, "password": null, "_winner": "p0x582e26f", "_our_name": "p0y5823a5d"}