{"id": "battle-gen9randombattle-507", "formatid": "gen9randombattle", "format": "[Gen 9] Random Battle", "players": ["p0x5076008", "p0y5079da7"], "log": "|init|battle\n|title|p0x5076008 vs. p0y5079da7\n|j|\u2606p0x5076008\n|j|\u2606p0y5079da7\n|t:|1783545653\n|gametype|singles\n|player|p1|p0x5076008|170|\n|player|p2|p0y5079da7|169|\n|gen|9\n|tier|[Gen 9] Random Battle\n|rule|Species Clause: Limit one of each Pok\u00e9mon\n|rule|HP Percentage Mod: HP is shown in percentages\n|rule|Sleep Clause Mod: Limit one foe put to sleep\n|rule|Illusion Level Mod: Illusion disguises the Pok\u00e9mon's true level\n|\n|t:|1783545653\n|teamsize|p1|6\n|teamsize|p2|6\n|start\n|switch|p1a: Palossand|Palossand, L89, M|296/296\n|switch|p2a: Goodra|Goodra, L85, F|100/100\n|turn|1\n|inactive|Battle timer is ON: inactive players will automatically lose when time's up. (requested by p0y5079da7)\n|inactive|Time left: 300 sec this turn | 300 sec total | 60 sec grace\n|\n|t:|1783545654\n|move|p2a: Goodra|Knock Off|p1a: Palossand\n|-supereffective|p1a: Palossand\n|-damage|p1a: Palossand|170/296\n|-enditem|p1a: Palossand|Leftovers|[from] move: Knock Off|[of] p2a: Goodra\n|move|p1a: Palossand|Shadow Ball|p2a: Goodra\n|-damage|p2a: Goodra|86/100\n|-unboost|p2a: Goodra|spd|1\n|\n|upkeep\n|turn|2\n|inactive|Time left: 300 sec this turn | 300 sec total\n|inactive|p0x5076008 also wants the timer to be on.\n|\n|t:|1783545655\n|move|p2a: Goodra|Draco Meteor|p1a: Palossand|[miss]\n|-miss|p2a: Goodra|p1a: Palossand\n|move|p1a: Palossand|Shore Up|p1a: Palossand\n|-heal|p1a: Palossand|296/296\n|\n|upkeep\n|turn|3\n|inactive|Time left: 300 sec this turn | 300 sec total\n|\n|t:|1783545656\n|switch|p2a: Slaking|Slaking, L84, F|100/100\n|move|p1a: Palossand|Shadow Ball|p2a: Slaking\n|-immune|p2a: Slaking\n|\n|upkeep\n|turn|4\n|inactive|Time left: 300 sec this turn | 300 sec total\n|\n|t:|1783545658\n|move|p2a: Slaking|Knock Off|p1a: Palossand\n|-supereffective|p1a: Palossand\n|-damage|p1a: Palossand|138/296\n|move|p1a: Palossand|Earth Power|p2a: Slaking\n|-damage|p2a: Slaking|67/100\n|\n|upkeep\n|turn|5\n|inactive|Time left: 300 sec this turn | 300 sec total\n|\n|t:|1783545659\n|switch|p2a: Spidops|Spidops, L96, M|100/100\n|move|p1a: Palossand|Shore Up|p1a: Palossand\n|-heal|p1a: Palossand|286/296\n|\n|upkeep\n|turn|6\n|inactive|Time left: 300 sec this turn | 300 sec total\n|\n|t:|1783545659\n|move|p2a: Spidops|Sticky Web|p1a: Palossand\n|-sidestart|p1: p0x5076008|move: Sticky Web\n|move|p1a: Palossand|Sludge Bomb|p2a: Spidops\n|-damage|p2a: Spidops|78/100\n|\n|upkeep\n|turn|7\n|inactive|Time left: 300 sec this turn | 300 sec total\n|\n|t:|1783545660\n|move|p2a: Spidops|Spikes|p1a: Palossand\n|-sidestart|p1: p0x5076008|Spikes\n|move|p1a: Palossand|Sludge Bomb|p2a: Spidops\n|-damage|p2a: Spidops|55/100\n|\n|upkeep\n|turn|8\n|inactive|Time left: 300 sec this turn | 300 sec total\n|\n|t:|1783545661\n|move|p2a: Spidops|Spikes|p1a: Palossand\n|-sidestart|p1: p0x5076008|Spikes\n|move|p1a: Palossand|Shadow Ball|p2a: Spidops\n|-damage|p2a: Spidops|24/100\n|\n|upkeep\n|turn|9\n|inactive|Time left: 300 sec this turn | 300 sec total\n|\n|t:|1783545662\n|move|p2a: Spidops|Knock Off|p1a: Palossand\n|-supereffective|p1a: Palossand\n|-damage|p1a: Palossand|206/296\n|move|p1a: Palossand|Shadow Ball|p2a: Spidops\n|-damage|p2a: Spidops|0 fnt\n|faint|p2a: Spidops\n|\n|upkeep\n|\n|t:|1783545663\n|switch|p2a: Sinistcha|Sinistcha-Masterpiece, L83|100/100\n|turn|10\n|inactive|Time left: 300 sec this turn | 300 sec total\n|\n|t:|1783545664\n|move|p2a: Sinistcha|Shadow Ball|p1a: Palossand\n|-supereffective|p1a: Palossand\n|-damage|p1a: Palossand|6/296\n|move|p1a: Palossand|Shadow Ball|p2a: Sinistcha\n|-supereffective|p2a: Sinistcha\n|-damage|p2a: Sinistcha|11/100\n|\n|-heal|p2a: Sinistcha|17/100|[from] item: Leftovers\n|upkeep\n|turn|11\n|inactive|Time left: 300 sec this turn | 300 sec total\n|\n|t:|1783545664\n|move|p2a: Sinistcha|Strength Sap|p1a: Palossand\n|-unboost|p1a: Palossand|atk|1\n|-heal|p2a: Sinistcha|71/100\n|move|p1a: Palossand|Shadow Ball|p2a: Sinistcha\n|-supereffective|p2a: Sinistcha\n|-damage|p2a: Sinistcha|0 fnt\n|faint|p2a: Sinistcha\n|\n|upkeep\n|\n|t:|1783545665\n|switch|p2a: Goodra|Goodra, L85, F|86/100\n|turn|12\n|inactive|Time left: 300 sec this turn | 300 sec total\n|\n|t:|1783545666\n|move|p2a: Goodra|Sludge Bomb|p1a: Palossand\n|-resisted|p1a: Palossand\n|-damage|p1a: Palossand|0 fnt\n|faint|p1a: Palossand\n|\n|upkeep\n|inactive|Time left: 300 sec this turn | 300 sec total | 5 sec grace\n|\n|t:|1783545667\n|switch|p1a: Weezing|Weezing, L88, M|258/258\n|turn|13\n|inactive|Time left: 300 sec this turn | 300 sec total\n|\n|t:|1783545668\n|move|p2a: Goodra|Knock Off|p1a: Weezing\n|-damage|p1a: Weezing|201/258\n|-enditem|p1a: Weezing|Leftovers|[from] move: Knock Off|[of] p2a: Goodra\n|move|p1a: Weezing|Gunk Shot|p2a: Goodra|[miss]\n|-miss|p1a: Weezing|p2a: Goodra\n|\n|upkeep\n|turn|14\n|inactive|Time left: 300 sec this turn | 300 sec total\n|\n|t:|1783545670\n|move|p1a: Weezing|Pain Split|p2a: Goodra\n|-sethp|p2a: Goodra|78/100|[from] move: Pain Split|[silent]\n|-sethp|p1a: Weezing|225/258|[from] move: Pain Split\n|move|p2a: Goodra|Dragon Tail|p1a: Weezing\n|-damage|p1a: Weezing|176/258\n|drag|p1a: Exeggutor|Exeggutor, L89, F|314/314\n|-activate|p1a: Exeggutor|move: Sticky Web\n|-unboost|p1a: Exeggutor|spe|1\n|-damage|p1a: Exeggutor|262/314|[from] Spikes\n|\n|upkeep\n|turn|15\n|inactive|Time left: 300 sec this turn | 300 sec total\n|\n|t:|1783545671\n|move|p2a: Goodra|Knock Off|p1a: Exeggutor\n|-supereffective|p1a: Exeggutor\n|-damage|p1a: Exeggutor|122/314\n|-enditem|p1a: Exeggutor|Sitrus Berry|[from] move: Knock Off|[of] p2a: Goodra\n|move|p1a: Exeggutor|Psyshock|p2a: Goodra\n|-damage|p2a: Goodra|29/100\n|\n|upkeep\n|turn|16\n|inactive|Time left: 300 sec this turn | 300 sec total\n|\n|t:|1783545672\n|move|p2a: Goodra|Sludge Bomb|p1a: Exeggutor\n|-supereffective|p1a: Exeggutor\n|-damage|p1a: Exeggutor|0 fnt\n|faint|p1a: Exeggutor\n|\n|upkeep\n|inactive|Time left: 300 sec this turn | 300 sec total | 5 sec grace\n|\n|t:|1783545673\n|switch|p1a: Weezing|Weezing, L88, M|176/258\n|turn|17\n|inactive|Time left: 300 sec this turn | 300 sec total\n|\n|t:|1783545675\n|move|p2a: Goodra|Draco Meteor|p1a: Weezing\n|-damage|p1a: Weezing|0 fnt\n|-unboost|p2a: Goodra|spa|2\n|faint|p1a: Weezing\n|\n|upkeep\n|inactive|Time left: 300 sec this turn | 300 sec total | 5 sec grace\n|\n|t:|1783545676\n|switch|p1a: Arceus|Arceus-Dragon, L71|288/288\n|-activate|p1a: Arceus|move: Sticky Web\n|-unboost|p1a: Arceus|spe|1\n|-damage|p1a: Arceus|240/288|[from] Spikes\n|turn|18\n|inactive|Time left: 300 sec this turn | 300 sec total\n|\n|t:|1783545677\n|switch|p2a: Slaking|Slaking, L84, F|67/100\n|move|p1a: Arceus|Dragon Dance|p1a: Arceus\n|-boost|p1a: Arceus|atk|1\n|-boost|p1a: Arceus|spe|1\n|\n|upkeep\n|turn|19\n|inactive|Time left: 300 sec this turn | 300 sec total\n|\n|t:|1783545678\n|-terastallize|p1a: Arceus|Steel\n|move|p2a: Slaking|Giga Impact|p1a: Arceus\n|-resisted|p1a: Arceus\n|-damage|p1a: Arceus|63/288\n|-mustrecharge|p2a: Slaking\n|move|p1a: Arceus|Outrage|p2a: Slaking\n|-damage|p2a: Slaking|24/100\n|\n|upkeep\n|turn|20\n|inactive|Time left: 300 sec this turn | 300 sec total\n|\n|t:|1783545679\n|cant|p2a: Slaking|recharge\n|move|p1a: Arceus|Outrage|p2a: Slaking|[from] lockedmove\n|-damage|p2a: Slaking|0 fnt\n|faint|p2a: Slaking\n|\n|upkeep\n|\n|t:|1783545680\n|switch|p2a: Pachirisu|Pachirisu, L96, F|100/100\n|turn|21\n|inactive|Time left: 300 sec this turn | 300 sec total\n|\n|t:|1783545681\n|move|p2a: Pachirisu|Thunderbolt|p1a: Arceus\n|-damage|p1a: Arceus|0 fnt\n|faint|p1a: Arceus\n|\n|upkeep\n|inactive|Time left: 300 sec this turn | 300 sec total | 5 sec grace\n|\n|t:|1783545682\n|switch|p1a: Dudunsparce|Dudunsparce, L83, F|343/343\n|-activate|p1a: Dudunsparce|move: Sticky Web\n|-unboost|p1a: Dudunsparce|spe|1\n|-damage|p1a: Dudunsparce|286/343|[from] Spikes\n|turn|22\n|inactive|Time left: 300 sec this turn | 300 sec total\n|\n|t:|1783545683\n|switch|p2a: Terrakion|Terrakion, L79|100/100\n|move|p1a: Dudunsparce|Earthquake|p2a: Terrakion\n|-supereffective|p2a: Terrakion\n|-crit|p2a: Terrakion\n|-damage|p2a: Terrakion|19/100\n|\n|-heal|p1a: Dudunsparce|307/343|[from] item: Leftovers\n|upkeep\n|turn|23\n|inactive|Time left: 300 sec this turn | 300 sec total\n|\n|t:|1783545684\n|-terastallize|p2a: Terrakion|Fighting\n|move|p2a: Terrakion|Close Combat|p1a: Dudunsparce\n|-supereffective|p1a: Dudunsparce\n|-damage|p1a: Dudunsparce|0 fnt\n|-unboost|p2a: Terrakion|def|1\n|-unboost|p2a: Terrakion|spd|1\n|faint|p1a: Dudunsparce\n|-damage|p2a: Terrakion|9/100|[from] item: Life Orb\n|\n|upkeep\n|inactive|Time left: 300 sec this turn | 300 sec total | 5 sec grace\n|\n|t:|1783545685\n|switch|p1a: Scovillain|Scovillain, L91, M|266/266\n|-activate|p1a: Scovillain|move: Sticky Web\n|-unboost|p1a: Scovillain|spe|1\n|-damage|p1a: Scovillain|222/266|[from] Spikes\n|turn|24\n|inactive|Time left: 300 sec this turn | 300 sec total\n|\n|t:|1783545686\n|move|p1a: Scovillain|Protect|p1a: Scovillain\n|-singleturn|p1a: Scovillain|Protect\n|move|p2a: Terrakion|Close Combat|p1a: Scovillain\n|-activate|p1a: Scovillain|move: Protect\n|\n|-heal|p1a: Scovillain|238/266|[from] item: Leftovers\n|upkeep\n|turn|25\n|inactive|Time left: 300 sec this turn | 300 sec total\n|\n|t:|1783545687\n|move|p1a: Scovillain|Protect||[still]\n|-fail|p1a: Scovillain\n|move|p2a: Terrakion|Close Combat|p1a: Scovillain\n|-damage|p1a: Scovillain|0 fnt\n|-unboost|p2a: Terrakion|def|1\n|-unboost|p2a: Terrakion|spd|1\n|faint|p1a: Scovillain\n|-damage|p2a: Terrakion|0 fnt|[from] item: Life Orb\n|faint|p2a: Terrakion\n|\n|win|p0y5079da7", "uploadtime": 1783545687, "views": 0, "rating": 0, "private": 0, "password": null, "_winner": "p0y5079da7", "_our_name": "p0x5076008"}