{"id": "battle-gen9randombattle-1074", "formatid": "gen9randombattle", "format": "[Gen 9] Random Battle", "players": ["p0x1074d333", "p0y1074335b"], "log": "|init|battle\n|title|p0x1074d333 vs. p0y1074335b\n|j|\u2606p0x1074d333\n|j|\u2606p0y1074335b\n|t:|1783551645\n|gametype|singles\n|player|p1|p0x1074d333|101|\n|player|p2|p0y1074335b|102|\n|gen|9\n|tier|[Gen 9] Random Battle\n|rule|Species Clause: Limit one of each Pok\u00e9mon\n|rule|HP Percentage Mod: HP is shown in percentages\n|rule|Sleep Clause Mod: Limit one foe put to sleep\n|rule|Illusion Level Mod: Illusion disguises the Pok\u00e9mon's true level\n|\n|t:|1783551645\n|teamsize|p1|6\n|teamsize|p2|6\n|start\n|switch|p1a: Skarmory|Skarmory, L80, M|235/235\n|switch|p2a: Entei|Entei, L78|100/100\n|turn|1\n|inactive|Battle timer is ON: inactive players will automatically lose when time's up. (requested by p0y1074335b)\n|inactive|Time left: 300 sec this turn | 300 sec total | 60 sec grace\n|\n|t:|1783551647\n|switch|p1a: Quaquaval|Quaquaval, L79, F|264/264\n|move|p2a: Entei|Sacred Fire|p1a: Quaquaval\n|-resisted|p1a: Quaquaval\n|-damage|p1a: Quaquaval|176/264\n|-status|p1a: Quaquaval|brn\n|\n|-damage|p1a: Quaquaval|160/264 brn|[from] brn\n|upkeep\n|turn|2\n|inactive|Time left: 300 sec this turn | 300 sec total\n|inactive|p0x1074d333 also wants the timer to be on.\n|\n|t:|1783551648\n|switch|p2a: Luxray|Luxray, L88, M|100/100\n|move|p1a: Quaquaval|Aqua Step|p2a: Luxray\n|-damage|p2a: Luxray|79/100\n|-boost|p1a: Quaquaval|spe|1\n|-damage|p1a: Quaquaval|134/264 brn|[from] item: Life Orb\n|\n|-damage|p1a: Quaquaval|118/264 brn|[from] brn\n|-status|p2a: Luxray|brn|[from] item: Flame Orb\n|upkeep\n|turn|3\n|inactive|Time left: 300 sec this turn | 300 sec total\n|\n|t:|1783551649\n|move|p1a: Quaquaval|Close Combat|p2a: Luxray\n|-damage|p2a: Luxray|46/100 brn\n|-unboost|p1a: Quaquaval|def|1\n|-unboost|p1a: Quaquaval|spd|1\n|-damage|p1a: Quaquaval|92/264 brn|[from] item: Life Orb\n|move|p2a: Luxray|Trailblaze|p1a: Quaquaval\n|-supereffective|p1a: Quaquaval\n|-damage|p1a: Quaquaval|0 fnt\n|-boost|p2a: Luxray|spe|1\n|faint|p1a: Quaquaval\n|\n|-damage|p2a: Luxray|40/100 brn|[from] brn\n|upkeep\n|inactive|Time left: 300 sec this turn | 300 sec total | 5 sec grace\n|\n|t:|1783551650\n|switch|p1a: Dusknoir|Dusknoir, L89, F|225/225\n|-item|p2a: Luxray|Flame Orb|[from] ability: Frisk|[of] p1a: Dusknoir\n|turn|4\n|inactive|Time left: 300 sec this turn | 300 sec total\n|\n|t:|1783551651\n|switch|p2a: Gyarados|Gyarados, L79, F|100/100\n|move|p1a: Dusknoir|Earthquake|p2a: Gyarados\n|-immune|p2a: Gyarados\n|\n|upkeep\n|turn|5\n|inactive|Time left: 300 sec this turn | 300 sec total\n|\n|t:|1783551652\n|move|p2a: Gyarados|Dragon Dance|p2a: Gyarados\n|-boost|p2a: Gyarados|atk|1\n|-boost|p2a: Gyarados|spe|1\n|move|p1a: Dusknoir|Will-O-Wisp|p2a: Gyarados\n|-status|p2a: Gyarados|brn\n|\n|-damage|p2a: Gyarados|94/100 brn|[from] brn\n|upkeep\n|turn|6\n|inactive|Time left: 300 sec this turn | 300 sec total\n|\n|t:|1783551653\n|switch|p1a: Cloyster|Cloyster, L80, F|211/211\n|move|p2a: Gyarados|Dragon Dance|p2a: Gyarados\n|-boost|p2a: Gyarados|atk|1\n|-boost|p2a: Gyarados|spe|1\n|\n|-damage|p2a: Gyarados|88/100 brn|[from] brn\n|upkeep\n|turn|7\n|inactive|Time left: 300 sec this turn | 300 sec total\n|\n|t:|1783551653\n|move|p2a: Gyarados|Waterfall|p1a: Cloyster\n|-resisted|p1a: Cloyster\n|-damage|p1a: Cloyster|184/211\n|move|p1a: Cloyster|Shell Smash|p1a: Cloyster\n|-unboost|p1a: Cloyster|def|1\n|-unboost|p1a: Cloyster|spd|1\n|-boost|p1a: Cloyster|atk|2\n|-boost|p1a: Cloyster|spa|2\n|-boost|p1a: Cloyster|spe|2\n|-enditem|p1a: Cloyster|White Herb\n|-clearnegativeboost|p1a: Cloyster|[silent]\n|\n|-damage|p2a: Gyarados|82/100 brn|[from] brn\n|upkeep\n|turn|8\n|inactive|Time left: 300 sec this turn | 300 sec total\n|\n|t:|1783551654\n|move|p2a: Gyarados|Waterfall|p1a: Cloyster\n|-resisted|p1a: Cloyster\n|-damage|p1a: Cloyster|156/211\n|move|p1a: Cloyster|Icicle Spear|p2a: Gyarados\n|-damage|p2a: Gyarados|64/100 brn\n|-damage|p2a: Gyarados|43/100 brn\n|-damage|p2a: Gyarados|25/100 brn\n|-damage|p2a: Gyarados|5/100 brn\n|-damage|p2a: Gyarados|0 fnt\n|faint|p2a: Gyarados\n|-hitcount|p2: Gyarados|5\n|\n|upkeep\n|\n|t:|1783551655\n|switch|p2a: Gothitelle|Gothitelle, L90, F|100/100\n|turn|9\n|inactive|Time left: 300 sec this turn | 300 sec total\n|\n|t:|1783551656\n|-terastallize|p1a: Cloyster|Ice\n|move|p1a: Cloyster|Icicle Spear|p2a: Gothitelle\n|-damage|p2a: Gothitelle|78/100\n|-damage|p2a: Gothitelle|56/100\n|-damage|p2a: Gothitelle|37/100\n|-damage|p2a: Gothitelle|14/100\n|-damage|p2a: Gothitelle|0 fnt\n|faint|p2a: Gothitelle\n|-hitcount|p2: Gothitelle|5\n|\n|upkeep\n|\n|t:|1783551657\n|switch|p2a: Vaporeon|Vaporeon, L86, F|100/100\n|turn|10\n|inactive|Time left: 300 sec this turn | 300 sec total\n|\n|t:|1783551658\n|move|p1a: Cloyster|Icicle Spear|p2a: Vaporeon\n|-resisted|p2a: Vaporeon\n|-damage|p2a: Vaporeon|89/100\n|-resisted|p2a: Vaporeon\n|-damage|p2a: Vaporeon|78/100\n|-resisted|p2a: Vaporeon\n|-damage|p2a: Vaporeon|67/100\n|-resisted|p2a: Vaporeon\n|-crit|p2a: Vaporeon\n|-damage|p2a: Vaporeon|49/100\n|-resisted|p2a: Vaporeon\n|-damage|p2a: Vaporeon|38/100\n|-hitcount|p2a: Vaporeon|5\n|move|p2a: Vaporeon|Scald|p1a: Cloyster\n|-damage|p1a: Cloyster|0 fnt\n|faint|p1a: Cloyster\n|\n|-heal|p2a: Vaporeon|44/100|[from] item: Leftovers\n|upkeep\n|inactive|Time left: 300 sec this turn | 300 sec total | 5 sec grace\n|\n|t:|1783551659\n|switch|p1a: Espeon|Espeon, L84, F|246/246\n|turn|11\n|inactive|Time left: 300 sec this turn | 300 sec total\n|\n|t:|1783551660\n|move|p1a: Espeon|Psychic|p2a: Vaporeon\n|-damage|p2a: Vaporeon|0 fnt\n|faint|p2a: Vaporeon\n|\n|upkeep\n|\n|t:|1783551661\n|switch|p2a: Entei|Entei, L78|100/100\n|turn|12\n|inactive|Time left: 300 sec this turn | 300 sec total\n|\n|t:|1783551662\n|-terastallize|p2a: Entei|Fire\n|move|p1a: Espeon|Psychic|p2a: Entei\n|-damage|p2a: Entei|35/100\n|move|p2a: Entei|Sacred Fire|p1a: Espeon\n|-damage|p1a: Espeon|0 fnt\n|faint|p1a: Espeon\n|\n|upkeep\n|inactive|Time left: 300 sec this turn | 300 sec total | 5 sec grace\n|\n|t:|1783551663\n|switch|p1a: Dusknoir|Dusknoir, L89, F|225/225\n|-item|p2a: Entei|Choice Band|[from] ability: Frisk|[of] p1a: Dusknoir\n|turn|13\n|inactive|Time left: 300 sec this turn | 300 sec total\n|\n|t:|1783551665\n|move|p2a: Entei|Sacred Fire|p1a: Dusknoir\n|-damage|p1a: Dusknoir|75/225\n|-status|p1a: Dusknoir|brn\n|move|p1a: Dusknoir|Earthquake|p2a: Entei\n|-supereffective|p2a: Entei\n|-damage|p2a: Entei|7/100\n|\n|-heal|p1a: Dusknoir|89/225 brn|[from] item: Leftovers\n|-damage|p1a: Dusknoir|75/225 brn|[from] brn\n|upkeep\n|turn|14\n|inactive|Time left: 300 sec this turn | 300 sec total\n|\n|t:|1783551666\n|move|p2a: Entei|Sacred Fire|p1a: Dusknoir\n|-damage|p1a: Dusknoir|0 fnt\n|faint|p1a: Dusknoir\n|\n|upkeep\n|inactive|Time left: 300 sec this turn | 300 sec total | 5 sec grace\n|\n|t:|1783551667\n|switch|p1a: Chimecho|Chimecho, L93, M|290/290\n|turn|15\n|inactive|Time left: 300 sec this turn | 300 sec total\n|\n|t:|1783551668\n|move|p2a: Entei|Sacred Fire|p1a: Chimecho\n|-damage|p1a: Chimecho|96/290\n|move|p1a: Chimecho|Dazzling Gleam|p2a: Entei\n|-resisted|p2a: Entei\n|-damage|p2a: Entei|0 fnt\n|faint|p2a: Entei\n|\n|-heal|p1a: Chimecho|114/290|[from] item: Leftovers\n|upkeep\n|\n|t:|1783551669\n|switch|p2a: Electivire|Electivire, L84, M|100/100\n|turn|16\n|inactive|Time left: 300 sec this turn | 300 sec total\n|\n|t:|1783551670\n|switch|p1a: Skarmory|Skarmory, L80, M|235/235\n|move|p2a: Electivire|Supercell Slam|p1a: Skarmory\n|-supereffective|p1a: Skarmory\n|-damage|p1a: Skarmory|6/235\n|-damage|p2a: Electivire|91/100|[from] item: Life Orb\n|\n|-heal|p1a: Skarmory|20/235|[from] item: Leftovers\n|upkeep\n|turn|17\n|inactive|Time left: 300 sec this turn | 300 sec total\n|\n|t:|1783551671\n|move|p2a: Electivire|Supercell Slam|p1a: Skarmory\n|-supereffective|p1a: Skarmory\n|-damage|p1a: Skarmory|0 fnt\n|faint|p1a: Skarmory\n|-damage|p2a: Electivire|81/100|[from] item: Life Orb\n|\n|upkeep\n|inactive|Time left: 300 sec this turn | 300 sec total | 5 sec grace\n|\n|t:|1783551672\n|switch|p1a: Chimecho|Chimecho, L93, M|114/290\n|turn|18\n|inactive|Time left: 300 sec this turn | 300 sec total\n|\n|t:|1783551673\n|move|p2a: Electivire|Supercell Slam|p1a: Chimecho\n|-damage|p1a: Chimecho|0 fnt\n|faint|p1a: Chimecho\n|-damage|p2a: Electivire|71/100|[from] item: Life Orb\n|\n|win|p0y1074335b", "uploadtime": 1783551673, "views": 0, "rating": 0, "private": 0, "password": null, "_winner": "p0y1074335b", "_our_name": "p0x1074d333"}