{"id": "battle-gen9randombattle-485", "formatid": "gen9randombattle", "format": "[Gen 9] Random Battle", "players": ["p0x485c160", "p0y4856564"], "log": "|init|battle\n|title|p0x485c160 vs. p0y4856564\n|j|\u2606p0x485c160\n|j|\u2606p0y4856564\n|t:|1783545423\n|gametype|singles\n|player|p1|p0x485c160|169|\n|player|p2|p0y4856564|1|\n|gen|9\n|tier|[Gen 9] Random Battle\n|rule|Species Clause: Limit one of each Pok\u00e9mon\n|rule|HP Percentage Mod: HP is shown in percentages\n|rule|Sleep Clause Mod: Limit one foe put to sleep\n|rule|Illusion Level Mod: Illusion disguises the Pok\u00e9mon's true level\n|\n|t:|1783545423\n|teamsize|p1|6\n|teamsize|p2|6\n|start\n|switch|p1a: Empoleon|Empoleon, L84, F|278/278\n|switch|p2a: Bellossom|Bellossom, L84, M|100/100\n|turn|1\n|inactive|Battle timer is ON: inactive players will automatically lose when time's up. (requested by p0y4856564)\n|inactive|Time left: 300 sec this turn | 300 sec total | 60 sec grace\n|inactive|p0x485c160 also wants the timer to be on.\n|\n|t:|1783545425\n|move|p1a: Empoleon|Stealth Rock|p2a: Bellossom\n|-sidestart|p2: p0y4856564|move: Stealth Rock\n|move|p2a: Bellossom|Quiver Dance|p2a: Bellossom\n|-boost|p2a: Bellossom|spa|1\n|-boost|p2a: Bellossom|spd|1\n|-boost|p2a: Bellossom|spe|1\n|\n|upkeep\n|turn|2\n|inactive|Time left: 300 sec this turn | 300 sec total\n|\n|t:|1783545426\n|move|p2a: Bellossom|Quiver Dance|p2a: Bellossom\n|-boost|p2a: Bellossom|spa|1\n|-boost|p2a: Bellossom|spd|1\n|-boost|p2a: Bellossom|spe|1\n|move|p1a: Empoleon|Yawn|p2a: Bellossom\n|-start|p2a: Bellossom|move: Yawn|[of] p1a: Empoleon\n|\n|upkeep\n|turn|3\n|inactive|Time left: 300 sec this turn | 300 sec total\n|\n|t:|1783545427\n|move|p2a: Bellossom|Quiver Dance|p2a: Bellossom\n|-boost|p2a: Bellossom|spa|1\n|-boost|p2a: Bellossom|spd|1\n|-boost|p2a: Bellossom|spe|1\n|move|p1a: Empoleon|Stealth Rock||[still]\n|-fail|p1a: Empoleon\n|\n|-end|p2a: Bellossom|move: Yawn|[silent]\n|-status|p2a: Bellossom|slp\n|upkeep\n|turn|4\n|inactive|Time left: 300 sec this turn | 300 sec total\n|\n|t:|1783545428\n|cant|p2a: Bellossom|slp\n|move|p1a: Empoleon|Surf|p2a: Bellossom\n|-resisted|p2a: Bellossom\n|-damage|p2a: Bellossom|93/100 slp\n|\n|-heal|p2a: Bellossom|99/100 slp|[from] item: Leftovers\n|upkeep\n|turn|5\n|inactive|Time left: 300 sec this turn | 300 sec total\n|\n|t:|1783545429\n|switch|p1a: Hitmonchan|Hitmonchan, L87, M|229/229\n|-curestatus|p2a: Bellossom|slp|[msg]\n|move|p2a: Bellossom|Giga Drain|p1a: Hitmonchan\n|-damage|p1a: Hitmonchan|67/229\n|-heal|p2a: Bellossom|100/100|[from] drain|[of] p1a: Hitmonchan\n|\n|upkeep\n|turn|6\n|inactive|Time left: 300 sec this turn | 300 sec total\n|\n|t:|1783545431\n|switch|p1a: Virizion|Virizion, L82|283/283\n|move|p2a: Bellossom|Giga Drain|p1a: Virizion\n|-resisted|p1a: Virizion\n|-damage|p1a: Virizion|211/283\n|\n|upkeep\n|turn|7\n|inactive|Time left: 300 sec this turn | 300 sec total\n|\n|t:|1783545432\n|move|p2a: Bellossom|Giga Drain|p1a: Virizion\n|-resisted|p1a: Virizion\n|-damage|p1a: Virizion|146/283\n|move|p1a: Virizion|Swords Dance|p1a: Virizion\n|-boost|p1a: Virizion|atk|2\n|\n|upkeep\n|turn|8\n|inactive|Time left: 300 sec this turn | 300 sec total\n|\n|t:|1783545433\n|-terastallize|p2a: Bellossom|Fire\n|move|p2a: Bellossom|Tera Blast|p1a: Virizion|[anim] Tera Blast Fire\n|-supereffective|p1a: Virizion\n|-damage|p1a: Virizion|0 fnt\n|faint|p1a: Virizion\n|\n|upkeep\n|inactive|Time left: 300 sec this turn | 300 sec total | 5 sec grace\n|\n|t:|1783545434\n|switch|p1a: Empoleon|Empoleon, L84, F|278/278\n|turn|9\n|inactive|Time left: 300 sec this turn | 300 sec total\n|\n|t:|1783545435\n|move|p2a: Bellossom|Tera Blast|p1a: Empoleon|[anim] Tera Blast Fire\n|-damage|p1a: Empoleon|100/278\n|move|p1a: Empoleon|Roost|p1a: Empoleon\n|-heal|p1a: Empoleon|239/278\n|-singleturn|p1a: Empoleon|move: Roost\n|\n|-heal|p1a: Empoleon|256/278|[from] item: Leftovers\n|upkeep\n|turn|10\n|inactive|Time left: 300 sec this turn | 300 sec total\n|\n|t:|1783545436\n|move|p2a: Bellossom|Tera Blast|p1a: Empoleon|[anim] Tera Blast Fire\n|-damage|p1a: Empoleon|72/278\n|move|p1a: Empoleon|Roost|p1a: Empoleon\n|-heal|p1a: Empoleon|211/278\n|-singleturn|p1a: Empoleon|move: Roost\n|\n|-heal|p1a: Empoleon|228/278|[from] item: Leftovers\n|upkeep\n|turn|11\n|inactive|Time left: 300 sec this turn | 300 sec total\n|\n|t:|1783545438\n|move|p2a: Bellossom|Tera Blast|p1a: Empoleon|[anim] Tera Blast Fire\n|-damage|p1a: Empoleon|39/278\n|move|p1a: Empoleon|Roost|p1a: Empoleon\n|-heal|p1a: Empoleon|178/278\n|-singleturn|p1a: Empoleon|move: Roost\n|\n|-heal|p1a: Empoleon|195/278|[from] item: Leftovers\n|upkeep\n|turn|12\n|inactive|Time left: 300 sec this turn | 300 sec total\n|\n|t:|1783545439\n|move|p2a: Bellossom|Tera Blast|p1a: Empoleon|[anim] Tera Blast Fire\n|-damage|p1a: Empoleon|5/278\n|move|p1a: Empoleon|Roost|p1a: Empoleon\n|-heal|p1a: Empoleon|144/278\n|-singleturn|p1a: Empoleon|move: Roost\n|\n|-heal|p1a: Empoleon|161/278|[from] item: Leftovers\n|upkeep\n|turn|13\n|inactive|Time left: 300 sec this turn | 300 sec total\n|\n|t:|1783545440\n|switch|p1a: Hitmonchan|Hitmonchan, L87, M|67/229\n|move|p2a: Bellossom|Tera Blast|p1a: Hitmonchan|[anim] Tera Blast Fire\n|-damage|p1a: Hitmonchan|0 fnt\n|faint|p1a: Hitmonchan\n|\n|upkeep\n|inactive|Time left: 300 sec this turn | 300 sec total | 5 sec grace\n|\n|t:|1783545441\n|switch|p1a: Empoleon|Empoleon, L84, F|161/278\n|turn|14\n|inactive|Time left: 300 sec this turn | 300 sec total\n|\n|t:|1783545442\n|move|p2a: Bellossom|Tera Blast|p1a: Empoleon|[anim] Tera Blast Fire\n|-damage|p1a: Empoleon|0 fnt\n|faint|p1a: Empoleon\n|\n|upkeep\n|inactive|Time left: 300 sec this turn | 300 sec total | 5 sec grace\n|\n|t:|1783545443\n|switch|p1a: Comfey|Comfey, L85, M|225/225\n|turn|15\n|inactive|Time left: 300 sec this turn | 300 sec total\n|\n|t:|1783545444\n|move|p2a: Bellossom|Tera Blast|p1a: Comfey|[anim] Tera Blast Fire\n|-damage|p1a: Comfey|59/225\n|move|p1a: Comfey|Taunt|p2a: Bellossom\n|-start|p2a: Bellossom|move: Taunt\n|\n|-heal|p1a: Comfey|73/225|[from] item: Leftovers\n|upkeep\n|turn|16\n|inactive|Time left: 300 sec this turn | 300 sec total\n|\n|t:|1783545445\n|move|p2a: Bellossom|Tera Blast|p1a: Comfey|[anim] Tera Blast Fire\n|-crit|p1a: Comfey\n|-damage|p1a: Comfey|0 fnt\n|faint|p1a: Comfey\n|\n|upkeep\n|inactive|Time left: 300 sec this turn | 300 sec total | 5 sec grace\n|\n|t:|1783545446\n|switch|p1a: Iron Bundle|Iron Bundle, L78|215/215\n|turn|17\n|inactive|Time left: 300 sec this turn | 300 sec total\n|\n|t:|1783545447\n|-end|p1a: Iron Bundle|Quark Drive|[silent]\n|switch|p1a: Lilligant|Lilligant, L86, F|261/261\n|move|p2a: Bellossom|Tera Blast|p1a: Lilligant|[anim] Tera Blast Fire\n|-supereffective|p1a: Lilligant\n|-damage|p1a: Lilligant|0 fnt\n|faint|p1a: Lilligant\n|\n|upkeep\n|inactive|Time left: 300 sec this turn | 300 sec total | 5 sec grace\n|\n|t:|1783545448\n|switch|p1a: Iron Bundle|Iron Bundle, L78|215/215\n|turn|18\n|inactive|Time left: 300 sec this turn | 300 sec total\n|\n|t:|1783545449\n|-terastallize|p1a: Iron Bundle|Water\n|move|p2a: Bellossom|Giga Drain|p1a: Iron Bundle\n|-supereffective|p1a: Iron Bundle\n|-damage|p1a: Iron Bundle|0 fnt\n|faint|p1a: Iron Bundle\n|-end|p1a: Iron Bundle|Quark Drive|[silent]\n|\n|win|p0y4856564", "uploadtime": 1783545449, "views": 0, "rating": 0, "private": 0, "password": null, "_winner": "p0y4856564", "_our_name": "p0x485c160"}