{"id": "battle-gen9randombattle-525", "formatid": "gen9randombattle", "format": "[Gen 9] Random Battle", "players": ["p0x5253761", "p0y5250d62"], "log": "|init|battle\n|title|p0x5253761 vs. p0y5250d62\n|j|\u2606p0x5253761\n|j|\u2606p0y5250d62\n|t:|1783545141\n|gametype|singles\n|player|p1|p0x5253761|102|\n|player|p2|p0y5250d62|102|\n|gen|9\n|tier|[Gen 9] Random Battle\n|rule|Species Clause: Limit one of each Pok\u00e9mon\n|rule|HP Percentage Mod: HP is shown in percentages\n|rule|Sleep Clause Mod: Limit one foe put to sleep\n|rule|Illusion Level Mod: Illusion disguises the Pok\u00e9mon's true level\n|\n|t:|1783545141\n|teamsize|p1|6\n|teamsize|p2|6\n|start\n|switch|p1a: Qwilfish|Qwilfish-Hisui, L83, M|100/100\n|switch|p2a: Garchomp|Garchomp, L74, M|282/282\n|-ability|p1a: Qwilfish|Intimidate|boost\n|-unboost|p2a: Garchomp|atk|1\n|turn|1\n|inactive|Battle timer is ON: inactive players will automatically lose when time's up. (requested by p0x5253761)\n|inactive|Time left: 300 sec this turn | 300 sec total | 60 sec grace\n|inactive|p0y5250d62 also wants the timer to be on.\n|\n|t:|1783545143\n|move|p2a: Garchomp|Stealth Rock|p1a: Qwilfish\n|-sidestart|p1: p0x5253761|move: Stealth Rock\n|move|p1a: Qwilfish|Spikes|p2a: Garchomp\n|-sidestart|p2: p0y5250d62|Spikes\n|\n|upkeep\n|turn|2\n|inactive|Time left: 300 sec this turn | 300 sec total\n|\n|t:|1783545144\n|move|p2a: Garchomp|Earthquake|p1a: Qwilfish\n|-supereffective|p1a: Qwilfish\n|-damage|p1a: Qwilfish|61/100\n|move|p1a: Qwilfish|Spikes|p2a: Garchomp\n|-sidestart|p2: p0y5250d62|Spikes\n|\n|upkeep\n|turn|3\n|inactive|Time left: 300 sec this turn | 300 sec total\n|\n|t:|1783545145\n|switch|p1a: Leavanny|Leavanny, L86, F|100/100\n|move|p2a: Garchomp|Outrage|p1a: Leavanny\n|-damage|p1a: Leavanny|69/100\n|\n|upkeep\n|turn|4\n|inactive|Time left: 300 sec this turn | 300 sec total\n|\n|t:|1783545147\n|move|p1a: Leavanny|Sticky Web|p2a: Garchomp\n|-sidestart|p2: p0y5250d62|move: Sticky Web\n|move|p2a: Garchomp|Outrage|p1a: Leavanny|[from] lockedmove\n|-damage|p1a: Leavanny|38/100\n|-start|p2a: Garchomp|confusion|[fatigue]\n|\n|upkeep\n|turn|5\n|inactive|Time left: 300 sec this turn | 300 sec total\n|\n|t:|1783545148\n|switch|p2a: Tornadus|Tornadus-Therian, L79, M|254/254\n|move|p1a: Leavanny|Knock Off|p2a: Tornadus\n|-damage|p2a: Tornadus|171/254\n|-enditem|p2a: Tornadus|Heavy-Duty Boots|[from] move: Knock Off|[of] p1a: Leavanny\n|\n|upkeep\n|turn|6\n|inactive|Time left: 300 sec this turn | 300 sec total\n|\n|t:|1783545149\n|switch|p1a: Dewgong|Dewgong, L94, M|100/100\n|move|p2a: Tornadus|Bleakwind Storm|p1a: Dewgong|[miss]\n|-miss|p2a: Tornadus|p1a: Dewgong\n|\n|upkeep\n|turn|7\n|inactive|Time left: 300 sec this turn | 300 sec total\n|\n|t:|1783545150\n|switch|p2a: Toxapex|Toxapex, L82, F|216/216\n|-damage|p2a: Toxapex|180/216|[from] Spikes\n|-activate|p2a: Toxapex|move: Sticky Web\n|-unboost|p2a: Toxapex|spe|1\n|move|p1a: Dewgong|Triple Axel|p2a: Toxapex\n|-resisted|p2a: Toxapex\n|-damage|p2a: Toxapex|173/216\n|-resisted|p2a: Toxapex\n|-damage|p2a: Toxapex|160/216\n|-resisted|p2a: Toxapex\n|-damage|p2a: Toxapex|138/216\n|-hitcount|p2a: Toxapex|3\n|\n|-heal|p2a: Toxapex|151/216|[from] item: Leftovers\n|upkeep\n|turn|8\n|inactive|Time left: 300 sec this turn | 300 sec total\n|\n|t:|1783545151\n|move|p1a: Dewgong|Triple Axel|p2a: Toxapex\n|-resisted|p2a: Toxapex\n|-damage|p2a: Toxapex|145/216\n|-resisted|p2a: Toxapex\n|-damage|p2a: Toxapex|132/216\n|-hitcount|p2a: Toxapex|2\n|move|p2a: Toxapex|Recover|p2a: Toxapex\n|-heal|p2a: Toxapex|216/216\n|\n|upkeep\n|turn|9\n|inactive|Time left: 300 sec this turn | 300 sec total\n|\n|t:|1783545152\n|move|p1a: Dewgong|Triple Axel|p2a: Toxapex\n|-resisted|p2a: Toxapex\n|-damage|p2a: Toxapex|208/216\n|-resisted|p2a: Toxapex\n|-damage|p2a: Toxapex|195/216\n|-resisted|p2a: Toxapex\n|-crit|p2a: Toxapex\n|-damage|p2a: Toxapex|165/216\n|-hitcount|p2a: Toxapex|3\n|move|p2a: Toxapex|Toxic Spikes|p1a: Dewgong\n|-sidestart|p1: p0x5253761|move: Toxic Spikes\n|\n|-heal|p2a: Toxapex|178/216|[from] item: Leftovers\n|upkeep\n|turn|10\n|inactive|Time left: 300 sec this turn | 300 sec total\n|\n|t:|1783545153\n|move|p1a: Dewgong|Triple Axel|p2a: Toxapex\n|-resisted|p2a: Toxapex\n|-damage|p2a: Toxapex|172/216\n|-resisted|p2a: Toxapex\n|-damage|p2a: Toxapex|157/216\n|-resisted|p2a: Toxapex\n|-damage|p2a: Toxapex|136/216\n|-hitcount|p2a: Toxapex|3\n|move|p2a: Toxapex|Haze|p2a: Toxapex\n|-clearallboost\n|\n|-heal|p2a: Toxapex|149/216|[from] item: Leftovers\n|upkeep\n|turn|11\n|inactive|Time left: 300 sec this turn | 300 sec total\n|\n|t:|1783545154\n|move|p1a: Dewgong|Triple Axel|p2a: Toxapex\n|-resisted|p2a: Toxapex\n|-damage|p2a: Toxapex|142/216\n|-resisted|p2a: Toxapex\n|-damage|p2a: Toxapex|128/216\n|-resisted|p2a: Toxapex\n|-damage|p2a: Toxapex|107/216\n|-hitcount|p2a: Toxapex|3\n|move|p2a: Toxapex|Toxic Spikes|p1a: Dewgong\n|-sidestart|p1: p0x5253761|move: Toxic Spikes\n|\n|-heal|p2a: Toxapex|120/216|[from] item: Leftovers\n|upkeep\n|turn|12\n|inactive|Time left: 300 sec this turn | 300 sec total\n|\n|t:|1783545155\n|move|p1a: Dewgong|Triple Axel|p2a: Toxapex\n|-resisted|p2a: Toxapex\n|-damage|p2a: Toxapex|114/216\n|-resisted|p2a: Toxapex\n|-damage|p2a: Toxapex|100/216\n|-resisted|p2a: Toxapex\n|-damage|p2a: Toxapex|79/216\n|-hitcount|p2a: Toxapex|3\n|move|p2a: Toxapex|Recover|p2a: Toxapex\n|-heal|p2a: Toxapex|187/216\n|\n|-heal|p2a: Toxapex|200/216|[from] item: Leftovers\n|upkeep\n|turn|13\n|inactive|Time left: 300 sec this turn | 300 sec total\n|\n|t:|1783545156\n|switch|p1a: Qwilfish|Qwilfish-Hisui, L83, M|61/100\n|-damage|p1a: Qwilfish|49/100|[from] Stealth Rock\n|-sideend|p1: p0x5253761|move: Toxic Spikes|[of] p1a: Qwilfish\n|-ability|p1a: Qwilfish|Intimidate|boost\n|-unboost|p2a: Toxapex|atk|1\n|move|p2a: Toxapex|Liquidation|p1a: Qwilfish\n|-damage|p1a: Qwilfish|37/100\n|\n|-heal|p2a: Toxapex|213/216|[from] item: Leftovers\n|upkeep\n|turn|14\n|inactive|Time left: 300 sec this turn | 300 sec total\n|\n|t:|1783545157\n|move|p1a: Qwilfish|Spikes|p2a: Toxapex\n|-sidestart|p2: p0y5250d62|Spikes\n|move|p2a: Toxapex|Haze|p2a: Toxapex\n|-clearallboost\n|\n|-heal|p2a: Toxapex|216/216|[from] item: Leftovers\n|upkeep\n|turn|15\n|inactive|Time left: 300 sec this turn | 300 sec total\n|\n|t:|1783545158\n|move|p1a: Qwilfish|Crunch|p2a: Toxapex\n|-crit|p2a: Toxapex\n|-damage|p2a: Toxapex|132/216\n|move|p2a: Toxapex|Liquidation|p1a: Qwilfish\n|-damage|p1a: Qwilfish|19/100\n|\n|-heal|p2a: Toxapex|145/216|[from] item: Leftovers\n|upkeep\n|turn|16\n|inactive|Time left: 300 sec this turn | 300 sec total\n|\n|t:|1783545158\n|move|p1a: Qwilfish|Crunch|p2a: Toxapex\n|-damage|p2a: Toxapex|91/216\n|move|p2a: Toxapex|Toxic Spikes|p1a: Qwilfish\n|-sidestart|p1: p0x5253761|move: Toxic Spikes\n|\n|-heal|p2a: Toxapex|104/216|[from] item: Leftovers\n|upkeep\n|turn|17\n|inactive|Time left: 300 sec this turn | 300 sec total\n|\n|t:|1783545160\n|move|p1a: Qwilfish|Crunch|p2a: Toxapex\n|-damage|p2a: Toxapex|47/216\n|move|p2a: Toxapex|Liquidation|p1a: Qwilfish\n|-damage|p1a: Qwilfish|0 fnt\n|faint|p1a: Qwilfish\n|\n|-heal|p2a: Toxapex|60/216|[from] item: Leftovers\n|upkeep\n|\n|t:|1783545161\n|switch|p1a: Azelf|Azelf, L82|100/100\n|-damage|p1a: Azelf|88/100|[from] Stealth Rock\n|turn|18\n|inactive|Time left: 300 sec this turn | 300 sec total\n|\n|t:|1783545162\n|move|p1a: Azelf|Psyshock|p2a: Toxapex\n|-supereffective|p2a: Toxapex\n|-damage|p2a: Toxapex|0 fnt\n|faint|p2a: Toxapex\n|-damage|p1a: Azelf|78/100|[from] item: Life Orb\n|\n|upkeep\n|inactive|Time left: 300 sec this turn | 300 sec total | 5 sec grace\n|\n|t:|1783545163\n|switch|p2a: Tornadus|Tornadus-Therian, L79, M|254/254\n|turn|19\n|inactive|Time left: 300 sec this turn | 300 sec total\n|\n|t:|1783545164\n|move|p2a: Tornadus|Nasty Plot|p2a: Tornadus\n|-boost|p2a: Tornadus|spa|2\n|move|p1a: Azelf|Nasty Plot|p1a: Azelf\n|-boost|p1a: Azelf|spa|2\n|\n|upkeep\n|turn|20\n|inactive|Time left: 300 sec this turn | 300 sec total\n|\n|t:|1783545165\n|move|p2a: Tornadus|Bleakwind Storm|p1a: Azelf\n|-damage|p1a: Azelf|0 fnt\n|faint|p1a: Azelf\n|\n|upkeep\n|\n|t:|1783545166\n|switch|p1a: Dewgong|Dewgong, L94, M|100/100\n|turn|21\n|inactive|Time left: 300 sec this turn | 300 sec total\n|\n|t:|1783545167\n|move|p2a: Tornadus|Grass Knot|p1a: Dewgong\n|-supereffective|p1a: Dewgong\n|-damage|p1a: Dewgong|33/100\n|move|p1a: Dewgong|Triple Axel|p2a: Tornadus\n|-supereffective|p2a: Tornadus\n|-crit|p2a: Tornadus\n|-damage|p2a: Tornadus|180/254\n|-supereffective|p2a: Tornadus\n|-damage|p2a: Tornadus|90/254\n|-supereffective|p2a: Tornadus\n|-damage|p2a: Tornadus|0 fnt\n|faint|p2a: Tornadus\n|-hitcount|p2: Tornadus|3\n|\n|upkeep\n|inactive|Time left: 300 sec this turn | 300 sec total | 5 sec grace\n|\n|t:|1783545168\n|switch|p2a: Suicune|Suicune, L82|298/298\n|-damage|p2a: Suicune|224/298|[from] Spikes\n|-activate|p2a: Suicune|move: Sticky Web\n|-unboost|p2a: Suicune|spe|1\n|-ability|p2a: Suicune|Pressure\n|turn|22\n|inactive|Time left: 300 sec this turn | 300 sec total\n|\n|t:|1783545168\n|move|p1a: Dewgong|Triple Axel|p2a: Suicune|[miss]\n|-miss|p1a: Dewgong|p2a: Suicune\n|move|p2a: Suicune|Calm Mind|p2a: Suicune\n|-boost|p2a: Suicune|spa|1\n|-boost|p2a: Suicune|spd|1\n|\n|-heal|p2a: Suicune|242/298|[from] item: Leftovers\n|upkeep\n|turn|23\n|inactive|Time left: 300 sec this turn | 300 sec total\n|\n|t:|1783545169\n|move|p1a: Dewgong|Encore|p2a: Suicune\n|-start|p2a: Suicune|Encore\n|move|p2a: Suicune|Calm Mind|p2a: Suicune\n|-boost|p2a: Suicune|spa|1\n|-boost|p2a: Suicune|spd|1\n|\n|-heal|p2a: Suicune|260/298|[from] item: Leftovers\n|upkeep\n|turn|24\n|inactive|Time left: 300 sec this turn | 300 sec total\n|\n|t:|1783545170\n|switch|p1a: Leavanny|Leavanny, L86, F|38/100\n|move|p2a: Suicune|Calm Mind|p2a: Suicune\n|-boost|p2a: Suicune|spa|1\n|-boost|p2a: Suicune|spd|1\n|\n|-heal|p2a: Suicune|278/298|[from] item: Leftovers\n|upkeep\n|turn|25\n|inactive|Time left: 300 sec this turn | 300 sec total\n|\n|t:|1783545171\n|move|p1a: Leavanny|Leaf Blade|p2a: Suicune\n|-supereffective|p2a: Suicune\n|-damage|p2a: Suicune|90/298\n|move|p2a: Suicune|Calm Mind|p2a: Suicune\n|-boost|p2a: Suicune|spa|1\n|-boost|p2a: Suicune|spd|1\n|\n|-heal|p2a: Suicune|108/298|[from] item: Leftovers\n|-end|p2a: Suicune|Encore\n|upkeep\n|turn|26\n|inactive|Time left: 300 sec this turn | 300 sec total\n|\n|t:|1783545172\n|-terastallize|p2a: Suicune|Steel\n|move|p1a: Leavanny|Knock Off|p2a: Suicune\n|-damage|p2a: Suicune|50/298\n|-enditem|p2a: Suicune|Leftovers|[from] move: Knock Off|[of] p1a: Leavanny\n|move|p2a: Suicune|Ice Beam|p1a: Leavanny\n|-supereffective|p1a: Leavanny\n|-damage|p1a: Leavanny|0 fnt\n|faint|p1a: Leavanny\n|\n|upkeep\n|\n|t:|1783545173\n|switch|p1a: Dewgong|Dewgong, L94, M|33/100\n|turn|27\n|inactive|Time left: 300 sec this turn | 300 sec total\n|\n|t:|1783545174\n|move|p1a: Dewgong|Triple Axel|p2a: Suicune\n|-resisted|p2a: Suicune\n|-damage|p2a: Suicune|41/298\n|-resisted|p2a: Suicune\n|-damage|p2a: Suicune|23/298\n|-resisted|p2a: Suicune\n|-damage|p2a: Suicune|0 fnt\n|faint|p2a: Suicune\n|-hitcount|p2: Suicune|3\n|\n|upkeep\n|inactive|Time left: 300 sec this turn | 300 sec total | 5 sec grace\n|\n|t:|1783545175\n|switch|p2a: Munkidori|Munkidori, L79, M|269/269\n|-damage|p2a: Munkidori|202/269|[from] Spikes\n|-activate|p2a: Munkidori|move: Sticky Web\n|-unboost|p2a: Munkidori|spe|1\n|turn|28\n|inactive|Time left: 300 sec this turn | 300 sec total\n|\n|t:|1783545176\n|move|p1a: Dewgong|Triple Axel|p2a: Munkidori\n|-damage|p2a: Munkidori|177/269\n|-damage|p2a: Munkidori|126/269\n|-damage|p2a: Munkidori|51/269\n|-hitcount|p2a: Munkidori|3\n|move|p2a: Munkidori|Psyshock|p1a: Dewgong\n|-damage|p1a: Dewgong|0 fnt\n|faint|p1a: Dewgong\n|\n|upkeep\n|\n|t:|1783545177\n|switch|p1a: Persian|Persian, L92, F|100/100\n|-damage|p1a: Persian|88/100|[from] Stealth Rock\n|-status|p1a: Persian|psn\n|turn|29\n|inactive|Time left: 300 sec this turn | 300 sec total\n|\n|t:|1783545178\n|move|p1a: Persian|U-turn|p2a: Munkidori\n|-damage|p2a: Munkidori|0 fnt\n|faint|p2a: Munkidori\n|\n|t:|1783545179\n|switch|p1a: Comfey|Comfey, L85, M|100/100|[from] U-turn\n|-damage|p1a: Comfey|88/100|[from] Stealth Rock\n|-status|p1a: Comfey|psn\n|\n|-heal|p1a: Comfey|94/100 psn|[from] item: Leftovers\n|-damage|p1a: Comfey|82/100 psn|[from] psn\n|upkeep\n|inactive|Time left: 300 sec this turn | 300 sec total | 10 sec grace\n|\n|t:|1783545180\n|switch|p2a: Zangoose|Zangoose, L85, M|263/263\n|-damage|p2a: Zangoose|198/263|[from] Spikes\n|-activate|p2a: Zangoose|move: Sticky Web\n|-unboost|p2a: Zangoose|spe|1\n|turn|30\n|inactive|Time left: 300 sec this turn | 300 sec total\n|\n|t:|1783545181\n|-terastallize|p1a: Comfey|Ground\n|move|p1a: Comfey|Tera Blast|p2a: Zangoose|[anim] Tera Blast Ground\n|-damage|p2a: Zangoose|98/263\n|move|p2a: Zangoose|Knock Off|p1a: Comfey\n|-damage|p1a: Comfey|47/100 psn\n|-enditem|p1a: Comfey|Leftovers|[from] move: Knock Off|[of] p2a: Zangoose\n|\n|-damage|p1a: Comfey|34/100 psn|[from] psn\n|-status|p2a: Zangoose|tox|[from] item: Toxic Orb\n|upkeep\n|turn|31\n|inactive|Time left: 300 sec this turn | 300 sec total\n|\n|t:|1783545182\n|move|p1a: Comfey|Tera Blast|p2a: Zangoose|[anim] Tera Blast Ground\n|-damage|p2a: Zangoose|0 fnt\n|faint|p2a: Zangoose\n|\n|-damage|p1a: Comfey|22/100 psn|[from] psn\n|upkeep\n|inactive|Time left: 300 sec this turn | 300 sec total | 5 sec grace\n|\n|t:|1783545183\n|switch|p2a: Garchomp|Garchomp, L74, M|282/282\n|-damage|p2a: Garchomp|212/282|[from] Spikes\n|-activate|p2a: Garchomp|move: Sticky Web\n|-unboost|p2a: Garchomp|spe|1\n|turn|32\n|inactive|Time left: 300 sec this turn | 300 sec total\n|\n|t:|1783545183\n|move|p1a: Comfey|Draining Kiss|p2a: Garchomp\n|-supereffective|p2a: Garchomp\n|-damage|p2a: Garchomp|98/282\n|-heal|p1a: Comfey|60/100 psn|[from] drain|[of] p2a: Garchomp\n|-damage|p1a: Comfey|48/100 psn|[from] ability: Rough Skin|[of] p2a: Garchomp\n|-damage|p1a: Comfey|31/100 psn|[from] item: Rocky Helmet|[of] p2a: Garchomp\n|move|p2a: Garchomp|Spikes|p1a: Comfey\n|-sidestart|p1: p0x5253761|Spikes\n|\n|-damage|p1a: Comfey|19/100 psn|[from] psn\n|upkeep\n|turn|33\n|inactive|Time left: 300 sec this turn | 300 sec total\n|\n|t:|1783545184\n|move|p1a: Comfey|Draining Kiss|p2a: Garchomp\n|-supereffective|p2a: Garchomp\n|-damage|p2a: Garchomp|0 fnt\n|-heal|p1a: Comfey|52/100 psn|[from] drain|[of] p2a: Garchomp\n|-damage|p1a: Comfey|39/100 psn|[from] ability: Rough Skin|[of] p2a: Garchomp\n|-damage|p1a: Comfey|23/100 psn|[from] item: Rocky Helmet|[of] p2a: Garchomp\n|faint|p2a: Garchomp\n|\n|win|p0x5253761", "uploadtime": 1783545184, "views": 0, "rating": 0, "private": 0, "password": null, "_winner": "p0x5253761", "_our_name": "p0y5250d62"}