{"id": "battle-gen9randombattle-1985", "formatid": "gen9randombattle", "format": "[Gen 9] Random Battle", "players": ["p0x19854ea0", "p0y19854f59"], "log": "|init|battle\n|title|p0x19854ea0 vs. p0y19854f59\n|j|\u2606p0x19854ea0\n|j|\u2606p0y19854f59\n|t:|1783562967\n|gametype|singles\n|player|p1|p0x19854ea0|169|\n|player|p2|p0y19854f59|170|\n|gen|9\n|tier|[Gen 9] Random Battle\n|rule|Species Clause: Limit one of each Pok\u00e9mon\n|rule|HP Percentage Mod: HP is shown in percentages\n|rule|Sleep Clause Mod: Limit one foe put to sleep\n|rule|Illusion Level Mod: Illusion disguises the Pok\u00e9mon's true level\n|\n|t:|1783562967\n|teamsize|p1|6\n|teamsize|p2|6\n|start\n|switch|p1a: Copperajah|Copperajah, L86, F|100/100\n|switch|p2a: Raikou|Raikou, L81|278/278\n|-ability|p2a: Raikou|Pressure\n|turn|1\n|inactive|Battle timer is ON: inactive players will automatically lose when time's up. (requested by p0x19854ea0)\n|inactive|Time left: 300 sec this turn | 300 sec total | 60 sec grace\n|inactive|p0y19854f59 also wants the timer to be on.\n|\n|t:|1783562969\n|move|p2a: Raikou|Thunderbolt|p1a: Copperajah\n|-damage|p1a: Copperajah|64/100\n|move|p1a: Copperajah|Play Rough|p2a: Raikou\n|-damage|p2a: Raikou|121/278\n|\n|-heal|p2a: Raikou|138/278|[from] item: Leftovers\n|upkeep\n|turn|2\n|inactive|Time left: 300 sec this turn | 300 sec total\n|\n|t:|1783562970\n|move|p2a: Raikou|Thunderbolt|p1a: Copperajah\n|-damage|p1a: Copperajah|29/100\n|move|p1a: Copperajah|Play Rough|p2a: Raikou\n|-damage|p2a: Raikou|0 fnt\n|faint|p2a: Raikou\n|\n|upkeep\n|inactive|Time left: 300 sec this turn | 300 sec total | 5 sec grace\n|\n|t:|1783562971\n|switch|p2a: Walking Wake|Walking Wake, L79|286/286\n|turn|3\n|inactive|Time left: 300 sec this turn | 300 sec total\n|\n|t:|1783562972\n|switch|p1a: Blastoise|Blastoise, L80, M|100/100\n|move|p2a: Walking Wake|Flamethrower|p1a: Blastoise\n|-resisted|p1a: Blastoise\n|-crit|p1a: Blastoise\n|-damage|p1a: Blastoise|75/100\n|\n|upkeep\n|turn|4\n|inactive|Time left: 300 sec this turn | 300 sec total\n|\n|t:|1783562973\n|move|p2a: Walking Wake|Flamethrower|p1a: Blastoise\n|-resisted|p1a: Blastoise\n|-damage|p1a: Blastoise|57/100\n|move|p1a: Blastoise|Shell Smash|p1a: Blastoise\n|-unboost|p1a: Blastoise|def|1\n|-unboost|p1a: Blastoise|spd|1\n|-boost|p1a: Blastoise|atk|2\n|-boost|p1a: Blastoise|spa|2\n|-boost|p1a: Blastoise|spe|2\n|-enditem|p1a: Blastoise|White Herb\n|-clearnegativeboost|p1a: Blastoise|[silent]\n|\n|upkeep\n|turn|5\n|inactive|Time left: 300 sec this turn | 300 sec total\n|\n|t:|1783562974\n|move|p1a: Blastoise|Earthquake|p2a: Walking Wake\n|-damage|p2a: Walking Wake|175/286\n|move|p2a: Walking Wake|Flamethrower|p1a: Blastoise\n|-resisted|p1a: Blastoise\n|-damage|p1a: Blastoise|38/100\n|\n|upkeep\n|turn|6\n|inactive|Time left: 300 sec this turn | 300 sec total\n|\n|t:|1783562975\n|move|p1a: Blastoise|Earthquake|p2a: Walking Wake\n|-damage|p2a: Walking Wake|52/286\n|move|p2a: Walking Wake|Flamethrower|p1a: Blastoise\n|-resisted|p1a: Blastoise\n|-damage|p1a: Blastoise|19/100\n|\n|upkeep\n|turn|7\n|inactive|Time left: 300 sec this turn | 300 sec total\n|\n|t:|1783562976\n|-end|p2a: Walking Wake|Protosynthesis|[silent]\n|switch|p2a: Decidueye|Decidueye, L88, M|281/281\n|move|p1a: Blastoise|Ice Beam|p2a: Decidueye\n|-supereffective|p2a: Decidueye\n|-damage|p2a: Decidueye|83/281\n|\n|upkeep\n|turn|8\n|inactive|Time left: 300 sec this turn | 300 sec total\n|\n|t:|1783562978\n|move|p2a: Decidueye|Shadow Sneak|p1a: Blastoise\n|-damage|p1a: Blastoise|0 fnt\n|faint|p1a: Blastoise\n|-damage|p2a: Decidueye|55/281|[from] item: Life Orb\n|\n|upkeep\n|\n|t:|1783562979\n|switch|p1a: Cobalion|Cobalion, L80|100/100\n|turn|9\n|inactive|Time left: 300 sec this turn | 300 sec total\n|\n|t:|1783562980\n|move|p1a: Cobalion|Flash Cannon|p2a: Decidueye\n|-damage|p2a: Decidueye|0 fnt\n|faint|p2a: Decidueye\n|\n|upkeep\n|inactive|Time left: 300 sec this turn | 300 sec total | 5 sec grace\n|\n|t:|1783562981\n|switch|p2a: Sawsbuck|Sawsbuck-Autumn, L88, M|284/284\n|turn|10\n|inactive|Time left: 300 sec this turn | 300 sec total\n|\n|t:|1783562982\n|move|p1a: Cobalion|Aura Sphere|p2a: Sawsbuck\n|-supereffective|p2a: Sawsbuck\n|-damage|p2a: Sawsbuck|114/284\n|move|p2a: Sawsbuck|Swords Dance|p2a: Sawsbuck\n|-boost|p2a: Sawsbuck|atk|2\n|\n|upkeep\n|turn|11\n|inactive|Time left: 300 sec this turn | 300 sec total\n|\n|t:|1783562983\n|-terastallize|p2a: Sawsbuck|Ground\n|move|p1a: Cobalion|Aura Sphere|p2a: Sawsbuck\n|-damage|p2a: Sawsbuck|30/284\n|move|p2a: Sawsbuck|High Horsepower|p1a: Cobalion\n|-supereffective|p1a: Cobalion\n|-damage|p1a: Cobalion|0 fnt\n|faint|p1a: Cobalion\n|-damage|p2a: Sawsbuck|2/284|[from] item: Life Orb\n|\n|upkeep\n|\n|t:|1783562984\n|switch|p1a: Talonflame|Talonflame, L83, M|100/100\n|turn|12\n|inactive|Time left: 300 sec this turn | 300 sec total\n|\n|t:|1783562985\n|switch|p2a: Bastiodon|Bastiodon, L89, F|252/252\n|move|p1a: Talonflame|Brave Bird|p2a: Bastiodon\n|-resisted|p2a: Bastiodon\n|-damage|p2a: Bastiodon|237/252\n|-damage|p1a: Talonflame|99/100|[from] Recoil\n|\n|upkeep\n|turn|13\n|inactive|Time left: 300 sec this turn | 300 sec total\n|\n|t:|1783562986\n|move|p1a: Talonflame|Will-O-Wisp|p2a: Bastiodon\n|-status|p2a: Bastiodon|brn\n|move|p2a: Bastiodon|Iron Defense|p2a: Bastiodon\n|-boost|p2a: Bastiodon|def|2\n|\n|-damage|p2a: Bastiodon|222/252 brn|[from] brn\n|upkeep\n|turn|14\n|inactive|Time left: 300 sec this turn | 300 sec total\n|\n|t:|1783562987\n|switch|p1a: Annihilape|Annihilape, L76, M|100/100\n|move|p2a: Bastiodon|Rest|p2a: Bastiodon\n|-status|p2a: Bastiodon|slp|[from] move: Rest\n|-heal|p2a: Bastiodon|252/252 slp|[silent]\n|-enditem|p2a: Bastiodon|Chesto Berry|[eat]\n|-curestatus|p2a: Bastiodon|slp|[msg]\n|\n|upkeep\n|turn|15\n|inactive|Time left: 300 sec this turn | 300 sec total\n|\n|t:|1783562988\n|move|p1a: Annihilape|Bulk Up|p1a: Annihilape\n|-boost|p1a: Annihilape|atk|1\n|-boost|p1a: Annihilape|def|1\n|move|p2a: Bastiodon|Iron Defense|p2a: Bastiodon\n|-boost|p2a: Bastiodon|def|2\n|\n|upkeep\n|turn|16\n|inactive|Time left: 300 sec this turn | 300 sec total\n|\n|t:|1783562989\n|move|p1a: Annihilape|Bulk Up|p1a: Annihilape\n|-boost|p1a: Annihilape|atk|1\n|-boost|p1a: Annihilape|def|1\n|move|p2a: Bastiodon|Foul Play|p1a: Annihilape\n|-damage|p1a: Annihilape|73/100\n|\n|upkeep\n|turn|17\n|inactive|Time left: 300 sec this turn | 300 sec total\n|\n|t:|1783562990\n|move|p1a: Annihilape|Drain Punch|p2a: Bastiodon\n|-supereffective|p2a: Bastiodon\n|-damage|p2a: Bastiodon|128/252\n|-heal|p1a: Annihilape|94/100|[from] drain|[of] p2a: Bastiodon\n|move|p2a: Bastiodon|Foul Play|p1a: Annihilape\n|-damage|p1a: Annihilape|64/100\n|\n|upkeep\n|turn|18\n|inactive|Time left: 300 sec this turn | 300 sec total\n|\n|t:|1783562991\n|switch|p2a: Sawsbuck|Sawsbuck-Autumn, L88, M, tera:Ground|2/284\n|move|p1a: Annihilape|Drain Punch|p2a: Sawsbuck\n|-damage|p2a: Sawsbuck|0 fnt\n|-heal|p1a: Annihilape|64/100|[from] drain|[of] p2a: Sawsbuck\n|faint|p2a: Sawsbuck\n|\n|upkeep\n|inactive|Time left: 300 sec this turn | 300 sec total | 5 sec grace\n|\n|t:|1783562992\n|switch|p2a: Walking Wake|Walking Wake, L79|52/286\n|turn|19\n|inactive|Time left: 300 sec this turn | 300 sec total\n|\n|t:|1783562992\n|move|p2a: Walking Wake|Draco Meteor|p1a: Annihilape\n|-damage|p1a: Annihilape|0 fnt\n|-unboost|p2a: Walking Wake|spa|2\n|faint|p1a: Annihilape\n|\n|upkeep\n|\n|t:|1783562993\n|switch|p1a: Feraligatr|Feraligatr, L79, M|100/100\n|turn|20\n|inactive|Time left: 300 sec this turn | 300 sec total\n|\n|t:|1783562994\n|move|p2a: Walking Wake|Draco Meteor|p1a: Feraligatr|[miss]\n|-miss|p2a: Walking Wake|p1a: Feraligatr\n|move|p1a: Feraligatr|Dragon Dance|p1a: Feraligatr\n|-boost|p1a: Feraligatr|atk|1\n|-boost|p1a: Feraligatr|spe|1\n|\n|upkeep\n|turn|21\n|inactive|Time left: 300 sec this turn | 300 sec total\n|\n|t:|1783562995\n|move|p1a: Feraligatr|Liquidation|p2a: Walking Wake\n|-resisted|p2a: Walking Wake\n|-damage|p2a: Walking Wake|0 fnt\n|faint|p2a: Walking Wake\n|-end|p2a: Walking Wake|Protosynthesis|[silent]\n|\n|upkeep\n|inactive|Time left: 300 sec this turn | 300 sec total | 5 sec grace\n|\n|t:|1783562996\n|switch|p2a: Electrode|Electrode, L92|260/260\n|turn|22\n|inactive|Time left: 300 sec this turn | 300 sec total\n|\n|t:|1783562997\n|-terastallize|p1a: Feraligatr|Grass\n|move|p2a: Electrode|Thunderbolt|p1a: Feraligatr\n|-resisted|p1a: Feraligatr\n|-damage|p1a: Feraligatr|74/100\n|-damage|p2a: Electrode|234/260|[from] item: Life Orb\n|move|p1a: Feraligatr|Liquidation|p2a: Electrode\n|-damage|p2a: Electrode|8/260\n|\n|upkeep\n|turn|23\n|inactive|Time left: 300 sec this turn | 300 sec total\n|\n|t:|1783562998\n|move|p2a: Electrode|Thunderbolt|p1a: Feraligatr\n|-resisted|p1a: Feraligatr\n|-damage|p1a: Feraligatr|46/100\n|-status|p1a: Feraligatr|par\n|-damage|p2a: Electrode|0 fnt|[from] item: Life Orb\n|faint|p2a: Electrode\n|cant|p1a: Feraligatr|par\n|\n|upkeep\n|inactive|Time left: 300 sec this turn | 300 sec total | 5 sec grace\n|\n|t:|1783562999\n|switch|p2a: Bastiodon|Bastiodon, L89, F|128/252\n|turn|24\n|inactive|Time left: 300 sec this turn | 300 sec total\n|\n|t:|1783563000\n|move|p1a: Feraligatr|Liquidation|p2a: Bastiodon\n|-supereffective|p2a: Bastiodon\n|-damage|p2a: Bastiodon|0 fnt\n|faint|p2a: Bastiodon\n|\n|win|p0x19854ea0", "uploadtime": 1783563000, "views": 0, "rating": 0, "private": 0, "password": null, "_winner": "p0x19854ea0", "_our_name": "p0y19854f59"}