{"id": "battle-gen9randombattle-2529", "formatid": "gen9randombattle", "format": "[Gen 9] Random Battle", "players": ["p0x2529b8e2", "p0y25291e41"], "log": "|init|battle\n|title|p0x2529b8e2 vs. p0y25291e41\n|j|\u2606p0x2529b8e2\n|j|\u2606p0y25291e41\n|t:|1783569270\n|gametype|singles\n|player|p1|p0x2529b8e2|266|\n|player|p2|p0y25291e41|170|\n|gen|9\n|tier|[Gen 9] Random Battle\n|rule|Species Clause: Limit one of each Pok\u00e9mon\n|rule|HP Percentage Mod: HP is shown in percentages\n|rule|Sleep Clause Mod: Limit one foe put to sleep\n|rule|Illusion Level Mod: Illusion disguises the Pok\u00e9mon's true level\n|\n|t:|1783569270\n|teamsize|p1|6\n|teamsize|p2|6\n|start\n|switch|p1a: Duraludon|Duraludon, L82, F|100/100\n|switch|p2a: Falinks|Falinks, L84|246/246\n|turn|1\n|inactive|Battle timer is ON: inactive players will automatically lose when time's up. (requested by p0x2529b8e2)\n|inactive|Time left: 300 sec this turn | 300 sec total | 60 sec grace\n|inactive|p0y25291e41 also wants the timer to be on.\n|\n|t:|1783569272\n|move|p2a: Falinks|No Retreat|p2a: Falinks\n|-boost|p2a: Falinks|atk|1\n|-boost|p2a: Falinks|def|1\n|-boost|p2a: Falinks|spa|1\n|-boost|p2a: Falinks|spd|1\n|-boost|p2a: Falinks|spe|1\n|-start|p2a: Falinks|move: No Retreat\n|move|p1a: Duraludon|Dragon Tail|p2a: Falinks\n|-damage|p2a: Falinks|212/246\n|drag|p2a: Mesprit|Mesprit, L85|275/275\n|\n|upkeep\n|turn|2\n|inactive|Time left: 300 sec this turn | 300 sec total\n|\n|t:|1783569273\n|move|p1a: Duraludon|Flash Cannon|p2a: Mesprit\n|-damage|p2a: Mesprit|188/275\n|move|p2a: Mesprit|Stealth Rock|p1a: Duraludon\n|-sidestart|p1: p0x2529b8e2|move: Stealth Rock\n|\n|-heal|p2a: Mesprit|205/275|[from] item: Leftovers\n|upkeep\n|turn|3\n|inactive|Time left: 300 sec this turn | 300 sec total\n|\n|t:|1783569274\n|move|p1a: Duraludon|Flash Cannon|p2a: Mesprit\n|-damage|p2a: Mesprit|118/275\n|move|p2a: Mesprit|Psychic Noise|p1a: Duraludon\n|-resisted|p1a: Duraludon\n|-damage|p1a: Duraludon|84/100\n|-start|p1a: Duraludon|move: Heal Block\n|\n|-heal|p2a: Mesprit|135/275|[from] item: Leftovers\n|upkeep\n|turn|4\n|inactive|Time left: 300 sec this turn | 300 sec total\n|\n|t:|1783569275\n|move|p1a: Duraludon|Flash Cannon|p2a: Mesprit\n|-damage|p2a: Mesprit|53/275\n|move|p2a: Mesprit|Thunder Wave|p1a: Duraludon\n|-status|p1a: Duraludon|par\n|\n|-heal|p2a: Mesprit|70/275|[from] item: Leftovers\n|-end|p1a: Duraludon|move: Heal Block\n|upkeep\n|turn|5\n|inactive|Time left: 300 sec this turn | 300 sec total\n|\n|t:|1783569276\n|move|p2a: Mesprit|Psychic Noise|p1a: Duraludon\n|-resisted|p1a: Duraludon\n|-damage|p1a: Duraludon|66/100 par\n|-start|p1a: Duraludon|move: Heal Block\n|move|p1a: Duraludon|Flash Cannon|p2a: Mesprit\n|-crit|p2a: Mesprit\n|-damage|p2a: Mesprit|0 fnt\n|faint|p2a: Mesprit\n|\n|upkeep\n|inactive|Time left: 300 sec this turn | 300 sec total | 5 sec grace\n|\n|t:|1783569277\n|switch|p2a: Falinks|Falinks, L84|212/246\n|turn|6\n|inactive|Time left: 300 sec this turn | 300 sec total\n|\n|t:|1783569278\n|move|p2a: Falinks|No Retreat|p2a: Falinks\n|-boost|p2a: Falinks|atk|1\n|-boost|p2a: Falinks|def|1\n|-boost|p2a: Falinks|spa|1\n|-boost|p2a: Falinks|spd|1\n|-boost|p2a: Falinks|spe|1\n|-start|p2a: Falinks|move: No Retreat\n|cant|p1a: Duraludon|par\n|\n|-end|p1a: Duraludon|move: Heal Block\n|upkeep\n|turn|7\n|inactive|Time left: 300 sec this turn | 300 sec total\n|\n|t:|1783569279\n|-terastallize|p1a: Duraludon|Fighting\n|move|p2a: Falinks|Close Combat|p1a: Duraludon\n|-damage|p1a: Duraludon|9/100 par\n|-unboost|p2a: Falinks|def|1\n|-unboost|p2a: Falinks|spd|1\n|-damage|p2a: Falinks|188/246|[from] item: Life Orb\n|move|p1a: Duraludon|Draco Meteor|p2a: Falinks\n|-damage|p2a: Falinks|0 fnt\n|-unboost|p1a: Duraludon|spa|2\n|faint|p2a: Falinks\n|\n|upkeep\n|inactive|Time left: 300 sec this turn | 300 sec total | 5 sec grace\n|\n|t:|1783569280\n|switch|p2a: Exeggutor|Exeggutor-Alola, L89, F|314/314\n|turn|8\n|inactive|Time left: 300 sec this turn | 300 sec total\n|\n|t:|1783569281\n|move|p2a: Exeggutor|Calm Mind|p2a: Exeggutor\n|-boost|p2a: Exeggutor|spa|1\n|-boost|p2a: Exeggutor|spd|1\n|cant|p1a: Duraludon|par\n|\n|upkeep\n|turn|9\n|inactive|Time left: 300 sec this turn | 300 sec total\n|\n|t:|1783569282\n|move|p2a: Exeggutor|Flamethrower|p1a: Duraludon\n|-damage|p1a: Duraludon|0 fnt\n|faint|p1a: Duraludon\n|\n|upkeep\n|\n|t:|1783569282\n|switch|p1a: Excadrill|Excadrill, L79, M|100/100\n|-damage|p1a: Excadrill|98/100|[from] Stealth Rock\n|-ability|p1a: Excadrill|Mold Breaker\n|turn|10\n|inactive|Time left: 300 sec this turn | 300 sec total\n|\n|t:|1783569283\n|move|p1a: Excadrill|Iron Head|p2a: Exeggutor\n|-damage|p2a: Exeggutor|226/314\n|cant|p2a: Exeggutor|flinch\n|\n|upkeep\n|turn|11\n|inactive|Time left: 300 sec this turn | 300 sec total\n|\n|t:|1783569284\n|move|p1a: Excadrill|Iron Head|p2a: Exeggutor\n|-damage|p2a: Exeggutor|139/314\n|-enditem|p2a: Exeggutor|Sitrus Berry|[eat]\n|-heal|p2a: Exeggutor|217/314|[from] item: Sitrus Berry\n|move|p2a: Exeggutor|Flamethrower|p1a: Excadrill\n|-supereffective|p1a: Excadrill\n|-damage|p1a: Excadrill|20/100\n|\n|-item|p2a: Exeggutor|Sitrus Berry|[from] ability: Harvest\n|upkeep\n|turn|12\n|inactive|Time left: 300 sec this turn | 300 sec total\n|\n|t:|1783569286\n|move|p1a: Excadrill|Rapid Spin|p2a: Exeggutor\n|-damage|p2a: Exeggutor|180/314\n|-boost|p1a: Excadrill|spe|1\n|-sideend|p1: p0x2529b8e2|Stealth Rock|[from] move: Rapid Spin|[of] p1a: Excadrill\n|move|p2a: Exeggutor|Giga Drain|p1a: Excadrill\n|-damage|p1a: Excadrill|0 fnt\n|-heal|p2a: Exeggutor|210/314|[from] drain|[of] p1a: Excadrill\n|faint|p1a: Excadrill\n|\n|upkeep\n|\n|t:|1783569287\n|switch|p1a: Bruxish|Bruxish, L85, M|100/100\n|turn|13\n|inactive|Time left: 300 sec this turn | 300 sec total\n|\n|t:|1783569288\n|-terastallize|p2a: Exeggutor|Steel\n|move|p1a: Bruxish|Psychic Fangs|p2a: Exeggutor\n|-resisted|p2a: Exeggutor\n|-damage|p2a: Exeggutor|104/314\n|-enditem|p2a: Exeggutor|Sitrus Berry|[eat]\n|-heal|p2a: Exeggutor|182/314|[from] item: Sitrus Berry\n|move|p2a: Exeggutor|Giga Drain|p1a: Bruxish\n|-supereffective|p1a: Bruxish\n|-damage|p1a: Bruxish|0 fnt\n|-heal|p2a: Exeggutor|309/314|[from] drain|[of] p1a: Bruxish\n|faint|p1a: Bruxish\n|\n|-item|p2a: Exeggutor|Sitrus Berry|[from] ability: Harvest\n|upkeep\n|\n|t:|1783569288\n|switch|p1a: Vigoroth|Vigoroth, L85, F|100/100\n|turn|14\n|inactive|Time left: 300 sec this turn | 300 sec total\n|\n|t:|1783569289\n|move|p1a: Vigoroth|Body Slam|p2a: Exeggutor\n|-resisted|p2a: Exeggutor\n|-damage|p2a: Exeggutor|271/314\n|-status|p2a: Exeggutor|par\n|cant|p2a: Exeggutor|par\n|\n|upkeep\n|turn|15\n|inactive|Time left: 300 sec this turn | 300 sec total\n|\n|t:|1783569290\n|move|p1a: Vigoroth|Bulk Up|p1a: Vigoroth\n|-boost|p1a: Vigoroth|atk|1\n|-boost|p1a: Vigoroth|def|1\n|move|p2a: Exeggutor|Giga Drain|p1a: Vigoroth\n|-damage|p1a: Vigoroth|43/100\n|-heal|p2a: Exeggutor|314/314 par|[from] drain|[of] p1a: Vigoroth\n|\n|upkeep\n|turn|16\n|inactive|Time left: 300 sec this turn | 300 sec total\n|\n|t:|1783569291\n|move|p1a: Vigoroth|Slack Off|p1a: Vigoroth\n|-heal|p1a: Vigoroth|94/100\n|move|p2a: Exeggutor|Dragon Pulse|p1a: Vigoroth\n|-damage|p1a: Vigoroth|28/100\n|\n|upkeep\n|turn|17\n|inactive|Time left: 300 sec this turn | 300 sec total\n|\n|t:|1783569291\n|move|p1a: Vigoroth|Slack Off|p1a: Vigoroth\n|-heal|p1a: Vigoroth|78/100\n|move|p2a: Exeggutor|Giga Drain|p1a: Vigoroth\n|-damage|p1a: Vigoroth|28/100\n|\n|upkeep\n|turn|18\n|inactive|Time left: 300 sec this turn | 300 sec total\n|\n|t:|1783569292\n|move|p1a: Vigoroth|Slack Off|p1a: Vigoroth\n|-heal|p1a: Vigoroth|78/100\n|cant|p2a: Exeggutor|par\n|\n|upkeep\n|turn|19\n|inactive|Time left: 300 sec this turn | 300 sec total\n|\n|t:|1783569293\n|move|p1a: Vigoroth|Bulk Up|p1a: Vigoroth\n|-boost|p1a: Vigoroth|atk|1\n|-boost|p1a: Vigoroth|def|1\n|cant|p2a: Exeggutor|par\n|\n|upkeep\n|turn|20\n|inactive|Time left: 300 sec this turn | 300 sec total\n|\n|t:|1783569294\n|move|p1a: Vigoroth|Knock Off|p2a: Exeggutor\n|-damage|p2a: Exeggutor|198/314 par\n|-enditem|p2a: Exeggutor|Sitrus Berry|[from] move: Knock Off|[of] p1a: Vigoroth\n|move|p2a: Exeggutor|Dragon Pulse|p1a: Vigoroth\n|-damage|p1a: Vigoroth|15/100\n|\n|upkeep\n|turn|21\n|inactive|Time left: 300 sec this turn | 300 sec total\n|\n|t:|1783569294\n|move|p1a: Vigoroth|Slack Off|p1a: Vigoroth\n|-heal|p1a: Vigoroth|65/100\n|cant|p2a: Exeggutor|par\n|\n|upkeep\n|turn|22\n|inactive|Time left: 300 sec this turn | 300 sec total\n|\n|t:|1783569295\n|move|p1a: Vigoroth|Slack Off|p1a: Vigoroth\n|-heal|p1a: Vigoroth|100/100\n|move|p2a: Exeggutor|Giga Drain|p1a: Vigoroth\n|-damage|p1a: Vigoroth|46/100\n|-heal|p2a: Exeggutor|273/314 par|[from] drain|[of] p1a: Vigoroth\n|\n|upkeep\n|turn|23\n|inactive|Time left: 300 sec this turn | 300 sec total\n|\n|t:|1783569296\n|move|p1a: Vigoroth|Slack Off|p1a: Vigoroth\n|-heal|p1a: Vigoroth|96/100\n|move|p2a: Exeggutor|Dragon Pulse|p1a: Vigoroth\n|-damage|p1a: Vigoroth|30/100\n|\n|upkeep\n|turn|24\n|inactive|Time left: 300 sec this turn | 300 sec total\n|\n|t:|1783569297\n|move|p1a: Vigoroth|Slack Off|p1a: Vigoroth\n|-heal|p1a: Vigoroth|80/100\n|cant|p2a: Exeggutor|par\n|\n|upkeep\n|turn|25\n|inactive|Time left: 300 sec this turn | 300 sec total\n|\n|t:|1783569298\n|move|p1a: Vigoroth|Bulk Up|p1a: Vigoroth\n|-boost|p1a: Vigoroth|atk|1\n|-boost|p1a: Vigoroth|def|1\n|move|p2a: Exeggutor|Dragon Pulse|p1a: Vigoroth\n|-damage|p1a: Vigoroth|21/100\n|\n|upkeep\n|turn|26\n|inactive|Time left: 300 sec this turn | 300 sec total\n|\n|t:|1783569299\n|move|p1a: Vigoroth|Slack Off|p1a: Vigoroth\n|-heal|p1a: Vigoroth|71/100\n|move|p2a: Exeggutor|Dragon Pulse|p1a: Vigoroth\n|-damage|p1a: Vigoroth|9/100\n|\n|upkeep\n|turn|27\n|inactive|Time left: 300 sec this turn | 300 sec total\n|\n|t:|1783569300\n|move|p1a: Vigoroth|Body Slam|p2a: Exeggutor\n|-resisted|p2a: Exeggutor\n|-damage|p2a: Exeggutor|174/314 par\n|move|p2a: Exeggutor|Giga Drain|p1a: Vigoroth\n|-damage|p1a: Vigoroth|0 fnt\n|-heal|p2a: Exeggutor|186/314 par|[from] drain|[of] p1a: Vigoroth\n|faint|p1a: Vigoroth\n|\n|upkeep\n|\n|t:|1783569301\n|switch|p1a: Indeedee|Indeedee-F, L90, F|100/100\n|-fieldstart|move: Psychic Terrain|[from] ability: Psychic Surge|[of] p1a: Indeedee\n|turn|28\n|inactive|Time left: 300 sec this turn | 300 sec total\n|\n|t:|1783569302\n|move|p1a: Indeedee|Psyshock|p2a: Exeggutor\n|-resisted|p2a: Exeggutor\n|-damage|p2a: Exeggutor|102/314 par\n|cant|p2a: Exeggutor|par\n|\n|upkeep\n|turn|29\n|inactive|Time left: 300 sec this turn | 300 sec total\n|\n|t:|1783569303\n|move|p1a: Indeedee|Psyshock|p2a: Exeggutor\n|-resisted|p2a: Exeggutor\n|-damage|p2a: Exeggutor|8/314 par\n|move|p2a: Exeggutor|Giga Drain|p1a: Indeedee\n|-damage|p1a: Indeedee|48/100\n|-heal|p2a: Exeggutor|79/314 par|[from] drain|[of] p1a: Indeedee\n|\n|upkeep\n|turn|30\n|inactive|Time left: 300 sec this turn | 300 sec total\n|\n|t:|1783569304\n|move|p1a: Indeedee|Psyshock|p2a: Exeggutor\n|-resisted|p2a: Exeggutor\n|-damage|p2a: Exeggutor|0 fnt\n|faint|p2a: Exeggutor\n|\n|upkeep\n|inactive|Time left: 300 sec this turn | 300 sec total | 5 sec grace\n|\n|t:|1783569305\n|switch|p2a: Beartic|Beartic, L91, M|321/321\n|turn|31\n|inactive|Time left: 300 sec this turn | 300 sec total\n|\n|t:|1783569306\n|move|p1a: Indeedee|Psyshock|p2a: Beartic\n|-damage|p2a: Beartic|134/321\n|move|p2a: Beartic|Icicle Crash|p1a: Indeedee\n|-damage|p1a: Indeedee|0 fnt\n|faint|p1a: Indeedee\n|\n|upkeep\n|\n|t:|1783569307\n|switch|p1a: Serperior|Serperior, L79, F|100/100\n|turn|32\n|inactive|Time left: 300 sec this turn | 300 sec total\n|\n|t:|1783569307\n|move|p1a: Serperior|Leaf Storm|p2a: Beartic\n|-crit|p2a: Beartic\n|-damage|p2a: Beartic|0 fnt\n|-boost|p1a: Serperior|spa|2\n|faint|p2a: Beartic\n|-damage|p1a: Serperior|91/100|[from] item: Life Orb\n|\n|-fieldend|move: Psychic Terrain\n|upkeep\n|inactive|Time left: 300 sec this turn | 300 sec total | 5 sec grace\n|\n|t:|1783569308\n|switch|p2a: Slowbro|Slowbro-Galar, L87, M|307/307\n|turn|33\n|inactive|Time left: 300 sec this turn | 300 sec total\n|\n|t:|1783569309\n|move|p1a: Serperior|Glare|p2a: Slowbro\n|-status|p2a: Slowbro|par\n|move|p2a: Slowbro|Shell Side Arm|p1a: Serperior|[anim] Shell Side Arm Physical\n|-supereffective|p1a: Serperior\n|-damage|p1a: Serperior|9/100\n|-hint|Physical Shell Side Arm\n|\n|upkeep\n|turn|34\n|inactive|Time left: 300 sec this turn | 300 sec total\n|\n|t:|1783569310\n|move|p1a: Serperior|Synthesis|p1a: Serperior\n|-heal|p1a: Serperior|59/100\n|cant|p2a: Slowbro|par\n|\n|upkeep\n|turn|35\n|inactive|Time left: 300 sec this turn | 300 sec total\n|\n|t:|1783569311\n|move|p1a: Serperior|Synthesis|p1a: Serperior\n|-heal|p1a: Serperior|100/100\n|move|p2a: Slowbro|Shell Side Arm|p1a: Serperior|[anim] Shell Side Arm Special\n|-supereffective|p1a: Serperior\n|-crit|p1a: Serperior\n|-damage|p1a: Serperior|0 fnt\n|-hint|Special Shell Side Arm\n|faint|p1a: Serperior\n|\n|win|p0y25291e41", "uploadtime": 1783569311, "views": 0, "rating": 0, "private": 0, "password": null, "_winner": "p0y25291e41", "_our_name": "p0y25291e41"}