{"id": "battle-gen9randombattle-932", "formatid": "gen9randombattle", "format": "[Gen 9] Random Battle", "players": ["p0x9329eeb", "p0y932135c"], "log": "|init|battle\n|title|p0x9329eeb vs. p0y932135c\n|j|\u2606p0x9329eeb\n|j|\u2606p0y932135c\n|t:|1783550705\n|gametype|singles\n|player|p1|p0x9329eeb|2|\n|player|p2|p0y932135c|102|\n|gen|9\n|tier|[Gen 9] Random Battle\n|rule|Species Clause: Limit one of each Pok\u00e9mon\n|rule|HP Percentage Mod: HP is shown in percentages\n|rule|Sleep Clause Mod: Limit one foe put to sleep\n|rule|Illusion Level Mod: Illusion disguises the Pok\u00e9mon's true level\n|\n|t:|1783550705\n|teamsize|p1|6\n|teamsize|p2|6\n|start\n|switch|p1a: Drifblim|Drifblim, L86, M|398/398\n|switch|p2a: Munkidori|Munkidori, L79, M|100/100\n|turn|1\n|inactive|Battle timer is ON: inactive players will automatically lose when time's up. (requested by p0y932135c)\n|inactive|Time left: 300 sec this turn | 300 sec total | 60 sec grace\n|inactive|p0x9329eeb also wants the timer to be on.\n|\n|t:|1783550706\n|move|p2a: Munkidori|Nasty Plot|p2a: Munkidori\n|-boost|p2a: Munkidori|spa|2\n|move|p1a: Drifblim|Shadow Ball|p2a: Munkidori\n|-supereffective|p2a: Munkidori\n|-damage|p2a: Munkidori|33/100\n|\n|upkeep\n|turn|2\n|inactive|Time left: 300 sec this turn | 300 sec total\n|\n|t:|1783550708\n|move|p2a: Munkidori|Psyshock|p1a: Drifblim\n|-damage|p1a: Drifblim|31/398\n|-damage|p2a: Munkidori|23/100|[from] item: Life Orb\n|move|p1a: Drifblim|Shadow Ball|p2a: Munkidori\n|-supereffective|p2a: Munkidori\n|-damage|p2a: Munkidori|0 fnt\n|faint|p2a: Munkidori\n|\n|upkeep\n|\n|t:|1783550708\n|switch|p2a: Gothitelle|Gothitelle, L90, M|100/100\n|turn|3\n|inactive|Time left: 300 sec this turn | 300 sec total\n|\n|t:|1783550710\n|move|p2a: Gothitelle|Psychic|p1a: Drifblim\n|-damage|p1a: Drifblim|0 fnt\n|faint|p1a: Drifblim\n|\n|upkeep\n|inactive|Time left: 300 sec this turn | 300 sec total | 5 sec grace\n|\n|t:|1783550711\n|switch|p1a: Dugtrio|Dugtrio, L84, M|196/196\n|turn|4\n|inactive|Time left: 300 sec this turn | 300 sec total\n|\n|t:|1783550712\n|-terastallize|p1a: Dugtrio|Dark\n|move|p2a: Gothitelle|Psychic|p1a: Dugtrio\n|-immune|p1a: Dugtrio\n|move|p1a: Dugtrio|Stone Edge|p2a: Gothitelle\n|-damage|p2a: Gothitelle|67/100\n|\n|upkeep\n|turn|5\n|inactive|Time left: 300 sec this turn | 300 sec total\n|\n|t:|1783550713\n|move|p2a: Gothitelle|Psychic|p1a: Dugtrio\n|-immune|p1a: Dugtrio\n|move|p1a: Dugtrio|Stone Edge|p2a: Gothitelle\n|-damage|p2a: Gothitelle|35/100\n|\n|upkeep\n|turn|6\n|inactive|Time left: 300 sec this turn | 300 sec total\n|\n|t:|1783550714\n|move|p2a: Gothitelle|Psychic|p1a: Dugtrio\n|-immune|p1a: Dugtrio\n|move|p1a: Dugtrio|Stone Edge|p2a: Gothitelle|[miss]\n|-miss|p1a: Dugtrio|p2a: Gothitelle\n|\n|upkeep\n|turn|7\n|inactive|Time left: 300 sec this turn | 300 sec total\n|\n|t:|1783550715\n|move|p2a: Gothitelle|Psychic|p1a: Dugtrio\n|-immune|p1a: Dugtrio\n|move|p1a: Dugtrio|Stone Edge|p2a: Gothitelle\n|-damage|p2a: Gothitelle|1/100\n|\n|upkeep\n|turn|8\n|inactive|Time left: 300 sec this turn | 300 sec total\n|\n|t:|1783550716\n|move|p2a: Gothitelle|Psychic|p1a: Dugtrio\n|-immune|p1a: Dugtrio\n|move|p1a: Dugtrio|Stone Edge|p2a: Gothitelle\n|-damage|p2a: Gothitelle|0 fnt\n|faint|p2a: Gothitelle\n|\n|upkeep\n|\n|t:|1783550717\n|switch|p2a: Haxorus|Haxorus, L77, F|100/100\n|-ability|p2a: Haxorus|Mold Breaker\n|turn|9\n|inactive|Time left: 300 sec this turn | 300 sec total\n|\n|t:|1783550719\n|switch|p1a: Bronzong|Bronzong, L88|261/261\n|move|p2a: Haxorus|Dragon Dance|p2a: Haxorus\n|-boost|p2a: Haxorus|atk|1\n|-boost|p2a: Haxorus|spe|1\n|\n|upkeep\n|turn|10\n|inactive|Time left: 300 sec this turn | 300 sec total\n|\n|t:|1783550720\n|move|p2a: Haxorus|Earthquake|p1a: Bronzong\n|-supereffective|p1a: Bronzong\n|-damage|p1a: Bronzong|53/261\n|move|p1a: Bronzong|Iron Defense|p1a: Bronzong\n|-boost|p1a: Bronzong|def|2\n|\n|upkeep\n|turn|11\n|inactive|Time left: 300 sec this turn | 300 sec total\n|\n|t:|1783550721\n|move|p2a: Haxorus|Earthquake|p1a: Bronzong\n|-supereffective|p1a: Bronzong\n|-damage|p1a: Bronzong|0 fnt\n|faint|p1a: Bronzong\n|\n|upkeep\n|inactive|Time left: 300 sec this turn | 300 sec total | 5 sec grace\n|\n|t:|1783550722\n|switch|p1a: Orthworm|Orthworm, L88, M|266/266\n|turn|12\n|inactive|Time left: 300 sec this turn | 300 sec total\n|\n|t:|1783550723\n|move|p2a: Haxorus|Earthquake|p1a: Orthworm\n|-supereffective|p1a: Orthworm\n|-damage|p1a: Orthworm|116/266\n|move|p1a: Orthworm|Coil|p1a: Orthworm\n|-boost|p1a: Orthworm|atk|1\n|-boost|p1a: Orthworm|def|1\n|-boost|p1a: Orthworm|accuracy|1\n|\n|upkeep\n|turn|13\n|inactive|Time left: 300 sec this turn | 300 sec total\n|\n|t:|1783550724\n|move|p2a: Haxorus|Dragon Dance|p2a: Haxorus\n|-boost|p2a: Haxorus|atk|1\n|-boost|p2a: Haxorus|spe|1\n|move|p1a: Orthworm|Rest|p1a: Orthworm\n|-status|p1a: Orthworm|slp|[from] move: Rest\n|-heal|p1a: Orthworm|266/266 slp|[silent]\n|-enditem|p1a: Orthworm|Chesto Berry|[eat]\n|-curestatus|p1a: Orthworm|slp|[msg]\n|\n|upkeep\n|turn|14\n|inactive|Time left: 300 sec this turn | 300 sec total\n|\n|t:|1783550725\n|move|p2a: Haxorus|Earthquake|p1a: Orthworm\n|-supereffective|p1a: Orthworm\n|-damage|p1a: Orthworm|126/266\n|move|p1a: Orthworm|Body Press|p2a: Haxorus\n|-crit|p2a: Haxorus\n|-damage|p2a: Haxorus|15/100\n|\n|upkeep\n|turn|15\n|inactive|Time left: 300 sec this turn | 300 sec total\n|\n|t:|1783550726\n|move|p2a: Haxorus|Earthquake|p1a: Orthworm\n|-supereffective|p1a: Orthworm\n|-damage|p1a: Orthworm|0 fnt\n|faint|p1a: Orthworm\n|\n|upkeep\n|inactive|Time left: 300 sec this turn | 300 sec total | 5 sec grace\n|\n|t:|1783550727\n|switch|p1a: Talonflame|Talonflame, L83, F|265/265\n|turn|16\n|inactive|Time left: 300 sec this turn | 300 sec total\n|\n|t:|1783550728\n|move|p1a: Talonflame|Brave Bird|p2a: Haxorus\n|-damage|p2a: Haxorus|0 fnt\n|faint|p2a: Haxorus\n|-damage|p1a: Talonflame|253/265|[from] Recoil\n|\n|upkeep\n|\n|t:|1783550728\n|switch|p2a: Swalot|Swalot, L90, F|100/100\n|turn|17\n|inactive|Time left: 300 sec this turn | 300 sec total\n|\n|t:|1783550729\n|move|p1a: Talonflame|Swords Dance|p1a: Talonflame\n|-boost|p1a: Talonflame|atk|2\n|move|p2a: Swalot|Sludge Bomb|p1a: Talonflame\n|-damage|p1a: Talonflame|136/265\n|\n|upkeep\n|turn|18\n|inactive|Time left: 300 sec this turn | 300 sec total\n|\n|t:|1783550730\n|move|p1a: Talonflame|Brave Bird|p2a: Swalot\n|-crit|p2a: Swalot\n|-damage|p2a: Swalot|6/100\n|-damage|p1a: Talonflame|35/265|[from] Recoil\n|move|p2a: Swalot|Sludge Bomb|p1a: Talonflame\n|-damage|p1a: Talonflame|0 fnt\n|faint|p1a: Talonflame\n|\n|-heal|p2a: Swalot|12/100|[from] item: Leftovers\n|upkeep\n|inactive|Time left: 300 sec this turn | 300 sec total | 5 sec grace\n|\n|t:|1783550731\n|switch|p1a: Komala|Komala, L87, F|255/255\n|-ability|p1a: Komala|Comatose\n|turn|19\n|inactive|Time left: 300 sec this turn | 300 sec total\n|\n|t:|1783550731\n|switch|p2a: Scizor|Scizor, L79, F|100/100\n|move|p1a: Komala|Body Slam|p2a: Scizor\n|-resisted|p2a: Scizor\n|-damage|p2a: Scizor|78/100\n|\n|-heal|p2a: Scizor|84/100|[from] item: Leftovers\n|upkeep\n|turn|20\n|inactive|Time left: 300 sec this turn | 300 sec total\n|\n|t:|1783550732\n|move|p1a: Komala|Body Slam|p2a: Scizor\n|-resisted|p2a: Scizor\n|-damage|p2a: Scizor|61/100\n|-status|p2a: Scizor|par\n|move|p2a: Scizor|Knock Off|p1a: Komala\n|-damage|p1a: Komala|159/255\n|-enditem|p1a: Komala|Choice Scarf|[from] move: Knock Off|[of] p2a: Scizor\n|\n|-heal|p2a: Scizor|67/100 par|[from] item: Leftovers\n|upkeep\n|turn|21\n|inactive|Time left: 300 sec this turn | 300 sec total\n|\n|t:|1783550733\n|move|p2a: Scizor|Bullet Punch|p1a: Komala\n|-damage|p1a: Komala|69/255\n|move|p1a: Komala|Knock Off|p2a: Scizor\n|-damage|p2a: Scizor|35/100 par\n|-enditem|p2a: Scizor|Leftovers|[from] move: Knock Off|[of] p1a: Komala\n|\n|upkeep\n|turn|22\n|inactive|Time left: 300 sec this turn | 300 sec total\n|\n|t:|1783550734\n|move|p1a: Komala|Earthquake|p2a: Scizor\n|-damage|p2a: Scizor|0 fnt\n|faint|p2a: Scizor\n|\n|upkeep\n|\n|t:|1783550735\n|switch|p2a: Swalot|Swalot, L90, F|12/100\n|turn|23\n|inactive|Time left: 300 sec this turn | 300 sec total\n|\n|t:|1783550736\n|move|p1a: Komala|Body Slam|p2a: Swalot\n|-damage|p2a: Swalot|0 fnt\n|faint|p2a: Swalot\n|\n|upkeep\n|\n|t:|1783550737\n|switch|p2a: Dugtrio|Dugtrio-Alola, L84, F|100/100\n|turn|24\n|inactive|Time left: 300 sec this turn | 300 sec total\n|\n|t:|1783550738\n|move|p2a: Dugtrio|Sucker Punch|p1a: Komala\n|-damage|p1a: Komala|0 fnt\n|faint|p1a: Komala\n|-damage|p2a: Dugtrio|91/100|[from] item: Life Orb\n|\n|upkeep\n|inactive|Time left: 300 sec this turn | 300 sec total | 5 sec grace\n|\n|t:|1783550739\n|switch|p1a: Dugtrio|Dugtrio, L84, M, tera:Dark|196/196\n|turn|25\n|inactive|Time left: 300 sec this turn | 300 sec total\n|\n|t:|1783550740\n|-terastallize|p2a: Dugtrio|Ground\n|move|p1a: Dugtrio|Earthquake|p2a: Dugtrio\n|-damage|p2a: Dugtrio|0 fnt\n|faint|p2a: Dugtrio\n|\n|win|p0x9329eeb", "uploadtime": 1783550740, "views": 0, "rating": 0, "private": 0, "password": null, "_winner": "p0x9329eeb", "_our_name": "p0x9329eeb"}