{"id": "battle-gen9randombattle-714", "formatid": "gen9randombattle", "format": "[Gen 9] Random Battle", "players": ["p0x714b991", "p0y714754f"], "log": "|init|battle\n|title|p0x714b991 vs. p0y714754f\n|j|\u2606p0x714b991\n|j|\u2606p0y714754f\n|t:|1783548105\n|gametype|singles\n|player|p1|p0x714b991|102|\n|player|p2|p0y714754f|170|\n|gen|9\n|tier|[Gen 9] Random Battle\n|rule|Species Clause: Limit one of each Pok\u00e9mon\n|rule|HP Percentage Mod: HP is shown in percentages\n|rule|Sleep Clause Mod: Limit one foe put to sleep\n|rule|Illusion Level Mod: Illusion disguises the Pok\u00e9mon's true level\n|\n|t:|1783548105\n|teamsize|p1|6\n|teamsize|p2|6\n|start\n|switch|p1a: Ursaring|Ursaring, L84, F|288/288\n|switch|p2a: Kommo-o|Kommo-o, L77, F|100/100\n|turn|1\n|inactive|Battle timer is ON: inactive players will automatically lose when time's up. (requested by p0x714b991)\n|\n|t:|1783548107\n|move|p2a: Kommo-o|Close Combat|p1a: Ursaring\n|-supereffective|p1a: Ursaring\n|-damage|p1a: Ursaring|102/288\n|-unboost|p2a: Kommo-o|def|1\n|-unboost|p2a: Kommo-o|spd|1\n|move|p1a: Ursaring|Body Slam|p2a: Kommo-o\n|-damage|p2a: Kommo-o|41/100\n|\n|upkeep\n|turn|2\n|inactive|Time left: 300 sec this turn | 300 sec total\n|inactive|p0y714754f also wants the timer to be on.\n|\n|t:|1783548109\n|move|p2a: Kommo-o|Close Combat|p1a: Ursaring\n|-supereffective|p1a: Ursaring\n|-damage|p1a: Ursaring|0 fnt\n|-unboost|p2a: Kommo-o|def|1\n|-unboost|p2a: Kommo-o|spd|1\n|faint|p1a: Ursaring\n|\n|upkeep\n|inactive|Time left: 300 sec this turn | 300 sec total | 5 sec grace\n|\n|t:|1783548110\n|switch|p1a: Iron Valiant|Iron Valiant, L78|244/244\n|turn|3\n|inactive|Time left: 300 sec this turn | 300 sec total\n|\n|t:|1783548111\n|switch|p2a: Skeledirge|Skeledirge, L79, F|100/100\n|move|p1a: Iron Valiant|Moonblast|p2a: Skeledirge\n|-resisted|p2a: Skeledirge\n|-damage|p2a: Skeledirge|72/100\n|-unboost|p2a: Skeledirge|spa|1\n|-damage|p1a: Iron Valiant|220/244|[from] item: Life Orb\n|\n|upkeep\n|turn|4\n|inactive|Time left: 300 sec this turn | 300 sec total\n|\n|t:|1783548112\n|move|p1a: Iron Valiant|Moonblast|p2a: Skeledirge\n|-resisted|p2a: Skeledirge\n|-damage|p2a: Skeledirge|46/100\n|-damage|p1a: Iron Valiant|196/244|[from] item: Life Orb\n|move|p2a: Skeledirge|Torch Song|p1a: Iron Valiant\n|-damage|p1a: Iron Valiant|117/244\n|-boost|p2a: Skeledirge|spa|1\n|\n|upkeep\n|turn|5\n|inactive|Time left: 300 sec this turn | 300 sec total\n|\n|t:|1783548113\n|-end|p1a: Iron Valiant|Quark Drive|[silent]\n|switch|p1a: Baxcalibur|Baxcalibur, L75, F|295/295\n|move|p2a: Skeledirge|Slack Off|p2a: Skeledirge\n|-heal|p2a: Skeledirge|96/100\n|\n|upkeep\n|turn|6\n|inactive|Time left: 300 sec this turn | 300 sec total\n|\n|t:|1783548114\n|move|p1a: Baxcalibur|Swords Dance|p1a: Baxcalibur\n|-boost|p1a: Baxcalibur|atk|2\n|move|p2a: Skeledirge|Torch Song|p1a: Baxcalibur\n|-crit|p1a: Baxcalibur\n|-damage|p1a: Baxcalibur|163/295\n|-boost|p2a: Skeledirge|spa|1\n|-ability|p1a: Baxcalibur|Thermal Exchange|boost\n|-boost|p1a: Baxcalibur|atk|1\n|\n|upkeep\n|turn|7\n|inactive|Time left: 300 sec this turn | 300 sec total\n|\n|t:|1783548115\n|-terastallize|p1a: Baxcalibur|Dragon\n|move|p1a: Baxcalibur|Scale Shot|p2a: Skeledirge\n|-damage|p2a: Skeledirge|83/100\n|-damage|p2a: Skeledirge|69/100\n|-damage|p2a: Skeledirge|56/100\n|-damage|p2a: Skeledirge|41/100\n|-hitcount|p2a: Skeledirge|4\n|-unboost|p1a: Baxcalibur|def|1\n|-boost|p1a: Baxcalibur|spe|1\n|move|p2a: Skeledirge|Torch Song|p1a: Baxcalibur\n|-resisted|p1a: Baxcalibur\n|-damage|p1a: Baxcalibur|91/295\n|-boost|p2a: Skeledirge|spa|1\n|-ability|p1a: Baxcalibur|Thermal Exchange|boost\n|-boost|p1a: Baxcalibur|atk|1\n|\n|upkeep\n|turn|8\n|inactive|Time left: 300 sec this turn | 300 sec total\n|\n|t:|1783548117\n|switch|p2a: Comfey|Comfey, L85, F|100/100\n|move|p1a: Baxcalibur|Scale Shot|p2a: Comfey\n|-immune|p2a: Comfey\n|\n|upkeep\n|turn|9\n|inactive|Time left: 300 sec this turn | 300 sec total\n|\n|t:|1783548118\n|switch|p1a: Dudunsparce|Dudunsparce, L83, F|343/343\n|move|p2a: Comfey|Draining Kiss|p1a: Dudunsparce\n|-damage|p1a: Dudunsparce|286/343\n|\n|-heal|p1a: Dudunsparce|307/343|[from] item: Leftovers\n|upkeep\n|turn|10\n|inactive|Time left: 300 sec this turn | 300 sec total\n|\n|t:|1783548119\n|move|p2a: Comfey|Calm Mind|p2a: Comfey\n|-boost|p2a: Comfey|spa|1\n|-boost|p2a: Comfey|spd|1\n|move|p1a: Dudunsparce|Calm Mind|p1a: Dudunsparce\n|-boost|p1a: Dudunsparce|spa|1\n|-boost|p1a: Dudunsparce|spd|1\n|\n|-heal|p1a: Dudunsparce|328/343|[from] item: Leftovers\n|upkeep\n|turn|11\n|inactive|Time left: 300 sec this turn | 300 sec total\n|\n|t:|1783548119\n|move|p2a: Comfey|Calm Mind|p2a: Comfey\n|-boost|p2a: Comfey|spa|1\n|-boost|p2a: Comfey|spd|1\n|move|p1a: Dudunsparce|Calm Mind|p1a: Dudunsparce\n|-boost|p1a: Dudunsparce|spa|1\n|-boost|p1a: Dudunsparce|spd|1\n|\n|-heal|p1a: Dudunsparce|343/343|[from] item: Leftovers\n|upkeep\n|turn|12\n|inactive|Time left: 300 sec this turn | 300 sec total\n|\n|t:|1783548120\n|move|p2a: Comfey|Calm Mind|p2a: Comfey\n|-boost|p2a: Comfey|spa|1\n|-boost|p2a: Comfey|spd|1\n|move|p1a: Dudunsparce|Boomburst|p2a: Comfey\n|-damage|p2a: Comfey|62/100\n|\n|-heal|p2a: Comfey|68/100|[from] item: Leftovers\n|upkeep\n|turn|13\n|inactive|Time left: 300 sec this turn | 300 sec total\n|\n|t:|1783548121\n|move|p2a: Comfey|Draining Kiss|p1a: Dudunsparce\n|-damage|p1a: Dudunsparce|279/343\n|-heal|p2a: Comfey|89/100|[from] drain|[of] p1a: Dudunsparce\n|move|p1a: Dudunsparce|Boomburst|p2a: Comfey\n|-damage|p2a: Comfey|48/100\n|\n|-heal|p2a: Comfey|54/100|[from] item: Leftovers\n|-heal|p1a: Dudunsparce|300/343|[from] item: Leftovers\n|upkeep\n|turn|14\n|inactive|Time left: 300 sec this turn | 300 sec total\n|\n|t:|1783548122\n|move|p2a: Comfey|Synthesis|p2a: Comfey\n|-heal|p2a: Comfey|100/100\n|move|p1a: Dudunsparce|Boomburst|p2a: Comfey\n|-damage|p2a: Comfey|59/100\n|\n|-heal|p2a: Comfey|65/100|[from] item: Leftovers\n|-heal|p1a: Dudunsparce|321/343|[from] item: Leftovers\n|upkeep\n|turn|15\n|inactive|Time left: 300 sec this turn | 300 sec total\n|\n|t:|1783548124\n|move|p2a: Comfey|Calm Mind|p2a: Comfey\n|-boost|p2a: Comfey|spa|1\n|-boost|p2a: Comfey|spd|1\n|move|p1a: Dudunsparce|Boomburst|p2a: Comfey\n|-damage|p2a: Comfey|36/100\n|\n|-heal|p2a: Comfey|42/100|[from] item: Leftovers\n|-heal|p1a: Dudunsparce|342/343|[from] item: Leftovers\n|upkeep\n|turn|16\n|inactive|Time left: 300 sec this turn | 300 sec total\n|\n|t:|1783548125\n|move|p2a: Comfey|Synthesis|p2a: Comfey\n|-heal|p2a: Comfey|92/100\n|move|p1a: Dudunsparce|Boomburst|p2a: Comfey\n|-damage|p2a: Comfey|56/100\n|\n|-heal|p2a: Comfey|62/100|[from] item: Leftovers\n|-heal|p1a: Dudunsparce|343/343|[from] item: Leftovers\n|upkeep\n|turn|17\n|inactive|Time left: 300 sec this turn | 300 sec total\n|\n|t:|1783548126\n|move|p2a: Comfey|Draining Kiss|p1a: Dudunsparce\n|-damage|p1a: Dudunsparce|255/343\n|-heal|p2a: Comfey|91/100|[from] drain|[of] p1a: Dudunsparce\n|move|p1a: Dudunsparce|Calm Mind|p1a: Dudunsparce\n|-boost|p1a: Dudunsparce|spa|1\n|-boost|p1a: Dudunsparce|spd|1\n|\n|-heal|p2a: Comfey|97/100|[from] item: Leftovers\n|-heal|p1a: Dudunsparce|276/343|[from] item: Leftovers\n|upkeep\n|turn|18\n|inactive|Time left: 300 sec this turn | 300 sec total\n|\n|t:|1783548127\n|move|p2a: Comfey|Calm Mind|p2a: Comfey\n|-boost|p2a: Comfey|spa|1\n|-boost|p2a: Comfey|spd|1\n|move|p1a: Dudunsparce|Roost|p1a: Dudunsparce\n|-heal|p1a: Dudunsparce|343/343\n|-singleturn|p1a: Dudunsparce|move: Roost\n|\n|-heal|p2a: Comfey|100/100|[from] item: Leftovers\n|upkeep\n|turn|19\n|inactive|Time left: 300 sec this turn | 300 sec total\n|\n|t:|1783548128\n|move|p2a: Comfey|Calm Mind|p2a: Comfey\n|-boost|p2a: Comfey|spa|1\n|-boost|p2a: Comfey|spd|1\n|move|p1a: Dudunsparce|Calm Mind|p1a: Dudunsparce\n|-boost|p1a: Dudunsparce|spa|1\n|-boost|p1a: Dudunsparce|spd|1\n|\n|upkeep\n|turn|20\n|inactive|Time left: 300 sec this turn | 300 sec total\n|\n|t:|1783548129\n|move|p2a: Comfey|Draining Kiss|p1a: Dudunsparce\n|-damage|p1a: Dudunsparce|274/343\n|move|p1a: Dudunsparce|Boomburst|p2a: Comfey\n|-damage|p2a: Comfey|66/100\n|\n|-heal|p2a: Comfey|72/100|[from] item: Leftovers\n|-heal|p1a: Dudunsparce|295/343|[from] item: Leftovers\n|upkeep\n|turn|21\n|inactive|Time left: 300 sec this turn | 300 sec total\n|\n|t:|1783548130\n|move|p2a: Comfey|Draining Kiss|p1a: Dudunsparce\n|-damage|p1a: Dudunsparce|219/343\n|-heal|p2a: Comfey|97/100|[from] drain|[of] p1a: Dudunsparce\n|move|p1a: Dudunsparce|Boomburst|p2a: Comfey\n|-damage|p2a: Comfey|60/100\n|\n|-heal|p2a: Comfey|66/100|[from] item: Leftovers\n|-heal|p1a: Dudunsparce|240/343|[from] item: Leftovers\n|upkeep\n|turn|22\n|inactive|Time left: 300 sec this turn | 300 sec total\n|\n|t:|1783548131\n|move|p2a: Comfey|Draining Kiss|p1a: Dudunsparce\n|-damage|p1a: Dudunsparce|162/343\n|-heal|p2a: Comfey|92/100|[from] drain|[of] p1a: Dudunsparce\n|move|p1a: Dudunsparce|Roost|p1a: Dudunsparce\n|-heal|p1a: Dudunsparce|334/343\n|-singleturn|p1a: Dudunsparce|move: Roost\n|\n|-heal|p2a: Comfey|98/100|[from] item: Leftovers\n|-heal|p1a: Dudunsparce|343/343|[from] item: Leftovers\n|upkeep\n|turn|23\n|inactive|Time left: 300 sec this turn | 300 sec total\n|\n|t:|1783548132\n|move|p2a: Comfey|Tera Blast|p1a: Dudunsparce\n|-damage|p1a: Dudunsparce|269/343\n|move|p1a: Dudunsparce|Boomburst|p2a: Comfey\n|-damage|p2a: Comfey|60/100\n|\n|-heal|p2a: Comfey|66/100|[from] item: Leftovers\n|-heal|p1a: Dudunsparce|290/343|[from] item: Leftovers\n|upkeep\n|turn|24\n|inactive|Time left: 300 sec this turn | 300 sec total\n|\n|t:|1783548134\n|move|p2a: Comfey|Draining Kiss|p1a: Dudunsparce\n|-damage|p1a: Dudunsparce|221/343\n|-heal|p2a: Comfey|89/100|[from] drain|[of] p1a: Dudunsparce\n|move|p1a: Dudunsparce|Boomburst|p2a: Comfey\n|-damage|p2a: Comfey|54/100\n|\n|-heal|p2a: Comfey|60/100|[from] item: Leftovers\n|-heal|p1a: Dudunsparce|242/343|[from] item: Leftovers\n|upkeep\n|turn|25\n|inactive|Time left: 300 sec this turn | 300 sec total\n|\n|t:|1783548135\n|move|p2a: Comfey|Draining Kiss|p1a: Dudunsparce\n|-damage|p1a: Dudunsparce|164/343\n|-heal|p2a: Comfey|86/100|[from] drain|[of] p1a: Dudunsparce\n|move|p1a: Dudunsparce|Boomburst|p2a: Comfey\n|-damage|p2a: Comfey|48/100\n|\n|-heal|p2a: Comfey|55/100|[from] item: Leftovers\n|-heal|p1a: Dudunsparce|185/343|[from] item: Leftovers\n|upkeep\n|turn|26\n|inactive|Time left: 300 sec this turn | 300 sec total\n|\n|t:|1783548136\n|move|p2a: Comfey|Draining Kiss|p1a: Dudunsparce\n|-damage|p1a: Dudunsparce|118/343\n|-heal|p2a: Comfey|77/100|[from] drain|[of] p1a: Dudunsparce\n|move|p1a: Dudunsparce|Roost|p1a: Dudunsparce\n|-heal|p1a: Dudunsparce|290/343\n|-singleturn|p1a: Dudunsparce|move: Roost\n|\n|-heal|p2a: Comfey|83/100|[from] item: Leftovers\n|-heal|p1a: Dudunsparce|311/343|[from] item: Leftovers\n|upkeep\n|turn|27\n|inactive|Time left: 300 sec this turn | 300 sec total\n|\n|t:|1783548137\n|move|p2a: Comfey|Draining Kiss|p1a: Dudunsparce\n|-damage|p1a: Dudunsparce|233/343\n|-heal|p2a: Comfey|100/100|[from] drain|[of] p1a: Dudunsparce\n|move|p1a: Dudunsparce|Boomburst|p2a: Comfey\n|-damage|p2a: Comfey|64/100\n|\n|-heal|p2a: Comfey|71/100|[from] item: Leftovers\n|-heal|p1a: Dudunsparce|254/343|[from] item: Leftovers\n|upkeep\n|turn|28\n|inactive|Time left: 300 sec this turn | 300 sec total\n|\n|t:|1783548138\n|move|p2a: Comfey|Draining Kiss|p1a: Dudunsparce\n|-damage|p1a: Dudunsparce|181/343\n|-heal|p2a: Comfey|95/100|[from] drain|[of] p1a: Dudunsparce\n|move|p1a: Dudunsparce|Boomburst|p2a: Comfey\n|-damage|p2a: Comfey|61/100\n|\n|-heal|p2a: Comfey|68/100|[from] item: Leftovers\n|-heal|p1a: Dudunsparce|202/343|[from] item: Leftovers\n|upkeep\n|turn|29\n|inactive|Time left: 300 sec this turn | 300 sec total\n|\n|t:|1783548139\n|move|p2a: Comfey|Draining Kiss|p1a: Dudunsparce\n|-damage|p1a: Dudunsparce|126/343\n|-heal|p2a: Comfey|93/100|[from] drain|[of] p1a: Dudunsparce\n|move|p1a: Dudunsparce|Roost|p1a: Dudunsparce\n|-heal|p1a: Dudunsparce|298/343\n|-singleturn|p1a: Dudunsparce|move: Roost\n|\n|-heal|p2a: Comfey|99/100|[from] item: Leftovers\n|-heal|p1a: Dudunsparce|319/343|[from] item: Leftovers\n|upkeep\n|turn|30\n|inactive|Time left: 300 sec this turn | 300 sec total\n|\n|t:|1783548139\n|move|p2a: Comfey|Tera Blast|p1a: Dudunsparce\n|-damage|p1a: Dudunsparce|244/343\n|move|p1a: Dudunsparce|Boomburst|p2a: Comfey\n|-damage|p2a: Comfey|64/100\n|\n|-heal|p2a: Comfey|70/100|[from] item: Leftovers\n|-heal|p1a: Dudunsparce|265/343|[from] item: Leftovers\n|upkeep\n|turn|31\n|inactive|Time left: 300 sec this turn | 300 sec total\n|\n|t:|1783548140\n|move|p2a: Comfey|Draining Kiss|p1a: Dudunsparce\n|-damage|p1a: Dudunsparce|193/343\n|-heal|p2a: Comfey|94/100|[from] drain|[of] p1a: Dudunsparce\n|move|p1a: Dudunsparce|Boomburst|p2a: Comfey\n|-damage|p2a: Comfey|60/100\n|\n|-heal|p2a: Comfey|67/100|[from] item: Leftovers\n|-heal|p1a: Dudunsparce|214/343|[from] item: Leftovers\n|upkeep\n|turn|32\n|inactive|Time left: 300 sec this turn | 300 sec total\n|\n|t:|1783548141\n|move|p2a: Comfey|Draining Kiss|p1a: Dudunsparce\n|-damage|p1a: Dudunsparce|136/343\n|-heal|p2a: Comfey|93/100|[from] drain|[of] p1a: Dudunsparce\n|move|p1a: Dudunsparce|Roost|p1a: Dudunsparce\n|-heal|p1a: Dudunsparce|308/343\n|-singleturn|p1a: Dudunsparce|move: Roost\n|\n|-heal|p2a: Comfey|99/100|[from] item: Leftovers\n|-heal|p1a: Dudunsparce|329/343|[from] item: Leftovers\n|upkeep\n|turn|33\n|inactive|Time left: 300 sec this turn | 300 sec total\n|\n|t:|1783548142\n|move|p2a: Comfey|Draining Kiss|p1a: Dudunsparce\n|-damage|p1a: Dudunsparce|256/343\n|-heal|p2a: Comfey|100/100|[from] drain|[of] p1a: Dudunsparce\n|move|p1a: Dudunsparce|Boomburst|p2a: Comfey\n|-damage|p2a: Comfey|64/100\n|\n|-heal|p2a: Comfey|71/100|[from] item: Leftovers\n|-heal|p1a: Dudunsparce|277/343|[from] item: Leftovers\n|upkeep\n|turn|34\n|inactive|Time left: 300 sec this turn | 300 sec total\n|\n|t:|1783548144\n|move|p2a: Comfey|Synthesis|p2a: Comfey\n|-heal|p2a: Comfey|100/100\n|move|p1a: Dudunsparce|Roost|p1a: Dudunsparce\n|-heal|p1a: Dudunsparce|343/343\n|-singleturn|p1a: Dudunsparce|move: Roost\n|\n|upkeep\n|turn|35\n|inactive|Time left: 300 sec this turn | 300 sec total\n|\n|t:|1783548144\n|move|p2a: Comfey|Tera Blast|p1a: Dudunsparce\n|-damage|p1a: Dudunsparce|265/343\n|move|p1a: Dudunsparce|Shadow Ball|p2a: Comfey\n|-damage|p2a: Comfey|87/100\n|\n|-heal|p2a: Comfey|93/100|[from] item: Leftovers\n|-heal|p1a: Dudunsparce|286/343|[from] item: Leftovers\n|upkeep\n|turn|36\n|inactive|Time left: 300 sec this turn | 300 sec total\n|\n|t:|1783548145\n|move|p2a: Comfey|Tera Blast|p1a: Dudunsparce\n|-damage|p1a: Dudunsparce|205/343\n|move|p1a: Dudunsparce|Shadow Ball|p2a: Comfey\n|-damage|p2a: Comfey|79/100\n|\n|-heal|p2a: Comfey|85/100|[from] item: Leftovers\n|-heal|p1a: Dudunsparce|226/343|[from] item: Leftovers\n|upkeep\n|turn|37\n|inactive|Time left: 300 sec this turn | 300 sec total\n|\n|t:|1783548146\n|move|p2a: Comfey|Tera Blast|p1a: Dudunsparce\n|-damage|p1a: Dudunsparce|149/343\n|move|p1a: Dudunsparce|Roost|p1a: Dudunsparce\n|-heal|p1a: Dudunsparce|321/343\n|-singleturn|p1a: Dudunsparce|move: Roost\n|\n|-heal|p2a: Comfey|92/100|[from] item: Leftovers\n|-heal|p1a: Dudunsparce|342/343|[from] item: Leftovers\n|upkeep\n|turn|38\n|inactive|Time left: 300 sec this turn | 300 sec total\n|\n|t:|1783548148\n|move|p2a: Comfey|Tera Blast|p1a: Dudunsparce\n|-crit|p1a: Dudunsparce\n|-damage|p1a: Dudunsparce|0 fnt\n|faint|p1a: Dudunsparce\n|\n|-heal|p2a: Comfey|98/100|[from] item: Leftovers\n|upkeep\n|inactive|Time left: 300 sec this turn | 300 sec total | 5 sec grace\n|\n|t:|1783548149\n|switch|p1a: Gastrodon|Gastrodon, L86, M|331/331\n|turn|39\n|inactive|Time left: 300 sec this turn | 300 sec total\n|\n|t:|1783548150\n|-terastallize|p2a: Comfey|Ground\n|move|p2a: Comfey|Tera Blast|p1a: Gastrodon|[anim] Tera Blast Ground\n|-damage|p1a: Gastrodon|16/331\n|move|p1a: Gastrodon|Recover|p1a: Gastrodon\n|-heal|p1a: Gastrodon|182/331\n|\n|-heal|p2a: Comfey|100/100|[from] item: Leftovers\n|-heal|p1a: Gastrodon|202/331|[from] item: Leftovers\n|upkeep\n|turn|40\n|inactive|Time left: 300 sec this turn | 300 sec total\n|\n|t:|1783548151\n|switch|p1a: Iron Valiant|Iron Valiant, L78|117/244\n|move|p2a: Comfey|Tera Blast|p1a: Iron Valiant|[anim] Tera Blast Ground\n|-damage|p1a: Iron Valiant|0 fnt\n|faint|p1a: Iron Valiant\n|-end|p1a: Iron Valiant|Quark Drive|[silent]\n|\n|upkeep\n|inactive|Time left: 300 sec this turn | 300 sec total | 5 sec grace\n|\n|t:|1783548152\n|switch|p1a: Baxcalibur|Baxcalibur, L75, F, tera:Dragon|91/295\n|turn|41\n|inactive|Time left: 300 sec this turn | 300 sec total\n|\n|t:|1783548153\n|move|p2a: Comfey|Tera Blast|p1a: Baxcalibur|[anim] Tera Blast Ground\n|-damage|p1a: Baxcalibur|0 fnt\n|faint|p1a: Baxcalibur\n|\n|upkeep\n|inactive|Time left: 300 sec this turn | 300 sec total | 5 sec grace\n|\n|t:|1783548154\n|switch|p1a: Zebstrika|Zebstrika, L87, F|272/272\n|turn|42\n|inactive|Time left: 300 sec this turn | 300 sec total\n|\n|t:|1783548155\n|move|p1a: Zebstrika|Overheat|p2a: Comfey\n|-damage|p2a: Comfey|89/100\n|-unboost|p1a: Zebstrika|spa|2\n|-damage|p1a: Zebstrika|245/272|[from] item: Life Orb\n|move|p2a: Comfey|Tera Blast|p1a: Zebstrika|[anim] Tera Blast Ground\n|-supereffective|p1a: Zebstrika\n|-damage|p1a: Zebstrika|0 fnt\n|faint|p1a: Zebstrika\n|\n|-heal|p2a: Comfey|96/100|[from] item: Leftovers\n|upkeep\n|inactive|Time left: 300 sec this turn | 300 sec total | 5 sec grace\n|\n|t:|1783548155\n|switch|p1a: Gastrodon|Gastrodon, L86, M|202/331\n|turn|43\n|inactive|Time left: 300 sec this turn | 300 sec total\n|\n|t:|1783548156\n|move|p2a: Comfey|Tera Blast|p1a: Gastrodon|[anim] Tera Blast Ground\n|-damage|p1a: Gastrodon|0 fnt\n|faint|p1a: Gastrodon\n|\n|win|p0y714754f", "uploadtime": 1783548156, "views": 0, "rating": 0, "private": 0, "password": null, "_winner": "p0y714754f", "_our_name": "p0x714b991"}