{"id": "battle-gen9randombattle-2491", "formatid": "gen9randombattle", "format": "[Gen 9] Random Battle", "players": ["p0x2491b323", "p0y24919ca8"], "log": "|init|battle\n|title|p0x2491b323 vs. p0y24919ca8\n|j|\u2606p0x2491b323\n|j|\u2606p0y24919ca8\n|t:|1783568886\n|gametype|singles\n|player|p1|p0x2491b323|1|\n|player|p2|p0y24919ca8|102|\n|gen|9\n|tier|[Gen 9] Random Battle\n|rule|Species Clause: Limit one of each Pok\u00e9mon\n|rule|HP Percentage Mod: HP is shown in percentages\n|rule|Sleep Clause Mod: Limit one foe put to sleep\n|rule|Illusion Level Mod: Illusion disguises the Pok\u00e9mon's true level\n|\n|t:|1783568886\n|teamsize|p1|6\n|teamsize|p2|6\n|start\n|switch|p1a: Volcarona|Volcarona, L77, M|100/100\n|switch|p2a: Sneasler|Sneasler, L74, F|240/240\n|turn|1\n|inactive|Battle timer is ON: inactive players will automatically lose when time's up. (requested by p0x2491b323)\n|inactive|Time left: 300 sec this turn | 300 sec total | 60 sec grace\n|inactive|p0y24919ca8 also wants the timer to be on.\n|\n|t:|1783568887\n|move|p2a: Sneasler|Swords Dance|p2a: Sneasler\n|-boost|p2a: Sneasler|atk|2\n|move|p1a: Volcarona|Fiery Dance|p2a: Sneasler\n|-damage|p2a: Sneasler|122/240\n|-boost|p1a: Volcarona|spa|1\n|\n|upkeep\n|turn|2\n|inactive|Time left: 300 sec this turn | 300 sec total\n|\n|t:|1783568889\n|switch|p1a: Basculegion|Basculegion-F, L83, F|100/100\n|-terastallize|p2a: Sneasler|Flying\n|move|p2a: Sneasler|Acrobatics|p1a: Basculegion\n|-damage|p1a: Basculegion|55/100\n|\n|upkeep\n|turn|3\n|inactive|Time left: 300 sec this turn | 300 sec total\n|\n|t:|1783568890\n|move|p2a: Sneasler|Dire Claw|p1a: Basculegion\n|-resisted|p1a: Basculegion\n|-damage|p1a: Basculegion|23/100\n|move|p1a: Basculegion|Shadow Ball|p2a: Sneasler\n|-damage|p2a: Sneasler|0 fnt\n|faint|p2a: Sneasler\n|\n|upkeep\n|inactive|Time left: 300 sec this turn | 300 sec total | 5 sec grace\n|\n|t:|1783568891\n|switch|p2a: Haxorus|Haxorus, L77, M|244/244\n|-ability|p2a: Haxorus|Mold Breaker\n|turn|4\n|inactive|Time left: 300 sec this turn | 300 sec total\n|\n|t:|1783568892\n|move|p2a: Haxorus|Outrage|p1a: Basculegion\n|-damage|p1a: Basculegion|0 fnt\n|faint|p1a: Basculegion\n|\n|upkeep\n|\n|t:|1783568893\n|switch|p1a: Dragapult|Dragapult, L77, F|100/100\n|turn|5\n|inactive|Time left: 300 sec this turn | 300 sec total\n|\n|t:|1783568895\n|-terastallize|p1a: Dragapult|Fairy\n|move|p1a: Dragapult|Dragon Darts|p2a: Haxorus\n|-supereffective|p2a: Haxorus\n|-damage|p2a: Haxorus|130/244\n|-anim|p1a: Dragapult|Dragon Darts|p2a: Haxorus\n|-supereffective|p2a: Haxorus\n|-damage|p2a: Haxorus|26/244\n|move|p2a: Haxorus|Outrage|p1a: Dragapult|[from] lockedmove\n|-immune|p1a: Dragapult\n|\n|upkeep\n|turn|6\n|inactive|Time left: 300 sec this turn | 300 sec total\n|\n|t:|1783568896\n|move|p1a: Dragapult|U-turn|p2a: Haxorus\n|-damage|p2a: Haxorus|0 fnt\n|faint|p2a: Haxorus\n|\n|t:|1783568897\n|switch|p1a: Magmortar|Magmortar, L88, M|100/100|[from] U-turn\n|\n|upkeep\n|inactive|Time left: 300 sec this turn | 300 sec total | 10 sec grace\n|\n|t:|1783568897\n|switch|p2a: Palafin|Palafin, L77, M|281/281\n|turn|7\n|inactive|Time left: 300 sec this turn | 300 sec total\n|\n|t:|1783568898\n|move|p2a: Palafin|Wave Crash|p1a: Magmortar\n|-supereffective|p1a: Magmortar\n|-damage|p1a: Magmortar|0 fnt\n|faint|p1a: Magmortar\n|-damage|p2a: Palafin|190/281|[from] Recoil\n|\n|upkeep\n|\n|t:|1783568899\n|switch|p1a: Furret|Furret, L94, F|100/100\n|-item|p2a: Palafin|Choice Band|[from] ability: Frisk|[of] p1a: Furret\n|turn|8\n|inactive|Time left: 300 sec this turn | 300 sec total\n|\n|t:|1783568900\n|detailschange|p2a: Palafin|Palafin-Hero, L77, M\n|switch|p2a: Armarouge|Armarouge, L80, F|267/267\n|move|p1a: Furret|Double-Edge|p2a: Armarouge\n|-damage|p2a: Armarouge|96/267\n|-ability|p2a: Armarouge|Weak Armor|boost\n|-unboost|p2a: Armarouge|def|1\n|-boost|p2a: Armarouge|spe|2\n|-damage|p1a: Furret|83/100|[from] Recoil\n|\n|upkeep\n|turn|9\n|inactive|Time left: 300 sec this turn | 300 sec total\n|\n|t:|1783568901\n|move|p2a: Armarouge|Armor Cannon|p1a: Furret\n|-damage|p1a: Furret|0 fnt\n|-unboost|p2a: Armarouge|def|1\n|-unboost|p2a: Armarouge|spd|1\n|faint|p1a: Furret\n|\n|upkeep\n|\n|t:|1783568902\n|switch|p1a: Volcarona|Volcarona, L77, M|100/100\n|turn|10\n|inactive|Time left: 300 sec this turn | 300 sec total\n|\n|t:|1783568903\n|move|p2a: Armarouge|Armor Cannon|p1a: Volcarona\n|-damage|p1a: Volcarona|14/100\n|-unboost|p2a: Armarouge|def|1\n|-unboost|p2a: Armarouge|spd|1\n|move|p1a: Volcarona|Bug Buzz|p2a: Armarouge\n|-damage|p2a: Armarouge|0 fnt\n|faint|p2a: Armarouge\n|\n|upkeep\n|inactive|Time left: 300 sec this turn | 300 sec total | 5 sec grace\n|\n|t:|1783568904\n|switch|p2a: Palafin|Palafin-Hero, L77, M|190/281\n|-activate|p2a: Palafin|ability: Zero to Hero\n|turn|11\n|inactive|Time left: 300 sec this turn | 300 sec total\n|\n|t:|1783568905\n|move|p2a: Palafin|Jet Punch|p1a: Volcarona\n|-supereffective|p1a: Volcarona\n|-damage|p1a: Volcarona|0 fnt\n|-status|p2a: Palafin|brn|[from] ability: Flame Body|[of] p1a: Volcarona\n|faint|p1a: Volcarona\n|\n|-damage|p2a: Palafin|173/281 brn|[from] brn\n|upkeep\n|\n|t:|1783568905\n|switch|p1a: Virizion|Virizion, L82|100/100\n|turn|12\n|inactive|Time left: 300 sec this turn | 300 sec total\n|\n|t:|1783568906\n|switch|p2a: Mew|Mew, L82|298/298\n|move|p1a: Virizion|Swords Dance|p1a: Virizion\n|-boost|p1a: Virizion|atk|2\n|\n|upkeep\n|turn|13\n|inactive|Time left: 300 sec this turn | 300 sec total\n|\n|t:|1783568907\n|move|p1a: Virizion|Leaf Blade|p2a: Mew\n|-damage|p2a: Mew|110/298\n|-damage|p1a: Virizion|91/100|[from] item: Life Orb\n|move|p2a: Mew|Psychic Fangs|p1a: Virizion\n|-supereffective|p1a: Virizion\n|-damage|p1a: Virizion|0 fnt\n|faint|p1a: Virizion\n|-damage|p2a: Mew|81/298|[from] item: Life Orb\n|\n|upkeep\n|\n|t:|1783568909\n|switch|p1a: Dragapult|Dragapult, L77, F, tera:Fairy|100/100\n|turn|14\n|inactive|Time left: 300 sec this turn | 300 sec total\n|\n|t:|1783568910\n|switch|p2a: Skuntank|Skuntank, L84, M|310/310\n|move|p1a: Dragapult|Hex|p2a: Skuntank\n|-resisted|p2a: Skuntank\n|-damage|p2a: Skuntank|286/310\n|\n|upkeep\n|turn|15\n|inactive|Time left: 300 sec this turn | 300 sec total\n|\n|t:|1783568911\n|move|p1a: Dragapult|Will-O-Wisp|p2a: Skuntank\n|-status|p2a: Skuntank|brn\n|move|p2a: Skuntank|Gunk Shot|p1a: Dragapult\n|-supereffective|p1a: Dragapult\n|-damage|p1a: Dragapult|42/100\n|\n|-damage|p2a: Skuntank|267/310 brn|[from] brn\n|upkeep\n|turn|16\n|inactive|Time left: 300 sec this turn | 300 sec total\n|\n|t:|1783568911\n|move|p1a: Dragapult|Dragon Darts|p2a: Skuntank\n|-damage|p2a: Skuntank|207/310 brn\n|-anim|p1a: Dragapult|Dragon Darts|p2a: Skuntank\n|-damage|p2a: Skuntank|138/310 brn\n|move|p2a: Skuntank|Gunk Shot|p1a: Dragapult\n|-supereffective|p1a: Dragapult\n|-damage|p1a: Dragapult|0 fnt\n|faint|p1a: Dragapult\n|\n|win|p0y24919ca8", "uploadtime": 1783568911, "views": 0, "rating": 0, "private": 0, "password": null, "_winner": "p0y24919ca8", "_our_name": "p0y24919ca8"}