{"id": "battle-gen9randombattle-1889", "formatid": "gen9randombattle", "format": "[Gen 9] Random Battle", "players": ["p0x1889a858", "p0y1889da60"], "log": "|init|battle\n|title|p0x1889a858 vs. p0y1889da60\n|j|\u2606p0x1889a858\n|j|\u2606p0y1889da60\n|t:|1783561869\n|gametype|singles\n|player|p1|p0x1889a858|102|\n|player|p2|p0y1889da60|102|\n|gen|9\n|tier|[Gen 9] Random Battle\n|rule|Species Clause: Limit one of each Pok\u00e9mon\n|rule|HP Percentage Mod: HP is shown in percentages\n|rule|Sleep Clause Mod: Limit one foe put to sleep\n|rule|Illusion Level Mod: Illusion disguises the Pok\u00e9mon's true level\n|\n|t:|1783561869\n|teamsize|p1|6\n|teamsize|p2|6\n|start\n|switch|p1a: Dugtrio|Dugtrio-Alola, L84, M|196/196\n|switch|p2a: Espeon|Espeon, L84, F|100/100\n|turn|1\n|inactive|Battle timer is ON: inactive players will automatically lose when time's up. (requested by p0y1889da60)\n|inactive|Time left: 300 sec this turn | 300 sec total | 60 sec grace\n|\n|t:|1783561871\n|move|p1a: Dugtrio|Earthquake|p2a: Espeon\n|-damage|p2a: Espeon|23/100\n|-damage|p1a: Dugtrio|177/196|[from] item: Life Orb\n|move|p2a: Espeon|Psyshock|p1a: Dugtrio\n|-resisted|p1a: Dugtrio\n|-damage|p1a: Dugtrio|78/196\n|\n|upkeep\n|turn|2\n|inactive|Time left: 300 sec this turn | 300 sec total\n|inactive|p0x1889a858 also wants the timer to be on.\n|\n|t:|1783561872\n|move|p2a: Espeon|Psyshock|p1a: Dugtrio\n|-resisted|p1a: Dugtrio\n|-damage|p1a: Dugtrio|0 fnt\n|faint|p1a: Dugtrio\n|\n|upkeep\n|inactive|Time left: 300 sec this turn | 300 sec total | 5 sec grace\n|\n|t:|1783561873\n|switch|p1a: Exeggutor|Exeggutor, L89, F|312/312\n|turn|3\n|inactive|Time left: 300 sec this turn | 300 sec total\n|\n|t:|1783561874\n|move|p2a: Espeon|Psyshock|p1a: Exeggutor\n|-resisted|p1a: Exeggutor\n|-damage|p1a: Exeggutor|237/312\n|move|p1a: Exeggutor|Calm Mind|p1a: Exeggutor\n|-boost|p1a: Exeggutor|spa|1\n|-boost|p1a: Exeggutor|spd|1\n|\n|upkeep\n|turn|4\n|inactive|Time left: 300 sec this turn | 300 sec total\n|\n|t:|1783561875\n|move|p2a: Espeon|Psyshock|p1a: Exeggutor\n|-resisted|p1a: Exeggutor\n|-damage|p1a: Exeggutor|159/312\n|move|p1a: Exeggutor|Giga Drain|p2a: Espeon\n|-damage|p2a: Espeon|0 fnt\n|-heal|p1a: Exeggutor|187/312|[from] drain|[of] p2a: Espeon\n|faint|p2a: Espeon\n|\n|upkeep\n|\n|t:|1783561876\n|switch|p2a: Gallade|Gallade, L80, M|100/100\n|turn|5\n|inactive|Time left: 300 sec this turn | 300 sec total\n|\n|t:|1783561877\n|move|p2a: Gallade|Night Slash|p1a: Exeggutor\n|-supereffective|p1a: Exeggutor\n|-damage|p1a: Exeggutor|0 fnt\n|faint|p1a: Exeggutor\n|-damage|p2a: Gallade|90/100|[from] item: Life Orb\n|\n|upkeep\n|inactive|Time left: 300 sec this turn | 300 sec total | 5 sec grace\n|\n|t:|1783561878\n|switch|p1a: Flamigo|Flamigo, L82, F|269/269\n|turn|6\n|inactive|Time left: 300 sec this turn | 300 sec total\n|\n|t:|1783561879\n|switch|p2a: Zacian|Zacian, L69|100/100\n|-ability|p2a: Zacian|Intrepid Sword|boost\n|-boost|p2a: Zacian|atk|1\n|move|p1a: Flamigo|Brave Bird|p2a: Zacian\n|-damage|p2a: Zacian|18/100\n|-damage|p1a: Flamigo|203/269|[from] Recoil\n|\n|upkeep\n|turn|7\n|inactive|Time left: 300 sec this turn | 300 sec total\n|\n|t:|1783561880\n|move|p2a: Zacian|Play Rough|p1a: Flamigo\n|-supereffective|p1a: Flamigo\n|-damage|p1a: Flamigo|0 fnt\n|faint|p1a: Flamigo\n|-damage|p2a: Zacian|8/100|[from] item: Life Orb\n|\n|upkeep\n|inactive|Time left: 300 sec this turn | 300 sec total | 5 sec grace\n|\n|t:|1783561881\n|switch|p1a: Talonflame|Talonflame, L83, F|265/265\n|turn|8\n|inactive|Time left: 300 sec this turn | 300 sec total\n|\n|t:|1783561882\n|switch|p2a: Misdreavus|Misdreavus, L90, F|100/100\n|move|p1a: Talonflame|U-turn|p2a: Misdreavus\n|-resisted|p2a: Misdreavus\n|-damage|p2a: Misdreavus|94/100\n|inactive|Time left: 300 sec this turn | 300 sec total | 5 sec grace\n|\n|t:|1783561883\n|switch|p1a: Magmortar|Magmortar, L88, F|275/275|[from] U-turn\n|\n|upkeep\n|turn|9\n|inactive|Time left: 300 sec this turn | 300 sec total\n|\n|t:|1783561884\n|move|p2a: Misdreavus|Calm Mind|p2a: Misdreavus\n|-boost|p2a: Misdreavus|spa|1\n|-boost|p2a: Misdreavus|spd|1\n|move|p1a: Magmortar|Knock Off|p2a: Misdreavus\n|-supereffective|p2a: Misdreavus\n|-damage|p2a: Misdreavus|45/100\n|-enditem|p2a: Misdreavus|Eviolite|[from] move: Knock Off|[of] p1a: Magmortar\n|\n|upkeep\n|turn|10\n|inactive|Time left: 300 sec this turn | 300 sec total\n|\n|t:|1783561885\n|move|p2a: Misdreavus|Shadow Ball|p1a: Magmortar\n|-damage|p1a: Magmortar|157/275\n|-unboost|p1a: Magmortar|spd|1\n|move|p1a: Magmortar|Fire Blast|p2a: Misdreavus\n|-damage|p2a: Misdreavus|2/100\n|\n|upkeep\n|turn|11\n|inactive|Time left: 300 sec this turn | 300 sec total\n|\n|t:|1783561886\n|switch|p1a: Talonflame|Talonflame, L83, F|265/265\n|move|p2a: Misdreavus|Shadow Ball|p1a: Talonflame\n|-damage|p1a: Talonflame|115/265\n|\n|upkeep\n|turn|12\n|inactive|Time left: 300 sec this turn | 300 sec total\n|\n|t:|1783561887\n|move|p1a: Talonflame|Brave Bird|p2a: Misdreavus\n|-damage|p2a: Misdreavus|0 fnt\n|faint|p2a: Misdreavus\n|-damage|p1a: Talonflame|114/265|[from] Recoil\n|\n|upkeep\n|\n|t:|1783561888\n|switch|p2a: Virizion|Virizion, L82|100/100\n|turn|13\n|inactive|Time left: 300 sec this turn | 300 sec total\n|\n|t:|1783561889\n|-terastallize|p2a: Virizion|Rock\n|move|p1a: Talonflame|Brave Bird|p2a: Virizion\n|-resisted|p2a: Virizion\n|-damage|p2a: Virizion|78/100\n|-damage|p1a: Talonflame|93/265|[from] Recoil\n|move|p2a: Virizion|Swords Dance|p2a: Virizion\n|-boost|p2a: Virizion|atk|2\n|\n|upkeep\n|turn|14\n|inactive|Time left: 300 sec this turn | 300 sec total\n|\n|t:|1783561890\n|move|p1a: Talonflame|Brave Bird|p2a: Virizion\n|-resisted|p2a: Virizion\n|-damage|p2a: Virizion|56/100\n|-damage|p1a: Talonflame|72/265|[from] Recoil\n|move|p2a: Virizion|Stone Edge|p1a: Talonflame|[miss]\n|-miss|p2a: Virizion|p1a: Talonflame\n|\n|upkeep\n|turn|15\n|inactive|Time left: 300 sec this turn | 300 sec total\n|\n|t:|1783561891\n|move|p1a: Talonflame|Brave Bird|p2a: Virizion\n|-resisted|p2a: Virizion\n|-damage|p2a: Virizion|32/100\n|-damage|p1a: Talonflame|50/265|[from] Recoil\n|move|p2a: Virizion|Stone Edge|p1a: Talonflame\n|-supereffective|p1a: Talonflame\n|-damage|p1a: Talonflame|0 fnt\n|faint|p1a: Talonflame\n|-damage|p2a: Virizion|22/100|[from] item: Life Orb\n|\n|upkeep\n|inactive|Time left: 300 sec this turn | 300 sec total | 5 sec grace\n|\n|t:|1783561892\n|switch|p1a: Luvdisc|Luvdisc, M|247/247\n|turn|16\n|inactive|Time left: 300 sec this turn | 300 sec total\n|\n|t:|1783561893\n|switch|p2a: Gallade|Gallade, L80, M|90/100\n|move|p1a: Luvdisc|Flip Turn|p2a: Gallade\n|-damage|p2a: Gallade|68/100\n|inactive|Time left: 300 sec this turn | 300 sec total | 5 sec grace\n|\n|t:|1783561894\n|switch|p1a: Magmortar|Magmortar, L88, F|157/275|[from] Flip Turn\n|\n|upkeep\n|turn|17\n|inactive|Time left: 300 sec this turn | 300 sec total\n|\n|t:|1783561895\n|move|p1a: Magmortar|Fire Blast|p2a: Gallade|[miss]\n|-miss|p1a: Magmortar|p2a: Gallade\n|move|p2a: Gallade|Sacred Sword|p1a: Magmortar\n|-damage|p1a: Magmortar|0 fnt\n|faint|p1a: Magmortar\n|-damage|p2a: Gallade|58/100|[from] item: Life Orb\n|\n|upkeep\n|inactive|Time left: 300 sec this turn | 300 sec total | 5 sec grace\n|\n|t:|1783561896\n|switch|p1a: Luvdisc|Luvdisc, M|247/247\n|turn|18\n|inactive|Time left: 300 sec this turn | 300 sec total\n|\n|t:|1783561896\n|move|p1a: Luvdisc|Substitute|p1a: Luvdisc\n|-start|p1a: Luvdisc|Substitute\n|-damage|p1a: Luvdisc|186/247\n|move|p2a: Gallade|Sacred Sword|p1a: Luvdisc\n|-end|p1a: Luvdisc|Substitute\n|-damage|p2a: Gallade|48/100|[from] item: Life Orb\n|\n|upkeep\n|turn|19\n|inactive|Time left: 300 sec this turn | 300 sec total\n|\n|t:|1783561897\n|-terastallize|p1a: Luvdisc|Ghost\n|move|p1a: Luvdisc|Substitute|p1a: Luvdisc\n|-start|p1a: Luvdisc|Substitute\n|-damage|p1a: Luvdisc|125/247\n|move|p2a: Gallade|Psycho Cut|p1a: Luvdisc\n|-crit|p1a: Luvdisc\n|-end|p1a: Luvdisc|Substitute\n|-damage|p2a: Gallade|38/100|[from] item: Life Orb\n|\n|upkeep\n|turn|20\n|inactive|Time left: 300 sec this turn | 300 sec total\n|\n|t:|1783561898\n|move|p1a: Luvdisc|Substitute|p1a: Luvdisc\n|-start|p1a: Luvdisc|Substitute\n|-damage|p1a: Luvdisc|64/247\n|move|p2a: Gallade|Night Slash|p1a: Luvdisc\n|-supereffective|p1a: Luvdisc\n|-end|p1a: Luvdisc|Substitute\n|-damage|p2a: Gallade|28/100|[from] item: Life Orb\n|\n|upkeep\n|turn|21\n|inactive|Time left: 300 sec this turn | 300 sec total\n|\n|t:|1783561899\n|move|p1a: Luvdisc|Substitute|p1a: Luvdisc\n|-start|p1a: Luvdisc|Substitute\n|-damage|p1a: Luvdisc|3/247\n|move|p2a: Gallade|Psycho Cut|p1a: Luvdisc\n|-end|p1a: Luvdisc|Substitute\n|-damage|p2a: Gallade|18/100|[from] item: Life Orb\n|\n|upkeep\n|turn|22\n|inactive|Time left: 300 sec this turn | 300 sec total\n|\n|t:|1783561900\n|move|p1a: Luvdisc|Flip Turn|p2a: Gallade\n|-damage|p2a: Gallade|0 fnt\n|faint|p2a: Gallade\n|\n|upkeep\n|\n|t:|1783561900\n|switch|p2a: Tsareena|Tsareena, L87, F|100/100\n|turn|23\n|inactive|Time left: 300 sec this turn | 300 sec total\n|\n|t:|1783561901\n|move|p1a: Luvdisc|Endeavor|p2a: Tsareena\n|-damage|p2a: Tsareena|2/100\n|move|p2a: Tsareena|U-turn|p1a: Luvdisc\n|-resisted|p1a: Luvdisc\n|-damage|p1a: Luvdisc|0 fnt\n|faint|p1a: Luvdisc\n|\n|win|p0y1889da60", "uploadtime": 1783561901, "views": 0, "rating": 0, "private": 0, "password": null, "_winner": "p0y1889da60", "_our_name": "p0x1889a858"}