{"id": "battle-gen9randombattle-1148", "formatid": "gen9randombattle", "format": "[Gen 9] Random Battle", "players": ["p0x11482769", "p0y114865aa"], "log": "|init|battle\n|title|p0x11482769 vs. p0y114865aa\n|j|\u2606p0x11482769\n|j|\u2606p0y114865aa\n|t:|1783553330\n|gametype|singles\n|player|p1|p0x11482769|266|\n|player|p2|p0y114865aa|266|\n|gen|9\n|tier|[Gen 9] Random Battle\n|rule|Species Clause: Limit one of each Pok\u00e9mon\n|rule|HP Percentage Mod: HP is shown in percentages\n|rule|Sleep Clause Mod: Limit one foe put to sleep\n|rule|Illusion Level Mod: Illusion disguises the Pok\u00e9mon's true level\n|\n|t:|1783553331\n|teamsize|p1|6\n|teamsize|p2|6\n|start\n|switch|p1a: Delibird|Delibird, M|252/252\n|switch|p2a: Swanna|Swanna, L89, F|100/100\n|turn|1\n|inactive|Battle timer is ON: inactive players will automatically lose when time's up. (requested by p0y114865aa)\n|inactive|Time left: 300 sec this turn | 300 sec total | 60 sec grace\n|inactive|p0x11482769 also wants the timer to be on.\n|\n|t:|1783553332\n|move|p2a: Swanna|Brave Bird|p1a: Delibird\n|-damage|p1a: Delibird|72/252\n|-damage|p2a: Swanna|79/100|[from] Recoil\n|move|p1a: Delibird|Brave Bird|p2a: Swanna\n|-damage|p2a: Swanna|2/100\n|-damage|p1a: Delibird|1/252|[from] Recoil\n|\n|upkeep\n|turn|2\n|inactive|Time left: 300 sec this turn | 300 sec total\n|\n|t:|1783553333\n|move|p2a: Swanna|Roost|p2a: Swanna\n|-heal|p2a: Swanna|52/100\n|-singleturn|p2a: Swanna|move: Roost\n|move|p1a: Delibird|Ice Spinner|p2a: Swanna\n|-resisted|p2a: Swanna\n|-damage|p2a: Swanna|25/100\n|\n|upkeep\n|turn|3\n|inactive|Time left: 300 sec this turn | 300 sec total\n|\n|t:|1783553334\n|move|p2a: Swanna|Brave Bird|p1a: Delibird\n|-damage|p1a: Delibird|0 fnt\n|faint|p1a: Delibird\n|-damage|p2a: Swanna|25/100|[from] Recoil\n|\n|upkeep\n|inactive|Time left: 300 sec this turn | 300 sec total | 5 sec grace\n|\n|t:|1783553335\n|switch|p1a: Noctowl|Noctowl, L95, F|344/344\n|turn|4\n|inactive|Time left: 300 sec this turn | 300 sec total\n|\n|t:|1783553337\n|move|p2a: Swanna|Roost|p2a: Swanna\n|-heal|p2a: Swanna|75/100\n|-singleturn|p2a: Swanna|move: Roost\n|move|p1a: Noctowl|Calm Mind|p1a: Noctowl\n|-boost|p1a: Noctowl|spa|1\n|-boost|p1a: Noctowl|spd|1\n|\n|upkeep\n|turn|5\n|inactive|Time left: 300 sec this turn | 300 sec total\n|\n|t:|1783553337\n|switch|p2a: Ho-Oh|Ho-Oh, L71|100/100\n|move|p1a: Noctowl|Hurricane|p2a: Ho-Oh\n|-damage|p2a: Ho-Oh|45/100\n|\n|upkeep\n|turn|6\n|inactive|Time left: 300 sec this turn | 300 sec total\n|\n|t:|1783553338\n|switch|p2a: Lurantis|Lurantis, L87, F|100/100\n|move|p1a: Noctowl|Hurricane|p2a: Lurantis|[miss]\n|-miss|p1a: Noctowl|p2a: Lurantis\n|\n|upkeep\n|turn|7\n|inactive|Time left: 300 sec this turn | 300 sec total\n|\n|t:|1783553340\n|move|p1a: Noctowl|Hurricane|p2a: Lurantis\n|-supereffective|p2a: Lurantis\n|-damage|p2a: Lurantis|7/100\n|-start|p2a: Lurantis|confusion\n|-activate|p2a: Lurantis|confusion\n|move|p2a: Lurantis|Superpower|p1a: Noctowl\n|-damage|p1a: Noctowl|210/344\n|-boost|p2a: Lurantis|atk|1\n|-boost|p2a: Lurantis|def|1\n|\n|upkeep\n|turn|8\n|inactive|Time left: 300 sec this turn | 300 sec total\n|\n|t:|1783553341\n|move|p1a: Noctowl|Hyper Voice|p2a: Lurantis\n|-damage|p2a: Lurantis|0 fnt\n|faint|p2a: Lurantis\n|\n|upkeep\n|\n|t:|1783553342\n|switch|p2a: Komala|Komala, L87, M|100/100\n|-ability|p2a: Komala|Comatose\n|turn|9\n|inactive|Time left: 300 sec this turn | 300 sec total\n|\n|t:|1783553343\n|move|p2a: Komala|Body Slam|p1a: Noctowl\n|-damage|p1a: Noctowl|57/344\n|move|p1a: Noctowl|Roost|p1a: Noctowl\n|-heal|p1a: Noctowl|229/344\n|-singleturn|p1a: Noctowl|move: Roost\n|\n|upkeep\n|turn|10\n|inactive|Time left: 300 sec this turn | 300 sec total\n|\n|t:|1783553344\n|move|p2a: Komala|Body Slam|p1a: Noctowl\n|-damage|p1a: Noctowl|93/344\n|move|p1a: Noctowl|Hurricane|p2a: Komala\n|-damage|p2a: Komala|24/100\n|-start|p2a: Komala|confusion\n|\n|upkeep\n|turn|11\n|inactive|Time left: 300 sec this turn | 300 sec total\n|\n|t:|1783553345\n|-terastallize|p1a: Noctowl|Steel\n|-activate|p2a: Komala|confusion\n|move|p2a: Komala|Body Slam|p1a: Noctowl\n|-resisted|p1a: Noctowl\n|-damage|p1a: Noctowl|21/344\n|-status|p1a: Noctowl|par\n|cant|p1a: Noctowl|par\n|\n|upkeep\n|turn|12\n|inactive|Time left: 300 sec this turn | 300 sec total\n|\n|t:|1783553346\n|-activate|p2a: Komala|confusion\n|move|p2a: Komala|Body Slam|p1a: Noctowl\n|-resisted|p1a: Noctowl\n|-damage|p1a: Noctowl|0 fnt\n|faint|p1a: Noctowl\n|\n|upkeep\n|inactive|Time left: 300 sec this turn | 300 sec total | 5 sec grace\n|\n|t:|1783553347\n|switch|p1a: Jolteon|Jolteon, L84, M|246/246\n|turn|13\n|inactive|Time left: 300 sec this turn | 300 sec total\n|\n|t:|1783553348\n|switch|p2a: Flapple|Flapple, L88, F|100/100\n|move|p1a: Jolteon|Thunderbolt|p2a: Flapple\n|-resisted|p2a: Flapple\n|-damage|p2a: Flapple|87/100\n|\n|upkeep\n|turn|14\n|inactive|Time left: 300 sec this turn | 300 sec total\n|\n|t:|1783553349\n|move|p1a: Jolteon|Substitute|p1a: Jolteon\n|-start|p1a: Jolteon|Substitute\n|-damage|p1a: Jolteon|185/246\n|move|p2a: Flapple|Outrage|p1a: Jolteon\n|-end|p1a: Jolteon|Substitute\n|\n|-heal|p1a: Jolteon|200/246|[from] item: Leftovers\n|upkeep\n|turn|15\n|inactive|Time left: 300 sec this turn | 300 sec total\n|\n|t:|1783553350\n|move|p1a: Jolteon|Substitute|p1a: Jolteon\n|-start|p1a: Jolteon|Substitute\n|-damage|p1a: Jolteon|139/246\n|move|p2a: Flapple|Outrage|p1a: Jolteon|[from] lockedmove\n|-end|p1a: Jolteon|Substitute\n|-start|p2a: Flapple|confusion|[fatigue]\n|-enditem|p2a: Flapple|Lum Berry|[eat]\n|-end|p2a: Flapple|confusion\n|\n|-heal|p1a: Jolteon|154/246|[from] item: Leftovers\n|upkeep\n|turn|16\n|inactive|Time left: 300 sec this turn | 300 sec total\n|\n|t:|1783553351\n|move|p1a: Jolteon|Thunderbolt|p2a: Flapple\n|-resisted|p2a: Flapple\n|-damage|p2a: Flapple|75/100\n|move|p2a: Flapple|Grav Apple|p1a: Jolteon\n|-damage|p1a: Jolteon|0 fnt\n|faint|p1a: Jolteon\n|\n|upkeep\n|inactive|Time left: 300 sec this turn | 300 sec total | 5 sec grace\n|\n|t:|1783553352\n|switch|p1a: Hoopa|Hoopa-Unbound, L80|259/259\n|turn|17\n|inactive|Time left: 300 sec this turn | 300 sec total\n|\n|t:|1783553353\n|move|p1a: Hoopa|Hyperspace Fury|p2a: Flapple\n|-damage|p2a: Flapple|0 fnt\n|-unboost|p1a: Hoopa|def|1\n|faint|p2a: Flapple\n|\n|upkeep\n|\n|t:|1783553354\n|switch|p2a: Ho-Oh|Ho-Oh, L71|78/100\n|turn|18\n|inactive|Time left: 300 sec this turn | 300 sec total\n|\n|t:|1783553355\n|switch|p2a: Komala|Komala, L87, M|24/100\n|-ability|p2a: Komala|Comatose\n|move|p1a: Hoopa|Hyperspace Fury|p2a: Komala\n|-damage|p2a: Komala|0 fnt\n|-unboost|p1a: Hoopa|def|1\n|faint|p2a: Komala\n|\n|upkeep\n|\n|t:|1783553356\n|switch|p2a: Swanna|Swanna, L89, F|75/100\n|turn|19\n|inactive|Time left: 300 sec this turn | 300 sec total\n|\n|t:|1783553357\n|switch|p1a: Swalot|Swalot, L90, F|326/326\n|move|p2a: Swanna|Brave Bird|p1a: Swalot\n|-damage|p1a: Swalot|188/326\n|-damage|p2a: Swanna|58/100|[from] Recoil\n|\n|-heal|p1a: Swalot|208/326|[from] item: Leftovers\n|upkeep\n|turn|20\n|inactive|Time left: 300 sec this turn | 300 sec total\n|\n|t:|1783553358\n|move|p2a: Swanna|Brave Bird|p1a: Swalot\n|-damage|p1a: Swalot|69/326\n|-damage|p2a: Swanna|42/100|[from] Recoil\n|move|p1a: Swalot|Toxic|p2a: Swanna\n|-status|p2a: Swanna|tox\n|\n|-heal|p1a: Swalot|89/326|[from] item: Leftovers\n|-damage|p2a: Swanna|36/100 tox|[from] psn\n|upkeep\n|turn|21\n|inactive|Time left: 300 sec this turn | 300 sec total\n|\n|t:|1783553359\n|move|p1a: Swalot|Protect|p1a: Swalot\n|-singleturn|p1a: Swalot|Protect\n|move|p2a: Swanna|Brave Bird|p1a: Swalot\n|-activate|p1a: Swalot|move: Protect\n|\n|-heal|p1a: Swalot|109/326|[from] item: Leftovers\n|-damage|p2a: Swanna|24/100 tox|[from] psn\n|upkeep\n|turn|22\n|inactive|Time left: 300 sec this turn | 300 sec total\n|\n|t:|1783553360\n|move|p1a: Swalot|Protect|p1a: Swalot\n|-singleturn|p1a: Swalot|Protect\n|move|p2a: Swanna|Hydro Pump|p1a: Swalot\n|-activate|p1a: Swalot|move: Protect\n|\n|-heal|p1a: Swalot|129/326|[from] item: Leftovers\n|-damage|p2a: Swanna|5/100 tox|[from] psn\n|upkeep\n|turn|23\n|inactive|Time left: 300 sec this turn | 300 sec total\n|\n|t:|1783553360\n|move|p2a: Swanna|Brave Bird|p1a: Swalot\n|-damage|p1a: Swalot|6/326\n|-damage|p2a: Swanna|0 fnt|[from] Recoil\n|faint|p2a: Swanna\n|move|p1a: Swalot|Sludge Bomb|p2: Swanna|[notarget]\n|-fail|p1a: Swalot\n|\n|-heal|p1a: Swalot|26/326|[from] item: Leftovers\n|upkeep\n|\n|t:|1783553361\n|switch|p2a: Ho-Oh|Ho-Oh, L71|100/100\n|turn|24\n|inactive|Time left: 300 sec this turn | 300 sec total\n|\n|t:|1783553362\n|move|p2a: Ho-Oh|Sacred Fire|p1a: Swalot\n|-damage|p1a: Swalot|0 fnt\n|faint|p1a: Swalot\n|\n|upkeep\n|inactive|Time left: 300 sec this turn | 300 sec total | 5 sec grace\n|\n|t:|1783553363\n|switch|p1a: Hoopa|Hoopa-Unbound, L80|259/259\n|turn|25\n|inactive|Time left: 300 sec this turn | 300 sec total\n|\n|t:|1783553364\n|move|p1a: Hoopa|Hyperspace Fury|p2a: Ho-Oh\n|-damage|p2a: Ho-Oh|0 fnt\n|-unboost|p1a: Hoopa|def|1\n|faint|p2a: Ho-Oh\n|\n|upkeep\n|\n|t:|1783553366\n|switch|p2a: Lapras|Lapras, L87, F|100/100\n|turn|26\n|inactive|Time left: 300 sec this turn | 300 sec total\n|\n|t:|1783553366\n|move|p1a: Hoopa|Hyperspace Fury|p2a: Lapras\n|-damage|p2a: Lapras|43/100\n|-unboost|p1a: Hoopa|def|1\n|move|p2a: Lapras|Freeze-Dry|p1a: Hoopa\n|-damage|p1a: Hoopa|199/259\n|\n|upkeep\n|turn|27\n|inactive|Time left: 300 sec this turn | 300 sec total\n|\n|t:|1783553367\n|move|p1a: Hoopa|Hyperspace Fury|p2a: Lapras\n|-crit|p2a: Lapras\n|-damage|p2a: Lapras|0 fnt\n|-unboost|p1a: Hoopa|def|1\n|faint|p2a: Lapras\n|\n|win|p0x11482769", "uploadtime": 1783553367, "views": 0, "rating": 0, "private": 0, "password": null, "_winner": "p0x11482769", "_our_name": "p0x11482769"}