{"id": "battle-gen9randombattle-489", "formatid": "gen9randombattle", "format": "[Gen 9] Random Battle", "players": ["p0x489098c", "p0y489ca78"], "log": "|init|battle\n|title|p0x489098c vs. p0y489ca78\n|j|\u2606p0x489098c\n|j|\u2606p0y489ca78\n|t:|1783545457\n|gametype|singles\n|player|p1|p0x489098c|2|\n|player|p2|p0y489ca78|101|\n|gen|9\n|tier|[Gen 9] Random Battle\n|rule|Species Clause: Limit one of each Pok\u00e9mon\n|rule|HP Percentage Mod: HP is shown in percentages\n|rule|Sleep Clause Mod: Limit one foe put to sleep\n|rule|Illusion Level Mod: Illusion disguises the Pok\u00e9mon's true level\n|\n|t:|1783545457\n|teamsize|p1|6\n|teamsize|p2|6\n|start\n|switch|p1a: Regieleki|Regieleki, L79|256/256\n|switch|p2a: Iron Hands|Iron Hands, L79|100/100\n|turn|1\n|inactive|Battle timer is ON: inactive players will automatically lose when time's up. (requested by p0y489ca78)\n|inactive|Time left: 300 sec this turn | 300 sec total | 60 sec grace\n|inactive|p0x489098c also wants the timer to be on.\n|\n|t:|1783545458\n|move|p1a: Regieleki|Volt Switch|p2a: Iron Hands\n|-resisted|p2a: Iron Hands\n|-damage|p2a: Iron Hands|83/100\n|inactive|Time left: 300 sec this turn | 300 sec total | 65 sec grace\n|\n|t:|1783545459\n|switch|p1a: Flareon|Flareon, L90, M|263/263|[from] Volt Switch\n|move|p2a: Iron Hands|Swords Dance|p2a: Iron Hands\n|-boost|p2a: Iron Hands|atk|2\n|\n|-heal|p2a: Iron Hands|89/100|[from] item: Leftovers\n|-status|p1a: Flareon|tox|[from] item: Toxic Orb\n|upkeep\n|turn|2\n|inactive|Time left: 300 sec this turn | 300 sec total\n|\n|t:|1783545460\n|move|p1a: Flareon|Flare Blitz|p2a: Iron Hands\n|-damage|p2a: Iron Hands|27/100\n|-damage|p1a: Flareon|186/263 tox|[from] Recoil\n|move|p2a: Iron Hands|Drain Punch|p1a: Flareon\n|-damage|p1a: Flareon|0 fnt\n|-heal|p2a: Iron Hands|51/100|[from] drain|[of] p1a: Flareon\n|faint|p1a: Flareon\n|\n|-heal|p2a: Iron Hands|58/100|[from] item: Leftovers\n|upkeep\n|inactive|Time left: 300 sec this turn | 300 sec total | 5 sec grace\n|\n|t:|1783545461\n|switch|p1a: Mienshao|Mienshao, L83, M|243/243\n|turn|3\n|inactive|Time left: 300 sec this turn | 300 sec total\n|\n|t:|1783545463\n|move|p1a: Mienshao|High Jump Kick|p2a: Iron Hands\n|-damage|p2a: Iron Hands|0 fnt\n|faint|p2a: Iron Hands\n|-end|p2a: Iron Hands|Quark Drive|[silent]\n|\n|upkeep\n|\n|t:|1783545464\n|switch|p2a: Rayquaza|Rayquaza, L72|100/100\n|-ability|p2a: Rayquaza|Air Lock\n|turn|4\n|inactive|Time left: 300 sec this turn | 300 sec total\n|\n|t:|1783545465\n|move|p1a: Mienshao|High Jump Kick|p2a: Rayquaza\n|-resisted|p2a: Rayquaza\n|-damage|p2a: Rayquaza|33/100\n|move|p2a: Rayquaza|Dragon Dance|p2a: Rayquaza\n|-boost|p2a: Rayquaza|atk|1\n|-boost|p2a: Rayquaza|spe|1\n|\n|upkeep\n|turn|5\n|inactive|Time left: 300 sec this turn | 300 sec total\n|\n|t:|1783545466\n|switch|p1a: Empoleon|Empoleon, L84, F|278/278\n|move|p2a: Rayquaza|Outrage|p1a: Empoleon\n|-resisted|p1a: Empoleon\n|-damage|p1a: Empoleon|174/278\n|\n|-heal|p1a: Empoleon|191/278|[from] item: Leftovers\n|upkeep\n|turn|6\n|inactive|Time left: 300 sec this turn | 300 sec total\n|\n|t:|1783545467\n|move|p2a: Rayquaza|Outrage|p1a: Empoleon|[from] lockedmove\n|-resisted|p1a: Empoleon\n|-damage|p1a: Empoleon|99/278\n|-start|p2a: Rayquaza|confusion|[fatigue]\n|move|p1a: Empoleon|Surf|p2a: Rayquaza\n|-resisted|p2a: Rayquaza\n|-damage|p2a: Rayquaza|9/100\n|\n|-heal|p1a: Empoleon|116/278|[from] item: Leftovers\n|upkeep\n|turn|7\n|inactive|Time left: 300 sec this turn | 300 sec total\n|\n|t:|1783545469\n|-activate|p2a: Rayquaza|confusion\n|-damage|p2a: Rayquaza|0 fnt|[from] confusion\n|faint|p2a: Rayquaza\n|move|p1a: Empoleon|Surf|p2: Rayquaza|[notarget]\n|-fail|p1a: Empoleon\n|\n|-heal|p1a: Empoleon|133/278|[from] item: Leftovers\n|upkeep\n|\n|t:|1783545470\n|switch|p2a: Archaludon|Archaludon, L78, F|100/100\n|turn|8\n|inactive|Time left: 300 sec this turn | 300 sec total\n|\n|t:|1783545471\n|move|p2a: Archaludon|Swords Dance|p2a: Archaludon\n|-boost|p2a: Archaludon|atk|2\n|move|p1a: Empoleon|Roost|p1a: Empoleon\n|-heal|p1a: Empoleon|272/278\n|-singleturn|p1a: Empoleon|move: Roost\n|\n|-heal|p1a: Empoleon|278/278|[from] item: Leftovers\n|upkeep\n|turn|9\n|inactive|Time left: 300 sec this turn | 300 sec total\n|\n|t:|1783545472\n|move|p2a: Archaludon|Outrage|p1a: Empoleon\n|-resisted|p1a: Empoleon\n|-damage|p1a: Empoleon|164/278\n|move|p1a: Empoleon|Roar|p2a: Archaludon\n|drag|p2a: Heatran|Heatran, L79, F|100/100\n|-item|p2a: Heatran|Air Balloon\n|\n|-heal|p1a: Empoleon|181/278|[from] item: Leftovers\n|upkeep\n|turn|10\n|inactive|Time left: 300 sec this turn | 300 sec total\n|\n|t:|1783545473\n|move|p2a: Heatran|Earth Power|p1a: Empoleon\n|-supereffective|p1a: Empoleon\n|-damage|p1a: Empoleon|57/278\n|move|p1a: Empoleon|Surf|p2a: Heatran\n|-supereffective|p2a: Heatran\n|-damage|p2a: Heatran|26/100\n|-enditem|p2a: Heatran|Air Balloon\n|\n|-heal|p1a: Empoleon|74/278|[from] item: Leftovers\n|upkeep\n|turn|11\n|inactive|Time left: 300 sec this turn | 300 sec total\n|\n|t:|1783545475\n|move|p2a: Heatran|Magma Storm|p1a: Empoleon\n|-damage|p1a: Empoleon|0 fnt\n|faint|p1a: Empoleon\n|\n|upkeep\n|inactive|Time left: 300 sec this turn | 300 sec total | 5 sec grace\n|\n|t:|1783545476\n|switch|p1a: Mienshao|Mienshao, L83, M|243/243\n|turn|12\n|inactive|Time left: 300 sec this turn | 300 sec total\n|\n|t:|1783545477\n|move|p1a: Mienshao|High Jump Kick|p2a: Heatran\n|-supereffective|p2a: Heatran\n|-damage|p2a: Heatran|0 fnt\n|faint|p2a: Heatran\n|\n|upkeep\n|\n|t:|1783545478\n|switch|p2a: Archaludon|Archaludon, L78, F|100/100\n|turn|13\n|inactive|Time left: 300 sec this turn | 300 sec total\n|\n|t:|1783545479\n|-terastallize|p2a: Archaludon|Ground\n|move|p1a: Mienshao|High Jump Kick|p2a: Archaludon\n|-damage|p2a: Archaludon|15/100\n|-ability|p2a: Archaludon|Stamina|boost\n|-boost|p2a: Archaludon|def|1\n|move|p2a: Archaludon|Outrage|p1a: Mienshao\n|-damage|p1a: Mienshao|83/243\n|\n|upkeep\n|turn|14\n|inactive|Time left: 300 sec this turn | 300 sec total\n|\n|t:|1783545480\n|move|p1a: Mienshao|High Jump Kick|p2a: Archaludon\n|-damage|p2a: Archaludon|0 fnt\n|faint|p2a: Archaludon\n|\n|upkeep\n|\n|t:|1783545481\n|switch|p2a: Iron Bundle|Iron Bundle, L78|100/100\n|turn|15\n|inactive|Time left: 300 sec this turn | 300 sec total\n|\n|t:|1783545482\n|move|p2a: Iron Bundle|Hydro Pump|p1a: Mienshao|[miss]\n|-miss|p2a: Iron Bundle|p1a: Mienshao\n|move|p1a: Mienshao|High Jump Kick|p2a: Iron Bundle\n|-supereffective|p2a: Iron Bundle\n|-damage|p2a: Iron Bundle|0 fnt\n|faint|p2a: Iron Bundle\n|-end|p2a: Iron Bundle|Quark Drive|[silent]\n|\n|upkeep\n|\n|t:|1783545483\n|switch|p2a: Iron Jugulis|Iron Jugulis, L77|100/100\n|turn|16\n|inactive|Time left: 300 sec this turn | 300 sec total\n|\n|t:|1783545484\n|-terastallize|p1a: Mienshao|Fighting\n|move|p1a: Mienshao|High Jump Kick|p2a: Iron Jugulis\n|-damage|p2a: Iron Jugulis|0 fnt\n|faint|p2a: Iron Jugulis\n|-end|p2a: Iron Jugulis|Quark Drive|[silent]\n|\n|win|p0x489098c", "uploadtime": 1783545484, "views": 0, "rating": 0, "private": 0, "password": null, "_winner": "p0x489098c", "_our_name": "p0x489098c"}