{"id": "battle-gen9randombattle-114", "formatid": "gen9randombattle", "format": "[Gen 9] Random Battle", "players": ["p0x114619b", "p0y1148a47"], "log": "|init|battle\n|title|p0x114619b vs. p0y1148a47\n|j|\u2606p0x114619b\n|j|\u2606p0y1148a47\n|t:|1783540483\n|gametype|singles\n|player|p1|p0x114619b|169|\n|player|p2|p0y1148a47|1|\n|gen|9\n|tier|[Gen 9] Random Battle\n|rule|Species Clause: Limit one of each Pok\u00e9mon\n|rule|HP Percentage Mod: HP is shown in percentages\n|rule|Sleep Clause Mod: Limit one foe put to sleep\n|rule|Illusion Level Mod: Illusion disguises the Pok\u00e9mon's true level\n|\n|t:|1783540483\n|teamsize|p1|6\n|teamsize|p2|6\n|start\n|switch|p1a: Luvdisc|Luvdisc, F|100/100\n|switch|p2a: Ogerpon|Ogerpon-Cornerstone, L76, F|247/247\n|turn|1\n|inactive|Battle timer is ON: inactive players will automatically lose when time's up. (requested by p0x114619b)\n|inactive|Time left: 300 sec this turn | 300 sec total | 60 sec grace\n|inactive|p0y1148a47 also wants the timer to be on.\n|\n|t:|1783540484\n|move|p1a: Luvdisc|Flip Turn|p2a: Ogerpon\n|-damage|p2a: Ogerpon|193/247\n|\n|t:|1783540486\n|switch|p1a: Hydrapple|Hydrapple, L83, M|100/100|[from] Flip Turn\n|move|p2a: Ogerpon|Swords Dance|p2a: Ogerpon\n|-boost|p2a: Ogerpon|atk|2\n|\n|upkeep\n|turn|2\n|inactive|Time left: 300 sec this turn | 300 sec total\n|\n|t:|1783540487\n|move|p2a: Ogerpon|Ivy Cudgel|p1a: Hydrapple|[anim] Ivy Cudgel Rock\n|-damage|p1a: Hydrapple|38/100\n|move|p1a: Hydrapple|Dragon Tail|p2a: Ogerpon\n|-damage|p2a: Ogerpon|133/247\n|drag|p2a: Misdreavus|Misdreavus, L90, M|254/254\n|\n|upkeep\n|turn|3\n|inactive|Time left: 300 sec this turn | 300 sec total\n|\n|t:|1783540488\n|switch|p1a: Umbreon|Umbreon, L84, M|100/100\n|move|p2a: Misdreavus|Shadow Ball|p1a: Umbreon\n|-resisted|p1a: Umbreon\n|-damage|p1a: Umbreon|90/100\n|-unboost|p1a: Umbreon|spd|1\n|\n|-heal|p1a: Umbreon|96/100|[from] item: Leftovers\n|upkeep\n|turn|4\n|inactive|Time left: 300 sec this turn | 300 sec total\n|\n|t:|1783540489\n|move|p2a: Misdreavus|Calm Mind|p2a: Misdreavus\n|-boost|p2a: Misdreavus|spa|1\n|-boost|p2a: Misdreavus|spd|1\n|move|p1a: Umbreon|Foul Play|p2a: Misdreavus\n|-supereffective|p2a: Misdreavus\n|-damage|p2a: Misdreavus|158/254\n|\n|-heal|p1a: Umbreon|100/100|[from] item: Leftovers\n|upkeep\n|turn|5\n|inactive|Time left: 300 sec this turn | 300 sec total\n|\n|t:|1783540490\n|move|p2a: Misdreavus|Draining Kiss|p1a: Umbreon\n|-supereffective|p1a: Umbreon\n|-damage|p1a: Umbreon|61/100\n|-heal|p2a: Misdreavus|247/254|[from] drain|[of] p1a: Umbreon\n|move|p1a: Umbreon|Foul Play|p2a: Misdreavus\n|-supereffective|p2a: Misdreavus\n|-damage|p2a: Misdreavus|161/254\n|\n|-heal|p1a: Umbreon|67/100|[from] item: Leftovers\n|upkeep\n|turn|6\n|inactive|Time left: 300 sec this turn | 300 sec total\n|\n|t:|1783540492\n|move|p1a: Umbreon|Protect|p1a: Umbreon\n|-singleturn|p1a: Umbreon|Protect\n|move|p2a: Misdreavus|Draining Kiss|p1a: Umbreon\n|-activate|p1a: Umbreon|move: Protect\n|\n|-heal|p1a: Umbreon|73/100|[from] item: Leftovers\n|upkeep\n|turn|7\n|inactive|Time left: 300 sec this turn | 300 sec total\n|\n|t:|1783540493\n|switch|p1a: Alcremie|Alcremie-Lemon-Cream, L90, F|100/100\n|move|p2a: Misdreavus|Draining Kiss|p1a: Alcremie\n|-damage|p1a: Alcremie|85/100\n|-heal|p2a: Misdreavus|193/254|[from] drain|[of] p1a: Alcremie\n|\n|-heal|p1a: Alcremie|91/100|[from] item: Leftovers\n|upkeep\n|turn|8\n|inactive|Time left: 300 sec this turn | 300 sec total\n|\n|t:|1783540494\n|move|p2a: Misdreavus|Calm Mind|p2a: Misdreavus\n|-boost|p2a: Misdreavus|spa|1\n|-boost|p2a: Misdreavus|spd|1\n|move|p1a: Alcremie|Calm Mind|p1a: Alcremie\n|-boost|p1a: Alcremie|spa|1\n|-boost|p1a: Alcremie|spd|1\n|\n|-heal|p1a: Alcremie|97/100|[from] item: Leftovers\n|upkeep\n|turn|9\n|inactive|Time left: 300 sec this turn | 300 sec total\n|\n|t:|1783540495\n|move|p2a: Misdreavus|Shadow Ball|p1a: Alcremie\n|-damage|p1a: Alcremie|66/100\n|-unboost|p1a: Alcremie|spd|1\n|move|p1a: Alcremie|Calm Mind|p1a: Alcremie\n|-boost|p1a: Alcremie|spa|1\n|-boost|p1a: Alcremie|spd|1\n|\n|-heal|p1a: Alcremie|72/100|[from] item: Leftovers\n|upkeep\n|turn|10\n|inactive|Time left: 300 sec this turn | 300 sec total\n|\n|t:|1783540496\n|move|p2a: Misdreavus|Shadow Ball|p1a: Alcremie\n|-damage|p1a: Alcremie|39/100\n|move|p1a: Alcremie|Psyshock|p2a: Misdreavus\n|-damage|p2a: Misdreavus|72/254\n|\n|-heal|p1a: Alcremie|45/100|[from] item: Leftovers\n|upkeep\n|turn|11\n|inactive|Time left: 300 sec this turn | 300 sec total\n|\n|t:|1783540497\n|move|p2a: Misdreavus|Shadow Ball|p1a: Alcremie\n|-damage|p1a: Alcremie|12/100\n|move|p1a: Alcremie|Psyshock|p2a: Misdreavus\n|-damage|p2a: Misdreavus|0 fnt\n|faint|p2a: Misdreavus\n|\n|-heal|p1a: Alcremie|18/100|[from] item: Leftovers\n|upkeep\n|inactive|Time left: 300 sec this turn | 300 sec total | 5 sec grace\n|\n|t:|1783540498\n|switch|p2a: Flamigo|Flamigo, L82, F|269/269\n|turn|12\n|inactive|Time left: 300 sec this turn | 300 sec total\n|\n|t:|1783540499\n|move|p2a: Flamigo|Brave Bird|p1a: Alcremie\n|-damage|p1a: Alcremie|0 fnt\n|faint|p1a: Alcremie\n|-damage|p2a: Flamigo|254/269|[from] Recoil\n|\n|upkeep\n|\n|t:|1783540500\n|switch|p1a: Rampardos|Rampardos, L90, F|100/100\n|turn|13\n|inactive|Time left: 300 sec this turn | 300 sec total\n|\n|t:|1783540501\n|switch|p2a: Qwilfish|Qwilfish, L86, M|252/252\n|-ability|p2a: Qwilfish|Intimidate|boost\n|-unboost|p1a: Rampardos|atk|1\n|move|p1a: Rampardos|Rock Slide|p2a: Qwilfish\n|-damage|p2a: Qwilfish|137/252\n|\n|-heal|p2a: Qwilfish|152/252|[from] item: Leftovers\n|upkeep\n|turn|14\n|inactive|Time left: 300 sec this turn | 300 sec total\n|\n|t:|1783540502\n|move|p1a: Rampardos|Rock Slide|p2a: Qwilfish\n|-damage|p2a: Qwilfish|29/252\n|move|p2a: Qwilfish|Waterfall|p1a: Rampardos\n|-supereffective|p1a: Rampardos\n|-damage|p1a: Rampardos|38/100\n|\n|-heal|p2a: Qwilfish|44/252|[from] item: Leftovers\n|upkeep\n|turn|15\n|inactive|Time left: 300 sec this turn | 300 sec total\n|\n|t:|1783540503\n|move|p1a: Rampardos|Rock Slide|p2a: Qwilfish\n|-damage|p2a: Qwilfish|0 fnt\n|faint|p2a: Qwilfish\n|\n|upkeep\n|inactive|Time left: 300 sec this turn | 300 sec total | 5 sec grace\n|\n|t:|1783540504\n|switch|p2a: Zarude|Zarude, L77|288/288\n|turn|16\n|inactive|Time left: 300 sec this turn | 300 sec total\n|\n|t:|1783540505\n|switch|p1a: Hydrapple|Hydrapple, L83, M|71/100\n|move|p2a: Zarude|Swords Dance|p2a: Zarude\n|-boost|p2a: Zarude|atk|2\n|\n|upkeep\n|turn|17\n|inactive|Time left: 300 sec this turn | 300 sec total\n|\n|t:|1783540506\n|move|p2a: Zarude|Knock Off|p1a: Hydrapple\n|-damage|p1a: Hydrapple|5/100\n|-enditem|p1a: Hydrapple|Assault Vest|[from] move: Knock Off|[of] p2a: Zarude\n|-damage|p2a: Zarude|260/288|[from] item: Life Orb\n|move|p1a: Hydrapple|Dragon Tail|p2a: Zarude\n|-damage|p2a: Zarude|211/288\n|drag|p2a: Flamigo|Flamigo, L82, F|254/269\n|\n|upkeep\n|turn|18\n|inactive|Time left: 300 sec this turn | 300 sec total\n|\n|t:|1783540507\n|switch|p1a: Rampardos|Rampardos, L90, F|38/100\n|move|p2a: Flamigo|Brave Bird|p1a: Rampardos\n|-resisted|p1a: Rampardos\n|-crit|p1a: Rampardos\n|-damage|p1a: Rampardos|0 fnt\n|faint|p1a: Rampardos\n|-damage|p2a: Flamigo|214/269|[from] Recoil\n|\n|upkeep\n|\n|t:|1783540508\n|switch|p1a: Quaquaval|Quaquaval, L79, M|100/100\n|turn|19\n|inactive|Time left: 300 sec this turn | 300 sec total\n|\n|t:|1783540509\n|-terastallize|p1a: Quaquaval|Steel\n|move|p2a: Flamigo|Brave Bird|p1a: Quaquaval\n|-resisted|p1a: Quaquaval\n|-damage|p1a: Quaquaval|53/100\n|-damage|p2a: Flamigo|172/269|[from] Recoil\n|move|p1a: Quaquaval|Aqua Step|p2a: Flamigo\n|-damage|p2a: Flamigo|61/269\n|-boost|p1a: Quaquaval|spe|1\n|\n|-heal|p1a: Quaquaval|59/100|[from] item: Leftovers\n|upkeep\n|turn|20\n|inactive|Time left: 300 sec this turn | 300 sec total\n|\n|t:|1783540510\n|switch|p2a: Regigigas|Regigigas, L84|322/322\n|-start|p2a: Regigigas|ability: Slow Start\n|move|p1a: Quaquaval|Close Combat|p2a: Regigigas\n|-supereffective|p2a: Regigigas\n|-damage|p2a: Regigigas|94/322\n|-unboost|p1a: Quaquaval|def|1\n|-unboost|p1a: Quaquaval|spd|1\n|\n|-heal|p1a: Quaquaval|65/100|[from] item: Leftovers\n|-heal|p2a: Regigigas|114/322|[from] item: Leftovers\n|upkeep\n|turn|21\n|inactive|Time left: 300 sec this turn | 300 sec total\n|\n|t:|1783540511\n|move|p1a: Quaquaval|Close Combat|p2a: Regigigas\n|-supereffective|p2a: Regigigas\n|-damage|p2a: Regigigas|0 fnt\n|-unboost|p1a: Quaquaval|def|1\n|-unboost|p1a: Quaquaval|spd|1\n|faint|p2a: Regigigas\n|-end|p2a: Regigigas|Slow Start|[silent]\n|-ability|p1a: Quaquaval|Moxie|boost\n|-boost|p1a: Quaquaval|atk|1\n|\n|-heal|p1a: Quaquaval|71/100|[from] item: Leftovers\n|upkeep\n|inactive|Time left: 300 sec this turn | 300 sec total | 5 sec grace\n|\n|t:|1783540511\n|switch|p2a: Zarude|Zarude, L77|211/288\n|turn|22\n|inactive|Time left: 300 sec this turn | 300 sec total\n|\n|t:|1783540512\n|-terastallize|p2a: Zarude|Fighting\n|move|p1a: Quaquaval|Close Combat|p2a: Zarude\n|-damage|p2a: Zarude|16/288\n|-unboost|p1a: Quaquaval|def|1\n|-unboost|p1a: Quaquaval|spd|1\n|move|p2a: Zarude|Knock Off|p1a: Quaquaval\n|-damage|p1a: Quaquaval|0 fnt\n|-enditem|p1a: Quaquaval|Leftovers|[from] move: Knock Off|[of] p2a: Zarude\n|faint|p1a: Quaquaval\n|-damage|p2a: Zarude|0 fnt|[from] item: Life Orb\n|faint|p2a: Zarude\n|\n|upkeep\n|inactive|Time left: 300 sec this turn | 300 sec total | 5 sec grace\n|\n|t:|1783540514\n|switch|p2a: Flamigo|Flamigo, L82, F|61/269\n|switch|p1a: Hydrapple|Hydrapple, L83, M|38/100\n|turn|23\n|inactive|Time left: 300 sec this turn | 300 sec total\n|\n|t:|1783540515\n|switch|p1a: Umbreon|Umbreon, L84, M|73/100\n|move|p2a: Flamigo|Close Combat|p1a: Umbreon\n|-supereffective|p1a: Umbreon\n|-damage|p1a: Umbreon|0 fnt\n|-unboost|p2a: Flamigo|def|1\n|-unboost|p2a: Flamigo|spd|1\n|faint|p1a: Umbreon\n|\n|upkeep\n|\n|t:|1783540516\n|switch|p1a: Luvdisc|Luvdisc, F|100/100\n|turn|24\n|inactive|Time left: 300 sec this turn | 300 sec total\n|\n|t:|1783540517\n|switch|p2a: Ogerpon|Ogerpon-Cornerstone, L76, F|133/247\n|move|p1a: Luvdisc|Surf|p2a: Ogerpon\n|-damage|p2a: Ogerpon|52/247\n|\n|upkeep\n|turn|25\n|inactive|Time left: 300 sec this turn | 300 sec total\n|\n|t:|1783540518\n|move|p1a: Luvdisc|Surf|p2a: Ogerpon\n|-damage|p2a: Ogerpon|0 fnt\n|faint|p2a: Ogerpon\n|\n|upkeep\n|inactive|Time left: 300 sec this turn | 300 sec total | 5 sec grace\n|\n|t:|1783540518\n|switch|p2a: Flamigo|Flamigo, L82, F|61/269\n|turn|26\n|inactive|Time left: 300 sec this turn | 300 sec total\n|\n|t:|1783540519\n|move|p1a: Luvdisc|Surf|p2a: Flamigo\n|-damage|p2a: Flamigo|0 fnt\n|faint|p2a: Flamigo\n|\n|win|p0x114619b", "uploadtime": 1783540520, "views": 0, "rating": 0, "private": 0, "password": null, "_winner": "p0x114619b", "_our_name": "p0y1148a47"}