{"id": "battle-gen9randombattle-244", "formatid": "gen9randombattle", "format": "[Gen 9] Random Battle", "players": ["p0x24492b9", "p0y2447390"], "log": "|init|battle\n|title|p0x24492b9 vs. p0y2447390\n|j|\u2606p0x24492b9\n|j|\u2606p0y2447390\n|t:|1783542403\n|gametype|singles\n|player|p1|p0x24492b9|266|\n|player|p2|p0y2447390|2|\n|gen|9\n|tier|[Gen 9] Random Battle\n|rule|Species Clause: Limit one of each Pok\u00e9mon\n|rule|HP Percentage Mod: HP is shown in percentages\n|rule|Sleep Clause Mod: Limit one foe put to sleep\n|rule|Illusion Level Mod: Illusion disguises the Pok\u00e9mon's true level\n|\n|t:|1783542403\n|teamsize|p1|6\n|teamsize|p2|6\n|start\n|switch|p1a: Regidrago|Regidrago, L77|100/100\n|switch|p2a: Delphox|Delphox, L84, M|263/263\n|turn|1\n|inactive|Battle timer is ON: inactive players will automatically lose when time's up. (requested by p0y2447390)\n|inactive|p0x24492b9 also wants the timer to be on.\n|\n|t:|1783542405\n|move|p2a: Delphox|Focus Blast|p1a: Regidrago|[miss]\n|-miss|p2a: Delphox|p1a: Regidrago\n|move|p1a: Regidrago|Outrage|p2a: Delphox\n|-crit|p2a: Delphox\n|-damage|p2a: Delphox|0 fnt\n|faint|p2a: Delphox\n|\n|upkeep\n|inactive|Time left: 300 sec this turn | 300 sec total | 65 sec grace\n|\n|t:|1783542406\n|switch|p2a: Great Tusk|Great Tusk, L77|304/304\n|turn|2\n|inactive|Time left: 300 sec this turn | 300 sec total\n|\n|t:|1783542407\n|move|p2a: Great Tusk|Bulk Up|p2a: Great Tusk\n|-boost|p2a: Great Tusk|atk|1\n|-boost|p2a: Great Tusk|def|1\n|move|p1a: Regidrago|Outrage|p2a: Great Tusk|[from] lockedmove\n|-damage|p2a: Great Tusk|217/304\n|-start|p1a: Regidrago|confusion|[fatigue]\n|-enditem|p1a: Regidrago|Lum Berry|[eat]\n|-end|p1a: Regidrago|confusion\n|\n|-heal|p2a: Great Tusk|236/304|[from] item: Leftovers\n|upkeep\n|turn|3\n|inactive|Time left: 300 sec this turn | 300 sec total\n|\n|t:|1783542408\n|-terastallize|p2a: Great Tusk|Steel\n|move|p2a: Great Tusk|Earthquake|p1a: Regidrago\n|-damage|p1a: Regidrago|35/100\n|move|p1a: Regidrago|Draco Meteor|p2a: Great Tusk\n|-resisted|p2a: Great Tusk\n|-damage|p2a: Great Tusk|103/304\n|-unboost|p1a: Regidrago|spa|2\n|\n|-heal|p2a: Great Tusk|122/304|[from] item: Leftovers\n|upkeep\n|turn|4\n|inactive|Time left: 300 sec this turn | 300 sec total\n|\n|t:|1783542410\n|move|p2a: Great Tusk|Earthquake|p1a: Regidrago\n|-damage|p1a: Regidrago|0 fnt\n|faint|p1a: Regidrago\n|\n|-heal|p2a: Great Tusk|141/304|[from] item: Leftovers\n|upkeep\n|\n|t:|1783542411\n|switch|p1a: Skuntank|Skuntank, L84, F|100/100\n|turn|5\n|inactive|Time left: 300 sec this turn | 300 sec total\n|\n|t:|1783542412\n|move|p1a: Skuntank|Fire Blast|p2a: Great Tusk|[miss]\n|-miss|p1a: Skuntank|p2a: Great Tusk\n|move|p2a: Great Tusk|Earthquake|p1a: Skuntank\n|-supereffective|p1a: Skuntank\n|-damage|p1a: Skuntank|0 fnt\n|faint|p1a: Skuntank\n|\n|-heal|p2a: Great Tusk|160/304|[from] item: Leftovers\n|upkeep\n|\n|t:|1783542413\n|switch|p1a: Iron Crown|Iron Crown, L78|100/100\n|turn|6\n|inactive|Time left: 300 sec this turn | 300 sec total\n|\n|t:|1783542414\n|move|p1a: Iron Crown|Focus Blast|p2a: Great Tusk|[miss]\n|-miss|p1a: Iron Crown|p2a: Great Tusk\n|move|p2a: Great Tusk|Earthquake|p1a: Iron Crown\n|-supereffective|p1a: Iron Crown\n|-damage|p1a: Iron Crown|0 fnt\n|faint|p1a: Iron Crown\n|-end|p1a: Iron Crown|Quark Drive|[silent]\n|\n|-heal|p2a: Great Tusk|179/304|[from] item: Leftovers\n|upkeep\n|\n|t:|1783542415\n|switch|p1a: Smeargle|Smeargle, L95, F|100/100\n|turn|7\n|inactive|Time left: 300 sec this turn | 300 sec total\n|\n|t:|1783542416\n|move|p1a: Smeargle|Spore|p2a: Great Tusk\n|-status|p2a: Great Tusk|slp|[from] move: Spore\n|cant|p2a: Great Tusk|slp\n|\n|-heal|p2a: Great Tusk|198/304 slp|[from] item: Leftovers\n|upkeep\n|turn|8\n|inactive|Time left: 300 sec this turn | 300 sec total\n|\n|t:|1783542417\n|move|p1a: Smeargle|Shell Smash|p1a: Smeargle\n|-unboost|p1a: Smeargle|def|1\n|-unboost|p1a: Smeargle|spd|1\n|-boost|p1a: Smeargle|atk|2\n|-boost|p1a: Smeargle|spa|2\n|-boost|p1a: Smeargle|spe|2\n|-curestatus|p2a: Great Tusk|slp|[msg]\n|move|p2a: Great Tusk|Earthquake|p1a: Smeargle\n|-damage|p1a: Smeargle|0 fnt\n|faint|p1a: Smeargle\n|\n|-heal|p2a: Great Tusk|217/304|[from] item: Leftovers\n|upkeep\n|\n|t:|1783542418\n|switch|p1a: Sandslash|Sandslash-Alola, L88, M|100/100\n|turn|9\n|inactive|Time left: 300 sec this turn | 300 sec total\n|\n|t:|1783542419\n|-terastallize|p1a: Sandslash|Ground\n|move|p2a: Great Tusk|Earthquake|p1a: Sandslash\n|-damage|p1a: Sandslash|52/100\n|move|p1a: Sandslash|Earthquake|p2a: Great Tusk\n|-supereffective|p2a: Great Tusk\n|-damage|p2a: Great Tusk|43/304\n|-damage|p1a: Sandslash|43/100|[from] item: Life Orb\n|\n|-heal|p2a: Great Tusk|62/304|[from] item: Leftovers\n|upkeep\n|turn|10\n|inactive|Time left: 300 sec this turn | 300 sec total\n|\n|t:|1783542420\n|move|p2a: Great Tusk|Earthquake|p1a: Sandslash\n|-damage|p1a: Sandslash|0 fnt\n|faint|p1a: Sandslash\n|\n|-heal|p2a: Great Tusk|81/304|[from] item: Leftovers\n|upkeep\n|\n|t:|1783542421\n|switch|p1a: Haxorus|Haxorus, L77, M|100/100\n|-ability|p1a: Haxorus|Mold Breaker\n|turn|11\n|inactive|Time left: 300 sec this turn | 300 sec total\n|\n|t:|1783542422\n|move|p1a: Haxorus|Iron Head|p2a: Great Tusk\n|-resisted|p2a: Great Tusk\n|-damage|p2a: Great Tusk|64/304\n|move|p2a: Great Tusk|Close Combat|p1a: Haxorus\n|-damage|p1a: Haxorus|13/100\n|-unboost|p2a: Great Tusk|def|1\n|-unboost|p2a: Great Tusk|spd|1\n|\n|-heal|p2a: Great Tusk|83/304|[from] item: Leftovers\n|upkeep\n|turn|12\n|inactive|Time left: 300 sec this turn | 300 sec total\n|\n|t:|1783542424\n|-end|p2a: Great Tusk|Protosynthesis|[silent]\n|switch|p2a: Eternatus|Eternatus, L69|308/308\n|-ability|p2a: Eternatus|Pressure\n|move|p1a: Haxorus|Earthquake|p2a: Eternatus\n|-supereffective|p2a: Eternatus\n|-damage|p2a: Eternatus|112/308\n|\n|upkeep\n|turn|13\n|inactive|Time left: 300 sec this turn | 300 sec total\n|\n|t:|1783542425\n|move|p2a: Eternatus|Dynamax Cannon|p1a: Haxorus\n|-supereffective|p1a: Haxorus\n|-damage|p1a: Haxorus|0 fnt\n|faint|p1a: Haxorus\n|\n|win|p0y2447390", "uploadtime": 1783542425, "views": 0, "rating": 0, "private": 0, "password": null, "_winner": "p0y2447390", "_our_name": "p0y2447390"}