{"id": "battle-gen9randombattle-2708", "formatid": "gen9randombattle", "format": "[Gen 9] Random Battle", "players": ["p0x27085f56", "p0y2708282c"], "log": "|init|battle\n|title|p0x27085f56 vs. p0y2708282c\n|j|\u2606p0x27085f56\n|j|\u2606p0y2708282c\n|t:|1783570228\n|gametype|singles\n|player|p1|p0x27085f56|101|\n|player|p2|p0y2708282c|1|\n|gen|9\n|tier|[Gen 9] Random Battle\n|rule|Species Clause: Limit one of each Pok\u00e9mon\n|rule|HP Percentage Mod: HP is shown in percentages\n|rule|Sleep Clause Mod: Limit one foe put to sleep\n|rule|Illusion Level Mod: Illusion disguises the Pok\u00e9mon's true level\n|\n|t:|1783570228\n|teamsize|p1|6\n|teamsize|p2|6\n|start\n|switch|p1a: Iron Thorns|Iron Thorns, L83|100/100\n|switch|p2a: Walking Wake|Walking Wake, L79|286/286\n|-item|p1a: Iron Thorns|Air Balloon\n|turn|1\n|inactive|Battle timer is ON: inactive players will automatically lose when time's up. (requested by p0x27085f56)\n|inactive|Time left: 300 sec this turn | 300 sec total | 60 sec grace\n|inactive|p0y2708282c also wants the timer to be on.\n|\n|t:|1783570230\n|-end|p1a: Iron Thorns|Quark Drive|[silent]\n|switch|p1a: Dachsbun|Dachsbun, L92, F|100/100\n|move|p2a: Walking Wake|Hydro Steam|p1a: Dachsbun\n|-damage|p1a: Dachsbun|58/100\n|-damage|p2a: Walking Wake|258/286|[from] item: Life Orb\n|\n|-heal|p1a: Dachsbun|63/100|[from] item: Leftovers\n|upkeep\n|turn|2\n|inactive|Time left: 300 sec this turn | 300 sec total\n|\n|t:|1783570231\n|move|p1a: Dachsbun|Play Rough|p2a: Walking Wake\n|-supereffective|p2a: Walking Wake\n|-damage|p2a: Walking Wake|40/286\n|move|p2a: Walking Wake|Hydro Steam|p1a: Dachsbun\n|-damage|p1a: Dachsbun|21/100\n|-damage|p2a: Walking Wake|12/286|[from] item: Life Orb\n|\n|-heal|p1a: Dachsbun|26/100|[from] item: Leftovers\n|upkeep\n|turn|3\n|inactive|Time left: 300 sec this turn | 300 sec total\n|\n|t:|1783570232\n|move|p1a: Dachsbun|Play Rough|p2a: Walking Wake\n|-supereffective|p2a: Walking Wake\n|-damage|p2a: Walking Wake|0 fnt\n|faint|p2a: Walking Wake\n|-end|p2a: Walking Wake|Protosynthesis|[silent]\n|\n|-heal|p1a: Dachsbun|32/100|[from] item: Leftovers\n|upkeep\n|inactive|Time left: 300 sec this turn | 300 sec total | 5 sec grace\n|\n|t:|1783570233\n|switch|p2a: Leavanny|Leavanny, L86, M|269/269\n|turn|4\n|inactive|Time left: 300 sec this turn | 300 sec total\n|\n|t:|1783570234\n|move|p1a: Dachsbun|Play Rough|p2a: Leavanny\n|-damage|p2a: Leavanny|175/269\n|move|p2a: Leavanny|Sticky Web|p1a: Dachsbun\n|-sidestart|p1: p0x27085f56|move: Sticky Web\n|\n|-heal|p1a: Dachsbun|38/100|[from] item: Leftovers\n|upkeep\n|turn|5\n|inactive|Time left: 300 sec this turn | 300 sec total\n|\n|t:|1783570235\n|switch|p2a: Pecharunt|Pecharunt, L77|262/262\n|move|p1a: Dachsbun|Play Rough|p2a: Pecharunt\n|-resisted|p2a: Pecharunt\n|-damage|p2a: Pecharunt|232/262\n|\n|-heal|p1a: Dachsbun|44/100|[from] item: Leftovers\n|-heal|p2a: Pecharunt|248/262|[from] item: Leftovers\n|upkeep\n|turn|6\n|inactive|Time left: 300 sec this turn | 300 sec total\n|\n|t:|1783570236\n|move|p1a: Dachsbun|Play Rough|p2a: Pecharunt\n|-resisted|p2a: Pecharunt\n|-crit|p2a: Pecharunt\n|-damage|p2a: Pecharunt|196/262\n|move|p2a: Pecharunt|Nasty Plot|p2a: Pecharunt\n|-boost|p2a: Pecharunt|spa|2\n|\n|-heal|p1a: Dachsbun|50/100|[from] item: Leftovers\n|-heal|p2a: Pecharunt|212/262|[from] item: Leftovers\n|upkeep\n|turn|7\n|inactive|Time left: 300 sec this turn | 300 sec total\n|\n|t:|1783570237\n|move|p1a: Dachsbun|Protect|p1a: Dachsbun\n|-singleturn|p1a: Dachsbun|Protect\n|move|p2a: Pecharunt|Malignant Chain|p1a: Dachsbun\n|-activate|p1a: Dachsbun|move: Protect\n|\n|-heal|p1a: Dachsbun|56/100|[from] item: Leftovers\n|-heal|p2a: Pecharunt|228/262|[from] item: Leftovers\n|upkeep\n|turn|8\n|inactive|Time left: 300 sec this turn | 300 sec total\n|\n|t:|1783570238\n|move|p1a: Dachsbun|Play Rough|p2a: Pecharunt\n|-resisted|p2a: Pecharunt\n|-damage|p2a: Pecharunt|192/262\n|move|p2a: Pecharunt|Shadow Ball|p1a: Dachsbun\n|-damage|p1a: Dachsbun|7/100\n|\n|-heal|p1a: Dachsbun|13/100|[from] item: Leftovers\n|-heal|p2a: Pecharunt|208/262|[from] item: Leftovers\n|upkeep\n|turn|9\n|inactive|Time left: 300 sec this turn | 300 sec total\n|\n|t:|1783570239\n|move|p1a: Dachsbun|Protect|p1a: Dachsbun\n|-singleturn|p1a: Dachsbun|Protect\n|move|p2a: Pecharunt|Malignant Chain|p1a: Dachsbun\n|-activate|p1a: Dachsbun|move: Protect\n|\n|-heal|p1a: Dachsbun|19/100|[from] item: Leftovers\n|-heal|p2a: Pecharunt|224/262|[from] item: Leftovers\n|upkeep\n|turn|10\n|inactive|Time left: 300 sec this turn | 300 sec total\n|\n|t:|1783570240\n|move|p1a: Dachsbun|Play Rough|p2a: Pecharunt\n|-resisted|p2a: Pecharunt\n|-damage|p2a: Pecharunt|191/262\n|move|p2a: Pecharunt|Shadow Ball|p1a: Dachsbun\n|-damage|p1a: Dachsbun|0 fnt\n|faint|p1a: Dachsbun\n|\n|-heal|p2a: Pecharunt|207/262|[from] item: Leftovers\n|upkeep\n|\n|t:|1783570240\n|switch|p1a: Shaymin|Shaymin-Sky, L73|100/100\n|turn|11\n|inactive|Time left: 300 sec this turn | 300 sec total\n|\n|t:|1783570242\n|move|p1a: Shaymin|Air Slash|p2a: Pecharunt\n|-damage|p2a: Pecharunt|78/262\n|cant|p2a: Pecharunt|flinch\n|\n|-heal|p2a: Pecharunt|94/262|[from] item: Leftovers\n|upkeep\n|turn|12\n|inactive|Time left: 300 sec this turn | 300 sec total\n|\n|t:|1783570242\n|move|p1a: Shaymin|Air Slash|p2a: Pecharunt\n|-damage|p2a: Pecharunt|0 fnt\n|faint|p2a: Pecharunt\n|\n|upkeep\n|inactive|Time left: 300 sec this turn | 300 sec total | 5 sec grace\n|\n|t:|1783570243\n|switch|p2a: Delphox|Delphox, L84, F|263/263\n|turn|13\n|inactive|Time left: 300 sec this turn | 300 sec total\n|\n|t:|1783570244\n|move|p1a: Shaymin|Air Slash|p2a: Delphox\n|-damage|p2a: Delphox|172/263\n|move|p2a: Delphox|Fire Blast|p1a: Shaymin|[miss]\n|-miss|p2a: Delphox|p1a: Shaymin\n|\n|upkeep\n|turn|14\n|inactive|Time left: 300 sec this turn | 300 sec total\n|\n|t:|1783570245\n|move|p1a: Shaymin|Air Slash|p2a: Delphox\n|-damage|p2a: Delphox|69/263\n|move|p2a: Delphox|Fire Blast|p1a: Shaymin\n|-supereffective|p1a: Shaymin\n|-damage|p1a: Shaymin|0 fnt\n|faint|p1a: Shaymin\n|\n|upkeep\n|\n|t:|1783570247\n|switch|p1a: Iron Thorns|Iron Thorns, L83|100/100\n|-item|p1a: Iron Thorns|Air Balloon\n|turn|15\n|inactive|Time left: 300 sec this turn | 300 sec total\n|\n|t:|1783570248\n|move|p2a: Delphox|Fire Blast|p1a: Iron Thorns|[miss]\n|-miss|p2a: Delphox|p1a: Iron Thorns\n|move|p1a: Iron Thorns|Wild Charge|p2a: Delphox\n|-damage|p2a: Delphox|0 fnt\n|faint|p2a: Delphox\n|-damage|p1a: Iron Thorns|95/100|[from] Recoil\n|\n|upkeep\n|inactive|Time left: 300 sec this turn | 300 sec total | 5 sec grace\n|\n|t:|1783570249\n|switch|p2a: Slowbro|Slowbro, L85, M|300/300\n|turn|16\n|inactive|Time left: 300 sec this turn | 300 sec total\n|\n|t:|1783570250\n|-end|p1a: Iron Thorns|Quark Drive|[silent]\n|switch|p1a: Vikavolt|Vikavolt, L83, F|100/100\n|move|p2a: Slowbro|Scald|p1a: Vikavolt\n|-damage|p1a: Vikavolt|62/100\n|-status|p1a: Vikavolt|brn\n|\n|-damage|p1a: Vikavolt|56/100 brn|[from] brn\n|upkeep\n|turn|17\n|inactive|Time left: 300 sec this turn | 300 sec total\n|\n|t:|1783570251\n|-terastallize|p2a: Slowbro|Fighting\n|move|p1a: Vikavolt|Sticky Web|p2a: Slowbro\n|-sidestart|p2: p0y2708282c|move: Sticky Web\n|move|p2a: Slowbro|Scald|p1a: Vikavolt\n|-damage|p1a: Vikavolt|15/100 brn\n|\n|-damage|p1a: Vikavolt|9/100 brn|[from] brn\n|upkeep\n|turn|18\n|inactive|Time left: 300 sec this turn | 300 sec total\n|\n|t:|1783570252\n|move|p1a: Vikavolt|Volt Switch|p2a: Slowbro\n|-damage|p2a: Slowbro|201/300\n|\n|t:|1783570252\n|switch|p1a: Iron Leaves|Iron Leaves, L80|100/100|[from] Volt Switch\n|-activate|p1a: Iron Leaves|move: Sticky Web\n|-unboost|p1a: Iron Leaves|spe|1\n|move|p2a: Slowbro|Scald|p1a: Iron Leaves\n|-resisted|p1a: Iron Leaves\n|-damage|p1a: Iron Leaves|86/100\n|\n|-heal|p2a: Slowbro|219/300|[from] item: Leftovers\n|upkeep\n|turn|19\n|inactive|Time left: 300 sec this turn | 300 sec total\n|\n|t:|1783570253\n|switch|p2a: Weezing|Weezing, L88, F|258/258\n|move|p1a: Iron Leaves|Psyblade|p2a: Weezing\n|-supereffective|p2a: Weezing\n|-damage|p2a: Weezing|36/258\n|\n|-heal|p2a: Weezing|52/258|[from] item: Leftovers\n|upkeep\n|turn|20\n|inactive|Time left: 300 sec this turn | 300 sec total\n|\n|t:|1783570254\n|move|p2a: Weezing|Gunk Shot|p1a: Iron Leaves\n|-supereffective|p1a: Iron Leaves\n|-damage|p1a: Iron Leaves|0 fnt\n|faint|p1a: Iron Leaves\n|-end|p1a: Iron Leaves|Quark Drive|[silent]\n|\n|-heal|p2a: Weezing|68/258|[from] item: Leftovers\n|upkeep\n|\n|t:|1783570255\n|switch|p1a: Cloyster|Cloyster, L80, F|100/100\n|-activate|p1a: Cloyster|move: Sticky Web\n|-unboost|p1a: Cloyster|spe|1\n|-enditem|p1a: Cloyster|White Herb\n|-clearnegativeboost|p1a: Cloyster|[silent]\n|turn|21\n|inactive|Time left: 300 sec this turn | 300 sec total\n|\n|t:|1783570256\n|switch|p2a: Slowbro|Slowbro, L85, M, tera:Fighting|300/300\n|-activate|p2a: Slowbro|move: Sticky Web\n|-unboost|p2a: Slowbro|spe|1\n|move|p1a: Cloyster|Shell Smash|p1a: Cloyster\n|-unboost|p1a: Cloyster|def|1\n|-unboost|p1a: Cloyster|spd|1\n|-boost|p1a: Cloyster|atk|2\n|-boost|p1a: Cloyster|spa|2\n|-boost|p1a: Cloyster|spe|2\n|\n|upkeep\n|turn|22\n|inactive|Time left: 300 sec this turn | 300 sec total\n|\n|t:|1783570257\n|move|p1a: Cloyster|Icicle Spear|p2a: Slowbro\n|-damage|p2a: Slowbro|260/300\n|-damage|p2a: Slowbro|223/300\n|-crit|p2a: Slowbro\n|-damage|p2a: Slowbro|157/300\n|-damage|p2a: Slowbro|118/300\n|-damage|p2a: Slowbro|73/300\n|-hitcount|p2a: Slowbro|5\n|move|p2a: Slowbro|Scald|p1a: Cloyster\n|-resisted|p1a: Cloyster\n|-damage|p1a: Cloyster|48/100\n|\n|-heal|p2a: Slowbro|91/300|[from] item: Leftovers\n|upkeep\n|turn|23\n|inactive|Time left: 300 sec this turn | 300 sec total\n|\n|t:|1783570257\n|switch|p2a: Weezing|Weezing, L88, F|68/258\n|move|p1a: Cloyster|Icicle Spear|p2a: Weezing\n|-damage|p2a: Weezing|34/258\n|-damage|p2a: Weezing|0 fnt\n|faint|p2a: Weezing\n|-hitcount|p2: Weezing|2\n|\n|upkeep\n|inactive|Time left: 300 sec this turn | 300 sec total | 5 sec grace\n|\n|t:|1783570258\n|switch|p2a: Slowbro|Slowbro, L85, M, tera:Fighting|191/300\n|-activate|p2a: Slowbro|move: Sticky Web\n|-unboost|p2a: Slowbro|spe|1\n|turn|24\n|inactive|Time left: 300 sec this turn | 300 sec total\n|\n|t:|1783570259\n|switch|p2a: Leavanny|Leavanny, L86, M|175/269\n|-activate|p2a: Leavanny|move: Sticky Web\n|-unboost|p2a: Leavanny|spe|1\n|-terastallize|p1a: Cloyster|Ground\n|move|p1a: Cloyster|Icicle Spear|p2a: Leavanny\n|-supereffective|p2a: Leavanny\n|-damage|p2a: Leavanny|71/269\n|-supereffective|p2a: Leavanny\n|-damage|p2a: Leavanny|0 fnt\n|faint|p2a: Leavanny\n|-hitcount|p2: Leavanny|2\n|\n|upkeep\n|inactive|Time left: 300 sec this turn | 300 sec total | 5 sec grace\n|\n|t:|1783570260\n|switch|p2a: Slowbro|Slowbro, L85, M, tera:Fighting|291/300\n|-activate|p2a: Slowbro|move: Sticky Web\n|-unboost|p2a: Slowbro|spe|1\n|turn|25\n|inactive|Time left: 300 sec this turn | 300 sec total\n|\n|t:|1783570261\n|move|p1a: Cloyster|Icicle Spear|p2a: Slowbro\n|-damage|p2a: Slowbro|254/300\n|-damage|p2a: Slowbro|215/300\n|-damage|p2a: Slowbro|178/300\n|-damage|p2a: Slowbro|141/300\n|-damage|p2a: Slowbro|98/300\n|-hitcount|p2a: Slowbro|5\n|move|p2a: Slowbro|Slack Off|p2a: Slowbro\n|-heal|p2a: Slowbro|248/300\n|\n|-heal|p2a: Slowbro|266/300|[from] item: Leftovers\n|upkeep\n|turn|26\n|inactive|Time left: 300 sec this turn | 300 sec total\n|\n|t:|1783570262\n|move|p1a: Cloyster|Icicle Spear|p2a: Slowbro\n|-damage|p2a: Slowbro|224/300\n|-damage|p2a: Slowbro|184/300\n|-damage|p2a: Slowbro|144/300\n|-damage|p2a: Slowbro|105/300\n|-damage|p2a: Slowbro|65/300\n|-hitcount|p2a: Slowbro|5\n|move|p2a: Slowbro|Slack Off|p2a: Slowbro\n|-heal|p2a: Slowbro|215/300\n|\n|-heal|p2a: Slowbro|233/300|[from] item: Leftovers\n|upkeep\n|turn|27\n|inactive|Time left: 300 sec this turn | 300 sec total\n|\n|t:|1783570263\n|move|p1a: Cloyster|Icicle Spear|p2a: Slowbro\n|-damage|p2a: Slowbro|193/300\n|-damage|p2a: Slowbro|150/300\n|-damage|p2a: Slowbro|110/300\n|-damage|p2a: Slowbro|73/300\n|-damage|p2a: Slowbro|33/300\n|-hitcount|p2a: Slowbro|5\n|move|p2a: Slowbro|Body Press|p1a: Cloyster\n|-damage|p1a: Cloyster|8/100\n|\n|-heal|p2a: Slowbro|51/300|[from] item: Leftovers\n|upkeep\n|turn|28\n|inactive|Time left: 300 sec this turn | 300 sec total\n|\n|t:|1783570264\n|move|p1a: Cloyster|Icicle Spear|p2a: Slowbro\n|-damage|p2a: Slowbro|8/300\n|-damage|p2a: Slowbro|0 fnt\n|faint|p2a: Slowbro\n|-hitcount|p2: Slowbro|2\n|\n|win|p0x27085f56", "uploadtime": 1783570264, "views": 0, "rating": 0, "private": 0, "password": null, "_winner": "p0x27085f56", "_our_name": "p0y2708282c"}