{"id": "battle-gen9randombattle-2521", "formatid": "gen9randombattle", "format": "[Gen 9] Random Battle", "players": ["p0x25220f9b", "p0y2522a648"], "log": "|init|battle\n|title|p0x25220f9b vs. p0y2522a648\n|j|\u2606p0x25220f9b\n|j|\u2606p0y2522a648\n|t:|1783569188\n|gametype|singles\n|player|p1|p0x25220f9b|2|\n|player|p2|p0y2522a648|265|\n|gen|9\n|tier|[Gen 9] Random Battle\n|rule|Species Clause: Limit one of each Pok\u00e9mon\n|rule|HP Percentage Mod: HP is shown in percentages\n|rule|Sleep Clause Mod: Limit one foe put to sleep\n|rule|Illusion Level Mod: Illusion disguises the Pok\u00e9mon's true level\n|\n|t:|1783569188\n|teamsize|p1|6\n|teamsize|p2|6\n|start\n|switch|p1a: Swalot|Swalot, L90, F|326/326\n|switch|p2a: Coalossal|Coalossal, L89, M|100/100\n|turn|1\n|inactive|Battle timer is ON: inactive players will automatically lose when time's up. (requested by p0y2522a648)\n|inactive|Time left: 300 sec this turn | 300 sec total | 60 sec grace\n|inactive|p0x25220f9b also wants the timer to be on.\n|\n|t:|1783569190\n|switch|p2a: Zangoose|Zangoose, L85, F|100/100\n|move|p1a: Swalot|Swords Dance|p1a: Swalot\n|-boost|p1a: Swalot|atk|2\n|\n|-status|p2a: Zangoose|tox|[from] item: Toxic Orb\n|upkeep\n|turn|2\n|inactive|Time left: 300 sec this turn | 300 sec total\n|\n|t:|1783569191\n|-terastallize|p2a: Zangoose|Normal\n|move|p2a: Zangoose|Facade|p1a: Swalot\n|-damage|p1a: Swalot|0 fnt\n|faint|p1a: Swalot\n|\n|-damage|p2a: Zangoose|94/100 tox|[from] psn\n|upkeep\n|inactive|Time left: 300 sec this turn | 300 sec total | 5 sec grace\n|\n|t:|1783569192\n|switch|p1a: Lugia|Lugia, L73|275/275\n|turn|3\n|inactive|Time left: 300 sec this turn | 300 sec total\n|\n|t:|1783569193\n|move|p1a: Lugia|Aeroblast|p2a: Zangoose\n|-damage|p2a: Zangoose|53/100 tox\n|move|p2a: Zangoose|Facade|p1a: Lugia\n|-crit|p1a: Lugia\n|-damage|p1a: Lugia|54/275\n|\n|-damage|p2a: Zangoose|41/100 tox|[from] psn\n|upkeep\n|turn|4\n|inactive|Time left: 300 sec this turn | 300 sec total\n|\n|t:|1783569194\n|switch|p2a: Flygon|Flygon, L82, F|100/100\n|move|p1a: Lugia|Aeroblast|p2a: Flygon|[miss]\n|-miss|p1a: Lugia|p2a: Flygon\n|\n|upkeep\n|turn|5\n|inactive|Time left: 300 sec this turn | 300 sec total\n|\n|t:|1783569195\n|move|p2a: Flygon|Outrage|p1a: Lugia\n|-damage|p1a: Lugia|0 fnt\n|faint|p1a: Lugia\n|\n|upkeep\n|inactive|Time left: 300 sec this turn | 300 sec total | 5 sec grace\n|\n|t:|1783569196\n|switch|p1a: Raging Bolt|Raging Bolt, L78|323/323\n|-enditem|p1a: Raging Bolt|Booster Energy\n|-activate|p1a: Raging Bolt|ability: Protosynthesis|[fromitem]\n|-start|p1a: Raging Bolt|protosynthesisspa\n|turn|6\n|inactive|Time left: 300 sec this turn | 300 sec total\n|\n|t:|1783569197\n|-terastallize|p1a: Raging Bolt|Fairy\n|move|p2a: Flygon|Outrage|p1a: Raging Bolt|[from] lockedmove\n|-immune|p1a: Raging Bolt\n|move|p1a: Raging Bolt|Calm Mind|p1a: Raging Bolt\n|-boost|p1a: Raging Bolt|spa|1\n|-boost|p1a: Raging Bolt|spd|1\n|\n|upkeep\n|turn|7\n|inactive|Time left: 300 sec this turn | 300 sec total\n|\n|t:|1783569198\n|move|p2a: Flygon|Outrage|p1a: Raging Bolt\n|-immune|p1a: Raging Bolt\n|move|p1a: Raging Bolt|Dragon Pulse|p2a: Flygon\n|-supereffective|p2a: Flygon\n|-damage|p2a: Flygon|0 fnt\n|faint|p2a: Flygon\n|\n|upkeep\n|\n|t:|1783569199\n|switch|p2a: Wo-Chien|Wo-Chien, L83|100/100\n|-ability|p2a: Wo-Chien|Tablets of Ruin\n|turn|8\n|inactive|Time left: 300 sec this turn | 300 sec total\n|\n|t:|1783569199\n|move|p2a: Wo-Chien|Leech Seed|p1a: Raging Bolt\n|-start|p1a: Raging Bolt|move: Leech Seed\n|move|p1a: Raging Bolt|Calm Mind|p1a: Raging Bolt\n|-boost|p1a: Raging Bolt|spa|1\n|-boost|p1a: Raging Bolt|spd|1\n|\n|-damage|p1a: Raging Bolt|283/323|[from] Leech Seed|[of] p2a: Wo-Chien\n|upkeep\n|turn|9\n|inactive|Time left: 300 sec this turn | 300 sec total\n|\n|t:|1783569200\n|move|p2a: Wo-Chien|Protect|p2a: Wo-Chien\n|-singleturn|p2a: Wo-Chien|Protect\n|move|p1a: Raging Bolt|Dragon Pulse|p2a: Wo-Chien\n|-activate|p2a: Wo-Chien|move: Protect\n|\n|-damage|p1a: Raging Bolt|243/323|[from] Leech Seed|[of] p2a: Wo-Chien\n|upkeep\n|turn|10\n|inactive|Time left: 300 sec this turn | 300 sec total\n|\n|t:|1783569201\n|move|p2a: Wo-Chien|Giga Drain|p1a: Raging Bolt\n|-damage|p1a: Raging Bolt|198/323\n|move|p1a: Raging Bolt|Dragon Pulse|p2a: Wo-Chien\n|-damage|p2a: Wo-Chien|32/100\n|\n|-heal|p2a: Wo-Chien|38/100|[from] item: Leftovers\n|-damage|p1a: Raging Bolt|158/323|[from] Leech Seed|[of] p2a: Wo-Chien\n|-heal|p2a: Wo-Chien|52/100|[silent]\n|upkeep\n|turn|11\n|inactive|Time left: 300 sec this turn | 300 sec total\n|\n|t:|1783569202\n|move|p2a: Wo-Chien|Protect|p2a: Wo-Chien\n|-singleturn|p2a: Wo-Chien|Protect\n|move|p1a: Raging Bolt|Dragon Pulse|p2a: Wo-Chien\n|-activate|p2a: Wo-Chien|move: Protect\n|\n|-heal|p2a: Wo-Chien|59/100|[from] item: Leftovers\n|-damage|p1a: Raging Bolt|118/323|[from] Leech Seed|[of] p2a: Wo-Chien\n|-heal|p2a: Wo-Chien|73/100|[silent]\n|upkeep\n|turn|12\n|inactive|Time left: 300 sec this turn | 300 sec total\n|\n|t:|1783569203\n|move|p2a: Wo-Chien|Giga Drain|p1a: Raging Bolt\n|-damage|p1a: Raging Bolt|76/323\n|-heal|p2a: Wo-Chien|81/100|[from] drain|[of] p1a: Raging Bolt\n|move|p1a: Raging Bolt|Dragon Pulse|p2a: Wo-Chien\n|-damage|p2a: Wo-Chien|16/100\n|\n|-heal|p2a: Wo-Chien|23/100|[from] item: Leftovers\n|-damage|p1a: Raging Bolt|36/323|[from] Leech Seed|[of] p2a: Wo-Chien\n|-heal|p2a: Wo-Chien|37/100|[silent]\n|upkeep\n|turn|13\n|inactive|Time left: 300 sec this turn | 300 sec total\n|\n|t:|1783569204\n|move|p2a: Wo-Chien|Giga Drain|p1a: Raging Bolt\n|-damage|p1a: Raging Bolt|0 fnt\n|-heal|p2a: Wo-Chien|43/100|[from] drain|[of] p1a: Raging Bolt\n|faint|p1a: Raging Bolt\n|-end|p1a: Raging Bolt|Protosynthesis|[silent]\n|\n|-heal|p2a: Wo-Chien|50/100|[from] item: Leftovers\n|upkeep\n|inactive|Time left: 300 sec this turn | 300 sec total | 5 sec grace\n|\n|t:|1783569205\n|switch|p1a: Kommo-o|Kommo-o, L77, M|242/242\n|turn|14\n|inactive|Time left: 300 sec this turn | 300 sec total\n|\n|t:|1783569206\n|move|p1a: Kommo-o|Clangorous Soul|p1a: Kommo-o\n|-boost|p1a: Kommo-o|atk|1\n|-boost|p1a: Kommo-o|def|1\n|-boost|p1a: Kommo-o|spa|1\n|-boost|p1a: Kommo-o|spd|1\n|-boost|p1a: Kommo-o|spe|1\n|-damage|p1a: Kommo-o|163/242\n|-enditem|p1a: Kommo-o|Throat Spray\n|-boost|p1a: Kommo-o|spa|1|[from] item: Throat Spray\n|move|p2a: Wo-Chien|Leech Seed|p1a: Kommo-o\n|-start|p1a: Kommo-o|move: Leech Seed\n|\n|-heal|p2a: Wo-Chien|56/100|[from] item: Leftovers\n|-damage|p1a: Kommo-o|133/242|[from] Leech Seed|[of] p2a: Wo-Chien\n|-heal|p2a: Wo-Chien|67/100|[silent]\n|upkeep\n|turn|15\n|inactive|Time left: 300 sec this turn | 300 sec total\n|\n|t:|1783569207\n|move|p2a: Wo-Chien|Protect|p2a: Wo-Chien\n|-singleturn|p2a: Wo-Chien|Protect\n|move|p1a: Kommo-o|Drain Punch|p2a: Wo-Chien\n|-activate|p2a: Wo-Chien|move: Protect\n|\n|-heal|p2a: Wo-Chien|73/100|[from] item: Leftovers\n|-damage|p1a: Kommo-o|103/242|[from] Leech Seed|[of] p2a: Wo-Chien\n|-heal|p2a: Wo-Chien|84/100|[silent]\n|upkeep\n|turn|16\n|inactive|Time left: 300 sec this turn | 300 sec total\n|\n|t:|1783569209\n|switch|p2a: Toxapex|Toxapex, L82, M|100/100\n|move|p1a: Kommo-o|Drain Punch|p2a: Toxapex\n|-resisted|p2a: Toxapex\n|-damage|p2a: Toxapex|82/100\n|-heal|p1a: Kommo-o|123/242|[from] drain|[of] p2a: Toxapex\n|-damage|p1a: Kommo-o|83/242|[from] item: Rocky Helmet|[of] p2a: Toxapex\n|\n|-damage|p1a: Kommo-o|53/242|[from] Leech Seed|[of] p2a: Toxapex\n|-heal|p2a: Toxapex|96/100|[silent]\n|upkeep\n|turn|17\n|inactive|Time left: 300 sec this turn | 300 sec total\n|\n|t:|1783569210\n|move|p1a: Kommo-o|Clanging Scales|p2a: Toxapex\n|-damage|p2a: Toxapex|35/100\n|-unboost|p1a: Kommo-o|def|1\n|move|p2a: Toxapex|Haze|p2a: Toxapex\n|-clearallboost\n|\n|-damage|p1a: Kommo-o|23/242|[from] Leech Seed|[of] p2a: Toxapex\n|-heal|p2a: Toxapex|49/100|[silent]\n|upkeep\n|turn|18\n|inactive|Time left: 300 sec this turn | 300 sec total\n|\n|t:|1783569211\n|switch|p1a: Ninetales|Ninetales, L85, M|263/263\n|-weather|SunnyDay|[from] ability: Drought|[of] p1a: Ninetales\n|move|p2a: Toxapex|Recover|p2a: Toxapex\n|-heal|p2a: Toxapex|99/100\n|\n|-weather|SunnyDay|[upkeep]\n|upkeep\n|turn|19\n|inactive|Time left: 300 sec this turn | 300 sec total\n|\n|t:|1783569212\n|move|p1a: Ninetales|Nasty Plot|p1a: Ninetales\n|-boost|p1a: Ninetales|spa|2\n|move|p2a: Toxapex|Liquidation|p1a: Ninetales\n|-supereffective|p1a: Ninetales\n|-crit|p1a: Ninetales\n|-damage|p1a: Ninetales|159/263\n|\n|-weather|SunnyDay|[upkeep]\n|upkeep\n|turn|20\n|inactive|Time left: 300 sec this turn | 300 sec total\n|\n|t:|1783569213\n|move|p1a: Ninetales|Scorching Sands|p2a: Toxapex\n|-supereffective|p2a: Toxapex\n|-damage|p2a: Toxapex|45/100\n|move|p2a: Toxapex|Haze|p2a: Toxapex\n|-clearallboost\n|\n|-weather|SunnyDay|[upkeep]\n|upkeep\n|turn|21\n|inactive|Time left: 300 sec this turn | 300 sec total\n|\n|t:|1783569214\n|move|p1a: Ninetales|Nasty Plot|p1a: Ninetales\n|-boost|p1a: Ninetales|spa|2\n|move|p2a: Toxapex|Recover|p2a: Toxapex\n|-heal|p2a: Toxapex|95/100\n|\n|-weather|SunnyDay|[upkeep]\n|upkeep\n|turn|22\n|inactive|Time left: 300 sec this turn | 300 sec total\n|\n|t:|1783569215\n|move|p1a: Ninetales|Scorching Sands|p2a: Toxapex\n|-supereffective|p2a: Toxapex\n|-damage|p2a: Toxapex|41/100\n|move|p2a: Toxapex|Haze|p2a: Toxapex\n|-clearallboost\n|\n|-weather|none\n|upkeep\n|turn|23\n|inactive|Time left: 300 sec this turn | 300 sec total\n|\n|t:|1783569216\n|move|p1a: Ninetales|Nasty Plot|p1a: Ninetales\n|-boost|p1a: Ninetales|spa|2\n|move|p2a: Toxapex|Liquidation|p1a: Ninetales\n|-supereffective|p1a: Ninetales\n|-damage|p1a: Ninetales|13/263\n|\n|upkeep\n|turn|24\n|inactive|Time left: 300 sec this turn | 300 sec total\n|\n|t:|1783569217\n|switch|p2a: Wo-Chien|Wo-Chien, L83|84/100\n|-ability|p2a: Wo-Chien|Tablets of Ruin\n|move|p1a: Ninetales|Scorching Sands|p2a: Wo-Chien\n|-resisted|p2a: Wo-Chien\n|-damage|p2a: Wo-Chien|73/100\n|\n|-heal|p2a: Wo-Chien|79/100|[from] item: Leftovers\n|upkeep\n|turn|25\n|inactive|Time left: 300 sec this turn | 300 sec total\n|\n|t:|1783569218\n|move|p2a: Wo-Chien|Protect|p2a: Wo-Chien\n|-singleturn|p2a: Wo-Chien|Protect\n|move|p1a: Ninetales|Fire Blast|p2a: Wo-Chien\n|-activate|p2a: Wo-Chien|move: Protect\n|\n|-heal|p2a: Wo-Chien|85/100|[from] item: Leftovers\n|upkeep\n|turn|26\n|inactive|Time left: 300 sec this turn | 300 sec total\n|\n|t:|1783569218\n|switch|p2a: Toxapex|Toxapex, L82, M|75/100\n|move|p1a: Ninetales|Fire Blast|p2a: Toxapex\n|-resisted|p2a: Toxapex\n|-damage|p2a: Toxapex|41/100\n|\n|upkeep\n|turn|27\n|inactive|Time left: 300 sec this turn | 300 sec total\n|\n|t:|1783569219\n|switch|p2a: Wo-Chien|Wo-Chien, L83|85/100\n|-ability|p2a: Wo-Chien|Tablets of Ruin\n|move|p1a: Ninetales|Scorching Sands|p2a: Wo-Chien\n|-resisted|p2a: Wo-Chien\n|-damage|p2a: Wo-Chien|73/100\n|\n|-heal|p2a: Wo-Chien|79/100|[from] item: Leftovers\n|upkeep\n|turn|28\n|inactive|Time left: 300 sec this turn | 300 sec total\n|\n|t:|1783569220\n|move|p2a: Wo-Chien|Protect|p2a: Wo-Chien\n|-singleturn|p2a: Wo-Chien|Protect\n|move|p1a: Ninetales|Fire Blast|p2a: Wo-Chien\n|-activate|p2a: Wo-Chien|move: Protect\n|\n|-heal|p2a: Wo-Chien|85/100|[from] item: Leftovers\n|upkeep\n|turn|29\n|inactive|Time left: 300 sec this turn | 300 sec total\n|\n|t:|1783569221\n|switch|p2a: Toxapex|Toxapex, L82, M|74/100\n|move|p1a: Ninetales|Fire Blast|p2a: Toxapex\n|-resisted|p2a: Toxapex\n|-damage|p2a: Toxapex|38/100\n|\n|upkeep\n|turn|30\n|inactive|Time left: 300 sec this turn | 300 sec total\n|\n|t:|1783569222\n|switch|p2a: Sinistcha|Sinistcha-Masterpiece, L83|100/100\n|move|p1a: Ninetales|Scorching Sands|p2a: Sinistcha\n|-resisted|p2a: Sinistcha\n|-damage|p2a: Sinistcha|82/100\n|-status|p2a: Sinistcha|brn\n|\n|-heal|p2a: Sinistcha|88/100 brn|[from] item: Leftovers\n|-damage|p2a: Sinistcha|85/100 brn|[from] brn\n|upkeep\n|turn|31\n|inactive|Time left: 300 sec this turn | 300 sec total\n|\n|t:|1783569223\n|switch|p2a: Toxapex|Toxapex, L82, M|72/100\n|move|p1a: Ninetales|Fire Blast|p2a: Toxapex\n|-resisted|p2a: Toxapex\n|-damage|p2a: Toxapex|39/100\n|\n|upkeep\n|turn|32\n|inactive|Time left: 300 sec this turn | 300 sec total\n|\n|t:|1783569224\n|switch|p2a: Wo-Chien|Wo-Chien, L83|85/100\n|-ability|p2a: Wo-Chien|Tablets of Ruin\n|move|p1a: Ninetales|Scorching Sands|p2a: Wo-Chien\n|-resisted|p2a: Wo-Chien\n|-damage|p2a: Wo-Chien|73/100\n|-status|p2a: Wo-Chien|brn\n|\n|-heal|p2a: Wo-Chien|80/100 brn|[from] item: Leftovers\n|-damage|p2a: Wo-Chien|73/100 brn|[from] brn\n|upkeep\n|turn|33\n|inactive|Time left: 300 sec this turn | 300 sec total\n|\n|t:|1783569225\n|move|p2a: Wo-Chien|Protect|p2a: Wo-Chien\n|-singleturn|p2a: Wo-Chien|Protect\n|move|p1a: Ninetales|Fire Blast|p2a: Wo-Chien\n|-activate|p2a: Wo-Chien|move: Protect\n|\n|-heal|p2a: Wo-Chien|80/100 brn|[from] item: Leftovers\n|-damage|p2a: Wo-Chien|73/100 brn|[from] brn\n|upkeep\n|turn|34\n|inactive|Time left: 300 sec this turn | 300 sec total\n|\n|t:|1783569226\n|move|p1a: Ninetales|Fire Blast|p2a: Wo-Chien\n|-supereffective|p2a: Wo-Chien\n|-damage|p2a: Wo-Chien|0 fnt\n|faint|p2a: Wo-Chien\n|\n|upkeep\n|\n|t:|1783569227\n|switch|p2a: Toxapex|Toxapex, L82, M|72/100\n|turn|35\n|inactive|Time left: 300 sec this turn | 300 sec total\n|\n|t:|1783569228\n|move|p1a: Ninetales|Scorching Sands|p2a: Toxapex\n|-supereffective|p2a: Toxapex\n|-crit|p2a: Toxapex\n|-damage|p2a: Toxapex|0 fnt\n|faint|p2a: Toxapex\n|\n|upkeep\n|\n|t:|1783569228\n|switch|p2a: Sinistcha|Sinistcha-Masterpiece, L83|85/100 brn\n|turn|36\n|inactive|Time left: 300 sec this turn | 300 sec total\n|\n|t:|1783569229\n|switch|p2a: Zangoose|Zangoose, L85, F, tera:Normal|41/100 tox\n|move|p1a: Ninetales|Fire Blast|p2a: Zangoose|[miss]\n|-miss|p1a: Ninetales|p2a: Zangoose\n|\n|-damage|p2a: Zangoose|35/100 tox|[from] psn\n|upkeep\n|turn|37\n|inactive|Time left: 300 sec this turn | 300 sec total\n|\n|t:|1783569230\n|switch|p2a: Sinistcha|Sinistcha-Masterpiece, L83|85/100 brn\n|move|p1a: Ninetales|Scorching Sands|p2a: Sinistcha\n|-resisted|p2a: Sinistcha\n|-damage|p2a: Sinistcha|66/100 brn\n|\n|-heal|p2a: Sinistcha|72/100 brn|[from] item: Leftovers\n|-damage|p2a: Sinistcha|69/100 brn|[from] brn\n|upkeep\n|turn|38\n|inactive|Time left: 300 sec this turn | 300 sec total\n|\n|t:|1783569231\n|move|p1a: Ninetales|Solar Beam||[still]\n|-prepare|p1a: Ninetales|Solar Beam\n|move|p2a: Sinistcha|Calm Mind|p2a: Sinistcha\n|-boost|p2a: Sinistcha|spa|1\n|-boost|p2a: Sinistcha|spd|1\n|\n|-heal|p2a: Sinistcha|75/100 brn|[from] item: Leftovers\n|-damage|p2a: Sinistcha|73/100 brn|[from] brn\n|upkeep\n|turn|39\n|inactive|Time left: 300 sec this turn | 300 sec total\n|\n|t:|1783569232\n|move|p1a: Ninetales|Solar Beam|p2a: Sinistcha|[from] lockedmove\n|-resisted|p2a: Sinistcha\n|-damage|p2a: Sinistcha|50/100 brn\n|move|p2a: Sinistcha|Strength Sap|p1a: Ninetales\n|-unboost|p1a: Ninetales|atk|1\n|-heal|p2a: Sinistcha|100/100 brn\n|\n|-damage|p2a: Sinistcha|98/100 brn|[from] brn\n|upkeep\n|turn|40\n|inactive|Time left: 300 sec this turn | 300 sec total\n|\n|t:|1783569233\n|move|p1a: Ninetales|Scorching Sands|p2a: Sinistcha\n|-resisted|p2a: Sinistcha\n|-damage|p2a: Sinistcha|84/100 brn\n|move|p2a: Sinistcha|Shadow Ball|p1a: Ninetales\n|-damage|p1a: Ninetales|0 fnt\n|faint|p1a: Ninetales\n|\n|-heal|p2a: Sinistcha|90/100 brn|[from] item: Leftovers\n|-damage|p2a: Sinistcha|87/100 brn|[from] brn\n|upkeep\n|inactive|Time left: 300 sec this turn | 300 sec total | 5 sec grace\n|\n|t:|1783569234\n|switch|p1a: Dusknoir|Dusknoir, L89, M|225/225\n|-item|p2a: Sinistcha|Leftovers|[from] ability: Frisk|[of] p1a: Dusknoir\n|turn|41\n|inactive|Time left: 300 sec this turn | 300 sec total\n|\n|t:|1783569235\n|move|p1a: Dusknoir|Shadow Sneak|p2a: Sinistcha\n|-supereffective|p2a: Sinistcha\n|-damage|p2a: Sinistcha|35/100 brn\n|move|p2a: Sinistcha|Shadow Ball|p1a: Dusknoir\n|-supereffective|p1a: Dusknoir\n|-damage|p1a: Dusknoir|15/225\n|\n|-heal|p2a: Sinistcha|41/100 brn|[from] item: Leftovers\n|-damage|p2a: Sinistcha|38/100 brn|[from] brn\n|upkeep\n|turn|42\n|inactive|Time left: 300 sec this turn | 300 sec total\n|\n|t:|1783569236\n|switch|p1a: Kommo-o|Kommo-o, L77, M|23/242\n|move|p2a: Sinistcha|Strength Sap|p1a: Kommo-o\n|-unboost|p1a: Kommo-o|atk|1\n|-heal|p2a: Sinistcha|100/100 brn\n|\n|-damage|p2a: Sinistcha|98/100 brn|[from] brn\n|upkeep\n|turn|43\n|inactive|Time left: 300 sec this turn | 300 sec total\n|\n|t:|1783569236\n|move|p1a: Kommo-o|Iron Head|p2a: Sinistcha\n|-damage|p2a: Sinistcha|84/100 brn\n|move|p2a: Sinistcha|Shadow Ball|p1a: Kommo-o\n|-damage|p1a: Kommo-o|0 fnt\n|faint|p1a: Kommo-o\n|\n|-heal|p2a: Sinistcha|90/100 brn|[from] item: Leftovers\n|-damage|p2a: Sinistcha|88/100 brn|[from] brn\n|upkeep\n|inactive|Time left: 300 sec this turn | 300 sec total | 5 sec grace\n|\n|t:|1783569237\n|switch|p1a: Dusknoir|Dusknoir, L89, M|15/225\n|-item|p2a: Sinistcha|Leftovers|[from] ability: Frisk|[of] p1a: Dusknoir\n|turn|44\n|inactive|Time left: 300 sec this turn | 300 sec total\n|\n|t:|1783569238\n|move|p2a: Sinistcha|Shadow Ball|p1a: Dusknoir\n|-supereffective|p1a: Dusknoir\n|-damage|p1a: Dusknoir|0 fnt\n|faint|p1a: Dusknoir\n|\n|win|p0y2522a648", "uploadtime": 1783569238, "views": 0, "rating": 0, "private": 0, "password": null, "_winner": "p0y2522a648", "_our_name": "p0x25220f9b"}