{"id": "battle-gen9randombattle-1493", "formatid": "gen9randombattle", "format": "[Gen 9] Random Battle", "players": ["p0x149379d4", "p0y1493e98d"], "log": "|init|battle\n|title|p0x149379d4 vs. p0y1493e98d\n|j|\u2606p0x149379d4\n|j|\u2606p0y1493e98d\n|t:|1783556466\n|gametype|singles\n|player|p1|p0x149379d4|1|\n|player|p2|p0y1493e98d|266|\n|gen|9\n|tier|[Gen 9] Random Battle\n|rule|Species Clause: Limit one of each Pok\u00e9mon\n|rule|HP Percentage Mod: HP is shown in percentages\n|rule|Sleep Clause Mod: Limit one foe put to sleep\n|rule|Illusion Level Mod: Illusion disguises the Pok\u00e9mon's true level\n|\n|t:|1783556466\n|teamsize|p1|6\n|teamsize|p2|6\n|start\n|switch|p1a: Brute Bonnet|Brute Bonnet, L80|100/100\n|switch|p2a: Regice|Regice, L88|284/284\n|turn|1\n|inactive|Battle timer is ON: inactive players will automatically lose when time's up. (requested by p0x149379d4)\n|inactive|Time left: 300 sec this turn | 300 sec total | 60 sec grace\n|inactive|p0y1493e98d also wants the timer to be on.\n|\n|t:|1783556467\n|move|p2a: Regice|Ice Beam|p1a: Brute Bonnet\n|-supereffective|p1a: Brute Bonnet\n|-damage|p1a: Brute Bonnet|33/100\n|move|p1a: Brute Bonnet|Crunch|p2a: Regice\n|-damage|p2a: Regice|200/284\n|\n|-heal|p1a: Brute Bonnet|39/100|[from] item: Leftovers\n|upkeep\n|turn|2\n|inactive|Time left: 300 sec this turn | 300 sec total\n|\n|t:|1783556469\n|-end|p1a: Brute Bonnet|Protosynthesis|[silent]\n|switch|p1a: Hitmonlee|Hitmonlee, L85, M|100/100\n|move|p2a: Regice|Ice Beam|p1a: Hitmonlee\n|-damage|p1a: Hitmonlee|60/100\n|\n|upkeep\n|turn|3\n|inactive|Time left: 300 sec this turn | 300 sec total\n|\n|t:|1783556470\n|switch|p2a: Overqwil|Overqwil, L82, F|274/274\n|-ability|p2a: Overqwil|Intimidate|boost\n|-unboost|p1a: Hitmonlee|atk|1\n|move|p1a: Hitmonlee|High Jump Kick|p2a: Overqwil\n|-damage|p2a: Overqwil|150/274\n|\n|upkeep\n|turn|4\n|inactive|Time left: 300 sec this turn | 300 sec total\n|\n|t:|1783556471\n|-terastallize|p1a: Hitmonlee|Fighting\n|move|p1a: Hitmonlee|High Jump Kick|p2a: Overqwil\n|-damage|p2a: Overqwil|0 fnt\n|faint|p2a: Overqwil\n|\n|upkeep\n|inactive|Time left: 300 sec this turn | 300 sec total | 5 sec grace\n|\n|t:|1783556472\n|switch|p2a: Girafarig|Girafarig, L89, M|269/269\n|turn|5\n|inactive|Time left: 300 sec this turn | 300 sec total\n|\n|t:|1783556474\n|move|p1a: Hitmonlee|High Jump Kick|p2a: Girafarig\n|-damage|p2a: Girafarig|131/269\n|move|p2a: Girafarig|Nasty Plot|p2a: Girafarig\n|-boost|p2a: Girafarig|spa|2\n|\n|upkeep\n|turn|6\n|inactive|Time left: 300 sec this turn | 300 sec total\n|\n|t:|1783556475\n|-terastallize|p2a: Girafarig|Fairy\n|move|p1a: Hitmonlee|High Jump Kick|p2a: Girafarig\n|-resisted|p2a: Girafarig\n|-damage|p2a: Girafarig|65/269\n|move|p2a: Girafarig|Dazzling Gleam|p1a: Hitmonlee\n|-supereffective|p1a: Hitmonlee\n|-damage|p1a: Hitmonlee|0 fnt\n|faint|p1a: Hitmonlee\n|\n|upkeep\n|\n|t:|1783556476\n|switch|p1a: Jolteon|Jolteon, L84, M|100/100\n|turn|7\n|inactive|Time left: 300 sec this turn | 300 sec total\n|\n|t:|1783556477\n|move|p1a: Jolteon|Thunderbolt|p2a: Girafarig\n|-damage|p2a: Girafarig|0 fnt\n|faint|p2a: Girafarig\n|\n|upkeep\n|inactive|Time left: 300 sec this turn | 300 sec total | 5 sec grace\n|\n|t:|1783556478\n|switch|p2a: Glastrier|Glastrier, L86|312/312\n|turn|8\n|inactive|Time left: 300 sec this turn | 300 sec total\n|\n|t:|1783556479\n|switch|p1a: Dondozo|Dondozo, L78, F|100/100\n|move|p2a: Glastrier|Swords Dance|p2a: Glastrier\n|-boost|p2a: Glastrier|atk|2\n|\n|upkeep\n|turn|9\n|inactive|Time left: 300 sec this turn | 300 sec total\n|\n|t:|1783556480\n|move|p2a: Glastrier|Swords Dance|p2a: Glastrier\n|-boost|p2a: Glastrier|atk|2\n|move|p1a: Dondozo|Wave Crash|p2a: Glastrier\n|-damage|p2a: Glastrier|231/312\n|-damage|p1a: Dondozo|93/100|[from] Recoil\n|\n|-heal|p1a: Dondozo|99/100|[from] item: Leftovers\n|upkeep\n|turn|10\n|inactive|Time left: 300 sec this turn | 300 sec total\n|\n|t:|1783556481\n|move|p2a: Glastrier|Icicle Crash|p1a: Dondozo\n|-resisted|p1a: Dondozo\n|-damage|p1a: Dondozo|83/100\n|move|p1a: Dondozo|Wave Crash|p2a: Glastrier\n|-damage|p2a: Glastrier|153/312\n|-damage|p1a: Dondozo|76/100|[from] Recoil\n|\n|-heal|p1a: Dondozo|82/100|[from] item: Leftovers\n|upkeep\n|turn|11\n|inactive|Time left: 300 sec this turn | 300 sec total\n|\n|t:|1783556482\n|move|p2a: Glastrier|Icicle Crash|p1a: Dondozo\n|-resisted|p1a: Dondozo\n|-damage|p1a: Dondozo|67/100\n|move|p1a: Dondozo|Wave Crash|p2a: Glastrier\n|-damage|p2a: Glastrier|77/312\n|-damage|p1a: Dondozo|60/100|[from] Recoil\n|\n|-heal|p1a: Dondozo|66/100|[from] item: Leftovers\n|upkeep\n|turn|12\n|inactive|Time left: 300 sec this turn | 300 sec total\n|\n|t:|1783556483\n|move|p2a: Glastrier|Icicle Crash|p1a: Dondozo\n|-resisted|p1a: Dondozo\n|-damage|p1a: Dondozo|51/100\n|cant|p1a: Dondozo|flinch\n|\n|-heal|p1a: Dondozo|57/100|[from] item: Leftovers\n|upkeep\n|turn|13\n|inactive|Time left: 300 sec this turn | 300 sec total\n|\n|t:|1783556484\n|move|p2a: Glastrier|Icicle Crash|p1a: Dondozo\n|-resisted|p1a: Dondozo\n|-damage|p1a: Dondozo|41/100\n|move|p1a: Dondozo|Wave Crash|p2a: Glastrier\n|-damage|p2a: Glastrier|0 fnt\n|faint|p2a: Glastrier\n|-damage|p1a: Dondozo|34/100|[from] Recoil\n|\n|-heal|p1a: Dondozo|40/100|[from] item: Leftovers\n|upkeep\n|inactive|Time left: 300 sec this turn | 300 sec total | 5 sec grace\n|\n|t:|1783556485\n|switch|p2a: Morpeko|Morpeko, L88, F|245/245\n|turn|14\n|inactive|Time left: 300 sec this turn | 300 sec total\n|\n|t:|1783556486\n|switch|p1a: Brute Bonnet|Brute Bonnet, L80|39/100\n|move|p2a: Morpeko|Aura Wheel|p1a: Brute Bonnet\n|-resisted|p1a: Brute Bonnet\n|-damage|p1a: Brute Bonnet|20/100\n|-boost|p2a: Morpeko|spe|1\n|\n|-heal|p1a: Brute Bonnet|26/100|[from] item: Leftovers\n|-formechange|p2a: Morpeko|Morpeko-Hangry||[from] ability: Hunger Switch\n|upkeep\n|turn|15\n|inactive|Time left: 300 sec this turn | 300 sec total\n|\n|t:|1783556487\n|move|p2a: Morpeko|Protect|p2a: Morpeko\n|-singleturn|p2a: Morpeko|Protect\n|move|p1a: Brute Bonnet|Close Combat|p2a: Morpeko\n|-activate|p2a: Morpeko|move: Protect\n|\n|-heal|p1a: Brute Bonnet|32/100|[from] item: Leftovers\n|-formechange|p2a: Morpeko|Morpeko||[from] ability: Hunger Switch\n|upkeep\n|turn|16\n|inactive|Time left: 300 sec this turn | 300 sec total\n|\n|t:|1783556488\n|move|p2a: Morpeko|Parting Shot|p1a: Brute Bonnet\n|-unboost|p1a: Brute Bonnet|atk|1\n|-unboost|p1a: Brute Bonnet|spa|1\n|inactive|Time left: 300 sec this turn | 300 sec total | 5 sec grace\n|\n|t:|1783556488\n|switch|p2a: Sandslash|Sandslash, L89, M|278/278|[from] Parting Shot\n|move|p1a: Brute Bonnet|Close Combat|p2a: Sandslash\n|-damage|p2a: Sandslash|227/278\n|-unboost|p1a: Brute Bonnet|def|1\n|-unboost|p1a: Brute Bonnet|spd|1\n|\n|-heal|p2a: Sandslash|244/278|[from] item: Leftovers\n|-heal|p1a: Brute Bonnet|38/100|[from] item: Leftovers\n|upkeep\n|turn|17\n|inactive|Time left: 300 sec this turn | 300 sec total\n|\n|t:|1783556489\n|move|p2a: Sandslash|Spikes|p1a: Brute Bonnet\n|-sidestart|p1: p0x149379d4|Spikes\n|move|p1a: Brute Bonnet|Spore|p2a: Sandslash\n|-status|p2a: Sandslash|slp|[from] move: Spore\n|\n|-heal|p2a: Sandslash|261/278 slp|[from] item: Leftovers\n|-heal|p1a: Brute Bonnet|45/100|[from] item: Leftovers\n|upkeep\n|turn|18\n|inactive|Time left: 300 sec this turn | 300 sec total\n|\n|t:|1783556490\n|switch|p2a: Morpeko|Morpeko, L88, F|245/245\n|-end|p1a: Brute Bonnet|Protosynthesis|[silent]\n|switch|p1a: Darkrai|Darkrai, L77|100/100\n|-damage|p1a: Darkrai|88/100|[from] Spikes\n|\n|-heal|p1a: Darkrai|94/100|[from] item: Leftovers\n|-formechange|p2a: Morpeko|Morpeko-Hangry||[from] ability: Hunger Switch\n|upkeep\n|turn|19\n|inactive|Time left: 300 sec this turn | 300 sec total\n|\n|t:|1783556491\n|move|p1a: Darkrai|Sludge Bomb|p2a: Morpeko\n|-damage|p2a: Morpeko|153/245\n|move|p2a: Morpeko|Aura Wheel|p1a: Darkrai\n|-resisted|p1a: Darkrai\n|-damage|p1a: Darkrai|65/100\n|-boost|p2a: Morpeko|spe|1\n|\n|-heal|p1a: Darkrai|71/100|[from] item: Leftovers\n|-formechange|p2a: Morpeko|Morpeko||[from] ability: Hunger Switch\n|upkeep\n|turn|20\n|inactive|Time left: 300 sec this turn | 300 sec total\n|\n|t:|1783556492\n|move|p2a: Morpeko|Aura Wheel|p1a: Darkrai\n|-damage|p1a: Darkrai|10/100\n|-boost|p2a: Morpeko|spe|1\n|move|p1a: Darkrai|Sludge Bomb|p2a: Morpeko\n|-damage|p2a: Morpeko|65/245\n|-status|p2a: Morpeko|psn\n|\n|-heal|p1a: Darkrai|16/100|[from] item: Leftovers\n|-damage|p2a: Morpeko|35/245 psn|[from] psn\n|-formechange|p2a: Morpeko|Morpeko-Hangry||[from] ability: Hunger Switch\n|upkeep\n|turn|21\n|inactive|Time left: 300 sec this turn | 300 sec total\n|\n|t:|1783556493\n|switch|p1a: Tropius|Tropius, L91, F|100/100\n|move|p2a: Morpeko|Aura Wheel|p1a: Tropius\n|-damage|p1a: Tropius|64/100\n|-boost|p2a: Morpeko|spe|1\n|\n|-damage|p2a: Morpeko|5/245 psn|[from] psn\n|-formechange|p2a: Morpeko|Morpeko||[from] ability: Hunger Switch\n|upkeep\n|turn|22\n|inactive|Time left: 300 sec this turn | 300 sec total\n|\n|t:|1783556494\n|move|p2a: Morpeko|Parting Shot|p1a: Tropius\n|-unboost|p1a: Tropius|atk|1\n|-unboost|p1a: Tropius|spa|1\n|inactive|Time left: 300 sec this turn | 300 sec total | 5 sec grace\n|\n|t:|1783556495\n|switch|p2a: Regice|Regice, L88|200/284|[from] Parting Shot\n|move|p1a: Tropius|Leech Seed|p2a: Regice\n|-start|p2a: Regice|move: Leech Seed\n|\n|-damage|p2a: Regice|165/284|[from] Leech Seed|[of] p1a: Tropius\n|-heal|p1a: Tropius|75/100|[silent]\n|upkeep\n|turn|23\n|inactive|Time left: 300 sec this turn | 300 sec total\n|\n|t:|1783556496\n|switch|p1a: Jolteon|Jolteon, L84, M|100/100\n|-damage|p1a: Jolteon|88/100|[from] Spikes\n|move|p2a: Regice|Ice Beam|p1a: Jolteon\n|-damage|p1a: Jolteon|50/100\n|\n|-heal|p1a: Jolteon|56/100|[from] item: Leftovers\n|-damage|p2a: Regice|130/284|[from] Leech Seed|[of] p1a: Jolteon\n|-heal|p1a: Jolteon|70/100|[silent]\n|upkeep\n|turn|24\n|inactive|Time left: 300 sec this turn | 300 sec total\n|\n|t:|1783556497\n|switch|p2a: Sandslash|Sandslash, L89, M|261/278 slp\n|move|p1a: Jolteon|Calm Mind|p1a: Jolteon\n|-boost|p1a: Jolteon|spa|1\n|-boost|p1a: Jolteon|spd|1\n|\n|-heal|p1a: Jolteon|77/100|[from] item: Leftovers\n|-heal|p2a: Sandslash|278/278 slp|[from] item: Leftovers\n|upkeep\n|turn|25\n|inactive|Time left: 300 sec this turn | 300 sec total\n|\n|t:|1783556498\n|move|p1a: Jolteon|Tera Blast|p2a: Sandslash\n|-damage|p2a: Sandslash|165/278 slp\n|cant|p2a: Sandslash|slp\n|\n|-heal|p1a: Jolteon|83/100|[from] item: Leftovers\n|-heal|p2a: Sandslash|182/278 slp|[from] item: Leftovers\n|upkeep\n|turn|26\n|inactive|Time left: 300 sec this turn | 300 sec total\n|\n|t:|1783556499\n|move|p1a: Jolteon|Tera Blast|p2a: Sandslash\n|-damage|p2a: Sandslash|51/278 slp\n|cant|p2a: Sandslash|slp\n|\n|-heal|p1a: Jolteon|89/100|[from] item: Leftovers\n|-heal|p2a: Sandslash|68/278 slp|[from] item: Leftovers\n|upkeep\n|turn|27\n|inactive|Time left: 300 sec this turn | 300 sec total\n|\n|t:|1783556500\n|switch|p2a: Regice|Regice, L88|130/284\n|move|p1a: Jolteon|Tera Blast|p2a: Regice\n|-damage|p2a: Regice|83/284\n|\n|-heal|p1a: Jolteon|95/100|[from] item: Leftovers\n|upkeep\n|turn|28\n|inactive|Time left: 300 sec this turn | 300 sec total\n|\n|t:|1783556501\n|move|p1a: Jolteon|Calm Mind|p1a: Jolteon\n|-boost|p1a: Jolteon|spa|1\n|-boost|p1a: Jolteon|spd|1\n|move|p2a: Regice|Rest|p2a: Regice\n|-status|p2a: Regice|slp|[from] move: Rest\n|-heal|p2a: Regice|284/284 slp|[silent]\n|\n|-heal|p1a: Jolteon|100/100|[from] item: Leftovers\n|upkeep\n|turn|29\n|inactive|Time left: 300 sec this turn | 300 sec total\n|\n|t:|1783556502\n|move|p1a: Jolteon|Tera Blast|p2a: Regice\n|-damage|p2a: Regice|222/284 slp\n|cant|p2a: Regice|slp\n|\n|upkeep\n|turn|30\n|inactive|Time left: 300 sec this turn | 300 sec total\n|\n|t:|1783556503\n|move|p1a: Jolteon|Tera Blast|p2a: Regice\n|-damage|p2a: Regice|159/284 slp\n|cant|p2a: Regice|slp\n|\n|upkeep\n|turn|31\n|inactive|Time left: 300 sec this turn | 300 sec total\n|\n|t:|1783556504\n|move|p1a: Jolteon|Substitute|p1a: Jolteon\n|-start|p1a: Jolteon|Substitute\n|-damage|p1a: Jolteon|76/100\n|-curestatus|p2a: Regice|slp|[msg]\n|move|p2a: Regice|Rest|p2a: Regice\n|-status|p2a: Regice|slp|[from] move: Rest\n|-heal|p2a: Regice|284/284 slp|[silent]\n|\n|-heal|p1a: Jolteon|82/100|[from] item: Leftovers\n|upkeep\n|turn|32\n|inactive|Time left: 300 sec this turn | 300 sec total\n|\n|t:|1783556505\n|move|p1a: Jolteon|Tera Blast|p2a: Regice\n|-damage|p2a: Regice|228/284 slp\n|cant|p2a: Regice|slp\n|\n|-heal|p1a: Jolteon|88/100|[from] item: Leftovers\n|upkeep\n|turn|33\n|inactive|Time left: 300 sec this turn | 300 sec total\n|\n|t:|1783556506\n|move|p1a: Jolteon|Calm Mind|p1a: Jolteon\n|-boost|p1a: Jolteon|spa|1\n|-boost|p1a: Jolteon|spd|1\n|cant|p2a: Regice|slp\n|\n|-heal|p1a: Jolteon|94/100|[from] item: Leftovers\n|upkeep\n|turn|34\n|inactive|Time left: 300 sec this turn | 300 sec total\n|\n|t:|1783556507\n|move|p1a: Jolteon|Tera Blast|p2a: Regice\n|-damage|p2a: Regice|150/284 slp\n|-curestatus|p2a: Regice|slp|[msg]\n|move|p2a: Regice|Rest|p2a: Regice\n|-status|p2a: Regice|slp|[from] move: Rest\n|-heal|p2a: Regice|284/284 slp|[silent]\n|\n|-heal|p1a: Jolteon|99/100|[from] item: Leftovers\n|upkeep\n|turn|35\n|inactive|Time left: 300 sec this turn | 300 sec total\n|\n|t:|1783556508\n|switch|p2a: Sandslash|Sandslash, L89, M|68/278 slp\n|move|p1a: Jolteon|Tera Blast|p2a: Sandslash\n|-damage|p2a: Sandslash|0 fnt\n|faint|p2a: Sandslash\n|\n|-heal|p1a: Jolteon|100/100|[from] item: Leftovers\n|upkeep\n|inactive|Time left: 300 sec this turn | 300 sec total | 5 sec grace\n|\n|t:|1783556509\n|switch|p2a: Regice|Regice, L88|284/284 slp\n|turn|36\n|inactive|Time left: 300 sec this turn | 300 sec total\n|\n|t:|1783556510\n|move|p1a: Jolteon|Thunderbolt|p2a: Regice\n|-damage|p2a: Regice|154/284 slp\n|cant|p2a: Regice|slp\n|\n|upkeep\n|turn|37\n|inactive|Time left: 300 sec this turn | 300 sec total\n|\n|t:|1783556511\n|move|p1a: Jolteon|Thunderbolt|p2a: Regice\n|-damage|p2a: Regice|28/284 slp\n|cant|p2a: Regice|slp\n|move|p2a: Regice|Sleep Talk|p2a: Regice\n|move|p2a: Regice|Ice Beam|p1a: Jolteon|[from] move: Sleep Talk\n|-crit|p1a: Jolteon\n|-end|p1a: Jolteon|Substitute\n|\n|upkeep\n|turn|38\n|inactive|Time left: 300 sec this turn | 300 sec total\n|\n|t:|1783556512\n|switch|p2a: Morpeko|Morpeko, L88, F|5/245 psn\n|move|p1a: Jolteon|Tera Blast|p2a: Morpeko\n|-damage|p2a: Morpeko|0 fnt\n|faint|p2a: Morpeko\n|\n|upkeep\n|inactive|Time left: 300 sec this turn | 300 sec total | 5 sec grace\n|\n|t:|1783556513\n|switch|p2a: Regice|Regice, L88|28/284 slp\n|turn|39\n|inactive|Time left: 300 sec this turn | 300 sec total\n|\n|t:|1783556514\n|move|p1a: Jolteon|Thunderbolt|p2a: Regice\n|-damage|p2a: Regice|0 fnt\n|faint|p2a: Regice\n|\n|win|p0x149379d4", "uploadtime": 1783556514, "views": 0, "rating": 0, "private": 0, "password": null, "_winner": "p0x149379d4", "_our_name": "p0y1493e98d"}