{"id": "battle-gen9randombattle-877", "formatid": "gen9randombattle", "format": "[Gen 9] Random Battle", "players": ["p0x8772cc6", "p0y8774fcb"], "log": "|init|battle\n|title|p0x8772cc6 vs. p0y8774fcb\n|j|\u2606p0x8772cc6\n|j|\u2606p0y8774fcb\n|t:|1783550082\n|gametype|singles\n|player|p1|p0x8772cc6|1|\n|player|p2|p0y8774fcb|2|\n|gen|9\n|tier|[Gen 9] Random Battle\n|rule|Species Clause: Limit one of each Pok\u00e9mon\n|rule|HP Percentage Mod: HP is shown in percentages\n|rule|Sleep Clause Mod: Limit one foe put to sleep\n|rule|Illusion Level Mod: Illusion disguises the Pok\u00e9mon's true level\n|\n|t:|1783550082\n|teamsize|p1|6\n|teamsize|p2|6\n|start\n|switch|p1a: Floatzel|Floatzel, L86, F|100/100\n|switch|p2a: Cloyster|Cloyster, L80, M|211/211\n|turn|1\n|inactive|Battle timer is ON: inactive players will automatically lose when time's up. (requested by p0y8774fcb)\n|\n|t:|1783550084\n|move|p1a: Floatzel|Taunt|p2a: Cloyster\n|-start|p2a: Cloyster|move: Taunt\n|cant|p2a: Cloyster|move: Taunt|Shell Smash\n|\n|upkeep\n|turn|2\n|inactive|Time left: 300 sec this turn | 300 sec total\n|inactive|p0x8772cc6 also wants the timer to be on.\n|\n|t:|1783550085\n|move|p1a: Floatzel|Bulk Up|p1a: Floatzel\n|-boost|p1a: Floatzel|atk|1\n|-boost|p1a: Floatzel|def|1\n|move|p2a: Cloyster|Rock Blast|p1a: Floatzel\n|-damage|p1a: Floatzel|95/100\n|-damage|p1a: Floatzel|90/100\n|-damage|p1a: Floatzel|85/100\n|-damage|p1a: Floatzel|80/100\n|-damage|p1a: Floatzel|74/100\n|-hitcount|p1a: Floatzel|5\n|\n|-heal|p1a: Floatzel|80/100|[from] item: Leftovers\n|upkeep\n|turn|3\n|inactive|Time left: 300 sec this turn | 300 sec total\n|\n|t:|1783550085\n|move|p1a: Floatzel|Bulk Up|p1a: Floatzel\n|-boost|p1a: Floatzel|atk|1\n|-boost|p1a: Floatzel|def|1\n|move|p2a: Cloyster|Icicle Spear|p1a: Floatzel\n|-resisted|p1a: Floatzel\n|-damage|p1a: Floatzel|77/100\n|-resisted|p1a: Floatzel\n|-damage|p1a: Floatzel|75/100\n|-resisted|p1a: Floatzel\n|-damage|p1a: Floatzel|72/100\n|-resisted|p1a: Floatzel\n|-damage|p1a: Floatzel|69/100\n|-resisted|p1a: Floatzel\n|-damage|p1a: Floatzel|66/100\n|-hitcount|p1a: Floatzel|5\n|\n|-heal|p1a: Floatzel|72/100|[from] item: Leftovers\n|-end|p2a: Cloyster|move: Taunt\n|upkeep\n|turn|4\n|inactive|Time left: 300 sec this turn | 300 sec total\n|\n|t:|1783550087\n|move|p1a: Floatzel|Taunt|p2a: Cloyster\n|-start|p2a: Cloyster|move: Taunt\n|cant|p2a: Cloyster|move: Taunt|Shell Smash\n|\n|-heal|p1a: Floatzel|78/100|[from] item: Leftovers\n|upkeep\n|turn|5\n|inactive|Time left: 300 sec this turn | 300 sec total\n|\n|t:|1783550087\n|move|p1a: Floatzel|Wave Crash|p2a: Cloyster\n|-resisted|p2a: Cloyster\n|-damage|p2a: Cloyster|125/211\n|-damage|p1a: Floatzel|68/100|[from] Recoil\n|move|p2a: Cloyster|Icicle Spear|p1a: Floatzel\n|-resisted|p1a: Floatzel\n|-crit|p1a: Floatzel\n|-damage|p1a: Floatzel|59/100\n|-resisted|p1a: Floatzel\n|-damage|p1a: Floatzel|56/100\n|-resisted|p1a: Floatzel\n|-damage|p1a: Floatzel|53/100\n|-resisted|p1a: Floatzel\n|-damage|p1a: Floatzel|50/100\n|-resisted|p1a: Floatzel\n|-damage|p1a: Floatzel|48/100\n|-hitcount|p1a: Floatzel|5\n|\n|-heal|p1a: Floatzel|54/100|[from] item: Leftovers\n|upkeep\n|turn|6\n|inactive|Time left: 300 sec this turn | 300 sec total\n|\n|t:|1783550089\n|move|p1a: Floatzel|Wave Crash|p2a: Cloyster\n|-resisted|p2a: Cloyster\n|-damage|p2a: Cloyster|49/211\n|-damage|p1a: Floatzel|45/100|[from] Recoil\n|move|p2a: Cloyster|Rock Blast|p1a: Floatzel|[miss]\n|-miss|p2a: Cloyster|p1a: Floatzel\n|\n|-heal|p1a: Floatzel|51/100|[from] item: Leftovers\n|-end|p2a: Cloyster|move: Taunt\n|upkeep\n|turn|7\n|inactive|Time left: 300 sec this turn | 300 sec total\n|\n|t:|1783550090\n|move|p1a: Floatzel|Wave Crash|p2a: Cloyster\n|-resisted|p2a: Cloyster\n|-damage|p2a: Cloyster|0 fnt\n|faint|p2a: Cloyster\n|-damage|p1a: Floatzel|45/100|[from] Recoil\n|\n|-heal|p1a: Floatzel|51/100|[from] item: Leftovers\n|upkeep\n|inactive|Time left: 300 sec this turn | 300 sec total | 5 sec grace\n|\n|t:|1783550091\n|switch|p2a: Scovillain|Scovillain, L91, F|266/266\n|turn|8\n|inactive|Time left: 300 sec this turn | 300 sec total\n|\n|t:|1783550092\n|move|p2a: Scovillain|Energy Ball|p1a: Floatzel\n|-supereffective|p1a: Floatzel\n|-damage|p1a: Floatzel|0 fnt\n|faint|p1a: Floatzel\n|\n|upkeep\n|\n|t:|1783550093\n|switch|p1a: Braviary|Braviary, L85, M|100/100\n|turn|9\n|inactive|Time left: 300 sec this turn | 300 sec total\n|\n|t:|1783550094\n|switch|p2a: Regirock|Regirock, L83|268/268\n|move|p1a: Braviary|Brave Bird|p2a: Regirock\n|-resisted|p2a: Regirock\n|-damage|p2a: Regirock|223/268\n|-damage|p1a: Braviary|96/100|[from] Recoil\n|\n|-heal|p2a: Regirock|239/268|[from] item: Leftovers\n|upkeep\n|turn|10\n|inactive|Time left: 300 sec this turn | 300 sec total\n|\n|t:|1783550095\n|move|p1a: Braviary|Bulk Up|p1a: Braviary\n|-boost|p1a: Braviary|atk|1\n|-boost|p1a: Braviary|def|1\n|move|p2a: Regirock|Stone Edge|p1a: Braviary\n|-supereffective|p1a: Braviary\n|-damage|p1a: Braviary|48/100\n|\n|-heal|p2a: Regirock|255/268|[from] item: Leftovers\n|upkeep\n|turn|11\n|inactive|Time left: 300 sec this turn | 300 sec total\n|\n|t:|1783550096\n|move|p1a: Braviary|Roost|p1a: Braviary\n|-heal|p1a: Braviary|99/100\n|-singleturn|p1a: Braviary|move: Roost\n|move|p2a: Regirock|Body Press|p1a: Braviary\n|-supereffective|p1a: Braviary\n|-damage|p1a: Braviary|50/100\n|\n|-heal|p2a: Regirock|268/268|[from] item: Leftovers\n|upkeep\n|turn|12\n|inactive|Time left: 300 sec this turn | 300 sec total\n|\n|t:|1783550097\n|move|p1a: Braviary|Bulk Up|p1a: Braviary\n|-boost|p1a: Braviary|atk|1\n|-boost|p1a: Braviary|def|1\n|move|p2a: Regirock|Iron Defense|p2a: Regirock\n|-boost|p2a: Regirock|def|2\n|\n|upkeep\n|turn|13\n|inactive|Time left: 300 sec this turn | 300 sec total\n|\n|t:|1783550098\n|move|p1a: Braviary|Bulk Up|p1a: Braviary\n|-boost|p1a: Braviary|atk|1\n|-boost|p1a: Braviary|def|1\n|move|p2a: Regirock|Body Press|p1a: Braviary\n|-damage|p1a: Braviary|23/100\n|\n|upkeep\n|turn|14\n|inactive|Time left: 300 sec this turn | 300 sec total\n|\n|t:|1783550099\n|move|p1a: Braviary|Roost|p1a: Braviary\n|-heal|p1a: Braviary|73/100\n|-singleturn|p1a: Braviary|move: Roost\n|move|p2a: Regirock|Body Press|p1a: Braviary\n|-supereffective|p1a: Braviary\n|-damage|p1a: Braviary|15/100\n|\n|upkeep\n|turn|15\n|inactive|Time left: 300 sec this turn | 300 sec total\n|\n|t:|1783550100\n|move|p1a: Braviary|Roost|p1a: Braviary\n|-heal|p1a: Braviary|65/100\n|-singleturn|p1a: Braviary|move: Roost\n|move|p2a: Regirock|Body Press|p1a: Braviary\n|-supereffective|p1a: Braviary\n|-damage|p1a: Braviary|7/100\n|\n|upkeep\n|turn|16\n|inactive|Time left: 300 sec this turn | 300 sec total\n|\n|t:|1783550101\n|move|p1a: Braviary|Roost|p1a: Braviary\n|-heal|p1a: Braviary|57/100\n|-singleturn|p1a: Braviary|move: Roost\n|move|p2a: Regirock|Body Press|p1a: Braviary\n|-supereffective|p1a: Braviary\n|-damage|p1a: Braviary|4/100\n|\n|upkeep\n|turn|17\n|inactive|Time left: 300 sec this turn | 300 sec total\n|\n|t:|1783550102\n|move|p1a: Braviary|Close Combat|p2a: Regirock\n|-supereffective|p2a: Regirock\n|-damage|p2a: Regirock|118/268\n|-unboost|p1a: Braviary|def|1\n|-unboost|p1a: Braviary|spd|1\n|move|p2a: Regirock|Body Press|p1a: Braviary\n|-damage|p1a: Braviary|0 fnt\n|faint|p1a: Braviary\n|\n|-heal|p2a: Regirock|134/268|[from] item: Leftovers\n|upkeep\n|\n|t:|1783550104\n|switch|p1a: Swalot|Swalot, L90, M|100/100\n|turn|18\n|inactive|Time left: 300 sec this turn | 300 sec total\n|\n|t:|1783550105\n|move|p1a: Swalot|Sludge Bomb|p2a: Regirock\n|-resisted|p2a: Regirock\n|-damage|p2a: Regirock|94/268\n|move|p2a: Regirock|Body Press|p1a: Swalot\n|-resisted|p1a: Swalot\n|-damage|p1a: Swalot|68/100\n|\n|-heal|p1a: Swalot|74/100|[from] item: Leftovers\n|-heal|p2a: Regirock|110/268|[from] item: Leftovers\n|upkeep\n|turn|19\n|inactive|Time left: 300 sec this turn | 300 sec total\n|\n|t:|1783550106\n|move|p1a: Swalot|Clear Smog|p2a: Regirock\n|-resisted|p2a: Regirock\n|-damage|p2a: Regirock|86/268\n|-clearboost|p2a: Regirock\n|move|p2a: Regirock|Stone Edge|p1a: Swalot\n|-damage|p1a: Swalot|40/100\n|\n|-heal|p1a: Swalot|47/100|[from] item: Leftovers\n|-heal|p2a: Regirock|102/268|[from] item: Leftovers\n|upkeep\n|turn|20\n|inactive|Time left: 300 sec this turn | 300 sec total\n|\n|t:|1783550107\n|move|p1a: Swalot|Knock Off|p2a: Regirock\n|-damage|p2a: Regirock|65/268\n|-enditem|p2a: Regirock|Leftovers|[from] move: Knock Off|[of] p1a: Swalot\n|move|p2a: Regirock|Stone Edge|p1a: Swalot\n|-damage|p1a: Swalot|12/100\n|\n|-heal|p1a: Swalot|19/100|[from] item: Leftovers\n|upkeep\n|turn|21\n|inactive|Time left: 300 sec this turn | 300 sec total\n|\n|t:|1783550109\n|move|p1a: Swalot|Sludge Bomb|p2a: Regirock\n|-resisted|p2a: Regirock\n|-crit|p2a: Regirock\n|-damage|p2a: Regirock|8/268\n|move|p2a: Regirock|Stone Edge|p1a: Swalot\n|-damage|p1a: Swalot|0 fnt\n|faint|p1a: Swalot\n|\n|upkeep\n|\n|t:|1783550110\n|switch|p1a: Drednaw|Drednaw, L81, F|100/100\n|turn|22\n|inactive|Time left: 300 sec this turn | 300 sec total\n|\n|t:|1783550111\n|switch|p2a: Scovillain|Scovillain, L91, F|266/266\n|move|p1a: Drednaw|Crunch|p2a: Scovillain\n|-damage|p2a: Scovillain|155/266\n|\n|upkeep\n|turn|23\n|inactive|Time left: 300 sec this turn | 300 sec total\n|\n|t:|1783550112\n|-terastallize|p2a: Scovillain|Grass\n|-terastallize|p1a: Drednaw|Dark\n|move|p2a: Scovillain|Leaf Storm|p1a: Drednaw|[miss]\n|-miss|p2a: Scovillain|p1a: Drednaw\n|move|p1a: Drednaw|Shell Smash|p1a: Drednaw\n|-unboost|p1a: Drednaw|def|1\n|-unboost|p1a: Drednaw|spd|1\n|-boost|p1a: Drednaw|atk|2\n|-boost|p1a: Drednaw|spa|2\n|-boost|p1a: Drednaw|spe|2\n|-enditem|p1a: Drednaw|White Herb\n|-clearnegativeboost|p1a: Drednaw|[silent]\n|\n|upkeep\n|turn|24\n|inactive|Time left: 300 sec this turn | 300 sec total\n|\n|t:|1783550113\n|move|p1a: Drednaw|Crunch|p2a: Scovillain\n|-damage|p2a: Scovillain|0 fnt\n|faint|p2a: Scovillain\n|\n|upkeep\n|inactive|Time left: 300 sec this turn | 300 sec total | 5 sec grace\n|\n|t:|1783550114\n|switch|p2a: Klefki|Klefki, L84, F|233/233\n|turn|25\n|inactive|Time left: 300 sec this turn | 300 sec total\n|\n|t:|1783550116\n|move|p1a: Drednaw|Liquidation|p2a: Klefki\n|-damage|p2a: Klefki|34/233\n|-unboost|p2a: Klefki|def|1\n|move|p2a: Klefki|Dazzling Gleam|p1a: Drednaw\n|-supereffective|p1a: Drednaw\n|-damage|p1a: Drednaw|33/100\n|\n|-heal|p2a: Klefki|48/233|[from] item: Leftovers\n|upkeep\n|turn|26\n|inactive|Time left: 300 sec this turn | 300 sec total\n|\n|t:|1783550117\n|move|p1a: Drednaw|Crunch|p2a: Klefki\n|-resisted|p2a: Klefki\n|-damage|p2a: Klefki|0 fnt\n|faint|p2a: Klefki\n|\n|upkeep\n|inactive|Time left: 300 sec this turn | 300 sec total | 5 sec grace\n|\n|t:|1783550118\n|switch|p2a: Regirock|Regirock, L83|8/268\n|turn|27\n|inactive|Time left: 300 sec this turn | 300 sec total\n|\n|t:|1783550119\n|move|p1a: Drednaw|Crunch|p2a: Regirock\n|-crit|p2a: Regirock\n|-damage|p2a: Regirock|0 fnt\n|faint|p2a: Regirock\n|\n|upkeep\n|inactive|Time left: 300 sec this turn | 300 sec total | 5 sec grace\n|\n|t:|1783550120\n|switch|p2a: Farigiraf|Farigiraf, L90, F|362/362\n|turn|28\n|inactive|Time left: 300 sec this turn | 300 sec total\n|\n|t:|1783550120\n|move|p2a: Farigiraf|Protect|p2a: Farigiraf\n|-singleturn|p2a: Farigiraf|Protect\n|move|p1a: Drednaw|Crunch|p2a: Farigiraf\n|-activate|p2a: Farigiraf|move: Protect\n|\n|upkeep\n|turn|29\n|inactive|Time left: 300 sec this turn | 300 sec total\n|\n|t:|1783550121\n|move|p2a: Farigiraf|Protect||[still]\n|-fail|p2a: Farigiraf\n|move|p1a: Drednaw|Crunch|p2a: Farigiraf\n|-supereffective|p2a: Farigiraf\n|-damage|p2a: Farigiraf|0 fnt\n|faint|p2a: Farigiraf\n|\n|upkeep\n|inactive|Time left: 300 sec this turn | 300 sec total | 5 sec grace\n|\n|t:|1783550122\n|switch|p2a: Ho-Oh|Ho-Oh, L71|268/268\n|turn|30\n|inactive|Time left: 300 sec this turn | 300 sec total\n|\n|t:|1783550123\n|move|p1a: Drednaw|Liquidation|p2a: Ho-Oh\n|-supereffective|p2a: Ho-Oh\n|-damage|p2a: Ho-Oh|0 fnt\n|faint|p2a: Ho-Oh\n|\n|win|p0x8772cc6", "uploadtime": 1783550123, "views": 0, "rating": 0, "private": 0, "password": null, "_winner": "p0x8772cc6", "_our_name": "p0y8774fcb"}