{"id": "battle-gen9randombattle-125", "formatid": "gen9randombattle", "format": "[Gen 9] Random Battle", "players": ["p0x126835b", "p0y126a5d7"], "log": "|init|battle\n|title|p0x126835b vs. p0y126a5d7\n|j|\u2606p0x126835b\n|j|\u2606p0y126a5d7\n|t:|1783535199\n|gametype|singles\n|player|p1|p0x126835b|1|\n|player|p2|p0y126a5d7|101|\n|gen|9\n|tier|[Gen 9] Random Battle\n|rule|Species Clause: Limit one of each Pok\u00e9mon\n|rule|HP Percentage Mod: HP is shown in percentages\n|rule|Sleep Clause Mod: Limit one foe put to sleep\n|rule|Illusion Level Mod: Illusion disguises the Pok\u00e9mon's true level\n|\n|t:|1783535199\n|teamsize|p1|6\n|teamsize|p2|6\n|start\n|switch|p1a: Scrafty|Scrafty, L83, F|244/244\n|switch|p2a: Cinccino|Cinccino, L83, M|100/100\n|-ability|p1a: Scrafty|Intimidate|boost\n|-unboost|p2a: Cinccino|atk|1\n|turn|1\n|inactive|Battle timer is ON: inactive players will automatically lose when time's up. (requested by p0y126a5d7)\n|inactive|Time left: 300 sec this turn | 300 sec total | 60 sec grace\n|\n|t:|1783535201\n|switch|p2a: Zacian|Zacian, L69|100/100\n|-ability|p2a: Zacian|Intrepid Sword|boost\n|-boost|p2a: Zacian|atk|1\n|move|p1a: Scrafty|Knock Off|p2a: Zacian\n|-resisted|p2a: Zacian\n|-damage|p2a: Zacian|81/100\n|-enditem|p2a: Zacian|Choice Band|[from] move: Knock Off|[of] p1a: Scrafty\n|\n|upkeep\n|turn|2\n|inactive|Time left: 300 sec this turn | 300 sec total\n|inactive|p0x126835b also wants the timer to be on.\n|\n|t:|1783535202\n|-terastallize|p1a: Scrafty|Poison\n|move|p2a: Zacian|Play Rough|p1a: Scrafty\n|-resisted|p1a: Scrafty\n|-damage|p1a: Scrafty|198/244\n|move|p1a: Scrafty|Poison Jab|p2a: Zacian\n|-supereffective|p2a: Zacian\n|-damage|p2a: Zacian|19/100\n|\n|-heal|p1a: Scrafty|213/244|[from] item: Leftovers\n|upkeep\n|turn|3\n|inactive|Time left: 300 sec this turn | 300 sec total\n|\n|t:|1783535203\n|move|p2a: Zacian|Psychic Fangs|p1a: Scrafty\n|-supereffective|p1a: Scrafty\n|-damage|p1a: Scrafty|97/244\n|move|p1a: Scrafty|Drain Punch|p2a: Zacian\n|-resisted|p2a: Zacian\n|-damage|p2a: Zacian|5/100\n|-heal|p1a: Scrafty|114/244|[from] drain|[of] p2a: Zacian\n|\n|-heal|p1a: Scrafty|129/244|[from] item: Leftovers\n|upkeep\n|turn|4\n|inactive|Time left: 300 sec this turn | 300 sec total\n|\n|t:|1783535204\n|move|p2a: Zacian|Psychic Fangs|p1a: Scrafty\n|-supereffective|p1a: Scrafty\n|-damage|p1a: Scrafty|19/244\n|move|p1a: Scrafty|Poison Jab|p2a: Zacian\n|-supereffective|p2a: Zacian\n|-damage|p2a: Zacian|0 fnt\n|faint|p2a: Zacian\n|\n|-heal|p1a: Scrafty|34/244|[from] item: Leftovers\n|upkeep\n|\n|t:|1783535205\n|switch|p2a: Dragonite|Dragonite, L74, F|100/100\n|turn|5\n|inactive|Time left: 300 sec this turn | 300 sec total\n|\n|t:|1783535206\n|switch|p1a: Torterra|Torterra, L78, F|276/276\n|move|p2a: Dragonite|Outrage|p1a: Torterra\n|-damage|p1a: Torterra|161/276\n|\n|upkeep\n|turn|6\n|inactive|Time left: 300 sec this turn | 300 sec total\n|\n|t:|1783535207\n|switch|p1a: Jirachi|Jirachi, L80|291/291\n|move|p2a: Dragonite|Outrage|p1a: Jirachi|[from] lockedmove\n|-resisted|p1a: Jirachi\n|-damage|p1a: Jirachi|227/291\n|\n|-heal|p1a: Jirachi|245/291|[from] item: Leftovers\n|upkeep\n|turn|7\n|inactive|Time left: 300 sec this turn | 300 sec total\n|\n|t:|1783535208\n|move|p1a: Jirachi|Body Slam|p2a: Dragonite\n|-damage|p2a: Dragonite|89/100\n|-status|p2a: Dragonite|par\n|move|p2a: Dragonite|Outrage|p1a: Jirachi|[from] lockedmove\n|-resisted|p1a: Jirachi\n|-damage|p1a: Jirachi|185/291\n|-start|p2a: Dragonite|confusion|[fatigue]\n|\n|-heal|p1a: Jirachi|203/291|[from] item: Leftovers\n|upkeep\n|turn|8\n|inactive|Time left: 300 sec this turn | 300 sec total\n|\n|t:|1783535209\n|switch|p2a: Milotic|Milotic, L83, M|100/100\n|move|p1a: Jirachi|Iron Head|p2a: Milotic\n|-resisted|p2a: Milotic\n|-damage|p2a: Milotic|85/100\n|\n|-heal|p1a: Jirachi|221/291|[from] item: Leftovers\n|-heal|p2a: Milotic|91/100|[from] item: Leftovers\n|upkeep\n|turn|9\n|inactive|Time left: 300 sec this turn | 300 sec total\n|\n|t:|1783535210\n|move|p1a: Jirachi|Body Slam|p2a: Milotic\n|-damage|p2a: Milotic|68/100\n|move|p2a: Milotic|Scald|p1a: Jirachi\n|-damage|p1a: Jirachi|142/291\n|-status|p1a: Jirachi|brn\n|\n|-heal|p1a: Jirachi|160/291 brn|[from] item: Leftovers\n|-heal|p2a: Milotic|75/100|[from] item: Leftovers\n|-damage|p1a: Jirachi|142/291 brn|[from] brn\n|upkeep\n|turn|10\n|inactive|Time left: 300 sec this turn | 300 sec total\n|\n|t:|1783535211\n|move|p1a: Jirachi|Wish|p1a: Jirachi\n|move|p2a: Milotic|Scald|p1a: Jirachi\n|-damage|p1a: Jirachi|60/291 brn\n|\n|-heal|p1a: Jirachi|78/291 brn|[from] item: Leftovers\n|-heal|p2a: Milotic|81/100|[from] item: Leftovers\n|-damage|p1a: Jirachi|60/291 brn|[from] brn\n|upkeep\n|turn|11\n|inactive|Time left: 300 sec this turn | 300 sec total\n|\n|t:|1783535212\n|move|p1a: Jirachi|Iron Head|p2a: Milotic\n|-resisted|p2a: Milotic\n|-damage|p2a: Milotic|73/100\n|cant|p2a: Milotic|flinch\n|\n|-heal|p1a: Jirachi|205/291 brn|[from] move: Wish|[wisher] Jirachi\n|-heal|p1a: Jirachi|223/291 brn|[from] item: Leftovers\n|-heal|p2a: Milotic|79/100|[from] item: Leftovers\n|-damage|p1a: Jirachi|205/291 brn|[from] brn\n|upkeep\n|turn|12\n|inactive|Time left: 300 sec this turn | 300 sec total\n|\n|t:|1783535213\n|move|p1a: Jirachi|Wish|p1a: Jirachi\n|move|p2a: Milotic|Scald|p1a: Jirachi\n|-damage|p1a: Jirachi|120/291 brn\n|\n|-heal|p1a: Jirachi|138/291 brn|[from] item: Leftovers\n|-heal|p2a: Milotic|85/100|[from] item: Leftovers\n|-damage|p1a: Jirachi|120/291 brn|[from] brn\n|upkeep\n|turn|13\n|inactive|Time left: 300 sec this turn | 300 sec total\n|\n|t:|1783535214\n|move|p1a: Jirachi|Body Slam|p2a: Milotic\n|-damage|p2a: Milotic|75/100\n|-status|p2a: Milotic|par\n|move|p2a: Milotic|Ice Beam|p1a: Jirachi\n|-resisted|p1a: Jirachi\n|-damage|p1a: Jirachi|89/291 brn\n|\n|-heal|p1a: Jirachi|234/291 brn|[from] move: Wish|[wisher] Jirachi\n|-heal|p1a: Jirachi|252/291 brn|[from] item: Leftovers\n|-heal|p2a: Milotic|81/100 par|[from] item: Leftovers\n|-damage|p1a: Jirachi|234/291 brn|[from] brn\n|upkeep\n|turn|14\n|inactive|Time left: 300 sec this turn | 300 sec total\n|\n|t:|1783535215\n|move|p1a: Jirachi|Wish|p1a: Jirachi\n|move|p2a: Milotic|Scald|p1a: Jirachi\n|-damage|p1a: Jirachi|156/291 brn\n|\n|-heal|p1a: Jirachi|174/291 brn|[from] item: Leftovers\n|-heal|p2a: Milotic|88/100 par|[from] item: Leftovers\n|-damage|p1a: Jirachi|156/291 brn|[from] brn\n|upkeep\n|turn|15\n|inactive|Time left: 300 sec this turn | 300 sec total\n|\n|t:|1783535216\n|move|p1a: Jirachi|Body Slam|p2a: Milotic\n|-damage|p2a: Milotic|76/100 par\n|move|p2a: Milotic|Scald|p1a: Jirachi\n|-damage|p1a: Jirachi|72/291 brn\n|\n|-heal|p1a: Jirachi|217/291 brn|[from] move: Wish|[wisher] Jirachi\n|-heal|p1a: Jirachi|235/291 brn|[from] item: Leftovers\n|-heal|p2a: Milotic|82/100 par|[from] item: Leftovers\n|-damage|p1a: Jirachi|217/291 brn|[from] brn\n|upkeep\n|turn|16\n|inactive|Time left: 300 sec this turn | 300 sec total\n|\n|t:|1783535216\n|move|p1a: Jirachi|Wish|p1a: Jirachi\n|move|p2a: Milotic|Scald|p1a: Jirachi\n|-damage|p1a: Jirachi|139/291 brn\n|\n|-heal|p1a: Jirachi|157/291 brn|[from] item: Leftovers\n|-heal|p2a: Milotic|89/100 par|[from] item: Leftovers\n|-damage|p1a: Jirachi|139/291 brn|[from] brn\n|upkeep\n|turn|17\n|inactive|Time left: 300 sec this turn | 300 sec total\n|\n|t:|1783535217\n|move|p1a: Jirachi|Body Slam|p2a: Milotic\n|-damage|p2a: Milotic|79/100 par\n|cant|p2a: Milotic|par\n|\n|-heal|p1a: Jirachi|284/291 brn|[from] move: Wish|[wisher] Jirachi\n|-heal|p1a: Jirachi|291/291 brn|[from] item: Leftovers\n|-heal|p2a: Milotic|85/100 par|[from] item: Leftovers\n|-damage|p1a: Jirachi|273/291 brn|[from] brn\n|upkeep\n|turn|18\n|inactive|Time left: 300 sec this turn | 300 sec total\n|\n|t:|1783535218\n|move|p1a: Jirachi|Wish|p1a: Jirachi\n|cant|p2a: Milotic|par\n|\n|-heal|p1a: Jirachi|291/291 brn|[from] item: Leftovers\n|-heal|p2a: Milotic|91/100 par|[from] item: Leftovers\n|-damage|p1a: Jirachi|273/291 brn|[from] brn\n|upkeep\n|turn|19\n|inactive|Time left: 300 sec this turn | 300 sec total\n|\n|t:|1783535219\n|move|p1a: Jirachi|Iron Head|p2a: Milotic\n|-resisted|p2a: Milotic\n|-damage|p2a: Milotic|84/100 par\n|cant|p2a: Milotic|flinch\n|\n|-heal|p1a: Jirachi|291/291 brn|[from] move: Wish|[wisher] Jirachi\n|-heal|p2a: Milotic|90/100 par|[from] item: Leftovers\n|-damage|p1a: Jirachi|273/291 brn|[from] brn\n|upkeep\n|turn|20\n|inactive|Time left: 300 sec this turn | 300 sec total\n|\n|t:|1783535220\n|move|p1a: Jirachi|Wish|p1a: Jirachi\n|move|p2a: Milotic|Scald|p1a: Jirachi\n|-damage|p1a: Jirachi|186/291 brn\n|\n|-heal|p1a: Jirachi|204/291 brn|[from] item: Leftovers\n|-heal|p2a: Milotic|96/100 par|[from] item: Leftovers\n|-damage|p1a: Jirachi|186/291 brn|[from] brn\n|upkeep\n|turn|21\n|inactive|Time left: 300 sec this turn | 300 sec total\n|\n|t:|1783535221\n|move|p1a: Jirachi|Body Slam|p2a: Milotic\n|-damage|p2a: Milotic|85/100 par\n|move|p2a: Milotic|Ice Beam|p1a: Jirachi\n|-resisted|p1a: Jirachi\n|-damage|p1a: Jirachi|157/291 brn\n|\n|-heal|p1a: Jirachi|291/291 brn|[from] move: Wish|[wisher] Jirachi\n|-heal|p2a: Milotic|92/100 par|[from] item: Leftovers\n|-damage|p1a: Jirachi|273/291 brn|[from] brn\n|upkeep\n|turn|22\n|inactive|Time left: 300 sec this turn | 300 sec total\n|\n|t:|1783535222\n|move|p1a: Jirachi|Wish|p1a: Jirachi\n|move|p2a: Milotic|Ice Beam|p1a: Jirachi\n|-resisted|p1a: Jirachi\n|-damage|p1a: Jirachi|243/291 brn\n|\n|-heal|p1a: Jirachi|261/291 brn|[from] item: Leftovers\n|-heal|p2a: Milotic|98/100 par|[from] item: Leftovers\n|-damage|p1a: Jirachi|243/291 brn|[from] brn\n|upkeep\n|turn|23\n|inactive|Time left: 300 sec this turn | 300 sec total\n|\n|t:|1783535223\n|move|p1a: Jirachi|Protect|p1a: Jirachi\n|-singleturn|p1a: Jirachi|Protect\n|move|p2a: Milotic|Ice Beam|p1a: Jirachi\n|-activate|p1a: Jirachi|move: Protect\n|\n|-heal|p1a: Jirachi|291/291 brn|[from] move: Wish|[wisher] Jirachi\n|-heal|p2a: Milotic|100/100 par|[from] item: Leftovers\n|-damage|p1a: Jirachi|273/291 brn|[from] brn\n|upkeep\n|turn|24\n|inactive|Time left: 300 sec this turn | 300 sec total\n|\n|t:|1783535224\n|move|p1a: Jirachi|Wish|p1a: Jirachi\n|move|p2a: Milotic|Scald|p1a: Jirachi\n|-damage|p1a: Jirachi|195/291 brn\n|\n|-heal|p1a: Jirachi|213/291 brn|[from] item: Leftovers\n|-damage|p1a: Jirachi|195/291 brn|[from] brn\n|upkeep\n|turn|25\n|inactive|Time left: 300 sec this turn | 300 sec total\n|\n|t:|1783535225\n|move|p1a: Jirachi|Iron Head|p2a: Milotic\n|-resisted|p2a: Milotic\n|-damage|p2a: Milotic|93/100 par\n|cant|p2a: Milotic|flinch\n|\n|-heal|p1a: Jirachi|291/291 brn|[from] move: Wish|[wisher] Jirachi\n|-heal|p2a: Milotic|99/100 par|[from] item: Leftovers\n|-damage|p1a: Jirachi|273/291 brn|[from] brn\n|upkeep\n|turn|26\n|inactive|Time left: 300 sec this turn | 300 sec total\n|\n|t:|1783535226\n|move|p1a: Jirachi|Wish|p1a: Jirachi\n|move|p2a: Milotic|Ice Beam|p1a: Jirachi\n|-resisted|p1a: Jirachi\n|-damage|p1a: Jirachi|240/291 brn\n|\n|-heal|p1a: Jirachi|258/291 brn|[from] item: Leftovers\n|-heal|p2a: Milotic|100/100 par|[from] item: Leftovers\n|-damage|p1a: Jirachi|240/291 brn|[from] brn\n|upkeep\n|turn|27\n|inactive|Time left: 300 sec this turn | 300 sec total\n|\n|t:|1783535227\n|move|p1a: Jirachi|Iron Head|p2a: Milotic\n|-resisted|p2a: Milotic\n|-damage|p2a: Milotic|93/100 par\n|cant|p2a: Milotic|flinch\n|\n|-heal|p1a: Jirachi|291/291 brn|[from] move: Wish|[wisher] Jirachi\n|-heal|p2a: Milotic|99/100 par|[from] item: Leftovers\n|-damage|p1a: Jirachi|273/291 brn|[from] brn\n|upkeep\n|turn|28\n|inactive|Time left: 300 sec this turn | 300 sec total\n|\n|t:|1783535228\n|move|p1a: Jirachi|Wish|p1a: Jirachi\n|move|p2a: Milotic|Ice Beam|p1a: Jirachi\n|-resisted|p1a: Jirachi\n|-damage|p1a: Jirachi|243/291 brn\n|\n|-heal|p1a: Jirachi|261/291 brn|[from] item: Leftovers\n|-heal|p2a: Milotic|100/100 par|[from] item: Leftovers\n|-damage|p1a: Jirachi|243/291 brn|[from] brn\n|upkeep\n|turn|29\n|inactive|Time left: 300 sec this turn | 300 sec total\n|\n|t:|1783535229\n|move|p1a: Jirachi|Body Slam|p2a: Milotic\n|-damage|p2a: Milotic|90/100 par\n|move|p2a: Milotic|Scald|p1a: Jirachi\n|-damage|p1a: Jirachi|156/291 brn\n|\n|-heal|p1a: Jirachi|291/291 brn|[from] move: Wish|[wisher] Jirachi\n|-heal|p2a: Milotic|96/100 par|[from] item: Leftovers\n|-damage|p1a: Jirachi|273/291 brn|[from] brn\n|upkeep\n|turn|30\n|inactive|Time left: 300 sec this turn | 300 sec total\n|\n|t:|1783535230\n|move|p1a: Jirachi|Wish|p1a: Jirachi\n|cant|p2a: Milotic|par\n|\n|-heal|p1a: Jirachi|291/291 brn|[from] item: Leftovers\n|-heal|p2a: Milotic|100/100 par|[from] item: Leftovers\n|-damage|p1a: Jirachi|273/291 brn|[from] brn\n|upkeep\n|turn|31\n|inactive|Time left: 300 sec this turn | 300 sec total\n|\n|t:|1783535231\n|switch|p1a: Torterra|Torterra, L78, F|161/276\n|cant|p2a: Milotic|par\n|\n|-heal|p1a: Torterra|276/276|[from] move: Wish|[wisher] Jirachi\n|upkeep\n|turn|32\n|inactive|Time left: 300 sec this turn | 300 sec total\n|\n|t:|1783535232\n|move|p1a: Torterra|Bullet Seed|p2a: Milotic\n|-supereffective|p2a: Milotic\n|-damage|p2a: Milotic|82/100 par\n|-supereffective|p2a: Milotic\n|-damage|p2a: Milotic|61/100 par\n|-supereffective|p2a: Milotic\n|-damage|p2a: Milotic|40/100 par\n|-supereffective|p2a: Milotic\n|-damage|p2a: Milotic|20/100 par\n|-hitcount|p2a: Milotic|4\n|move|p2a: Milotic|Ice Beam|p1a: Torterra\n|-supereffective|p1a: Torterra\n|-damage|p1a: Torterra|0 fnt\n|faint|p1a: Torterra\n|\n|-heal|p2a: Milotic|26/100 par|[from] item: Leftovers\n|upkeep\n|inactive|Time left: 300 sec this turn | 300 sec total | 5 sec grace\n|\n|t:|1783535233\n|switch|p1a: Scrafty|Scrafty, L83, F, tera:Poison|34/244\n|-ability|p1a: Scrafty|Intimidate|boost\n|-unboost|p2a: Milotic|atk|1\n|-ability|p2a: Milotic|Competitive|boost\n|-boost|p2a: Milotic|spa|2\n|turn|33\n|inactive|Time left: 300 sec this turn | 300 sec total\n|\n|t:|1783535235\n|move|p1a: Scrafty|Drain Punch|p2a: Milotic\n|-damage|p2a: Milotic|0 fnt\n|-heal|p1a: Scrafty|72/244|[from] drain|[of] p2a: Milotic\n|faint|p2a: Milotic\n|\n|-heal|p1a: Scrafty|87/244|[from] item: Leftovers\n|upkeep\n|\n|t:|1783535235\n|switch|p2a: Braviary|Braviary, L85, M|100/100\n|turn|34\n|inactive|Time left: 300 sec this turn | 300 sec total\n|\n|t:|1783535237\n|move|p2a: Braviary|Brave Bird|p1a: Scrafty\n|-damage|p1a: Scrafty|0 fnt\n|faint|p1a: Scrafty\n|-damage|p2a: Braviary|91/100|[from] Recoil\n|\n|upkeep\n|inactive|Time left: 300 sec this turn | 300 sec total | 5 sec grace\n|\n|t:|1783535237\n|switch|p1a: Minior|Minior-Yellow, L79|224/224\n|-formechange|p1a: Minior|Minior-Meteor||[from] ability: Shields Down\n|turn|35\n|inactive|Time left: 300 sec this turn | 300 sec total\n|\n|t:|1783535238\n|switch|p2a: Cinccino|Cinccino, L83, M|100/100\n|move|p1a: Minior|Shell Smash|p1a: Minior\n|-unboost|p1a: Minior|def|1\n|-unboost|p1a: Minior|spd|1\n|-boost|p1a: Minior|atk|2\n|-boost|p1a: Minior|spa|2\n|-boost|p1a: Minior|spe|2\n|-enditem|p1a: Minior|White Herb\n|-clearnegativeboost|p1a: Minior|[silent]\n|\n|upkeep\n|turn|36\n|inactive|Time left: 300 sec this turn | 300 sec total\n|\n|t:|1783535239\n|move|p1a: Minior|Acrobatics|p2a: Cinccino\n|-crit|p2a: Cinccino\n|-damage|p2a: Cinccino|0 fnt\n|faint|p2a: Cinccino\n|\n|upkeep\n|\n|t:|1783535240\n|switch|p2a: Sableye|Sableye, L88, M|100/100\n|turn|37\n|inactive|Time left: 300 sec this turn | 300 sec total\n|\n|t:|1783535241\n|-terastallize|p2a: Sableye|Steel\n|move|p2a: Sableye|Encore|p1a: Minior\n|-start|p1a: Minior|Encore\n|move|p1a: Minior|Acrobatics|p2a: Sableye\n|-resisted|p2a: Sableye\n|-crit|p2a: Sableye\n|-damage|p2a: Sableye|47/100\n|\n|-heal|p2a: Sableye|53/100|[from] item: Leftovers\n|upkeep\n|turn|38\n|inactive|Time left: 300 sec this turn | 300 sec total\n|\n|t:|1783535242\n|move|p2a: Sableye|Recover|p2a: Sableye\n|-heal|p2a: Sableye|100/100\n|move|p1a: Minior|Acrobatics|p2a: Sableye\n|-resisted|p2a: Sableye\n|-damage|p2a: Sableye|68/100\n|\n|-heal|p2a: Sableye|75/100|[from] item: Leftovers\n|upkeep\n|turn|39\n|inactive|Time left: 300 sec this turn | 300 sec total\n|\n|t:|1783535243\n|move|p1a: Minior|Acrobatics|p2a: Sableye\n|-resisted|p2a: Sableye\n|-damage|p2a: Sableye|43/100\n|move|p2a: Sableye|Knock Off|p1a: Minior\n|-damage|p1a: Minior|164/224\n|\n|-heal|p2a: Sableye|49/100|[from] item: Leftovers\n|-end|p1a: Minior|Encore\n|upkeep\n|turn|40\n|inactive|Time left: 300 sec this turn | 300 sec total\n|\n|t:|1783535245\n|move|p2a: Sableye|Recover|p2a: Sableye\n|-heal|p2a: Sableye|99/100\n|move|p1a: Minior|Earthquake|p2a: Sableye\n|-supereffective|p2a: Sableye\n|-damage|p2a: Sableye|17/100\n|\n|-heal|p2a: Sableye|23/100|[from] item: Leftovers\n|upkeep\n|turn|41\n|inactive|Time left: 300 sec this turn | 300 sec total\n|\n|t:|1783535246\n|move|p2a: Sableye|Encore|p1a: Minior\n|-start|p1a: Minior|Encore\n|move|p1a: Minior|Earthquake|p2a: Sableye\n|-supereffective|p2a: Sableye\n|-crit|p2a: Sableye\n|-damage|p2a: Sableye|0 fnt\n|faint|p2a: Sableye\n|\n|upkeep\n|\n|t:|1783535247\n|switch|p2a: Dragonite|Dragonite, L74, F|89/100 par\n|turn|42\n|inactive|Time left: 300 sec this turn | 300 sec total\n|\n|t:|1783535248\n|switch|p1a: Arceus|Arceus-Water, L71|288/288\n|move|p2a: Dragonite|Outrage|p1a: Arceus\n|-damage|p1a: Arceus|179/288\n|\n|upkeep\n|turn|43\n|inactive|Time left: 300 sec this turn | 300 sec total\n|\n|t:|1783535249\n|move|p1a: Arceus|Ice Beam|p2a: Dragonite\n|-supereffective|p2a: Dragonite\n|-damage|p2a: Dragonite|0 fnt\n|faint|p2a: Dragonite\n|\n|upkeep\n|\n|t:|1783535250\n|switch|p2a: Braviary|Braviary, L85, M|91/100\n|turn|44\n|inactive|Time left: 300 sec this turn | 300 sec total\n|\n|t:|1783535250\n|move|p1a: Arceus|Will-O-Wisp|p2a: Braviary\n|-status|p2a: Braviary|brn\n|move|p2a: Braviary|Bulk Up|p2a: Braviary\n|-boost|p2a: Braviary|atk|1\n|-boost|p2a: Braviary|def|1\n|\n|-damage|p2a: Braviary|85/100 brn|[from] brn\n|upkeep\n|turn|45\n|inactive|Time left: 300 sec this turn | 300 sec total\n|\n|t:|1783535252\n|move|p1a: Arceus|Judgment|p2a: Braviary\n|-damage|p2a: Braviary|45/100 brn\n|move|p2a: Braviary|Roost|p2a: Braviary\n|-heal|p2a: Braviary|95/100 brn\n|-singleturn|p2a: Braviary|move: Roost\n|\n|-damage|p2a: Braviary|89/100 brn|[from] brn\n|upkeep\n|turn|46\n|inactive|Time left: 300 sec this turn | 300 sec total\n|\n|t:|1783535252\n|move|p1a: Arceus|Judgment|p2a: Braviary\n|-damage|p2a: Braviary|53/100 brn\n|move|p2a: Braviary|Roost|p2a: Braviary\n|-heal|p2a: Braviary|100/100 brn\n|-singleturn|p2a: Braviary|move: Roost\n|\n|-damage|p2a: Braviary|94/100 brn|[from] brn\n|upkeep\n|turn|47\n|inactive|Time left: 300 sec this turn | 300 sec total\n|\n|t:|1783535253\n|move|p1a: Arceus|Ice Beam|p2a: Braviary\n|-supereffective|p2a: Braviary\n|-damage|p2a: Braviary|54/100 brn\n|move|p2a: Braviary|Bulk Up|p2a: Braviary\n|-boost|p2a: Braviary|atk|1\n|-boost|p2a: Braviary|def|1\n|\n|-damage|p2a: Braviary|48/100 brn|[from] brn\n|upkeep\n|turn|48\n|inactive|Time left: 300 sec this turn | 300 sec total\n|\n|t:|1783535254\n|move|p1a: Arceus|Judgment|p2a: Braviary\n|-damage|p2a: Braviary|9/100 brn\n|move|p2a: Braviary|Roost|p2a: Braviary\n|-heal|p2a: Braviary|59/100 brn\n|-singleturn|p2a: Braviary|move: Roost\n|\n|-damage|p2a: Braviary|53/100 brn|[from] brn\n|upkeep\n|turn|49\n|inactive|Time left: 300 sec this turn | 300 sec total\n|\n|t:|1783535255\n|move|p1a: Arceus|Ice Beam|p2a: Braviary\n|-supereffective|p2a: Braviary\n|-damage|p2a: Braviary|13/100 brn\n|move|p2a: Braviary|Roost|p2a: Braviary\n|-heal|p2a: Braviary|64/100 brn\n|-singleturn|p2a: Braviary|move: Roost\n|\n|-damage|p2a: Braviary|57/100 brn|[from] brn\n|upkeep\n|turn|50\n|inactive|Time left: 300 sec this turn | 300 sec total\n|\n|t:|1783535256\n|move|p1a: Arceus|Judgment|p2a: Braviary\n|-damage|p2a: Braviary|22/100 brn\n|move|p2a: Braviary|Roost|p2a: Braviary\n|-heal|p2a: Braviary|72/100 brn\n|-singleturn|p2a: Braviary|move: Roost\n|\n|-damage|p2a: Braviary|66/100 brn|[from] brn\n|upkeep\n|turn|51\n|inactive|Time left: 300 sec this turn | 300 sec total\n|\n|t:|1783535257\n|move|p1a: Arceus|Judgment|p2a: Braviary\n|-damage|p2a: Braviary|29/100 brn\n|move|p2a: Braviary|Roost|p2a: Braviary\n|-heal|p2a: Braviary|79/100 brn\n|-singleturn|p2a: Braviary|move: Roost\n|\n|-damage|p2a: Braviary|73/100 brn|[from] brn\n|upkeep\n|turn|52\n|inactive|Time left: 300 sec this turn | 300 sec total\n|\n|t:|1783535258\n|move|p1a: Arceus|Ice Beam|p2a: Braviary\n|-supereffective|p2a: Braviary\n|-damage|p2a: Braviary|31/100 brn\n|move|p2a: Braviary|Roost|p2a: Braviary\n|-heal|p2a: Braviary|81/100 brn\n|-singleturn|p2a: Braviary|move: Roost\n|\n|-damage|p2a: Braviary|75/100 brn|[from] brn\n|upkeep\n|turn|53\n|inactive|Time left: 300 sec this turn | 300 sec total\n|\n|t:|1783535258\n|move|p1a: Arceus|Ice Beam|p2a: Braviary\n|-supereffective|p2a: Braviary\n|-damage|p2a: Braviary|34/100 brn\n|move|p2a: Braviary|Roost|p2a: Braviary\n|-heal|p2a: Braviary|85/100 brn\n|-singleturn|p2a: Braviary|move: Roost\n|\n|-damage|p2a: Braviary|78/100 brn|[from] brn\n|upkeep\n|turn|54\n|inactive|Time left: 300 sec this turn | 300 sec total\n|\n|t:|1783535259\n|move|p1a: Arceus|Ice Beam|p2a: Braviary\n|-supereffective|p2a: Braviary\n|-damage|p2a: Braviary|42/100 brn\n|move|p2a: Braviary|Brave Bird|p1a: Arceus\n|-damage|p1a: Arceus|27/288\n|-damage|p2a: Braviary|26/100 brn|[from] Recoil\n|\n|-damage|p2a: Braviary|20/100 brn|[from] brn\n|upkeep\n|turn|55\n|inactive|Time left: 300 sec this turn | 300 sec total\n|\n|t:|1783535260\n|move|p1a: Arceus|Judgment|p2a: Braviary\n|-damage|p2a: Braviary|0 fnt\n|faint|p2a: Braviary\n|\n|win|p0x126835b", "uploadtime": 1783535260, "views": 0, "rating": 0, "private": 0, "password": null, "_winner": "p0x126835b", "_our_name": "p0x126835b"}