{"id": "battle-gen9randombattle-2711", "formatid": "gen9randombattle", "format": "[Gen 9] Random Battle", "players": ["p0x27117194", "p0y27117020"], "log": "|init|battle\n|title|p0x27117194 vs. p0y27117020\n|j|\u2606p0x27117194\n|j|\u2606p0y27117020\n|t:|1783571244\n|gametype|singles\n|player|p1|p0x27117194|266|\n|player|p2|p0y27117020|102|\n|gen|9\n|tier|[Gen 9] Random Battle\n|rule|Species Clause: Limit one of each Pok\u00e9mon\n|rule|HP Percentage Mod: HP is shown in percentages\n|rule|Sleep Clause Mod: Limit one foe put to sleep\n|rule|Illusion Level Mod: Illusion disguises the Pok\u00e9mon's true level\n|\n|t:|1783571244\n|teamsize|p1|6\n|teamsize|p2|6\n|start\n|switch|p1a: Mismagius|Mismagius, L86, F|243/243\n|switch|p2a: Raging Bolt|Raging Bolt, L78|100/100\n|turn|1\n|inactive|Battle timer is ON: inactive players will automatically lose when time's up. (requested by p0y27117020)\n|inactive|Time left: 300 sec this turn | 300 sec total | 60 sec grace\n|inactive|p0x27117194 also wants the timer to be on.\n|\n|t:|1783571245\n|move|p1a: Mismagius|Dazzling Gleam|p2a: Raging Bolt\n|-supereffective|p2a: Raging Bolt\n|-damage|p2a: Raging Bolt|37/100\n|move|p2a: Raging Bolt|Calm Mind|p2a: Raging Bolt\n|-boost|p2a: Raging Bolt|spa|1\n|-boost|p2a: Raging Bolt|spd|1\n|\n|-heal|p2a: Raging Bolt|44/100|[from] item: Leftovers\n|upkeep\n|turn|2\n|inactive|Time left: 300 sec this turn | 300 sec total\n|\n|t:|1783571246\n|-terastallize|p2a: Raging Bolt|Electric\n|move|p1a: Mismagius|Dazzling Gleam|p2a: Raging Bolt\n|-damage|p2a: Raging Bolt|22/100\n|move|p2a: Raging Bolt|Thunderbolt|p1a: Mismagius\n|-damage|p1a: Mismagius|51/243\n|\n|-heal|p2a: Raging Bolt|29/100|[from] item: Leftovers\n|upkeep\n|turn|3\n|inactive|Time left: 300 sec this turn | 300 sec total\n|\n|t:|1783571247\n|move|p1a: Mismagius|Dazzling Gleam|p2a: Raging Bolt\n|-damage|p2a: Raging Bolt|8/100\n|move|p2a: Raging Bolt|Thunderbolt|p1a: Mismagius\n|-damage|p1a: Mismagius|0 fnt\n|faint|p1a: Mismagius\n|\n|-heal|p2a: Raging Bolt|14/100|[from] item: Leftovers\n|upkeep\n|inactive|Time left: 300 sec this turn | 300 sec total | 5 sec grace\n|\n|t:|1783571248\n|switch|p1a: Oranguru|Oranguru, L92, M|315/315\n|turn|4\n|inactive|Time left: 300 sec this turn | 300 sec total\n|\n|t:|1783571249\n|move|p2a: Raging Bolt|Thunderclap|p1a: Oranguru\n|-damage|p1a: Oranguru|171/315\n|move|p1a: Oranguru|Psyshock|p2a: Raging Bolt\n|-damage|p2a: Raging Bolt|0 fnt\n|faint|p2a: Raging Bolt\n|-end|p2a: Raging Bolt|Protosynthesis|[silent]\n|-damage|p1a: Oranguru|140/315|[from] item: Life Orb\n|\n|upkeep\n|\n|t:|1783571250\n|switch|p2a: Excadrill|Excadrill, L79, F|100/100\n|-ability|p2a: Excadrill|Mold Breaker\n|turn|5\n|inactive|Time left: 300 sec this turn | 300 sec total\n|\n|t:|1783571251\n|switch|p1a: Slowbro|Slowbro, L85, F|300/300\n|move|p2a: Excadrill|Earthquake|p1a: Slowbro\n|-damage|p1a: Slowbro|195/300\n|\n|upkeep\n|turn|6\n|inactive|Time left: 300 sec this turn | 300 sec total\n|\n|t:|1783571253\n|move|p2a: Excadrill|Earthquake|p1a: Slowbro\n|-damage|p1a: Slowbro|89/300\n|move|p1a: Slowbro|Scald|p2a: Excadrill\n|-supereffective|p2a: Excadrill\n|-damage|p2a: Excadrill|46/100\n|\n|upkeep\n|turn|7\n|inactive|Time left: 300 sec this turn | 300 sec total\n|\n|t:|1783571254\n|switch|p1a: Hawlucha|Hawlucha, L80, M|256/256\n|move|p2a: Excadrill|Earthquake|p1a: Hawlucha\n|-immune|p1a: Hawlucha\n|\n|upkeep\n|turn|8\n|inactive|Time left: 300 sec this turn | 300 sec total\n|\n|t:|1783571255\n|switch|p2a: Pelipper|Pelipper, L86, M|100/100\n|-weather|RainDance|[from] ability: Drizzle|[of] p2a: Pelipper\n|move|p1a: Hawlucha|Close Combat|p2a: Pelipper\n|-resisted|p2a: Pelipper\n|-crit|p2a: Pelipper\n|-damage|p2a: Pelipper|70/100\n|-unboost|p1a: Hawlucha|def|1\n|-unboost|p1a: Hawlucha|spd|1\n|-enditem|p1a: Hawlucha|White Herb\n|-clearnegativeboost|p1a: Hawlucha|[silent]\n|\n|-weather|RainDance|[upkeep]\n|upkeep\n|turn|9\n|inactive|Time left: 300 sec this turn | 300 sec total\n|\n|t:|1783571256\n|switch|p1a: Slowbro|Slowbro, L85, F|189/300\n|move|p2a: Pelipper|Weather Ball|p1a: Slowbro\n|-resisted|p1a: Slowbro\n|-damage|p1a: Slowbro|100/300\n|\n|-weather|RainDance|[upkeep]\n|upkeep\n|turn|10\n|inactive|Time left: 300 sec this turn | 300 sec total\n|\n|t:|1783571257\n|move|p2a: Pelipper|Weather Ball|p1a: Slowbro\n|-resisted|p1a: Slowbro\n|-damage|p1a: Slowbro|9/300\n|move|p1a: Slowbro|Scald|p2a: Pelipper\n|-resisted|p2a: Pelipper\n|-damage|p2a: Pelipper|35/100\n|-status|p2a: Pelipper|brn\n|\n|-weather|RainDance|[upkeep]\n|-damage|p2a: Pelipper|29/100 brn|[from] brn\n|upkeep\n|turn|11\n|inactive|Time left: 300 sec this turn | 300 sec total\n|\n|t:|1783571258\n|switch|p1a: Jumpluff|Jumpluff, L87, F|271/271\n|move|p2a: Pelipper|Weather Ball|p1a: Jumpluff\n|-resisted|p1a: Jumpluff\n|-damage|p1a: Jumpluff|150/271\n|\n|-weather|RainDance|[upkeep]\n|-damage|p2a: Pelipper|23/100 brn|[from] brn\n|upkeep\n|turn|12\n|inactive|Time left: 300 sec this turn | 300 sec total\n|\n|t:|1783571259\n|move|p1a: Jumpluff|Strength Sap|p2a: Pelipper\n|-unboost|p2a: Pelipper|atk|1\n|-heal|p1a: Jumpluff|271/271\n|move|p2a: Pelipper|Weather Ball|p1a: Jumpluff\n|-resisted|p1a: Jumpluff\n|-damage|p1a: Jumpluff|153/271\n|\n|-weather|none\n|-damage|p2a: Pelipper|17/100 brn|[from] brn\n|upkeep\n|turn|13\n|inactive|Time left: 300 sec this turn | 300 sec total\n|\n|t:|1783571260\n|switch|p2a: Excadrill|Excadrill, L79, F|46/100\n|-ability|p2a: Excadrill|Mold Breaker\n|move|p1a: Jumpluff|Strength Sap|p2a: Excadrill\n|-unboost|p2a: Excadrill|atk|1\n|-heal|p1a: Jumpluff|271/271\n|\n|upkeep\n|turn|14\n|inactive|Time left: 300 sec this turn | 300 sec total\n|\n|t:|1783571261\n|switch|p2a: Dachsbun|Dachsbun, L92, M|100/100\n|move|p1a: Jumpluff|Leech Seed|p2a: Dachsbun|[miss]\n|-miss|p1a: Jumpluff|p2a: Dachsbun\n|\n|upkeep\n|turn|15\n|inactive|Time left: 300 sec this turn | 300 sec total\n|\n|t:|1783571262\n|move|p1a: Jumpluff|Leech Seed|p2a: Dachsbun|[miss]\n|-miss|p1a: Jumpluff|p2a: Dachsbun\n|move|p2a: Dachsbun|Play Rough|p1a: Jumpluff|[miss]\n|-miss|p2a: Dachsbun|p1a: Jumpluff\n|\n|upkeep\n|turn|16\n|inactive|Time left: 300 sec this turn | 300 sec total\n|\n|t:|1783571263\n|move|p1a: Jumpluff|Leech Seed|p2a: Dachsbun\n|-start|p2a: Dachsbun|move: Leech Seed\n|move|p2a: Dachsbun|Play Rough|p1a: Jumpluff\n|-damage|p1a: Jumpluff|153/271\n|\n|-damage|p2a: Dachsbun|88/100|[from] Leech Seed|[of] p1a: Jumpluff\n|-heal|p1a: Jumpluff|184/271|[silent]\n|upkeep\n|turn|17\n|inactive|Time left: 300 sec this turn | 300 sec total\n|\n|t:|1783571263\n|switch|p2a: Chansey|Chansey, L85, F|100/100\n|move|p1a: Jumpluff|Strength Sap|p2a: Chansey\n|-unboost|p2a: Chansey|atk|1\n|-heal|p1a: Jumpluff|197/271\n|\n|upkeep\n|turn|18\n|inactive|Time left: 300 sec this turn | 300 sec total\n|\n|t:|1783571264\n|move|p1a: Jumpluff|Leech Seed|p2a: Chansey\n|-start|p2a: Chansey|move: Leech Seed\n|move|p2a: Chansey|Seismic Toss|p1a: Jumpluff\n|-damage|p1a: Jumpluff|112/271\n|\n|-damage|p2a: Chansey|88/100|[from] Leech Seed|[of] p1a: Jumpluff\n|-heal|p1a: Jumpluff|182/271|[silent]\n|upkeep\n|turn|19\n|inactive|Time left: 300 sec this turn | 300 sec total\n|\n|t:|1783571265\n|switch|p2a: Dachsbun|Dachsbun, L92, M|88/100\n|move|p1a: Jumpluff|Leech Seed|p2a: Dachsbun\n|-start|p2a: Dachsbun|move: Leech Seed\n|\n|-heal|p2a: Dachsbun|94/100|[from] item: Leftovers\n|-damage|p2a: Dachsbun|82/100|[from] Leech Seed|[of] p1a: Jumpluff\n|-heal|p1a: Jumpluff|213/271|[silent]\n|upkeep\n|turn|20\n|inactive|Time left: 300 sec this turn | 300 sec total\n|\n|t:|1783571266\n|switch|p2a: Excadrill|Excadrill, L79, F|46/100\n|-ability|p2a: Excadrill|Mold Breaker\n|move|p1a: Jumpluff|Strength Sap|p2a: Excadrill\n|-unboost|p2a: Excadrill|atk|1\n|-heal|p1a: Jumpluff|271/271\n|\n|upkeep\n|turn|21\n|inactive|Time left: 300 sec this turn | 300 sec total\n|\n|t:|1783571266\n|move|p1a: Jumpluff|Acrobatics|p2a: Excadrill\n|-resisted|p2a: Excadrill\n|-damage|p2a: Excadrill|27/100\n|move|p2a: Excadrill|Rapid Spin|p1a: Jumpluff\n|-damage|p1a: Jumpluff|237/271\n|-boost|p2a: Excadrill|spe|1\n|\n|upkeep\n|turn|22\n|inactive|Time left: 300 sec this turn | 300 sec total\n|\n|t:|1783571267\n|move|p2a: Excadrill|Rock Slide|p1a: Jumpluff\n|-supereffective|p1a: Jumpluff\n|-damage|p1a: Jumpluff|137/271\n|move|p1a: Jumpluff|Leech Seed|p2a: Excadrill\n|-start|p2a: Excadrill|move: Leech Seed\n|\n|-damage|p2a: Excadrill|14/100|[from] Leech Seed|[of] p1a: Jumpluff\n|-heal|p1a: Jumpluff|174/271|[silent]\n|upkeep\n|turn|23\n|inactive|Time left: 300 sec this turn | 300 sec total\n|\n|t:|1783571268\n|switch|p2a: Dachsbun|Dachsbun, L92, M|82/100\n|move|p1a: Jumpluff|Strength Sap|p2a: Dachsbun\n|-unboost|p2a: Dachsbun|atk|1\n|-heal|p1a: Jumpluff|271/271\n|\n|-heal|p2a: Dachsbun|88/100|[from] item: Leftovers\n|upkeep\n|turn|24\n|inactive|Time left: 300 sec this turn | 300 sec total\n|\n|t:|1783571269\n|move|p1a: Jumpluff|Leech Seed|p2a: Dachsbun\n|-start|p2a: Dachsbun|move: Leech Seed\n|move|p2a: Dachsbun|Yawn|p1a: Jumpluff\n|-start|p1a: Jumpluff|move: Yawn|[of] p2a: Dachsbun\n|\n|-heal|p2a: Dachsbun|94/100|[from] item: Leftovers\n|-damage|p2a: Dachsbun|82/100|[from] Leech Seed|[of] p1a: Jumpluff\n|upkeep\n|turn|25\n|inactive|Time left: 300 sec this turn | 300 sec total\n|\n|t:|1783571269\n|switch|p1a: Slowbro|Slowbro, L85, F|109/300\n|switch|p2a: Calyrex|Calyrex-Shadow, L64|100/100\n|-ability|p2a: Calyrex|As One\n|-ability|p2a: Calyrex|Unnerve\n|\n|upkeep\n|turn|26\n|inactive|Time left: 300 sec this turn | 300 sec total\n|\n|t:|1783571270\n|switch|p1a: Oranguru|Oranguru, L92, M|140/315\n|move|p2a: Calyrex|Astral Barrage|p1a: Oranguru\n|-immune|p1a: Oranguru\n|\n|upkeep\n|turn|27\n|inactive|Time left: 300 sec this turn | 300 sec total\n|\n|t:|1783571271\n|move|p2a: Calyrex|Nasty Plot|p2a: Calyrex\n|-boost|p2a: Calyrex|spa|2\n|move|p1a: Oranguru|Nasty Plot|p1a: Oranguru\n|-boost|p1a: Oranguru|spa|2\n|\n|upkeep\n|turn|28\n|inactive|Time left: 300 sec this turn | 300 sec total\n|\n|t:|1783571272\n|-terastallize|p1a: Oranguru|Normal\n|move|p2a: Calyrex|Pollen Puff|p1a: Oranguru\n|-damage|p1a: Oranguru|35/315\n|-damage|p2a: Calyrex|91/100|[from] item: Life Orb\n|move|p1a: Oranguru|Thunderbolt|p2a: Calyrex\n|-damage|p2a: Calyrex|4/100\n|-damage|p1a: Oranguru|4/315|[from] item: Life Orb\n|\n|upkeep\n|turn|29\n|inactive|Time left: 300 sec this turn | 300 sec total\n|\n|t:|1783571274\n|move|p2a: Calyrex|Astral Barrage|p1a: Oranguru\n|-immune|p1a: Oranguru\n|move|p1a: Oranguru|Psyshock|p2a: Calyrex\n|-resisted|p2a: Calyrex\n|-damage|p2a: Calyrex|0 fnt\n|faint|p2a: Calyrex\n|-damage|p1a: Oranguru|0 fnt|[from] item: Life Orb\n|faint|p1a: Oranguru\n|\n|upkeep\n|inactive|Time left: 300 sec this turn | 300 sec total | 5 sec grace\n|\n|t:|1783571275\n|switch|p2a: Pelipper|Pelipper, L86, M|17/100 brn\n|switch|p1a: Slowbro|Slowbro, L85, F|209/300\n|-weather|RainDance|[from] ability: Drizzle|[of] p2a: Pelipper\n|turn|30\n|inactive|Time left: 300 sec this turn | 300 sec total\n|\n|t:|1783571276\n|move|p2a: Pelipper|Hurricane|p1a: Slowbro\n|-damage|p1a: Slowbro|80/300\n|move|p1a: Slowbro|Scald|p2a: Pelipper\n|-resisted|p2a: Pelipper\n|-damage|p2a: Pelipper|0 fnt\n|faint|p2a: Pelipper\n|\n|-weather|RainDance|[upkeep]\n|upkeep\n|\n|t:|1783571277\n|switch|p2a: Dachsbun|Dachsbun, L92, M|82/100\n|turn|31\n|inactive|Time left: 300 sec this turn | 300 sec total\n|\n|t:|1783571278\n|switch|p1a: Glimmora|Glimmora, L75, F|248/248\n|move|p2a: Dachsbun|Play Rough|p1a: Glimmora\n|-resisted|p1a: Glimmora\n|-damage|p1a: Glimmora|199/248\n|-activate|p1a: Glimmora|ability: Toxic Debris\n|-sidestart|p2: p0y27117020|move: Toxic Spikes\n|\n|-weather|RainDance|[upkeep]\n|-heal|p2a: Dachsbun|88/100|[from] item: Leftovers\n|upkeep\n|turn|32\n|inactive|Time left: 300 sec this turn | 300 sec total\n|\n|t:|1783571279\n|switch|p2a: Excadrill|Excadrill, L79, F|14/100\n|-ability|p2a: Excadrill|Mold Breaker\n|move|p1a: Glimmora|Sludge Wave|p2a: Excadrill\n|-immune|p2a: Excadrill\n|\n|-weather|RainDance|[upkeep]\n|upkeep\n|turn|33\n|inactive|Time left: 300 sec this turn | 300 sec total\n|\n|t:|1783571280\n|switch|p1a: Slowbro|Slowbro, L85, F|180/300\n|move|p2a: Excadrill|Earthquake|p1a: Slowbro\n|-crit|p1a: Slowbro\n|-damage|p1a: Slowbro|38/300\n|\n|-weather|RainDance|[upkeep]\n|upkeep\n|turn|34\n|inactive|Time left: 300 sec this turn | 300 sec total\n|\n|t:|1783571281\n|switch|p1a: Jumpluff|Jumpluff, L87, F|271/271\n|move|p2a: Excadrill|Rapid Spin|p1a: Jumpluff\n|-damage|p1a: Jumpluff|227/271\n|-boost|p2a: Excadrill|spe|1\n|-sideend|p2: p0y27117020|Toxic Spikes|[from] move: Rapid Spin|[of] p2a: Excadrill\n|\n|-weather|none\n|upkeep\n|turn|35\n|inactive|Time left: 300 sec this turn | 300 sec total\n|\n|t:|1783571283\n|move|p2a: Excadrill|Rock Slide|p1a: Jumpluff\n|-supereffective|p1a: Jumpluff\n|-damage|p1a: Jumpluff|97/271\n|cant|p1a: Jumpluff|flinch\n|\n|upkeep\n|turn|36\n|inactive|Time left: 300 sec this turn | 300 sec total\n|\n|t:|1783571283\n|switch|p1a: Slowbro|Slowbro, L85, F|138/300\n|move|p2a: Excadrill|Iron Head|p1a: Slowbro\n|-resisted|p1a: Slowbro\n|-damage|p1a: Slowbro|96/300\n|\n|upkeep\n|turn|37\n|inactive|Time left: 300 sec this turn | 300 sec total\n|\n|t:|1783571284\n|switch|p1a: Hawlucha|Hawlucha, L80, M|256/256\n|move|p2a: Excadrill|Earthquake|p1a: Hawlucha\n|-immune|p1a: Hawlucha\n|\n|upkeep\n|turn|38\n|inactive|Time left: 300 sec this turn | 300 sec total\n|\n|t:|1783571285\n|switch|p1a: Slowbro|Slowbro, L85, F|196/300\n|move|p2a: Excadrill|Iron Head|p1a: Slowbro\n|-resisted|p1a: Slowbro\n|-damage|p1a: Slowbro|156/300\n|\n|upkeep\n|turn|39\n|inactive|Time left: 300 sec this turn | 300 sec total\n|\n|t:|1783571286\n|move|p2a: Excadrill|Earthquake|p1a: Slowbro\n|-damage|p1a: Slowbro|50/300\n|move|p1a: Slowbro|Body Press|p2a: Excadrill\n|-supereffective|p2a: Excadrill\n|-damage|p2a: Excadrill|0 fnt\n|faint|p2a: Excadrill\n|\n|upkeep\n|\n|t:|1783571287\n|switch|p2a: Chansey|Chansey, L85, F|88/100\n|turn|40\n|inactive|Time left: 300 sec this turn | 300 sec total\n|\n|t:|1783571288\n|switch|p1a: Jumpluff|Jumpluff, L87, F|97/271\n|move|p2a: Chansey|Seismic Toss|p1a: Jumpluff\n|-damage|p1a: Jumpluff|12/271\n|\n|upkeep\n|turn|41\n|inactive|Time left: 300 sec this turn | 300 sec total\n|\n|t:|1783571289\n|move|p1a: Jumpluff|Leech Seed|p2a: Chansey|[miss]\n|-miss|p1a: Jumpluff|p2a: Chansey\n|move|p2a: Chansey|Seismic Toss|p1a: Jumpluff\n|-damage|p1a: Jumpluff|0 fnt\n|faint|p1a: Jumpluff\n|\n|upkeep\n|inactive|Time left: 300 sec this turn | 300 sec total | 5 sec grace\n|\n|t:|1783571290\n|switch|p1a: Slowbro|Slowbro, L85, F|150/300\n|turn|42\n|inactive|Time left: 300 sec this turn | 300 sec total\n|\n|t:|1783571291\n|move|p2a: Chansey|Seismic Toss|p1a: Slowbro\n|-damage|p1a: Slowbro|65/300\n|move|p1a: Slowbro|Body Press|p2a: Chansey\n|-supereffective|p2a: Chansey\n|-damage|p2a: Chansey|32/100\n|\n|upkeep\n|turn|43\n|inactive|Time left: 300 sec this turn | 300 sec total\n|\n|t:|1783571293\n|switch|p1a: Hawlucha|Hawlucha, L80, M|256/256\n|move|p2a: Chansey|Seismic Toss|p1a: Hawlucha\n|-damage|p1a: Hawlucha|171/256\n|\n|upkeep\n|turn|44\n|inactive|Time left: 300 sec this turn | 300 sec total\n|\n|t:|1783571294\n|switch|p2a: Dachsbun|Dachsbun, L92, M|88/100\n|move|p1a: Hawlucha|Acrobatics|p2a: Dachsbun\n|-damage|p2a: Dachsbun|58/100\n|\n|-heal|p2a: Dachsbun|63/100|[from] item: Leftovers\n|upkeep\n|turn|45\n|inactive|Time left: 300 sec this turn | 300 sec total\n|\n|t:|1783571294\n|switch|p1a: Glimmora|Glimmora, L75, F|199/248\n|move|p2a: Dachsbun|Wish|p2a: Dachsbun\n|\n|-heal|p2a: Dachsbun|69/100|[from] item: Leftovers\n|upkeep\n|turn|46\n|inactive|Time left: 300 sec this turn | 300 sec total\n|\n|t:|1783571295\n|switch|p2a: Chansey|Chansey, L85, F|32/100\n|move|p1a: Glimmora|Sludge Wave|p2a: Chansey\n|-damage|p2a: Chansey|21/100\n|\n|-heal|p2a: Chansey|44/100|[from] move: Wish|[wisher] Dachsbun\n|upkeep\n|turn|47\n|inactive|Time left: 300 sec this turn | 300 sec total\n|\n|t:|1783571297\n|move|p1a: Glimmora|Mortal Spin|p2a: Chansey\n|-damage|p2a: Chansey|36/100\n|-status|p2a: Chansey|psn\n|move|p2a: Chansey|Soft-Boiled|p2a: Chansey\n|-heal|p2a: Chansey|86/100 psn\n|\n|-damage|p2a: Chansey|74/100 psn|[from] psn\n|upkeep\n|turn|48\n|inactive|Time left: 300 sec this turn | 300 sec total\n|\n|t:|1783571298\n|switch|p1a: Hawlucha|Hawlucha, L80, M|171/256\n|move|p2a: Chansey|Seismic Toss|p1a: Hawlucha\n|-damage|p1a: Hawlucha|86/256\n|\n|-damage|p2a: Chansey|61/100 psn|[from] psn\n|upkeep\n|turn|49\n|inactive|Time left: 300 sec this turn | 300 sec total\n|\n|t:|1783571299\n|-curestatus|p2a: Chansey|psn|[from] ability: Natural Cure|[silent]\n|switch|p2a: Dachsbun|Dachsbun, L92, M|69/100\n|move|p1a: Hawlucha|Swords Dance|p1a: Hawlucha\n|-boost|p1a: Hawlucha|atk|2\n|\n|-heal|p2a: Dachsbun|75/100|[from] item: Leftovers\n|upkeep\n|turn|50\n|inactive|Time left: 300 sec this turn | 300 sec total\n|\n|t:|1783571300\n|move|p1a: Hawlucha|Acrobatics|p2a: Dachsbun\n|-damage|p2a: Dachsbun|16/100\n|move|p2a: Dachsbun|Play Rough|p1a: Hawlucha\n|-supereffective|p1a: Hawlucha\n|-damage|p1a: Hawlucha|0 fnt\n|faint|p1a: Hawlucha\n|\n|-heal|p2a: Dachsbun|22/100|[from] item: Leftovers\n|upkeep\n|inactive|Time left: 300 sec this turn | 300 sec total | 5 sec grace\n|\n|t:|1783571301\n|switch|p1a: Slowbro|Slowbro, L85, F|165/300\n|turn|51\n|inactive|Time left: 300 sec this turn | 300 sec total\n|\n|t:|1783571301\n|switch|p1a: Glimmora|Glimmora, L75, F|199/248\n|move|p2a: Dachsbun|Play Rough|p1a: Glimmora\n|-resisted|p1a: Glimmora\n|-damage|p1a: Glimmora|145/248\n|-activate|p1a: Glimmora|ability: Toxic Debris\n|-sidestart|p2: p0y27117020|move: Toxic Spikes\n|\n|-heal|p2a: Dachsbun|28/100|[from] item: Leftovers\n|upkeep\n|turn|52\n|inactive|Time left: 300 sec this turn | 300 sec total\n|\n|t:|1783571302\n|switch|p2a: Chansey|Chansey, L85, F|61/100\n|-status|p2a: Chansey|psn\n|move|p1a: Glimmora|Sludge Wave|p2a: Chansey\n|-damage|p2a: Chansey|52/100 psn\n|\n|-damage|p2a: Chansey|39/100 psn|[from] psn\n|upkeep\n|turn|53\n|inactive|Time left: 300 sec this turn | 300 sec total\n|\n|t:|1783571303\n|switch|p1a: Slowbro|Slowbro, L85, F|265/300\n|move|p2a: Chansey|Soft-Boiled|p2a: Chansey\n|-heal|p2a: Chansey|89/100 psn\n|\n|-damage|p2a: Chansey|77/100 psn|[from] psn\n|upkeep\n|turn|54\n|inactive|Time left: 300 sec this turn | 300 sec total\n|\n|t:|1783571304\n|move|p2a: Chansey|Thunder Wave|p1a: Slowbro\n|-status|p1a: Slowbro|par\n|move|p1a: Slowbro|Body Press|p2a: Chansey\n|-supereffective|p2a: Chansey\n|-damage|p2a: Chansey|27/100 psn\n|\n|-damage|p2a: Chansey|15/100 psn|[from] psn\n|upkeep\n|turn|55\n|inactive|Time left: 300 sec this turn | 300 sec total\n|\n|t:|1783571305\n|-curestatus|p2a: Chansey|psn|[from] ability: Natural Cure|[silent]\n|switch|p2a: Dachsbun|Dachsbun, L92, M|28/100\n|-status|p2a: Dachsbun|psn\n|move|p1a: Slowbro|Body Press|p2a: Dachsbun\n|-resisted|p2a: Dachsbun\n|-damage|p2a: Dachsbun|18/100 psn\n|\n|-heal|p2a: Dachsbun|24/100 psn|[from] item: Leftovers\n|-damage|p2a: Dachsbun|12/100 psn|[from] psn\n|upkeep\n|turn|56\n|inactive|Time left: 300 sec this turn | 300 sec total\n|\n|t:|1783571307\n|move|p2a: Dachsbun|Wish|p2a: Dachsbun\n|move|p1a: Slowbro|Psychic Noise|p2a: Dachsbun\n|-damage|p2a: Dachsbun|0 fnt\n|faint|p2a: Dachsbun\n|\n|upkeep\n|\n|t:|1783571308\n|switch|p2a: Chansey|Chansey, L85, F|15/100\n|-status|p2a: Chansey|psn\n|turn|57\n|inactive|Time left: 300 sec this turn | 300 sec total\n|\n|t:|1783571308\n|move|p2a: Chansey|Soft-Boiled|p2a: Chansey\n|-heal|p2a: Chansey|65/100 psn\n|move|p1a: Slowbro|Psychic Noise|p2a: Chansey\n|-damage|p2a: Chansey|57/100 psn\n|-start|p2a: Chansey|move: Heal Block\n|\n|-damage|p2a: Chansey|44/100 psn|[from] psn\n|upkeep\n|turn|58\n|inactive|Time left: 300 sec this turn | 300 sec total\n|\n|t:|1783571309\n|move|p2a: Chansey|Seismic Toss|p1a: Slowbro\n|-damage|p1a: Slowbro|180/300 par\n|move|p1a: Slowbro|Body Press|p2a: Chansey\n|-supereffective|p2a: Chansey\n|-damage|p2a: Chansey|0 fnt\n|faint|p2a: Chansey\n|\n|win|p0x27117194", "uploadtime": 1783571309, "views": 0, "rating": 0, "private": 0, "password": null, "_winner": "p0x27117194", "_our_name": "p0x27117194"}