{"id": "battle-gen9randombattle-908", "formatid": "gen9randombattle", "format": "[Gen 9] Random Battle", "players": ["p0x9083097", "p0y90810b8"], "log": "|init|battle\n|title|p0x9083097 vs. p0y90810b8\n|j|\u2606p0x9083097\n|j|\u2606p0y90810b8\n|t:|1783550437\n|gametype|singles\n|player|p1|p0x9083097|266|\n|player|p2|p0y90810b8|169|\n|gen|9\n|tier|[Gen 9] Random Battle\n|rule|Species Clause: Limit one of each Pok\u00e9mon\n|rule|HP Percentage Mod: HP is shown in percentages\n|rule|Sleep Clause Mod: Limit one foe put to sleep\n|rule|Illusion Level Mod: Illusion disguises the Pok\u00e9mon's true level\n|\n|t:|1783550437\n|teamsize|p1|6\n|teamsize|p2|6\n|start\n|switch|p1a: Clawitzer|Clawitzer, L87, M|265/265\n|switch|p2a: Toxapex|Toxapex, L82, F|100/100\n|turn|1\n|inactive|Battle timer is ON: inactive players will automatically lose when time's up. (requested by p0y90810b8)\n|inactive|Time left: 300 sec this turn | 300 sec total | 60 sec grace\n|inactive|p0x9083097 also wants the timer to be on.\n|\n|t:|1783550439\n|move|p1a: Clawitzer|Dark Pulse|p2a: Toxapex\n|-damage|p2a: Toxapex|47/100\n|cant|p2a: Toxapex|flinch\n|\n|-heal|p2a: Toxapex|53/100|[from] item: Leftovers\n|upkeep\n|turn|2\n|inactive|Time left: 300 sec this turn | 300 sec total\n|\n|t:|1783550440\n|switch|p2a: Glaceon|Glaceon, L94, M|100/100\n|move|p1a: Clawitzer|Dark Pulse|p2a: Glaceon\n|-damage|p2a: Glaceon|54/100\n|\n|upkeep\n|turn|3\n|inactive|Time left: 300 sec this turn | 300 sec total\n|\n|t:|1783550442\n|move|p2a: Glaceon|Freeze-Dry|p1a: Clawitzer\n|-supereffective|p1a: Clawitzer\n|-damage|p1a: Clawitzer|31/265\n|move|p1a: Clawitzer|Dark Pulse|p2a: Glaceon\n|-crit|p2a: Glaceon\n|-damage|p2a: Glaceon|0 fnt\n|faint|p2a: Glaceon\n|\n|upkeep\n|\n|t:|1783550443\n|switch|p2a: Mesprit|Mesprit, L85|100/100\n|turn|4\n|inactive|Time left: 300 sec this turn | 300 sec total\n|\n|t:|1783550444\n|switch|p1a: Groudon|Groudon, L72|263/263\n|-weather|SunnyDay|[from] ability: Drought|[of] p1a: Groudon\n|move|p2a: Mesprit|Psychic|p1a: Groudon\n|-damage|p1a: Groudon|83/263\n|\n|-weather|SunnyDay|[upkeep]\n|-heal|p1a: Groudon|99/263|[from] item: Leftovers\n|upkeep\n|turn|5\n|inactive|Time left: 300 sec this turn | 300 sec total\n|\n|t:|1783550445\n|switch|p1a: Giratina|Giratina-Origin, L72|335/335\n|move|p2a: Mesprit|Psychic|p1a: Giratina\n|-damage|p1a: Giratina|179/335\n|\n|-weather|SunnyDay|[upkeep]\n|upkeep\n|turn|6\n|inactive|Time left: 300 sec this turn | 300 sec total\n|\n|t:|1783550446\n|move|p2a: Mesprit|Psychic|p1a: Giratina\n|-damage|p1a: Giratina|17/335\n|-unboost|p1a: Giratina|spd|1\n|move|p1a: Giratina|Poltergeist|p2a: Mesprit\n|-activate|p2a: Mesprit|move: Poltergeist|Choice Specs\n|-supereffective|p2a: Mesprit\n|-damage|p2a: Mesprit|23/100\n|\n|-weather|SunnyDay|[upkeep]\n|upkeep\n|turn|7\n|inactive|Time left: 300 sec this turn | 300 sec total\n|\n|t:|1783550448\n|move|p1a: Giratina|Shadow Sneak|p2a: Mesprit\n|-supereffective|p2a: Mesprit\n|-damage|p2a: Mesprit|0 fnt\n|faint|p2a: Mesprit\n|\n|-weather|SunnyDay|[upkeep]\n|upkeep\n|\n|t:|1783550449\n|switch|p2a: Dialga|Dialga-Origin, L73|100/100\n|-ability|p2a: Dialga|Pressure\n|turn|8\n|inactive|Time left: 300 sec this turn | 300 sec total\n|\n|t:|1783550450\n|move|p2a: Dialga|Stealth Rock|p1a: Giratina\n|-sidestart|p1: p0x9083097|move: Stealth Rock\n|move|p1a: Giratina|Draco Meteor|p2a: Dialga\n|-damage|p2a: Dialga|52/100\n|-unboost|p1a: Giratina|spa|2\n|\n|-weather|none\n|upkeep\n|turn|9\n|inactive|Time left: 300 sec this turn | 300 sec total\n|\n|t:|1783550451\n|move|p2a: Dialga|Fire Blast|p1a: Giratina\n|-resisted|p1a: Giratina\n|-damage|p1a: Giratina|0 fnt\n|faint|p1a: Giratina\n|\n|upkeep\n|inactive|Time left: 300 sec this turn | 300 sec total | 5 sec grace\n|\n|t:|1783550452\n|switch|p1a: Falinks|Falinks, L84|246/246\n|-damage|p1a: Falinks|231/246|[from] Stealth Rock\n|turn|10\n|inactive|Time left: 300 sec this turn | 300 sec total\n|\n|t:|1783550453\n|move|p1a: Falinks|No Retreat|p1a: Falinks\n|-boost|p1a: Falinks|atk|1\n|-boost|p1a: Falinks|def|1\n|-boost|p1a: Falinks|spa|1\n|-boost|p1a: Falinks|spd|1\n|-boost|p1a: Falinks|spe|1\n|-start|p1a: Falinks|move: No Retreat\n|move|p2a: Dialga|Draco Meteor|p1a: Falinks\n|-damage|p1a: Falinks|63/246\n|-unboost|p2a: Dialga|spa|2\n|\n|upkeep\n|turn|11\n|inactive|Time left: 300 sec this turn | 300 sec total\n|\n|t:|1783550454\n|switch|p2a: Toxapex|Toxapex, L82, F|86/100\n|move|p1a: Falinks|Close Combat|p2a: Toxapex\n|-resisted|p2a: Toxapex\n|-damage|p2a: Toxapex|47/100\n|-unboost|p1a: Falinks|def|1\n|-unboost|p1a: Falinks|spd|1\n|-damage|p1a: Falinks|39/246|[from] item: Life Orb\n|\n|-heal|p2a: Toxapex|53/100|[from] item: Leftovers\n|upkeep\n|turn|12\n|inactive|Time left: 300 sec this turn | 300 sec total\n|\n|t:|1783550455\n|move|p1a: Falinks|Close Combat|p2a: Toxapex\n|-resisted|p2a: Toxapex\n|-damage|p2a: Toxapex|12/100\n|-unboost|p1a: Falinks|def|1\n|-unboost|p1a: Falinks|spd|1\n|-damage|p1a: Falinks|15/246|[from] item: Life Orb\n|move|p2a: Toxapex|Liquidation|p1a: Falinks\n|-damage|p1a: Falinks|0 fnt\n|faint|p1a: Falinks\n|\n|-heal|p2a: Toxapex|18/100|[from] item: Leftovers\n|upkeep\n|inactive|Time left: 300 sec this turn | 300 sec total | 5 sec grace\n|\n|t:|1783550456\n|switch|p1a: Groudon|Groudon, L72|99/263\n|-damage|p1a: Groudon|83/263|[from] Stealth Rock\n|-weather|SunnyDay|[from] ability: Drought|[of] p1a: Groudon\n|turn|13\n|inactive|Time left: 300 sec this turn | 300 sec total\n|\n|t:|1783550457\n|switch|p2a: Vaporeon|Vaporeon, L86, F|100/100\n|move|p1a: Groudon|Precipice Blades|p2a: Vaporeon\n|-damage|p2a: Vaporeon|54/100\n|\n|-weather|SunnyDay|[upkeep]\n|-heal|p1a: Groudon|99/263|[from] item: Leftovers\n|-heal|p2a: Vaporeon|60/100|[from] item: Leftovers\n|upkeep\n|turn|14\n|inactive|Time left: 300 sec this turn | 300 sec total\n|\n|t:|1783550458\n|move|p1a: Groudon|Precipice Blades|p2a: Vaporeon\n|-damage|p2a: Vaporeon|11/100\n|move|p2a: Vaporeon|Scald|p1a: Groudon\n|-supereffective|p1a: Groudon\n|-damage|p1a: Groudon|0 fnt\n|faint|p1a: Groudon\n|\n|-weather|SunnyDay|[upkeep]\n|-heal|p2a: Vaporeon|17/100|[from] item: Leftovers\n|upkeep\n|inactive|Time left: 300 sec this turn | 300 sec total | 5 sec grace\n|\n|t:|1783550459\n|switch|p1a: Sawsbuck|Sawsbuck-Autumn, L88, F|284/284\n|-damage|p1a: Sawsbuck|249/284|[from] Stealth Rock\n|turn|15\n|inactive|Time left: 300 sec this turn | 300 sec total\n|\n|t:|1783550460\n|move|p1a: Sawsbuck|Swords Dance|p1a: Sawsbuck\n|-boost|p1a: Sawsbuck|atk|2\n|move|p2a: Vaporeon|Ice Beam|p1a: Sawsbuck\n|-supereffective|p1a: Sawsbuck\n|-damage|p1a: Sawsbuck|73/284\n|\n|-weather|SunnyDay|[upkeep]\n|-heal|p2a: Vaporeon|23/100|[from] item: Leftovers\n|upkeep\n|turn|16\n|inactive|Time left: 300 sec this turn | 300 sec total\n|\n|t:|1783550461\n|move|p2a: Vaporeon|Protect|p2a: Vaporeon\n|-singleturn|p2a: Vaporeon|Protect\n|move|p1a: Sawsbuck|Horn Leech|p2a: Vaporeon\n|-activate|p2a: Vaporeon|move: Protect\n|\n|-weather|SunnyDay|[upkeep]\n|-heal|p2a: Vaporeon|29/100|[from] item: Leftovers\n|upkeep\n|turn|17\n|inactive|Time left: 300 sec this turn | 300 sec total\n|\n|t:|1783550462\n|move|p2a: Vaporeon|Protect||[still]\n|-fail|p2a: Vaporeon\n|move|p1a: Sawsbuck|Horn Leech|p2a: Vaporeon\n|-supereffective|p2a: Vaporeon\n|-damage|p2a: Vaporeon|0 fnt\n|-heal|p1a: Sawsbuck|125/284|[from] drain|[of] p2a: Vaporeon\n|faint|p2a: Vaporeon\n|-damage|p1a: Sawsbuck|97/284|[from] item: Life Orb\n|\n|-weather|none\n|upkeep\n|\n|t:|1783550463\n|switch|p2a: Arbok|Arbok, L87, F|100/100\n|-ability|p2a: Arbok|Intimidate|boost\n|-unboost|p1a: Sawsbuck|atk|1\n|turn|18\n|inactive|Time left: 300 sec this turn | 300 sec total\n|\n|t:|1783550464\n|-terastallize|p2a: Arbok|Dark\n|move|p2a: Arbok|Sucker Punch|p1a: Sawsbuck\n|-damage|p1a: Sawsbuck|6/284\n|move|p1a: Sawsbuck|High Horsepower|p2a: Arbok\n|-damage|p2a: Arbok|32/100\n|-damage|p1a: Sawsbuck|0 fnt|[from] item: Life Orb\n|faint|p1a: Sawsbuck\n|\n|-heal|p2a: Arbok|38/100|[from] item: Leftovers\n|upkeep\n|inactive|Time left: 300 sec this turn | 300 sec total | 5 sec grace\n|\n|t:|1783550465\n|switch|p1a: Deoxys|Deoxys, L74|196/196\n|-damage|p1a: Deoxys|172/196|[from] Stealth Rock\n|-ability|p1a: Deoxys|Pressure\n|turn|19\n|inactive|Time left: 300 sec this turn | 300 sec total\n|\n|t:|1783550466\n|move|p1a: Deoxys|Extreme Speed|p2a: Arbok\n|-damage|p2a: Arbok|1/100\n|-damage|p1a: Deoxys|153/196|[from] item: Life Orb\n|move|p2a: Arbok|Sucker Punch||[still]\n|-fail|p2a: Arbok\n|\n|-heal|p2a: Arbok|7/100|[from] item: Leftovers\n|upkeep\n|turn|20\n|inactive|Time left: 300 sec this turn | 300 sec total\n|\n|t:|1783550467\n|move|p1a: Deoxys|Extreme Speed|p2a: Arbok\n|-damage|p2a: Arbok|0 fnt\n|faint|p2a: Arbok\n|-damage|p1a: Deoxys|134/196|[from] item: Life Orb\n|\n|upkeep\n|\n|t:|1783550468\n|switch|p2a: Toxapex|Toxapex, L82, F|51/100\n|turn|21\n|inactive|Time left: 300 sec this turn | 300 sec total\n|\n|t:|1783550469\n|switch|p2a: Dialga|Dialga-Origin, L73|52/100\n|-ability|p2a: Dialga|Pressure\n|move|p1a: Deoxys|Psycho Boost|p2a: Dialga\n|-resisted|p2a: Dialga\n|-damage|p2a: Dialga|14/100\n|-unboost|p1a: Deoxys|spa|2\n|-damage|p1a: Deoxys|115/196|[from] item: Life Orb\n|\n|upkeep\n|turn|22\n|inactive|Time left: 300 sec this turn | 300 sec total\n|\n|t:|1783550470\n|-terastallize|p1a: Deoxys|Dark\n|move|p1a: Deoxys|Knock Off|p2a: Dialga\n|-damage|p2a: Dialga|0 fnt\n|faint|p2a: Dialga\n|-damage|p1a: Deoxys|96/196|[from] item: Life Orb\n|\n|upkeep\n|\n|t:|1783550471\n|switch|p2a: Toxapex|Toxapex, L82, F|84/100\n|turn|23\n|inactive|Time left: 300 sec this turn | 300 sec total\n|\n|t:|1783550472\n|switch|p1a: Clawitzer|Clawitzer, L87, M|31/265\n|-damage|p1a: Clawitzer|0 fnt|[from] Stealth Rock\n|faint|p1a: Clawitzer\n|move|p2a: Toxapex|Liquidation|p1: Clawitzer|[notarget]\n|-fail|p2a: Toxapex\n|\n|-heal|p2a: Toxapex|90/100|[from] item: Leftovers\n|upkeep\n|inactive|Time left: 300 sec this turn | 300 sec total | 5 sec grace\n|\n|t:|1783550473\n|switch|p1a: Deoxys|Deoxys, L74, tera:Dark|96/196\n|-damage|p1a: Deoxys|72/196|[from] Stealth Rock\n|-ability|p1a: Deoxys|Pressure\n|turn|24\n|inactive|Time left: 300 sec this turn | 300 sec total\n|\n|t:|1783550474\n|move|p1a: Deoxys|Psycho Boost|p2a: Toxapex\n|-supereffective|p2a: Toxapex\n|-damage|p2a: Toxapex|0 fnt\n|-unboost|p1a: Deoxys|spa|2\n|faint|p2a: Toxapex\n|-damage|p1a: Deoxys|53/196|[from] item: Life Orb\n|\n|win|p0x9083097", "uploadtime": 1783550474, "views": 0, "rating": 0, "private": 0, "password": null, "_winner": "p0x9083097", "_our_name": "p0x9083097"}