{"id": "battle-gen9randombattle-1803", "formatid": "gen9randombattle", "format": "[Gen 9] Random Battle", "players": ["p0x1803fadb", "p0y1803adba"], "log": "|init|battle\n|title|p0x1803fadb vs. p0y1803adba\n|j|\u2606p0x1803fadb\n|j|\u2606p0y1803adba\n|t:|1783560135\n|gametype|singles\n|player|p1|p0x1803fadb|101|\n|player|p2|p0y1803adba|101|\n|gen|9\n|tier|[Gen 9] Random Battle\n|rule|Species Clause: Limit one of each Pok\u00e9mon\n|rule|HP Percentage Mod: HP is shown in percentages\n|rule|Sleep Clause Mod: Limit one foe put to sleep\n|rule|Illusion Level Mod: Illusion disguises the Pok\u00e9mon's true level\n|\n|t:|1783560135\n|teamsize|p1|6\n|teamsize|p2|6\n|start\n|switch|p1a: Quaquaval|Quaquaval, L79, M|100/100\n|switch|p2a: Dunsparce|Dunsparce, L86, F|312/312\n|turn|1\n|inactive|Battle timer is ON: inactive players will automatically lose when time's up. (requested by p0y1803adba)\n|inactive|p0x1803fadb also wants the timer to be on.\n|\n|t:|1783560136\n|move|p1a: Quaquaval|Swords Dance|p1a: Quaquaval\n|-boost|p1a: Quaquaval|atk|2\n|move|p2a: Dunsparce|Body Slam|p1a: Quaquaval\n|-damage|p1a: Quaquaval|71/100\n|\n|upkeep\n|turn|2\n|inactive|Time left: 300 sec this turn | 300 sec total\n|\n|t:|1783560136\n|switch|p2a: Quagsire|Quagsire, L84, F|297/297\n|move|p1a: Quaquaval|Close Combat|p2a: Quagsire\n|-damage|p2a: Quagsire|122/297\n|-unboost|p1a: Quaquaval|def|1\n|-unboost|p1a: Quaquaval|spd|1\n|-damage|p1a: Quaquaval|61/100|[from] item: Life Orb\n|\n|-heal|p2a: Quagsire|140/297|[from] item: Leftovers\n|upkeep\n|turn|3\n|inactive|Time left: 300 sec this turn | 300 sec total\n|\n|t:|1783560137\n|-terastallize|p2a: Quagsire|Poison\n|move|p1a: Quaquaval|Close Combat|p2a: Quagsire\n|-resisted|p2a: Quagsire\n|-damage|p2a: Quagsire|53/297\n|-unboost|p1a: Quaquaval|def|1\n|-unboost|p1a: Quaquaval|spd|1\n|-damage|p1a: Quaquaval|51/100|[from] item: Life Orb\n|move|p2a: Quagsire|Earthquake|p1a: Quaquaval\n|-damage|p1a: Quaquaval|13/100\n|\n|-heal|p2a: Quagsire|71/297|[from] item: Leftovers\n|upkeep\n|turn|4\n|inactive|Time left: 300 sec this turn | 300 sec total\n|\n|t:|1783560138\n|move|p1a: Quaquaval|Aqua Step|p2a: Quagsire\n|-damage|p2a: Quagsire|0 fnt\n|-boost|p1a: Quaquaval|spe|1\n|faint|p2a: Quagsire\n|-ability|p1a: Quaquaval|Moxie|boost\n|-boost|p1a: Quaquaval|atk|1\n|-damage|p1a: Quaquaval|3/100|[from] item: Life Orb\n|\n|upkeep\n|inactive|Time left: 300 sec this turn | 300 sec total | 5 sec grace\n|\n|t:|1783560139\n|switch|p2a: Hatterene|Hatterene, L85, F|236/236\n|turn|5\n|inactive|Time left: 300 sec this turn | 300 sec total\n|\n|t:|1783560140\n|switch|p2a: Manaphy|Manaphy, L78|284/284\n|move|p1a: Quaquaval|Aqua Step|p2a: Manaphy\n|-resisted|p2a: Manaphy\n|-damage|p2a: Manaphy|148/284\n|-boost|p1a: Quaquaval|spe|1\n|-damage|p1a: Quaquaval|0 fnt|[from] item: Life Orb\n|faint|p1a: Quaquaval\n|\n|-heal|p2a: Manaphy|165/284|[from] item: Leftovers\n|upkeep\n|\n|t:|1783560141\n|switch|p1a: Zacian|Zacian-Crowned, L64|100/100\n|-ability|p1a: Zacian|Intrepid Sword|boost\n|-boost|p1a: Zacian|atk|1\n|turn|6\n|inactive|Time left: 300 sec this turn | 300 sec total\n|\n|t:|1783560143\n|move|p1a: Zacian|Swords Dance|p1a: Zacian\n|-boost|p1a: Zacian|atk|2\n|move|p2a: Manaphy|Surf|p1a: Zacian\n|-damage|p1a: Zacian|59/100\n|\n|-heal|p2a: Manaphy|182/284|[from] item: Leftovers\n|upkeep\n|turn|7\n|inactive|Time left: 300 sec this turn | 300 sec total\n|\n|t:|1783560144\n|move|p1a: Zacian|Play Rough|p2a: Manaphy\n|-damage|p2a: Manaphy|0 fnt\n|faint|p2a: Manaphy\n|\n|upkeep\n|inactive|Time left: 300 sec this turn | 300 sec total | 5 sec grace\n|\n|t:|1783560145\n|switch|p2a: Dunsparce|Dunsparce, L86, F|312/312\n|turn|8\n|inactive|Time left: 300 sec this turn | 300 sec total\n|\n|t:|1783560146\n|-terastallize|p1a: Zacian|Fighting\n|move|p1a: Zacian|Close Combat|p2a: Dunsparce\n|-supereffective|p2a: Dunsparce\n|-damage|p2a: Dunsparce|0 fnt\n|-unboost|p1a: Zacian|def|1\n|-unboost|p1a: Zacian|spd|1\n|faint|p2a: Dunsparce\n|\n|upkeep\n|inactive|Time left: 300 sec this turn | 300 sec total | 5 sec grace\n|\n|t:|1783560146\n|switch|p2a: Goodra|Goodra-Hisui, L82, M|265/265\n|turn|9\n|inactive|Time left: 300 sec this turn | 300 sec total\n|\n|t:|1783560148\n|switch|p2a: Hatterene|Hatterene, L85, F|236/236\n|move|p1a: Zacian|Close Combat|p2a: Hatterene\n|-resisted|p2a: Hatterene\n|-damage|p2a: Hatterene|170/236\n|-unboost|p1a: Zacian|def|1\n|-unboost|p1a: Zacian|spd|1\n|\n|upkeep\n|turn|10\n|inactive|Time left: 300 sec this turn | 300 sec total\n|\n|t:|1783560148\n|switch|p2a: Goodra|Goodra-Hisui, L82, M|265/265\n|move|p1a: Zacian|Behemoth Blade|p2a: Goodra\n|-resisted|p2a: Goodra\n|-damage|p2a: Goodra|157/265\n|\n|upkeep\n|turn|11\n|inactive|Time left: 300 sec this turn | 300 sec total\n|\n|t:|1783560149\n|move|p1a: Zacian|Close Combat|p2a: Goodra\n|-supereffective|p2a: Goodra\n|-damage|p2a: Goodra|0 fnt\n|-unboost|p1a: Zacian|def|1\n|-unboost|p1a: Zacian|spd|1\n|faint|p2a: Goodra\n|\n|upkeep\n|inactive|Time left: 300 sec this turn | 300 sec total | 5 sec grace\n|\n|t:|1783560150\n|switch|p2a: Hatterene|Hatterene, L85, F|170/236\n|turn|12\n|inactive|Time left: 300 sec this turn | 300 sec total\n|\n|t:|1783560151\n|switch|p2a: Malamar|Malamar, L82, F|275/275\n|move|p1a: Zacian|Behemoth Blade|p2a: Malamar\n|-damage|p2a: Malamar|47/275\n|\n|-heal|p2a: Malamar|64/275|[from] item: Leftovers\n|upkeep\n|turn|13\n|inactive|Time left: 300 sec this turn | 300 sec total\n|\n|t:|1783560152\n|move|p1a: Zacian|Behemoth Blade|p2a: Malamar\n|-damage|p2a: Malamar|0 fnt\n|faint|p2a: Malamar\n|\n|upkeep\n|inactive|Time left: 300 sec this turn | 300 sec total | 5 sec grace\n|\n|t:|1783560153\n|switch|p2a: Hatterene|Hatterene, L85, F|170/236\n|turn|14\n|inactive|Time left: 300 sec this turn | 300 sec total\n|\n|t:|1783560154\n|move|p1a: Zacian|Behemoth Blade|p2a: Hatterene\n|-supereffective|p2a: Hatterene\n|-damage|p2a: Hatterene|0 fnt\n|faint|p2a: Hatterene\n|\n|win|p0x1803fadb", "uploadtime": 1783560154, "views": 0, "rating": 0, "private": 0, "password": null, "_winner": "p0x1803fadb", "_our_name": "p0y1803adba"}