{"id": "battle-gen9randombattle-28", "formatid": "gen9randombattle", "format": "[Gen 9] Random Battle", "players": ["p0x0280ebc", "p0y028ea5a"], "log": "|init|battle\n|title|p0x0280ebc vs. p0y028ea5a\n|j|\u2606p0x0280ebc\n|j|\u2606p0y028ea5a\n|t:|1783539762\n|gametype|singles\n|player|p1|p0x0280ebc|170|\n|player|p2|p0y028ea5a|169|\n|gen|9\n|tier|[Gen 9] Random Battle\n|rule|Species Clause: Limit one of each Pok\u00e9mon\n|rule|HP Percentage Mod: HP is shown in percentages\n|rule|Sleep Clause Mod: Limit one foe put to sleep\n|rule|Illusion Level Mod: Illusion disguises the Pok\u00e9mon's true level\n|\n|t:|1783539762\n|teamsize|p1|6\n|teamsize|p2|6\n|start\n|switch|p1a: Pawmot|Pawmot, L80, F|243/243\n|switch|p2a: Dodrio|Dodrio, L85, F|100/100\n|turn|1\n|inactive|Battle timer is ON: inactive players will automatically lose when time's up. (requested by p0x0280ebc)\n|inactive|p0y028ea5a also wants the timer to be on.\n|\n|t:|1783539763\n|move|p2a: Dodrio|Drill Run|p1a: Pawmot|[miss]\n|-miss|p2a: Dodrio|p1a: Pawmot\n|move|p1a: Pawmot|Double Shock|p2a: Dodrio\n|-supereffective|p2a: Dodrio\n|-damage|p2a: Dodrio|0 fnt\n|-start|p1a: Pawmot|typechange|???/Fighting|[from] move: Double Shock\n|faint|p2a: Dodrio\n|-damage|p1a: Pawmot|219/243|[from] item: Life Orb\n|\n|upkeep\n|\n|t:|1783539764\n|switch|p2a: Eelektross|Eelektross, L87, F|100/100\n|turn|2\n|inactive|Time left: 300 sec this turn | 300 sec total\n|\n|t:|1783539765\n|switch|p1a: Thundurus|Thundurus-Therian, L80, M|258/258\n|move|p2a: Eelektross|Coil|p2a: Eelektross\n|-boost|p2a: Eelektross|atk|1\n|-boost|p2a: Eelektross|def|1\n|-boost|p2a: Eelektross|accuracy|1\n|\n|upkeep\n|turn|3\n|inactive|Time left: 300 sec this turn | 300 sec total\n|\n|t:|1783539766\n|move|p1a: Thundurus|Nasty Plot|p1a: Thundurus\n|-boost|p1a: Thundurus|spa|2\n|move|p2a: Eelektross|Knock Off|p1a: Thundurus\n|-damage|p1a: Thundurus|97/258\n|-enditem|p1a: Thundurus|Heavy-Duty Boots|[from] move: Knock Off|[of] p2a: Eelektross\n|\n|upkeep\n|turn|4\n|inactive|Time left: 300 sec this turn | 300 sec total\n|\n|t:|1783539767\n|move|p1a: Thundurus|Tera Blast|p2a: Eelektross\n|-damage|p2a: Eelektross|49/100\n|move|p2a: Eelektross|Knock Off|p1a: Thundurus\n|-damage|p1a: Thundurus|0 fnt\n|faint|p1a: Thundurus\n|\n|-heal|p2a: Eelektross|55/100|[from] item: Leftovers\n|upkeep\n|inactive|Time left: 300 sec this turn | 300 sec total | 5 sec grace\n|\n|t:|1783539769\n|switch|p1a: Emboar|Emboar, L84, F|322/322\n|turn|5\n|inactive|Time left: 300 sec this turn | 300 sec total\n|\n|t:|1783539770\n|move|p1a: Emboar|Flare Blitz|p2a: Eelektross\n|-damage|p2a: Eelektross|0 fnt\n|faint|p2a: Eelektross\n|-damage|p1a: Emboar|270/322|[from] Recoil\n|\n|upkeep\n|\n|t:|1783539771\n|switch|p2a: Vaporeon|Vaporeon, L86, F|100/100\n|turn|6\n|inactive|Time left: 300 sec this turn | 300 sec total\n|\n|t:|1783539772\n|switch|p1a: Meganium|Meganium, L90, F|290/290\n|move|p2a: Vaporeon|Scald|p1a: Meganium\n|-resisted|p1a: Meganium\n|-damage|p1a: Meganium|250/290\n|\n|-heal|p1a: Meganium|268/290|[from] item: Leftovers\n|upkeep\n|turn|7\n|inactive|Time left: 300 sec this turn | 300 sec total\n|\n|t:|1783539773\n|switch|p2a: Forretress|Forretress, L84, F|100/100\n|move|p1a: Meganium|Swords Dance|p1a: Meganium\n|-boost|p1a: Meganium|atk|2\n|\n|-heal|p1a: Meganium|286/290|[from] item: Leftovers\n|upkeep\n|turn|8\n|inactive|Time left: 300 sec this turn | 300 sec total\n|\n|t:|1783539774\n|move|p1a: Meganium|Knock Off|p2a: Forretress\n|-damage|p2a: Forretress|62/100\n|-enditem|p2a: Forretress|Leftovers|[from] move: Knock Off|[of] p1a: Meganium\n|move|p2a: Forretress|Stealth Rock|p1a: Meganium\n|-sidestart|p1: p0x0280ebc|move: Stealth Rock\n|\n|-heal|p1a: Meganium|290/290|[from] item: Leftovers\n|upkeep\n|turn|9\n|inactive|Time left: 300 sec this turn | 300 sec total\n|\n|t:|1783539775\n|move|p1a: Meganium|Earthquake|p2a: Forretress\n|-damage|p2a: Forretress|27/100\n|move|p2a: Forretress|Rapid Spin|p1a: Meganium\n|-damage|p1a: Meganium|261/290\n|-boost|p2a: Forretress|spe|1\n|\n|-heal|p1a: Meganium|279/290|[from] item: Leftovers\n|upkeep\n|turn|10\n|inactive|Time left: 300 sec this turn | 300 sec total\n|\n|t:|1783539777\n|move|p1a: Meganium|Earthquake|p2a: Forretress\n|-damage|p2a: Forretress|0 fnt\n|faint|p2a: Forretress\n|\n|-heal|p1a: Meganium|290/290|[from] item: Leftovers\n|upkeep\n|\n|t:|1783539778\n|switch|p2a: Koraidon|Koraidon, L64|100/100\n|-weather|SunnyDay|[from] ability: Orichalcum Pulse|[of] p2a: Koraidon\n|-activate|p2a: Koraidon|Orichalcum Pulse|[source]\n|turn|11\n|inactive|Time left: 300 sec this turn | 300 sec total\n|\n|t:|1783539779\n|-terastallize|p2a: Koraidon|Fire\n|move|p2a: Koraidon|Flare Blitz|p1a: Meganium\n|-supereffective|p1a: Meganium\n|-damage|p1a: Meganium|0 fnt\n|faint|p1a: Meganium\n|-damage|p2a: Koraidon|60/100|[from] Recoil\n|\n|-weather|SunnyDay|[upkeep]\n|upkeep\n|inactive|Time left: 300 sec this turn | 300 sec total | 5 sec grace\n|\n|t:|1783539780\n|switch|p1a: Pawmot|Pawmot, L80, F|219/243\n|-damage|p1a: Pawmot|204/243|[from] Stealth Rock\n|turn|12\n|inactive|Time left: 300 sec this turn | 300 sec total\n|\n|t:|1783539781\n|switch|p2a: Eternatus|Eternatus, L69|100/100\n|-ability|p2a: Eternatus|Pressure\n|move|p1a: Pawmot|Double Shock|p2a: Eternatus\n|-resisted|p2a: Eternatus\n|-damage|p2a: Eternatus|70/100\n|-start|p1a: Pawmot|typechange|???/Fighting|[from] move: Double Shock\n|-damage|p1a: Pawmot|180/243|[from] item: Life Orb\n|\n|-weather|SunnyDay|[upkeep]\n|-heal|p2a: Eternatus|76/100|[from] item: Leftovers\n|upkeep\n|turn|13\n|inactive|Time left: 300 sec this turn | 300 sec total\n|\n|t:|1783539782\n|switch|p1a: Hoopa|Hoopa, L85|275/275\n|-damage|p1a: Hoopa|241/275|[from] Stealth Rock\n|move|p2a: Eternatus|Sludge Bomb|p1a: Hoopa\n|-resisted|p1a: Hoopa\n|-damage|p1a: Hoopa|209/275\n|\n|-weather|SunnyDay|[upkeep]\n|-heal|p2a: Eternatus|82/100|[from] item: Leftovers\n|upkeep\n|turn|14\n|inactive|Time left: 300 sec this turn | 300 sec total\n|\n|t:|1783539783\n|switch|p2a: Vaporeon|Vaporeon, L86, F|100/100\n|move|p1a: Hoopa|Psychic|p2a: Vaporeon\n|-damage|p2a: Vaporeon|68/100\n|\n|-weather|SunnyDay|[upkeep]\n|-heal|p2a: Vaporeon|74/100|[from] item: Leftovers\n|upkeep\n|turn|15\n|inactive|Time left: 300 sec this turn | 300 sec total\n|\n|t:|1783539784\n|move|p1a: Hoopa|Psychic|p2a: Vaporeon\n|-crit|p2a: Vaporeon\n|-damage|p2a: Vaporeon|20/100\n|move|p2a: Vaporeon|Wish|p2a: Vaporeon\n|\n|-weather|none\n|-heal|p2a: Vaporeon|26/100|[from] item: Leftovers\n|upkeep\n|turn|16\n|inactive|Time left: 300 sec this turn | 300 sec total\n|\n|t:|1783539785\n|move|p2a: Vaporeon|Protect|p2a: Vaporeon\n|-singleturn|p2a: Vaporeon|Protect\n|move|p1a: Hoopa|Psychic|p2a: Vaporeon\n|-activate|p2a: Vaporeon|move: Protect\n|\n|-heal|p2a: Vaporeon|76/100|[from] move: Wish|[wisher] Vaporeon\n|-heal|p2a: Vaporeon|82/100|[from] item: Leftovers\n|upkeep\n|turn|17\n|inactive|Time left: 300 sec this turn | 300 sec total\n|\n|t:|1783539787\n|move|p1a: Hoopa|Psychic|p2a: Vaporeon\n|-damage|p2a: Vaporeon|48/100\n|move|p2a: Vaporeon|Wish|p2a: Vaporeon\n|\n|-heal|p2a: Vaporeon|54/100|[from] item: Leftovers\n|upkeep\n|turn|18\n|inactive|Time left: 300 sec this turn | 300 sec total\n|\n|t:|1783539788\n|move|p1a: Hoopa|Psychic|p2a: Vaporeon\n|-damage|p2a: Vaporeon|18/100\n|-unboost|p2a: Vaporeon|spd|1\n|move|p2a: Vaporeon|Scald|p1a: Hoopa\n|-damage|p1a: Hoopa|136/275\n|-status|p1a: Hoopa|brn\n|\n|-heal|p2a: Vaporeon|68/100|[from] move: Wish|[wisher] Vaporeon\n|-heal|p2a: Vaporeon|74/100|[from] item: Leftovers\n|-damage|p1a: Hoopa|119/275 brn|[from] brn\n|upkeep\n|turn|19\n|inactive|Time left: 300 sec this turn | 300 sec total\n|\n|t:|1783539789\n|move|p2a: Vaporeon|Protect|p2a: Vaporeon\n|-singleturn|p2a: Vaporeon|Protect\n|move|p1a: Hoopa|Psychic|p2a: Vaporeon\n|-activate|p2a: Vaporeon|move: Protect\n|\n|-heal|p2a: Vaporeon|80/100|[from] item: Leftovers\n|-damage|p1a: Hoopa|102/275 brn|[from] brn\n|upkeep\n|turn|20\n|inactive|Time left: 300 sec this turn | 300 sec total\n|\n|t:|1783539790\n|move|p1a: Hoopa|Psychic|p2a: Vaporeon\n|-damage|p2a: Vaporeon|27/100\n|move|p2a: Vaporeon|Scald|p1a: Hoopa\n|-damage|p1a: Hoopa|35/275 brn\n|\n|-heal|p2a: Vaporeon|33/100|[from] item: Leftovers\n|-damage|p1a: Hoopa|18/275 brn|[from] brn\n|upkeep\n|turn|21\n|inactive|Time left: 300 sec this turn | 300 sec total\n|\n|t:|1783539791\n|move|p2a: Vaporeon|Protect|p2a: Vaporeon\n|-singleturn|p2a: Vaporeon|Protect\n|move|p1a: Hoopa|Psychic|p2a: Vaporeon\n|-activate|p2a: Vaporeon|move: Protect\n|\n|-heal|p2a: Vaporeon|39/100|[from] item: Leftovers\n|-damage|p1a: Hoopa|1/275 brn|[from] brn\n|upkeep\n|turn|22\n|inactive|Time left: 300 sec this turn | 300 sec total\n|\n|t:|1783539792\n|move|p2a: Vaporeon|Protect|p2a: Vaporeon\n|-singleturn|p2a: Vaporeon|Protect\n|move|p1a: Hoopa|Psychic|p2a: Vaporeon\n|-activate|p2a: Vaporeon|move: Protect\n|\n|-heal|p2a: Vaporeon|45/100|[from] item: Leftovers\n|-damage|p1a: Hoopa|0 fnt|[from] brn\n|faint|p1a: Hoopa\n|upkeep\n|inactive|Time left: 300 sec this turn | 300 sec total | 5 sec grace\n|\n|t:|1783539793\n|switch|p1a: Pawmot|Pawmot, L80, F|180/243\n|-damage|p1a: Pawmot|165/243|[from] Stealth Rock\n|turn|23\n|inactive|Time left: 300 sec this turn | 300 sec total\n|\n|t:|1783539795\n|switch|p2a: Eternatus|Eternatus, L69|82/100\n|-ability|p2a: Eternatus|Pressure\n|move|p1a: Pawmot|Double Shock|p2a: Eternatus\n|-resisted|p2a: Eternatus\n|-damage|p2a: Eternatus|49/100\n|-start|p1a: Pawmot|typechange|???/Fighting|[from] move: Double Shock\n|-damage|p1a: Pawmot|141/243|[from] item: Life Orb\n|\n|-heal|p2a: Eternatus|55/100|[from] item: Leftovers\n|upkeep\n|turn|24\n|inactive|Time left: 300 sec this turn | 300 sec total\n|\n|t:|1783539796\n|move|p2a: Eternatus|Dynamax Cannon|p1a: Pawmot\n|-damage|p1a: Pawmot|11/243\n|move|p1a: Pawmot|Ice Punch|p2a: Eternatus\n|-supereffective|p2a: Eternatus\n|-damage|p2a: Eternatus|0 fnt\n|faint|p2a: Eternatus\n|-damage|p1a: Pawmot|0 fnt|[from] item: Life Orb\n|faint|p1a: Pawmot\n|\n|upkeep\n|inactive|Time left: 300 sec this turn | 300 sec total | 5 sec grace\n|\n|t:|1783539797\n|switch|p2a: Vaporeon|Vaporeon, L86, F|45/100\n|switch|p1a: Regigigas|Regigigas, L84|322/322\n|-damage|p1a: Regigigas|282/322|[from] Stealth Rock\n|-start|p1a: Regigigas|ability: Slow Start\n|turn|25\n|inactive|Time left: 300 sec this turn | 300 sec total\n|\n|t:|1783539798\n|move|p2a: Vaporeon|Wish|p2a: Vaporeon\n|move|p1a: Regigigas|Body Slam|p2a: Vaporeon\n|-damage|p2a: Vaporeon|21/100\n|\n|-heal|p2a: Vaporeon|27/100|[from] item: Leftovers\n|-heal|p1a: Regigigas|302/322|[from] item: Leftovers\n|upkeep\n|turn|26\n|inactive|Time left: 300 sec this turn | 300 sec total\n|\n|t:|1783539799\n|move|p2a: Vaporeon|Flip Turn|p1a: Regigigas\n|-damage|p1a: Regigigas|262/322\n|\n|t:|1783539800\n|switch|p2a: Koraidon|Koraidon, L64, tera:Fire|60/100|[from] Flip Turn\n|-weather|SunnyDay|[from] ability: Orichalcum Pulse|[of] p2a: Koraidon\n|-activate|p2a: Koraidon|Orichalcum Pulse|[source]\n|move|p1a: Regigigas|Body Slam|p2a: Koraidon\n|-damage|p2a: Koraidon|30/100\n|\n|-weather|SunnyDay|[upkeep]\n|-heal|p2a: Koraidon|100/100|[from] move: Wish|[wisher] Vaporeon\n|-heal|p1a: Regigigas|282/322|[from] item: Leftovers\n|upkeep\n|turn|27\n|inactive|Time left: 300 sec this turn | 300 sec total\n|\n|t:|1783539801\n|-terastallize|p1a: Regigigas|Poison\n|move|p2a: Koraidon|Swords Dance|p2a: Koraidon\n|-boost|p2a: Koraidon|atk|2\n|move|p1a: Regigigas|Knock Off|p2a: Koraidon\n|-damage|p2a: Koraidon|79/100\n|-enditem|p2a: Koraidon|Loaded Dice|[from] move: Knock Off|[of] p1a: Regigigas\n|\n|-weather|SunnyDay|[upkeep]\n|-heal|p1a: Regigigas|302/322|[from] item: Leftovers\n|upkeep\n|turn|28\n|inactive|Time left: 300 sec this turn | 300 sec total\n|\n|t:|1783539802\n|move|p1a: Regigigas|Protect|p1a: Regigigas\n|-singleturn|p1a: Regigigas|Protect\n|move|p2a: Koraidon|Flare Blitz|p1a: Regigigas\n|-activate|p1a: Regigigas|move: Protect\n|\n|-weather|SunnyDay|[upkeep]\n|-heal|p1a: Regigigas|322/322|[from] item: Leftovers\n|upkeep\n|turn|29\n|inactive|Time left: 300 sec this turn | 300 sec total\n|\n|t:|1783539803\n|move|p1a: Regigigas|Protect||[still]\n|-fail|p1a: Regigigas\n|move|p2a: Koraidon|Flare Blitz|p1a: Regigigas\n|-damage|p1a: Regigigas|0 fnt\n|faint|p1a: Regigigas\n|-end|p1a: Regigigas|Slow Start|[silent]\n|-damage|p2a: Koraidon|34/100|[from] Recoil\n|\n|-weather|SunnyDay|[upkeep]\n|upkeep\n|inactive|Time left: 300 sec this turn | 300 sec total | 5 sec grace\n|\n|t:|1783539804\n|switch|p1a: Emboar|Emboar, L84, F|270/322\n|-damage|p1a: Emboar|230/322|[from] Stealth Rock\n|turn|30\n|inactive|Time left: 300 sec this turn | 300 sec total\n|\n|t:|1783539805\n|move|p2a: Koraidon|Collision Course|p1a: Emboar\n|-damage|p1a: Emboar|0 fnt\n|faint|p1a: Emboar\n|\n|win|p0y028ea5a", "uploadtime": 1783539805, "views": 0, "rating": 0, "private": 0, "password": null, "_winner": "p0y028ea5a", "_our_name": "p0x0280ebc"}