{"id": "battle-gen9randombattle-1989", "formatid": "gen9randombattle", "format": "[Gen 9] Random Battle", "players": ["p0x198924dc", "p0y198987d3"], "log": "|init|battle\n|title|p0x198924dc vs. p0y198987d3\n|j|\u2606p0x198924dc\n|j|\u2606p0y198987d3\n|t:|1783562266\n|gametype|singles\n|player|p1|p0x198924dc|102|\n|player|p2|p0y198987d3|169|\n|gen|9\n|tier|[Gen 9] Random Battle\n|rule|Species Clause: Limit one of each Pok\u00e9mon\n|rule|HP Percentage Mod: HP is shown in percentages\n|rule|Sleep Clause Mod: Limit one foe put to sleep\n|rule|Illusion Level Mod: Illusion disguises the Pok\u00e9mon's true level\n|\n|t:|1783562266\n|teamsize|p1|6\n|teamsize|p2|6\n|start\n|switch|p1a: Virizion|Virizion, L82|100/100\n|switch|p2a: Toxtricity|Toxtricity, L82, M|257/257\n|turn|1\n|inactive|Battle timer is ON: inactive players will automatically lose when time's up. (requested by p0y198987d3)\n|\n|t:|1783562267\n|move|p1a: Virizion|Swords Dance|p1a: Virizion\n|-boost|p1a: Virizion|atk|2\n|move|p2a: Toxtricity|Gunk Shot|p1a: Virizion\n|-supereffective|p1a: Virizion\n|-damage|p1a: Virizion|5/100\n|\n|upkeep\n|turn|2\n|inactive|Time left: 300 sec this turn | 300 sec total\n|inactive|p0x198924dc also wants the timer to be on.\n|\n|t:|1783562268\n|move|p1a: Virizion|Close Combat|p2a: Toxtricity\n|-resisted|p2a: Toxtricity\n|-damage|p2a: Toxtricity|93/257\n|-unboost|p1a: Virizion|def|1\n|-unboost|p1a: Virizion|spd|1\n|-damage|p1a: Virizion|0 fnt|[from] item: Life Orb\n|faint|p1a: Virizion\n|move|p2a: Toxtricity|Shift Gear|p2a: Toxtricity\n|-boost|p2a: Toxtricity|spe|2\n|-boost|p2a: Toxtricity|atk|1\n|\n|upkeep\n|\n|t:|1783562269\n|switch|p1a: Mudsdale|Mudsdale, L83, F|100/100\n|turn|3\n|inactive|Time left: 300 sec this turn | 300 sec total\n|\n|t:|1783562270\n|move|p2a: Toxtricity|Boomburst|p1a: Mudsdale\n|-damage|p1a: Mudsdale|55/100\n|-ability|p1a: Mudsdale|Stamina|boost\n|-boost|p1a: Mudsdale|def|1\n|-enditem|p2a: Toxtricity|Throat Spray\n|-boost|p2a: Toxtricity|spa|1|[from] item: Throat Spray\n|move|p1a: Mudsdale|Earthquake|p2a: Toxtricity\n|-supereffective|p2a: Toxtricity\n|-crit|p2a: Toxtricity\n|-damage|p2a: Toxtricity|0 fnt\n|faint|p2a: Toxtricity\n|\n|-heal|p1a: Mudsdale|61/100|[from] item: Leftovers\n|upkeep\n|inactive|Time left: 300 sec this turn | 300 sec total | 5 sec grace\n|\n|t:|1783562271\n|switch|p2a: Barraskewda|Barraskewda, L81, F|231/231\n|turn|4\n|inactive|Time left: 300 sec this turn | 300 sec total\n|\n|t:|1783562272\n|move|p2a: Barraskewda|Waterfall|p1a: Mudsdale\n|-supereffective|p1a: Mudsdale\n|-damage|p1a: Mudsdale|1/100\n|-ability|p1a: Mudsdale|Stamina|boost\n|-boost|p1a: Mudsdale|def|1\n|move|p1a: Mudsdale|Earthquake|p2a: Barraskewda\n|-damage|p2a: Barraskewda|65/231\n|\n|-heal|p1a: Mudsdale|7/100|[from] item: Leftovers\n|upkeep\n|turn|5\n|inactive|Time left: 300 sec this turn | 300 sec total\n|\n|t:|1783562274\n|move|p2a: Barraskewda|Waterfall|p1a: Mudsdale\n|-supereffective|p1a: Mudsdale\n|-damage|p1a: Mudsdale|0 fnt\n|faint|p1a: Mudsdale\n|\n|upkeep\n|\n|t:|1783562274\n|switch|p1a: Grimmsnarl|Grimmsnarl, L83, M|100/100\n|turn|6\n|inactive|Time left: 300 sec this turn | 300 sec total\n|\n|t:|1783562276\n|move|p1a: Grimmsnarl|Sucker Punch|p2a: Barraskewda\n|-damage|p2a: Barraskewda|0 fnt\n|faint|p2a: Barraskewda\n|\n|upkeep\n|inactive|Time left: 300 sec this turn | 300 sec total | 5 sec grace\n|\n|t:|1783562277\n|switch|p2a: Volcarona|Volcarona, L77, M|257/257\n|turn|7\n|inactive|Time left: 300 sec this turn | 300 sec total\n|\n|t:|1783562278\n|move|p1a: Grimmsnarl|Parting Shot|p2a: Volcarona\n|-unboost|p2a: Volcarona|atk|1\n|-unboost|p2a: Volcarona|spa|1\n|\n|t:|1783562279\n|switch|p1a: Gallade|Gallade, L80, M|100/100|[from] Parting Shot\n|move|p2a: Volcarona|Quiver Dance|p2a: Volcarona\n|-boost|p2a: Volcarona|spa|1\n|-boost|p2a: Volcarona|spd|1\n|-boost|p2a: Volcarona|spe|1\n|\n|upkeep\n|turn|8\n|inactive|Time left: 300 sec this turn | 300 sec total\n|\n|t:|1783562280\n|move|p2a: Volcarona|Fire Blast|p1a: Gallade\n|-damage|p1a: Gallade|54/100\n|move|p1a: Gallade|Psycho Cut|p2a: Volcarona\n|-damage|p2a: Volcarona|22/257\n|\n|upkeep\n|turn|9\n|inactive|Time left: 300 sec this turn | 300 sec total\n|\n|t:|1783562281\n|move|p2a: Volcarona|Fire Blast|p1a: Gallade\n|-damage|p1a: Gallade|5/100\n|move|p1a: Gallade|Psycho Cut|p2a: Volcarona\n|-damage|p2a: Volcarona|0 fnt\n|faint|p2a: Volcarona\n|\n|upkeep\n|inactive|Time left: 300 sec this turn | 300 sec total | 5 sec grace\n|\n|t:|1783562282\n|switch|p2a: Cresselia|Cresselia, L80, F|323/323\n|turn|10\n|inactive|Time left: 300 sec this turn | 300 sec total\n|\n|t:|1783562283\n|switch|p1a: Grimmsnarl|Grimmsnarl, L83, M|100/100\n|move|p2a: Cresselia|Calm Mind|p2a: Cresselia\n|-boost|p2a: Cresselia|spa|1\n|-boost|p2a: Cresselia|spd|1\n|\n|upkeep\n|turn|11\n|inactive|Time left: 300 sec this turn | 300 sec total\n|\n|t:|1783562284\n|move|p2a: Cresselia|Calm Mind|p2a: Cresselia\n|-boost|p2a: Cresselia|spa|1\n|-boost|p2a: Cresselia|spd|1\n|move|p1a: Grimmsnarl|Spirit Break|p2a: Cresselia\n|-damage|p2a: Cresselia|247/323\n|-unboost|p2a: Cresselia|spa|1\n|\n|-heal|p2a: Cresselia|267/323|[from] item: Leftovers\n|upkeep\n|turn|12\n|inactive|Time left: 300 sec this turn | 300 sec total\n|\n|t:|1783562285\n|move|p2a: Cresselia|Calm Mind|p2a: Cresselia\n|-boost|p2a: Cresselia|spa|1\n|-boost|p2a: Cresselia|spd|1\n|move|p1a: Grimmsnarl|Spirit Break|p2a: Cresselia\n|-crit|p2a: Cresselia\n|-damage|p2a: Cresselia|152/323\n|-unboost|p2a: Cresselia|spa|1\n|\n|-heal|p2a: Cresselia|172/323|[from] item: Leftovers\n|upkeep\n|turn|13\n|inactive|Time left: 300 sec this turn | 300 sec total\n|\n|t:|1783562286\n|move|p2a: Cresselia|Moonlight|p2a: Cresselia\n|-heal|p2a: Cresselia|323/323\n|move|p1a: Grimmsnarl|Spirit Break|p2a: Cresselia\n|-damage|p2a: Cresselia|244/323\n|-unboost|p2a: Cresselia|spa|1\n|\n|-heal|p2a: Cresselia|264/323|[from] item: Leftovers\n|upkeep\n|turn|14\n|inactive|Time left: 300 sec this turn | 300 sec total\n|\n|t:|1783562287\n|move|p2a: Cresselia|Calm Mind|p2a: Cresselia\n|-boost|p2a: Cresselia|spa|1\n|-boost|p2a: Cresselia|spd|1\n|move|p1a: Grimmsnarl|Spirit Break|p2a: Cresselia\n|-damage|p2a: Cresselia|186/323\n|-unboost|p2a: Cresselia|spa|1\n|\n|-heal|p2a: Cresselia|206/323|[from] item: Leftovers\n|upkeep\n|turn|15\n|inactive|Time left: 300 sec this turn | 300 sec total\n|\n|t:|1783562288\n|move|p2a: Cresselia|Calm Mind|p2a: Cresselia\n|-boost|p2a: Cresselia|spa|1\n|-boost|p2a: Cresselia|spd|1\n|move|p1a: Grimmsnarl|Spirit Break|p2a: Cresselia\n|-damage|p2a: Cresselia|130/323\n|-unboost|p2a: Cresselia|spa|1\n|\n|-heal|p2a: Cresselia|150/323|[from] item: Leftovers\n|upkeep\n|turn|16\n|inactive|Time left: 300 sec this turn | 300 sec total\n|\n|t:|1783562288\n|move|p2a: Cresselia|Moonlight|p2a: Cresselia\n|-heal|p2a: Cresselia|311/323\n|move|p1a: Grimmsnarl|Spirit Break|p2a: Cresselia\n|-damage|p2a: Cresselia|232/323\n|-unboost|p2a: Cresselia|spa|1\n|\n|-heal|p2a: Cresselia|252/323|[from] item: Leftovers\n|upkeep\n|turn|17\n|inactive|Time left: 300 sec this turn | 300 sec total\n|\n|t:|1783562289\n|move|p2a: Cresselia|Calm Mind|p2a: Cresselia\n|-boost|p2a: Cresselia|spa|1\n|-boost|p2a: Cresselia|spd|1\n|move|p1a: Grimmsnarl|Spirit Break|p2a: Cresselia\n|-damage|p2a: Cresselia|170/323\n|-unboost|p2a: Cresselia|spa|1\n|\n|-heal|p2a: Cresselia|190/323|[from] item: Leftovers\n|upkeep\n|turn|18\n|inactive|Time left: 300 sec this turn | 300 sec total\n|\n|t:|1783562290\n|move|p2a: Cresselia|Moonlight|p2a: Cresselia\n|-heal|p2a: Cresselia|323/323\n|move|p1a: Grimmsnarl|Spirit Break|p2a: Cresselia\n|-damage|p2a: Cresselia|241/323\n|-unboost|p2a: Cresselia|spa|1\n|\n|-heal|p2a: Cresselia|261/323|[from] item: Leftovers\n|upkeep\n|turn|19\n|inactive|Time left: 300 sec this turn | 300 sec total\n|\n|t:|1783562291\n|move|p2a: Cresselia|Calm Mind|p2a: Cresselia\n|-boost|p2a: Cresselia|spa|1\n|-boost|p2a: Cresselia|spd|0\n|move|p1a: Grimmsnarl|Spirit Break|p2a: Cresselia\n|-damage|p2a: Cresselia|185/323\n|-unboost|p2a: Cresselia|spa|1\n|\n|-heal|p2a: Cresselia|205/323|[from] item: Leftovers\n|upkeep\n|turn|20\n|inactive|Time left: 300 sec this turn | 300 sec total\n|\n|t:|1783562292\n|move|p2a: Cresselia|Moonlight|p2a: Cresselia\n|-heal|p2a: Cresselia|323/323\n|move|p1a: Grimmsnarl|Spirit Break|p2a: Cresselia\n|-damage|p2a: Cresselia|236/323\n|-unboost|p2a: Cresselia|spa|1\n|\n|-heal|p2a: Cresselia|256/323|[from] item: Leftovers\n|upkeep\n|turn|21\n|inactive|Time left: 300 sec this turn | 300 sec total\n|\n|t:|1783562293\n|move|p2a: Cresselia|Moonlight|p2a: Cresselia\n|-heal|p2a: Cresselia|323/323\n|move|p1a: Grimmsnarl|Spirit Break|p2a: Cresselia\n|-damage|p2a: Cresselia|247/323\n|-unboost|p2a: Cresselia|spa|1\n|\n|-heal|p2a: Cresselia|267/323|[from] item: Leftovers\n|upkeep\n|turn|22\n|inactive|Time left: 300 sec this turn | 300 sec total\n|\n|t:|1783562294\n|move|p2a: Cresselia|Moonlight|p2a: Cresselia\n|-heal|p2a: Cresselia|323/323\n|move|p1a: Grimmsnarl|Spirit Break|p2a: Cresselia\n|-damage|p2a: Cresselia|235/323\n|-unboost|p2a: Cresselia|spa|1\n|\n|-heal|p2a: Cresselia|255/323|[from] item: Leftovers\n|upkeep\n|turn|23\n|inactive|Time left: 300 sec this turn | 300 sec total\n|\n|t:|1783562295\n|move|p2a: Cresselia|Moonlight|p2a: Cresselia\n|-heal|p2a: Cresselia|323/323\n|move|p1a: Grimmsnarl|Spirit Break|p2a: Cresselia\n|-damage|p2a: Cresselia|245/323\n|-unboost|p2a: Cresselia|spa|1\n|\n|-heal|p2a: Cresselia|265/323|[from] item: Leftovers\n|upkeep\n|turn|24\n|inactive|Time left: 300 sec this turn | 300 sec total\n|\n|t:|1783562296\n|switch|p2a: Tropius|Tropius, L91, M|328/328\n|move|p1a: Grimmsnarl|Spirit Break|p2a: Tropius\n|-damage|p2a: Tropius|235/328\n|-unboost|p2a: Tropius|spa|1\n|\n|upkeep\n|turn|25\n|inactive|Time left: 300 sec this turn | 300 sec total\n|\n|t:|1783562297\n|move|p1a: Grimmsnarl|Spirit Break|p2a: Tropius\n|-damage|p2a: Tropius|148/328\n|-unboost|p2a: Tropius|spa|1\n|-enditem|p2a: Tropius|Sitrus Berry|[eat]\n|-heal|p2a: Tropius|230/328|[from] item: Sitrus Berry\n|move|p2a: Tropius|Leech Seed|p1a: Grimmsnarl\n|-start|p1a: Grimmsnarl|move: Leech Seed\n|\n|-damage|p1a: Grimmsnarl|88/100|[from] Leech Seed|[of] p2a: Tropius\n|-heal|p2a: Tropius|266/328|[silent]\n|upkeep\n|turn|26\n|inactive|Time left: 300 sec this turn | 300 sec total\n|\n|t:|1783562298\n|switch|p2a: Cresselia|Cresselia, L80, F|265/323\n|move|p1a: Grimmsnarl|Parting Shot|p2a: Cresselia\n|-unboost|p2a: Cresselia|atk|1\n|-unboost|p2a: Cresselia|spa|1\n|\n|t:|1783562299\n|switch|p1a: Glimmora|Glimmora, L75, M|100/100|[from] Parting Shot\n|\n|-heal|p2a: Cresselia|285/323|[from] item: Leftovers\n|upkeep\n|turn|27\n|inactive|Time left: 300 sec this turn | 300 sec total\n|\n|t:|1783562300\n|move|p2a: Cresselia|Calm Mind|p2a: Cresselia\n|-boost|p2a: Cresselia|spa|1\n|-boost|p2a: Cresselia|spd|1\n|move|p1a: Glimmora|Meteor Beam||[still]\n|-prepare|p1a: Glimmora|Meteor Beam\n|-boost|p1a: Glimmora|spa|1\n|-enditem|p1a: Glimmora|Power Herb\n|-anim|p1a: Glimmora|Meteor Beam|p2a: Cresselia\n|-damage|p2a: Cresselia|168/323\n|\n|-heal|p2a: Cresselia|188/323|[from] item: Leftovers\n|upkeep\n|turn|28\n|inactive|Time left: 300 sec this turn | 300 sec total\n|\n|t:|1783562301\n|move|p2a: Cresselia|Calm Mind|p2a: Cresselia\n|-boost|p2a: Cresselia|spa|1\n|-boost|p2a: Cresselia|spd|1\n|move|p1a: Glimmora|Meteor Beam||[still]\n|-prepare|p1a: Glimmora|Meteor Beam\n|-boost|p1a: Glimmora|spa|1\n|\n|-heal|p2a: Cresselia|208/323|[from] item: Leftovers\n|upkeep\n|turn|29\n|inactive|Time left: 300 sec this turn | 300 sec total\n|\n|t:|1783562302\n|move|p2a: Cresselia|Psyshock|p1a: Glimmora\n|-supereffective|p1a: Glimmora\n|-damage|p1a: Glimmora|8/100\n|move|p1a: Glimmora|Meteor Beam|p2a: Cresselia|[from] lockedmove\n|-damage|p2a: Cresselia|96/323\n|\n|-heal|p2a: Cresselia|116/323|[from] item: Leftovers\n|upkeep\n|turn|30\n|inactive|Time left: 300 sec this turn | 300 sec total\n|\n|t:|1783562303\n|switch|p1a: Grimmsnarl|Grimmsnarl, L83, M|88/100\n|move|p2a: Cresselia|Moonlight|p2a: Cresselia\n|-heal|p2a: Cresselia|277/323\n|\n|-heal|p2a: Cresselia|297/323|[from] item: Leftovers\n|-heal|p1a: Grimmsnarl|94/100|[from] item: Leftovers\n|upkeep\n|turn|31\n|inactive|Time left: 300 sec this turn | 300 sec total\n|\n|t:|1783562304\n|move|p2a: Cresselia|Calm Mind|p2a: Cresselia\n|-boost|p2a: Cresselia|spa|1\n|-boost|p2a: Cresselia|spd|1\n|move|p1a: Grimmsnarl|Spirit Break|p2a: Cresselia\n|-damage|p2a: Cresselia|221/323\n|-unboost|p2a: Cresselia|spa|1\n|\n|-heal|p2a: Cresselia|241/323|[from] item: Leftovers\n|-heal|p1a: Grimmsnarl|100/100|[from] item: Leftovers\n|upkeep\n|turn|32\n|inactive|Time left: 300 sec this turn | 300 sec total\n|\n|t:|1783562305\n|move|p2a: Cresselia|Calm Mind|p2a: Cresselia\n|-boost|p2a: Cresselia|spa|1\n|-boost|p2a: Cresselia|spd|1\n|move|p1a: Grimmsnarl|Spirit Break|p2a: Cresselia\n|-damage|p2a: Cresselia|154/323\n|-unboost|p2a: Cresselia|spa|1\n|\n|-heal|p2a: Cresselia|174/323|[from] item: Leftovers\n|upkeep\n|turn|33\n|inactive|Time left: 300 sec this turn | 300 sec total\n|\n|t:|1783562306\n|move|p2a: Cresselia|Calm Mind|p2a: Cresselia\n|-boost|p2a: Cresselia|spa|1\n|-boost|p2a: Cresselia|spd|1\n|move|p1a: Grimmsnarl|Spirit Break|p2a: Cresselia\n|-damage|p2a: Cresselia|87/323\n|-unboost|p2a: Cresselia|spa|1\n|\n|-heal|p2a: Cresselia|107/323|[from] item: Leftovers\n|upkeep\n|turn|34\n|inactive|Time left: 300 sec this turn | 300 sec total\n|\n|t:|1783562307\n|move|p2a: Cresselia|Calm Mind|p2a: Cresselia\n|-boost|p2a: Cresselia|spa|1\n|-boost|p2a: Cresselia|spd|1\n|move|p1a: Grimmsnarl|Spirit Break|p2a: Cresselia\n|-damage|p2a: Cresselia|20/323\n|-unboost|p2a: Cresselia|spa|1\n|\n|-heal|p2a: Cresselia|40/323|[from] item: Leftovers\n|upkeep\n|turn|35\n|inactive|Time left: 300 sec this turn | 300 sec total\n|\n|t:|1783562308\n|move|p2a: Cresselia|Thunderbolt|p1a: Grimmsnarl\n|-damage|p1a: Grimmsnarl|75/100\n|move|p1a: Grimmsnarl|Spirit Break|p2a: Cresselia\n|-damage|p2a: Cresselia|0 fnt\n|faint|p2a: Cresselia\n|\n|-heal|p1a: Grimmsnarl|81/100|[from] item: Leftovers\n|upkeep\n|inactive|Time left: 300 sec this turn | 300 sec total | 5 sec grace\n|\n|t:|1783562309\n|switch|p2a: Tropius|Tropius, L91, M|266/328\n|turn|36\n|inactive|Time left: 300 sec this turn | 300 sec total\n|\n|t:|1783562310\n|move|p1a: Grimmsnarl|Spirit Break|p2a: Tropius\n|-damage|p2a: Tropius|172/328\n|-unboost|p2a: Tropius|spa|1\n|move|p2a: Tropius|Leech Seed|p1a: Grimmsnarl\n|-start|p1a: Grimmsnarl|move: Leech Seed\n|\n|-heal|p1a: Grimmsnarl|87/100|[from] item: Leftovers\n|-damage|p1a: Grimmsnarl|75/100|[from] Leech Seed|[of] p2a: Tropius\n|-heal|p2a: Tropius|208/328|[silent]\n|upkeep\n|turn|37\n|inactive|Time left: 300 sec this turn | 300 sec total\n|\n|t:|1783562311\n|move|p2a: Tropius|Protect|p2a: Tropius\n|-singleturn|p2a: Tropius|Protect\n|move|p1a: Grimmsnarl|Spirit Break|p2a: Tropius\n|-activate|p2a: Tropius|move: Protect\n|\n|-heal|p1a: Grimmsnarl|81/100|[from] item: Leftovers\n|-damage|p1a: Grimmsnarl|68/100|[from] Leech Seed|[of] p2a: Tropius\n|-heal|p2a: Tropius|244/328|[silent]\n|-item|p2a: Tropius|Sitrus Berry|[from] ability: Harvest\n|upkeep\n|turn|38\n|inactive|Time left: 300 sec this turn | 300 sec total\n|\n|t:|1783562312\n|move|p1a: Grimmsnarl|Parting Shot|p2a: Tropius\n|-unboost|p2a: Tropius|atk|1\n|-unboost|p2a: Tropius|spa|1\n|\n|t:|1783562313\n|switch|p1a: Gallade|Gallade, L80, M|5/100|[from] Parting Shot\n|move|p2a: Tropius|Leech Seed|p1a: Gallade\n|-start|p1a: Gallade|move: Leech Seed\n|\n|-damage|p1a: Gallade|0 fnt|[from] Leech Seed|[of] p2a: Tropius\n|-heal|p2a: Tropius|255/328|[silent]\n|faint|p1a: Gallade\n|upkeep\n|\n|t:|1783562314\n|switch|p1a: Grimmsnarl|Grimmsnarl, L83, M|68/100\n|turn|39\n|inactive|Time left: 300 sec this turn | 300 sec total\n|\n|t:|1783562315\n|switch|p2a: Chansey|Chansey, L85, F|564/564\n|move|p1a: Grimmsnarl|Spirit Break|p2a: Chansey\n|-damage|p2a: Chansey|348/564\n|-unboost|p2a: Chansey|spa|1\n|\n|-heal|p1a: Grimmsnarl|75/100|[from] item: Leftovers\n|upkeep\n|turn|40\n|inactive|Time left: 300 sec this turn | 300 sec total\n|\n|t:|1783562316\n|move|p1a: Grimmsnarl|Spirit Break|p2a: Chansey\n|-damage|p2a: Chansey|120/564\n|-unboost|p2a: Chansey|spa|1\n|move|p2a: Chansey|Soft-Boiled|p2a: Chansey\n|-heal|p2a: Chansey|402/564\n|\n|-heal|p1a: Grimmsnarl|81/100|[from] item: Leftovers\n|upkeep\n|turn|41\n|inactive|Time left: 300 sec this turn | 300 sec total\n|\n|t:|1783562316\n|switch|p2a: Tropius|Tropius, L91, M|255/328\n|move|p1a: Grimmsnarl|Thunder Wave|p2a: Tropius\n|-status|p2a: Tropius|par\n|\n|-heal|p1a: Grimmsnarl|87/100|[from] item: Leftovers\n|upkeep\n|turn|42\n|inactive|Time left: 300 sec this turn | 300 sec total\n|\n|t:|1783562317\n|move|p1a: Grimmsnarl|Parting Shot|p2a: Tropius\n|-unboost|p2a: Tropius|atk|1\n|-unboost|p2a: Tropius|spa|1\n|\n|t:|1783562318\n|switch|p1a: Glimmora|Glimmora, L75, M|8/100|[from] Parting Shot\n|cant|p2a: Tropius|par\n|\n|upkeep\n|turn|43\n|inactive|Time left: 300 sec this turn | 300 sec total\n|\n|t:|1783562319\n|switch|p2a: Chansey|Chansey, L85, F|402/564\n|move|p1a: Glimmora|Meteor Beam||[still]\n|-prepare|p1a: Glimmora|Meteor Beam\n|-boost|p1a: Glimmora|spa|1\n|\n|upkeep\n|turn|44\n|inactive|Time left: 300 sec this turn | 300 sec total\n|\n|t:|1783562320\n|move|p1a: Glimmora|Meteor Beam|p2a: Chansey|[from] lockedmove\n|-damage|p2a: Chansey|291/564\n|move|p2a: Chansey|Soft-Boiled|p2a: Chansey\n|-heal|p2a: Chansey|564/564\n|\n|upkeep\n|turn|45\n|inactive|Time left: 300 sec this turn | 300 sec total\n|\n|t:|1783562321\n|move|p1a: Glimmora|Meteor Beam||[still]\n|-prepare|p1a: Glimmora|Meteor Beam\n|-boost|p1a: Glimmora|spa|1\n|move|p2a: Chansey|Seismic Toss|p1a: Glimmora\n|-damage|p1a: Glimmora|0 fnt\n|-activate|p1a: Glimmora|ability: Toxic Debris\n|-sidestart|p2: p0y198987d3|move: Toxic Spikes\n|faint|p1a: Glimmora\n|\n|upkeep\n|\n|t:|1783562322\n|switch|p1a: Grimmsnarl|Grimmsnarl, L83, M|87/100\n|turn|46\n|inactive|Time left: 300 sec this turn | 300 sec total\n|\n|t:|1783562323\n|move|p1a: Grimmsnarl|Parting Shot|p2a: Chansey\n|-unboost|p2a: Chansey|atk|1\n|-unboost|p2a: Chansey|spa|1\n|\n|t:|1783562324\n|switch|p1a: Kilowattrel|Kilowattrel, L83, F|100/100|[from] Parting Shot\n|move|p2a: Chansey|Heal Bell|p2a: Chansey\n|-activate|p2a: Chansey|move: Heal Bell\n|-curestatus|p2: Tropius|par|[msg]\n|\n|upkeep\n|turn|47\n|inactive|Time left: 300 sec this turn | 300 sec total\n|\n|t:|1783562325\n|switch|p2a: Tropius|Tropius, L91, M|255/328\n|move|p1a: Kilowattrel|U-turn|p2a: Tropius\n|-damage|p2a: Tropius|219/328\n|\n|t:|1783562325\n|switch|p1a: Grimmsnarl|Grimmsnarl, L83, M|87/100|[from] U-turn\n|\n|-heal|p1a: Grimmsnarl|93/100|[from] item: Leftovers\n|upkeep\n|turn|48\n|inactive|Time left: 300 sec this turn | 300 sec total\n|\n|t:|1783562326\n|move|p1a: Grimmsnarl|Parting Shot|p2a: Tropius\n|-unboost|p2a: Tropius|atk|1\n|-unboost|p2a: Tropius|spa|1\n|\n|t:|1783562327\n|switch|p1a: Kilowattrel|Kilowattrel, L83, F|100/100|[from] Parting Shot\n|move|p2a: Tropius|Leech Seed|p1a: Kilowattrel\n|-start|p1a: Kilowattrel|move: Leech Seed\n|\n|-damage|p1a: Kilowattrel|88/100|[from] Leech Seed|[of] p2a: Tropius\n|-heal|p2a: Tropius|250/328|[silent]\n|upkeep\n|turn|49\n|inactive|Time left: 300 sec this turn | 300 sec total\n|\n|t:|1783562328\n|switch|p1a: Grimmsnarl|Grimmsnarl, L83, M|93/100\n|switch|p2a: Chansey|Chansey, L85, F|564/564\n|-status|p2a: Chansey|psn\n|\n|-heal|p1a: Grimmsnarl|99/100|[from] item: Leftovers\n|-damage|p2a: Chansey|494/564 psn|[from] psn\n|upkeep\n|turn|50\n|inactive|Time left: 300 sec this turn | 300 sec total\n|\n|t:|1783562329\n|move|p1a: Grimmsnarl|Parting Shot|p2a: Chansey\n|-unboost|p2a: Chansey|atk|1\n|-unboost|p2a: Chansey|spa|1\n|\n|t:|1783562330\n|switch|p1a: Kilowattrel|Kilowattrel, L83, F|88/100|[from] Parting Shot\n|move|p2a: Chansey|Heal Bell|p2a: Chansey\n|-activate|p2a: Chansey|move: Heal Bell\n|-curestatus|p2a: Chansey|psn|[msg]\n|\n|upkeep\n|turn|51\n|inactive|Time left: 300 sec this turn | 300 sec total\n|\n|t:|1783562331\n|switch|p2a: Tropius|Tropius, L91, M|250/328\n|move|p1a: Kilowattrel|Hurricane|p2a: Tropius\n|-supereffective|p2a: Tropius\n|-crit|p2a: Tropius\n|-damage|p2a: Tropius|0 fnt\n|faint|p2a: Tropius\n|\n|upkeep\n|inactive|Time left: 300 sec this turn | 300 sec total | 5 sec grace\n|\n|t:|1783562332\n|switch|p2a: Chansey|Chansey, L85, F|494/564\n|-status|p2a: Chansey|psn\n|turn|52\n|inactive|Time left: 300 sec this turn | 300 sec total\n|\n|t:|1783562333\n|move|p1a: Kilowattrel|U-turn|p2a: Chansey\n|-damage|p2a: Chansey|405/564 psn\n|\n|t:|1783562334\n|switch|p1a: Grimmsnarl|Grimmsnarl, L83, M|99/100|[from] U-turn\n|move|p2a: Chansey|Seismic Toss|p1a: Grimmsnarl\n|-damage|p1a: Grimmsnarl|70/100\n|\n|-heal|p1a: Grimmsnarl|76/100|[from] item: Leftovers\n|-damage|p2a: Chansey|335/564 psn|[from] psn\n|upkeep\n|turn|53\n|inactive|Time left: 300 sec this turn | 300 sec total\n|\n|t:|1783562335\n|move|p1a: Grimmsnarl|Parting Shot|p2a: Chansey\n|-unboost|p2a: Chansey|atk|1\n|-unboost|p2a: Chansey|spa|1\n|\n|t:|1783562335\n|switch|p1a: Kilowattrel|Kilowattrel, L83, F|88/100|[from] Parting Shot\n|move|p2a: Chansey|Soft-Boiled|p2a: Chansey\n|-heal|p2a: Chansey|564/564 psn\n|\n|-damage|p2a: Chansey|494/564 psn|[from] psn\n|upkeep\n|turn|54\n|inactive|Time left: 300 sec this turn | 300 sec total\n|\n|t:|1783562336\n|move|p1a: Kilowattrel|U-turn|p2a: Chansey\n|-damage|p2a: Chansey|401/564 psn\n|\n|t:|1783562337\n|switch|p1a: Grimmsnarl|Grimmsnarl, L83, M|76/100|[from] U-turn\n|move|p2a: Chansey|Heal Bell|p2a: Chansey\n|-activate|p2a: Chansey|move: Heal Bell\n|-curestatus|p2a: Chansey|psn|[msg]\n|\n|-heal|p1a: Grimmsnarl|82/100|[from] item: Leftovers\n|upkeep\n|turn|55\n|inactive|Time left: 300 sec this turn | 300 sec total\n|\n|t:|1783562338\n|move|p1a: Grimmsnarl|Parting Shot|p2a: Chansey\n|-unboost|p2a: Chansey|atk|1\n|-unboost|p2a: Chansey|spa|1\n|\n|t:|1783562339\n|switch|p1a: Kilowattrel|Kilowattrel, L83, F|88/100|[from] Parting Shot\n|move|p2a: Chansey|Seismic Toss|p1a: Kilowattrel\n|-damage|p1a: Kilowattrel|54/100\n|\n|upkeep\n|turn|56\n|inactive|Time left: 300 sec this turn | 300 sec total\n|\n|t:|1783562340\n|move|p1a: Kilowattrel|Roost|p1a: Kilowattrel\n|-heal|p1a: Kilowattrel|100/100\n|-singleturn|p1a: Kilowattrel|move: Roost\n|move|p2a: Chansey|Soft-Boiled|p2a: Chansey\n|-heal|p2a: Chansey|564/564\n|\n|upkeep\n|turn|57\n|inactive|Time left: 300 sec this turn | 300 sec total\n|\n|t:|1783562341\n|move|p1a: Kilowattrel|U-turn|p2a: Chansey\n|-damage|p2a: Chansey|483/564\n|\n|t:|1783562342\n|switch|p1a: Grimmsnarl|Grimmsnarl, L83, M|82/100|[from] U-turn\n|move|p2a: Chansey|Seismic Toss|p1a: Grimmsnarl\n|-damage|p1a: Grimmsnarl|53/100\n|\n|-heal|p1a: Grimmsnarl|60/100|[from] item: Leftovers\n|upkeep\n|turn|58\n|inactive|Time left: 300 sec this turn | 300 sec total\n|\n|t:|1783562343\n|move|p1a: Grimmsnarl|Parting Shot|p2a: Chansey\n|-unboost|p2a: Chansey|atk|1\n|-unboost|p2a: Chansey|spa|1\n|\n|t:|1783562343\n|switch|p1a: Kilowattrel|Kilowattrel, L83, F|100/100|[from] Parting Shot\n|move|p2a: Chansey|Seismic Toss|p1a: Kilowattrel\n|-damage|p1a: Kilowattrel|67/100\n|\n|upkeep\n|turn|59\n|inactive|Time left: 300 sec this turn | 300 sec total\n|\n|t:|1783562344\n|move|p1a: Kilowattrel|U-turn|p2a: Chansey\n|-damage|p2a: Chansey|390/564\n|\n|t:|1783562345\n|switch|p1a: Grimmsnarl|Grimmsnarl, L83, M|60/100|[from] U-turn\n|move|p2a: Chansey|Seismic Toss|p1a: Grimmsnarl\n|-damage|p1a: Grimmsnarl|31/100\n|\n|-heal|p1a: Grimmsnarl|37/100|[from] item: Leftovers\n|upkeep\n|turn|60\n|inactive|Time left: 300 sec this turn | 300 sec total\n|\n|t:|1783562347\n|move|p1a: Grimmsnarl|Thunder Wave|p2a: Chansey\n|-status|p2a: Chansey|par\n|cant|p2a: Chansey|par\n|\n|-heal|p1a: Grimmsnarl|43/100|[from] item: Leftovers\n|upkeep\n|turn|61\n|inactive|Time left: 300 sec this turn | 300 sec total\n|\n|t:|1783562347\n|move|p1a: Grimmsnarl|Parting Shot|p2a: Chansey\n|-unboost|p2a: Chansey|atk|1\n|-unboost|p2a: Chansey|spa|1\n|\n|t:|1783562348\n|switch|p1a: Kilowattrel|Kilowattrel, L83, F|67/100|[from] Parting Shot\n|move|p2a: Chansey|Soft-Boiled|p2a: Chansey\n|-heal|p2a: Chansey|564/564 par\n|\n|upkeep\n|turn|62\n|inactive|Time left: 300 sec this turn | 300 sec total\n|\n|t:|1783562349\n|move|p1a: Kilowattrel|Roost|p1a: Kilowattrel\n|-heal|p1a: Kilowattrel|100/100\n|-singleturn|p1a: Kilowattrel|move: Roost\n|move|p2a: Chansey|Seismic Toss|p1a: Kilowattrel\n|-damage|p1a: Kilowattrel|67/100\n|\n|upkeep\n|turn|63\n|inactive|Time left: 300 sec this turn | 300 sec total\n|\n|t:|1783562350\n|move|p1a: Kilowattrel|Roost|p1a: Kilowattrel\n|-heal|p1a: Kilowattrel|100/100\n|-singleturn|p1a: Kilowattrel|move: Roost\n|cant|p2a: Chansey|par\n|\n|upkeep\n|turn|64\n|inactive|Time left: 300 sec this turn | 300 sec total\n|\n|t:|1783562351\n|move|p1a: Kilowattrel|U-turn|p2a: Chansey\n|-damage|p2a: Chansey|475/564 par\n|\n|t:|1783562352\n|switch|p1a: Grimmsnarl|Grimmsnarl, L83, M|43/100|[from] U-turn\n|move|p2a: Chansey|Seismic Toss|p1a: Grimmsnarl\n|-damage|p1a: Grimmsnarl|14/100\n|\n|-heal|p1a: Grimmsnarl|20/100|[from] item: Leftovers\n|upkeep\n|turn|65\n|inactive|Time left: 300 sec this turn | 300 sec total\n|\n|t:|1783562353\n|move|p1a: Grimmsnarl|Parting Shot|p2a: Chansey\n|-unboost|p2a: Chansey|atk|1\n|-unboost|p2a: Chansey|spa|1\n|\n|t:|1783562354\n|switch|p1a: Kilowattrel|Kilowattrel, L83, F|100/100|[from] Parting Shot\n|cant|p2a: Chansey|par\n|\n|upkeep\n|turn|66\n|inactive|Time left: 300 sec this turn | 300 sec total\n|\n|t:|1783562355\n|move|p1a: Kilowattrel|Hurricane|p2a: Chansey\n|-damage|p2a: Chansey|402/564 par\n|move|p2a: Chansey|Seismic Toss|p1a: Kilowattrel\n|-damage|p1a: Kilowattrel|67/100\n|\n|upkeep\n|turn|67\n|inactive|Time left: 300 sec this turn | 300 sec total\n|\n|t:|1783562356\n|move|p1a: Kilowattrel|Roost|p1a: Kilowattrel\n|-heal|p1a: Kilowattrel|100/100\n|-singleturn|p1a: Kilowattrel|move: Roost\n|move|p2a: Chansey|Seismic Toss|p1a: Kilowattrel\n|-damage|p1a: Kilowattrel|67/100\n|\n|upkeep\n|turn|68\n|inactive|Time left: 300 sec this turn | 300 sec total\n|\n|t:|1783562357\n|move|p1a: Kilowattrel|Roost|p1a: Kilowattrel\n|-heal|p1a: Kilowattrel|100/100\n|-singleturn|p1a: Kilowattrel|move: Roost\n|cant|p2a: Chansey|par\n|\n|upkeep\n|turn|69\n|inactive|Time left: 300 sec this turn | 300 sec total\n|\n|t:|1783562358\n|move|p1a: Kilowattrel|Hurricane|p2a: Chansey|[miss]\n|-miss|p1a: Kilowattrel|p2a: Chansey\n|cant|p2a: Chansey|par\n|\n|upkeep\n|turn|70\n|inactive|Time left: 300 sec this turn | 300 sec total\n|\n|t:|1783562359\n|move|p1a: Kilowattrel|Hurricane|p2a: Chansey\n|-damage|p2a: Chansey|335/564 par\n|cant|p2a: Chansey|par\n|\n|upkeep\n|turn|71\n|inactive|Time left: 300 sec this turn | 300 sec total\n|\n|t:|1783562360\n|move|p1a: Kilowattrel|Hurricane|p2a: Chansey\n|-damage|p2a: Chansey|259/564 par\n|move|p2a: Chansey|Seismic Toss|p1a: Kilowattrel\n|-damage|p1a: Kilowattrel|67/100\n|\n|upkeep\n|turn|72\n|inactive|Time left: 300 sec this turn | 300 sec total\n|\n|t:|1783562361\n|move|p1a: Kilowattrel|Roost|p1a: Kilowattrel\n|-heal|p1a: Kilowattrel|100/100\n|-singleturn|p1a: Kilowattrel|move: Roost\n|move|p2a: Chansey|Soft-Boiled|p2a: Chansey\n|-heal|p2a: Chansey|541/564 par\n|\n|upkeep\n|turn|73\n|inactive|Time left: 300 sec this turn | 300 sec total\n|\n|t:|1783562362\n|move|p1a: Kilowattrel|Hurricane|p2a: Chansey\n|-damage|p2a: Chansey|469/564 par\n|move|p2a: Chansey|Seismic Toss|p1a: Kilowattrel\n|-damage|p1a: Kilowattrel|67/100\n|\n|upkeep\n|turn|74\n|inactive|Time left: 300 sec this turn | 300 sec total\n|\n|t:|1783562364\n|move|p1a: Kilowattrel|Roost|p1a: Kilowattrel\n|-heal|p1a: Kilowattrel|100/100\n|-singleturn|p1a: Kilowattrel|move: Roost\n|move|p2a: Chansey|Seismic Toss|p1a: Kilowattrel\n|-damage|p1a: Kilowattrel|67/100\n|\n|upkeep\n|turn|75\n|inactive|Time left: 300 sec this turn | 300 sec total\n|\n|t:|1783562365\n|move|p1a: Kilowattrel|Roost|p1a: Kilowattrel\n|-heal|p1a: Kilowattrel|100/100\n|-singleturn|p1a: Kilowattrel|move: Roost\n|move|p2a: Chansey|Seismic Toss|p1a: Kilowattrel\n|-damage|p1a: Kilowattrel|67/100\n|\n|upkeep\n|turn|76\n|inactive|Time left: 300 sec this turn | 300 sec total\n|\n|t:|1783562365\n|move|p1a: Kilowattrel|Hurricane|p2a: Chansey|[miss]\n|-miss|p1a: Kilowattrel|p2a: Chansey\n|move|p2a: Chansey|Seismic Toss|p1a: Kilowattrel\n|-damage|p1a: Kilowattrel|33/100\n|\n|upkeep\n|turn|77\n|inactive|Time left: 300 sec this turn | 300 sec total\n|\n|t:|1783562366\n|move|p1a: Kilowattrel|Hurricane|p2a: Chansey|[miss]\n|-miss|p1a: Kilowattrel|p2a: Chansey\n|move|p2a: Chansey|Seismic Toss|p1a: Kilowattrel\n|-damage|p1a: Kilowattrel|0 fnt\n|faint|p1a: Kilowattrel\n|\n|upkeep\n|\n|t:|1783562367\n|switch|p1a: Grimmsnarl|Grimmsnarl, L83, M|20/100\n|turn|78\n|inactive|Time left: 300 sec this turn | 300 sec total\n|\n|t:|1783562368\n|-terastallize|p2a: Chansey|Poison\n|move|p1a: Grimmsnarl|Sucker Punch|p2a: Chansey\n|-damage|p2a: Chansey|286/564 par\n|move|p2a: Chansey|Seismic Toss|p1a: Grimmsnarl\n|-damage|p1a: Grimmsnarl|0 fnt\n|faint|p1a: Grimmsnarl\n|\n|win|p0y198987d3", "uploadtime": 1783562368, "views": 0, "rating": 0, "private": 0, "password": null, "_winner": "p0y198987d3", "_our_name": "p0y198987d3"}