{"id": "battle-gen9randombattle-2474", "formatid": "gen9randombattle", "format": "[Gen 9] Random Battle", "players": ["p0x24743b61", "p0y2474fa3d"], "log": "|init|battle\n|title|p0x24743b61 vs. p0y2474fa3d\n|j|\u2606p0x24743b61\n|j|\u2606p0y2474fa3d\n|t:|1783567717\n|gametype|singles\n|player|p1|p0x24743b61|265|\n|player|p2|p0y2474fa3d|265|\n|gen|9\n|tier|[Gen 9] Random Battle\n|rule|Species Clause: Limit one of each Pok\u00e9mon\n|rule|HP Percentage Mod: HP is shown in percentages\n|rule|Sleep Clause Mod: Limit one foe put to sleep\n|rule|Illusion Level Mod: Illusion disguises the Pok\u00e9mon's true level\n|\n|t:|1783567717\n|teamsize|p1|6\n|teamsize|p2|6\n|start\n|switch|p1a: Pikachu|Pikachu-Alola, L93, F|216/216\n|switch|p2a: Uxie|Uxie, L83|100/100\n|turn|1\n|inactive|Battle timer is ON: inactive players will automatically lose when time's up. (requested by p0y2474fa3d)\n|inactive|Time left: 300 sec this turn | 300 sec total | 60 sec grace\n|inactive|p0x24743b61 also wants the timer to be on.\n|\n|t:|1783567719\n|move|p1a: Pikachu|Knock Off|p2a: Uxie\n|-supereffective|p2a: Uxie\n|-damage|p2a: Uxie|34/100\n|-enditem|p2a: Uxie|Leftovers|[from] move: Knock Off|[of] p1a: Pikachu\n|move|p2a: Uxie|Stealth Rock|p1a: Pikachu\n|-sidestart|p1: p0x24743b61|move: Stealth Rock\n|\n|upkeep\n|turn|2\n|inactive|Time left: 300 sec this turn | 300 sec total\n|\n|t:|1783567721\n|switch|p2a: Tyranitar|Tyranitar, L78, F|100/100\n|-weather|Sandstorm|[from] ability: Sand Stream|[of] p2a: Tyranitar\n|move|p1a: Pikachu|Volt Tackle|p2a: Tyranitar\n|-damage|p2a: Tyranitar|30/100\n|-damage|p1a: Pikachu|150/216|[from] Recoil\n|\n|-weather|Sandstorm|[upkeep]\n|-damage|p1a: Pikachu|137/216|[from] Sandstorm\n|upkeep\n|turn|3\n|inactive|Time left: 300 sec this turn | 300 sec total\n|\n|t:|1783567722\n|move|p1a: Pikachu|Volt Tackle|p2a: Tyranitar\n|-damage|p2a: Tyranitar|0 fnt\n|faint|p2a: Tyranitar\n|-damage|p1a: Pikachu|109/216|[from] Recoil\n|\n|-weather|Sandstorm|[upkeep]\n|-damage|p1a: Pikachu|96/216|[from] Sandstorm\n|upkeep\n|\n|t:|1783567723\n|switch|p2a: Typhlosion|Typhlosion-Hisui, L83, M|100/100\n|turn|4\n|inactive|Time left: 300 sec this turn | 300 sec total\n|\n|t:|1783567724\n|move|p2a: Typhlosion|Eruption|p1a: Pikachu\n|-damage|p1a: Pikachu|0 fnt\n|faint|p1a: Pikachu\n|\n|-weather|Sandstorm|[upkeep]\n|-damage|p2a: Typhlosion|94/100|[from] Sandstorm\n|upkeep\n|inactive|Time left: 300 sec this turn | 300 sec total | 5 sec grace\n|\n|t:|1783567725\n|switch|p1a: Regidrago|Regidrago, L77|435/435\n|-damage|p1a: Regidrago|381/435|[from] Stealth Rock\n|turn|5\n|inactive|Time left: 300 sec this turn | 300 sec total\n|\n|t:|1783567726\n|move|p2a: Typhlosion|Eruption|p1a: Regidrago\n|-resisted|p1a: Regidrago\n|-damage|p1a: Regidrago|239/435\n|move|p1a: Regidrago|Outrage|p2a: Typhlosion\n|-damage|p2a: Typhlosion|26/100\n|\n|-weather|Sandstorm|[upkeep]\n|-damage|p2a: Typhlosion|20/100|[from] Sandstorm\n|-damage|p1a: Regidrago|212/435|[from] Sandstorm\n|upkeep\n|turn|6\n|inactive|Time left: 300 sec this turn | 300 sec total\n|\n|t:|1783567727\n|move|p2a: Typhlosion|Eruption|p1a: Regidrago\n|-resisted|p1a: Regidrago\n|-damage|p1a: Regidrago|170/435\n|move|p1a: Regidrago|Outrage|p2a: Typhlosion|[from] lockedmove\n|-damage|p2a: Typhlosion|0 fnt\n|faint|p2a: Typhlosion\n|-start|p1a: Regidrago|confusion|[fatigue]\n|-enditem|p1a: Regidrago|Lum Berry|[eat]\n|-end|p1a: Regidrago|confusion\n|\n|-weather|none\n|upkeep\n|\n|t:|1783567728\n|switch|p2a: Smeargle|Smeargle, L95, M|100/100\n|turn|7\n|inactive|Time left: 300 sec this turn | 300 sec total\n|\n|t:|1783567729\n|move|p2a: Smeargle|Population Bomb|p1a: Regidrago|[miss]\n|-miss|p2a: Smeargle|p1a: Regidrago\n|move|p1a: Regidrago|Outrage|p2a: Smeargle\n|-damage|p2a: Smeargle|5/100\n|\n|upkeep\n|turn|8\n|inactive|Time left: 300 sec this turn | 300 sec total\n|\n|t:|1783567731\n|move|p2a: Smeargle|Population Bomb|p1a: Regidrago\n|-damage|p1a: Regidrago|143/435\n|-damage|p1a: Regidrago|116/435\n|-damage|p1a: Regidrago|88/435\n|-damage|p1a: Regidrago|63/435\n|-damage|p1a: Regidrago|38/435\n|-damage|p1a: Regidrago|11/435\n|-damage|p1a: Regidrago|0 fnt\n|faint|p1a: Regidrago\n|-hitcount|p1: Regidrago|7\n|\n|upkeep\n|inactive|Time left: 300 sec this turn | 300 sec total | 5 sec grace\n|\n|t:|1783567732\n|switch|p1a: Indeedee|Indeedee-F, L90, F|272/272\n|-damage|p1a: Indeedee|238/272|[from] Stealth Rock\n|-fieldstart|move: Psychic Terrain|[from] ability: Psychic Surge|[of] p1a: Indeedee\n|turn|9\n|inactive|Time left: 300 sec this turn | 300 sec total\n|\n|t:|1783567733\n|move|p1a: Indeedee|Psychic|p2a: Smeargle\n|-damage|p2a: Smeargle|0 fnt\n|faint|p2a: Smeargle\n|\n|upkeep\n|\n|t:|1783567734\n|switch|p2a: Regice|Regice, L88|100/100\n|turn|10\n|inactive|Time left: 300 sec this turn | 300 sec total\n|\n|t:|1783567735\n|move|p1a: Indeedee|Psychic|p2a: Regice\n|-damage|p2a: Regice|77/100\n|move|p2a: Regice|Ice Beam|p1a: Indeedee\n|-damage|p1a: Indeedee|154/272\n|\n|upkeep\n|turn|11\n|inactive|Time left: 300 sec this turn | 300 sec total\n|\n|t:|1783567736\n|move|p1a: Indeedee|Psychic|p2a: Regice\n|-damage|p2a: Regice|54/100\n|move|p2a: Regice|Ice Beam|p1a: Indeedee\n|-damage|p1a: Indeedee|70/272\n|\n|upkeep\n|turn|12\n|inactive|Time left: 300 sec this turn | 300 sec total\n|\n|t:|1783567737\n|move|p1a: Indeedee|Psychic|p2a: Regice\n|-damage|p2a: Regice|30/100\n|move|p2a: Regice|Ice Beam|p1a: Indeedee\n|-damage|p1a: Indeedee|0 fnt\n|faint|p1a: Indeedee\n|\n|upkeep\n|inactive|Time left: 300 sec this turn | 300 sec total | 5 sec grace\n|\n|t:|1783567738\n|switch|p1a: Azumarill|Azumarill, L82, M|298/298\n|-damage|p1a: Azumarill|261/298|[from] Stealth Rock\n|turn|13\n|inactive|Time left: 300 sec this turn | 300 sec total\n|\n|t:|1783567739\n|-terastallize|p2a: Regice|Electric\n|move|p2a: Regice|Thunderbolt|p1a: Azumarill\n|-supereffective|p1a: Azumarill\n|-damage|p1a: Azumarill|21/298\n|-enditem|p1a: Azumarill|Sitrus Berry|[eat]\n|-heal|p1a: Azumarill|95/298|[from] item: Sitrus Berry\n|move|p1a: Azumarill|Play Rough|p2a: Regice\n|-damage|p2a: Regice|0 fnt\n|faint|p2a: Regice\n|\n|-fieldend|move: Psychic Terrain\n|upkeep\n|\n|t:|1783567740\n|switch|p2a: Charizard|Charizard, L85, M|100/100\n|turn|14\n|inactive|Time left: 300 sec this turn | 300 sec total\n|\n|t:|1783567741\n|-terastallize|p1a: Azumarill|Water\n|move|p2a: Charizard|Hurricane|p1a: Azumarill\n|-damage|p1a: Azumarill|0 fnt\n|faint|p1a: Azumarill\n|\n|upkeep\n|inactive|Time left: 300 sec this turn | 300 sec total | 5 sec grace\n|\n|t:|1783567742\n|switch|p1a: Suicune|Suicune, L82|298/298\n|-damage|p1a: Suicune|261/298|[from] Stealth Rock\n|-ability|p1a: Suicune|Pressure\n|turn|15\n|inactive|Time left: 300 sec this turn | 300 sec total\n|\n|t:|1783567743\n|move|p2a: Charizard|Hurricane|p1a: Suicune\n|-damage|p1a: Suicune|147/298\n|-start|p1a: Suicune|confusion\n|-activate|p1a: Suicune|confusion\n|move|p1a: Suicune|Scald|p2a: Charizard\n|-supereffective|p2a: Charizard\n|-damage|p2a: Charizard|47/100\n|\n|-heal|p1a: Suicune|165/298|[from] item: Leftovers\n|upkeep\n|turn|16\n|inactive|Time left: 300 sec this turn | 300 sec total\n|\n|t:|1783567744\n|move|p2a: Charizard|Hurricane|p1a: Suicune|[miss]\n|-miss|p2a: Charizard|p1a: Suicune\n|-activate|p1a: Suicune|confusion\n|move|p1a: Suicune|Scald|p2a: Charizard\n|-supereffective|p2a: Charizard\n|-damage|p2a: Charizard|0 fnt\n|faint|p2a: Charizard\n|\n|-heal|p1a: Suicune|183/298|[from] item: Leftovers\n|upkeep\n|\n|t:|1783567745\n|switch|p2a: Uxie|Uxie, L83|34/100\n|turn|17\n|inactive|Time left: 300 sec this turn | 300 sec total\n|\n|t:|1783567745\n|switch|p1a: Scyther|Scyther, L82, M|249/249\n|move|p2a: Uxie|Yawn|p1a: Scyther\n|-start|p1a: Scyther|move: Yawn|[of] p2a: Uxie\n|\n|upkeep\n|turn|18\n|inactive|Time left: 300 sec this turn | 300 sec total\n|\n|t:|1783567746\n|move|p1a: Scyther|U-turn|p2a: Uxie\n|-supereffective|p2a: Uxie\n|-damage|p2a: Uxie|0 fnt\n|faint|p2a: Uxie\n|\n|win|p0x24743b61", "uploadtime": 1783567746, "views": 0, "rating": 0, "private": 0, "password": null, "_winner": "p0x24743b61", "_our_name": "p0x24743b61"}