{"id": "battle-gen9randombattle-2554", "formatid": "gen9randombattle", "format": "[Gen 9] Random Battle", "players": ["p0x2554dce3", "p0y25544424"], "log": "|init|battle\n|title|p0x2554dce3 vs. p0y25544424\n|j|\u2606p0x2554dce3\n|j|\u2606p0y25544424\n|t:|1783569540\n|gametype|singles\n|player|p1|p0x2554dce3|1|\n|player|p2|p0y25544424|170|\n|gen|9\n|tier|[Gen 9] Random Battle\n|rule|Species Clause: Limit one of each Pok\u00e9mon\n|rule|HP Percentage Mod: HP is shown in percentages\n|rule|Sleep Clause Mod: Limit one foe put to sleep\n|rule|Illusion Level Mod: Illusion disguises the Pok\u00e9mon's true level\n|\n|t:|1783569540\n|teamsize|p1|6\n|teamsize|p2|6\n|start\n|switch|p1a: Ditto|Ditto, L87|225/225\n|switch|p2a: Mienshao|Mienshao, L83, M|100/100\n|-transform|p1a: Ditto|p2a: Mienshao|[from] ability: Imposter\n|turn|1\n|inactive|Battle timer is ON: inactive players will automatically lose when time's up. (requested by p0y25544424)\n|inactive|Time left: 300 sec this turn | 300 sec total | 60 sec grace\n|inactive|p0x2554dce3 also wants the timer to be on.\n|\n|t:|1783569541\n|switch|p1a: Dachsbun|Dachsbun, L92, F|254/254\n|move|p2a: Mienshao|Close Combat|p1a: Dachsbun\n|-resisted|p1a: Dachsbun\n|-damage|p1a: Dachsbun|183/254\n|-unboost|p2a: Mienshao|def|1\n|-unboost|p2a: Mienshao|spd|1\n|-damage|p2a: Mienshao|91/100|[from] item: Life Orb\n|\n|-heal|p1a: Dachsbun|198/254|[from] item: Leftovers\n|upkeep\n|turn|2\n|inactive|Time left: 300 sec this turn | 300 sec total\n|\n|t:|1783569543\n|switch|p2a: Duraludon|Duraludon, L82, F|100/100\n|move|p1a: Dachsbun|Play Rough|p2a: Duraludon\n|-damage|p2a: Duraludon|80/100\n|\n|-heal|p1a: Dachsbun|213/254|[from] item: Leftovers\n|upkeep\n|turn|3\n|inactive|Time left: 300 sec this turn | 300 sec total\n|\n|t:|1783569544\n|move|p1a: Dachsbun|Play Rough|p2a: Duraludon\n|-damage|p2a: Duraludon|59/100\n|move|p2a: Duraludon|Stealth Rock|p1a: Dachsbun\n|-sidestart|p1: p0x2554dce3|move: Stealth Rock\n|\n|-heal|p1a: Dachsbun|228/254|[from] item: Leftovers\n|upkeep\n|turn|4\n|inactive|Time left: 300 sec this turn | 300 sec total\n|\n|t:|1783569545\n|move|p1a: Dachsbun|Play Rough|p2a: Duraludon\n|-crit|p2a: Duraludon\n|-damage|p2a: Duraludon|28/100\n|move|p2a: Duraludon|Flash Cannon|p1a: Dachsbun\n|-supereffective|p1a: Dachsbun\n|-crit|p1a: Dachsbun\n|-damage|p1a: Dachsbun|0 fnt\n|faint|p1a: Dachsbun\n|\n|upkeep\n|inactive|Time left: 300 sec this turn | 300 sec total | 5 sec grace\n|\n|t:|1783569545\n|switch|p1a: Manaphy|Manaphy, L78|284/284\n|-damage|p1a: Manaphy|249/284|[from] Stealth Rock\n|turn|5\n|inactive|Time left: 300 sec this turn | 300 sec total\n|\n|t:|1783569546\n|move|p1a: Manaphy|Tail Glow|p1a: Manaphy\n|-boost|p1a: Manaphy|spa|3\n|move|p2a: Duraludon|Flash Cannon|p1a: Manaphy\n|-resisted|p1a: Manaphy\n|-damage|p1a: Manaphy|201/284\n|\n|-heal|p1a: Manaphy|218/284|[from] item: Leftovers\n|upkeep\n|turn|6\n|inactive|Time left: 300 sec this turn | 300 sec total\n|\n|t:|1783569547\n|move|p1a: Manaphy|Hydro Pump|p2a: Duraludon\n|-resisted|p2a: Duraludon\n|-damage|p2a: Duraludon|0 fnt\n|faint|p2a: Duraludon\n|\n|-heal|p1a: Manaphy|235/284|[from] item: Leftovers\n|upkeep\n|\n|t:|1783569548\n|switch|p2a: Regieleki|Regieleki, L79|100/100\n|turn|7\n|inactive|Time left: 300 sec this turn | 300 sec total\n|\n|t:|1783569549\n|switch|p1a: Pachirisu|Pachirisu, L96, M|271/271\n|move|p2a: Regieleki|Thunderbolt|p1a: Pachirisu\n|-immune|p1a: Pachirisu|[from] ability: Volt Absorb\n|\n|upkeep\n|turn|8\n|inactive|Time left: 300 sec this turn | 300 sec total\n|\n|t:|1783569550\n|switch|p2a: Florges|Florges-White, L85, F|100/100\n|move|p1a: Pachirisu|Super Fang|p2a: Florges\n|-damage|p2a: Florges|51/100\n|\n|-heal|p2a: Florges|57/100|[from] item: Leftovers\n|upkeep\n|turn|9\n|inactive|Time left: 300 sec this turn | 300 sec total\n|\n|t:|1783569551\n|switch|p1a: Wugtrio|Wugtrio, L91, F|212/212\n|-damage|p1a: Wugtrio|186/212|[from] Stealth Rock\n|move|p2a: Florges|Moonblast|p1a: Wugtrio\n|-damage|p1a: Wugtrio|68/212\n|-unboost|p1a: Wugtrio|spa|1\n|\n|-heal|p2a: Florges|62/100|[from] item: Leftovers\n|upkeep\n|turn|10\n|inactive|Time left: 300 sec this turn | 300 sec total\n|\n|t:|1783569552\n|switch|p2a: Shaymin|Shaymin, L82|100/100\n|move|p1a: Wugtrio|Liquidation|p2a: Shaymin\n|-resisted|p2a: Shaymin\n|-damage|p2a: Shaymin|75/100\n|\n|-heal|p2a: Shaymin|81/100|[from] item: Leftovers\n|upkeep\n|turn|11\n|inactive|Time left: 300 sec this turn | 300 sec total\n|\n|t:|1783569553\n|move|p1a: Wugtrio|Liquidation|p2a: Shaymin\n|-resisted|p2a: Shaymin\n|-damage|p2a: Shaymin|58/100\n|move|p2a: Shaymin|Seed Flare|p1a: Wugtrio|[miss]\n|-miss|p2a: Shaymin|p1a: Wugtrio\n|\n|-heal|p2a: Shaymin|64/100|[from] item: Leftovers\n|upkeep\n|turn|12\n|inactive|Time left: 300 sec this turn | 300 sec total\n|\n|t:|1783569553\n|move|p1a: Wugtrio|Liquidation|p2a: Shaymin\n|-resisted|p2a: Shaymin\n|-damage|p2a: Shaymin|38/100\n|move|p2a: Shaymin|Seed Flare|p1a: Wugtrio\n|-supereffective|p1a: Wugtrio\n|-damage|p1a: Wugtrio|0 fnt\n|faint|p1a: Wugtrio\n|\n|-heal|p2a: Shaymin|44/100|[from] item: Leftovers\n|upkeep\n|inactive|Time left: 300 sec this turn | 300 sec total | 5 sec grace\n|\n|t:|1783569555\n|switch|p1a: Comfey|Comfey, L85, F|225/225\n|-damage|p1a: Comfey|197/225|[from] Stealth Rock\n|turn|13\n|inactive|Time left: 300 sec this turn | 300 sec total\n|\n|t:|1783569555\n|move|p1a: Comfey|Calm Mind|p1a: Comfey\n|-boost|p1a: Comfey|spa|1\n|-boost|p1a: Comfey|spd|1\n|move|p2a: Shaymin|Seed Flare|p1a: Comfey\n|-damage|p1a: Comfey|128/225\n|\n|-heal|p1a: Comfey|142/225|[from] item: Leftovers\n|-heal|p2a: Shaymin|50/100|[from] item: Leftovers\n|upkeep\n|turn|14\n|inactive|Time left: 300 sec this turn | 300 sec total\n|\n|t:|1783569556\n|move|p1a: Comfey|Calm Mind|p1a: Comfey\n|-boost|p1a: Comfey|spa|1\n|-boost|p1a: Comfey|spd|1\n|move|p2a: Shaymin|Synthesis|p2a: Shaymin\n|-heal|p2a: Shaymin|99/100\n|\n|-heal|p1a: Comfey|156/225|[from] item: Leftovers\n|-heal|p2a: Shaymin|100/100|[from] item: Leftovers\n|upkeep\n|turn|15\n|inactive|Time left: 300 sec this turn | 300 sec total\n|\n|t:|1783569557\n|switch|p2a: Florges|Florges-White, L85, F|62/100\n|move|p1a: Comfey|Draining Kiss|p2a: Florges\n|-damage|p2a: Florges|38/100\n|-heal|p1a: Comfey|206/225|[from] drain|[of] p2a: Florges\n|\n|-heal|p1a: Comfey|220/225|[from] item: Leftovers\n|-heal|p2a: Florges|44/100|[from] item: Leftovers\n|upkeep\n|turn|16\n|inactive|Time left: 300 sec this turn | 300 sec total\n|\n|t:|1783569558\n|move|p1a: Comfey|Draining Kiss|p2a: Florges\n|-damage|p2a: Florges|23/100\n|-heal|p1a: Comfey|225/225|[from] drain|[of] p2a: Florges\n|move|p2a: Florges|Synthesis|p2a: Florges\n|-heal|p2a: Florges|73/100\n|\n|-heal|p2a: Florges|79/100|[from] item: Leftovers\n|upkeep\n|turn|17\n|inactive|Time left: 300 sec this turn | 300 sec total\n|\n|t:|1783569559\n|move|p1a: Comfey|Calm Mind|p1a: Comfey\n|-boost|p1a: Comfey|spa|1\n|-boost|p1a: Comfey|spd|1\n|move|p2a: Florges|Calm Mind|p2a: Florges\n|-boost|p2a: Florges|spa|1\n|-boost|p2a: Florges|spd|1\n|\n|-heal|p2a: Florges|85/100|[from] item: Leftovers\n|upkeep\n|turn|18\n|inactive|Time left: 300 sec this turn | 300 sec total\n|\n|t:|1783569560\n|move|p1a: Comfey|Calm Mind|p1a: Comfey\n|-boost|p1a: Comfey|spa|1\n|-boost|p1a: Comfey|spd|1\n|move|p2a: Florges|Calm Mind|p2a: Florges\n|-boost|p2a: Florges|spa|1\n|-boost|p2a: Florges|spd|1\n|\n|-heal|p2a: Florges|91/100|[from] item: Leftovers\n|upkeep\n|turn|19\n|inactive|Time left: 300 sec this turn | 300 sec total\n|\n|t:|1783569561\n|move|p1a: Comfey|Calm Mind|p1a: Comfey\n|-boost|p1a: Comfey|spa|1\n|-boost|p1a: Comfey|spd|1\n|move|p2a: Florges|Moonblast|p1a: Comfey\n|-damage|p1a: Comfey|170/225\n|-unboost|p1a: Comfey|spa|1\n|\n|-heal|p1a: Comfey|184/225|[from] item: Leftovers\n|-heal|p2a: Florges|96/100|[from] item: Leftovers\n|upkeep\n|turn|20\n|inactive|Time left: 300 sec this turn | 300 sec total\n|\n|t:|1783569562\n|move|p1a: Comfey|Draining Kiss|p2a: Florges\n|-damage|p2a: Florges|78/100\n|-heal|p1a: Comfey|222/225|[from] drain|[of] p2a: Florges\n|move|p2a: Florges|Moonblast|p1a: Comfey\n|-damage|p1a: Comfey|164/225\n|\n|-heal|p1a: Comfey|178/225|[from] item: Leftovers\n|-heal|p2a: Florges|84/100|[from] item: Leftovers\n|upkeep\n|turn|21\n|inactive|Time left: 300 sec this turn | 300 sec total\n|\n|t:|1783569563\n|move|p1a: Comfey|Draining Kiss|p2a: Florges\n|-damage|p2a: Florges|65/100\n|-heal|p1a: Comfey|216/225|[from] drain|[of] p2a: Florges\n|move|p2a: Florges|Synthesis|p2a: Florges\n|-heal|p2a: Florges|100/100\n|\n|-heal|p1a: Comfey|225/225|[from] item: Leftovers\n|upkeep\n|turn|22\n|inactive|Time left: 300 sec this turn | 300 sec total\n|\n|t:|1783569564\n|move|p1a: Comfey|Calm Mind|p1a: Comfey\n|-boost|p1a: Comfey|spa|1\n|-boost|p1a: Comfey|spd|1\n|move|p2a: Florges|Calm Mind|p2a: Florges\n|-boost|p2a: Florges|spa|1\n|-boost|p2a: Florges|spd|1\n|\n|upkeep\n|turn|23\n|inactive|Time left: 300 sec this turn | 300 sec total\n|\n|t:|1783569564\n|move|p1a: Comfey|Draining Kiss|p2a: Florges\n|-damage|p2a: Florges|85/100\n|move|p2a: Florges|Moonblast|p1a: Comfey\n|-damage|p1a: Comfey|167/225\n|\n|-heal|p1a: Comfey|181/225|[from] item: Leftovers\n|-heal|p2a: Florges|91/100|[from] item: Leftovers\n|upkeep\n|turn|24\n|inactive|Time left: 300 sec this turn | 300 sec total\n|\n|t:|1783569565\n|move|p1a: Comfey|Draining Kiss|p2a: Florges\n|-damage|p2a: Florges|75/100\n|-heal|p1a: Comfey|213/225|[from] drain|[of] p2a: Florges\n|move|p2a: Florges|Calm Mind|p2a: Florges\n|-boost|p2a: Florges|spa|1\n|-boost|p2a: Florges|spd|1\n|\n|-heal|p1a: Comfey|225/225|[from] item: Leftovers\n|-heal|p2a: Florges|81/100|[from] item: Leftovers\n|upkeep\n|turn|25\n|inactive|Time left: 300 sec this turn | 300 sec total\n|\n|t:|1783569566\n|move|p1a: Comfey|Draining Kiss|p2a: Florges\n|-damage|p2a: Florges|67/100\n|move|p2a: Florges|Synthesis|p2a: Florges\n|-heal|p2a: Florges|100/100\n|\n|upkeep\n|turn|26\n|inactive|Time left: 300 sec this turn | 300 sec total\n|\n|t:|1783569567\n|move|p1a: Comfey|Draining Kiss|p2a: Florges\n|-damage|p2a: Florges|86/100\n|move|p2a: Florges|Moonblast|p1a: Comfey\n|-damage|p1a: Comfey|146/225\n|-unboost|p1a: Comfey|spa|1\n|\n|-heal|p1a: Comfey|160/225|[from] item: Leftovers\n|-heal|p2a: Florges|92/100|[from] item: Leftovers\n|upkeep\n|turn|27\n|inactive|Time left: 300 sec this turn | 300 sec total\n|\n|t:|1783569568\n|move|p1a: Comfey|Synthesis|p1a: Comfey\n|-heal|p1a: Comfey|225/225\n|move|p2a: Florges|Moonblast|p1a: Comfey\n|-damage|p1a: Comfey|153/225\n|\n|-heal|p1a: Comfey|167/225|[from] item: Leftovers\n|-heal|p2a: Florges|98/100|[from] item: Leftovers\n|upkeep\n|turn|28\n|inactive|Time left: 300 sec this turn | 300 sec total\n|\n|t:|1783569569\n|move|p1a: Comfey|Draining Kiss|p2a: Florges\n|-damage|p2a: Florges|87/100\n|-heal|p1a: Comfey|188/225|[from] drain|[of] p2a: Florges\n|move|p2a: Florges|Moonblast|p1a: Comfey\n|-damage|p1a: Comfey|115/225\n|\n|-heal|p1a: Comfey|129/225|[from] item: Leftovers\n|-heal|p2a: Florges|93/100|[from] item: Leftovers\n|upkeep\n|turn|29\n|inactive|Time left: 300 sec this turn | 300 sec total\n|\n|t:|1783569570\n|move|p1a: Comfey|Synthesis|p1a: Comfey\n|-heal|p1a: Comfey|225/225\n|move|p2a: Florges|Moonblast|p1a: Comfey\n|-damage|p1a: Comfey|150/225\n|\n|-heal|p1a: Comfey|164/225|[from] item: Leftovers\n|-heal|p2a: Florges|99/100|[from] item: Leftovers\n|upkeep\n|turn|30\n|inactive|Time left: 300 sec this turn | 300 sec total\n|\n|t:|1783569571\n|move|p1a: Comfey|Draining Kiss|p2a: Florges\n|-damage|p2a: Florges|86/100\n|-heal|p1a: Comfey|190/225|[from] drain|[of] p2a: Florges\n|move|p2a: Florges|Moonblast|p1a: Comfey\n|-damage|p1a: Comfey|118/225\n|-unboost|p1a: Comfey|spa|1\n|\n|-heal|p1a: Comfey|132/225|[from] item: Leftovers\n|-heal|p2a: Florges|92/100|[from] item: Leftovers\n|upkeep\n|turn|31\n|inactive|Time left: 300 sec this turn | 300 sec total\n|\n|t:|1783569572\n|move|p1a: Comfey|Synthesis|p1a: Comfey\n|-heal|p1a: Comfey|225/225\n|move|p2a: Florges|Moonblast|p1a: Comfey\n|-damage|p1a: Comfey|155/225\n|\n|-heal|p1a: Comfey|169/225|[from] item: Leftovers\n|-heal|p2a: Florges|98/100|[from] item: Leftovers\n|upkeep\n|turn|32\n|inactive|Time left: 300 sec this turn | 300 sec total\n|\n|t:|1783569573\n|move|p1a: Comfey|Synthesis|p1a: Comfey\n|-heal|p1a: Comfey|225/225\n|move|p2a: Florges|Moonblast|p1a: Comfey\n|-damage|p1a: Comfey|146/225\n|-unboost|p1a: Comfey|spa|1\n|\n|-heal|p1a: Comfey|160/225|[from] item: Leftovers\n|-heal|p2a: Florges|100/100|[from] item: Leftovers\n|upkeep\n|turn|33\n|inactive|Time left: 300 sec this turn | 300 sec total\n|\n|t:|1783569574\n|move|p1a: Comfey|Synthesis|p1a: Comfey\n|-heal|p1a: Comfey|225/225\n|move|p2a: Florges|Moonblast|p1a: Comfey\n|-damage|p1a: Comfey|158/225\n|\n|-heal|p1a: Comfey|172/225|[from] item: Leftovers\n|upkeep\n|turn|34\n|inactive|Time left: 300 sec this turn | 300 sec total\n|\n|t:|1783569575\n|move|p1a: Comfey|Calm Mind|p1a: Comfey\n|-boost|p1a: Comfey|spa|1\n|-boost|p1a: Comfey|spd|0\n|move|p2a: Florges|Moonblast|p1a: Comfey\n|-damage|p1a: Comfey|93/225\n|-unboost|p1a: Comfey|spa|1\n|\n|-heal|p1a: Comfey|107/225|[from] item: Leftovers\n|upkeep\n|turn|35\n|inactive|Time left: 300 sec this turn | 300 sec total\n|\n|t:|1783569576\n|move|p1a: Comfey|Synthesis|p1a: Comfey\n|-heal|p1a: Comfey|219/225\n|move|p2a: Florges|Moonblast|p1a: Comfey\n|-damage|p1a: Comfey|144/225\n|-unboost|p1a: Comfey|spa|1\n|\n|-heal|p1a: Comfey|158/225|[from] item: Leftovers\n|upkeep\n|turn|36\n|inactive|Time left: 300 sec this turn | 300 sec total\n|\n|t:|1783569577\n|move|p1a: Comfey|Calm Mind|p1a: Comfey\n|-boost|p1a: Comfey|spa|1\n|-boost|p1a: Comfey|spd|0\n|move|p2a: Florges|Moonblast|p1a: Comfey\n|-damage|p1a: Comfey|89/225\n|-unboost|p1a: Comfey|spa|1\n|\n|-heal|p1a: Comfey|103/225|[from] item: Leftovers\n|upkeep\n|turn|37\n|inactive|Time left: 300 sec this turn | 300 sec total\n|\n|t:|1783569578\n|move|p1a: Comfey|Synthesis|p1a: Comfey\n|-heal|p1a: Comfey|215/225\n|move|p2a: Florges|Moonblast|p1a: Comfey\n|-damage|p1a: Comfey|148/225\n|-unboost|p1a: Comfey|spa|1\n|\n|-heal|p1a: Comfey|162/225|[from] item: Leftovers\n|upkeep\n|turn|38\n|inactive|Time left: 300 sec this turn | 300 sec total\n|\n|t:|1783569579\n|move|p1a: Comfey|Calm Mind|p1a: Comfey\n|-boost|p1a: Comfey|spa|1\n|-boost|p1a: Comfey|spd|0\n|move|p2a: Florges|Moonblast|p1a: Comfey\n|-damage|p1a: Comfey|90/225\n|\n|-heal|p1a: Comfey|104/225|[from] item: Leftovers\n|upkeep\n|turn|39\n|inactive|Time left: 300 sec this turn | 300 sec total\n|\n|t:|1783569580\n|move|p1a: Comfey|Synthesis|p1a: Comfey\n|-heal|p1a: Comfey|216/225\n|move|p2a: Florges|Moonblast|p1a: Comfey\n|-damage|p1a: Comfey|140/225\n|\n|-heal|p1a: Comfey|154/225|[from] item: Leftovers\n|upkeep\n|turn|40\n|inactive|Time left: 300 sec this turn | 300 sec total\n|\n|t:|1783569581\n|move|p1a: Comfey|Calm Mind|p1a: Comfey\n|-boost|p1a: Comfey|spa|1\n|-boost|p1a: Comfey|spd|0\n|move|p2a: Florges|Moonblast|p1a: Comfey\n|-damage|p1a: Comfey|81/225\n|-unboost|p1a: Comfey|spa|1\n|\n|-heal|p1a: Comfey|95/225|[from] item: Leftovers\n|upkeep\n|turn|41\n|inactive|Time left: 300 sec this turn | 300 sec total\n|\n|t:|1783569582\n|move|p1a: Comfey|Draining Kiss|p2a: Florges\n|-damage|p2a: Florges|95/100\n|-heal|p1a: Comfey|106/225|[from] drain|[of] p2a: Florges\n|move|p2a: Florges|Moonblast|p1a: Comfey\n|-damage|p1a: Comfey|31/225\n|-unboost|p1a: Comfey|spa|1\n|\n|-heal|p1a: Comfey|45/225|[from] item: Leftovers\n|-heal|p2a: Florges|100/100|[from] item: Leftovers\n|upkeep\n|turn|42\n|inactive|Time left: 300 sec this turn | 300 sec total\n|\n|t:|1783569583\n|move|p1a: Comfey|Calm Mind|p1a: Comfey\n|-boost|p1a: Comfey|spa|1\n|-boost|p1a: Comfey|spd|0\n|move|p2a: Florges|Moonblast|p1a: Comfey\n|-damage|p1a: Comfey|0 fnt\n|faint|p1a: Comfey\n|\n|upkeep\n|inactive|Time left: 300 sec this turn | 300 sec total | 5 sec grace\n|\n|t:|1783569584\n|switch|p1a: Pachirisu|Pachirisu, L96, M|271/271\n|turn|43\n|inactive|Time left: 300 sec this turn | 300 sec total\n|\n|t:|1783569585\n|move|p1a: Pachirisu|Discharge|p2a: Florges\n|-damage|p2a: Florges|96/100\n|move|p2a: Florges|Moonblast|p1a: Pachirisu\n|-damage|p1a: Pachirisu|0 fnt\n|faint|p1a: Pachirisu\n|\n|-heal|p2a: Florges|100/100|[from] item: Leftovers\n|upkeep\n|inactive|Time left: 300 sec this turn | 300 sec total | 5 sec grace\n|\n|t:|1783569585\n|switch|p1a: Manaphy|Manaphy, L78|235/284\n|-damage|p1a: Manaphy|200/284|[from] Stealth Rock\n|turn|44\n|inactive|Time left: 300 sec this turn | 300 sec total\n|\n|t:|1783569586\n|move|p1a: Manaphy|Ice Beam|p2a: Florges\n|-damage|p2a: Florges|96/100\n|move|p2a: Florges|Moonblast|p1a: Manaphy\n|-damage|p1a: Manaphy|0 fnt\n|faint|p1a: Manaphy\n|\n|-heal|p2a: Florges|100/100|[from] item: Leftovers\n|upkeep\n|inactive|Time left: 300 sec this turn | 300 sec total | 5 sec grace\n|\n|t:|1783569587\n|switch|p1a: Ditto|Ditto, L87|225/225\n|-damage|p1a: Ditto|197/225|[from] Stealth Rock\n|-transform|p1a: Ditto|p2a: Florges|[from] ability: Imposter\n|turn|45\n|inactive|Time left: 300 sec this turn | 300 sec total\n|\n|t:|1783569588\n|move|p1a: Ditto|Synthesis|p1a: Ditto\n|-heal|p1a: Ditto|225/225\n|move|p2a: Florges|Calm Mind|p2a: Florges\n|-boost|p2a: Florges|spa|1\n|-boost|p2a: Florges|spd|1\n|\n|upkeep\n|turn|46\n|inactive|Time left: 300 sec this turn | 300 sec total\n|\n|t:|1783569588\n|switch|p2a: Mienshao|Mienshao, L83, M|100/100\n|move|p1a: Ditto|Synthesis|p1a: Ditto\n|-fail|p1a: Ditto|heal\n|\n|upkeep\n|turn|47\n|inactive|Time left: 300 sec this turn | 300 sec total\n|\n|t:|1783569589\n|-terastallize|p2a: Mienshao|Poison\n|move|p1a: Ditto|Synthesis|p1a: Ditto\n|-fail|p1a: Ditto|heal\n|move|p2a: Mienshao|Poison Jab|p1a: Ditto\n|-supereffective|p1a: Ditto\n|-damage|p1a: Ditto|0 fnt\n|faint|p1a: Ditto\n|-damage|p2a: Mienshao|91/100|[from] item: Life Orb\n|\n|win|p0y25544424", "uploadtime": 1783569589, "views": 0, "rating": 0, "private": 0, "password": null, "_winner": "p0y25544424", "_our_name": "p0x2554dce3"}