{"id": "battle-gen9randombattle-141", "formatid": "gen9randombattle", "format": "[Gen 9] Random Battle", "players": ["p0x1411b03", "p0y141448f"], "log": "|init|battle\n|title|p0x1411b03 vs. p0y141448f\n|j|\u2606p0x1411b03\n|j|\u2606p0y141448f\n|t:|1783534879\n|gametype|singles\n|player|p1|p0x1411b03|169|\n|player|p2|p0y141448f|101|\n|gen|9\n|tier|[Gen 9] Random Battle\n|rule|Species Clause: Limit one of each Pok\u00e9mon\n|rule|HP Percentage Mod: HP is shown in percentages\n|rule|Sleep Clause Mod: Limit one foe put to sleep\n|rule|Illusion Level Mod: Illusion disguises the Pok\u00e9mon's true level\n|\n|t:|1783534879\n|teamsize|p1|6\n|teamsize|p2|6\n|start\n|switch|p1a: Flapple|Flapple, L88, F|100/100\n|switch|p2a: Meloetta|Meloetta, L82|298/298\n|turn|1\n|inactive|Battle timer is ON: inactive players will automatically lose when time's up. (requested by p0y141448f)\n|\n|t:|1783534881\n|move|p2a: Meloetta|Triple Axel|p1a: Flapple\n|-supereffective|p1a: Flapple\n|-damage|p1a: Flapple|77/100\n|-supereffective|p1a: Flapple\n|-damage|p1a: Flapple|30/100\n|-supereffective|p1a: Flapple\n|-damage|p1a: Flapple|0 fnt\n|faint|p1a: Flapple\n|-hitcount|p1: Flapple|3\n|-damage|p2a: Meloetta|269/298|[from] item: Life Orb\n|\n|upkeep\n|inactive|p0x1411b03 also wants the timer to be on.\n|\n|t:|1783534882\n|switch|p1a: Masquerain|Masquerain, L87, F|100/100\n|-ability|p1a: Masquerain|Intimidate|boost\n|-unboost|p2a: Meloetta|atk|1\n|turn|2\n|inactive|Time left: 300 sec this turn | 300 sec total\n|\n|t:|1783534883\n|move|p2a: Meloetta|Relic Song|p1a: Masquerain\n|-damage|p1a: Masquerain|49/100\n|-formechange|p2a: Meloetta|Meloetta-Pirouette|[msg]\n|-damage|p2a: Meloetta|240/298|[from] item: Life Orb\n|move|p1a: Masquerain|Sticky Web|p2a: Meloetta\n|-sidestart|p2: p0y141448f|move: Sticky Web\n|\n|upkeep\n|turn|3\n|inactive|Time left: 300 sec this turn | 300 sec total\n|\n|t:|1783534884\n|switch|p1a: Uxie|Uxie, L83|100/100\n|move|p2a: Meloetta|Triple Axel|p1a: Uxie\n|-damage|p1a: Uxie|96/100\n|-damage|p1a: Uxie|87/100\n|-damage|p1a: Uxie|74/100\n|-hitcount|p1a: Uxie|3\n|-damage|p2a: Meloetta|211/298|[from] item: Life Orb\n|\n|-heal|p1a: Uxie|80/100|[from] item: Leftovers\n|upkeep\n|turn|4\n|inactive|Time left: 300 sec this turn | 300 sec total\n|\n|t:|1783534886\n|move|p2a: Meloetta|Knock Off|p1a: Uxie\n|-supereffective|p1a: Uxie\n|-crit|p1a: Uxie\n|-damage|p1a: Uxie|0 fnt\n|-enditem|p1a: Uxie|Leftovers|[from] move: Knock Off|[of] p2a: Meloetta\n|faint|p1a: Uxie\n|-damage|p2a: Meloetta|182/298|[from] item: Life Orb\n|\n|upkeep\n|\n|t:|1783534887\n|switch|p1a: Brambleghast|Brambleghast, L88, F|100/100\n|turn|5\n|inactive|Time left: 300 sec this turn | 300 sec total\n|\n|t:|1783534888\n|move|p2a: Meloetta|Knock Off|p1a: Brambleghast\n|-supereffective|p1a: Brambleghast\n|-damage|p1a: Brambleghast|31/100\n|-enditem|p1a: Brambleghast|Heavy-Duty Boots|[from] move: Knock Off|[of] p2a: Meloetta\n|-damage|p2a: Meloetta|153/298|[from] item: Life Orb\n|move|p1a: Brambleghast|Rapid Spin|p2a: Meloetta\n|-damage|p2a: Meloetta|104/298\n|-boost|p1a: Brambleghast|spe|1\n|\n|upkeep\n|turn|6\n|inactive|Time left: 300 sec this turn | 300 sec total\n|\n|t:|1783534889\n|move|p1a: Brambleghast|Strength Sap|p2a: Meloetta\n|-unboost|p2a: Meloetta|atk|1\n|-heal|p1a: Brambleghast|100/100\n|move|p2a: Meloetta|Triple Axel|p1a: Brambleghast\n|-supereffective|p1a: Brambleghast\n|-damage|p1a: Brambleghast|88/100\n|-supereffective|p1a: Brambleghast\n|-damage|p1a: Brambleghast|68/100\n|-supereffective|p1a: Brambleghast\n|-damage|p1a: Brambleghast|37/100\n|-hitcount|p1a: Brambleghast|3\n|-damage|p2a: Meloetta|75/298|[from] item: Life Orb\n|\n|upkeep\n|turn|7\n|inactive|Time left: 300 sec this turn | 300 sec total\n|\n|t:|1783534890\n|move|p1a: Brambleghast|Strength Sap|p2a: Meloetta\n|-unboost|p2a: Meloetta|atk|1\n|-heal|p1a: Brambleghast|90/100\n|move|p2a: Meloetta|Triple Axel|p1a: Brambleghast\n|-supereffective|p1a: Brambleghast\n|-damage|p1a: Brambleghast|81/100\n|-supereffective|p1a: Brambleghast\n|-damage|p1a: Brambleghast|62/100\n|-supereffective|p1a: Brambleghast\n|-damage|p1a: Brambleghast|36/100\n|-hitcount|p1a: Brambleghast|3\n|-damage|p2a: Meloetta|46/298|[from] item: Life Orb\n|\n|upkeep\n|turn|8\n|inactive|Time left: 300 sec this turn | 300 sec total\n|\n|t:|1783534891\n|move|p1a: Brambleghast|Strength Sap|p2a: Meloetta\n|-unboost|p2a: Meloetta|atk|1\n|-heal|p1a: Brambleghast|78/100\n|move|p2a: Meloetta|Triple Axel|p1a: Brambleghast\n|-supereffective|p1a: Brambleghast\n|-damage|p1a: Brambleghast|72/100\n|-supereffective|p1a: Brambleghast\n|-damage|p1a: Brambleghast|58/100\n|-supereffective|p1a: Brambleghast\n|-damage|p1a: Brambleghast|36/100\n|-hitcount|p1a: Brambleghast|3\n|-damage|p2a: Meloetta|17/298|[from] item: Life Orb\n|\n|upkeep\n|turn|9\n|inactive|Time left: 300 sec this turn | 300 sec total\n|\n|t:|1783534892\n|switch|p2a: Qwilfish|Qwilfish-Hisui, L83, M|244/244\n|-activate|p2a: Qwilfish|move: Sticky Web\n|-unboost|p2a: Qwilfish|spe|1\n|-ability|p2a: Qwilfish|Intimidate|boost\n|-unboost|p1a: Brambleghast|atk|1\n|move|p1a: Brambleghast|Strength Sap|p2a: Qwilfish\n|-unboost|p2a: Qwilfish|atk|1\n|-heal|p1a: Brambleghast|100/100\n|\n|upkeep\n|turn|10\n|inactive|Time left: 300 sec this turn | 300 sec total\n|\n|t:|1783534893\n|move|p1a: Brambleghast|Power Whip|p2a: Qwilfish|[miss]\n|-miss|p1a: Brambleghast|p2a: Qwilfish\n|move|p2a: Qwilfish|Crunch|p1a: Brambleghast\n|-supereffective|p1a: Brambleghast\n|-damage|p1a: Brambleghast|45/100\n|\n|upkeep\n|turn|11\n|inactive|Time left: 300 sec this turn | 300 sec total\n|\n|t:|1783534895\n|move|p1a: Brambleghast|Strength Sap|p2a: Qwilfish\n|-unboost|p2a: Qwilfish|atk|1\n|-heal|p1a: Brambleghast|100/100\n|move|p2a: Qwilfish|Crunch|p1a: Brambleghast\n|-supereffective|p1a: Brambleghast\n|-damage|p1a: Brambleghast|58/100\n|-unboost|p1a: Brambleghast|def|1\n|\n|upkeep\n|turn|12\n|inactive|Time left: 300 sec this turn | 300 sec total\n|\n|t:|1783534896\n|switch|p2a: Meloetta|Meloetta, L82|17/298\n|-activate|p2a: Meloetta|move: Sticky Web\n|-unboost|p2a: Meloetta|spe|1\n|move|p1a: Brambleghast|Strength Sap|p2a: Meloetta\n|-unboost|p2a: Meloetta|atk|1\n|-heal|p1a: Brambleghast|100/100\n|\n|upkeep\n|turn|13\n|inactive|Time left: 300 sec this turn | 300 sec total\n|\n|t:|1783534897\n|move|p1a: Brambleghast|Rapid Spin|p2a: Meloetta\n|-damage|p2a: Meloetta|0 fnt\n|-boost|p1a: Brambleghast|spe|1\n|faint|p2a: Meloetta\n|\n|upkeep\n|inactive|Time left: 300 sec this turn | 300 sec total | 5 sec grace\n|\n|t:|1783534898\n|switch|p2a: Leavanny|Leavanny, L86, M|269/269\n|turn|14\n|inactive|Time left: 300 sec this turn | 300 sec total\n|\n|t:|1783534899\n|move|p1a: Brambleghast|Strength Sap|p2a: Leavanny\n|-unboost|p2a: Leavanny|atk|1\n|move|p2a: Leavanny|Lunge|p1a: Brambleghast\n|-damage|p1a: Brambleghast|53/100\n|-unboost|p1a: Brambleghast|atk|1\n|\n|upkeep\n|turn|15\n|inactive|Time left: 300 sec this turn | 300 sec total\n|\n|t:|1783534901\n|move|p1a: Brambleghast|Strength Sap|p2a: Leavanny\n|-unboost|p2a: Leavanny|atk|1\n|-heal|p1a: Brambleghast|100/100\n|move|p2a: Leavanny|Sticky Web|p1a: Brambleghast\n|-sidestart|p1: p0x1411b03|move: Sticky Web\n|\n|upkeep\n|turn|16\n|inactive|Time left: 300 sec this turn | 300 sec total\n|\n|t:|1783534902\n|switch|p2a: Qwilfish|Qwilfish-Hisui, L83, M|244/244\n|-activate|p2a: Qwilfish|move: Sticky Web\n|-unboost|p2a: Qwilfish|spe|1\n|-ability|p2a: Qwilfish|Intimidate|boost\n|-unboost|p1a: Brambleghast|atk|1\n|move|p1a: Brambleghast|Rapid Spin|p2a: Qwilfish\n|-damage|p2a: Qwilfish|231/244\n|-boost|p1a: Brambleghast|spe|1\n|-sideend|p1: p0x1411b03|Sticky Web|[from] move: Rapid Spin|[of] p1a: Brambleghast\n|\n|upkeep\n|turn|17\n|inactive|Time left: 300 sec this turn | 300 sec total\n|\n|t:|1783534903\n|switch|p1a: Rotom|Rotom-Heat, L83|100/100\n|move|p2a: Qwilfish|Crunch|p1a: Rotom\n|-damage|p1a: Rotom|66/100\n|\n|upkeep\n|turn|18\n|inactive|Time left: 300 sec this turn | 300 sec total\n|\n|t:|1783534904\n|move|p1a: Rotom|Will-O-Wisp|p2a: Qwilfish\n|-status|p2a: Qwilfish|brn\n|move|p2a: Qwilfish|Crunch|p1a: Rotom\n|-damage|p1a: Rotom|49/100\n|-unboost|p1a: Rotom|def|1\n|\n|-damage|p2a: Qwilfish|216/244 brn|[from] brn\n|upkeep\n|turn|19\n|inactive|Time left: 300 sec this turn | 300 sec total\n|\n|t:|1783534905\n|move|p1a: Rotom|Volt Switch|p2a: Qwilfish\n|-damage|p2a: Qwilfish|144/244 brn\n|\n|t:|1783534905\n|switch|p1a: Masquerain|Masquerain, L87, F|49/100|[from] Volt Switch\n|-ability|p1a: Masquerain|Intimidate|boost\n|-unboost|p2a: Qwilfish|atk|1\n|move|p2a: Qwilfish|Crunch|p1a: Masquerain\n|-damage|p1a: Masquerain|36/100\n|\n|-damage|p2a: Qwilfish|129/244 brn|[from] brn\n|upkeep\n|turn|20\n|inactive|Time left: 300 sec this turn | 300 sec total\n|\n|t:|1783534906\n|move|p1a: Masquerain|Hurricane|p2a: Qwilfish\n|-damage|p2a: Qwilfish|2/244 brn\n|move|p2a: Qwilfish|Gunk Shot|p1a: Masquerain|[miss]\n|-miss|p2a: Qwilfish|p1a: Masquerain\n|\n|-damage|p2a: Qwilfish|0 fnt|[from] brn\n|faint|p2a: Qwilfish\n|upkeep\n|inactive|Time left: 300 sec this turn | 300 sec total | 5 sec grace\n|\n|t:|1783534907\n|switch|p2a: Alcremie|Alcremie, L90, F|263/263\n|-activate|p2a: Alcremie|move: Sticky Web\n|-unboost|p2a: Alcremie|spe|1\n|turn|21\n|inactive|Time left: 300 sec this turn | 300 sec total\n|\n|t:|1783534907\n|switch|p1a: Brambleghast|Brambleghast, L88, F|100/100\n|move|p2a: Alcremie|Calm Mind|p2a: Alcremie\n|-boost|p2a: Alcremie|spa|1\n|-boost|p2a: Alcremie|spd|1\n|\n|upkeep\n|turn|22\n|inactive|Time left: 300 sec this turn | 300 sec total\n|\n|t:|1783534908\n|move|p1a: Brambleghast|Poltergeist|p2a: Alcremie\n|-activate|p2a: Alcremie|move: Poltergeist|Leftovers\n|-damage|p2a: Alcremie|104/263\n|move|p2a: Alcremie|Alluring Voice|p1a: Brambleghast\n|-damage|p1a: Brambleghast|19/100\n|\n|-heal|p2a: Alcremie|120/263|[from] item: Leftovers\n|upkeep\n|turn|23\n|inactive|Time left: 300 sec this turn | 300 sec total\n|\n|t:|1783534909\n|move|p1a: Brambleghast|Poltergeist|p2a: Alcremie|[miss]\n|-miss|p1a: Brambleghast|p2a: Alcremie\n|move|p2a: Alcremie|Alluring Voice|p1a: Brambleghast\n|-damage|p1a: Brambleghast|0 fnt\n|faint|p1a: Brambleghast\n|\n|-heal|p2a: Alcremie|136/263|[from] item: Leftovers\n|upkeep\n|\n|t:|1783534910\n|switch|p1a: Masquerain|Masquerain, L87, F|36/100\n|-ability|p1a: Masquerain|Intimidate|boost\n|-unboost|p2a: Alcremie|atk|1\n|turn|24\n|inactive|Time left: 300 sec this turn | 300 sec total\n|\n|t:|1783534911\n|move|p1a: Masquerain|Hurricane|p2a: Alcremie\n|-damage|p2a: Alcremie|76/263\n|-start|p2a: Alcremie|confusion\n|-activate|p2a: Alcremie|confusion\n|-damage|p2a: Alcremie|64/263|[from] confusion\n|\n|-heal|p2a: Alcremie|80/263|[from] item: Leftovers\n|upkeep\n|turn|25\n|inactive|Time left: 300 sec this turn | 300 sec total\n|\n|t:|1783534912\n|move|p1a: Masquerain|Hurricane|p2a: Alcremie\n|-damage|p2a: Alcremie|16/263\n|-activate|p2a: Alcremie|confusion\n|move|p2a: Alcremie|Psyshock|p1a: Masquerain\n|-damage|p1a: Masquerain|0 fnt\n|faint|p1a: Masquerain\n|\n|-heal|p2a: Alcremie|32/263|[from] item: Leftovers\n|upkeep\n|\n|t:|1783534912\n|switch|p1a: Rotom|Rotom-Heat, L83|49/100\n|turn|26\n|inactive|Time left: 300 sec this turn | 300 sec total\n|\n|t:|1783534913\n|move|p1a: Rotom|Thunderbolt|p2a: Alcremie\n|-damage|p2a: Alcremie|0 fnt\n|faint|p2a: Alcremie\n|\n|upkeep\n|inactive|Time left: 300 sec this turn | 300 sec total | 5 sec grace\n|\n|t:|1783534914\n|switch|p2a: Greedent|Greedent, L86, M|347/347\n|-activate|p2a: Greedent|move: Sticky Web\n|-unboost|p2a: Greedent|spe|1\n|turn|27\n|inactive|Time left: 300 sec this turn | 300 sec total\n|\n|t:|1783534915\n|move|p1a: Rotom|Will-O-Wisp|p2a: Greedent\n|-status|p2a: Greedent|brn\n|move|p2a: Greedent|Swords Dance|p2a: Greedent\n|-boost|p2a: Greedent|atk|2\n|\n|-damage|p2a: Greedent|326/347 brn|[from] brn\n|upkeep\n|turn|28\n|inactive|Time left: 300 sec this turn | 300 sec total\n|\n|t:|1783534916\n|move|p1a: Rotom|Volt Switch|p2a: Greedent\n|-damage|p2a: Greedent|241/347 brn\n|\n|t:|1783534917\n|switch|p1a: Palafin|Palafin, L77, F|100/100|[from] Volt Switch\n|move|p2a: Greedent|Double-Edge|p1a: Palafin\n|-damage|p1a: Palafin|44/100\n|-damage|p2a: Greedent|189/347 brn|[from] Recoil\n|\n|-heal|p1a: Palafin|50/100|[from] item: Leftovers\n|-damage|p2a: Greedent|168/347 brn|[from] brn\n|upkeep\n|-enditem|p2a: Greedent|Sitrus Berry|[eat]\n|-heal|p2a: Greedent|254/347 brn|[from] item: Sitrus Berry\n|-heal|p2a: Greedent|347/347 brn|[from] ability: Cheek Pouch\n|turn|29\n|inactive|Time left: 300 sec this turn | 300 sec total\n|\n|t:|1783534918\n|move|p1a: Palafin|Bulk Up|p1a: Palafin\n|-boost|p1a: Palafin|atk|1\n|-boost|p1a: Palafin|def|1\n|move|p2a: Greedent|Double-Edge|p1a: Palafin\n|-damage|p1a: Palafin|12/100\n|-damage|p2a: Greedent|312/347 brn|[from] Recoil\n|\n|-heal|p1a: Palafin|18/100|[from] item: Leftovers\n|-damage|p2a: Greedent|291/347 brn|[from] brn\n|upkeep\n|turn|30\n|inactive|Time left: 300 sec this turn | 300 sec total\n|\n|t:|1783534919\n|-terastallize|p2a: Greedent|Ghost\n|move|p1a: Palafin|Drain Punch|p2a: Greedent\n|-immune|p2a: Greedent\n|move|p2a: Greedent|Double-Edge|p1a: Palafin\n|-damage|p1a: Palafin|0 fnt\n|faint|p1a: Palafin\n|-damage|p2a: Greedent|274/347 brn|[from] Recoil\n|\n|-damage|p2a: Greedent|253/347 brn|[from] brn\n|upkeep\n|\n|t:|1783534920\n|switch|p1a: Rotom|Rotom-Heat, L83|49/100\n|turn|31\n|inactive|Time left: 300 sec this turn | 300 sec total\n|\n|t:|1783534920\n|move|p1a: Rotom|Volt Switch|p2a: Greedent\n|-damage|p2a: Greedent|162/347 brn\n|move|p2a: Greedent|Double-Edge|p1a: Rotom\n|-damage|p1a: Rotom|1/100\n|-damage|p2a: Greedent|127/347 brn|[from] Recoil\n|\n|-damage|p2a: Greedent|106/347 brn|[from] brn\n|upkeep\n|turn|32\n|inactive|Time left: 300 sec this turn | 300 sec total\n|\n|t:|1783534922\n|move|p1a: Rotom|Thunderbolt|p2a: Greedent\n|-damage|p2a: Greedent|0 fnt\n|faint|p2a: Greedent\n|\n|upkeep\n|inactive|Time left: 300 sec this turn | 300 sec total | 5 sec grace\n|\n|t:|1783534923\n|switch|p2a: Leavanny|Leavanny, L86, M|269/269\n|turn|33\n|inactive|Time left: 300 sec this turn | 300 sec total\n|\n|t:|1783534924\n|move|p2a: Leavanny|Lunge|p1a: Rotom\n|-resisted|p1a: Rotom\n|-damage|p1a: Rotom|0 fnt\n|faint|p1a: Rotom\n|\n|win|p0y141448f", "uploadtime": 1783534924, "views": 0, "rating": 0, "private": 0, "password": null, "_winner": "p0y141448f", "_our_name": "p0y141448f"}