{"id": "battle-gen9randombattle-1339", "formatid": "gen9randombattle", "format": "[Gen 9] Random Battle", "players": ["p0x13390eb1", "p0y13398dcc"], "log": "|init|battle\n|title|p0x13390eb1 vs. p0y13398dcc\n|j|\u2606p0x13390eb1\n|j|\u2606p0y13398dcc\n|t:|1783555556\n|gametype|singles\n|player|p1|p0x13390eb1|170|\n|player|p2|p0y13398dcc|2|\n|gen|9\n|tier|[Gen 9] Random Battle\n|rule|Species Clause: Limit one of each Pok\u00e9mon\n|rule|HP Percentage Mod: HP is shown in percentages\n|rule|Sleep Clause Mod: Limit one foe put to sleep\n|rule|Illusion Level Mod: Illusion disguises the Pok\u00e9mon's true level\n|\n|t:|1783555556\n|teamsize|p1|6\n|teamsize|p2|6\n|start\n|switch|p1a: Zebstrika|Zebstrika, L87, M|272/272\n|switch|p2a: Exeggutor|Exeggutor, L89, M|100/100\n|turn|1\n|inactive|Battle timer is ON: inactive players will automatically lose when time's up. (requested by p0y13398dcc)\n|inactive|Time left: 300 sec this turn | 300 sec total | 60 sec grace\n|inactive|p0x13390eb1 also wants the timer to be on.\n|\n|t:|1783555557\n|move|p1a: Zebstrika|Supercell Slam|p2a: Exeggutor\n|-resisted|p2a: Exeggutor\n|-damage|p2a: Exeggutor|79/100\n|-damage|p1a: Zebstrika|245/272|[from] item: Life Orb\n|move|p2a: Exeggutor|Psychic|p1a: Zebstrika\n|-damage|p1a: Zebstrika|88/272\n|-unboost|p1a: Zebstrika|spd|1\n|\n|upkeep\n|turn|2\n|inactive|Time left: 300 sec this turn | 300 sec total\n|\n|t:|1783555559\n|move|p1a: Zebstrika|Overheat|p2a: Exeggutor\n|-supereffective|p2a: Exeggutor\n|-damage|p2a: Exeggutor|2/100\n|-unboost|p1a: Zebstrika|spa|2\n|-enditem|p2a: Exeggutor|Sitrus Berry|[eat]\n|-heal|p2a: Exeggutor|27/100|[from] item: Sitrus Berry\n|-damage|p1a: Zebstrika|61/272|[from] item: Life Orb\n|move|p2a: Exeggutor|Psychic|p1a: Zebstrika\n|-damage|p1a: Zebstrika|0 fnt\n|faint|p1a: Zebstrika\n|\n|-item|p2a: Exeggutor|Sitrus Berry|[from] ability: Harvest\n|upkeep\n|-enditem|p2a: Exeggutor|Sitrus Berry|[eat]\n|-heal|p2a: Exeggutor|51/100|[from] item: Sitrus Berry\n|inactive|Time left: 300 sec this turn | 300 sec total | 5 sec grace\n|\n|t:|1783555560\n|switch|p1a: Charizard|Charizard, L85, M|271/271\n|turn|3\n|inactive|Time left: 300 sec this turn | 300 sec total\n|\n|t:|1783555561\n|move|p1a: Charizard|Flare Blitz|p2a: Exeggutor\n|-supereffective|p2a: Exeggutor\n|-damage|p2a: Exeggutor|0 fnt\n|faint|p2a: Exeggutor\n|-damage|p1a: Charizard|218/271|[from] Recoil\n|\n|upkeep\n|\n|t:|1783555562\n|switch|p2a: Stonjourner|Stonjourner, L91, F|100/100\n|turn|4\n|inactive|Time left: 300 sec this turn | 300 sec total\n|\n|t:|1783555564\n|move|p1a: Charizard|Dragon Dance|p1a: Charizard\n|-boost|p1a: Charizard|atk|1\n|-boost|p1a: Charizard|spe|1\n|move|p2a: Stonjourner|Stone Edge|p1a: Charizard\n|-supereffective|p1a: Charizard\n|-damage|p1a: Charizard|0 fnt\n|faint|p1a: Charizard\n|-damage|p2a: Stonjourner|90/100|[from] item: Life Orb\n|\n|upkeep\n|inactive|Time left: 300 sec this turn | 300 sec total | 5 sec grace\n|\n|t:|1783555565\n|switch|p1a: Rhydon|Rhydon, L85, M|317/317\n|turn|5\n|inactive|Time left: 300 sec this turn | 300 sec total\n|\n|t:|1783555566\n|move|p2a: Stonjourner|Rock Polish|p2a: Stonjourner\n|-boost|p2a: Stonjourner|spe|2\n|move|p1a: Rhydon|Earthquake|p2a: Stonjourner\n|-supereffective|p2a: Stonjourner\n|-damage|p2a: Stonjourner|35/100\n|\n|upkeep\n|turn|6\n|inactive|Time left: 300 sec this turn | 300 sec total\n|\n|t:|1783555567\n|move|p2a: Stonjourner|Earthquake|p1a: Rhydon\n|-supereffective|p1a: Rhydon\n|-damage|p1a: Rhydon|190/317\n|-damage|p2a: Stonjourner|25/100|[from] item: Life Orb\n|move|p1a: Rhydon|Earthquake|p2a: Stonjourner\n|-supereffective|p2a: Stonjourner\n|-damage|p2a: Stonjourner|0 fnt\n|faint|p2a: Stonjourner\n|\n|upkeep\n|\n|t:|1783555568\n|switch|p2a: Poliwrath|Poliwrath, L88, M|100/100\n|turn|7\n|inactive|Time left: 300 sec this turn | 300 sec total\n|\n|t:|1783555569\n|-terastallize|p1a: Rhydon|Dragon\n|move|p2a: Poliwrath|Liquidation|p1a: Rhydon\n|-resisted|p1a: Rhydon\n|-damage|p1a: Rhydon|163/317\n|move|p1a: Rhydon|Swords Dance|p1a: Rhydon\n|-boost|p1a: Rhydon|atk|2\n|\n|upkeep\n|turn|8\n|inactive|Time left: 300 sec this turn | 300 sec total\n|\n|t:|1783555570\n|move|p1a: Rhydon|Earthquake|p2a: Poliwrath\n|-damage|p2a: Poliwrath|13/100\n|move|p2a: Poliwrath|Circle Throw|p1a: Rhydon\n|-damage|p1a: Rhydon|124/317\n|drag|p1a: Scream Tail|Scream Tail, L84|330/330\n|\n|upkeep\n|turn|9\n|inactive|Time left: 300 sec this turn | 300 sec total\n|\n|t:|1783555571\n|switch|p2a: Flareon|Flareon, L90, M|100/100\n|move|p1a: Scream Tail|Dazzling Gleam|p2a: Flareon\n|-resisted|p2a: Flareon\n|-damage|p2a: Flareon|91/100\n|\n|-status|p2a: Flareon|tox|[from] item: Toxic Orb\n|upkeep\n|turn|10\n|inactive|Time left: 300 sec this turn | 300 sec total\n|\n|t:|1783555572\n|move|p1a: Scream Tail|Protect|p1a: Scream Tail\n|-singleturn|p1a: Scream Tail|Protect\n|move|p2a: Flareon|Facade|p1a: Scream Tail\n|-activate|p1a: Scream Tail|move: Protect\n|\n|-damage|p2a: Flareon|85/100 tox|[from] psn\n|upkeep\n|turn|11\n|inactive|Time left: 300 sec this turn | 300 sec total\n|\n|t:|1783555573\n|move|p1a: Scream Tail|Wish|p1a: Scream Tail\n|move|p2a: Flareon|Facade|p1a: Scream Tail\n|-damage|p1a: Scream Tail|126/330\n|\n|-heal|p1a: Scream Tail|146/330|[from] item: Leftovers\n|-damage|p2a: Flareon|72/100 tox|[from] psn\n|upkeep\n|turn|12\n|inactive|Time left: 300 sec this turn | 300 sec total\n|\n|t:|1783555574\n|switch|p2a: Vivillon|Vivillon-Sun, L83, M|100/100\n|move|p1a: Scream Tail|Protect||[still]\n|-fail|p1a: Scream Tail\n|\n|-heal|p1a: Scream Tail|311/330|[from] move: Wish|[wisher] Scream Tail\n|-heal|p1a: Scream Tail|330/330|[from] item: Leftovers\n|upkeep\n|turn|13\n|inactive|Time left: 300 sec this turn | 300 sec total\n|\n|t:|1783555575\n|move|p1a: Scream Tail|Dazzling Gleam|p2a: Vivillon\n|-damage|p2a: Vivillon|62/100\n|move|p2a: Vivillon|Quiver Dance|p2a: Vivillon\n|-boost|p2a: Vivillon|spa|1\n|-boost|p2a: Vivillon|spd|1\n|-boost|p2a: Vivillon|spe|1\n|\n|upkeep\n|turn|14\n|inactive|Time left: 300 sec this turn | 300 sec total\n|\n|t:|1783555576\n|move|p2a: Vivillon|Sleep Powder|p1a: Scream Tail\n|-status|p1a: Scream Tail|slp|[from] move: Sleep Powder\n|cant|p1a: Scream Tail|slp\n|\n|upkeep\n|turn|15\n|inactive|Time left: 300 sec this turn | 300 sec total\n|\n|t:|1783555577\n|move|p2a: Vivillon|Quiver Dance|p2a: Vivillon\n|-boost|p2a: Vivillon|spa|1\n|-boost|p2a: Vivillon|spd|1\n|-boost|p2a: Vivillon|spe|1\n|cant|p1a: Scream Tail|slp\n|\n|upkeep\n|turn|16\n|inactive|Time left: 300 sec this turn | 300 sec total\n|\n|t:|1783555578\n|move|p2a: Vivillon|Hurricane|p1a: Scream Tail\n|-damage|p1a: Scream Tail|156/330 slp\n|cant|p1a: Scream Tail|slp\n|\n|-heal|p1a: Scream Tail|176/330 slp|[from] item: Leftovers\n|upkeep\n|turn|17\n|inactive|Time left: 300 sec this turn | 300 sec total\n|\n|t:|1783555579\n|-curestatus|p1a: Scream Tail|slp|[msg]\n|move|p1a: Scream Tail|Protect|p1a: Scream Tail\n|-singleturn|p1a: Scream Tail|Protect\n|move|p2a: Vivillon|Hurricane|p1a: Scream Tail\n|-activate|p1a: Scream Tail|move: Protect\n|\n|-heal|p1a: Scream Tail|196/330|[from] item: Leftovers\n|upkeep\n|turn|18\n|inactive|Time left: 300 sec this turn | 300 sec total\n|\n|t:|1783555580\n|move|p2a: Vivillon|Hurricane|p1a: Scream Tail\n|-damage|p1a: Scream Tail|10/330\n|move|p1a: Scream Tail|Encore|p2a: Vivillon\n|-start|p2a: Vivillon|Encore\n|\n|-heal|p1a: Scream Tail|30/330|[from] item: Leftovers\n|upkeep\n|turn|19\n|inactive|Time left: 300 sec this turn | 300 sec total\n|\n|t:|1783555581\n|move|p2a: Vivillon|Hurricane|p1a: Scream Tail|[miss]\n|-miss|p2a: Vivillon|p1a: Scream Tail\n|move|p1a: Scream Tail|Wish|p1a: Scream Tail\n|\n|-heal|p1a: Scream Tail|50/330|[from] item: Leftovers\n|upkeep\n|turn|20\n|inactive|Time left: 300 sec this turn | 300 sec total\n|\n|t:|1783555582\n|move|p1a: Scream Tail|Protect|p1a: Scream Tail\n|-singleturn|p1a: Scream Tail|Protect\n|move|p2a: Vivillon|Hurricane|p1a: Scream Tail\n|-activate|p1a: Scream Tail|move: Protect\n|\n|-heal|p1a: Scream Tail|215/330|[from] move: Wish|[wisher] Scream Tail\n|-heal|p1a: Scream Tail|235/330|[from] item: Leftovers\n|upkeep\n|turn|21\n|inactive|Time left: 300 sec this turn | 300 sec total\n|\n|t:|1783555583\n|move|p2a: Vivillon|Hurricane|p1a: Scream Tail\n|-damage|p1a: Scream Tail|55/330\n|move|p1a: Scream Tail|Wish|p1a: Scream Tail\n|\n|-heal|p1a: Scream Tail|75/330|[from] item: Leftovers\n|-end|p2a: Vivillon|Encore\n|upkeep\n|turn|22\n|inactive|Time left: 300 sec this turn | 300 sec total\n|\n|t:|1783555584\n|move|p1a: Scream Tail|Protect|p1a: Scream Tail\n|-singleturn|p1a: Scream Tail|Protect\n|move|p2a: Vivillon|Hurricane|p1a: Scream Tail\n|-activate|p1a: Scream Tail|move: Protect\n|\n|-heal|p1a: Scream Tail|240/330|[from] move: Wish|[wisher] Scream Tail\n|-heal|p1a: Scream Tail|260/330|[from] item: Leftovers\n|upkeep\n|turn|23\n|inactive|Time left: 300 sec this turn | 300 sec total\n|\n|t:|1783555584\n|move|p2a: Vivillon|Hurricane|p1a: Scream Tail\n|-damage|p1a: Scream Tail|86/330\n|-start|p1a: Scream Tail|confusion\n|-activate|p1a: Scream Tail|confusion\n|move|p1a: Scream Tail|Encore|p2a: Vivillon\n|-start|p2a: Vivillon|Encore\n|\n|-heal|p1a: Scream Tail|106/330|[from] item: Leftovers\n|upkeep\n|turn|24\n|inactive|Time left: 300 sec this turn | 300 sec total\n|\n|t:|1783555586\n|-activate|p1a: Scream Tail|confusion\n|-damage|p1a: Scream Tail|91/330|[from] confusion\n|move|p2a: Vivillon|Hurricane|p1a: Scream Tail\n|-damage|p1a: Scream Tail|0 fnt\n|faint|p1a: Scream Tail\n|-end|p1a: Scream Tail|Protosynthesis|[silent]\n|\n|upkeep\n|inactive|Time left: 300 sec this turn | 300 sec total | 5 sec grace\n|\n|t:|1783555587\n|switch|p1a: Slowbro|Slowbro, L85, M|300/300\n|turn|25\n|inactive|Time left: 300 sec this turn | 300 sec total\n|\n|t:|1783555588\n|move|p2a: Vivillon|Hurricane|p1a: Slowbro\n|-damage|p1a: Slowbro|71/300\n|move|p1a: Slowbro|Thunder Wave|p2a: Vivillon\n|-status|p2a: Vivillon|par\n|\n|-heal|p1a: Slowbro|89/300|[from] item: Leftovers\n|upkeep\n|turn|26\n|inactive|Time left: 300 sec this turn | 300 sec total\n|\n|t:|1783555589\n|move|p2a: Vivillon|Hurricane|p1a: Slowbro\n|-damage|p1a: Slowbro|0 fnt\n|faint|p1a: Slowbro\n|\n|-end|p2a: Vivillon|Encore\n|upkeep\n|inactive|Time left: 300 sec this turn | 300 sec total | 5 sec grace\n|\n|t:|1783555590\n|switch|p1a: Rhydon|Rhydon, L85, M, tera:Dragon|124/317\n|turn|27\n|inactive|Time left: 300 sec this turn | 300 sec total\n|\n|t:|1783555591\n|cant|p2a: Vivillon|par\n|move|p1a: Rhydon|Stone Edge|p2a: Vivillon\n|-supereffective|p2a: Vivillon\n|-damage|p2a: Vivillon|0 fnt\n|faint|p2a: Vivillon\n|\n|upkeep\n|\n|t:|1783555592\n|switch|p2a: Flareon|Flareon, L90, M|72/100 tox\n|turn|28\n|inactive|Time left: 300 sec this turn | 300 sec total\n|\n|t:|1783555593\n|-terastallize|p2a: Flareon|Normal\n|move|p2a: Flareon|Facade|p1a: Rhydon\n|-damage|p1a: Rhydon|0 fnt\n|faint|p1a: Rhydon\n|\n|-damage|p2a: Flareon|66/100 tox|[from] psn\n|upkeep\n|inactive|Time left: 300 sec this turn | 300 sec total | 5 sec grace\n|\n|t:|1783555594\n|switch|p1a: Sableye|Sableye, L88, M|231/231\n|turn|29\n|inactive|Time left: 300 sec this turn | 300 sec total\n|\n|t:|1783555595\n|switch|p2a: Bombirdier|Bombirdier, L85, F|100/100\n|move|p1a: Sableye|Encore|p2a: Bombirdier\n|-hint|Since gen 7, Dark is immune to Prankster moves.\n|-immune|p2a: Bombirdier\n|\n|upkeep\n|turn|30\n|inactive|Time left: 300 sec this turn | 300 sec total\n|\n|t:|1783555596\n|move|p1a: Sableye|Encore|p2a: Bombirdier\n|-hint|Since gen 7, Dark is immune to Prankster moves.\n|-immune|p2a: Bombirdier\n|move|p2a: Bombirdier|Brave Bird|p1a: Sableye\n|-damage|p1a: Sableye|89/231\n|-damage|p2a: Bombirdier|82/100|[from] Recoil\n|\n|-heal|p1a: Sableye|103/231|[from] item: Leftovers\n|upkeep\n|turn|31\n|inactive|Time left: 300 sec this turn | 300 sec total\n|\n|t:|1783555597\n|move|p2a: Bombirdier|Brave Bird|p1a: Sableye\n|-damage|p1a: Sableye|0 fnt\n|faint|p1a: Sableye\n|-damage|p2a: Bombirdier|69/100|[from] Recoil\n|\n|win|p0y13398dcc", "uploadtime": 1783555597, "views": 0, "rating": 0, "private": 0, "password": null, "_winner": "p0y13398dcc", "_our_name": "p0x13390eb1"}