{"id": "battle-gen9randombattle-812", "formatid": "gen9randombattle", "format": "[Gen 9] Random Battle", "players": ["p0x8121c13", "p0y8121776"], "log": "|init|battle\n|title|p0x8121c13 vs. p0y8121776\n|j|\u2606p0x8121c13\n|j|\u2606p0y8121776\n|t:|1783548558\n|gametype|singles\n|player|p1|p0x8121c13|169|\n|player|p2|p0y8121776|1|\n|gen|9\n|tier|[Gen 9] Random Battle\n|rule|Species Clause: Limit one of each Pok\u00e9mon\n|rule|HP Percentage Mod: HP is shown in percentages\n|rule|Sleep Clause Mod: Limit one foe put to sleep\n|rule|Illusion Level Mod: Illusion disguises the Pok\u00e9mon's true level\n|\n|t:|1783548558\n|teamsize|p1|6\n|teamsize|p2|6\n|start\n|switch|p1a: Kyogre|Kyogre, L71|100/100\n|switch|p2a: Minior|Minior-Violet, L79|224/224\n|-weather|RainDance|[from] ability: Drizzle|[of] p1a: Kyogre\n|-formechange|p2a: Minior|Minior-Meteor||[from] ability: Shields Down\n|turn|1\n|inactive|Battle timer is ON: inactive players will automatically lose when time's up. (requested by p0x8121c13)\n|inactive|Time left: 300 sec this turn | 300 sec total | 60 sec grace\n|inactive|p0y8121776 also wants the timer to be on.\n|\n|t:|1783548560\n|switch|p2a: Virizion|Virizion, L82|283/283\n|move|p1a: Kyogre|Origin Pulse|p2a: Virizion\n|-resisted|p2a: Virizion\n|-damage|p2a: Virizion|217/283\n|\n|-weather|RainDance|[upkeep]\n|upkeep\n|turn|2\n|inactive|Time left: 300 sec this turn | 300 sec total\n|\n|t:|1783548562\n|switch|p1a: Amoonguss|Amoonguss, L82, M|100/100\n|move|p2a: Virizion|Swords Dance|p2a: Virizion\n|-boost|p2a: Virizion|atk|2\n|\n|-weather|RainDance|[upkeep]\n|upkeep\n|turn|3\n|inactive|Time left: 300 sec this turn | 300 sec total\n|\n|t:|1783548563\n|move|p2a: Virizion|Stone Edge|p1a: Amoonguss|[miss]\n|-miss|p2a: Virizion|p1a: Amoonguss\n|move|p1a: Amoonguss|Sludge Bomb|p2a: Virizion\n|-supereffective|p2a: Virizion\n|-damage|p2a: Virizion|95/283\n|-status|p2a: Virizion|psn\n|\n|-weather|RainDance|[upkeep]\n|-damage|p2a: Virizion|60/283 psn|[from] psn\n|upkeep\n|turn|4\n|inactive|Time left: 300 sec this turn | 300 sec total\n|\n|t:|1783548564\n|move|p2a: Virizion|Close Combat|p1a: Amoonguss\n|-resisted|p1a: Amoonguss\n|-damage|p1a: Amoonguss|46/100\n|-unboost|p2a: Virizion|def|1\n|-unboost|p2a: Virizion|spd|1\n|-damage|p2a: Virizion|13/283 psn|[from] item: Rocky Helmet|[of] p1a: Amoonguss\n|-damage|p2a: Virizion|0 fnt|[from] item: Life Orb\n|faint|p2a: Virizion\n|move|p1a: Amoonguss|Sludge Bomb|p2: Virizion|[notarget]\n|-fail|p1a: Amoonguss\n|\n|-weather|RainDance|[upkeep]\n|upkeep\n|inactive|Time left: 300 sec this turn | 300 sec total | 5 sec grace\n|\n|t:|1783548565\n|switch|p2a: Crawdaunt|Crawdaunt, L84, M|243/243\n|turn|5\n|inactive|Time left: 300 sec this turn | 300 sec total\n|\n|t:|1783548566\n|switch|p1a: Stantler|Stantler, L92, F|100/100\n|-ability|p1a: Stantler|Intimidate|boost\n|-unboost|p2a: Crawdaunt|atk|1\n|move|p2a: Crawdaunt|Knock Off|p1a: Stantler\n|-damage|p1a: Stantler|63/100\n|-enditem|p1a: Stantler|Eviolite|[from] move: Knock Off|[of] p2a: Crawdaunt\n|-damage|p2a: Crawdaunt|219/243|[from] item: Life Orb\n|\n|-weather|none\n|upkeep\n|turn|6\n|inactive|Time left: 300 sec this turn | 300 sec total\n|\n|t:|1783548567\n|move|p1a: Stantler|Tera Blast|p2a: Crawdaunt\n|-damage|p2a: Crawdaunt|92/243\n|move|p2a: Crawdaunt|Knock Off|p1a: Stantler\n|-damage|p1a: Stantler|26/100\n|-damage|p2a: Crawdaunt|68/243|[from] item: Life Orb\n|\n|upkeep\n|turn|7\n|inactive|Time left: 300 sec this turn | 300 sec total\n|\n|t:|1783548568\n|move|p1a: Stantler|Tera Blast|p2a: Crawdaunt\n|-damage|p2a: Crawdaunt|0 fnt\n|faint|p2a: Crawdaunt\n|\n|upkeep\n|inactive|Time left: 300 sec this turn | 300 sec total | 5 sec grace\n|\n|t:|1783548570\n|switch|p2a: Minior|Minior-Violet, L79|224/224\n|-formechange|p2a: Minior|Minior-Meteor||[from] ability: Shields Down\n|turn|8\n|inactive|Time left: 300 sec this turn | 300 sec total\n|\n|t:|1783548571\n|switch|p1a: Kyogre|Kyogre, L71|100/100\n|-weather|RainDance|[from] ability: Drizzle|[of] p1a: Kyogre\n|move|p2a: Minior|Shell Smash|p2a: Minior\n|-unboost|p2a: Minior|def|1\n|-unboost|p2a: Minior|spd|1\n|-boost|p2a: Minior|atk|2\n|-boost|p2a: Minior|spa|2\n|-boost|p2a: Minior|spe|2\n|-enditem|p2a: Minior|White Herb\n|-clearnegativeboost|p2a: Minior|[silent]\n|\n|-weather|RainDance|[upkeep]\n|upkeep\n|turn|9\n|inactive|Time left: 300 sec this turn | 300 sec total\n|\n|t:|1783548572\n|-terastallize|p2a: Minior|Flying\n|move|p2a: Minior|Acrobatics|p1a: Kyogre\n|-damage|p1a: Kyogre|20/100\n|move|p1a: Kyogre|Origin Pulse|p2a: Minior\n|-damage|p2a: Minior|59/224\n|\n|-weather|RainDance|[upkeep]\n|-heal|p1a: Kyogre|26/100|[from] item: Leftovers\n|-formechange|p2a: Minior|Minior-Violet||[from] ability: Shields Down\n|upkeep\n|turn|10\n|inactive|Time left: 300 sec this turn | 300 sec total\n|\n|t:|1783548573\n|switch|p1a: Bronzong|Bronzong, L88|100/100\n|move|p2a: Minior|Acrobatics|p1a: Bronzong\n|-resisted|p1a: Bronzong\n|-damage|p1a: Bronzong|61/100\n|\n|-weather|RainDance|[upkeep]\n|-heal|p1a: Bronzong|67/100|[from] item: Leftovers\n|upkeep\n|turn|11\n|inactive|Time left: 300 sec this turn | 300 sec total\n|\n|t:|1783548574\n|move|p2a: Minior|Acrobatics|p1a: Bronzong\n|-resisted|p1a: Bronzong\n|-damage|p1a: Bronzong|27/100\n|move|p1a: Bronzong|Psychic Noise|p2a: Minior\n|-damage|p2a: Minior|0 fnt\n|faint|p2a: Minior\n|\n|-weather|RainDance|[upkeep]\n|-heal|p1a: Bronzong|33/100|[from] item: Leftovers\n|upkeep\n|inactive|Time left: 300 sec this turn | 300 sec total | 5 sec grace\n|\n|t:|1783548575\n|switch|p2a: Typhlosion|Typhlosion, L84, F|267/267\n|turn|12\n|inactive|Time left: 300 sec this turn | 300 sec total\n|\n|t:|1783548576\n|switch|p1a: Gouging Fire|Gouging Fire, L74|100/100\n|move|p2a: Typhlosion|Eruption|p1a: Gouging Fire\n|-resisted|p1a: Gouging Fire\n|-damage|p1a: Gouging Fire|87/100\n|\n|-weather|none\n|upkeep\n|turn|13\n|inactive|Time left: 300 sec this turn | 300 sec total\n|\n|t:|1783548577\n|switch|p2a: Carbink|Carbink, L90|236/236\n|move|p1a: Gouging Fire|Dragon Dance|p1a: Gouging Fire\n|-boost|p1a: Gouging Fire|atk|1\n|-boost|p1a: Gouging Fire|spe|1\n|\n|upkeep\n|turn|14\n|inactive|Time left: 300 sec this turn | 300 sec total\n|\n|t:|1783548578\n|move|p1a: Gouging Fire|Dragon Dance|p1a: Gouging Fire\n|-boost|p1a: Gouging Fire|atk|1\n|-boost|p1a: Gouging Fire|spe|1\n|move|p2a: Carbink|Iron Defense|p2a: Carbink\n|-boost|p2a: Carbink|def|2\n|\n|upkeep\n|turn|15\n|inactive|Time left: 300 sec this turn | 300 sec total\n|\n|t:|1783548579\n|move|p1a: Gouging Fire|Dragon Dance|p1a: Gouging Fire\n|-boost|p1a: Gouging Fire|atk|1\n|-boost|p1a: Gouging Fire|spe|1\n|move|p2a: Carbink|Body Press|p1a: Gouging Fire\n|-damage|p1a: Gouging Fire|24/100\n|\n|upkeep\n|turn|16\n|inactive|Time left: 300 sec this turn | 300 sec total\n|\n|t:|1783548580\n|move|p1a: Gouging Fire|Morning Sun|p1a: Gouging Fire\n|-heal|p1a: Gouging Fire|74/100\n|move|p2a: Carbink|Body Press|p1a: Gouging Fire\n|-damage|p1a: Gouging Fire|19/100\n|\n|upkeep\n|turn|17\n|inactive|Time left: 300 sec this turn | 300 sec total\n|\n|t:|1783548581\n|move|p1a: Gouging Fire|Morning Sun|p1a: Gouging Fire\n|-heal|p1a: Gouging Fire|69/100\n|move|p2a: Carbink|Body Press|p1a: Gouging Fire\n|-damage|p1a: Gouging Fire|7/100\n|\n|upkeep\n|turn|18\n|inactive|Time left: 300 sec this turn | 300 sec total\n|\n|t:|1783548582\n|move|p1a: Gouging Fire|Morning Sun|p1a: Gouging Fire\n|-heal|p1a: Gouging Fire|57/100\n|move|p2a: Carbink|Body Press|p1a: Gouging Fire\n|-damage|p1a: Gouging Fire|0 fnt\n|faint|p1a: Gouging Fire\n|-end|p1a: Gouging Fire|Protosynthesis|[silent]\n|\n|upkeep\n|\n|t:|1783548583\n|switch|p1a: Kyogre|Kyogre, L71|26/100\n|-weather|RainDance|[from] ability: Drizzle|[of] p1a: Kyogre\n|turn|19\n|inactive|Time left: 300 sec this turn | 300 sec total\n|\n|t:|1783548584\n|move|p1a: Kyogre|Origin Pulse|p2a: Carbink\n|-supereffective|p2a: Carbink\n|-damage|p2a: Carbink|30/236\n|move|p2a: Carbink|Body Press|p1a: Kyogre\n|-damage|p1a: Kyogre|0 fnt\n|faint|p1a: Kyogre\n|\n|-weather|RainDance|[upkeep]\n|-heal|p2a: Carbink|44/236|[from] item: Leftovers\n|upkeep\n|\n|t:|1783548584\n|switch|p1a: Excadrill|Excadrill, L79, M|100/100\n|-ability|p1a: Excadrill|Mold Breaker\n|turn|20\n|inactive|Time left: 300 sec this turn | 300 sec total\n|\n|t:|1783548585\n|move|p1a: Excadrill|Iron Head|p2a: Carbink\n|-supereffective|p2a: Carbink\n|-damage|p2a: Carbink|0 fnt\n|faint|p2a: Carbink\n|\n|-weather|RainDance|[upkeep]\n|upkeep\n|inactive|Time left: 300 sec this turn | 300 sec total | 5 sec grace\n|\n|t:|1783548586\n|switch|p2a: Typhlosion|Typhlosion, L84, F|267/267\n|turn|21\n|inactive|Time left: 300 sec this turn | 300 sec total\n|\n|t:|1783548587\n|move|p2a: Typhlosion|Eruption|p1a: Excadrill\n|-supereffective|p1a: Excadrill\n|-damage|p1a: Excadrill|0 fnt\n|faint|p1a: Excadrill\n|\n|-weather|RainDance|[upkeep]\n|upkeep\n|\n|t:|1783548588\n|switch|p1a: Amoonguss|Amoonguss, L82, M|79/100\n|turn|22\n|inactive|Time left: 300 sec this turn | 300 sec total\n|\n|t:|1783548589\n|move|p2a: Typhlosion|Eruption|p1a: Amoonguss\n|-supereffective|p1a: Amoonguss\n|-damage|p1a: Amoonguss|0 fnt\n|faint|p1a: Amoonguss\n|\n|-weather|RainDance|[upkeep]\n|upkeep\n|\n|t:|1783548590\n|switch|p1a: Bronzong|Bronzong, L88|33/100\n|turn|23\n|inactive|Time left: 300 sec this turn | 300 sec total\n|\n|t:|1783548591\n|-terastallize|p1a: Bronzong|Fighting\n|move|p2a: Typhlosion|Eruption|p1a: Bronzong\n|-damage|p1a: Bronzong|0 fnt\n|faint|p1a: Bronzong\n|\n|-weather|none\n|upkeep\n|\n|t:|1783548592\n|switch|p1a: Stantler|Stantler, L92, F|26/100\n|-ability|p1a: Stantler|Intimidate|boost\n|-unboost|p2a: Typhlosion|atk|1\n|turn|24\n|inactive|Time left: 300 sec this turn | 300 sec total\n|\n|t:|1783548593\n|move|p2a: Typhlosion|Eruption|p1a: Stantler\n|-damage|p1a: Stantler|0 fnt\n|faint|p1a: Stantler\n|\n|win|p0y8121776", "uploadtime": 1783548593, "views": 0, "rating": 0, "private": 0, "password": null, "_winner": "p0y8121776", "_our_name": "p0y8121776"}