{"id": "battle-gen9randombattle-2355", "formatid": "gen9randombattle", "format": "[Gen 9] Random Battle", "players": ["p0x2355aa27", "p0y23551353"], "log": "|init|battle\n|title|p0x2355aa27 vs. p0y23551353\n|j|\u2606p0x2355aa27\n|j|\u2606p0y23551353\n|t:|1783566310\n|gametype|singles\n|player|p1|p0x2355aa27|265|\n|player|p2|p0y23551353|170|\n|gen|9\n|tier|[Gen 9] Random Battle\n|rule|Species Clause: Limit one of each Pok\u00e9mon\n|rule|HP Percentage Mod: HP is shown in percentages\n|rule|Sleep Clause Mod: Limit one foe put to sleep\n|rule|Illusion Level Mod: Illusion disguises the Pok\u00e9mon's true level\n|\n|t:|1783566310\n|teamsize|p1|6\n|teamsize|p2|6\n|start\n|switch|p1a: Golem|Golem, L87, F|100/100\n|switch|p2a: Eiscue|Eiscue, L88, M|274/274\n|turn|1\n|inactive|Battle timer is ON: inactive players will automatically lose when time's up. (requested by p0y23551353)\n|inactive|p0x2355aa27 also wants the timer to be on.\n|\n|t:|1783566311\n|switch|p1a: Espathra|Espathra, L80, M|100/100\n|move|p2a: Eiscue|Ice Spinner|p1a: Espathra\n|-damage|p1a: Espathra|60/100\n|\n|-heal|p1a: Espathra|66/100|[from] item: Leftovers\n|upkeep\n|turn|2\n|inactive|Time left: 300 sec this turn | 300 sec total\n|\n|t:|1783566312\n|move|p1a: Espathra|Calm Mind|p1a: Espathra\n|-boost|p1a: Espathra|spa|1\n|-boost|p1a: Espathra|spd|1\n|move|p2a: Eiscue|Belly Drum|p2a: Eiscue\n|-damage|p2a: Eiscue|137/274\n|-setboost|p2a: Eiscue|atk|6|[from] move: Belly Drum\n|-enditem|p2a: Eiscue|Sitrus Berry|[eat]\n|-heal|p2a: Eiscue|205/274|[from] item: Sitrus Berry\n|\n|-heal|p1a: Espathra|72/100|[from] item: Leftovers\n|-ability|p1a: Espathra|Speed Boost|boost\n|-boost|p1a: Espathra|spe|1\n|upkeep\n|turn|3\n|inactive|Time left: 300 sec this turn | 300 sec total\n|\n|t:|1783566313\n|move|p1a: Espathra|Substitute|p1a: Espathra\n|-start|p1a: Espathra|Substitute\n|-damage|p1a: Espathra|47/100\n|move|p2a: Eiscue|Ice Spinner|p1a: Espathra\n|-end|p1a: Espathra|Substitute\n|\n|-heal|p1a: Espathra|53/100|[from] item: Leftovers\n|-ability|p1a: Espathra|Speed Boost|boost\n|-boost|p1a: Espathra|spe|1\n|upkeep\n|turn|4\n|inactive|Time left: 300 sec this turn | 300 sec total\n|\n|t:|1783566314\n|move|p1a: Espathra|Substitute|p1a: Espathra\n|-start|p1a: Espathra|Substitute\n|-damage|p1a: Espathra|28/100\n|move|p2a: Eiscue|Liquidation|p1a: Espathra\n|-end|p1a: Espathra|Substitute\n|\n|-heal|p1a: Espathra|34/100|[from] item: Leftovers\n|-ability|p1a: Espathra|Speed Boost|boost\n|-boost|p1a: Espathra|spe|1\n|upkeep\n|turn|5\n|inactive|Time left: 300 sec this turn | 300 sec total\n|\n|t:|1783566315\n|move|p1a: Espathra|Substitute|p1a: Espathra\n|-start|p1a: Espathra|Substitute\n|-damage|p1a: Espathra|10/100\n|move|p2a: Eiscue|Liquidation|p1a: Espathra\n|-end|p1a: Espathra|Substitute\n|\n|-heal|p1a: Espathra|16/100|[from] item: Leftovers\n|-ability|p1a: Espathra|Speed Boost|boost\n|-boost|p1a: Espathra|spe|1\n|upkeep\n|turn|6\n|inactive|Time left: 300 sec this turn | 300 sec total\n|\n|t:|1783566316\n|move|p1a: Espathra|Stored Power|p2a: Eiscue\n|-damage|p2a: Eiscue|0 fnt\n|faint|p2a: Eiscue\n|\n|-heal|p1a: Espathra|22/100|[from] item: Leftovers\n|-ability|p1a: Espathra|Speed Boost|boost\n|-boost|p1a: Espathra|spe|1\n|upkeep\n|inactive|Time left: 300 sec this turn | 300 sec total | 5 sec grace\n|\n|t:|1783566317\n|switch|p2a: Jirachi|Jirachi, L80|291/291\n|turn|7\n|inactive|Time left: 300 sec this turn | 300 sec total\n|\n|t:|1783566318\n|move|p1a: Espathra|Stored Power|p2a: Jirachi\n|-resisted|p2a: Jirachi\n|-damage|p2a: Jirachi|235/291\n|move|p2a: Jirachi|Iron Head|p1a: Espathra\n|-damage|p1a: Espathra|0 fnt\n|faint|p1a: Espathra\n|\n|-heal|p2a: Jirachi|253/291|[from] item: Leftovers\n|upkeep\n|\n|t:|1783566319\n|switch|p1a: Revavroom|Revavroom, L79, M|100/100\n|turn|8\n|inactive|Time left: 300 sec this turn | 300 sec total\n|\n|t:|1783566320\n|move|p2a: Jirachi|Psychic|p1a: Revavroom\n|-damage|p1a: Revavroom|55/100\n|move|p1a: Revavroom|Shift Gear|p1a: Revavroom\n|-boost|p1a: Revavroom|spe|2\n|-boost|p1a: Revavroom|atk|1\n|\n|-heal|p2a: Jirachi|271/291|[from] item: Leftovers\n|upkeep\n|turn|9\n|inactive|Time left: 300 sec this turn | 300 sec total\n|\n|t:|1783566321\n|-terastallize|p1a: Revavroom|Ground\n|move|p1a: Revavroom|High Horsepower|p2a: Jirachi\n|-supereffective|p2a: Jirachi\n|-damage|p2a: Jirachi|0 fnt\n|faint|p2a: Jirachi\n|-damage|p1a: Revavroom|45/100|[from] item: Life Orb\n|\n|upkeep\n|inactive|Time left: 300 sec this turn | 300 sec total | 5 sec grace\n|\n|t:|1783566321\n|switch|p2a: Porygon2|Porygon2, L81|270/270\n|-ability|p2a: Porygon2|Download|boost\n|-boost|p2a: Porygon2|spa|1\n|turn|10\n|inactive|Time left: 300 sec this turn | 300 sec total\n|\n|t:|1783566322\n|move|p1a: Revavroom|Iron Head|p2a: Porygon2\n|-damage|p2a: Porygon2|144/270\n|-damage|p1a: Revavroom|35/100|[from] item: Life Orb\n|move|p2a: Porygon2|Shadow Ball|p1a: Revavroom\n|-damage|p1a: Revavroom|0 fnt\n|faint|p1a: Revavroom\n|\n|upkeep\n|\n|t:|1783566323\n|switch|p1a: Carbink|Carbink, L90|100/100\n|turn|11\n|inactive|Time left: 300 sec this turn | 300 sec total\n|\n|t:|1783566324\n|move|p2a: Porygon2|Recover|p2a: Porygon2\n|-heal|p2a: Porygon2|270/270\n|move|p1a: Carbink|Body Press|p2a: Porygon2\n|-supereffective|p2a: Porygon2\n|-damage|p2a: Porygon2|138/270\n|\n|upkeep\n|turn|12\n|inactive|Time left: 300 sec this turn | 300 sec total\n|\n|t:|1783566325\n|move|p2a: Porygon2|Recover|p2a: Porygon2\n|-heal|p2a: Porygon2|270/270\n|move|p1a: Carbink|Body Press|p2a: Porygon2\n|-supereffective|p2a: Porygon2\n|-damage|p2a: Porygon2|146/270\n|\n|upkeep\n|turn|13\n|inactive|Time left: 300 sec this turn | 300 sec total\n|\n|t:|1783566326\n|move|p2a: Porygon2|Recover|p2a: Porygon2\n|-heal|p2a: Porygon2|270/270\n|move|p1a: Carbink|Body Press|p2a: Porygon2\n|-supereffective|p2a: Porygon2\n|-damage|p2a: Porygon2|142/270\n|\n|upkeep\n|turn|14\n|inactive|Time left: 300 sec this turn | 300 sec total\n|\n|t:|1783566327\n|move|p2a: Porygon2|Recover|p2a: Porygon2\n|-heal|p2a: Porygon2|270/270\n|move|p1a: Carbink|Body Press|p2a: Porygon2\n|-supereffective|p2a: Porygon2\n|-damage|p2a: Porygon2|142/270\n|\n|upkeep\n|turn|15\n|inactive|Time left: 300 sec this turn | 300 sec total\n|\n|t:|1783566328\n|move|p2a: Porygon2|Recover|p2a: Porygon2\n|-heal|p2a: Porygon2|270/270\n|move|p1a: Carbink|Body Press|p2a: Porygon2\n|-supereffective|p2a: Porygon2\n|-damage|p2a: Porygon2|142/270\n|\n|upkeep\n|turn|16\n|inactive|Time left: 300 sec this turn | 300 sec total\n|\n|t:|1783566329\n|move|p2a: Porygon2|Recover|p2a: Porygon2\n|-heal|p2a: Porygon2|270/270\n|move|p1a: Carbink|Body Press|p2a: Porygon2\n|-supereffective|p2a: Porygon2\n|-damage|p2a: Porygon2|148/270\n|\n|upkeep\n|turn|17\n|inactive|Time left: 300 sec this turn | 300 sec total\n|\n|t:|1783566330\n|move|p2a: Porygon2|Recover|p2a: Porygon2\n|-heal|p2a: Porygon2|270/270\n|move|p1a: Carbink|Body Press|p2a: Porygon2\n|-supereffective|p2a: Porygon2\n|-damage|p2a: Porygon2|132/270\n|\n|upkeep\n|turn|18\n|inactive|Time left: 300 sec this turn | 300 sec total\n|\n|t:|1783566331\n|move|p2a: Porygon2|Recover|p2a: Porygon2\n|-heal|p2a: Porygon2|267/270\n|move|p1a: Carbink|Body Press|p2a: Porygon2\n|-supereffective|p2a: Porygon2\n|-damage|p2a: Porygon2|129/270\n|\n|upkeep\n|turn|19\n|inactive|Time left: 300 sec this turn | 300 sec total\n|\n|t:|1783566333\n|move|p2a: Porygon2|Thunder Wave|p1a: Carbink\n|-status|p1a: Carbink|par\n|move|p1a: Carbink|Body Press|p2a: Porygon2\n|-supereffective|p2a: Porygon2\n|-damage|p2a: Porygon2|1/270\n|\n|upkeep\n|turn|20\n|inactive|Time left: 300 sec this turn | 300 sec total\n|\n|t:|1783566334\n|move|p2a: Porygon2|Shadow Ball|p1a: Carbink\n|-damage|p1a: Carbink|79/100 par\n|move|p1a: Carbink|Moonblast|p2a: Porygon2\n|-damage|p2a: Porygon2|0 fnt\n|faint|p2a: Porygon2\n|\n|upkeep\n|inactive|Time left: 300 sec this turn | 300 sec total | 5 sec grace\n|\n|t:|1783566334\n|switch|p2a: Oricorio|Oricorio-Pom-Pom, L82, F|257/257\n|turn|21\n|inactive|Time left: 300 sec this turn | 300 sec total\n|\n|t:|1783566335\n|switch|p1a: Golem|Golem, L87, F|100/100\n|move|p2a: Oricorio|Quiver Dance|p2a: Oricorio\n|-boost|p2a: Oricorio|spa|1\n|-boost|p2a: Oricorio|spd|1\n|-boost|p2a: Oricorio|spe|1\n|\n|upkeep\n|turn|22\n|inactive|Time left: 300 sec this turn | 300 sec total\n|\n|t:|1783566336\n|-terastallize|p2a: Oricorio|Ground\n|move|p2a: Oricorio|Revelation Dance|p1a: Golem\n|-supereffective|p1a: Golem\n|-ability|p1a: Golem|Sturdy\n|-damage|p1a: Golem|1/100\n|move|p1a: Golem|Stone Edge|p2a: Oricorio\n|-resisted|p2a: Oricorio\n|-damage|p2a: Oricorio|173/257\n|\n|upkeep\n|turn|23\n|inactive|Time left: 300 sec this turn | 300 sec total\n|-enditem|p1a: Golem|Custap Berry|[eat]\n|-activate|p1a: Golem|item: Custap Berry|[consumed]\n|\n|t:|1783566337\n|move|p1a: Golem|Explosion|p2a: Oricorio\n|-damage|p2a: Oricorio|0 fnt\n|faint|p1a: Golem\n|faint|p2a: Oricorio\n|\n|upkeep\n|inactive|Time left: 300 sec this turn | 300 sec total | 5 sec grace\n|\n|t:|1783566338\n|switch|p2a: Glimmora|Glimmora, L75, F|248/248\n|switch|p1a: Mandibuzz|Mandibuzz, L85, F|100/100\n|-item|p2a: Glimmora|Air Balloon\n|turn|24\n|inactive|Time left: 300 sec this turn | 300 sec total\n|\n|t:|1783566339\n|switch|p1a: Carbink|Carbink, L90|79/100 par\n|move|p2a: Glimmora|Power Gem|p1a: Carbink\n|-damage|p1a: Carbink|57/100 par\n|\n|upkeep\n|turn|25\n|inactive|Time left: 300 sec this turn | 300 sec total\n|\n|t:|1783566340\n|move|p2a: Glimmora|Earth Power|p1a: Carbink\n|-supereffective|p1a: Carbink\n|-damage|p1a: Carbink|24/100 par\n|-unboost|p1a: Carbink|spd|1\n|move|p1a: Carbink|Rest|p1a: Carbink\n|-status|p1a: Carbink|slp|[from] move: Rest\n|-heal|p1a: Carbink|100/100 slp|[silent]\n|-enditem|p1a: Carbink|Chesto Berry|[eat]\n|-curestatus|p1a: Carbink|slp|[msg]\n|\n|upkeep\n|turn|26\n|inactive|Time left: 300 sec this turn | 300 sec total\n|\n|t:|1783566341\n|move|p2a: Glimmora|Earth Power|p1a: Carbink\n|-supereffective|p1a: Carbink\n|-damage|p1a: Carbink|46/100\n|move|p1a: Carbink|Moonblast|p2a: Glimmora\n|-resisted|p2a: Glimmora\n|-damage|p2a: Glimmora|206/248\n|-enditem|p2a: Glimmora|Air Balloon\n|\n|upkeep\n|turn|27\n|inactive|Time left: 300 sec this turn | 300 sec total\n|\n|t:|1783566342\n|move|p2a: Glimmora|Sludge Wave|p1a: Carbink\n|-damage|p1a: Carbink|5/100\n|move|p1a: Carbink|Rest|p1a: Carbink\n|-status|p1a: Carbink|slp|[from] move: Rest\n|-heal|p1a: Carbink|100/100 slp|[silent]\n|\n|upkeep\n|turn|28\n|inactive|Time left: 300 sec this turn | 300 sec total\n|\n|t:|1783566343\n|switch|p1a: Mandibuzz|Mandibuzz, L85, F|100/100\n|move|p2a: Glimmora|Power Gem|p1a: Mandibuzz\n|-supereffective|p1a: Mandibuzz\n|-damage|p1a: Mandibuzz|54/100\n|\n|upkeep\n|turn|29\n|inactive|Time left: 300 sec this turn | 300 sec total\n|\n|t:|1783566344\n|move|p1a: Mandibuzz|Roost|p1a: Mandibuzz\n|-heal|p1a: Mandibuzz|100/100\n|-singleturn|p1a: Mandibuzz|move: Roost\n|move|p2a: Glimmora|Power Gem|p1a: Mandibuzz\n|-damage|p1a: Mandibuzz|74/100\n|\n|upkeep\n|turn|30\n|inactive|Time left: 300 sec this turn | 300 sec total\n|\n|t:|1783566345\n|move|p1a: Mandibuzz|Roost|p1a: Mandibuzz\n|-heal|p1a: Mandibuzz|100/100\n|-singleturn|p1a: Mandibuzz|move: Roost\n|move|p2a: Glimmora|Sludge Wave|p1a: Mandibuzz\n|-damage|p1a: Mandibuzz|72/100\n|\n|upkeep\n|turn|31\n|inactive|Time left: 300 sec this turn | 300 sec total\n|\n|t:|1783566346\n|move|p1a: Mandibuzz|Roost|p1a: Mandibuzz\n|-heal|p1a: Mandibuzz|100/100\n|-singleturn|p1a: Mandibuzz|move: Roost\n|move|p2a: Glimmora|Sludge Wave|p1a: Mandibuzz\n|-damage|p1a: Mandibuzz|72/100\n|\n|upkeep\n|turn|32\n|inactive|Time left: 300 sec this turn | 300 sec total\n|\n|t:|1783566347\n|move|p1a: Mandibuzz|Roost|p1a: Mandibuzz\n|-heal|p1a: Mandibuzz|100/100\n|-singleturn|p1a: Mandibuzz|move: Roost\n|move|p2a: Glimmora|Sludge Wave|p1a: Mandibuzz\n|-damage|p1a: Mandibuzz|68/100\n|\n|upkeep\n|turn|33\n|inactive|Time left: 300 sec this turn | 300 sec total\n|\n|t:|1783566348\n|move|p1a: Mandibuzz|Roost|p1a: Mandibuzz\n|-heal|p1a: Mandibuzz|100/100\n|-singleturn|p1a: Mandibuzz|move: Roost\n|move|p2a: Glimmora|Sludge Wave|p1a: Mandibuzz\n|-damage|p1a: Mandibuzz|73/100\n|\n|upkeep\n|turn|34\n|inactive|Time left: 300 sec this turn | 300 sec total\n|\n|t:|1783566349\n|move|p1a: Mandibuzz|Roost|p1a: Mandibuzz\n|-heal|p1a: Mandibuzz|100/100\n|-singleturn|p1a: Mandibuzz|move: Roost\n|move|p2a: Glimmora|Power Gem|p1a: Mandibuzz\n|-damage|p1a: Mandibuzz|75/100\n|\n|upkeep\n|turn|35\n|inactive|Time left: 300 sec this turn | 300 sec total\n|\n|t:|1783566350\n|move|p1a: Mandibuzz|Roost|p1a: Mandibuzz\n|-heal|p1a: Mandibuzz|100/100\n|-singleturn|p1a: Mandibuzz|move: Roost\n|move|p2a: Glimmora|Sludge Wave|p1a: Mandibuzz\n|-damage|p1a: Mandibuzz|72/100\n|\n|upkeep\n|turn|36\n|inactive|Time left: 300 sec this turn | 300 sec total\n|\n|t:|1783566351\n|move|p1a: Mandibuzz|Roost|p1a: Mandibuzz\n|-heal|p1a: Mandibuzz|100/100\n|-singleturn|p1a: Mandibuzz|move: Roost\n|move|p2a: Glimmora|Sludge Wave|p1a: Mandibuzz\n|-damage|p1a: Mandibuzz|69/100\n|\n|upkeep\n|turn|37\n|inactive|Time left: 300 sec this turn | 300 sec total\n|\n|t:|1783566352\n|switch|p1a: Carbink|Carbink, L90|100/100 slp\n|move|p2a: Glimmora|Power Gem|p1a: Carbink\n|-damage|p1a: Carbink|78/100 slp\n|\n|upkeep\n|turn|38\n|inactive|Time left: 300 sec this turn | 300 sec total\n|\n|t:|1783566353\n|move|p2a: Glimmora|Power Gem|p1a: Carbink\n|-damage|p1a: Carbink|54/100 slp\n|cant|p1a: Carbink|slp\n|\n|upkeep\n|turn|39\n|inactive|Time left: 300 sec this turn | 300 sec total\n|\n|t:|1783566354\n|move|p2a: Glimmora|Sludge Wave|p1a: Carbink\n|-damage|p1a: Carbink|24/100 slp\n|cant|p1a: Carbink|slp\n|\n|upkeep\n|turn|40\n|inactive|Time left: 300 sec this turn | 300 sec total\n|\n|t:|1783566355\n|move|p2a: Glimmora|Sludge Wave|p1a: Carbink\n|-damage|p1a: Carbink|0 fnt\n|faint|p1a: Carbink\n|\n|upkeep\n|\n|t:|1783566356\n|switch|p1a: Appletun|Appletun, L92, M|100/100\n|turn|41\n|inactive|Time left: 300 sec this turn | 300 sec total\n|\n|t:|1783566357\n|move|p2a: Glimmora|Sludge Wave|p1a: Appletun\n|-supereffective|p1a: Appletun\n|-damage|p1a: Appletun|45/100\n|move|p1a: Appletun|Recover|p1a: Appletun\n|-heal|p1a: Appletun|95/100\n|\n|-heal|p1a: Appletun|100/100|[from] item: Leftovers\n|upkeep\n|turn|42\n|inactive|Time left: 300 sec this turn | 300 sec total\n|\n|t:|1783566358\n|move|p2a: Glimmora|Sludge Wave|p1a: Appletun\n|-supereffective|p1a: Appletun\n|-damage|p1a: Appletun|46/100\n|move|p1a: Appletun|Recover|p1a: Appletun\n|-heal|p1a: Appletun|96/100\n|\n|-heal|p1a: Appletun|100/100|[from] item: Leftovers\n|upkeep\n|turn|43\n|inactive|Time left: 300 sec this turn | 300 sec total\n|\n|t:|1783566359\n|move|p2a: Glimmora|Sludge Wave|p1a: Appletun\n|-supereffective|p1a: Appletun\n|-damage|p1a: Appletun|41/100\n|move|p1a: Appletun|Recover|p1a: Appletun\n|-heal|p1a: Appletun|91/100\n|\n|-heal|p1a: Appletun|97/100|[from] item: Leftovers\n|upkeep\n|turn|44\n|inactive|Time left: 300 sec this turn | 300 sec total\n|\n|t:|1783566359\n|move|p2a: Glimmora|Sludge Wave|p1a: Appletun\n|-supereffective|p1a: Appletun\n|-damage|p1a: Appletun|43/100\n|move|p1a: Appletun|Recover|p1a: Appletun\n|-heal|p1a: Appletun|93/100\n|\n|-heal|p1a: Appletun|99/100|[from] item: Leftovers\n|upkeep\n|turn|45\n|inactive|Time left: 300 sec this turn | 300 sec total\n|\n|t:|1783566360\n|move|p2a: Glimmora|Sludge Wave|p1a: Appletun\n|-supereffective|p1a: Appletun\n|-damage|p1a: Appletun|42/100\n|-status|p1a: Appletun|psn\n|move|p1a: Appletun|Recover|p1a: Appletun\n|-heal|p1a: Appletun|92/100 psn\n|\n|-heal|p1a: Appletun|98/100 psn|[from] item: Leftovers\n|-damage|p1a: Appletun|86/100 psn|[from] psn\n|upkeep\n|turn|46\n|inactive|Time left: 300 sec this turn | 300 sec total\n|\n|t:|1783566361\n|move|p2a: Glimmora|Sludge Wave|p1a: Appletun\n|-supereffective|p1a: Appletun\n|-damage|p1a: Appletun|29/100 psn\n|move|p1a: Appletun|Draco Meteor|p2a: Glimmora\n|-damage|p2a: Glimmora|19/248\n|-unboost|p1a: Appletun|spa|2\n|\n|-heal|p1a: Appletun|36/100 psn|[from] item: Leftovers\n|-damage|p1a: Appletun|23/100 psn|[from] psn\n|upkeep\n|turn|47\n|inactive|Time left: 300 sec this turn | 300 sec total\n|\n|t:|1783566363\n|move|p2a: Glimmora|Sludge Wave|p1a: Appletun\n|-supereffective|p1a: Appletun\n|-damage|p1a: Appletun|0 fnt\n|faint|p1a: Appletun\n|\n|upkeep\n|\n|t:|1783566363\n|switch|p1a: Mandibuzz|Mandibuzz, L85, F|69/100\n|turn|48\n|inactive|Time left: 300 sec this turn | 300 sec total\n|\n|t:|1783566364\n|switch|p2a: Chesnaught|Chesnaught, L84, F|285/285\n|move|p1a: Mandibuzz|Foul Play|p2a: Chesnaught\n|-resisted|p2a: Chesnaught\n|-damage|p2a: Chesnaught|240/285\n|-damage|p1a: Mandibuzz|53/100|[from] item: Rocky Helmet|[of] p2a: Chesnaught\n|\n|upkeep\n|turn|49\n|inactive|Time left: 300 sec this turn | 300 sec total\n|\n|t:|1783566365\n|move|p1a: Mandibuzz|Brave Bird|p2a: Chesnaught\n|-supereffective|p2a: Chesnaught\n|-damage|p2a: Chesnaught|0 fnt\n|-damage|p1a: Mandibuzz|36/100|[from] item: Rocky Helmet|[of] p2a: Chesnaught\n|faint|p2a: Chesnaught\n|-damage|p1a: Mandibuzz|12/100|[from] Recoil\n|\n|upkeep\n|inactive|Time left: 300 sec this turn | 300 sec total | 5 sec grace\n|\n|t:|1783566366\n|switch|p2a: Glimmora|Glimmora, L75, F|19/248\n|turn|50\n|inactive|Time left: 300 sec this turn | 300 sec total\n|\n|t:|1783566367\n|move|p1a: Mandibuzz|Brave Bird|p2a: Glimmora\n|-resisted|p2a: Glimmora\n|-damage|p2a: Glimmora|0 fnt\n|-activate|p2a: Glimmora|ability: Toxic Debris\n|-sidestart|p1: p0x2355aa27|move: Toxic Spikes\n|faint|p2a: Glimmora\n|-damage|p1a: Mandibuzz|10/100|[from] Recoil\n|\n|win|p0x2355aa27", "uploadtime": 1783566367, "views": 0, "rating": 0, "private": 0, "password": null, "_winner": "p0x2355aa27", "_our_name": "p0y23551353"}