{"id": "battle-gen9randombattle-1804", "formatid": "gen9randombattle", "format": "[Gen 9] Random Battle", "players": ["p0x18042cc0", "p0y1804cc38"], "log": "|init|battle\n|title|p0x18042cc0 vs. p0y1804cc38\n|j|\u2606p0x18042cc0\n|j|\u2606p0y1804cc38\n|t:|1783560137\n|gametype|singles\n|player|p1|p0x18042cc0|1|\n|player|p2|p0y1804cc38|266|\n|gen|9\n|tier|[Gen 9] Random Battle\n|rule|Species Clause: Limit one of each Pok\u00e9mon\n|rule|HP Percentage Mod: HP is shown in percentages\n|rule|Sleep Clause Mod: Limit one foe put to sleep\n|rule|Illusion Level Mod: Illusion disguises the Pok\u00e9mon's true level\n|\n|t:|1783560137\n|teamsize|p1|6\n|teamsize|p2|6\n|start\n|switch|p1a: Arbok|Arbok, L87, M|100/100\n|switch|p2a: Farigiraf|Farigiraf, L90, M|362/362\n|-ability|p1a: Arbok|Intimidate|boost\n|-unboost|p2a: Farigiraf|atk|1\n|turn|1\n|inactive|Battle timer is ON: inactive players will automatically lose when time's up. (requested by p0x18042cc0)\n|inactive|Time left: 300 sec this turn | 300 sec total | 60 sec grace\n|inactive|p0y1804cc38 also wants the timer to be on.\n|\n|t:|1783560138\n|move|p1a: Arbok|Glare|p2a: Farigiraf\n|-status|p2a: Farigiraf|par\n|move|p2a: Farigiraf|Psychic Noise|p1a: Arbok\n|-supereffective|p1a: Arbok\n|-damage|p1a: Arbok|20/100\n|-start|p1a: Arbok|move: Heal Block\n|\n|upkeep\n|turn|2\n|inactive|Time left: 300 sec this turn | 300 sec total\n|\n|t:|1783560139\n|switch|p2a: Zamazenta|Zamazenta, L71|248/248\n|-ability|p2a: Zamazenta|Dauntless Shield|boost\n|-boost|p2a: Zamazenta|def|1\n|move|p1a: Arbok|Gunk Shot|p2a: Zamazenta\n|-damage|p2a: Zamazenta|138/248\n|-status|p2a: Zamazenta|psn\n|-damage|p1a: Arbok|10/100|[from] item: Life Orb\n|\n|-damage|p2a: Zamazenta|107/248 psn|[from] psn\n|-end|p1a: Arbok|move: Heal Block\n|upkeep\n|turn|3\n|inactive|Time left: 300 sec this turn | 300 sec total\n|\n|t:|1783560141\n|switch|p1a: Azelf|Azelf, L82|100/100\n|move|p2a: Zamazenta|Close Combat|p1a: Azelf\n|-resisted|p1a: Azelf\n|-damage|p1a: Azelf|63/100\n|-unboost|p2a: Zamazenta|def|1\n|-unboost|p2a: Zamazenta|spd|1\n|\n|-damage|p2a: Zamazenta|76/248 psn|[from] psn\n|upkeep\n|turn|4\n|inactive|Time left: 300 sec this turn | 300 sec total\n|\n|t:|1783560142\n|move|p2a: Zamazenta|Close Combat|p1a: Azelf\n|-resisted|p1a: Azelf\n|-damage|p1a: Azelf|21/100\n|-unboost|p2a: Zamazenta|def|1\n|-unboost|p2a: Zamazenta|spd|1\n|move|p1a: Azelf|Dazzling Gleam|p2a: Zamazenta\n|-supereffective|p2a: Zamazenta\n|-crit|p2a: Zamazenta\n|-damage|p2a: Zamazenta|0 fnt\n|faint|p2a: Zamazenta\n|-damage|p1a: Azelf|11/100|[from] item: Life Orb\n|\n|upkeep\n|inactive|Time left: 300 sec this turn | 300 sec total | 5 sec grace\n|\n|t:|1783560143\n|switch|p2a: Regidrago|Regidrago, L77|435/435\n|turn|5\n|inactive|Time left: 300 sec this turn | 300 sec total\n|\n|t:|1783560144\n|move|p1a: Azelf|Dazzling Gleam|p2a: Regidrago\n|-supereffective|p2a: Regidrago\n|-damage|p2a: Regidrago|180/435\n|-damage|p1a: Azelf|2/100|[from] item: Life Orb\n|move|p2a: Regidrago|Dragon Dance|p2a: Regidrago\n|-boost|p2a: Regidrago|atk|1\n|-boost|p2a: Regidrago|spe|1\n|\n|upkeep\n|turn|6\n|inactive|Time left: 300 sec this turn | 300 sec total\n|\n|t:|1783560145\n|switch|p1a: Arbok|Arbok, L87, M|10/100\n|-ability|p1a: Arbok|Intimidate|boost\n|-unboost|p2a: Regidrago|atk|1\n|move|p2a: Regidrago|Dragon Claw|p1a: Arbok\n|-damage|p1a: Arbok|0 fnt\n|faint|p1a: Arbok\n|-damage|p2a: Regidrago|137/435|[from] item: Life Orb\n|\n|upkeep\n|\n|t:|1783560146\n|switch|p1a: Beartic|Beartic, L91, M|100/100\n|turn|7\n|inactive|Time left: 300 sec this turn | 300 sec total\n|\n|t:|1783560148\n|move|p2a: Regidrago|Dragon Claw|p1a: Beartic\n|-damage|p1a: Beartic|55/100\n|-damage|p2a: Regidrago|94/435|[from] item: Life Orb\n|move|p1a: Beartic|Earthquake|p2a: Regidrago\n|-damage|p2a: Regidrago|0 fnt\n|faint|p2a: Regidrago\n|\n|upkeep\n|inactive|Time left: 300 sec this turn | 300 sec total | 5 sec grace\n|\n|t:|1783560149\n|switch|p2a: Perrserker|Perrserker, L89, F|269/269\n|turn|8\n|inactive|Time left: 300 sec this turn | 300 sec total\n|\n|t:|1783560150\n|-terastallize|p2a: Perrserker|Fighting\n|move|p1a: Beartic|Earthquake|p2a: Perrserker\n|-damage|p2a: Perrserker|180/269\n|move|p2a: Perrserker|Iron Head|p1a: Beartic\n|-supereffective|p1a: Beartic\n|-damage|p1a: Beartic|0 fnt\n|faint|p1a: Beartic\n|\n|upkeep\n|\n|t:|1783560151\n|switch|p1a: Pyroar|Pyroar, L88, F|100/100\n|-ability|p1a: Pyroar|Unnerve\n|turn|9\n|inactive|Time left: 300 sec this turn | 300 sec total\n|\n|t:|1783560152\n|switch|p2a: Farigiraf|Farigiraf, L90, M|362/362 par\n|move|p1a: Pyroar|Work Up|p1a: Pyroar\n|-boost|p1a: Pyroar|atk|1\n|-boost|p1a: Pyroar|spa|1\n|\n|upkeep\n|turn|10\n|inactive|Time left: 300 sec this turn | 300 sec total\n|\n|t:|1783560153\n|move|p1a: Pyroar|Fire Blast|p2a: Farigiraf|[miss]\n|-miss|p1a: Pyroar|p2a: Farigiraf\n|move|p2a: Farigiraf|Body Slam|p1a: Pyroar\n|-damage|p1a: Pyroar|65/100\n|\n|upkeep\n|turn|11\n|inactive|Time left: 300 sec this turn | 300 sec total\n|\n|t:|1783560154\n|move|p1a: Pyroar|Hyper Voice|p2a: Farigiraf\n|-damage|p2a: Farigiraf|169/362 par\n|move|p2a: Farigiraf|Psychic Noise|p1a: Pyroar\n|-damage|p1a: Pyroar|23/100\n|-start|p1a: Pyroar|move: Heal Block\n|\n|-heal|p2a: Farigiraf|191/362 par|[from] item: Leftovers\n|upkeep\n|turn|12\n|inactive|Time left: 300 sec this turn | 300 sec total\n|\n|t:|1783560155\n|move|p1a: Pyroar|Fire Blast|p2a: Farigiraf|[miss]\n|-miss|p1a: Pyroar|p2a: Farigiraf\n|move|p2a: Farigiraf|Body Slam|p1a: Pyroar\n|-damage|p1a: Pyroar|0 fnt\n|faint|p1a: Pyroar\n|\n|-heal|p2a: Farigiraf|213/362 par|[from] item: Leftovers\n|upkeep\n|\n|t:|1783560155\n|switch|p1a: Lanturn|Lanturn, L89, M|100/100\n|turn|13\n|inactive|Time left: 300 sec this turn | 300 sec total\n|\n|t:|1783560156\n|move|p1a: Lanturn|Thunderbolt|p2a: Farigiraf\n|-damage|p2a: Farigiraf|107/362 par\n|move|p2a: Farigiraf|Wish|p2a: Farigiraf\n|\n|-heal|p2a: Farigiraf|129/362 par|[from] item: Leftovers\n|upkeep\n|turn|14\n|inactive|Time left: 300 sec this turn | 300 sec total\n|\n|t:|1783560157\n|move|p1a: Lanturn|Thunderbolt|p2a: Farigiraf\n|-crit|p2a: Farigiraf\n|-damage|p2a: Farigiraf|0 fnt\n|faint|p2a: Farigiraf\n|\n|upkeep\n|inactive|Time left: 300 sec this turn | 300 sec total | 5 sec grace\n|\n|t:|1783560158\n|switch|p2a: Toedscruel|Toedscruel, L87, M|281/281\n|turn|15\n|inactive|Time left: 300 sec this turn | 300 sec total\n|\n|t:|1783560159\n|move|p1a: Lanturn|Ice Beam|p2a: Toedscruel\n|-supereffective|p2a: Toedscruel\n|-damage|p2a: Toedscruel|113/281\n|move|p2a: Toedscruel|Spore|p1a: Lanturn\n|-status|p1a: Lanturn|slp|[from] move: Spore\n|\n|-heal|p2a: Toedscruel|130/281|[from] item: Leftovers\n|upkeep\n|turn|16\n|inactive|Time left: 300 sec this turn | 300 sec total\n|\n|t:|1783560160\n|switch|p1a: Azelf|Azelf, L82|2/100\n|move|p2a: Toedscruel|Rapid Spin|p1a: Azelf\n|-damage|p1a: Azelf|0 fnt\n|-boost|p2a: Toedscruel|spe|1\n|faint|p1a: Azelf\n|\n|-heal|p2a: Toedscruel|147/281|[from] item: Leftovers\n|upkeep\n|\n|t:|1783560161\n|switch|p1a: Sceptile|Sceptile, L87, F|100/100\n|turn|17\n|inactive|Time left: 300 sec this turn | 300 sec total\n|\n|t:|1783560162\n|move|p2a: Toedscruel|Earth Power|p1a: Sceptile\n|-resisted|p1a: Sceptile\n|-damage|p1a: Sceptile|83/100\n|move|p1a: Sceptile|Giga Drain|p2a: Toedscruel\n|-damage|p2a: Toedscruel|84/281\n|-heal|p1a: Sceptile|95/100|[from] drain|[of] p2a: Toedscruel\n|\n|-heal|p2a: Toedscruel|101/281|[from] item: Leftovers\n|-heal|p1a: Sceptile|100/100|[from] item: Leftovers\n|upkeep\n|turn|18\n|inactive|Time left: 300 sec this turn | 300 sec total\n|\n|t:|1783560163\n|switch|p2a: Metagross|Metagross, L79|256/256\n|move|p1a: Sceptile|Giga Drain|p2a: Metagross\n|-resisted|p2a: Metagross\n|-damage|p2a: Metagross|205/256\n|\n|upkeep\n|turn|19\n|inactive|Time left: 300 sec this turn | 300 sec total\n|\n|t:|1783560164\n|move|p1a: Sceptile|Leech Seed|p2a: Metagross\n|-start|p2a: Metagross|move: Leech Seed\n|move|p2a: Metagross|Heavy Slam|p1a: Sceptile\n|-damage|p1a: Sceptile|30/100\n|\n|-heal|p1a: Sceptile|36/100|[from] item: Leftovers\n|-damage|p2a: Metagross|173/256|[from] Leech Seed|[of] p1a: Sceptile\n|-heal|p1a: Sceptile|48/100|[silent]\n|upkeep\n|turn|20\n|inactive|Time left: 300 sec this turn | 300 sec total\n|\n|t:|1783560166\n|move|p1a: Sceptile|Substitute|p1a: Sceptile\n|-start|p1a: Sceptile|Substitute\n|-damage|p1a: Sceptile|23/100\n|move|p2a: Metagross|Heavy Slam|p1a: Sceptile\n|-end|p1a: Sceptile|Substitute\n|\n|-heal|p1a: Sceptile|29/100|[from] item: Leftovers\n|-damage|p2a: Metagross|141/256|[from] Leech Seed|[of] p1a: Sceptile\n|-heal|p1a: Sceptile|41/100|[silent]\n|upkeep\n|turn|21\n|inactive|Time left: 300 sec this turn | 300 sec total\n|\n|t:|1783560167\n|move|p1a: Sceptile|Substitute|p1a: Sceptile\n|-start|p1a: Sceptile|Substitute\n|-damage|p1a: Sceptile|16/100\n|move|p2a: Metagross|Heavy Slam|p1a: Sceptile\n|-end|p1a: Sceptile|Substitute\n|\n|-heal|p1a: Sceptile|22/100|[from] item: Leftovers\n|-damage|p2a: Metagross|109/256|[from] Leech Seed|[of] p1a: Sceptile\n|-heal|p1a: Sceptile|35/100|[silent]\n|upkeep\n|turn|22\n|inactive|Time left: 300 sec this turn | 300 sec total\n|\n|t:|1783560168\n|move|p1a: Sceptile|Substitute|p1a: Sceptile\n|-start|p1a: Sceptile|Substitute\n|-damage|p1a: Sceptile|10/100\n|move|p2a: Metagross|Heavy Slam|p1a: Sceptile\n|-end|p1a: Sceptile|Substitute\n|\n|-heal|p1a: Sceptile|16/100|[from] item: Leftovers\n|-damage|p2a: Metagross|77/256|[from] Leech Seed|[of] p1a: Sceptile\n|-heal|p1a: Sceptile|28/100|[silent]\n|upkeep\n|turn|23\n|inactive|Time left: 300 sec this turn | 300 sec total\n|\n|t:|1783560169\n|move|p1a: Sceptile|Substitute|p1a: Sceptile\n|-start|p1a: Sceptile|Substitute\n|-damage|p1a: Sceptile|3/100\n|move|p2a: Metagross|Heavy Slam|p1a: Sceptile\n|-crit|p1a: Sceptile\n|-end|p1a: Sceptile|Substitute\n|\n|-heal|p1a: Sceptile|9/100|[from] item: Leftovers\n|-damage|p2a: Metagross|45/256|[from] Leech Seed|[of] p1a: Sceptile\n|-heal|p1a: Sceptile|21/100|[silent]\n|upkeep\n|turn|24\n|inactive|Time left: 300 sec this turn | 300 sec total\n|\n|t:|1783560170\n|move|p1a: Sceptile|Giga Drain|p2a: Metagross\n|-resisted|p2a: Metagross\n|-crit|p2a: Metagross\n|-damage|p2a: Metagross|0 fnt\n|-heal|p1a: Sceptile|30/100|[from] drain|[of] p2a: Metagross\n|faint|p2a: Metagross\n|\n|-heal|p1a: Sceptile|36/100|[from] item: Leftovers\n|upkeep\n|inactive|Time left: 300 sec this turn | 300 sec total | 5 sec grace\n|\n|t:|1783560171\n|switch|p2a: Perrserker|Perrserker, L89, F, tera:Fighting|180/269\n|turn|25\n|inactive|Time left: 300 sec this turn | 300 sec total\n|\n|t:|1783560172\n|move|p1a: Sceptile|Substitute|p1a: Sceptile\n|-start|p1a: Sceptile|Substitute\n|-damage|p1a: Sceptile|11/100\n|move|p2a: Perrserker|Knock Off|p1a: Sceptile\n|-end|p1a: Sceptile|Substitute\n|\n|-heal|p1a: Sceptile|17/100|[from] item: Leftovers\n|upkeep\n|turn|26\n|inactive|Time left: 300 sec this turn | 300 sec total\n|\n|t:|1783560172\n|move|p1a: Sceptile|Giga Drain|p2a: Perrserker\n|-damage|p2a: Perrserker|5/269\n|-heal|p1a: Sceptile|50/100|[from] drain|[of] p2a: Perrserker\n|move|p2a: Perrserker|Knock Off|p1a: Sceptile\n|-damage|p1a: Sceptile|0 fnt\n|-enditem|p1a: Sceptile|Leftovers|[from] move: Knock Off|[of] p2a: Perrserker\n|faint|p1a: Sceptile\n|\n|upkeep\n|\n|t:|1783560173\n|switch|p1a: Lanturn|Lanturn, L89, M|100/100 slp\n|turn|27\n|inactive|Time left: 300 sec this turn | 300 sec total\n|\n|t:|1783560174\n|cant|p1a: Lanturn|slp\n|move|p2a: Perrserker|Knock Off|p1a: Lanturn\n|-damage|p1a: Lanturn|44/100 slp\n|-enditem|p1a: Lanturn|Leftovers|[from] move: Knock Off|[of] p2a: Perrserker\n|\n|upkeep\n|turn|28\n|inactive|Time left: 300 sec this turn | 300 sec total\n|\n|t:|1783560175\n|-terastallize|p1a: Lanturn|Flying\n|-curestatus|p1a: Lanturn|slp|[msg]\n|move|p1a: Lanturn|Scald|p2a: Perrserker\n|-damage|p2a: Perrserker|0 fnt\n|faint|p2a: Perrserker\n|\n|upkeep\n|inactive|Time left: 300 sec this turn | 300 sec total | 5 sec grace\n|\n|t:|1783560176\n|switch|p2a: Toedscruel|Toedscruel, L87, M|101/281\n|turn|29\n|inactive|Time left: 300 sec this turn | 300 sec total\n|\n|t:|1783560177\n|move|p1a: Lanturn|Ice Beam|p2a: Toedscruel\n|-supereffective|p2a: Toedscruel\n|-damage|p2a: Toedscruel|0 fnt\n|faint|p2a: Toedscruel\n|\n|win|p0x18042cc0", "uploadtime": 1783560177, "views": 0, "rating": 0, "private": 0, "password": null, "_winner": "p0x18042cc0", "_our_name": "p0y1804cc38"}