{"id": "battle-gen9randombattle-1503", "formatid": "gen9randombattle", "format": "[Gen 9] Random Battle", "players": ["p0x15033b23", "p0y15033fdd"], "log": "|init|battle\n|title|p0x15033b23 vs. p0y15033fdd\n|j|\u2606p0x15033b23\n|j|\u2606p0y15033fdd\n|t:|1783556574\n|gametype|singles\n|player|p1|p0x15033b23|1|\n|player|p2|p0y15033fdd|170|\n|gen|9\n|tier|[Gen 9] Random Battle\n|rule|Species Clause: Limit one of each Pok\u00e9mon\n|rule|HP Percentage Mod: HP is shown in percentages\n|rule|Sleep Clause Mod: Limit one foe put to sleep\n|rule|Illusion Level Mod: Illusion disguises the Pok\u00e9mon's true level\n|\n|t:|1783556574\n|teamsize|p1|6\n|teamsize|p2|6\n|start\n|switch|p1a: Slaking|Slaking, L84, M|100/100\n|switch|p2a: Maushold|Maushold, L76|238/238\n|turn|1\n|inactive|Battle timer is ON: inactive players will automatically lose when time's up. (requested by p0x15033b23)\n|inactive|Time left: 300 sec this turn | 300 sec total | 60 sec grace\n|inactive|p0y15033fdd also wants the timer to be on.\n|\n|t:|1783556575\n|switch|p2a: Rampardos|Rampardos, L90, M|321/321\n|move|p1a: Slaking|Giga Impact|p2a: Rampardos\n|-resisted|p2a: Rampardos\n|-damage|p2a: Rampardos|111/321\n|-mustrecharge|p1a: Slaking\n|\n|upkeep\n|turn|2\n|inactive|Time left: 300 sec this turn | 300 sec total\n|\n|t:|1783556576\n|-terastallize|p2a: Rampardos|Rock\n|move|p2a: Rampardos|Rock Slide|p1a: Slaking|[miss]\n|-miss|p2a: Rampardos|p1a: Slaking\n|cant|p1a: Slaking|recharge\n|\n|upkeep\n|turn|3\n|inactive|Time left: 300 sec this turn | 300 sec total\n|\n|t:|1783556577\n|move|p2a: Rampardos|Rock Slide|p1a: Slaking\n|-damage|p1a: Slaking|43/100\n|move|p1a: Slaking|Giga Impact|p2a: Rampardos|[miss]\n|-miss|p1a: Slaking|p2a: Rampardos\n|\n|upkeep\n|turn|4\n|inactive|Time left: 300 sec this turn | 300 sec total\n|\n|t:|1783556578\n|switch|p1a: Magnezone|Magnezone, L85|100/100\n|move|p2a: Rampardos|Rock Slide|p1a: Magnezone\n|-resisted|p1a: Magnezone\n|-damage|p1a: Magnezone|63/100\n|\n|upkeep\n|turn|5\n|inactive|Time left: 300 sec this turn | 300 sec total\n|\n|t:|1783556579\n|move|p2a: Rampardos|Rock Slide|p1a: Magnezone|[miss]\n|-miss|p2a: Rampardos|p1a: Magnezone\n|move|p1a: Magnezone|Thunderbolt|p2a: Rampardos\n|-damage|p2a: Rampardos|0 fnt\n|faint|p2a: Rampardos\n|\n|upkeep\n|inactive|Time left: 300 sec this turn | 300 sec total | 5 sec grace\n|\n|t:|1783556580\n|switch|p2a: Latias|Latias, L79, F|256/256\n|turn|6\n|inactive|Time left: 300 sec this turn | 300 sec total\n|\n|t:|1783556581\n|move|p2a: Latias|Calm Mind|p2a: Latias\n|-boost|p2a: Latias|spa|1\n|-boost|p2a: Latias|spd|1\n|move|p1a: Magnezone|Flash Cannon|p2a: Latias\n|-damage|p2a: Latias|180/256\n|\n|upkeep\n|turn|7\n|inactive|Time left: 300 sec this turn | 300 sec total\n|\n|t:|1783556581\n|move|p2a: Latias|Calm Mind|p2a: Latias\n|-boost|p2a: Latias|spa|1\n|-boost|p2a: Latias|spd|1\n|move|p1a: Magnezone|Volt Switch|p2a: Latias\n|-resisted|p2a: Latias\n|-damage|p2a: Latias|153/256\n|\n|t:|1783556582\n|switch|p1a: Flapple|Flapple, L88, M|100/100|[from] Volt Switch\n|\n|upkeep\n|turn|8\n|inactive|Time left: 300 sec this turn | 300 sec total\n|\n|t:|1783556584\n|move|p1a: Flapple|Sucker Punch|p2a: Latias\n|-supereffective|p2a: Latias\n|-damage|p2a: Latias|0 fnt\n|faint|p2a: Latias\n|\n|upkeep\n|inactive|Time left: 300 sec this turn | 300 sec total | 5 sec grace\n|\n|t:|1783556585\n|switch|p2a: Kingdra|Kingdra, L84, M|263/263\n|turn|9\n|inactive|Time left: 300 sec this turn | 300 sec total\n|\n|t:|1783556586\n|-terastallize|p1a: Flapple|Steel\n|move|p2a: Kingdra|Dragon Dance|p2a: Kingdra\n|-boost|p2a: Kingdra|atk|1\n|-boost|p2a: Kingdra|spe|1\n|move|p1a: Flapple|Outrage|p2a: Kingdra|[miss]\n|-miss|p1a: Flapple|p2a: Kingdra\n|\n|upkeep\n|turn|10\n|inactive|Time left: 300 sec this turn | 300 sec total\n|\n|t:|1783556586\n|switch|p2a: Fezandipiti|Fezandipiti, L82, M|278/278\n|move|p1a: Flapple|Outrage|p2a: Fezandipiti\n|-immune|p2a: Fezandipiti\n|\n|upkeep\n|turn|11\n|inactive|Time left: 300 sec this turn | 300 sec total\n|\n|t:|1783556587\n|move|p2a: Fezandipiti|Moonblast|p1a: Flapple\n|-resisted|p1a: Flapple\n|-damage|p1a: Flapple|84/100\n|move|p1a: Flapple|Dragon Dance|p1a: Flapple\n|-boost|p1a: Flapple|atk|1\n|-boost|p1a: Flapple|spe|1\n|\n|upkeep\n|turn|12\n|inactive|Time left: 300 sec this turn | 300 sec total\n|\n|t:|1783556588\n|switch|p2a: Kingdra|Kingdra, L84, M|263/263\n|move|p1a: Flapple|Dragon Dance|p1a: Flapple\n|-boost|p1a: Flapple|atk|1\n|-boost|p1a: Flapple|spe|1\n|\n|upkeep\n|turn|13\n|inactive|Time left: 300 sec this turn | 300 sec total\n|\n|t:|1783556589\n|move|p1a: Flapple|Grav Apple|p2a: Kingdra\n|-damage|p2a: Kingdra|0 fnt\n|faint|p2a: Kingdra\n|\n|upkeep\n|inactive|Time left: 300 sec this turn | 300 sec total | 5 sec grace\n|\n|t:|1783556590\n|switch|p2a: Uxie|Uxie, L83|260/260\n|turn|14\n|inactive|Time left: 300 sec this turn | 300 sec total\n|\n|t:|1783556591\n|move|p1a: Flapple|Grav Apple|p2a: Uxie\n|-damage|p2a: Uxie|11/260\n|-unboost|p2a: Uxie|def|1\n|move|p2a: Uxie|Yawn|p1a: Flapple\n|-start|p1a: Flapple|move: Yawn|[of] p2a: Uxie\n|\n|-heal|p2a: Uxie|27/260|[from] item: Leftovers\n|upkeep\n|turn|15\n|inactive|Time left: 300 sec this turn | 300 sec total\n|\n|t:|1783556592\n|move|p1a: Flapple|Outrage|p2a: Uxie\n|-damage|p2a: Uxie|0 fnt\n|faint|p2a: Uxie\n|\n|-end|p1a: Flapple|move: Yawn|[silent]\n|-status|p1a: Flapple|slp\n|upkeep\n|inactive|Time left: 300 sec this turn | 300 sec total | 5 sec grace\n|\n|t:|1783556593\n|switch|p2a: Fezandipiti|Fezandipiti, L82, M|278/278\n|turn|16\n|inactive|Time left: 300 sec this turn | 300 sec total\n|\n|t:|1783556594\n|cant|p1a: Flapple|slp\n|move|p2a: Fezandipiti|Moonblast|p1a: Flapple\n|-resisted|p1a: Flapple\n|-damage|p1a: Flapple|66/100 slp\n|\n|upkeep\n|turn|17\n|inactive|Time left: 300 sec this turn | 300 sec total\n|\n|t:|1783556595\n|cant|p1a: Flapple|slp\n|move|p2a: Fezandipiti|Moonblast|p1a: Flapple\n|-resisted|p1a: Flapple\n|-damage|p1a: Flapple|47/100 slp\n|\n|upkeep\n|turn|18\n|inactive|Time left: 300 sec this turn | 300 sec total\n|\n|t:|1783556596\n|cant|p1a: Flapple|slp\n|move|p2a: Fezandipiti|Moonblast|p1a: Flapple\n|-resisted|p1a: Flapple\n|-damage|p1a: Flapple|28/100 slp\n|-unboost|p1a: Flapple|spa|1\n|\n|upkeep\n|turn|19\n|inactive|Time left: 300 sec this turn | 300 sec total\n|\n|t:|1783556597\n|-curestatus|p1a: Flapple|slp|[msg]\n|move|p1a: Flapple|Grav Apple|p2a: Fezandipiti\n|-resisted|p2a: Fezandipiti\n|-damage|p2a: Fezandipiti|102/278\n|-unboost|p2a: Fezandipiti|def|1\n|move|p2a: Fezandipiti|Moonblast|p1a: Flapple\n|-resisted|p1a: Flapple\n|-damage|p1a: Flapple|10/100\n|-unboost|p1a: Flapple|spa|1\n|\n|-heal|p2a: Fezandipiti|119/278|[from] item: Leftovers\n|upkeep\n|turn|20\n|inactive|Time left: 300 sec this turn | 300 sec total\n|\n|t:|1783556599\n|move|p1a: Flapple|Grav Apple|p2a: Fezandipiti\n|-resisted|p2a: Fezandipiti\n|-damage|p2a: Fezandipiti|0 fnt\n|faint|p2a: Fezandipiti\n|\n|upkeep\n|inactive|Time left: 300 sec this turn | 300 sec total | 5 sec grace\n|\n|t:|1783556600\n|switch|p2a: Maushold|Maushold, L76|238/238\n|turn|21\n|inactive|Time left: 300 sec this turn | 300 sec total\n|\n|t:|1783556600\n|move|p1a: Flapple|Outrage|p2a: Maushold\n|-damage|p2a: Maushold|0 fnt\n|faint|p2a: Maushold\n|\n|win|p0x15033b23", "uploadtime": 1783556600, "views": 0, "rating": 0, "private": 0, "password": null, "_winner": "p0x15033b23", "_our_name": "p0y15033fdd"}