{"id": "battle-gen9randombattle-900", "formatid": "gen9randombattle", "format": "[Gen 9] Random Battle", "players": ["p0x900ac45", "p0y90087fc"], "log": "|init|battle\n|title|p0x900ac45 vs. p0y90087fc\n|j|\u2606p0x900ac45\n|j|\u2606p0y90087fc\n|t:|1783549583\n|gametype|singles\n|player|p1|p0x900ac45|266|\n|player|p2|p0y90087fc|1|\n|gen|9\n|tier|[Gen 9] Random Battle\n|rule|Species Clause: Limit one of each Pok\u00e9mon\n|rule|HP Percentage Mod: HP is shown in percentages\n|rule|Sleep Clause Mod: Limit one foe put to sleep\n|rule|Illusion Level Mod: Illusion disguises the Pok\u00e9mon's true level\n|\n|t:|1783549583\n|teamsize|p1|6\n|teamsize|p2|6\n|start\n|switch|p1a: Palkia|Palkia, L75|259/259\n|switch|p2a: Flamigo|Flamigo, L82, F|100/100\n|-ability|p1a: Palkia|Pressure\n|turn|1\n|inactive|Battle timer is ON: inactive players will automatically lose when time's up. (requested by p0x900ac45)\n|inactive|p0y90087fc also wants the timer to be on.\n|\n|t:|1783549584\n|move|p2a: Flamigo|Brave Bird|p1a: Palkia\n|-damage|p1a: Palkia|130/259\n|-damage|p2a: Flamigo|85/100|[from] Recoil\n|move|p1a: Palkia|Hydro Pump|p2a: Flamigo\n|-damage|p2a: Flamigo|3/100\n|\n|upkeep\n|turn|2\n|inactive|Time left: 300 sec this turn | 300 sec total\n|\n|t:|1783549585\n|switch|p1a: Solgaleo|Solgaleo, L74|325/325\n|move|p2a: Flamigo|Brave Bird|p1a: Solgaleo\n|-resisted|p1a: Solgaleo\n|-crit|p1a: Solgaleo\n|-damage|p1a: Solgaleo|221/325\n|-damage|p2a: Flamigo|0 fnt|[from] Recoil\n|faint|p2a: Flamigo\n|\n|upkeep\n|\n|t:|1783549586\n|switch|p2a: Pyroar|Pyroar, L88, M|100/100\n|-ability|p2a: Pyroar|Unnerve\n|turn|3\n|inactive|Time left: 300 sec this turn | 300 sec total\n|\n|t:|1783549588\n|switch|p1a: Chansey|Chansey, L85, F|564/564\n|move|p2a: Pyroar|Fire Blast|p1a: Chansey\n|-damage|p1a: Chansey|488/564\n|\n|upkeep\n|turn|4\n|inactive|Time left: 300 sec this turn | 300 sec total\n|\n|t:|1783549589\n|switch|p2a: Drifblim|Drifblim, L86, M|100/100\n|move|p1a: Chansey|Seismic Toss|p2a: Drifblim\n|-immune|p2a: Drifblim\n|\n|upkeep\n|turn|5\n|inactive|Time left: 300 sec this turn | 300 sec total\n|\n|t:|1783549590\n|move|p2a: Drifblim|Calm Mind|p2a: Drifblim\n|-boost|p2a: Drifblim|spa|1\n|-boost|p2a: Drifblim|spd|1\n|move|p1a: Chansey|Thunder Wave|p2a: Drifblim\n|-status|p2a: Drifblim|par\n|\n|upkeep\n|turn|6\n|inactive|Time left: 300 sec this turn | 300 sec total\n|\n|t:|1783549591\n|move|p1a: Chansey|Stealth Rock|p2a: Drifblim\n|-sidestart|p2: p0y90087fc|move: Stealth Rock\n|move|p2a: Drifblim|Calm Mind|p2a: Drifblim\n|-boost|p2a: Drifblim|spa|1\n|-boost|p2a: Drifblim|spd|1\n|\n|upkeep\n|turn|7\n|inactive|Time left: 300 sec this turn | 300 sec total\n|\n|t:|1783549592\n|move|p1a: Chansey|Seismic Toss|p2a: Drifblim\n|-immune|p2a: Drifblim\n|cant|p2a: Drifblim|par\n|\n|upkeep\n|turn|8\n|inactive|Time left: 300 sec this turn | 300 sec total\n|\n|t:|1783549593\n|move|p1a: Chansey|Soft-Boiled|p1a: Chansey\n|-heal|p1a: Chansey|564/564\n|move|p2a: Drifblim|Shadow Ball|p1a: Chansey\n|-immune|p1a: Chansey\n|\n|upkeep\n|turn|9\n|inactive|Time left: 300 sec this turn | 300 sec total\n|\n|t:|1783549594\n|move|p1a: Chansey|Seismic Toss|p2a: Drifblim\n|-immune|p2a: Drifblim\n|move|p2a: Drifblim|Air Slash|p1a: Chansey\n|-damage|p1a: Chansey|465/564\n|\n|upkeep\n|turn|10\n|inactive|Time left: 300 sec this turn | 300 sec total\n|\n|t:|1783549595\n|move|p1a: Chansey|Soft-Boiled|p1a: Chansey\n|-heal|p1a: Chansey|564/564\n|move|p2a: Drifblim|Shadow Ball|p1a: Chansey\n|-immune|p1a: Chansey\n|\n|upkeep\n|turn|11\n|inactive|Time left: 300 sec this turn | 300 sec total\n|\n|t:|1783549596\n|move|p1a: Chansey|Thunder Wave|p2a: Drifblim\n|-fail|p2a: Drifblim|par\n|move|p2a: Drifblim|Air Slash|p1a: Chansey\n|-damage|p1a: Chansey|474/564\n|\n|upkeep\n|turn|12\n|inactive|Time left: 300 sec this turn | 300 sec total\n|\n|t:|1783549597\n|move|p1a: Chansey|Soft-Boiled|p1a: Chansey\n|-heal|p1a: Chansey|564/564\n|cant|p2a: Drifblim|par\n|\n|upkeep\n|turn|13\n|inactive|Time left: 300 sec this turn | 300 sec total\n|\n|t:|1783549598\n|move|p1a: Chansey|Seismic Toss|p2a: Drifblim\n|-immune|p2a: Drifblim\n|move|p2a: Drifblim|Shadow Ball|p1a: Chansey\n|-immune|p1a: Chansey\n|\n|upkeep\n|turn|14\n|inactive|Time left: 300 sec this turn | 300 sec total\n|\n|t:|1783549599\n|move|p1a: Chansey|Thunder Wave|p2a: Drifblim\n|-fail|p2a: Drifblim|par\n|move|p2a: Drifblim|Shadow Ball|p1a: Chansey\n|-immune|p1a: Chansey\n|\n|upkeep\n|turn|15\n|inactive|Time left: 300 sec this turn | 300 sec total\n|\n|t:|1783549600\n|move|p1a: Chansey|Seismic Toss|p2a: Drifblim\n|-immune|p2a: Drifblim\n|cant|p2a: Drifblim|par\n|\n|upkeep\n|turn|16\n|inactive|Time left: 300 sec this turn | 300 sec total\n|\n|t:|1783549601\n|move|p1a: Chansey|Thunder Wave|p2a: Drifblim|[miss]\n|-miss|p1a: Chansey|p2a: Drifblim\n|move|p2a: Drifblim|Shadow Ball|p1a: Chansey\n|-immune|p1a: Chansey\n|\n|upkeep\n|turn|17\n|inactive|Time left: 300 sec this turn | 300 sec total\n|\n|t:|1783549602\n|switch|p1a: Mandibuzz|Mandibuzz, L85, F|326/326\n|move|p2a: Drifblim|Air Slash|p1a: Mandibuzz\n|-damage|p1a: Mandibuzz|184/326\n|\n|upkeep\n|turn|18\n|inactive|Time left: 300 sec this turn | 300 sec total\n|\n|t:|1783549604\n|move|p1a: Mandibuzz|Foul Play|p2a: Drifblim\n|-supereffective|p2a: Drifblim\n|-crit|p2a: Drifblim\n|-damage|p2a: Drifblim|23/100 par\n|-enditem|p2a: Drifblim|Sitrus Berry|[eat]\n|-heal|p2a: Drifblim|48/100 par|[from] item: Sitrus Berry\n|move|p2a: Drifblim|Shadow Ball|p1a: Mandibuzz\n|-resisted|p1a: Mandibuzz\n|-damage|p1a: Mandibuzz|112/326\n|\n|upkeep\n|turn|19\n|inactive|Time left: 300 sec this turn | 300 sec total\n|\n|t:|1783549605\n|cant|p2a: Drifblim|par\n|move|p1a: Mandibuzz|Foul Play|p2a: Drifblim\n|-supereffective|p2a: Drifblim\n|-damage|p2a: Drifblim|0 fnt\n|faint|p2a: Drifblim\n|\n|upkeep\n|\n|t:|1783549606\n|switch|p2a: Furret|Furret, L94, M|100/100\n|-damage|p2a: Furret|88/100|[from] Stealth Rock\n|-item|p1a: Mandibuzz|Heavy-Duty Boots|[from] ability: Frisk|[of] p2a: Furret\n|turn|20\n|inactive|Time left: 300 sec this turn | 300 sec total\n|\n|t:|1783549607\n|move|p2a: Furret|Double-Edge|p1a: Mandibuzz\n|-damage|p1a: Mandibuzz|0 fnt\n|faint|p1a: Mandibuzz\n|-damage|p2a: Furret|76/100|[from] Recoil\n|\n|upkeep\n|inactive|Time left: 300 sec this turn | 300 sec total | 5 sec grace\n|\n|t:|1783549608\n|switch|p1a: Solgaleo|Solgaleo, L74|221/325\n|turn|21\n|inactive|Time left: 300 sec this turn | 300 sec total\n|\n|t:|1783549609\n|move|p2a: Furret|Double-Edge|p1a: Solgaleo\n|-resisted|p1a: Solgaleo\n|-damage|p1a: Solgaleo|120/325\n|-damage|p2a: Furret|66/100|[from] Recoil\n|move|p1a: Solgaleo|Close Combat|p2a: Furret\n|-supereffective|p2a: Furret\n|-crit|p2a: Furret\n|-damage|p2a: Furret|0 fnt\n|-unboost|p1a: Solgaleo|def|1\n|-unboost|p1a: Solgaleo|spd|1\n|faint|p2a: Furret\n|\n|upkeep\n|\n|t:|1783549610\n|switch|p2a: Bellibolt|Bellibolt, L84, F|100/100\n|-damage|p2a: Bellibolt|88/100|[from] Stealth Rock\n|turn|22\n|inactive|Time left: 300 sec this turn | 300 sec total\n|\n|t:|1783549611\n|switch|p1a: Chansey|Chansey, L85, F|564/564\n|move|p2a: Bellibolt|Thunderbolt|p1a: Chansey\n|-damage|p1a: Chansey|510/564\n|\n|-heal|p2a: Bellibolt|94/100|[from] item: Leftovers\n|upkeep\n|turn|23\n|inactive|Time left: 300 sec this turn | 300 sec total\n|\n|t:|1783549612\n|move|p1a: Chansey|Seismic Toss|p2a: Bellibolt\n|-damage|p2a: Bellibolt|68/100\n|-start|p2a: Bellibolt|Charge|Seismic Toss|[from] ability: Electromorphosis\n|move|p2a: Bellibolt|Toxic|p1a: Chansey\n|-status|p1a: Chansey|tox\n|\n|-heal|p2a: Bellibolt|74/100|[from] item: Leftovers\n|-damage|p1a: Chansey|475/564 tox|[from] psn\n|upkeep\n|turn|24\n|inactive|Time left: 300 sec this turn | 300 sec total\n|\n|t:|1783549613\n|move|p1a: Chansey|Soft-Boiled|p1a: Chansey\n|-heal|p1a: Chansey|564/564 tox\n|move|p2a: Bellibolt|Thunderbolt|p1a: Chansey\n|-damage|p1a: Chansey|450/564 tox\n|-end|p2a: Bellibolt|Charge|[silent]\n|\n|-heal|p2a: Bellibolt|80/100|[from] item: Leftovers\n|-damage|p1a: Chansey|380/564 tox|[from] psn\n|upkeep\n|turn|25\n|inactive|Time left: 300 sec this turn | 300 sec total\n|\n|t:|1783549614\n|-curestatus|p1a: Chansey|tox|[from] ability: Natural Cure|[silent]\n|switch|p1a: Palkia|Palkia, L75|130/259\n|-ability|p1a: Palkia|Pressure\n|move|p2a: Bellibolt|Thunderbolt|p1a: Palkia\n|-damage|p1a: Palkia|40/259\n|\n|-heal|p2a: Bellibolt|86/100|[from] item: Leftovers\n|upkeep\n|turn|26\n|inactive|Time left: 300 sec this turn | 300 sec total\n|\n|t:|1783549615\n|move|p1a: Palkia|Spacial Rend|p2a: Bellibolt\n|-damage|p2a: Bellibolt|42/100\n|-start|p2a: Bellibolt|Charge|Spacial Rend|[from] ability: Electromorphosis\n|move|p2a: Bellibolt|Thunderbolt|p1a: Palkia\n|-damage|p1a: Palkia|0 fnt\n|faint|p1a: Palkia\n|-end|p2a: Bellibolt|Charge|[silent]\n|\n|-heal|p2a: Bellibolt|49/100|[from] item: Leftovers\n|upkeep\n|inactive|Time left: 300 sec this turn | 300 sec total | 5 sec grace\n|\n|t:|1783549616\n|switch|p1a: Solgaleo|Solgaleo, L74|120/325\n|turn|27\n|inactive|Time left: 300 sec this turn | 300 sec total\n|\n|t:|1783549617\n|-terastallize|p1a: Solgaleo|Ground\n|move|p1a: Solgaleo|Earthquake|p2a: Bellibolt\n|-supereffective|p2a: Bellibolt\n|-damage|p2a: Bellibolt|0 fnt\n|faint|p2a: Bellibolt\n|\n|upkeep\n|\n|t:|1783549618\n|switch|p2a: Pyroar|Pyroar, L88, M|100/100\n|-ability|p2a: Pyroar|Unnerve\n|turn|28\n|inactive|Time left: 300 sec this turn | 300 sec total\n|\n|t:|1783549619\n|switch|p1a: Chansey|Chansey, L85, F|380/564\n|move|p2a: Pyroar|Hyper Voice|p1a: Chansey\n|-damage|p1a: Chansey|310/564\n|\n|upkeep\n|turn|29\n|inactive|Time left: 300 sec this turn | 300 sec total\n|\n|t:|1783549620\n|move|p2a: Pyroar|Taunt|p1a: Chansey\n|-start|p1a: Chansey|move: Taunt\n|move|p1a: Chansey|Seismic Toss|p2a: Pyroar\n|-damage|p2a: Pyroar|72/100\n|\n|upkeep\n|turn|30\n|inactive|Time left: 300 sec this turn | 300 sec total\n|\n|t:|1783549621\n|move|p2a: Pyroar|Hyper Voice|p1a: Chansey\n|-damage|p1a: Chansey|246/564\n|move|p1a: Chansey|Seismic Toss|p2a: Pyroar\n|-damage|p2a: Pyroar|43/100\n|\n|upkeep\n|turn|31\n|inactive|Time left: 300 sec this turn | 300 sec total\n|\n|t:|1783549622\n|move|p2a: Pyroar|Fire Blast|p1a: Chansey|[miss]\n|-miss|p2a: Pyroar|p1a: Chansey\n|move|p1a: Chansey|Seismic Toss|p2a: Pyroar\n|-damage|p2a: Pyroar|14/100\n|\n|-end|p1a: Chansey|move: Taunt\n|upkeep\n|turn|32\n|inactive|Time left: 300 sec this turn | 300 sec total\n|\n|t:|1783549623\n|move|p2a: Pyroar|Fire Blast|p1a: Chansey|[miss]\n|-miss|p2a: Pyroar|p1a: Chansey\n|move|p1a: Chansey|Soft-Boiled|p1a: Chansey\n|-heal|p1a: Chansey|528/564\n|\n|upkeep\n|turn|33\n|inactive|Time left: 300 sec this turn | 300 sec total\n|\n|t:|1783549624\n|move|p2a: Pyroar|Fire Blast|p1a: Chansey\n|-damage|p1a: Chansey|449/564\n|move|p1a: Chansey|Seismic Toss|p2a: Pyroar\n|-damage|p2a: Pyroar|0 fnt\n|faint|p2a: Pyroar\n|\n|upkeep\n|\n|t:|1783549626\n|switch|p2a: Arceus|Arceus-Psychic, L70|100/100\n|-damage|p2a: Arceus|88/100|[from] Stealth Rock\n|turn|34\n|inactive|Time left: 300 sec this turn | 300 sec total\n|\n|t:|1783549627\n|move|p2a: Arceus|Cosmic Power|p2a: Arceus\n|-boost|p2a: Arceus|def|1\n|-boost|p2a: Arceus|spd|1\n|move|p1a: Chansey|Thunder Wave|p2a: Arceus\n|-status|p2a: Arceus|par\n|\n|upkeep\n|turn|35\n|inactive|Time left: 300 sec this turn | 300 sec total\n|\n|t:|1783549628\n|move|p1a: Chansey|Seismic Toss|p2a: Arceus\n|-damage|p2a: Arceus|58/100 par\n|cant|p2a: Arceus|par\n|\n|upkeep\n|turn|36\n|inactive|Time left: 300 sec this turn | 300 sec total\n|\n|t:|1783549629\n|move|p1a: Chansey|Seismic Toss|p2a: Arceus\n|-damage|p2a: Arceus|28/100 par\n|cant|p2a: Arceus|par\n|\n|upkeep\n|turn|37\n|inactive|Time left: 300 sec this turn | 300 sec total\n|\n|t:|1783549630\n|move|p1a: Chansey|Seismic Toss|p2a: Arceus\n|-damage|p2a: Arceus|0 fnt\n|faint|p2a: Arceus\n|\n|win|p0x900ac45", "uploadtime": 1783549630, "views": 0, "rating": 0, "private": 0, "password": null, "_winner": "p0x900ac45", "_our_name": "p0x900ac45"}