{"id": "battle-gen9randombattle-2498", "formatid": "gen9randombattle", "format": "[Gen 9] Random Battle", "players": ["p0x24982ef0", "p0y24981872"], "log": "|init|battle\n|title|p0x24982ef0 vs. p0y24981872\n|j|\u2606p0x24982ef0\n|j|\u2606p0y24981872\n|t:|1783567976\n|gametype|singles\n|player|p1|p0x24982ef0|266|\n|player|p2|p0y24981872|266|\n|gen|9\n|tier|[Gen 9] Random Battle\n|rule|Species Clause: Limit one of each Pok\u00e9mon\n|rule|HP Percentage Mod: HP is shown in percentages\n|rule|Sleep Clause Mod: Limit one foe put to sleep\n|rule|Illusion Level Mod: Illusion disguises the Pok\u00e9mon's true level\n|\n|t:|1783567976\n|teamsize|p1|6\n|teamsize|p2|6\n|start\n|switch|p1a: Basculin|Basculin, L86, F|261/261\n|switch|p2a: Tauros|Tauros, L82, M|100/100\n|turn|1\n|inactive|Battle timer is ON: inactive players will automatically lose when time's up. (requested by p0y24981872)\n|inactive|Time left: 300 sec this turn | 300 sec total | 60 sec grace\n|inactive|p0x24982ef0 also wants the timer to be on.\n|\n|t:|1783567978\n|switch|p2a: Cacturne|Cacturne, L92, M|100/100\n|move|p1a: Basculin|Wave Crash|p2a: Cacturne\n|-immune|p2a: Cacturne|[from] ability: Water Absorb\n|\n|upkeep\n|turn|2\n|inactive|Time left: 300 sec this turn | 300 sec total\n|\n|t:|1783567979\n|switch|p1a: Kommo-o|Kommo-o, L77, M|242/242\n|move|p2a: Cacturne|Knock Off|p1a: Kommo-o\n|-resisted|p1a: Kommo-o\n|-damage|p1a: Kommo-o|163/242\n|-enditem|p1a: Kommo-o|Throat Spray|[from] move: Knock Off|[of] p2a: Cacturne\n|-damage|p2a: Cacturne|91/100|[from] item: Life Orb\n|\n|upkeep\n|turn|3\n|inactive|Time left: 300 sec this turn | 300 sec total\n|\n|t:|1783567980\n|switch|p2a: Hydrapple|Hydrapple, L83, F|100/100\n|move|p1a: Kommo-o|Drain Punch|p2a: Hydrapple\n|-damage|p2a: Hydrapple|81/100\n|-heal|p1a: Kommo-o|194/242|[from] drain|[of] p2a: Hydrapple\n|\n|upkeep\n|turn|4\n|inactive|Time left: 300 sec this turn | 300 sec total\n|\n|t:|1783567981\n|move|p1a: Kommo-o|Clanging Scales|p2a: Hydrapple\n|-supereffective|p2a: Hydrapple\n|-damage|p2a: Hydrapple|37/100\n|-unboost|p1a: Kommo-o|def|1\n|move|p2a: Hydrapple|Fickle Beam|p1a: Kommo-o\n|-supereffective|p1a: Kommo-o\n|-damage|p1a: Kommo-o|18/242\n|\n|upkeep\n|turn|5\n|inactive|Time left: 300 sec this turn | 300 sec total\n|\n|t:|1783567982\n|switch|p2a: Azumarill|Azumarill, L82, F|100/100\n|move|p1a: Kommo-o|Drain Punch|p2a: Azumarill\n|-resisted|p2a: Azumarill\n|-damage|p2a: Azumarill|86/100\n|-heal|p1a: Kommo-o|40/242|[from] drain|[of] p2a: Azumarill\n|\n|upkeep\n|turn|6\n|inactive|Time left: 300 sec this turn | 300 sec total\n|\n|t:|1783567983\n|move|p1a: Kommo-o|Boomburst|p2a: Azumarill\n|-damage|p2a: Azumarill|56/100\n|move|p2a: Azumarill|Liquidation|p1a: Kommo-o\n|-resisted|p1a: Kommo-o\n|-damage|p1a: Kommo-o|0 fnt\n|faint|p1a: Kommo-o\n|\n|upkeep\n|inactive|Time left: 300 sec this turn | 300 sec total | 5 sec grace\n|\n|t:|1783567984\n|switch|p1a: Flutter Mane|Flutter Mane, L74|203/203\n|turn|7\n|inactive|Time left: 300 sec this turn | 300 sec total\n|\n|t:|1783567985\n|move|p1a: Flutter Mane|Moonblast|p2a: Azumarill\n|-damage|p2a: Azumarill|0 fnt\n|faint|p2a: Azumarill\n|\n|upkeep\n|\n|t:|1783567986\n|switch|p2a: Electivire|Electivire, L84, F|100/100\n|turn|8\n|inactive|Time left: 300 sec this turn | 300 sec total\n|\n|t:|1783567986\n|move|p1a: Flutter Mane|Moonblast|p2a: Electivire\n|-damage|p2a: Electivire|42/100\n|move|p2a: Electivire|Supercell Slam|p1a: Flutter Mane\n|-damage|p1a: Flutter Mane|0 fnt\n|faint|p1a: Flutter Mane\n|-end|p1a: Flutter Mane|Protosynthesis|[silent]\n|-damage|p2a: Electivire|32/100|[from] item: Life Orb\n|\n|upkeep\n|inactive|Time left: 300 sec this turn | 300 sec total | 5 sec grace\n|\n|t:|1783567987\n|switch|p1a: Malamar|Malamar, L82, M|275/275\n|turn|9\n|inactive|Time left: 300 sec this turn | 300 sec total\n|\n|t:|1783567988\n|move|p2a: Electivire|Supercell Slam|p1a: Malamar\n|-damage|p1a: Malamar|98/275\n|-damage|p2a: Electivire|23/100|[from] item: Life Orb\n|move|p1a: Malamar|Superpower|p2a: Electivire\n|-damage|p2a: Electivire|0 fnt\n|-boost|p1a: Malamar|atk|1\n|-boost|p1a: Malamar|def|1\n|faint|p2a: Electivire\n|\n|upkeep\n|\n|t:|1783567989\n|switch|p2a: Hydrapple|Hydrapple, L83, F|70/100\n|turn|10\n|inactive|Time left: 300 sec this turn | 300 sec total\n|\n|t:|1783567989\n|move|p1a: Malamar|Rest|p1a: Malamar\n|-status|p1a: Malamar|slp|[from] move: Rest\n|-heal|p1a: Malamar|275/275 slp|[silent]\n|-enditem|p1a: Malamar|Chesto Berry|[eat]\n|-curestatus|p1a: Malamar|slp|[msg]\n|move|p2a: Hydrapple|Fickle Beam|p1a: Malamar\n|-damage|p1a: Malamar|151/275\n|\n|upkeep\n|turn|11\n|inactive|Time left: 300 sec this turn | 300 sec total\n|\n|t:|1783567990\n|move|p1a: Malamar|Superpower|p2a: Hydrapple\n|-damage|p2a: Hydrapple|39/100\n|-boost|p1a: Malamar|atk|1\n|-boost|p1a: Malamar|def|1\n|move|p2a: Hydrapple|Dragon Tail|p1a: Malamar\n|-crit|p1a: Malamar\n|-damage|p1a: Malamar|64/275\n|drag|p1a: Cramorant|Cramorant, L86, F|261/261\n|\n|upkeep\n|turn|12\n|inactive|Time left: 300 sec this turn | 300 sec total\n|\n|t:|1783567991\n|-terastallize|p2a: Hydrapple|Steel\n|move|p1a: Cramorant|Brave Bird|p2a: Hydrapple\n|-resisted|p2a: Hydrapple\n|-damage|p2a: Hydrapple|23/100\n|-damage|p1a: Cramorant|244/261|[from] Recoil\n|move|p2a: Hydrapple|Giga Drain|p1a: Cramorant\n|-damage|p1a: Cramorant|166/261\n|-heal|p2a: Hydrapple|35/100|[from] drain|[of] p1a: Cramorant\n|\n|upkeep\n|turn|13\n|inactive|Time left: 300 sec this turn | 300 sec total\n|\n|t:|1783567992\n|move|p1a: Cramorant|Surf|p2a: Hydrapple\n|-formechange|p1a: Cramorant|Cramorant-Gulping|\n|-damage|p2a: Hydrapple|16/100\n|move|p2a: Hydrapple|Giga Drain|p1a: Cramorant\n|-damage|p1a: Cramorant|73/261\n|-heal|p2a: Hydrapple|31/100|[from] drain|[of] p1a: Cramorant\n|-damage|p2a: Hydrapple|6/100|[from] ability: Gulp Missile|[of] p1a: Cramorant\n|-unboost|p2a: Hydrapple|def|1\n|-formechange|p1a: Cramorant|Cramorant|\n|\n|upkeep\n|turn|14\n|inactive|Time left: 300 sec this turn | 300 sec total\n|\n|t:|1783567993\n|switch|p2a: Goodra|Goodra-Hisui, L82, M|100/100\n|move|p1a: Cramorant|Surf|p2a: Goodra\n|-formechange|p1a: Cramorant|Cramorant-Gorging|\n|-resisted|p2a: Goodra\n|-damage|p2a: Goodra|93/100\n|\n|upkeep\n|turn|15\n|inactive|Time left: 300 sec this turn | 300 sec total\n|\n|t:|1783567993\n|switch|p2a: Hydrapple|Hydrapple, L83, F, tera:Steel|39/100\n|move|p1a: Cramorant|Roost|p1a: Cramorant\n|-heal|p1a: Cramorant|204/261\n|-singleturn|p1a: Cramorant|move: Roost\n|\n|upkeep\n|turn|16\n|inactive|Time left: 300 sec this turn | 300 sec total\n|\n|t:|1783567994\n|move|p1a: Cramorant|Brave Bird|p2a: Hydrapple\n|-resisted|p2a: Hydrapple\n|-damage|p2a: Hydrapple|23/100\n|-damage|p1a: Cramorant|187/261|[from] Recoil\n|move|p2a: Hydrapple|Giga Drain|p1a: Cramorant\n|-damage|p1a: Cramorant|94/261\n|-heal|p2a: Hydrapple|38/100|[from] drain|[of] p1a: Cramorant\n|-damage|p2a: Hydrapple|13/100|[from] ability: Gulp Missile|[of] p1a: Cramorant\n|-status|p2a: Hydrapple|par\n|-formechange|p1a: Cramorant|Cramorant|\n|\n|upkeep\n|turn|17\n|inactive|Time left: 300 sec this turn | 300 sec total\n|\n|t:|1783567995\n|switch|p2a: Goodra|Goodra-Hisui, L82, M|93/100\n|move|p1a: Cramorant|Surf|p2a: Goodra\n|-formechange|p1a: Cramorant|Cramorant-Gorging|\n|-resisted|p2a: Goodra\n|-damage|p2a: Goodra|85/100\n|\n|upkeep\n|turn|18\n|inactive|Time left: 300 sec this turn | 300 sec total\n|\n|t:|1783567996\n|switch|p2a: Hydrapple|Hydrapple, L83, F, tera:Steel|46/100 par\n|move|p1a: Cramorant|Roost|p1a: Cramorant\n|-heal|p1a: Cramorant|225/261\n|-singleturn|p1a: Cramorant|move: Roost\n|\n|upkeep\n|turn|19\n|inactive|Time left: 300 sec this turn | 300 sec total\n|\n|t:|1783567997\n|move|p1a: Cramorant|Surf|p2a: Hydrapple\n|-damage|p2a: Hydrapple|25/100 par\n|move|p2a: Hydrapple|Giga Drain|p1a: Cramorant\n|-damage|p1a: Cramorant|132/261\n|-heal|p2a: Hydrapple|40/100 par|[from] drain|[of] p1a: Cramorant\n|-damage|p2a: Hydrapple|15/100 par|[from] ability: Gulp Missile|[of] p1a: Cramorant\n|-formechange|p1a: Cramorant|Cramorant|\n|\n|upkeep\n|turn|20\n|inactive|Time left: 300 sec this turn | 300 sec total\n|\n|t:|1783567998\n|switch|p2a: Tauros|Tauros, L82, M|100/100\n|move|p1a: Cramorant|Brave Bird|p2a: Tauros\n|-damage|p2a: Tauros|56/100\n|-damage|p1a: Cramorant|94/261|[from] Recoil\n|\n|upkeep\n|turn|21\n|inactive|Time left: 300 sec this turn | 300 sec total\n|\n|t:|1783567999\n|switch|p1a: Malamar|Malamar, L82, M|64/275\n|move|p2a: Tauros|Body Slam|p1a: Malamar\n|-damage|p1a: Malamar|0 fnt\n|faint|p1a: Malamar\n|\n|upkeep\n|inactive|Time left: 300 sec this turn | 300 sec total | 5 sec grace\n|\n|t:|1783568000\n|switch|p1a: Breloom|Breloom, L83, F|235/235\n|turn|22\n|inactive|Time left: 300 sec this turn | 300 sec total\n|\n|t:|1783568000\n|switch|p2a: Hydrapple|Hydrapple, L83, F, tera:Steel|48/100 par\n|move|p1a: Breloom|Mach Punch|p2a: Hydrapple\n|-supereffective|p2a: Hydrapple\n|-damage|p2a: Hydrapple|0 fnt\n|faint|p2a: Hydrapple\n|-damage|p1a: Breloom|212/235|[from] item: Life Orb\n|\n|upkeep\n|\n|t:|1783568001\n|switch|p2a: Goodra|Goodra-Hisui, L82, M|85/100\n|turn|23\n|inactive|Time left: 300 sec this turn | 300 sec total\n|\n|t:|1783568002\n|move|p1a: Breloom|Mach Punch|p2a: Goodra\n|-supereffective|p2a: Goodra\n|-damage|p2a: Goodra|17/100\n|-damage|p1a: Breloom|189/235|[from] item: Life Orb\n|move|p2a: Goodra|Fire Blast|p1a: Breloom\n|-supereffective|p1a: Breloom\n|-damage|p1a: Breloom|0 fnt\n|faint|p1a: Breloom\n|\n|upkeep\n|inactive|Time left: 300 sec this turn | 300 sec total | 5 sec grace\n|\n|t:|1783568003\n|switch|p1a: Cramorant|Cramorant, L86, F|94/261\n|turn|24\n|inactive|Time left: 300 sec this turn | 300 sec total\n|\n|t:|1783568005\n|move|p1a: Cramorant|Roost|p1a: Cramorant\n|-heal|p1a: Cramorant|225/261\n|-singleturn|p1a: Cramorant|move: Roost\n|move|p2a: Goodra|Draco Meteor|p1a: Cramorant\n|-damage|p1a: Cramorant|99/261\n|-unboost|p2a: Goodra|spa|2\n|\n|upkeep\n|turn|25\n|inactive|Time left: 300 sec this turn | 300 sec total\n|\n|t:|1783568006\n|switch|p2a: Tauros|Tauros, L82, M|56/100\n|move|p1a: Cramorant|Roost|p1a: Cramorant\n|-heal|p1a: Cramorant|230/261\n|-singleturn|p1a: Cramorant|move: Roost\n|\n|upkeep\n|turn|26\n|inactive|Time left: 300 sec this turn | 300 sec total\n|\n|t:|1783568007\n|move|p2a: Tauros|Body Slam|p1a: Cramorant\n|-damage|p1a: Cramorant|19/261\n|move|p1a: Cramorant|Surf|p2a: Tauros\n|-formechange|p1a: Cramorant|Cramorant-Gorging|\n|-damage|p2a: Tauros|14/100\n|\n|upkeep\n|turn|27\n|inactive|Time left: 300 sec this turn | 300 sec total\n|\n|t:|1783568008\n|switch|p1a: Basculin|Basculin, L86, F|261/261\n|move|p2a: Tauros|Body Slam|p1a: Basculin\n|-damage|p1a: Basculin|86/261\n|\n|upkeep\n|turn|28\n|inactive|Time left: 300 sec this turn | 300 sec total\n|\n|t:|1783568008\n|move|p1a: Basculin|Aqua Jet|p2a: Tauros\n|-damage|p2a: Tauros|0 fnt\n|faint|p2a: Tauros\n|\n|upkeep\n|\n|t:|1783568009\n|switch|p2a: Cacturne|Cacturne, L92, M|91/100\n|turn|29\n|inactive|Time left: 300 sec this turn | 300 sec total\n|\n|t:|1783568010\n|move|p1a: Basculin|Aqua Jet|p2a: Cacturne\n|-heal|p2a: Cacturne|100/100|[from] ability: Water Absorb|[of] p1a: Basculin\n|move|p2a: Cacturne|Seed Bomb|p1a: Basculin\n|-supereffective|p1a: Basculin\n|-crit|p1a: Basculin\n|-damage|p1a: Basculin|0 fnt\n|faint|p1a: Basculin\n|-damage|p2a: Cacturne|91/100|[from] item: Life Orb\n|\n|upkeep\n|inactive|Time left: 300 sec this turn | 300 sec total | 5 sec grace\n|\n|t:|1783568011\n|switch|p1a: Cramorant|Cramorant, L86, F|19/261\n|turn|30\n|inactive|Time left: 300 sec this turn | 300 sec total\n|\n|t:|1783568012\n|move|p1a: Cramorant|Roost|p1a: Cramorant\n|-heal|p1a: Cramorant|150/261\n|-singleturn|p1a: Cramorant|move: Roost\n|move|p2a: Cacturne|Knock Off|p1a: Cramorant\n|-damage|p1a: Cramorant|0 fnt\n|-enditem|p1a: Cramorant|Heavy-Duty Boots|[from] move: Knock Off|[of] p2a: Cacturne\n|faint|p1a: Cramorant\n|-damage|p2a: Cacturne|81/100|[from] item: Life Orb\n|\n|win|p0y24981872", "uploadtime": 1783568012, "views": 0, "rating": 0, "private": 0, "password": null, "_winner": "p0y24981872", "_our_name": "p0x24982ef0"}