{"id": "battle-gen9randombattle-1611", "formatid": "gen9randombattle", "format": "[Gen 9] Random Battle", "players": ["p0x16116c1b", "p0y161166d3"], "log": "|init|battle\n|title|p0x16116c1b vs. p0y161166d3\n|j|\u2606p0x16116c1b\n|j|\u2606p0y161166d3\n|t:|1783558646\n|gametype|singles\n|player|p1|p0x16116c1b|102|\n|player|p2|p0y161166d3|2|\n|gen|9\n|tier|[Gen 9] Random Battle\n|rule|Species Clause: Limit one of each Pok\u00e9mon\n|rule|HP Percentage Mod: HP is shown in percentages\n|rule|Sleep Clause Mod: Limit one foe put to sleep\n|rule|Illusion Level Mod: Illusion disguises the Pok\u00e9mon's true level\n|\n|t:|1783558646\n|teamsize|p1|6\n|teamsize|p2|6\n|start\n|switch|p1a: Brute Bonnet|Brute Bonnet, L80|100/100\n|switch|p2a: Okidogi|Okidogi, L77, M|262/262\n|turn|1\n|inactive|Battle timer is ON: inactive players will automatically lose when time's up. (requested by p0x16116c1b)\n|inactive|Time left: 300 sec this turn | 300 sec total | 60 sec grace\n|inactive|p0y161166d3 also wants the timer to be on.\n|\n|t:|1783558647\n|move|p2a: Okidogi|Gunk Shot|p1a: Brute Bonnet\n|-supereffective|p1a: Brute Bonnet\n|-damage|p1a: Brute Bonnet|19/100\n|-status|p1a: Brute Bonnet|tox|[from] ability: Toxic Chain|[of] p2a: Okidogi\n|move|p1a: Brute Bonnet|Spore|p2a: Okidogi\n|-status|p2a: Okidogi|slp|[from] move: Spore\n|\n|-heal|p1a: Brute Bonnet|25/100 tox|[from] item: Leftovers\n|-damage|p1a: Brute Bonnet|19/100 tox|[from] psn\n|upkeep\n|turn|2\n|inactive|Time left: 300 sec this turn | 300 sec total\n|\n|t:|1783558647\n|switch|p2a: Mudsdale|Mudsdale, L83, M|302/302\n|-end|p1a: Brute Bonnet|Protosynthesis|[silent]\n|switch|p1a: Rampardos|Rampardos, L90, F|100/100\n|\n|upkeep\n|turn|3\n|inactive|Time left: 300 sec this turn | 300 sec total\n|\n|t:|1783558648\n|switch|p1a: Chimecho|Chimecho, L93, F|100/100\n|move|p2a: Mudsdale|Earthquake|p1a: Chimecho\n|-immune|p1a: Chimecho|[from] ability: Levitate\n|\n|upkeep\n|turn|4\n|inactive|Time left: 300 sec this turn | 300 sec total\n|\n|t:|1783558649\n|move|p1a: Chimecho|Cosmic Power|p1a: Chimecho\n|-boost|p1a: Chimecho|def|1\n|-boost|p1a: Chimecho|spd|1\n|move|p2a: Mudsdale|Stone Edge|p1a: Chimecho\n|-damage|p1a: Chimecho|80/100\n|\n|-heal|p1a: Chimecho|87/100|[from] item: Leftovers\n|upkeep\n|turn|5\n|inactive|Time left: 300 sec this turn | 300 sec total\n|\n|t:|1783558650\n|move|p1a: Chimecho|Cosmic Power|p1a: Chimecho\n|-boost|p1a: Chimecho|def|1\n|-boost|p1a: Chimecho|spd|1\n|move|p2a: Mudsdale|Roar|p1a: Chimecho\n|drag|p1a: Rampardos|Rampardos, L90, F|100/100\n|\n|upkeep\n|turn|6\n|inactive|Time left: 300 sec this turn | 300 sec total\n|\n|t:|1783558651\n|switch|p1a: Chimecho|Chimecho, L93, F|87/100\n|move|p2a: Mudsdale|Earthquake|p1a: Chimecho\n|-immune|p1a: Chimecho|[from] ability: Levitate\n|\n|-heal|p1a: Chimecho|93/100|[from] item: Leftovers\n|upkeep\n|turn|7\n|inactive|Time left: 300 sec this turn | 300 sec total\n|\n|t:|1783558652\n|move|p1a: Chimecho|Cosmic Power|p1a: Chimecho\n|-boost|p1a: Chimecho|def|1\n|-boost|p1a: Chimecho|spd|1\n|move|p2a: Mudsdale|Heavy Slam|p1a: Chimecho\n|-damage|p1a: Chimecho|68/100\n|\n|-heal|p1a: Chimecho|74/100|[from] item: Leftovers\n|upkeep\n|turn|8\n|inactive|Time left: 300 sec this turn | 300 sec total\n|\n|t:|1783558653\n|move|p1a: Chimecho|Recover|p1a: Chimecho\n|-heal|p1a: Chimecho|100/100\n|move|p2a: Mudsdale|Roar|p1a: Chimecho\n|drag|p1a: Rampardos|Rampardos, L90, F|100/100\n|\n|upkeep\n|turn|9\n|inactive|Time left: 300 sec this turn | 300 sec total\n|\n|t:|1783558654\n|switch|p1a: Chimecho|Chimecho, L93, F|100/100\n|move|p2a: Mudsdale|Earthquake|p1a: Chimecho\n|-immune|p1a: Chimecho|[from] ability: Levitate\n|\n|upkeep\n|turn|10\n|inactive|Time left: 300 sec this turn | 300 sec total\n|\n|t:|1783558655\n|move|p1a: Chimecho|Cosmic Power|p1a: Chimecho\n|-boost|p1a: Chimecho|def|1\n|-boost|p1a: Chimecho|spd|1\n|move|p2a: Mudsdale|Stone Edge|p1a: Chimecho\n|-damage|p1a: Chimecho|80/100\n|\n|-heal|p1a: Chimecho|87/100|[from] item: Leftovers\n|upkeep\n|turn|11\n|inactive|Time left: 300 sec this turn | 300 sec total\n|\n|t:|1783558656\n|move|p1a: Chimecho|Cosmic Power|p1a: Chimecho\n|-boost|p1a: Chimecho|def|1\n|-boost|p1a: Chimecho|spd|1\n|move|p2a: Mudsdale|Roar|p1a: Chimecho\n|drag|p1a: Rampardos|Rampardos, L90, F|100/100\n|\n|upkeep\n|turn|12\n|inactive|Time left: 300 sec this turn | 300 sec total\n|\n|t:|1783558657\n|switch|p1a: Chimecho|Chimecho, L93, F|87/100\n|move|p2a: Mudsdale|Earthquake|p1a: Chimecho\n|-immune|p1a: Chimecho|[from] ability: Levitate\n|\n|-heal|p1a: Chimecho|93/100|[from] item: Leftovers\n|upkeep\n|turn|13\n|inactive|Time left: 300 sec this turn | 300 sec total\n|\n|t:|1783558658\n|move|p1a: Chimecho|Cosmic Power|p1a: Chimecho\n|-boost|p1a: Chimecho|def|1\n|-boost|p1a: Chimecho|spd|1\n|move|p2a: Mudsdale|Heavy Slam|p1a: Chimecho\n|-damage|p1a: Chimecho|70/100\n|\n|-heal|p1a: Chimecho|77/100|[from] item: Leftovers\n|upkeep\n|turn|14\n|inactive|Time left: 300 sec this turn | 300 sec total\n|\n|t:|1783558659\n|move|p1a: Chimecho|Cosmic Power|p1a: Chimecho\n|-boost|p1a: Chimecho|def|1\n|-boost|p1a: Chimecho|spd|1\n|move|p2a: Mudsdale|Roar|p1a: Chimecho\n|drag|p1a: Brute Bonnet|Brute Bonnet, L80|19/100 tox\n|\n|-heal|p1a: Brute Bonnet|25/100 tox|[from] item: Leftovers\n|-damage|p1a: Brute Bonnet|19/100 tox|[from] psn\n|upkeep\n|turn|15\n|inactive|Time left: 300 sec this turn | 300 sec total\n|\n|t:|1783558660\n|move|p1a: Brute Bonnet|Close Combat|p2a: Mudsdale\n|-damage|p2a: Mudsdale|211/302\n|-unboost|p1a: Brute Bonnet|def|1\n|-unboost|p1a: Brute Bonnet|spd|1\n|-ability|p2a: Mudsdale|Stamina|boost\n|-boost|p2a: Mudsdale|def|1\n|move|p2a: Mudsdale|Heavy Slam|p1a: Brute Bonnet\n|-damage|p1a: Brute Bonnet|0 fnt\n|faint|p1a: Brute Bonnet\n|-end|p1a: Brute Bonnet|Protosynthesis|[silent]\n|\n|-heal|p2a: Mudsdale|229/302|[from] item: Leftovers\n|upkeep\n|\n|t:|1783558661\n|switch|p1a: Chimecho|Chimecho, L93, F|77/100\n|turn|16\n|inactive|Time left: 300 sec this turn | 300 sec total\n|\n|t:|1783558662\n|move|p1a: Chimecho|Cosmic Power|p1a: Chimecho\n|-boost|p1a: Chimecho|def|1\n|-boost|p1a: Chimecho|spd|1\n|move|p2a: Mudsdale|Heavy Slam|p1a: Chimecho\n|-damage|p1a: Chimecho|55/100\n|\n|-heal|p1a: Chimecho|61/100|[from] item: Leftovers\n|-heal|p2a: Mudsdale|247/302|[from] item: Leftovers\n|upkeep\n|turn|17\n|inactive|Time left: 300 sec this turn | 300 sec total\n|\n|t:|1783558663\n|move|p1a: Chimecho|Recover|p1a: Chimecho\n|-heal|p1a: Chimecho|100/100\n|move|p2a: Mudsdale|Roar|p1a: Chimecho\n|drag|p1a: Zekrom|Zekrom, L71|100/100\n|-ability|p1a: Zekrom|Teravolt\n|\n|-heal|p2a: Mudsdale|265/302|[from] item: Leftovers\n|upkeep\n|turn|18\n|inactive|Time left: 300 sec this turn | 300 sec total\n|\n|t:|1783558664\n|switch|p1a: Chimecho|Chimecho, L93, F|100/100\n|move|p2a: Mudsdale|Earthquake|p1a: Chimecho\n|-immune|p1a: Chimecho|[from] ability: Levitate\n|\n|-heal|p2a: Mudsdale|283/302|[from] item: Leftovers\n|upkeep\n|turn|19\n|inactive|Time left: 300 sec this turn | 300 sec total\n|\n|t:|1783558665\n|move|p1a: Chimecho|Cosmic Power|p1a: Chimecho\n|-boost|p1a: Chimecho|def|1\n|-boost|p1a: Chimecho|spd|1\n|move|p2a: Mudsdale|Stone Edge|p1a: Chimecho\n|-damage|p1a: Chimecho|81/100\n|\n|-heal|p1a: Chimecho|87/100|[from] item: Leftovers\n|-heal|p2a: Mudsdale|301/302|[from] item: Leftovers\n|upkeep\n|turn|20\n|inactive|Time left: 300 sec this turn | 300 sec total\n|\n|t:|1783558666\n|move|p1a: Chimecho|Recover|p1a: Chimecho\n|-heal|p1a: Chimecho|100/100\n|move|p2a: Mudsdale|Roar|p1a: Chimecho\n|drag|p1a: Rampardos|Rampardos, L90, F|100/100\n|\n|-heal|p2a: Mudsdale|302/302|[from] item: Leftovers\n|upkeep\n|turn|21\n|inactive|Time left: 300 sec this turn | 300 sec total\n|\n|t:|1783558667\n|switch|p1a: Chimecho|Chimecho, L93, F|100/100\n|move|p2a: Mudsdale|Earthquake|p1a: Chimecho\n|-immune|p1a: Chimecho|[from] ability: Levitate\n|\n|upkeep\n|turn|22\n|inactive|Time left: 300 sec this turn | 300 sec total\n|\n|t:|1783558668\n|move|p1a: Chimecho|Cosmic Power|p1a: Chimecho\n|-boost|p1a: Chimecho|def|1\n|-boost|p1a: Chimecho|spd|1\n|move|p2a: Mudsdale|Heavy Slam|p1a: Chimecho\n|-damage|p1a: Chimecho|79/100\n|\n|-heal|p1a: Chimecho|86/100|[from] item: Leftovers\n|upkeep\n|turn|23\n|inactive|Time left: 300 sec this turn | 300 sec total\n|\n|t:|1783558669\n|move|p1a: Chimecho|Stored Power|p2a: Mudsdale\n|-damage|p2a: Mudsdale|224/302\n|-ability|p2a: Mudsdale|Stamina|boost\n|-boost|p2a: Mudsdale|def|1\n|move|p2a: Mudsdale|Roar|p1a: Chimecho\n|drag|p1a: Clefable|Clefable, L83, F|100/100\n|\n|-heal|p2a: Mudsdale|242/302|[from] item: Leftovers\n|upkeep\n|turn|24\n|inactive|Time left: 300 sec this turn | 300 sec total\n|\n|t:|1783558671\n|switch|p1a: Chimecho|Chimecho, L93, F|86/100\n|move|p2a: Mudsdale|Earthquake|p1a: Chimecho\n|-immune|p1a: Chimecho|[from] ability: Levitate\n|\n|-heal|p1a: Chimecho|92/100|[from] item: Leftovers\n|-heal|p2a: Mudsdale|260/302|[from] item: Leftovers\n|upkeep\n|turn|25\n|inactive|Time left: 300 sec this turn | 300 sec total\n|\n|t:|1783558672\n|move|p1a: Chimecho|Cosmic Power|p1a: Chimecho\n|-boost|p1a: Chimecho|def|1\n|-boost|p1a: Chimecho|spd|1\n|move|p2a: Mudsdale|Heavy Slam|p1a: Chimecho\n|-damage|p1a: Chimecho|67/100\n|\n|-heal|p1a: Chimecho|73/100|[from] item: Leftovers\n|-heal|p2a: Mudsdale|278/302|[from] item: Leftovers\n|upkeep\n|turn|26\n|inactive|Time left: 300 sec this turn | 300 sec total\n|\n|t:|1783558673\n|move|p1a: Chimecho|Stored Power|p2a: Mudsdale\n|-damage|p2a: Mudsdale|197/302\n|-ability|p2a: Mudsdale|Stamina|boost\n|-boost|p2a: Mudsdale|def|1\n|move|p2a: Mudsdale|Roar|p1a: Chimecho\n|drag|p1a: Rampardos|Rampardos, L90, F|100/100\n|\n|-heal|p2a: Mudsdale|215/302|[from] item: Leftovers\n|upkeep\n|turn|27\n|inactive|Time left: 300 sec this turn | 300 sec total\n|\n|t:|1783558674\n|switch|p1a: Chimecho|Chimecho, L93, F|73/100\n|move|p2a: Mudsdale|Earthquake|p1a: Chimecho\n|-immune|p1a: Chimecho|[from] ability: Levitate\n|\n|-heal|p1a: Chimecho|79/100|[from] item: Leftovers\n|-heal|p2a: Mudsdale|233/302|[from] item: Leftovers\n|upkeep\n|turn|28\n|inactive|Time left: 300 sec this turn | 300 sec total\n|\n|t:|1783558675\n|move|p1a: Chimecho|Cosmic Power|p1a: Chimecho\n|-boost|p1a: Chimecho|def|1\n|-boost|p1a: Chimecho|spd|1\n|move|p2a: Mudsdale|Heavy Slam|p1a: Chimecho\n|-damage|p1a: Chimecho|57/100\n|\n|-heal|p1a: Chimecho|63/100|[from] item: Leftovers\n|-heal|p2a: Mudsdale|251/302|[from] item: Leftovers\n|upkeep\n|turn|29\n|inactive|Time left: 300 sec this turn | 300 sec total\n|\n|t:|1783558677\n|move|p1a: Chimecho|Recover|p1a: Chimecho\n|-heal|p1a: Chimecho|100/100\n|move|p2a: Mudsdale|Roar|p1a: Chimecho\n|drag|p1a: Rampardos|Rampardos, L90, F|100/100\n|\n|-heal|p2a: Mudsdale|269/302|[from] item: Leftovers\n|upkeep\n|turn|30\n|inactive|Time left: 300 sec this turn | 300 sec total\n|\n|t:|1783558678\n|switch|p1a: Chimecho|Chimecho, L93, F|100/100\n|move|p2a: Mudsdale|Earthquake|p1a: Chimecho\n|-immune|p1a: Chimecho|[from] ability: Levitate\n|\n|-heal|p2a: Mudsdale|287/302|[from] item: Leftovers\n|upkeep\n|turn|31\n|inactive|Time left: 300 sec this turn | 300 sec total\n|\n|t:|1783558679\n|move|p1a: Chimecho|Cosmic Power|p1a: Chimecho\n|-boost|p1a: Chimecho|def|1\n|-boost|p1a: Chimecho|spd|1\n|move|p2a: Mudsdale|Heavy Slam|p1a: Chimecho\n|-damage|p1a: Chimecho|77/100\n|\n|-heal|p1a: Chimecho|83/100|[from] item: Leftovers\n|-heal|p2a: Mudsdale|302/302|[from] item: Leftovers\n|upkeep\n|turn|32\n|inactive|Time left: 300 sec this turn | 300 sec total\n|\n|t:|1783558680\n|move|p1a: Chimecho|Stored Power|p2a: Mudsdale\n|-damage|p2a: Mudsdale|226/302\n|-ability|p2a: Mudsdale|Stamina|boost\n|-boost|p2a: Mudsdale|def|1\n|move|p2a: Mudsdale|Roar|p1a: Chimecho\n|drag|p1a: Zekrom|Zekrom, L71|100/100\n|-ability|p1a: Zekrom|Teravolt\n|\n|-heal|p2a: Mudsdale|244/302|[from] item: Leftovers\n|upkeep\n|turn|33\n|inactive|Time left: 300 sec this turn | 300 sec total\n|\n|t:|1783558681\n|switch|p1a: Chimecho|Chimecho, L93, F|83/100\n|move|p2a: Mudsdale|Earthquake|p1a: Chimecho\n|-immune|p1a: Chimecho|[from] ability: Levitate\n|\n|-heal|p1a: Chimecho|89/100|[from] item: Leftovers\n|-heal|p2a: Mudsdale|262/302|[from] item: Leftovers\n|upkeep\n|turn|34\n|inactive|Time left: 300 sec this turn | 300 sec total\n|\n|t:|1783558682\n|move|p1a: Chimecho|Dazzling Gleam|p2a: Mudsdale\n|-damage|p2a: Mudsdale|187/302\n|-ability|p2a: Mudsdale|Stamina|boost\n|-boost|p2a: Mudsdale|def|1\n|move|p2a: Mudsdale|Stone Edge|p1a: Chimecho\n|-crit|p1a: Chimecho\n|-damage|p1a: Chimecho|49/100\n|\n|-heal|p1a: Chimecho|55/100|[from] item: Leftovers\n|-heal|p2a: Mudsdale|205/302|[from] item: Leftovers\n|upkeep\n|turn|35\n|inactive|Time left: 300 sec this turn | 300 sec total\n|\n|t:|1783558684\n|move|p1a: Chimecho|Recover|p1a: Chimecho\n|-heal|p1a: Chimecho|100/100\n|move|p2a: Mudsdale|Heavy Slam|p1a: Chimecho\n|-crit|p1a: Chimecho\n|-damage|p1a: Chimecho|53/100\n|\n|-heal|p1a: Chimecho|59/100|[from] item: Leftovers\n|-heal|p2a: Mudsdale|223/302|[from] item: Leftovers\n|upkeep\n|turn|36\n|inactive|Time left: 300 sec this turn | 300 sec total\n|\n|t:|1783558685\n|move|p1a: Chimecho|Recover|p1a: Chimecho\n|-heal|p1a: Chimecho|100/100\n|move|p2a: Mudsdale|Heavy Slam|p1a: Chimecho\n|-damage|p1a: Chimecho|64/100\n|\n|-heal|p1a: Chimecho|70/100|[from] item: Leftovers\n|-heal|p2a: Mudsdale|241/302|[from] item: Leftovers\n|upkeep\n|turn|37\n|inactive|Time left: 300 sec this turn | 300 sec total\n|\n|t:|1783558686\n|move|p1a: Chimecho|Recover|p1a: Chimecho\n|-heal|p1a: Chimecho|100/100\n|move|p2a: Mudsdale|Heavy Slam|p1a: Chimecho\n|-damage|p1a: Chimecho|67/100\n|\n|-heal|p1a: Chimecho|73/100|[from] item: Leftovers\n|-heal|p2a: Mudsdale|259/302|[from] item: Leftovers\n|upkeep\n|turn|38\n|inactive|Time left: 300 sec this turn | 300 sec total\n|\n|t:|1783558687\n|move|p1a: Chimecho|Dazzling Gleam|p2a: Mudsdale\n|-damage|p2a: Mudsdale|190/302\n|-ability|p2a: Mudsdale|Stamina|boost\n|-boost|p2a: Mudsdale|def|1\n|move|p2a: Mudsdale|Heavy Slam|p1a: Chimecho\n|-damage|p1a: Chimecho|38/100\n|\n|-heal|p1a: Chimecho|44/100|[from] item: Leftovers\n|-heal|p2a: Mudsdale|208/302|[from] item: Leftovers\n|upkeep\n|turn|39\n|inactive|Time left: 300 sec this turn | 300 sec total\n|\n|t:|1783558689\n|move|p1a: Chimecho|Recover|p1a: Chimecho\n|-heal|p1a: Chimecho|94/100\n|move|p2a: Mudsdale|Heavy Slam|p1a: Chimecho\n|-damage|p1a: Chimecho|63/100\n|\n|-heal|p1a: Chimecho|69/100|[from] item: Leftovers\n|-heal|p2a: Mudsdale|226/302|[from] item: Leftovers\n|upkeep\n|turn|40\n|inactive|Time left: 300 sec this turn | 300 sec total\n|\n|t:|1783558690\n|move|p1a: Chimecho|Dazzling Gleam|p2a: Mudsdale\n|-damage|p2a: Mudsdale|154/302\n|move|p2a: Mudsdale|Heavy Slam|p1a: Chimecho\n|-damage|p1a: Chimecho|33/100\n|\n|-heal|p1a: Chimecho|39/100|[from] item: Leftovers\n|-heal|p2a: Mudsdale|172/302|[from] item: Leftovers\n|upkeep\n|turn|41\n|inactive|Time left: 300 sec this turn | 300 sec total\n|\n|t:|1783558691\n|move|p1a: Chimecho|Cosmic Power|p1a: Chimecho\n|-boost|p1a: Chimecho|def|1\n|-boost|p1a: Chimecho|spd|1\n|move|p2a: Mudsdale|Heavy Slam|p1a: Chimecho\n|-damage|p1a: Chimecho|14/100\n|\n|-heal|p1a: Chimecho|20/100|[from] item: Leftovers\n|-heal|p2a: Mudsdale|190/302|[from] item: Leftovers\n|upkeep\n|turn|42\n|inactive|Time left: 300 sec this turn | 300 sec total\n|\n|t:|1783558692\n|move|p1a: Chimecho|Cosmic Power|p1a: Chimecho\n|-boost|p1a: Chimecho|def|1\n|-boost|p1a: Chimecho|spd|1\n|move|p2a: Mudsdale|Heavy Slam|p1a: Chimecho\n|-damage|p1a: Chimecho|3/100\n|\n|-heal|p1a: Chimecho|9/100|[from] item: Leftovers\n|-heal|p2a: Mudsdale|208/302|[from] item: Leftovers\n|upkeep\n|turn|43\n|inactive|Time left: 300 sec this turn | 300 sec total\n|\n|t:|1783558693\n|move|p1a: Chimecho|Stored Power|p2a: Mudsdale\n|-damage|p2a: Mudsdale|85/302\n|move|p2a: Mudsdale|Stone Edge|p1a: Chimecho\n|-damage|p1a: Chimecho|0 fnt\n|faint|p1a: Chimecho\n|\n|-heal|p2a: Mudsdale|103/302|[from] item: Leftovers\n|upkeep\n|\n|t:|1783558694\n|switch|p1a: Clefable|Clefable, L83, F|100/100\n|turn|44\n|inactive|Time left: 300 sec this turn | 300 sec total\n|\n|t:|1783558695\n|switch|p2a: Arceus|Arceus-Fire, L72|291/291\n|move|p1a: Clefable|Moonblast|p2a: Arceus\n|-resisted|p2a: Arceus\n|-damage|p2a: Arceus|249/291\n|-unboost|p2a: Arceus|spa|1\n|\n|upkeep\n|turn|45\n|inactive|Time left: 300 sec this turn | 300 sec total\n|\n|t:|1783558695\n|move|p2a: Arceus|Flare Blitz|p1a: Clefable\n|-damage|p1a: Clefable|46/100\n|-damage|p2a: Arceus|197/291|[from] Recoil\n|move|p1a: Clefable|Moonblast|p2a: Arceus\n|-resisted|p2a: Arceus\n|-damage|p2a: Arceus|149/291\n|\n|-heal|p1a: Clefable|52/100|[from] item: Leftovers\n|upkeep\n|turn|46\n|inactive|Time left: 300 sec this turn | 300 sec total\n|\n|t:|1783558696\n|move|p2a: Arceus|Flare Blitz|p1a: Clefable\n|-damage|p1a: Clefable|0 fnt\n|faint|p1a: Clefable\n|-damage|p2a: Arceus|99/291|[from] Recoil\n|\n|upkeep\n|\n|t:|1783558697\n|switch|p1a: Zekrom|Zekrom, L71|100/100\n|-ability|p1a: Zekrom|Teravolt\n|turn|47\n|inactive|Time left: 300 sec this turn | 300 sec total\n|\n|t:|1783558698\n|move|p2a: Arceus|Recover|p2a: Arceus\n|-heal|p2a: Arceus|245/291\n|move|p1a: Zekrom|Dragon Dance|p1a: Zekrom\n|-boost|p1a: Zekrom|atk|1\n|-boost|p1a: Zekrom|spe|1\n|\n|upkeep\n|turn|48\n|inactive|Time left: 300 sec this turn | 300 sec total\n|\n|t:|1783558699\n|switch|p2a: Duraludon|Duraludon, L82, F|249/249\n|move|p1a: Zekrom|Outrage|p2a: Duraludon\n|-crit|p2a: Duraludon\n|-damage|p2a: Duraludon|92/249\n|\n|upkeep\n|turn|49\n|inactive|Time left: 300 sec this turn | 300 sec total\n|\n|t:|1783558699\n|move|p1a: Zekrom|Outrage|p2a: Duraludon|[from] lockedmove\n|-damage|p2a: Duraludon|0 fnt\n|faint|p2a: Duraludon\n|\n|upkeep\n|inactive|Time left: 300 sec this turn | 300 sec total | 5 sec grace\n|\n|t:|1783558700\n|switch|p2a: Chimecho|Chimecho, L93, F|290/290\n|turn|50\n|inactive|Time left: 300 sec this turn | 300 sec total\n|\n|t:|1783558701\n|-terastallize|p2a: Chimecho|Steel\n|move|p1a: Zekrom|Outrage|p2a: Chimecho|[from] lockedmove\n|-resisted|p2a: Chimecho\n|-damage|p2a: Chimecho|200/290\n|-start|p1a: Zekrom|confusion|[fatigue]\n|move|p2a: Chimecho|Dazzling Gleam|p1a: Zekrom\n|-supereffective|p1a: Zekrom\n|-damage|p1a: Zekrom|39/100\n|\n|-heal|p1a: Zekrom|46/100|[from] item: Leftovers\n|-heal|p2a: Chimecho|218/290|[from] item: Leftovers\n|upkeep\n|turn|51\n|inactive|Time left: 300 sec this turn | 300 sec total\n|\n|t:|1783558702\n|-terastallize|p1a: Zekrom|Electric\n|-activate|p1a: Zekrom|confusion\n|move|p1a: Zekrom|Bolt Strike|p2a: Chimecho\n|-damage|p2a: Chimecho|0 fnt\n|faint|p2a: Chimecho\n|\n|-heal|p1a: Zekrom|52/100|[from] item: Leftovers\n|upkeep\n|inactive|Time left: 300 sec this turn | 300 sec total | 5 sec grace\n|\n|t:|1783558703\n|switch|p2a: Arceus|Arceus-Fire, L72|245/291\n|turn|52\n|inactive|Time left: 300 sec this turn | 300 sec total\n|\n|t:|1783558704\n|-activate|p1a: Zekrom|confusion\n|move|p1a: Zekrom|Outrage|p2a: Arceus\n|-damage|p2a: Arceus|80/291\n|move|p2a: Arceus|Flare Blitz|p1a: Zekrom\n|-damage|p1a: Zekrom|6/100\n|-damage|p2a: Arceus|40/291|[from] Recoil\n|\n|-heal|p1a: Zekrom|12/100|[from] item: Leftovers\n|upkeep\n|turn|53\n|inactive|Time left: 300 sec this turn | 300 sec total\n|\n|t:|1783558705\n|move|p2a: Arceus|Extreme Speed|p1a: Zekrom\n|-damage|p1a: Zekrom|0 fnt\n|faint|p1a: Zekrom\n|\n|upkeep\n|\n|t:|1783558706\n|switch|p1a: Rampardos|Rampardos, L90, F|100/100\n|turn|54\n|inactive|Time left: 300 sec this turn | 300 sec total\n|\n|t:|1783558707\n|move|p2a: Arceus|Flare Blitz|p1a: Rampardos\n|-resisted|p1a: Rampardos\n|-damage|p1a: Rampardos|76/100\n|-damage|p2a: Arceus|14/291|[from] Recoil\n|move|p1a: Rampardos|Earthquake|p2a: Arceus\n|-supereffective|p2a: Arceus\n|-damage|p2a: Arceus|0 fnt\n|faint|p2a: Arceus\n|-damage|p1a: Rampardos|66/100|[from] item: Life Orb\n|\n|upkeep\n|inactive|Time left: 300 sec this turn | 300 sec total | 5 sec grace\n|\n|t:|1783558708\n|switch|p2a: Tornadus|Tornadus, L82, M|264/264\n|turn|55\n|inactive|Time left: 300 sec this turn | 300 sec total\n|\n|t:|1783558709\n|move|p2a: Tornadus|Grass Knot|p1a: Rampardos\n|-supereffective|p1a: Rampardos\n|-damage|p1a: Rampardos|0 fnt\n|faint|p1a: Rampardos\n|\n|upkeep\n|\n|t:|1783558710\n|switch|p1a: Scrafty|Scrafty, L83, F|100/100\n|turn|56\n|inactive|Time left: 300 sec this turn | 300 sec total\n|\n|t:|1783558711\n|move|p2a: Tornadus|Bleakwind Storm|p1a: Scrafty\n|-supereffective|p1a: Scrafty\n|-damage|p1a: Scrafty|19/100\n|move|p1a: Scrafty|Rest|p1a: Scrafty\n|-status|p1a: Scrafty|slp|[from] move: Rest\n|-heal|p1a: Scrafty|100/100 slp|[silent]\n|\n|upkeep\n|turn|57\n|inactive|Time left: 300 sec this turn | 300 sec total\n|\n|t:|1783558712\n|move|p2a: Tornadus|Bleakwind Storm|p1a: Scrafty\n|-supereffective|p1a: Scrafty\n|-damage|p1a: Scrafty|19/100 slp\n|-unboost|p1a: Scrafty|spe|1\n|cant|p1a: Scrafty|slp\n|\n|-heal|p1a: Scrafty|25/100 slp|[from] item: Leftovers\n|upkeep\n|turn|58\n|inactive|Time left: 300 sec this turn | 300 sec total\n|\n|t:|1783558713\n|switch|p2a: Mudsdale|Mudsdale, L83, M|103/302\n|cant|p1a: Scrafty|slp\n|\n|-heal|p2a: Mudsdale|121/302|[from] item: Leftovers\n|-heal|p1a: Scrafty|31/100 slp|[from] item: Leftovers\n|upkeep\n|turn|59\n|inactive|Time left: 300 sec this turn | 300 sec total\n|\n|t:|1783558714\n|move|p2a: Mudsdale|Earthquake|p1a: Scrafty\n|-damage|p1a: Scrafty|0 fnt\n|faint|p1a: Scrafty\n|\n|win|p0y161166d3", "uploadtime": 1783558714, "views": 0, "rating": 0, "private": 0, "password": null, "_winner": "p0y161166d3", "_our_name": "p0y161166d3"}