{"id": "battle-gen9randombattle-1594", "formatid": "gen9randombattle", "format": "[Gen 9] Random Battle", "players": ["p0x1594698b", "p0y1594900c"], "log": "|init|battle\n|title|p0x1594698b vs. p0y1594900c\n|j|\u2606p0x1594698b\n|j|\u2606p0y1594900c\n|t:|1783558452\n|gametype|singles\n|player|p1|p0x1594698b|265|\n|player|p2|p0y1594900c|266|\n|gen|9\n|tier|[Gen 9] Random Battle\n|rule|Species Clause: Limit one of each Pok\u00e9mon\n|rule|HP Percentage Mod: HP is shown in percentages\n|rule|Sleep Clause Mod: Limit one foe put to sleep\n|rule|Illusion Level Mod: Illusion disguises the Pok\u00e9mon's true level\n|\n|t:|1783558452\n|teamsize|p1|6\n|teamsize|p2|6\n|start\n|switch|p1a: Revavroom|Revavroom, L79, F|100/100\n|switch|p2a: Hitmonlee|Hitmonlee, L85, M|224/224\n|turn|1\n|inactive|Battle timer is ON: inactive players will automatically lose when time's up. (requested by p0x1594698b)\n|inactive|Time left: 300 sec this turn | 300 sec total | 60 sec grace\n|inactive|p0y1594900c also wants the timer to be on.\n|\n|t:|1783558454\n|move|p2a: Hitmonlee|Close Combat|p1a: Revavroom\n|-damage|p1a: Revavroom|42/100\n|-unboost|p2a: Hitmonlee|def|1\n|-unboost|p2a: Hitmonlee|spd|1\n|-enditem|p2a: Hitmonlee|White Herb\n|-clearnegativeboost|p2a: Hitmonlee|[silent]\n|move|p1a: Revavroom|Gunk Shot|p2a: Hitmonlee\n|-damage|p2a: Hitmonlee|0 fnt\n|faint|p2a: Hitmonlee\n|-damage|p1a: Revavroom|32/100|[from] item: Life Orb\n|\n|upkeep\n|inactive|Time left: 300 sec this turn | 300 sec total | 65 sec grace\n|\n|t:|1783558455\n|switch|p2a: Walking Wake|Walking Wake, L79|286/286\n|turn|2\n|inactive|Time left: 300 sec this turn | 300 sec total\n|\n|t:|1783558456\n|switch|p1a: Lanturn|Lanturn, L89, F|100/100\n|move|p2a: Walking Wake|Flamethrower|p1a: Lanturn\n|-resisted|p1a: Lanturn\n|-damage|p1a: Lanturn|85/100\n|\n|-heal|p1a: Lanturn|91/100|[from] item: Leftovers\n|upkeep\n|turn|3\n|inactive|Time left: 300 sec this turn | 300 sec total\n|\n|t:|1783558457\n|move|p2a: Walking Wake|Flamethrower|p1a: Lanturn\n|-resisted|p1a: Lanturn\n|-damage|p1a: Lanturn|76/100\n|move|p1a: Lanturn|Ice Beam|p2a: Walking Wake\n|-damage|p2a: Walking Wake|218/286\n|-status|p2a: Walking Wake|frz\n|\n|-heal|p1a: Lanturn|82/100|[from] item: Leftovers\n|upkeep\n|turn|4\n|inactive|Time left: 300 sec this turn | 300 sec total\n|\n|t:|1783558458\n|-end|p2a: Walking Wake|Protosynthesis|[silent]\n|switch|p2a: Regidrago|Regidrago, L77|435/435\n|move|p1a: Lanturn|Thunderbolt|p2a: Regidrago\n|-resisted|p2a: Regidrago\n|-damage|p2a: Regidrago|368/435\n|\n|-heal|p1a: Lanturn|88/100|[from] item: Leftovers\n|upkeep\n|turn|5\n|inactive|Time left: 300 sec this turn | 300 sec total\n|\n|t:|1783558459\n|move|p1a: Lanturn|Ice Beam|p2a: Regidrago\n|-supereffective|p2a: Regidrago\n|-damage|p2a: Regidrago|194/435\n|move|p2a: Regidrago|Outrage|p1a: Lanturn\n|-damage|p1a: Lanturn|36/100\n|\n|-heal|p1a: Lanturn|42/100|[from] item: Leftovers\n|upkeep\n|turn|6\n|inactive|Time left: 300 sec this turn | 300 sec total\n|\n|t:|1783558460\n|move|p1a: Lanturn|Ice Beam|p2a: Regidrago\n|-supereffective|p2a: Regidrago\n|-damage|p2a: Regidrago|0 fnt\n|faint|p2a: Regidrago\n|\n|-heal|p1a: Lanturn|48/100|[from] item: Leftovers\n|upkeep\n|inactive|Time left: 300 sec this turn | 300 sec total | 5 sec grace\n|\n|t:|1783558461\n|switch|p2a: Primarina|Primarina, L83, F|268/268\n|turn|7\n|inactive|Time left: 300 sec this turn | 300 sec total\n|\n|t:|1783558462\n|move|p1a: Lanturn|Thunderbolt|p2a: Primarina\n|-supereffective|p2a: Primarina\n|-damage|p2a: Primarina|112/268\n|move|p2a: Primarina|Moonblast|p1a: Lanturn\n|-damage|p1a: Lanturn|0 fnt\n|faint|p1a: Lanturn\n|\n|upkeep\n|\n|t:|1783558463\n|switch|p1a: Revavroom|Revavroom, L79, F|32/100\n|turn|8\n|inactive|Time left: 300 sec this turn | 300 sec total\n|\n|t:|1783558464\n|switch|p2a: Oricorio|Oricorio-Sensu, L85, M|266/266\n|move|p1a: Revavroom|Gunk Shot|p2a: Oricorio\n|-resisted|p2a: Oricorio\n|-damage|p2a: Oricorio|170/266\n|-status|p2a: Oricorio|psn\n|-damage|p1a: Revavroom|22/100|[from] item: Life Orb\n|\n|-damage|p2a: Oricorio|137/266 psn|[from] psn\n|upkeep\n|turn|9\n|inactive|Time left: 300 sec this turn | 300 sec total\n|\n|t:|1783558465\n|switch|p1a: Dragonite|Dragonite, L74, M|100/100\n|move|p2a: Oricorio|Revelation Dance|p1a: Dragonite\n|-damage|p1a: Dragonite|82/100\n|\n|-damage|p2a: Oricorio|104/266 psn|[from] psn\n|upkeep\n|turn|10\n|inactive|Time left: 300 sec this turn | 300 sec total\n|\n|t:|1783558466\n|move|p2a: Oricorio|Roost|p2a: Oricorio\n|-heal|p2a: Oricorio|237/266 psn\n|-singleturn|p2a: Oricorio|move: Roost\n|move|p1a: Dragonite|Dragon Dance|p1a: Dragonite\n|-boost|p1a: Dragonite|atk|1\n|-boost|p1a: Dragonite|spe|1\n|-activate|p2a: Oricorio|ability: Dancer\n|move|p2a: Oricorio|Dragon Dance|p2a: Oricorio|[from] ability: Dancer\n|-boost|p2a: Oricorio|atk|1\n|-boost|p2a: Oricorio|spe|1\n|\n|-damage|p2a: Oricorio|204/266 psn|[from] psn\n|upkeep\n|turn|11\n|inactive|Time left: 300 sec this turn | 300 sec total\n|\n|t:|1783558467\n|move|p2a: Oricorio|Hurricane|p1a: Dragonite\n|-crit|p1a: Dragonite\n|-damage|p1a: Dragonite|8/100\n|-start|p1a: Dragonite|confusion\n|-activate|p1a: Dragonite|confusion\n|move|p1a: Dragonite|Outrage|p2a: Oricorio\n|-damage|p2a: Oricorio|0 fnt\n|faint|p2a: Oricorio\n|\n|upkeep\n|inactive|Time left: 300 sec this turn | 300 sec total | 5 sec grace\n|\n|t:|1783558468\n|switch|p2a: Primarina|Primarina, L83, F|112/268\n|turn|12\n|inactive|Time left: 300 sec this turn | 300 sec total\n|\n|t:|1783558469\n|-end|p1a: Dragonite|confusion\n|move|p1a: Dragonite|Outrage|p2a: Primarina|[from] lockedmove\n|-immune|p2a: Primarina\n|-start|p1a: Dragonite|confusion|[fatigue]\n|move|p2a: Primarina|Moonblast|p1a: Dragonite\n|-supereffective|p1a: Dragonite\n|-damage|p1a: Dragonite|0 fnt\n|faint|p1a: Dragonite\n|\n|upkeep\n|\n|t:|1783558470\n|switch|p1a: Revavroom|Revavroom, L79, F|22/100\n|turn|13\n|inactive|Time left: 300 sec this turn | 300 sec total\n|\n|t:|1783558471\n|switch|p2a: Walking Wake|Walking Wake, L79|218/286 frz\n|move|p1a: Revavroom|Gunk Shot|p2a: Walking Wake\n|-damage|p2a: Walking Wake|37/286 frz\n|-damage|p1a: Revavroom|13/100|[from] item: Life Orb\n|\n|upkeep\n|turn|14\n|inactive|Time left: 300 sec this turn | 300 sec total\n|\n|t:|1783558472\n|cant|p2a: Walking Wake|frz\n|move|p1a: Revavroom|Shift Gear|p1a: Revavroom\n|-boost|p1a: Revavroom|spe|2\n|-boost|p1a: Revavroom|atk|1\n|\n|upkeep\n|turn|15\n|inactive|Time left: 300 sec this turn | 300 sec total\n|\n|t:|1783558473\n|move|p1a: Revavroom|Gunk Shot|p2a: Walking Wake|[miss]\n|-miss|p1a: Revavroom|p2a: Walking Wake\n|-curestatus|p2a: Walking Wake|frz|[msg]\n|move|p2a: Walking Wake|Flip Turn|p1a: Revavroom\n|-damage|p1a: Revavroom|0 fnt\n|faint|p1a: Revavroom\n|inactive|Time left: 300 sec this turn | 300 sec total | 5 sec grace\n|\n|t:|1783558474\n|-end|p2a: Walking Wake|Protosynthesis|[silent]\n|switch|p2a: Primarina|Primarina, L83, F|112/268|[from] Flip Turn\n|\n|upkeep\n|\n|t:|1783558475\n|switch|p1a: Vivillon|Vivillon-River, L83, F|100/100\n|turn|16\n|inactive|Time left: 300 sec this turn | 300 sec total\n|\n|t:|1783558476\n|move|p1a: Vivillon|Sleep Powder|p2a: Primarina\n|-status|p2a: Primarina|slp|[from] move: Sleep Powder\n|cant|p2a: Primarina|slp\n|\n|upkeep\n|turn|17\n|inactive|Time left: 300 sec this turn | 300 sec total\n|\n|t:|1783558476\n|move|p1a: Vivillon|Quiver Dance|p1a: Vivillon\n|-boost|p1a: Vivillon|spa|1\n|-boost|p1a: Vivillon|spd|1\n|-boost|p1a: Vivillon|spe|1\n|cant|p2a: Primarina|slp\n|\n|upkeep\n|turn|18\n|inactive|Time left: 300 sec this turn | 300 sec total\n|\n|t:|1783558477\n|move|p1a: Vivillon|Quiver Dance|p1a: Vivillon\n|-boost|p1a: Vivillon|spa|1\n|-boost|p1a: Vivillon|spd|1\n|-boost|p1a: Vivillon|spe|1\n|-curestatus|p2a: Primarina|slp|[msg]\n|move|p2a: Primarina|Moonblast|p1a: Vivillon\n|-damage|p1a: Vivillon|52/100\n|-unboost|p1a: Vivillon|spa|1\n|\n|upkeep\n|turn|19\n|inactive|Time left: 300 sec this turn | 300 sec total\n|\n|t:|1783558478\n|move|p1a: Vivillon|Hurricane|p2a: Primarina\n|-damage|p2a: Primarina|0 fnt\n|faint|p2a: Primarina\n|\n|upkeep\n|inactive|Time left: 300 sec this turn | 300 sec total | 5 sec grace\n|\n|t:|1783558479\n|switch|p2a: Terapagos|Terapagos, L77, F|265/265\n|-activate|p2a: Terapagos|ability: Tera Shift\n|detailschange|p2a: Terapagos|Terapagos-Terastal, L77, F\n|-heal|p2a: Terapagos|273/273|[silent]\n|turn|20\n|inactive|Time left: 300 sec this turn | 300 sec total\n|\n|t:|1783558480\n|move|p1a: Vivillon|Hurricane|p2a: Terapagos\n|-activate|p2a: Terapagos|ability: Tera Shell\n|-resisted|p2a: Terapagos\n|-damage|p2a: Terapagos|196/273\n|move|p2a: Terapagos|Calm Mind|p2a: Terapagos\n|-boost|p2a: Terapagos|spa|1\n|-boost|p2a: Terapagos|spd|1\n|\n|upkeep\n|turn|21\n|inactive|Time left: 300 sec this turn | 300 sec total\n|\n|t:|1783558481\n|move|p1a: Vivillon|Hurricane|p2a: Terapagos|[miss]\n|-miss|p1a: Vivillon|p2a: Terapagos\n|move|p2a: Terapagos|Tera Starstorm|p1a: Vivillon\n|-damage|p1a: Vivillon|3/100\n|\n|upkeep\n|turn|22\n|inactive|Time left: 300 sec this turn | 300 sec total\n|\n|t:|1783558482\n|move|p1a: Vivillon|Sleep Powder|p2a: Terapagos\n|-status|p2a: Terapagos|slp|[from] move: Sleep Powder\n|-enditem|p2a: Terapagos|Chesto Berry|[eat]\n|-curestatus|p2a: Terapagos|slp|[msg]\n|move|p2a: Terapagos|Calm Mind|p2a: Terapagos\n|-boost|p2a: Terapagos|spa|1\n|-boost|p2a: Terapagos|spd|1\n|\n|upkeep\n|turn|23\n|inactive|Time left: 300 sec this turn | 300 sec total\n|\n|t:|1783558484\n|move|p1a: Vivillon|Sleep Powder|p2a: Terapagos\n|-status|p2a: Terapagos|slp|[from] move: Sleep Powder\n|cant|p2a: Terapagos|slp\n|\n|upkeep\n|turn|24\n|inactive|Time left: 300 sec this turn | 300 sec total\n|\n|t:|1783558485\n|move|p1a: Vivillon|Hurricane|p2a: Terapagos\n|-damage|p2a: Terapagos|118/273 slp\n|-curestatus|p2a: Terapagos|slp|[msg]\n|move|p2a: Terapagos|Dark Pulse|p1a: Vivillon\n|-damage|p1a: Vivillon|0 fnt\n|faint|p1a: Vivillon\n|\n|upkeep\n|\n|t:|1783558486\n|switch|p1a: Meowstic|Meowstic, L89, M|100/100\n|turn|25\n|inactive|Time left: 300 sec this turn | 300 sec total\n|\n|t:|1783558486\n|move|p1a: Meowstic|Light Screen|p1a: Meowstic\n|-sidestart|p1: p0x1594698b|move: Light Screen\n|move|p2a: Terapagos|Tera Starstorm|p1a: Meowstic\n|-damage|p1a: Meowstic|62/100\n|\n|upkeep\n|turn|26\n|inactive|Time left: 300 sec this turn | 300 sec total\n|\n|t:|1783558487\n|move|p1a: Meowstic|Psychic Noise|p2a: Terapagos\n|-damage|p2a: Terapagos|81/273\n|-start|p2a: Terapagos|move: Heal Block\n|move|p2a: Terapagos|Tera Starstorm|p1a: Meowstic\n|-crit|p1a: Meowstic\n|-damage|p1a: Meowstic|0 fnt\n|faint|p1a: Meowstic\n|\n|upkeep\n|\n|t:|1783558488\n|switch|p1a: Crawdaunt|Crawdaunt, L84, M|100/100\n|turn|27\n|inactive|Time left: 300 sec this turn | 300 sec total\n|\n|t:|1783558489\n|switch|p2a: Walking Wake|Walking Wake, L79|37/286\n|-terastallize|p1a: Crawdaunt|Water\n|move|p1a: Crawdaunt|Aqua Jet|p2a: Walking Wake\n|-resisted|p2a: Walking Wake\n|-damage|p2a: Walking Wake|12/286\n|-damage|p1a: Crawdaunt|91/100|[from] item: Life Orb\n|\n|upkeep\n|turn|28\n|inactive|Time left: 300 sec this turn | 300 sec total\n|\n|t:|1783558490\n|move|p1a: Crawdaunt|Aqua Jet|p2a: Walking Wake\n|-resisted|p2a: Walking Wake\n|-damage|p2a: Walking Wake|0 fnt\n|faint|p2a: Walking Wake\n|-end|p2a: Walking Wake|Protosynthesis|[silent]\n|-damage|p1a: Crawdaunt|81/100|[from] item: Life Orb\n|\n|upkeep\n|inactive|Time left: 300 sec this turn | 300 sec total | 5 sec grace\n|\n|t:|1783558491\n|switch|p2a: Terapagos|Terapagos-Terastal, L77, F|81/273\n|turn|29\n|inactive|Time left: 300 sec this turn | 300 sec total\n|\n|t:|1783558492\n|-terastallize|p2a: Terapagos|Stellar\n|detailschange|p2a: Terapagos|Terapagos-Stellar, L77, F, tera:Stellar\n|-heal|p2a: Terapagos|181/373|[silent]\n|move|p1a: Crawdaunt|Aqua Jet|p2a: Terapagos\n|-damage|p2a: Terapagos|82/373\n|-damage|p1a: Crawdaunt|71/100|[from] item: Life Orb\n|move|p2a: Terapagos|Dark Pulse|p1a: Crawdaunt\n|-damage|p1a: Crawdaunt|52/100\n|\n|upkeep\n|turn|30\n|inactive|Time left: 300 sec this turn | 300 sec total\n|\n|t:|1783558493\n|move|p1a: Crawdaunt|Aqua Jet|p2a: Terapagos\n|-damage|p2a: Terapagos|0 fnt\n|faint|p2a: Terapagos\n|detailschange|p2: Terapagos|Terapagos, L77, F|[silent]\n|-damage|p1a: Crawdaunt|42/100|[from] item: Life Orb\n|\n|win|p0x1594698b", "uploadtime": 1783558493, "views": 0, "rating": 0, "private": 0, "password": null, "_winner": "p0x1594698b", "_our_name": "p0y1594900c"}