{"id": "battle-gen9randombattle-2063", "formatid": "gen9randombattle", "format": "[Gen 9] Random Battle", "players": ["p0x20639bab", "p0y2063f239"], "log": "|init|battle\n|title|p0x20639bab vs. p0y2063f239\n|j|\u2606p0x20639bab\n|j|\u2606p0y2063f239\n|t:|1783563914\n|gametype|singles\n|player|p1|p0x20639bab|169|\n|player|p2|p0y2063f239|265|\n|gen|9\n|tier|[Gen 9] Random Battle\n|rule|Species Clause: Limit one of each Pok\u00e9mon\n|rule|HP Percentage Mod: HP is shown in percentages\n|rule|Sleep Clause Mod: Limit one foe put to sleep\n|rule|Illusion Level Mod: Illusion disguises the Pok\u00e9mon's true level\n|\n|t:|1783563914\n|teamsize|p1|6\n|teamsize|p2|6\n|start\n|switch|p1a: Noctowl|Noctowl, L95, M|344/344\n|switch|p2a: Alomomola|Alomomola, L87, F|100/100\n|turn|1\n|inactive|Battle timer is ON: inactive players will automatically lose when time's up. (requested by p0x20639bab)\n|inactive|p0y2063f239 also wants the timer to be on.\n|\n|t:|1783563915\n|move|p1a: Noctowl|Hurricane|p2a: Alomomola\n|-damage|p2a: Alomomola|51/100\n|move|p2a: Alomomola|Flip Turn|p1a: Noctowl\n|-damage|p1a: Noctowl|263/344\n|\n|t:|1783563916\n|switch|p2a: Rampardos|Rampardos, L90, F|100/100|[from] Flip Turn\n|\n|upkeep\n|turn|2\n|inactive|Time left: 300 sec this turn | 300 sec total\n|\n|t:|1783563917\n|move|p1a: Noctowl|Hyper Voice|p2a: Rampardos\n|-resisted|p2a: Rampardos\n|-damage|p2a: Rampardos|56/100\n|move|p2a: Rampardos|Rock Slide|p1a: Noctowl\n|-supereffective|p1a: Noctowl\n|-damage|p1a: Noctowl|0 fnt\n|faint|p1a: Noctowl\n|\n|upkeep\n|inactive|Time left: 300 sec this turn | 300 sec total | 5 sec grace\n|\n|t:|1783563918\n|switch|p1a: Crawdaunt|Crawdaunt, L84, M|243/243\n|turn|3\n|inactive|Time left: 300 sec this turn | 300 sec total\n|\n|t:|1783563919\n|move|p1a: Crawdaunt|Aqua Jet|p2a: Rampardos\n|-supereffective|p2a: Rampardos\n|-damage|p2a: Rampardos|0 fnt\n|faint|p2a: Rampardos\n|-damage|p1a: Crawdaunt|219/243|[from] item: Life Orb\n|\n|upkeep\n|\n|t:|1783563920\n|switch|p2a: Braviary|Braviary-Hisui, L85, M|100/100\n|turn|4\n|inactive|Time left: 300 sec this turn | 300 sec total\n|\n|t:|1783563921\n|move|p2a: Braviary|Hurricane|p1a: Crawdaunt\n|-damage|p1a: Crawdaunt|0 fnt\n|faint|p1a: Crawdaunt\n|\n|upkeep\n|inactive|Time left: 300 sec this turn | 300 sec total | 5 sec grace\n|\n|t:|1783563922\n|switch|p1a: Magnezone|Magnezone, L85|258/258\n|turn|5\n|inactive|Time left: 300 sec this turn | 300 sec total\n|\n|t:|1783563923\n|move|p2a: Braviary|Heat Wave|p1a: Magnezone\n|-supereffective|p1a: Magnezone\n|-damage|p1a: Magnezone|81/258\n|move|p1a: Magnezone|Discharge|p2a: Braviary\n|-supereffective|p2a: Braviary\n|-damage|p2a: Braviary|19/100\n|\n|upkeep\n|turn|6\n|inactive|Time left: 300 sec this turn | 300 sec total\n|\n|t:|1783563925\n|move|p2a: Braviary|Heat Wave|p1a: Magnezone\n|-supereffective|p1a: Magnezone\n|-damage|p1a: Magnezone|0 fnt\n|faint|p1a: Magnezone\n|\n|upkeep\n|inactive|Time left: 300 sec this turn | 300 sec total | 5 sec grace\n|\n|t:|1783563926\n|switch|p1a: Tinkaton|Tinkaton, L82, F|274/274\n|-ability|p1a: Tinkaton|Mold Breaker\n|turn|7\n|inactive|Time left: 300 sec this turn | 300 sec total\n|\n|t:|1783563927\n|switch|p2a: Alomomola|Alomomola, L87, F|85/100\n|move|p1a: Tinkaton|Stealth Rock|p2a: Alomomola\n|-sidestart|p2: p0y2063f239|move: Stealth Rock\n|\n|-heal|p2a: Alomomola|91/100|[from] item: Leftovers\n|upkeep\n|turn|8\n|inactive|Time left: 300 sec this turn | 300 sec total\n|\n|t:|1783563928\n|switch|p1a: Cacturne|Cacturne, L92, M|278/278\n|move|p2a: Alomomola|Scald|p1a: Cacturne\n|-immune|p1a: Cacturne|[from] ability: Water Absorb\n|\n|-heal|p2a: Alomomola|97/100|[from] item: Leftovers\n|upkeep\n|turn|9\n|inactive|Time left: 300 sec this turn | 300 sec total\n|\n|t:|1783563929\n|switch|p2a: Ariados|Ariados, L95, F|100/100\n|move|p1a: Cacturne|Knock Off|p2a: Ariados\n|-damage|p2a: Ariados|40/100\n|-enditem|p2a: Ariados|Heavy-Duty Boots|[from] move: Knock Off|[of] p1a: Cacturne\n|-damage|p1a: Cacturne|251/278|[from] item: Life Orb\n|\n|upkeep\n|turn|10\n|inactive|Time left: 300 sec this turn | 300 sec total\n|\n|t:|1783563930\n|move|p1a: Cacturne|Knock Off|p2a: Ariados\n|-damage|p2a: Ariados|0 fnt\n|faint|p2a: Ariados\n|-damage|p1a: Cacturne|224/278|[from] item: Life Orb\n|\n|upkeep\n|\n|t:|1783563931\n|switch|p2a: Darkrai|Darkrai, L77|100/100\n|-damage|p2a: Darkrai|88/100|[from] Stealth Rock\n|turn|11\n|inactive|Time left: 300 sec this turn | 300 sec total\n|\n|t:|1783563932\n|switch|p1a: Dragalge|Dragalge, L88, M|258/258\n|move|p2a: Darkrai|Focus Blast|p1a: Dragalge\n|-resisted|p1a: Dragalge\n|-damage|p1a: Dragalge|215/258\n|-damage|p2a: Darkrai|78/100|[from] item: Life Orb\n|\n|-heal|p1a: Dragalge|231/258|[from] item: Leftovers\n|upkeep\n|turn|12\n|inactive|Time left: 300 sec this turn | 300 sec total\n|\n|t:|1783563933\n|switch|p2a: Alomomola|Alomomola, L87, F|100/100\n|-damage|p2a: Alomomola|88/100|[from] Stealth Rock\n|move|p1a: Dragalge|Sludge Wave|p2a: Alomomola\n|-damage|p2a: Alomomola|31/100\n|\n|-heal|p2a: Alomomola|37/100|[from] item: Leftovers\n|-heal|p1a: Dragalge|247/258|[from] item: Leftovers\n|upkeep\n|turn|13\n|inactive|Time left: 300 sec this turn | 300 sec total\n|\n|t:|1783563934\n|move|p2a: Alomomola|Protect|p2a: Alomomola\n|-singleturn|p2a: Alomomola|Protect\n|move|p1a: Dragalge|Sludge Wave|p2a: Alomomola\n|-activate|p2a: Alomomola|move: Protect\n|\n|-heal|p2a: Alomomola|43/100|[from] item: Leftovers\n|-heal|p1a: Dragalge|258/258|[from] item: Leftovers\n|upkeep\n|turn|14\n|inactive|Time left: 300 sec this turn | 300 sec total\n|\n|t:|1783563935\n|switch|p2a: Lumineon|Lumineon, L93, M|100/100\n|move|p1a: Dragalge|Sludge Wave|p2a: Lumineon\n|-damage|p2a: Lumineon|55/100\n|\n|upkeep\n|turn|15\n|inactive|Time left: 300 sec this turn | 300 sec total\n|\n|t:|1783563936\n|move|p2a: Lumineon|Ice Beam|p1a: Dragalge\n|-supereffective|p1a: Dragalge\n|-damage|p1a: Dragalge|166/258\n|move|p1a: Dragalge|Sludge Wave|p2a: Lumineon\n|-damage|p2a: Lumineon|4/100\n|\n|-heal|p1a: Dragalge|182/258|[from] item: Leftovers\n|upkeep\n|turn|16\n|inactive|Time left: 300 sec this turn | 300 sec total\n|\n|t:|1783563937\n|move|p2a: Lumineon|Ice Beam|p1a: Dragalge\n|-supereffective|p1a: Dragalge\n|-damage|p1a: Dragalge|86/258\n|move|p1a: Dragalge|Sludge Wave|p2a: Lumineon\n|-damage|p2a: Lumineon|0 fnt\n|faint|p2a: Lumineon\n|\n|-heal|p1a: Dragalge|102/258|[from] item: Leftovers\n|upkeep\n|\n|t:|1783563939\n|switch|p2a: Alomomola|Alomomola, L87, F|76/100\n|-damage|p2a: Alomomola|64/100|[from] Stealth Rock\n|turn|17\n|inactive|Time left: 300 sec this turn | 300 sec total\n|\n|t:|1783563939\n|move|p2a: Alomomola|Protect|p2a: Alomomola\n|-singleturn|p2a: Alomomola|Protect\n|move|p1a: Dragalge|Sludge Wave|p2a: Alomomola\n|-activate|p2a: Alomomola|move: Protect\n|\n|-heal|p2a: Alomomola|70/100|[from] item: Leftovers\n|-heal|p1a: Dragalge|118/258|[from] item: Leftovers\n|upkeep\n|turn|18\n|inactive|Time left: 300 sec this turn | 300 sec total\n|\n|t:|1783563941\n|move|p2a: Alomomola|Wish|p2a: Alomomola\n|move|p1a: Dragalge|Sludge Wave|p2a: Alomomola\n|-damage|p2a: Alomomola|14/100\n|\n|-heal|p2a: Alomomola|20/100|[from] item: Leftovers\n|-heal|p1a: Dragalge|134/258|[from] item: Leftovers\n|upkeep\n|turn|19\n|inactive|Time left: 300 sec this turn | 300 sec total\n|\n|t:|1783563942\n|move|p2a: Alomomola|Protect|p2a: Alomomola\n|-singleturn|p2a: Alomomola|Protect\n|move|p1a: Dragalge|Sludge Wave|p2a: Alomomola\n|-activate|p2a: Alomomola|move: Protect\n|\n|-heal|p2a: Alomomola|69/100|[from] move: Wish|[wisher] Alomomola\n|-heal|p2a: Alomomola|76/100|[from] item: Leftovers\n|-heal|p1a: Dragalge|150/258|[from] item: Leftovers\n|upkeep\n|turn|20\n|inactive|Time left: 300 sec this turn | 300 sec total\n|\n|t:|1783563943\n|move|p2a: Alomomola|Wish|p2a: Alomomola\n|move|p1a: Dragalge|Sludge Wave|p2a: Alomomola\n|-damage|p2a: Alomomola|22/100\n|\n|-heal|p2a: Alomomola|28/100|[from] item: Leftovers\n|-heal|p1a: Dragalge|166/258|[from] item: Leftovers\n|upkeep\n|turn|21\n|inactive|Time left: 300 sec this turn | 300 sec total\n|\n|t:|1783563944\n|move|p2a: Alomomola|Protect|p2a: Alomomola\n|-singleturn|p2a: Alomomola|Protect\n|move|p1a: Dragalge|Focus Blast|p2a: Alomomola\n|-activate|p2a: Alomomola|move: Protect\n|\n|-heal|p2a: Alomomola|78/100|[from] move: Wish|[wisher] Alomomola\n|-heal|p2a: Alomomola|84/100|[from] item: Leftovers\n|-heal|p1a: Dragalge|182/258|[from] item: Leftovers\n|upkeep\n|turn|22\n|inactive|Time left: 300 sec this turn | 300 sec total\n|\n|t:|1783563945\n|move|p2a: Alomomola|Wish|p2a: Alomomola\n|move|p1a: Dragalge|Sludge Wave|p2a: Alomomola\n|-damage|p2a: Alomomola|29/100\n|\n|-heal|p2a: Alomomola|35/100|[from] item: Leftovers\n|-heal|p1a: Dragalge|198/258|[from] item: Leftovers\n|upkeep\n|turn|23\n|inactive|Time left: 300 sec this turn | 300 sec total\n|\n|t:|1783563946\n|move|p2a: Alomomola|Protect|p2a: Alomomola\n|-singleturn|p2a: Alomomola|Protect\n|move|p1a: Dragalge|Draco Meteor|p2a: Alomomola\n|-activate|p2a: Alomomola|move: Protect\n|\n|-heal|p2a: Alomomola|85/100|[from] move: Wish|[wisher] Alomomola\n|-heal|p2a: Alomomola|91/100|[from] item: Leftovers\n|-heal|p1a: Dragalge|214/258|[from] item: Leftovers\n|upkeep\n|turn|24\n|inactive|Time left: 300 sec this turn | 300 sec total\n|\n|t:|1783563947\n|move|p2a: Alomomola|Wish|p2a: Alomomola\n|move|p1a: Dragalge|Sludge Wave|p2a: Alomomola\n|-damage|p2a: Alomomola|42/100\n|\n|-heal|p2a: Alomomola|48/100|[from] item: Leftovers\n|-heal|p1a: Dragalge|230/258|[from] item: Leftovers\n|upkeep\n|turn|25\n|inactive|Time left: 300 sec this turn | 300 sec total\n|\n|t:|1783563948\n|move|p2a: Alomomola|Protect|p2a: Alomomola\n|-singleturn|p2a: Alomomola|Protect\n|move|p1a: Dragalge|Sludge Wave|p2a: Alomomola\n|-activate|p2a: Alomomola|move: Protect\n|\n|-heal|p2a: Alomomola|97/100|[from] move: Wish|[wisher] Alomomola\n|-heal|p2a: Alomomola|100/100|[from] item: Leftovers\n|-heal|p1a: Dragalge|246/258|[from] item: Leftovers\n|upkeep\n|turn|26\n|inactive|Time left: 300 sec this turn | 300 sec total\n|\n|t:|1783563950\n|move|p2a: Alomomola|Wish|p2a: Alomomola\n|move|p1a: Dragalge|Sludge Wave|p2a: Alomomola\n|-damage|p2a: Alomomola|45/100\n|\n|-heal|p2a: Alomomola|52/100|[from] item: Leftovers\n|-heal|p1a: Dragalge|258/258|[from] item: Leftovers\n|upkeep\n|turn|27\n|inactive|Time left: 300 sec this turn | 300 sec total\n|\n|t:|1783563951\n|move|p2a: Alomomola|Protect|p2a: Alomomola\n|-singleturn|p2a: Alomomola|Protect\n|move|p1a: Dragalge|Sludge Wave|p2a: Alomomola\n|-activate|p2a: Alomomola|move: Protect\n|\n|-heal|p2a: Alomomola|100/100|[from] move: Wish|[wisher] Alomomola\n|upkeep\n|turn|28\n|inactive|Time left: 300 sec this turn | 300 sec total\n|\n|t:|1783563952\n|move|p2a: Alomomola|Wish|p2a: Alomomola\n|move|p1a: Dragalge|Toxic|p2a: Alomomola\n|-status|p2a: Alomomola|tox\n|\n|-damage|p2a: Alomomola|94/100 tox|[from] psn\n|upkeep\n|turn|29\n|inactive|Time left: 300 sec this turn | 300 sec total\n|\n|t:|1783563953\n|move|p2a: Alomomola|Wish||[still]\n|-fail|p2a: Alomomola\n|move|p1a: Dragalge|Sludge Wave|p2a: Alomomola\n|-damage|p2a: Alomomola|38/100 tox\n|\n|-heal|p2a: Alomomola|88/100 tox|[from] move: Wish|[wisher] Alomomola\n|-heal|p2a: Alomomola|94/100 tox|[from] item: Leftovers\n|-damage|p2a: Alomomola|82/100 tox|[from] psn\n|upkeep\n|turn|30\n|inactive|Time left: 300 sec this turn | 300 sec total\n|\n|t:|1783563954\n|move|p2a: Alomomola|Protect|p2a: Alomomola\n|-singleturn|p2a: Alomomola|Protect\n|move|p1a: Dragalge|Sludge Wave|p2a: Alomomola\n|-activate|p2a: Alomomola|move: Protect\n|\n|-heal|p2a: Alomomola|88/100 tox|[from] item: Leftovers\n|-damage|p2a: Alomomola|70/100 tox|[from] psn\n|upkeep\n|turn|31\n|inactive|Time left: 300 sec this turn | 300 sec total\n|\n|t:|1783563954\n|move|p2a: Alomomola|Wish|p2a: Alomomola\n|move|p1a: Dragalge|Focus Blast|p2a: Alomomola|[miss]\n|-miss|p1a: Dragalge|p2a: Alomomola\n|\n|-heal|p2a: Alomomola|76/100 tox|[from] item: Leftovers\n|-damage|p2a: Alomomola|52/100 tox|[from] psn\n|upkeep\n|turn|32\n|inactive|Time left: 300 sec this turn | 300 sec total\n|\n|t:|1783563955\n|move|p2a: Alomomola|Protect|p2a: Alomomola\n|-singleturn|p2a: Alomomola|Protect\n|move|p1a: Dragalge|Draco Meteor|p2a: Alomomola\n|-activate|p2a: Alomomola|move: Protect\n|\n|-heal|p2a: Alomomola|100/100 tox|[from] move: Wish|[wisher] Alomomola\n|-damage|p2a: Alomomola|70/100 tox|[from] psn\n|upkeep\n|turn|33\n|inactive|Time left: 300 sec this turn | 300 sec total\n|\n|t:|1783563956\n|move|p2a: Alomomola|Flip Turn|p1a: Dragalge\n|-resisted|p1a: Dragalge\n|-damage|p1a: Dragalge|229/258\n|\n|t:|1783563957\n|switch|p2a: Braviary|Braviary-Hisui, L85, M|19/100|[from] Flip Turn\n|-damage|p2a: Braviary|0 fnt|[from] Stealth Rock\n|faint|p2a: Braviary\n|move|p1a: Dragalge|Focus Blast|p2: Braviary|[notarget]\n|-fail|p1a: Dragalge\n|\n|-heal|p1a: Dragalge|245/258|[from] item: Leftovers\n|upkeep\n|\n|t:|1783563958\n|switch|p2a: Alomomola|Alomomola, L87, F|100/100 tox\n|-damage|p2a: Alomomola|88/100 tox|[from] Stealth Rock\n|turn|34\n|inactive|Time left: 300 sec this turn | 300 sec total\n|\n|t:|1783563959\n|move|p2a: Alomomola|Wish|p2a: Alomomola\n|move|p1a: Dragalge|Focus Blast|p2a: Alomomola\n|-damage|p2a: Alomomola|57/100 tox\n|\n|-heal|p2a: Alomomola|63/100 tox|[from] item: Leftovers\n|-heal|p1a: Dragalge|258/258|[from] item: Leftovers\n|-damage|p2a: Alomomola|57/100 tox|[from] psn\n|upkeep\n|turn|35\n|inactive|Time left: 300 sec this turn | 300 sec total\n|\n|t:|1783563960\n|move|p2a: Alomomola|Protect|p2a: Alomomola\n|-singleturn|p2a: Alomomola|Protect\n|move|p1a: Dragalge|Draco Meteor|p2a: Alomomola\n|-activate|p2a: Alomomola|move: Protect\n|\n|-heal|p2a: Alomomola|100/100 tox|[from] move: Wish|[wisher] Alomomola\n|-damage|p2a: Alomomola|88/100 tox|[from] psn\n|upkeep\n|turn|36\n|inactive|Time left: 300 sec this turn | 300 sec total\n|\n|t:|1783563961\n|move|p2a: Alomomola|Wish|p2a: Alomomola\n|move|p1a: Dragalge|Focus Blast|p2a: Alomomola\n|-damage|p2a: Alomomola|53/100 tox\n|\n|-heal|p2a: Alomomola|59/100 tox|[from] item: Leftovers\n|-damage|p2a: Alomomola|41/100 tox|[from] psn\n|upkeep\n|turn|37\n|inactive|Time left: 300 sec this turn | 300 sec total\n|\n|t:|1783563962\n|move|p2a: Alomomola|Protect|p2a: Alomomola\n|-singleturn|p2a: Alomomola|Protect\n|move|p1a: Dragalge|Draco Meteor|p2a: Alomomola\n|-activate|p2a: Alomomola|move: Protect\n|\n|-heal|p2a: Alomomola|91/100 tox|[from] move: Wish|[wisher] Alomomola\n|-heal|p2a: Alomomola|97/100 tox|[from] item: Leftovers\n|-damage|p2a: Alomomola|73/100 tox|[from] psn\n|upkeep\n|turn|38\n|inactive|Time left: 300 sec this turn | 300 sec total\n|\n|t:|1783563963\n|move|p2a: Alomomola|Wish|p2a: Alomomola\n|move|p1a: Dragalge|Focus Blast|p2a: Alomomola\n|-damage|p2a: Alomomola|40/100 tox\n|\n|-heal|p2a: Alomomola|46/100 tox|[from] item: Leftovers\n|-damage|p2a: Alomomola|16/100 tox|[from] psn\n|upkeep\n|turn|39\n|inactive|Time left: 300 sec this turn | 300 sec total\n|\n|t:|1783563964\n|move|p2a: Alomomola|Protect|p2a: Alomomola\n|-singleturn|p2a: Alomomola|Protect\n|move|p1a: Dragalge|Focus Blast|p2a: Alomomola\n|-activate|p2a: Alomomola|move: Protect\n|\n|-heal|p2a: Alomomola|66/100 tox|[from] move: Wish|[wisher] Alomomola\n|-heal|p2a: Alomomola|72/100 tox|[from] item: Leftovers\n|-damage|p2a: Alomomola|35/100 tox|[from] psn\n|upkeep\n|turn|40\n|inactive|Time left: 300 sec this turn | 300 sec total\n|\n|t:|1783563965\n|move|p2a: Alomomola|Flip Turn|p1a: Dragalge\n|-resisted|p1a: Dragalge\n|-damage|p1a: Dragalge|234/258\n|\n|t:|1783563966\n|switch|p2a: Darkrai|Darkrai, L77|78/100|[from] Flip Turn\n|-damage|p2a: Darkrai|66/100|[from] Stealth Rock\n|move|p1a: Dragalge|Focus Blast|p2a: Darkrai\n|-supereffective|p2a: Darkrai\n|-damage|p2a: Darkrai|0 fnt\n|faint|p2a: Darkrai\n|\n|-heal|p1a: Dragalge|250/258|[from] item: Leftovers\n|upkeep\n|\n|t:|1783563967\n|switch|p2a: Alomomola|Alomomola, L87, F|69/100 tox\n|-damage|p2a: Alomomola|56/100 tox|[from] Stealth Rock\n|turn|41\n|inactive|Time left: 300 sec this turn | 300 sec total\n|\n|t:|1783563968\n|-terastallize|p2a: Alomomola|Poison\n|move|p2a: Alomomola|Protect|p2a: Alomomola\n|-singleturn|p2a: Alomomola|Protect\n|move|p1a: Dragalge|Draco Meteor|p2a: Alomomola\n|-activate|p2a: Alomomola|move: Protect\n|\n|-heal|p2a: Alomomola|62/100 tox|[from] item: Leftovers\n|-heal|p1a: Dragalge|258/258|[from] item: Leftovers\n|-damage|p2a: Alomomola|56/100 tox|[from] psn\n|upkeep\n|turn|42\n|inactive|Time left: 300 sec this turn | 300 sec total\n|\n|t:|1783563968\n|-terastallize|p1a: Dragalge|Fighting\n|move|p2a: Alomomola|Protect||[still]\n|-fail|p2a: Alomomola\n|move|p1a: Dragalge|Draco Meteor|p2a: Alomomola\n|-damage|p2a: Alomomola|0 fnt\n|-unboost|p1a: Dragalge|spa|2\n|faint|p2a: Alomomola\n|\n|win|p0x20639bab", "uploadtime": 1783563968, "views": 0, "rating": 0, "private": 0, "password": null, "_winner": "p0x20639bab", "_our_name": "p0x20639bab"}