{"id": "battle-gen9randombattle-376", "formatid": "gen9randombattle", "format": "[Gen 9] Random Battle", "players": ["p0x376faf8", "p0y376a4a9"], "log": "|init|battle\n|title|p0x376faf8 vs. p0y376a4a9\n|j|\u2606p0x376faf8\n|j|\u2606p0y376a4a9\n|t:|1783544022\n|gametype|singles\n|player|p1|p0x376faf8|170|\n|player|p2|p0y376a4a9|101|\n|gen|9\n|tier|[Gen 9] Random Battle\n|rule|Species Clause: Limit one of each Pok\u00e9mon\n|rule|HP Percentage Mod: HP is shown in percentages\n|rule|Sleep Clause Mod: Limit one foe put to sleep\n|rule|Illusion Level Mod: Illusion disguises the Pok\u00e9mon's true level\n|\n|t:|1783544022\n|teamsize|p1|6\n|teamsize|p2|6\n|start\n|switch|p1a: Dialga|Dialga-Origin, L73|100/100\n|switch|p2a: Golurk|Golurk, L87|297/297\n|-ability|p1a: Dialga|Pressure\n|turn|1\n|inactive|Battle timer is ON: inactive players will automatically lose when time's up. (requested by p0x376faf8)\n|inactive|Time left: 300 sec this turn | 300 sec total | 60 sec grace\n|inactive|p0y376a4a9 also wants the timer to be on.\n|\n|t:|1783544024\n|switch|p1a: Tauros|Tauros-Paldea-Combat, L82, M|100/100\n|-ability|p1a: Tauros|Intimidate|boost\n|-unboost|p2a: Golurk|atk|1\n|move|p2a: Golurk|Earthquake|p1a: Tauros\n|-damage|p1a: Tauros|57/100\n|-damage|p2a: Golurk|268/297|[from] item: Life Orb\n|\n|upkeep\n|turn|2\n|inactive|Time left: 300 sec this turn | 300 sec total\n|\n|t:|1783544025\n|move|p1a: Tauros|Bulk Up|p1a: Tauros\n|-boost|p1a: Tauros|atk|1\n|-boost|p1a: Tauros|def|1\n|move|p2a: Golurk|Stealth Rock|p1a: Tauros\n|-sidestart|p1: p0x376faf8|move: Stealth Rock\n|\n|upkeep\n|turn|3\n|inactive|Time left: 300 sec this turn | 300 sec total\n|\n|t:|1783544026\n|move|p1a: Tauros|Bulk Up|p1a: Tauros\n|-boost|p1a: Tauros|atk|1\n|-boost|p1a: Tauros|def|1\n|move|p2a: Golurk|Dynamic Punch|p1a: Tauros\n|-damage|p1a: Tauros|42/100\n|-start|p1a: Tauros|confusion\n|-damage|p2a: Golurk|239/297|[from] item: Life Orb\n|\n|upkeep\n|turn|4\n|inactive|Time left: 300 sec this turn | 300 sec total\n|\n|t:|1783544027\n|-activate|p1a: Tauros|confusion\n|-damage|p1a: Tauros|30/100|[from] confusion\n|move|p2a: Golurk|Poltergeist|p1a: Tauros\n|-activate|p1a: Tauros|move: Poltergeist|Life Orb\n|-damage|p1a: Tauros|7/100\n|-damage|p2a: Golurk|210/297|[from] item: Life Orb\n|\n|upkeep\n|turn|5\n|inactive|Time left: 300 sec this turn | 300 sec total\n|\n|t:|1783544028\n|switch|p2a: Florges|Florges, L85, F|271/271\n|-end|p1a: Tauros|confusion\n|move|p1a: Tauros|Close Combat|p2a: Florges\n|-resisted|p2a: Florges\n|-damage|p2a: Florges|49/271\n|-unboost|p1a: Tauros|def|1\n|-unboost|p1a: Tauros|spd|1\n|-damage|p1a: Tauros|0 fnt|[from] item: Life Orb\n|faint|p1a: Tauros\n|\n|-heal|p2a: Florges|65/271|[from] item: Leftovers\n|upkeep\n|\n|t:|1783544029\n|switch|p1a: Veluza|Veluza, L85, F|100/100\n|-damage|p1a: Veluza|88/100|[from] Stealth Rock\n|turn|6\n|inactive|Time left: 300 sec this turn | 300 sec total\n|\n|t:|1783544030\n|move|p2a: Florges|Moonblast|p1a: Veluza\n|-damage|p1a: Veluza|39/100\n|-enditem|p1a: Veluza|Sitrus Berry|[eat]\n|-heal|p1a: Veluza|64/100|[from] item: Sitrus Berry\n|move|p1a: Veluza|Aqua Cutter|p2a: Florges\n|-damage|p2a: Florges|0 fnt\n|faint|p2a: Florges\n|\n|upkeep\n|inactive|Time left: 300 sec this turn | 300 sec total | 5 sec grace\n|\n|t:|1783544030\n|switch|p2a: Urshifu|Urshifu, L74, M|270/270\n|turn|7\n|inactive|Time left: 300 sec this turn | 300 sec total\n|\n|t:|1783544031\n|move|p2a: Urshifu|Wicked Blow|p1a: Veluza\n|-supereffective|p1a: Veluza\n|-crit|p1a: Veluza\n|-damage|p1a: Veluza|0 fnt\n|faint|p1a: Veluza\n|\n|upkeep\n|\n|t:|1783544032\n|switch|p1a: Iron Thorns|Iron Thorns, L83|100/100\n|-damage|p1a: Iron Thorns|88/100|[from] Stealth Rock\n|-enditem|p1a: Iron Thorns|Booster Energy\n|-activate|p1a: Iron Thorns|ability: Quark Drive|[fromitem]\n|-start|p1a: Iron Thorns|quarkdriveatk\n|turn|8\n|inactive|Time left: 300 sec this turn | 300 sec total\n|\n|t:|1783544033\n|move|p2a: Urshifu|Wicked Blow|p1a: Iron Thorns\n|-crit|p1a: Iron Thorns\n|-damage|p1a: Iron Thorns|38/100\n|move|p1a: Iron Thorns|Dragon Dance|p1a: Iron Thorns\n|-boost|p1a: Iron Thorns|atk|1\n|-boost|p1a: Iron Thorns|spe|1\n|\n|upkeep\n|turn|9\n|inactive|Time left: 300 sec this turn | 300 sec total\n|\n|t:|1783544034\n|-terastallize|p1a: Iron Thorns|Ground\n|move|p1a: Iron Thorns|Earthquake|p2a: Urshifu\n|-damage|p2a: Urshifu|11/270\n|move|p2a: Urshifu|Wicked Blow|p1a: Iron Thorns\n|-crit|p1a: Iron Thorns\n|-damage|p1a: Iron Thorns|0 fnt\n|faint|p1a: Iron Thorns\n|-end|p1a: Iron Thorns|Quark Drive|[silent]\n|\n|upkeep\n|\n|t:|1783544035\n|switch|p1a: Grumpig|Grumpig, L92, F|100/100\n|-damage|p1a: Grumpig|88/100|[from] Stealth Rock\n|turn|10\n|inactive|Time left: 300 sec this turn | 300 sec total\n|\n|t:|1783544036\n|move|p1a: Grumpig|Earth Power|p2a: Urshifu\n|-damage|p2a: Urshifu|0 fnt\n|faint|p2a: Urshifu\n|\n|-heal|p1a: Grumpig|94/100|[from] item: Leftovers\n|upkeep\n|inactive|Time left: 300 sec this turn | 300 sec total | 5 sec grace\n|\n|t:|1783544037\n|switch|p2a: Copperajah|Copperajah, L86, M|350/350\n|turn|11\n|inactive|Time left: 300 sec this turn | 300 sec total\n|\n|t:|1783544039\n|move|p1a: Grumpig|Earth Power|p2a: Copperajah\n|-supereffective|p2a: Copperajah\n|-damage|p2a: Copperajah|188/350\n|-unboost|p2a: Copperajah|spd|1\n|move|p2a: Copperajah|Knock Off|p1a: Grumpig\n|-supereffective|p1a: Grumpig\n|-damage|p1a: Grumpig|0 fnt\n|-enditem|p1a: Grumpig|Leftovers|[from] move: Knock Off|[of] p2a: Copperajah\n|faint|p1a: Grumpig\n|\n|upkeep\n|\n|t:|1783544040\n|switch|p1a: Sunflora|Sunflora, F|100/100\n|-damage|p1a: Sunflora|88/100|[from] Stealth Rock\n|turn|12\n|inactive|Time left: 300 sec this turn | 300 sec total\n|\n|t:|1783544041\n|switch|p2a: Heracross|Heracross, L80, M|259/259\n|move|p1a: Sunflora|Leaf Storm|p2a: Heracross\n|-resisted|p2a: Heracross\n|-damage|p2a: Heracross|118/259\n|-unboost|p1a: Sunflora|spa|2\n|\n|upkeep\n|turn|13\n|inactive|Time left: 300 sec this turn | 300 sec total\n|\n|t:|1783544042\n|move|p2a: Heracross|Close Combat|p1a: Sunflora\n|-damage|p1a: Sunflora|33/100\n|-unboost|p2a: Heracross|def|1\n|-unboost|p2a: Heracross|spd|1\n|move|p1a: Sunflora|Leaf Storm|p2a: Heracross\n|-resisted|p2a: Heracross\n|-damage|p2a: Heracross|13/259\n|-unboost|p1a: Sunflora|spa|2\n|\n|upkeep\n|turn|14\n|inactive|Time left: 300 sec this turn | 300 sec total\n|\n|t:|1783544043\n|switch|p1a: Dialga|Dialga-Origin, L73|100/100\n|-damage|p1a: Dialga|94/100|[from] Stealth Rock\n|-ability|p1a: Dialga|Pressure\n|move|p2a: Heracross|Close Combat|p1a: Dialga\n|-supereffective|p1a: Dialga\n|-damage|p1a: Dialga|4/100\n|-unboost|p2a: Heracross|def|1\n|-unboost|p2a: Heracross|spd|1\n|\n|upkeep\n|turn|15\n|inactive|Time left: 300 sec this turn | 300 sec total\n|\n|t:|1783544044\n|move|p2a: Heracross|Close Combat|p1a: Dialga\n|-supereffective|p1a: Dialga\n|-damage|p1a: Dialga|0 fnt\n|-unboost|p2a: Heracross|def|1\n|-unboost|p2a: Heracross|spd|1\n|faint|p1a: Dialga\n|-ability|p2a: Heracross|Moxie|boost\n|-boost|p2a: Heracross|atk|1\n|\n|upkeep\n|\n|t:|1783544044\n|switch|p1a: Sunflora|Sunflora, F|33/100\n|-damage|p1a: Sunflora|20/100|[from] Stealth Rock\n|turn|16\n|inactive|Time left: 300 sec this turn | 300 sec total\n|\n|t:|1783544045\n|-terastallize|p2a: Heracross|Rock\n|move|p2a: Heracross|Close Combat|p1a: Sunflora\n|-damage|p1a: Sunflora|0 fnt\n|-unboost|p2a: Heracross|def|1\n|-unboost|p2a: Heracross|spd|1\n|faint|p1a: Sunflora\n|\n|win|p0y376a4a9", "uploadtime": 1783544045, "views": 0, "rating": 0, "private": 0, "password": null, "_winner": "p0y376a4a9", "_our_name": "p0y376a4a9"}