{"id": "battle-gen9randombattle-2157", "formatid": "gen9randombattle", "format": "[Gen 9] Random Battle", "players": ["p0x2157d7db", "p0y215736b6"], "log": "|init|battle\n|title|p0x2157d7db vs. p0y215736b6\n|j|\u2606p0x2157d7db\n|j|\u2606p0y215736b6\n|t:|1783564141\n|gametype|singles\n|player|p1|p0x2157d7db|2|\n|player|p2|p0y215736b6|170|\n|gen|9\n|tier|[Gen 9] Random Battle\n|rule|Species Clause: Limit one of each Pok\u00e9mon\n|rule|HP Percentage Mod: HP is shown in percentages\n|rule|Sleep Clause Mod: Limit one foe put to sleep\n|rule|Illusion Level Mod: Illusion disguises the Pok\u00e9mon's true level\n|\n|t:|1783564141\n|teamsize|p1|6\n|teamsize|p2|6\n|start\n|switch|p1a: Arceus|Arceus-Ghost, L69|280/280\n|switch|p2a: Conkeldurr|Conkeldurr, L80, M|100/100\n|turn|1\n|inactive|Battle timer is ON: inactive players will automatically lose when time's up. (requested by p0y215736b6)\n|inactive|Time left: 300 sec this turn | 300 sec total | 60 sec grace\n|inactive|p0x2157d7db also wants the timer to be on.\n|\n|t:|1783564142\n|switch|p1a: Heracross|Heracross, L80, M|259/259\n|move|p2a: Conkeldurr|Knock Off|p1a: Heracross\n|-resisted|p1a: Heracross\n|-damage|p1a: Heracross|209/259\n|-enditem|p1a: Heracross|Flame Orb|[from] move: Knock Off|[of] p2a: Conkeldurr\n|\n|-status|p2a: Conkeldurr|brn|[from] item: Flame Orb\n|upkeep\n|turn|2\n|inactive|Time left: 300 sec this turn | 300 sec total\n|\n|t:|1783564143\n|move|p1a: Heracross|Close Combat|p2a: Conkeldurr\n|-damage|p2a: Conkeldurr|56/100 brn\n|-unboost|p1a: Heracross|def|1\n|-unboost|p1a: Heracross|spd|1\n|move|p2a: Conkeldurr|Facade|p1a: Heracross\n|-damage|p1a: Heracross|0 fnt\n|faint|p1a: Heracross\n|\n|-damage|p2a: Conkeldurr|50/100 brn|[from] brn\n|upkeep\n|inactive|Time left: 300 sec this turn | 300 sec total | 5 sec grace\n|\n|t:|1783564144\n|switch|p1a: Wyrdeer|Wyrdeer, L87, M|321/321\n|-ability|p1a: Wyrdeer|Intimidate|boost\n|-unboost|p2a: Conkeldurr|atk|1\n|turn|3\n|inactive|Time left: 300 sec this turn | 300 sec total\n|\n|t:|1783564146\n|switch|p2a: Wo-Chien|Wo-Chien, L83|100/100\n|-ability|p2a: Wo-Chien|Tablets of Ruin\n|move|p1a: Wyrdeer|Psychic Noise|p2a: Wo-Chien\n|-immune|p2a: Wo-Chien\n|\n|upkeep\n|turn|4\n|inactive|Time left: 300 sec this turn | 300 sec total\n|\n|t:|1783564147\n|switch|p1a: Tropius|Tropius, L91, F|328/328\n|move|p2a: Wo-Chien|Knock Off|p1a: Tropius\n|-damage|p1a: Tropius|234/328\n|-enditem|p1a: Tropius|Sitrus Berry|[from] move: Knock Off|[of] p2a: Wo-Chien\n|\n|upkeep\n|turn|5\n|inactive|Time left: 300 sec this turn | 300 sec total\n|\n|t:|1783564148\n|switch|p2a: Glalie|Glalie, L96, F|100/100\n|move|p1a: Tropius|Dragon Dance|p1a: Tropius\n|-boost|p1a: Tropius|atk|1\n|-boost|p1a: Tropius|spe|1\n|\n|upkeep\n|turn|6\n|inactive|Time left: 300 sec this turn | 300 sec total\n|\n|t:|1783564149\n|-terastallize|p1a: Tropius|Ground\n|move|p1a: Tropius|Dragon Dance|p1a: Tropius\n|-boost|p1a: Tropius|atk|1\n|-boost|p1a: Tropius|spe|1\n|move|p2a: Glalie|Freeze-Dry|p1a: Tropius\n|-supereffective|p1a: Tropius\n|-damage|p1a: Tropius|76/328\n|\n|upkeep\n|turn|7\n|inactive|Time left: 300 sec this turn | 300 sec total\n|\n|t:|1783564150\n|move|p1a: Tropius|Leaf Blade|p2a: Glalie\n|-damage|p2a: Glalie|45/100\n|move|p2a: Glalie|Freeze-Dry|p1a: Tropius\n|-supereffective|p1a: Tropius\n|-damage|p1a: Tropius|0 fnt\n|faint|p1a: Tropius\n|\n|upkeep\n|inactive|Time left: 300 sec this turn | 300 sec total | 5 sec grace\n|\n|t:|1783564151\n|switch|p1a: Wyrdeer|Wyrdeer, L87, M|321/321\n|-ability|p1a: Wyrdeer|Intimidate|boost\n|-fail|p2a: Glalie|unboost|Attack|[from] ability: Inner Focus|[of] p2a: Glalie\n|turn|8\n|inactive|Time left: 300 sec this turn | 300 sec total\n|\n|t:|1783564152\n|switch|p2a: Wo-Chien|Wo-Chien, L83|100/100\n|-ability|p2a: Wo-Chien|Tablets of Ruin\n|move|p1a: Wyrdeer|Body Slam|p2a: Wo-Chien\n|-damage|p2a: Wo-Chien|77/100\n|-status|p2a: Wo-Chien|par\n|\n|-heal|p2a: Wo-Chien|84/100 par|[from] item: Leftovers\n|upkeep\n|turn|9\n|inactive|Time left: 300 sec this turn | 300 sec total\n|\n|t:|1783564152\n|move|p1a: Wyrdeer|Body Slam|p2a: Wo-Chien\n|-damage|p2a: Wo-Chien|58/100 par\n|move|p2a: Wo-Chien|Knock Off|p1a: Wyrdeer\n|-supereffective|p1a: Wyrdeer\n|-damage|p1a: Wyrdeer|97/321\n|-enditem|p1a: Wyrdeer|Leftovers|[from] move: Knock Off|[of] p2a: Wo-Chien\n|\n|-heal|p2a: Wo-Chien|64/100 par|[from] item: Leftovers\n|upkeep\n|turn|10\n|inactive|Time left: 300 sec this turn | 300 sec total\n|\n|t:|1783564153\n|move|p1a: Wyrdeer|Body Slam|p2a: Wo-Chien\n|-damage|p2a: Wo-Chien|39/100 par\n|move|p2a: Wo-Chien|Knock Off|p1a: Wyrdeer\n|-supereffective|p1a: Wyrdeer\n|-damage|p1a: Wyrdeer|0 fnt\n|faint|p1a: Wyrdeer\n|\n|-heal|p2a: Wo-Chien|46/100 par|[from] item: Leftovers\n|upkeep\n|inactive|Time left: 300 sec this turn | 300 sec total | 5 sec grace\n|\n|t:|1783564154\n|switch|p1a: Volbeat|Volbeat, L90, M|263/263\n|turn|11\n|inactive|Time left: 300 sec this turn | 300 sec total\n|\n|t:|1783564155\n|move|p2a: Wo-Chien|Protect|p2a: Wo-Chien\n|-singleturn|p2a: Wo-Chien|Protect\n|move|p1a: Volbeat|U-turn|p2a: Wo-Chien\n|-activate|p2a: Wo-Chien|move: Protect\n|\n|-heal|p2a: Wo-Chien|52/100 par|[from] item: Leftovers\n|upkeep\n|turn|12\n|inactive|Time left: 300 sec this turn | 300 sec total\n|\n|t:|1783564156\n|switch|p2a: Alomomola|Alomomola, L87, F|100/100\n|move|p1a: Volbeat|U-turn|p2a: Alomomola\n|-damage|p2a: Alomomola|85/100\n|-damage|p1a: Volbeat|220/263|[from] item: Rocky Helmet|[of] p2a: Alomomola\n|inactive|Time left: 300 sec this turn | 300 sec total | 5 sec grace\n|\n|t:|1783564157\n|switch|p1a: Arceus|Arceus-Ghost, L69|280/280|[from] U-turn\n|\n|upkeep\n|turn|13\n|inactive|Time left: 300 sec this turn | 300 sec total\n|\n|t:|1783564158\n|move|p1a: Arceus|Judgment|p2a: Alomomola\n|-damage|p2a: Alomomola|50/100\n|move|p2a: Alomomola|Flip Turn|p1a: Arceus\n|-damage|p1a: Arceus|223/280\n|\n|t:|1783564159\n|switch|p2a: Wo-Chien|Wo-Chien, L83|52/100 par|[from] Flip Turn\n|-ability|p2a: Wo-Chien|Tablets of Ruin\n|\n|-heal|p2a: Wo-Chien|58/100 par|[from] item: Leftovers\n|upkeep\n|turn|14\n|inactive|Time left: 300 sec this turn | 300 sec total\n|\n|t:|1783564159\n|move|p1a: Arceus|Recover|p1a: Arceus\n|-heal|p1a: Arceus|280/280\n|move|p2a: Wo-Chien|Leech Seed|p1a: Arceus\n|-start|p1a: Arceus|move: Leech Seed\n|\n|-heal|p2a: Wo-Chien|64/100 par|[from] item: Leftovers\n|-damage|p1a: Arceus|245/280|[from] Leech Seed|[of] p2a: Wo-Chien\n|-heal|p2a: Wo-Chien|77/100 par|[silent]\n|upkeep\n|turn|15\n|inactive|Time left: 300 sec this turn | 300 sec total\n|\n|t:|1783564160\n|switch|p1a: Volbeat|Volbeat, L90, M|220/263\n|move|p2a: Wo-Chien|Knock Off|p1a: Volbeat\n|-damage|p1a: Volbeat|130/263\n|-enditem|p1a: Volbeat|Heavy-Duty Boots|[from] move: Knock Off|[of] p2a: Wo-Chien\n|\n|-heal|p2a: Wo-Chien|83/100 par|[from] item: Leftovers\n|upkeep\n|turn|16\n|inactive|Time left: 300 sec this turn | 300 sec total\n|\n|t:|1783564161\n|switch|p2a: Alomomola|Alomomola, L87, F|83/100\n|move|p1a: Volbeat|U-turn|p2a: Alomomola\n|-crit|p2a: Alomomola\n|-damage|p2a: Alomomola|59/100\n|-damage|p1a: Volbeat|87/263|[from] item: Rocky Helmet|[of] p2a: Alomomola\n|inactive|Time left: 300 sec this turn | 300 sec total | 5 sec grace\n|\n|t:|1783564162\n|switch|p1a: Arceus|Arceus-Ghost, L69|245/280|[from] U-turn\n|\n|upkeep\n|turn|17\n|inactive|Time left: 300 sec this turn | 300 sec total\n|\n|t:|1783564163\n|switch|p2a: Wo-Chien|Wo-Chien, L83|83/100 par\n|-ability|p2a: Wo-Chien|Tablets of Ruin\n|move|p1a: Arceus|Judgment|p2a: Wo-Chien\n|-resisted|p2a: Wo-Chien\n|-damage|p2a: Wo-Chien|71/100 par\n|\n|-heal|p2a: Wo-Chien|77/100 par|[from] item: Leftovers\n|upkeep\n|turn|18\n|inactive|Time left: 300 sec this turn | 300 sec total\n|\n|t:|1783564164\n|move|p1a: Arceus|Focus Blast|p2a: Wo-Chien\n|-supereffective|p2a: Wo-Chien\n|-damage|p2a: Wo-Chien|42/100 par\n|cant|p2a: Wo-Chien|par\n|\n|-heal|p2a: Wo-Chien|48/100 par|[from] item: Leftovers\n|upkeep\n|turn|19\n|inactive|Time left: 300 sec this turn | 300 sec total\n|\n|t:|1783564165\n|move|p1a: Arceus|Focus Blast|p2a: Wo-Chien\n|-supereffective|p2a: Wo-Chien\n|-damage|p2a: Wo-Chien|14/100 par\n|move|p2a: Wo-Chien|Leech Seed|p1a: Arceus\n|-start|p1a: Arceus|move: Leech Seed\n|\n|-heal|p2a: Wo-Chien|20/100 par|[from] item: Leftovers\n|-damage|p1a: Arceus|210/280|[from] Leech Seed|[of] p2a: Wo-Chien\n|-heal|p2a: Wo-Chien|33/100 par|[silent]\n|upkeep\n|turn|20\n|inactive|Time left: 300 sec this turn | 300 sec total\n|\n|t:|1783564166\n|switch|p1a: Volbeat|Volbeat, L90, M|87/263\n|move|p2a: Wo-Chien|Knock Off|p1a: Volbeat\n|-damage|p1a: Volbeat|27/263\n|\n|-heal|p2a: Wo-Chien|39/100 par|[from] item: Leftovers\n|upkeep\n|turn|21\n|inactive|Time left: 300 sec this turn | 300 sec total\n|\n|t:|1783564167\n|cant|p2a: Wo-Chien|par\n|move|p1a: Volbeat|U-turn|p2a: Wo-Chien\n|-supereffective|p2a: Wo-Chien\n|-damage|p2a: Wo-Chien|0 fnt\n|faint|p2a: Wo-Chien\n|inactive|Time left: 300 sec this turn | 300 sec total | 5 sec grace\n|\n|t:|1783564168\n|switch|p1a: Arceus|Arceus-Ghost, L69|210/280|[from] U-turn\n|\n|upkeep\n|\n|t:|1783564168\n|switch|p2a: Samurott|Samurott, L88, F|100/100\n|turn|22\n|inactive|Time left: 300 sec this turn | 300 sec total\n|\n|t:|1783564169\n|move|p1a: Arceus|Will-O-Wisp|p2a: Samurott\n|-status|p2a: Samurott|brn\n|move|p2a: Samurott|Hydro Pump|p1a: Arceus\n|-damage|p1a: Arceus|74/280\n|\n|-damage|p2a: Samurott|94/100 brn|[from] brn\n|upkeep\n|turn|23\n|inactive|Time left: 300 sec this turn | 300 sec total\n|\n|t:|1783564170\n|move|p1a: Arceus|Recover|p1a: Arceus\n|-heal|p1a: Arceus|214/280\n|move|p2a: Samurott|Hydro Pump|p1a: Arceus\n|-damage|p1a: Arceus|81/280\n|\n|-damage|p2a: Samurott|88/100 brn|[from] brn\n|upkeep\n|turn|24\n|inactive|Time left: 300 sec this turn | 300 sec total\n|\n|t:|1783564171\n|move|p1a: Arceus|Recover|p1a: Arceus\n|-heal|p1a: Arceus|221/280\n|move|p2a: Samurott|Hydro Pump|p1a: Arceus\n|-damage|p1a: Arceus|97/280\n|\n|-damage|p2a: Samurott|82/100 brn|[from] brn\n|upkeep\n|turn|25\n|inactive|Time left: 300 sec this turn | 300 sec total\n|\n|t:|1783564173\n|move|p1a: Arceus|Recover|p1a: Arceus\n|-heal|p1a: Arceus|237/280\n|move|p2a: Samurott|Hydro Pump|p1a: Arceus|[miss]\n|-miss|p2a: Samurott|p1a: Arceus\n|\n|-damage|p2a: Samurott|76/100 brn|[from] brn\n|upkeep\n|turn|26\n|inactive|Time left: 300 sec this turn | 300 sec total\n|\n|t:|1783564174\n|move|p1a: Arceus|Judgment|p2a: Samurott\n|-damage|p2a: Samurott|49/100 brn\n|move|p2a: Samurott|Hydro Pump|p1a: Arceus\n|-damage|p1a: Arceus|104/280\n|\n|-damage|p2a: Samurott|43/100 brn|[from] brn\n|upkeep\n|turn|27\n|inactive|Time left: 300 sec this turn | 300 sec total\n|\n|t:|1783564175\n|move|p1a: Arceus|Recover|p1a: Arceus\n|-heal|p1a: Arceus|244/280\n|move|p2a: Samurott|Hydro Pump|p1a: Arceus|[miss]\n|-miss|p2a: Samurott|p1a: Arceus\n|\n|-damage|p2a: Samurott|37/100 brn|[from] brn\n|upkeep\n|turn|28\n|inactive|Time left: 300 sec this turn | 300 sec total\n|\n|t:|1783564176\n|move|p1a: Arceus|Judgment|p2a: Samurott\n|-damage|p2a: Samurott|13/100 brn\n|move|p2a: Samurott|Hydro Pump|p1a: Arceus\n|-damage|p1a: Arceus|52/280\n|\n|-damage|p2a: Samurott|7/100 brn|[from] brn\n|upkeep\n|turn|29\n|inactive|Time left: 300 sec this turn | 300 sec total\n|\n|t:|1783564177\n|move|p1a: Arceus|Recover|p1a: Arceus\n|-heal|p1a: Arceus|192/280\n|move|p2a: Samurott|Hydro Pump|p1a: Arceus\n|-damage|p1a: Arceus|0 fnt\n|faint|p1a: Arceus\n|\n|-damage|p2a: Samurott|1/100 brn|[from] brn\n|upkeep\n|inactive|Time left: 300 sec this turn | 300 sec total | 5 sec grace\n|\n|t:|1783564179\n|switch|p1a: Volbeat|Volbeat, L90, M|27/263\n|turn|30\n|inactive|Time left: 300 sec this turn | 300 sec total\n|\n|t:|1783564180\n|switch|p2a: Conkeldurr|Conkeldurr, L80, M|50/100 brn\n|move|p1a: Volbeat|Roost|p1a: Volbeat\n|-heal|p1a: Volbeat|159/263\n|-singleturn|p1a: Volbeat|move: Roost\n|\n|-damage|p2a: Conkeldurr|44/100 brn|[from] brn\n|upkeep\n|turn|31\n|inactive|Time left: 300 sec this turn | 300 sec total\n|\n|t:|1783564181\n|move|p1a: Volbeat|Roost|p1a: Volbeat\n|-heal|p1a: Volbeat|263/263\n|-singleturn|p1a: Volbeat|move: Roost\n|move|p2a: Conkeldurr|Knock Off|p1a: Volbeat\n|-damage|p1a: Volbeat|165/263\n|\n|-damage|p2a: Conkeldurr|38/100 brn|[from] brn\n|upkeep\n|turn|32\n|inactive|Time left: 300 sec this turn | 300 sec total\n|\n|t:|1783564182\n|move|p1a: Volbeat|Roost|p1a: Volbeat\n|-heal|p1a: Volbeat|263/263\n|-singleturn|p1a: Volbeat|move: Roost\n|move|p2a: Conkeldurr|Facade|p1a: Volbeat\n|-damage|p1a: Volbeat|84/263\n|\n|-damage|p2a: Conkeldurr|32/100 brn|[from] brn\n|upkeep\n|turn|33\n|inactive|Time left: 300 sec this turn | 300 sec total\n|\n|t:|1783564183\n|move|p1a: Volbeat|Roost|p1a: Volbeat\n|-heal|p1a: Volbeat|216/263\n|-singleturn|p1a: Volbeat|move: Roost\n|move|p2a: Conkeldurr|Facade|p1a: Volbeat\n|-damage|p1a: Volbeat|10/263\n|\n|-damage|p2a: Conkeldurr|26/100 brn|[from] brn\n|upkeep\n|turn|34\n|inactive|Time left: 300 sec this turn | 300 sec total\n|\n|t:|1783564184\n|move|p1a: Volbeat|Roost|p1a: Volbeat\n|-heal|p1a: Volbeat|142/263\n|-singleturn|p1a: Volbeat|move: Roost\n|move|p2a: Conkeldurr|Facade|p1a: Volbeat\n|-damage|p1a: Volbeat|0 fnt\n|faint|p1a: Volbeat\n|\n|-damage|p2a: Conkeldurr|20/100 brn|[from] brn\n|upkeep\n|inactive|Time left: 300 sec this turn | 300 sec total | 5 sec grace\n|\n|t:|1783564184\n|switch|p1a: Deoxys|Deoxys-Attack, L72|191/191\n|-ability|p1a: Deoxys|Pressure\n|turn|35\n|inactive|Time left: 300 sec this turn | 300 sec total\n|\n|t:|1783564185\n|move|p1a: Deoxys|Ice Beam|p2a: Conkeldurr\n|-damage|p2a: Conkeldurr|0 fnt\n|faint|p2a: Conkeldurr\n|-damage|p1a: Deoxys|172/191|[from] item: Life Orb\n|\n|upkeep\n|\n|t:|1783564186\n|switch|p2a: Rabsca|Rabsca, L91, M|100/100\n|turn|36\n|inactive|Time left: 300 sec this turn | 300 sec total\n|\n|t:|1783564187\n|move|p1a: Deoxys|Ice Beam|p2a: Rabsca\n|-damage|p2a: Rabsca|70/100\n|-damage|p1a: Deoxys|153/191|[from] item: Life Orb\n|move|p2a: Rabsca|Psychic|p1a: Deoxys\n|-resisted|p1a: Deoxys\n|-damage|p1a: Deoxys|0 fnt\n|faint|p1a: Deoxys\n|\n|win|p0y215736b6", "uploadtime": 1783564187, "views": 0, "rating": 0, "private": 0, "password": null, "_winner": "p0y215736b6", "_our_name": "p0x2157d7db"}