{"id": "battle-gen9randombattle-129", "formatid": "gen9randombattle", "format": "[Gen 9] Random Battle", "players": ["p0x129de67", "p0y1295c3f"], "log": "|init|battle\n|title|p0x129de67 vs. p0y1295c3f\n|j|\u2606p0x129de67\n|j|\u2606p0y1295c3f\n|t:|1783540657\n|gametype|singles\n|player|p1|p0x129de67|1|\n|player|p2|p0y1295c3f|169|\n|gen|9\n|tier|[Gen 9] Random Battle\n|rule|Species Clause: Limit one of each Pok\u00e9mon\n|rule|HP Percentage Mod: HP is shown in percentages\n|rule|Sleep Clause Mod: Limit one foe put to sleep\n|rule|Illusion Level Mod: Illusion disguises the Pok\u00e9mon's true level\n|\n|t:|1783540657\n|teamsize|p1|6\n|teamsize|p2|6\n|start\n|switch|p1a: Incineroar|Incineroar, L82, M|100/100\n|switch|p2a: Registeel|Registeel, L81|262/262\n|-ability|p1a: Incineroar|Intimidate|boost\n|-fail|p2a: Registeel|unboost|[from] ability: Clear Body|[of] p2a: Registeel\n|turn|1\n|inactive|Battle timer is ON: inactive players will automatically lose when time's up. (requested by p0y1295c3f)\n|inactive|p0x129de67 also wants the timer to be on.\n|\n|t:|1783540658\n|move|p1a: Incineroar|Knock Off|p2a: Registeel\n|-damage|p2a: Registeel|190/262\n|-enditem|p2a: Registeel|Chesto Berry|[from] move: Knock Off|[of] p1a: Incineroar\n|move|p2a: Registeel|Body Press|p1a: Incineroar\n|-supereffective|p1a: Incineroar\n|-damage|p1a: Incineroar|52/100\n|\n|upkeep\n|turn|2\n|inactive|Time left: 300 sec this turn | 300 sec total\n|\n|t:|1783540659\n|move|p1a: Incineroar|Flare Blitz|p2a: Registeel\n|-supereffective|p2a: Registeel\n|-damage|p2a: Registeel|8/262\n|-damage|p1a: Incineroar|31/100|[from] Recoil\n|move|p2a: Registeel|Body Press|p1a: Incineroar\n|-supereffective|p1a: Incineroar\n|-damage|p1a: Incineroar|0 fnt\n|faint|p1a: Incineroar\n|\n|upkeep\n|\n|t:|1783540660\n|switch|p1a: Roaring Moon|Roaring Moon, L72|100/100\n|turn|3\n|inactive|Time left: 300 sec this turn | 300 sec total\n|\n|t:|1783540661\n|move|p1a: Roaring Moon|Outrage|p2a: Registeel\n|-resisted|p2a: Registeel\n|-damage|p2a: Registeel|0 fnt\n|faint|p2a: Registeel\n|\n|upkeep\n|inactive|Time left: 300 sec this turn | 300 sec total | 5 sec grace\n|\n|t:|1783540662\n|switch|p2a: Lunala|Lunala, L70|308/308\n|turn|4\n|inactive|Time left: 300 sec this turn | 300 sec total\n|\n|t:|1783540663\n|-terastallize|p2a: Lunala|Fairy\n|move|p1a: Roaring Moon|Outrage|p2a: Lunala|[from] lockedmove\n|-immune|p2a: Lunala\n|move|p2a: Lunala|Moonblast|p1a: Roaring Moon\n|-supereffective|p1a: Roaring Moon\n|-damage|p1a: Roaring Moon|0 fnt\n|faint|p1a: Roaring Moon\n|-end|p1a: Roaring Moon|Protosynthesis|[silent]\n|\n|upkeep\n|\n|t:|1783540664\n|switch|p1a: Oranguru|Oranguru, L92, F|100/100\n|turn|5\n|inactive|Time left: 300 sec this turn | 300 sec total\n|\n|t:|1783540665\n|move|p2a: Lunala|Calm Mind|p2a: Lunala\n|-boost|p2a: Lunala|spa|1\n|-boost|p2a: Lunala|spd|1\n|move|p1a: Oranguru|Nasty Plot|p1a: Oranguru\n|-boost|p1a: Oranguru|spa|2\n|\n|upkeep\n|turn|6\n|inactive|Time left: 300 sec this turn | 300 sec total\n|\n|t:|1783540666\n|move|p2a: Lunala|Moonblast|p1a: Oranguru\n|-damage|p1a: Oranguru|65/100\n|-unboost|p1a: Oranguru|spa|1\n|move|p1a: Oranguru|Psyshock|p2a: Lunala\n|-damage|p2a: Lunala|221/308\n|\n|-heal|p2a: Lunala|240/308|[from] item: Leftovers\n|-heal|p1a: Oranguru|71/100|[from] item: Leftovers\n|upkeep\n|turn|7\n|inactive|Time left: 300 sec this turn | 300 sec total\n|\n|t:|1783540667\n|move|p2a: Lunala|Moonblast|p1a: Oranguru\n|-damage|p1a: Oranguru|37/100\n|move|p1a: Oranguru|Nasty Plot|p1a: Oranguru\n|-boost|p1a: Oranguru|spa|2\n|\n|-heal|p2a: Lunala|259/308|[from] item: Leftovers\n|-heal|p1a: Oranguru|43/100|[from] item: Leftovers\n|upkeep\n|turn|8\n|inactive|Time left: 300 sec this turn | 300 sec total\n|\n|t:|1783540668\n|move|p2a: Lunala|Moonblast|p1a: Oranguru\n|-damage|p1a: Oranguru|7/100\n|move|p1a: Oranguru|Psyshock|p2a: Lunala\n|-damage|p2a: Lunala|0 fnt\n|faint|p2a: Lunala\n|\n|-heal|p1a: Oranguru|13/100|[from] item: Leftovers\n|upkeep\n|inactive|Time left: 300 sec this turn | 300 sec total | 5 sec grace\n|\n|t:|1783540669\n|switch|p2a: Glimmora|Glimmora, L75, M|248/248\n|turn|9\n|inactive|Time left: 300 sec this turn | 300 sec total\n|\n|t:|1783540670\n|switch|p1a: Milotic|Milotic, L83, F|100/100\n|move|p2a: Glimmora|Sludge Wave|p1a: Milotic\n|-damage|p1a: Milotic|74/100\n|-status|p1a: Milotic|psn\n|\n|-heal|p1a: Milotic|80/100 psn|[from] item: Leftovers\n|-damage|p1a: Milotic|68/100 psn|[from] psn\n|upkeep\n|turn|10\n|inactive|Time left: 300 sec this turn | 300 sec total\n|\n|t:|1783540671\n|move|p1a: Milotic|Scald|p2a: Glimmora\n|-supereffective|p2a: Glimmora\n|-damage|p2a: Glimmora|36/248\n|move|p2a: Glimmora|Meteor Beam||[still]\n|-prepare|p2a: Glimmora|Meteor Beam\n|-boost|p2a: Glimmora|spa|1\n|-enditem|p2a: Glimmora|Power Herb\n|-anim|p2a: Glimmora|Meteor Beam|p1a: Milotic\n|-damage|p1a: Milotic|21/100 psn\n|\n|-heal|p1a: Milotic|27/100 psn|[from] item: Leftovers\n|-damage|p1a: Milotic|14/100 psn|[from] psn\n|upkeep\n|turn|11\n|inactive|Time left: 300 sec this turn | 300 sec total\n|\n|t:|1783540672\n|move|p1a: Milotic|Scald|p2a: Glimmora\n|-supereffective|p2a: Glimmora\n|-damage|p2a: Glimmora|0 fnt\n|faint|p2a: Glimmora\n|\n|-heal|p1a: Milotic|21/100 psn|[from] item: Leftovers\n|-damage|p1a: Milotic|8/100 psn|[from] psn\n|upkeep\n|inactive|Time left: 300 sec this turn | 300 sec total | 5 sec grace\n|\n|t:|1783540673\n|switch|p2a: Dragonite|Dragonite, L74, M|257/257\n|turn|12\n|inactive|Time left: 300 sec this turn | 300 sec total\n|\n|t:|1783540674\n|move|p1a: Milotic|Ice Beam|p2a: Dragonite\n|-supereffective|p2a: Dragonite\n|-damage|p2a: Dragonite|135/257\n|move|p2a: Dragonite|Dragon Dance|p2a: Dragonite\n|-boost|p2a: Dragonite|atk|1\n|-boost|p2a: Dragonite|spe|1\n|\n|-heal|p1a: Milotic|14/100 psn|[from] item: Leftovers\n|-damage|p1a: Milotic|2/100 psn|[from] psn\n|upkeep\n|turn|13\n|inactive|Time left: 300 sec this turn | 300 sec total\n|\n|t:|1783540675\n|move|p2a: Dragonite|Outrage|p1a: Milotic\n|-crit|p1a: Milotic\n|-damage|p1a: Milotic|0 fnt\n|faint|p1a: Milotic\n|\n|upkeep\n|\n|t:|1783540676\n|switch|p1a: Dusknoir|Dusknoir, L89, M|100/100\n|-item|p2a: Dragonite|Heavy-Duty Boots|[from] ability: Frisk|[of] p1a: Dusknoir\n|turn|14\n|inactive|Time left: 300 sec this turn | 300 sec total\n|\n|t:|1783540677\n|-terastallize|p1a: Dusknoir|Fairy\n|move|p2a: Dragonite|Outrage|p1a: Dusknoir|[from] lockedmove\n|-immune|p1a: Dusknoir\n|-start|p2a: Dragonite|confusion|[fatigue]\n|move|p1a: Dusknoir|Poltergeist|p2a: Dragonite\n|-activate|p2a: Dragonite|move: Poltergeist|Heavy-Duty Boots\n|-damage|p2a: Dragonite|0 fnt\n|faint|p2a: Dragonite\n|\n|upkeep\n|inactive|Time left: 300 sec this turn | 300 sec total | 5 sec grace\n|\n|t:|1783540678\n|switch|p2a: Moltres|Moltres, L81|278/278\n|turn|15\n|inactive|Time left: 300 sec this turn | 300 sec total\n|\n|t:|1783540680\n|move|p2a: Moltres|Fire Blast|p1a: Dusknoir\n|-damage|p1a: Dusknoir|63/100\n|move|p1a: Dusknoir|Poltergeist|p2a: Moltres\n|-activate|p2a: Moltres|move: Poltergeist|Heavy-Duty Boots\n|-damage|p2a: Moltres|136/278\n|\n|-heal|p1a: Dusknoir|69/100|[from] item: Leftovers\n|upkeep\n|turn|16\n|inactive|Time left: 300 sec this turn | 300 sec total\n|\n|t:|1783540681\n|move|p2a: Moltres|Roost|p2a: Moltres\n|-heal|p2a: Moltres|275/278\n|-singleturn|p2a: Moltres|move: Roost\n|move|p1a: Dusknoir|Poltergeist|p2a: Moltres\n|-activate|p2a: Moltres|move: Poltergeist|Heavy-Duty Boots\n|-damage|p2a: Moltres|139/278\n|\n|-heal|p1a: Dusknoir|76/100|[from] item: Leftovers\n|upkeep\n|turn|17\n|inactive|Time left: 300 sec this turn | 300 sec total\n|\n|t:|1783540682\n|move|p2a: Moltres|Roost|p2a: Moltres\n|-heal|p2a: Moltres|278/278\n|-singleturn|p2a: Moltres|move: Roost\n|move|p1a: Dusknoir|Poltergeist|p2a: Moltres\n|-activate|p2a: Moltres|move: Poltergeist|Heavy-Duty Boots\n|-damage|p2a: Moltres|143/278\n|\n|-heal|p1a: Dusknoir|82/100|[from] item: Leftovers\n|upkeep\n|turn|18\n|inactive|Time left: 300 sec this turn | 300 sec total\n|\n|t:|1783540683\n|move|p2a: Moltres|Roost|p2a: Moltres\n|-heal|p2a: Moltres|278/278\n|-singleturn|p2a: Moltres|move: Roost\n|move|p1a: Dusknoir|Poltergeist|p2a: Moltres\n|-activate|p2a: Moltres|move: Poltergeist|Heavy-Duty Boots\n|-damage|p2a: Moltres|146/278\n|\n|-heal|p1a: Dusknoir|88/100|[from] item: Leftovers\n|upkeep\n|turn|19\n|inactive|Time left: 300 sec this turn | 300 sec total\n|\n|t:|1783540684\n|move|p2a: Moltres|Roost|p2a: Moltres\n|-heal|p2a: Moltres|278/278\n|-singleturn|p2a: Moltres|move: Roost\n|move|p1a: Dusknoir|Poltergeist|p2a: Moltres\n|-activate|p2a: Moltres|move: Poltergeist|Heavy-Duty Boots\n|-damage|p2a: Moltres|131/278\n|\n|-heal|p1a: Dusknoir|94/100|[from] item: Leftovers\n|upkeep\n|turn|20\n|inactive|Time left: 300 sec this turn | 300 sec total\n|\n|t:|1783540685\n|move|p2a: Moltres|Roost|p2a: Moltres\n|-heal|p2a: Moltres|270/278\n|-singleturn|p2a: Moltres|move: Roost\n|move|p1a: Dusknoir|Poltergeist|p2a: Moltres\n|-activate|p2a: Moltres|move: Poltergeist|Heavy-Duty Boots\n|-damage|p2a: Moltres|132/278\n|\n|-heal|p1a: Dusknoir|100/100|[from] item: Leftovers\n|upkeep\n|turn|21\n|inactive|Time left: 300 sec this turn | 300 sec total\n|\n|t:|1783540686\n|move|p2a: Moltres|Roost|p2a: Moltres\n|-heal|p2a: Moltres|271/278\n|-singleturn|p2a: Moltres|move: Roost\n|move|p1a: Dusknoir|Earthquake|p2a: Moltres\n|-supereffective|p2a: Moltres\n|-damage|p2a: Moltres|117/278\n|\n|upkeep\n|turn|22\n|inactive|Time left: 300 sec this turn | 300 sec total\n|\n|t:|1783540687\n|move|p2a: Moltres|Roost|p2a: Moltres\n|-heal|p2a: Moltres|256/278\n|-singleturn|p2a: Moltres|move: Roost\n|move|p1a: Dusknoir|Poltergeist|p2a: Moltres\n|-activate|p2a: Moltres|move: Poltergeist|Heavy-Duty Boots\n|-damage|p2a: Moltres|109/278\n|\n|upkeep\n|turn|23\n|inactive|Time left: 300 sec this turn | 300 sec total\n|\n|t:|1783540688\n|move|p2a: Moltres|Fire Blast|p1a: Dusknoir|[miss]\n|-miss|p2a: Moltres|p1a: Dusknoir\n|move|p1a: Dusknoir|Earthquake|p2a: Moltres\n|-immune|p2a: Moltres\n|\n|upkeep\n|turn|24\n|inactive|Time left: 300 sec this turn | 300 sec total\n|\n|t:|1783540689\n|move|p2a: Moltres|Fire Blast|p1a: Dusknoir\n|-crit|p1a: Dusknoir\n|-damage|p1a: Dusknoir|42/100\n|move|p1a: Dusknoir|Earthquake|p2a: Moltres\n|-immune|p2a: Moltres\n|\n|-heal|p1a: Dusknoir|48/100|[from] item: Leftovers\n|upkeep\n|turn|25\n|inactive|Time left: 300 sec this turn | 300 sec total\n|\n|t:|1783540690\n|move|p1a: Dusknoir|Shadow Sneak|p2a: Moltres\n|-damage|p2a: Moltres|63/278\n|move|p2a: Moltres|Fire Blast|p1a: Dusknoir\n|-damage|p1a: Dusknoir|9/100\n|\n|-heal|p1a: Dusknoir|16/100|[from] item: Leftovers\n|upkeep\n|turn|26\n|inactive|Time left: 300 sec this turn | 300 sec total\n|\n|t:|1783540691\n|move|p2a: Moltres|Brave Bird|p1a: Dusknoir\n|-damage|p1a: Dusknoir|0 fnt\n|faint|p1a: Dusknoir\n|-damage|p2a: Moltres|52/278|[from] Recoil\n|\n|upkeep\n|\n|t:|1783540692\n|switch|p1a: Gholdengo|Gholdengo, L77|100/100\n|turn|27\n|inactive|Time left: 300 sec this turn | 300 sec total\n|\n|t:|1783540693\n|move|p1a: Gholdengo|Shadow Ball|p2a: Moltres\n|-damage|p2a: Moltres|0 fnt\n|faint|p2a: Moltres\n|\n|upkeep\n|inactive|Time left: 300 sec this turn | 300 sec total | 5 sec grace\n|\n|t:|1783540694\n|switch|p2a: Iron Bundle|Iron Bundle, L78|215/215\n|turn|28\n|inactive|Time left: 300 sec this turn | 300 sec total\n|\n|t:|1783540695\n|switch|p1a: Oranguru|Oranguru, L92, F|13/100\n|move|p2a: Iron Bundle|Ice Beam|p1a: Oranguru\n|-damage|p1a: Oranguru|0 fnt\n|faint|p1a: Oranguru\n|\n|upkeep\n|\n|t:|1783540696\n|switch|p1a: Gholdengo|Gholdengo, L77|100/100\n|turn|29\n|inactive|Time left: 300 sec this turn | 300 sec total\n|\n|t:|1783540697\n|move|p1a: Gholdengo|Focus Blast|p2a: Iron Bundle\n|-supereffective|p2a: Iron Bundle\n|-damage|p2a: Iron Bundle|0 fnt\n|faint|p2a: Iron Bundle\n|-end|p2a: Iron Bundle|Quark Drive|[silent]\n|\n|win|p0x129de67", "uploadtime": 1783540697, "views": 0, "rating": 0, "private": 0, "password": null, "_winner": "p0x129de67", "_our_name": "p0y1295c3f"}