{"id": "battle-gen9randombattle-2974", "formatid": "gen9randombattle", "format": "[Gen 9] Random Battle", "players": ["p0x2974f0a6", "p0y2974d516"], "log": "|init|battle\n|title|p0x2974f0a6 vs. p0y2974d516\n|j|\u2606p0x2974f0a6\n|j|\u2606p0y2974d516\n|t:|1783573247\n|gametype|singles\n|player|p1|p0x2974f0a6|101|\n|player|p2|p0y2974d516|169|\n|gen|9\n|tier|[Gen 9] Random Battle\n|rule|Species Clause: Limit one of each Pok\u00e9mon\n|rule|HP Percentage Mod: HP is shown in percentages\n|rule|Sleep Clause Mod: Limit one foe put to sleep\n|rule|Illusion Level Mod: Illusion disguises the Pok\u00e9mon's true level\n|\n|t:|1783573247\n|teamsize|p1|6\n|teamsize|p2|6\n|start\n|switch|p1a: Medicham|Medicham, L86, M|243/243\n|switch|p2a: Noctowl|Noctowl, L95, M|100/100\n|turn|1\n|inactive|Battle timer is ON: inactive players will automatically lose when time's up. (requested by p0y2974d516)\n|inactive|Time left: 300 sec this turn | 300 sec total | 60 sec grace\n|inactive|p0x2974f0a6 also wants the timer to be on.\n|\n|t:|1783573248\n|move|p1a: Medicham|Close Combat|p2a: Noctowl\n|-crit|p2a: Noctowl\n|-damage|p2a: Noctowl|0 fnt\n|-unboost|p1a: Medicham|def|1\n|-unboost|p1a: Medicham|spd|1\n|faint|p2a: Noctowl\n|\n|upkeep\n|\n|t:|1783573249\n|switch|p2a: Oranguru|Oranguru, L92, F|100/100\n|turn|2\n|inactive|Time left: 300 sec this turn | 300 sec total\n|\n|t:|1783573250\n|move|p1a: Medicham|Close Combat|p2a: Oranguru\n|-damage|p2a: Oranguru|40/100\n|-unboost|p1a: Medicham|def|1\n|-unboost|p1a: Medicham|spd|1\n|move|p2a: Oranguru|Psyshock|p1a: Medicham\n|-damage|p1a: Medicham|0 fnt\n|faint|p1a: Medicham\n|-damage|p2a: Oranguru|30/100|[from] item: Life Orb\n|\n|upkeep\n|inactive|Time left: 300 sec this turn | 300 sec total | 5 sec grace\n|\n|t:|1783573251\n|switch|p1a: Falinks|Falinks, L84|246/246\n|turn|3\n|inactive|Time left: 300 sec this turn | 300 sec total\n|\n|t:|1783573252\n|move|p1a: Falinks|No Retreat|p1a: Falinks\n|-boost|p1a: Falinks|atk|1\n|-boost|p1a: Falinks|def|1\n|-boost|p1a: Falinks|spa|1\n|-boost|p1a: Falinks|spd|1\n|-boost|p1a: Falinks|spe|1\n|-start|p1a: Falinks|move: No Retreat\n|move|p2a: Oranguru|Psyshock|p1a: Falinks\n|-supereffective|p1a: Falinks\n|-damage|p1a: Falinks|87/246\n|-damage|p2a: Oranguru|20/100|[from] item: Life Orb\n|\n|upkeep\n|turn|4\n|inactive|Time left: 300 sec this turn | 300 sec total\n|\n|t:|1783573253\n|move|p1a: Falinks|Knock Off|p2a: Oranguru\n|-supereffective|p2a: Oranguru\n|-damage|p2a: Oranguru|0 fnt\n|-enditem|p2a: Oranguru|Life Orb|[from] move: Knock Off|[of] p1a: Falinks\n|faint|p2a: Oranguru\n|-damage|p1a: Falinks|63/246|[from] item: Life Orb\n|\n|upkeep\n|\n|t:|1783573254\n|switch|p2a: Arceus|Arceus-Grass, L73|100/100\n|turn|5\n|inactive|Time left: 300 sec this turn | 300 sec total\n|\n|t:|1783573256\n|move|p1a: Falinks|Close Combat|p2a: Arceus\n|-damage|p2a: Arceus|23/100\n|-unboost|p1a: Falinks|def|1\n|-unboost|p1a: Falinks|spd|1\n|-damage|p1a: Falinks|39/246|[from] item: Life Orb\n|move|p2a: Arceus|Earth Power|p1a: Falinks\n|-damage|p1a: Falinks|0 fnt\n|faint|p1a: Falinks\n|\n|upkeep\n|inactive|Time left: 300 sec this turn | 300 sec total | 5 sec grace\n|\n|t:|1783573256\n|switch|p1a: Shaymin|Shaymin-Sky, L73|266/266\n|turn|6\n|inactive|Time left: 300 sec this turn | 300 sec total\n|\n|t:|1783573258\n|move|p1a: Shaymin|Seed Flare|p2a: Arceus|[miss]\n|-miss|p1a: Shaymin|p2a: Arceus\n|move|p2a: Arceus|Ice Beam|p1a: Shaymin\n|-supereffective|p1a: Shaymin\n|-damage|p1a: Shaymin|0 fnt\n|faint|p1a: Shaymin\n|\n|upkeep\n|inactive|Time left: 300 sec this turn | 300 sec total | 5 sec grace\n|\n|t:|1783573258\n|switch|p1a: Sandslash|Sandslash-Alola, L88, F|275/275\n|turn|7\n|inactive|Time left: 300 sec this turn | 300 sec total\n|\n|t:|1783573259\n|move|p2a: Arceus|Earth Power|p1a: Sandslash\n|-supereffective|p1a: Sandslash\n|-damage|p1a: Sandslash|133/275\n|move|p1a: Sandslash|Rapid Spin|p2a: Arceus\n|-damage|p2a: Arceus|11/100\n|-boost|p1a: Sandslash|spe|1\n|\n|-heal|p1a: Sandslash|150/275|[from] item: Leftovers\n|upkeep\n|turn|8\n|inactive|Time left: 300 sec this turn | 300 sec total\n|\n|t:|1783573261\n|switch|p2a: Vaporeon|Vaporeon, L86, F|100/100\n|move|p1a: Sandslash|Earthquake|p2a: Vaporeon\n|-damage|p2a: Vaporeon|74/100\n|\n|-heal|p1a: Sandslash|167/275|[from] item: Leftovers\n|-heal|p2a: Vaporeon|80/100|[from] item: Leftovers\n|upkeep\n|turn|9\n|inactive|Time left: 300 sec this turn | 300 sec total\n|\n|t:|1783573262\n|move|p1a: Sandslash|Swords Dance|p1a: Sandslash\n|-boost|p1a: Sandslash|atk|2\n|move|p2a: Vaporeon|Scald|p1a: Sandslash\n|-damage|p1a: Sandslash|53/275\n|-status|p1a: Sandslash|brn\n|\n|-heal|p1a: Sandslash|70/275 brn|[from] item: Leftovers\n|-heal|p2a: Vaporeon|86/100|[from] item: Leftovers\n|-damage|p1a: Sandslash|53/275 brn|[from] brn\n|upkeep\n|turn|10\n|inactive|Time left: 300 sec this turn | 300 sec total\n|\n|t:|1783573263\n|move|p1a: Sandslash|Earthquake|p2a: Vaporeon\n|-damage|p2a: Vaporeon|57/100\n|move|p2a: Vaporeon|Scald|p1a: Sandslash\n|-damage|p1a: Sandslash|0 fnt\n|faint|p1a: Sandslash\n|\n|-heal|p2a: Vaporeon|63/100|[from] item: Leftovers\n|upkeep\n|inactive|Time left: 300 sec this turn | 300 sec total | 5 sec grace\n|\n|t:|1783573263\n|switch|p1a: Stantler|Stantler, L92, F|284/284\n|-ability|p1a: Stantler|Intimidate|boost\n|-unboost|p2a: Vaporeon|atk|1\n|turn|11\n|inactive|Time left: 300 sec this turn | 300 sec total\n|\n|t:|1783573264\n|move|p1a: Stantler|Calm Mind|p1a: Stantler\n|-boost|p1a: Stantler|spa|1\n|-boost|p1a: Stantler|spd|1\n|move|p2a: Vaporeon|Scald|p1a: Stantler\n|-damage|p1a: Stantler|236/284\n|\n|-heal|p2a: Vaporeon|69/100|[from] item: Leftovers\n|upkeep\n|turn|12\n|inactive|Time left: 300 sec this turn | 300 sec total\n|\n|t:|1783573265\n|switch|p2a: Terrakion|Terrakion, L79|100/100\n|move|p1a: Stantler|Calm Mind|p1a: Stantler\n|-boost|p1a: Stantler|spa|1\n|-boost|p1a: Stantler|spd|1\n|\n|upkeep\n|turn|13\n|inactive|Time left: 300 sec this turn | 300 sec total\n|\n|t:|1783573266\n|-terastallize|p1a: Stantler|Fairy\n|move|p2a: Terrakion|Close Combat|p1a: Stantler\n|-resisted|p1a: Stantler\n|-damage|p1a: Stantler|152/284\n|-unboost|p2a: Terrakion|def|1\n|-unboost|p2a: Terrakion|spd|1\n|move|p1a: Stantler|Tera Blast|p2a: Terrakion|[anim] Tera Blast Fairy\n|-supereffective|p2a: Terrakion\n|-damage|p2a: Terrakion|0 fnt\n|faint|p2a: Terrakion\n|\n|upkeep\n|\n|t:|1783573267\n|switch|p2a: Vaporeon|Vaporeon, L86, F|69/100\n|turn|14\n|inactive|Time left: 300 sec this turn | 300 sec total\n|\n|t:|1783573267\n|-terastallize|p2a: Vaporeon|Poison\n|move|p1a: Stantler|Tera Blast|p2a: Vaporeon|[anim] Tera Blast Fairy\n|-resisted|p2a: Vaporeon\n|-damage|p2a: Vaporeon|46/100\n|move|p2a: Vaporeon|Scald|p1a: Stantler\n|-damage|p1a: Stantler|113/284\n|\n|-heal|p2a: Vaporeon|52/100|[from] item: Leftovers\n|upkeep\n|turn|15\n|inactive|Time left: 300 sec this turn | 300 sec total\n|\n|t:|1783573268\n|move|p1a: Stantler|Earth Power|p2a: Vaporeon\n|-supereffective|p2a: Vaporeon\n|-damage|p2a: Vaporeon|0 fnt\n|faint|p2a: Vaporeon\n|\n|upkeep\n|\n|t:|1783573269\n|switch|p2a: Arceus|Arceus-Grass, L73|11/100\n|turn|16\n|inactive|Time left: 300 sec this turn | 300 sec total\n|\n|t:|1783573270\n|move|p2a: Arceus|Ice Beam|p1a: Stantler\n|-damage|p1a: Stantler|89/284\n|move|p1a: Stantler|Tera Blast|p2a: Arceus|[anim] Tera Blast Fairy\n|-damage|p2a: Arceus|0 fnt\n|faint|p2a: Arceus\n|\n|upkeep\n|\n|t:|1783573271\n|switch|p2a: Shiftry|Shiftry, L89, M|100/100\n|turn|17\n|inactive|Time left: 300 sec this turn | 300 sec total\n|\n|t:|1783573271\n|move|p1a: Stantler|Tera Blast|p2a: Shiftry|[anim] Tera Blast Fairy\n|-supereffective|p2a: Shiftry\n|-damage|p2a: Shiftry|0 fnt\n|faint|p2a: Shiftry\n|\n|win|p0x2974f0a6", "uploadtime": 1783573271, "views": 0, "rating": 0, "private": 0, "password": null, "_winner": "p0x2974f0a6", "_our_name": "p0x2974f0a6"}