{"id": "battle-gen9randombattle-204", "formatid": "gen9randombattle", "format": "[Gen 9] Random Battle", "players": ["p0x204e54d", "p0y20444e9"], "log": "|init|battle\n|title|p0x204e54d vs. p0y20444e9\n|j|\u2606p0x204e54d\n|j|\u2606p0y20444e9\n|t:|1783536122\n|gametype|singles\n|player|p1|p0x204e54d|101|\n|player|p2|p0y20444e9|265|\n|gen|9\n|tier|[Gen 9] Random Battle\n|rule|Species Clause: Limit one of each Pok\u00e9mon\n|rule|HP Percentage Mod: HP is shown in percentages\n|rule|Sleep Clause Mod: Limit one foe put to sleep\n|rule|Illusion Level Mod: Illusion disguises the Pok\u00e9mon's true level\n|\n|t:|1783536122\n|teamsize|p1|6\n|teamsize|p2|6\n|start\n|switch|p1a: Arboliva|Arboliva, L91, F|100/100\n|switch|p2a: Lugia|Lugia, L73|275/275\n|turn|1\n|inactive|Battle timer is ON: inactive players will automatically lose when time's up. (requested by p0y20444e9)\n|inactive|p0x204e54d also wants the timer to be on.\n|\n|t:|1783536124\n|move|p2a: Lugia|Calm Mind|p2a: Lugia\n|-boost|p2a: Lugia|spa|1\n|-boost|p2a: Lugia|spd|1\n|move|p1a: Arboliva|Leech Seed|p2a: Lugia\n|-start|p2a: Lugia|move: Leech Seed\n|\n|-damage|p2a: Lugia|241/275|[from] Leech Seed|[of] p1a: Arboliva\n|upkeep\n|turn|2\n|inactive|Time left: 300 sec this turn | 300 sec total\n|\n|t:|1783536125\n|move|p2a: Lugia|Calm Mind|p2a: Lugia\n|-boost|p2a: Lugia|spa|1\n|-boost|p2a: Lugia|spd|1\n|move|p1a: Arboliva|Hyper Voice|p2a: Lugia\n|-damage|p2a: Lugia|189/275\n|\n|-damage|p2a: Lugia|155/275|[from] Leech Seed|[of] p1a: Arboliva\n|upkeep\n|turn|3\n|inactive|Time left: 300 sec this turn | 300 sec total\n|\n|t:|1783536126\n|switch|p1a: Klefki|Klefki, L84, F|100/100\n|move|p2a: Lugia|Recover|p2a: Lugia\n|-heal|p2a: Lugia|275/275\n|\n|-damage|p2a: Lugia|241/275|[from] Leech Seed|[of] p1a: Klefki\n|upkeep\n|turn|4\n|inactive|Time left: 300 sec this turn | 300 sec total\n|\n|t:|1783536127\n|move|p2a: Lugia|Earth Power|p1a: Klefki\n|-supereffective|p1a: Klefki\n|-damage|p1a: Klefki|13/100\n|move|p1a: Klefki|Foul Play|p2a: Lugia\n|-supereffective|p2a: Lugia\n|-damage|p2a: Lugia|163/275\n|\n|-heal|p1a: Klefki|19/100|[from] item: Leftovers\n|-damage|p2a: Lugia|129/275|[from] Leech Seed|[of] p1a: Klefki\n|-heal|p1a: Klefki|34/100|[silent]\n|upkeep\n|turn|5\n|inactive|Time left: 300 sec this turn | 300 sec total\n|\n|t:|1783536128\n|move|p1a: Klefki|Thunder Wave|p2a: Lugia\n|-status|p2a: Lugia|par\n|move|p2a: Lugia|Aeroblast|p1a: Klefki\n|-resisted|p1a: Klefki\n|-damage|p1a: Klefki|1/100\n|\n|-heal|p1a: Klefki|7/100|[from] item: Leftovers\n|-damage|p2a: Lugia|95/275 par|[from] Leech Seed|[of] p1a: Klefki\n|-heal|p1a: Klefki|22/100|[silent]\n|upkeep\n|turn|6\n|inactive|Time left: 300 sec this turn | 300 sec total\n|\n|t:|1783536129\n|move|p1a: Klefki|Foul Play|p2a: Lugia\n|-supereffective|p2a: Lugia\n|-damage|p2a: Lugia|23/275 par\n|cant|p2a: Lugia|par\n|\n|-heal|p1a: Klefki|28/100|[from] item: Leftovers\n|-damage|p2a: Lugia|0 fnt|[from] Leech Seed|[of] p1a: Klefki\n|-heal|p1a: Klefki|37/100|[silent]\n|faint|p2a: Lugia\n|upkeep\n|inactive|Time left: 300 sec this turn | 300 sec total | 5 sec grace\n|\n|t:|1783536129\n|switch|p2a: Diancie|Diancie, L82|216/216\n|turn|7\n|inactive|Time left: 300 sec this turn | 300 sec total\n|\n|t:|1783536131\n|move|p1a: Klefki|Spikes|p2a: Diancie\n|-sidestart|p2: p0y20444e9|Spikes\n|move|p2a: Diancie|Calm Mind|p2a: Diancie\n|-boost|p2a: Diancie|spa|1\n|-boost|p2a: Diancie|spd|1\n|\n|-heal|p1a: Klefki|43/100|[from] item: Leftovers\n|upkeep\n|turn|8\n|inactive|Time left: 300 sec this turn | 300 sec total\n|\n|t:|1783536132\n|move|p1a: Klefki|Thunder Wave|p2a: Diancie\n|-status|p2a: Diancie|par\n|move|p2a: Diancie|Earth Power|p1a: Klefki\n|-supereffective|p1a: Klefki\n|-damage|p1a: Klefki|0 fnt\n|faint|p1a: Klefki\n|\n|upkeep\n|\n|t:|1783536132\n|switch|p1a: Arboliva|Arboliva, L91, F|100/100\n|turn|9\n|inactive|Time left: 300 sec this turn | 300 sec total\n|\n|t:|1783536133\n|move|p1a: Arboliva|Leech Seed|p2a: Diancie|[miss]\n|-miss|p1a: Arboliva|p2a: Diancie\n|move|p2a: Diancie|Calm Mind|p2a: Diancie\n|-boost|p2a: Diancie|spa|1\n|-boost|p2a: Diancie|spd|1\n|\n|upkeep\n|turn|10\n|inactive|Time left: 300 sec this turn | 300 sec total\n|\n|t:|1783536134\n|move|p1a: Arboliva|Leech Seed|p2a: Diancie\n|-start|p2a: Diancie|move: Leech Seed\n|move|p2a: Diancie|Diamond Storm|p1a: Arboliva\n|-damage|p1a: Arboliva|70/100\n|-boost|p2a: Diancie|def|2\n|\n|-damage|p2a: Diancie|189/216 par|[from] Leech Seed|[of] p1a: Arboliva\n|-heal|p1a: Arboliva|79/100|[silent]\n|upkeep\n|turn|11\n|inactive|Time left: 300 sec this turn | 300 sec total\n|\n|t:|1783536135\n|move|p1a: Arboliva|Hyper Voice|p2a: Diancie\n|-resisted|p2a: Diancie\n|-damage|p2a: Diancie|165/216 par\n|move|p2a: Diancie|Earth Power|p1a: Arboliva\n|-resisted|p1a: Arboliva\n|-damage|p1a: Arboliva|63/100\n|\n|-heal|p2a: Diancie|178/216 par|[from] item: Leftovers\n|-damage|p2a: Diancie|151/216 par|[from] Leech Seed|[of] p1a: Arboliva\n|-heal|p1a: Arboliva|72/100|[silent]\n|upkeep\n|turn|12\n|inactive|Time left: 300 sec this turn | 300 sec total\n|\n|t:|1783536136\n|move|p1a: Arboliva|Substitute|p1a: Arboliva\n|-start|p1a: Arboliva|Substitute\n|-damage|p1a: Arboliva|47/100\n|-enditem|p1a: Arboliva|Sitrus Berry|[eat]\n|-heal|p1a: Arboliva|72/100|[from] item: Sitrus Berry\n|move|p2a: Diancie|Draining Kiss|p1a: Arboliva\n|-end|p1a: Arboliva|Substitute\n|-heal|p2a: Diancie|205/216 par|[from] drain|[of] p1a: Arboliva\n|\n|-heal|p2a: Diancie|216/216 par|[from] item: Leftovers\n|-damage|p2a: Diancie|189/216 par|[from] Leech Seed|[of] p1a: Arboliva\n|-heal|p1a: Arboliva|82/100|[silent]\n|upkeep\n|turn|13\n|inactive|Time left: 300 sec this turn | 300 sec total\n|\n|t:|1783536137\n|move|p1a: Arboliva|Protect|p1a: Arboliva\n|-singleturn|p1a: Arboliva|Protect\n|move|p2a: Diancie|Calm Mind|p2a: Diancie\n|-boost|p2a: Diancie|spa|1\n|-boost|p2a: Diancie|spd|1\n|\n|-heal|p2a: Diancie|202/216 par|[from] item: Leftovers\n|-damage|p2a: Diancie|175/216 par|[from] Leech Seed|[of] p1a: Arboliva\n|-heal|p1a: Arboliva|91/100|[silent]\n|upkeep\n|turn|14\n|inactive|Time left: 300 sec this turn | 300 sec total\n|\n|t:|1783536138\n|move|p1a: Arboliva|Substitute|p1a: Arboliva\n|-start|p1a: Arboliva|Substitute\n|-damage|p1a: Arboliva|66/100\n|move|p2a: Diancie|Draining Kiss|p1a: Arboliva\n|-end|p1a: Arboliva|Substitute\n|-heal|p2a: Diancie|216/216 par|[from] drain|[of] p1a: Arboliva\n|\n|-damage|p2a: Diancie|189/216 par|[from] Leech Seed|[of] p1a: Arboliva\n|-heal|p1a: Arboliva|75/100|[silent]\n|-item|p1a: Arboliva|Sitrus Berry|[from] ability: Harvest\n|upkeep\n|turn|15\n|inactive|Time left: 300 sec this turn | 300 sec total\n|\n|t:|1783536139\n|move|p1a: Arboliva|Substitute|p1a: Arboliva\n|-start|p1a: Arboliva|Substitute\n|-damage|p1a: Arboliva|50/100\n|-enditem|p1a: Arboliva|Sitrus Berry|[eat]\n|-heal|p1a: Arboliva|75/100|[from] item: Sitrus Berry\n|move|p2a: Diancie|Draining Kiss|p1a: Arboliva\n|-end|p1a: Arboliva|Substitute\n|-heal|p2a: Diancie|216/216 par|[from] drain|[of] p1a: Arboliva\n|\n|-damage|p2a: Diancie|189/216 par|[from] Leech Seed|[of] p1a: Arboliva\n|-heal|p1a: Arboliva|85/100|[silent]\n|-item|p1a: Arboliva|Sitrus Berry|[from] ability: Harvest\n|upkeep\n|turn|16\n|inactive|Time left: 300 sec this turn | 300 sec total\n|\n|t:|1783536140\n|move|p1a: Arboliva|Protect|p1a: Arboliva\n|-singleturn|p1a: Arboliva|Protect\n|move|p2a: Diancie|Draining Kiss|p1a: Arboliva\n|-activate|p1a: Arboliva|move: Protect\n|\n|-heal|p2a: Diancie|202/216 par|[from] item: Leftovers\n|-damage|p2a: Diancie|175/216 par|[from] Leech Seed|[of] p1a: Arboliva\n|-heal|p1a: Arboliva|94/100|[silent]\n|upkeep\n|turn|17\n|inactive|Time left: 300 sec this turn | 300 sec total\n|\n|t:|1783536141\n|move|p1a: Arboliva|Substitute|p1a: Arboliva\n|-start|p1a: Arboliva|Substitute\n|-damage|p1a: Arboliva|69/100\n|move|p2a: Diancie|Draining Kiss|p1a: Arboliva\n|-end|p1a: Arboliva|Substitute\n|-heal|p2a: Diancie|216/216 par|[from] drain|[of] p1a: Arboliva\n|\n|-damage|p2a: Diancie|189/216 par|[from] Leech Seed|[of] p1a: Arboliva\n|-heal|p1a: Arboliva|79/100|[silent]\n|upkeep\n|turn|18\n|inactive|Time left: 300 sec this turn | 300 sec total\n|\n|t:|1783536142\n|move|p1a: Arboliva|Substitute|p1a: Arboliva\n|-start|p1a: Arboliva|Substitute\n|-damage|p1a: Arboliva|54/100\n|move|p2a: Diancie|Earth Power|p1a: Arboliva\n|-resisted|p1a: Arboliva\n|-activate|p1a: Arboliva|move: Substitute|[damage]\n|\n|-heal|p2a: Diancie|202/216 par|[from] item: Leftovers\n|-damage|p2a: Diancie|175/216 par|[from] Leech Seed|[of] p1a: Arboliva\n|-heal|p1a: Arboliva|63/100|[silent]\n|upkeep\n|turn|19\n|inactive|Time left: 300 sec this turn | 300 sec total\n|\n|t:|1783536143\n|move|p1a: Arboliva|Protect|p1a: Arboliva\n|-singleturn|p1a: Arboliva|Protect\n|cant|p2a: Diancie|par\n|\n|-heal|p2a: Diancie|188/216 par|[from] item: Leftovers\n|-damage|p2a: Diancie|161/216 par|[from] Leech Seed|[of] p1a: Arboliva\n|-heal|p1a: Arboliva|72/100|[silent]\n|upkeep\n|turn|20\n|inactive|Time left: 300 sec this turn | 300 sec total\n|\n|t:|1783536144\n|move|p1a: Arboliva|Hyper Voice|p2a: Diancie\n|-resisted|p2a: Diancie\n|-damage|p2a: Diancie|141/216 par\n|move|p2a: Diancie|Draining Kiss|p1a: Arboliva\n|-end|p1a: Arboliva|Substitute\n|-heal|p2a: Diancie|150/216 par|[from] drain|[of] p1a: Arboliva\n|\n|-heal|p2a: Diancie|163/216 par|[from] item: Leftovers\n|-damage|p2a: Diancie|136/216 par|[from] Leech Seed|[of] p1a: Arboliva\n|-heal|p1a: Arboliva|82/100|[silent]\n|upkeep\n|turn|21\n|inactive|Time left: 300 sec this turn | 300 sec total\n|\n|t:|1783536145\n|move|p1a: Arboliva|Hyper Voice|p2a: Diancie\n|-resisted|p2a: Diancie\n|-damage|p2a: Diancie|118/216 par\n|move|p2a: Diancie|Draining Kiss|p1a: Arboliva\n|-crit|p1a: Arboliva\n|-damage|p1a: Arboliva|33/100\n|-heal|p2a: Diancie|216/216 par|[from] drain|[of] p1a: Arboliva\n|-enditem|p1a: Arboliva|Sitrus Berry|[eat]\n|-heal|p1a: Arboliva|58/100|[from] item: Sitrus Berry\n|\n|-damage|p2a: Diancie|189/216 par|[from] Leech Seed|[of] p1a: Arboliva\n|-heal|p1a: Arboliva|68/100|[silent]\n|upkeep\n|turn|22\n|inactive|Time left: 300 sec this turn | 300 sec total\n|\n|t:|1783536146\n|move|p1a: Arboliva|Protect|p1a: Arboliva\n|-singleturn|p1a: Arboliva|Protect\n|move|p2a: Diancie|Draining Kiss|p1a: Arboliva\n|-activate|p1a: Arboliva|move: Protect\n|\n|-heal|p2a: Diancie|202/216 par|[from] item: Leftovers\n|-damage|p2a: Diancie|175/216 par|[from] Leech Seed|[of] p1a: Arboliva\n|-heal|p1a: Arboliva|77/100|[silent]\n|upkeep\n|turn|23\n|inactive|Time left: 300 sec this turn | 300 sec total\n|\n|t:|1783536147\n|move|p1a: Arboliva|Hyper Voice|p2a: Diancie\n|-resisted|p2a: Diancie\n|-damage|p2a: Diancie|157/216 par\n|move|p2a: Diancie|Draining Kiss|p1a: Arboliva\n|-damage|p1a: Arboliva|43/100\n|-heal|p2a: Diancie|216/216 par|[from] drain|[of] p1a: Arboliva\n|\n|-damage|p2a: Diancie|189/216 par|[from] Leech Seed|[of] p1a: Arboliva\n|-heal|p1a: Arboliva|52/100|[silent]\n|-item|p1a: Arboliva|Sitrus Berry|[from] ability: Harvest\n|upkeep\n|turn|24\n|inactive|Time left: 300 sec this turn | 300 sec total\n|\n|t:|1783536148\n|move|p1a: Arboliva|Substitute|p1a: Arboliva\n|-start|p1a: Arboliva|Substitute\n|-damage|p1a: Arboliva|27/100\n|-enditem|p1a: Arboliva|Sitrus Berry|[eat]\n|-heal|p1a: Arboliva|52/100|[from] item: Sitrus Berry\n|move|p2a: Diancie|Draining Kiss|p1a: Arboliva\n|-end|p1a: Arboliva|Substitute\n|-heal|p2a: Diancie|216/216 par|[from] drain|[of] p1a: Arboliva\n|\n|-damage|p2a: Diancie|189/216 par|[from] Leech Seed|[of] p1a: Arboliva\n|-heal|p1a: Arboliva|61/100|[silent]\n|upkeep\n|turn|25\n|inactive|Time left: 300 sec this turn | 300 sec total\n|\n|t:|1783536149\n|move|p1a: Arboliva|Protect|p1a: Arboliva\n|-singleturn|p1a: Arboliva|Protect\n|cant|p2a: Diancie|par\n|\n|-heal|p2a: Diancie|202/216 par|[from] item: Leftovers\n|-damage|p2a: Diancie|175/216 par|[from] Leech Seed|[of] p1a: Arboliva\n|-heal|p1a: Arboliva|71/100|[silent]\n|upkeep\n|turn|26\n|inactive|Time left: 300 sec this turn | 300 sec total\n|\n|t:|1783536151\n|move|p1a: Arboliva|Substitute|p1a: Arboliva\n|-start|p1a: Arboliva|Substitute\n|-damage|p1a: Arboliva|46/100\n|cant|p2a: Diancie|par\n|\n|-heal|p2a: Diancie|188/216 par|[from] item: Leftovers\n|-damage|p2a: Diancie|161/216 par|[from] Leech Seed|[of] p1a: Arboliva\n|-heal|p1a: Arboliva|55/100|[silent]\n|upkeep\n|turn|27\n|inactive|Time left: 300 sec this turn | 300 sec total\n|\n|t:|1783536152\n|move|p1a: Arboliva|Protect|p1a: Arboliva\n|-singleturn|p1a: Arboliva|Protect\n|move|p2a: Diancie|Draining Kiss|p1a: Arboliva\n|-activate|p1a: Arboliva|move: Protect\n|\n|-heal|p2a: Diancie|174/216 par|[from] item: Leftovers\n|-damage|p2a: Diancie|147/216 par|[from] Leech Seed|[of] p1a: Arboliva\n|-heal|p1a: Arboliva|64/100|[silent]\n|upkeep\n|turn|28\n|inactive|Time left: 300 sec this turn | 300 sec total\n|\n|t:|1783536153\n|move|p1a: Arboliva|Protect||[still]\n|-fail|p1a: Arboliva\n|cant|p2a: Diancie|par\n|\n|-heal|p2a: Diancie|160/216 par|[from] item: Leftovers\n|-damage|p2a: Diancie|133/216 par|[from] Leech Seed|[of] p1a: Arboliva\n|-heal|p1a: Arboliva|74/100|[silent]\n|upkeep\n|turn|29\n|inactive|Time left: 300 sec this turn | 300 sec total\n|\n|t:|1783536154\n|move|p1a: Arboliva|Protect|p1a: Arboliva\n|-singleturn|p1a: Arboliva|Protect\n|move|p2a: Diancie|Draining Kiss|p1a: Arboliva\n|-activate|p1a: Arboliva|move: Protect\n|\n|-heal|p2a: Diancie|146/216 par|[from] item: Leftovers\n|-damage|p2a: Diancie|119/216 par|[from] Leech Seed|[of] p1a: Arboliva\n|-heal|p1a: Arboliva|83/100|[silent]\n|-item|p1a: Arboliva|Sitrus Berry|[from] ability: Harvest\n|upkeep\n|turn|30\n|inactive|Time left: 300 sec this turn | 300 sec total\n|\n|t:|1783536155\n|move|p1a: Arboliva|Hyper Voice|p2a: Diancie\n|-resisted|p2a: Diancie\n|-damage|p2a: Diancie|101/216 par\n|cant|p2a: Diancie|par\n|\n|-heal|p2a: Diancie|114/216 par|[from] item: Leftovers\n|-damage|p2a: Diancie|87/216 par|[from] Leech Seed|[of] p1a: Arboliva\n|-heal|p1a: Arboliva|93/100|[silent]\n|upkeep\n|turn|31\n|inactive|Time left: 300 sec this turn | 300 sec total\n|\n|t:|1783536156\n|move|p1a: Arboliva|Hyper Voice|p2a: Diancie\n|-resisted|p2a: Diancie\n|-damage|p2a: Diancie|69/216 par\n|move|p2a: Diancie|Draining Kiss|p1a: Arboliva\n|-end|p1a: Arboliva|Substitute\n|-heal|p2a: Diancie|123/216 par|[from] drain|[of] p1a: Arboliva\n|\n|-heal|p2a: Diancie|136/216 par|[from] item: Leftovers\n|-damage|p2a: Diancie|109/216 par|[from] Leech Seed|[of] p1a: Arboliva\n|-heal|p1a: Arboliva|100/100|[silent]\n|upkeep\n|turn|32\n|inactive|Time left: 300 sec this turn | 300 sec total\n|\n|t:|1783536157\n|move|p1a: Arboliva|Protect|p1a: Arboliva\n|-singleturn|p1a: Arboliva|Protect\n|move|p2a: Diancie|Draining Kiss|p1a: Arboliva\n|-activate|p1a: Arboliva|move: Protect\n|\n|-heal|p2a: Diancie|122/216 par|[from] item: Leftovers\n|-damage|p2a: Diancie|95/216 par|[from] Leech Seed|[of] p1a: Arboliva\n|upkeep\n|turn|33\n|inactive|Time left: 300 sec this turn | 300 sec total\n|\n|t:|1783536158\n|move|p1a: Arboliva|Substitute|p1a: Arboliva\n|-start|p1a: Arboliva|Substitute\n|-damage|p1a: Arboliva|75/100\n|move|p2a: Diancie|Draining Kiss|p1a: Arboliva\n|-end|p1a: Arboliva|Substitute\n|-heal|p2a: Diancie|149/216 par|[from] drain|[of] p1a: Arboliva\n|\n|-heal|p2a: Diancie|162/216 par|[from] item: Leftovers\n|-damage|p2a: Diancie|135/216 par|[from] Leech Seed|[of] p1a: Arboliva\n|-heal|p1a: Arboliva|85/100|[silent]\n|upkeep\n|turn|34\n|inactive|Time left: 300 sec this turn | 300 sec total\n|\n|t:|1783536159\n|move|p1a: Arboliva|Protect|p1a: Arboliva\n|-singleturn|p1a: Arboliva|Protect\n|move|p2a: Diancie|Draining Kiss|p1a: Arboliva\n|-activate|p1a: Arboliva|move: Protect\n|\n|-heal|p2a: Diancie|148/216 par|[from] item: Leftovers\n|-damage|p2a: Diancie|121/216 par|[from] Leech Seed|[of] p1a: Arboliva\n|-heal|p1a: Arboliva|94/100|[silent]\n|upkeep\n|turn|35\n|inactive|Time left: 300 sec this turn | 300 sec total\n|\n|t:|1783536160\n|move|p1a: Arboliva|Substitute|p1a: Arboliva\n|-start|p1a: Arboliva|Substitute\n|-damage|p1a: Arboliva|69/100\n|move|p2a: Diancie|Diamond Storm|p1a: Arboliva\n|-end|p1a: Arboliva|Substitute\n|-boost|p2a: Diancie|def|2\n|\n|-heal|p2a: Diancie|134/216 par|[from] item: Leftovers\n|-damage|p2a: Diancie|107/216 par|[from] Leech Seed|[of] p1a: Arboliva\n|-heal|p1a: Arboliva|79/100|[silent]\n|upkeep\n|turn|36\n|inactive|Time left: 300 sec this turn | 300 sec total\n|\n|t:|1783536161\n|move|p1a: Arboliva|Hyper Voice|p2a: Diancie\n|-resisted|p2a: Diancie\n|-damage|p2a: Diancie|87/216 par\n|move|p2a: Diancie|Diamond Storm|p1a: Arboliva\n|-damage|p1a: Arboliva|46/100\n|-boost|p2a: Diancie|def|2\n|-enditem|p1a: Arboliva|Sitrus Berry|[eat]\n|-heal|p1a: Arboliva|71/100|[from] item: Sitrus Berry\n|\n|-heal|p2a: Diancie|100/216 par|[from] item: Leftovers\n|-damage|p2a: Diancie|73/216 par|[from] Leech Seed|[of] p1a: Arboliva\n|-heal|p1a: Arboliva|80/100|[silent]\n|-item|p1a: Arboliva|Sitrus Berry|[from] ability: Harvest\n|upkeep\n|turn|37\n|inactive|Time left: 300 sec this turn | 300 sec total\n|\n|t:|1783536162\n|move|p1a: Arboliva|Hyper Voice|p2a: Diancie\n|-resisted|p2a: Diancie\n|-damage|p2a: Diancie|55/216 par\n|move|p2a: Diancie|Earth Power|p1a: Arboliva\n|-resisted|p1a: Arboliva\n|-damage|p1a: Arboliva|58/100\n|\n|-heal|p2a: Diancie|68/216 par|[from] item: Leftovers\n|-damage|p2a: Diancie|41/216 par|[from] Leech Seed|[of] p1a: Arboliva\n|-heal|p1a: Arboliva|68/100|[silent]\n|upkeep\n|turn|38\n|inactive|Time left: 300 sec this turn | 300 sec total\n|\n|t:|1783536163\n|move|p1a: Arboliva|Hyper Voice|p2a: Diancie\n|-resisted|p2a: Diancie\n|-damage|p2a: Diancie|23/216 par\n|move|p2a: Diancie|Diamond Storm|p1a: Arboliva\n|-damage|p1a: Arboliva|37/100\n|-enditem|p1a: Arboliva|Sitrus Berry|[eat]\n|-heal|p1a: Arboliva|62/100|[from] item: Sitrus Berry\n|\n|-heal|p2a: Diancie|36/216 par|[from] item: Leftovers\n|-damage|p2a: Diancie|9/216 par|[from] Leech Seed|[of] p1a: Arboliva\n|-heal|p1a: Arboliva|71/100|[silent]\n|upkeep\n|turn|39\n|inactive|Time left: 300 sec this turn | 300 sec total\n|\n|t:|1783536164\n|move|p1a: Arboliva|Hyper Voice|p2a: Diancie\n|-resisted|p2a: Diancie\n|-damage|p2a: Diancie|0 fnt\n|faint|p2a: Diancie\n|\n|-item|p1a: Arboliva|Sitrus Berry|[from] ability: Harvest\n|upkeep\n|inactive|Time left: 300 sec this turn | 300 sec total | 5 sec grace\n|\n|t:|1783536165\n|switch|p2a: Florges|Florges, L85, F|271/271\n|-damage|p2a: Florges|238/271|[from] Spikes\n|turn|40\n|inactive|Time left: 300 sec this turn | 300 sec total\n|\n|t:|1783536166\n|move|p2a: Florges|Calm Mind|p2a: Florges\n|-boost|p2a: Florges|spa|1\n|-boost|p2a: Florges|spd|1\n|move|p1a: Arboliva|Leech Seed|p2a: Florges\n|-start|p2a: Florges|move: Leech Seed\n|\n|-heal|p2a: Florges|254/271|[from] item: Leftovers\n|-damage|p2a: Florges|221/271|[from] Leech Seed|[of] p1a: Arboliva\n|-heal|p1a: Arboliva|83/100|[silent]\n|upkeep\n|turn|41\n|inactive|Time left: 300 sec this turn | 300 sec total\n|\n|t:|1783536167\n|move|p2a: Florges|Moonblast|p1a: Arboliva\n|-damage|p1a: Arboliva|36/100\n|-unboost|p1a: Arboliva|spa|1\n|-enditem|p1a: Arboliva|Sitrus Berry|[eat]\n|-heal|p1a: Arboliva|61/100|[from] item: Sitrus Berry\n|move|p1a: Arboliva|Substitute|p1a: Arboliva\n|-start|p1a: Arboliva|Substitute\n|-damage|p1a: Arboliva|36/100\n|\n|-heal|p2a: Florges|237/271|[from] item: Leftovers\n|-damage|p2a: Florges|204/271|[from] Leech Seed|[of] p1a: Arboliva\n|-heal|p1a: Arboliva|47/100|[silent]\n|upkeep\n|turn|42\n|inactive|Time left: 300 sec this turn | 300 sec total\n|\n|t:|1783536168\n|move|p2a: Florges|Calm Mind|p2a: Florges\n|-boost|p2a: Florges|spa|1\n|-boost|p2a: Florges|spd|1\n|move|p1a: Arboliva|Hyper Voice|p2a: Florges\n|-damage|p2a: Florges|173/271\n|\n|-heal|p2a: Florges|189/271|[from] item: Leftovers\n|-damage|p2a: Florges|156/271|[from] Leech Seed|[of] p1a: Arboliva\n|-heal|p1a: Arboliva|58/100|[silent]\n|-item|p1a: Arboliva|Sitrus Berry|[from] ability: Harvest\n|upkeep\n|turn|43\n|inactive|Time left: 300 sec this turn | 300 sec total\n|\n|t:|1783536169\n|move|p2a: Florges|Moonblast|p1a: Arboliva\n|-crit|p1a: Arboliva\n|-end|p1a: Arboliva|Substitute\n|move|p1a: Arboliva|Hyper Voice|p2a: Florges\n|-damage|p2a: Florges|125/271\n|\n|-heal|p2a: Florges|141/271|[from] item: Leftovers\n|-damage|p2a: Florges|108/271|[from] Leech Seed|[of] p1a: Arboliva\n|-heal|p1a: Arboliva|70/100|[silent]\n|upkeep\n|turn|44\n|inactive|Time left: 300 sec this turn | 300 sec total\n|\n|t:|1783536170\n|move|p1a: Arboliva|Protect|p1a: Arboliva\n|-singleturn|p1a: Arboliva|Protect\n|move|p2a: Florges|Moonblast|p1a: Arboliva\n|-activate|p1a: Arboliva|move: Protect\n|\n|-heal|p2a: Florges|124/271|[from] item: Leftovers\n|-damage|p2a: Florges|91/271|[from] Leech Seed|[of] p1a: Arboliva\n|-heal|p1a: Arboliva|81/100|[silent]\n|upkeep\n|turn|45\n|inactive|Time left: 300 sec this turn | 300 sec total\n|\n|t:|1783536171\n|move|p2a: Florges|Moonblast|p1a: Arboliva\n|-damage|p1a: Arboliva|18/100\n|-unboost|p1a: Arboliva|spa|1\n|-enditem|p1a: Arboliva|Sitrus Berry|[eat]\n|-heal|p1a: Arboliva|43/100|[from] item: Sitrus Berry\n|move|p1a: Arboliva|Hyper Voice|p2a: Florges\n|-damage|p2a: Florges|67/271\n|\n|-heal|p2a: Florges|83/271|[from] item: Leftovers\n|-damage|p2a: Florges|50/271|[from] Leech Seed|[of] p1a: Arboliva\n|-heal|p1a: Arboliva|54/100|[silent]\n|-item|p1a: Arboliva|Sitrus Berry|[from] ability: Harvest\n|upkeep\n|turn|46\n|inactive|Time left: 300 sec this turn | 300 sec total\n|\n|t:|1783536172\n|switch|p1a: Gengar|Gengar, L81, F|100/100\n|move|p2a: Florges|Moonblast|p1a: Gengar\n|-resisted|p1a: Gengar\n|-damage|p1a: Gengar|42/100\n|-start|p2a: Florges|Disable|Moonblast|[from] ability: Cursed Body|[of] p1a: Gengar\n|\n|-heal|p2a: Florges|66/271|[from] item: Leftovers\n|-damage|p2a: Florges|33/271|[from] Leech Seed|[of] p1a: Gengar\n|-heal|p1a: Gengar|56/100|[silent]\n|upkeep\n|turn|47\n|inactive|Time left: 300 sec this turn | 300 sec total\n|\n|t:|1783536173\n|move|p1a: Gengar|Shadow Ball|p2a: Florges\n|-damage|p2a: Florges|0 fnt\n|faint|p2a: Florges\n|\n|upkeep\n|inactive|Time left: 300 sec this turn | 300 sec total | 5 sec grace\n|\n|t:|1783536174\n|switch|p2a: Glalie|Glalie, L96, M|309/309\n|turn|48\n|inactive|Time left: 300 sec this turn | 300 sec total\n|\n|t:|1783536175\n|move|p1a: Gengar|Shadow Ball|p2a: Glalie\n|-damage|p2a: Glalie|168/309\n|move|p2a: Glalie|Earthquake|p1a: Gengar\n|-supereffective|p1a: Gengar\n|-crit|p1a: Gengar\n|-damage|p1a: Gengar|0 fnt\n|faint|p1a: Gengar\n|\n|upkeep\n|\n|t:|1783536176\n|switch|p1a: Arboliva|Arboliva, L91, F|54/100\n|turn|49\n|inactive|Time left: 300 sec this turn | 300 sec total\n|\n|t:|1783536177\n|move|p2a: Glalie|Freeze-Dry|p1a: Arboliva\n|-supereffective|p1a: Arboliva\n|-damage|p1a: Arboliva|6/100\n|-enditem|p1a: Arboliva|Sitrus Berry|[eat]\n|-heal|p1a: Arboliva|31/100|[from] item: Sitrus Berry\n|move|p1a: Arboliva|Hyper Voice|p2a: Glalie\n|-damage|p2a: Glalie|35/309\n|\n|upkeep\n|turn|50\n|inactive|Time left: 300 sec this turn | 300 sec total\n|\n|t:|1783536178\n|move|p2a: Glalie|Freeze-Dry|p1a: Arboliva\n|-supereffective|p1a: Arboliva\n|-damage|p1a: Arboliva|0 fnt\n|faint|p1a: Arboliva\n|\n|upkeep\n|\n|t:|1783536179\n|switch|p1a: Dragapult|Dragapult, L77, M|100/100\n|turn|51\n|inactive|Time left: 300 sec this turn | 300 sec total\n|\n|t:|1783536180\n|move|p1a: Dragapult|Dragon Darts|p2a: Glalie\n|-damage|p2a: Glalie|0 fnt\n|faint|p2a: Glalie\n|\n|upkeep\n|inactive|Time left: 300 sec this turn | 300 sec total | 5 sec grace\n|\n|t:|1783536181\n|switch|p2a: Rabsca|Rabsca, L91, M|284/284\n|turn|52\n|inactive|Time left: 300 sec this turn | 300 sec total\n|\n|t:|1783536182\n|move|p1a: Dragapult|Dragon Darts|p2a: Rabsca\n|-damage|p2a: Rabsca|233/284\n|-anim|p1a: Dragapult|Dragon Darts|p2a: Rabsca\n|-damage|p2a: Rabsca|179/284\n|move|p2a: Rabsca|Psychic|p1a: Dragapult\n|-damage|p1a: Dragapult|40/100\n|-start|p2a: Rabsca|Disable|Psychic|[from] ability: Cursed Body|[of] p1a: Dragapult\n|\n|upkeep\n|turn|53\n|inactive|Time left: 300 sec this turn | 300 sec total\n|\n|t:|1783536183\n|move|p1a: Dragapult|U-turn|p2a: Rabsca\n|-supereffective|p2a: Rabsca\n|-damage|p2a: Rabsca|89/284\n|\n|t:|1783536184\n|switch|p1a: Tatsugiri|Tatsugiri, L87, M|100/100|[from] U-turn\n|move|p2a: Rabsca|Earth Power|p1a: Tatsugiri\n|-damage|p1a: Tatsugiri|68/100\n|\n|upkeep\n|turn|54\n|inactive|Time left: 300 sec this turn | 300 sec total\n|\n|t:|1783536185\n|switch|p2a: Serperior|Serperior, L79, F|248/248\n|-damage|p2a: Serperior|217/248|[from] Spikes\n|move|p1a: Tatsugiri|Hydro Pump|p2a: Serperior\n|-resisted|p2a: Serperior\n|-damage|p2a: Serperior|146/248\n|\n|upkeep\n|turn|55\n|inactive|Time left: 300 sec this turn | 300 sec total\n|\n|t:|1783536186\n|move|p2a: Serperior|Synthesis|p2a: Serperior\n|-heal|p2a: Serperior|248/248\n|move|p1a: Tatsugiri|Draco Meteor|p2a: Serperior\n|-damage|p2a: Serperior|83/248\n|-unboost|p1a: Tatsugiri|spa|2\n|\n|upkeep\n|turn|56\n|inactive|Time left: 300 sec this turn | 300 sec total\n|\n|t:|1783536187\n|switch|p1a: Dragapult|Dragapult, L77, M|40/100\n|move|p2a: Serperior|Synthesis|p2a: Serperior\n|-heal|p2a: Serperior|207/248\n|\n|upkeep\n|turn|57\n|inactive|Time left: 300 sec this turn | 300 sec total\n|\n|t:|1783536189\n|move|p1a: Dragapult|Dragon Darts|p2a: Serperior\n|-damage|p2a: Serperior|156/248\n|-anim|p1a: Dragapult|Dragon Darts|p2a: Serperior\n|-crit|p2a: Serperior\n|-damage|p2a: Serperior|83/248\n|move|p2a: Serperior|Dragon Pulse|p1a: Dragapult\n|-supereffective|p1a: Dragapult\n|-damage|p1a: Dragapult|0 fnt\n|faint|p1a: Dragapult\n|-damage|p2a: Serperior|59/248|[from] item: Life Orb\n|\n|upkeep\n|\n|t:|1783536190\n|switch|p1a: Greninja|Greninja, L80, M|100/100\n|turn|58\n|inactive|Time left: 300 sec this turn | 300 sec total\n|\n|t:|1783536191\n|move|p1a: Greninja|Dark Pulse|p2a: Serperior\n|-start|p1a: Greninja|typechange|Dark|[from] ability: Protean\n|-damage|p2a: Serperior|0 fnt\n|faint|p2a: Serperior\n|-damage|p1a: Greninja|91/100|[from] item: Life Orb\n|\n|upkeep\n|inactive|Time left: 300 sec this turn | 300 sec total | 5 sec grace\n|\n|t:|1783536191\n|switch|p2a: Rabsca|Rabsca, L91, M|89/284\n|turn|59\n|inactive|Time left: 300 sec this turn | 300 sec total\n|\n|t:|1783536192\n|-terastallize|p2a: Rabsca|Steel\n|move|p1a: Greninja|Dark Pulse|p2a: Rabsca\n|-damage|p2a: Rabsca|0 fnt\n|faint|p2a: Rabsca\n|-damage|p1a: Greninja|81/100|[from] item: Life Orb\n|\n|win|p0x204e54d", "uploadtime": 1783536192, "views": 0, "rating": 0, "private": 0, "password": null, "_winner": "p0x204e54d", "_our_name": "p0y20444e9"}