{"id": "battle-gen9randombattle-2503", "formatid": "gen9randombattle", "format": "[Gen 9] Random Battle", "players": ["p0x25031f97", "p0y2503d56c"], "log": "|init|battle\n|title|p0x25031f97 vs. p0y2503d56c\n|j|\u2606p0x25031f97\n|j|\u2606p0y2503d56c\n|t:|1783569002\n|gametype|singles\n|player|p1|p0x25031f97|102|\n|player|p2|p0y2503d56c|170|\n|gen|9\n|tier|[Gen 9] Random Battle\n|rule|Species Clause: Limit one of each Pok\u00e9mon\n|rule|HP Percentage Mod: HP is shown in percentages\n|rule|Sleep Clause Mod: Limit one foe put to sleep\n|rule|Illusion Level Mod: Illusion disguises the Pok\u00e9mon's true level\n|\n|t:|1783569002\n|teamsize|p1|6\n|teamsize|p2|6\n|start\n|switch|p1a: Magmortar|Magmortar, L88, F|100/100\n|switch|p2a: Rampardos|Rampardos, L90, F|321/321\n|turn|1\n|inactive|Battle timer is ON: inactive players will automatically lose when time's up. (requested by p0y2503d56c)\n|inactive|p0x25031f97 also wants the timer to be on.\n|\n|t:|1783569003\n|move|p1a: Magmortar|Focus Blast|p2a: Rampardos|[miss]\n|-miss|p1a: Magmortar|p2a: Rampardos\n|move|p2a: Rampardos|Earthquake|p1a: Magmortar\n|-supereffective|p1a: Magmortar\n|-damage|p1a: Magmortar|0 fnt\n|faint|p1a: Magmortar\n|-damage|p2a: Rampardos|289/321|[from] item: Life Orb\n|\n|upkeep\n|\n|t:|1783569004\n|switch|p1a: Baxcalibur|Baxcalibur, L75, F|100/100\n|turn|2\n|inactive|Time left: 300 sec this turn | 300 sec total\n|\n|t:|1783569005\n|move|p1a: Baxcalibur|Glaive Rush|p2a: Rampardos\n|-damage|p2a: Rampardos|31/321\n|-singlemove|p1a: Baxcalibur|Glaive Rush|[silent]\n|move|p2a: Rampardos|Rock Slide|p1a: Baxcalibur\n|-supereffective|p1a: Baxcalibur\n|-damage|p1a: Baxcalibur|0 fnt\n|faint|p1a: Baxcalibur\n|\n|upkeep\n|\n|t:|1783569006\n|switch|p1a: Espeon|Espeon, L84, M|100/100\n|turn|3\n|inactive|Time left: 300 sec this turn | 300 sec total\n|\n|t:|1783569007\n|move|p1a: Espeon|Alluring Voice|p2a: Rampardos\n|-damage|p2a: Rampardos|0 fnt\n|faint|p2a: Rampardos\n|\n|upkeep\n|inactive|Time left: 300 sec this turn | 300 sec total | 5 sec grace\n|\n|t:|1783569008\n|switch|p2a: Lurantis|Lurantis, L87, F|264/264\n|turn|4\n|inactive|Time left: 300 sec this turn | 300 sec total\n|\n|t:|1783569009\n|switch|p1a: Zacian|Zacian, L69|100/100\n|-ability|p1a: Zacian|Intrepid Sword|boost\n|-boost|p1a: Zacian|atk|1\n|move|p2a: Lurantis|Knock Off|p1a: Zacian\n|-resisted|p1a: Zacian\n|-damage|p1a: Zacian|86/100\n|-enditem|p1a: Zacian|Life Orb|[from] move: Knock Off|[of] p2a: Lurantis\n|\n|upkeep\n|turn|5\n|inactive|Time left: 300 sec this turn | 300 sec total\n|\n|t:|1783569010\n|move|p1a: Zacian|Swords Dance|p1a: Zacian\n|-boost|p1a: Zacian|atk|2\n|move|p2a: Lurantis|Superpower|p1a: Zacian\n|-resisted|p1a: Zacian\n|-damage|p1a: Zacian|67/100\n|-boost|p2a: Lurantis|atk|1\n|-boost|p2a: Lurantis|def|1\n|\n|upkeep\n|turn|6\n|inactive|Time left: 300 sec this turn | 300 sec total\n|\n|t:|1783569011\n|move|p1a: Zacian|Play Rough|p2a: Lurantis\n|-damage|p2a: Lurantis|152/264\n|move|p2a: Lurantis|Superpower|p1a: Zacian\n|-resisted|p1a: Zacian\n|-damage|p1a: Zacian|36/100\n|-boost|p2a: Lurantis|atk|1\n|-boost|p2a: Lurantis|def|1\n|\n|-heal|p2a: Lurantis|168/264|[from] item: Leftovers\n|upkeep\n|turn|7\n|inactive|Time left: 300 sec this turn | 300 sec total\n|\n|t:|1783569012\n|move|p1a: Zacian|Play Rough|p2a: Lurantis\n|-damage|p2a: Lurantis|74/264\n|move|p2a: Lurantis|Synthesis|p2a: Lurantis\n|-heal|p2a: Lurantis|206/264\n|\n|-heal|p2a: Lurantis|222/264|[from] item: Leftovers\n|upkeep\n|turn|8\n|inactive|Time left: 300 sec this turn | 300 sec total\n|\n|t:|1783569013\n|move|p1a: Zacian|Play Rough|p2a: Lurantis\n|-damage|p2a: Lurantis|126/264\n|move|p2a: Lurantis|Leaf Storm|p1a: Zacian\n|-damage|p1a: Zacian|0 fnt\n|-boost|p2a: Lurantis|spa|2\n|faint|p1a: Zacian\n|\n|-heal|p2a: Lurantis|142/264|[from] item: Leftovers\n|upkeep\n|\n|t:|1783569014\n|switch|p1a: Espeon|Espeon, L84, M|100/100\n|turn|9\n|inactive|Time left: 300 sec this turn | 300 sec total\n|\n|t:|1783569015\n|-terastallize|p1a: Espeon|Fairy\n|move|p1a: Espeon|Alluring Voice|p2a: Lurantis\n|-damage|p2a: Lurantis|0 fnt\n|faint|p2a: Lurantis\n|\n|upkeep\n|inactive|Time left: 300 sec this turn | 300 sec total | 5 sec grace\n|\n|t:|1783569016\n|switch|p2a: Volcarona|Volcarona, L77, M|257/257\n|turn|10\n|inactive|Time left: 300 sec this turn | 300 sec total\n|\n|t:|1783569017\n|switch|p1a: Donphan|Donphan, L84, F|100/100\n|move|p2a: Volcarona|Quiver Dance|p2a: Volcarona\n|-boost|p2a: Volcarona|spa|1\n|-boost|p2a: Volcarona|spd|1\n|-boost|p2a: Volcarona|spe|1\n|\n|upkeep\n|turn|11\n|inactive|Time left: 300 sec this turn | 300 sec total\n|\n|t:|1783569018\n|move|p2a: Volcarona|Fiery Dance|p1a: Donphan\n|-damage|p1a: Donphan|62/100\n|move|p1a: Donphan|Earthquake|p2a: Volcarona\n|-damage|p2a: Volcarona|97/257\n|\n|upkeep\n|turn|12\n|inactive|Time left: 300 sec this turn | 300 sec total\n|\n|t:|1783569019\n|move|p2a: Volcarona|Giga Drain|p1a: Donphan\n|-supereffective|p1a: Donphan\n|-damage|p1a: Donphan|7/100\n|-heal|p2a: Volcarona|176/257|[from] drain|[of] p1a: Donphan\n|move|p1a: Donphan|Earthquake|p2a: Volcarona\n|-damage|p2a: Volcarona|8/257\n|\n|upkeep\n|turn|13\n|inactive|Time left: 300 sec this turn | 300 sec total\n|\n|t:|1783569021\n|move|p2a: Volcarona|Fiery Dance|p1a: Donphan\n|-damage|p1a: Donphan|0 fnt\n|-boost|p2a: Volcarona|spa|1\n|faint|p1a: Donphan\n|\n|upkeep\n|\n|t:|1783569022\n|switch|p1a: Espeon|Espeon, L84, M, tera:Fairy|100/100\n|turn|14\n|inactive|Time left: 300 sec this turn | 300 sec total\n|\n|t:|1783569023\n|move|p2a: Volcarona|Fiery Dance|p1a: Espeon\n|-damage|p1a: Espeon|35/100\n|-boost|p2a: Volcarona|spa|1\n|move|p1a: Espeon|Psyshock|p2a: Volcarona\n|-damage|p2a: Volcarona|0 fnt\n|faint|p2a: Volcarona\n|\n|upkeep\n|inactive|Time left: 300 sec this turn | 300 sec total | 5 sec grace\n|\n|t:|1783569023\n|switch|p2a: Inteleon|Inteleon, L81, F|246/246\n|turn|15\n|inactive|Time left: 300 sec this turn | 300 sec total\n|\n|t:|1783569024\n|switch|p1a: Sceptile|Sceptile, L87, M|100/100\n|move|p2a: Inteleon|Ice Beam|p1a: Sceptile\n|-supereffective|p1a: Sceptile\n|-damage|p1a: Sceptile|22/100\n|\n|upkeep\n|turn|16\n|inactive|Time left: 300 sec this turn | 300 sec total\n|\n|t:|1783569026\n|-terastallize|p2a: Inteleon|Water\n|move|p1a: Sceptile|Giga Drain|p2a: Inteleon\n|-supereffective|p2a: Inteleon\n|-damage|p2a: Inteleon|0 fnt\n|-heal|p1a: Sceptile|68/100|[from] drain|[of] p2a: Inteleon\n|faint|p2a: Inteleon\n|-damage|p1a: Sceptile|58/100|[from] item: Life Orb\n|\n|upkeep\n|inactive|Time left: 300 sec this turn | 300 sec total | 5 sec grace\n|\n|t:|1783569027\n|switch|p2a: Forretress|Forretress, L84, M|263/263\n|turn|17\n|inactive|Time left: 300 sec this turn | 300 sec total\n|\n|t:|1783569027\n|move|p1a: Sceptile|Focus Blast|p2a: Forretress\n|-damage|p2a: Forretress|95/263\n|-damage|p1a: Sceptile|49/100|[from] item: Life Orb\n|move|p2a: Forretress|Iron Head|p1a: Sceptile\n|-damage|p1a: Sceptile|10/100\n|\n|-heal|p2a: Forretress|111/263|[from] item: Leftovers\n|upkeep\n|turn|18\n|inactive|Time left: 300 sec this turn | 300 sec total\n|\n|t:|1783569028\n|move|p1a: Sceptile|Focus Blast|p2a: Forretress\n|-damage|p2a: Forretress|0 fnt\n|faint|p2a: Forretress\n|-damage|p1a: Sceptile|0 fnt|[from] item: Life Orb\n|faint|p1a: Sceptile\n|\n|upkeep\n|inactive|Time left: 300 sec this turn | 300 sec total | 5 sec grace\n|\n|t:|1783569029\n|switch|p1a: Espeon|Espeon, L84, M, tera:Fairy|35/100\n|switch|p2a: Houndstone|Houndstone, L86, F|264/264\n|turn|19\n|inactive|Time left: 300 sec this turn | 300 sec total\n|\n|t:|1783569030\n|move|p1a: Espeon|Shadow Ball|p2a: Houndstone\n|-supereffective|p2a: Houndstone\n|-damage|p2a: Houndstone|78/264\n|move|p2a: Houndstone|Poltergeist|p1a: Espeon\n|-activate|p1a: Espeon|move: Poltergeist|Choice Specs\n|-damage|p1a: Espeon|0 fnt\n|faint|p1a: Espeon\n|\n|win|p0y2503d56c", "uploadtime": 1783569030, "views": 0, "rating": 0, "private": 0, "password": null, "_winner": "p0y2503d56c", "_our_name": "p0y2503d56c"}