{"id": "battle-gen9randombattle-661", "formatid": "gen9randombattle", "format": "[Gen 9] Random Battle", "players": ["p0x6614b1b", "p0y6619420"], "log": "|init|battle\n|title|p0x6614b1b vs. p0y6619420\n|j|\u2606p0x6614b1b\n|j|\u2606p0y6619420\n|t:|1783547476\n|gametype|singles\n|player|p1|p0x6614b1b|265|\n|player|p2|p0y6619420|266|\n|gen|9\n|tier|[Gen 9] Random Battle\n|rule|Species Clause: Limit one of each Pok\u00e9mon\n|rule|HP Percentage Mod: HP is shown in percentages\n|rule|Sleep Clause Mod: Limit one foe put to sleep\n|rule|Illusion Level Mod: Illusion disguises the Pok\u00e9mon's true level\n|\n|t:|1783547476\n|teamsize|p1|6\n|teamsize|p2|6\n|start\n|switch|p1a: Salazzle|Salazzle, L83, F|249/249\n|switch|p2a: Porygon2|Porygon2, L81|100/100\n|-ability|p2a: Porygon2|Download|boost\n|-boost|p2a: Porygon2|spa|1\n|turn|1\n|inactive|Battle timer is ON: inactive players will automatically lose when time's up. (requested by p0x6614b1b)\n|inactive|p0y6619420 also wants the timer to be on.\n|\n|t:|1783547478\n|move|p1a: Salazzle|Protect|p1a: Salazzle\n|-singleturn|p1a: Salazzle|Protect\n|move|p2a: Porygon2|Tera Blast|p1a: Salazzle\n|-activate|p1a: Salazzle|move: Protect\n|\n|upkeep\n|turn|2\n|inactive|Time left: 300 sec this turn | 300 sec total\n|\n|t:|1783547479\n|move|p1a: Salazzle|Toxic|p2a: Porygon2\n|-status|p2a: Porygon2|tox\n|move|p2a: Porygon2|Tera Blast|p1a: Salazzle\n|-damage|p1a: Salazzle|66/249\n|\n|-heal|p1a: Salazzle|81/249|[from] item: Leftovers\n|-damage|p2a: Porygon2|95/100 tox|[from] psn\n|upkeep\n|turn|3\n|inactive|Time left: 300 sec this turn | 300 sec total\n|\n|t:|1783547480\n|move|p1a: Salazzle|Protect|p1a: Salazzle\n|-singleturn|p1a: Salazzle|Protect\n|move|p2a: Porygon2|Shadow Ball|p1a: Salazzle\n|-activate|p1a: Salazzle|move: Protect\n|\n|-heal|p1a: Salazzle|96/249|[from] item: Leftovers\n|-damage|p2a: Porygon2|83/100 tox|[from] psn\n|upkeep\n|turn|4\n|inactive|Time left: 300 sec this turn | 300 sec total\n|\n|t:|1783547481\n|switch|p1a: Glastrier|Glastrier, L86|311/311\n|move|p2a: Porygon2|Tera Blast|p1a: Glastrier\n|-damage|p1a: Glastrier|202/311\n|\n|-damage|p2a: Porygon2|65/100 tox|[from] psn\n|upkeep\n|turn|5\n|inactive|Time left: 300 sec this turn | 300 sec total\n|\n|t:|1783547483\n|move|p2a: Porygon2|Recover|p2a: Porygon2\n|-heal|p2a: Porygon2|100/100 tox\n|move|p1a: Glastrier|Icicle Crash|p2a: Porygon2\n|-damage|p2a: Porygon2|48/100 tox\n|\n|-damage|p2a: Porygon2|25/100 tox|[from] psn\n|upkeep\n|turn|6\n|inactive|Time left: 300 sec this turn | 300 sec total\n|\n|t:|1783547484\n|move|p2a: Porygon2|Tera Blast|p1a: Glastrier\n|-crit|p1a: Glastrier\n|-damage|p1a: Glastrier|51/311\n|move|p1a: Glastrier|Icicle Crash|p2a: Porygon2\n|-damage|p2a: Porygon2|0 fnt\n|faint|p2a: Porygon2\n|-ability|p1a: Glastrier|Chilling Neigh|boost\n|-boost|p1a: Glastrier|atk|1\n|\n|upkeep\n|\n|t:|1783547485\n|switch|p2a: Flutter Mane|Flutter Mane, L74|100/100\n|turn|7\n|inactive|Time left: 300 sec this turn | 300 sec total\n|\n|t:|1783547486\n|switch|p1a: Gouging Fire|Gouging Fire, L74|277/277\n|move|p2a: Flutter Mane|Moonblast|p1a: Gouging Fire\n|-damage|p1a: Gouging Fire|120/277\n|-damage|p2a: Flutter Mane|91/100|[from] item: Life Orb\n|\n|upkeep\n|turn|8\n|inactive|Time left: 300 sec this turn | 300 sec total\n|\n|t:|1783547488\n|-end|p1a: Gouging Fire|Protosynthesis|[silent]\n|switch|p1a: Amoonguss|Amoonguss, L82, F|321/321\n|move|p2a: Flutter Mane|Moonblast|p1a: Amoonguss\n|-resisted|p1a: Amoonguss\n|-damage|p1a: Amoonguss|247/321\n|-damage|p2a: Flutter Mane|81/100|[from] item: Life Orb\n|\n|upkeep\n|turn|9\n|inactive|Time left: 300 sec this turn | 300 sec total\n|\n|t:|1783547488\n|move|p2a: Flutter Mane|Shadow Ball|p1a: Amoonguss\n|-damage|p1a: Amoonguss|126/321\n|-damage|p2a: Flutter Mane|71/100|[from] item: Life Orb\n|move|p1a: Amoonguss|Spore|p2a: Flutter Mane\n|-status|p2a: Flutter Mane|slp|[from] move: Spore\n|\n|upkeep\n|turn|10\n|inactive|Time left: 300 sec this turn | 300 sec total\n|\n|t:|1783547490\n|-end|p2a: Flutter Mane|Protosynthesis|[silent]\n|switch|p2a: Minior|Minior-Green, L79|100/100\n|-formechange|p2a: Minior|Minior-Meteor||[from] ability: Shields Down\n|switch|p1a: Zangoose|Zangoose, L85, F|263/263\n|\n|-status|p1a: Zangoose|tox|[from] item: Toxic Orb\n|upkeep\n|turn|11\n|inactive|Time left: 300 sec this turn | 300 sec total\n|\n|t:|1783547491\n|move|p1a: Zangoose|Swords Dance|p1a: Zangoose\n|-boost|p1a: Zangoose|atk|2\n|move|p2a: Minior|Shell Smash|p2a: Minior\n|-unboost|p2a: Minior|def|1\n|-unboost|p2a: Minior|spd|1\n|-boost|p2a: Minior|atk|2\n|-boost|p2a: Minior|spa|2\n|-boost|p2a: Minior|spe|2\n|-enditem|p2a: Minior|White Herb\n|-clearnegativeboost|p2a: Minior|[silent]\n|\n|-damage|p1a: Zangoose|247/263 tox|[from] psn\n|upkeep\n|turn|12\n|inactive|Time left: 300 sec this turn | 300 sec total\n|\n|t:|1783547491\n|move|p2a: Minior|Acrobatics|p1a: Zangoose\n|-damage|p1a: Zangoose|52/263 tox\n|move|p1a: Zangoose|Facade|p2a: Minior\n|-resisted|p2a: Minior\n|-damage|p2a: Minior|0 fnt\n|faint|p2a: Minior\n|\n|-damage|p1a: Zangoose|20/263 tox|[from] psn\n|upkeep\n|\n|t:|1783547492\n|switch|p2a: Uxie|Uxie, L83|100/100\n|turn|13\n|inactive|Time left: 300 sec this turn | 300 sec total\n|\n|t:|1783547493\n|move|p2a: Uxie|Psychic Noise|p1a: Zangoose\n|-damage|p1a: Zangoose|0 fnt\n|faint|p1a: Zangoose\n|\n|upkeep\n|inactive|Time left: 300 sec this turn | 300 sec total | 5 sec grace\n|\n|t:|1783547494\n|switch|p1a: Gouging Fire|Gouging Fire, L74|120/277\n|turn|14\n|inactive|Time left: 300 sec this turn | 300 sec total\n|\n|t:|1783547495\n|move|p2a: Uxie|Psychic Noise|p1a: Gouging Fire\n|-damage|p1a: Gouging Fire|50/277\n|-start|p1a: Gouging Fire|move: Heal Block\n|move|p1a: Gouging Fire|Dragon Dance|p1a: Gouging Fire\n|-boost|p1a: Gouging Fire|atk|1\n|-boost|p1a: Gouging Fire|spe|1\n|\n|upkeep\n|turn|15\n|inactive|Time left: 300 sec this turn | 300 sec total\n|\n|t:|1783547496\n|move|p1a: Gouging Fire|Outrage|p2a: Uxie\n|-damage|p2a: Uxie|52/100\n|move|p2a: Uxie|Psychic Noise|p1a: Gouging Fire\n|-damage|p1a: Gouging Fire|0 fnt\n|faint|p1a: Gouging Fire\n|-end|p1a: Gouging Fire|Protosynthesis|[silent]\n|\n|-heal|p2a: Uxie|58/100|[from] item: Leftovers\n|upkeep\n|inactive|Time left: 300 sec this turn | 300 sec total | 5 sec grace\n|\n|t:|1783547497\n|switch|p1a: Terapagos|Terapagos, L77, M|265/265\n|-activate|p1a: Terapagos|ability: Tera Shift\n|detailschange|p1a: Terapagos|Terapagos-Terastal, L77, M\n|-heal|p1a: Terapagos|273/273|[silent]\n|turn|16\n|inactive|Time left: 300 sec this turn | 300 sec total\n|\n|t:|1783547498\n|move|p2a: Uxie|Stealth Rock|p1a: Terapagos\n|-sidestart|p1: p0x6614b1b|move: Stealth Rock\n|move|p1a: Terapagos|Calm Mind|p1a: Terapagos\n|-boost|p1a: Terapagos|spa|1\n|-boost|p1a: Terapagos|spd|1\n|\n|-heal|p2a: Uxie|64/100|[from] item: Leftovers\n|upkeep\n|turn|17\n|inactive|Time left: 300 sec this turn | 300 sec total\n|\n|t:|1783547499\n|move|p2a: Uxie|Encore|p1a: Terapagos\n|-start|p1a: Terapagos|Encore\n|move|p1a: Terapagos|Calm Mind|p1a: Terapagos\n|-boost|p1a: Terapagos|spa|1\n|-boost|p1a: Terapagos|spd|1\n|\n|-heal|p2a: Uxie|70/100|[from] item: Leftovers\n|upkeep\n|turn|18\n|inactive|Time left: 300 sec this turn | 300 sec total\n|\n|t:|1783547500\n|move|p2a: Uxie|Yawn|p1a: Terapagos\n|-start|p1a: Terapagos|move: Yawn|[of] p2a: Uxie\n|move|p1a: Terapagos|Calm Mind|p1a: Terapagos\n|-boost|p1a: Terapagos|spa|1\n|-boost|p1a: Terapagos|spd|1\n|\n|-heal|p2a: Uxie|76/100|[from] item: Leftovers\n|upkeep\n|turn|19\n|inactive|Time left: 300 sec this turn | 300 sec total\n|\n|t:|1783547501\n|move|p2a: Uxie|Psychic Noise|p1a: Terapagos\n|-activate|p1a: Terapagos|ability: Tera Shell\n|-resisted|p1a: Terapagos\n|-damage|p1a: Terapagos|262/273\n|-start|p1a: Terapagos|move: Heal Block\n|move|p1a: Terapagos|Calm Mind|p1a: Terapagos\n|-boost|p1a: Terapagos|spa|1\n|-boost|p1a: Terapagos|spd|1\n|\n|-heal|p2a: Uxie|82/100|[from] item: Leftovers\n|-end|p1a: Terapagos|Encore\n|-end|p1a: Terapagos|move: Yawn|[silent]\n|-status|p1a: Terapagos|slp\n|upkeep\n|-enditem|p1a: Terapagos|Chesto Berry|[eat]\n|-curestatus|p1a: Terapagos|slp|[msg]\n|turn|20\n|inactive|Time left: 300 sec this turn | 300 sec total\n|\n|t:|1783547502\n|move|p2a: Uxie|Encore|p1a: Terapagos\n|-start|p1a: Terapagos|Encore\n|move|p1a: Terapagos|Calm Mind|p1a: Terapagos\n|-boost|p1a: Terapagos|spa|1\n|-boost|p1a: Terapagos|spd|1\n|\n|-heal|p2a: Uxie|89/100|[from] item: Leftovers\n|-end|p1a: Terapagos|move: Heal Block\n|upkeep\n|turn|21\n|inactive|Time left: 300 sec this turn | 300 sec total\n|\n|t:|1783547503\n|move|p2a: Uxie|Yawn|p1a: Terapagos\n|-start|p1a: Terapagos|move: Yawn|[of] p2a: Uxie\n|move|p1a: Terapagos|Calm Mind|p1a: Terapagos\n|-boost|p1a: Terapagos|spa|1\n|-boost|p1a: Terapagos|spd|1\n|\n|-heal|p2a: Uxie|95/100|[from] item: Leftovers\n|upkeep\n|turn|22\n|inactive|Time left: 300 sec this turn | 300 sec total\n|\n|t:|1783547504\n|switch|p2a: Zebstrika|Zebstrika, L87, F|100/100\n|move|p1a: Terapagos|Calm Mind|p1a: Terapagos\n|-boost|p1a: Terapagos|spa|0\n|-boost|p1a: Terapagos|spd|0\n|\n|-end|p1a: Terapagos|Encore\n|-end|p1a: Terapagos|move: Yawn|[silent]\n|-status|p1a: Terapagos|slp\n|upkeep\n|turn|23\n|inactive|Time left: 300 sec this turn | 300 sec total\n|\n|t:|1783547505\n|move|p2a: Zebstrika|Supercell Slam|p1a: Terapagos\n|-damage|p1a: Terapagos|132/273 slp\n|-damage|p2a: Zebstrika|91/100|[from] item: Life Orb\n|cant|p1a: Terapagos|slp\n|\n|upkeep\n|turn|24\n|inactive|Time left: 300 sec this turn | 300 sec total\n|\n|t:|1783547506\n|move|p2a: Zebstrika|Supercell Slam|p1a: Terapagos\n|-damage|p1a: Terapagos|0 fnt\n|faint|p1a: Terapagos\n|-damage|p2a: Zebstrika|81/100|[from] item: Life Orb\n|\n|upkeep\n|inactive|Time left: 300 sec this turn | 300 sec total | 5 sec grace\n|\n|t:|1783547507\n|switch|p1a: Amoonguss|Amoonguss, L82, F|233/321\n|-damage|p1a: Amoonguss|193/321|[from] Stealth Rock\n|turn|25\n|inactive|Time left: 300 sec this turn | 300 sec total\n|\n|t:|1783547508\n|move|p2a: Zebstrika|Overheat|p1a: Amoonguss\n|-supereffective|p1a: Amoonguss\n|-damage|p1a: Amoonguss|0 fnt\n|-unboost|p2a: Zebstrika|spa|2\n|faint|p1a: Amoonguss\n|-damage|p2a: Zebstrika|71/100|[from] item: Life Orb\n|\n|upkeep\n|inactive|Time left: 300 sec this turn | 300 sec total | 5 sec grace\n|\n|t:|1783547509\n|switch|p1a: Salazzle|Salazzle, L83, F|96/249\n|-damage|p1a: Salazzle|34/249|[from] Stealth Rock\n|turn|26\n|inactive|Time left: 300 sec this turn | 300 sec total\n|\n|t:|1783547510\n|move|p1a: Salazzle|Protect|p1a: Salazzle\n|-singleturn|p1a: Salazzle|Protect\n|move|p2a: Zebstrika|Volt Switch|p1a: Salazzle\n|-activate|p1a: Salazzle|move: Protect\n|\n|-heal|p1a: Salazzle|49/249|[from] item: Leftovers\n|upkeep\n|turn|27\n|inactive|Time left: 300 sec this turn | 300 sec total\n|\n|t:|1783547511\n|move|p1a: Salazzle|Protect||[still]\n|-fail|p1a: Salazzle\n|move|p2a: Zebstrika|High Horsepower|p1a: Salazzle\n|-supereffective|p1a: Salazzle\n|-damage|p1a: Salazzle|0 fnt\n|faint|p1a: Salazzle\n|-damage|p2a: Zebstrika|61/100|[from] item: Life Orb\n|\n|upkeep\n|inactive|Time left: 300 sec this turn | 300 sec total | 5 sec grace\n|\n|t:|1783547512\n|switch|p1a: Glastrier|Glastrier, L86|51/311\n|-damage|p1a: Glastrier|0 fnt|[from] Stealth Rock\n|faint|p1a: Glastrier\n|\n|win|p0y6619420", "uploadtime": 1783547512, "views": 0, "rating": 0, "private": 0, "password": null, "_winner": "p0y6619420", "_our_name": "p0x6614b1b"}