{"id": "battle-gen9randombattle-2595", "formatid": "gen9randombattle", "format": "[Gen 9] Random Battle", "players": ["p0x259588b4", "p0y2595ec35"], "log": "|init|battle\n|title|p0x259588b4 vs. p0y2595ec35\n|j|\u2606p0x259588b4\n|j|\u2606p0y2595ec35\n|t:|1783569007\n|gametype|singles\n|player|p1|p0x259588b4|266|\n|player|p2|p0y2595ec35|2|\n|gen|9\n|tier|[Gen 9] Random Battle\n|rule|Species Clause: Limit one of each Pok\u00e9mon\n|rule|HP Percentage Mod: HP is shown in percentages\n|rule|Sleep Clause Mod: Limit one foe put to sleep\n|rule|Illusion Level Mod: Illusion disguises the Pok\u00e9mon's true level\n|\n|t:|1783569007\n|teamsize|p1|6\n|teamsize|p2|6\n|start\n|switch|p1a: Great Tusk|Great Tusk, L77|100/100\n|switch|p2a: Dedenne|Dedenne, L88, M|261/261\n|turn|1\n|inactive|Battle timer is ON: inactive players will automatically lose when time's up. (requested by p0x259588b4)\n|inactive|Time left: 300 sec this turn | 300 sec total | 60 sec grace\n|inactive|p0y2595ec35 also wants the timer to be on.\n|\n|t:|1783569009\n|move|p2a: Dedenne|Dazzling Gleam|p1a: Great Tusk\n|-supereffective|p1a: Great Tusk\n|-crit|p1a: Great Tusk\n|-damage|p1a: Great Tusk|20/100\n|move|p1a: Great Tusk|Headlong Rush|p2a: Dedenne\n|-supereffective|p2a: Dedenne\n|-damage|p2a: Dedenne|0 fnt\n|-unboost|p1a: Great Tusk|def|1\n|-unboost|p1a: Great Tusk|spd|1\n|faint|p2a: Dedenne\n|\n|upkeep\n|inactive|Time left: 300 sec this turn | 300 sec total | 65 sec grace\n|\n|t:|1783569010\n|switch|p2a: Chi-Yu|Chi-Yu, L77|211/211\n|-ability|p2a: Chi-Yu|Beads of Ruin\n|turn|2\n|inactive|Time left: 300 sec this turn | 300 sec total\n|\n|t:|1783569011\n|-end|p1a: Great Tusk|Protosynthesis|[silent]\n|switch|p1a: Goodra|Goodra, L85, M|100/100\n|move|p2a: Chi-Yu|Flamethrower|p1a: Goodra\n|-resisted|p1a: Goodra\n|-damage|p1a: Goodra|84/100\n|\n|upkeep\n|turn|3\n|inactive|Time left: 300 sec this turn | 300 sec total\n|\n|t:|1783569013\n|move|p2a: Chi-Yu|Flamethrower|p1a: Goodra\n|-resisted|p1a: Goodra\n|-damage|p1a: Goodra|70/100\n|-status|p1a: Goodra|brn\n|move|p1a: Goodra|Scald|p2a: Chi-Yu\n|-supereffective|p2a: Chi-Yu\n|-damage|p2a: Chi-Yu|99/211\n|\n|-damage|p1a: Goodra|64/100 brn|[from] brn\n|upkeep\n|turn|4\n|inactive|Time left: 300 sec this turn | 300 sec total\n|\n|t:|1783569015\n|switch|p2a: Beartic|Beartic, L91, M|321/321\n|move|p1a: Goodra|Scald|p2a: Beartic\n|-damage|p2a: Beartic|250/321\n|\n|-damage|p1a: Goodra|58/100 brn|[from] brn\n|upkeep\n|turn|5\n|inactive|Time left: 300 sec this turn | 300 sec total\n|\n|t:|1783569016\n|switch|p1a: Overqwil|Overqwil, L82, F|100/100\n|-ability|p1a: Overqwil|Intimidate|boost\n|-unboost|p2a: Beartic|atk|1\n|move|p2a: Beartic|Icicle Crash|p1a: Overqwil|[miss]\n|-miss|p2a: Beartic|p1a: Overqwil\n|\n|upkeep\n|turn|6\n|inactive|Time left: 300 sec this turn | 300 sec total\n|\n|t:|1783569017\n|move|p1a: Overqwil|Swords Dance|p1a: Overqwil\n|-boost|p1a: Overqwil|atk|2\n|move|p2a: Beartic|Earthquake|p1a: Overqwil\n|-supereffective|p1a: Overqwil\n|-damage|p1a: Overqwil|49/100\n|\n|upkeep\n|turn|7\n|inactive|Time left: 300 sec this turn | 300 sec total\n|\n|t:|1783569018\n|move|p1a: Overqwil|Gunk Shot|p2a: Beartic\n|-damage|p2a: Beartic|0 fnt\n|faint|p2a: Beartic\n|-damage|p1a: Overqwil|40/100|[from] item: Life Orb\n|\n|upkeep\n|inactive|Time left: 300 sec this turn | 300 sec total | 5 sec grace\n|\n|t:|1783569019\n|switch|p2a: Chi-Yu|Chi-Yu, L77|99/211\n|-ability|p2a: Chi-Yu|Beads of Ruin\n|turn|8\n|inactive|Time left: 300 sec this turn | 300 sec total\n|\n|t:|1783569020\n|switch|p1a: Blissey|Blissey, L85, F|100/100\n|move|p2a: Chi-Yu|Dark Pulse|p1a: Blissey\n|-damage|p1a: Blissey|78/100\n|\n|-heal|p1a: Blissey|84/100|[from] item: Leftovers\n|upkeep\n|turn|9\n|inactive|Time left: 300 sec this turn | 300 sec total\n|\n|t:|1783569021\n|move|p2a: Chi-Yu|Dark Pulse|p1a: Blissey\n|-damage|p1a: Blissey|63/100\n|move|p1a: Blissey|Stealth Rock|p2a: Chi-Yu\n|-sidestart|p2: p0y2595ec35|move: Stealth Rock\n|\n|-heal|p1a: Blissey|69/100|[from] item: Leftovers\n|upkeep\n|turn|10\n|inactive|Time left: 300 sec this turn | 300 sec total\n|\n|t:|1783569022\n|move|p2a: Chi-Yu|Dark Pulse|p1a: Blissey\n|-damage|p1a: Blissey|47/100\n|move|p1a: Blissey|Soft-Boiled|p1a: Blissey\n|-heal|p1a: Blissey|97/100\n|\n|-heal|p1a: Blissey|100/100|[from] item: Leftovers\n|upkeep\n|turn|11\n|inactive|Time left: 300 sec this turn | 300 sec total\n|\n|t:|1783569023\n|move|p2a: Chi-Yu|Dark Pulse|p1a: Blissey\n|-damage|p1a: Blissey|78/100\n|move|p1a: Blissey|Seismic Toss|p2a: Chi-Yu\n|-damage|p2a: Chi-Yu|14/211\n|\n|-heal|p1a: Blissey|84/100|[from] item: Leftovers\n|upkeep\n|turn|12\n|inactive|Time left: 300 sec this turn | 300 sec total\n|\n|t:|1783569024\n|move|p2a: Chi-Yu|Dark Pulse|p1a: Blissey\n|-damage|p1a: Blissey|63/100\n|cant|p1a: Blissey|flinch\n|\n|-heal|p1a: Blissey|69/100|[from] item: Leftovers\n|upkeep\n|turn|13\n|inactive|Time left: 300 sec this turn | 300 sec total\n|\n|t:|1783569025\n|move|p2a: Chi-Yu|Dark Pulse|p1a: Blissey\n|-damage|p1a: Blissey|48/100\n|move|p1a: Blissey|Seismic Toss|p2a: Chi-Yu\n|-damage|p2a: Chi-Yu|0 fnt\n|faint|p2a: Chi-Yu\n|\n|-heal|p1a: Blissey|54/100|[from] item: Leftovers\n|upkeep\n|inactive|Time left: 300 sec this turn | 300 sec total | 5 sec grace\n|\n|t:|1783569026\n|switch|p2a: Iron Valiant|Iron Valiant, L78|244/244\n|-damage|p2a: Iron Valiant|229/244|[from] Stealth Rock\n|turn|14\n|inactive|Time left: 300 sec this turn | 300 sec total\n|\n|t:|1783569027\n|switch|p1a: Overqwil|Overqwil, L82, F|40/100\n|-ability|p1a: Overqwil|Intimidate|boost\n|-unboost|p2a: Iron Valiant|atk|1\n|move|p2a: Iron Valiant|Close Combat|p1a: Overqwil\n|-damage|p1a: Overqwil|0 fnt\n|-unboost|p2a: Iron Valiant|def|1\n|-unboost|p2a: Iron Valiant|spd|1\n|faint|p1a: Overqwil\n|-damage|p2a: Iron Valiant|205/244|[from] item: Life Orb\n|\n|upkeep\n|\n|t:|1783569028\n|switch|p1a: Chimecho|Chimecho, L93, M|100/100\n|turn|15\n|inactive|Time left: 300 sec this turn | 300 sec total\n|\n|t:|1783569029\n|move|p2a: Iron Valiant|Knock Off|p1a: Chimecho\n|-supereffective|p1a: Chimecho\n|-damage|p1a: Chimecho|53/100\n|-enditem|p1a: Chimecho|Leftovers|[from] move: Knock Off|[of] p2a: Iron Valiant\n|-damage|p2a: Iron Valiant|181/244|[from] item: Life Orb\n|move|p1a: Chimecho|Dazzling Gleam|p2a: Iron Valiant\n|-supereffective|p2a: Iron Valiant\n|-damage|p2a: Iron Valiant|0 fnt\n|faint|p2a: Iron Valiant\n|-end|p2a: Iron Valiant|Quark Drive|[silent]\n|\n|upkeep\n|inactive|Time left: 300 sec this turn | 300 sec total | 5 sec grace\n|\n|t:|1783569030\n|switch|p2a: Miraidon|Miraidon, L65|238/238\n|-damage|p2a: Miraidon|209/238|[from] Stealth Rock\n|-fieldstart|move: Electric Terrain|[from] ability: Hadron Engine|[of] p2a: Miraidon\n|turn|16\n|inactive|Time left: 300 sec this turn | 300 sec total\n|\n|t:|1783569031\n|switch|p1a: Great Tusk|Great Tusk, L77|20/100\n|move|p2a: Miraidon|Electro Drift|p1a: Great Tusk\n|-immune|p1a: Great Tusk\n|\n|upkeep\n|turn|17\n|inactive|Time left: 300 sec this turn | 300 sec total\n|\n|t:|1783569033\n|move|p2a: Miraidon|Electro Drift|p1a: Great Tusk\n|-immune|p1a: Great Tusk\n|move|p1a: Great Tusk|Headlong Rush|p2a: Miraidon\n|-supereffective|p2a: Miraidon\n|-damage|p2a: Miraidon|0 fnt\n|-unboost|p1a: Great Tusk|def|1\n|-unboost|p1a: Great Tusk|spd|1\n|faint|p2a: Miraidon\n|\n|upkeep\n|inactive|Time left: 300 sec this turn | 300 sec total | 5 sec grace\n|\n|t:|1783569033\n|switch|p2a: Kyurem|Kyurem-White, L73|303/303\n|-damage|p2a: Kyurem|228/303|[from] Stealth Rock\n|-ability|p2a: Kyurem|Turboblaze\n|turn|18\n|inactive|Time left: 300 sec this turn | 300 sec total\n|\n|t:|1783569034\n|-end|p1a: Great Tusk|Protosynthesis|[silent]\n|switch|p1a: Blissey|Blissey, L85, F|54/100\n|move|p2a: Kyurem|Ice Beam|p1a: Blissey\n|-damage|p1a: Blissey|40/100\n|\n|-heal|p1a: Blissey|46/100|[from] item: Leftovers\n|upkeep\n|turn|19\n|inactive|Time left: 300 sec this turn | 300 sec total\n|\n|t:|1783569035\n|switch|p1a: Great Tusk|Great Tusk, L77|20/100\n|move|p2a: Kyurem|Ice Beam|p1a: Great Tusk\n|-supereffective|p1a: Great Tusk\n|-damage|p1a: Great Tusk|0 fnt\n|faint|p1a: Great Tusk\n|-end|p1a: Great Tusk|Protosynthesis|[silent]\n|\n|upkeep\n|\n|t:|1783569036\n|switch|p1a: Goodra|Goodra, L85, M|58/100 brn\n|turn|20\n|inactive|Time left: 300 sec this turn | 300 sec total\n|\n|t:|1783569036\n|-terastallize|p2a: Kyurem|Ice\n|-terastallize|p1a: Goodra|Fire\n|move|p2a: Kyurem|Ice Beam|p1a: Goodra\n|-resisted|p1a: Goodra\n|-damage|p1a: Goodra|46/100 brn\n|move|p1a: Goodra|Draco Meteor|p2a: Kyurem\n|-damage|p2a: Kyurem|53/303\n|-unboost|p1a: Goodra|spa|2\n|\n|-damage|p1a: Goodra|40/100 brn|[from] brn\n|-fieldend|move: Electric Terrain\n|upkeep\n|turn|21\n|inactive|Time left: 300 sec this turn | 300 sec total\n|\n|t:|1783569037\n|move|p2a: Kyurem|Ice Beam|p1a: Goodra\n|-resisted|p1a: Goodra\n|-damage|p1a: Goodra|29/100 brn\n|move|p1a: Goodra|Draco Meteor|p2a: Kyurem\n|-damage|p2a: Kyurem|0 fnt\n|-unboost|p1a: Goodra|spa|2\n|faint|p2a: Kyurem\n|\n|win|p0x259588b4", "uploadtime": 1783569037, "views": 0, "rating": 0, "private": 0, "password": null, "_winner": "p0x259588b4", "_our_name": "p0y2595ec35"}