{"id": "battle-gen9randombattle-2993", "formatid": "gen9randombattle", "format": "[Gen 9] Random Battle", "players": ["p0x299333c3", "p0y29936af3"], "log": "|init|battle\n|title|p0x299333c3 vs. p0y29936af3\n|j|\u2606p0x299333c3\n|j|\u2606p0y29936af3\n|t:|1783573455\n|gametype|singles\n|player|p1|p0x299333c3|2|\n|player|p2|p0y29936af3|1|\n|gen|9\n|tier|[Gen 9] Random Battle\n|rule|Species Clause: Limit one of each Pok\u00e9mon\n|rule|HP Percentage Mod: HP is shown in percentages\n|rule|Sleep Clause Mod: Limit one foe put to sleep\n|rule|Illusion Level Mod: Illusion disguises the Pok\u00e9mon's true level\n|\n|t:|1783573455\n|teamsize|p1|6\n|teamsize|p2|6\n|start\n|switch|p1a: Flapple|Flapple, L88, M|266/266\n|switch|p2a: Araquanid|Araquanid, L82, F|100/100\n|turn|1\n|inactive|Battle timer is ON: inactive players will automatically lose when time's up. (requested by p0y29936af3)\n|inactive|Time left: 300 sec this turn | 300 sec total | 60 sec grace\n|\n|t:|1783573457\n|move|p1a: Flapple|Outrage|p2a: Araquanid\n|-damage|p2a: Araquanid|10/100\n|move|p2a: Araquanid|Sticky Web|p1a: Flapple\n|-sidestart|p1: p0x299333c3|move: Sticky Web\n|\n|upkeep\n|turn|2\n|inactive|Time left: 300 sec this turn | 300 sec total\n|inactive|p0x299333c3 also wants the timer to be on.\n|\n|t:|1783573458\n|switch|p2a: Carbink|Carbink, L90|100/100\n|move|p1a: Flapple|Outrage|p2a: Carbink|[from] lockedmove\n|-immune|p2a: Carbink\n|-start|p1a: Flapple|confusion|[fatigue]\n|-enditem|p1a: Flapple|Lum Berry|[eat]\n|-end|p1a: Flapple|confusion\n|\n|upkeep\n|turn|3\n|inactive|Time left: 300 sec this turn | 300 sec total\n|\n|t:|1783573459\n|move|p1a: Flapple|Grav Apple|p2a: Carbink|[miss]\n|-miss|p1a: Flapple|p2a: Carbink\n|move|p2a: Carbink|Moonblast|p1a: Flapple\n|-supereffective|p1a: Flapple\n|-damage|p1a: Flapple|86/266\n|\n|upkeep\n|turn|4\n|inactive|Time left: 300 sec this turn | 300 sec total\n|\n|t:|1783573460\n|move|p1a: Flapple|Grav Apple|p2a: Carbink|[miss]\n|-miss|p1a: Flapple|p2a: Carbink\n|move|p2a: Carbink|Moonblast|p1a: Flapple\n|-supereffective|p1a: Flapple\n|-damage|p1a: Flapple|0 fnt\n|faint|p1a: Flapple\n|\n|upkeep\n|inactive|Time left: 300 sec this turn | 300 sec total | 5 sec grace\n|\n|t:|1783573461\n|switch|p1a: Basculegion|Basculegion-F, L83, F|335/335\n|-activate|p1a: Basculegion|move: Sticky Web\n|-unboost|p1a: Basculegion|spe|1\n|turn|5\n|inactive|Time left: 300 sec this turn | 300 sec total\n|\n|t:|1783573462\n|switch|p2a: Dragonite|Dragonite, L74, M|100/100\n|move|p1a: Basculegion|Hydro Pump|p2a: Dragonite|[miss]\n|-miss|p1a: Basculegion|p2a: Dragonite\n|\n|upkeep\n|turn|6\n|inactive|Time left: 300 sec this turn | 300 sec total\n|\n|t:|1783573463\n|move|p2a: Dragonite|Dragon Dance|p2a: Dragonite\n|-boost|p2a: Dragonite|atk|1\n|-boost|p2a: Dragonite|spe|1\n|move|p1a: Basculegion|Flip Turn|p2a: Dragonite\n|-resisted|p2a: Dragonite\n|-damage|p2a: Dragonite|92/100\n|inactive|Time left: 300 sec this turn | 300 sec total | 5 sec grace\n|\n|t:|1783573464\n|switch|p1a: Illumise|Illumise, L91, F|266/266|[from] Flip Turn\n|\n|upkeep\n|turn|7\n|inactive|Time left: 300 sec this turn | 300 sec total\n|\n|t:|1783573465\n|move|p1a: Illumise|Encore|p2a: Dragonite\n|-start|p2a: Dragonite|Encore\n|move|p2a: Dragonite|Dragon Dance|p2a: Dragonite\n|-boost|p2a: Dragonite|atk|1\n|-boost|p2a: Dragonite|spe|1\n|\n|upkeep\n|turn|8\n|inactive|Time left: 300 sec this turn | 300 sec total\n|\n|t:|1783573466\n|switch|p1a: Squawkabilly|Squawkabilly, L85, M|278/278\n|move|p2a: Dragonite|Dragon Dance|p2a: Dragonite\n|-boost|p2a: Dragonite|atk|1\n|-boost|p2a: Dragonite|spe|1\n|\n|-status|p1a: Squawkabilly|brn|[from] item: Flame Orb\n|upkeep\n|turn|9\n|inactive|Time left: 300 sec this turn | 300 sec total\n|\n|t:|1783573467\n|switch|p2a: Zamazenta|Zamazenta-Crowned, L68|100/100\n|-ability|p2a: Zamazenta|Dauntless Shield|boost\n|-boost|p2a: Zamazenta|def|1\n|switch|p1a: Illumise|Illumise, L91, F|266/266\n|\n|upkeep\n|turn|10\n|inactive|Time left: 300 sec this turn | 300 sec total\n|\n|t:|1783573468\n|move|p1a: Illumise|Thunder Wave|p2a: Zamazenta\n|-status|p2a: Zamazenta|par\n|move|p2a: Zamazenta|Body Press|p1a: Illumise\n|-resisted|p1a: Illumise\n|-damage|p1a: Illumise|209/266\n|\n|upkeep\n|turn|11\n|inactive|Time left: 300 sec this turn | 300 sec total\n|\n|t:|1783573469\n|switch|p1a: Basculegion|Basculegion-F, L83, F|335/335\n|-activate|p1a: Basculegion|move: Sticky Web\n|-unboost|p1a: Basculegion|spe|1\n|move|p2a: Zamazenta|Body Press|p1a: Basculegion\n|-immune|p1a: Basculegion\n|\n|upkeep\n|turn|12\n|inactive|Time left: 300 sec this turn | 300 sec total\n|\n|t:|1783573470\n|move|p1a: Basculegion|Hydro Pump|p2a: Zamazenta\n|-damage|p2a: Zamazenta|43/100 par\n|cant|p2a: Zamazenta|par\n|\n|upkeep\n|turn|13\n|inactive|Time left: 300 sec this turn | 300 sec total\n|\n|t:|1783573471\n|switch|p2a: Kingdra|Kingdra, L84, M|100/100\n|move|p1a: Basculegion|Shadow Ball|p2a: Kingdra\n|-damage|p2a: Kingdra|56/100\n|\n|upkeep\n|turn|14\n|inactive|Time left: 300 sec this turn | 300 sec total\n|\n|t:|1783573472\n|move|p2a: Kingdra|Outrage|p1a: Basculegion\n|-damage|p1a: Basculegion|191/335\n|move|p1a: Basculegion|Shadow Ball|p2a: Kingdra\n|-damage|p2a: Kingdra|14/100\n|\n|upkeep\n|turn|15\n|inactive|Time left: 300 sec this turn | 300 sec total\n|\n|t:|1783573474\n|move|p2a: Kingdra|Outrage|p1a: Basculegion|[from] lockedmove\n|-crit|p1a: Basculegion\n|-damage|p1a: Basculegion|0 fnt\n|faint|p1a: Basculegion\n|-start|p2a: Kingdra|confusion|[fatigue]\n|-enditem|p2a: Kingdra|Lum Berry|[eat]\n|-end|p2a: Kingdra|confusion\n|\n|upkeep\n|inactive|Time left: 300 sec this turn | 300 sec total | 5 sec grace\n|\n|t:|1783573474\n|switch|p1a: Squawkabilly|Squawkabilly, L85, M|278/278 brn\n|turn|16\n|inactive|Time left: 300 sec this turn | 300 sec total\n|\n|t:|1783573475\n|switch|p2a: Carbink|Carbink, L90|100/100\n|move|p1a: Squawkabilly|Brave Bird|p2a: Carbink\n|-resisted|p2a: Carbink\n|-damage|p2a: Carbink|75/100\n|-damage|p1a: Squawkabilly|258/278 brn|[from] Recoil\n|\n|-damage|p1a: Squawkabilly|241/278 brn|[from] brn\n|upkeep\n|turn|17\n|inactive|Time left: 300 sec this turn | 300 sec total\n|\n|t:|1783573476\n|move|p1a: Squawkabilly|Brave Bird|p2a: Carbink\n|-resisted|p2a: Carbink\n|-damage|p2a: Carbink|51/100\n|-damage|p1a: Squawkabilly|222/278 brn|[from] Recoil\n|move|p2a: Carbink|Iron Defense|p2a: Carbink\n|-boost|p2a: Carbink|def|2\n|\n|-damage|p1a: Squawkabilly|205/278 brn|[from] brn\n|upkeep\n|turn|18\n|inactive|Time left: 300 sec this turn | 300 sec total\n|\n|t:|1783573477\n|switch|p1a: Illumise|Illumise, L91, F|209/266\n|move|p2a: Carbink|Body Press|p1a: Illumise\n|-resisted|p1a: Illumise\n|-damage|p1a: Illumise|108/266\n|\n|upkeep\n|turn|19\n|inactive|Time left: 300 sec this turn | 300 sec total\n|\n|t:|1783573478\n|move|p1a: Illumise|Roost|p1a: Illumise\n|-heal|p1a: Illumise|241/266\n|-singleturn|p1a: Illumise|move: Roost\n|move|p2a: Carbink|Body Press|p1a: Illumise\n|-resisted|p1a: Illumise\n|-damage|p1a: Illumise|148/266\n|\n|upkeep\n|turn|20\n|inactive|Time left: 300 sec this turn | 300 sec total\n|\n|t:|1783573479\n|move|p1a: Illumise|Roost|p1a: Illumise\n|-heal|p1a: Illumise|266/266\n|-singleturn|p1a: Illumise|move: Roost\n|move|p2a: Carbink|Body Press|p1a: Illumise\n|-resisted|p1a: Illumise\n|-damage|p1a: Illumise|167/266\n|\n|upkeep\n|turn|21\n|inactive|Time left: 300 sec this turn | 300 sec total\n|\n|t:|1783573480\n|move|p1a: Illumise|Roost|p1a: Illumise\n|-heal|p1a: Illumise|266/266\n|-singleturn|p1a: Illumise|move: Roost\n|move|p2a: Carbink|Body Press|p1a: Illumise\n|-resisted|p1a: Illumise\n|-damage|p1a: Illumise|175/266\n|\n|upkeep\n|turn|22\n|inactive|Time left: 300 sec this turn | 300 sec total\n|\n|t:|1783573480\n|move|p1a: Illumise|Roost|p1a: Illumise\n|-heal|p1a: Illumise|266/266\n|-singleturn|p1a: Illumise|move: Roost\n|move|p2a: Carbink|Body Press|p1a: Illumise\n|-resisted|p1a: Illumise\n|-damage|p1a: Illumise|176/266\n|\n|upkeep\n|turn|23\n|inactive|Time left: 300 sec this turn | 300 sec total\n|\n|t:|1783573481\n|move|p1a: Illumise|Roost|p1a: Illumise\n|-heal|p1a: Illumise|266/266\n|-singleturn|p1a: Illumise|move: Roost\n|move|p2a: Carbink|Body Press|p1a: Illumise\n|-resisted|p1a: Illumise\n|-damage|p1a: Illumise|164/266\n|\n|upkeep\n|turn|24\n|inactive|Time left: 300 sec this turn | 300 sec total\n|\n|t:|1783573482\n|move|p1a: Illumise|Roost|p1a: Illumise\n|-heal|p1a: Illumise|266/266\n|-singleturn|p1a: Illumise|move: Roost\n|move|p2a: Carbink|Body Press|p1a: Illumise\n|-resisted|p1a: Illumise\n|-damage|p1a: Illumise|178/266\n|\n|upkeep\n|turn|25\n|inactive|Time left: 300 sec this turn | 300 sec total\n|\n|t:|1783573483\n|move|p1a: Illumise|Roost|p1a: Illumise\n|-heal|p1a: Illumise|266/266\n|-singleturn|p1a: Illumise|move: Roost\n|move|p2a: Carbink|Body Press|p1a: Illumise\n|-resisted|p1a: Illumise\n|-damage|p1a: Illumise|164/266\n|\n|upkeep\n|turn|26\n|inactive|Time left: 300 sec this turn | 300 sec total\n|\n|t:|1783573484\n|move|p1a: Illumise|Roost|p1a: Illumise\n|-heal|p1a: Illumise|266/266\n|-singleturn|p1a: Illumise|move: Roost\n|move|p2a: Carbink|Body Press|p1a: Illumise\n|-resisted|p1a: Illumise\n|-damage|p1a: Illumise|163/266\n|\n|upkeep\n|turn|27\n|inactive|Time left: 300 sec this turn | 300 sec total\n|\n|t:|1783573485\n|move|p1a: Illumise|Thunder Wave|p2a: Carbink\n|-status|p2a: Carbink|par\n|move|p2a: Carbink|Body Press|p1a: Illumise\n|-resisted|p1a: Illumise\n|-damage|p1a: Illumise|59/266\n|\n|upkeep\n|turn|28\n|inactive|Time left: 300 sec this turn | 300 sec total\n|\n|t:|1783573486\n|move|p1a: Illumise|Encore|p2a: Carbink\n|-start|p2a: Carbink|Encore\n|move|p2a: Carbink|Body Press|p1a: Illumise\n|-resisted|p1a: Illumise\n|-damage|p1a: Illumise|0 fnt\n|faint|p1a: Illumise\n|\n|upkeep\n|inactive|Time left: 300 sec this turn | 300 sec total | 5 sec grace\n|\n|t:|1783573487\n|switch|p1a: Salazzle|Salazzle, L83, F|249/249\n|-activate|p1a: Salazzle|move: Sticky Web\n|-unboost|p1a: Salazzle|spe|1\n|turn|29\n|inactive|Time left: 300 sec this turn | 300 sec total\n|\n|t:|1783573488\n|move|p1a: Salazzle|Flamethrower|p2a: Carbink\n|-resisted|p2a: Carbink\n|-damage|p2a: Carbink|38/100 par\n|move|p2a: Carbink|Body Press|p1a: Salazzle\n|-resisted|p1a: Salazzle\n|-damage|p1a: Salazzle|135/249\n|\n|-heal|p1a: Salazzle|150/249|[from] item: Leftovers\n|upkeep\n|turn|30\n|inactive|Time left: 300 sec this turn | 300 sec total\n|\n|t:|1783573489\n|move|p1a: Salazzle|Protect|p1a: Salazzle\n|-singleturn|p1a: Salazzle|Protect\n|move|p2a: Carbink|Body Press|p1a: Salazzle\n|-activate|p1a: Salazzle|move: Protect\n|\n|-heal|p1a: Salazzle|165/249|[from] item: Leftovers\n|-end|p2a: Carbink|Encore\n|upkeep\n|turn|31\n|inactive|Time left: 300 sec this turn | 300 sec total\n|\n|t:|1783573490\n|move|p1a: Salazzle|Flamethrower|p2a: Carbink\n|-resisted|p2a: Carbink\n|-damage|p2a: Carbink|25/100 par\n|move|p2a: Carbink|Rest|p2a: Carbink\n|-status|p2a: Carbink|slp|[from] move: Rest\n|-heal|p2a: Carbink|100/100 slp|[silent]\n|-enditem|p2a: Carbink|Chesto Berry|[eat]\n|-curestatus|p2a: Carbink|slp|[msg]\n|\n|-heal|p1a: Salazzle|180/249|[from] item: Leftovers\n|upkeep\n|turn|32\n|inactive|Time left: 300 sec this turn | 300 sec total\n|\n|t:|1783573491\n|move|p1a: Salazzle|Toxic|p2a: Carbink\n|-status|p2a: Carbink|tox\n|move|p2a: Carbink|Body Press|p1a: Salazzle\n|-resisted|p1a: Salazzle\n|-damage|p1a: Salazzle|50/249\n|\n|-heal|p1a: Salazzle|65/249|[from] item: Leftovers\n|-damage|p2a: Carbink|95/100 tox|[from] psn\n|upkeep\n|turn|33\n|inactive|Time left: 300 sec this turn | 300 sec total\n|\n|t:|1783573492\n|move|p1a: Salazzle|Protect|p1a: Salazzle\n|-singleturn|p1a: Salazzle|Protect\n|move|p2a: Carbink|Body Press|p1a: Salazzle\n|-activate|p1a: Salazzle|move: Protect\n|\n|-heal|p1a: Salazzle|80/249|[from] item: Leftovers\n|-damage|p2a: Carbink|83/100 tox|[from] psn\n|upkeep\n|turn|34\n|inactive|Time left: 300 sec this turn | 300 sec total\n|\n|t:|1783573493\n|move|p1a: Salazzle|Flamethrower|p2a: Carbink\n|-resisted|p2a: Carbink\n|-damage|p2a: Carbink|69/100 tox\n|move|p2a: Carbink|Body Press|p1a: Salazzle\n|-resisted|p1a: Salazzle\n|-damage|p1a: Salazzle|0 fnt\n|faint|p1a: Salazzle\n|\n|-damage|p2a: Carbink|51/100 tox|[from] psn\n|upkeep\n|inactive|Time left: 300 sec this turn | 300 sec total | 5 sec grace\n|\n|t:|1783573494\n|switch|p1a: Regidrago|Regidrago, L77|435/435\n|-activate|p1a: Regidrago|move: Sticky Web\n|-unboost|p1a: Regidrago|spe|1\n|turn|35\n|inactive|Time left: 300 sec this turn | 300 sec total\n|\n|t:|1783573495\n|move|p1a: Regidrago|Dragon Energy|p2a: Carbink\n|-immune|p2a: Carbink\n|move|p2a: Carbink|Moonblast|p1a: Regidrago\n|-supereffective|p1a: Regidrago\n|-damage|p1a: Regidrago|199/435\n|\n|-damage|p2a: Carbink|27/100 tox|[from] psn\n|upkeep\n|turn|36\n|inactive|Time left: 300 sec this turn | 300 sec total\n|\n|t:|1783573496\n|move|p1a: Regidrago|Dragon Energy|p2a: Carbink\n|-immune|p2a: Carbink\n|move|p2a: Carbink|Rest|p2a: Carbink\n|-status|p2a: Carbink|slp|[from] move: Rest\n|-heal|p2a: Carbink|100/100 slp|[silent]\n|\n|upkeep\n|turn|37\n|inactive|Time left: 300 sec this turn | 300 sec total\n|\n|t:|1783573496\n|move|p1a: Regidrago|Dragon Energy|p2a: Carbink\n|-immune|p2a: Carbink\n|cant|p2a: Carbink|slp\n|\n|upkeep\n|turn|38\n|inactive|Time left: 300 sec this turn | 300 sec total\n|\n|t:|1783573497\n|move|p1a: Regidrago|Dragon Energy|p2a: Carbink\n|-immune|p2a: Carbink\n|cant|p2a: Carbink|slp\n|\n|upkeep\n|turn|39\n|inactive|Time left: 300 sec this turn | 300 sec total\n|\n|t:|1783573498\n|move|p1a: Regidrago|Dragon Energy|p2a: Carbink\n|-immune|p2a: Carbink\n|-curestatus|p2a: Carbink|slp|[msg]\n|move|p2a: Carbink|Moonblast|p1a: Regidrago\n|-supereffective|p1a: Regidrago\n|-damage|p1a: Regidrago|0 fnt\n|faint|p1a: Regidrago\n|\n|upkeep\n|inactive|Time left: 300 sec this turn | 300 sec total | 5 sec grace\n|\n|t:|1783573499\n|switch|p1a: Squawkabilly|Squawkabilly, L85, M|205/278 brn\n|turn|40\n|inactive|Time left: 300 sec this turn | 300 sec total\n|\n|t:|1783573500\n|move|p1a: Squawkabilly|Protect|p1a: Squawkabilly\n|-singleturn|p1a: Squawkabilly|Protect\n|move|p2a: Carbink|Moonblast|p1a: Squawkabilly\n|-activate|p1a: Squawkabilly|move: Protect\n|\n|-damage|p1a: Squawkabilly|188/278 brn|[from] brn\n|upkeep\n|turn|41\n|inactive|Time left: 300 sec this turn | 300 sec total\n|\n|t:|1783573501\n|move|p1a: Squawkabilly|Protect||[still]\n|-fail|p1a: Squawkabilly\n|move|p2a: Carbink|Moonblast|p1a: Squawkabilly\n|-damage|p1a: Squawkabilly|85/278 brn\n|-unboost|p1a: Squawkabilly|spa|1\n|\n|-damage|p1a: Squawkabilly|68/278 brn|[from] brn\n|upkeep\n|turn|42\n|inactive|Time left: 300 sec this turn | 300 sec total\n|\n|t:|1783573502\n|-terastallize|p1a: Squawkabilly|Normal\n|move|p1a: Squawkabilly|Protect|p1a: Squawkabilly\n|-singleturn|p1a: Squawkabilly|Protect\n|move|p2a: Carbink|Moonblast|p1a: Squawkabilly\n|-activate|p1a: Squawkabilly|move: Protect\n|\n|-damage|p1a: Squawkabilly|51/278 brn|[from] brn\n|upkeep\n|turn|43\n|inactive|Time left: 300 sec this turn | 300 sec total\n|\n|t:|1783573503\n|move|p1a: Squawkabilly|Facade|p2a: Carbink\n|-resisted|p2a: Carbink\n|-damage|p2a: Carbink|82/100\n|move|p2a: Carbink|Moonblast|p1a: Squawkabilly\n|-damage|p1a: Squawkabilly|0 fnt\n|faint|p1a: Squawkabilly\n|\n|win|p0y29936af3", "uploadtime": 1783573503, "views": 0, "rating": 0, "private": 0, "password": null, "_winner": "p0y29936af3", "_our_name": "p0x299333c3"}