{"id": "battle-gen9randombattle-1645", "formatid": "gen9randombattle", "format": "[Gen 9] Random Battle", "players": ["p0x1645cec5", "p0y16457186"], "log": "|init|battle\n|title|p0x1645cec5 vs. p0y16457186\n|j|\u2606p0x1645cec5\n|j|\u2606p0y16457186\n|t:|1783558301\n|gametype|singles\n|player|p1|p0x1645cec5|265|\n|player|p2|p0y16457186|170|\n|gen|9\n|tier|[Gen 9] Random Battle\n|rule|Species Clause: Limit one of each Pok\u00e9mon\n|rule|HP Percentage Mod: HP is shown in percentages\n|rule|Sleep Clause Mod: Limit one foe put to sleep\n|rule|Illusion Level Mod: Illusion disguises the Pok\u00e9mon's true level\n|\n|t:|1783558301\n|teamsize|p1|6\n|teamsize|p2|6\n|start\n|switch|p1a: Duraludon|Duraludon, L82, F|100/100\n|switch|p2a: Rabsca|Rabsca, L91, M|284/284\n|turn|1\n|inactive|Battle timer is ON: inactive players will automatically lose when time's up. (requested by p0x1645cec5)\n|inactive|Time left: 300 sec this turn | 300 sec total | 60 sec grace\n|inactive|p0y16457186 also wants the timer to be on.\n|\n|t:|1783558303\n|move|p1a: Duraludon|Stealth Rock|p2a: Rabsca\n|-sidestart|p2: p0y16457186|move: Stealth Rock\n|move|p2a: Rabsca|Earth Power|p1a: Duraludon\n|-supereffective|p1a: Duraludon\n|-damage|p1a: Duraludon|31/100\n|-unboost|p1a: Duraludon|spd|1\n|\n|upkeep\n|turn|2\n|inactive|Time left: 300 sec this turn | 300 sec total\n|\n|t:|1783558304\n|move|p1a: Duraludon|Draco Meteor|p2a: Rabsca\n|-damage|p2a: Rabsca|166/284\n|-unboost|p1a: Duraludon|spa|2\n|move|p2a: Rabsca|Bug Buzz|p1a: Duraludon\n|-resisted|p1a: Duraludon\n|-damage|p1a: Duraludon|0 fnt\n|faint|p1a: Duraludon\n|\n|upkeep\n|\n|t:|1783558305\n|switch|p1a: Rhydon|Rhydon, L85, M|100/100\n|turn|3\n|inactive|Time left: 300 sec this turn | 300 sec total\n|\n|t:|1783558307\n|move|p2a: Rabsca|Earth Power|p1a: Rhydon\n|-supereffective|p1a: Rhydon\n|-damage|p1a: Rhydon|47/100\n|move|p1a: Rhydon|Megahorn|p2a: Rabsca\n|-supereffective|p2a: Rabsca\n|-damage|p2a: Rabsca|0 fnt\n|faint|p2a: Rabsca\n|\n|upkeep\n|inactive|Time left: 300 sec this turn | 300 sec total | 5 sec grace\n|\n|t:|1783558308\n|switch|p2a: Cramorant|Cramorant, L86, F|261/261\n|turn|4\n|inactive|Time left: 300 sec this turn | 300 sec total\n|\n|t:|1783558309\n|-terastallize|p1a: Rhydon|Grass\n|move|p2a: Cramorant|Surf|p1a: Rhydon\n|-formechange|p2a: Cramorant|Cramorant-Gulping|\n|-resisted|p1a: Rhydon\n|-damage|p1a: Rhydon|32/100\n|move|p1a: Rhydon|Stone Edge|p2a: Cramorant\n|-supereffective|p2a: Cramorant\n|-damage|p2a: Cramorant|0 fnt\n|-damage|p1a: Rhydon|7/100|[from] ability: Gulp Missile|[of] p2a: Cramorant\n|-unboost|p1a: Rhydon|def|1\n|-formechange|p2a: Cramorant|Cramorant|\n|faint|p2a: Cramorant\n|\n|upkeep\n|inactive|Time left: 300 sec this turn | 300 sec total | 5 sec grace\n|\n|t:|1783558309\n|switch|p2a: Toxtricity|Toxtricity, L82, F|257/257\n|-damage|p2a: Toxtricity|225/257|[from] Stealth Rock\n|turn|5\n|inactive|Time left: 300 sec this turn | 300 sec total\n|\n|t:|1783558310\n|move|p2a: Toxtricity|Boomburst|p1a: Rhydon\n|-damage|p1a: Rhydon|0 fnt\n|faint|p1a: Rhydon\n|-enditem|p2a: Toxtricity|Throat Spray\n|-boost|p2a: Toxtricity|spa|1|[from] item: Throat Spray\n|\n|upkeep\n|\n|t:|1783558311\n|switch|p1a: Donphan|Donphan, L84, M|100/100\n|turn|6\n|inactive|Time left: 300 sec this turn | 300 sec total\n|\n|t:|1783558312\n|-terastallize|p2a: Toxtricity|Normal\n|move|p2a: Toxtricity|Boomburst|p1a: Donphan\n|-ability|p1a: Donphan|Sturdy\n|-damage|p1a: Donphan|1/100\n|move|p1a: Donphan|Earthquake|p2a: Toxtricity\n|-damage|p2a: Toxtricity|74/257\n|\n|upkeep\n|turn|7\n|inactive|Time left: 300 sec this turn | 300 sec total\n|\n|t:|1783558313\n|move|p2a: Toxtricity|Boomburst|p1a: Donphan\n|-damage|p1a: Donphan|0 fnt\n|faint|p1a: Donphan\n|\n|upkeep\n|\n|t:|1783558314\n|switch|p1a: Rillaboom|Rillaboom, L79, F|100/100\n|-fieldstart|move: Grassy Terrain|[from] ability: Grassy Surge|[of] p1a: Rillaboom\n|turn|8\n|inactive|Time left: 300 sec this turn | 300 sec total\n|\n|t:|1783558315\n|switch|p2a: Masquerain|Masquerain, L87, M|264/264\n|-ability|p2a: Masquerain|Intimidate|boost\n|-unboost|p1a: Rillaboom|atk|1\n|move|p1a: Rillaboom|Wood Hammer|p2a: Masquerain\n|-resisted|p2a: Masquerain\n|-damage|p2a: Masquerain|210/264\n|-damage|p1a: Rillaboom|94/100|[from] Recoil\n|\n|-heal|p1a: Rillaboom|100/100|[from] Grassy Terrain\n|upkeep\n|turn|9\n|inactive|Time left: 300 sec this turn | 300 sec total\n|\n|t:|1783558316\n|switch|p1a: Toxtricity|Toxtricity, L82, M|100/100\n|move|p2a: Masquerain|Quiver Dance|p2a: Masquerain\n|-boost|p2a: Masquerain|spa|1\n|-boost|p2a: Masquerain|spd|1\n|-boost|p2a: Masquerain|spe|1\n|\n|upkeep\n|turn|10\n|inactive|Time left: 300 sec this turn | 300 sec total\n|\n|t:|1783558317\n|move|p2a: Masquerain|Hydro Pump|p1a: Toxtricity|[miss]\n|-miss|p2a: Masquerain|p1a: Toxtricity\n|move|p1a: Toxtricity|Overdrive|p2a: Masquerain\n|-supereffective|p2a: Masquerain\n|-damage|p2a: Masquerain|42/264\n|\n|upkeep\n|turn|11\n|inactive|Time left: 300 sec this turn | 300 sec total\n|\n|t:|1783558318\n|switch|p2a: Iron Leaves|Iron Leaves, L80|275/275\n|-damage|p2a: Iron Leaves|241/275|[from] Stealth Rock\n|move|p1a: Toxtricity|Overdrive|p2a: Iron Leaves\n|-resisted|p2a: Iron Leaves\n|-damage|p2a: Iron Leaves|189/275\n|\n|-heal|p2a: Iron Leaves|206/275|[from] Grassy Terrain\n|upkeep\n|turn|12\n|inactive|Time left: 300 sec this turn | 300 sec total\n|\n|t:|1783558319\n|move|p1a: Toxtricity|Overdrive|p2a: Iron Leaves\n|-resisted|p2a: Iron Leaves\n|-damage|p2a: Iron Leaves|149/275\n|move|p2a: Iron Leaves|Psyblade|p1a: Toxtricity\n|-supereffective|p1a: Toxtricity\n|-damage|p1a: Toxtricity|0 fnt\n|faint|p1a: Toxtricity\n|\n|-heal|p2a: Iron Leaves|166/275|[from] Grassy Terrain\n|-fieldend|move: Grassy Terrain\n|upkeep\n|\n|t:|1783558320\n|switch|p1a: Chimecho|Chimecho, L93, M|100/100\n|turn|13\n|inactive|Time left: 300 sec this turn | 300 sec total\n|\n|t:|1783558321\n|-end|p2a: Iron Leaves|Quark Drive|[silent]\n|switch|p2a: Banette|Banette, L93, F|270/270\n|-damage|p2a: Banette|237/270|[from] Stealth Rock\n|move|p1a: Chimecho|Calm Mind|p1a: Chimecho\n|-boost|p1a: Chimecho|spa|1\n|-boost|p1a: Chimecho|spd|1\n|\n|upkeep\n|turn|14\n|inactive|Time left: 300 sec this turn | 300 sec total\n|\n|t:|1783558322\n|move|p1a: Chimecho|Psychic Noise|p2a: Banette\n|-damage|p2a: Banette|60/270\n|-start|p2a: Banette|move: Heal Block\n|move|p2a: Banette|Poltergeist|p1a: Chimecho\n|-activate|p1a: Chimecho|move: Poltergeist|Leftovers\n|-supereffective|p1a: Chimecho\n|-damage|p1a: Chimecho|0 fnt\n|faint|p1a: Chimecho\n|-damage|p2a: Banette|33/270|[from] item: Life Orb\n|\n|upkeep\n|\n|t:|1783558323\n|switch|p1a: Rillaboom|Rillaboom, L79, F|100/100\n|-fieldstart|move: Grassy Terrain|[from] ability: Grassy Surge|[of] p1a: Rillaboom\n|turn|15\n|inactive|Time left: 300 sec this turn | 300 sec total\n|\n|t:|1783558324\n|move|p1a: Rillaboom|Grassy Glide|p2a: Banette\n|-damage|p2a: Banette|0 fnt\n|-start|p1a: Rillaboom|Disable|Grassy Glide|[from] ability: Cursed Body|[of] p2a: Banette\n|faint|p2a: Banette\n|\n|upkeep\n|inactive|Time left: 300 sec this turn | 300 sec total | 5 sec grace\n|\n|t:|1783558325\n|switch|p2a: Iron Leaves|Iron Leaves, L80|166/275\n|-damage|p2a: Iron Leaves|132/275|[from] Stealth Rock\n|turn|16\n|inactive|Time left: 300 sec this turn | 300 sec total\n|\n|t:|1783558326\n|move|p2a: Iron Leaves|Megahorn|p1a: Rillaboom\n|-supereffective|p1a: Rillaboom\n|-damage|p1a: Rillaboom|1/100\n|-activate|p1a: Rillaboom|move: Struggle\n|move|p1a: Rillaboom|Struggle|p2a: Iron Leaves\n|-damage|p2a: Iron Leaves|70/275\n|-damage|p1a: Rillaboom|0 fnt|[from] recoil\n|faint|p1a: Rillaboom\n|\n|win|p0y16457186", "uploadtime": 1783558326, "views": 0, "rating": 0, "private": 0, "password": null, "_winner": "p0y16457186", "_our_name": "p0y16457186"}