{"id": "battle-gen9randombattle-1979", "formatid": "gen9randombattle", "format": "[Gen 9] Random Battle", "players": ["p0x1979b02e", "p0y1979c466"], "log": "|init|battle\n|title|p0x1979b02e vs. p0y1979c466\n|j|\u2606p0x1979b02e\n|j|\u2606p0y1979c466\n|t:|1783562912\n|gametype|singles\n|player|p1|p0x1979b02e|169|\n|player|p2|p0y1979c466|265|\n|gen|9\n|tier|[Gen 9] Random Battle\n|rule|Species Clause: Limit one of each Pok\u00e9mon\n|rule|HP Percentage Mod: HP is shown in percentages\n|rule|Sleep Clause Mod: Limit one foe put to sleep\n|rule|Illusion Level Mod: Illusion disguises the Pok\u00e9mon's true level\n|\n|t:|1783562912\n|teamsize|p1|6\n|teamsize|p2|6\n|start\n|switch|p1a: Arceus|Arceus-Ground, L70|284/284\n|switch|p2a: Frosmoth|Frosmoth, L82, F|100/100\n|turn|1\n|inactive|Battle timer is ON: inactive players will automatically lose when time's up. (requested by p0x1979b02e)\n|inactive|p0y1979c466 also wants the timer to be on.\n|\n|t:|1783562913\n|move|p1a: Arceus|Stone Edge|p2a: Frosmoth\n|-supereffective|p2a: Frosmoth\n|-damage|p2a: Frosmoth|0 fnt\n|faint|p2a: Frosmoth\n|\n|upkeep\n|\n|t:|1783562915\n|switch|p2a: Feraligatr|Feraligatr, L79, M|100/100\n|turn|2\n|inactive|Time left: 300 sec this turn | 300 sec total\n|\n|t:|1783562916\n|switch|p1a: Toxicroak|Toxicroak, L84, F|277/277\n|move|p2a: Feraligatr|Liquidation|p1a: Toxicroak\n|-immune|p1a: Toxicroak|[from] ability: Dry Skin\n|\n|upkeep\n|turn|3\n|inactive|Time left: 300 sec this turn | 300 sec total\n|\n|t:|1783562917\n|switch|p2a: Misdreavus|Misdreavus, L90, F|100/100\n|move|p1a: Toxicroak|Swords Dance|p1a: Toxicroak\n|-boost|p1a: Toxicroak|atk|2\n|\n|upkeep\n|turn|4\n|inactive|Time left: 300 sec this turn | 300 sec total\n|\n|t:|1783562918\n|move|p2a: Misdreavus|Will-O-Wisp|p1a: Toxicroak\n|-status|p1a: Toxicroak|brn\n|move|p1a: Toxicroak|Gunk Shot|p2a: Misdreavus|[miss]\n|-miss|p1a: Toxicroak|p2a: Misdreavus\n|\n|-damage|p1a: Toxicroak|260/277 brn|[from] brn\n|upkeep\n|turn|5\n|inactive|Time left: 300 sec this turn | 300 sec total\n|\n|t:|1783562919\n|move|p2a: Misdreavus|Calm Mind|p2a: Misdreavus\n|-boost|p2a: Misdreavus|spa|1\n|-boost|p2a: Misdreavus|spd|1\n|move|p1a: Toxicroak|Swords Dance|p1a: Toxicroak\n|-boost|p1a: Toxicroak|atk|2\n|\n|-damage|p1a: Toxicroak|243/277 brn|[from] brn\n|upkeep\n|turn|6\n|inactive|Time left: 300 sec this turn | 300 sec total\n|\n|t:|1783562920\n|move|p2a: Misdreavus|Shadow Ball|p1a: Toxicroak\n|-damage|p1a: Toxicroak|72/277 brn\n|-unboost|p1a: Toxicroak|spd|1\n|move|p1a: Toxicroak|Gunk Shot|p2a: Misdreavus\n|-resisted|p2a: Misdreavus\n|-damage|p2a: Misdreavus|61/100\n|-status|p2a: Misdreavus|psn\n|-damage|p1a: Toxicroak|45/277 brn|[from] item: Life Orb\n|\n|-damage|p2a: Misdreavus|49/100 psn|[from] psn\n|-damage|p1a: Toxicroak|28/277 brn|[from] brn\n|upkeep\n|turn|7\n|inactive|Time left: 300 sec this turn | 300 sec total\n|\n|t:|1783562921\n|move|p2a: Misdreavus|Draining Kiss|p1a: Toxicroak\n|-damage|p1a: Toxicroak|0 fnt\n|-heal|p2a: Misdreavus|57/100 psn|[from] drain|[of] p1a: Toxicroak\n|faint|p1a: Toxicroak\n|\n|-damage|p2a: Misdreavus|45/100 psn|[from] psn\n|upkeep\n|inactive|Time left: 300 sec this turn | 300 sec total | 5 sec grace\n|\n|t:|1783562922\n|switch|p1a: Volcarona|Volcarona, L77, M|257/257\n|turn|8\n|inactive|Time left: 300 sec this turn | 300 sec total\n|\n|t:|1783562923\n|move|p2a: Misdreavus|Shadow Ball|p1a: Volcarona\n|-damage|p1a: Volcarona|124/257\n|-unboost|p1a: Volcarona|spd|1\n|move|p1a: Volcarona|Quiver Dance|p1a: Volcarona\n|-boost|p1a: Volcarona|spa|1\n|-boost|p1a: Volcarona|spd|1\n|-boost|p1a: Volcarona|spe|1\n|\n|-damage|p2a: Misdreavus|33/100 psn|[from] psn\n|upkeep\n|turn|9\n|inactive|Time left: 300 sec this turn | 300 sec total\n|\n|t:|1783562924\n|move|p1a: Volcarona|Quiver Dance|p1a: Volcarona\n|-boost|p1a: Volcarona|spa|1\n|-boost|p1a: Volcarona|spd|1\n|-boost|p1a: Volcarona|spe|1\n|move|p2a: Misdreavus|Shadow Ball|p1a: Volcarona\n|-damage|p1a: Volcarona|43/257\n|-unboost|p1a: Volcarona|spd|1\n|\n|-damage|p2a: Misdreavus|21/100 psn|[from] psn\n|upkeep\n|turn|10\n|inactive|Time left: 300 sec this turn | 300 sec total\n|\n|t:|1783562925\n|move|p1a: Volcarona|Fiery Dance|p2a: Misdreavus\n|-damage|p2a: Misdreavus|0 fnt\n|-boost|p1a: Volcarona|spa|1\n|faint|p2a: Misdreavus\n|\n|upkeep\n|\n|t:|1783562925\n|switch|p2a: Overqwil|Overqwil, L82, F|100/100\n|-ability|p2a: Overqwil|Intimidate|boost\n|-unboost|p1a: Volcarona|atk|1\n|turn|11\n|inactive|Time left: 300 sec this turn | 300 sec total\n|\n|t:|1783562926\n|move|p2a: Overqwil|Aqua Jet|p1a: Volcarona\n|-supereffective|p1a: Volcarona\n|-crit|p1a: Volcarona\n|-damage|p1a: Volcarona|0 fnt\n|faint|p1a: Volcarona\n|\n|upkeep\n|inactive|Time left: 300 sec this turn | 300 sec total | 5 sec grace\n|\n|t:|1783562927\n|switch|p1a: Smeargle|Smeargle, L95, M|258/258\n|turn|12\n|inactive|Time left: 300 sec this turn | 300 sec total\n|\n|t:|1783562928\n|move|p2a: Overqwil|Aqua Jet|p1a: Smeargle\n|-damage|p1a: Smeargle|189/258\n|move|p1a: Smeargle|Sticky Web|p2a: Overqwil\n|-sidestart|p2: p0y1979c466|move: Sticky Web\n|\n|upkeep\n|turn|13\n|inactive|Time left: 300 sec this turn | 300 sec total\n|\n|t:|1783562928\n|move|p2a: Overqwil|Aqua Jet|p1a: Smeargle\n|-damage|p1a: Smeargle|115/258\n|move|p1a: Smeargle|Spore|p2a: Overqwil\n|-status|p2a: Overqwil|slp|[from] move: Spore\n|\n|upkeep\n|turn|14\n|inactive|Time left: 300 sec this turn | 300 sec total\n|\n|t:|1783562929\n|switch|p1a: Cobalion|Cobalion, L80|277/277\n|switch|p2a: Feraligatr|Feraligatr, L79, M|100/100\n|-activate|p2a: Feraligatr|move: Sticky Web\n|-unboost|p2a: Feraligatr|spe|1\n|\n|upkeep\n|turn|15\n|inactive|Time left: 300 sec this turn | 300 sec total\n|\n|t:|1783562930\n|move|p1a: Cobalion|Calm Mind|p1a: Cobalion\n|-boost|p1a: Cobalion|spa|1\n|-boost|p1a: Cobalion|spd|1\n|move|p2a: Feraligatr|Dragon Dance|p2a: Feraligatr\n|-boost|p2a: Feraligatr|atk|1\n|-boost|p2a: Feraligatr|spe|1\n|\n|upkeep\n|turn|16\n|inactive|Time left: 300 sec this turn | 300 sec total\n|\n|t:|1783562931\n|move|p1a: Cobalion|Aura Sphere|p2a: Feraligatr\n|-damage|p2a: Feraligatr|57/100\n|move|p2a: Feraligatr|Liquidation|p1a: Cobalion\n|-damage|p1a: Cobalion|121/277\n|\n|-heal|p1a: Cobalion|138/277|[from] item: Leftovers\n|upkeep\n|turn|17\n|inactive|Time left: 300 sec this turn | 300 sec total\n|\n|t:|1783562932\n|move|p1a: Cobalion|Aura Sphere|p2a: Feraligatr\n|-damage|p2a: Feraligatr|15/100\n|move|p2a: Feraligatr|Liquidation|p1a: Cobalion\n|-damage|p1a: Cobalion|0 fnt\n|faint|p1a: Cobalion\n|\n|upkeep\n|inactive|Time left: 300 sec this turn | 300 sec total | 5 sec grace\n|\n|t:|1783562933\n|switch|p1a: Arceus|Arceus-Ground, L70|284/284\n|turn|18\n|inactive|Time left: 300 sec this turn | 300 sec total\n|\n|t:|1783562934\n|move|p1a: Arceus|Earthquake|p2a: Feraligatr\n|-damage|p2a: Feraligatr|0 fnt\n|faint|p2a: Feraligatr\n|\n|upkeep\n|\n|t:|1783562935\n|switch|p2a: Toxtricity|Toxtricity, L82, M|100/100\n|-activate|p2a: Toxtricity|move: Sticky Web\n|-unboost|p2a: Toxtricity|spe|1\n|turn|19\n|inactive|Time left: 300 sec this turn | 300 sec total\n|\n|t:|1783562936\n|-terastallize|p2a: Toxtricity|Normal\n|move|p1a: Arceus|Earthquake|p2a: Toxtricity\n|-damage|p2a: Toxtricity|49/100\n|move|p2a: Toxtricity|Boomburst|p1a: Arceus\n|-damage|p1a: Arceus|19/284\n|\n|upkeep\n|turn|20\n|inactive|Time left: 300 sec this turn | 300 sec total\n|\n|t:|1783562937\n|move|p1a: Arceus|Earthquake|p2a: Toxtricity\n|-crit|p2a: Toxtricity\n|-damage|p2a: Toxtricity|0 fnt\n|faint|p2a: Toxtricity\n|\n|upkeep\n|\n|t:|1783562938\n|switch|p2a: Overqwil|Overqwil, L82, F|100/100 slp\n|-activate|p2a: Overqwil|move: Sticky Web\n|-unboost|p2a: Overqwil|spe|1\n|-ability|p2a: Overqwil|Intimidate|boost\n|-unboost|p1a: Arceus|atk|1\n|turn|21\n|inactive|Time left: 300 sec this turn | 300 sec total\n|\n|t:|1783562939\n|move|p1a: Arceus|Earthquake|p2a: Overqwil\n|-supereffective|p2a: Overqwil\n|-damage|p2a: Overqwil|50/100 slp\n|cant|p2a: Overqwil|slp\n|\n|upkeep\n|turn|22\n|inactive|Time left: 300 sec this turn | 300 sec total\n|\n|t:|1783562940\n|-curestatus|p2a: Overqwil|slp|[msg]\n|move|p2a: Overqwil|Aqua Jet|p1a: Arceus\n|-supereffective|p1a: Arceus\n|-damage|p1a: Arceus|0 fnt\n|faint|p1a: Arceus\n|\n|upkeep\n|inactive|Time left: 300 sec this turn | 300 sec total | 5 sec grace\n|\n|t:|1783562941\n|switch|p1a: Cetitan|Cetitan, L82, F|413/413\n|turn|23\n|inactive|Time left: 300 sec this turn | 300 sec total\n|\n|t:|1783562942\n|move|p2a: Overqwil|Aqua Jet|p1a: Cetitan\n|-damage|p1a: Cetitan|358/413\n|move|p1a: Cetitan|Icicle Crash|p2a: Overqwil\n|-damage|p2a: Overqwil|0 fnt\n|faint|p2a: Overqwil\n|\n|upkeep\n|\n|t:|1783562943\n|switch|p2a: Flutter Mane|Flutter Mane, L74|100/100\n|-activate|p2a: Flutter Mane|move: Sticky Web\n|-unboost|p2a: Flutter Mane|spe|1\n|turn|24\n|inactive|Time left: 300 sec this turn | 300 sec total\n|\n|t:|1783562944\n|-terastallize|p1a: Cetitan|Water\n|move|p1a: Cetitan|Liquidation|p2a: Flutter Mane\n|-damage|p2a: Flutter Mane|0 fnt\n|faint|p2a: Flutter Mane\n|-end|p2a: Flutter Mane|Protosynthesis|[silent]\n|\n|win|p0x1979b02e", "uploadtime": 1783562944, "views": 0, "rating": 0, "private": 0, "password": null, "_winner": "p0x1979b02e", "_our_name": "p0x1979b02e"}