{"id": "battle-gen9randombattle-142", "formatid": "gen9randombattle", "format": "[Gen 9] Random Battle", "players": ["p0x1428c47", "p0y14243fd"], "log": "|init|battle\n|title|p0x1428c47 vs. p0y14243fd\n|j|\u2606p0x1428c47\n|j|\u2606p0y14243fd\n|t:|1783535391\n|gametype|singles\n|player|p1|p0x1428c47|101|\n|player|p2|p0y14243fd|101|\n|gen|9\n|tier|[Gen 9] Random Battle\n|rule|Species Clause: Limit one of each Pok\u00e9mon\n|rule|HP Percentage Mod: HP is shown in percentages\n|rule|Sleep Clause Mod: Limit one foe put to sleep\n|rule|Illusion Level Mod: Illusion disguises the Pok\u00e9mon's true level\n|\n|t:|1783535391\n|teamsize|p1|6\n|teamsize|p2|6\n|start\n|switch|p1a: Furret|Furret, L94, M|312/312\n|switch|p2a: Rayquaza|Rayquaza, L72|100/100\n|-item|p2a: Rayquaza|Heavy-Duty Boots|[from] ability: Frisk|[of] p1a: Furret\n|-ability|p2a: Rayquaza|Air Lock\n|turn|1\n|inactive|Battle timer is ON: inactive players will automatically lose when time's up. (requested by p0x1428c47)\n|inactive|p0y14243fd also wants the timer to be on.\n|\n|t:|1783535393\n|move|p1a: Furret|Double-Edge|p2a: Rayquaza\n|-damage|p2a: Rayquaza|11/100\n|-damage|p1a: Furret|232/312|[from] Recoil\n|move|p2a: Rayquaza|Outrage|p1a: Furret\n|-damage|p1a: Furret|73/312\n|\n|upkeep\n|turn|2\n|inactive|Time left: 300 sec this turn | 300 sec total\n|\n|t:|1783535394\n|move|p1a: Furret|Double-Edge|p2a: Rayquaza\n|-damage|p2a: Rayquaza|0 fnt\n|faint|p2a: Rayquaza\n|-damage|p1a: Furret|63/312|[from] Recoil\n|\n|upkeep\n|\n|t:|1783535395\n|switch|p2a: Klawf|Klawf, L90, M|100/100\n|turn|3\n|inactive|Time left: 300 sec this turn | 300 sec total\n|\n|t:|1783535396\n|switch|p1a: Crabominable|Crabominable, L90, M|321/321\n|move|p2a: Klawf|Stone Edge|p1a: Crabominable\n|-crit|p1a: Crabominable\n|-damage|p1a: Crabominable|86/321\n|-damage|p2a: Klawf|91/100|[from] item: Life Orb\n|\n|upkeep\n|turn|4\n|inactive|Time left: 300 sec this turn | 300 sec total\n|\n|t:|1783535397\n|switch|p1a: Whiscash|Whiscash, L88, M|337/337\n|move|p2a: Klawf|High Horsepower|p1a: Whiscash\n|-damage|p1a: Whiscash|215/337\n|-damage|p2a: Klawf|81/100|[from] item: Life Orb\n|\n|-heal|p1a: Whiscash|236/337|[from] item: Leftovers\n|upkeep\n|turn|5\n|inactive|Time left: 300 sec this turn | 300 sec total\n|\n|t:|1783535399\n|move|p2a: Klawf|Stealth Rock|p1a: Whiscash\n|-sidestart|p1: p0x1428c47|move: Stealth Rock\n|move|p1a: Whiscash|Hydro Pump|p2a: Klawf\n|-supereffective|p2a: Klawf\n|-crit|p2a: Klawf\n|-damage|p2a: Klawf|0 fnt\n|faint|p2a: Klawf\n|\n|-heal|p1a: Whiscash|257/337|[from] item: Leftovers\n|upkeep\n|\n|t:|1783535399\n|switch|p2a: Medicham|Medicham, L86, F|100/100\n|turn|6\n|inactive|Time left: 300 sec this turn | 300 sec total\n|\n|t:|1783535400\n|move|p2a: Medicham|Close Combat|p1a: Whiscash\n|-damage|p1a: Whiscash|0 fnt\n|-unboost|p2a: Medicham|def|1\n|-unboost|p2a: Medicham|spd|1\n|faint|p1a: Whiscash\n|\n|upkeep\n|inactive|Time left: 300 sec this turn | 300 sec total | 5 sec grace\n|\n|t:|1783535401\n|switch|p1a: Revavroom|Revavroom, L79, F|256/256\n|-damage|p1a: Revavroom|240/256|[from] Stealth Rock\n|turn|7\n|inactive|Time left: 300 sec this turn | 300 sec total\n|\n|t:|1783535402\n|move|p1a: Revavroom|Gunk Shot|p2a: Medicham\n|-damage|p2a: Medicham|0 fnt\n|faint|p2a: Medicham\n|-damage|p1a: Revavroom|215/256|[from] item: Life Orb\n|\n|upkeep\n|\n|t:|1783535403\n|switch|p2a: Hawlucha|Hawlucha, L80, F|100/100\n|turn|8\n|inactive|Time left: 300 sec this turn | 300 sec total\n|\n|t:|1783535404\n|move|p2a: Hawlucha|Close Combat|p1a: Revavroom\n|-damage|p1a: Revavroom|103/256\n|-unboost|p2a: Hawlucha|def|1\n|-unboost|p2a: Hawlucha|spd|1\n|-enditem|p2a: Hawlucha|White Herb\n|-clearnegativeboost|p2a: Hawlucha|[silent]\n|move|p1a: Revavroom|Shift Gear|p1a: Revavroom\n|-boost|p1a: Revavroom|spe|2\n|-boost|p1a: Revavroom|atk|1\n|\n|upkeep\n|turn|9\n|inactive|Time left: 300 sec this turn | 300 sec total\n|\n|t:|1783535405\n|move|p2a: Hawlucha|Close Combat|p1a: Revavroom\n|-damage|p1a: Revavroom|0 fnt\n|-unboost|p2a: Hawlucha|def|1\n|-unboost|p2a: Hawlucha|spd|1\n|faint|p1a: Revavroom\n|\n|upkeep\n|inactive|Time left: 300 sec this turn | 300 sec total | 5 sec grace\n|\n|t:|1783535406\n|switch|p1a: Crabominable|Crabominable, L90, M|86/321\n|-damage|p1a: Crabominable|46/321|[from] Stealth Rock\n|turn|10\n|inactive|Time left: 300 sec this turn | 300 sec total\n|\n|t:|1783535407\n|move|p2a: Hawlucha|Acrobatics|p1a: Crabominable\n|-supereffective|p1a: Crabominable\n|-damage|p1a: Crabominable|0 fnt\n|faint|p1a: Crabominable\n|\n|upkeep\n|inactive|Time left: 300 sec this turn | 300 sec total | 5 sec grace\n|\n|t:|1783535408\n|switch|p1a: Furret|Furret, L94, M|63/312\n|-damage|p1a: Furret|24/312|[from] Stealth Rock\n|turn|11\n|inactive|Time left: 300 sec this turn | 300 sec total\n|\n|t:|1783535409\n|move|p2a: Hawlucha|Acrobatics|p1a: Furret\n|-damage|p1a: Furret|0 fnt\n|faint|p1a: Furret\n|\n|upkeep\n|inactive|Time left: 300 sec this turn | 300 sec total | 5 sec grace\n|\n|t:|1783535410\n|switch|p1a: Sunflora|Sunflora, M|312/312\n|-damage|p1a: Sunflora|273/312|[from] Stealth Rock\n|turn|12\n|inactive|Time left: 300 sec this turn | 300 sec total\n|\n|t:|1783535411\n|-terastallize|p2a: Hawlucha|Flying\n|move|p2a: Hawlucha|Acrobatics|p1a: Sunflora\n|-supereffective|p1a: Sunflora\n|-damage|p1a: Sunflora|0 fnt\n|faint|p1a: Sunflora\n|\n|upkeep\n|inactive|Time left: 300 sec this turn | 300 sec total | 5 sec grace\n|\n|t:|1783535412\n|switch|p1a: Chansey|Chansey, L85, F|564/564\n|-damage|p1a: Chansey|494/564|[from] Stealth Rock\n|turn|13\n|inactive|Time left: 300 sec this turn | 300 sec total\n|\n|t:|1783535413\n|-terastallize|p1a: Chansey|Fairy\n|move|p2a: Hawlucha|Swords Dance|p2a: Hawlucha\n|-boost|p2a: Hawlucha|atk|2\n|move|p1a: Chansey|Soft-Boiled|p1a: Chansey\n|-heal|p1a: Chansey|564/564\n|\n|upkeep\n|turn|14\n|inactive|Time left: 300 sec this turn | 300 sec total\n|\n|t:|1783535414\n|move|p2a: Hawlucha|Acrobatics|p1a: Chansey\n|-damage|p1a: Chansey|0 fnt\n|faint|p1a: Chansey\n|\n|win|p0y14243fd", "uploadtime": 1783535414, "views": 0, "rating": 0, "private": 0, "password": null, "_winner": "p0y14243fd", "_our_name": "p0x1428c47"}