{"id": "battle-gen9randombattle-2526", "formatid": "gen9randombattle", "format": "[Gen 9] Random Battle", "players": ["p0x2526cde0", "p0y25264826"], "log": "|init|battle\n|title|p0x2526cde0 vs. p0y25264826\n|j|\u2606p0x2526cde0\n|j|\u2606p0y25264826\n|t:|1783569246\n|gametype|singles\n|player|p1|p0x2526cde0|101|\n|player|p2|p0y25264826|2|\n|gen|9\n|tier|[Gen 9] Random Battle\n|rule|Species Clause: Limit one of each Pok\u00e9mon\n|rule|HP Percentage Mod: HP is shown in percentages\n|rule|Sleep Clause Mod: Limit one foe put to sleep\n|rule|Illusion Level Mod: Illusion disguises the Pok\u00e9mon's true level\n|\n|t:|1783569246\n|teamsize|p1|6\n|teamsize|p2|6\n|start\n|switch|p1a: Drifblim|Drifblim, L86, F|398/398\n|switch|p2a: Luvdisc|Luvdisc, F|100/100\n|turn|1\n|inactive|Battle timer is ON: inactive players will automatically lose when time's up. (requested by p0x2526cde0)\n|inactive|p0y25264826 also wants the timer to be on.\n|\n|t:|1783569248\n|move|p2a: Luvdisc|Surf|p1a: Drifblim\n|-damage|p1a: Drifblim|299/398\n|move|p1a: Drifblim|Shadow Ball|p2a: Luvdisc\n|-damage|p2a: Luvdisc|64/100\n|\n|upkeep\n|turn|2\n|inactive|Time left: 300 sec this turn | 300 sec total\n|\n|t:|1783569249\n|move|p2a: Luvdisc|Surf|p1a: Drifblim\n|-damage|p1a: Drifblim|190/398\n|move|p1a: Drifblim|Strength Sap|p2a: Luvdisc\n|-unboost|p2a: Luvdisc|atk|1\n|-heal|p1a: Drifblim|255/398\n|\n|upkeep\n|turn|3\n|inactive|Time left: 300 sec this turn | 300 sec total\n|\n|t:|1783569250\n|switch|p2a: Regice|Regice, L88|100/100\n|move|p1a: Drifblim|Strength Sap|p2a: Regice\n|-fail|p2a: Regice|unboost|[from] ability: Clear Body|[of] p2a: Regice\n|-heal|p1a: Drifblim|348/398\n|\n|upkeep\n|turn|4\n|inactive|Time left: 300 sec this turn | 300 sec total\n|\n|t:|1783569251\n|switch|p1a: Weavile|Weavile, L79, F|240/240\n|move|p2a: Regice|Ice Beam|p1a: Weavile\n|-resisted|p1a: Weavile\n|-damage|p1a: Weavile|185/240\n|\n|upkeep\n|turn|5\n|inactive|Time left: 300 sec this turn | 300 sec total\n|\n|t:|1783569252\n|move|p1a: Weavile|Swords Dance|p1a: Weavile\n|-boost|p1a: Weavile|atk|2\n|move|p2a: Regice|Thunderbolt|p1a: Weavile\n|-damage|p1a: Weavile|100/240\n|\n|upkeep\n|turn|6\n|inactive|Time left: 300 sec this turn | 300 sec total\n|\n|t:|1783569253\n|switch|p2a: Eiscue|Eiscue, L88, M|100/100\n|move|p1a: Weavile|Knock Off|p2a: Eiscue\n|-activate|p2a: Eiscue|ability: Ice Face\n|-damage|p2a: Eiscue|100/100\n|-enditem|p2a: Eiscue|Sitrus Berry|[from] move: Knock Off|[of] p1a: Weavile\n|detailschange|p2a: Eiscue|Eiscue-Noice, L88, M\n|\n|upkeep\n|turn|7\n|inactive|Time left: 300 sec this turn | 300 sec total\n|\n|t:|1783569254\n|-terastallize|p2a: Eiscue|Electric\n|move|p2a: Eiscue|Tera Blast|p1a: Weavile|[anim] Tera Blast Electric\n|-damage|p1a: Weavile|0 fnt\n|faint|p1a: Weavile\n|\n|upkeep\n|inactive|Time left: 300 sec this turn | 300 sec total | 5 sec grace\n|\n|t:|1783569255\n|switch|p1a: Leavanny|Leavanny, L86, F|269/269\n|turn|8\n|inactive|Time left: 300 sec this turn | 300 sec total\n|\n|t:|1783569257\n|move|p2a: Eiscue|Ice Spinner|p1a: Leavanny\n|-supereffective|p1a: Leavanny\n|-damage|p1a: Leavanny|99/269\n|move|p1a: Leavanny|Sticky Web|p2a: Eiscue\n|-sidestart|p2: p0y25264826|move: Sticky Web\n|\n|upkeep\n|turn|9\n|inactive|Time left: 300 sec this turn | 300 sec total\n|\n|t:|1783569257\n|switch|p1a: Archaludon|Archaludon, L78, M|268/268\n|move|p2a: Eiscue|Belly Drum|p2a: Eiscue\n|-damage|p2a: Eiscue|50/100\n|-setboost|p2a: Eiscue|atk|6|[from] move: Belly Drum\n|\n|upkeep\n|turn|10\n|inactive|Time left: 300 sec this turn | 300 sec total\n|\n|t:|1783569258\n|move|p2a: Eiscue|Ice Spinner|p1a: Archaludon\n|-damage|p1a: Archaludon|27/268\n|-ability|p1a: Archaludon|Stamina|boost\n|-boost|p1a: Archaludon|def|1\n|move|p1a: Archaludon|Draco Meteor|p2a: Eiscue\n|-damage|p2a: Eiscue|0 fnt\n|-unboost|p1a: Archaludon|spa|2\n|faint|p2a: Eiscue\n|\n|-heal|p1a: Archaludon|43/268|[from] item: Leftovers\n|upkeep\n|\n|t:|1783569259\n|switch|p2a: Bronzong|Bronzong, L88|100/100\n|turn|11\n|inactive|Time left: 300 sec this turn | 300 sec total\n|\n|t:|1783569260\n|move|p1a: Archaludon|Thunder Wave|p2a: Bronzong\n|-status|p2a: Bronzong|par\n|cant|p2a: Bronzong|par\n|\n|-heal|p1a: Archaludon|59/268|[from] item: Leftovers\n|upkeep\n|turn|12\n|inactive|Time left: 300 sec this turn | 300 sec total\n|\n|t:|1783569261\n|switch|p1a: Drifblim|Drifblim, L86, F|348/398\n|move|p2a: Bronzong|Stealth Rock|p1a: Drifblim\n|-sidestart|p1: p0x2526cde0|move: Stealth Rock\n|\n|upkeep\n|turn|13\n|inactive|Time left: 300 sec this turn | 300 sec total\n|\n|t:|1783569262\n|switch|p2a: Regice|Regice, L88|100/100\n|move|p1a: Drifblim|Shadow Ball|p2a: Regice\n|-damage|p2a: Regice|87/100\n|\n|upkeep\n|turn|14\n|inactive|Time left: 300 sec this turn | 300 sec total\n|\n|t:|1783569263\n|switch|p1a: Arceus|Arceus-Steel, L70|284/284\n|-damage|p1a: Arceus|267/284|[from] Stealth Rock\n|move|p2a: Regice|Ice Beam|p1a: Arceus\n|-resisted|p1a: Arceus\n|-damage|p1a: Arceus|220/284\n|\n|upkeep\n|turn|15\n|inactive|Time left: 300 sec this turn | 300 sec total\n|\n|t:|1783569264\n|move|p1a: Arceus|Judgment|p2a: Regice\n|-supereffective|p2a: Regice\n|-damage|p2a: Regice|47/100\n|move|p2a: Regice|Ice Beam|p1a: Arceus\n|-resisted|p1a: Arceus\n|-damage|p1a: Arceus|174/284\n|\n|upkeep\n|turn|16\n|inactive|Time left: 300 sec this turn | 300 sec total\n|\n|t:|1783569265\n|move|p1a: Arceus|Judgment|p2a: Regice\n|-supereffective|p2a: Regice\n|-damage|p2a: Regice|8/100\n|move|p2a: Regice|Rest|p2a: Regice\n|-status|p2a: Regice|slp|[from] move: Rest\n|-heal|p2a: Regice|100/100 slp|[silent]\n|\n|upkeep\n|turn|17\n|inactive|Time left: 300 sec this turn | 300 sec total\n|\n|t:|1783569265\n|move|p1a: Arceus|Recover|p1a: Arceus\n|-heal|p1a: Arceus|284/284\n|cant|p2a: Regice|slp\n|move|p2a: Regice|Sleep Talk|p2a: Regice\n|move|p2a: Regice|Thunderbolt|p1a: Arceus|[from] move: Sleep Talk\n|-damage|p1a: Arceus|213/284\n|\n|upkeep\n|turn|18\n|inactive|Time left: 300 sec this turn | 300 sec total\n|\n|t:|1783569266\n|move|p1a: Arceus|Judgment|p2a: Regice\n|-supereffective|p2a: Regice\n|-damage|p2a: Regice|64/100 slp\n|cant|p2a: Regice|slp\n|move|p2a: Regice|Sleep Talk|p2a: Regice\n|move|p2a: Regice|Thunderbolt|p1a: Arceus|[from] move: Sleep Talk\n|-damage|p1a: Arceus|143/284\n|\n|upkeep\n|turn|19\n|inactive|Time left: 300 sec this turn | 300 sec total\n|\n|t:|1783569267\n|move|p1a: Arceus|Judgment|p2a: Regice\n|-supereffective|p2a: Regice\n|-damage|p2a: Regice|23/100 slp\n|-curestatus|p2a: Regice|slp|[msg]\n|move|p2a: Regice|Ice Beam|p1a: Arceus\n|-resisted|p1a: Arceus\n|-damage|p1a: Arceus|90/284\n|-status|p1a: Arceus|frz\n|\n|upkeep\n|turn|20\n|inactive|Time left: 300 sec this turn | 300 sec total\n|\n|t:|1783569268\n|cant|p1a: Arceus|frz\n|move|p2a: Regice|Rest|p2a: Regice\n|-status|p2a: Regice|slp|[from] move: Rest\n|-heal|p2a: Regice|100/100 slp|[silent]\n|\n|upkeep\n|turn|21\n|inactive|Time left: 300 sec this turn | 300 sec total\n|\n|t:|1783569269\n|cant|p1a: Arceus|frz\n|cant|p2a: Regice|slp\n|move|p2a: Regice|Sleep Talk|p2a: Regice\n|move|p2a: Regice|Rest||[from] move: Sleep Talk|[still]\n|-fail|p2a: Regice\n|\n|upkeep\n|turn|22\n|inactive|Time left: 300 sec this turn | 300 sec total\n|\n|t:|1783569270\n|cant|p1a: Arceus|frz\n|cant|p2a: Regice|slp\n|move|p2a: Regice|Sleep Talk|p2a: Regice\n|move|p2a: Regice|Rest||[from] move: Sleep Talk|[still]\n|-fail|p2a: Regice\n|\n|upkeep\n|turn|23\n|inactive|Time left: 300 sec this turn | 300 sec total\n|\n|t:|1783569271\n|cant|p1a: Arceus|frz\n|-curestatus|p2a: Regice|slp|[msg]\n|move|p2a: Regice|Ice Beam|p1a: Arceus\n|-resisted|p1a: Arceus\n|-damage|p1a: Arceus|39/284 frz\n|\n|upkeep\n|turn|24\n|inactive|Time left: 300 sec this turn | 300 sec total\n|\n|t:|1783569271\n|cant|p1a: Arceus|frz\n|move|p2a: Regice|Ice Beam|p1a: Arceus\n|-resisted|p1a: Arceus\n|-damage|p1a: Arceus|0 fnt\n|faint|p1a: Arceus\n|\n|upkeep\n|inactive|Time left: 300 sec this turn | 300 sec total | 5 sec grace\n|\n|t:|1783569272\n|switch|p1a: Zapdos|Zapdos-Galar, L77|265/265\n|-damage|p1a: Zapdos|232/265|[from] Stealth Rock\n|turn|25\n|inactive|Time left: 300 sec this turn | 300 sec total\n|\n|t:|1783569273\n|switch|p2a: Bronzong|Bronzong, L88|100/100 par\n|move|p1a: Zapdos|Close Combat|p2a: Bronzong\n|-damage|p2a: Bronzong|51/100 par\n|-unboost|p1a: Zapdos|def|1\n|-unboost|p1a: Zapdos|spd|1\n|-damage|p1a: Zapdos|206/265|[from] item: Life Orb\n|\n|-heal|p2a: Bronzong|57/100 par|[from] item: Leftovers\n|upkeep\n|turn|26\n|inactive|Time left: 300 sec this turn | 300 sec total\n|\n|t:|1783569274\n|move|p1a: Zapdos|Knock Off|p2a: Bronzong\n|-supereffective|p2a: Bronzong\n|-damage|p2a: Bronzong|6/100 par\n|-enditem|p2a: Bronzong|Leftovers|[from] move: Knock Off|[of] p1a: Zapdos\n|-damage|p1a: Zapdos|180/265|[from] item: Life Orb\n|move|p2a: Bronzong|Psychic|p1a: Zapdos\n|-supereffective|p1a: Zapdos\n|-damage|p1a: Zapdos|0 fnt\n|faint|p1a: Zapdos\n|\n|upkeep\n|inactive|Time left: 300 sec this turn | 300 sec total | 5 sec grace\n|\n|t:|1783569276\n|switch|p1a: Leavanny|Leavanny, L86, F|99/269\n|turn|27\n|inactive|Time left: 300 sec this turn | 300 sec total\n|\n|t:|1783569277\n|switch|p2a: Regice|Regice, L88|100/100\n|move|p1a: Leavanny|Knock Off|p2a: Regice\n|-damage|p2a: Regice|76/100\n|-enditem|p2a: Regice|Heavy-Duty Boots|[from] move: Knock Off|[of] p1a: Leavanny\n|\n|upkeep\n|turn|28\n|inactive|Time left: 300 sec this turn | 300 sec total\n|\n|t:|1783569277\n|move|p1a: Leavanny|Leaf Blade|p2a: Regice\n|-damage|p2a: Regice|42/100\n|move|p2a: Regice|Ice Beam|p1a: Leavanny\n|-supereffective|p1a: Leavanny\n|-damage|p1a: Leavanny|0 fnt\n|faint|p1a: Leavanny\n|\n|upkeep\n|inactive|Time left: 300 sec this turn | 300 sec total | 5 sec grace\n|\n|t:|1783569278\n|switch|p1a: Archaludon|Archaludon, L78, M|59/268\n|-damage|p1a: Archaludon|43/268|[from] Stealth Rock\n|turn|29\n|inactive|Time left: 300 sec this turn | 300 sec total\n|\n|t:|1783569279\n|-terastallize|p1a: Archaludon|Fighting\n|move|p1a: Archaludon|Body Press|p2a: Regice\n|-supereffective|p2a: Regice\n|-damage|p2a: Regice|0 fnt\n|faint|p2a: Regice\n|\n|-heal|p1a: Archaludon|59/268|[from] item: Leftovers\n|upkeep\n|\n|t:|1783569280\n|switch|p2a: Meloetta|Meloetta, L82|100/100\n|-activate|p2a: Meloetta|move: Sticky Web\n|-unboost|p2a: Meloetta|spe|1\n|turn|30\n|inactive|Time left: 300 sec this turn | 300 sec total\n|\n|t:|1783569281\n|move|p1a: Archaludon|Thunder Wave|p2a: Meloetta\n|-status|p2a: Meloetta|par\n|move|p2a: Meloetta|Calm Mind|p2a: Meloetta\n|-boost|p2a: Meloetta|spa|1\n|-boost|p2a: Meloetta|spd|1\n|\n|-heal|p1a: Archaludon|75/268|[from] item: Leftovers\n|upkeep\n|turn|31\n|inactive|Time left: 300 sec this turn | 300 sec total\n|\n|t:|1783569282\n|move|p1a: Archaludon|Body Press|p2a: Meloetta\n|-damage|p2a: Meloetta|66/100 par\n|move|p2a: Meloetta|Psyshock|p1a: Archaludon\n|-supereffective|p1a: Archaludon\n|-damage|p1a: Archaludon|0 fnt\n|faint|p1a: Archaludon\n|\n|-heal|p2a: Meloetta|72/100 par|[from] item: Leftovers\n|upkeep\n|inactive|Time left: 300 sec this turn | 300 sec total | 5 sec grace\n|\n|t:|1783569283\n|switch|p1a: Drifblim|Drifblim, L86, F|348/398\n|turn|32\n|inactive|Time left: 300 sec this turn | 300 sec total\n|\n|t:|1783569284\n|move|p1a: Drifblim|Air Slash|p2a: Meloetta\n|-crit|p2a: Meloetta\n|-damage|p2a: Meloetta|40/100 par\n|cant|p2a: Meloetta|par\n|\n|-heal|p2a: Meloetta|46/100 par|[from] item: Leftovers\n|upkeep\n|turn|33\n|inactive|Time left: 300 sec this turn | 300 sec total\n|\n|t:|1783569285\n|move|p1a: Drifblim|Air Slash|p2a: Meloetta\n|-damage|p2a: Meloetta|33/100 par\n|cant|p2a: Meloetta|flinch\n|\n|-heal|p2a: Meloetta|39/100 par|[from] item: Leftovers\n|upkeep\n|turn|34\n|inactive|Time left: 300 sec this turn | 300 sec total\n|\n|t:|1783569286\n|move|p1a: Drifblim|Strength Sap|p2a: Meloetta\n|-unboost|p2a: Meloetta|atk|1\n|-heal|p1a: Drifblim|398/398\n|move|p2a: Meloetta|Psyshock|p1a: Drifblim\n|-damage|p1a: Drifblim|169/398\n|\n|-heal|p2a: Meloetta|45/100 par|[from] item: Leftovers\n|upkeep\n|turn|35\n|inactive|Time left: 300 sec this turn | 300 sec total\n|\n|t:|1783569287\n|move|p1a: Drifblim|Strength Sap|p2a: Meloetta\n|-unboost|p2a: Meloetta|atk|1\n|-heal|p1a: Drifblim|256/398\n|move|p2a: Meloetta|Psyshock|p1a: Drifblim\n|-crit|p1a: Drifblim\n|-damage|p1a: Drifblim|0 fnt\n|faint|p1a: Drifblim\n|\n|win|p0y25264826", "uploadtime": 1783569287, "views": 0, "rating": 0, "private": 0, "password": null, "_winner": "p0y25264826", "_our_name": "p0x2526cde0"}