{"id": "battle-gen9randombattle-702", "formatid": "gen9randombattle", "format": "[Gen 9] Random Battle", "players": ["p0x7020905", "p0y7024cc4"], "log": "|init|battle\n|title|p0x7020905 vs. p0y7024cc4\n|j|\u2606p0x7020905\n|j|\u2606p0y7024cc4\n|t:|1783547277\n|gametype|singles\n|player|p1|p0x7020905|2|\n|player|p2|p0y7024cc4|101|\n|gen|9\n|tier|[Gen 9] Random Battle\n|rule|Species Clause: Limit one of each Pok\u00e9mon\n|rule|HP Percentage Mod: HP is shown in percentages\n|rule|Sleep Clause Mod: Limit one foe put to sleep\n|rule|Illusion Level Mod: Illusion disguises the Pok\u00e9mon's true level\n|\n|t:|1783547277\n|teamsize|p1|6\n|teamsize|p2|6\n|start\n|switch|p1a: Articuno|Articuno, L86|295/295\n|switch|p2a: Feraligatr|Feraligatr, L79, F|100/100\n|-ability|p1a: Articuno|Pressure\n|turn|1\n|inactive|Battle timer is ON: inactive players will automatically lose when time's up. (requested by p0y7024cc4)\n|inactive|Time left: 300 sec this turn | 300 sec total | 60 sec grace\n|inactive|p0x7020905 also wants the timer to be on.\n|\n|t:|1783547278\n|move|p1a: Articuno|Freeze-Dry|p2a: Feraligatr\n|-supereffective|p2a: Feraligatr\n|-damage|p2a: Feraligatr|37/100\n|move|p2a: Feraligatr|Dragon Dance|p2a: Feraligatr\n|-boost|p2a: Feraligatr|atk|1\n|-boost|p2a: Feraligatr|spe|1\n|\n|upkeep\n|turn|2\n|inactive|Time left: 300 sec this turn | 300 sec total\n|\n|t:|1783547279\n|move|p2a: Feraligatr|Liquidation|p1a: Articuno\n|-damage|p1a: Articuno|112/295\n|move|p1a: Articuno|Freeze-Dry|p2a: Feraligatr\n|-supereffective|p2a: Feraligatr\n|-damage|p2a: Feraligatr|0 fnt\n|faint|p2a: Feraligatr\n|\n|upkeep\n|\n|t:|1783547280\n|switch|p2a: Zangoose|Zangoose, L85, M|100/100\n|turn|3\n|inactive|Time left: 300 sec this turn | 300 sec total\n|\n|t:|1783547281\n|move|p2a: Zangoose|Swords Dance|p2a: Zangoose\n|-boost|p2a: Zangoose|atk|2\n|move|p1a: Articuno|Roost|p1a: Articuno\n|-heal|p1a: Articuno|260/295\n|-singleturn|p1a: Articuno|move: Roost\n|\n|-status|p2a: Zangoose|tox|[from] item: Toxic Orb\n|upkeep\n|turn|4\n|inactive|Time left: 300 sec this turn | 300 sec total\n|\n|t:|1783547282\n|move|p2a: Zangoose|Facade|p1a: Articuno\n|-damage|p1a: Articuno|0 fnt\n|faint|p1a: Articuno\n|\n|-damage|p2a: Zangoose|94/100 tox|[from] psn\n|upkeep\n|inactive|Time left: 300 sec this turn | 300 sec total | 5 sec grace\n|\n|t:|1783547283\n|switch|p1a: Keldeo|Keldeo-Resolute, L79|273/273\n|turn|5\n|inactive|Time left: 300 sec this turn | 300 sec total\n|\n|t:|1783547284\n|switch|p2a: Bellossom|Bellossom, L84, M|100/100\n|move|p1a: Keldeo|Secret Sword|p2a: Bellossom\n|-damage|p2a: Bellossom|66/100\n|\n|-heal|p2a: Bellossom|72/100|[from] item: Leftovers\n|upkeep\n|turn|6\n|inactive|Time left: 300 sec this turn | 300 sec total\n|\n|t:|1783547285\n|move|p1a: Keldeo|Calm Mind|p1a: Keldeo\n|-boost|p1a: Keldeo|spa|1\n|-boost|p1a: Keldeo|spd|1\n|move|p2a: Bellossom|Quiver Dance|p2a: Bellossom\n|-boost|p2a: Bellossom|spa|1\n|-boost|p2a: Bellossom|spd|1\n|-boost|p2a: Bellossom|spe|1\n|\n|-heal|p2a: Bellossom|78/100|[from] item: Leftovers\n|upkeep\n|turn|7\n|inactive|Time left: 300 sec this turn | 300 sec total\n|\n|t:|1783547286\n|move|p1a: Keldeo|Secret Sword|p2a: Bellossom\n|-damage|p2a: Bellossom|23/100\n|move|p2a: Bellossom|Quiver Dance|p2a: Bellossom\n|-boost|p2a: Bellossom|spa|1\n|-boost|p2a: Bellossom|spd|1\n|-boost|p2a: Bellossom|spe|1\n|\n|-heal|p2a: Bellossom|29/100|[from] item: Leftovers\n|upkeep\n|turn|8\n|inactive|Time left: 300 sec this turn | 300 sec total\n|\n|t:|1783547287\n|-terastallize|p1a: Keldeo|Steel\n|move|p2a: Bellossom|Strength Sap|p1a: Keldeo\n|-unboost|p1a: Keldeo|atk|1\n|-heal|p2a: Bellossom|74/100\n|move|p1a: Keldeo|Secret Sword|p2a: Bellossom\n|-damage|p2a: Bellossom|21/100\n|\n|-heal|p2a: Bellossom|27/100|[from] item: Leftovers\n|upkeep\n|turn|9\n|inactive|Time left: 300 sec this turn | 300 sec total\n|\n|t:|1783547288\n|-terastallize|p2a: Bellossom|Fairy\n|move|p2a: Bellossom|Strength Sap|p1a: Keldeo\n|-unboost|p1a: Keldeo|atk|1\n|-heal|p2a: Bellossom|57/100\n|move|p1a: Keldeo|Secret Sword|p2a: Bellossom\n|-resisted|p2a: Bellossom\n|-damage|p2a: Bellossom|32/100\n|\n|-heal|p2a: Bellossom|38/100|[from] item: Leftovers\n|upkeep\n|turn|10\n|inactive|Time left: 300 sec this turn | 300 sec total\n|\n|t:|1783547289\n|move|p2a: Bellossom|Strength Sap|p1a: Keldeo\n|-unboost|p1a: Keldeo|atk|1\n|-heal|p2a: Bellossom|61/100\n|move|p1a: Keldeo|Hydro Pump|p2a: Bellossom\n|-damage|p2a: Bellossom|30/100\n|\n|-heal|p2a: Bellossom|36/100|[from] item: Leftovers\n|upkeep\n|turn|11\n|inactive|Time left: 300 sec this turn | 300 sec total\n|\n|t:|1783547290\n|move|p2a: Bellossom|Strength Sap|p1a: Keldeo\n|-unboost|p1a: Keldeo|atk|1\n|-heal|p2a: Bellossom|54/100\n|move|p1a: Keldeo|Hydro Pump|p2a: Bellossom\n|-damage|p2a: Bellossom|21/100\n|\n|-heal|p2a: Bellossom|27/100|[from] item: Leftovers\n|upkeep\n|turn|12\n|inactive|Time left: 300 sec this turn | 300 sec total\n|\n|t:|1783547291\n|move|p2a: Bellossom|Strength Sap|p1a: Keldeo\n|-unboost|p1a: Keldeo|atk|1\n|-heal|p2a: Bellossom|42/100\n|move|p1a: Keldeo|Secret Sword|p2a: Bellossom\n|-resisted|p2a: Bellossom\n|-damage|p2a: Bellossom|15/100\n|\n|-heal|p2a: Bellossom|21/100|[from] item: Leftovers\n|upkeep\n|turn|13\n|inactive|Time left: 300 sec this turn | 300 sec total\n|\n|t:|1783547292\n|move|p2a: Bellossom|Strength Sap|p1a: Keldeo\n|-unboost|p1a: Keldeo|atk|1\n|-heal|p2a: Bellossom|33/100\n|move|p1a: Keldeo|Secret Sword|p2a: Bellossom\n|-resisted|p2a: Bellossom\n|-damage|p2a: Bellossom|7/100\n|\n|-heal|p2a: Bellossom|13/100|[from] item: Leftovers\n|upkeep\n|turn|14\n|inactive|Time left: 300 sec this turn | 300 sec total\n|\n|t:|1783547293\n|move|p2a: Bellossom|Giga Drain|p1a: Keldeo\n|-resisted|p1a: Keldeo\n|-damage|p1a: Keldeo|219/273\n|-heal|p2a: Bellossom|23/100|[from] drain|[of] p1a: Keldeo\n|move|p1a: Keldeo|Secret Sword|p2a: Bellossom\n|-resisted|p2a: Bellossom\n|-damage|p2a: Bellossom|0 fnt\n|faint|p2a: Bellossom\n|\n|-heal|p1a: Keldeo|236/273|[from] item: Leftovers\n|upkeep\n|\n|t:|1783547294\n|switch|p2a: Infernape|Infernape, L82, M|100/100\n|turn|15\n|inactive|Time left: 300 sec this turn | 300 sec total\n|\n|t:|1783547295\n|switch|p1a: Enamorus|Enamorus-Therian, L83, F|259/259\n|move|p2a: Infernape|Close Combat|p1a: Enamorus\n|-resisted|p1a: Enamorus\n|-damage|p1a: Enamorus|225/259\n|-unboost|p2a: Infernape|def|1\n|-unboost|p2a: Infernape|spd|1\n|-damage|p2a: Infernape|91/100|[from] item: Life Orb\n|\n|upkeep\n|turn|16\n|inactive|Time left: 300 sec this turn | 300 sec total\n|\n|t:|1783547296\n|move|p2a: Infernape|Overheat|p1a: Enamorus\n|-damage|p1a: Enamorus|52/259\n|-unboost|p2a: Infernape|spa|2\n|-damage|p2a: Infernape|81/100|[from] item: Life Orb\n|move|p1a: Enamorus|Moonblast|p2a: Infernape\n|-damage|p2a: Infernape|0 fnt\n|faint|p2a: Infernape\n|\n|upkeep\n|\n|t:|1783547297\n|switch|p2a: Zangoose|Zangoose, L85, M|94/100 tox\n|turn|17\n|inactive|Time left: 300 sec this turn | 300 sec total\n|\n|t:|1783547298\n|switch|p1a: Keldeo|Keldeo-Resolute, L79, tera:Steel|236/273\n|move|p2a: Zangoose|Facade|p1a: Keldeo\n|-resisted|p1a: Keldeo\n|-damage|p1a: Keldeo|101/273\n|\n|-heal|p1a: Keldeo|118/273|[from] item: Leftovers\n|-damage|p2a: Zangoose|88/100 tox|[from] psn\n|upkeep\n|turn|18\n|inactive|Time left: 300 sec this turn | 300 sec total\n|\n|t:|1783547299\n|switch|p2a: Ting-Lu|Ting-Lu, L78|100/100\n|-ability|p2a: Ting-Lu|Vessel of Ruin\n|move|p1a: Keldeo|Secret Sword|p2a: Ting-Lu\n|-supereffective|p2a: Ting-Lu\n|-damage|p2a: Ting-Lu|66/100\n|\n|-heal|p1a: Keldeo|135/273|[from] item: Leftovers\n|-heal|p2a: Ting-Lu|72/100|[from] item: Leftovers\n|upkeep\n|turn|19\n|inactive|Time left: 300 sec this turn | 300 sec total\n|\n|t:|1783547300\n|move|p1a: Keldeo|Hydro Pump|p2a: Ting-Lu\n|-supereffective|p2a: Ting-Lu\n|-damage|p2a: Ting-Lu|7/100\n|move|p2a: Ting-Lu|Earthquake|p1a: Keldeo\n|-supereffective|p1a: Keldeo\n|-damage|p1a: Keldeo|0 fnt\n|faint|p1a: Keldeo\n|\n|-heal|p2a: Ting-Lu|13/100|[from] item: Leftovers\n|upkeep\n|inactive|Time left: 300 sec this turn | 300 sec total | 5 sec grace\n|\n|t:|1783547302\n|switch|p1a: Enamorus|Enamorus-Therian, L83, F|52/259\n|turn|20\n|inactive|Time left: 300 sec this turn | 300 sec total\n|\n|t:|1783547303\n|move|p1a: Enamorus|Earth Power|p2a: Ting-Lu\n|-damage|p2a: Ting-Lu|0 fnt\n|faint|p2a: Ting-Lu\n|\n|upkeep\n|\n|t:|1783547304\n|switch|p2a: Sceptile|Sceptile, L87, M|100/100\n|turn|21\n|inactive|Time left: 300 sec this turn | 300 sec total\n|\n|t:|1783547305\n|move|p2a: Sceptile|Swords Dance|p2a: Sceptile\n|-boost|p2a: Sceptile|atk|2\n|move|p1a: Enamorus|Moonblast|p2a: Sceptile\n|-damage|p2a: Sceptile|52/100\n|-unboost|p2a: Sceptile|spa|1\n|\n|upkeep\n|turn|22\n|inactive|Time left: 300 sec this turn | 300 sec total\n|\n|t:|1783547306\n|move|p2a: Sceptile|Leaf Blade|p1a: Enamorus\n|-resisted|p1a: Enamorus\n|-damage|p1a: Enamorus|0 fnt\n|faint|p1a: Enamorus\n|-damage|p2a: Sceptile|43/100|[from] item: Life Orb\n|\n|upkeep\n|inactive|Time left: 300 sec this turn | 300 sec total | 5 sec grace\n|\n|t:|1783547307\n|switch|p1a: Chien-Pao|Chien-Pao, L72|234/234\n|-ability|p1a: Chien-Pao|Sword of Ruin\n|turn|23\n|inactive|Time left: 300 sec this turn | 300 sec total\n|\n|t:|1783547307\n|move|p1a: Chien-Pao|Ice Shard|p2a: Sceptile\n|-supereffective|p2a: Sceptile\n|-crit|p2a: Sceptile\n|-damage|p2a: Sceptile|0 fnt\n|faint|p2a: Sceptile\n|\n|upkeep\n|\n|t:|1783547308\n|switch|p2a: Zangoose|Zangoose, L85, M|88/100 tox\n|turn|24\n|inactive|Time left: 300 sec this turn | 300 sec total\n|\n|t:|1783547309\n|move|p1a: Chien-Pao|Throat Chop|p2a: Zangoose\n|-damage|p2a: Zangoose|43/100 tox\n|-start|p2a: Zangoose|Throat Chop|[silent]\n|move|p2a: Zangoose|Facade|p1a: Chien-Pao\n|-damage|p1a: Chien-Pao|0 fnt\n|faint|p1a: Chien-Pao\n|\n|-damage|p2a: Zangoose|37/100 tox|[from] psn\n|upkeep\n|inactive|Time left: 300 sec this turn | 300 sec total | 5 sec grace\n|\n|t:|1783547310\n|switch|p1a: Jirachi|Jirachi, L80|291/291\n|turn|25\n|inactive|Time left: 300 sec this turn | 300 sec total\n|\n|t:|1783547310\n|move|p1a: Jirachi|Body Slam|p2a: Zangoose\n|-damage|p2a: Zangoose|12/100 tox\n|move|p2a: Zangoose|Knock Off|p1a: Jirachi\n|-supereffective|p1a: Jirachi\n|-damage|p1a: Jirachi|61/291\n|-enditem|p1a: Jirachi|Leftovers|[from] move: Knock Off|[of] p2a: Zangoose\n|\n|-damage|p2a: Zangoose|0 fnt|[from] psn\n|faint|p2a: Zangoose\n|\n|win|p0x7020905", "uploadtime": 1783547310, "views": 0, "rating": 0, "private": 0, "password": null, "_winner": "p0x7020905", "_our_name": "p0x7020905"}