{"id": "battle-gen9randombattle-938", "formatid": "gen9randombattle", "format": "[Gen 9] Random Battle", "players": ["p0x93887ba", "p0y938bc6a"], "log": "|init|battle\n|title|p0x93887ba vs. p0y938bc6a\n|j|\u2606p0x93887ba\n|j|\u2606p0y938bc6a\n|t:|1783550762\n|gametype|singles\n|player|p1|p0x93887ba|102|\n|player|p2|p0y938bc6a|1|\n|gen|9\n|tier|[Gen 9] Random Battle\n|rule|Species Clause: Limit one of each Pok\u00e9mon\n|rule|HP Percentage Mod: HP is shown in percentages\n|rule|Sleep Clause Mod: Limit one foe put to sleep\n|rule|Illusion Level Mod: Illusion disguises the Pok\u00e9mon's true level\n|\n|t:|1783550762\n|teamsize|p1|6\n|teamsize|p2|6\n|start\n|switch|p1a: Pachirisu|Pachirisu, L96, F|271/271\n|switch|p2a: Swampert|Swampert, L83, F|100/100\n|turn|1\n|inactive|Battle timer is ON: inactive players will automatically lose when time's up. (requested by p0y938bc6a)\n|inactive|Time left: 300 sec this turn | 300 sec total | 60 sec grace\n|inactive|p0x93887ba also wants the timer to be on.\n|\n|t:|1783550764\n|move|p1a: Pachirisu|Super Fang|p2a: Swampert\n|-damage|p2a: Swampert|50/100\n|move|p2a: Swampert|Earthquake|p1a: Pachirisu\n|-supereffective|p1a: Pachirisu\n|-crit|p1a: Pachirisu\n|-damage|p1a: Pachirisu|0 fnt\n|faint|p1a: Pachirisu\n|\n|-heal|p2a: Swampert|56/100|[from] item: Leftovers\n|upkeep\n|inactive|Time left: 300 sec this turn | 300 sec total | 65 sec grace\n|\n|t:|1783550765\n|switch|p1a: Garchomp|Garchomp, L74, F|282/282\n|turn|2\n|inactive|Time left: 300 sec this turn | 300 sec total\n|\n|t:|1783550766\n|move|p1a: Garchomp|Outrage|p2a: Swampert\n|-damage|p2a: Swampert|15/100\n|move|p2a: Swampert|Ice Beam|p1a: Garchomp\n|-supereffective|p1a: Garchomp\n|-damage|p1a: Garchomp|18/282\n|\n|-heal|p2a: Swampert|21/100|[from] item: Leftovers\n|upkeep\n|turn|3\n|inactive|Time left: 300 sec this turn | 300 sec total\n|\n|t:|1783550768\n|switch|p2a: Luxray|Luxray, L88, F|100/100\n|-ability|p2a: Luxray|Intimidate|boost\n|-unboost|p1a: Garchomp|atk|1\n|move|p1a: Garchomp|Outrage|p2a: Luxray|[from] lockedmove\n|-damage|p2a: Luxray|68/100\n|\n|upkeep\n|turn|4\n|inactive|Time left: 300 sec this turn | 300 sec total\n|\n|t:|1783550769\n|switch|p2a: Falinks|Falinks, L84|100/100\n|move|p1a: Garchomp|Outrage|p2a: Falinks|[from] lockedmove\n|-damage|p2a: Falinks|68/100\n|-start|p1a: Garchomp|confusion|[fatigue]\n|\n|upkeep\n|turn|5\n|inactive|Time left: 300 sec this turn | 300 sec total\n|\n|t:|1783550770\n|-activate|p1a: Garchomp|confusion\n|move|p1a: Garchomp|Outrage|p2a: Falinks\n|-damage|p2a: Falinks|34/100\n|move|p2a: Falinks|No Retreat|p2a: Falinks\n|-boost|p2a: Falinks|atk|1\n|-boost|p2a: Falinks|def|1\n|-boost|p2a: Falinks|spa|1\n|-boost|p2a: Falinks|spd|1\n|-boost|p2a: Falinks|spe|1\n|-start|p2a: Falinks|move: No Retreat\n|\n|upkeep\n|turn|6\n|inactive|Time left: 300 sec this turn | 300 sec total\n|\n|t:|1783550771\n|move|p2a: Falinks|No Retreat||[still]\n|-fail|p2a: Falinks\n|-activate|p1a: Garchomp|confusion\n|-damage|p1a: Garchomp|0 fnt|[from] confusion\n|faint|p1a: Garchomp\n|\n|upkeep\n|inactive|Time left: 300 sec this turn | 300 sec total | 5 sec grace\n|\n|t:|1783550772\n|switch|p1a: Bronzong|Bronzong, L88|261/261\n|turn|7\n|inactive|Time left: 300 sec this turn | 300 sec total\n|\n|t:|1783550774\n|-terastallize|p2a: Falinks|Dark\n|move|p2a: Falinks|No Retreat||[still]\n|-fail|p2a: Falinks\n|move|p1a: Bronzong|Iron Head|p2a: Falinks\n|-damage|p2a: Falinks|11/100\n|\n|upkeep\n|turn|8\n|inactive|Time left: 300 sec this turn | 300 sec total\n|\n|t:|1783550775\n|move|p2a: Falinks|Knock Off|p1a: Bronzong\n|-supereffective|p1a: Bronzong\n|-damage|p1a: Bronzong|0 fnt\n|-enditem|p1a: Bronzong|Leftovers|[from] move: Knock Off|[of] p2a: Falinks\n|faint|p1a: Bronzong\n|-damage|p2a: Falinks|1/100|[from] item: Life Orb\n|\n|upkeep\n|inactive|Time left: 300 sec this turn | 300 sec total | 5 sec grace\n|\n|t:|1783550776\n|switch|p1a: Zarude|Zarude, L77|288/288\n|turn|9\n|inactive|Time left: 300 sec this turn | 300 sec total\n|\n|t:|1783550777\n|move|p1a: Zarude|Knock Off|p2a: Falinks\n|-resisted|p2a: Falinks\n|-damage|p2a: Falinks|0 fnt\n|-enditem|p2a: Falinks|Life Orb|[from] move: Knock Off|[of] p1a: Zarude\n|faint|p2a: Falinks\n|\n|upkeep\n|\n|t:|1783550777\n|switch|p2a: Regice|Regice, L88|100/100\n|turn|10\n|inactive|Time left: 300 sec this turn | 300 sec total\n|\n|t:|1783550778\n|move|p1a: Zarude|Knock Off|p2a: Regice\n|-damage|p2a: Regice|68/100\n|-enditem|p2a: Regice|Heavy-Duty Boots|[from] move: Knock Off|[of] p1a: Zarude\n|move|p2a: Regice|Ice Beam|p1a: Zarude\n|-supereffective|p1a: Zarude\n|-damage|p1a: Zarude|60/288\n|\n|upkeep\n|turn|11\n|inactive|Time left: 300 sec this turn | 300 sec total\n|\n|t:|1783550779\n|move|p1a: Zarude|Knock Off|p2a: Regice\n|-damage|p2a: Regice|47/100\n|move|p2a: Regice|Ice Beam|p1a: Zarude\n|-supereffective|p1a: Zarude\n|-damage|p1a: Zarude|0 fnt\n|faint|p1a: Zarude\n|\n|upkeep\n|inactive|Time left: 300 sec this turn | 300 sec total | 5 sec grace\n|\n|t:|1783550780\n|switch|p1a: Probopass|Probopass, L91, F|257/257\n|turn|12\n|inactive|Time left: 300 sec this turn | 300 sec total\n|\n|t:|1783550781\n|move|p2a: Regice|Body Press|p1a: Probopass\n|-supereffective|p1a: Probopass\n|-damage|p1a: Probopass|93/257\n|move|p1a: Probopass|Body Press|p2a: Regice\n|-supereffective|p2a: Regice\n|-damage|p2a: Regice|0 fnt\n|faint|p2a: Regice\n|\n|-heal|p1a: Probopass|109/257|[from] item: Leftovers\n|upkeep\n|\n|t:|1783550782\n|switch|p2a: Swampert|Swampert, L83, F|21/100\n|turn|13\n|inactive|Time left: 300 sec this turn | 300 sec total\n|\n|t:|1783550782\n|switch|p1a: Swanna|Swanna, L89, F|278/278\n|move|p2a: Swampert|Flip Turn|p1a: Swanna\n|-resisted|p1a: Swanna\n|-damage|p1a: Swanna|214/278\n|\n|t:|1783550783\n|switch|p2a: Luxray|Luxray, L88, F|68/100|[from] Flip Turn\n|-ability|p2a: Luxray|Intimidate|boost\n|-unboost|p1a: Swanna|atk|1\n|\n|upkeep\n|turn|14\n|inactive|Time left: 300 sec this turn | 300 sec total\n|\n|t:|1783550784\n|switch|p1a: Probopass|Probopass, L91, F|109/257\n|move|p2a: Luxray|Wild Charge|p1a: Probopass\n|-damage|p1a: Probopass|30/257\n|-damage|p2a: Luxray|61/100|[from] Recoil\n|\n|-heal|p1a: Probopass|46/257|[from] item: Leftovers\n|upkeep\n|turn|15\n|inactive|Time left: 300 sec this turn | 300 sec total\n|\n|t:|1783550785\n|move|p2a: Luxray|Wild Charge|p1a: Probopass\n|-damage|p1a: Probopass|0 fnt\n|faint|p1a: Probopass\n|-damage|p2a: Luxray|57/100|[from] Recoil\n|\n|upkeep\n|inactive|Time left: 300 sec this turn | 300 sec total | 5 sec grace\n|\n|t:|1783550786\n|switch|p1a: Swanna|Swanna, L89, F|214/278\n|turn|16\n|inactive|Time left: 300 sec this turn | 300 sec total\n|\n|t:|1783550787\n|-terastallize|p1a: Swanna|Ground\n|move|p1a: Swanna|Hydro Pump|p2a: Luxray\n|-damage|p2a: Luxray|27/100\n|move|p2a: Luxray|Ice Fang|p1a: Swanna\n|-supereffective|p1a: Swanna\n|-damage|p1a: Swanna|80/278\n|\n|upkeep\n|turn|17\n|inactive|Time left: 300 sec this turn | 300 sec total\n|\n|t:|1783550788\n|move|p1a: Swanna|Roost|p1a: Swanna\n|-heal|p1a: Swanna|219/278\n|move|p2a: Luxray|Ice Fang|p1a: Swanna\n|-supereffective|p1a: Swanna\n|-damage|p1a: Swanna|77/278\n|\n|upkeep\n|turn|18\n|inactive|Time left: 300 sec this turn | 300 sec total\n|\n|t:|1783550789\n|move|p1a: Swanna|Roost|p1a: Swanna\n|-heal|p1a: Swanna|216/278\n|move|p2a: Luxray|Ice Fang|p1a: Swanna\n|-supereffective|p1a: Swanna\n|-damage|p1a: Swanna|80/278\n|\n|upkeep\n|turn|19\n|inactive|Time left: 300 sec this turn | 300 sec total\n|\n|t:|1783550790\n|move|p1a: Swanna|Roost|p1a: Swanna\n|-heal|p1a: Swanna|219/278\n|move|p2a: Luxray|Ice Fang|p1a: Swanna\n|-supereffective|p1a: Swanna\n|-crit|p1a: Swanna\n|-damage|p1a: Swanna|0 fnt\n|faint|p1a: Swanna\n|\n|win|p0y938bc6a", "uploadtime": 1783550790, "views": 0, "rating": 0, "private": 0, "password": null, "_winner": "p0y938bc6a", "_our_name": "p0x93887ba"}