{"id": "battle-gen9randombattle-1571", "formatid": "gen9randombattle", "format": "[Gen 9] Random Battle", "players": ["p0x15717e7f", "p0y1571f73d"], "log": "|init|battle\n|title|p0x15717e7f vs. p0y1571f73d\n|j|\u2606p0x15717e7f\n|j|\u2606p0y1571f73d\n|t:|1783558210\n|gametype|singles\n|player|p1|p0x15717e7f|2|\n|player|p2|p0y1571f73d|102|\n|gen|9\n|tier|[Gen 9] Random Battle\n|rule|Species Clause: Limit one of each Pok\u00e9mon\n|rule|HP Percentage Mod: HP is shown in percentages\n|rule|Sleep Clause Mod: Limit one foe put to sleep\n|rule|Illusion Level Mod: Illusion disguises the Pok\u00e9mon's true level\n|\n|t:|1783558210\n|teamsize|p1|6\n|teamsize|p2|6\n|start\n|switch|p1a: Raichu|Raichu, L88, F|249/249\n|switch|p2a: Eelektross|Eelektross, L87, M|100/100\n|turn|1\n|inactive|Battle timer is ON: inactive players will automatically lose when time's up. (requested by p0x15717e7f)\n|\n|t:|1783558212\n|move|p1a: Raichu|Nasty Plot|p1a: Raichu\n|-boost|p1a: Raichu|spa|2\n|move|p2a: Eelektross|Coil|p2a: Eelektross\n|-boost|p2a: Eelektross|atk|1\n|-boost|p2a: Eelektross|def|1\n|-boost|p2a: Eelektross|accuracy|1\n|\n|upkeep\n|turn|2\n|inactive|Time left: 300 sec this turn | 300 sec total\n|inactive|p0y1571f73d also wants the timer to be on.\n|\n|t:|1783558213\n|move|p1a: Raichu|Focus Blast|p2a: Eelektross\n|-damage|p2a: Eelektross|24/100\n|-damage|p1a: Raichu|225/249|[from] item: Life Orb\n|move|p2a: Eelektross|Drain Punch|p1a: Raichu\n|-damage|p1a: Raichu|103/249\n|-heal|p2a: Eelektross|45/100|[from] drain|[of] p1a: Raichu\n|\n|-heal|p2a: Eelektross|52/100|[from] item: Leftovers\n|upkeep\n|turn|3\n|inactive|Time left: 300 sec this turn | 300 sec total\n|\n|t:|1783558214\n|switch|p2a: Hypno|Hypno, L95, M|100/100\n|move|p1a: Raichu|Tera Blast|p2a: Hypno\n|-damage|p2a: Hypno|66/100\n|-damage|p1a: Raichu|79/249|[from] item: Life Orb\n|\n|-heal|p2a: Hypno|72/100|[from] item: Leftovers\n|upkeep\n|turn|4\n|inactive|Time left: 300 sec this turn | 300 sec total\n|\n|t:|1783558216\n|move|p1a: Raichu|Thunderbolt|p2a: Hypno\n|-damage|p2a: Hypno|17/100\n|-damage|p1a: Raichu|55/249|[from] item: Life Orb\n|move|p2a: Hypno|Knock Off|p1a: Raichu\n|-damage|p1a: Raichu|0 fnt\n|-enditem|p1a: Raichu|Life Orb|[from] move: Knock Off|[of] p2a: Hypno\n|faint|p1a: Raichu\n|\n|-heal|p2a: Hypno|23/100|[from] item: Leftovers\n|upkeep\n|inactive|Time left: 300 sec this turn | 300 sec total | 5 sec grace\n|\n|t:|1783558216\n|switch|p1a: Chi-Yu|Chi-Yu, L77|211/211\n|-ability|p1a: Chi-Yu|Beads of Ruin\n|turn|5\n|inactive|Time left: 300 sec this turn | 300 sec total\n|\n|t:|1783558217\n|move|p1a: Chi-Yu|Fire Blast|p2a: Hypno\n|-damage|p2a: Hypno|0 fnt\n|faint|p2a: Hypno\n|\n|upkeep\n|\n|t:|1783558218\n|switch|p2a: Breloom|Breloom, L83, F|100/100\n|turn|6\n|inactive|Time left: 300 sec this turn | 300 sec total\n|\n|t:|1783558219\n|switch|p1a: Regirock|Regirock, L83|268/268\n|move|p2a: Breloom|Mach Punch|p1a: Regirock\n|-supereffective|p1a: Regirock\n|-damage|p1a: Regirock|159/268\n|-damage|p2a: Breloom|91/100|[from] item: Life Orb\n|\n|upkeep\n|turn|7\n|inactive|Time left: 300 sec this turn | 300 sec total\n|\n|t:|1783558220\n|-terastallize|p1a: Regirock|Fighting\n|move|p2a: Breloom|Bullet Seed|p1a: Regirock\n|-damage|p1a: Regirock|128/268\n|-damage|p1a: Regirock|97/268\n|-damage|p1a: Regirock|62/268\n|-damage|p1a: Regirock|31/268\n|-damage|p1a: Regirock|0 fnt\n|faint|p1a: Regirock\n|-hitcount|p1: Regirock|5\n|-damage|p2a: Breloom|81/100|[from] item: Life Orb\n|\n|upkeep\n|inactive|Time left: 300 sec this turn | 300 sec total | 5 sec grace\n|\n|t:|1783558221\n|switch|p1a: Mienshao|Mienshao, L83, F|244/244\n|turn|8\n|inactive|Time left: 300 sec this turn | 300 sec total\n|\n|t:|1783558222\n|switch|p2a: Great Tusk|Great Tusk, L77|100/100\n|move|p1a: Mienshao|Close Combat|p2a: Great Tusk\n|-damage|p2a: Great Tusk|45/100\n|-unboost|p1a: Mienshao|def|1\n|-unboost|p1a: Mienshao|spd|1\n|-damage|p1a: Mienshao|220/244|[from] item: Life Orb\n|\n|-heal|p2a: Great Tusk|51/100|[from] item: Leftovers\n|upkeep\n|turn|9\n|inactive|Time left: 300 sec this turn | 300 sec total\n|\n|t:|1783558223\n|move|p1a: Mienshao|Close Combat|p2a: Great Tusk\n|-damage|p2a: Great Tusk|1/100\n|-unboost|p1a: Mienshao|def|1\n|-unboost|p1a: Mienshao|spd|1\n|-damage|p1a: Mienshao|196/244|[from] item: Life Orb\n|move|p2a: Great Tusk|Close Combat|p1a: Mienshao\n|-damage|p1a: Mienshao|0 fnt\n|-unboost|p2a: Great Tusk|def|1\n|-unboost|p2a: Great Tusk|spd|1\n|faint|p1a: Mienshao\n|\n|-heal|p2a: Great Tusk|7/100|[from] item: Leftovers\n|upkeep\n|inactive|Time left: 300 sec this turn | 300 sec total | 5 sec grace\n|\n|t:|1783558224\n|switch|p1a: Chi-Yu|Chi-Yu, L77|211/211\n|-ability|p1a: Chi-Yu|Beads of Ruin\n|turn|10\n|inactive|Time left: 300 sec this turn | 300 sec total\n|\n|t:|1783558225\n|move|p1a: Chi-Yu|Dark Pulse|p2a: Great Tusk\n|-resisted|p2a: Great Tusk\n|-damage|p2a: Great Tusk|0 fnt\n|faint|p2a: Great Tusk\n|-end|p2a: Great Tusk|Protosynthesis|[silent]\n|\n|upkeep\n|\n|t:|1783558225\n|switch|p2a: Breloom|Breloom, L83, F|81/100\n|turn|11\n|inactive|Time left: 300 sec this turn | 300 sec total\n|\n|t:|1783558226\n|switch|p1a: Illumise|Illumise, L91, F|266/266\n|move|p2a: Breloom|Mach Punch|p1a: Illumise\n|-resisted|p1a: Illumise\n|-damage|p1a: Illumise|210/266\n|-damage|p2a: Breloom|71/100|[from] item: Life Orb\n|\n|upkeep\n|turn|12\n|inactive|Time left: 300 sec this turn | 300 sec total\n|\n|t:|1783558227\n|move|p1a: Illumise|Bug Buzz|p2a: Breloom\n|-crit|p2a: Breloom\n|-damage|p2a: Breloom|0 fnt\n|faint|p2a: Breloom\n|\n|upkeep\n|\n|t:|1783558228\n|switch|p2a: Eelektross|Eelektross, L87, M|52/100\n|turn|13\n|inactive|Time left: 300 sec this turn | 300 sec total\n|\n|t:|1783558229\n|move|p1a: Illumise|Bug Buzz|p2a: Eelektross\n|-damage|p2a: Eelektross|20/100\n|move|p2a: Eelektross|Supercell Slam|p1a: Illumise\n|-damage|p1a: Illumise|78/266\n|\n|-heal|p2a: Eelektross|26/100|[from] item: Leftovers\n|upkeep\n|turn|14\n|inactive|Time left: 300 sec this turn | 300 sec total\n|\n|t:|1783558231\n|-terastallize|p2a: Eelektross|Fighting\n|move|p1a: Illumise|Bug Buzz|p2a: Eelektross\n|-resisted|p2a: Eelektross\n|-damage|p2a: Eelektross|12/100\n|-unboost|p2a: Eelektross|spd|1\n|move|p2a: Eelektross|Drain Punch|p1a: Illumise\n|-resisted|p1a: Illumise\n|-damage|p1a: Illumise|24/266\n|-heal|p2a: Eelektross|21/100|[from] drain|[of] p1a: Illumise\n|\n|-heal|p2a: Eelektross|27/100|[from] item: Leftovers\n|upkeep\n|turn|15\n|inactive|Time left: 300 sec this turn | 300 sec total\n|\n|t:|1783558232\n|move|p1a: Illumise|Bug Buzz|p2a: Eelektross\n|-resisted|p2a: Eelektross\n|-damage|p2a: Eelektross|4/100\n|move|p2a: Eelektross|Drain Punch|p1a: Illumise\n|-resisted|p1a: Illumise\n|-crit|p1a: Illumise\n|-damage|p1a: Illumise|0 fnt\n|-heal|p2a: Eelektross|8/100|[from] drain|[of] p1a: Illumise\n|faint|p1a: Illumise\n|\n|-heal|p2a: Eelektross|14/100|[from] item: Leftovers\n|upkeep\n|inactive|Time left: 300 sec this turn | 300 sec total | 5 sec grace\n|\n|t:|1783558233\n|switch|p1a: Chi-Yu|Chi-Yu, L77|211/211\n|-ability|p1a: Chi-Yu|Beads of Ruin\n|turn|16\n|inactive|Time left: 300 sec this turn | 300 sec total\n|\n|t:|1783558234\n|move|p1a: Chi-Yu|Dark Pulse|p2a: Eelektross\n|-resisted|p2a: Eelektross\n|-damage|p2a: Eelektross|0 fnt\n|faint|p2a: Eelektross\n|\n|upkeep\n|\n|t:|1783558235\n|switch|p2a: Empoleon|Empoleon, L84, M|100/100\n|turn|17\n|inactive|Time left: 300 sec this turn | 300 sec total\n|\n|t:|1783558236\n|move|p1a: Chi-Yu|Nasty Plot|p1a: Chi-Yu\n|-boost|p1a: Chi-Yu|spa|2\n|move|p2a: Empoleon|Surf|p1a: Chi-Yu\n|-supereffective|p1a: Chi-Yu\n|-damage|p1a: Chi-Yu|35/211\n|\n|upkeep\n|turn|18\n|inactive|Time left: 300 sec this turn | 300 sec total\n|\n|t:|1783558237\n|move|p1a: Chi-Yu|Fire Blast|p2a: Empoleon\n|-damage|p2a: Empoleon|0 fnt\n|faint|p2a: Empoleon\n|\n|upkeep\n|\n|t:|1783558238\n|switch|p2a: Scovillain|Scovillain, L91, M|100/100\n|turn|19\n|inactive|Time left: 300 sec this turn | 300 sec total\n|\n|t:|1783558239\n|move|p2a: Scovillain|Protect|p2a: Scovillain\n|-singleturn|p2a: Scovillain|Protect\n|move|p1a: Chi-Yu|Dark Pulse|p2a: Scovillain\n|-activate|p2a: Scovillain|move: Protect\n|\n|upkeep\n|turn|20\n|inactive|Time left: 300 sec this turn | 300 sec total\n|\n|t:|1783558240\n|move|p2a: Scovillain|Protect||[still]\n|-fail|p2a: Scovillain\n|move|p1a: Chi-Yu|Dark Pulse|p2a: Scovillain\n|-damage|p2a: Scovillain|1/100\n|\n|-heal|p2a: Scovillain|7/100|[from] item: Leftovers\n|upkeep\n|turn|21\n|inactive|Time left: 300 sec this turn | 300 sec total\n|\n|t:|1783558241\n|move|p2a: Scovillain|Protect|p2a: Scovillain\n|-singleturn|p2a: Scovillain|Protect\n|move|p1a: Chi-Yu|Dark Pulse|p2a: Scovillain\n|-activate|p2a: Scovillain|move: Protect\n|\n|-heal|p2a: Scovillain|13/100|[from] item: Leftovers\n|upkeep\n|turn|22\n|inactive|Time left: 300 sec this turn | 300 sec total\n|\n|t:|1783558241\n|move|p2a: Scovillain|Protect|p2a: Scovillain\n|-singleturn|p2a: Scovillain|Protect\n|move|p1a: Chi-Yu|Dark Pulse|p2a: Scovillain\n|-activate|p2a: Scovillain|move: Protect\n|\n|-heal|p2a: Scovillain|19/100|[from] item: Leftovers\n|upkeep\n|turn|23\n|inactive|Time left: 300 sec this turn | 300 sec total\n|\n|t:|1783558242\n|move|p2a: Scovillain|Protect||[still]\n|-fail|p2a: Scovillain\n|move|p1a: Chi-Yu|Dark Pulse|p2a: Scovillain\n|-damage|p2a: Scovillain|0 fnt\n|faint|p2a: Scovillain\n|\n|win|p0x15717e7f", "uploadtime": 1783558242, "views": 0, "rating": 0, "private": 0, "password": null, "_winner": "p0x15717e7f", "_our_name": "p0x15717e7f"}