{"id": "battle-gen9randombattle-2945", "formatid": "gen9randombattle", "format": "[Gen 9] Random Battle", "players": ["p0x29454aac", "p0y29450ad5"], "log": "|init|battle\n|title|p0x29454aac vs. p0y29450ad5\n|j|\u2606p0x29454aac\n|j|\u2606p0y29450ad5\n|t:|1783572954\n|gametype|singles\n|player|p1|p0x29454aac|266|\n|player|p2|p0y29450ad5|266|\n|gen|9\n|tier|[Gen 9] Random Battle\n|rule|Species Clause: Limit one of each Pok\u00e9mon\n|rule|HP Percentage Mod: HP is shown in percentages\n|rule|Sleep Clause Mod: Limit one foe put to sleep\n|rule|Illusion Level Mod: Illusion disguises the Pok\u00e9mon's true level\n|\n|t:|1783572954\n|teamsize|p1|6\n|teamsize|p2|6\n|start\n|switch|p1a: Trevenant|Trevenant, L89, F|296/296\n|switch|p2a: Dedenne|Dedenne, L88, F|100/100\n|turn|1\n|inactive|Battle timer is ON: inactive players will automatically lose when time's up. (requested by p0y29450ad5)\n|inactive|Time left: 300 sec this turn | 300 sec total | 60 sec grace\n|inactive|p0x29454aac also wants the timer to be on.\n|\n|t:|1783572956\n|switch|p2a: Arboliva|Arboliva, L91, M|100/100\n|move|p1a: Trevenant|Poltergeist|p2a: Arboliva\n|-immune|p2a: Arboliva\n|\n|upkeep\n|turn|2\n|inactive|Time left: 300 sec this turn | 300 sec total\n|\n|t:|1783572957\n|move|p1a: Trevenant|Toxic|p2a: Arboliva\n|-status|p2a: Arboliva|tox\n|move|p2a: Arboliva|Leech Seed|p1a: Trevenant\n|-immune|p1a: Trevenant\n|\n|-damage|p2a: Arboliva|94/100 tox|[from] psn\n|upkeep\n|turn|3\n|inactive|Time left: 300 sec this turn | 300 sec total\n|\n|t:|1783572958\n|switch|p2a: Entei|Entei, L78|100/100\n|move|p1a: Trevenant|Poltergeist|p2a: Entei\n|-activate|p2a: Entei|move: Poltergeist|Choice Band\n|-damage|p2a: Entei|51/100\n|\n|upkeep\n|turn|4\n|inactive|Time left: 300 sec this turn | 300 sec total\n|\n|t:|1783572959\n|move|p1a: Trevenant|Protect|p1a: Trevenant\n|-singleturn|p1a: Trevenant|Protect\n|move|p2a: Entei|Sacred Fire|p1a: Trevenant\n|-activate|p1a: Trevenant|move: Protect\n|\n|upkeep\n|turn|5\n|inactive|Time left: 300 sec this turn | 300 sec total\n|\n|t:|1783572960\n|switch|p1a: Emboar|Emboar, L84, F|322/322\n|move|p2a: Entei|Sacred Fire|p1a: Emboar\n|-resisted|p1a: Emboar\n|-damage|p1a: Emboar|222/322\n|\n|upkeep\n|turn|6\n|inactive|Time left: 300 sec this turn | 300 sec total\n|\n|t:|1783572961\n|move|p2a: Entei|Sacred Fire|p1a: Emboar\n|-resisted|p1a: Emboar\n|-damage|p1a: Emboar|129/322\n|move|p1a: Emboar|Close Combat|p2a: Entei\n|-damage|p2a: Entei|0 fnt\n|-unboost|p1a: Emboar|def|1\n|-unboost|p1a: Emboar|spd|1\n|faint|p2a: Entei\n|\n|upkeep\n|\n|t:|1783572962\n|switch|p2a: Minior|Minior-Indigo, L79|100/100\n|-formechange|p2a: Minior|Minior-Meteor||[from] ability: Shields Down\n|turn|7\n|inactive|Time left: 300 sec this turn | 300 sec total\n|\n|t:|1783572963\n|move|p1a: Emboar|Close Combat|p2a: Minior\n|-damage|p2a: Minior|39/100\n|-unboost|p1a: Emboar|def|1\n|-unboost|p1a: Emboar|spd|1\n|move|p2a: Minior|Shell Smash|p2a: Minior\n|-unboost|p2a: Minior|def|1\n|-unboost|p2a: Minior|spd|1\n|-boost|p2a: Minior|atk|2\n|-boost|p2a: Minior|spa|2\n|-boost|p2a: Minior|spe|2\n|-enditem|p2a: Minior|White Herb\n|-clearnegativeboost|p2a: Minior|[silent]\n|\n|-formechange|p2a: Minior|Minior-Indigo||[from] ability: Shields Down\n|upkeep\n|turn|8\n|inactive|Time left: 300 sec this turn | 300 sec total\n|\n|t:|1783572964\n|move|p1a: Emboar|Sucker Punch|p2a: Minior\n|-damage|p2a: Minior|0 fnt\n|faint|p2a: Minior\n|\n|upkeep\n|\n|t:|1783572965\n|switch|p2a: Dedenne|Dedenne, L88, F|100/100\n|turn|9\n|inactive|Time left: 300 sec this turn | 300 sec total\n|\n|t:|1783572966\n|switch|p1a: Abomasnow|Abomasnow, L84, F|287/287\n|-weather|Snowscape|[from] ability: Snow Warning|[of] p1a: Abomasnow\n|move|p2a: Dedenne|Thunderbolt|p1a: Abomasnow\n|-resisted|p1a: Abomasnow\n|-damage|p1a: Abomasnow|237/287\n|\n|-weather|Snowscape|[upkeep]\n|upkeep\n|turn|10\n|inactive|Time left: 300 sec this turn | 300 sec total\n|\n|t:|1783572967\n|move|p2a: Dedenne|Super Fang|p1a: Abomasnow\n|-damage|p1a: Abomasnow|119/287\n|move|p1a: Abomasnow|Aurora Veil|p1a: Abomasnow\n|-sidestart|p1: p0x29454aac|move: Aurora Veil\n|\n|-weather|Snowscape|[upkeep]\n|upkeep\n|turn|11\n|inactive|Time left: 300 sec this turn | 300 sec total\n|\n|t:|1783572968\n|move|p2a: Dedenne|Nuzzle|p1a: Abomasnow\n|-resisted|p1a: Abomasnow\n|-damage|p1a: Abomasnow|116/287\n|-status|p1a: Abomasnow|par\n|move|p1a: Abomasnow|Blizzard|p2a: Dedenne\n|-damage|p2a: Dedenne|46/100\n|-enditem|p2a: Dedenne|Sitrus Berry|[eat]\n|-heal|p2a: Dedenne|71/100|[from] item: Sitrus Berry\n|-heal|p2a: Dedenne|100/100|[from] ability: Cheek Pouch\n|\n|-weather|Snowscape|[upkeep]\n|upkeep\n|turn|12\n|inactive|Time left: 300 sec this turn | 300 sec total\n|\n|t:|1783572969\n|move|p2a: Dedenne|Super Fang|p1a: Abomasnow\n|-damage|p1a: Abomasnow|58/287 par\n|move|p1a: Abomasnow|Blizzard|p2a: Dedenne\n|-damage|p2a: Dedenne|48/100\n|\n|-weather|Snowscape|[upkeep]\n|upkeep\n|turn|13\n|inactive|Time left: 300 sec this turn | 300 sec total\n|\n|t:|1783572969\n|switch|p2a: Comfey|Comfey, L85, M|100/100\n|move|p1a: Abomasnow|Wood Hammer|p2a: Comfey\n|-damage|p2a: Comfey|51/100\n|-damage|p1a: Abomasnow|21/287 par|[from] Recoil\n|\n|-weather|none\n|-heal|p2a: Comfey|57/100|[from] item: Leftovers\n|upkeep\n|turn|14\n|inactive|Time left: 300 sec this turn | 300 sec total\n|\n|t:|1783572970\n|move|p2a: Comfey|Calm Mind|p2a: Comfey\n|-boost|p2a: Comfey|spa|1\n|-boost|p2a: Comfey|spd|1\n|move|p1a: Abomasnow|Wood Hammer|p2a: Comfey\n|-damage|p2a: Comfey|7/100\n|-damage|p1a: Abomasnow|0 fnt|[from] Recoil\n|faint|p1a: Abomasnow\n|\n|-heal|p2a: Comfey|13/100|[from] item: Leftovers\n|upkeep\n|inactive|Time left: 300 sec this turn | 300 sec total | 5 sec grace\n|\n|t:|1783572971\n|switch|p1a: Rampardos|Rampardos, L90, F|321/321\n|turn|15\n|inactive|Time left: 300 sec this turn | 300 sec total\n|\n|t:|1783572972\n|move|p2a: Comfey|Giga Drain|p1a: Rampardos\n|-supereffective|p1a: Rampardos\n|-damage|p1a: Rampardos|219/321\n|-heal|p2a: Comfey|36/100|[from] drain|[of] p1a: Rampardos\n|move|p1a: Rampardos|Rock Slide|p2a: Comfey|[miss]\n|-miss|p1a: Rampardos|p2a: Comfey\n|\n|-heal|p2a: Comfey|42/100|[from] item: Leftovers\n|upkeep\n|turn|16\n|inactive|Time left: 300 sec this turn | 300 sec total\n|\n|t:|1783572973\n|move|p2a: Comfey|Giga Drain|p1a: Rampardos\n|-supereffective|p1a: Rampardos\n|-damage|p1a: Rampardos|111/321\n|-heal|p2a: Comfey|66/100|[from] drain|[of] p1a: Rampardos\n|move|p1a: Rampardos|Rock Slide|p2a: Comfey\n|-damage|p2a: Comfey|0 fnt\n|faint|p2a: Comfey\n|\n|upkeep\n|\n|t:|1783572974\n|switch|p2a: Dedenne|Dedenne, L88, F|48/100\n|turn|17\n|inactive|Time left: 300 sec this turn | 300 sec total\n|\n|t:|1783572975\n|move|p1a: Rampardos|Rock Slide|p2a: Dedenne\n|-damage|p2a: Dedenne|0 fnt\n|faint|p2a: Dedenne\n|\n|-sideend|p1: p0x29454aac|move: Aurora Veil\n|upkeep\n|\n|t:|1783572976\n|switch|p2a: Regice|Regice, L88|100/100\n|turn|18\n|inactive|Time left: 300 sec this turn | 300 sec total\n|\n|t:|1783572977\n|-terastallize|p2a: Regice|Electric\n|move|p1a: Rampardos|Rock Slide|p2a: Regice\n|-damage|p2a: Regice|45/100\n|move|p2a: Regice|Ice Beam|p1a: Rampardos\n|-damage|p1a: Rampardos|0 fnt\n|faint|p1a: Rampardos\n|\n|upkeep\n|inactive|Time left: 300 sec this turn | 300 sec total | 5 sec grace\n|\n|t:|1783572978\n|switch|p1a: Emboar|Emboar, L84, F|129/322\n|turn|19\n|inactive|Time left: 300 sec this turn | 300 sec total\n|\n|t:|1783572979\n|move|p1a: Emboar|Flare Blitz|p2a: Regice\n|-damage|p2a: Regice|0 fnt\n|faint|p2a: Regice\n|-damage|p1a: Emboar|88/322|[from] Recoil\n|\n|upkeep\n|\n|t:|1783572980\n|switch|p2a: Arboliva|Arboliva, L91, M|94/100 tox\n|turn|20\n|inactive|Time left: 300 sec this turn | 300 sec total\n|\n|t:|1783572981\n|-terastallize|p1a: Emboar|Fire\n|move|p2a: Arboliva|Protect|p2a: Arboliva\n|-singleturn|p2a: Arboliva|Protect\n|move|p1a: Emboar|Flare Blitz|p2a: Arboliva\n|-activate|p2a: Arboliva|move: Protect\n|\n|-damage|p2a: Arboliva|88/100 tox|[from] psn\n|upkeep\n|turn|21\n|inactive|Time left: 300 sec this turn | 300 sec total\n|\n|t:|1783572982\n|move|p2a: Arboliva|Protect||[still]\n|-fail|p2a: Arboliva\n|move|p1a: Emboar|Flare Blitz|p2a: Arboliva\n|-supereffective|p2a: Arboliva\n|-damage|p2a: Arboliva|0 fnt\n|faint|p2a: Arboliva\n|-damage|p1a: Emboar|5/322|[from] Recoil\n|\n|win|p0x29454aac", "uploadtime": 1783572982, "views": 0, "rating": 0, "private": 0, "password": null, "_winner": "p0x29454aac", "_our_name": "p0x29454aac"}