{"id": "battle-gen9randombattle-1890", "formatid": "gen9randombattle", "format": "[Gen 9] Random Battle", "players": ["p0x18903d01", "p0y18907e74"], "log": "|init|battle\n|title|p0x18903d01 vs. p0y18907e74\n|j|\u2606p0x18903d01\n|j|\u2606p0y18907e74\n|t:|1783561882\n|gametype|singles\n|player|p1|p0x18903d01|2|\n|player|p2|p0y18907e74|2|\n|gen|9\n|tier|[Gen 9] Random Battle\n|rule|Species Clause: Limit one of each Pok\u00e9mon\n|rule|HP Percentage Mod: HP is shown in percentages\n|rule|Sleep Clause Mod: Limit one foe put to sleep\n|rule|Illusion Level Mod: Illusion disguises the Pok\u00e9mon's true level\n|\n|t:|1783561882\n|teamsize|p1|6\n|teamsize|p2|6\n|start\n|switch|p1a: Grumpig|Grumpig, L92, M|100/100\n|switch|p2a: Salazzle|Salazzle, L83, F|249/249\n|turn|1\n|inactive|Battle timer is ON: inactive players will automatically lose when time's up. (requested by p0y18907e74)\n|inactive|p0x18903d01 also wants the timer to be on.\n|\n|t:|1783561884\n|switch|p2a: Beartic|Beartic, L91, F|321/321\n|move|p1a: Grumpig|Psychic|p2a: Beartic\n|-damage|p2a: Beartic|165/321\n|-unboost|p2a: Beartic|spd|1\n|\n|upkeep\n|turn|2\n|inactive|Time left: 300 sec this turn | 300 sec total\n|\n|t:|1783561885\n|move|p1a: Grumpig|Psychic|p2a: Beartic\n|-crit|p2a: Beartic\n|-damage|p2a: Beartic|0 fnt\n|faint|p2a: Beartic\n|\n|upkeep\n|inactive|Time left: 300 sec this turn | 300 sec total | 5 sec grace\n|\n|t:|1783561886\n|switch|p2a: Falinks|Falinks, L84|246/246\n|turn|3\n|inactive|Time left: 300 sec this turn | 300 sec total\n|\n|t:|1783561888\n|-terastallize|p2a: Falinks|Dark\n|move|p1a: Grumpig|Psychic|p2a: Falinks\n|-immune|p2a: Falinks\n|move|p2a: Falinks|No Retreat|p2a: Falinks\n|-boost|p2a: Falinks|atk|1\n|-boost|p2a: Falinks|def|1\n|-boost|p2a: Falinks|spa|1\n|-boost|p2a: Falinks|spd|1\n|-boost|p2a: Falinks|spe|1\n|-start|p2a: Falinks|move: No Retreat\n|\n|upkeep\n|turn|4\n|inactive|Time left: 300 sec this turn | 300 sec total\n|\n|t:|1783561889\n|switch|p1a: Iron Valiant|Iron Valiant, L78|100/100\n|move|p2a: Falinks|Knock Off|p1a: Iron Valiant\n|-resisted|p1a: Iron Valiant\n|-damage|p1a: Iron Valiant|78/100\n|-enditem|p1a: Iron Valiant|Life Orb|[from] move: Knock Off|[of] p2a: Falinks\n|-damage|p2a: Falinks|222/246|[from] item: Life Orb\n|\n|upkeep\n|turn|5\n|inactive|Time left: 300 sec this turn | 300 sec total\n|\n|t:|1783561890\n|-end|p1a: Iron Valiant|Quark Drive|[silent]\n|switch|p1a: Empoleon|Empoleon, L84, M|100/100\n|move|p2a: Falinks|Iron Head|p1a: Empoleon\n|-resisted|p1a: Empoleon\n|-damage|p1a: Empoleon|90/100\n|-damage|p2a: Falinks|198/246|[from] item: Life Orb\n|\n|-heal|p1a: Empoleon|96/100|[from] item: Leftovers\n|upkeep\n|turn|6\n|inactive|Time left: 300 sec this turn | 300 sec total\n|\n|t:|1783561891\n|-terastallize|p1a: Empoleon|Grass\n|move|p2a: Falinks|Knock Off|p1a: Empoleon\n|-damage|p1a: Empoleon|19/100\n|-enditem|p1a: Empoleon|Leftovers|[from] move: Knock Off|[of] p2a: Falinks\n|-damage|p2a: Falinks|174/246|[from] item: Life Orb\n|move|p1a: Empoleon|Roar|p2a: Falinks\n|drag|p2a: Manaphy|Manaphy, L78|284/284\n|\n|upkeep\n|turn|7\n|inactive|Time left: 300 sec this turn | 300 sec total\n|\n|t:|1783561892\n|switch|p1a: Pikachu|Pikachu, L93, F|100/100\n|move|p2a: Manaphy|Tail Glow|p2a: Manaphy\n|-boost|p2a: Manaphy|spa|3\n|\n|upkeep\n|turn|8\n|inactive|Time left: 300 sec this turn | 300 sec total\n|\n|t:|1783561893\n|switch|p2a: Rampardos|Rampardos, L90, F|321/321\n|move|p1a: Pikachu|Volt Tackle|p2a: Rampardos\n|-damage|p2a: Rampardos|68/321\n|-damage|p1a: Pikachu|62/100|[from] Recoil\n|\n|upkeep\n|turn|9\n|inactive|Time left: 300 sec this turn | 300 sec total\n|\n|t:|1783561894\n|move|p1a: Pikachu|Surf|p2a: Rampardos\n|-supereffective|p2a: Rampardos\n|-damage|p2a: Rampardos|0 fnt\n|faint|p2a: Rampardos\n|\n|upkeep\n|inactive|Time left: 300 sec this turn | 300 sec total | 5 sec grace\n|\n|t:|1783561895\n|switch|p2a: Salazzle|Salazzle, L83, F|249/249\n|turn|10\n|inactive|Time left: 300 sec this turn | 300 sec total\n|\n|t:|1783561895\n|switch|p1a: Grumpig|Grumpig, L92, M|100/100\n|move|p2a: Salazzle|Sludge Wave|p1a: Grumpig\n|-damage|p1a: Grumpig|71/100\n|\n|upkeep\n|turn|11\n|inactive|Time left: 300 sec this turn | 300 sec total\n|\n|t:|1783561896\n|switch|p2a: Falinks|Falinks, L84, tera:Dark|174/246\n|move|p1a: Grumpig|Earth Power|p2a: Falinks\n|-damage|p2a: Falinks|22/246\n|\n|upkeep\n|turn|12\n|inactive|Time left: 300 sec this turn | 300 sec total\n|\n|t:|1783561897\n|switch|p2a: Manaphy|Manaphy, L78|284/284\n|move|p1a: Grumpig|Earth Power|p2a: Manaphy\n|-damage|p2a: Manaphy|173/284\n|\n|-heal|p2a: Manaphy|190/284|[from] item: Leftovers\n|upkeep\n|turn|13\n|inactive|Time left: 300 sec this turn | 300 sec total\n|\n|t:|1783561898\n|move|p2a: Manaphy|Hydro Pump|p1a: Grumpig\n|-damage|p1a: Grumpig|43/100\n|move|p1a: Grumpig|Earth Power|p2a: Manaphy\n|-damage|p2a: Manaphy|92/284\n|\n|-heal|p2a: Manaphy|109/284|[from] item: Leftovers\n|upkeep\n|turn|14\n|inactive|Time left: 300 sec this turn | 300 sec total\n|\n|t:|1783561899\n|move|p2a: Manaphy|Tail Glow|p2a: Manaphy\n|-boost|p2a: Manaphy|spa|3\n|move|p1a: Grumpig|Earth Power|p2a: Manaphy\n|-damage|p2a: Manaphy|7/284\n|-unboost|p2a: Manaphy|spd|1\n|\n|-heal|p2a: Manaphy|24/284|[from] item: Leftovers\n|upkeep\n|turn|15\n|inactive|Time left: 300 sec this turn | 300 sec total\n|\n|t:|1783561900\n|move|p2a: Manaphy|Hydro Pump|p1a: Grumpig\n|-damage|p1a: Grumpig|0 fnt\n|faint|p1a: Grumpig\n|\n|-heal|p2a: Manaphy|41/284|[from] item: Leftovers\n|upkeep\n|\n|t:|1783561900\n|switch|p1a: Pikachu|Pikachu, L93, F|62/100\n|turn|16\n|inactive|Time left: 300 sec this turn | 300 sec total\n|\n|t:|1783561901\n|move|p1a: Pikachu|Knock Off|p2a: Manaphy\n|-crit|p2a: Manaphy\n|-damage|p2a: Manaphy|0 fnt\n|-enditem|p2a: Manaphy|Leftovers|[from] move: Knock Off|[of] p1a: Pikachu\n|faint|p2a: Manaphy\n|\n|upkeep\n|inactive|Time left: 300 sec this turn | 300 sec total | 5 sec grace\n|\n|t:|1783561902\n|switch|p2a: Salazzle|Salazzle, L83, F|249/249\n|turn|17\n|inactive|Time left: 300 sec this turn | 300 sec total\n|\n|t:|1783561903\n|switch|p1a: Arcanine|Arcanine-Hisui, L79, M|100/100\n|move|p2a: Salazzle|Sludge Wave|p1a: Arcanine\n|-resisted|p1a: Arcanine\n|-damage|p1a: Arcanine|80/100\n|\n|upkeep\n|turn|18\n|inactive|Time left: 300 sec this turn | 300 sec total\n|\n|t:|1783561904\n|switch|p2a: Falinks|Falinks, L84, tera:Dark|22/246\n|move|p1a: Arcanine|Head Smash|p2a: Falinks|[miss]\n|-miss|p1a: Arcanine|p2a: Falinks\n|\n|upkeep\n|turn|19\n|inactive|Time left: 300 sec this turn | 300 sec total\n|\n|t:|1783561905\n|move|p1a: Arcanine|Flare Blitz|p2a: Falinks\n|-damage|p2a: Falinks|0 fnt\n|faint|p2a: Falinks\n|\n|upkeep\n|inactive|Time left: 300 sec this turn | 300 sec total | 5 sec grace\n|\n|t:|1783561906\n|switch|p2a: Delibird|Delibird, F|252/252\n|turn|20\n|inactive|Time left: 300 sec this turn | 300 sec total\n|\n|t:|1783561906\n|move|p2a: Delibird|Drill Run|p1a: Arcanine\n|-supereffective|p1a: Arcanine\n|-damage|p1a: Arcanine|0 fnt\n|faint|p1a: Arcanine\n|\n|upkeep\n|\n|t:|1783561907\n|switch|p1a: Pikachu|Pikachu, L93, F|62/100\n|turn|21\n|inactive|Time left: 300 sec this turn | 300 sec total\n|\n|t:|1783561908\n|move|p1a: Pikachu|Volt Tackle|p2a: Delibird\n|-supereffective|p2a: Delibird\n|-damage|p2a: Delibird|0 fnt\n|faint|p2a: Delibird\n|-damage|p1a: Pikachu|24/100|[from] Recoil\n|\n|upkeep\n|inactive|Time left: 300 sec this turn | 300 sec total | 5 sec grace\n|\n|t:|1783561909\n|switch|p2a: Salazzle|Salazzle, L83, F|249/249\n|turn|22\n|inactive|Time left: 300 sec this turn | 300 sec total\n|\n|t:|1783561910\n|move|p2a: Salazzle|Sludge Wave|p1a: Pikachu\n|-damage|p1a: Pikachu|0 fnt\n|faint|p1a: Pikachu\n|\n|upkeep\n|\n|t:|1783561911\n|switch|p1a: Iron Valiant|Iron Valiant, L78|78/100\n|turn|23\n|inactive|Time left: 300 sec this turn | 300 sec total\n|\n|t:|1783561912\n|move|p2a: Salazzle|Nasty Plot|p2a: Salazzle\n|-boost|p2a: Salazzle|spa|2\n|move|p1a: Iron Valiant|Knock Off|p2a: Salazzle\n|-damage|p2a: Salazzle|152/249\n|-enditem|p2a: Salazzle|Heavy-Duty Boots|[from] move: Knock Off|[of] p1a: Iron Valiant\n|\n|upkeep\n|turn|24\n|inactive|Time left: 300 sec this turn | 300 sec total\n|\n|t:|1783561913\n|move|p2a: Salazzle|Sludge Wave|p1a: Iron Valiant\n|-supereffective|p1a: Iron Valiant\n|-damage|p1a: Iron Valiant|0 fnt\n|faint|p1a: Iron Valiant\n|-end|p1a: Iron Valiant|Quark Drive|[silent]\n|\n|upkeep\n|\n|t:|1783561914\n|switch|p1a: Empoleon|Empoleon, L84, M, tera:Grass|19/100\n|turn|25\n|inactive|Time left: 300 sec this turn | 300 sec total\n|\n|t:|1783561915\n|move|p2a: Salazzle|Sludge Wave|p1a: Empoleon\n|-supereffective|p1a: Empoleon\n|-damage|p1a: Empoleon|0 fnt\n|faint|p1a: Empoleon\n|\n|upkeep\n|\n|t:|1783561916\n|switch|p1a: Ogerpon|Ogerpon, L80, F|100/100\n|turn|26\n|inactive|Time left: 300 sec this turn | 300 sec total\n|\n|t:|1783561917\n|move|p2a: Salazzle|Sludge Wave|p1a: Ogerpon\n|-supereffective|p1a: Ogerpon\n|-crit|p1a: Ogerpon\n|-damage|p1a: Ogerpon|0 fnt\n|faint|p1a: Ogerpon\n|\n|win|p0y18907e74", "uploadtime": 1783561917, "views": 0, "rating": 0, "private": 0, "password": null, "_winner": "p0y18907e74", "_our_name": "p0y18907e74"}