{"id": "battle-gen9randombattle-2732", "formatid": "gen9randombattle", "format": "[Gen 9] Random Battle", "players": ["p0x27321fb9", "p0y27329517"], "log": "|init|battle\n|title|p0x27321fb9 vs. p0y27329517\n|j|\u2606p0x27321fb9\n|j|\u2606p0y27329517\n|t:|1783571507\n|gametype|singles\n|player|p1|p0x27321fb9|169|\n|player|p2|p0y27329517|1|\n|gen|9\n|tier|[Gen 9] Random Battle\n|rule|Species Clause: Limit one of each Pok\u00e9mon\n|rule|HP Percentage Mod: HP is shown in percentages\n|rule|Sleep Clause Mod: Limit one foe put to sleep\n|rule|Illusion Level Mod: Illusion disguises the Pok\u00e9mon's true level\n|\n|t:|1783571507\n|teamsize|p1|6\n|teamsize|p2|6\n|start\n|switch|p1a: Kingdra|Kingdra, L84, M|100/100\n|switch|p2a: Scyther|Scyther, L82, F|249/249\n|turn|1\n|inactive|Battle timer is ON: inactive players will automatically lose when time's up. (requested by p0y27329517)\n|inactive|p0x27321fb9 also wants the timer to be on.\n|\n|t:|1783571508\n|move|p2a: Scyther|Dual Wingbeat|p1a: Kingdra|[miss]\n|-miss|p2a: Scyther|p1a: Kingdra\n|move|p1a: Kingdra|Hurricane|p2a: Scyther\n|-supereffective|p2a: Scyther\n|-damage|p2a: Scyther|41/249\n|-damage|p1a: Kingdra|91/100|[from] item: Life Orb\n|\n|upkeep\n|turn|2\n|inactive|Time left: 300 sec this turn | 300 sec total\n|\n|t:|1783571509\n|move|p2a: Scyther|Dual Wingbeat|p1a: Kingdra\n|-damage|p1a: Kingdra|69/100\n|-damage|p1a: Kingdra|43/100\n|-hitcount|p1a: Kingdra|2\n|move|p1a: Kingdra|Wave Crash|p2a: Scyther\n|-damage|p2a: Scyther|0 fnt\n|faint|p2a: Scyther\n|-damage|p1a: Kingdra|38/100|[from] Recoil\n|-damage|p1a: Kingdra|28/100|[from] item: Life Orb\n|\n|upkeep\n|inactive|Time left: 300 sec this turn | 300 sec total | 5 sec grace\n|\n|t:|1783571510\n|switch|p2a: Chien-Pao|Chien-Pao, L72|234/234\n|-ability|p2a: Chien-Pao|Sword of Ruin\n|turn|3\n|inactive|Time left: 300 sec this turn | 300 sec total\n|\n|t:|1783571511\n|switch|p1a: Eelektross|Eelektross, L87, M|100/100\n|move|p2a: Chien-Pao|Throat Chop|p1a: Eelektross\n|-damage|p1a: Eelektross|63/100\n|-start|p1a: Eelektross|Throat Chop|[silent]\n|\n|upkeep\n|turn|4\n|inactive|Time left: 300 sec this turn | 300 sec total\n|\n|t:|1783571512\n|move|p2a: Chien-Pao|Icicle Crash|p1a: Eelektross\n|-damage|p1a: Eelektross|28/100\n|move|p1a: Eelektross|Discharge|p2a: Chien-Pao\n|-damage|p2a: Chien-Pao|96/234\n|\n|-end|p1a: Eelektross|Throat Chop|[silent]\n|upkeep\n|turn|5\n|inactive|Time left: 300 sec this turn | 300 sec total\n|\n|t:|1783571513\n|switch|p1a: Ursaring|Ursaring, L84, F|100/100\n|move|p2a: Chien-Pao|Icicle Crash|p1a: Ursaring\n|-damage|p1a: Ursaring|74/100\n|\n|upkeep\n|turn|6\n|inactive|Time left: 300 sec this turn | 300 sec total\n|\n|t:|1783571514\n|switch|p2a: Garganacl|Garganacl, L80, F|291/291\n|move|p1a: Ursaring|Earthquake|p2a: Garganacl\n|-supereffective|p2a: Garganacl\n|-damage|p2a: Garganacl|163/291\n|\n|-heal|p2a: Garganacl|181/291|[from] item: Leftovers\n|upkeep\n|turn|7\n|inactive|Time left: 300 sec this turn | 300 sec total\n|\n|t:|1783571515\n|move|p1a: Ursaring|Earthquake|p2a: Garganacl\n|-supereffective|p2a: Garganacl\n|-damage|p2a: Garganacl|43/291\n|move|p2a: Garganacl|Stealth Rock|p1a: Ursaring\n|-sidestart|p1: p0x27321fb9|move: Stealth Rock\n|\n|-heal|p2a: Garganacl|61/291|[from] item: Leftovers\n|upkeep\n|turn|8\n|inactive|Time left: 300 sec this turn | 300 sec total\n|\n|t:|1783571516\n|switch|p2a: Hippowdon|Hippowdon, L82, F|311/311\n|-weather|Sandstorm|[from] ability: Sand Stream|[of] p2a: Hippowdon\n|move|p1a: Ursaring|Earthquake|p2a: Hippowdon\n|-damage|p2a: Hippowdon|244/311\n|\n|-weather|Sandstorm|[upkeep]\n|-damage|p1a: Ursaring|68/100|[from] Sandstorm\n|-heal|p2a: Hippowdon|263/311|[from] item: Leftovers\n|upkeep\n|turn|9\n|inactive|Time left: 300 sec this turn | 300 sec total\n|\n|t:|1783571517\n|move|p1a: Ursaring|Body Slam|p2a: Hippowdon\n|-damage|p2a: Hippowdon|164/311\n|-status|p2a: Hippowdon|par\n|move|p2a: Hippowdon|Earthquake|p1a: Ursaring\n|-damage|p1a: Ursaring|40/100\n|\n|-weather|Sandstorm|[upkeep]\n|-damage|p1a: Ursaring|33/100|[from] Sandstorm\n|-heal|p2a: Hippowdon|183/311 par|[from] item: Leftovers\n|upkeep\n|turn|10\n|inactive|Time left: 300 sec this turn | 300 sec total\n|\n|t:|1783571518\n|move|p1a: Ursaring|Rest|p1a: Ursaring\n|-status|p1a: Ursaring|slp|[from] move: Rest\n|-heal|p1a: Ursaring|100/100 slp|[silent]\n|move|p2a: Hippowdon|Earthquake|p1a: Ursaring\n|-damage|p1a: Ursaring|69/100 slp\n|\n|-weather|Sandstorm|[upkeep]\n|-damage|p1a: Ursaring|63/100 slp|[from] Sandstorm\n|-heal|p2a: Hippowdon|202/311 par|[from] item: Leftovers\n|upkeep\n|turn|11\n|inactive|Time left: 300 sec this turn | 300 sec total\n|\n|t:|1783571519\n|cant|p1a: Ursaring|slp\n|move|p1a: Ursaring|Sleep Talk|p1a: Ursaring\n|move|p1a: Ursaring|Rest||[from] move: Sleep Talk|[still]\n|-fail|p1a: Ursaring\n|move|p2a: Hippowdon|Earthquake|p1a: Ursaring\n|-damage|p1a: Ursaring|31/100 slp\n|\n|-weather|Sandstorm|[upkeep]\n|-damage|p1a: Ursaring|25/100 slp|[from] Sandstorm\n|-heal|p2a: Hippowdon|221/311 par|[from] item: Leftovers\n|upkeep\n|turn|12\n|inactive|Time left: 300 sec this turn | 300 sec total\n|\n|t:|1783571521\n|cant|p1a: Ursaring|slp\n|move|p1a: Ursaring|Sleep Talk|p1a: Ursaring\n|move|p1a: Ursaring|Earthquake|p2a: Hippowdon|[from] move: Sleep Talk\n|-damage|p2a: Hippowdon|114/311 par\n|move|p2a: Hippowdon|Earthquake|p1a: Ursaring\n|-damage|p1a: Ursaring|0 fnt\n|faint|p1a: Ursaring\n|\n|-weather|none\n|-heal|p2a: Hippowdon|133/311 par|[from] item: Leftovers\n|upkeep\n|\n|t:|1783571522\n|switch|p1a: Cinccino|Cinccino, L83, F|100/100\n|-damage|p1a: Cinccino|88/100|[from] Stealth Rock\n|turn|13\n|inactive|Time left: 300 sec this turn | 300 sec total\n|\n|t:|1783571523\n|move|p1a: Cinccino|Tidy Up|p1a: Cinccino\n|-sideend|p1: p0x27321fb9|Stealth Rock\n|-activate|p1a: Cinccino|move: Tidy Up\n|-boost|p1a: Cinccino|atk|1\n|-boost|p1a: Cinccino|spe|1\n|move|p2a: Hippowdon|Earthquake|p1a: Cinccino\n|-damage|p1a: Cinccino|29/100\n|\n|-heal|p2a: Hippowdon|152/311 par|[from] item: Leftovers\n|upkeep\n|turn|14\n|inactive|Time left: 300 sec this turn | 300 sec total\n|\n|t:|1783571524\n|switch|p2a: Scovillain|Scovillain, L91, M|266/266\n|move|p1a: Cinccino|Bullet Seed|p2a: Scovillain\n|-resisted|p2a: Scovillain\n|-damage|p2a: Scovillain|256/266\n|-resisted|p2a: Scovillain\n|-damage|p2a: Scovillain|246/266\n|-resisted|p2a: Scovillain\n|-damage|p2a: Scovillain|236/266\n|-resisted|p2a: Scovillain\n|-damage|p2a: Scovillain|226/266\n|-resisted|p2a: Scovillain\n|-damage|p2a: Scovillain|215/266\n|-hitcount|p2a: Scovillain|5\n|\n|upkeep\n|turn|15\n|inactive|Time left: 300 sec this turn | 300 sec total\n|\n|t:|1783571525\n|switch|p2a: Sableye|Sableye, L88, M|231/231\n|move|p1a: Cinccino|Tail Slap|p2a: Sableye\n|-immune|p2a: Sableye\n|\n|upkeep\n|turn|16\n|inactive|Time left: 300 sec this turn | 300 sec total\n|\n|t:|1783571526\n|move|p1a: Cinccino|Triple Axel|p2a: Sableye|[miss]\n|-miss|p1a: Cinccino|p2a: Sableye\n|move|p2a: Sableye|Knock Off|p1a: Cinccino\n|-damage|p1a: Cinccino|0 fnt\n|-enditem|p1a: Cinccino|Loaded Dice|[from] move: Knock Off|[of] p2a: Sableye\n|faint|p1a: Cinccino\n|\n|upkeep\n|\n|t:|1783571527\n|switch|p1a: Scovillain|Scovillain, L91, F|100/100\n|turn|17\n|inactive|Time left: 300 sec this turn | 300 sec total\n|\n|t:|1783571528\n|move|p2a: Sableye|Thunder Wave|p1a: Scovillain\n|-status|p1a: Scovillain|par\n|move|p1a: Scovillain|Fire Blast|p2a: Sableye|[miss]\n|-miss|p1a: Scovillain|p2a: Sableye\n|\n|upkeep\n|turn|18\n|inactive|Time left: 300 sec this turn | 300 sec total\n|\n|t:|1783571529\n|move|p2a: Sableye|Knock Off|p1a: Scovillain\n|-damage|p1a: Scovillain|58/100 par\n|-enditem|p1a: Scovillain|Heavy-Duty Boots|[from] move: Knock Off|[of] p2a: Sableye\n|move|p1a: Scovillain|Fire Blast|p2a: Sableye\n|-damage|p2a: Sableye|47/231\n|-status|p2a: Sableye|brn\n|\n|-heal|p2a: Sableye|61/231 brn|[from] item: Leftovers\n|-damage|p2a: Sableye|47/231 brn|[from] brn\n|upkeep\n|turn|19\n|inactive|Time left: 300 sec this turn | 300 sec total\n|\n|t:|1783571530\n|move|p2a: Sableye|Recover|p2a: Sableye\n|-heal|p2a: Sableye|163/231 brn\n|move|p1a: Scovillain|Energy Ball|p2a: Sableye\n|-damage|p2a: Sableye|30/231 brn\n|\n|-heal|p2a: Sableye|44/231 brn|[from] item: Leftovers\n|-damage|p2a: Sableye|30/231 brn|[from] brn\n|upkeep\n|turn|20\n|inactive|Time left: 300 sec this turn | 300 sec total\n|\n|t:|1783571531\n|move|p2a: Sableye|Recover|p2a: Sableye\n|-heal|p2a: Sableye|146/231 brn\n|move|p1a: Scovillain|Fire Blast|p2a: Sableye\n|-damage|p2a: Sableye|0 fnt\n|faint|p2a: Sableye\n|\n|upkeep\n|inactive|Time left: 300 sec this turn | 300 sec total | 5 sec grace\n|\n|t:|1783571532\n|switch|p2a: Scovillain|Scovillain, L91, M|215/266\n|turn|21\n|inactive|Time left: 300 sec this turn | 300 sec total\n|\n|t:|1783571533\n|move|p2a: Scovillain|Fire Blast|p1a: Scovillain|[miss]\n|-miss|p2a: Scovillain|p1a: Scovillain\n|move|p1a: Scovillain|Fire Blast|p2a: Scovillain\n|-damage|p2a: Scovillain|44/266\n|\n|upkeep\n|turn|22\n|inactive|Time left: 300 sec this turn | 300 sec total\n|\n|t:|1783571534\n|move|p2a: Scovillain|Fire Blast|p1a: Scovillain\n|-damage|p1a: Scovillain|0 fnt\n|faint|p1a: Scovillain\n|\n|upkeep\n|\n|t:|1783571535\n|switch|p1a: Thundurus|Thundurus-Therian, L80, M|100/100\n|turn|23\n|inactive|Time left: 300 sec this turn | 300 sec total\n|\n|t:|1783571536\n|switch|p2a: Hippowdon|Hippowdon, L82, F|152/311 par\n|-weather|Sandstorm|[from] ability: Sand Stream|[of] p2a: Hippowdon\n|move|p1a: Thundurus|Nasty Plot|p1a: Thundurus\n|-boost|p1a: Thundurus|spa|2\n|\n|-weather|Sandstorm|[upkeep]\n|-damage|p1a: Thundurus|94/100|[from] Sandstorm\n|-heal|p2a: Hippowdon|171/311 par|[from] item: Leftovers\n|upkeep\n|turn|24\n|inactive|Time left: 300 sec this turn | 300 sec total\n|\n|t:|1783571537\n|move|p1a: Thundurus|Focus Blast|p2a: Hippowdon\n|-damage|p2a: Hippowdon|0 fnt\n|faint|p2a: Hippowdon\n|\n|-weather|Sandstorm|[upkeep]\n|-damage|p1a: Thundurus|88/100|[from] Sandstorm\n|upkeep\n|inactive|Time left: 300 sec this turn | 300 sec total | 5 sec grace\n|\n|t:|1783571538\n|switch|p2a: Chien-Pao|Chien-Pao, L72|96/234\n|-ability|p2a: Chien-Pao|Sword of Ruin\n|turn|25\n|inactive|Time left: 300 sec this turn | 300 sec total\n|\n|t:|1783571539\n|switch|p1a: Kingdra|Kingdra, L84, M|28/100\n|move|p2a: Chien-Pao|Icicle Crash|p1a: Kingdra\n|-damage|p1a: Kingdra|0 fnt\n|faint|p1a: Kingdra\n|\n|-weather|Sandstorm|[upkeep]\n|-damage|p2a: Chien-Pao|82/234|[from] Sandstorm\n|upkeep\n|\n|t:|1783571540\n|switch|p1a: Eelektross|Eelektross, L87, M|28/100\n|turn|26\n|inactive|Time left: 300 sec this turn | 300 sec total\n|\n|t:|1783571541\n|switch|p1a: Thundurus|Thundurus-Therian, L80, M|88/100\n|move|p2a: Chien-Pao|Throat Chop|p1a: Thundurus\n|-damage|p1a: Thundurus|40/100\n|-start|p1a: Thundurus|Throat Chop|[silent]\n|\n|-weather|Sandstorm|[upkeep]\n|-damage|p2a: Chien-Pao|68/234|[from] Sandstorm\n|-damage|p1a: Thundurus|34/100|[from] Sandstorm\n|upkeep\n|turn|27\n|inactive|Time left: 300 sec this turn | 300 sec total\n|\n|t:|1783571543\n|-terastallize|p2a: Chien-Pao|Fighting\n|move|p2a: Chien-Pao|Throat Chop|p1a: Thundurus\n|-damage|p1a: Thundurus|0 fnt\n|faint|p1a: Thundurus\n|\n|-weather|none\n|upkeep\n|\n|t:|1783571544\n|switch|p1a: Eelektross|Eelektross, L87, M|28/100\n|turn|28\n|inactive|Time left: 300 sec this turn | 300 sec total\n|\n|t:|1783571544\n|move|p2a: Chien-Pao|Throat Chop|p1a: Eelektross\n|-damage|p1a: Eelektross|0 fnt\n|faint|p1a: Eelektross\n|\n|win|p0y27329517", "uploadtime": 1783571545, "views": 0, "rating": 0, "private": 0, "password": null, "_winner": "p0y27329517", "_our_name": "p0y27329517"}