{"id": "battle-gen9randombattle-1968", "formatid": "gen9randombattle", "format": "[Gen 9] Random Battle", "players": ["p0x19688846", "p0y1968851f"], "log": "|init|battle\n|title|p0x19688846 vs. p0y1968851f\n|j|\u2606p0x19688846\n|j|\u2606p0y1968851f\n|t:|1783562041\n|gametype|singles\n|player|p1|p0x19688846|170|\n|player|p2|p0y1968851f|170|\n|gen|9\n|tier|[Gen 9] Random Battle\n|rule|Species Clause: Limit one of each Pok\u00e9mon\n|rule|HP Percentage Mod: HP is shown in percentages\n|rule|Sleep Clause Mod: Limit one foe put to sleep\n|rule|Illusion Level Mod: Illusion disguises the Pok\u00e9mon's true level\n|\n|t:|1783562041\n|teamsize|p1|6\n|teamsize|p2|6\n|start\n|switch|p1a: Jolteon|Jolteon, L84, F|246/246\n|switch|p2a: Tauros|Tauros-Paldea-Aqua, L81, M|100/100\n|-ability|p2a: Tauros|Intimidate|boost\n|-unboost|p1a: Jolteon|atk|1\n|turn|1\n|inactive|Battle timer is ON: inactive players will automatically lose when time's up. (requested by p0y1968851f)\n|inactive|Time left: 300 sec this turn | 300 sec total | 60 sec grace\n|\n|t:|1783562042\n|switch|p2a: Mamoswine|Mamoswine, L81, F|100/100\n|move|p1a: Jolteon|Thunderbolt|p2a: Mamoswine\n|-immune|p2a: Mamoswine\n|\n|upkeep\n|turn|2\n|inactive|Time left: 300 sec this turn | 300 sec total\n|inactive|p0x19688846 also wants the timer to be on.\n|\n|t:|1783562044\n|switch|p1a: Heatran|Heatran, L79, F|273/273\n|-item|p1a: Heatran|Air Balloon\n|move|p2a: Mamoswine|Icicle Crash|p1a: Heatran\n|-resisted|p1a: Heatran\n|-damage|p1a: Heatran|237/273\n|-enditem|p1a: Heatran|Air Balloon\n|\n|upkeep\n|turn|3\n|inactive|Time left: 300 sec this turn | 300 sec total\n|\n|t:|1783562045\n|move|p2a: Mamoswine|Icicle Crash|p1a: Heatran\n|-resisted|p1a: Heatran\n|-damage|p1a: Heatran|201/273\n|move|p1a: Heatran|Lava Plume|p2a: Mamoswine\n|-supereffective|p2a: Mamoswine\n|-damage|p2a: Mamoswine|63/100\n|\n|upkeep\n|turn|4\n|inactive|Time left: 300 sec this turn | 300 sec total\n|\n|t:|1783562046\n|move|p2a: Mamoswine|Icicle Crash|p1a: Heatran\n|-resisted|p1a: Heatran\n|-damage|p1a: Heatran|162/273\n|move|p1a: Heatran|Stealth Rock|p2a: Mamoswine\n|-sidestart|p2: p0y1968851f|move: Stealth Rock\n|\n|upkeep\n|turn|5\n|inactive|Time left: 300 sec this turn | 300 sec total\n|\n|t:|1783562047\n|move|p2a: Mamoswine|Icicle Crash|p1a: Heatran\n|-resisted|p1a: Heatran\n|-damage|p1a: Heatran|125/273\n|move|p1a: Heatran|Lava Plume|p2a: Mamoswine\n|-supereffective|p2a: Mamoswine\n|-damage|p2a: Mamoswine|18/100\n|\n|upkeep\n|turn|6\n|inactive|Time left: 300 sec this turn | 300 sec total\n|\n|t:|1783562048\n|move|p2a: Mamoswine|Icicle Crash|p1a: Heatran\n|-resisted|p1a: Heatran\n|-damage|p1a: Heatran|88/273\n|move|p1a: Heatran|Earth Power|p2a: Mamoswine\n|-damage|p2a: Mamoswine|0 fnt\n|faint|p2a: Mamoswine\n|\n|upkeep\n|\n|t:|1783562049\n|switch|p2a: Tauros|Tauros-Paldea-Aqua, L81, M|100/100\n|-damage|p2a: Tauros|95/100|[from] Stealth Rock\n|-ability|p2a: Tauros|Intimidate|boost\n|-unboost|p1a: Heatran|atk|1\n|turn|7\n|inactive|Time left: 300 sec this turn | 300 sec total\n|\n|t:|1783562050\n|switch|p1a: Fezandipiti|Fezandipiti, L82, M|278/278\n|move|p2a: Tauros|Wave Crash|p1a: Fezandipiti\n|-damage|p1a: Fezandipiti|65/278\n|-damage|p2a: Tauros|67/100|[from] Recoil\n|\n|-heal|p1a: Fezandipiti|82/278|[from] item: Leftovers\n|upkeep\n|turn|8\n|inactive|Time left: 300 sec this turn | 300 sec total\n|\n|t:|1783562051\n|move|p1a: Fezandipiti|Play Rough|p2a: Tauros\n|-supereffective|p2a: Tauros\n|-crit|p2a: Tauros\n|-damage|p2a: Tauros|0 fnt\n|faint|p2a: Tauros\n|\n|-heal|p1a: Fezandipiti|99/278|[from] item: Leftovers\n|upkeep\n|\n|t:|1783562052\n|switch|p2a: Arceus|Arceus-Dragon, L71|100/100\n|-damage|p2a: Arceus|88/100|[from] Stealth Rock\n|turn|9\n|inactive|Time left: 300 sec this turn | 300 sec total\n|\n|t:|1783562054\n|move|p2a: Arceus|Heavy Slam|p1a: Fezandipiti\n|-supereffective|p1a: Fezandipiti\n|-damage|p1a: Fezandipiti|0 fnt\n|faint|p1a: Fezandipiti\n|\n|upkeep\n|inactive|Time left: 300 sec this turn | 300 sec total | 5 sec grace\n|\n|t:|1783562054\n|switch|p1a: Torterra|Torterra, L78, F|276/276\n|turn|10\n|inactive|Time left: 300 sec this turn | 300 sec total\n|\n|t:|1783562056\n|move|p2a: Arceus|Outrage|p1a: Torterra\n|-damage|p1a: Torterra|156/276\n|move|p1a: Torterra|Shell Smash|p1a: Torterra\n|-unboost|p1a: Torterra|def|1\n|-unboost|p1a: Torterra|spd|1\n|-boost|p1a: Torterra|atk|2\n|-boost|p1a: Torterra|spa|2\n|-boost|p1a: Torterra|spe|2\n|\n|upkeep\n|turn|11\n|inactive|Time left: 300 sec this turn | 300 sec total\n|\n|t:|1783562056\n|-terastallize|p1a: Torterra|Ground\n|move|p1a: Torterra|Headlong Rush|p2a: Arceus\n|-damage|p2a: Arceus|0 fnt\n|-unboost|p1a: Torterra|def|1\n|-unboost|p1a: Torterra|spd|1\n|faint|p2a: Arceus\n|\n|upkeep\n|\n|t:|1783562057\n|switch|p2a: Regirock|Regirock, L83|100/100\n|-damage|p2a: Regirock|88/100|[from] Stealth Rock\n|turn|12\n|inactive|Time left: 300 sec this turn | 300 sec total\n|\n|t:|1783562058\n|-terastallize|p2a: Regirock|Fighting\n|move|p1a: Torterra|Headlong Rush|p2a: Regirock\n|-damage|p2a: Regirock|28/100\n|-unboost|p1a: Torterra|def|1\n|-unboost|p1a: Torterra|spd|1\n|move|p2a: Regirock|Body Press|p1a: Torterra\n|-damage|p1a: Torterra|0 fnt\n|faint|p1a: Torterra\n|\n|upkeep\n|inactive|Time left: 300 sec this turn | 300 sec total | 5 sec grace\n|\n|t:|1783562059\n|switch|p1a: Girafarig|Girafarig, L89, F|269/269\n|turn|13\n|inactive|Time left: 300 sec this turn | 300 sec total\n|\n|t:|1783562060\n|switch|p2a: Registeel|Registeel, L81|100/100\n|-damage|p2a: Registeel|94/100|[from] Stealth Rock\n|move|p1a: Girafarig|Hyper Voice|p2a: Registeel\n|-resisted|p2a: Registeel\n|-damage|p2a: Registeel|81/100\n|\n|upkeep\n|turn|14\n|inactive|Time left: 300 sec this turn | 300 sec total\n|\n|t:|1783562061\n|move|p1a: Girafarig|Nasty Plot|p1a: Girafarig\n|-boost|p1a: Girafarig|spa|2\n|move|p2a: Registeel|Iron Defense|p2a: Registeel\n|-boost|p2a: Registeel|def|2\n|\n|upkeep\n|turn|15\n|inactive|Time left: 300 sec this turn | 300 sec total\n|\n|t:|1783562062\n|move|p1a: Girafarig|Nasty Plot|p1a: Girafarig\n|-boost|p1a: Girafarig|spa|2\n|move|p2a: Registeel|Body Press|p1a: Girafarig\n|-crit|p1a: Girafarig\n|-damage|p1a: Girafarig|99/269\n|\n|upkeep\n|turn|16\n|inactive|Time left: 300 sec this turn | 300 sec total\n|\n|t:|1783562063\n|move|p1a: Girafarig|Thunderbolt|p2a: Registeel\n|-damage|p2a: Registeel|26/100\n|move|p2a: Registeel|Body Press|p1a: Girafarig\n|-damage|p1a: Girafarig|0 fnt\n|faint|p1a: Girafarig\n|\n|upkeep\n|inactive|Time left: 300 sec this turn | 300 sec total | 5 sec grace\n|\n|t:|1783562064\n|switch|p1a: Heatran|Heatran, L79, F|88/273\n|turn|17\n|inactive|Time left: 300 sec this turn | 300 sec total\n|\n|t:|1783562065\n|switch|p2a: Annihilape|Annihilape, L76, F|100/100\n|-damage|p2a: Annihilape|94/100|[from] Stealth Rock\n|move|p1a: Heatran|Lava Plume|p2a: Annihilape\n|-damage|p2a: Annihilape|61/100\n|-status|p2a: Annihilape|brn\n|\n|-damage|p2a: Annihilape|55/100 brn|[from] brn\n|upkeep\n|turn|18\n|inactive|Time left: 300 sec this turn | 300 sec total\n|\n|t:|1783562065\n|switch|p1a: Jolteon|Jolteon, L84, F|246/246\n|move|p2a: Annihilape|Rest|p2a: Annihilape\n|-status|p2a: Annihilape|slp|[from] move: Rest\n|-heal|p2a: Annihilape|100/100 slp|[silent]\n|-enditem|p2a: Annihilape|Chesto Berry|[eat]\n|-curestatus|p2a: Annihilape|slp|[msg]\n|\n|upkeep\n|turn|19\n|inactive|Time left: 300 sec this turn | 300 sec total\n|\n|t:|1783562066\n|move|p1a: Jolteon|Alluring Voice|p2a: Annihilape\n|-supereffective|p2a: Annihilape\n|-damage|p2a: Annihilape|44/100\n|-damage|p1a: Jolteon|222/246|[from] item: Life Orb\n|move|p2a: Annihilape|Bulk Up|p2a: Annihilape\n|-boost|p2a: Annihilape|atk|1\n|-boost|p2a: Annihilape|def|1\n|\n|upkeep\n|turn|20\n|inactive|Time left: 300 sec this turn | 300 sec total\n|\n|t:|1783562067\n|switch|p2a: Registeel|Registeel, L81|26/100\n|-damage|p2a: Registeel|20/100|[from] Stealth Rock\n|move|p1a: Jolteon|Thunderbolt|p2a: Registeel\n|-damage|p2a: Registeel|0 fnt\n|faint|p2a: Registeel\n|-damage|p1a: Jolteon|198/246|[from] item: Life Orb\n|\n|upkeep\n|\n|t:|1783562068\n|switch|p2a: Regirock|Regirock, L83, tera:Fighting|28/100\n|-damage|p2a: Regirock|23/100|[from] Stealth Rock\n|turn|21\n|inactive|Time left: 300 sec this turn | 300 sec total\n|\n|t:|1783562069\n|switch|p2a: Annihilape|Annihilape, L76, F|44/100\n|-damage|p2a: Annihilape|37/100|[from] Stealth Rock\n|move|p1a: Jolteon|Alluring Voice|p2a: Annihilape\n|-supereffective|p2a: Annihilape\n|-damage|p2a: Annihilape|0 fnt\n|faint|p2a: Annihilape\n|-damage|p1a: Jolteon|174/246|[from] item: Life Orb\n|\n|upkeep\n|\n|t:|1783562070\n|switch|p2a: Regirock|Regirock, L83, tera:Fighting|23/100\n|-damage|p2a: Regirock|17/100|[from] Stealth Rock\n|turn|22\n|inactive|Time left: 300 sec this turn | 300 sec total\n|\n|t:|1783562070\n|move|p1a: Jolteon|Shadow Ball|p2a: Regirock\n|-damage|p2a: Regirock|0 fnt\n|faint|p2a: Regirock\n|-damage|p1a: Jolteon|150/246|[from] item: Life Orb\n|\n|win|p0x19688846", "uploadtime": 1783562070, "views": 0, "rating": 0, "private": 0, "password": null, "_winner": "p0x19688846", "_our_name": "p0x19688846"}