{"id": "battle-gen9randombattle-1472", "formatid": "gen9randombattle", "format": "[Gen 9] Random Battle", "players": ["p0x1472d4d6", "p0y1472de36"], "log": "|init|battle\n|title|p0x1472d4d6 vs. p0y1472de36\n|j|\u2606p0x1472d4d6\n|j|\u2606p0y1472de36\n|t:|1783557136\n|gametype|singles\n|player|p1|p0x1472d4d6|170|\n|player|p2|p0y1472de36|102|\n|gen|9\n|tier|[Gen 9] Random Battle\n|rule|Species Clause: Limit one of each Pok\u00e9mon\n|rule|HP Percentage Mod: HP is shown in percentages\n|rule|Sleep Clause Mod: Limit one foe put to sleep\n|rule|Illusion Level Mod: Illusion disguises the Pok\u00e9mon's true level\n|\n|t:|1783557136\n|teamsize|p1|6\n|teamsize|p2|6\n|start\n|switch|p1a: Leafeon|Leafeon, L88, M|100/100\n|switch|p2a: Amoonguss|Amoonguss, L82, M|321/321\n|turn|1\n|inactive|Battle timer is ON: inactive players will automatically lose when time's up. (requested by p0x1472d4d6)\n|inactive|Time left: 300 sec this turn | 300 sec total | 60 sec grace\n|inactive|p0y1472de36 also wants the timer to be on.\n|\n|t:|1783557138\n|move|p1a: Leafeon|Swords Dance|p1a: Leafeon\n|-boost|p1a: Leafeon|atk|2\n|move|p2a: Amoonguss|Sludge Bomb|p1a: Leafeon\n|-supereffective|p1a: Leafeon\n|-damage|p1a: Leafeon|19/100\n|\n|-heal|p1a: Leafeon|25/100|[from] item: Leftovers\n|upkeep\n|turn|2\n|inactive|Time left: 300 sec this turn | 300 sec total\n|\n|t:|1783557139\n|move|p1a: Leafeon|Knock Off|p2a: Amoonguss\n|-damage|p2a: Amoonguss|108/321\n|-enditem|p2a: Amoonguss|Leftovers|[from] move: Knock Off|[of] p1a: Leafeon\n|move|p2a: Amoonguss|Sludge Bomb|p1a: Leafeon\n|-supereffective|p1a: Leafeon\n|-crit|p1a: Leafeon\n|-damage|p1a: Leafeon|0 fnt\n|faint|p1a: Leafeon\n|\n|upkeep\n|\n|t:|1783557140\n|switch|p1a: Kricketune|Kricketune, L99, F|100/100\n|turn|3\n|inactive|Time left: 300 sec this turn | 300 sec total\n|\n|t:|1783557141\n|switch|p2a: Wyrdeer|Wyrdeer, L87, F|321/321\n|-ability|p2a: Wyrdeer|Intimidate|boost\n|-unboost|p1a: Kricketune|atk|1\n|move|p1a: Kricketune|Sticky Web|p2a: Wyrdeer\n|-sidestart|p2: p0y1472de36|move: Sticky Web\n|\n|upkeep\n|turn|4\n|inactive|Time left: 300 sec this turn | 300 sec total\n|\n|t:|1783557142\n|move|p1a: Kricketune|Pounce|p2a: Wyrdeer\n|-supereffective|p2a: Wyrdeer\n|-damage|p2a: Wyrdeer|165/321\n|-unboost|p2a: Wyrdeer|spe|1\n|move|p2a: Wyrdeer|Body Slam|p1a: Kricketune\n|-damage|p1a: Kricketune|57/100\n|-status|p1a: Kricketune|par\n|\n|upkeep\n|turn|5\n|inactive|Time left: 300 sec this turn | 300 sec total\n|\n|t:|1783557143\n|switch|p1a: Umbreon|Umbreon, L84, F|100/100\n|move|p2a: Wyrdeer|Psychic Noise|p1a: Umbreon\n|-immune|p1a: Umbreon\n|\n|upkeep\n|turn|6\n|inactive|Time left: 300 sec this turn | 300 sec total\n|\n|t:|1783557144\n|switch|p2a: Pecharunt|Pecharunt, L77|262/262\n|-activate|p2a: Pecharunt|move: Sticky Web\n|-unboost|p2a: Pecharunt|spe|1\n|move|p1a: Umbreon|Foul Play|p2a: Pecharunt\n|-supereffective|p2a: Pecharunt\n|-damage|p2a: Pecharunt|178/262\n|\n|-heal|p2a: Pecharunt|194/262|[from] item: Leftovers\n|upkeep\n|turn|7\n|inactive|Time left: 300 sec this turn | 300 sec total\n|\n|t:|1783557145\n|move|p1a: Umbreon|Foul Play|p2a: Pecharunt\n|-supereffective|p2a: Pecharunt\n|-damage|p2a: Pecharunt|98/262\n|move|p2a: Pecharunt|Nasty Plot|p2a: Pecharunt\n|-boost|p2a: Pecharunt|spa|2\n|\n|-heal|p2a: Pecharunt|114/262|[from] item: Leftovers\n|upkeep\n|turn|8\n|inactive|Time left: 300 sec this turn | 300 sec total\n|\n|t:|1783557146\n|move|p1a: Umbreon|Foul Play|p2a: Pecharunt\n|-supereffective|p2a: Pecharunt\n|-damage|p2a: Pecharunt|22/262\n|move|p2a: Pecharunt|Recover|p2a: Pecharunt\n|-heal|p2a: Pecharunt|153/262\n|\n|-heal|p2a: Pecharunt|169/262|[from] item: Leftovers\n|upkeep\n|turn|9\n|inactive|Time left: 300 sec this turn | 300 sec total\n|\n|t:|1783557147\n|move|p1a: Umbreon|Foul Play|p2a: Pecharunt\n|-supereffective|p2a: Pecharunt\n|-damage|p2a: Pecharunt|73/262\n|move|p2a: Pecharunt|Malignant Chain|p1a: Umbreon\n|-damage|p1a: Umbreon|62/100\n|-status|p1a: Umbreon|tox\n|-activate|p1a: Umbreon|ability: Synchronize\n|-immune|p2a: Pecharunt\n|-start|p1a: Umbreon|confusion|[from] ability: Poison Puppeteer|[of] p2a: Pecharunt\n|\n|-heal|p1a: Umbreon|68/100 tox|[from] item: Leftovers\n|-heal|p2a: Pecharunt|89/262|[from] item: Leftovers\n|-damage|p1a: Umbreon|62/100 tox|[from] psn\n|upkeep\n|turn|10\n|inactive|Time left: 300 sec this turn | 300 sec total\n|\n|t:|1783557148\n|-activate|p1a: Umbreon|confusion\n|-damage|p1a: Umbreon|58/100 tox|[from] confusion\n|move|p2a: Pecharunt|Malignant Chain|p1a: Umbreon\n|-damage|p1a: Umbreon|17/100 tox\n|\n|-heal|p1a: Umbreon|23/100 tox|[from] item: Leftovers\n|-heal|p2a: Pecharunt|105/262|[from] item: Leftovers\n|-damage|p1a: Umbreon|11/100 tox|[from] psn\n|upkeep\n|turn|11\n|inactive|Time left: 300 sec this turn | 300 sec total\n|\n|t:|1783557149\n|-activate|p1a: Umbreon|confusion\n|-damage|p1a: Umbreon|7/100 tox|[from] confusion\n|move|p2a: Pecharunt|Recover|p2a: Pecharunt\n|-heal|p2a: Pecharunt|236/262\n|\n|-heal|p1a: Umbreon|13/100 tox|[from] item: Leftovers\n|-heal|p2a: Pecharunt|252/262|[from] item: Leftovers\n|-damage|p1a: Umbreon|0 fnt|[from] psn\n|faint|p1a: Umbreon\n|upkeep\n|\n|t:|1783557150\n|switch|p1a: Glimmora|Glimmora, L75, M|100/100\n|-item|p1a: Glimmora|Air Balloon\n|turn|12\n|inactive|Time left: 300 sec this turn | 300 sec total\n|\n|t:|1783557151\n|move|p1a: Glimmora|Earth Power|p2a: Pecharunt\n|-supereffective|p2a: Pecharunt\n|-damage|p2a: Pecharunt|108/262\n|-unboost|p2a: Pecharunt|spd|1\n|move|p2a: Pecharunt|Shadow Ball|p1a: Glimmora\n|-damage|p1a: Glimmora|32/100\n|-unboost|p1a: Glimmora|spd|1\n|-enditem|p1a: Glimmora|Air Balloon\n|\n|-heal|p2a: Pecharunt|124/262|[from] item: Leftovers\n|upkeep\n|turn|13\n|inactive|Time left: 300 sec this turn | 300 sec total\n|\n|t:|1783557152\n|switch|p2a: Regice|Regice, L88|284/284\n|move|p1a: Glimmora|Earth Power|p2a: Regice\n|-damage|p2a: Regice|253/284\n|\n|upkeep\n|turn|14\n|inactive|Time left: 300 sec this turn | 300 sec total\n|\n|t:|1783557153\n|move|p1a: Glimmora|Stealth Rock|p2a: Regice\n|-sidestart|p2: p0y1472de36|move: Stealth Rock\n|move|p2a: Regice|Ice Beam|p1a: Glimmora\n|-damage|p1a: Glimmora|0 fnt\n|faint|p1a: Glimmora\n|\n|upkeep\n|\n|t:|1783557154\n|switch|p1a: Muk|Muk, L86, F|100/100\n|turn|15\n|inactive|Time left: 300 sec this turn | 300 sec total\n|\n|t:|1783557155\n|move|p2a: Regice|Thunder Wave|p1a: Muk\n|-status|p1a: Muk|par\n|move|p1a: Muk|Knock Off|p2a: Regice\n|-damage|p2a: Regice|181/284\n|-enditem|p2a: Regice|Heavy-Duty Boots|[from] move: Knock Off|[of] p1a: Muk\n|\n|upkeep\n|turn|16\n|inactive|Time left: 300 sec this turn | 300 sec total\n|\n|t:|1783557156\n|move|p2a: Regice|Ice Beam|p1a: Muk\n|-damage|p1a: Muk|81/100 par\n|cant|p1a: Muk|par\n|\n|upkeep\n|turn|17\n|inactive|Time left: 300 sec this turn | 300 sec total\n|\n|t:|1783557158\n|move|p2a: Regice|Ice Beam|p1a: Muk\n|-damage|p1a: Muk|60/100 par\n|move|p1a: Muk|Gunk Shot|p2a: Regice|[miss]\n|-miss|p1a: Muk|p2a: Regice\n|\n|upkeep\n|turn|18\n|inactive|Time left: 300 sec this turn | 300 sec total\n|\n|t:|1783557159\n|move|p2a: Regice|Ice Beam|p1a: Muk\n|-damage|p1a: Muk|40/100 par\n|move|p1a: Muk|Gunk Shot|p2a: Regice\n|-damage|p2a: Regice|54/284\n|\n|upkeep\n|turn|19\n|inactive|Time left: 300 sec this turn | 300 sec total\n|\n|t:|1783557160\n|move|p2a: Regice|Body Press|p1a: Muk\n|-resisted|p1a: Muk\n|-damage|p1a: Muk|28/100 par\n|cant|p1a: Muk|par\n|\n|upkeep\n|turn|20\n|inactive|Time left: 300 sec this turn | 300 sec total\n|\n|t:|1783557161\n|move|p2a: Regice|Ice Beam|p1a: Muk\n|-damage|p1a: Muk|7/100 par\n|cant|p1a: Muk|par\n|\n|upkeep\n|turn|21\n|inactive|Time left: 300 sec this turn | 300 sec total\n|\n|t:|1783557162\n|move|p2a: Regice|Ice Beam|p1a: Muk\n|-crit|p1a: Muk\n|-damage|p1a: Muk|0 fnt\n|faint|p1a: Muk\n|\n|upkeep\n|\n|t:|1783557163\n|switch|p1a: Virizion|Virizion, L82|100/100\n|turn|22\n|inactive|Time left: 300 sec this turn | 300 sec total\n|\n|t:|1783557164\n|move|p1a: Virizion|Swords Dance|p1a: Virizion\n|-boost|p1a: Virizion|atk|2\n|move|p2a: Regice|Ice Beam|p1a: Virizion\n|-supereffective|p1a: Virizion\n|-damage|p1a: Virizion|43/100\n|\n|upkeep\n|turn|23\n|inactive|Time left: 300 sec this turn | 300 sec total\n|\n|t:|1783557165\n|move|p1a: Virizion|Leaf Blade|p2a: Regice\n|-damage|p2a: Regice|0 fnt\n|faint|p2a: Regice\n|-damage|p1a: Virizion|33/100|[from] item: Life Orb\n|\n|upkeep\n|inactive|Time left: 300 sec this turn | 300 sec total | 5 sec grace\n|\n|t:|1783557166\n|switch|p2a: Wyrdeer|Wyrdeer, L87, F|165/321\n|-activate|p2a: Wyrdeer|move: Sticky Web\n|-unboost|p2a: Wyrdeer|spe|1\n|-damage|p2a: Wyrdeer|125/321|[from] Stealth Rock\n|-ability|p2a: Wyrdeer|Intimidate|boost\n|-unboost|p1a: Virizion|atk|1\n|turn|24\n|inactive|Time left: 300 sec this turn | 300 sec total\n|\n|t:|1783557167\n|switch|p2a: Pecharunt|Pecharunt, L77|124/262\n|-activate|p2a: Pecharunt|move: Sticky Web\n|-unboost|p2a: Pecharunt|spe|1\n|-damage|p2a: Pecharunt|92/262|[from] Stealth Rock\n|move|p1a: Virizion|Leaf Blade|p2a: Pecharunt\n|-resisted|p2a: Pecharunt\n|-damage|p2a: Pecharunt|40/262\n|-damage|p1a: Virizion|23/100|[from] item: Life Orb\n|\n|-heal|p2a: Pecharunt|56/262|[from] item: Leftovers\n|upkeep\n|turn|25\n|inactive|Time left: 300 sec this turn | 300 sec total\n|\n|t:|1783557168\n|move|p1a: Virizion|Stone Edge|p2a: Pecharunt\n|-damage|p2a: Pecharunt|0 fnt\n|faint|p2a: Pecharunt\n|-damage|p1a: Virizion|13/100|[from] item: Life Orb\n|\n|upkeep\n|inactive|Time left: 300 sec this turn | 300 sec total | 5 sec grace\n|\n|t:|1783557169\n|switch|p2a: Arceus|Arceus-Grass, L73|296/296\n|-activate|p2a: Arceus|move: Sticky Web\n|-unboost|p2a: Arceus|spe|1\n|-damage|p2a: Arceus|259/296|[from] Stealth Rock\n|turn|26\n|inactive|Time left: 300 sec this turn | 300 sec total\n|\n|t:|1783557170\n|move|p1a: Virizion|Close Combat|p2a: Arceus\n|-damage|p2a: Arceus|68/296\n|-unboost|p1a: Virizion|def|1\n|-unboost|p1a: Virizion|spd|1\n|-damage|p1a: Virizion|3/100|[from] item: Life Orb\n|move|p2a: Arceus|Judgment|p1a: Virizion\n|-resisted|p1a: Virizion\n|-damage|p1a: Virizion|0 fnt\n|faint|p1a: Virizion\n|\n|upkeep\n|\n|t:|1783557171\n|switch|p1a: Kricketune|Kricketune, L99, F|57/100 par\n|turn|27\n|inactive|Time left: 300 sec this turn | 300 sec total\n|\n|t:|1783557171\n|-terastallize|p2a: Arceus|Fire\n|move|p2a: Arceus|Fire Blast|p1a: Kricketune\n|-supereffective|p1a: Kricketune\n|-damage|p1a: Kricketune|0 fnt\n|faint|p1a: Kricketune\n|\n|win|p0y1472de36", "uploadtime": 1783557171, "views": 0, "rating": 0, "private": 0, "password": null, "_winner": "p0y1472de36", "_our_name": "p0y1472de36"}