{"id": "battle-gen9randombattle-929", "formatid": "gen9randombattle", "format": "[Gen 9] Random Battle", "players": ["p0x929ec03", "p0y929183c"], "log": "|init|battle\n|title|p0x929ec03 vs. p0y929183c\n|j|\u2606p0x929ec03\n|j|\u2606p0y929183c\n|t:|1783550669\n|gametype|singles\n|player|p1|p0x929ec03|265|\n|player|p2|p0y929183c|265|\n|gen|9\n|tier|[Gen 9] Random Battle\n|rule|Species Clause: Limit one of each Pok\u00e9mon\n|rule|HP Percentage Mod: HP is shown in percentages\n|rule|Sleep Clause Mod: Limit one foe put to sleep\n|rule|Illusion Level Mod: Illusion disguises the Pok\u00e9mon's true level\n|\n|t:|1783550669\n|teamsize|p1|6\n|teamsize|p2|6\n|start\n|switch|p1a: Walking Wake|Walking Wake, L79|100/100\n|switch|p2a: Vigoroth|Vigoroth, L85, F|275/275\n|turn|1\n|inactive|Battle timer is ON: inactive players will automatically lose when time's up. (requested by p0x929ec03)\n|inactive|Time left: 300 sec this turn | 300 sec total | 60 sec grace\n|inactive|p0y929183c also wants the timer to be on.\n|\n|t:|1783550671\n|-end|p1a: Walking Wake|Protosynthesis|[silent]\n|switch|p1a: Blastoise|Blastoise, L80, F|100/100\n|move|p2a: Vigoroth|Bulk Up|p2a: Vigoroth\n|-boost|p2a: Vigoroth|atk|1\n|-boost|p2a: Vigoroth|def|1\n|\n|upkeep\n|turn|2\n|inactive|Time left: 300 sec this turn | 300 sec total\n|\n|t:|1783550672\n|move|p2a: Vigoroth|Knock Off|p1a: Blastoise\n|-damage|p1a: Blastoise|64/100\n|-enditem|p1a: Blastoise|White Herb|[from] move: Knock Off|[of] p2a: Vigoroth\n|move|p1a: Blastoise|Shell Smash|p1a: Blastoise\n|-unboost|p1a: Blastoise|def|1\n|-unboost|p1a: Blastoise|spd|1\n|-boost|p1a: Blastoise|atk|2\n|-boost|p1a: Blastoise|spa|2\n|-boost|p1a: Blastoise|spe|2\n|\n|upkeep\n|turn|3\n|inactive|Time left: 300 sec this turn | 300 sec total\n|\n|t:|1783550673\n|move|p1a: Blastoise|Hydro Pump|p2a: Vigoroth\n|-damage|p2a: Vigoroth|104/275\n|move|p2a: Vigoroth|Body Slam|p1a: Blastoise\n|-crit|p1a: Blastoise\n|-damage|p1a: Blastoise|0 fnt\n|faint|p1a: Blastoise\n|\n|upkeep\n|\n|t:|1783550674\n|switch|p1a: Walking Wake|Walking Wake, L79|100/100\n|turn|4\n|inactive|Time left: 300 sec this turn | 300 sec total\n|\n|t:|1783550676\n|move|p1a: Walking Wake|Hydro Steam|p2a: Vigoroth\n|-damage|p2a: Vigoroth|1/275\n|-damage|p1a: Walking Wake|91/100|[from] item: Life Orb\n|move|p2a: Vigoroth|Slack Off|p2a: Vigoroth\n|-heal|p2a: Vigoroth|139/275\n|\n|upkeep\n|turn|5\n|inactive|Time left: 300 sec this turn | 300 sec total\n|\n|t:|1783550677\n|move|p1a: Walking Wake|Draco Meteor|p2a: Vigoroth\n|-damage|p2a: Vigoroth|0 fnt\n|-unboost|p1a: Walking Wake|spa|2\n|faint|p2a: Vigoroth\n|-damage|p1a: Walking Wake|81/100|[from] item: Life Orb\n|\n|upkeep\n|inactive|Time left: 300 sec this turn | 300 sec total | 5 sec grace\n|\n|t:|1783550678\n|switch|p2a: Magcargo|Magcargo, L95, M|268/268\n|turn|6\n|inactive|Time left: 300 sec this turn | 300 sec total\n|\n|t:|1783550679\n|-end|p1a: Walking Wake|Protosynthesis|[silent]\n|switch|p1a: Wyrdeer|Wyrdeer, L87, F|100/100\n|-ability|p1a: Wyrdeer|Intimidate|boost\n|-unboost|p2a: Magcargo|atk|1\n|move|p2a: Magcargo|Shell Smash|p2a: Magcargo\n|-unboost|p2a: Magcargo|def|1\n|-unboost|p2a: Magcargo|spd|1\n|-boost|p2a: Magcargo|atk|2\n|-boost|p2a: Magcargo|spa|2\n|-boost|p2a: Magcargo|spe|2\n|\n|upkeep\n|turn|7\n|inactive|Time left: 300 sec this turn | 300 sec total\n|\n|t:|1783550680\n|-terastallize|p2a: Magcargo|Grass\n|move|p2a: Magcargo|Fire Blast|p1a: Wyrdeer\n|-damage|p1a: Wyrdeer|8/100\n|move|p1a: Wyrdeer|Earthquake|p2a: Magcargo\n|-resisted|p2a: Magcargo\n|-damage|p2a: Magcargo|227/268\n|-ability|p2a: Magcargo|Weak Armor|boost\n|-unboost|p2a: Magcargo|def|1\n|-boost|p2a: Magcargo|spe|2\n|\n|-heal|p1a: Wyrdeer|14/100|[from] item: Leftovers\n|upkeep\n|turn|8\n|inactive|Time left: 300 sec this turn | 300 sec total\n|\n|t:|1783550681\n|move|p2a: Magcargo|Power Gem|p1a: Wyrdeer\n|-damage|p1a: Wyrdeer|0 fnt\n|faint|p1a: Wyrdeer\n|\n|upkeep\n|\n|t:|1783550682\n|switch|p1a: Walking Wake|Walking Wake, L79|81/100\n|turn|9\n|inactive|Time left: 300 sec this turn | 300 sec total\n|\n|t:|1783550683\n|move|p2a: Magcargo|Power Gem|p1a: Walking Wake\n|-damage|p1a: Walking Wake|0 fnt\n|faint|p1a: Walking Wake\n|-end|p1a: Walking Wake|Protosynthesis|[silent]\n|\n|upkeep\n|\n|t:|1783550684\n|switch|p1a: Spidops|Spidops, L96, M|100/100\n|turn|10\n|inactive|Time left: 300 sec this turn | 300 sec total\n|\n|t:|1783550685\n|-terastallize|p1a: Spidops|Ghost\n|move|p2a: Magcargo|Fire Blast|p1a: Spidops\n|-damage|p1a: Spidops|1/100\n|move|p1a: Spidops|U-turn|p2a: Magcargo\n|-supereffective|p2a: Magcargo\n|-crit|p2a: Magcargo\n|-damage|p2a: Magcargo|0 fnt\n|faint|p2a: Magcargo\n|\n|t:|1783550686\n|switch|p1a: Drifblim|Drifblim, L86, M|100/100|[from] U-turn\n|\n|upkeep\n|inactive|Time left: 300 sec this turn | 300 sec total | 10 sec grace\n|\n|t:|1783550687\n|switch|p2a: Bellibolt|Bellibolt, L84, F|320/320\n|turn|11\n|inactive|Time left: 300 sec this turn | 300 sec total\n|\n|t:|1783550689\n|move|p1a: Drifblim|Calm Mind|p1a: Drifblim\n|-boost|p1a: Drifblim|spa|1\n|-boost|p1a: Drifblim|spd|1\n|move|p2a: Bellibolt|Thunderbolt|p1a: Drifblim\n|-supereffective|p1a: Drifblim\n|-damage|p1a: Drifblim|54/100\n|-status|p1a: Drifblim|par\n|\n|upkeep\n|turn|12\n|inactive|Time left: 300 sec this turn | 300 sec total\n|\n|t:|1783550690\n|move|p2a: Bellibolt|Thunderbolt|p1a: Drifblim\n|-supereffective|p1a: Drifblim\n|-damage|p1a: Drifblim|7/100 par\n|-enditem|p1a: Drifblim|Sitrus Berry|[eat]\n|-heal|p1a: Drifblim|32/100 par|[from] item: Sitrus Berry\n|move|p1a: Drifblim|Strength Sap|p2a: Bellibolt\n|-unboost|p2a: Bellibolt|atk|1\n|-heal|p1a: Drifblim|60/100 par\n|\n|upkeep\n|turn|13\n|inactive|Time left: 300 sec this turn | 300 sec total\n|\n|t:|1783550691\n|move|p1a: Drifblim|Strength Sap|p2a: Bellibolt\n|-unboost|p2a: Bellibolt|atk|1\n|-heal|p1a: Drifblim|79/100 par\n|move|p2a: Bellibolt|Thunderbolt|p1a: Drifblim\n|-supereffective|p1a: Drifblim\n|-damage|p1a: Drifblim|31/100 par\n|\n|upkeep\n|turn|14\n|inactive|Time left: 300 sec this turn | 300 sec total\n|\n|t:|1783550692\n|move|p1a: Drifblim|Strength Sap|p2a: Bellibolt\n|-unboost|p2a: Bellibolt|atk|1\n|-heal|p1a: Drifblim|45/100 par\n|move|p2a: Bellibolt|Thunderbolt|p1a: Drifblim\n|-supereffective|p1a: Drifblim\n|-damage|p1a: Drifblim|0 fnt\n|faint|p1a: Drifblim\n|\n|upkeep\n|\n|t:|1783550693\n|switch|p1a: Spidops|Spidops, L96, M, tera:Ghost|1/100\n|turn|15\n|inactive|Time left: 300 sec this turn | 300 sec total\n|\n|t:|1783550693\n|move|p2a: Bellibolt|Volt Switch|p1a: Spidops\n|-damage|p1a: Spidops|0 fnt\n|faint|p1a: Spidops\n|inactive|Time left: 300 sec this turn | 300 sec total | 5 sec grace\n|\n|t:|1783550694\n|switch|p2a: Stonjourner|Stonjourner, L91, M|330/330|[from] Volt Switch\n|\n|upkeep\n|\n|t:|1783550695\n|switch|p1a: Hawlucha|Hawlucha, L80, M|100/100\n|turn|16\n|inactive|Time left: 300 sec this turn | 300 sec total\n|\n|t:|1783550696\n|move|p1a: Hawlucha|Swords Dance|p1a: Hawlucha\n|-boost|p1a: Hawlucha|atk|2\n|move|p2a: Stonjourner|Heat Crash|p1a: Hawlucha\n|-damage|p1a: Hawlucha|31/100\n|-damage|p2a: Stonjourner|297/330|[from] item: Life Orb\n|\n|upkeep\n|turn|17\n|inactive|Time left: 300 sec this turn | 300 sec total\n|\n|t:|1783550697\n|move|p1a: Hawlucha|Close Combat|p2a: Stonjourner\n|-supereffective|p2a: Stonjourner\n|-damage|p2a: Stonjourner|0 fnt\n|-unboost|p1a: Hawlucha|def|1\n|-unboost|p1a: Hawlucha|spd|1\n|faint|p2a: Stonjourner\n|-enditem|p1a: Hawlucha|White Herb\n|-clearnegativeboost|p1a: Hawlucha|[silent]\n|\n|upkeep\n|inactive|Time left: 300 sec this turn | 300 sec total | 5 sec grace\n|\n|t:|1783550698\n|switch|p2a: Clefable|Clefable, L83, F|293/293\n|turn|18\n|inactive|Time left: 300 sec this turn | 300 sec total\n|\n|t:|1783550698\n|move|p1a: Hawlucha|Stone Edge|p2a: Clefable\n|-damage|p2a: Clefable|215/293\n|move|p2a: Clefable|Moonblast|p1a: Hawlucha\n|-supereffective|p1a: Hawlucha\n|-damage|p1a: Hawlucha|0 fnt\n|faint|p1a: Hawlucha\n|\n|win|p0y929183c", "uploadtime": 1783550698, "views": 0, "rating": 0, "private": 0, "password": null, "_winner": "p0y929183c", "_our_name": "p0y929183c"}