{"id": "battle-gen9randombattle-2957", "formatid": "gen9randombattle", "format": "[Gen 9] Random Battle", "players": ["p0x29570af2", "p0y29575940"], "log": "|init|battle\n|title|p0x29570af2 vs. p0y29575940\n|j|\u2606p0x29570af2\n|j|\u2606p0y29575940\n|t:|1783574038\n|gametype|singles\n|player|p1|p0x29570af2|102|\n|player|p2|p0y29575940|102|\n|gen|9\n|tier|[Gen 9] Random Battle\n|rule|Species Clause: Limit one of each Pok\u00e9mon\n|rule|HP Percentage Mod: HP is shown in percentages\n|rule|Sleep Clause Mod: Limit one foe put to sleep\n|rule|Illusion Level Mod: Illusion disguises the Pok\u00e9mon's true level\n|\n|t:|1783574038\n|teamsize|p1|6\n|teamsize|p2|6\n|start\n|switch|p1a: Deoxys|Deoxys-Attack, L72|100/100\n|switch|p2a: Iron Thorns|Iron Thorns, L83|302/302\n|-ability|p1a: Deoxys|Pressure\n|-item|p2a: Iron Thorns|Air Balloon\n|turn|1\n|inactive|Battle timer is ON: inactive players will automatically lose when time's up. (requested by p0y29575940)\n|inactive|p0x29570af2 also wants the timer to be on.\n|\n|t:|1783574040\n|move|p1a: Deoxys|Psycho Boost|p2a: Iron Thorns\n|-damage|p2a: Iron Thorns|36/302\n|-unboost|p1a: Deoxys|spa|2\n|-enditem|p2a: Iron Thorns|Air Balloon\n|-damage|p1a: Deoxys|91/100|[from] item: Life Orb\n|move|p2a: Iron Thorns|Wild Charge|p1a: Deoxys\n|-damage|p1a: Deoxys|0 fnt\n|faint|p1a: Deoxys\n|-damage|p2a: Iron Thorns|0 fnt|[from] Recoil\n|faint|p2a: Iron Thorns\n|-end|p2a: Iron Thorns|Quark Drive|[silent]\n|\n|upkeep\n|inactive|Time left: 300 sec this turn | 300 sec total | 65 sec grace\n|\n|t:|1783574041\n|switch|p1a: Florges|Florges, L85, F|100/100\n|switch|p2a: Iron Boulder|Iron Boulder, L77|265/265\n|turn|2\n|inactive|Time left: 300 sec this turn | 300 sec total\n|\n|t:|1783574042\n|move|p2a: Iron Boulder|Swords Dance|p2a: Iron Boulder\n|-boost|p2a: Iron Boulder|atk|2\n|move|p1a: Florges|Moonblast|p2a: Iron Boulder\n|-damage|p2a: Iron Boulder|154/265\n|\n|upkeep\n|turn|3\n|inactive|Time left: 300 sec this turn | 300 sec total\n|\n|t:|1783574043\n|-terastallize|p1a: Florges|Steel\n|move|p2a: Iron Boulder|Mighty Cleave|p1a: Florges\n|-resisted|p1a: Florges\n|-damage|p1a: Florges|45/100\n|-damage|p2a: Iron Boulder|128/265|[from] item: Life Orb\n|move|p1a: Florges|Moonblast|p2a: Iron Boulder\n|-crit|p2a: Iron Boulder\n|-damage|p2a: Iron Boulder|0 fnt\n|faint|p2a: Iron Boulder\n|-end|p2a: Iron Boulder|Quark Drive|[silent]\n|\n|-heal|p1a: Florges|51/100|[from] item: Leftovers\n|upkeep\n|inactive|Time left: 300 sec this turn | 300 sec total | 5 sec grace\n|\n|t:|1783574044\n|switch|p2a: Hitmonchan|Hitmonchan, L87, M|229/229\n|turn|4\n|inactive|Time left: 300 sec this turn | 300 sec total\n|\n|t:|1783574045\n|switch|p1a: Swanna|Swanna, L89, M|100/100\n|move|p2a: Hitmonchan|Drain Punch|p1a: Swanna\n|-resisted|p1a: Swanna\n|-damage|p1a: Swanna|76/100\n|\n|upkeep\n|turn|5\n|inactive|Time left: 300 sec this turn | 300 sec total\n|\n|t:|1783574046\n|-terastallize|p2a: Hitmonchan|Poison\n|move|p1a: Swanna|Brave Bird|p2a: Hitmonchan\n|-damage|p2a: Hitmonchan|91/229\n|-damage|p1a: Swanna|59/100|[from] Recoil\n|move|p2a: Hitmonchan|Bulk Up|p2a: Hitmonchan\n|-boost|p2a: Hitmonchan|atk|1\n|-boost|p2a: Hitmonchan|def|1\n|\n|-heal|p2a: Hitmonchan|105/229|[from] item: Leftovers\n|upkeep\n|turn|6\n|inactive|Time left: 300 sec this turn | 300 sec total\n|\n|t:|1783574047\n|move|p1a: Swanna|Brave Bird|p2a: Hitmonchan\n|-damage|p2a: Hitmonchan|9/229\n|-damage|p1a: Swanna|48/100|[from] Recoil\n|move|p2a: Hitmonchan|Poison Jab|p1a: Swanna\n|-damage|p1a: Swanna|0 fnt\n|faint|p1a: Swanna\n|\n|-heal|p2a: Hitmonchan|23/229|[from] item: Leftovers\n|upkeep\n|\n|t:|1783574048\n|switch|p1a: Staraptor|Staraptor, L79, M|100/100\n|turn|7\n|inactive|Time left: 300 sec this turn | 300 sec total\n|\n|t:|1783574049\n|move|p1a: Staraptor|Brave Bird|p2a: Hitmonchan\n|-damage|p2a: Hitmonchan|0 fnt\n|faint|p2a: Hitmonchan\n|-damage|p1a: Staraptor|97/100|[from] Recoil\n|\n|upkeep\n|inactive|Time left: 300 sec this turn | 300 sec total | 5 sec grace\n|\n|t:|1783574050\n|switch|p2a: Dragalge|Dragalge, L88, F|258/258\n|turn|8\n|inactive|Time left: 300 sec this turn | 300 sec total\n|\n|t:|1783574051\n|move|p1a: Staraptor|Brave Bird|p2a: Dragalge\n|-damage|p2a: Dragalge|38/258\n|-damage|p1a: Staraptor|70/100|[from] Recoil\n|move|p2a: Dragalge|Sludge Wave|p1a: Staraptor\n|-damage|p1a: Staraptor|0 fnt\n|faint|p1a: Staraptor\n|\n|-heal|p2a: Dragalge|54/258|[from] item: Leftovers\n|upkeep\n|\n|t:|1783574052\n|switch|p1a: Florges|Florges, L85, F, tera:Steel|51/100\n|turn|9\n|inactive|Time left: 300 sec this turn | 300 sec total\n|\n|t:|1783574053\n|move|p1a: Florges|Calm Mind|p1a: Florges\n|-boost|p1a: Florges|spa|1\n|-boost|p1a: Florges|spd|1\n|move|p2a: Dragalge|Toxic Spikes|p1a: Florges\n|-sidestart|p1: p0x29570af2|move: Toxic Spikes\n|\n|-heal|p1a: Florges|57/100|[from] item: Leftovers\n|-heal|p2a: Dragalge|70/258|[from] item: Leftovers\n|upkeep\n|turn|10\n|inactive|Time left: 300 sec this turn | 300 sec total\n|\n|t:|1783574054\n|move|p1a: Florges|Moonblast|p2a: Dragalge\n|-damage|p2a: Dragalge|0 fnt\n|faint|p2a: Dragalge\n|\n|-heal|p1a: Florges|62/100|[from] item: Leftovers\n|upkeep\n|inactive|Time left: 300 sec this turn | 300 sec total | 5 sec grace\n|\n|t:|1783574055\n|switch|p2a: Slither Wing|Slither Wing, L81|270/270\n|-enditem|p2a: Slither Wing|Booster Energy\n|-activate|p2a: Slither Wing|ability: Protosynthesis|[fromitem]\n|-start|p2a: Slither Wing|protosynthesisatk\n|turn|11\n|inactive|Time left: 300 sec this turn | 300 sec total\n|\n|t:|1783574056\n|move|p1a: Florges|Protect|p1a: Florges\n|-singleturn|p1a: Florges|Protect\n|move|p2a: Slither Wing|Close Combat|p1a: Florges\n|-activate|p1a: Florges|move: Protect\n|\n|-heal|p1a: Florges|68/100|[from] item: Leftovers\n|upkeep\n|turn|12\n|inactive|Time left: 300 sec this turn | 300 sec total\n|\n|t:|1783574057\n|switch|p1a: Urshifu|Urshifu-Rapid-Strike, L75, M|100/100\n|-status|p1a: Urshifu|psn\n|move|p2a: Slither Wing|Close Combat|p1a: Urshifu\n|-damage|p1a: Urshifu|28/100 psn\n|-unboost|p2a: Slither Wing|def|1\n|-unboost|p2a: Slither Wing|spd|1\n|\n|-damage|p1a: Urshifu|16/100 psn|[from] psn\n|upkeep\n|turn|13\n|inactive|Time left: 300 sec this turn | 300 sec total\n|\n|t:|1783574058\n|-end|p2a: Slither Wing|Protosynthesis|[silent]\n|switch|p2a: Espeon|Espeon, L84, M|246/246\n|move|p1a: Urshifu|Surging Strikes|p2a: Espeon\n|-crit|p2a: Espeon\n|-damage|p2a: Espeon|172/246\n|-crit|p2a: Espeon\n|-damage|p2a: Espeon|97/246\n|-crit|p2a: Espeon\n|-damage|p2a: Espeon|27/246\n|-hitcount|p2a: Espeon|3\n|-damage|p1a: Urshifu|6/100 psn|[from] item: Life Orb\n|\n|-damage|p1a: Urshifu|0 fnt|[from] psn\n|faint|p1a: Urshifu\n|upkeep\n|\n|t:|1783574059\n|switch|p1a: Florges|Florges, L85, F, tera:Steel|68/100\n|turn|14\n|inactive|Time left: 300 sec this turn | 300 sec total\n|\n|t:|1783574060\n|switch|p2a: Slither Wing|Slither Wing, L81|270/270\n|move|p1a: Florges|Moonblast|p2a: Slither Wing\n|-supereffective|p2a: Slither Wing\n|-damage|p2a: Slither Wing|70/270\n|-unboost|p2a: Slither Wing|spa|1\n|\n|-heal|p1a: Florges|74/100|[from] item: Leftovers\n|upkeep\n|turn|15\n|inactive|Time left: 300 sec this turn | 300 sec total\n|\n|t:|1783574061\n|switch|p1a: Serperior|Serperior, L79, M|100/100\n|-status|p1a: Serperior|psn\n|move|p2a: Slither Wing|Close Combat|p1a: Serperior\n|-damage|p1a: Serperior|41/100 psn\n|-unboost|p2a: Slither Wing|def|1\n|-unboost|p2a: Slither Wing|spd|1\n|\n|-heal|p1a: Serperior|47/100 psn|[from] item: Leftovers\n|-damage|p1a: Serperior|35/100 psn|[from] psn\n|upkeep\n|turn|16\n|inactive|Time left: 300 sec this turn | 300 sec total\n|\n|t:|1783574062\n|move|p1a: Serperior|Leaf Storm|p2a: Slither Wing\n|-resisted|p2a: Slither Wing\n|-damage|p2a: Slither Wing|0 fnt\n|-boost|p1a: Serperior|spa|2\n|faint|p2a: Slither Wing\n|-end|p2a: Slither Wing|Protosynthesis|[silent]\n|\n|-heal|p1a: Serperior|41/100 psn|[from] item: Leftovers\n|-damage|p1a: Serperior|28/100 psn|[from] psn\n|upkeep\n|inactive|Time left: 300 sec this turn | 300 sec total | 5 sec grace\n|\n|t:|1783574063\n|switch|p2a: Espeon|Espeon, L84, M|27/246\n|turn|17\n|inactive|Time left: 300 sec this turn | 300 sec total\n|\n|t:|1783574063\n|move|p2a: Espeon|Calm Mind|p2a: Espeon\n|-boost|p2a: Espeon|spa|1\n|-boost|p2a: Espeon|spd|1\n|move|p1a: Serperior|Leaf Storm|p2a: Espeon\n|-damage|p2a: Espeon|0 fnt\n|-boost|p1a: Serperior|spa|2\n|faint|p2a: Espeon\n|\n|win|p0x29570af2", "uploadtime": 1783574063, "views": 0, "rating": 0, "private": 0, "password": null, "_winner": "p0x29570af2", "_our_name": "p0y29575940"}