{"id": "battle-gen9randombattle-780", "formatid": "gen9randombattle", "format": "[Gen 9] Random Battle", "players": ["p0x780ccf5", "p0y7805f52"], "log": "|init|battle\n|title|p0x780ccf5 vs. p0y7805f52\n|j|\u2606p0x780ccf5\n|j|\u2606p0y7805f52\n|t:|1783548911\n|gametype|singles\n|player|p1|p0x780ccf5|101|\n|player|p2|p0y7805f52|101|\n|gen|9\n|tier|[Gen 9] Random Battle\n|rule|Species Clause: Limit one of each Pok\u00e9mon\n|rule|HP Percentage Mod: HP is shown in percentages\n|rule|Sleep Clause Mod: Limit one foe put to sleep\n|rule|Illusion Level Mod: Illusion disguises the Pok\u00e9mon's true level\n|\n|t:|1783548912\n|teamsize|p1|6\n|teamsize|p2|6\n|start\n|switch|p1a: Cinccino|Cinccino, L83, F|260/260\n|switch|p2a: Clefable|Clefable, L83, M|100/100\n|turn|1\n|inactive|Battle timer is ON: inactive players will automatically lose when time's up. (requested by p0y7805f52)\n|inactive|Time left: 300 sec this turn | 300 sec total | 60 sec grace\n|inactive|p0x780ccf5 also wants the timer to be on.\n|\n|t:|1783548913\n|move|p1a: Cinccino|Triple Axel|p2a: Clefable\n|-damage|p2a: Clefable|93/100\n|-damage|p2a: Clefable|75/100\n|-damage|p2a: Clefable|51/100\n|-hitcount|p2a: Clefable|3\n|move|p2a: Clefable|Moonblast|p1a: Cinccino\n|-damage|p1a: Cinccino|142/260\n|\n|-heal|p2a: Clefable|57/100|[from] item: Leftovers\n|upkeep\n|turn|2\n|inactive|Time left: 300 sec this turn | 300 sec total\n|\n|t:|1783548914\n|-terastallize|p2a: Clefable|Steel\n|move|p1a: Cinccino|Tail Slap|p2a: Clefable\n|-resisted|p2a: Clefable\n|-damage|p2a: Clefable|49/100\n|-resisted|p2a: Clefable\n|-damage|p2a: Clefable|41/100\n|-resisted|p2a: Clefable\n|-damage|p2a: Clefable|34/100\n|-resisted|p2a: Clefable\n|-damage|p2a: Clefable|27/100\n|-resisted|p2a: Clefable\n|-damage|p2a: Clefable|20/100\n|-hitcount|p2a: Clefable|5\n|move|p2a: Clefable|Moonlight|p2a: Clefable\n|-heal|p2a: Clefable|70/100\n|\n|-heal|p2a: Clefable|76/100|[from] item: Leftovers\n|upkeep\n|turn|3\n|inactive|Time left: 300 sec this turn | 300 sec total\n|\n|t:|1783548915\n|move|p1a: Cinccino|Tail Slap|p2a: Clefable\n|-resisted|p2a: Clefable\n|-damage|p2a: Clefable|68/100\n|-resisted|p2a: Clefable\n|-damage|p2a: Clefable|61/100\n|-resisted|p2a: Clefable\n|-damage|p2a: Clefable|53/100\n|-resisted|p2a: Clefable\n|-damage|p2a: Clefable|46/100\n|-hitcount|p2a: Clefable|4\n|move|p2a: Clefable|Moonblast|p1a: Cinccino\n|-damage|p1a: Cinccino|9/260\n|-unboost|p1a: Cinccino|spa|1\n|\n|-heal|p2a: Clefable|52/100|[from] item: Leftovers\n|upkeep\n|turn|4\n|inactive|Time left: 300 sec this turn | 300 sec total\n|\n|t:|1783548916\n|move|p1a: Cinccino|Tail Slap|p2a: Clefable\n|-resisted|p2a: Clefable\n|-damage|p2a: Clefable|44/100\n|-resisted|p2a: Clefable\n|-damage|p2a: Clefable|37/100\n|-resisted|p2a: Clefable\n|-damage|p2a: Clefable|29/100\n|-resisted|p2a: Clefable\n|-damage|p2a: Clefable|21/100\n|-hitcount|p2a: Clefable|4\n|move|p2a: Clefable|Moonlight|p2a: Clefable\n|-heal|p2a: Clefable|71/100\n|\n|-heal|p2a: Clefable|77/100|[from] item: Leftovers\n|upkeep\n|turn|5\n|inactive|Time left: 300 sec this turn | 300 sec total\n|\n|t:|1783548917\n|move|p1a: Cinccino|Bullet Seed|p2a: Clefable\n|-resisted|p2a: Clefable\n|-damage|p2a: Clefable|71/100\n|-resisted|p2a: Clefable\n|-damage|p2a: Clefable|66/100\n|-resisted|p2a: Clefable\n|-damage|p2a: Clefable|61/100\n|-resisted|p2a: Clefable\n|-damage|p2a: Clefable|56/100\n|-hitcount|p2a: Clefable|4\n|move|p2a: Clefable|Moonblast|p1a: Cinccino\n|-damage|p1a: Cinccino|0 fnt\n|faint|p1a: Cinccino\n|\n|-heal|p2a: Clefable|63/100|[from] item: Leftovers\n|upkeep\n|inactive|Time left: 300 sec this turn | 300 sec total | 5 sec grace\n|\n|t:|1783548918\n|switch|p1a: Wugtrio|Wugtrio, L91, F|212/212\n|turn|6\n|inactive|Time left: 300 sec this turn | 300 sec total\n|\n|t:|1783548919\n|switch|p2a: Torkoal|Torkoal, L88, F|100/100\n|-weather|SunnyDay|[from] ability: Drought|[of] p2a: Torkoal\n|move|p1a: Wugtrio|Liquidation|p2a: Torkoal\n|-supereffective|p2a: Torkoal\n|-crit|p2a: Torkoal\n|-damage|p2a: Torkoal|42/100\n|\n|-weather|SunnyDay|[upkeep]\n|upkeep\n|turn|7\n|inactive|Time left: 300 sec this turn | 300 sec total\n|\n|t:|1783548920\n|switch|p2a: Clawitzer|Clawitzer, L87, F|100/100\n|move|p1a: Wugtrio|Liquidation|p2a: Clawitzer\n|-resisted|p2a: Clawitzer\n|-damage|p2a: Clawitzer|86/100\n|-unboost|p2a: Clawitzer|def|1\n|\n|-weather|SunnyDay|[upkeep]\n|upkeep\n|turn|8\n|inactive|Time left: 300 sec this turn | 300 sec total\n|\n|t:|1783548922\n|move|p1a: Wugtrio|Liquidation|p2a: Clawitzer\n|-resisted|p2a: Clawitzer\n|-damage|p2a: Clawitzer|66/100\n|move|p2a: Clawitzer|Aura Sphere|p1a: Wugtrio\n|-damage|p1a: Wugtrio|101/212\n|\n|-weather|SunnyDay|[upkeep]\n|upkeep\n|turn|9\n|inactive|Time left: 300 sec this turn | 300 sec total\n|\n|t:|1783548923\n|switch|p1a: Pecharunt|Pecharunt, L77|262/262\n|move|p2a: Clawitzer|Aura Sphere|p1a: Pecharunt\n|-immune|p1a: Pecharunt\n|\n|-weather|SunnyDay|[upkeep]\n|upkeep\n|turn|10\n|inactive|Time left: 300 sec this turn | 300 sec total\n|\n|t:|1783548924\n|move|p1a: Pecharunt|Malignant Chain|p2a: Clawitzer\n|-damage|p2a: Clawitzer|45/100\n|move|p2a: Clawitzer|Dragon Pulse|p1a: Pecharunt\n|-damage|p1a: Pecharunt|148/262\n|\n|-weather|none\n|-heal|p1a: Pecharunt|164/262|[from] item: Leftovers\n|upkeep\n|turn|11\n|inactive|Time left: 300 sec this turn | 300 sec total\n|\n|t:|1783548925\n|move|p1a: Pecharunt|Recover|p1a: Pecharunt\n|-heal|p1a: Pecharunt|262/262\n|move|p2a: Clawitzer|Water Pulse|p1a: Pecharunt\n|-damage|p1a: Pecharunt|136/262\n|\n|-heal|p1a: Pecharunt|152/262|[from] item: Leftovers\n|upkeep\n|turn|12\n|inactive|Time left: 300 sec this turn | 300 sec total\n|\n|t:|1783548926\n|move|p1a: Pecharunt|Malignant Chain|p2a: Clawitzer\n|-damage|p2a: Clawitzer|25/100\n|-status|p2a: Clawitzer|tox\n|-start|p2a: Clawitzer|confusion|[from] ability: Poison Puppeteer|[of] p1a: Pecharunt\n|-activate|p2a: Clawitzer|confusion\n|move|p2a: Clawitzer|Dragon Pulse|p1a: Pecharunt\n|-damage|p1a: Pecharunt|38/262\n|\n|-heal|p1a: Pecharunt|54/262|[from] item: Leftovers\n|-damage|p2a: Clawitzer|19/100 tox|[from] psn\n|upkeep\n|turn|13\n|inactive|Time left: 300 sec this turn | 300 sec total\n|\n|t:|1783548927\n|switch|p2a: Clefable|Clefable, L83, M, tera:Steel|63/100\n|move|p1a: Pecharunt|Recover|p1a: Pecharunt\n|-heal|p1a: Pecharunt|185/262\n|\n|-heal|p1a: Pecharunt|201/262|[from] item: Leftovers\n|-heal|p2a: Clefable|69/100|[from] item: Leftovers\n|upkeep\n|turn|14\n|inactive|Time left: 300 sec this turn | 300 sec total\n|\n|t:|1783548928\n|move|p1a: Pecharunt|Parting Shot|p2a: Clefable\n|-unboost|p2a: Clefable|atk|1\n|-unboost|p2a: Clefable|spa|1\n|inactive|Time left: 300 sec this turn | 300 sec total | 5 sec grace\n|\n|t:|1783548929\n|switch|p1a: Sinistcha|Sinistcha-Masterpiece, L83|254/254|[from] Parting Shot\n|move|p2a: Clefable|Calm Mind|p2a: Clefable\n|-boost|p2a: Clefable|spa|1\n|-boost|p2a: Clefable|spd|1\n|\n|-heal|p2a: Clefable|75/100|[from] item: Leftovers\n|upkeep\n|turn|15\n|inactive|Time left: 300 sec this turn | 300 sec total\n|\n|t:|1783548930\n|move|p1a: Sinistcha|Calm Mind|p1a: Sinistcha\n|-boost|p1a: Sinistcha|spa|1\n|-boost|p1a: Sinistcha|spd|1\n|move|p2a: Clefable|Calm Mind|p2a: Clefable\n|-boost|p2a: Clefable|spa|1\n|-boost|p2a: Clefable|spd|1\n|\n|-heal|p2a: Clefable|81/100|[from] item: Leftovers\n|upkeep\n|turn|16\n|inactive|Time left: 300 sec this turn | 300 sec total\n|\n|t:|1783548931\n|move|p1a: Sinistcha|Calm Mind|p1a: Sinistcha\n|-boost|p1a: Sinistcha|spa|1\n|-boost|p1a: Sinistcha|spd|1\n|move|p2a: Clefable|Moonblast|p1a: Sinistcha\n|-damage|p1a: Sinistcha|104/254\n|\n|-heal|p1a: Sinistcha|119/254|[from] item: Leftovers\n|-heal|p2a: Clefable|87/100|[from] item: Leftovers\n|upkeep\n|turn|17\n|inactive|Time left: 300 sec this turn | 300 sec total\n|\n|t:|1783548932\n|move|p1a: Sinistcha|Strength Sap|p2a: Clefable\n|-unboost|p2a: Clefable|atk|1\n|-heal|p1a: Sinistcha|199/254\n|move|p2a: Clefable|Moonblast|p1a: Sinistcha\n|-damage|p1a: Sinistcha|30/254\n|\n|-heal|p1a: Sinistcha|45/254|[from] item: Leftovers\n|-heal|p2a: Clefable|93/100|[from] item: Leftovers\n|upkeep\n|turn|18\n|inactive|Time left: 300 sec this turn | 300 sec total\n|\n|t:|1783548933\n|move|p1a: Sinistcha|Strength Sap|p2a: Clefable\n|-unboost|p2a: Clefable|atk|1\n|-heal|p1a: Sinistcha|105/254\n|move|p2a: Clefable|Moonblast|p1a: Sinistcha\n|-damage|p1a: Sinistcha|0 fnt\n|faint|p1a: Sinistcha\n|\n|-heal|p2a: Clefable|99/100|[from] item: Leftovers\n|upkeep\n|inactive|Time left: 300 sec this turn | 300 sec total | 5 sec grace\n|\n|t:|1783548934\n|switch|p1a: Wugtrio|Wugtrio, L91, F|101/212\n|turn|19\n|inactive|Time left: 300 sec this turn | 300 sec total\n|\n|t:|1783548936\n|move|p1a: Wugtrio|Liquidation|p2a: Clefable\n|-damage|p2a: Clefable|34/100\n|move|p2a: Clefable|Moonblast|p1a: Wugtrio\n|-damage|p1a: Wugtrio|0 fnt\n|faint|p1a: Wugtrio\n|\n|-heal|p2a: Clefable|40/100|[from] item: Leftovers\n|upkeep\n|inactive|Time left: 300 sec this turn | 300 sec total | 5 sec grace\n|\n|t:|1783548937\n|switch|p1a: Pikachu|Pikachu-Kalos, L93, F|216/216\n|turn|20\n|inactive|Time left: 300 sec this turn | 300 sec total\n|\n|t:|1783548938\n|switch|p2a: Clawitzer|Clawitzer, L87, F|19/100 tox\n|move|p1a: Pikachu|Knock Off|p2a: Clawitzer\n|-damage|p2a: Clawitzer|0 fnt\n|-enditem|p2a: Clawitzer|Assault Vest|[from] move: Knock Off|[of] p1a: Pikachu\n|faint|p2a: Clawitzer\n|\n|upkeep\n|\n|t:|1783548939\n|switch|p2a: Iron Boulder|Iron Boulder, L77|100/100\n|-enditem|p2a: Iron Boulder|Booster Energy\n|-activate|p2a: Iron Boulder|ability: Quark Drive|[fromitem]\n|-start|p2a: Iron Boulder|quarkdrivespe\n|turn|21\n|inactive|Time left: 300 sec this turn | 300 sec total\n|\n|t:|1783548940\n|-terastallize|p1a: Pikachu|Water\n|move|p2a: Iron Boulder|Mighty Cleave|p1a: Pikachu\n|-crit|p1a: Pikachu\n|-damage|p1a: Pikachu|3/216\n|move|p1a: Pikachu|Surf|p2a: Iron Boulder\n|-supereffective|p2a: Iron Boulder\n|-damage|p2a: Iron Boulder|0 fnt\n|faint|p2a: Iron Boulder\n|-end|p2a: Iron Boulder|Quark Drive|[silent]\n|\n|upkeep\n|\n|t:|1783548941\n|switch|p2a: Cryogonal|Cryogonal, L89|100/100\n|turn|22\n|inactive|Time left: 300 sec this turn | 300 sec total\n|\n|t:|1783548942\n|switch|p1a: Pecharunt|Pecharunt, L77|201/262\n|move|p2a: Cryogonal|Ice Beam|p1a: Pecharunt\n|-damage|p1a: Pecharunt|87/262\n|\n|-heal|p1a: Pecharunt|103/262|[from] item: Leftovers\n|upkeep\n|turn|23\n|inactive|Time left: 300 sec this turn | 300 sec total\n|\n|t:|1783548943\n|switch|p1a: Lanturn|Lanturn, L89, M|367/367\n|move|p2a: Cryogonal|Ice Beam|p1a: Lanturn\n|-resisted|p1a: Lanturn\n|-damage|p1a: Lanturn|316/367\n|\n|upkeep\n|turn|24\n|inactive|Time left: 300 sec this turn | 300 sec total\n|\n|t:|1783548945\n|move|p2a: Cryogonal|Ice Beam|p1a: Lanturn\n|-resisted|p1a: Lanturn\n|-damage|p1a: Lanturn|265/367\n|move|p1a: Lanturn|Volt Switch|p2a: Cryogonal\n|-crit|p2a: Cryogonal\n|-damage|p2a: Cryogonal|78/100\n|inactive|Time left: 300 sec this turn | 300 sec total | 5 sec grace\n|\n|t:|1783548946\n|switch|p1a: Pecharunt|Pecharunt, L77|103/262|[from] Volt Switch\n|\n|-heal|p1a: Pecharunt|119/262|[from] item: Leftovers\n|upkeep\n|turn|25\n|inactive|Time left: 300 sec this turn | 300 sec total\n|\n|t:|1783548947\n|move|p2a: Cryogonal|Ice Beam|p1a: Pecharunt\n|-damage|p1a: Pecharunt|10/262\n|move|p1a: Pecharunt|Recover|p1a: Pecharunt\n|-heal|p1a: Pecharunt|141/262\n|\n|-heal|p1a: Pecharunt|157/262|[from] item: Leftovers\n|upkeep\n|turn|26\n|inactive|Time left: 300 sec this turn | 300 sec total\n|\n|t:|1783548948\n|move|p2a: Cryogonal|Ice Beam|p1a: Pecharunt\n|-damage|p1a: Pecharunt|39/262\n|-status|p1a: Pecharunt|frz\n|cant|p1a: Pecharunt|frz\n|\n|-heal|p1a: Pecharunt|55/262 frz|[from] item: Leftovers\n|upkeep\n|turn|27\n|inactive|Time left: 300 sec this turn | 300 sec total\n|\n|t:|1783548950\n|move|p2a: Cryogonal|Ice Beam|p1a: Pecharunt\n|-damage|p1a: Pecharunt|0 fnt\n|faint|p1a: Pecharunt\n|\n|upkeep\n|inactive|Time left: 300 sec this turn | 300 sec total | 5 sec grace\n|\n|t:|1783548951\n|switch|p1a: Lanturn|Lanturn, L89, M|265/367\n|turn|28\n|inactive|Time left: 300 sec this turn | 300 sec total\n|\n|t:|1783548952\n|move|p2a: Cryogonal|Rapid Spin|p1a: Lanturn\n|-damage|p1a: Lanturn|230/367\n|-boost|p2a: Cryogonal|spe|1\n|move|p1a: Lanturn|Thunderbolt|p2a: Cryogonal\n|-damage|p2a: Cryogonal|55/100\n|\n|upkeep\n|turn|29\n|inactive|Time left: 300 sec this turn | 300 sec total\n|\n|t:|1783548953\n|move|p2a: Cryogonal|Recover|p2a: Cryogonal\n|-heal|p2a: Cryogonal|100/100\n|move|p1a: Lanturn|Thunder Wave|p2a: Cryogonal\n|-status|p2a: Cryogonal|par\n|\n|upkeep\n|turn|30\n|inactive|Time left: 300 sec this turn | 300 sec total\n|\n|t:|1783548954\n|cant|p2a: Cryogonal|par\n|move|p1a: Lanturn|Volt Switch|p2a: Cryogonal\n|-damage|p2a: Cryogonal|83/100 par\n|inactive|Time left: 300 sec this turn | 300 sec total | 5 sec grace\n|\n|t:|1783548955\n|switch|p1a: Pikachu|Pikachu-Kalos, L93, F, tera:Water|3/216|[from] Volt Switch\n|\n|upkeep\n|turn|31\n|inactive|Time left: 300 sec this turn | 300 sec total\n|\n|t:|1783548955\n|move|p1a: Pikachu|Knock Off|p2a: Cryogonal\n|-damage|p2a: Cryogonal|27/100 par\n|-enditem|p2a: Cryogonal|Heavy-Duty Boots|[from] move: Knock Off|[of] p1a: Pikachu\n|move|p2a: Cryogonal|Rapid Spin|p1a: Pikachu\n|-damage|p1a: Pikachu|0 fnt\n|-boost|p2a: Cryogonal|spe|1\n|faint|p1a: Pikachu\n|\n|upkeep\n|inactive|Time left: 300 sec this turn | 300 sec total | 5 sec grace\n|\n|t:|1783548956\n|switch|p1a: Lanturn|Lanturn, L89, M|230/367\n|turn|32\n|inactive|Time left: 300 sec this turn | 300 sec total\n|\n|t:|1783548957\n|move|p2a: Cryogonal|Recover|p2a: Cryogonal\n|-heal|p2a: Cryogonal|77/100 par\n|move|p1a: Lanturn|Scald|p2a: Cryogonal\n|-damage|p2a: Cryogonal|60/100 par\n|\n|upkeep\n|turn|33\n|inactive|Time left: 300 sec this turn | 300 sec total\n|\n|t:|1783548958\n|cant|p2a: Cryogonal|par\n|move|p1a: Lanturn|Scald|p2a: Cryogonal\n|-damage|p2a: Cryogonal|41/100 par\n|\n|upkeep\n|turn|34\n|inactive|Time left: 300 sec this turn | 300 sec total\n|\n|t:|1783548959\n|move|p2a: Cryogonal|Recover|p2a: Cryogonal\n|-heal|p2a: Cryogonal|91/100 par\n|move|p1a: Lanturn|Scald|p2a: Cryogonal\n|-damage|p2a: Cryogonal|72/100 par\n|\n|upkeep\n|turn|35\n|inactive|Time left: 300 sec this turn | 300 sec total\n|\n|t:|1783548960\n|cant|p2a: Cryogonal|par\n|move|p1a: Lanturn|Scald|p2a: Cryogonal\n|-damage|p2a: Cryogonal|54/100 par\n|\n|upkeep\n|turn|36\n|inactive|Time left: 300 sec this turn | 300 sec total\n|\n|t:|1783548961\n|move|p2a: Cryogonal|Recover|p2a: Cryogonal\n|-heal|p2a: Cryogonal|100/100 par\n|move|p1a: Lanturn|Thunderbolt|p2a: Cryogonal\n|-damage|p2a: Cryogonal|80/100 par\n|\n|upkeep\n|turn|37\n|inactive|Time left: 300 sec this turn | 300 sec total\n|\n|t:|1783548962\n|move|p2a: Cryogonal|Recover|p2a: Cryogonal\n|-heal|p2a: Cryogonal|100/100 par\n|move|p1a: Lanturn|Thunderbolt|p2a: Cryogonal\n|-damage|p2a: Cryogonal|81/100 par\n|\n|upkeep\n|turn|38\n|inactive|Time left: 300 sec this turn | 300 sec total\n|\n|t:|1783548963\n|move|p2a: Cryogonal|Rapid Spin|p1a: Lanturn\n|-damage|p1a: Lanturn|197/367\n|-boost|p2a: Cryogonal|spe|1\n|move|p1a: Lanturn|Thunderbolt|p2a: Cryogonal\n|-damage|p2a: Cryogonal|61/100 par\n|\n|upkeep\n|turn|39\n|inactive|Time left: 300 sec this turn | 300 sec total\n|\n|t:|1783548964\n|move|p2a: Cryogonal|Tera Blast|p1a: Lanturn\n|-damage|p1a: Lanturn|131/367\n|move|p1a: Lanturn|Thunderbolt|p2a: Cryogonal\n|-damage|p2a: Cryogonal|39/100 par\n|\n|upkeep\n|turn|40\n|inactive|Time left: 300 sec this turn | 300 sec total\n|\n|t:|1783548965\n|cant|p2a: Cryogonal|par\n|move|p1a: Lanturn|Scald|p2a: Cryogonal\n|-damage|p2a: Cryogonal|22/100 par\n|\n|upkeep\n|turn|41\n|inactive|Time left: 300 sec this turn | 300 sec total\n|\n|t:|1783548966\n|move|p2a: Cryogonal|Tera Blast|p1a: Lanturn\n|-crit|p1a: Lanturn\n|-damage|p1a: Lanturn|27/367\n|move|p1a: Lanturn|Scald|p2a: Cryogonal\n|-damage|p2a: Cryogonal|2/100 par\n|\n|upkeep\n|turn|42\n|inactive|Time left: 300 sec this turn | 300 sec total\n|\n|t:|1783548967\n|move|p2a: Cryogonal|Tera Blast|p1a: Lanturn\n|-damage|p1a: Lanturn|0 fnt\n|faint|p1a: Lanturn\n|\n|win|p0y7805f52", "uploadtime": 1783548967, "views": 0, "rating": 0, "private": 0, "password": null, "_winner": "p0y7805f52", "_our_name": "p0x780ccf5"}