{"id": "battle-gen9randombattle-1853", "formatid": "gen9randombattle", "format": "[Gen 9] Random Battle", "players": ["p0x18537631", "p0y1853bda4"], "log": "|init|battle\n|title|p0x18537631 vs. p0y1853bda4\n|j|\u2606p0x18537631\n|j|\u2606p0y1853bda4\n|t:|1783561450\n|gametype|singles\n|player|p1|p0x18537631|102|\n|player|p2|p0y1853bda4|101|\n|gen|9\n|tier|[Gen 9] Random Battle\n|rule|Species Clause: Limit one of each Pok\u00e9mon\n|rule|HP Percentage Mod: HP is shown in percentages\n|rule|Sleep Clause Mod: Limit one foe put to sleep\n|rule|Illusion Level Mod: Illusion disguises the Pok\u00e9mon's true level\n|\n|t:|1783561450\n|teamsize|p1|6\n|teamsize|p2|6\n|start\n|switch|p1a: Chi-Yu|Chi-Yu, L77|100/100\n|switch|p2a: Iron Hands|Iron Hands, L79|373/373\n|-ability|p1a: Chi-Yu|Beads of Ruin\n|turn|1\n|inactive|Battle timer is ON: inactive players will automatically lose when time's up. (requested by p0x18537631)\n|inactive|Time left: 300 sec this turn | 300 sec total | 60 sec grace\n|inactive|p0y1853bda4 also wants the timer to be on.\n|\n|t:|1783561451\n|switch|p1a: Azelf|Azelf, L82|100/100\n|move|p2a: Iron Hands|Close Combat|p1a: Azelf\n|-resisted|p1a: Azelf\n|-damage|p1a: Azelf|68/100\n|-unboost|p2a: Iron Hands|def|1\n|-unboost|p2a: Iron Hands|spd|1\n|\n|upkeep\n|turn|2\n|inactive|Time left: 300 sec this turn | 300 sec total\n|\n|t:|1783561453\n|-end|p2a: Iron Hands|Quark Drive|[silent]\n|switch|p2a: Dipplin|Dipplin, L88, F|284/284\n|move|p1a: Azelf|Psychic|p2a: Dipplin\n|-damage|p2a: Dipplin|177/284\n|-damage|p1a: Azelf|58/100|[from] item: Life Orb\n|\n|upkeep\n|turn|3\n|inactive|Time left: 300 sec this turn | 300 sec total\n|\n|t:|1783561454\n|switch|p1a: Chi-Yu|Chi-Yu, L77|100/100\n|-ability|p1a: Chi-Yu|Beads of Ruin\n|move|p2a: Dipplin|Giga Drain|p1a: Chi-Yu\n|-resisted|p1a: Chi-Yu\n|-damage|p1a: Chi-Yu|85/100\n|-heal|p2a: Dipplin|194/284|[from] drain|[of] p1a: Chi-Yu\n|\n|upkeep\n|turn|4\n|inactive|Time left: 300 sec this turn | 300 sec total\n|\n|t:|1783561456\n|move|p1a: Chi-Yu|Nasty Plot|p1a: Chi-Yu\n|-boost|p1a: Chi-Yu|spa|2\n|move|p2a: Dipplin|Recover|p2a: Dipplin\n|-heal|p2a: Dipplin|284/284\n|\n|upkeep\n|turn|5\n|inactive|Time left: 300 sec this turn | 300 sec total\n|\n|t:|1783561457\n|move|p1a: Chi-Yu|Fire Blast|p2a: Dipplin|[miss]\n|-miss|p1a: Chi-Yu|p2a: Dipplin\n|move|p2a: Dipplin|Recover||[still]\n|-fail|p2a: Dipplin|heal\n|\n|upkeep\n|turn|6\n|inactive|Time left: 300 sec this turn | 300 sec total\n|\n|t:|1783561458\n|move|p1a: Chi-Yu|Fire Blast|p2a: Dipplin\n|-damage|p2a: Dipplin|58/284\n|move|p2a: Dipplin|Recover|p2a: Dipplin\n|-heal|p2a: Dipplin|200/284\n|\n|upkeep\n|turn|7\n|inactive|Time left: 300 sec this turn | 300 sec total\n|\n|t:|1783561458\n|move|p1a: Chi-Yu|Fire Blast|p2a: Dipplin\n|-damage|p2a: Dipplin|0 fnt\n|faint|p2a: Dipplin\n|\n|upkeep\n|inactive|Time left: 300 sec this turn | 300 sec total | 5 sec grace\n|\n|t:|1783561459\n|switch|p2a: Bruxish|Bruxish, L85, F|254/254\n|turn|8\n|inactive|Time left: 300 sec this turn | 300 sec total\n|\n|t:|1783561461\n|switch|p1a: Glastrier|Glastrier, L86|100/100\n|move|p2a: Bruxish|Wave Crash|p1a: Glastrier\n|-damage|p1a: Glastrier|50/100\n|-damage|p2a: Bruxish|202/254|[from] Recoil\n|\n|upkeep\n|turn|9\n|inactive|Time left: 300 sec this turn | 300 sec total\n|\n|t:|1783561462\n|move|p2a: Bruxish|Wave Crash|p1a: Glastrier\n|-damage|p1a: Glastrier|3/100\n|-damage|p2a: Bruxish|153/254|[from] Recoil\n|move|p1a: Glastrier|High Horsepower|p2a: Bruxish\n|-damage|p2a: Bruxish|34/254\n|\n|upkeep\n|turn|10\n|inactive|Time left: 300 sec this turn | 300 sec total\n|\n|t:|1783561463\n|switch|p1a: Haxorus|Haxorus, L77, F|100/100\n|-ability|p1a: Haxorus|Mold Breaker\n|move|p2a: Bruxish|Wave Crash|p1a: Haxorus\n|-resisted|p1a: Haxorus\n|-crit|p1a: Haxorus\n|-damage|p1a: Haxorus|28/100\n|-damage|p2a: Bruxish|0 fnt|[from] Recoil\n|faint|p2a: Bruxish\n|\n|upkeep\n|inactive|Time left: 300 sec this turn | 300 sec total | 5 sec grace\n|\n|t:|1783561464\n|switch|p2a: Venomoth|Venomoth, L84, M|255/255\n|turn|11\n|inactive|Time left: 300 sec this turn | 300 sec total\n|\n|t:|1783561465\n|move|p2a: Venomoth|Bug Buzz|p1a: Haxorus\n|-damage|p1a: Haxorus|0 fnt\n|faint|p1a: Haxorus\n|\n|upkeep\n|\n|t:|1783561466\n|switch|p1a: Chi-Yu|Chi-Yu, L77|85/100\n|-ability|p1a: Chi-Yu|Beads of Ruin\n|turn|12\n|inactive|Time left: 300 sec this turn | 300 sec total\n|\n|t:|1783561467\n|move|p1a: Chi-Yu|Fire Blast|p2a: Venomoth\n|-supereffective|p2a: Venomoth\n|-damage|p2a: Venomoth|0 fnt\n|faint|p2a: Venomoth\n|\n|upkeep\n|inactive|Time left: 300 sec this turn | 300 sec total | 5 sec grace\n|\n|t:|1783561468\n|switch|p2a: Morpeko|Morpeko, L88, M|245/245\n|turn|13\n|inactive|Time left: 300 sec this turn | 300 sec total\n|\n|t:|1783561469\n|switch|p1a: Glastrier|Glastrier, L86|3/100\n|-terastallize|p2a: Morpeko|Electric\n|move|p2a: Morpeko|Aura Wheel|p1a: Glastrier\n|-damage|p1a: Glastrier|0 fnt\n|-boost|p2a: Morpeko|spe|1\n|faint|p1a: Glastrier\n|\n|upkeep\n|\n|t:|1783561470\n|switch|p1a: Seviper|Seviper, L93, F|100/100\n|turn|14\n|inactive|Time left: 300 sec this turn | 300 sec total\n|\n|t:|1783561471\n|move|p2a: Morpeko|Aura Wheel|p1a: Seviper\n|-damage|p1a: Seviper|29/100\n|-boost|p2a: Morpeko|spe|1\n|move|p1a: Seviper|Earthquake|p2a: Morpeko\n|-supereffective|p2a: Morpeko\n|-damage|p2a: Morpeko|0 fnt\n|faint|p2a: Morpeko\n|-damage|p1a: Seviper|20/100|[from] item: Life Orb\n|\n|upkeep\n|inactive|Time left: 300 sec this turn | 300 sec total | 5 sec grace\n|\n|t:|1783561472\n|switch|p2a: Cryogonal|Cryogonal, L89|287/287\n|turn|15\n|inactive|Time left: 300 sec this turn | 300 sec total\n|\n|t:|1783561473\n|switch|p1a: Chi-Yu|Chi-Yu, L77|85/100\n|-ability|p1a: Chi-Yu|Beads of Ruin\n|move|p2a: Cryogonal|Freeze-Dry|p1a: Chi-Yu\n|-resisted|p1a: Chi-Yu\n|-damage|p1a: Chi-Yu|69/100\n|\n|upkeep\n|turn|16\n|inactive|Time left: 300 sec this turn | 300 sec total\n|\n|t:|1783561474\n|move|p2a: Cryogonal|Freeze-Dry|p1a: Chi-Yu\n|-resisted|p1a: Chi-Yu\n|-damage|p1a: Chi-Yu|52/100\n|move|p1a: Chi-Yu|Fire Blast|p2a: Cryogonal|[miss]\n|-miss|p1a: Chi-Yu|p2a: Cryogonal\n|\n|upkeep\n|turn|17\n|inactive|Time left: 300 sec this turn | 300 sec total\n|\n|t:|1783561475\n|switch|p2a: Iron Hands|Iron Hands, L79|373/373\n|move|p1a: Chi-Yu|Fire Blast|p2a: Iron Hands\n|-damage|p2a: Iron Hands|228/373\n|-status|p2a: Iron Hands|brn\n|\n|-damage|p2a: Iron Hands|205/373 brn|[from] brn\n|upkeep\n|turn|18\n|inactive|Time left: 300 sec this turn | 300 sec total\n|\n|t:|1783561476\n|switch|p1a: Rabsca|Rabsca, L91, M|100/100\n|move|p2a: Iron Hands|Close Combat|p1a: Rabsca\n|-resisted|p1a: Rabsca\n|-crit|p1a: Rabsca\n|-damage|p1a: Rabsca|91/100\n|-unboost|p2a: Iron Hands|def|1\n|-unboost|p2a: Iron Hands|spd|1\n|\n|-damage|p2a: Iron Hands|182/373 brn|[from] brn\n|upkeep\n|turn|19\n|inactive|Time left: 300 sec this turn | 300 sec total\n|\n|t:|1783561477\n|move|p2a: Iron Hands|Thunder Punch|p1a: Rabsca\n|-damage|p1a: Rabsca|77/100\n|move|p1a: Rabsca|Bug Buzz|p2a: Iron Hands\n|-resisted|p2a: Iron Hands\n|-damage|p2a: Iron Hands|95/373 brn\n|\n|-damage|p2a: Iron Hands|72/373 brn|[from] brn\n|upkeep\n|turn|20\n|inactive|Time left: 300 sec this turn | 300 sec total\n|\n|t:|1783561478\n|move|p2a: Iron Hands|Heavy Slam|p1a: Rabsca\n|-damage|p1a: Rabsca|60/100\n|move|p1a: Rabsca|Psychic|p2a: Iron Hands\n|-supereffective|p2a: Iron Hands\n|-damage|p2a: Iron Hands|0 fnt\n|faint|p2a: Iron Hands\n|-end|p2a: Iron Hands|Quark Drive|[silent]\n|\n|upkeep\n|inactive|Time left: 300 sec this turn | 300 sec total | 5 sec grace\n|\n|t:|1783561479\n|switch|p2a: Cryogonal|Cryogonal, L89|287/287\n|turn|21\n|inactive|Time left: 300 sec this turn | 300 sec total\n|\n|t:|1783561480\n|switch|p1a: Chi-Yu|Chi-Yu, L77|52/100\n|-ability|p1a: Chi-Yu|Beads of Ruin\n|move|p2a: Cryogonal|Freeze-Dry|p1a: Chi-Yu\n|-resisted|p1a: Chi-Yu\n|-damage|p1a: Chi-Yu|35/100\n|\n|upkeep\n|turn|22\n|inactive|Time left: 300 sec this turn | 300 sec total\n|\n|t:|1783561481\n|-terastallize|p1a: Chi-Yu|Fire\n|move|p2a: Cryogonal|Freeze-Dry|p1a: Chi-Yu\n|-resisted|p1a: Chi-Yu\n|-damage|p1a: Chi-Yu|18/100\n|move|p1a: Chi-Yu|Fire Blast|p2a: Cryogonal|[miss]\n|-miss|p1a: Chi-Yu|p2a: Cryogonal\n|\n|upkeep\n|turn|23\n|inactive|Time left: 300 sec this turn | 300 sec total\n|\n|t:|1783561482\n|move|p2a: Cryogonal|Freeze-Dry|p1a: Chi-Yu\n|-resisted|p1a: Chi-Yu\n|-damage|p1a: Chi-Yu|2/100\n|move|p1a: Chi-Yu|Fire Blast|p2a: Cryogonal|[miss]\n|-miss|p1a: Chi-Yu|p2a: Cryogonal\n|\n|upkeep\n|turn|24\n|inactive|Time left: 300 sec this turn | 300 sec total\n|\n|t:|1783561483\n|switch|p1a: Rabsca|Rabsca, L91, M|60/100\n|move|p2a: Cryogonal|Freeze-Dry|p1a: Rabsca\n|-damage|p1a: Rabsca|35/100\n|\n|upkeep\n|turn|25\n|inactive|Time left: 300 sec this turn | 300 sec total\n|\n|t:|1783561484\n|move|p2a: Cryogonal|Freeze-Dry|p1a: Rabsca\n|-damage|p1a: Rabsca|9/100\n|move|p1a: Rabsca|Bug Buzz|p2a: Cryogonal\n|-damage|p2a: Cryogonal|196/287\n|\n|upkeep\n|turn|26\n|inactive|Time left: 300 sec this turn | 300 sec total\n|\n|t:|1783561485\n|move|p2a: Cryogonal|Flash Cannon|p1a: Rabsca\n|-damage|p1a: Rabsca|0 fnt\n|faint|p1a: Rabsca\n|\n|upkeep\n|\n|t:|1783561486\n|switch|p1a: Azelf|Azelf, L82|58/100\n|turn|27\n|inactive|Time left: 300 sec this turn | 300 sec total\n|\n|t:|1783561486\n|move|p2a: Cryogonal|Freeze-Dry|p1a: Azelf\n|-damage|p1a: Azelf|17/100\n|move|p1a: Azelf|Fire Blast|p2a: Cryogonal|[miss]\n|-miss|p1a: Azelf|p2a: Cryogonal\n|\n|upkeep\n|turn|28\n|inactive|Time left: 300 sec this turn | 300 sec total\n|\n|t:|1783561487\n|move|p2a: Cryogonal|Freeze-Dry|p1a: Azelf\n|-damage|p1a: Azelf|0 fnt\n|faint|p1a: Azelf\n|\n|upkeep\n|\n|t:|1783561488\n|switch|p1a: Chi-Yu|Chi-Yu, L77, tera:Fire|2/100\n|-ability|p1a: Chi-Yu|Beads of Ruin\n|turn|29\n|inactive|Time left: 300 sec this turn | 300 sec total\n|\n|t:|1783561488\n|switch|p1a: Seviper|Seviper, L93, F|20/100\n|move|p2a: Cryogonal|Freeze-Dry|p1a: Seviper\n|-damage|p1a: Seviper|0 fnt\n|faint|p1a: Seviper\n|\n|upkeep\n|\n|t:|1783561489\n|switch|p1a: Chi-Yu|Chi-Yu, L77, tera:Fire|2/100\n|-ability|p1a: Chi-Yu|Beads of Ruin\n|turn|30\n|inactive|Time left: 300 sec this turn | 300 sec total\n|\n|t:|1783561489\n|move|p2a: Cryogonal|Freeze-Dry|p1a: Chi-Yu\n|-resisted|p1a: Chi-Yu\n|-damage|p1a: Chi-Yu|0 fnt\n|faint|p1a: Chi-Yu\n|\n|win|p0y1853bda4", "uploadtime": 1783561489, "views": 0, "rating": 0, "private": 0, "password": null, "_winner": "p0y1853bda4", "_our_name": "p0y1853bda4"}