{"id": "battle-gen9randombattle-217", "formatid": "gen9randombattle", "format": "[Gen 9] Random Battle", "players": ["p0x217b2a0", "p0y217f00b"], "log": "|init|battle\n|title|p0x217b2a0 vs. p0y217f00b\n|j|\u2606p0x217b2a0\n|j|\u2606p0y217f00b\n|t:|1783536318\n|gametype|singles\n|player|p1|p0x217b2a0|101|\n|player|p2|p0y217f00b|102|\n|gen|9\n|tier|[Gen 9] Random Battle\n|rule|Species Clause: Limit one of each Pok\u00e9mon\n|rule|HP Percentage Mod: HP is shown in percentages\n|rule|Sleep Clause Mod: Limit one foe put to sleep\n|rule|Illusion Level Mod: Illusion disguises the Pok\u00e9mon's true level\n|\n|t:|1783536318\n|teamsize|p1|6\n|teamsize|p2|6\n|start\n|switch|p1a: Hatterene|Hatterene, L85, F|100/100\n|switch|p2a: Ninetales|Ninetales-Alola, L78, M|242/242\n|-weather|Snowscape|[from] ability: Snow Warning|[of] p2a: Ninetales\n|turn|1\n|inactive|Battle timer is ON: inactive players will automatically lose when time's up. (requested by p0x217b2a0)\n|inactive|Time left: 300 sec this turn | 300 sec total | 60 sec grace\n|inactive|p0y217f00b also wants the timer to be on.\n|\n|t:|1783536320\n|move|p2a: Ninetales|Aurora Veil|p2a: Ninetales\n|-sidestart|p2: p0y217f00b|move: Aurora Veil\n|move|p1a: Hatterene|Mystical Fire|p2a: Ninetales\n|-supereffective|p2a: Ninetales\n|-damage|p2a: Ninetales|177/242\n|-unboost|p2a: Ninetales|spa|1\n|\n|-weather|Snowscape|[upkeep]\n|upkeep\n|turn|2\n|inactive|Time left: 300 sec this turn | 300 sec total\n|\n|t:|1783536321\n|switch|p2a: Magnezone|Magnezone, L85|258/258\n|move|p1a: Hatterene|Mystical Fire|p2a: Magnezone\n|-supereffective|p2a: Magnezone\n|-damage|p2a: Magnezone|192/258\n|-unboost|p2a: Magnezone|spa|1\n|\n|-weather|Snowscape|[upkeep]\n|-heal|p2a: Magnezone|208/258|[from] item: Leftovers\n|upkeep\n|turn|3\n|inactive|Time left: 300 sec this turn | 300 sec total\n|\n|t:|1783536322\n|move|p2a: Magnezone|Discharge|p1a: Hatterene\n|-crit|p1a: Hatterene\n|-damage|p1a: Hatterene|35/100\n|move|p1a: Hatterene|Mystical Fire|p2a: Magnezone\n|-supereffective|p2a: Magnezone\n|-damage|p2a: Magnezone|135/258\n|-unboost|p2a: Magnezone|spa|1\n|\n|-weather|Snowscape|[upkeep]\n|-heal|p2a: Magnezone|151/258|[from] item: Leftovers\n|-heal|p1a: Hatterene|41/100|[from] item: Leftovers\n|upkeep\n|turn|4\n|inactive|Time left: 300 sec this turn | 300 sec total\n|\n|t:|1783536323\n|move|p2a: Magnezone|Flash Cannon|p1a: Hatterene\n|-supereffective|p1a: Hatterene\n|-damage|p1a: Hatterene|0 fnt\n|faint|p1a: Hatterene\n|\n|-weather|Snowscape|[upkeep]\n|-heal|p2a: Magnezone|167/258|[from] item: Leftovers\n|upkeep\n|\n|t:|1783536325\n|switch|p1a: Volcanion|Volcanion, L79|100/100\n|turn|5\n|inactive|Time left: 300 sec this turn | 300 sec total\n|\n|t:|1783536326\n|switch|p2a: Tornadus|Tornadus-Therian, L79, M|254/254\n|move|p1a: Volcanion|Flame Charge|p2a: Tornadus\n|-damage|p2a: Tornadus|227/254\n|-boost|p1a: Volcanion|spe|1\n|\n|-weather|none\n|upkeep\n|turn|6\n|inactive|Time left: 300 sec this turn | 300 sec total\n|\n|t:|1783536327\n|move|p2a: Tornadus|Bleakwind Storm|p1a: Volcanion\n|-damage|p1a: Volcanion|73/100\n|move|p1a: Volcanion|Flame Charge|p2a: Tornadus\n|-damage|p2a: Tornadus|196/254\n|-boost|p1a: Volcanion|spe|1\n|\n|upkeep\n|turn|7\n|inactive|Time left: 300 sec this turn | 300 sec total\n|\n|t:|1783536328\n|move|p1a: Volcanion|Steam Eruption|p2a: Tornadus\n|-damage|p2a: Tornadus|154/254\n|move|p2a: Tornadus|Knock Off|p1a: Volcanion\n|-damage|p1a: Volcanion|54/100\n|-enditem|p1a: Volcanion|Assault Vest|[from] move: Knock Off|[of] p2a: Tornadus\n|\n|upkeep\n|turn|8\n|inactive|Time left: 300 sec this turn | 300 sec total\n|\n|t:|1783536329\n|move|p1a: Volcanion|Flamethrower|p2a: Tornadus\n|-damage|p2a: Tornadus|118/254\n|move|p2a: Tornadus|Bleakwind Storm|p1a: Volcanion\n|-damage|p1a: Volcanion|13/100\n|\n|-sideend|p2: p0y217f00b|move: Aurora Veil\n|upkeep\n|turn|9\n|inactive|Time left: 300 sec this turn | 300 sec total\n|\n|t:|1783536330\n|move|p1a: Volcanion|Steam Eruption|p2a: Tornadus\n|-damage|p2a: Tornadus|21/254\n|move|p2a: Tornadus|Knock Off|p1a: Volcanion\n|-damage|p1a: Volcanion|0 fnt\n|faint|p1a: Volcanion\n|\n|upkeep\n|\n|t:|1783536331\n|switch|p1a: Zangoose|Zangoose, L85, F|100/100\n|turn|10\n|inactive|Time left: 300 sec this turn | 300 sec total\n|\n|t:|1783536332\n|switch|p2a: Ninetales|Ninetales-Alola, L78, M|177/242\n|-weather|Snowscape|[from] ability: Snow Warning|[of] p2a: Ninetales\n|move|p1a: Zangoose|Swords Dance|p1a: Zangoose\n|-boost|p1a: Zangoose|atk|2\n|\n|-weather|Snowscape|[upkeep]\n|-status|p1a: Zangoose|tox|[from] item: Toxic Orb\n|upkeep\n|turn|11\n|inactive|Time left: 300 sec this turn | 300 sec total\n|\n|t:|1783536333\n|move|p2a: Ninetales|Aurora Veil|p2a: Ninetales\n|-sidestart|p2: p0y217f00b|move: Aurora Veil\n|move|p1a: Zangoose|Facade|p2a: Ninetales\n|-damage|p2a: Ninetales|0 fnt\n|faint|p2a: Ninetales\n|\n|-weather|Snowscape|[upkeep]\n|-damage|p1a: Zangoose|94/100 tox|[from] psn\n|upkeep\n|inactive|Time left: 300 sec this turn | 300 sec total | 5 sec grace\n|\n|t:|1783536334\n|switch|p2a: Mandibuzz|Mandibuzz, L85, F|219/219\n|turn|12\n|inactive|Time left: 300 sec this turn | 300 sec total\n|\n|t:|1783536335\n|switch|p1a: Chien-Pao|Chien-Pao, L72|100/100\n|-ability|p1a: Chien-Pao|Sword of Ruin\n|move|p2a: Mandibuzz|Focus Blast|p1a: Chien-Pao\n|-supereffective|p1a: Chien-Pao\n|-damage|p1a: Chien-Pao|0 fnt\n|faint|p1a: Chien-Pao\n|-damage|p2a: Mandibuzz|198/219|[from] item: Life Orb\n|\n|-weather|Snowscape|[upkeep]\n|upkeep\n|\n|t:|1783536335\n|switch|p1a: Scizor|Scizor, L79, F|100/100\n|turn|13\n|inactive|Time left: 300 sec this turn | 300 sec total\n|\n|t:|1783536336\n|move|p2a: Mandibuzz|Nasty Plot|p2a: Mandibuzz\n|-boost|p2a: Mandibuzz|spa|2\n|move|p1a: Scizor|Knock Off|p2a: Mandibuzz\n|-supereffective|p2a: Mandibuzz\n|-crit|p2a: Mandibuzz\n|-damage|p2a: Mandibuzz|0 fnt\n|replace|p2a: Zoroark|Zoroark-Hisui, L80, M\n|-end|p2a: Zoroark|Illusion\n|-hint|Illusion Level Mod is active, so this Pok\u00e9mon's true level was hidden.\n|-enditem|p2a: Zoroark|Life Orb|[from] move: Knock Off|[of] p1a: Scizor\n|faint|p2a: Zoroark\n|\n|-weather|Snowscape|[upkeep]\n|upkeep\n|inactive|Time left: 300 sec this turn | 300 sec total | 5 sec grace\n|\n|t:|1783536337\n|switch|p2a: Tornadus|Tornadus-Therian, L79, M|105/254\n|turn|14\n|inactive|Time left: 300 sec this turn | 300 sec total\n|\n|t:|1783536338\n|switch|p1a: Arbok|Arbok, L87, M|100/100\n|-ability|p1a: Arbok|Intimidate|boost\n|-unboost|p2a: Tornadus|atk|1\n|move|p2a: Tornadus|Heat Wave|p1a: Arbok\n|-damage|p1a: Arbok|74/100\n|\n|-weather|none\n|upkeep\n|turn|15\n|inactive|Time left: 300 sec this turn | 300 sec total\n|\n|t:|1783536339\n|move|p2a: Tornadus|U-turn|p1a: Arbok\n|-resisted|p1a: Arbok\n|-damage|p1a: Arbok|67/100\n|inactive|Time left: 300 sec this turn | 300 sec total | 5 sec grace\n|\n|t:|1783536340\n|switch|p2a: Granbull|Granbull, L88, F|302/302|[from] U-turn\n|-ability|p2a: Granbull|Intimidate|boost\n|-unboost|p1a: Arbok|atk|1\n|move|p1a: Arbok|Earthquake|p2a: Granbull\n|-damage|p2a: Granbull|270/302\n|-damage|p1a: Arbok|57/100|[from] item: Life Orb\n|\n|-heal|p2a: Granbull|288/302|[from] item: Leftovers\n|upkeep\n|turn|16\n|inactive|Time left: 300 sec this turn | 300 sec total\n|\n|t:|1783536341\n|switch|p1a: Scizor|Scizor, L79, F|100/100\n|move|p2a: Granbull|Earthquake|p1a: Scizor\n|-damage|p1a: Scizor|63/100\n|\n|-heal|p1a: Scizor|70/100|[from] item: Leftovers\n|-heal|p2a: Granbull|302/302|[from] item: Leftovers\n|upkeep\n|turn|17\n|inactive|Time left: 300 sec this turn | 300 sec total\n|\n|t:|1783536342\n|move|p1a: Scizor|Bullet Punch|p2a: Granbull\n|-supereffective|p2a: Granbull\n|-damage|p2a: Granbull|221/302\n|move|p2a: Granbull|Earthquake|p1a: Scizor\n|-damage|p1a: Scizor|36/100\n|\n|-heal|p1a: Scizor|42/100|[from] item: Leftovers\n|-heal|p2a: Granbull|239/302|[from] item: Leftovers\n|upkeep\n|turn|18\n|inactive|Time left: 300 sec this turn | 300 sec total\n|\n|t:|1783536343\n|move|p1a: Scizor|Knock Off|p2a: Granbull\n|-resisted|p2a: Granbull\n|-crit|p2a: Granbull\n|-damage|p2a: Granbull|179/302\n|-enditem|p2a: Granbull|Leftovers|[from] move: Knock Off|[of] p1a: Scizor\n|move|p2a: Granbull|Earthquake|p1a: Scizor\n|-damage|p1a: Scizor|5/100\n|\n|-heal|p1a: Scizor|11/100|[from] item: Leftovers\n|-sideend|p2: p0y217f00b|move: Aurora Veil\n|upkeep\n|turn|19\n|inactive|Time left: 300 sec this turn | 300 sec total\n|\n|t:|1783536344\n|move|p1a: Scizor|Bullet Punch|p2a: Granbull\n|-supereffective|p2a: Granbull\n|-damage|p2a: Granbull|11/302\n|move|p2a: Granbull|Earthquake|p1a: Scizor\n|-damage|p1a: Scizor|0 fnt\n|faint|p1a: Scizor\n|\n|upkeep\n|\n|t:|1783536345\n|switch|p1a: Zangoose|Zangoose, L85, F|94/100 tox\n|turn|20\n|inactive|Time left: 300 sec this turn | 300 sec total\n|\n|t:|1783536346\n|move|p1a: Zangoose|Knock Off|p2a: Granbull\n|-resisted|p2a: Granbull\n|-damage|p2a: Granbull|0 fnt\n|faint|p2a: Granbull\n|\n|-damage|p1a: Zangoose|88/100 tox|[from] psn\n|upkeep\n|inactive|Time left: 300 sec this turn | 300 sec total | 5 sec grace\n|\n|t:|1783536347\n|switch|p2a: Mandibuzz|Mandibuzz, L85, F|326/326\n|turn|21\n|inactive|Time left: 300 sec this turn | 300 sec total\n|\n|t:|1783536348\n|move|p1a: Zangoose|Facade|p2a: Mandibuzz\n|-damage|p2a: Mandibuzz|88/326\n|move|p2a: Mandibuzz|Foul Play|p1a: Zangoose\n|-damage|p1a: Zangoose|27/100 tox\n|\n|-damage|p1a: Zangoose|15/100 tox|[from] psn\n|upkeep\n|turn|22\n|inactive|Time left: 300 sec this turn | 300 sec total\n|\n|t:|1783536349\n|switch|p1a: Arbok|Arbok, L87, M|57/100\n|-ability|p1a: Arbok|Intimidate|boost\n|-unboost|p2a: Mandibuzz|atk|1\n|move|p2a: Mandibuzz|Roost|p2a: Mandibuzz\n|-heal|p2a: Mandibuzz|251/326\n|-singleturn|p2a: Mandibuzz|move: Roost\n|\n|upkeep\n|turn|23\n|inactive|Time left: 300 sec this turn | 300 sec total\n|\n|t:|1783536350\n|move|p1a: Arbok|Gunk Shot|p2a: Mandibuzz|[miss]\n|-miss|p1a: Arbok|p2a: Mandibuzz\n|move|p2a: Mandibuzz|Foul Play|p1a: Arbok\n|-damage|p1a: Arbok|11/100\n|\n|upkeep\n|turn|24\n|inactive|Time left: 300 sec this turn | 300 sec total\n|\n|t:|1783536351\n|move|p1a: Arbok|Gunk Shot|p2a: Mandibuzz\n|-damage|p2a: Mandibuzz|109/326\n|-status|p2a: Mandibuzz|psn\n|-damage|p1a: Arbok|1/100|[from] item: Life Orb\n|move|p2a: Mandibuzz|U-turn|p1a: Arbok\n|-resisted|p1a: Arbok\n|-damage|p1a: Arbok|0 fnt\n|faint|p1a: Arbok\n|inactive|Time left: 300 sec this turn | 300 sec total | 5 sec grace\n|\n|t:|1783536352\n|switch|p2a: Tornadus|Tornadus-Therian, L79, M|189/254|[from] U-turn\n|\n|upkeep\n|\n|t:|1783536353\n|switch|p1a: Zangoose|Zangoose, L85, F|15/100 tox\n|turn|25\n|inactive|Time left: 300 sec this turn | 300 sec total\n|\n|t:|1783536354\n|-terastallize|p1a: Zangoose|Normal\n|move|p2a: Tornadus|Heat Wave|p1a: Zangoose\n|-damage|p1a: Zangoose|0 fnt\n|faint|p1a: Zangoose\n|\n|win|p0y217f00b", "uploadtime": 1783536354, "views": 0, "rating": 0, "private": 0, "password": null, "_winner": "p0y217f00b", "_our_name": "p0y217f00b"}