{"id": "battle-gen9randombattle-254", "formatid": "gen9randombattle", "format": "[Gen 9] Random Battle", "players": ["p0x2542326", "p0y25456f1"], "log": "|init|battle\n|title|p0x2542326 vs. p0y25456f1\n|j|\u2606p0x2542326\n|j|\u2606p0y25456f1\n|t:|1783542029\n|gametype|singles\n|player|p1|p0x2542326|1|\n|player|p2|p0y25456f1|170|\n|gen|9\n|tier|[Gen 9] Random Battle\n|rule|Species Clause: Limit one of each Pok\u00e9mon\n|rule|HP Percentage Mod: HP is shown in percentages\n|rule|Sleep Clause Mod: Limit one foe put to sleep\n|rule|Illusion Level Mod: Illusion disguises the Pok\u00e9mon's true level\n|\n|t:|1783542029\n|teamsize|p1|6\n|teamsize|p2|6\n|start\n|switch|p1a: Stonjourner|Stonjourner, L91, M|100/100\n|switch|p2a: Reshiram|Reshiram, L76|277/277\n|-ability|p2a: Reshiram|Turboblaze\n|turn|1\n|inactive|Battle timer is ON: inactive players will automatically lose when time's up. (requested by p0x2542326)\n|inactive|Time left: 300 sec this turn | 300 sec total | 60 sec grace\n|inactive|p0y25456f1 also wants the timer to be on.\n|\n|t:|1783542030\n|-terastallize|p2a: Reshiram|Dragon\n|move|p2a: Reshiram|Outrage|p1a: Stonjourner\n|-crit|p1a: Stonjourner\n|-damage|p1a: Stonjourner|53/100\n|move|p1a: Stonjourner|Stone Edge|p2a: Reshiram\n|-crit|p2a: Reshiram\n|-damage|p2a: Reshiram|0 fnt\n|faint|p2a: Reshiram\n|-damage|p1a: Stonjourner|43/100|[from] item: Life Orb\n|\n|upkeep\n|inactive|Time left: 300 sec this turn | 300 sec total | 65 sec grace\n|\n|t:|1783542031\n|switch|p2a: Calyrex|Calyrex, L93|337/337\n|-ability|p2a: Calyrex|Unnerve\n|turn|2\n|inactive|Time left: 300 sec this turn | 300 sec total\n|\n|t:|1783542033\n|switch|p1a: Wyrdeer|Wyrdeer, L87, F|100/100\n|-ability|p1a: Wyrdeer|Intimidate|boost\n|-unboost|p2a: Calyrex|atk|1\n|move|p2a: Calyrex|Psychic|p1a: Wyrdeer\n|-resisted|p1a: Wyrdeer\n|-damage|p1a: Wyrdeer|85/100\n|\n|-heal|p1a: Wyrdeer|91/100|[from] item: Leftovers\n|upkeep\n|turn|3\n|inactive|Time left: 300 sec this turn | 300 sec total\n|\n|t:|1783542034\n|switch|p2a: Mightyena|Mightyena, L96, F|290/290\n|-ability|p2a: Mightyena|Intimidate|boost\n|-unboost|p1a: Wyrdeer|atk|1\n|move|p1a: Wyrdeer|Megahorn|p2a: Mightyena\n|-supereffective|p2a: Mightyena\n|-damage|p2a: Mightyena|152/290\n|\n|-heal|p2a: Mightyena|170/290|[from] item: Leftovers\n|-heal|p1a: Wyrdeer|97/100|[from] item: Leftovers\n|upkeep\n|turn|4\n|inactive|Time left: 300 sec this turn | 300 sec total\n|\n|t:|1783542035\n|switch|p1a: Magmortar|Magmortar, L88, M|100/100\n|move|p2a: Mightyena|Crunch|p1a: Magmortar\n|-damage|p1a: Magmortar|60/100\n|\n|-heal|p2a: Mightyena|188/290|[from] item: Leftovers\n|upkeep\n|turn|5\n|inactive|Time left: 300 sec this turn | 300 sec total\n|\n|t:|1783542037\n|move|p1a: Magmortar|Fire Blast|p2a: Mightyena\n|-damage|p2a: Mightyena|2/290\n|move|p2a: Mightyena|Crunch|p1a: Magmortar\n|-damage|p1a: Magmortar|12/100\n|\n|-heal|p2a: Mightyena|20/290|[from] item: Leftovers\n|upkeep\n|turn|6\n|inactive|Time left: 300 sec this turn | 300 sec total\n|\n|t:|1783542038\n|move|p2a: Mightyena|Sucker Punch|p1a: Magmortar\n|-damage|p1a: Magmortar|0 fnt\n|-status|p2a: Mightyena|brn|[from] ability: Flame Body|[of] p1a: Magmortar\n|faint|p1a: Magmortar\n|\n|-heal|p2a: Mightyena|38/290 brn|[from] item: Leftovers\n|-damage|p2a: Mightyena|20/290 brn|[from] brn\n|upkeep\n|\n|t:|1783542039\n|switch|p1a: Groudon|Groudon, L72|100/100\n|-weather|SunnyDay|[from] ability: Drought|[of] p1a: Groudon\n|turn|7\n|inactive|Time left: 300 sec this turn | 300 sec total\n|\n|t:|1783542040\n|move|p2a: Mightyena|Poison Fang|p1a: Groudon\n|-resisted|p1a: Groudon\n|-damage|p1a: Groudon|97/100\n|-status|p1a: Groudon|tox\n|move|p1a: Groudon|Precipice Blades|p2a: Mightyena\n|-damage|p2a: Mightyena|0 fnt\n|faint|p2a: Mightyena\n|\n|-weather|SunnyDay|[upkeep]\n|-heal|p1a: Groudon|100/100 tox|[from] item: Leftovers\n|-damage|p1a: Groudon|94/100 tox|[from] psn\n|upkeep\n|inactive|Time left: 300 sec this turn | 300 sec total | 5 sec grace\n|\n|t:|1783542041\n|switch|p2a: Weavile|Weavile, L79, M|239/239\n|turn|8\n|inactive|Time left: 300 sec this turn | 300 sec total\n|\n|t:|1783542042\n|move|p2a: Weavile|Knock Off|p1a: Groudon\n|-damage|p1a: Groudon|47/100 tox\n|-enditem|p1a: Groudon|Leftovers|[from] move: Knock Off|[of] p2a: Weavile\n|move|p1a: Groudon|Heat Crash|p2a: Weavile\n|-supereffective|p2a: Weavile\n|-damage|p2a: Weavile|0 fnt\n|faint|p2a: Weavile\n|\n|-weather|SunnyDay|[upkeep]\n|-damage|p1a: Groudon|35/100 tox|[from] psn\n|upkeep\n|inactive|Time left: 300 sec this turn | 300 sec total | 5 sec grace\n|\n|t:|1783542043\n|switch|p2a: Calyrex|Calyrex, L93|337/337\n|-ability|p2a: Calyrex|Unnerve\n|turn|9\n|inactive|Time left: 300 sec this turn | 300 sec total\n|\n|t:|1783542044\n|switch|p1a: Wyrdeer|Wyrdeer, L87, F|97/100\n|-ability|p1a: Wyrdeer|Intimidate|boost\n|-unboost|p2a: Calyrex|atk|1\n|move|p2a: Calyrex|Psychic|p1a: Wyrdeer\n|-resisted|p1a: Wyrdeer\n|-damage|p1a: Wyrdeer|78/100\n|\n|-weather|SunnyDay|[upkeep]\n|-heal|p1a: Wyrdeer|85/100|[from] item: Leftovers\n|upkeep\n|turn|10\n|inactive|Time left: 300 sec this turn | 300 sec total\n|\n|t:|1783542045\n|switch|p2a: Froslass|Froslass, L87, F|263/263\n|move|p1a: Wyrdeer|Megahorn|p2a: Froslass\n|-resisted|p2a: Froslass\n|-damage|p2a: Froslass|211/263\n|\n|-weather|SunnyDay|[upkeep]\n|-heal|p1a: Wyrdeer|91/100|[from] item: Leftovers\n|upkeep\n|turn|11\n|inactive|Time left: 300 sec this turn | 300 sec total\n|\n|t:|1783542045\n|move|p2a: Froslass|Will-O-Wisp|p1a: Wyrdeer\n|-status|p1a: Wyrdeer|brn\n|move|p1a: Wyrdeer|Psychic Noise|p2a: Froslass\n|-damage|p2a: Froslass|111/263\n|-start|p2a: Froslass|move: Heal Block\n|-start|p1a: Wyrdeer|Disable|Psychic Noise|[from] ability: Cursed Body|[of] p2a: Froslass\n|\n|-weather|none\n|-heal|p1a: Wyrdeer|97/100 brn|[from] item: Leftovers\n|-damage|p1a: Wyrdeer|91/100 brn|[from] brn\n|upkeep\n|turn|12\n|inactive|Time left: 300 sec this turn | 300 sec total\n|\n|t:|1783542046\n|move|p2a: Froslass|Triple Axel|p1a: Wyrdeer\n|-damage|p1a: Wyrdeer|84/100 brn\n|-damage|p1a: Wyrdeer|70/100 brn\n|-damage|p1a: Wyrdeer|49/100 brn\n|-hitcount|p1a: Wyrdeer|3\n|move|p1a: Wyrdeer|Thunder Wave|p2a: Froslass\n|-status|p2a: Froslass|par\n|\n|-heal|p1a: Wyrdeer|55/100 brn|[from] item: Leftovers\n|-damage|p1a: Wyrdeer|49/100 brn|[from] brn\n|-end|p2a: Froslass|move: Heal Block\n|upkeep\n|turn|13\n|inactive|Time left: 300 sec this turn | 300 sec total\n|\n|t:|1783542047\n|switch|p2a: Calyrex|Calyrex, L93|337/337\n|-ability|p2a: Calyrex|Unnerve\n|move|p1a: Wyrdeer|Megahorn|p2a: Calyrex\n|-supereffective|p2a: Calyrex\n|-damage|p2a: Calyrex|149/337\n|\n|-heal|p2a: Calyrex|170/337|[from] item: Leftovers\n|-heal|p1a: Wyrdeer|55/100 brn|[from] item: Leftovers\n|-damage|p1a: Wyrdeer|49/100 brn|[from] brn\n|upkeep\n|turn|14\n|inactive|Time left: 300 sec this turn | 300 sec total\n|\n|t:|1783542048\n|move|p2a: Calyrex|Giga Drain|p1a: Wyrdeer\n|-damage|p1a: Wyrdeer|22/100 brn\n|-heal|p2a: Calyrex|214/337|[from] drain|[of] p1a: Wyrdeer\n|move|p1a: Wyrdeer|Megahorn|p2a: Calyrex\n|-supereffective|p2a: Calyrex\n|-crit|p2a: Calyrex\n|-damage|p2a: Calyrex|0 fnt\n|faint|p2a: Calyrex\n|\n|-heal|p1a: Wyrdeer|28/100 brn|[from] item: Leftovers\n|-damage|p1a: Wyrdeer|22/100 brn|[from] brn\n|-end|p1a: Wyrdeer|Disable\n|upkeep\n|inactive|Time left: 300 sec this turn | 300 sec total | 5 sec grace\n|\n|t:|1783542049\n|switch|p2a: Electivire|Electivire, L84, M|263/263\n|turn|15\n|inactive|Time left: 300 sec this turn | 300 sec total\n|\n|t:|1783542050\n|move|p2a: Electivire|Knock Off|p1a: Wyrdeer\n|-supereffective|p1a: Wyrdeer\n|-damage|p1a: Wyrdeer|0 fnt\n|-enditem|p1a: Wyrdeer|Leftovers|[from] move: Knock Off|[of] p2a: Electivire\n|faint|p1a: Wyrdeer\n|-damage|p2a: Electivire|237/263|[from] item: Life Orb\n|\n|upkeep\n|\n|t:|1783542051\n|switch|p1a: Stonjourner|Stonjourner, L91, M|43/100\n|turn|16\n|inactive|Time left: 300 sec this turn | 300 sec total\n|\n|t:|1783542052\n|-terastallize|p1a: Stonjourner|Ground\n|move|p2a: Electivire|Earthquake|p1a: Stonjourner\n|-damage|p1a: Stonjourner|20/100\n|-damage|p2a: Electivire|211/263|[from] item: Life Orb\n|move|p1a: Stonjourner|Earthquake|p2a: Electivire\n|-supereffective|p2a: Electivire\n|-damage|p2a: Electivire|0 fnt\n|faint|p2a: Electivire\n|-damage|p1a: Stonjourner|10/100|[from] item: Life Orb\n|\n|upkeep\n|inactive|Time left: 300 sec this turn | 300 sec total | 5 sec grace\n|\n|t:|1783542053\n|switch|p2a: Froslass|Froslass, L87, F|111/263 par\n|turn|17\n|inactive|Time left: 300 sec this turn | 300 sec total\n|\n|t:|1783542054\n|move|p1a: Stonjourner|Heat Crash|p2a: Froslass\n|-supereffective|p2a: Froslass\n|-damage|p2a: Froslass|0 fnt\n|faint|p2a: Froslass\n|-damage|p1a: Stonjourner|0 fnt|[from] item: Life Orb\n|faint|p1a: Stonjourner\n|\n|win|p0x2542326", "uploadtime": 1783542054, "views": 0, "rating": 0, "private": 0, "password": null, "_winner": "p0x2542326", "_our_name": "p0y25456f1"}