{"id": "battle-gen9randombattle-832", "formatid": "gen9randombattle", "format": "[Gen 9] Random Battle", "players": ["p0x832a84d", "p0y832584e"], "log": "|init|battle\n|title|p0x832a84d vs. p0y832584e\n|j|\u2606p0x832a84d\n|j|\u2606p0y832584e\n|t:|1783548797\n|gametype|singles\n|player|p1|p0x832a84d|266|\n|player|p2|p0y832584e|265|\n|gen|9\n|tier|[Gen 9] Random Battle\n|rule|Species Clause: Limit one of each Pok\u00e9mon\n|rule|HP Percentage Mod: HP is shown in percentages\n|rule|Sleep Clause Mod: Limit one foe put to sleep\n|rule|Illusion Level Mod: Illusion disguises the Pok\u00e9mon's true level\n|\n|t:|1783548797\n|teamsize|p1|6\n|teamsize|p2|6\n|start\n|switch|p1a: Chi-Yu|Chi-Yu, L77|211/211\n|switch|p2a: Ampharos|Ampharos, L88, F|100/100\n|-ability|p1a: Chi-Yu|Beads of Ruin\n|turn|1\n|inactive|Battle timer is ON: inactive players will automatically lose when time's up. (requested by p0y832584e)\n|inactive|Time left: 300 sec this turn | 300 sec total | 60 sec grace\n|inactive|p0x832a84d also wants the timer to be on.\n|\n|t:|1783548798\n|move|p1a: Chi-Yu|Nasty Plot|p1a: Chi-Yu\n|-boost|p1a: Chi-Yu|spa|2\n|move|p2a: Ampharos|Thunderbolt|p1a: Chi-Yu\n|-damage|p1a: Chi-Yu|106/211\n|\n|upkeep\n|turn|2\n|inactive|Time left: 300 sec this turn | 300 sec total\n|\n|t:|1783548799\n|move|p1a: Chi-Yu|Fire Blast|p2a: Ampharos\n|-damage|p2a: Ampharos|37/100\n|-status|p2a: Ampharos|brn\n|move|p2a: Ampharos|Thunderbolt|p1a: Chi-Yu\n|-damage|p1a: Chi-Yu|9/211\n|\n|-damage|p2a: Ampharos|31/100 brn|[from] brn\n|upkeep\n|turn|3\n|inactive|Time left: 300 sec this turn | 300 sec total\n|\n|t:|1783548800\n|move|p1a: Chi-Yu|Dark Pulse|p2a: Ampharos\n|-damage|p2a: Ampharos|0 fnt\n|faint|p2a: Ampharos\n|\n|upkeep\n|\n|t:|1783548801\n|switch|p2a: Entei|Entei, L78|100/100\n|turn|4\n|inactive|Time left: 300 sec this turn | 300 sec total\n|\n|t:|1783548802\n|switch|p1a: Dipplin|Dipplin, L88, F|284/284\n|move|p2a: Entei|Sacred Fire|p1a: Dipplin\n|-damage|p1a: Dipplin|206/284\n|\n|upkeep\n|turn|5\n|inactive|Time left: 300 sec this turn | 300 sec total\n|\n|t:|1783548803\n|switch|p1a: Arcanine|Arcanine-Hisui, L79, F|279/279\n|move|p2a: Entei|Sacred Fire|p1a: Arcanine|[miss]\n|-miss|p2a: Entei|p1a: Arcanine\n|\n|upkeep\n|turn|6\n|inactive|Time left: 300 sec this turn | 300 sec total\n|\n|t:|1783548804\n|move|p2a: Entei|Sacred Fire|p1a: Arcanine\n|-resisted|p1a: Arcanine\n|-damage|p1a: Arcanine|233/279\n|move|p1a: Arcanine|Head Smash|p2a: Entei\n|-supereffective|p2a: Entei\n|-damage|p2a: Entei|0 fnt\n|faint|p2a: Entei\n|\n|upkeep\n|\n|t:|1783548805\n|switch|p2a: Crabominable|Crabominable, L90, M|100/100\n|turn|7\n|inactive|Time left: 300 sec this turn | 300 sec total\n|\n|t:|1783548805\n|-terastallize|p1a: Arcanine|Rock\n|move|p1a: Arcanine|Head Smash|p2a: Crabominable\n|-damage|p2a: Crabominable|0 fnt\n|faint|p2a: Crabominable\n|\n|upkeep\n|\n|t:|1783548806\n|switch|p2a: Poliwrath|Poliwrath, L88, F|100/100\n|turn|8\n|inactive|Time left: 300 sec this turn | 300 sec total\n|\n|t:|1783548807\n|switch|p1a: Dipplin|Dipplin, L88, F|206/284\n|move|p2a: Poliwrath|Bulk Up|p2a: Poliwrath\n|-boost|p2a: Poliwrath|atk|1\n|-boost|p2a: Poliwrath|def|1\n|\n|upkeep\n|turn|9\n|inactive|Time left: 300 sec this turn | 300 sec total\n|\n|t:|1783548808\n|move|p2a: Poliwrath|Bulk Up|p2a: Poliwrath\n|-boost|p2a: Poliwrath|atk|1\n|-boost|p2a: Poliwrath|def|1\n|move|p1a: Dipplin|Giga Drain|p2a: Poliwrath\n|-supereffective|p2a: Poliwrath\n|-crit|p2a: Poliwrath\n|-damage|p2a: Poliwrath|27/100\n|-heal|p1a: Dipplin|284/284|[from] drain|[of] p2a: Poliwrath\n|\n|-heal|p2a: Poliwrath|33/100|[from] item: Leftovers\n|upkeep\n|turn|10\n|inactive|Time left: 300 sec this turn | 300 sec total\n|\n|t:|1783548809\n|move|p2a: Poliwrath|Poison Jab|p1a: Dipplin\n|-supereffective|p1a: Dipplin\n|-damage|p1a: Dipplin|140/284\n|move|p1a: Dipplin|Giga Drain|p2a: Poliwrath\n|-supereffective|p2a: Poliwrath\n|-damage|p2a: Poliwrath|0 fnt\n|-heal|p1a: Dipplin|189/284|[from] drain|[of] p2a: Poliwrath\n|faint|p2a: Poliwrath\n|\n|upkeep\n|\n|t:|1783548810\n|switch|p2a: Hydreigon|Hydreigon, L79, M|100/100\n|turn|11\n|inactive|Time left: 300 sec this turn | 300 sec total\n|\n|t:|1783548812\n|move|p2a: Hydreigon|Draco Meteor|p1a: Dipplin\n|-supereffective|p1a: Dipplin\n|-damage|p1a: Dipplin|0 fnt\n|-unboost|p2a: Hydreigon|spa|2\n|faint|p1a: Dipplin\n|-damage|p2a: Hydreigon|91/100|[from] item: Life Orb\n|\n|upkeep\n|inactive|Time left: 300 sec this turn | 300 sec total | 5 sec grace\n|\n|t:|1783548813\n|switch|p1a: Arcanine|Arcanine-Hisui, L79, F, tera:Rock|233/279\n|turn|12\n|inactive|Time left: 300 sec this turn | 300 sec total\n|\n|t:|1783548814\n|move|p2a: Hydreigon|Nasty Plot|p2a: Hydreigon\n|-boost|p2a: Hydreigon|spa|2\n|move|p1a: Arcanine|Head Smash|p2a: Hydreigon|[miss]\n|-miss|p1a: Arcanine|p2a: Hydreigon\n|\n|upkeep\n|turn|13\n|inactive|Time left: 300 sec this turn | 300 sec total\n|\n|t:|1783548815\n|-terastallize|p2a: Hydreigon|Dragon\n|move|p2a: Hydreigon|Draco Meteor|p1a: Arcanine|[miss]\n|-miss|p2a: Hydreigon|p1a: Arcanine\n|move|p1a: Arcanine|Head Smash|p2a: Hydreigon\n|-damage|p2a: Hydreigon|0 fnt\n|faint|p2a: Hydreigon\n|\n|upkeep\n|\n|t:|1783548816\n|switch|p2a: Scovillain|Scovillain, L91, M|100/100\n|turn|14\n|inactive|Time left: 300 sec this turn | 300 sec total\n|\n|t:|1783548817\n|move|p2a: Scovillain|Protect|p2a: Scovillain\n|-singleturn|p2a: Scovillain|Protect\n|move|p1a: Arcanine|Head Smash|p2a: Scovillain\n|-activate|p2a: Scovillain|move: Protect\n|\n|upkeep\n|turn|15\n|inactive|Time left: 300 sec this turn | 300 sec total\n|\n|t:|1783548818\n|move|p1a: Arcanine|Head Smash|p2a: Scovillain\n|-supereffective|p2a: Scovillain\n|-damage|p2a: Scovillain|0 fnt\n|faint|p2a: Scovillain\n|\n|win|p0x832a84d", "uploadtime": 1783548818, "views": 0, "rating": 0, "private": 0, "password": null, "_winner": "p0x832a84d", "_our_name": "p0x832a84d"}