{"id": "battle-gen9randombattle-2045", "formatid": "gen9randombattle", "format": "[Gen 9] Random Battle", "players": ["p0x2045fddb", "p0y20458306"], "log": "|init|battle\n|title|p0x2045fddb vs. p0y20458306\n|j|\u2606p0x2045fddb\n|j|\u2606p0y20458306\n|t:|1783563691\n|gametype|singles\n|player|p1|p0x2045fddb|169|\n|player|p2|p0y20458306|102|\n|gen|9\n|tier|[Gen 9] Random Battle\n|rule|Species Clause: Limit one of each Pok\u00e9mon\n|rule|HP Percentage Mod: HP is shown in percentages\n|rule|Sleep Clause Mod: Limit one foe put to sleep\n|rule|Illusion Level Mod: Illusion disguises the Pok\u00e9mon's true level\n|\n|t:|1783563691\n|teamsize|p1|6\n|teamsize|p2|6\n|start\n|switch|p1a: Rotom|Rotom, L88|100/100\n|switch|p2a: Skarmory|Skarmory, L80, M|235/235\n|turn|1\n|inactive|Battle timer is ON: inactive players will automatically lose when time's up. (requested by p0y20458306)\n|inactive|p0x2045fddb also wants the timer to be on.\n|\n|t:|1783563692\n|switch|p2a: Magnezone|Magnezone, L85|258/258\n|move|p1a: Rotom|Thunderbolt|p2a: Magnezone\n|-resisted|p2a: Magnezone\n|-damage|p2a: Magnezone|211/258\n|\n|upkeep\n|turn|2\n|inactive|Time left: 300 sec this turn | 300 sec total\n|\n|t:|1783563693\n|move|p1a: Rotom|Thunderbolt|p2a: Magnezone\n|-resisted|p2a: Magnezone\n|-damage|p2a: Magnezone|161/258\n|move|p2a: Magnezone|Thunderbolt|p1a: Rotom\n|-resisted|p1a: Rotom\n|-damage|p1a: Rotom|64/100\n|\n|upkeep\n|turn|3\n|inactive|Time left: 300 sec this turn | 300 sec total\n|\n|t:|1783563694\n|move|p1a: Rotom|Thunderbolt|p2a: Magnezone\n|-resisted|p2a: Magnezone\n|-damage|p2a: Magnezone|107/258\n|move|p2a: Magnezone|Thunderbolt|p1a: Rotom\n|-resisted|p1a: Rotom\n|-damage|p1a: Rotom|23/100\n|\n|upkeep\n|turn|4\n|inactive|Time left: 300 sec this turn | 300 sec total\n|\n|t:|1783563695\n|switch|p1a: Hydreigon|Hydreigon, L79, M|100/100\n|move|p2a: Magnezone|Thunderbolt|p1a: Hydreigon\n|-resisted|p1a: Hydreigon\n|-damage|p1a: Hydreigon|68/100\n|\n|upkeep\n|turn|5\n|inactive|Time left: 300 sec this turn | 300 sec total\n|\n|t:|1783563696\n|move|p2a: Magnezone|Thunderbolt|p1a: Hydreigon\n|-resisted|p1a: Hydreigon\n|-damage|p1a: Hydreigon|46/100\n|move|p1a: Hydreigon|Fire Blast|p2a: Magnezone\n|-supereffective|p2a: Magnezone\n|-damage|p2a: Magnezone|0 fnt\n|faint|p2a: Magnezone\n|\n|upkeep\n|inactive|Time left: 300 sec this turn | 300 sec total | 5 sec grace\n|\n|t:|1783563697\n|switch|p2a: Chi-Yu|Chi-Yu, L77|211/211\n|-ability|p2a: Chi-Yu|Beads of Ruin\n|turn|6\n|inactive|Time left: 300 sec this turn | 300 sec total\n|\n|t:|1783563698\n|move|p1a: Hydreigon|Fire Blast|p2a: Chi-Yu|[miss]\n|-miss|p1a: Hydreigon|p2a: Chi-Yu\n|move|p2a: Chi-Yu|Nasty Plot|p2a: Chi-Yu\n|-boost|p2a: Chi-Yu|spa|2\n|\n|upkeep\n|turn|7\n|inactive|Time left: 300 sec this turn | 300 sec total\n|\n|t:|1783563699\n|move|p1a: Hydreigon|Fire Blast|p2a: Chi-Yu\n|-resisted|p2a: Chi-Yu\n|-damage|p2a: Chi-Yu|161/211\n|move|p2a: Chi-Yu|Dark Pulse|p1a: Hydreigon\n|-resisted|p1a: Hydreigon\n|-damage|p1a: Hydreigon|0 fnt\n|faint|p1a: Hydreigon\n|\n|upkeep\n|\n|t:|1783563700\n|switch|p1a: Milotic|Milotic, L83, F|100/100\n|turn|8\n|inactive|Time left: 300 sec this turn | 300 sec total\n|\n|t:|1783563701\n|move|p2a: Chi-Yu|Dark Pulse|p1a: Milotic\n|-damage|p1a: Milotic|32/100\n|move|p1a: Milotic|Scald|p2a: Chi-Yu\n|-supereffective|p2a: Chi-Yu\n|-damage|p2a: Chi-Yu|5/211\n|\n|-heal|p1a: Milotic|38/100|[from] item: Leftovers\n|upkeep\n|turn|9\n|inactive|Time left: 300 sec this turn | 300 sec total\n|\n|t:|1783563702\n|move|p2a: Chi-Yu|Dark Pulse|p1a: Milotic\n|-damage|p1a: Milotic|0 fnt\n|faint|p1a: Milotic\n|\n|upkeep\n|\n|t:|1783563703\n|switch|p1a: Rotom|Rotom, L88|23/100\n|turn|10\n|inactive|Time left: 300 sec this turn | 300 sec total\n|\n|t:|1783563704\n|switch|p2a: Malamar|Malamar, L82, F|275/275\n|move|p1a: Rotom|Thunderbolt|p2a: Malamar\n|-damage|p2a: Malamar|157/275\n|\n|-heal|p2a: Malamar|174/275|[from] item: Leftovers\n|upkeep\n|turn|11\n|inactive|Time left: 300 sec this turn | 300 sec total\n|\n|t:|1783563706\n|move|p1a: Rotom|Thunderbolt|p2a: Malamar\n|-damage|p2a: Malamar|63/275\n|move|p2a: Malamar|Knock Off|p1a: Rotom\n|-supereffective|p1a: Rotom\n|-damage|p1a: Rotom|0 fnt\n|-enditem|p1a: Rotom|Choice Scarf|[from] move: Knock Off|[of] p2a: Malamar\n|faint|p1a: Rotom\n|\n|-heal|p2a: Malamar|80/275|[from] item: Leftovers\n|upkeep\n|\n|t:|1783563707\n|switch|p1a: Zapdos|Zapdos, L78|100/100\n|turn|12\n|inactive|Time left: 300 sec this turn | 300 sec total\n|\n|t:|1783563708\n|switch|p2a: Enamorus|Enamorus-Therian, L83, F|259/259\n|move|p1a: Zapdos|Thunderbolt|p2a: Enamorus\n|-supereffective|p2a: Enamorus\n|-damage|p2a: Enamorus|125/259\n|-status|p2a: Enamorus|par\n|\n|upkeep\n|turn|13\n|inactive|Time left: 300 sec this turn | 300 sec total\n|\n|t:|1783563709\n|move|p1a: Zapdos|Thunderbolt|p2a: Enamorus\n|-supereffective|p2a: Enamorus\n|-damage|p2a: Enamorus|9/259 par\n|cant|p2a: Enamorus|par\n|\n|upkeep\n|turn|14\n|inactive|Time left: 300 sec this turn | 300 sec total\n|\n|t:|1783563710\n|move|p1a: Zapdos|Thunderbolt|p2a: Enamorus\n|-supereffective|p2a: Enamorus\n|-damage|p2a: Enamorus|0 fnt\n|faint|p2a: Enamorus\n|\n|upkeep\n|inactive|Time left: 300 sec this turn | 300 sec total | 5 sec grace\n|\n|t:|1783563711\n|switch|p2a: Vaporeon|Vaporeon, L86, M|364/364\n|turn|15\n|inactive|Time left: 300 sec this turn | 300 sec total\n|\n|t:|1783563712\n|move|p1a: Zapdos|Thunderbolt|p2a: Vaporeon\n|-supereffective|p2a: Vaporeon\n|-damage|p2a: Vaporeon|170/364\n|move|p2a: Vaporeon|Scald|p1a: Zapdos\n|-damage|p1a: Zapdos|60/100\n|\n|-heal|p2a: Vaporeon|192/364|[from] item: Leftovers\n|upkeep\n|turn|16\n|inactive|Time left: 300 sec this turn | 300 sec total\n|\n|t:|1783563713\n|move|p1a: Zapdos|Thunderbolt|p2a: Vaporeon\n|-supereffective|p2a: Vaporeon\n|-damage|p2a: Vaporeon|4/364\n|move|p2a: Vaporeon|Scald|p1a: Zapdos\n|-damage|p1a: Zapdos|20/100\n|-status|p1a: Zapdos|brn\n|\n|-heal|p2a: Vaporeon|26/364|[from] item: Leftovers\n|-damage|p1a: Zapdos|14/100 brn|[from] brn\n|upkeep\n|turn|17\n|inactive|Time left: 300 sec this turn | 300 sec total\n|\n|t:|1783563714\n|move|p2a: Vaporeon|Protect|p2a: Vaporeon\n|-singleturn|p2a: Vaporeon|Protect\n|move|p1a: Zapdos|Thunderbolt|p2a: Vaporeon\n|-activate|p2a: Vaporeon|move: Protect\n|\n|-heal|p2a: Vaporeon|48/364|[from] item: Leftovers\n|-damage|p1a: Zapdos|8/100 brn|[from] brn\n|upkeep\n|turn|18\n|inactive|Time left: 300 sec this turn | 300 sec total\n|\n|t:|1783563715\n|move|p1a: Zapdos|Thunderbolt|p2a: Vaporeon\n|-supereffective|p2a: Vaporeon\n|-damage|p2a: Vaporeon|0 fnt\n|faint|p2a: Vaporeon\n|\n|-damage|p1a: Zapdos|2/100 brn|[from] brn\n|upkeep\n|inactive|Time left: 300 sec this turn | 300 sec total | 5 sec grace\n|\n|t:|1783563716\n|switch|p2a: Chi-Yu|Chi-Yu, L77|5/211\n|-ability|p2a: Chi-Yu|Beads of Ruin\n|turn|19\n|inactive|Time left: 300 sec this turn | 300 sec total\n|\n|t:|1783563717\n|move|p1a: Zapdos|Thunderbolt|p2a: Chi-Yu\n|-damage|p2a: Chi-Yu|0 fnt\n|faint|p2a: Chi-Yu\n|\n|-damage|p1a: Zapdos|0 fnt|[from] brn\n|faint|p1a: Zapdos\n|upkeep\n|inactive|Time left: 300 sec this turn | 300 sec total | 5 sec grace\n|\n|t:|1783563718\n|switch|p1a: Annihilape|Annihilape, L76, M|100/100\n|switch|p2a: Skarmory|Skarmory, L80, M|235/235\n|turn|20\n|inactive|Time left: 300 sec this turn | 300 sec total\n|\n|t:|1783563719\n|move|p1a: Annihilape|Bulk Up|p1a: Annihilape\n|-boost|p1a: Annihilape|atk|1\n|-boost|p1a: Annihilape|def|1\n|move|p2a: Skarmory|Iron Defense|p2a: Skarmory\n|-boost|p2a: Skarmory|def|2\n|\n|upkeep\n|turn|21\n|inactive|Time left: 300 sec this turn | 300 sec total\n|\n|t:|1783563720\n|move|p1a: Annihilape|Bulk Up|p1a: Annihilape\n|-boost|p1a: Annihilape|atk|1\n|-boost|p1a: Annihilape|def|1\n|move|p2a: Skarmory|Brave Bird|p1a: Annihilape\n|-supereffective|p1a: Annihilape\n|-crit|p1a: Annihilape\n|-damage|p1a: Annihilape|0 fnt\n|faint|p1a: Annihilape\n|-damage|p2a: Skarmory|139/235|[from] Recoil\n|\n|-heal|p2a: Skarmory|153/235|[from] item: Leftovers\n|upkeep\n|\n|t:|1783563721\n|switch|p1a: Grimmsnarl|Grimmsnarl, L83, M|100/100\n|turn|22\n|inactive|Time left: 300 sec this turn | 300 sec total\n|\n|t:|1783563722\n|-terastallize|p2a: Skarmory|Fighting\n|-terastallize|p1a: Grimmsnarl|Poison\n|move|p1a: Grimmsnarl|Reflect|p1a: Grimmsnarl\n|-sidestart|p1: p0x2045fddb|Reflect\n|move|p2a: Skarmory|Body Press|p1a: Grimmsnarl\n|-resisted|p1a: Grimmsnarl\n|-damage|p1a: Grimmsnarl|77/100\n|\n|-heal|p2a: Skarmory|167/235|[from] item: Leftovers\n|upkeep\n|turn|23\n|inactive|Time left: 300 sec this turn | 300 sec total\n|\n|t:|1783563723\n|move|p2a: Skarmory|Iron Defense|p2a: Skarmory\n|-boost|p2a: Skarmory|def|2\n|move|p1a: Grimmsnarl|Spirit Break|p2a: Skarmory\n|-supereffective|p2a: Skarmory\n|-damage|p2a: Skarmory|119/235\n|-unboost|p2a: Skarmory|spa|1\n|\n|-heal|p2a: Skarmory|133/235|[from] item: Leftovers\n|upkeep\n|turn|24\n|inactive|Time left: 300 sec this turn | 300 sec total\n|\n|t:|1783563724\n|move|p1a: Grimmsnarl|Parting Shot|p2a: Skarmory\n|-unboost|p2a: Skarmory|atk|1\n|-unboost|p2a: Skarmory|spa|1\n|move|p2a: Skarmory|Body Press|p1a: Grimmsnarl\n|-resisted|p1a: Grimmsnarl\n|-damage|p1a: Grimmsnarl|43/100\n|\n|-heal|p2a: Skarmory|147/235|[from] item: Leftovers\n|upkeep\n|turn|25\n|inactive|Time left: 300 sec this turn | 300 sec total\n|\n|t:|1783563725\n|move|p1a: Grimmsnarl|Reflect||[still]\n|-fail|p1a: Grimmsnarl\n|move|p2a: Skarmory|Body Press|p1a: Grimmsnarl\n|-resisted|p1a: Grimmsnarl\n|-damage|p1a: Grimmsnarl|10/100\n|\n|-heal|p2a: Skarmory|161/235|[from] item: Leftovers\n|upkeep\n|turn|26\n|inactive|Time left: 300 sec this turn | 300 sec total\n|\n|t:|1783563726\n|move|p1a: Grimmsnarl|Parting Shot|p2a: Skarmory\n|-unboost|p2a: Skarmory|atk|1\n|-unboost|p2a: Skarmory|spa|1\n|move|p2a: Skarmory|Body Press|p1a: Grimmsnarl\n|-resisted|p1a: Grimmsnarl\n|-damage|p1a: Grimmsnarl|0 fnt\n|faint|p1a: Grimmsnarl\n|\n|win|p0y20458306", "uploadtime": 1783563726, "views": 0, "rating": 0, "private": 0, "password": null, "_winner": "p0y20458306", "_our_name": "p0y20458306"}