{"id": "battle-gen9randombattle-2575", "formatid": "gen9randombattle", "format": "[Gen 9] Random Battle", "players": ["p0x25759313", "p0y2575a602"], "log": "|init|battle\n|title|p0x25759313 vs. p0y2575a602\n|j|\u2606p0x25759313\n|j|\u2606p0y2575a602\n|t:|1783569756\n|gametype|singles\n|player|p1|p0x25759313|102|\n|player|p2|p0y2575a602|102|\n|gen|9\n|tier|[Gen 9] Random Battle\n|rule|Species Clause: Limit one of each Pok\u00e9mon\n|rule|HP Percentage Mod: HP is shown in percentages\n|rule|Sleep Clause Mod: Limit one foe put to sleep\n|rule|Illusion Level Mod: Illusion disguises the Pok\u00e9mon's true level\n|\n|t:|1783569756\n|teamsize|p1|6\n|teamsize|p2|6\n|start\n|switch|p1a: Tatsugiri|Tatsugiri, L87, M|260/260\n|switch|p2a: Salamence|Salamence, L77, M|100/100\n|-ability|p2a: Salamence|Intimidate|boost\n|-unboost|p1a: Tatsugiri|atk|1\n|turn|1\n|inactive|Battle timer is ON: inactive players will automatically lose when time's up. (requested by p0x25759313)\n|\n|t:|1783569758\n|switch|p1a: Granbull|Granbull, L88, F|302/302\n|-ability|p1a: Granbull|Intimidate|boost\n|-unboost|p2a: Salamence|atk|1\n|move|p2a: Salamence|Outrage|p1a: Granbull\n|-immune|p1a: Granbull\n|\n|upkeep\n|turn|2\n|inactive|Time left: 300 sec this turn | 300 sec total\n|inactive|p0y2575a602 also wants the timer to be on.\n|\n|t:|1783569759\n|move|p2a: Salamence|Dragon Dance|p2a: Salamence\n|-boost|p2a: Salamence|atk|1\n|-boost|p2a: Salamence|spe|1\n|move|p1a: Granbull|Play Rough|p2a: Salamence\n|-supereffective|p2a: Salamence\n|-damage|p2a: Salamence|0 fnt\n|faint|p2a: Salamence\n|\n|upkeep\n|\n|t:|1783569760\n|switch|p2a: Toxicroak|Toxicroak, L84, F|100/100\n|turn|3\n|inactive|Time left: 300 sec this turn | 300 sec total\n|\n|t:|1783569761\n|-terastallize|p1a: Granbull|Ground\n|move|p2a: Toxicroak|Gunk Shot|p1a: Granbull\n|-resisted|p1a: Granbull\n|-damage|p1a: Granbull|210/302\n|-damage|p2a: Toxicroak|91/100|[from] item: Life Orb\n|move|p1a: Granbull|Earthquake|p2a: Toxicroak\n|-supereffective|p2a: Toxicroak\n|-damage|p2a: Toxicroak|0 fnt\n|faint|p2a: Toxicroak\n|\n|-heal|p1a: Granbull|228/302|[from] item: Leftovers\n|upkeep\n|\n|t:|1783569762\n|switch|p2a: Minun|Minun, L95, F|100/100\n|turn|4\n|inactive|Time left: 300 sec this turn | 300 sec total\n|\n|t:|1783569763\n|-terastallize|p2a: Minun|Grass\n|move|p2a: Minun|Grass Knot|p1a: Granbull\n|-supereffective|p1a: Granbull\n|-damage|p1a: Granbull|15/302\n|-damage|p2a: Minun|91/100|[from] item: Life Orb\n|move|p1a: Granbull|Earthquake|p2a: Minun\n|-resisted|p2a: Minun\n|-damage|p2a: Minun|56/100\n|\n|-heal|p1a: Granbull|33/302|[from] item: Leftovers\n|upkeep\n|turn|5\n|inactive|Time left: 300 sec this turn | 300 sec total\n|\n|t:|1783569764\n|move|p2a: Minun|Grass Knot|p1a: Granbull\n|-supereffective|p1a: Granbull\n|-damage|p1a: Granbull|0 fnt\n|faint|p1a: Granbull\n|-damage|p2a: Minun|46/100|[from] item: Life Orb\n|\n|upkeep\n|inactive|Time left: 300 sec this turn | 300 sec total | 5 sec grace\n|\n|t:|1783569765\n|switch|p1a: Solgaleo|Solgaleo, L74|325/325\n|turn|6\n|inactive|Time left: 300 sec this turn | 300 sec total\n|\n|t:|1783569766\n|move|p2a: Minun|Thunderbolt|p1a: Solgaleo\n|-damage|p1a: Solgaleo|172/325\n|-status|p1a: Solgaleo|par\n|-damage|p2a: Minun|37/100|[from] item: Life Orb\n|move|p1a: Solgaleo|Sunsteel Strike|p2a: Minun\n|-damage|p2a: Minun|0 fnt\n|faint|p2a: Minun\n|\n|upkeep\n|\n|t:|1783569767\n|switch|p2a: Iron Jugulis|Iron Jugulis, L77|100/100\n|turn|7\n|inactive|Time left: 300 sec this turn | 300 sec total\n|\n|t:|1783569768\n|switch|p1a: Tatsugiri|Tatsugiri, L87, M|260/260\n|move|p2a: Iron Jugulis|Meteor Beam||[still]\n|-prepare|p2a: Iron Jugulis|Meteor Beam\n|-boost|p2a: Iron Jugulis|spa|1\n|-enditem|p2a: Iron Jugulis|Power Herb\n|-anim|p2a: Iron Jugulis|Meteor Beam|p1a: Tatsugiri\n|-damage|p1a: Tatsugiri|148/260\n|\n|upkeep\n|turn|8\n|inactive|Time left: 300 sec this turn | 300 sec total\n|\n|t:|1783569770\n|move|p2a: Iron Jugulis|Hurricane|p1a: Tatsugiri\n|-damage|p1a: Tatsugiri|0 fnt\n|faint|p1a: Tatsugiri\n|\n|upkeep\n|inactive|Time left: 300 sec this turn | 300 sec total | 5 sec grace\n|\n|t:|1783569770\n|switch|p1a: Eiscue|Eiscue, L88, F|274/274\n|turn|9\n|inactive|Time left: 300 sec this turn | 300 sec total\n|\n|t:|1783569771\n|move|p2a: Iron Jugulis|Meteor Beam||[still]\n|-prepare|p2a: Iron Jugulis|Meteor Beam\n|-boost|p2a: Iron Jugulis|spa|1\n|move|p1a: Eiscue|Ice Spinner|p2a: Iron Jugulis\n|-supereffective|p2a: Iron Jugulis\n|-damage|p2a: Iron Jugulis|33/100\n|\n|upkeep\n|turn|10\n|inactive|Time left: 300 sec this turn | 300 sec total\n|\n|t:|1783569772\n|switch|p1a: Solgaleo|Solgaleo, L74|172/325 par\n|move|p2a: Iron Jugulis|Meteor Beam|p1a: Solgaleo|[from] lockedmove\n|-resisted|p1a: Solgaleo\n|-damage|p1a: Solgaleo|83/325 par\n|\n|upkeep\n|turn|11\n|inactive|Time left: 300 sec this turn | 300 sec total\n|\n|t:|1783569773\n|move|p2a: Iron Jugulis|Earth Power|p1a: Solgaleo\n|-supereffective|p1a: Solgaleo\n|-damage|p1a: Solgaleo|0 fnt\n|faint|p1a: Solgaleo\n|\n|upkeep\n|inactive|Time left: 300 sec this turn | 300 sec total | 5 sec grace\n|\n|t:|1783569774\n|switch|p1a: Eiscue|Eiscue, L88, F|274/274\n|turn|12\n|inactive|Time left: 300 sec this turn | 300 sec total\n|\n|t:|1783569774\n|move|p2a: Iron Jugulis|Dark Pulse|p1a: Eiscue\n|-damage|p1a: Eiscue|117/274\n|-enditem|p1a: Eiscue|Sitrus Berry|[eat]\n|-heal|p1a: Eiscue|185/274|[from] item: Sitrus Berry\n|cant|p1a: Eiscue|flinch\n|\n|upkeep\n|turn|13\n|inactive|Time left: 300 sec this turn | 300 sec total\n|\n|t:|1783569775\n|move|p2a: Iron Jugulis|Hurricane|p1a: Eiscue|[miss]\n|-miss|p2a: Iron Jugulis|p1a: Eiscue\n|move|p1a: Eiscue|Ice Spinner|p2a: Iron Jugulis\n|-supereffective|p2a: Iron Jugulis\n|-damage|p2a: Iron Jugulis|0 fnt\n|faint|p2a: Iron Jugulis\n|-end|p2a: Iron Jugulis|Quark Drive|[silent]\n|\n|upkeep\n|\n|t:|1783569776\n|switch|p2a: Flutter Mane|Flutter Mane, L74|100/100\n|turn|14\n|inactive|Time left: 300 sec this turn | 300 sec total\n|\n|t:|1783569777\n|move|p2a: Flutter Mane|Mystical Fire|p1a: Eiscue\n|-supereffective|p1a: Eiscue\n|-damage|p1a: Eiscue|60/274\n|-unboost|p1a: Eiscue|spa|1\n|-damage|p2a: Flutter Mane|91/100|[from] item: Life Orb\n|move|p1a: Eiscue|Ice Spinner|p2a: Flutter Mane\n|-damage|p2a: Flutter Mane|26/100\n|\n|upkeep\n|turn|15\n|inactive|Time left: 300 sec this turn | 300 sec total\n|\n|t:|1783569778\n|move|p2a: Flutter Mane|Mystical Fire|p1a: Eiscue\n|-supereffective|p1a: Eiscue\n|-damage|p1a: Eiscue|0 fnt\n|faint|p1a: Eiscue\n|-damage|p2a: Flutter Mane|16/100|[from] item: Life Orb\n|\n|upkeep\n|inactive|Time left: 300 sec this turn | 300 sec total | 5 sec grace\n|\n|t:|1783569779\n|switch|p1a: Tauros|Tauros-Paldea-Blaze, L81, M|252/252\n|turn|16\n|inactive|Time left: 300 sec this turn | 300 sec total\n|\n|t:|1783569780\n|move|p2a: Flutter Mane|Moonblast|p1a: Tauros\n|-damage|p1a: Tauros|103/252\n|-enditem|p1a: Tauros|Sitrus Berry|[eat]\n|-heal|p1a: Tauros|166/252|[from] item: Sitrus Berry\n|-damage|p2a: Flutter Mane|6/100|[from] item: Life Orb\n|move|p1a: Tauros|Raging Bull|p2a: Flutter Mane\n|-damage|p2a: Flutter Mane|0 fnt\n|faint|p2a: Flutter Mane\n|-end|p2a: Flutter Mane|Protosynthesis|[silent]\n|\n|upkeep\n|\n|t:|1783569781\n|switch|p2a: Sableye|Sableye, L88, F|100/100\n|turn|17\n|inactive|Time left: 300 sec this turn | 300 sec total\n|\n|t:|1783569782\n|move|p2a: Sableye|Thunder Wave|p1a: Tauros\n|-status|p1a: Tauros|par\n|cant|p1a: Tauros|par\n|\n|-activate|p1a: Tauros|ability: Cud Chew\n|-enditem|p1a: Tauros|Sitrus Berry|[eat]\n|-heal|p1a: Tauros|229/252 par|[from] item: Sitrus Berry\n|upkeep\n|turn|18\n|inactive|Time left: 300 sec this turn | 300 sec total\n|\n|t:|1783569783\n|move|p2a: Sableye|Knock Off|p1a: Tauros\n|-resisted|p1a: Tauros\n|-damage|p1a: Tauros|202/252 par\n|move|p1a: Tauros|Bulk Up|p1a: Tauros\n|-boost|p1a: Tauros|atk|1\n|-boost|p1a: Tauros|def|1\n|\n|upkeep\n|turn|19\n|inactive|Time left: 300 sec this turn | 300 sec total\n|\n|t:|1783569784\n|move|p2a: Sableye|Encore|p1a: Tauros\n|-start|p1a: Tauros|Encore\n|move|p1a: Tauros|Bulk Up|p1a: Tauros\n|-boost|p1a: Tauros|atk|1\n|-boost|p1a: Tauros|def|1\n|\n|upkeep\n|turn|20\n|inactive|Time left: 300 sec this turn | 300 sec total\n|\n|t:|1783569785\n|switch|p1a: Klefki|Klefki, L84, M|233/233\n|move|p2a: Sableye|Knock Off|p1a: Klefki\n|-resisted|p1a: Klefki\n|-damage|p1a: Klefki|190/233\n|-enditem|p1a: Klefki|Leftovers|[from] move: Knock Off|[of] p2a: Sableye\n|\n|upkeep\n|turn|21\n|inactive|Time left: 300 sec this turn | 300 sec total\n|\n|t:|1783569785\n|move|p2a: Sableye|Thunder Wave|p1a: Klefki\n|-status|p1a: Klefki|par\n|cant|p1a: Klefki|par\n|\n|upkeep\n|turn|22\n|inactive|Time left: 300 sec this turn | 300 sec total\n|\n|t:|1783569786\n|move|p2a: Sableye|Knock Off|p1a: Klefki\n|-resisted|p1a: Klefki\n|-damage|p1a: Klefki|161/233 par\n|cant|p1a: Klefki|par\n|\n|upkeep\n|turn|23\n|inactive|Time left: 300 sec this turn | 300 sec total\n|\n|t:|1783569787\n|move|p2a: Sableye|Knock Off|p1a: Klefki\n|-resisted|p1a: Klefki\n|-damage|p1a: Klefki|130/233 par\n|cant|p1a: Klefki|par\n|\n|upkeep\n|turn|24\n|inactive|Time left: 300 sec this turn | 300 sec total\n|\n|t:|1783569788\n|move|p2a: Sableye|Knock Off|p1a: Klefki\n|-resisted|p1a: Klefki\n|-damage|p1a: Klefki|102/233 par\n|move|p1a: Klefki|Dazzling Gleam|p2a: Sableye\n|-supereffective|p2a: Sableye\n|-damage|p2a: Sableye|23/100\n|\n|-heal|p2a: Sableye|29/100|[from] item: Leftovers\n|upkeep\n|turn|25\n|inactive|Time left: 300 sec this turn | 300 sec total\n|\n|t:|1783569789\n|move|p2a: Sableye|Recover|p2a: Sableye\n|-heal|p2a: Sableye|79/100\n|move|p1a: Klefki|Dazzling Gleam|p2a: Sableye\n|-supereffective|p2a: Sableye\n|-damage|p2a: Sableye|4/100\n|\n|-heal|p2a: Sableye|10/100|[from] item: Leftovers\n|upkeep\n|turn|26\n|inactive|Time left: 300 sec this turn | 300 sec total\n|\n|t:|1783569790\n|move|p2a: Sableye|Recover|p2a: Sableye\n|-heal|p2a: Sableye|60/100\n|move|p1a: Klefki|Dazzling Gleam|p2a: Sableye\n|-supereffective|p2a: Sableye\n|-damage|p2a: Sableye|0 fnt\n|faint|p2a: Sableye\n|\n|win|p0x25759313", "uploadtime": 1783569790, "views": 0, "rating": 0, "private": 0, "password": null, "_winner": "p0x25759313", "_our_name": "p0x25759313"}