{"id": "battle-gen9randombattle-1167", "formatid": "gen9randombattle", "format": "[Gen 9] Random Battle", "players": ["p0x1167331b", "p0y116790be"], "log": "|init|battle\n|title|p0x1167331b vs. p0y116790be\n|j|\u2606p0x1167331b\n|j|\u2606p0y116790be\n|t:|1783552631\n|gametype|singles\n|player|p1|p0x1167331b|1|\n|player|p2|p0y116790be|1|\n|gen|9\n|tier|[Gen 9] Random Battle\n|rule|Species Clause: Limit one of each Pok\u00e9mon\n|rule|HP Percentage Mod: HP is shown in percentages\n|rule|Sleep Clause Mod: Limit one foe put to sleep\n|rule|Illusion Level Mod: Illusion disguises the Pok\u00e9mon's true level\n|\n|t:|1783552631\n|teamsize|p1|6\n|teamsize|p2|6\n|start\n|switch|p1a: Carbink|Carbink, L90|100/100\n|switch|p2a: Rhydon|Rhydon, L85, F|317/317\n|turn|1\n|inactive|Battle timer is ON: inactive players will automatically lose when time's up. (requested by p0y116790be)\n|inactive|p0x1167331b also wants the timer to be on.\n|\n|t:|1783552633\n|move|p1a: Carbink|Iron Defense|p1a: Carbink\n|-boost|p1a: Carbink|def|2\n|move|p2a: Rhydon|Earthquake|p1a: Carbink\n|-supereffective|p1a: Carbink\n|-damage|p1a: Carbink|60/100\n|\n|-heal|p1a: Carbink|66/100|[from] item: Leftovers\n|upkeep\n|turn|2\n|inactive|Time left: 300 sec this turn | 300 sec total\n|\n|t:|1783552634\n|move|p1a: Carbink|Body Press|p2a: Rhydon\n|-supereffective|p2a: Rhydon\n|-damage|p2a: Rhydon|129/317\n|move|p2a: Rhydon|Earthquake|p1a: Carbink\n|-supereffective|p1a: Carbink\n|-damage|p1a: Carbink|30/100\n|\n|-heal|p1a: Carbink|36/100|[from] item: Leftovers\n|upkeep\n|turn|3\n|inactive|Time left: 300 sec this turn | 300 sec total\n|\n|t:|1783552635\n|switch|p2a: Annihilape|Annihilape, L76, M|292/292\n|move|p1a: Carbink|Body Press|p2a: Annihilape\n|-immune|p2a: Annihilape\n|\n|-heal|p1a: Carbink|42/100|[from] item: Leftovers\n|upkeep\n|turn|4\n|inactive|Time left: 300 sec this turn | 300 sec total\n|\n|t:|1783552636\n|move|p2a: Annihilape|Bulk Up|p2a: Annihilape\n|-boost|p2a: Annihilape|atk|1\n|-boost|p2a: Annihilape|def|1\n|move|p1a: Carbink|Rock Polish|p1a: Carbink\n|-boost|p1a: Carbink|spe|2\n|\n|-heal|p1a: Carbink|48/100|[from] item: Leftovers\n|upkeep\n|turn|5\n|inactive|Time left: 300 sec this turn | 300 sec total\n|\n|t:|1783552637\n|move|p1a: Carbink|Moonblast|p2a: Annihilape\n|-supereffective|p2a: Annihilape\n|-damage|p2a: Annihilape|134/292\n|move|p2a: Annihilape|Gunk Shot|p1a: Carbink\n|-damage|p1a: Carbink|31/100\n|\n|-heal|p1a: Carbink|37/100|[from] item: Leftovers\n|-heal|p2a: Annihilape|152/292|[from] item: Leftovers\n|upkeep\n|turn|6\n|inactive|Time left: 300 sec this turn | 300 sec total\n|\n|t:|1783552639\n|move|p1a: Carbink|Moonblast|p2a: Annihilape\n|-supereffective|p2a: Annihilape\n|-damage|p2a: Annihilape|0 fnt\n|faint|p2a: Annihilape\n|\n|-heal|p1a: Carbink|42/100|[from] item: Leftovers\n|upkeep\n|inactive|Time left: 300 sec this turn | 300 sec total | 5 sec grace\n|\n|t:|1783552639\n|switch|p2a: Vivillon|Vivillon-Savanna, L83, M|268/268\n|turn|7\n|inactive|Time left: 300 sec this turn | 300 sec total\n|\n|t:|1783552641\n|move|p1a: Carbink|Moonblast|p2a: Vivillon\n|-damage|p2a: Vivillon|156/268\n|-unboost|p2a: Vivillon|spa|1\n|move|p2a: Vivillon|Quiver Dance|p2a: Vivillon\n|-boost|p2a: Vivillon|spa|1\n|-boost|p2a: Vivillon|spd|1\n|-boost|p2a: Vivillon|spe|1\n|\n|-heal|p1a: Carbink|48/100|[from] item: Leftovers\n|upkeep\n|turn|8\n|inactive|Time left: 300 sec this turn | 300 sec total\n|\n|t:|1783552642\n|move|p2a: Vivillon|Sleep Powder|p1a: Carbink\n|-status|p1a: Carbink|slp|[from] move: Sleep Powder\n|cant|p1a: Carbink|slp\n|\n|-heal|p1a: Carbink|54/100 slp|[from] item: Leftovers\n|upkeep\n|turn|9\n|inactive|Time left: 300 sec this turn | 300 sec total\n|\n|t:|1783552643\n|move|p2a: Vivillon|Quiver Dance|p2a: Vivillon\n|-boost|p2a: Vivillon|spa|1\n|-boost|p2a: Vivillon|spd|1\n|-boost|p2a: Vivillon|spe|1\n|cant|p1a: Carbink|slp\n|\n|-heal|p1a: Carbink|60/100 slp|[from] item: Leftovers\n|upkeep\n|turn|10\n|inactive|Time left: 300 sec this turn | 300 sec total\n|\n|t:|1783552644\n|move|p2a: Vivillon|Hurricane|p1a: Carbink\n|-resisted|p1a: Carbink\n|-damage|p1a: Carbink|40/100 slp\n|cant|p1a: Carbink|slp\n|\n|-heal|p1a: Carbink|46/100 slp|[from] item: Leftovers\n|upkeep\n|turn|11\n|inactive|Time left: 300 sec this turn | 300 sec total\n|\n|t:|1783552645\n|-terastallize|p2a: Vivillon|Ground\n|move|p2a: Vivillon|Tera Blast|p1a: Carbink|[anim] Tera Blast Ground\n|-supereffective|p1a: Carbink\n|-damage|p1a: Carbink|0 fnt\n|faint|p1a: Carbink\n|\n|upkeep\n|\n|t:|1783552646\n|switch|p1a: Hatterene|Hatterene, L85, F|100/100\n|turn|12\n|inactive|Time left: 300 sec this turn | 300 sec total\n|\n|t:|1783552647\n|move|p2a: Vivillon|Quiver Dance|p2a: Vivillon\n|-boost|p2a: Vivillon|spa|1\n|-boost|p2a: Vivillon|spd|1\n|-boost|p2a: Vivillon|spe|1\n|move|p1a: Hatterene|Psyshock|p2a: Vivillon\n|-damage|p2a: Vivillon|0 fnt\n|faint|p2a: Vivillon\n|\n|upkeep\n|inactive|Time left: 300 sec this turn | 300 sec total | 5 sec grace\n|\n|t:|1783552648\n|switch|p2a: Heatran|Heatran, L79, M|273/273\n|-item|p2a: Heatran|Air Balloon\n|turn|13\n|inactive|Time left: 300 sec this turn | 300 sec total\n|\n|t:|1783552649\n|switch|p1a: Lanturn|Lanturn, L89, F|100/100\n|move|p2a: Heatran|Heavy Slam|p1a: Lanturn\n|-resisted|p1a: Lanturn\n|-damage|p1a: Lanturn|91/100\n|\n|upkeep\n|turn|14\n|inactive|Time left: 300 sec this turn | 300 sec total\n|\n|t:|1783552650\n|move|p1a: Lanturn|Scald|p2a: Heatran\n|-supereffective|p2a: Heatran\n|-damage|p2a: Heatran|127/273\n|-enditem|p2a: Heatran|Air Balloon\n|move|p2a: Heatran|Stealth Rock|p1a: Lanturn\n|-sidestart|p1: p0x1167331b|move: Stealth Rock\n|\n|upkeep\n|turn|15\n|inactive|Time left: 300 sec this turn | 300 sec total\n|\n|t:|1783552651\n|move|p1a: Lanturn|Scald|p2a: Heatran\n|-supereffective|p2a: Heatran\n|-damage|p2a: Heatran|0 fnt\n|faint|p2a: Heatran\n|\n|upkeep\n|inactive|Time left: 300 sec this turn | 300 sec total | 5 sec grace\n|\n|t:|1783552652\n|switch|p2a: Smeargle|Smeargle, L95, F|258/258\n|turn|16\n|inactive|Time left: 300 sec this turn | 300 sec total\n|\n|t:|1783552653\n|switch|p1a: Hatterene|Hatterene, L85, F|100/100\n|-damage|p1a: Hatterene|88/100|[from] Stealth Rock\n|move|p2a: Smeargle|Shell Smash|p2a: Smeargle\n|-unboost|p2a: Smeargle|def|1\n|-unboost|p2a: Smeargle|spd|1\n|-boost|p2a: Smeargle|atk|2\n|-boost|p2a: Smeargle|spa|2\n|-boost|p2a: Smeargle|spe|2\n|\n|-heal|p1a: Hatterene|94/100|[from] item: Leftovers\n|upkeep\n|turn|17\n|inactive|Time left: 300 sec this turn | 300 sec total\n|\n|t:|1783552654\n|-terastallize|p1a: Hatterene|Steel\n|move|p2a: Smeargle|Population Bomb|p1a: Hatterene\n|-resisted|p1a: Hatterene\n|-damage|p1a: Hatterene|88/100\n|-resisted|p1a: Hatterene\n|-damage|p1a: Hatterene|81/100\n|-resisted|p1a: Hatterene\n|-damage|p1a: Hatterene|74/100\n|-resisted|p1a: Hatterene\n|-damage|p1a: Hatterene|68/100\n|-resisted|p1a: Hatterene\n|-damage|p1a: Hatterene|61/100\n|-resisted|p1a: Hatterene\n|-damage|p1a: Hatterene|55/100\n|-resisted|p1a: Hatterene\n|-damage|p1a: Hatterene|48/100\n|-resisted|p1a: Hatterene\n|-damage|p1a: Hatterene|42/100\n|-resisted|p1a: Hatterene\n|-damage|p1a: Hatterene|36/100\n|-resisted|p1a: Hatterene\n|-damage|p1a: Hatterene|29/100\n|-hitcount|p1a: Hatterene|10\n|move|p1a: Hatterene|Psyshock|p2a: Smeargle\n|-damage|p2a: Smeargle|0 fnt\n|faint|p2a: Smeargle\n|\n|-heal|p1a: Hatterene|35/100|[from] item: Leftovers\n|upkeep\n|inactive|Time left: 300 sec this turn | 300 sec total | 5 sec grace\n|\n|t:|1783552655\n|switch|p2a: Rhydon|Rhydon, L85, F|129/317\n|turn|18\n|inactive|Time left: 300 sec this turn | 300 sec total\n|\n|t:|1783552656\n|switch|p1a: Virizion|Virizion, L82|100/100\n|-damage|p1a: Virizion|94/100|[from] Stealth Rock\n|move|p2a: Rhydon|Earthquake|p1a: Virizion\n|-resisted|p1a: Virizion\n|-damage|p1a: Virizion|66/100\n|\n|upkeep\n|turn|19\n|inactive|Time left: 300 sec this turn | 300 sec total\n|\n|t:|1783552657\n|switch|p2a: Swanna|Swanna, L89, F|278/278\n|move|p1a: Virizion|Close Combat|p2a: Swanna\n|-resisted|p2a: Swanna\n|-damage|p2a: Swanna|183/278\n|-unboost|p1a: Virizion|def|1\n|-unboost|p1a: Virizion|spd|1\n|-damage|p1a: Virizion|56/100|[from] item: Life Orb\n|\n|upkeep\n|turn|20\n|inactive|Time left: 300 sec this turn | 300 sec total\n|\n|t:|1783552658\n|switch|p1a: Lanturn|Lanturn, L89, F|91/100\n|move|p2a: Swanna|Brave Bird|p1a: Lanturn\n|-resisted|p1a: Lanturn\n|-damage|p1a: Lanturn|67/100\n|-damage|p2a: Swanna|155/278|[from] Recoil\n|\n|upkeep\n|turn|21\n|inactive|Time left: 300 sec this turn | 300 sec total\n|\n|t:|1783552659\n|move|p2a: Swanna|Roost|p2a: Swanna\n|-heal|p2a: Swanna|278/278\n|-singleturn|p2a: Swanna|move: Roost\n|move|p1a: Lanturn|Thunderbolt|p2a: Swanna\n|-supereffective|p2a: Swanna\n|-damage|p2a: Swanna|80/278\n|\n|upkeep\n|turn|22\n|inactive|Time left: 300 sec this turn | 300 sec total\n|\n|t:|1783552660\n|switch|p2a: Rhydon|Rhydon, L85, F|129/317\n|move|p1a: Lanturn|Thunderbolt|p2a: Rhydon\n|-ability|p2a: Rhydon|Lightning Rod|boost\n|-boost|p2a: Rhydon|spa|1\n|\n|upkeep\n|turn|23\n|inactive|Time left: 300 sec this turn | 300 sec total\n|\n|t:|1783552661\n|switch|p2a: Swanna|Swanna, L89, F|80/278\n|move|p1a: Lanturn|Scald|p2a: Swanna\n|-resisted|p2a: Swanna\n|-damage|p2a: Swanna|36/278\n|\n|upkeep\n|turn|24\n|inactive|Time left: 300 sec this turn | 300 sec total\n|\n|t:|1783552662\n|switch|p2a: Rhydon|Rhydon, L85, F|129/317\n|move|p1a: Lanturn|Thunderbolt|p2a: Rhydon\n|-ability|p2a: Rhydon|Lightning Rod|boost\n|-boost|p2a: Rhydon|spa|1\n|\n|upkeep\n|turn|25\n|inactive|Time left: 300 sec this turn | 300 sec total\n|\n|t:|1783552663\n|move|p1a: Lanturn|Scald|p2a: Rhydon\n|-supereffective|p2a: Rhydon\n|-damage|p2a: Rhydon|0 fnt\n|faint|p2a: Rhydon\n|\n|upkeep\n|inactive|Time left: 300 sec this turn | 300 sec total | 5 sec grace\n|\n|t:|1783552663\n|switch|p2a: Swanna|Swanna, L89, F|36/278\n|turn|26\n|inactive|Time left: 300 sec this turn | 300 sec total\n|\n|t:|1783552664\n|move|p2a: Swanna|Roost|p2a: Swanna\n|-heal|p2a: Swanna|175/278\n|-singleturn|p2a: Swanna|move: Roost\n|move|p1a: Lanturn|Thunderbolt|p2a: Swanna\n|-supereffective|p2a: Swanna\n|-crit|p2a: Swanna\n|-damage|p2a: Swanna|0 fnt\n|faint|p2a: Swanna\n|\n|win|p0x1167331b", "uploadtime": 1783552664, "views": 0, "rating": 0, "private": 0, "password": null, "_winner": "p0x1167331b", "_our_name": "p0y116790be"}