{"id": "battle-gen9randombattle-2896", "formatid": "gen9randombattle", "format": "[Gen 9] Random Battle", "players": ["p0x2896f820", "p0y28968c5d"], "log": "|init|battle\n|title|p0x2896f820 vs. p0y28968c5d\n|j|\u2606p0x2896f820\n|j|\u2606p0y28968c5d\n|t:|1783572381\n|gametype|singles\n|player|p1|p0x2896f820|170|\n|player|p2|p0y28968c5d|170|\n|gen|9\n|tier|[Gen 9] Random Battle\n|rule|Species Clause: Limit one of each Pok\u00e9mon\n|rule|HP Percentage Mod: HP is shown in percentages\n|rule|Sleep Clause Mod: Limit one foe put to sleep\n|rule|Illusion Level Mod: Illusion disguises the Pok\u00e9mon's true level\n|\n|t:|1783572381\n|teamsize|p1|6\n|teamsize|p2|6\n|start\n|switch|p1a: Wyrdeer|Wyrdeer, L87, M|321/321\n|switch|p2a: Crabominable|Crabominable, L90, M|100/100\n|-ability|p1a: Wyrdeer|Intimidate|boost\n|-unboost|p2a: Crabominable|atk|1\n|turn|1\n|inactive|Battle timer is ON: inactive players will automatically lose when time's up. (requested by p0y28968c5d)\n|inactive|Time left: 300 sec this turn | 300 sec total | 60 sec grace\n|\n|t:|1783572383\n|switch|p2a: Stantler|Stantler, L92, F|100/100\n|-ability|p2a: Stantler|Intimidate|boost\n|-unboost|p1a: Wyrdeer|atk|1\n|move|p1a: Wyrdeer|Body Slam|p2a: Stantler\n|-damage|p2a: Stantler|83/100\n|\n|upkeep\n|turn|2\n|inactive|Time left: 300 sec this turn | 300 sec total\n|inactive|p0x2896f820 also wants the timer to be on.\n|\n|t:|1783572384\n|switch|p1a: Blaziken|Blaziken, L76, F|247/247\n|move|p2a: Stantler|Calm Mind|p2a: Stantler\n|-boost|p2a: Stantler|spa|1\n|-boost|p2a: Stantler|spd|1\n|\n|upkeep\n|turn|3\n|inactive|Time left: 300 sec this turn | 300 sec total\n|\n|t:|1783572385\n|move|p2a: Stantler|Earth Power|p1a: Blaziken\n|-supereffective|p1a: Blaziken\n|-damage|p1a: Blaziken|0 fnt\n|faint|p1a: Blaziken\n|\n|upkeep\n|inactive|Time left: 300 sec this turn | 300 sec total | 5 sec grace\n|\n|t:|1783572385\n|switch|p1a: Wyrdeer|Wyrdeer, L87, M|321/321\n|-ability|p1a: Wyrdeer|Intimidate|boost\n|-unboost|p2a: Stantler|atk|1\n|turn|4\n|inactive|Time left: 300 sec this turn | 300 sec total\n|\n|t:|1783572386\n|move|p2a: Stantler|Tera Blast|p1a: Wyrdeer\n|-damage|p1a: Wyrdeer|228/321\n|move|p1a: Wyrdeer|Body Slam|p2a: Stantler\n|-damage|p2a: Stantler|54/100\n|\n|upkeep\n|turn|5\n|inactive|Time left: 300 sec this turn | 300 sec total\n|\n|t:|1783572387\n|move|p2a: Stantler|Tera Blast|p1a: Wyrdeer\n|-damage|p1a: Wyrdeer|123/321\n|move|p1a: Wyrdeer|Body Slam|p2a: Stantler\n|-damage|p2a: Stantler|28/100\n|\n|upkeep\n|turn|6\n|inactive|Time left: 300 sec this turn | 300 sec total\n|\n|t:|1783572388\n|move|p2a: Stantler|Tera Blast|p1a: Wyrdeer\n|-damage|p1a: Wyrdeer|27/321\n|move|p1a: Wyrdeer|Body Slam|p2a: Stantler\n|-damage|p2a: Stantler|1/100\n|\n|upkeep\n|turn|7\n|inactive|Time left: 300 sec this turn | 300 sec total\n|\n|t:|1783572389\n|switch|p1a: Articuno|Articuno, L86|295/295\n|-ability|p1a: Articuno|Pressure\n|move|p2a: Stantler|Tera Blast|p1a: Articuno\n|-crit|p1a: Articuno\n|-damage|p1a: Articuno|133/295\n|\n|upkeep\n|turn|8\n|inactive|Time left: 300 sec this turn | 300 sec total\n|\n|t:|1783572391\n|move|p2a: Stantler|Tera Blast|p1a: Articuno\n|-damage|p1a: Articuno|36/295\n|move|p1a: Articuno|Roost|p1a: Articuno\n|-heal|p1a: Articuno|184/295\n|-singleturn|p1a: Articuno|move: Roost\n|\n|upkeep\n|turn|9\n|inactive|Time left: 300 sec this turn | 300 sec total\n|\n|t:|1783572392\n|move|p2a: Stantler|Tera Blast|p1a: Articuno\n|-damage|p1a: Articuno|84/295\n|move|p1a: Articuno|Freeze-Dry|p2a: Stantler\n|-damage|p2a: Stantler|0 fnt\n|faint|p2a: Stantler\n|\n|upkeep\n|\n|t:|1783572393\n|switch|p2a: Bruxish|Bruxish, L85, M|100/100\n|turn|10\n|inactive|Time left: 300 sec this turn | 300 sec total\n|\n|t:|1783572394\n|switch|p1a: Wyrdeer|Wyrdeer, L87, M|27/321\n|-ability|p1a: Wyrdeer|Intimidate|boost\n|-unboost|p2a: Bruxish|atk|1\n|move|p2a: Bruxish|Psychic Fangs|p1a: Wyrdeer\n|-resisted|p1a: Wyrdeer\n|-damage|p1a: Wyrdeer|0 fnt\n|faint|p1a: Wyrdeer\n|-damage|p2a: Bruxish|91/100|[from] item: Life Orb\n|\n|upkeep\n|inactive|Time left: 300 sec this turn | 300 sec total | 5 sec grace\n|\n|t:|1783572395\n|switch|p1a: Rotom|Rotom-Mow, L87|229/229\n|turn|11\n|inactive|Time left: 300 sec this turn | 300 sec total\n|\n|t:|1783572396\n|switch|p2a: Crabominable|Crabominable, L90, M|100/100\n|move|p1a: Rotom|Thunderbolt|p2a: Crabominable\n|-damage|p2a: Crabominable|72/100\n|\n|upkeep\n|turn|12\n|inactive|Time left: 300 sec this turn | 300 sec total\n|\n|t:|1783572397\n|move|p1a: Rotom|Will-O-Wisp|p2a: Crabominable\n|-status|p2a: Crabominable|brn\n|move|p2a: Crabominable|Ice Hammer|p1a: Rotom\n|-supereffective|p1a: Rotom\n|-damage|p1a: Rotom|67/229\n|-unboost|p2a: Crabominable|spe|1\n|\n|-heal|p1a: Rotom|81/229|[from] item: Leftovers\n|-damage|p2a: Crabominable|66/100 brn|[from] brn\n|upkeep\n|turn|13\n|inactive|Time left: 300 sec this turn | 300 sec total\n|\n|t:|1783572399\n|move|p1a: Rotom|Volt Switch|p2a: Crabominable\n|-damage|p2a: Crabominable|45/100 brn\n|inactive|Time left: 300 sec this turn | 300 sec total | 5 sec grace\n|\n|t:|1783572400\n|switch|p1a: Dondozo|Dondozo, L78, F|362/362|[from] Volt Switch\n|move|p2a: Crabominable|Ice Hammer|p1a: Dondozo\n|-resisted|p1a: Dondozo\n|-damage|p1a: Dondozo|323/362\n|-unboost|p2a: Crabominable|spe|1\n|\n|-heal|p1a: Dondozo|345/362|[from] item: Leftovers\n|-damage|p2a: Crabominable|39/100 brn|[from] brn\n|upkeep\n|turn|14\n|inactive|Time left: 300 sec this turn | 300 sec total\n|\n|t:|1783572401\n|switch|p2a: Manaphy|Manaphy, L78|100/100\n|move|p1a: Dondozo|Curse|p1a: Dondozo\n|-unboost|p1a: Dondozo|spe|1\n|-boost|p1a: Dondozo|atk|1\n|-boost|p1a: Dondozo|def|1\n|\n|-heal|p1a: Dondozo|362/362|[from] item: Leftovers\n|upkeep\n|turn|15\n|inactive|Time left: 300 sec this turn | 300 sec total\n|\n|t:|1783572402\n|move|p2a: Manaphy|Tail Glow|p2a: Manaphy\n|-boost|p2a: Manaphy|spa|3\n|move|p1a: Dondozo|Curse|p1a: Dondozo\n|-unboost|p1a: Dondozo|spe|1\n|-boost|p1a: Dondozo|atk|1\n|-boost|p1a: Dondozo|def|1\n|\n|upkeep\n|turn|16\n|inactive|Time left: 300 sec this turn | 300 sec total\n|\n|t:|1783572403\n|move|p2a: Manaphy|Energy Ball|p1a: Dondozo\n|-supereffective|p1a: Dondozo\n|-damage|p1a: Dondozo|216/362\n|move|p1a: Dondozo|Wave Crash|p2a: Manaphy\n|-resisted|p2a: Manaphy\n|-damage|p2a: Manaphy|64/100\n|-damage|p1a: Dondozo|182/362|[from] Recoil\n|\n|-heal|p2a: Manaphy|70/100|[from] item: Leftovers\n|-heal|p1a: Dondozo|204/362|[from] item: Leftovers\n|upkeep\n|turn|17\n|inactive|Time left: 300 sec this turn | 300 sec total\n|\n|t:|1783572404\n|-terastallize|p2a: Manaphy|Grass\n|move|p2a: Manaphy|Energy Ball|p1a: Dondozo\n|-supereffective|p1a: Dondozo\n|-crit|p1a: Dondozo\n|-damage|p1a: Dondozo|0 fnt\n|faint|p1a: Dondozo\n|\n|-heal|p2a: Manaphy|76/100|[from] item: Leftovers\n|upkeep\n|inactive|Time left: 300 sec this turn | 300 sec total | 5 sec grace\n|\n|t:|1783572405\n|switch|p1a: Grumpig|Grumpig, L92, F|297/297\n|turn|18\n|inactive|Time left: 300 sec this turn | 300 sec total\n|\n|t:|1783572406\n|move|p1a: Grumpig|Psychic|p2a: Manaphy\n|-damage|p2a: Manaphy|41/100\n|move|p2a: Manaphy|Energy Ball|p1a: Grumpig\n|-damage|p1a: Grumpig|129/297\n|\n|-heal|p2a: Manaphy|47/100|[from] item: Leftovers\n|upkeep\n|turn|19\n|inactive|Time left: 300 sec this turn | 300 sec total\n|\n|t:|1783572407\n|move|p1a: Grumpig|Psychic|p2a: Manaphy\n|-damage|p2a: Manaphy|10/100\n|move|p2a: Manaphy|Energy Ball|p1a: Grumpig\n|-damage|p1a: Grumpig|0 fnt\n|faint|p1a: Grumpig\n|\n|-heal|p2a: Manaphy|16/100|[from] item: Leftovers\n|upkeep\n|inactive|Time left: 300 sec this turn | 300 sec total | 5 sec grace\n|\n|t:|1783572408\n|switch|p1a: Articuno|Articuno, L86|84/295\n|-ability|p1a: Articuno|Pressure\n|turn|20\n|inactive|Time left: 300 sec this turn | 300 sec total\n|\n|t:|1783572409\n|-terastallize|p1a: Articuno|Steel\n|move|p2a: Manaphy|Hydro Pump|p1a: Articuno\n|-damage|p1a: Articuno|0 fnt\n|faint|p1a: Articuno\n|\n|-heal|p2a: Manaphy|22/100|[from] item: Leftovers\n|upkeep\n|inactive|Time left: 300 sec this turn | 300 sec total | 5 sec grace\n|\n|t:|1783572410\n|switch|p1a: Rotom|Rotom-Mow, L87|81/229\n|turn|21\n|inactive|Time left: 300 sec this turn | 300 sec total\n|\n|t:|1783572411\n|move|p2a: Manaphy|Ice Beam|p1a: Rotom\n|-supereffective|p1a: Rotom\n|-damage|p1a: Rotom|0 fnt\n|faint|p1a: Rotom\n|\n|win|p0y28968c5d", "uploadtime": 1783572411, "views": 0, "rating": 0, "private": 0, "password": null, "_winner": "p0y28968c5d", "_our_name": "p0x2896f820"}