{"id": "battle-gen9randombattle-281", "formatid": "gen9randombattle", "format": "[Gen 9] Random Battle", "players": ["p0x281c157", "p0y281c6c9"], "log": "|init|battle\n|title|p0x281c157 vs. p0y281c6c9\n|j|\u2606p0x281c157\n|j|\u2606p0y281c6c9\n|t:|1783542311\n|gametype|singles\n|player|p1|p0x281c157|102|\n|player|p2|p0y281c6c9|102|\n|gen|9\n|tier|[Gen 9] Random Battle\n|rule|Species Clause: Limit one of each Pok\u00e9mon\n|rule|HP Percentage Mod: HP is shown in percentages\n|rule|Sleep Clause Mod: Limit one foe put to sleep\n|rule|Illusion Level Mod: Illusion disguises the Pok\u00e9mon's true level\n|\n|t:|1783542311\n|teamsize|p1|6\n|teamsize|p2|6\n|start\n|switch|p1a: Iron Hands|Iron Hands, L79|373/373\n|switch|p2a: Kyogre|Kyogre, L71|100/100\n|-weather|RainDance|[from] ability: Drizzle|[of] p2a: Kyogre\n|turn|1\n|inactive|Battle timer is ON: inactive players will automatically lose when time's up. (requested by p0x281c157)\n|inactive|p0y281c6c9 also wants the timer to be on.\n|\n|t:|1783542312\n|-end|p1a: Iron Hands|Quark Drive|[silent]\n|switch|p1a: Abomasnow|Abomasnow, L84, M|287/287\n|-weather|Snowscape|[from] ability: Snow Warning|[of] p1a: Abomasnow\n|-terastallize|p2a: Kyogre|Water\n|move|p2a: Kyogre|Water Spout|p1a: Abomasnow\n|-resisted|p1a: Abomasnow\n|-damage|p1a: Abomasnow|177/287\n|\n|-weather|Snowscape|[upkeep]\n|upkeep\n|turn|2\n|inactive|Time left: 300 sec this turn | 300 sec total\n|\n|t:|1783542313\n|move|p2a: Kyogre|Water Spout|p1a: Abomasnow\n|-resisted|p1a: Abomasnow\n|-damage|p1a: Abomasnow|72/287\n|move|p1a: Abomasnow|Aurora Veil|p1a: Abomasnow\n|-sidestart|p1: p0x281c157|move: Aurora Veil\n|\n|-weather|Snowscape|[upkeep]\n|upkeep\n|turn|3\n|inactive|Time left: 300 sec this turn | 300 sec total\n|\n|t:|1783542314\n|move|p2a: Kyogre|Water Spout|p1a: Abomasnow\n|-resisted|p1a: Abomasnow\n|-damage|p1a: Abomasnow|19/287\n|move|p1a: Abomasnow|Blizzard|p2a: Kyogre\n|-resisted|p2a: Kyogre\n|-damage|p2a: Kyogre|81/100\n|-status|p2a: Kyogre|frz\n|\n|-weather|Snowscape|[upkeep]\n|upkeep\n|turn|4\n|inactive|Time left: 300 sec this turn | 300 sec total\n|\n|t:|1783542315\n|switch|p1a: Minior|Minior-Orange, L79|224/224\n|-formechange|p1a: Minior|Minior-Meteor||[from] ability: Shields Down\n|cant|p2a: Kyogre|frz\n|\n|-weather|Snowscape|[upkeep]\n|upkeep\n|turn|5\n|inactive|Time left: 300 sec this turn | 300 sec total\n|\n|t:|1783542316\n|switch|p2a: Copperajah|Copperajah, L86, M|100/100\n|move|p1a: Minior|Shell Smash|p1a: Minior\n|-unboost|p1a: Minior|def|1\n|-unboost|p1a: Minior|spd|1\n|-boost|p1a: Minior|atk|2\n|-boost|p1a: Minior|spa|2\n|-boost|p1a: Minior|spe|2\n|-enditem|p1a: Minior|White Herb\n|-clearnegativeboost|p1a: Minior|[silent]\n|\n|-weather|none\n|upkeep\n|turn|6\n|inactive|Time left: 300 sec this turn | 300 sec total\n|\n|t:|1783542317\n|move|p1a: Minior|Earthquake|p2a: Copperajah\n|-supereffective|p2a: Copperajah\n|-damage|p2a: Copperajah|39/100\n|move|p2a: Copperajah|Heavy Slam|p1a: Minior\n|-supereffective|p1a: Minior\n|-damage|p1a: Minior|0 fnt\n|faint|p1a: Minior\n|\n|upkeep\n|inactive|Time left: 300 sec this turn | 300 sec total | 5 sec grace\n|\n|t:|1783542318\n|switch|p1a: Iron Hands|Iron Hands, L79|373/373\n|turn|7\n|inactive|Time left: 300 sec this turn | 300 sec total\n|\n|t:|1783542320\n|switch|p2a: Landorus|Landorus, L75, M|100/100\n|move|p1a: Iron Hands|Swords Dance|p1a: Iron Hands\n|-boost|p1a: Iron Hands|atk|2\n|\n|upkeep\n|turn|8\n|inactive|Time left: 300 sec this turn | 300 sec total\n|\n|t:|1783542321\n|move|p2a: Landorus|Stealth Rock|p1a: Iron Hands\n|-sidestart|p1: p0x281c157|move: Stealth Rock\n|move|p1a: Iron Hands|Ice Punch|p2a: Landorus\n|-supereffective|p2a: Landorus\n|-damage|p2a: Landorus|0 fnt\n|faint|p2a: Landorus\n|\n|upkeep\n|\n|t:|1783542322\n|switch|p2a: Kyogre|Kyogre, L71|100/100\n|turn|9\n|inactive|Time left: 300 sec this turn | 300 sec total\n|\n|t:|1783542323\n|move|p2a: Kyogre|Will-O-Wisp|p1a: Iron Hands\n|-status|p1a: Iron Hands|brn\n|move|p1a: Iron Hands|Wild Charge|p2a: Kyogre\n|-damage|p2a: Kyogre|35/100\n|replace|p2a: Zoroark|Zoroark-Hisui, L80, M\n|-end|p2a: Zoroark|Illusion\n|-hint|Illusion Level Mod is active, so this Pok\u00e9mon's true level was hidden.\n|-damage|p1a: Iron Hands|337/373 brn|[from] Recoil\n|\n|-heal|p1a: Iron Hands|360/373 brn|[from] item: Leftovers\n|-damage|p1a: Iron Hands|337/373 brn|[from] brn\n|-sideend|p1: p0x281c157|move: Aurora Veil\n|upkeep\n|turn|10\n|inactive|Time left: 300 sec this turn | 300 sec total\n|\n|t:|1783542325\n|move|p2a: Zoroark|Hyper Voice|p1a: Iron Hands\n|-damage|p1a: Iron Hands|172/373 brn\n|-damage|p2a: Zoroark|25/100|[from] item: Life Orb\n|move|p1a: Iron Hands|Drain Punch|p2a: Zoroark\n|-immune|p2a: Zoroark\n|\n|-heal|p1a: Iron Hands|195/373 brn|[from] item: Leftovers\n|-damage|p1a: Iron Hands|172/373 brn|[from] brn\n|upkeep\n|turn|11\n|inactive|Time left: 300 sec this turn | 300 sec total\n|\n|t:|1783542326\n|move|p2a: Zoroark|Hyper Voice|p1a: Iron Hands\n|-damage|p1a: Iron Hands|4/373 brn\n|-damage|p2a: Zoroark|16/100|[from] item: Life Orb\n|move|p1a: Iron Hands|Swords Dance|p1a: Iron Hands\n|-boost|p1a: Iron Hands|atk|2\n|\n|-heal|p1a: Iron Hands|27/373 brn|[from] item: Leftovers\n|-damage|p1a: Iron Hands|4/373 brn|[from] brn\n|upkeep\n|turn|12\n|inactive|Time left: 300 sec this turn | 300 sec total\n|\n|t:|1783542327\n|move|p2a: Zoroark|Focus Blast|p1a: Iron Hands|[miss]\n|-miss|p2a: Zoroark|p1a: Iron Hands\n|move|p1a: Iron Hands|Drain Punch|p2a: Zoroark\n|-immune|p2a: Zoroark\n|\n|-heal|p1a: Iron Hands|27/373 brn|[from] item: Leftovers\n|-damage|p1a: Iron Hands|4/373 brn|[from] brn\n|upkeep\n|turn|13\n|inactive|Time left: 300 sec this turn | 300 sec total\n|\n|t:|1783542328\n|move|p2a: Zoroark|Focus Blast|p1a: Iron Hands|[miss]\n|-miss|p2a: Zoroark|p1a: Iron Hands\n|move|p1a: Iron Hands|Drain Punch|p2a: Zoroark\n|-immune|p2a: Zoroark\n|\n|-heal|p1a: Iron Hands|27/373 brn|[from] item: Leftovers\n|-damage|p1a: Iron Hands|4/373 brn|[from] brn\n|upkeep\n|turn|14\n|inactive|Time left: 300 sec this turn | 300 sec total\n|\n|t:|1783542329\n|move|p2a: Zoroark|Hyper Voice|p1a: Iron Hands\n|-damage|p1a: Iron Hands|0 fnt\n|faint|p1a: Iron Hands\n|-end|p1a: Iron Hands|Quark Drive|[silent]\n|-damage|p2a: Zoroark|6/100|[from] item: Life Orb\n|\n|upkeep\n|inactive|Time left: 300 sec this turn | 300 sec total | 5 sec grace\n|\n|t:|1783542330\n|switch|p1a: Beartic|Beartic, L91, M|321/321\n|turn|15\n|inactive|Time left: 300 sec this turn | 300 sec total\n|\n|t:|1783542331\n|move|p2a: Zoroark|Will-O-Wisp|p1a: Beartic\n|-status|p1a: Beartic|brn\n|move|p1a: Beartic|Swords Dance|p1a: Beartic\n|-boost|p1a: Beartic|atk|2\n|\n|-damage|p1a: Beartic|301/321 brn|[from] brn\n|upkeep\n|turn|16\n|inactive|Time left: 300 sec this turn | 300 sec total\n|\n|t:|1783542332\n|move|p2a: Zoroark|Focus Blast|p1a: Beartic\n|-supereffective|p1a: Beartic\n|-damage|p1a: Beartic|57/321 brn\n|-damage|p2a: Zoroark|0 fnt|[from] item: Life Orb\n|faint|p2a: Zoroark\n|move|p1a: Beartic|Earthquake|p2: Zoroark|[notarget]\n|-fail|p1a: Beartic\n|\n|-damage|p1a: Beartic|37/321 brn|[from] brn\n|upkeep\n|\n|t:|1783542333\n|switch|p2a: Calyrex|Calyrex-Shadow, L64|100/100\n|-ability|p2a: Calyrex|As One\n|-ability|p2a: Calyrex|Unnerve\n|turn|17\n|inactive|Time left: 300 sec this turn | 300 sec total\n|\n|t:|1783542334\n|move|p1a: Beartic|Aqua Jet|p2a: Calyrex\n|-damage|p2a: Calyrex|74/100\n|move|p2a: Calyrex|Astral Barrage|p1a: Beartic\n|-damage|p1a: Beartic|0 fnt\n|faint|p1a: Beartic\n|-ability|p2a: Calyrex|Grim Neigh|boost\n|-boost|p2a: Calyrex|spa|1\n|\n|upkeep\n|inactive|Time left: 300 sec this turn | 300 sec total | 5 sec grace\n|\n|t:|1783542336\n|switch|p1a: Medicham|Medicham, L86, M|243/243\n|-damage|p1a: Medicham|228/243|[from] Stealth Rock\n|turn|18\n|inactive|Time left: 300 sec this turn | 300 sec total\n|\n|t:|1783542337\n|switch|p1a: Abomasnow|Abomasnow, L84, M|19/287\n|-damage|p1a: Abomasnow|0 fnt|[from] Stealth Rock\n|faint|p1a: Abomasnow\n|move|p2a: Calyrex|Astral Barrage|p1: Abomasnow|[notarget]\n|-fail|p2a: Calyrex\n|\n|upkeep\n|inactive|Time left: 300 sec this turn | 300 sec total | 5 sec grace\n|\n|t:|1783542338\n|switch|p1a: Medicham|Medicham, L86, M|228/243\n|-damage|p1a: Medicham|213/243|[from] Stealth Rock\n|turn|19\n|inactive|Time left: 300 sec this turn | 300 sec total\n|\n|t:|1783542339\n|-terastallize|p1a: Medicham|Fighting\n|move|p2a: Calyrex|Astral Barrage|p1a: Medicham\n|-damage|p1a: Medicham|0 fnt\n|faint|p1a: Medicham\n|-ability|p2a: Calyrex|Grim Neigh|boost\n|-boost|p2a: Calyrex|spa|1\n|\n|upkeep\n|inactive|Time left: 300 sec this turn | 300 sec total | 5 sec grace\n|\n|t:|1783542340\n|switch|p1a: Electivire|Electivire, L84, F|263/263\n|-damage|p1a: Electivire|231/263|[from] Stealth Rock\n|turn|20\n|inactive|Time left: 300 sec this turn | 300 sec total\n|\n|t:|1783542341\n|move|p2a: Calyrex|Astral Barrage|p1a: Electivire\n|-damage|p1a: Electivire|0 fnt\n|faint|p1a: Electivire\n|\n|win|p0y281c6c9", "uploadtime": 1783542341, "views": 0, "rating": 0, "private": 0, "password": null, "_winner": "p0y281c6c9", "_our_name": "p0x281c157"}