{"id": "battle-gen9randombattle-2728", "formatid": "gen9randombattle", "format": "[Gen 9] Random Battle", "players": ["p0x27285eae", "p0y27289ef5"], "log": "|init|battle\n|title|p0x27285eae vs. p0y27289ef5\n|j|\u2606p0x27285eae\n|j|\u2606p0y27289ef5\n|t:|1783571456\n|gametype|singles\n|player|p1|p0x27285eae|101|\n|player|p2|p0y27289ef5|1|\n|gen|9\n|tier|[Gen 9] Random Battle\n|rule|Species Clause: Limit one of each Pok\u00e9mon\n|rule|HP Percentage Mod: HP is shown in percentages\n|rule|Sleep Clause Mod: Limit one foe put to sleep\n|rule|Illusion Level Mod: Illusion disguises the Pok\u00e9mon's true level\n|\n|t:|1783571456\n|teamsize|p1|6\n|teamsize|p2|6\n|start\n|switch|p1a: Bisharp|Bisharp, L79, M|232/232\n|switch|p2a: Decidueye|Decidueye-Hisui, L87, M|100/100\n|turn|1\n|inactive|Battle timer is ON: inactive players will automatically lose when time's up. (requested by p0y27289ef5)\n|inactive|Time left: 300 sec this turn | 300 sec total | 60 sec grace\n|inactive|p0x27285eae also wants the timer to be on.\n|\n|t:|1783571457\n|switch|p1a: Zapdos|Zapdos-Galar, L77|265/265\n|move|p2a: Decidueye|Triple Arrows|p1a: Zapdos\n|-resisted|p1a: Zapdos\n|-damage|p1a: Zapdos|205/265\n|\n|upkeep\n|turn|2\n|inactive|Time left: 300 sec this turn | 300 sec total\n|\n|t:|1783571459\n|move|p1a: Zapdos|Brave Bird|p2a: Decidueye\n|-supereffective|p2a: Decidueye\n|-crit|p2a: Decidueye\n|-damage|p2a: Decidueye|0 fnt\n|faint|p2a: Decidueye\n|-damage|p1a: Zapdos|108/265|[from] Recoil\n|-damage|p1a: Zapdos|82/265|[from] item: Life Orb\n|\n|upkeep\n|\n|t:|1783571460\n|switch|p2a: Minun|Minun, L95, F|100/100\n|turn|3\n|inactive|Time left: 300 sec this turn | 300 sec total\n|\n|t:|1783571461\n|switch|p1a: Clodsire|Clodsire, L81, M|343/343\n|move|p2a: Minun|Thunderbolt|p1a: Clodsire\n|-immune|p1a: Clodsire\n|\n|upkeep\n|turn|4\n|inactive|Time left: 300 sec this turn | 300 sec total\n|\n|t:|1783571462\n|switch|p2a: Noctowl|Noctowl, L95, M|100/100\n|move|p1a: Clodsire|Gunk Shot|p2a: Noctowl\n|-damage|p2a: Noctowl|60/100\n|-status|p2a: Noctowl|psn\n|\n|-damage|p2a: Noctowl|47/100 psn|[from] psn\n|upkeep\n|turn|5\n|inactive|Time left: 300 sec this turn | 300 sec total\n|\n|t:|1783571463\n|move|p2a: Noctowl|Roost|p2a: Noctowl\n|-heal|p2a: Noctowl|97/100 psn\n|-singleturn|p2a: Noctowl|move: Roost\n|move|p1a: Clodsire|Gunk Shot|p2a: Noctowl\n|-damage|p2a: Noctowl|56/100 psn\n|\n|-damage|p2a: Noctowl|44/100 psn|[from] psn\n|upkeep\n|turn|6\n|inactive|Time left: 300 sec this turn | 300 sec total\n|\n|t:|1783571464\n|move|p2a: Noctowl|Roost|p2a: Noctowl\n|-heal|p2a: Noctowl|94/100 psn\n|-singleturn|p2a: Noctowl|move: Roost\n|move|p1a: Clodsire|Gunk Shot|p2a: Noctowl\n|-damage|p2a: Noctowl|54/100 psn\n|\n|-damage|p2a: Noctowl|42/100 psn|[from] psn\n|upkeep\n|turn|7\n|inactive|Time left: 300 sec this turn | 300 sec total\n|\n|t:|1783571464\n|move|p2a: Noctowl|Roost|p2a: Noctowl\n|-heal|p2a: Noctowl|92/100 psn\n|-singleturn|p2a: Noctowl|move: Roost\n|move|p1a: Clodsire|Gunk Shot|p2a: Noctowl\n|-damage|p2a: Noctowl|56/100 psn\n|\n|-damage|p2a: Noctowl|43/100 psn|[from] psn\n|upkeep\n|turn|8\n|inactive|Time left: 300 sec this turn | 300 sec total\n|\n|t:|1783571465\n|move|p2a: Noctowl|Roost|p2a: Noctowl\n|-heal|p2a: Noctowl|93/100 psn\n|-singleturn|p2a: Noctowl|move: Roost\n|move|p1a: Clodsire|Gunk Shot|p2a: Noctowl\n|-damage|p2a: Noctowl|57/100 psn\n|\n|-damage|p2a: Noctowl|44/100 psn|[from] psn\n|upkeep\n|turn|9\n|inactive|Time left: 300 sec this turn | 300 sec total\n|\n|t:|1783571466\n|move|p2a: Noctowl|Roost|p2a: Noctowl\n|-heal|p2a: Noctowl|94/100 psn\n|-singleturn|p2a: Noctowl|move: Roost\n|move|p1a: Clodsire|Gunk Shot|p2a: Noctowl\n|-damage|p2a: Noctowl|57/100 psn\n|\n|-damage|p2a: Noctowl|45/100 psn|[from] psn\n|upkeep\n|turn|10\n|inactive|Time left: 300 sec this turn | 300 sec total\n|\n|t:|1783571467\n|move|p2a: Noctowl|Roost|p2a: Noctowl\n|-heal|p2a: Noctowl|95/100 psn\n|-singleturn|p2a: Noctowl|move: Roost\n|move|p1a: Clodsire|Gunk Shot|p2a: Noctowl\n|-damage|p2a: Noctowl|54/100 psn\n|\n|-damage|p2a: Noctowl|42/100 psn|[from] psn\n|upkeep\n|turn|11\n|inactive|Time left: 300 sec this turn | 300 sec total\n|\n|t:|1783571468\n|move|p2a: Noctowl|Roost|p2a: Noctowl\n|-heal|p2a: Noctowl|92/100 psn\n|-singleturn|p2a: Noctowl|move: Roost\n|move|p1a: Clodsire|Gunk Shot|p2a: Noctowl\n|-damage|p2a: Noctowl|56/100 psn\n|\n|-damage|p2a: Noctowl|43/100 psn|[from] psn\n|upkeep\n|turn|12\n|inactive|Time left: 300 sec this turn | 300 sec total\n|\n|t:|1783571469\n|move|p2a: Noctowl|Roost|p2a: Noctowl\n|-heal|p2a: Noctowl|93/100 psn\n|-singleturn|p2a: Noctowl|move: Roost\n|move|p1a: Clodsire|Earthquake|p2a: Noctowl\n|-damage|p2a: Noctowl|61/100 psn\n|\n|-damage|p2a: Noctowl|48/100 psn|[from] psn\n|upkeep\n|turn|13\n|inactive|Time left: 300 sec this turn | 300 sec total\n|\n|t:|1783571470\n|move|p2a: Noctowl|Calm Mind|p2a: Noctowl\n|-boost|p2a: Noctowl|spa|1\n|-boost|p2a: Noctowl|spd|1\n|move|p1a: Clodsire|Toxic Spikes|p2a: Noctowl\n|-sidestart|p2: p0y27289ef5|move: Toxic Spikes\n|\n|-damage|p2a: Noctowl|36/100 psn|[from] psn\n|upkeep\n|turn|14\n|inactive|Time left: 300 sec this turn | 300 sec total\n|\n|t:|1783571470\n|move|p2a: Noctowl|Hurricane|p1a: Clodsire|[miss]\n|-miss|p2a: Noctowl|p1a: Clodsire\n|move|p1a: Clodsire|Recover||[still]\n|-fail|p1a: Clodsire|heal\n|\n|-damage|p2a: Noctowl|23/100 psn|[from] psn\n|upkeep\n|turn|15\n|inactive|Time left: 300 sec this turn | 300 sec total\n|\n|t:|1783571471\n|switch|p2a: Eelektross|Eelektross, L87, F|100/100\n|move|p1a: Clodsire|Toxic Spikes|p2a: Eelektross\n|-sidestart|p2: p0y27289ef5|move: Toxic Spikes\n|\n|upkeep\n|turn|16\n|inactive|Time left: 300 sec this turn | 300 sec total\n|\n|t:|1783571472\n|move|p2a: Eelektross|Coil|p2a: Eelektross\n|-boost|p2a: Eelektross|atk|1\n|-boost|p2a: Eelektross|def|1\n|-boost|p2a: Eelektross|accuracy|1\n|move|p1a: Clodsire|Recover||[still]\n|-fail|p1a: Clodsire|heal\n|\n|upkeep\n|turn|17\n|inactive|Time left: 300 sec this turn | 300 sec total\n|\n|t:|1783571473\n|move|p2a: Eelektross|Coil|p2a: Eelektross\n|-boost|p2a: Eelektross|atk|1\n|-boost|p2a: Eelektross|def|1\n|-boost|p2a: Eelektross|accuracy|1\n|move|p1a: Clodsire|Earthquake|p2a: Eelektross\n|-immune|p2a: Eelektross|[from] ability: Levitate\n|\n|upkeep\n|turn|18\n|inactive|Time left: 300 sec this turn | 300 sec total\n|\n|t:|1783571474\n|move|p2a: Eelektross|Supercell Slam|p1a: Clodsire\n|-immune|p1a: Clodsire\n|-damage|p2a: Eelektross|50/100|[from] supercellslam\n|move|p1a: Clodsire|Recover||[still]\n|-fail|p1a: Clodsire|heal\n|\n|-heal|p2a: Eelektross|57/100|[from] item: Leftovers\n|upkeep\n|turn|19\n|inactive|Time left: 300 sec this turn | 300 sec total\n|\n|t:|1783571475\n|move|p2a: Eelektross|Supercell Slam|p1a: Clodsire\n|-immune|p1a: Clodsire\n|-damage|p2a: Eelektross|7/100|[from] supercellslam\n|move|p1a: Clodsire|Recover||[still]\n|-fail|p1a: Clodsire|heal\n|\n|-heal|p2a: Eelektross|13/100|[from] item: Leftovers\n|upkeep\n|turn|20\n|inactive|Time left: 300 sec this turn | 300 sec total\n|\n|t:|1783571476\n|switch|p1a: Zapdos|Zapdos-Galar, L77|82/265\n|move|p2a: Eelektross|Drain Punch|p1a: Zapdos\n|-resisted|p1a: Zapdos\n|-damage|p1a: Zapdos|14/265\n|-heal|p2a: Eelektross|25/100|[from] drain|[of] p1a: Zapdos\n|\n|-heal|p2a: Eelektross|31/100|[from] item: Leftovers\n|upkeep\n|turn|21\n|inactive|Time left: 300 sec this turn | 300 sec total\n|\n|t:|1783571477\n|move|p1a: Zapdos|Close Combat|p2a: Eelektross\n|-damage|p2a: Eelektross|1/100\n|-unboost|p1a: Zapdos|def|1\n|-unboost|p1a: Zapdos|spd|1\n|-damage|p1a: Zapdos|0 fnt|[from] item: Life Orb\n|faint|p1a: Zapdos\n|move|p2a: Eelektross|Fire Punch|p1: Zapdos|[notarget]\n|-fail|p2a: Eelektross\n|\n|-heal|p2a: Eelektross|7/100|[from] item: Leftovers\n|upkeep\n|inactive|Time left: 300 sec this turn | 300 sec total | 5 sec grace\n|\n|t:|1783571478\n|switch|p1a: Urshifu|Urshifu, L74, F|270/270\n|turn|22\n|inactive|Time left: 300 sec this turn | 300 sec total\n|\n|t:|1783571479\n|move|p1a: Urshifu|Poison Jab|p2a: Eelektross\n|-damage|p2a: Eelektross|0 fnt\n|faint|p2a: Eelektross\n|\n|upkeep\n|\n|t:|1783571480\n|switch|p2a: Kingambit|Kingambit, L74, M|100/100\n|-activate|p2a: Kingambit|ability: Supreme Overlord\n|-start|p2a: Kingambit|fallen2|[silent]\n|turn|23\n|inactive|Time left: 300 sec this turn | 300 sec total\n|\n|t:|1783571481\n|switch|p1a: Bisharp|Bisharp, L79, M|232/232\n|move|p2a: Kingambit|Swords Dance|p2a: Kingambit\n|-boost|p2a: Kingambit|atk|2\n|\n|upkeep\n|turn|24\n|inactive|Time left: 300 sec this turn | 300 sec total\n|\n|t:|1783571482\n|switch|p1a: Urshifu|Urshifu, L74, F|270/270\n|move|p2a: Kingambit|Iron Head|p1a: Urshifu\n|-damage|p1a: Urshifu|53/270\n|\n|upkeep\n|turn|25\n|inactive|Time left: 300 sec this turn | 300 sec total\n|\n|t:|1783571483\n|-terastallize|p2a: Kingambit|Dark\n|move|p2a: Kingambit|Sucker Punch|p1a: Urshifu\n|-resisted|p1a: Urshifu\n|-damage|p1a: Urshifu|0 fnt\n|faint|p1a: Urshifu\n|\n|upkeep\n|inactive|Time left: 300 sec this turn | 300 sec total | 5 sec grace\n|\n|t:|1783571484\n|switch|p1a: Bisharp|Bisharp, L79, M|232/232\n|turn|26\n|inactive|Time left: 300 sec this turn | 300 sec total\n|\n|t:|1783571485\n|move|p1a: Bisharp|Iron Head|p2a: Kingambit\n|-damage|p2a: Kingambit|72/100\n|move|p2a: Kingambit|Kowtow Cleave|p1a: Bisharp\n|-resisted|p1a: Bisharp\n|-damage|p1a: Bisharp|144/232\n|\n|-heal|p2a: Kingambit|78/100|[from] item: Leftovers\n|upkeep\n|turn|27\n|inactive|Time left: 300 sec this turn | 300 sec total\n|\n|t:|1783571487\n|move|p1a: Bisharp|Iron Head|p2a: Kingambit\n|-damage|p2a: Kingambit|48/100\n|move|p2a: Kingambit|Kowtow Cleave|p1a: Bisharp\n|-resisted|p1a: Bisharp\n|-damage|p1a: Bisharp|46/232\n|\n|-heal|p2a: Kingambit|54/100|[from] item: Leftovers\n|upkeep\n|turn|28\n|inactive|Time left: 300 sec this turn | 300 sec total\n|\n|t:|1783571487\n|move|p1a: Bisharp|Iron Head|p2a: Kingambit\n|-damage|p2a: Kingambit|21/100\n|move|p2a: Kingambit|Kowtow Cleave|p1a: Bisharp\n|-resisted|p1a: Bisharp\n|-damage|p1a: Bisharp|0 fnt\n|faint|p1a: Bisharp\n|\n|-heal|p2a: Kingambit|27/100|[from] item: Leftovers\n|upkeep\n|inactive|Time left: 300 sec this turn | 300 sec total | 5 sec grace\n|\n|t:|1783571488\n|switch|p1a: Terapagos|Terapagos, L77, F|265/265\n|-activate|p1a: Terapagos|ability: Tera Shift\n|detailschange|p1a: Terapagos|Terapagos-Terastal, L77, F\n|-heal|p1a: Terapagos|273/273|[silent]\n|turn|29\n|inactive|Time left: 300 sec this turn | 300 sec total\n|\n|t:|1783571489\n|move|p2a: Kingambit|Sucker Punch|p1a: Terapagos\n|-activate|p1a: Terapagos|ability: Tera Shell\n|-resisted|p1a: Terapagos\n|-damage|p1a: Terapagos|165/273\n|move|p1a: Terapagos|Tera Starstorm|p2a: Kingambit\n|-damage|p2a: Kingambit|0 fnt\n|faint|p2a: Kingambit\n|-end|p2a: Kingambit|fallen2|[silent]\n|\n|upkeep\n|\n|t:|1783571491\n|switch|p2a: Landorus|Landorus, L75, M|100/100\n|turn|30\n|inactive|Time left: 300 sec this turn | 300 sec total\n|\n|t:|1783571492\n|move|p2a: Landorus|Focus Blast|p1a: Terapagos\n|-supereffective|p1a: Terapagos\n|-damage|p1a: Terapagos|0 fnt\n|faint|p1a: Terapagos\n|\n|upkeep\n|inactive|Time left: 300 sec this turn | 300 sec total | 5 sec grace\n|\n|t:|1783571492\n|switch|p1a: Ho-Oh|Ho-Oh, L71|268/268\n|turn|31\n|inactive|Time left: 300 sec this turn | 300 sec total\n|\n|t:|1783571494\n|move|p2a: Landorus|Psychic|p1a: Ho-Oh\n|-damage|p1a: Ho-Oh|195/268\n|move|p1a: Ho-Oh|Brave Bird|p2a: Landorus\n|-crit|p2a: Landorus\n|-damage|p2a: Landorus|29/100\n|-damage|p1a: Ho-Oh|135/268|[from] Recoil\n|\n|upkeep\n|turn|32\n|inactive|Time left: 300 sec this turn | 300 sec total\n|\n|t:|1783571495\n|move|p2a: Landorus|Psychic|p1a: Ho-Oh\n|-damage|p1a: Ho-Oh|58/268\n|move|p1a: Ho-Oh|Recover|p1a: Ho-Oh\n|-heal|p1a: Ho-Oh|192/268\n|\n|upkeep\n|turn|33\n|inactive|Time left: 300 sec this turn | 300 sec total\n|\n|t:|1783571496\n|move|p2a: Landorus|Psychic|p1a: Ho-Oh\n|-damage|p1a: Ho-Oh|117/268\n|move|p1a: Ho-Oh|Sacred Fire|p2a: Landorus\n|-damage|p2a: Landorus|0 fnt\n|faint|p2a: Landorus\n|\n|upkeep\n|\n|t:|1783571497\n|switch|p2a: Noctowl|Noctowl, L95, M|23/100 psn\n|turn|34\n|inactive|Time left: 300 sec this turn | 300 sec total\n|\n|t:|1783571498\n|move|p2a: Noctowl|Hurricane|p1a: Ho-Oh|[miss]\n|-miss|p2a: Noctowl|p1a: Ho-Oh\n|move|p1a: Ho-Oh|Recover|p1a: Ho-Oh\n|-heal|p1a: Ho-Oh|251/268\n|\n|-damage|p2a: Noctowl|11/100 psn|[from] psn\n|upkeep\n|turn|35\n|inactive|Time left: 300 sec this turn | 300 sec total\n|\n|t:|1783571498\n|switch|p1a: Clodsire|Clodsire, L81, M|343/343\n|move|p2a: Noctowl|Hurricane|p1a: Clodsire|[miss]\n|-miss|p2a: Noctowl|p1a: Clodsire\n|\n|-damage|p2a: Noctowl|0 fnt|[from] psn\n|faint|p2a: Noctowl\n|upkeep\n|\n|t:|1783571499\n|switch|p2a: Minun|Minun, L95, F|100/100\n|-status|p2a: Minun|tox\n|turn|36\n|inactive|Time left: 300 sec this turn | 300 sec total\n|\n|t:|1783571500\n|move|p2a: Minun|Thunderbolt|p1a: Clodsire\n|-immune|p1a: Clodsire\n|move|p1a: Clodsire|Earthquake|p2a: Minun\n|-supereffective|p2a: Minun\n|-damage|p2a: Minun|13/100 tox\n|\n|-damage|p2a: Minun|7/100 tox|[from] psn\n|upkeep\n|turn|37\n|inactive|Time left: 300 sec this turn | 300 sec total\n|\n|t:|1783571501\n|switch|p1a: Ho-Oh|Ho-Oh, L71|268/268\n|move|p2a: Minun|Thunderbolt|p1a: Ho-Oh\n|-supereffective|p1a: Ho-Oh\n|-damage|p1a: Ho-Oh|81/268\n|-damage|p2a: Minun|0 fnt|[from] item: Life Orb\n|faint|p2a: Minun\n|\n|win|p0x27285eae", "uploadtime": 1783571501, "views": 0, "rating": 0, "private": 0, "password": null, "_winner": "p0x27285eae", "_our_name": "p0x27285eae"}