{"id": "battle-gen9randombattle-2139", "formatid": "gen9randombattle", "format": "[Gen 9] Random Battle", "players": ["p0x2139a866", "p0y2139dd54"], "log": "|init|battle\n|title|p0x2139a866 vs. p0y2139dd54\n|j|\u2606p0x2139a866\n|j|\u2606p0y2139dd54\n|t:|1783564758\n|gametype|singles\n|player|p1|p0x2139a866|2|\n|player|p2|p0y2139dd54|266|\n|gen|9\n|tier|[Gen 9] Random Battle\n|rule|Species Clause: Limit one of each Pok\u00e9mon\n|rule|HP Percentage Mod: HP is shown in percentages\n|rule|Sleep Clause Mod: Limit one foe put to sleep\n|rule|Illusion Level Mod: Illusion disguises the Pok\u00e9mon's true level\n|\n|t:|1783564758\n|teamsize|p1|6\n|teamsize|p2|6\n|start\n|switch|p1a: Garchomp|Garchomp, L74, M|100/100\n|switch|p2a: Espathra|Espathra, L80, F|283/283\n|turn|1\n|inactive|Battle timer is ON: inactive players will automatically lose when time's up. (requested by p0x2139a866)\n|inactive|Time left: 300 sec this turn | 300 sec total | 60 sec grace\n|inactive|p0y2139dd54 also wants the timer to be on.\n|\n|t:|1783564759\n|move|p2a: Espathra|Calm Mind|p2a: Espathra\n|-boost|p2a: Espathra|spa|1\n|-boost|p2a: Espathra|spd|1\n|move|p1a: Garchomp|Swords Dance|p1a: Garchomp\n|-boost|p1a: Garchomp|atk|2\n|\n|-ability|p2a: Espathra|Speed Boost|boost\n|-boost|p2a: Espathra|spe|1\n|upkeep\n|turn|2\n|inactive|Time left: 300 sec this turn | 300 sec total\n|\n|t:|1783564761\n|-terastallize|p1a: Garchomp|Steel\n|move|p2a: Espathra|Stored Power|p1a: Garchomp\n|-resisted|p1a: Garchomp\n|-damage|p1a: Garchomp|74/100\n|move|p1a: Garchomp|Earthquake|p2a: Espathra\n|-damage|p2a: Espathra|0 fnt\n|faint|p2a: Espathra\n|\n|upkeep\n|inactive|Time left: 300 sec this turn | 300 sec total | 5 sec grace\n|\n|t:|1783564762\n|switch|p2a: Zapdos|Zapdos-Galar, L77|265/265\n|turn|3\n|inactive|Time left: 300 sec this turn | 300 sec total\n|\n|t:|1783564763\n|move|p2a: Zapdos|Close Combat|p1a: Garchomp\n|-supereffective|p1a: Garchomp\n|-damage|p1a: Garchomp|0 fnt\n|-unboost|p2a: Zapdos|def|1\n|-unboost|p2a: Zapdos|spd|1\n|-damage|p2a: Zapdos|232/265|[from] ability: Rough Skin|[of] p1a: Garchomp\n|faint|p1a: Garchomp\n|\n|upkeep\n|\n|t:|1783564764\n|switch|p1a: Golduck|Golduck, L90, F|100/100\n|-ability|p1a: Golduck|Cloud Nine\n|turn|4\n|inactive|Time left: 300 sec this turn | 300 sec total\n|\n|t:|1783564765\n|switch|p2a: Minun|Minun, L95, F|268/268\n|move|p1a: Golduck|Ice Beam|p2a: Minun\n|-damage|p2a: Minun|200/268\n|\n|upkeep\n|turn|5\n|inactive|Time left: 300 sec this turn | 300 sec total\n|\n|t:|1783564766\n|switch|p1a: Blaziken|Blaziken, L76, F|100/100\n|move|p2a: Minun|Thunderbolt|p1a: Blaziken\n|-damage|p1a: Blaziken|36/100\n|-damage|p2a: Minun|174/268|[from] item: Life Orb\n|\n|upkeep\n|turn|6\n|inactive|Time left: 300 sec this turn | 300 sec total\n|\n|t:|1783564768\n|move|p1a: Blaziken|Protect|p1a: Blaziken\n|-singleturn|p1a: Blaziken|Protect\n|move|p2a: Minun|Thunderbolt|p1a: Blaziken\n|-activate|p1a: Blaziken|move: Protect\n|\n|-ability|p1a: Blaziken|Speed Boost|boost\n|-boost|p1a: Blaziken|spe|1\n|upkeep\n|turn|7\n|inactive|Time left: 300 sec this turn | 300 sec total\n|\n|t:|1783564769\n|switch|p2a: Zapdos|Zapdos-Galar, L77|232/265\n|move|p1a: Blaziken|Close Combat|p2a: Zapdos\n|-resisted|p2a: Zapdos\n|-damage|p2a: Zapdos|150/265\n|-unboost|p1a: Blaziken|def|1\n|-unboost|p1a: Blaziken|spd|1\n|-damage|p1a: Blaziken|26/100|[from] item: Life Orb\n|\n|-ability|p1a: Blaziken|Speed Boost|boost\n|-boost|p1a: Blaziken|spe|1\n|upkeep\n|turn|8\n|inactive|Time left: 300 sec this turn | 300 sec total\n|\n|t:|1783564770\n|move|p1a: Blaziken|Flare Blitz|p2a: Zapdos\n|-damage|p2a: Zapdos|0 fnt\n|faint|p2a: Zapdos\n|-damage|p1a: Blaziken|6/100|[from] Recoil\n|-damage|p1a: Blaziken|0 fnt|[from] item: Life Orb\n|faint|p1a: Blaziken\n|\n|upkeep\n|inactive|Time left: 300 sec this turn | 300 sec total | 5 sec grace\n|\n|t:|1783564771\n|switch|p2a: Kyurem|Kyurem-White, L73|303/303\n|switch|p1a: Glastrier|Glastrier, L86|100/100\n|-ability|p2a: Kyurem|Turboblaze\n|turn|9\n|inactive|Time left: 300 sec this turn | 300 sec total\n|\n|t:|1783564772\n|move|p2a: Kyurem|Fusion Flare|p1a: Glastrier\n|-supereffective|p1a: Glastrier\n|-damage|p1a: Glastrier|54/100\n|move|p1a: Glastrier|High Horsepower|p2a: Kyurem\n|-crit|p2a: Kyurem\n|-damage|p2a: Kyurem|143/303\n|\n|upkeep\n|turn|10\n|inactive|Time left: 300 sec this turn | 300 sec total\n|\n|t:|1783564773\n|switch|p1a: Golduck|Golduck, L90, F|100/100\n|-ability|p1a: Golduck|Cloud Nine\n|move|p2a: Kyurem|Fusion Flare|p1a: Golduck\n|-resisted|p1a: Golduck\n|-damage|p1a: Golduck|86/100\n|\n|-heal|p1a: Golduck|92/100|[from] item: Leftovers\n|upkeep\n|turn|11\n|inactive|Time left: 300 sec this turn | 300 sec total\n|\n|t:|1783564774\n|switch|p2a: Minun|Minun, L95, F|174/268\n|move|p1a: Golduck|Nasty Plot|p1a: Golduck\n|-boost|p1a: Golduck|spa|2\n|\n|-heal|p1a: Golduck|98/100|[from] item: Leftovers\n|upkeep\n|turn|12\n|inactive|Time left: 300 sec this turn | 300 sec total\n|\n|t:|1783564775\n|switch|p1a: Excadrill|Excadrill, L79, F|100/100\n|-ability|p1a: Excadrill|Mold Breaker\n|move|p2a: Minun|Thunderbolt|p1a: Excadrill\n|-immune|p1a: Excadrill\n|\n|upkeep\n|turn|13\n|inactive|Time left: 300 sec this turn | 300 sec total\n|\n|t:|1783564777\n|switch|p2a: Breloom|Breloom, L83, M|235/235\n|move|p1a: Excadrill|Earthquake|p2a: Breloom\n|-resisted|p2a: Breloom\n|-damage|p2a: Breloom|169/235\n|\n|upkeep\n|turn|14\n|inactive|Time left: 300 sec this turn | 300 sec total\n|\n|t:|1783564778\n|move|p1a: Excadrill|Iron Head|p2a: Breloom\n|-damage|p2a: Breloom|69/235\n|move|p2a: Breloom|Bullet Seed|p1a: Excadrill\n|-damage|p1a: Excadrill|72/100\n|-damage|p1a: Excadrill|40/100\n|-hitcount|p1a: Excadrill|2\n|-damage|p2a: Breloom|46/235|[from] item: Life Orb\n|\n|upkeep\n|turn|15\n|inactive|Time left: 300 sec this turn | 300 sec total\n|\n|t:|1783564779\n|switch|p1a: Golduck|Golduck, L90, F|98/100\n|-ability|p1a: Golduck|Cloud Nine\n|move|p2a: Breloom|Mach Punch|p1a: Golduck\n|-damage|p1a: Golduck|64/100\n|-damage|p2a: Breloom|23/235|[from] item: Life Orb\n|\n|-heal|p1a: Golduck|70/100|[from] item: Leftovers\n|upkeep\n|turn|16\n|inactive|Time left: 300 sec this turn | 300 sec total\n|\n|t:|1783564780\n|move|p2a: Breloom|Mach Punch|p1a: Golduck\n|-crit|p1a: Golduck\n|-damage|p1a: Golduck|17/100\n|-damage|p2a: Breloom|0 fnt|[from] item: Life Orb\n|faint|p2a: Breloom\n|move|p1a: Golduck|Ice Beam|p2: Breloom|[notarget]\n|-fail|p1a: Golduck\n|\n|-heal|p1a: Golduck|24/100|[from] item: Leftovers\n|upkeep\n|inactive|Time left: 300 sec this turn | 300 sec total | 5 sec grace\n|\n|t:|1783564781\n|switch|p2a: Kyurem|Kyurem-White, L73|143/303\n|-ability|p2a: Kyurem|Turboblaze\n|turn|17\n|inactive|Time left: 300 sec this turn | 300 sec total\n|\n|t:|1783564782\n|move|p2a: Kyurem|Fusion Flare|p1a: Golduck\n|-resisted|p1a: Golduck\n|-damage|p1a: Golduck|8/100\n|move|p1a: Golduck|Ice Beam|p2a: Kyurem\n|-damage|p2a: Kyurem|69/303\n|\n|-heal|p1a: Golduck|15/100|[from] item: Leftovers\n|upkeep\n|turn|18\n|inactive|Time left: 300 sec this turn | 300 sec total\n|\n|t:|1783564783\n|-terastallize|p2a: Kyurem|Fire\n|move|p2a: Kyurem|Fusion Flare|p1a: Golduck\n|-resisted|p1a: Golduck\n|-damage|p1a: Golduck|0 fnt\n|faint|p1a: Golduck\n|\n|upkeep\n|\n|t:|1783564784\n|switch|p1a: Regieleki|Regieleki, L79|100/100\n|turn|19\n|inactive|Time left: 300 sec this turn | 300 sec total\n|\n|t:|1783564785\n|switch|p2a: Minun|Minun, L95, F|174/268\n|move|p1a: Regieleki|Volt Switch|p2a: Minun\n|-heal|p2a: Minun|241/268|[from] ability: Volt Absorb|[of] p1a: Regieleki\n|\n|upkeep\n|turn|20\n|inactive|Time left: 300 sec this turn | 300 sec total\n|\n|t:|1783564785\n|switch|p1a: Excadrill|Excadrill, L79, F|40/100\n|-ability|p1a: Excadrill|Mold Breaker\n|switch|p2a: Kyurem|Kyurem-White, L73, tera:Fire|69/303\n|-ability|p2a: Kyurem|Turboblaze\n|\n|upkeep\n|turn|21\n|inactive|Time left: 300 sec this turn | 300 sec total\n|\n|t:|1783564786\n|move|p2a: Kyurem|Fusion Flare|p1a: Excadrill\n|-supereffective|p1a: Excadrill\n|-damage|p1a: Excadrill|0 fnt\n|faint|p1a: Excadrill\n|\n|upkeep\n|\n|t:|1783564787\n|switch|p1a: Regieleki|Regieleki, L79|100/100\n|turn|22\n|inactive|Time left: 300 sec this turn | 300 sec total\n|\n|t:|1783564788\n|switch|p1a: Glastrier|Glastrier, L86|54/100\n|move|p2a: Kyurem|Fusion Flare|p1a: Glastrier\n|-supereffective|p1a: Glastrier\n|-damage|p1a: Glastrier|0 fnt\n|faint|p1a: Glastrier\n|\n|upkeep\n|\n|t:|1783564788\n|switch|p1a: Regieleki|Regieleki, L79|100/100\n|turn|23\n|inactive|Time left: 300 sec this turn | 300 sec total\n|\n|t:|1783564789\n|move|p1a: Regieleki|Rapid Spin|p2a: Kyurem\n|-damage|p2a: Kyurem|34/303\n|-boost|p1a: Regieleki|spe|1\n|move|p2a: Kyurem|Fusion Flare|p1a: Regieleki\n|-damage|p1a: Regieleki|27/100\n|\n|upkeep\n|turn|24\n|inactive|Time left: 300 sec this turn | 300 sec total\n|\n|t:|1783564790\n|switch|p2a: Minun|Minun, L95, F|241/268\n|move|p1a: Regieleki|Volt Switch|p2a: Minun\n|-heal|p2a: Minun|268/268|[from] ability: Volt Absorb|[of] p1a: Regieleki\n|\n|upkeep\n|turn|25\n|inactive|Time left: 300 sec this turn | 300 sec total\n|\n|t:|1783564791\n|move|p1a: Regieleki|Rapid Spin|p2a: Minun\n|-damage|p2a: Minun|224/268\n|-boost|p1a: Regieleki|spe|1\n|move|p2a: Minun|Thunderbolt|p1a: Regieleki\n|-resisted|p1a: Regieleki\n|-damage|p1a: Regieleki|0 fnt\n|faint|p1a: Regieleki\n|-damage|p2a: Minun|198/268|[from] item: Life Orb\n|\n|win|p0y2139dd54", "uploadtime": 1783564791, "views": 0, "rating": 0, "private": 0, "password": null, "_winner": "p0y2139dd54", "_our_name": "p0y2139dd54"}