{"id": "battle-gen9randombattle-1143", "formatid": "gen9randombattle", "format": "[Gen 9] Random Battle", "players": ["p0x1143dab1", "p0y1143ae1a"], "log": "|init|battle\n|title|p0x1143dab1 vs. p0y1143ae1a\n|j|\u2606p0x1143dab1\n|j|\u2606p0y1143ae1a\n|t:|1783552382\n|gametype|singles\n|player|p1|p0x1143dab1|2|\n|player|p2|p0y1143ae1a|170|\n|gen|9\n|tier|[Gen 9] Random Battle\n|rule|Species Clause: Limit one of each Pok\u00e9mon\n|rule|HP Percentage Mod: HP is shown in percentages\n|rule|Sleep Clause Mod: Limit one foe put to sleep\n|rule|Illusion Level Mod: Illusion disguises the Pok\u00e9mon's true level\n|\n|t:|1783552382\n|teamsize|p1|6\n|teamsize|p2|6\n|start\n|switch|p1a: Quaquaval|Quaquaval, L79, M|100/100\n|switch|p2a: Iron Crown|Iron Crown, L78|268/268\n|turn|1\n|inactive|Battle timer is ON: inactive players will automatically lose when time's up. (requested by p0y1143ae1a)\n|inactive|p0x1143dab1 also wants the timer to be on.\n|\n|t:|1783552384\n|switch|p1a: Pincurchin|Pincurchin, F|100/100\n|-fieldstart|move: Electric Terrain|[from] ability: Electric Surge|[of] p1a: Pincurchin\n|-activate|p2a: Iron Crown|ability: Quark Drive\n|-start|p2a: Iron Crown|quarkdrivespa\n|move|p2a: Iron Crown|Psyshock|p1a: Pincurchin\n|-damage|p1a: Pincurchin|62/100\n|\n|-heal|p1a: Pincurchin|68/100|[from] item: Leftovers\n|upkeep\n|turn|2\n|inactive|Time left: 300 sec this turn | 300 sec total\n|\n|t:|1783552386\n|move|p2a: Iron Crown|Psyshock|p1a: Pincurchin\n|-damage|p1a: Pincurchin|36/100\n|move|p1a: Pincurchin|Zing Zap|p2a: Iron Crown\n|-damage|p2a: Iron Crown|109/268\n|\n|-heal|p2a: Iron Crown|125/268|[from] item: Leftovers\n|-heal|p1a: Pincurchin|42/100|[from] item: Leftovers\n|upkeep\n|turn|3\n|inactive|Time left: 300 sec this turn | 300 sec total\n|\n|t:|1783552387\n|-end|p2a: Iron Crown|Quark Drive|[silent]\n|switch|p2a: Groudon|Groudon, L72|263/263\n|-weather|SunnyDay|[from] ability: Drought|[of] p2a: Groudon\n|move|p1a: Pincurchin|Zing Zap|p2a: Groudon\n|-immune|p2a: Groudon\n|\n|-weather|SunnyDay|[upkeep]\n|-heal|p1a: Pincurchin|48/100|[from] item: Leftovers\n|upkeep\n|turn|4\n|inactive|Time left: 300 sec this turn | 300 sec total\n|\n|t:|1783552388\n|move|p2a: Groudon|Stealth Rock|p1a: Pincurchin\n|-sidestart|p1: p0x1143dab1|move: Stealth Rock\n|move|p1a: Pincurchin|Recover|p1a: Pincurchin\n|-heal|p1a: Pincurchin|98/100\n|\n|-weather|SunnyDay|[upkeep]\n|-heal|p1a: Pincurchin|100/100|[from] item: Leftovers\n|upkeep\n|turn|5\n|inactive|Time left: 300 sec this turn | 300 sec total\n|\n|t:|1783552389\n|move|p2a: Groudon|Precipice Blades|p1a: Pincurchin|[miss]\n|-miss|p2a: Groudon|p1a: Pincurchin\n|move|p1a: Pincurchin|Zing Zap|p2a: Groudon\n|-immune|p2a: Groudon\n|\n|-weather|SunnyDay|[upkeep]\n|-fieldend|move: Electric Terrain\n|upkeep\n|turn|6\n|inactive|Time left: 300 sec this turn | 300 sec total\n|\n|t:|1783552390\n|move|p2a: Groudon|Precipice Blades|p1a: Pincurchin\n|-supereffective|p1a: Pincurchin\n|-damage|p1a: Pincurchin|12/100\n|move|p1a: Pincurchin|Curse|p1a: Pincurchin\n|-unboost|p1a: Pincurchin|spe|1\n|-boost|p1a: Pincurchin|atk|1\n|-boost|p1a: Pincurchin|def|1\n|\n|-weather|SunnyDay|[upkeep]\n|-heal|p1a: Pincurchin|18/100|[from] item: Leftovers\n|upkeep\n|turn|7\n|inactive|Time left: 300 sec this turn | 300 sec total\n|\n|t:|1783552391\n|move|p2a: Groudon|Heat Crash|p1a: Pincurchin\n|-damage|p1a: Pincurchin|0 fnt\n|faint|p1a: Pincurchin\n|\n|-weather|none\n|upkeep\n|\n|t:|1783552392\n|switch|p1a: Tornadus|Tornadus, L82, M|100/100\n|turn|8\n|inactive|Time left: 300 sec this turn | 300 sec total\n|\n|t:|1783552393\n|move|p1a: Tornadus|Nasty Plot|p1a: Tornadus\n|-boost|p1a: Tornadus|spa|2\n|move|p2a: Groudon|Stone Edge|p1a: Tornadus\n|-supereffective|p1a: Tornadus\n|-damage|p1a: Tornadus|28/100\n|\n|upkeep\n|turn|9\n|inactive|Time left: 300 sec this turn | 300 sec total\n|\n|t:|1783552394\n|move|p1a: Tornadus|Bleakwind Storm|p2a: Groudon|[miss]\n|-miss|p1a: Tornadus|p2a: Groudon\n|move|p2a: Groudon|Heat Crash|p1a: Tornadus\n|-damage|p1a: Tornadus|0 fnt\n|faint|p1a: Tornadus\n|\n|upkeep\n|\n|t:|1783552395\n|switch|p1a: Quaquaval|Quaquaval, L79, M|100/100\n|-damage|p1a: Quaquaval|94/100|[from] Stealth Rock\n|turn|10\n|inactive|Time left: 300 sec this turn | 300 sec total\n|\n|t:|1783552396\n|switch|p2a: Azumarill|Azumarill, L82, F|298/298\n|move|p1a: Quaquaval|Aqua Step|p2a: Azumarill\n|-resisted|p2a: Azumarill\n|-damage|p2a: Azumarill|248/298\n|-boost|p1a: Quaquaval|spe|1\n|\n|-heal|p1a: Quaquaval|100/100|[from] item: Leftovers\n|upkeep\n|turn|11\n|inactive|Time left: 300 sec this turn | 300 sec total\n|\n|t:|1783552398\n|move|p1a: Quaquaval|Rapid Spin|p2a: Azumarill\n|-damage|p2a: Azumarill|206/298\n|-boost|p1a: Quaquaval|spe|1\n|-sideend|p1: p0x1143dab1|Stealth Rock|[from] move: Rapid Spin|[of] p1a: Quaquaval\n|move|p2a: Azumarill|Play Rough|p1a: Quaquaval\n|-supereffective|p1a: Quaquaval\n|-damage|p1a: Quaquaval|10/100\n|\n|-heal|p1a: Quaquaval|16/100|[from] item: Leftovers\n|upkeep\n|turn|12\n|inactive|Time left: 300 sec this turn | 300 sec total\n|\n|t:|1783552398\n|-terastallize|p1a: Quaquaval|Steel\n|move|p1a: Quaquaval|Roost|p1a: Quaquaval\n|-heal|p1a: Quaquaval|66/100\n|move|p2a: Azumarill|Play Rough|p1a: Quaquaval\n|-resisted|p1a: Quaquaval\n|-damage|p1a: Quaquaval|42/100\n|\n|-heal|p1a: Quaquaval|48/100|[from] item: Leftovers\n|upkeep\n|turn|13\n|inactive|Time left: 300 sec this turn | 300 sec total\n|\n|t:|1783552399\n|move|p1a: Quaquaval|Roost|p1a: Quaquaval\n|-heal|p1a: Quaquaval|98/100\n|move|p2a: Azumarill|Liquidation|p1a: Quaquaval\n|-damage|p1a: Quaquaval|55/100\n|-unboost|p1a: Quaquaval|def|1\n|\n|-heal|p1a: Quaquaval|61/100|[from] item: Leftovers\n|upkeep\n|turn|14\n|inactive|Time left: 300 sec this turn | 300 sec total\n|\n|t:|1783552401\n|move|p1a: Quaquaval|Roost|p1a: Quaquaval\n|-heal|p1a: Quaquaval|100/100\n|move|p2a: Azumarill|Liquidation|p1a: Quaquaval\n|-damage|p1a: Quaquaval|32/100\n|\n|-heal|p1a: Quaquaval|38/100|[from] item: Leftovers\n|upkeep\n|turn|15\n|inactive|Time left: 300 sec this turn | 300 sec total\n|\n|t:|1783552401\n|move|p1a: Quaquaval|Roost|p1a: Quaquaval\n|-heal|p1a: Quaquaval|88/100\n|move|p2a: Azumarill|Liquidation|p1a: Quaquaval\n|-damage|p1a: Quaquaval|15/100\n|\n|-heal|p1a: Quaquaval|21/100|[from] item: Leftovers\n|upkeep\n|turn|16\n|inactive|Time left: 300 sec this turn | 300 sec total\n|\n|t:|1783552403\n|move|p2a: Azumarill|Aqua Jet|p1a: Quaquaval\n|-damage|p1a: Quaquaval|0 fnt\n|faint|p1a: Quaquaval\n|\n|upkeep\n|\n|t:|1783552403\n|switch|p1a: Golem|Golem, L87, F|100/100\n|turn|17\n|inactive|Time left: 300 sec this turn | 300 sec total\n|\n|t:|1783552404\n|move|p2a: Azumarill|Play Rough|p1a: Golem\n|-damage|p1a: Golem|74/100\n|move|p1a: Golem|Earthquake|p2a: Azumarill\n|-damage|p2a: Azumarill|52/298\n|-enditem|p2a: Azumarill|Sitrus Berry|[eat]\n|-heal|p2a: Azumarill|126/298|[from] item: Sitrus Berry\n|\n|upkeep\n|turn|18\n|inactive|Time left: 300 sec this turn | 300 sec total\n|\n|t:|1783552405\n|switch|p1a: Farigiraf|Farigiraf, L90, F|100/100\n|move|p2a: Azumarill|Liquidation|p1a: Farigiraf\n|-damage|p1a: Farigiraf|70/100\n|\n|-heal|p1a: Farigiraf|76/100|[from] item: Leftovers\n|upkeep\n|turn|19\n|inactive|Time left: 300 sec this turn | 300 sec total\n|\n|t:|1783552406\n|switch|p2a: Iron Crown|Iron Crown, L78|125/268\n|move|p1a: Farigiraf|Body Slam|p2a: Iron Crown\n|-resisted|p2a: Iron Crown\n|-damage|p2a: Iron Crown|77/268\n|\n|-heal|p2a: Iron Crown|93/268|[from] item: Leftovers\n|-heal|p1a: Farigiraf|82/100|[from] item: Leftovers\n|upkeep\n|turn|20\n|inactive|Time left: 300 sec this turn | 300 sec total\n|\n|t:|1783552407\n|move|p2a: Iron Crown|Calm Mind|p2a: Iron Crown\n|-boost|p2a: Iron Crown|spa|1\n|-boost|p2a: Iron Crown|spd|1\n|move|p1a: Farigiraf|Body Slam|p2a: Iron Crown\n|-resisted|p2a: Iron Crown\n|-damage|p2a: Iron Crown|44/268\n|-status|p2a: Iron Crown|par\n|\n|-heal|p1a: Farigiraf|88/100|[from] item: Leftovers\n|-heal|p2a: Iron Crown|60/268 par|[from] item: Leftovers\n|upkeep\n|turn|21\n|inactive|Time left: 300 sec this turn | 300 sec total\n|\n|t:|1783552408\n|move|p1a: Farigiraf|Body Slam|p2a: Iron Crown\n|-resisted|p2a: Iron Crown\n|-damage|p2a: Iron Crown|12/268 par\n|cant|p2a: Iron Crown|par\n|\n|-heal|p1a: Farigiraf|94/100|[from] item: Leftovers\n|-heal|p2a: Iron Crown|28/268 par|[from] item: Leftovers\n|upkeep\n|turn|22\n|inactive|Time left: 300 sec this turn | 300 sec total\n|\n|t:|1783552408\n|move|p1a: Farigiraf|Body Slam|p2a: Iron Crown\n|-resisted|p2a: Iron Crown\n|-damage|p2a: Iron Crown|0 fnt\n|faint|p2a: Iron Crown\n|-end|p2a: Iron Crown|Quark Drive|[silent]\n|\n|-heal|p1a: Farigiraf|99/100|[from] item: Leftovers\n|upkeep\n|inactive|Time left: 300 sec this turn | 300 sec total | 5 sec grace\n|\n|t:|1783552409\n|switch|p2a: Brute Bonnet|Brute Bonnet, L80|309/309\n|turn|23\n|inactive|Time left: 300 sec this turn | 300 sec total\n|\n|t:|1783552410\n|switch|p1a: Koraidon|Koraidon, L64|100/100\n|-weather|SunnyDay|[from] ability: Orichalcum Pulse|[of] p1a: Koraidon\n|-activate|p2a: Brute Bonnet|ability: Protosynthesis\n|-start|p2a: Brute Bonnet|protosynthesisatk\n|-activate|p1a: Koraidon|Orichalcum Pulse|[source]\n|move|p2a: Brute Bonnet|Crunch|p1a: Koraidon\n|-resisted|p1a: Koraidon\n|-damage|p1a: Koraidon|71/100\n|-unboost|p1a: Koraidon|def|1\n|\n|-weather|SunnyDay|[upkeep]\n|upkeep\n|turn|24\n|inactive|Time left: 300 sec this turn | 300 sec total\n|\n|t:|1783552412\n|move|p1a: Koraidon|Collision Course|p2a: Brute Bonnet\n|-supereffective|p2a: Brute Bonnet\n|-damage|p2a: Brute Bonnet|15/309\n|move|p2a: Brute Bonnet|Crunch|p1a: Koraidon\n|-resisted|p1a: Koraidon\n|-damage|p1a: Koraidon|29/100\n|-unboost|p1a: Koraidon|def|1\n|\n|-weather|SunnyDay|[upkeep]\n|-heal|p2a: Brute Bonnet|34/309|[from] item: Leftovers\n|upkeep\n|turn|25\n|inactive|Time left: 300 sec this turn | 300 sec total\n|\n|t:|1783552413\n|move|p2a: Brute Bonnet|Sucker Punch|p1a: Koraidon\n|-resisted|p1a: Koraidon\n|-damage|p1a: Koraidon|0 fnt\n|faint|p1a: Koraidon\n|\n|-weather|SunnyDay|[upkeep]\n|-heal|p2a: Brute Bonnet|53/309|[from] item: Leftovers\n|upkeep\n|\n|t:|1783552414\n|switch|p1a: Farigiraf|Farigiraf, L90, F|99/100\n|turn|26\n|inactive|Time left: 300 sec this turn | 300 sec total\n|\n|t:|1783552415\n|move|p2a: Brute Bonnet|Sucker Punch|p1a: Farigiraf\n|-supereffective|p1a: Farigiraf\n|-damage|p1a: Farigiraf|34/100\n|move|p1a: Farigiraf|Body Slam|p2a: Brute Bonnet\n|-damage|p2a: Brute Bonnet|0 fnt\n|faint|p2a: Brute Bonnet\n|-end|p2a: Brute Bonnet|Protosynthesis|[silent]\n|\n|-weather|SunnyDay|[upkeep]\n|-heal|p1a: Farigiraf|40/100|[from] item: Leftovers\n|upkeep\n|inactive|Time left: 300 sec this turn | 300 sec total | 5 sec grace\n|\n|t:|1783552416\n|switch|p2a: Blaziken|Blaziken, L76, M|247/247\n|turn|27\n|inactive|Time left: 300 sec this turn | 300 sec total\n|\n|t:|1783552417\n|move|p1a: Farigiraf|Protect|p1a: Farigiraf\n|-singleturn|p1a: Farigiraf|Protect\n|move|p2a: Blaziken|Close Combat|p1a: Farigiraf\n|-activate|p1a: Farigiraf|move: Protect\n|\n|-weather|none\n|-heal|p1a: Farigiraf|46/100|[from] item: Leftovers\n|-ability|p2a: Blaziken|Speed Boost|boost\n|-boost|p2a: Blaziken|spe|1\n|upkeep\n|turn|28\n|inactive|Time left: 300 sec this turn | 300 sec total\n|\n|t:|1783552418\n|-terastallize|p2a: Blaziken|Fighting\n|move|p1a: Farigiraf|Protect||[still]\n|-fail|p1a: Farigiraf\n|move|p2a: Blaziken|Close Combat|p1a: Farigiraf\n|-damage|p1a: Farigiraf|0 fnt\n|-unboost|p2a: Blaziken|def|1\n|-unboost|p2a: Blaziken|spd|1\n|faint|p1a: Farigiraf\n|-damage|p2a: Blaziken|223/247|[from] item: Life Orb\n|\n|-ability|p2a: Blaziken|Speed Boost|boost\n|-boost|p2a: Blaziken|spe|1\n|upkeep\n|\n|t:|1783552419\n|switch|p1a: Golem|Golem, L87, F|74/100\n|turn|29\n|inactive|Time left: 300 sec this turn | 300 sec total\n|\n|t:|1783552419\n|move|p2a: Blaziken|Close Combat|p1a: Golem\n|-supereffective|p1a: Golem\n|-damage|p1a: Golem|0 fnt\n|-unboost|p2a: Blaziken|def|1\n|-unboost|p2a: Blaziken|spd|1\n|faint|p1a: Golem\n|-damage|p2a: Blaziken|199/247|[from] item: Life Orb\n|\n|win|p0y1143ae1a", "uploadtime": 1783552419, "views": 0, "rating": 0, "private": 0, "password": null, "_winner": "p0y1143ae1a", "_our_name": "p0y1143ae1a"}