{"id": "battle-gen9randombattle-2024", "formatid": "gen9randombattle", "format": "[Gen 9] Random Battle", "players": ["p0x20247280", "p0y2024373b"], "log": "|init|battle\n|title|p0x20247280 vs. p0y2024373b\n|j|\u2606p0x20247280\n|j|\u2606p0y2024373b\n|t:|1783563442\n|gametype|singles\n|player|p1|p0x20247280|2|\n|player|p2|p0y2024373b|101|\n|gen|9\n|tier|[Gen 9] Random Battle\n|rule|Species Clause: Limit one of each Pok\u00e9mon\n|rule|HP Percentage Mod: HP is shown in percentages\n|rule|Sleep Clause Mod: Limit one foe put to sleep\n|rule|Illusion Level Mod: Illusion disguises the Pok\u00e9mon's true level\n|\n|t:|1783563442\n|teamsize|p1|6\n|teamsize|p2|6\n|start\n|switch|p1a: Arceus|Arceus-Dragon, L71|100/100\n|switch|p2a: Galvantula|Galvantula, L82, M|249/249\n|turn|1\n|inactive|Battle timer is ON: inactive players will automatically lose when time's up. (requested by p0x20247280)\n|inactive|Time left: 300 sec this turn | 300 sec total | 60 sec grace\n|inactive|p0y2024373b also wants the timer to be on.\n|\n|t:|1783563444\n|move|p2a: Galvantula|Sticky Web|p1a: Arceus\n|-sidestart|p1: p0x20247280|move: Sticky Web\n|move|p1a: Arceus|Fire Blast|p2a: Galvantula\n|-supereffective|p2a: Galvantula\n|-damage|p2a: Galvantula|61/249\n|\n|upkeep\n|turn|2\n|inactive|Time left: 300 sec this turn | 300 sec total\n|\n|t:|1783563445\n|switch|p2a: Grimmsnarl|Grimmsnarl, L83, M|293/293\n|move|p1a: Arceus|Judgment|p2a: Grimmsnarl\n|-immune|p2a: Grimmsnarl\n|\n|upkeep\n|turn|3\n|inactive|Time left: 300 sec this turn | 300 sec total\n|\n|t:|1783563446\n|switch|p1a: Empoleon|Empoleon, L84, M|100/100\n|-activate|p1a: Empoleon|move: Sticky Web\n|-unboost|p1a: Empoleon|spe|1\n|-ability|p1a: Empoleon|Competitive|boost\n|-boost|p1a: Empoleon|spa|2\n|move|p2a: Grimmsnarl|Spirit Break|p1a: Empoleon\n|-resisted|p1a: Empoleon\n|-damage|p1a: Empoleon|82/100\n|-unboost|p1a: Empoleon|spa|1\n|-ability|p1a: Empoleon|Competitive|boost\n|-boost|p1a: Empoleon|spa|2\n|\n|-heal|p1a: Empoleon|88/100|[from] item: Leftovers\n|upkeep\n|turn|4\n|inactive|Time left: 300 sec this turn | 300 sec total\n|\n|t:|1783563448\n|move|p2a: Grimmsnarl|Light Screen|p2a: Grimmsnarl\n|-sidestart|p2: p0y2024373b|move: Light Screen\n|move|p1a: Empoleon|Surf|p2a: Grimmsnarl\n|-damage|p2a: Grimmsnarl|147/293\n|\n|-heal|p1a: Empoleon|94/100|[from] item: Leftovers\n|upkeep\n|turn|5\n|inactive|Time left: 300 sec this turn | 300 sec total\n|\n|t:|1783563449\n|move|p2a: Grimmsnarl|Reflect|p2a: Grimmsnarl\n|-sidestart|p2: p0y2024373b|Reflect\n|move|p1a: Empoleon|Surf|p2a: Grimmsnarl\n|-damage|p2a: Grimmsnarl|0 fnt\n|faint|p2a: Grimmsnarl\n|\n|-heal|p1a: Empoleon|100/100|[from] item: Leftovers\n|upkeep\n|inactive|Time left: 300 sec this turn | 300 sec total | 5 sec grace\n|\n|t:|1783563450\n|switch|p2a: Terrakion|Terrakion, L79|273/273\n|turn|6\n|inactive|Time left: 300 sec this turn | 300 sec total\n|\n|t:|1783563451\n|-terastallize|p1a: Empoleon|Grass\n|move|p2a: Terrakion|Close Combat|p1a: Empoleon\n|-damage|p1a: Empoleon|23/100\n|-unboost|p2a: Terrakion|def|1\n|-unboost|p2a: Terrakion|spd|1\n|move|p1a: Empoleon|Surf|p2a: Terrakion\n|-supereffective|p2a: Terrakion\n|-damage|p2a: Terrakion|0 fnt\n|faint|p2a: Terrakion\n|\n|-heal|p1a: Empoleon|29/100|[from] item: Leftovers\n|upkeep\n|inactive|Time left: 300 sec this turn | 300 sec total | 5 sec grace\n|\n|t:|1783563452\n|switch|p2a: Incineroar|Incineroar, L82, M|290/290\n|-ability|p2a: Incineroar|Intimidate|boost\n|-unboost|p1a: Empoleon|atk|1\n|-ability|p1a: Empoleon|Competitive|boost\n|-boost|p1a: Empoleon|spa|2\n|turn|7\n|inactive|Time left: 300 sec this turn | 300 sec total\n|\n|t:|1783563453\n|switch|p1a: Arceus|Arceus-Dragon, L71|100/100\n|-activate|p1a: Arceus|move: Sticky Web\n|-unboost|p1a: Arceus|spe|1\n|move|p2a: Incineroar|Flare Blitz|p1a: Arceus\n|-resisted|p1a: Arceus\n|-damage|p1a: Arceus|80/100\n|-damage|p2a: Incineroar|271/290|[from] Recoil\n|\n|upkeep\n|turn|8\n|inactive|Time left: 300 sec this turn | 300 sec total\n|\n|t:|1783563454\n|move|p2a: Incineroar|Knock Off|p1a: Arceus\n|-damage|p1a: Arceus|56/100\n|move|p1a: Arceus|Recover|p1a: Arceus\n|-heal|p1a: Arceus|100/100\n|\n|upkeep\n|turn|9\n|inactive|Time left: 300 sec this turn | 300 sec total\n|\n|t:|1783563456\n|move|p2a: Incineroar|Knock Off|p1a: Arceus\n|-damage|p1a: Arceus|75/100\n|move|p1a: Arceus|Calm Mind|p1a: Arceus\n|-boost|p1a: Arceus|spa|1\n|-boost|p1a: Arceus|spd|1\n|\n|upkeep\n|turn|10\n|inactive|Time left: 300 sec this turn | 300 sec total\n|\n|t:|1783563457\n|move|p2a: Incineroar|Flare Blitz|p1a: Arceus\n|-resisted|p1a: Arceus\n|-damage|p1a: Arceus|54/100\n|-damage|p2a: Incineroar|250/290|[from] Recoil\n|move|p1a: Arceus|Recover|p1a: Arceus\n|-heal|p1a: Arceus|100/100\n|\n|upkeep\n|turn|11\n|inactive|Time left: 300 sec this turn | 300 sec total\n|\n|t:|1783563458\n|switch|p2a: Politoed|Politoed, L88, M|302/302\n|-weather|RainDance|[from] ability: Drizzle|[of] p2a: Politoed\n|move|p1a: Arceus|Judgment|p2a: Politoed\n|-damage|p2a: Politoed|237/302\n|\n|-weather|RainDance|[upkeep]\n|-heal|p2a: Politoed|255/302|[from] item: Leftovers\n|-sideend|p2: p0y2024373b|move: Light Screen\n|upkeep\n|turn|12\n|inactive|Time left: 300 sec this turn | 300 sec total\n|\n|t:|1783563459\n|move|p2a: Politoed|Hypnosis|p1a: Arceus|[miss]\n|-miss|p2a: Politoed|p1a: Arceus\n|move|p1a: Arceus|Judgment|p2a: Politoed\n|-damage|p2a: Politoed|105/302\n|\n|-weather|RainDance|[upkeep]\n|-heal|p2a: Politoed|123/302|[from] item: Leftovers\n|-sideend|p2: p0y2024373b|Reflect\n|upkeep\n|turn|13\n|inactive|Time left: 300 sec this turn | 300 sec total\n|\n|t:|1783563460\n|move|p2a: Politoed|Hypnosis|p1a: Arceus|[miss]\n|-miss|p2a: Politoed|p1a: Arceus\n|move|p1a: Arceus|Judgment|p2a: Politoed\n|-damage|p2a: Politoed|0 fnt\n|faint|p2a: Politoed\n|\n|-weather|RainDance|[upkeep]\n|upkeep\n|inactive|Time left: 300 sec this turn | 300 sec total | 5 sec grace\n|\n|t:|1783563461\n|switch|p2a: Comfey|Comfey, L85, M|225/225\n|turn|14\n|inactive|Time left: 300 sec this turn | 300 sec total\n|\n|t:|1783563462\n|move|p2a: Comfey|Calm Mind|p2a: Comfey\n|-boost|p2a: Comfey|spa|1\n|-boost|p2a: Comfey|spd|1\n|move|p1a: Arceus|Calm Mind|p1a: Arceus\n|-boost|p1a: Arceus|spa|1\n|-boost|p1a: Arceus|spd|1\n|\n|-weather|RainDance|[upkeep]\n|upkeep\n|turn|15\n|inactive|Time left: 300 sec this turn | 300 sec total\n|\n|t:|1783563463\n|move|p2a: Comfey|Calm Mind|p2a: Comfey\n|-boost|p2a: Comfey|spa|1\n|-boost|p2a: Comfey|spd|1\n|move|p1a: Arceus|Calm Mind|p1a: Arceus\n|-boost|p1a: Arceus|spa|1\n|-boost|p1a: Arceus|spd|1\n|\n|-weather|none\n|upkeep\n|turn|16\n|inactive|Time left: 300 sec this turn | 300 sec total\n|\n|t:|1783563464\n|move|p2a: Comfey|Calm Mind|p2a: Comfey\n|-boost|p2a: Comfey|spa|1\n|-boost|p2a: Comfey|spd|1\n|move|p1a: Arceus|Calm Mind|p1a: Arceus\n|-boost|p1a: Arceus|spa|1\n|-boost|p1a: Arceus|spd|1\n|\n|upkeep\n|turn|17\n|inactive|Time left: 300 sec this turn | 300 sec total\n|\n|t:|1783563465\n|move|p2a: Comfey|Calm Mind|p2a: Comfey\n|-boost|p2a: Comfey|spa|1\n|-boost|p2a: Comfey|spd|1\n|move|p1a: Arceus|Calm Mind|p1a: Arceus\n|-boost|p1a: Arceus|spa|1\n|-boost|p1a: Arceus|spd|1\n|\n|upkeep\n|turn|18\n|inactive|Time left: 300 sec this turn | 300 sec total\n|\n|t:|1783563466\n|move|p2a: Comfey|Stored Power|p1a: Arceus\n|-damage|p1a: Arceus|69/100\n|move|p1a: Arceus|Fire Blast|p2a: Comfey\n|-damage|p2a: Comfey|165/225\n|\n|-heal|p2a: Comfey|179/225|[from] item: Leftovers\n|upkeep\n|turn|19\n|inactive|Time left: 300 sec this turn | 300 sec total\n|\n|t:|1783563467\n|move|p2a: Comfey|Stored Power|p1a: Arceus\n|-damage|p1a: Arceus|37/100\n|move|p1a: Arceus|Recover|p1a: Arceus\n|-heal|p1a: Arceus|87/100\n|\n|-heal|p2a: Comfey|193/225|[from] item: Leftovers\n|upkeep\n|turn|20\n|inactive|Time left: 300 sec this turn | 300 sec total\n|\n|t:|1783563468\n|move|p2a: Comfey|Draining Kiss|p1a: Arceus\n|-supereffective|p1a: Arceus\n|-damage|p1a: Arceus|60/100\n|-heal|p2a: Comfey|225/225|[from] drain|[of] p1a: Arceus\n|move|p1a: Arceus|Recover|p1a: Arceus\n|-heal|p1a: Arceus|100/100\n|\n|upkeep\n|turn|21\n|inactive|Time left: 300 sec this turn | 300 sec total\n|\n|t:|1783563469\n|move|p2a: Comfey|Stored Power|p1a: Arceus\n|-damage|p1a: Arceus|71/100\n|move|p1a: Arceus|Fire Blast|p2a: Comfey\n|-damage|p2a: Comfey|161/225\n|-status|p2a: Comfey|brn\n|\n|-heal|p2a: Comfey|175/225 brn|[from] item: Leftovers\n|-damage|p2a: Comfey|161/225 brn|[from] brn\n|upkeep\n|turn|22\n|inactive|Time left: 300 sec this turn | 300 sec total\n|\n|t:|1783563470\n|move|p2a: Comfey|Draining Kiss|p1a: Arceus\n|-supereffective|p1a: Arceus\n|-damage|p1a: Arceus|41/100\n|-heal|p2a: Comfey|225/225 brn|[from] drain|[of] p1a: Arceus\n|move|p1a: Arceus|Recover|p1a: Arceus\n|-heal|p1a: Arceus|91/100\n|\n|-damage|p2a: Comfey|211/225 brn|[from] brn\n|upkeep\n|turn|23\n|inactive|Time left: 300 sec this turn | 300 sec total\n|\n|t:|1783563471\n|move|p2a: Comfey|Draining Kiss|p1a: Arceus\n|-supereffective|p1a: Arceus\n|-damage|p1a: Arceus|62/100\n|-heal|p2a: Comfey|225/225 brn|[from] drain|[of] p1a: Arceus\n|move|p1a: Arceus|Recover|p1a: Arceus\n|-heal|p1a: Arceus|100/100\n|\n|-damage|p2a: Comfey|211/225 brn|[from] brn\n|upkeep\n|turn|24\n|inactive|Time left: 300 sec this turn | 300 sec total\n|\n|t:|1783563472\n|move|p2a: Comfey|Stored Power|p1a: Arceus\n|-damage|p1a: Arceus|66/100\n|move|p1a: Arceus|Fire Blast|p2a: Comfey\n|-damage|p2a: Comfey|149/225 brn\n|\n|-heal|p2a: Comfey|163/225 brn|[from] item: Leftovers\n|-damage|p2a: Comfey|149/225 brn|[from] brn\n|upkeep\n|turn|25\n|inactive|Time left: 300 sec this turn | 300 sec total\n|\n|t:|1783563473\n|-terastallize|p2a: Comfey|Fairy\n|move|p2a: Comfey|Draining Kiss|p1a: Arceus\n|-supereffective|p1a: Arceus\n|-damage|p1a: Arceus|19/100\n|-heal|p2a: Comfey|225/225 brn|[from] drain|[of] p1a: Arceus\n|move|p1a: Arceus|Recover|p1a: Arceus\n|-heal|p1a: Arceus|69/100\n|\n|-damage|p2a: Comfey|211/225 brn|[from] brn\n|upkeep\n|turn|26\n|inactive|Time left: 300 sec this turn | 300 sec total\n|\n|t:|1783563474\n|move|p2a: Comfey|Draining Kiss|p1a: Arceus\n|-supereffective|p1a: Arceus\n|-damage|p1a: Arceus|25/100\n|-heal|p2a: Comfey|225/225 brn|[from] drain|[of] p1a: Arceus\n|move|p1a: Arceus|Recover|p1a: Arceus\n|-heal|p1a: Arceus|75/100\n|\n|-damage|p2a: Comfey|211/225 brn|[from] brn\n|upkeep\n|turn|27\n|inactive|Time left: 300 sec this turn | 300 sec total\n|\n|t:|1783563475\n|move|p2a: Comfey|Draining Kiss|p1a: Arceus\n|-supereffective|p1a: Arceus\n|-damage|p1a: Arceus|32/100\n|-heal|p2a: Comfey|225/225 brn|[from] drain|[of] p1a: Arceus\n|move|p1a: Arceus|Fire Blast|p2a: Comfey\n|-damage|p2a: Comfey|157/225 brn\n|\n|-heal|p2a: Comfey|171/225 brn|[from] item: Leftovers\n|-damage|p2a: Comfey|157/225 brn|[from] brn\n|upkeep\n|turn|28\n|inactive|Time left: 300 sec this turn | 300 sec total\n|\n|t:|1783563476\n|move|p2a: Comfey|Draining Kiss|p1a: Arceus\n|-supereffective|p1a: Arceus\n|-damage|p1a: Arceus|0 fnt\n|-heal|p2a: Comfey|225/225 brn|[from] drain|[of] p1a: Arceus\n|faint|p1a: Arceus\n|\n|-damage|p2a: Comfey|211/225 brn|[from] brn\n|upkeep\n|\n|t:|1783563477\n|switch|p1a: Hippowdon|Hippowdon, L82, M|100/100\n|-activate|p1a: Hippowdon|move: Sticky Web\n|-unboost|p1a: Hippowdon|spe|1\n|-weather|Sandstorm|[from] ability: Sand Stream|[of] p1a: Hippowdon\n|turn|29\n|inactive|Time left: 300 sec this turn | 300 sec total\n|\n|t:|1783563478\n|switch|p1a: Honchkrow|Honchkrow, L86, M|100/100\n|move|p2a: Comfey|Stored Power|p1a: Honchkrow\n|-immune|p1a: Honchkrow\n|\n|-weather|Sandstorm|[upkeep]\n|-damage|p2a: Comfey|197/225 brn|[from] Sandstorm\n|-damage|p1a: Honchkrow|94/100|[from] Sandstorm\n|-heal|p2a: Comfey|211/225 brn|[from] item: Leftovers\n|-damage|p2a: Comfey|197/225 brn|[from] brn\n|upkeep\n|turn|30\n|inactive|Time left: 300 sec this turn | 300 sec total\n|\n|t:|1783563479\n|switch|p1a: Empoleon|Empoleon, L84, M, tera:Grass|29/100\n|-activate|p1a: Empoleon|move: Sticky Web\n|-unboost|p1a: Empoleon|spe|1\n|-ability|p1a: Empoleon|Competitive|boost\n|-boost|p1a: Empoleon|spa|2\n|move|p2a: Comfey|Draining Kiss|p1a: Empoleon\n|-damage|p1a: Empoleon|0 fnt\n|-heal|p2a: Comfey|225/225 brn|[from] drain|[of] p1a: Empoleon\n|faint|p1a: Empoleon\n|\n|-weather|Sandstorm|[upkeep]\n|-damage|p2a: Comfey|211/225 brn|[from] Sandstorm\n|-heal|p2a: Comfey|225/225 brn|[from] item: Leftovers\n|-damage|p2a: Comfey|211/225 brn|[from] brn\n|upkeep\n|\n|t:|1783563480\n|switch|p1a: Hippowdon|Hippowdon, L82, M|100/100\n|-activate|p1a: Hippowdon|move: Sticky Web\n|-unboost|p1a: Hippowdon|spe|1\n|turn|31\n|inactive|Time left: 300 sec this turn | 300 sec total\n|\n|t:|1783563481\n|switch|p1a: Honchkrow|Honchkrow, L86, M|94/100\n|move|p2a: Comfey|Giga Drain|p1a: Honchkrow\n|-resisted|p1a: Honchkrow\n|-damage|p1a: Honchkrow|62/100\n|-heal|p2a: Comfey|225/225 brn|[from] drain|[of] p1a: Honchkrow\n|\n|-weather|Sandstorm|[upkeep]\n|-damage|p2a: Comfey|211/225 brn|[from] Sandstorm\n|-damage|p1a: Honchkrow|56/100|[from] Sandstorm\n|-heal|p2a: Comfey|225/225 brn|[from] item: Leftovers\n|-damage|p2a: Comfey|211/225 brn|[from] brn\n|upkeep\n|turn|32\n|inactive|Time left: 300 sec this turn | 300 sec total\n|\n|t:|1783563482\n|switch|p1a: Hippowdon|Hippowdon, L82, M|100/100\n|-activate|p1a: Hippowdon|move: Sticky Web\n|-unboost|p1a: Hippowdon|spe|1\n|move|p2a: Comfey|Draining Kiss|p1a: Hippowdon\n|-damage|p1a: Hippowdon|16/100\n|-heal|p2a: Comfey|225/225 brn|[from] drain|[of] p1a: Hippowdon\n|\n|-weather|Sandstorm|[upkeep]\n|-damage|p2a: Comfey|211/225 brn|[from] Sandstorm\n|-heal|p2a: Comfey|225/225 brn|[from] item: Leftovers\n|-heal|p1a: Hippowdon|22/100|[from] item: Leftovers\n|-damage|p2a: Comfey|211/225 brn|[from] brn\n|upkeep\n|turn|33\n|inactive|Time left: 300 sec this turn | 300 sec total\n|\n|t:|1783563483\n|move|p2a: Comfey|Draining Kiss|p1a: Hippowdon\n|-damage|p1a: Hippowdon|0 fnt\n|-heal|p2a: Comfey|225/225 brn|[from] drain|[of] p1a: Hippowdon\n|faint|p1a: Hippowdon\n|\n|-weather|none\n|-damage|p2a: Comfey|211/225 brn|[from] brn\n|upkeep\n|\n|t:|1783563484\n|switch|p1a: Passimian|Passimian, L83, F|100/100\n|-activate|p1a: Passimian|move: Sticky Web\n|-unboost|p1a: Passimian|spe|1\n|-ability|p1a: Passimian|Defiant|boost\n|-boost|p1a: Passimian|atk|2\n|turn|34\n|inactive|Time left: 300 sec this turn | 300 sec total\n|\n|t:|1783563485\n|switch|p1a: Honchkrow|Honchkrow, L86, M|56/100\n|move|p2a: Comfey|Draining Kiss|p1a: Honchkrow\n|-supereffective|p1a: Honchkrow\n|-damage|p1a: Honchkrow|0 fnt\n|-heal|p2a: Comfey|225/225 brn|[from] drain|[of] p1a: Honchkrow\n|faint|p1a: Honchkrow\n|\n|-damage|p2a: Comfey|211/225 brn|[from] brn\n|upkeep\n|\n|t:|1783563486\n|switch|p1a: Zangoose|Zangoose, L85, F|100/100\n|-activate|p1a: Zangoose|move: Sticky Web\n|-unboost|p1a: Zangoose|spe|1\n|turn|35\n|inactive|Time left: 300 sec this turn | 300 sec total\n|\n|t:|1783563487\n|switch|p1a: Passimian|Passimian, L83, F|100/100\n|-activate|p1a: Passimian|move: Sticky Web\n|-unboost|p1a: Passimian|spe|1\n|-ability|p1a: Passimian|Defiant|boost\n|-boost|p1a: Passimian|atk|2\n|move|p2a: Comfey|Stored Power|p1a: Passimian\n|-supereffective|p1a: Passimian\n|-damage|p1a: Passimian|0 fnt\n|faint|p1a: Passimian\n|\n|-heal|p2a: Comfey|225/225 brn|[from] item: Leftovers\n|-damage|p2a: Comfey|211/225 brn|[from] brn\n|upkeep\n|\n|t:|1783563488\n|switch|p1a: Zangoose|Zangoose, L85, F|100/100\n|-activate|p1a: Zangoose|move: Sticky Web\n|-unboost|p1a: Zangoose|spe|1\n|turn|36\n|inactive|Time left: 300 sec this turn | 300 sec total\n|\n|t:|1783563488\n|move|p2a: Comfey|Stored Power|p1a: Zangoose\n|-damage|p1a: Zangoose|0 fnt\n|faint|p1a: Zangoose\n|\n|win|p0y2024373b", "uploadtime": 1783563488, "views": 0, "rating": 0, "private": 0, "password": null, "_winner": "p0y2024373b", "_our_name": "p0y2024373b"}