{"id": "battle-gen9randombattle-265", "formatid": "gen9randombattle", "format": "[Gen 9] Random Battle", "players": ["p0x26556ce", "p0y2659566"], "log": "|init|battle\n|title|p0x26556ce vs. p0y2659566\n|j|\u2606p0x26556ce\n|j|\u2606p0y2659566\n|t:|1783542655\n|gametype|singles\n|player|p1|p0x26556ce|101|\n|player|p2|p0y2659566|266|\n|gen|9\n|tier|[Gen 9] Random Battle\n|rule|Species Clause: Limit one of each Pok\u00e9mon\n|rule|HP Percentage Mod: HP is shown in percentages\n|rule|Sleep Clause Mod: Limit one foe put to sleep\n|rule|Illusion Level Mod: Illusion disguises the Pok\u00e9mon's true level\n|\n|t:|1783542655\n|teamsize|p1|6\n|teamsize|p2|6\n|start\n|switch|p1a: Glaceon|Glaceon, L94, M|100/100\n|switch|p2a: Emboar|Emboar, L84, M|322/322\n|turn|1\n|inactive|Battle timer is ON: inactive players will automatically lose when time's up. (requested by p0x26556ce)\n|inactive|Time left: 300 sec this turn | 300 sec total | 60 sec grace\n|inactive|p0y2659566 also wants the timer to be on.\n|\n|t:|1783542657\n|move|p1a: Glaceon|Mud Shot|p2a: Emboar\n|-supereffective|p2a: Emboar\n|-damage|p2a: Emboar|176/322\n|-unboost|p2a: Emboar|spe|1\n|move|p2a: Emboar|Flare Blitz|p1a: Glaceon\n|-supereffective|p1a: Glaceon\n|-damage|p1a: Glaceon|0 fnt\n|faint|p1a: Glaceon\n|-damage|p2a: Emboar|85/322|[from] Recoil\n|\n|upkeep\n|\n|t:|1783542658\n|switch|p1a: Mudsdale|Mudsdale, L83, M|100/100\n|turn|2\n|inactive|Time left: 300 sec this turn | 300 sec total\n|\n|t:|1783542660\n|move|p1a: Mudsdale|Earthquake|p2a: Emboar\n|-supereffective|p2a: Emboar\n|-damage|p2a: Emboar|0 fnt\n|faint|p2a: Emboar\n|\n|upkeep\n|inactive|Time left: 300 sec this turn | 300 sec total | 5 sec grace\n|\n|t:|1783542660\n|switch|p2a: Primarina|Primarina, L83, M|268/268\n|turn|3\n|inactive|Time left: 300 sec this turn | 300 sec total\n|\n|t:|1783542661\n|move|p2a: Primarina|Hydro Pump|p1a: Mudsdale|[miss]\n|-miss|p2a: Primarina|p1a: Mudsdale\n|move|p1a: Mudsdale|Earthquake|p2a: Primarina\n|-damage|p2a: Primarina|109/268\n|\n|upkeep\n|turn|4\n|inactive|Time left: 300 sec this turn | 300 sec total\n|\n|t:|1783542663\n|-terastallize|p1a: Mudsdale|Steel\n|move|p2a: Primarina|Hydro Pump|p1a: Mudsdale\n|-damage|p1a: Mudsdale|24/100\n|-ability|p1a: Mudsdale|Stamina|boost\n|-boost|p1a: Mudsdale|def|1\n|move|p1a: Mudsdale|Earthquake|p2a: Primarina\n|-damage|p2a: Primarina|0 fnt\n|faint|p2a: Primarina\n|\n|-heal|p1a: Mudsdale|30/100|[from] item: Leftovers\n|upkeep\n|inactive|Time left: 300 sec this turn | 300 sec total | 5 sec grace\n|\n|t:|1783542663\n|switch|p2a: Samurott|Samurott, L88, F|310/310\n|turn|5\n|inactive|Time left: 300 sec this turn | 300 sec total\n|\n|t:|1783542665\n|move|p2a: Samurott|Hydro Pump|p1a: Mudsdale\n|-damage|p1a: Mudsdale|0 fnt\n|faint|p1a: Mudsdale\n|\n|upkeep\n|\n|t:|1783542666\n|switch|p1a: Banette|Banette, L93, M|100/100\n|turn|6\n|inactive|Time left: 300 sec this turn | 300 sec total\n|\n|t:|1783542667\n|-terastallize|p2a: Samurott|Dark\n|move|p1a: Banette|Swords Dance|p1a: Banette\n|-boost|p1a: Banette|atk|2\n|move|p2a: Samurott|Knock Off|p1a: Banette\n|-supereffective|p1a: Banette\n|-damage|p1a: Banette|0 fnt\n|-enditem|p1a: Banette|Life Orb|[from] move: Knock Off|[of] p2a: Samurott\n|faint|p1a: Banette\n|\n|upkeep\n|\n|t:|1783542668\n|switch|p1a: Arceus|Arceus-Psychic, L70|100/100\n|turn|7\n|inactive|Time left: 300 sec this turn | 300 sec total\n|\n|t:|1783542669\n|move|p1a: Arceus|Cosmic Power|p1a: Arceus\n|-boost|p1a: Arceus|def|1\n|-boost|p1a: Arceus|spd|1\n|move|p2a: Samurott|Hydro Pump|p1a: Arceus|[miss]\n|-miss|p2a: Samurott|p1a: Arceus\n|\n|upkeep\n|turn|8\n|inactive|Time left: 300 sec this turn | 300 sec total\n|\n|t:|1783542670\n|switch|p2a: Qwilfish|Qwilfish-Hisui, L83, M|244/244\n|-ability|p2a: Qwilfish|Intimidate|boost\n|-unboost|p1a: Arceus|atk|1\n|move|p1a: Arceus|Cosmic Power|p1a: Arceus\n|-boost|p1a: Arceus|def|1\n|-boost|p1a: Arceus|spd|1\n|\n|upkeep\n|turn|9\n|inactive|Time left: 300 sec this turn | 300 sec total\n|\n|t:|1783542672\n|move|p1a: Arceus|Body Press|p2a: Qwilfish\n|-damage|p2a: Qwilfish|177/244\n|move|p2a: Qwilfish|Crunch|p1a: Arceus\n|-supereffective|p1a: Arceus\n|-damage|p1a: Arceus|74/100\n|\n|upkeep\n|turn|10\n|inactive|Time left: 300 sec this turn | 300 sec total\n|\n|t:|1783542673\n|move|p1a: Arceus|Body Press|p2a: Qwilfish\n|-damage|p2a: Qwilfish|114/244\n|move|p2a: Qwilfish|Crunch|p1a: Arceus\n|-supereffective|p1a: Arceus\n|-crit|p1a: Arceus\n|-damage|p1a: Arceus|0 fnt\n|faint|p1a: Arceus\n|\n|upkeep\n|\n|t:|1783542674\n|switch|p1a: Tornadus|Tornadus, L82, M|100/100\n|turn|11\n|inactive|Time left: 300 sec this turn | 300 sec total\n|\n|t:|1783542675\n|switch|p2a: Samurott|Samurott, L88, F, tera:Dark|310/310\n|move|p1a: Tornadus|Bleakwind Storm|p2a: Samurott\n|-damage|p2a: Samurott|180/310\n|\n|upkeep\n|turn|12\n|inactive|Time left: 300 sec this turn | 300 sec total\n|\n|t:|1783542676\n|move|p1a: Tornadus|Bleakwind Storm|p2a: Samurott|[miss]\n|-miss|p1a: Tornadus|p2a: Samurott\n|move|p2a: Samurott|Knock Off|p1a: Tornadus\n|-damage|p1a: Tornadus|47/100\n|-enditem|p1a: Tornadus|Choice Specs|[from] move: Knock Off|[of] p2a: Samurott\n|\n|upkeep\n|turn|13\n|inactive|Time left: 300 sec this turn | 300 sec total\n|\n|t:|1783542677\n|move|p1a: Tornadus|U-turn|p2a: Samurott\n|-supereffective|p2a: Samurott\n|-damage|p2a: Samurott|76/310\n|\n|t:|1783542678\n|switch|p1a: Greninja|Greninja, L80, M|100/100|[from] U-turn\n|move|p2a: Samurott|Hydro Pump|p1a: Greninja\n|-resisted|p1a: Greninja\n|-damage|p1a: Greninja|51/100\n|\n|upkeep\n|turn|14\n|inactive|Time left: 300 sec this turn | 300 sec total\n|\n|t:|1783542679\n|move|p1a: Greninja|Hydro Pump|p2a: Samurott\n|-start|p1a: Greninja|typechange|Water|[from] ability: Protean\n|-damage|p2a: Samurott|0 fnt\n|faint|p2a: Samurott\n|-damage|p1a: Greninja|42/100|[from] item: Life Orb\n|\n|upkeep\n|inactive|Time left: 300 sec this turn | 300 sec total | 5 sec grace\n|\n|t:|1783542680\n|switch|p2a: Gouging Fire|Gouging Fire, L74|277/277\n|turn|15\n|inactive|Time left: 300 sec this turn | 300 sec total\n|\n|t:|1783542681\n|move|p1a: Greninja|Hydro Pump|p2a: Gouging Fire\n|-damage|p2a: Gouging Fire|129/277\n|-damage|p1a: Greninja|32/100|[from] item: Life Orb\n|move|p2a: Gouging Fire|Outrage|p1a: Greninja\n|-damage|p1a: Greninja|0 fnt\n|faint|p1a: Greninja\n|\n|upkeep\n|\n|t:|1783542682\n|switch|p1a: Tornadus|Tornadus, L82, M|47/100\n|turn|16\n|inactive|Time left: 300 sec this turn | 300 sec total\n|\n|t:|1783542683\n|move|p1a: Tornadus|Bleakwind Storm|p2a: Gouging Fire\n|-damage|p2a: Gouging Fire|0 fnt\n|faint|p2a: Gouging Fire\n|-end|p2a: Gouging Fire|Protosynthesis|[silent]\n|\n|upkeep\n|inactive|Time left: 300 sec this turn | 300 sec total | 5 sec grace\n|\n|t:|1783542684\n|switch|p2a: Sunflora|Sunflora, F|312/312\n|turn|17\n|inactive|Time left: 300 sec this turn | 300 sec total\n|\n|t:|1783542685\n|move|p1a: Tornadus|Bleakwind Storm|p2a: Sunflora\n|-supereffective|p2a: Sunflora\n|-damage|p2a: Sunflora|96/312\n|move|p2a: Sunflora|Sunny Day|p2a: Sunflora\n|-weather|SunnyDay\n|\n|-weather|SunnyDay|[upkeep]\n|upkeep\n|turn|18\n|inactive|Time left: 300 sec this turn | 300 sec total\n|\n|t:|1783542686\n|move|p2a: Sunflora|Solar Beam||[still]\n|-prepare|p2a: Sunflora|Solar Beam\n|-anim|p2a: Sunflora|Solar Beam|p1a: Tornadus\n|-resisted|p1a: Tornadus\n|-crit|p1a: Tornadus\n|-damage|p1a: Tornadus|0 fnt\n|faint|p1a: Tornadus\n|-damage|p2a: Sunflora|65/312|[from] item: Life Orb\n|\n|win|p0y2659566", "uploadtime": 1783542686, "views": 0, "rating": 0, "private": 0, "password": null, "_winner": "p0y2659566", "_our_name": "p0y2659566"}