{"id": "battle-gen9randombattle-947", "formatid": "gen9randombattle", "format": "[Gen 9] Random Battle", "players": ["p0x94781cb", "p0y9479045"], "log": "|init|battle\n|title|p0x94781cb vs. p0y9479045\n|j|\u2606p0x94781cb\n|j|\u2606p0y9479045\n|t:|1783550855\n|gametype|singles\n|player|p1|p0x94781cb|2|\n|player|p2|p0y9479045|2|\n|gen|9\n|tier|[Gen 9] Random Battle\n|rule|Species Clause: Limit one of each Pok\u00e9mon\n|rule|HP Percentage Mod: HP is shown in percentages\n|rule|Sleep Clause Mod: Limit one foe put to sleep\n|rule|Illusion Level Mod: Illusion disguises the Pok\u00e9mon's true level\n|\n|t:|1783550855\n|teamsize|p1|6\n|teamsize|p2|6\n|start\n|switch|p1a: Golduck|Golduck, L90, M|290/290\n|switch|p2a: Lanturn|Lanturn, L89, F|100/100\n|-ability|p1a: Golduck|Cloud Nine\n|turn|1\n|inactive|Battle timer is ON: inactive players will automatically lose when time's up. (requested by p0y9479045)\n|inactive|Time left: 300 sec this turn | 300 sec total | 60 sec grace\n|inactive|p0x94781cb also wants the timer to be on.\n|\n|t:|1783550857\n|move|p1a: Golduck|Ice Beam|p2a: Lanturn\n|-resisted|p2a: Lanturn\n|-damage|p2a: Lanturn|84/100\n|move|p2a: Lanturn|Thunderbolt|p1a: Golduck\n|-supereffective|p1a: Golduck\n|-crit|p1a: Golduck\n|-damage|p1a: Golduck|38/290\n|\n|-heal|p2a: Lanturn|90/100|[from] item: Leftovers\n|upkeep\n|turn|2\n|inactive|Time left: 300 sec this turn | 300 sec total\n|\n|t:|1783550858\n|move|p1a: Golduck|Ice Beam|p2a: Lanturn\n|-resisted|p2a: Lanturn\n|-damage|p2a: Lanturn|74/100\n|move|p2a: Lanturn|Thunderbolt|p1a: Golduck\n|-supereffective|p1a: Golduck\n|-damage|p1a: Golduck|0 fnt\n|faint|p1a: Golduck\n|\n|-heal|p2a: Lanturn|80/100|[from] item: Leftovers\n|upkeep\n|inactive|Time left: 300 sec this turn | 300 sec total | 5 sec grace\n|\n|t:|1783550859\n|switch|p1a: Rampardos|Rampardos, L90, M|321/321\n|turn|3\n|inactive|Time left: 300 sec this turn | 300 sec total\n|\n|t:|1783550861\n|move|p1a: Rampardos|Head Smash|p2a: Lanturn|[miss]\n|-miss|p1a: Rampardos|p2a: Lanturn\n|move|p2a: Lanturn|Scald|p1a: Rampardos\n|-supereffective|p1a: Rampardos\n|-damage|p1a: Rampardos|93/321\n|\n|-heal|p2a: Lanturn|86/100|[from] item: Leftovers\n|upkeep\n|turn|4\n|inactive|Time left: 300 sec this turn | 300 sec total\n|\n|t:|1783550861\n|switch|p2a: Lucario|Lucario, L84, F|100/100\n|move|p1a: Rampardos|Head Smash|p2a: Lucario\n|-resisted|p2a: Lucario\n|-damage|p2a: Lucario|70/100\n|-damage|p1a: Rampardos|53/321|[from] Recoil\n|\n|upkeep\n|turn|5\n|inactive|Time left: 300 sec this turn | 300 sec total\n|\n|t:|1783550862\n|move|p1a: Rampardos|Head Smash|p2a: Lucario\n|-resisted|p2a: Lucario\n|-damage|p2a: Lucario|35/100\n|-damage|p1a: Rampardos|9/321|[from] Recoil\n|move|p2a: Lucario|Flash Cannon|p1a: Rampardos\n|-supereffective|p1a: Rampardos\n|-damage|p1a: Rampardos|0 fnt\n|faint|p1a: Rampardos\n|-damage|p2a: Lucario|25/100|[from] item: Life Orb\n|\n|upkeep\n|inactive|Time left: 300 sec this turn | 300 sec total | 5 sec grace\n|\n|t:|1783550863\n|switch|p1a: Lunala|Lunala, L70|308/308\n|turn|6\n|inactive|Time left: 300 sec this turn | 300 sec total\n|\n|t:|1783550864\n|switch|p2a: Leavanny|Leavanny, L86, M|100/100\n|move|p1a: Lunala|Calm Mind|p1a: Lunala\n|-boost|p1a: Lunala|spa|1\n|-boost|p1a: Lunala|spd|1\n|\n|upkeep\n|turn|7\n|inactive|Time left: 300 sec this turn | 300 sec total\n|\n|t:|1783550865\n|move|p2a: Leavanny|Knock Off|p1a: Lunala\n|-supereffective|p1a: Lunala\n|-damage|p1a: Lunala|124/308\n|-enditem|p1a: Lunala|Leftovers|[from] move: Knock Off|[of] p2a: Leavanny\n|move|p1a: Lunala|Moongeist Beam|p2a: Leavanny\n|-damage|p2a: Leavanny|45/100\n|\n|upkeep\n|turn|8\n|inactive|Time left: 300 sec this turn | 300 sec total\n|\n|t:|1783550866\n|move|p2a: Leavanny|Leaf Blade|p1a: Lunala\n|-damage|p1a: Lunala|4/308\n|move|p1a: Lunala|Moongeist Beam|p2a: Leavanny\n|-damage|p2a: Leavanny|0 fnt\n|faint|p2a: Leavanny\n|\n|upkeep\n|\n|t:|1783550866\n|switch|p2a: Noivern|Noivern, L82, F|100/100\n|turn|9\n|inactive|Time left: 300 sec this turn | 300 sec total\n|\n|t:|1783550867\n|move|p2a: Noivern|Flamethrower|p1a: Lunala\n|-damage|p1a: Lunala|0 fnt\n|faint|p1a: Lunala\n|\n|upkeep\n|inactive|Time left: 300 sec this turn | 300 sec total | 5 sec grace\n|\n|t:|1783550868\n|switch|p1a: Azumarill|Azumarill, L82, M|298/298\n|turn|10\n|inactive|Time left: 300 sec this turn | 300 sec total\n|\n|t:|1783550868\n|switch|p2a: Lanturn|Lanturn, L89, F|86/100\n|move|p1a: Azumarill|Belly Drum|p1a: Azumarill\n|-damage|p1a: Azumarill|149/298\n|-setboost|p1a: Azumarill|atk|6|[from] move: Belly Drum\n|-enditem|p1a: Azumarill|Sitrus Berry|[eat]\n|-heal|p1a: Azumarill|223/298|[from] item: Sitrus Berry\n|\n|-heal|p2a: Lanturn|92/100|[from] item: Leftovers\n|upkeep\n|turn|11\n|inactive|Time left: 300 sec this turn | 300 sec total\n|\n|t:|1783550869\n|move|p2a: Lanturn|Thunderbolt|p1a: Azumarill\n|-supereffective|p1a: Azumarill\n|-damage|p1a: Azumarill|31/298\n|move|p1a: Azumarill|Liquidation|p2a: Lanturn\n|-resisted|p2a: Lanturn\n|-damage|p2a: Lanturn|23/100\n|\n|-heal|p2a: Lanturn|29/100|[from] item: Leftovers\n|upkeep\n|turn|12\n|inactive|Time left: 300 sec this turn | 300 sec total\n|\n|t:|1783550870\n|move|p1a: Azumarill|Aqua Jet|p2a: Lanturn\n|-resisted|p2a: Lanturn\n|-damage|p2a: Lanturn|0 fnt\n|faint|p2a: Lanturn\n|\n|upkeep\n|\n|t:|1783550871\n|switch|p2a: Noivern|Noivern, L82, F|100/100\n|turn|13\n|inactive|Time left: 300 sec this turn | 300 sec total\n|\n|t:|1783550871\n|move|p1a: Azumarill|Aqua Jet|p2a: Noivern\n|-resisted|p2a: Noivern\n|-damage|p2a: Noivern|59/100\n|move|p2a: Noivern|Boomburst|p1a: Azumarill\n|-damage|p1a: Azumarill|0 fnt\n|faint|p1a: Azumarill\n|\n|upkeep\n|inactive|Time left: 300 sec this turn | 300 sec total | 5 sec grace\n|\n|t:|1783550872\n|switch|p1a: Vileplume|Vileplume, L85, F|266/266\n|turn|14\n|inactive|Time left: 300 sec this turn | 300 sec total\n|\n|t:|1783550873\n|move|p2a: Noivern|Boomburst|p1a: Vileplume\n|-damage|p1a: Vileplume|125/266\n|move|p1a: Vileplume|Strength Sap|p2a: Noivern\n|-unboost|p2a: Noivern|atk|1\n|-heal|p1a: Vileplume|244/266\n|\n|-heal|p1a: Vileplume|260/266|[from] item: Leftovers\n|upkeep\n|turn|15\n|inactive|Time left: 300 sec this turn | 300 sec total\n|\n|t:|1783550874\n|move|p2a: Noivern|Boomburst|p1a: Vileplume\n|-damage|p1a: Vileplume|134/266\n|move|p1a: Vileplume|Sludge Bomb|p2a: Noivern\n|-damage|p2a: Noivern|14/100\n|-status|p2a: Noivern|psn\n|\n|-heal|p1a: Vileplume|150/266|[from] item: Leftovers\n|-damage|p2a: Noivern|2/100 psn|[from] psn\n|upkeep\n|turn|16\n|inactive|Time left: 300 sec this turn | 300 sec total\n|\n|t:|1783550875\n|move|p2a: Noivern|Boomburst|p1a: Vileplume\n|-damage|p1a: Vileplume|17/266\n|move|p1a: Vileplume|Strength Sap|p2a: Noivern\n|-unboost|p2a: Noivern|atk|1\n|-heal|p1a: Vileplume|96/266\n|\n|-heal|p1a: Vileplume|112/266|[from] item: Leftovers\n|-damage|p2a: Noivern|0 fnt|[from] psn\n|faint|p2a: Noivern\n|upkeep\n|\n|t:|1783550876\n|switch|p2a: Beartic|Beartic, L91, M|100/100\n|turn|17\n|inactive|Time left: 300 sec this turn | 300 sec total\n|\n|t:|1783550877\n|-terastallize|p2a: Beartic|Ground\n|-terastallize|p1a: Vileplume|Water\n|move|p2a: Beartic|Earthquake|p1a: Vileplume\n|-damage|p1a: Vileplume|0 fnt\n|faint|p1a: Vileplume\n|\n|upkeep\n|inactive|Time left: 300 sec this turn | 300 sec total | 5 sec grace\n|\n|t:|1783550878\n|switch|p1a: Raikou|Raikou, L81|278/278\n|-ability|p1a: Raikou|Pressure\n|turn|18\n|inactive|Time left: 300 sec this turn | 300 sec total\n|\n|t:|1783550879\n|move|p1a: Raikou|Scald|p2a: Beartic\n|-supereffective|p2a: Beartic\n|-damage|p2a: Beartic|62/100\n|-status|p2a: Beartic|brn\n|move|p2a: Beartic|Earthquake|p1a: Raikou\n|-supereffective|p1a: Raikou\n|-damage|p1a: Raikou|104/278\n|\n|-heal|p1a: Raikou|121/278|[from] item: Leftovers\n|-damage|p2a: Beartic|56/100 brn|[from] brn\n|upkeep\n|turn|19\n|inactive|Time left: 300 sec this turn | 300 sec total\n|\n|t:|1783550880\n|move|p1a: Raikou|Scald|p2a: Beartic\n|-supereffective|p2a: Beartic\n|-damage|p2a: Beartic|20/100 brn\n|move|p2a: Beartic|Earthquake|p1a: Raikou\n|-supereffective|p1a: Raikou\n|-damage|p1a: Raikou|0 fnt\n|faint|p1a: Raikou\n|\n|win|p0y9479045", "uploadtime": 1783550880, "views": 0, "rating": 0, "private": 0, "password": null, "_winner": "p0y9479045", "_our_name": "p0x94781cb"}