{"id": "battle-gen9randombattle-651", "formatid": "gen9randombattle", "format": "[Gen 9] Random Battle", "players": ["p0x65135c4", "p0y6510f9f"], "log": "|init|battle\n|title|p0x65135c4 vs. p0y6510f9f\n|j|\u2606p0x65135c4\n|j|\u2606p0y6510f9f\n|t:|1783546655\n|gametype|singles\n|player|p1|p0x65135c4|2|\n|player|p2|p0y6510f9f|2|\n|gen|9\n|tier|[Gen 9] Random Battle\n|rule|Species Clause: Limit one of each Pok\u00e9mon\n|rule|HP Percentage Mod: HP is shown in percentages\n|rule|Sleep Clause Mod: Limit one foe put to sleep\n|rule|Illusion Level Mod: Illusion disguises the Pok\u00e9mon's true level\n|\n|t:|1783546655\n|teamsize|p1|6\n|teamsize|p2|6\n|start\n|switch|p1a: Flygon|Flygon, L82, M|265/265\n|switch|p2a: Whimsicott|Whimsicott, L84, F|100/100\n|turn|1\n|inactive|Battle timer is ON: inactive players will automatically lose when time's up. (requested by p0x65135c4)\n|\n|t:|1783546656\n|move|p2a: Whimsicott|Moonblast|p1a: Flygon\n|-supereffective|p1a: Flygon\n|-damage|p1a: Flygon|79/265\n|move|p1a: Flygon|Earthquake|p2a: Whimsicott\n|-resisted|p2a: Whimsicott\n|-damage|p2a: Whimsicott|70/100\n|\n|upkeep\n|turn|2\n|inactive|Time left: 300 sec this turn | 300 sec total\n|inactive|p0y6510f9f also wants the timer to be on.\n|\n|t:|1783546657\n|switch|p1a: Yanmega|Yanmega, L82, F|275/275\n|move|p2a: Whimsicott|Moonblast|p1a: Yanmega\n|-damage|p1a: Yanmega|154/275\n|\n|upkeep\n|turn|3\n|inactive|Time left: 300 sec this turn | 300 sec total\n|\n|t:|1783546659\n|move|p2a: Whimsicott|Moonblast|p1a: Yanmega\n|-damage|p1a: Yanmega|28/275\n|-unboost|p1a: Yanmega|spa|1\n|move|p1a: Yanmega|Bug Buzz|p2a: Whimsicott\n|-damage|p2a: Whimsicott|37/100\n|\n|-ability|p1a: Yanmega|Speed Boost|boost\n|-boost|p1a: Yanmega|spe|1\n|upkeep\n|turn|4\n|inactive|Time left: 300 sec this turn | 300 sec total\n|\n|t:|1783546660\n|switch|p2a: Yanmega|Yanmega, L82, F|100/100\n|move|p1a: Yanmega|Air Slash|p2a: Yanmega\n|-supereffective|p2a: Yanmega\n|-damage|p2a: Yanmega|39/100\n|\n|-ability|p1a: Yanmega|Speed Boost|boost\n|-boost|p1a: Yanmega|spe|1\n|upkeep\n|turn|5\n|inactive|Time left: 300 sec this turn | 300 sec total\n|\n|t:|1783546661\n|move|p2a: Yanmega|Protect|p2a: Yanmega\n|-singleturn|p2a: Yanmega|Protect\n|move|p1a: Yanmega|Air Slash|p2a: Yanmega\n|-activate|p2a: Yanmega|move: Protect\n|\n|-ability|p1a: Yanmega|Speed Boost|boost\n|-boost|p1a: Yanmega|spe|1\n|-ability|p2a: Yanmega|Speed Boost|boost\n|-boost|p2a: Yanmega|spe|1\n|upkeep\n|turn|6\n|inactive|Time left: 300 sec this turn | 300 sec total\n|\n|t:|1783546662\n|-terastallize|p2a: Yanmega|Ground\n|move|p1a: Yanmega|Air Slash|p2a: Yanmega\n|-damage|p2a: Yanmega|9/100\n|cant|p2a: Yanmega|flinch\n|\n|-ability|p1a: Yanmega|Speed Boost|boost\n|-boost|p1a: Yanmega|spe|1\n|-ability|p2a: Yanmega|Speed Boost|boost\n|-boost|p2a: Yanmega|spe|1\n|upkeep\n|turn|7\n|inactive|Time left: 300 sec this turn | 300 sec total\n|\n|t:|1783546663\n|switch|p2a: Cobalion|Cobalion, L80|100/100\n|move|p1a: Yanmega|Bug Buzz|p2a: Cobalion\n|-resisted|p2a: Cobalion\n|-damage|p2a: Cobalion|93/100\n|\n|-ability|p1a: Yanmega|Speed Boost|boost\n|-boost|p1a: Yanmega|spe|1\n|upkeep\n|turn|8\n|inactive|Time left: 300 sec this turn | 300 sec total\n|\n|t:|1783546665\n|move|p1a: Yanmega|Air Slash|p2a: Cobalion\n|-damage|p2a: Cobalion|67/100\n|cant|p2a: Cobalion|flinch\n|\n|-ability|p1a: Yanmega|Speed Boost|boost\n|-boost|p1a: Yanmega|spe|1\n|upkeep\n|turn|9\n|inactive|Time left: 300 sec this turn | 300 sec total\n|\n|t:|1783546666\n|move|p1a: Yanmega|Air Slash|p2a: Cobalion\n|-damage|p2a: Cobalion|41/100\n|move|p2a: Cobalion|Iron Head|p1a: Yanmega\n|-damage|p1a: Yanmega|0 fnt\n|faint|p1a: Yanmega\n|-damage|p2a: Cobalion|31/100|[from] item: Life Orb\n|\n|upkeep\n|inactive|Time left: 300 sec this turn | 300 sec total | 5 sec grace\n|\n|t:|1783546667\n|switch|p1a: Manaphy|Manaphy, L78|284/284\n|turn|10\n|inactive|Time left: 300 sec this turn | 300 sec total\n|\n|t:|1783546668\n|move|p2a: Cobalion|Close Combat|p1a: Manaphy\n|-damage|p1a: Manaphy|136/284\n|-unboost|p2a: Cobalion|def|1\n|-unboost|p2a: Cobalion|spd|1\n|-damage|p2a: Cobalion|21/100|[from] item: Life Orb\n|move|p1a: Manaphy|Surf|p2a: Cobalion\n|-damage|p2a: Cobalion|0 fnt\n|faint|p2a: Cobalion\n|\n|-heal|p1a: Manaphy|153/284|[from] item: Leftovers\n|upkeep\n|\n|t:|1783546669\n|switch|p2a: Poliwrath|Poliwrath, L88, M|100/100\n|turn|11\n|inactive|Time left: 300 sec this turn | 300 sec total\n|\n|t:|1783546671\n|move|p1a: Manaphy|Tail Glow|p1a: Manaphy\n|-boost|p1a: Manaphy|spa|3\n|move|p2a: Poliwrath|Close Combat|p1a: Manaphy\n|-damage|p1a: Manaphy|0 fnt\n|-unboost|p2a: Poliwrath|def|1\n|-unboost|p2a: Poliwrath|spd|1\n|faint|p1a: Manaphy\n|-damage|p2a: Poliwrath|91/100|[from] item: Life Orb\n|\n|upkeep\n|inactive|Time left: 300 sec this turn | 300 sec total | 5 sec grace\n|\n|t:|1783546672\n|switch|p1a: Iron Leaves|Iron Leaves, L80|275/275\n|turn|12\n|inactive|Time left: 300 sec this turn | 300 sec total\n|\n|t:|1783546673\n|switch|p2a: Yanmega|Yanmega, L82, F, tera:Ground|9/100\n|move|p1a: Iron Leaves|Leaf Blade|p2a: Yanmega\n|-supereffective|p2a: Yanmega\n|-damage|p2a: Yanmega|0 fnt\n|faint|p2a: Yanmega\n|\n|upkeep\n|\n|t:|1783546674\n|switch|p2a: Whimsicott|Whimsicott, L84, F|37/100\n|turn|13\n|inactive|Time left: 300 sec this turn | 300 sec total\n|\n|t:|1783546675\n|move|p2a: Whimsicott|Moonblast|p1a: Iron Leaves\n|-damage|p1a: Iron Leaves|197/275\n|move|p1a: Iron Leaves|Leaf Blade|p2a: Whimsicott\n|-resisted|p2a: Whimsicott\n|-damage|p2a: Whimsicott|0 fnt\n|faint|p2a: Whimsicott\n|\n|upkeep\n|\n|t:|1783546676\n|switch|p2a: Mew|Mew, L82|100/100\n|turn|14\n|inactive|Time left: 300 sec this turn | 300 sec total\n|\n|t:|1783546677\n|move|p1a: Iron Leaves|Leaf Blade|p2a: Mew\n|-damage|p2a: Mew|53/100\n|move|p2a: Mew|Psyshock|p1a: Iron Leaves\n|-resisted|p1a: Iron Leaves\n|-damage|p1a: Iron Leaves|136/275\n|-damage|p2a: Mew|43/100|[from] item: Life Orb\n|\n|upkeep\n|turn|15\n|inactive|Time left: 300 sec this turn | 300 sec total\n|\n|t:|1783546679\n|move|p1a: Iron Leaves|Leaf Blade|p2a: Mew\n|-damage|p2a: Mew|0 fnt\n|faint|p2a: Mew\n|\n|upkeep\n|\n|t:|1783546680\n|switch|p2a: Sandaconda|Sandaconda, L84, M|100/100\n|turn|16\n|inactive|Time left: 300 sec this turn | 300 sec total\n|\n|t:|1783546681\n|move|p1a: Iron Leaves|Leaf Blade|p2a: Sandaconda\n|-supereffective|p2a: Sandaconda\n|-damage|p2a: Sandaconda|3/100\n|move|p2a: Sandaconda|Glare|p1a: Iron Leaves\n|-status|p1a: Iron Leaves|par\n|\n|-heal|p2a: Sandaconda|9/100|[from] item: Leftovers\n|upkeep\n|turn|17\n|inactive|Time left: 300 sec this turn | 300 sec total\n|\n|t:|1783546682\n|move|p2a: Sandaconda|Rest|p2a: Sandaconda\n|-status|p2a: Sandaconda|slp|[from] move: Rest\n|-heal|p2a: Sandaconda|100/100 slp|[silent]\n|move|p1a: Iron Leaves|Leaf Blade|p2a: Sandaconda\n|-supereffective|p2a: Sandaconda\n|-damage|p2a: Sandaconda|10/100 slp\n|\n|-heal|p2a: Sandaconda|16/100 slp|[from] item: Leftovers\n|upkeep\n|turn|18\n|inactive|Time left: 300 sec this turn | 300 sec total\n|\n|t:|1783546684\n|cant|p2a: Sandaconda|slp\n|cant|p1a: Iron Leaves|par\n|\n|-activate|p2a: Sandaconda|ability: Shed Skin\n|-curestatus|p2a: Sandaconda|slp|[msg]\n|-heal|p2a: Sandaconda|22/100|[from] item: Leftovers\n|upkeep\n|turn|19\n|inactive|Time left: 300 sec this turn | 300 sec total\n|\n|t:|1783546685\n|move|p2a: Sandaconda|Stone Edge|p1a: Iron Leaves\n|-damage|p1a: Iron Leaves|56/275 par\n|move|p1a: Iron Leaves|Leaf Blade|p2a: Sandaconda\n|-supereffective|p2a: Sandaconda\n|-damage|p2a: Sandaconda|0 fnt\n|faint|p2a: Sandaconda\n|\n|upkeep\n|\n|t:|1783546685\n|switch|p2a: Poliwrath|Poliwrath, L88, M|91/100\n|turn|20\n|inactive|Time left: 300 sec this turn | 300 sec total\n|\n|t:|1783546686\n|-terastallize|p1a: Iron Leaves|Fighting\n|move|p2a: Poliwrath|Rain Dance|p2a: Poliwrath\n|-weather|RainDance\n|move|p1a: Iron Leaves|Leaf Blade|p2a: Poliwrath\n|-supereffective|p2a: Poliwrath\n|-damage|p2a: Poliwrath|0 fnt\n|faint|p2a: Poliwrath\n|\n|win|p0x65135c4", "uploadtime": 1783546686, "views": 0, "rating": 0, "private": 0, "password": null, "_winner": "p0x65135c4", "_our_name": "p0x65135c4"}