{"id": "battle-gen9randombattle-1422", "formatid": "gen9randombattle", "format": "[Gen 9] Random Battle", "players": ["p0x1422e280", "p0y1422790d"], "log": "|init|battle\n|title|p0x1422e280 vs. p0y1422790d\n|j|\u2606p0x1422e280\n|j|\u2606p0y1422790d\n|t:|1783556565\n|gametype|singles\n|player|p1|p0x1422e280|101|\n|player|p2|p0y1422790d|2|\n|gen|9\n|tier|[Gen 9] Random Battle\n|rule|Species Clause: Limit one of each Pok\u00e9mon\n|rule|HP Percentage Mod: HP is shown in percentages\n|rule|Sleep Clause Mod: Limit one foe put to sleep\n|rule|Illusion Level Mod: Illusion disguises the Pok\u00e9mon's true level\n|\n|t:|1783556565\n|teamsize|p1|6\n|teamsize|p2|6\n|start\n|switch|p1a: Incineroar|Incineroar, L82, F|290/290\n|switch|p2a: Roaring Moon|Roaring Moon, L72|100/100\n|-ability|p1a: Incineroar|Intimidate|boost\n|-unboost|p2a: Roaring Moon|atk|1\n|turn|1\n|inactive|Battle timer is ON: inactive players will automatically lose when time's up. (requested by p0x1422e280)\n|inactive|p0y1422790d also wants the timer to be on.\n|\n|t:|1783556566\n|-end|p2a: Roaring Moon|Protosynthesis|[silent]\n|switch|p2a: Luxray|Luxray, L88, F|100/100\n|move|p1a: Incineroar|U-turn|p2a: Luxray\n|-damage|p2a: Luxray|80/100\n|inactive|Time left: 300 sec this turn | 300 sec total | 65 sec grace\n|\n|t:|1783556567\n|switch|p1a: Vigoroth|Vigoroth, L85, F|275/275|[from] U-turn\n|\n|-status|p2a: Luxray|brn|[from] item: Flame Orb\n|upkeep\n|turn|2\n|inactive|Time left: 300 sec this turn | 300 sec total\n|\n|t:|1783556568\n|move|p1a: Vigoroth|Bulk Up|p1a: Vigoroth\n|-boost|p1a: Vigoroth|atk|1\n|-boost|p1a: Vigoroth|def|1\n|move|p2a: Luxray|Facade|p1a: Vigoroth\n|-damage|p1a: Vigoroth|191/275\n|\n|-damage|p2a: Luxray|74/100 brn|[from] brn\n|upkeep\n|turn|3\n|inactive|Time left: 300 sec this turn | 300 sec total\n|\n|t:|1783556569\n|move|p1a: Vigoroth|Body Slam|p2a: Luxray\n|-damage|p2a: Luxray|33/100 brn\n|move|p2a: Luxray|Facade|p1a: Vigoroth\n|-damage|p1a: Vigoroth|105/275\n|\n|-damage|p2a: Luxray|27/100 brn|[from] brn\n|upkeep\n|turn|4\n|inactive|Time left: 300 sec this turn | 300 sec total\n|\n|t:|1783556571\n|switch|p2a: Hoopa|Hoopa, L85|100/100\n|move|p1a: Vigoroth|Body Slam|p2a: Hoopa\n|-immune|p2a: Hoopa\n|\n|upkeep\n|turn|5\n|inactive|Time left: 300 sec this turn | 300 sec total\n|\n|t:|1783556572\n|move|p2a: Hoopa|Psychic|p1a: Vigoroth\n|-damage|p1a: Vigoroth|0 fnt\n|faint|p1a: Vigoroth\n|\n|upkeep\n|inactive|Time left: 300 sec this turn | 300 sec total | 5 sec grace\n|\n|t:|1783556573\n|switch|p1a: Morpeko|Morpeko, L88, M|245/245\n|turn|6\n|inactive|Time left: 300 sec this turn | 300 sec total\n|\n|t:|1783556574\n|switch|p2a: Roaring Moon|Roaring Moon, L72|100/100\n|move|p1a: Morpeko|Aura Wheel|p2a: Roaring Moon\n|-resisted|p2a: Roaring Moon\n|-damage|p2a: Roaring Moon|66/100\n|-boost|p1a: Morpeko|spe|1\n|\n|-formechange|p1a: Morpeko|Morpeko-Hangry||[from] ability: Hunger Switch\n|upkeep\n|turn|7\n|inactive|Time left: 300 sec this turn | 300 sec total\n|\n|t:|1783556575\n|move|p1a: Morpeko|Knock Off|p2a: Roaring Moon\n|-resisted|p2a: Roaring Moon\n|-damage|p2a: Roaring Moon|40/100\n|-enditem|p2a: Roaring Moon|Lum Berry|[from] move: Knock Off|[of] p1a: Morpeko\n|move|p2a: Roaring Moon|Outrage|p1a: Morpeko\n|-damage|p1a: Morpeko|92/245\n|\n|-heal|p1a: Morpeko|107/245|[from] item: Leftovers\n|-formechange|p1a: Morpeko|Morpeko||[from] ability: Hunger Switch\n|upkeep\n|turn|8\n|inactive|Time left: 300 sec this turn | 300 sec total\n|\n|t:|1783556577\n|-terastallize|p1a: Morpeko|Electric\n|move|p1a: Morpeko|Aura Wheel|p2a: Roaring Moon\n|-resisted|p2a: Roaring Moon\n|-damage|p2a: Roaring Moon|0 fnt\n|-boost|p1a: Morpeko|spe|1\n|faint|p2a: Roaring Moon\n|-end|p2a: Roaring Moon|Protosynthesis|[silent]\n|\n|-heal|p1a: Morpeko|122/245|[from] item: Leftovers\n|upkeep\n|\n|t:|1783556578\n|switch|p2a: Lumineon|Lumineon, L93, F|100/100\n|turn|9\n|inactive|Time left: 300 sec this turn | 300 sec total\n|\n|t:|1783556579\n|-terastallize|p2a: Lumineon|Ground\n|move|p1a: Morpeko|Aura Wheel|p2a: Lumineon\n|-immune|p2a: Lumineon\n|move|p2a: Lumineon|Hydro Pump|p1a: Morpeko\n|-damage|p1a: Morpeko|0 fnt\n|faint|p1a: Morpeko\n|\n|upkeep\n|inactive|Time left: 300 sec this turn | 300 sec total | 5 sec grace\n|\n|t:|1783556580\n|switch|p1a: Incineroar|Incineroar, L82, F|290/290\n|-ability|p1a: Incineroar|Intimidate|boost\n|-unboost|p2a: Lumineon|atk|1\n|turn|10\n|inactive|Time left: 300 sec this turn | 300 sec total\n|\n|t:|1783556581\n|move|p2a: Lumineon|Hydro Pump|p1a: Incineroar|[miss]\n|-miss|p2a: Lumineon|p1a: Incineroar\n|move|p1a: Incineroar|Knock Off|p2a: Lumineon\n|-damage|p2a: Lumineon|57/100\n|-enditem|p2a: Lumineon|Heavy-Duty Boots|[from] move: Knock Off|[of] p1a: Incineroar\n|\n|upkeep\n|turn|11\n|inactive|Time left: 300 sec this turn | 300 sec total\n|\n|t:|1783556582\n|move|p2a: Lumineon|Hydro Pump|p1a: Incineroar|[miss]\n|-miss|p2a: Lumineon|p1a: Incineroar\n|move|p1a: Incineroar|Knock Off|p2a: Lumineon\n|-damage|p2a: Lumineon|30/100\n|\n|upkeep\n|turn|12\n|inactive|Time left: 300 sec this turn | 300 sec total\n|\n|t:|1783556583\n|move|p2a: Lumineon|Hydro Pump|p1a: Incineroar|[miss]\n|-miss|p2a: Lumineon|p1a: Incineroar\n|move|p1a: Incineroar|Knock Off|p2a: Lumineon\n|-damage|p2a: Lumineon|3/100\n|\n|upkeep\n|turn|13\n|inactive|Time left: 300 sec this turn | 300 sec total\n|\n|t:|1783556584\n|move|p2a: Lumineon|Hydro Pump|p1a: Incineroar\n|-supereffective|p1a: Incineroar\n|-damage|p1a: Incineroar|132/290\n|move|p1a: Incineroar|Knock Off|p2a: Lumineon\n|-damage|p2a: Lumineon|0 fnt\n|faint|p2a: Lumineon\n|\n|upkeep\n|\n|t:|1783556585\n|switch|p2a: Luxray|Luxray, L88, F|27/100 brn\n|turn|14\n|inactive|Time left: 300 sec this turn | 300 sec total\n|\n|t:|1783556586\n|move|p2a: Luxray|Supercell Slam|p1a: Incineroar\n|-damage|p1a: Incineroar|0 fnt\n|faint|p1a: Incineroar\n|\n|-damage|p2a: Luxray|21/100 brn|[from] brn\n|upkeep\n|inactive|Time left: 300 sec this turn | 300 sec total | 5 sec grace\n|\n|t:|1783556587\n|switch|p1a: Azelf|Azelf, L82|257/257\n|turn|15\n|inactive|Time left: 300 sec this turn | 300 sec total\n|\n|t:|1783556588\n|switch|p2a: Hoopa|Hoopa, L85|100/100\n|move|p1a: Azelf|Knock Off|p2a: Hoopa\n|-supereffective|p2a: Hoopa\n|-damage|p2a: Hoopa|0 fnt\n|-enditem|p2a: Hoopa|Choice Scarf|[from] move: Knock Off|[of] p1a: Azelf\n|faint|p2a: Hoopa\n|\n|upkeep\n|\n|t:|1783556589\n|switch|p2a: Iron Bundle|Iron Bundle, L78|100/100\n|turn|16\n|inactive|Time left: 300 sec this turn | 300 sec total\n|\n|t:|1783556590\n|move|p2a: Iron Bundle|Encore|p1a: Azelf\n|-start|p1a: Azelf|Encore\n|move|p1a: Azelf|Knock Off|p2a: Iron Bundle\n|-damage|p2a: Iron Bundle|68/100\n|-enditem|p2a: Iron Bundle|Heavy-Duty Boots|[from] move: Knock Off|[of] p1a: Azelf\n|\n|upkeep\n|turn|17\n|inactive|Time left: 300 sec this turn | 300 sec total\n|\n|t:|1783556591\n|switch|p1a: Pachirisu|Pachirisu, L96, M|271/271\n|move|p2a: Iron Bundle|Ice Beam|p1a: Pachirisu\n|-damage|p1a: Pachirisu|181/271\n|\n|upkeep\n|turn|18\n|inactive|Time left: 300 sec this turn | 300 sec total\n|\n|t:|1783556592\n|-end|p2a: Iron Bundle|Quark Drive|[silent]\n|switch|p2a: Altaria|Altaria, L89, M|100/100\n|move|p1a: Pachirisu|Discharge|p2a: Altaria\n|-damage|p2a: Altaria|81/100\n|\n|upkeep\n|turn|19\n|inactive|Time left: 300 sec this turn | 300 sec total\n|\n|t:|1783556593\n|move|p1a: Pachirisu|Super Fang|p2a: Altaria\n|-damage|p2a: Altaria|41/100\n|move|p2a: Altaria|Roost|p2a: Altaria\n|-heal|p2a: Altaria|91/100\n|-singleturn|p2a: Altaria|move: Roost\n|\n|upkeep\n|turn|20\n|inactive|Time left: 300 sec this turn | 300 sec total\n|\n|t:|1783556595\n|move|p1a: Pachirisu|Encore|p2a: Altaria\n|-start|p2a: Altaria|Encore\n|move|p2a: Altaria|Roost|p2a: Altaria\n|-heal|p2a: Altaria|100/100\n|-singleturn|p2a: Altaria|move: Roost\n|\n|upkeep\n|turn|21\n|inactive|Time left: 300 sec this turn | 300 sec total\n|\n|t:|1783556595\n|move|p1a: Pachirisu|Discharge|p2a: Altaria\n|-damage|p2a: Altaria|81/100\n|move|p2a: Altaria|Roost|p2a: Altaria\n|-heal|p2a: Altaria|100/100\n|-singleturn|p2a: Altaria|move: Roost\n|\n|upkeep\n|turn|22\n|inactive|Time left: 300 sec this turn | 300 sec total\n|\n|t:|1783556596\n|move|p1a: Pachirisu|Discharge|p2a: Altaria\n|-damage|p2a: Altaria|80/100\n|move|p2a: Altaria|Roost|p2a: Altaria\n|-heal|p2a: Altaria|100/100\n|-singleturn|p2a: Altaria|move: Roost\n|\n|-end|p2a: Altaria|Encore\n|upkeep\n|turn|23\n|inactive|Time left: 300 sec this turn | 300 sec total\n|\n|t:|1783556598\n|move|p1a: Pachirisu|Encore|p2a: Altaria\n|-start|p2a: Altaria|Encore\n|move|p2a: Altaria|Roost||[still]\n|-fail|p2a: Altaria|heal\n|\n|upkeep\n|turn|24\n|inactive|Time left: 300 sec this turn | 300 sec total\n|\n|t:|1783556599\n|move|p1a: Pachirisu|Discharge|p2a: Altaria\n|-damage|p2a: Altaria|81/100\n|move|p2a: Altaria|Roost|p2a: Altaria\n|-heal|p2a: Altaria|100/100\n|-singleturn|p2a: Altaria|move: Roost\n|\n|upkeep\n|turn|25\n|inactive|Time left: 300 sec this turn | 300 sec total\n|\n|t:|1783556599\n|move|p1a: Pachirisu|Discharge|p2a: Altaria\n|-damage|p2a: Altaria|82/100\n|move|p2a: Altaria|Roost|p2a: Altaria\n|-heal|p2a: Altaria|100/100\n|-singleturn|p2a: Altaria|move: Roost\n|\n|-end|p2a: Altaria|Encore\n|upkeep\n|turn|26\n|inactive|Time left: 300 sec this turn | 300 sec total\n|\n|t:|1783556600\n|move|p1a: Pachirisu|Encore|p2a: Altaria\n|-start|p2a: Altaria|Encore\n|move|p2a: Altaria|Roost||[still]\n|-fail|p2a: Altaria|heal\n|\n|-end|p2a: Altaria|Encore\n|upkeep\n|turn|27\n|inactive|Time left: 300 sec this turn | 300 sec total\n|\n|t:|1783556601\n|move|p1a: Pachirisu|Encore||[still]\n|-fail|p1a: Pachirisu\n|move|p2a: Altaria|Brave Bird|p1a: Pachirisu\n|-resisted|p1a: Pachirisu\n|-damage|p1a: Pachirisu|125/271\n|-damage|p2a: Altaria|94/100|[from] Recoil\n|\n|upkeep\n|turn|28\n|inactive|Time left: 300 sec this turn | 300 sec total\n|\n|t:|1783556602\n|move|p1a: Pachirisu|Super Fang|p2a: Altaria\n|-damage|p2a: Altaria|47/100\n|move|p2a: Altaria|Brave Bird|p1a: Pachirisu\n|-resisted|p1a: Pachirisu\n|-damage|p1a: Pachirisu|68/271\n|-damage|p2a: Altaria|40/100|[from] Recoil\n|\n|upkeep\n|turn|29\n|inactive|Time left: 300 sec this turn | 300 sec total\n|\n|t:|1783556604\n|move|p1a: Pachirisu|Discharge|p2a: Altaria\n|-damage|p2a: Altaria|22/100\n|move|p2a: Altaria|Brave Bird|p1a: Pachirisu\n|-resisted|p1a: Pachirisu\n|-damage|p1a: Pachirisu|10/271\n|-damage|p2a: Altaria|15/100|[from] Recoil\n|\n|upkeep\n|turn|30\n|inactive|Time left: 300 sec this turn | 300 sec total\n|\n|t:|1783556605\n|move|p1a: Pachirisu|Discharge|p2a: Altaria\n|-damage|p2a: Altaria|0 fnt\n|faint|p2a: Altaria\n|\n|upkeep\n|\n|t:|1783556605\n|switch|p2a: Iron Bundle|Iron Bundle, L78|68/100\n|turn|31\n|inactive|Time left: 300 sec this turn | 300 sec total\n|\n|t:|1783556606\n|-end|p2a: Iron Bundle|Quark Drive|[silent]\n|switch|p2a: Luxray|Luxray, L88, F|21/100 brn\n|move|p1a: Pachirisu|Discharge|p2a: Luxray\n|-resisted|p2a: Luxray\n|-damage|p2a: Luxray|9/100 brn\n|\n|-damage|p2a: Luxray|3/100 brn|[from] brn\n|upkeep\n|turn|32\n|inactive|Time left: 300 sec this turn | 300 sec total\n|\n|t:|1783556607\n|switch|p2a: Iron Bundle|Iron Bundle, L78|68/100\n|move|p1a: Pachirisu|U-turn|p2a: Iron Bundle\n|-damage|p2a: Iron Bundle|51/100\n|inactive|Time left: 300 sec this turn | 300 sec total | 5 sec grace\n|\n|t:|1783556608\n|switch|p1a: Azelf|Azelf, L82|257/257|[from] U-turn\n|\n|upkeep\n|turn|33\n|inactive|Time left: 300 sec this turn | 300 sec total\n|\n|t:|1783556609\n|move|p2a: Iron Bundle|Freeze-Dry|p1a: Azelf\n|-damage|p1a: Azelf|157/257\n|move|p1a: Azelf|Psychic|p2a: Iron Bundle\n|-damage|p2a: Iron Bundle|0 fnt\n|faint|p2a: Iron Bundle\n|-end|p2a: Iron Bundle|Quark Drive|[silent]\n|\n|-heal|p1a: Azelf|173/257|[from] item: Leftovers\n|upkeep\n|\n|t:|1783556610\n|switch|p2a: Luxray|Luxray, L88, F|3/100 brn\n|turn|34\n|inactive|Time left: 300 sec this turn | 300 sec total\n|\n|t:|1783556610\n|move|p1a: Azelf|Stealth Rock|p2a: Luxray\n|-sidestart|p2: p0y1422790d|move: Stealth Rock\n|move|p2a: Luxray|Play Rough|p1a: Azelf\n|-damage|p1a: Azelf|21/257\n|\n|-heal|p1a: Azelf|37/257|[from] item: Leftovers\n|-damage|p2a: Luxray|0 fnt|[from] brn\n|faint|p2a: Luxray\n|\n|win|p0x1422e280", "uploadtime": 1783556610, "views": 0, "rating": 0, "private": 0, "password": null, "_winner": "p0x1422e280", "_our_name": "p0x1422e280"}