{"id": "battle-gen9randombattle-2073", "formatid": "gen9randombattle", "format": "[Gen 9] Random Battle", "players": ["p0x207337ba", "p0y20732b01"], "log": "|init|battle\n|title|p0x207337ba vs. p0y20732b01\n|j|\u2606p0x207337ba\n|j|\u2606p0y20732b01\n|t:|1783564023\n|gametype|singles\n|player|p1|p0x207337ba|1|\n|player|p2|p0y20732b01|170|\n|gen|9\n|tier|[Gen 9] Random Battle\n|rule|Species Clause: Limit one of each Pok\u00e9mon\n|rule|HP Percentage Mod: HP is shown in percentages\n|rule|Sleep Clause Mod: Limit one foe put to sleep\n|rule|Illusion Level Mod: Illusion disguises the Pok\u00e9mon's true level\n|\n|t:|1783564023\n|teamsize|p1|6\n|teamsize|p2|6\n|start\n|switch|p1a: Dedenne|Dedenne, L88, M|100/100\n|switch|p2a: Greedent|Greedent, L86, F|347/347\n|turn|1\n|inactive|Battle timer is ON: inactive players will automatically lose when time's up. (requested by p0y20732b01)\n|\n|t:|1783564024\n|move|p1a: Dedenne|Thunderbolt|p2a: Greedent\n|-damage|p2a: Greedent|250/347\n|-status|p2a: Greedent|par\n|move|p2a: Greedent|Swords Dance|p2a: Greedent\n|-boost|p2a: Greedent|atk|2\n|\n|upkeep\n|turn|2\n|inactive|Time left: 300 sec this turn | 300 sec total\n|inactive|p0x207337ba also wants the timer to be on.\n|\n|t:|1783564025\n|switch|p1a: Trevenant|Trevenant, L89, F|100/100\n|move|p2a: Greedent|Double-Edge|p1a: Trevenant\n|-immune|p1a: Trevenant\n|\n|upkeep\n|turn|3\n|inactive|Time left: 300 sec this turn | 300 sec total\n|\n|t:|1783564027\n|move|p1a: Trevenant|Protect|p1a: Trevenant\n|-singleturn|p1a: Trevenant|Protect\n|move|p2a: Greedent|Knock Off|p1a: Trevenant\n|-activate|p1a: Trevenant|move: Protect\n|\n|upkeep\n|turn|4\n|inactive|Time left: 300 sec this turn | 300 sec total\n|\n|t:|1783564028\n|move|p1a: Trevenant|Protect|p1a: Trevenant\n|-singleturn|p1a: Trevenant|Protect\n|move|p2a: Greedent|Knock Off|p1a: Trevenant\n|-activate|p1a: Trevenant|move: Protect\n|\n|upkeep\n|turn|5\n|inactive|Time left: 300 sec this turn | 300 sec total\n|\n|t:|1783564029\n|switch|p1a: Vigoroth|Vigoroth, L85, F|100/100\n|move|p2a: Greedent|Knock Off|p1a: Vigoroth\n|-damage|p1a: Vigoroth|65/100\n|-enditem|p1a: Vigoroth|Eviolite|[from] move: Knock Off|[of] p2a: Greedent\n|\n|upkeep\n|turn|6\n|inactive|Time left: 300 sec this turn | 300 sec total\n|\n|t:|1783564030\n|move|p1a: Vigoroth|Bulk Up|p1a: Vigoroth\n|-boost|p1a: Vigoroth|atk|1\n|-boost|p1a: Vigoroth|def|1\n|cant|p2a: Greedent|par\n|\n|upkeep\n|turn|7\n|inactive|Time left: 300 sec this turn | 300 sec total\n|\n|t:|1783564030\n|move|p1a: Vigoroth|Bulk Up|p1a: Vigoroth\n|-boost|p1a: Vigoroth|atk|1\n|-boost|p1a: Vigoroth|def|1\n|move|p2a: Greedent|Double-Edge|p1a: Vigoroth\n|-damage|p1a: Vigoroth|18/100\n|-damage|p2a: Greedent|207/347 par|[from] Recoil\n|\n|upkeep\n|turn|8\n|inactive|Time left: 300 sec this turn | 300 sec total\n|\n|t:|1783564031\n|move|p1a: Vigoroth|Slack Off|p1a: Vigoroth\n|-heal|p1a: Vigoroth|68/100\n|move|p2a: Greedent|Double-Edge|p1a: Vigoroth\n|-damage|p1a: Vigoroth|15/100\n|-damage|p2a: Greedent|158/347 par|[from] Recoil\n|-enditem|p2a: Greedent|Sitrus Berry|[eat]\n|-heal|p2a: Greedent|244/347 par|[from] item: Sitrus Berry\n|-heal|p2a: Greedent|347/347 par|[from] ability: Cheek Pouch\n|\n|upkeep\n|turn|9\n|inactive|Time left: 300 sec this turn | 300 sec total\n|\n|t:|1783564032\n|move|p1a: Vigoroth|Slack Off|p1a: Vigoroth\n|-heal|p1a: Vigoroth|65/100\n|move|p2a: Greedent|Double-Edge|p1a: Vigoroth\n|-damage|p1a: Vigoroth|15/100\n|-damage|p2a: Greedent|301/347 par|[from] Recoil\n|\n|upkeep\n|turn|10\n|inactive|Time left: 300 sec this turn | 300 sec total\n|\n|t:|1783564033\n|move|p1a: Vigoroth|Slack Off|p1a: Vigoroth\n|-heal|p1a: Vigoroth|65/100\n|move|p2a: Greedent|Earthquake|p1a: Vigoroth\n|-damage|p1a: Vigoroth|38/100\n|\n|upkeep\n|turn|11\n|inactive|Time left: 300 sec this turn | 300 sec total\n|\n|t:|1783564034\n|move|p1a: Vigoroth|Slack Off|p1a: Vigoroth\n|-heal|p1a: Vigoroth|88/100\n|move|p2a: Greedent|Double-Edge|p1a: Vigoroth\n|-crit|p1a: Vigoroth\n|-damage|p1a: Vigoroth|0 fnt\n|faint|p1a: Vigoroth\n|-damage|p2a: Greedent|221/347 par|[from] Recoil\n|\n|upkeep\n|\n|t:|1783564035\n|switch|p1a: Vileplume|Vileplume, L85, M|100/100\n|turn|12\n|inactive|Time left: 300 sec this turn | 300 sec total\n|\n|t:|1783564036\n|move|p1a: Vileplume|Sludge Bomb|p2a: Greedent\n|-damage|p2a: Greedent|104/347 par\n|move|p2a: Greedent|Double-Edge|p1a: Vileplume\n|-damage|p1a: Vileplume|7/100\n|-damage|p2a: Greedent|21/347 par|[from] Recoil\n|\n|-heal|p1a: Vileplume|13/100|[from] item: Leftovers\n|upkeep\n|turn|13\n|inactive|Time left: 300 sec this turn | 300 sec total\n|\n|t:|1783564037\n|move|p1a: Vileplume|Strength Sap|p2a: Greedent\n|-unboost|p2a: Greedent|atk|1\n|-heal|p1a: Vileplume|100/100\n|cant|p2a: Greedent|par\n|\n|upkeep\n|turn|14\n|inactive|Time left: 300 sec this turn | 300 sec total\n|\n|t:|1783564038\n|move|p1a: Vileplume|Sludge Bomb|p2a: Greedent\n|-damage|p2a: Greedent|0 fnt\n|faint|p2a: Greedent\n|\n|upkeep\n|inactive|Time left: 300 sec this turn | 300 sec total | 5 sec grace\n|\n|t:|1783564038\n|switch|p2a: Gallade|Gallade, L80, M|240/240\n|turn|15\n|inactive|Time left: 300 sec this turn | 300 sec total\n|\n|t:|1783564039\n|move|p2a: Gallade|Psycho Cut|p1a: Vileplume\n|-supereffective|p1a: Vileplume\n|-crit|p1a: Vileplume\n|-damage|p1a: Vileplume|0 fnt\n|faint|p1a: Vileplume\n|-damage|p2a: Gallade|216/240|[from] item: Life Orb\n|\n|upkeep\n|\n|t:|1783564040\n|switch|p1a: Wugtrio|Wugtrio, L91, F|100/100\n|turn|16\n|inactive|Time left: 300 sec this turn | 300 sec total\n|\n|t:|1783564041\n|move|p1a: Wugtrio|Liquidation|p2a: Gallade\n|-damage|p2a: Gallade|0 fnt\n|faint|p2a: Gallade\n|\n|upkeep\n|inactive|Time left: 300 sec this turn | 300 sec total | 5 sec grace\n|\n|t:|1783564042\n|switch|p2a: Zekrom|Zekrom, L71|259/259\n|-ability|p2a: Zekrom|Teravolt\n|turn|17\n|inactive|Time left: 300 sec this turn | 300 sec total\n|\n|t:|1783564044\n|move|p1a: Wugtrio|Liquidation|p2a: Zekrom\n|-resisted|p2a: Zekrom\n|-damage|p2a: Zekrom|178/259\n|move|p2a: Zekrom|Bolt Strike|p1a: Wugtrio\n|-supereffective|p1a: Wugtrio\n|-damage|p1a: Wugtrio|0 fnt\n|-ability|p1a: Wugtrio|Gooey\n|-unboost|p2a: Zekrom|spe|1\n|faint|p1a: Wugtrio\n|\n|-heal|p2a: Zekrom|194/259|[from] item: Leftovers\n|upkeep\n|\n|t:|1783564045\n|switch|p1a: Dedenne|Dedenne, L88, M|100/100\n|turn|18\n|inactive|Time left: 300 sec this turn | 300 sec total\n|\n|t:|1783564046\n|switch|p2a: Chansey|Chansey, L85, F|564/564\n|move|p1a: Dedenne|Dazzling Gleam|p2a: Chansey\n|-damage|p2a: Chansey|515/564\n|\n|upkeep\n|turn|19\n|inactive|Time left: 300 sec this turn | 300 sec total\n|\n|t:|1783564047\n|move|p1a: Dedenne|Super Fang|p2a: Chansey\n|-damage|p2a: Chansey|258/564\n|move|p2a: Chansey|Seismic Toss|p1a: Dedenne\n|-damage|p1a: Dedenne|68/100\n|\n|upkeep\n|turn|20\n|inactive|Time left: 300 sec this turn | 300 sec total\n|\n|t:|1783564048\n|move|p1a: Dedenne|Super Fang|p2a: Chansey\n|-damage|p2a: Chansey|129/564\n|move|p2a: Chansey|Soft-Boiled|p2a: Chansey\n|-heal|p2a: Chansey|411/564\n|\n|upkeep\n|turn|21\n|inactive|Time left: 300 sec this turn | 300 sec total\n|\n|t:|1783564049\n|move|p1a: Dedenne|Super Fang|p2a: Chansey\n|-damage|p2a: Chansey|206/564\n|move|p2a: Chansey|Soft-Boiled|p2a: Chansey\n|-heal|p2a: Chansey|488/564\n|\n|upkeep\n|turn|22\n|inactive|Time left: 300 sec this turn | 300 sec total\n|\n|t:|1783564050\n|move|p1a: Dedenne|Super Fang|p2a: Chansey\n|-damage|p2a: Chansey|244/564\n|move|p2a: Chansey|Seismic Toss|p1a: Dedenne\n|-damage|p1a: Dedenne|35/100\n|-enditem|p1a: Dedenne|Sitrus Berry|[eat]\n|-heal|p1a: Dedenne|60/100|[from] item: Sitrus Berry\n|-heal|p1a: Dedenne|94/100|[from] ability: Cheek Pouch\n|\n|upkeep\n|turn|23\n|inactive|Time left: 300 sec this turn | 300 sec total\n|\n|t:|1783564051\n|move|p1a: Dedenne|Super Fang|p2a: Chansey\n|-damage|p2a: Chansey|122/564\n|move|p2a: Chansey|Soft-Boiled|p2a: Chansey\n|-heal|p2a: Chansey|404/564\n|\n|upkeep\n|turn|24\n|inactive|Time left: 300 sec this turn | 300 sec total\n|\n|t:|1783564052\n|move|p1a: Dedenne|Super Fang|p2a: Chansey\n|-damage|p2a: Chansey|202/564\n|move|p2a: Chansey|Soft-Boiled|p2a: Chansey\n|-heal|p2a: Chansey|484/564\n|\n|upkeep\n|turn|25\n|inactive|Time left: 300 sec this turn | 300 sec total\n|\n|t:|1783564053\n|move|p1a: Dedenne|Super Fang|p2a: Chansey\n|-damage|p2a: Chansey|242/564\n|move|p2a: Chansey|Soft-Boiled|p2a: Chansey\n|-heal|p2a: Chansey|524/564\n|\n|upkeep\n|turn|26\n|inactive|Time left: 300 sec this turn | 300 sec total\n|\n|t:|1783564054\n|move|p1a: Dedenne|Super Fang|p2a: Chansey\n|-damage|p2a: Chansey|262/564\n|move|p2a: Chansey|Seismic Toss|p1a: Dedenne\n|-damage|p1a: Dedenne|61/100\n|\n|upkeep\n|turn|27\n|inactive|Time left: 300 sec this turn | 300 sec total\n|\n|t:|1783564055\n|switch|p1a: Trevenant|Trevenant, L89, F|100/100\n|move|p2a: Chansey|Soft-Boiled|p2a: Chansey\n|-heal|p2a: Chansey|544/564\n|\n|upkeep\n|turn|28\n|inactive|Time left: 300 sec this turn | 300 sec total\n|\n|t:|1783564056\n|move|p1a: Trevenant|Drain Punch|p2a: Chansey\n|-supereffective|p2a: Chansey\n|-damage|p2a: Chansey|258/564\n|move|p2a: Chansey|Thunder Wave|p1a: Trevenant\n|-status|p1a: Trevenant|par\n|\n|upkeep\n|turn|29\n|inactive|Time left: 300 sec this turn | 300 sec total\n|\n|t:|1783564057\n|move|p2a: Chansey|Soft-Boiled|p2a: Chansey\n|-heal|p2a: Chansey|540/564\n|move|p1a: Trevenant|Drain Punch|p2a: Chansey\n|-supereffective|p2a: Chansey\n|-damage|p2a: Chansey|264/564\n|\n|upkeep\n|turn|30\n|inactive|Time left: 300 sec this turn | 300 sec total\n|\n|t:|1783564058\n|move|p2a: Chansey|Soft-Boiled|p2a: Chansey\n|-heal|p2a: Chansey|546/564\n|cant|p1a: Trevenant|par\n|\n|upkeep\n|turn|31\n|inactive|Time left: 300 sec this turn | 300 sec total\n|\n|t:|1783564059\n|switch|p2a: Zekrom|Zekrom, L71|194/259\n|-ability|p2a: Zekrom|Teravolt\n|cant|p1a: Trevenant|par\n|\n|-heal|p2a: Zekrom|210/259|[from] item: Leftovers\n|upkeep\n|turn|32\n|inactive|Time left: 300 sec this turn | 300 sec total\n|\n|t:|1783564060\n|move|p2a: Zekrom|Dragon Dance|p2a: Zekrom\n|-boost|p2a: Zekrom|atk|1\n|-boost|p2a: Zekrom|spe|1\n|move|p1a: Trevenant|Poltergeist|p2a: Zekrom\n|-activate|p2a: Zekrom|move: Poltergeist|Leftovers\n|-damage|p2a: Zekrom|86/259\n|\n|-heal|p2a: Zekrom|102/259|[from] item: Leftovers\n|upkeep\n|turn|33\n|inactive|Time left: 300 sec this turn | 300 sec total\n|\n|t:|1783564061\n|move|p2a: Zekrom|Substitute|p2a: Zekrom\n|-start|p2a: Zekrom|Substitute\n|-damage|p2a: Zekrom|38/259\n|move|p1a: Trevenant|Poltergeist|p2a: Zekrom\n|-activate|p2a: Zekrom|move: Poltergeist|Leftovers\n|-end|p2a: Zekrom|Substitute\n|\n|-heal|p2a: Zekrom|54/259|[from] item: Leftovers\n|upkeep\n|turn|34\n|inactive|Time left: 300 sec this turn | 300 sec total\n|\n|t:|1783564062\n|move|p2a: Zekrom|Outrage|p1a: Trevenant\n|-damage|p1a: Trevenant|29/100 par\n|-enditem|p1a: Trevenant|Sitrus Berry|[eat]\n|-heal|p1a: Trevenant|54/100 par|[from] item: Sitrus Berry\n|move|p1a: Trevenant|Poltergeist|p2a: Zekrom\n|-activate|p2a: Zekrom|move: Poltergeist|Leftovers\n|-damage|p2a: Zekrom|0 fnt\n|faint|p2a: Zekrom\n|\n|upkeep\n|inactive|Time left: 300 sec this turn | 300 sec total | 5 sec grace\n|\n|t:|1783564063\n|switch|p2a: Whimsicott|Whimsicott, L84, M|238/238\n|turn|35\n|inactive|Time left: 300 sec this turn | 300 sec total\n|\n|t:|1783564064\n|move|p2a: Whimsicott|Substitute|p2a: Whimsicott\n|-start|p2a: Whimsicott|Substitute\n|-damage|p2a: Whimsicott|179/238\n|move|p1a: Trevenant|Poltergeist|p2a: Whimsicott|[miss]\n|-miss|p1a: Trevenant|p2a: Whimsicott\n|\n|-heal|p2a: Whimsicott|193/238|[from] item: Leftovers\n|-item|p1a: Trevenant|Sitrus Berry|[from] ability: Harvest\n|upkeep\n|turn|36\n|inactive|Time left: 300 sec this turn | 300 sec total\n|\n|t:|1783564065\n|move|p2a: Whimsicott|Moonblast|p1a: Trevenant\n|-damage|p1a: Trevenant|27/100 par\n|-enditem|p1a: Trevenant|Sitrus Berry|[eat]\n|-heal|p1a: Trevenant|52/100 par|[from] item: Sitrus Berry\n|cant|p1a: Trevenant|par\n|\n|-heal|p2a: Whimsicott|207/238|[from] item: Leftovers\n|upkeep\n|turn|37\n|inactive|Time left: 300 sec this turn | 300 sec total\n|\n|t:|1783564066\n|move|p2a: Whimsicott|Moonblast|p1a: Trevenant\n|-damage|p1a: Trevenant|24/100 par\n|cant|p1a: Trevenant|par\n|\n|-heal|p2a: Whimsicott|221/238|[from] item: Leftovers\n|-item|p1a: Trevenant|Sitrus Berry|[from] ability: Harvest\n|upkeep\n|-enditem|p1a: Trevenant|Sitrus Berry|[eat]\n|-heal|p1a: Trevenant|49/100 par|[from] item: Sitrus Berry\n|turn|38\n|inactive|Time left: 300 sec this turn | 300 sec total\n|\n|t:|1783564067\n|move|p2a: Whimsicott|Moonblast|p1a: Trevenant\n|-damage|p1a: Trevenant|22/100 par\n|move|p1a: Trevenant|Poltergeist|p2a: Whimsicott|[miss]\n|-miss|p1a: Trevenant|p2a: Whimsicott\n|\n|-heal|p2a: Whimsicott|235/238|[from] item: Leftovers\n|-item|p1a: Trevenant|Sitrus Berry|[from] ability: Harvest\n|upkeep\n|-enditem|p1a: Trevenant|Sitrus Berry|[eat]\n|-heal|p1a: Trevenant|47/100 par|[from] item: Sitrus Berry\n|turn|39\n|inactive|Time left: 300 sec this turn | 300 sec total\n|\n|t:|1783564068\n|move|p2a: Whimsicott|Moonblast|p1a: Trevenant\n|-crit|p1a: Trevenant\n|-damage|p1a: Trevenant|2/100 par\n|move|p1a: Trevenant|Poltergeist|p2a: Whimsicott\n|-activate|p2a: Whimsicott|move: Poltergeist|Leftovers\n|-end|p2a: Whimsicott|Substitute\n|\n|-heal|p2a: Whimsicott|238/238|[from] item: Leftovers\n|-item|p1a: Trevenant|Sitrus Berry|[from] ability: Harvest\n|upkeep\n|-enditem|p1a: Trevenant|Sitrus Berry|[eat]\n|-heal|p1a: Trevenant|27/100 par|[from] item: Sitrus Berry\n|turn|40\n|inactive|Time left: 300 sec this turn | 300 sec total\n|\n|t:|1783564069\n|move|p1a: Trevenant|Protect|p1a: Trevenant\n|-singleturn|p1a: Trevenant|Protect\n|move|p2a: Whimsicott|Moonblast|p1a: Trevenant\n|-activate|p1a: Trevenant|move: Protect\n|\n|upkeep\n|turn|41\n|inactive|Time left: 300 sec this turn | 300 sec total\n|\n|t:|1783564070\n|move|p1a: Trevenant|Protect|p1a: Trevenant\n|-singleturn|p1a: Trevenant|Protect\n|move|p2a: Whimsicott|Moonblast|p1a: Trevenant\n|-activate|p1a: Trevenant|move: Protect\n|\n|-item|p1a: Trevenant|Sitrus Berry|[from] ability: Harvest\n|upkeep\n|-enditem|p1a: Trevenant|Sitrus Berry|[eat]\n|-heal|p1a: Trevenant|52/100 par|[from] item: Sitrus Berry\n|turn|42\n|inactive|Time left: 300 sec this turn | 300 sec total\n|\n|t:|1783564071\n|move|p2a: Whimsicott|Substitute|p2a: Whimsicott\n|-start|p2a: Whimsicott|Substitute\n|-damage|p2a: Whimsicott|179/238\n|move|p1a: Trevenant|Poltergeist|p2a: Whimsicott\n|-activate|p2a: Whimsicott|move: Poltergeist|Leftovers\n|-end|p2a: Whimsicott|Substitute\n|\n|-heal|p2a: Whimsicott|193/238|[from] item: Leftovers\n|upkeep\n|turn|43\n|inactive|Time left: 300 sec this turn | 300 sec total\n|\n|t:|1783564072\n|move|p2a: Whimsicott|Moonblast|p1a: Trevenant\n|-damage|p1a: Trevenant|22/100 par\n|-unboost|p1a: Trevenant|spa|1\n|move|p1a: Trevenant|Poltergeist|p2a: Whimsicott\n|-activate|p2a: Whimsicott|move: Poltergeist|Leftovers\n|-damage|p2a: Whimsicott|43/238\n|\n|-heal|p2a: Whimsicott|57/238|[from] item: Leftovers\n|upkeep\n|turn|44\n|inactive|Time left: 300 sec this turn | 300 sec total\n|\n|t:|1783564073\n|move|p2a: Whimsicott|Moonblast|p1a: Trevenant\n|-damage|p1a: Trevenant|0 fnt\n|faint|p1a: Trevenant\n|\n|-heal|p2a: Whimsicott|71/238|[from] item: Leftovers\n|upkeep\n|\n|t:|1783564074\n|switch|p1a: Altaria|Altaria, L89, M|100/100\n|turn|45\n|inactive|Time left: 300 sec this turn | 300 sec total\n|\n|t:|1783564075\n|move|p2a: Whimsicott|Moonblast|p1a: Altaria\n|-supereffective|p1a: Altaria\n|-damage|p1a: Altaria|51/100\n|move|p1a: Altaria|Brave Bird|p2a: Whimsicott\n|-supereffective|p2a: Whimsicott\n|-damage|p2a: Whimsicott|0 fnt\n|faint|p2a: Whimsicott\n|-damage|p1a: Altaria|43/100|[from] Recoil\n|\n|upkeep\n|inactive|Time left: 300 sec this turn | 300 sec total | 5 sec grace\n|\n|t:|1783564076\n|switch|p2a: Chansey|Chansey, L85, F|546/564\n|turn|46\n|inactive|Time left: 300 sec this turn | 300 sec total\n|\n|t:|1783564077\n|move|p1a: Altaria|Roost|p1a: Altaria\n|-heal|p1a: Altaria|93/100\n|-singleturn|p1a: Altaria|move: Roost\n|move|p2a: Chansey|Seismic Toss|p1a: Altaria\n|-damage|p1a: Altaria|62/100\n|\n|upkeep\n|turn|47\n|inactive|Time left: 300 sec this turn | 300 sec total\n|\n|t:|1783564078\n|move|p1a: Altaria|Roost|p1a: Altaria\n|-heal|p1a: Altaria|100/100\n|-singleturn|p1a: Altaria|move: Roost\n|move|p2a: Chansey|Seismic Toss|p1a: Altaria\n|-damage|p1a: Altaria|70/100\n|\n|upkeep\n|turn|48\n|inactive|Time left: 300 sec this turn | 300 sec total\n|\n|t:|1783564079\n|move|p1a: Altaria|Roost|p1a: Altaria\n|-heal|p1a: Altaria|100/100\n|-singleturn|p1a: Altaria|move: Roost\n|move|p2a: Chansey|Seismic Toss|p1a: Altaria\n|-damage|p1a: Altaria|70/100\n|\n|upkeep\n|turn|49\n|inactive|Time left: 300 sec this turn | 300 sec total\n|\n|t:|1783564081\n|move|p1a: Altaria|Roost|p1a: Altaria\n|-heal|p1a: Altaria|100/100\n|-singleturn|p1a: Altaria|move: Roost\n|move|p2a: Chansey|Seismic Toss|p1a: Altaria\n|-damage|p1a: Altaria|70/100\n|\n|upkeep\n|turn|50\n|inactive|Time left: 300 sec this turn | 300 sec total\n|\n|t:|1783564082\n|move|p1a: Altaria|Roost|p1a: Altaria\n|-heal|p1a: Altaria|100/100\n|-singleturn|p1a: Altaria|move: Roost\n|move|p2a: Chansey|Seismic Toss|p1a: Altaria\n|-damage|p1a: Altaria|70/100\n|\n|upkeep\n|turn|51\n|inactive|Time left: 300 sec this turn | 300 sec total\n|\n|t:|1783564083\n|move|p1a: Altaria|Roost|p1a: Altaria\n|-heal|p1a: Altaria|100/100\n|-singleturn|p1a: Altaria|move: Roost\n|move|p2a: Chansey|Seismic Toss|p1a: Altaria\n|-damage|p1a: Altaria|70/100\n|\n|upkeep\n|turn|52\n|inactive|Time left: 300 sec this turn | 300 sec total\n|\n|t:|1783564084\n|move|p1a: Altaria|Roost|p1a: Altaria\n|-heal|p1a: Altaria|100/100\n|-singleturn|p1a: Altaria|move: Roost\n|move|p2a: Chansey|Seismic Toss|p1a: Altaria\n|-damage|p1a: Altaria|70/100\n|\n|upkeep\n|turn|53\n|inactive|Time left: 300 sec this turn | 300 sec total\n|\n|t:|1783564085\n|move|p1a: Altaria|Will-O-Wisp|p2a: Chansey\n|-status|p2a: Chansey|brn\n|move|p2a: Chansey|Seismic Toss|p1a: Altaria\n|-damage|p1a: Altaria|39/100\n|\n|-damage|p2a: Chansey|511/564 brn|[from] brn\n|upkeep\n|turn|54\n|inactive|Time left: 300 sec this turn | 300 sec total\n|\n|t:|1783564086\n|move|p1a: Altaria|Roost|p1a: Altaria\n|-heal|p1a: Altaria|89/100\n|-singleturn|p1a: Altaria|move: Roost\n|move|p2a: Chansey|Seismic Toss|p1a: Altaria\n|-damage|p1a: Altaria|59/100\n|\n|-damage|p2a: Chansey|476/564 brn|[from] brn\n|upkeep\n|turn|55\n|inactive|Time left: 300 sec this turn | 300 sec total\n|\n|t:|1783564087\n|switch|p1a: Dedenne|Dedenne, L88, M|61/100\n|move|p2a: Chansey|Seismic Toss|p1a: Dedenne\n|-damage|p1a: Dedenne|28/100\n|\n|-damage|p2a: Chansey|441/564 brn|[from] brn\n|upkeep\n|turn|56\n|inactive|Time left: 300 sec this turn | 300 sec total\n|\n|t:|1783564088\n|move|p1a: Dedenne|Super Fang|p2a: Chansey\n|-damage|p2a: Chansey|221/564 brn\n|move|p2a: Chansey|Seismic Toss|p1a: Dedenne\n|-damage|p1a: Dedenne|0 fnt\n|faint|p1a: Dedenne\n|\n|-damage|p2a: Chansey|186/564 brn|[from] brn\n|upkeep\n|\n|t:|1783564089\n|switch|p1a: Altaria|Altaria, L89, M|59/100\n|turn|57\n|inactive|Time left: 300 sec this turn | 300 sec total\n|\n|t:|1783564090\n|-terastallize|p2a: Chansey|Poison\n|move|p1a: Altaria|Will-O-Wisp|p2a: Chansey\n|-fail|p2a: Chansey|brn\n|move|p2a: Chansey|Seismic Toss|p1a: Altaria\n|-damage|p1a: Altaria|28/100\n|\n|-damage|p2a: Chansey|151/564 brn|[from] brn\n|upkeep\n|turn|58\n|inactive|Time left: 300 sec this turn | 300 sec total\n|\n|t:|1783564091\n|-terastallize|p1a: Altaria|Steel\n|move|p1a: Altaria|Defog|p2a: Chansey\n|-unboost|p2a: Chansey|evasion|1\n|move|p2a: Chansey|Seismic Toss|p1a: Altaria\n|-damage|p1a: Altaria|0 fnt\n|faint|p1a: Altaria\n|\n|win|p0y20732b01", "uploadtime": 1783564091, "views": 0, "rating": 0, "private": 0, "password": null, "_winner": "p0y20732b01", "_our_name": "p0y20732b01"}