{"id": "battle-gen9randombattle-251", "formatid": "gen9randombattle", "format": "[Gen 9] Random Battle", "players": ["p0x2519772", "p0y2511018"], "log": "|init|battle\n|title|p0x2519772 vs. p0y2511018\n|j|\u2606p0x2519772\n|j|\u2606p0y2511018\n|t:|1783542487\n|gametype|singles\n|player|p1|p0x2519772|101|\n|player|p2|p0y2511018|266|\n|gen|9\n|tier|[Gen 9] Random Battle\n|rule|Species Clause: Limit one of each Pok\u00e9mon\n|rule|HP Percentage Mod: HP is shown in percentages\n|rule|Sleep Clause Mod: Limit one foe put to sleep\n|rule|Illusion Level Mod: Illusion disguises the Pok\u00e9mon's true level\n|\n|t:|1783542487\n|teamsize|p1|6\n|teamsize|p2|6\n|start\n|switch|p1a: Stantler|Stantler, L92, M|100/100\n|switch|p2a: Indeedee|Indeedee, L84, M|238/238\n|-ability|p1a: Stantler|Intimidate|boost\n|-unboost|p2a: Indeedee|atk|1\n|-fieldstart|move: Psychic Terrain|[from] ability: Psychic Surge|[of] p2a: Indeedee\n|turn|1\n|inactive|Battle timer is ON: inactive players will automatically lose when time's up. (requested by p0y2511018)\n|inactive|p0x2519772 also wants the timer to be on.\n|\n|t:|1783542488\n|move|p1a: Stantler|Calm Mind|p1a: Stantler\n|-boost|p1a: Stantler|spa|1\n|-boost|p1a: Stantler|spd|1\n|move|p2a: Indeedee|Expanding Force|p1a: Stantler\n|-damage|p1a: Stantler|60/100\n|-damage|p2a: Indeedee|215/238|[from] item: Life Orb\n|\n|upkeep\n|turn|2\n|inactive|Time left: 300 sec this turn | 300 sec total\n|\n|t:|1783542490\n|move|p1a: Stantler|Tera Blast|p2a: Indeedee\n|-crit|p2a: Indeedee\n|-damage|p2a: Indeedee|7/238\n|move|p2a: Indeedee|Expanding Force|p1a: Stantler\n|-damage|p1a: Stantler|19/100\n|-damage|p2a: Indeedee|0 fnt|[from] item: Life Orb\n|faint|p2a: Indeedee\n|\n|upkeep\n|inactive|Time left: 300 sec this turn | 300 sec total | 5 sec grace\n|\n|t:|1783542491\n|switch|p2a: Whiscash|Whiscash, L88, F|337/337\n|turn|3\n|inactive|Time left: 300 sec this turn | 300 sec total\n|\n|t:|1783542492\n|move|p1a: Stantler|Tera Blast|p2a: Whiscash\n|-damage|p2a: Whiscash|180/337\n|move|p2a: Whiscash|Earthquake|p1a: Stantler\n|-damage|p1a: Stantler|0 fnt\n|faint|p1a: Stantler\n|\n|-heal|p2a: Whiscash|201/337|[from] item: Leftovers\n|upkeep\n|\n|t:|1783542493\n|switch|p1a: Luxray|Luxray, L88, F|100/100\n|turn|4\n|inactive|Time left: 300 sec this turn | 300 sec total\n|\n|t:|1783542494\n|-terastallize|p2a: Whiscash|Ghost\n|move|p1a: Luxray|Trailblaze|p2a: Whiscash\n|-damage|p2a: Whiscash|150/337\n|-boost|p1a: Luxray|spe|1\n|move|p2a: Whiscash|Earthquake|p1a: Luxray\n|-supereffective|p1a: Luxray\n|-damage|p1a: Luxray|31/100\n|\n|-heal|p2a: Whiscash|171/337|[from] item: Leftovers\n|-status|p1a: Luxray|brn|[from] item: Flame Orb\n|upkeep\n|turn|5\n|inactive|Time left: 300 sec this turn | 300 sec total\n|\n|t:|1783542495\n|switch|p2a: Coalossal|Coalossal, L89, F|341/341\n|move|p1a: Luxray|Throat Chop|p2a: Coalossal\n|-damage|p2a: Coalossal|261/341\n|-start|p2a: Coalossal|Throat Chop|[silent]\n|\n|-damage|p1a: Luxray|25/100 brn|[from] brn\n|-fieldend|move: Psychic Terrain\n|upkeep\n|turn|6\n|inactive|Time left: 300 sec this turn | 300 sec total\n|\n|t:|1783542496\n|move|p1a: Luxray|Supercell Slam|p2a: Coalossal\n|-damage|p2a: Coalossal|120/341\n|move|p2a: Coalossal|Stone Edge|p1a: Luxray\n|-damage|p1a: Luxray|0 fnt\n|faint|p1a: Luxray\n|\n|-end|p2a: Coalossal|Throat Chop|[silent]\n|upkeep\n|\n|t:|1783542497\n|switch|p1a: Kleavor|Kleavor, L78, F|100/100\n|turn|7\n|inactive|Time left: 300 sec this turn | 300 sec total\n|\n|t:|1783542498\n|move|p1a: Kleavor|Stone Axe|p2a: Coalossal\n|-supereffective|p2a: Coalossal\n|-damage|p2a: Coalossal|0 fnt\n|-status|p1a: Kleavor|brn|[from] ability: Flame Body|[of] p2a: Coalossal\n|-sidestart|p2: p0y2511018|move: Stealth Rock\n|faint|p2a: Coalossal\n|\n|-damage|p1a: Kleavor|95/100 brn|[from] brn\n|upkeep\n|inactive|Time left: 300 sec this turn | 300 sec total | 5 sec grace\n|\n|t:|1783542499\n|switch|p2a: Brambleghast|Brambleghast, L88, F|240/240\n|-damage|p2a: Brambleghast|210/240|[from] Stealth Rock\n|turn|8\n|inactive|Time left: 300 sec this turn | 300 sec total\n|\n|t:|1783542500\n|move|p2a: Brambleghast|Leech Seed|p1a: Kleavor\n|-start|p1a: Kleavor|move: Leech Seed\n|move|p1a: Kleavor|X-Scissor|p2a: Brambleghast\n|-damage|p2a: Brambleghast|128/240\n|\n|-heal|p2a: Brambleghast|143/240|[from] item: Leftovers\n|-damage|p1a: Kleavor|82/100 brn|[from] Leech Seed|[of] p2a: Brambleghast\n|-heal|p2a: Brambleghast|172/240|[silent]\n|-damage|p1a: Kleavor|76/100 brn|[from] brn\n|upkeep\n|turn|9\n|inactive|Time left: 300 sec this turn | 300 sec total\n|\n|t:|1783542501\n|move|p2a: Brambleghast|Substitute|p2a: Brambleghast\n|-start|p2a: Brambleghast|Substitute\n|-damage|p2a: Brambleghast|112/240\n|move|p1a: Kleavor|X-Scissor|p2a: Brambleghast\n|-end|p2a: Brambleghast|Substitute\n|\n|-heal|p2a: Brambleghast|127/240|[from] item: Leftovers\n|-damage|p1a: Kleavor|64/100 brn|[from] Leech Seed|[of] p2a: Brambleghast\n|-heal|p2a: Brambleghast|156/240|[silent]\n|-damage|p1a: Kleavor|58/100 brn|[from] brn\n|upkeep\n|turn|10\n|inactive|Time left: 300 sec this turn | 300 sec total\n|\n|t:|1783542502\n|move|p2a: Brambleghast|Power Whip|p1a: Kleavor|[miss]\n|-miss|p2a: Brambleghast|p1a: Kleavor\n|move|p1a: Kleavor|X-Scissor|p2a: Brambleghast\n|-damage|p2a: Brambleghast|69/240\n|\n|-heal|p2a: Brambleghast|84/240|[from] item: Leftovers\n|-damage|p1a: Kleavor|46/100 brn|[from] Leech Seed|[of] p2a: Brambleghast\n|-heal|p2a: Brambleghast|113/240|[silent]\n|-damage|p1a: Kleavor|40/100 brn|[from] brn\n|upkeep\n|turn|11\n|inactive|Time left: 300 sec this turn | 300 sec total\n|\n|t:|1783542503\n|move|p2a: Brambleghast|Substitute|p2a: Brambleghast\n|-start|p2a: Brambleghast|Substitute\n|-damage|p2a: Brambleghast|53/240\n|move|p1a: Kleavor|X-Scissor|p2a: Brambleghast\n|-end|p2a: Brambleghast|Substitute\n|\n|-heal|p2a: Brambleghast|68/240|[from] item: Leftovers\n|-damage|p1a: Kleavor|28/100 brn|[from] Leech Seed|[of] p2a: Brambleghast\n|-heal|p2a: Brambleghast|97/240|[silent]\n|-damage|p1a: Kleavor|22/100 brn|[from] brn\n|upkeep\n|turn|12\n|inactive|Time left: 300 sec this turn | 300 sec total\n|\n|t:|1783542504\n|switch|p1a: Torterra|Torterra, L78, M|100/100\n|move|p2a: Brambleghast|Poltergeist|p1a: Torterra\n|-activate|p1a: Torterra|move: Poltergeist|Loaded Dice\n|-damage|p1a: Torterra|52/100\n|\n|-heal|p2a: Brambleghast|112/240|[from] item: Leftovers\n|upkeep\n|turn|13\n|inactive|Time left: 300 sec this turn | 300 sec total\n|\n|t:|1783542505\n|move|p2a: Brambleghast|Power Whip|p1a: Torterra\n|-crit|p1a: Torterra\n|-damage|p1a: Torterra|0 fnt\n|faint|p1a: Torterra\n|\n|-heal|p2a: Brambleghast|127/240|[from] item: Leftovers\n|upkeep\n|\n|t:|1783542506\n|switch|p1a: Chandelure|Chandelure, L83, F|100/100\n|turn|14\n|inactive|Time left: 300 sec this turn | 300 sec total\n|\n|t:|1783542507\n|-terastallize|p1a: Chandelure|Fire\n|move|p2a: Brambleghast|Poltergeist|p1a: Chandelure\n|-activate|p1a: Chandelure|move: Poltergeist|Heavy-Duty Boots\n|-damage|p1a: Chandelure|37/100\n|move|p1a: Chandelure|Shadow Ball|p2a: Brambleghast\n|-supereffective|p2a: Brambleghast\n|-crit|p2a: Brambleghast\n|-damage|p2a: Brambleghast|0 fnt\n|faint|p2a: Brambleghast\n|\n|upkeep\n|inactive|Time left: 300 sec this turn | 300 sec total | 5 sec grace\n|\n|t:|1783542508\n|switch|p2a: Regieleki|Regieleki, L79|256/256\n|-damage|p2a: Regieleki|224/256|[from] Stealth Rock\n|turn|15\n|inactive|Time left: 300 sec this turn | 300 sec total\n|\n|t:|1783542509\n|switch|p1a: Kleavor|Kleavor, L78, F|22/100 brn\n|move|p2a: Regieleki|Thunderbolt|p1a: Kleavor\n|-damage|p1a: Kleavor|0 fnt\n|faint|p1a: Kleavor\n|\n|upkeep\n|\n|t:|1783542511\n|switch|p1a: Carbink|Carbink, L90|100/100\n|turn|16\n|inactive|Time left: 300 sec this turn | 300 sec total\n|\n|t:|1783542512\n|move|p2a: Regieleki|Volt Switch|p1a: Carbink\n|-damage|p1a: Carbink|73/100\n|inactive|Time left: 300 sec this turn | 300 sec total | 5 sec grace\n|\n|t:|1783542513\n|switch|p2a: Whiscash|Whiscash, L88, F, tera:Ghost|171/337|[from] Volt Switch\n|-damage|p2a: Whiscash|129/337|[from] Stealth Rock\n|move|p1a: Carbink|Moonblast|p2a: Whiscash\n|-damage|p2a: Whiscash|48/337\n|\n|-heal|p2a: Whiscash|69/337|[from] item: Leftovers\n|upkeep\n|turn|17\n|inactive|Time left: 300 sec this turn | 300 sec total\n|\n|t:|1783542514\n|move|p2a: Whiscash|Earthquake|p1a: Carbink\n|-supereffective|p1a: Carbink\n|-damage|p1a: Carbink|18/100\n|move|p1a: Carbink|Rest|p1a: Carbink\n|-status|p1a: Carbink|slp|[from] move: Rest\n|-heal|p1a: Carbink|100/100 slp|[silent]\n|-enditem|p1a: Carbink|Chesto Berry|[eat]\n|-curestatus|p1a: Carbink|slp|[msg]\n|\n|-heal|p2a: Whiscash|90/337|[from] item: Leftovers\n|upkeep\n|turn|18\n|inactive|Time left: 300 sec this turn | 300 sec total\n|\n|t:|1783542515\n|move|p2a: Whiscash|Earthquake|p1a: Carbink\n|-supereffective|p1a: Carbink\n|-damage|p1a: Carbink|52/100\n|move|p1a: Carbink|Moonblast|p2a: Whiscash\n|-damage|p2a: Whiscash|3/337\n|-unboost|p2a: Whiscash|spa|1\n|\n|-heal|p2a: Whiscash|24/337|[from] item: Leftovers\n|upkeep\n|turn|19\n|inactive|Time left: 300 sec this turn | 300 sec total\n|\n|t:|1783542516\n|move|p2a: Whiscash|Earthquake|p1a: Carbink\n|-supereffective|p1a: Carbink\n|-damage|p1a: Carbink|0 fnt\n|faint|p1a: Carbink\n|\n|-heal|p2a: Whiscash|45/337|[from] item: Leftovers\n|upkeep\n|\n|t:|1783542517\n|switch|p1a: Chandelure|Chandelure, L83, F, tera:Fire|37/100\n|turn|20\n|inactive|Time left: 300 sec this turn | 300 sec total\n|\n|t:|1783542518\n|move|p1a: Chandelure|Fire Blast|p2a: Whiscash\n|-damage|p2a: Whiscash|0 fnt\n|faint|p2a: Whiscash\n|\n|upkeep\n|inactive|Time left: 300 sec this turn | 300 sec total | 5 sec grace\n|\n|t:|1783542519\n|switch|p2a: Regieleki|Regieleki, L79|224/256\n|-damage|p2a: Regieleki|192/256|[from] Stealth Rock\n|turn|21\n|inactive|Time left: 300 sec this turn | 300 sec total\n|\n|t:|1783542520\n|move|p2a: Regieleki|Volt Switch|p1a: Chandelure\n|-damage|p1a: Chandelure|0 fnt\n|faint|p1a: Chandelure\n|\n|win|p0y2511018", "uploadtime": 1783542520, "views": 0, "rating": 0, "private": 0, "password": null, "_winner": "p0y2511018", "_our_name": "p0y2511018"}