{"id": "battle-gen9randombattle-1244", "formatid": "gen9randombattle", "format": "[Gen 9] Random Battle", "players": ["p0x1244a415", "p0y12446a72"], "log": "|init|battle\n|title|p0x1244a415 vs. p0y12446a72\n|j|\u2606p0x1244a415\n|j|\u2606p0y12446a72\n|t:|1783553552\n|gametype|singles\n|player|p1|p0x1244a415|169|\n|player|p2|p0y12446a72|265|\n|gen|9\n|tier|[Gen 9] Random Battle\n|rule|Species Clause: Limit one of each Pok\u00e9mon\n|rule|HP Percentage Mod: HP is shown in percentages\n|rule|Sleep Clause Mod: Limit one foe put to sleep\n|rule|Illusion Level Mod: Illusion disguises the Pok\u00e9mon's true level\n|\n|t:|1783553552\n|teamsize|p1|6\n|teamsize|p2|6\n|start\n|switch|p1a: Reshiram|Reshiram, L76|277/277\n|switch|p2a: Magnezone|Magnezone, L85|100/100\n|-ability|p1a: Reshiram|Turboblaze\n|turn|1\n|inactive|Battle timer is ON: inactive players will automatically lose when time's up. (requested by p0x1244a415)\n|inactive|p0y12446a72 also wants the timer to be on.\n|\n|t:|1783553553\n|move|p1a: Reshiram|Flare Blitz|p2a: Magnezone\n|-supereffective|p2a: Magnezone\n|-damage|p2a: Magnezone|21/100\n|-damage|p1a: Reshiram|210/277|[from] Recoil\n|move|p2a: Magnezone|Discharge|p1a: Reshiram\n|-resisted|p1a: Reshiram\n|-damage|p1a: Reshiram|160/277\n|\n|upkeep\n|turn|2\n|inactive|Time left: 300 sec this turn | 300 sec total\n|\n|t:|1783553554\n|switch|p2a: Empoleon|Empoleon, L84, M|100/100\n|move|p1a: Reshiram|Flare Blitz|p2a: Empoleon\n|-damage|p2a: Empoleon|52/100\n|-damage|p1a: Reshiram|115/277|[from] Recoil\n|\n|-heal|p2a: Empoleon|58/100|[from] item: Leftovers\n|upkeep\n|turn|3\n|inactive|Time left: 300 sec this turn | 300 sec total\n|\n|t:|1783553555\n|move|p1a: Reshiram|Outrage|p2a: Empoleon\n|-resisted|p2a: Empoleon\n|-damage|p2a: Empoleon|36/100\n|move|p2a: Empoleon|Surf|p1a: Reshiram\n|-damage|p1a: Reshiram|19/277\n|\n|-heal|p2a: Empoleon|43/100|[from] item: Leftovers\n|upkeep\n|turn|4\n|inactive|Time left: 300 sec this turn | 300 sec total\n|\n|t:|1783553556\n|move|p1a: Reshiram|Outrage|p2a: Empoleon|[from] lockedmove\n|-resisted|p2a: Empoleon\n|-damage|p2a: Empoleon|21/100\n|move|p2a: Empoleon|Roost|p2a: Empoleon\n|-heal|p2a: Empoleon|71/100\n|-singleturn|p2a: Empoleon|move: Roost\n|\n|-heal|p2a: Empoleon|77/100|[from] item: Leftovers\n|upkeep\n|turn|5\n|inactive|Time left: 300 sec this turn | 300 sec total\n|\n|t:|1783553557\n|move|p1a: Reshiram|Outrage|p2a: Empoleon|[from] lockedmove\n|-resisted|p2a: Empoleon\n|-damage|p2a: Empoleon|54/100\n|-start|p1a: Reshiram|confusion|[fatigue]\n|move|p2a: Empoleon|Ice Beam|p1a: Reshiram\n|-damage|p1a: Reshiram|0 fnt\n|faint|p1a: Reshiram\n|\n|-heal|p2a: Empoleon|61/100|[from] item: Leftovers\n|upkeep\n|inactive|Time left: 300 sec this turn | 300 sec total | 5 sec grace\n|\n|t:|1783553558\n|switch|p1a: Magnezone|Magnezone, L85|258/258\n|turn|6\n|inactive|Time left: 300 sec this turn | 300 sec total\n|\n|t:|1783553559\n|move|p1a: Magnezone|Discharge|p2a: Empoleon\n|-supereffective|p2a: Empoleon\n|-damage|p2a: Empoleon|0 fnt\n|faint|p2a: Empoleon\n|\n|upkeep\n|\n|t:|1783553560\n|switch|p2a: Armarouge|Armarouge, L80, M|100/100\n|turn|7\n|inactive|Time left: 300 sec this turn | 300 sec total\n|\n|t:|1783553561\n|switch|p1a: Dusknoir|Dusknoir, L89, M|225/225\n|-item|p2a: Armarouge|Power Herb|[from] ability: Frisk|[of] p1a: Dusknoir\n|move|p2a: Armarouge|Armor Cannon|p1a: Dusknoir\n|-damage|p1a: Dusknoir|131/225\n|-unboost|p2a: Armarouge|def|1\n|-unboost|p2a: Armarouge|spd|1\n|\n|upkeep\n|turn|8\n|inactive|Time left: 300 sec this turn | 300 sec total\n|\n|t:|1783553562\n|switch|p2a: Tornadus|Tornadus, L82, M|100/100\n|move|p1a: Dusknoir|Earthquake|p2a: Tornadus\n|-immune|p2a: Tornadus\n|\n|upkeep\n|turn|9\n|inactive|Time left: 300 sec this turn | 300 sec total\n|\n|t:|1783553563\n|move|p2a: Tornadus|Nasty Plot|p2a: Tornadus\n|-boost|p2a: Tornadus|spa|2\n|move|p1a: Dusknoir|Earthquake|p2a: Tornadus\n|-immune|p2a: Tornadus\n|\n|upkeep\n|turn|10\n|inactive|Time left: 300 sec this turn | 300 sec total\n|\n|t:|1783553564\n|switch|p1a: Magnezone|Magnezone, L85|258/258\n|move|p2a: Tornadus|Heat Wave|p1a: Magnezone\n|-supereffective|p1a: Magnezone\n|-damage|p1a: Magnezone|0 fnt\n|faint|p1a: Magnezone\n|\n|upkeep\n|inactive|Time left: 300 sec this turn | 300 sec total | 5 sec grace\n|\n|t:|1783553565\n|switch|p1a: Leavanny|Leavanny, L86, F|269/269\n|turn|11\n|inactive|Time left: 300 sec this turn | 300 sec total\n|\n|t:|1783553566\n|-terastallize|p1a: Leavanny|Rock\n|move|p2a: Tornadus|Bleakwind Storm|p1a: Leavanny|[miss]\n|-miss|p2a: Tornadus|p1a: Leavanny\n|move|p1a: Leavanny|Sticky Web|p2a: Tornadus\n|-sidestart|p2: p0y12446a72|move: Sticky Web\n|\n|upkeep\n|turn|12\n|inactive|Time left: 300 sec this turn | 300 sec total\n|\n|t:|1783553567\n|move|p2a: Tornadus|Focus Blast|p1a: Leavanny|[miss]\n|-miss|p2a: Tornadus|p1a: Leavanny\n|move|p1a: Leavanny|Triple Axel|p2a: Tornadus\n|-supereffective|p2a: Tornadus\n|-damage|p2a: Tornadus|84/100\n|-supereffective|p2a: Tornadus\n|-damage|p2a: Tornadus|54/100\n|-supereffective|p2a: Tornadus\n|-damage|p2a: Tornadus|8/100\n|-hitcount|p2a: Tornadus|3\n|\n|upkeep\n|turn|13\n|inactive|Time left: 300 sec this turn | 300 sec total\n|\n|t:|1783553568\n|switch|p1a: Dusknoir|Dusknoir, L89, M|131/225\n|-item|p2a: Tornadus|Heavy-Duty Boots|[from] ability: Frisk|[of] p1a: Dusknoir\n|move|p2a: Tornadus|Focus Blast|p1a: Dusknoir\n|-immune|p1a: Dusknoir\n|\n|upkeep\n|turn|14\n|inactive|Time left: 300 sec this turn | 300 sec total\n|\n|t:|1783553569\n|move|p1a: Dusknoir|Shadow Sneak|p2a: Tornadus\n|-damage|p2a: Tornadus|0 fnt\n|faint|p2a: Tornadus\n|\n|upkeep\n|\n|t:|1783553570\n|switch|p2a: Armarouge|Armarouge, L80, M|100/100\n|-activate|p2a: Armarouge|move: Sticky Web\n|-unboost|p2a: Armarouge|spe|1\n|turn|15\n|inactive|Time left: 300 sec this turn | 300 sec total\n|\n|t:|1783553571\n|-terastallize|p2a: Armarouge|Fire\n|move|p1a: Dusknoir|Shadow Sneak|p2a: Armarouge\n|-damage|p2a: Armarouge|72/100\n|-ability|p2a: Armarouge|Weak Armor|boost\n|-unboost|p2a: Armarouge|def|1\n|-boost|p2a: Armarouge|spe|2\n|move|p2a: Armarouge|Armor Cannon|p1a: Dusknoir\n|-damage|p1a: Dusknoir|5/225\n|-unboost|p2a: Armarouge|def|1\n|-unboost|p2a: Armarouge|spd|1\n|\n|upkeep\n|turn|16\n|inactive|Time left: 300 sec this turn | 300 sec total\n|\n|t:|1783553573\n|move|p1a: Dusknoir|Shadow Sneak|p2a: Armarouge\n|-damage|p2a: Armarouge|21/100\n|-ability|p2a: Armarouge|Weak Armor|boost\n|-unboost|p2a: Armarouge|def|1\n|-boost|p2a: Armarouge|spe|2\n|move|p2a: Armarouge|Armor Cannon|p1a: Dusknoir\n|-damage|p1a: Dusknoir|0 fnt\n|-unboost|p2a: Armarouge|def|1\n|-unboost|p2a: Armarouge|spd|1\n|faint|p1a: Dusknoir\n|\n|upkeep\n|inactive|Time left: 300 sec this turn | 300 sec total | 5 sec grace\n|\n|t:|1783553574\n|switch|p1a: Leavanny|Leavanny, L86, F, tera:Rock|269/269\n|turn|17\n|inactive|Time left: 300 sec this turn | 300 sec total\n|\n|t:|1783553574\n|move|p2a: Armarouge|Meteor Beam||[still]\n|-prepare|p2a: Armarouge|Meteor Beam\n|-boost|p2a: Armarouge|spa|1\n|-enditem|p2a: Armarouge|Power Herb\n|-anim|p2a: Armarouge|Meteor Beam|p1a: Leavanny\n|-damage|p1a: Leavanny|115/269\n|move|p1a: Leavanny|Knock Off|p2a: Armarouge\n|-damage|p2a: Armarouge|0 fnt\n|faint|p2a: Armarouge\n|\n|upkeep\n|\n|t:|1783553575\n|switch|p2a: Chimecho|Chimecho, L93, F|100/100\n|turn|18\n|inactive|Time left: 300 sec this turn | 300 sec total\n|\n|t:|1783553576\n|move|p1a: Leavanny|Knock Off|p2a: Chimecho\n|-supereffective|p2a: Chimecho\n|-damage|p2a: Chimecho|53/100\n|-enditem|p2a: Chimecho|Leftovers|[from] move: Knock Off|[of] p1a: Leavanny\n|move|p2a: Chimecho|Calm Mind|p2a: Chimecho\n|-boost|p2a: Chimecho|spa|1\n|-boost|p2a: Chimecho|spd|1\n|\n|upkeep\n|turn|19\n|inactive|Time left: 300 sec this turn | 300 sec total\n|\n|t:|1783553578\n|move|p1a: Leavanny|Bullet Seed|p2a: Chimecho\n|-damage|p2a: Chimecho|42/100\n|-damage|p2a: Chimecho|31/100\n|-damage|p2a: Chimecho|20/100\n|-damage|p2a: Chimecho|10/100\n|-hitcount|p2a: Chimecho|4\n|move|p2a: Chimecho|Recover|p2a: Chimecho\n|-heal|p2a: Chimecho|60/100\n|\n|upkeep\n|turn|20\n|inactive|Time left: 300 sec this turn | 300 sec total\n|\n|t:|1783553579\n|move|p1a: Leavanny|Bullet Seed|p2a: Chimecho\n|-damage|p2a: Chimecho|50/100\n|-damage|p2a: Chimecho|40/100\n|-damage|p2a: Chimecho|30/100\n|-damage|p2a: Chimecho|19/100\n|-damage|p2a: Chimecho|9/100\n|-hitcount|p2a: Chimecho|5\n|move|p2a: Chimecho|Recover|p2a: Chimecho\n|-heal|p2a: Chimecho|59/100\n|\n|upkeep\n|turn|21\n|inactive|Time left: 300 sec this turn | 300 sec total\n|\n|t:|1783553580\n|move|p1a: Leavanny|Bullet Seed|p2a: Chimecho\n|-damage|p2a: Chimecho|50/100\n|-damage|p2a: Chimecho|40/100\n|-damage|p2a: Chimecho|31/100\n|-damage|p2a: Chimecho|20/100\n|-damage|p2a: Chimecho|10/100\n|-hitcount|p2a: Chimecho|5\n|move|p2a: Chimecho|Recover|p2a: Chimecho\n|-heal|p2a: Chimecho|60/100\n|\n|upkeep\n|turn|22\n|inactive|Time left: 300 sec this turn | 300 sec total\n|\n|t:|1783553581\n|move|p1a: Leavanny|Bullet Seed|p2a: Chimecho\n|-damage|p2a: Chimecho|51/100\n|-damage|p2a: Chimecho|40/100\n|-damage|p2a: Chimecho|31/100\n|-damage|p2a: Chimecho|20/100\n|-hitcount|p2a: Chimecho|4\n|move|p2a: Chimecho|Recover|p2a: Chimecho\n|-heal|p2a: Chimecho|70/100\n|\n|upkeep\n|turn|23\n|inactive|Time left: 300 sec this turn | 300 sec total\n|\n|t:|1783553582\n|move|p1a: Leavanny|Bullet Seed|p2a: Chimecho\n|-damage|p2a: Chimecho|60/100\n|-damage|p2a: Chimecho|50/100\n|-damage|p2a: Chimecho|39/100\n|-crit|p2a: Chimecho\n|-damage|p2a: Chimecho|25/100\n|-damage|p2a: Chimecho|15/100\n|-hitcount|p2a: Chimecho|5\n|move|p2a: Chimecho|Recover|p2a: Chimecho\n|-heal|p2a: Chimecho|65/100\n|\n|upkeep\n|turn|24\n|inactive|Time left: 300 sec this turn | 300 sec total\n|\n|t:|1783553583\n|move|p1a: Leavanny|Bullet Seed|p2a: Chimecho\n|-damage|p2a: Chimecho|56/100\n|-damage|p2a: Chimecho|45/100\n|-damage|p2a: Chimecho|35/100\n|-damage|p2a: Chimecho|25/100\n|-hitcount|p2a: Chimecho|4\n|move|p2a: Chimecho|Recover|p2a: Chimecho\n|-heal|p2a: Chimecho|75/100\n|\n|upkeep\n|turn|25\n|inactive|Time left: 300 sec this turn | 300 sec total\n|\n|t:|1783553585\n|move|p1a: Leavanny|Bullet Seed|p2a: Chimecho\n|-damage|p2a: Chimecho|66/100\n|-damage|p2a: Chimecho|55/100\n|-crit|p2a: Chimecho\n|-damage|p2a: Chimecho|39/100\n|-damage|p2a: Chimecho|30/100\n|-hitcount|p2a: Chimecho|4\n|move|p2a: Chimecho|Recover|p2a: Chimecho\n|-heal|p2a: Chimecho|80/100\n|\n|upkeep\n|turn|26\n|inactive|Time left: 300 sec this turn | 300 sec total\n|\n|t:|1783553586\n|move|p1a: Leavanny|Bullet Seed|p2a: Chimecho\n|-damage|p2a: Chimecho|69/100\n|-damage|p2a: Chimecho|60/100\n|-damage|p2a: Chimecho|50/100\n|-damage|p2a: Chimecho|39/100\n|-crit|p2a: Chimecho\n|-damage|p2a: Chimecho|24/100\n|-hitcount|p2a: Chimecho|5\n|move|p2a: Chimecho|Recover|p2a: Chimecho\n|-heal|p2a: Chimecho|74/100\n|\n|upkeep\n|turn|27\n|inactive|Time left: 300 sec this turn | 300 sec total\n|\n|t:|1783553587\n|move|p1a: Leavanny|Bullet Seed|p2a: Chimecho\n|-damage|p2a: Chimecho|64/100\n|-damage|p2a: Chimecho|54/100\n|-damage|p2a: Chimecho|44/100\n|-damage|p2a: Chimecho|34/100\n|-damage|p2a: Chimecho|23/100\n|-hitcount|p2a: Chimecho|5\n|move|p2a: Chimecho|Psychic Noise|p1a: Leavanny\n|-damage|p1a: Leavanny|0 fnt\n|faint|p1a: Leavanny\n|\n|upkeep\n|inactive|Time left: 300 sec this turn | 300 sec total | 5 sec grace\n|\n|t:|1783553588\n|switch|p1a: Klawf|Klawf, L90, F|272/272\n|turn|28\n|inactive|Time left: 300 sec this turn | 300 sec total\n|\n|t:|1783553588\n|switch|p2a: Magnezone|Magnezone, L85|21/100\n|-activate|p2a: Magnezone|move: Sticky Web\n|-unboost|p2a: Magnezone|spe|1\n|move|p1a: Klawf|Crabhammer|p2a: Magnezone|[miss]\n|-miss|p1a: Klawf|p2a: Magnezone\n|\n|upkeep\n|turn|29\n|inactive|Time left: 300 sec this turn | 300 sec total\n|\n|t:|1783553589\n|move|p1a: Klawf|High Horsepower|p2a: Magnezone\n|-supereffective|p2a: Magnezone\n|-damage|p2a: Magnezone|0 fnt\n|faint|p2a: Magnezone\n|\n|upkeep\n|\n|t:|1783553590\n|switch|p2a: Chimecho|Chimecho, L93, F|23/100\n|turn|30\n|inactive|Time left: 300 sec this turn | 300 sec total\n|\n|t:|1783553590\n|move|p1a: Klawf|Crabhammer|p2a: Chimecho\n|-damage|p2a: Chimecho|0 fnt\n|faint|p2a: Chimecho\n|\n|upkeep\n|\n|t:|1783553591\n|switch|p2a: Terapagos|Terapagos, L77, M|100/100\n|-activate|p2a: Terapagos|ability: Tera Shift\n|detailschange|p2a: Terapagos|Terapagos-Terastal, L77, M\n|-heal|p2a: Terapagos|100/100|[silent]\n|-activate|p2a: Terapagos|move: Sticky Web\n|-unboost|p2a: Terapagos|spe|1\n|turn|31\n|inactive|Time left: 300 sec this turn | 300 sec total\n|\n|t:|1783553592\n|move|p1a: Klawf|Swords Dance|p1a: Klawf\n|-boost|p1a: Klawf|atk|2\n|move|p2a: Terapagos|Earth Power|p1a: Klawf\n|-supereffective|p1a: Klawf\n|-damage|p1a: Klawf|114/272\n|-ability|p1a: Klawf|Anger Shell|boost\n|-boost|p1a: Klawf|atk|1\n|-boost|p1a: Klawf|spa|1\n|-boost|p1a: Klawf|spe|1\n|-unboost|p1a: Klawf|def|1\n|-unboost|p1a: Klawf|spd|1\n|\n|upkeep\n|turn|32\n|inactive|Time left: 300 sec this turn | 300 sec total\n|\n|t:|1783553593\n|move|p1a: Klawf|Stone Edge|p2a: Terapagos\n|-activate|p2a: Terapagos|ability: Tera Shell\n|-resisted|p2a: Terapagos\n|-damage|p2a: Terapagos|49/100\n|move|p2a: Terapagos|Earth Power|p1a: Klawf\n|-supereffective|p1a: Klawf\n|-damage|p1a: Klawf|0 fnt\n|faint|p1a: Klawf\n|\n|upkeep\n|inactive|Time left: 300 sec this turn | 300 sec total | 5 sec grace\n|\n|t:|1783553593\n|switch|p1a: Vivillon|Vivillon-Marine, L83, F|268/268\n|turn|33\n|inactive|Time left: 300 sec this turn | 300 sec total\n|\n|t:|1783553594\n|move|p1a: Vivillon|Quiver Dance|p1a: Vivillon\n|-boost|p1a: Vivillon|spa|1\n|-boost|p1a: Vivillon|spd|1\n|-boost|p1a: Vivillon|spe|1\n|move|p2a: Terapagos|Rest|p2a: Terapagos\n|-status|p2a: Terapagos|slp|[from] move: Rest\n|-heal|p2a: Terapagos|100/100 slp|[silent]\n|-enditem|p2a: Terapagos|Chesto Berry|[eat]\n|-curestatus|p2a: Terapagos|slp|[msg]\n|\n|upkeep\n|turn|34\n|inactive|Time left: 300 sec this turn | 300 sec total\n|\n|t:|1783553595\n|move|p1a: Vivillon|Hurricane|p2a: Terapagos\n|-activate|p2a: Terapagos|ability: Tera Shell\n|-resisted|p2a: Terapagos\n|-damage|p2a: Terapagos|74/100\n|move|p2a: Terapagos|Calm Mind|p2a: Terapagos\n|-boost|p2a: Terapagos|spa|1\n|-boost|p2a: Terapagos|spd|1\n|\n|upkeep\n|turn|35\n|inactive|Time left: 300 sec this turn | 300 sec total\n|\n|t:|1783553596\n|move|p1a: Vivillon|Sleep Powder|p2a: Terapagos\n|-status|p2a: Terapagos|slp|[from] move: Sleep Powder\n|cant|p2a: Terapagos|slp\n|\n|upkeep\n|turn|36\n|inactive|Time left: 300 sec this turn | 300 sec total\n|\n|t:|1783553597\n|move|p1a: Vivillon|Quiver Dance|p1a: Vivillon\n|-boost|p1a: Vivillon|spa|1\n|-boost|p1a: Vivillon|spd|1\n|-boost|p1a: Vivillon|spe|1\n|cant|p2a: Terapagos|slp\n|\n|upkeep\n|turn|37\n|inactive|Time left: 300 sec this turn | 300 sec total\n|\n|t:|1783553598\n|move|p1a: Vivillon|Bug Buzz|p2a: Terapagos\n|-damage|p2a: Terapagos|36/100 slp\n|cant|p2a: Terapagos|slp\n|\n|upkeep\n|turn|38\n|inactive|Time left: 300 sec this turn | 300 sec total\n|\n|t:|1783553599\n|move|p1a: Vivillon|Bug Buzz|p2a: Terapagos\n|-damage|p2a: Terapagos|0 fnt\n|faint|p2a: Terapagos\n|\n|win|p0x1244a415", "uploadtime": 1783553599, "views": 0, "rating": 0, "private": 0, "password": null, "_winner": "p0x1244a415", "_our_name": "p0x1244a415"}