{"id": "battle-gen9randombattle-219", "formatid": "gen9randombattle", "format": "[Gen 9] Random Battle", "players": ["p0x21972a2", "p0y2190651"], "log": "|init|battle\n|title|p0x21972a2 vs. p0y2190651\n|j|\u2606p0x21972a2\n|j|\u2606p0y2190651\n|t:|1783535794\n|gametype|singles\n|player|p1|p0x21972a2|169|\n|player|p2|p0y2190651|169|\n|gen|9\n|tier|[Gen 9] Random Battle\n|rule|Species Clause: Limit one of each Pok\u00e9mon\n|rule|HP Percentage Mod: HP is shown in percentages\n|rule|Sleep Clause Mod: Limit one foe put to sleep\n|rule|Illusion Level Mod: Illusion disguises the Pok\u00e9mon's true level\n|\n|t:|1783535794\n|teamsize|p1|6\n|teamsize|p2|6\n|start\n|switch|p1a: Iron Hands|Iron Hands, L79|100/100\n|switch|p2a: Dialga|Dialga, L73|266/266\n|-ability|p2a: Dialga|Pressure\n|turn|1\n|inactive|Battle timer is ON: inactive players will automatically lose when time's up. (requested by p0y2190651)\n|\n|t:|1783535795\n|switch|p2a: Grimmsnarl|Grimmsnarl, L83, M|293/293\n|move|p1a: Iron Hands|Close Combat|p2a: Grimmsnarl\n|-damage|p2a: Grimmsnarl|112/293\n|-unboost|p1a: Iron Hands|def|1\n|-unboost|p1a: Iron Hands|spd|1\n|\n|upkeep\n|turn|2\n|inactive|Time left: 300 sec this turn | 300 sec total\n|inactive|p0x21972a2 also wants the timer to be on.\n|\n|t:|1783535797\n|move|p2a: Grimmsnarl|Reflect|p2a: Grimmsnarl\n|-sidestart|p2: p0y2190651|Reflect\n|move|p1a: Iron Hands|Close Combat|p2a: Grimmsnarl\n|-crit|p2a: Grimmsnarl\n|-damage|p2a: Grimmsnarl|0 fnt\n|-unboost|p1a: Iron Hands|def|1\n|-unboost|p1a: Iron Hands|spd|1\n|faint|p2a: Grimmsnarl\n|\n|upkeep\n|inactive|Time left: 300 sec this turn | 300 sec total | 5 sec grace\n|\n|t:|1783535798\n|switch|p2a: Lurantis|Lurantis, L87, F|264/264\n|turn|3\n|inactive|Time left: 300 sec this turn | 300 sec total\n|\n|t:|1783535799\n|-end|p1a: Iron Hands|Quark Drive|[silent]\n|switch|p1a: Torkoal|Torkoal, L88, M|100/100\n|-weather|SunnyDay|[from] ability: Drought|[of] p1a: Torkoal\n|move|p2a: Lurantis|Superpower|p1a: Torkoal\n|-damage|p1a: Torkoal|75/100\n|-boost|p2a: Lurantis|atk|1\n|-boost|p2a: Lurantis|def|1\n|\n|-weather|SunnyDay|[upkeep]\n|upkeep\n|turn|4\n|inactive|Time left: 300 sec this turn | 300 sec total\n|\n|t:|1783535800\n|-terastallize|p2a: Lurantis|Fighting\n|move|p2a: Lurantis|Superpower|p1a: Torkoal\n|-damage|p1a: Torkoal|19/100\n|-boost|p2a: Lurantis|atk|1\n|-boost|p2a: Lurantis|def|1\n|move|p1a: Torkoal|Lava Plume|p2a: Lurantis\n|-damage|p2a: Lurantis|144/264\n|\n|-weather|SunnyDay|[upkeep]\n|-heal|p2a: Lurantis|160/264|[from] item: Leftovers\n|upkeep\n|turn|5\n|inactive|Time left: 300 sec this turn | 300 sec total\n|\n|t:|1783535801\n|switch|p1a: Thundurus|Thundurus-Therian, L80, M|100/100\n|move|p2a: Lurantis|Superpower|p1a: Thundurus\n|-resisted|p1a: Thundurus\n|-damage|p1a: Thundurus|26/100\n|-boost|p2a: Lurantis|atk|1\n|-boost|p2a: Lurantis|def|1\n|\n|-weather|SunnyDay|[upkeep]\n|-heal|p2a: Lurantis|176/264|[from] item: Leftovers\n|upkeep\n|turn|6\n|inactive|Time left: 300 sec this turn | 300 sec total\n|\n|t:|1783535803\n|move|p1a: Thundurus|Psychic|p2a: Lurantis\n|-supereffective|p2a: Lurantis\n|-damage|p2a: Lurantis|24/264\n|-boost|p2a: Lurantis|spd|1\n|move|p2a: Lurantis|Superpower|p1a: Thundurus\n|-resisted|p1a: Thundurus\n|-damage|p1a: Thundurus|0 fnt\n|-boost|p2a: Lurantis|atk|1\n|-boost|p2a: Lurantis|def|1\n|faint|p1a: Thundurus\n|\n|-weather|SunnyDay|[upkeep]\n|-heal|p2a: Lurantis|40/264|[from] item: Leftovers\n|upkeep\n|\n|t:|1783535803\n|switch|p1a: Palossand|Palossand, L89, F|100/100\n|turn|7\n|inactive|Time left: 300 sec this turn | 300 sec total\n|\n|t:|1783535804\n|-terastallize|p1a: Palossand|Poison\n|move|p2a: Lurantis|Synthesis|p2a: Lurantis\n|-heal|p2a: Lurantis|216/264\n|move|p1a: Palossand|Sludge Bomb|p2a: Lurantis\n|-damage|p2a: Lurantis|149/264\n|\n|-weather|none\n|-heal|p2a: Lurantis|165/264|[from] item: Leftovers\n|upkeep\n|turn|8\n|inactive|Time left: 300 sec this turn | 300 sec total\n|\n|t:|1783535805\n|move|p2a: Lurantis|Superpower|p1a: Palossand\n|-resisted|p1a: Palossand\n|-damage|p1a: Palossand|39/100\n|-boost|p2a: Lurantis|atk|1\n|-boost|p2a: Lurantis|def|1\n|move|p1a: Palossand|Shore Up|p1a: Palossand\n|-heal|p1a: Palossand|89/100\n|\n|-heal|p2a: Lurantis|181/264|[from] item: Leftovers\n|-heal|p1a: Palossand|95/100|[from] item: Leftovers\n|upkeep\n|turn|9\n|inactive|Time left: 300 sec this turn | 300 sec total\n|\n|t:|1783535806\n|move|p2a: Lurantis|Superpower|p1a: Palossand\n|-resisted|p1a: Palossand\n|-damage|p1a: Palossand|29/100\n|-boost|p2a: Lurantis|atk|1\n|-boost|p2a: Lurantis|def|1\n|move|p1a: Palossand|Sludge Bomb|p2a: Lurantis\n|-damage|p2a: Lurantis|115/264\n|\n|-heal|p2a: Lurantis|131/264|[from] item: Leftovers\n|-heal|p1a: Palossand|35/100|[from] item: Leftovers\n|-sideend|p2: p0y2190651|Reflect\n|upkeep\n|turn|10\n|inactive|Time left: 300 sec this turn | 300 sec total\n|\n|t:|1783535807\n|switch|p1a: Torkoal|Torkoal, L88, M|19/100\n|-weather|SunnyDay|[from] ability: Drought|[of] p1a: Torkoal\n|move|p2a: Lurantis|Superpower|p1a: Torkoal\n|-damage|p1a: Torkoal|0 fnt\n|faint|p1a: Torkoal\n|\n|-weather|SunnyDay|[upkeep]\n|-heal|p2a: Lurantis|147/264|[from] item: Leftovers\n|upkeep\n|\n|t:|1783535808\n|switch|p1a: Palossand|Palossand, L89, F, tera:Poison|35/100\n|turn|11\n|inactive|Time left: 300 sec this turn | 300 sec total\n|\n|t:|1783535809\n|move|p2a: Lurantis|Knock Off|p1a: Palossand\n|-damage|p1a: Palossand|0 fnt\n|-enditem|p1a: Palossand|Leftovers|[from] move: Knock Off|[of] p2a: Lurantis\n|faint|p1a: Palossand\n|\n|-weather|SunnyDay|[upkeep]\n|-heal|p2a: Lurantis|163/264|[from] item: Leftovers\n|upkeep\n|\n|t:|1783535810\n|switch|p1a: Crabominable|Crabominable, L90, F|100/100\n|turn|12\n|inactive|Time left: 300 sec this turn | 300 sec total\n|\n|t:|1783535811\n|move|p1a: Crabominable|Knock Off|p2a: Lurantis\n|-resisted|p2a: Lurantis\n|-damage|p2a: Lurantis|151/264\n|-enditem|p2a: Lurantis|Leftovers|[from] move: Knock Off|[of] p1a: Crabominable\n|move|p2a: Lurantis|Superpower|p1a: Crabominable\n|-supereffective|p1a: Crabominable\n|-damage|p1a: Crabominable|0 fnt\n|faint|p1a: Crabominable\n|\n|-weather|SunnyDay|[upkeep]\n|upkeep\n|\n|t:|1783535812\n|switch|p1a: Iron Hands|Iron Hands, L79|100/100\n|turn|13\n|inactive|Time left: 300 sec this turn | 300 sec total\n|\n|t:|1783535813\n|move|p2a: Lurantis|Leaf Storm|p1a: Iron Hands\n|-damage|p1a: Iron Hands|69/100\n|-boost|p2a: Lurantis|spa|2\n|move|p1a: Iron Hands|Wild Charge|p2a: Lurantis\n|-damage|p2a: Lurantis|124/264\n|-damage|p1a: Iron Hands|67/100|[from] Recoil\n|\n|-weather|SunnyDay|[upkeep]\n|upkeep\n|turn|14\n|inactive|Time left: 300 sec this turn | 300 sec total\n|\n|t:|1783535814\n|move|p2a: Lurantis|Leaf Storm|p1a: Iron Hands\n|-crit|p1a: Iron Hands\n|-damage|p1a: Iron Hands|0 fnt\n|-boost|p2a: Lurantis|spa|2\n|faint|p1a: Iron Hands\n|-end|p1a: Iron Hands|Quark Drive|[silent]\n|\n|-weather|none\n|upkeep\n|\n|t:|1783535815\n|switch|p1a: Flygon|Flygon, L82, M|100/100\n|turn|15\n|inactive|Time left: 300 sec this turn | 300 sec total\n|\n|t:|1783535816\n|move|p1a: Flygon|Outrage|p2a: Lurantis\n|-damage|p2a: Lurantis|96/264\n|move|p2a: Lurantis|Knock Off|p1a: Flygon\n|-damage|p1a: Flygon|0 fnt\n|-enditem|p1a: Flygon|Lum Berry|[from] move: Knock Off|[of] p2a: Lurantis\n|faint|p1a: Flygon\n|\n|win|p0y2190651", "uploadtime": 1783535816, "views": 0, "rating": 0, "private": 0, "password": null, "_winner": "p0y2190651", "_our_name": "p0y2190651"}