{"id": "battle-gen9randombattle-467", "formatid": "gen9randombattle", "format": "[Gen 9] Random Battle", "players": ["p0x467ceb1", "p0y467a76c"], "log": "|init|battle\n|title|p0x467ceb1 vs. p0y467a76c\n|j|\u2606p0x467ceb1\n|j|\u2606p0y467a76c\n|t:|1783544474\n|gametype|singles\n|player|p1|p0x467ceb1|102|\n|player|p2|p0y467a76c|265|\n|gen|9\n|tier|[Gen 9] Random Battle\n|rule|Species Clause: Limit one of each Pok\u00e9mon\n|rule|HP Percentage Mod: HP is shown in percentages\n|rule|Sleep Clause Mod: Limit one foe put to sleep\n|rule|Illusion Level Mod: Illusion disguises the Pok\u00e9mon's true level\n|\n|t:|1783544474\n|teamsize|p1|6\n|teamsize|p2|6\n|start\n|switch|p1a: Cinccino|Cinccino, L83, M|100/100\n|switch|p2a: Eiscue|Eiscue, L88, F|274/274\n|turn|1\n|inactive|Battle timer is ON: inactive players will automatically lose when time's up. (requested by p0x467ceb1)\n|inactive|Time left: 300 sec this turn | 300 sec total | 60 sec grace\n|inactive|p0y467a76c also wants the timer to be on.\n|\n|t:|1783544476\n|switch|p1a: Porygon-Z|Porygon-Z, L83|100/100\n|-ability|p1a: Porygon-Z|Download|boost\n|-boost|p1a: Porygon-Z|spa|1\n|move|p2a: Eiscue|Belly Drum|p2a: Eiscue\n|-damage|p2a: Eiscue|137/274\n|-setboost|p2a: Eiscue|atk|6|[from] move: Belly Drum\n|-enditem|p2a: Eiscue|Sitrus Berry|[eat]\n|-heal|p2a: Eiscue|205/274|[from] item: Sitrus Berry\n|\n|upkeep\n|turn|2\n|inactive|Time left: 300 sec this turn | 300 sec total\n|\n|t:|1783544477\n|move|p1a: Porygon-Z|Tri Attack|p2a: Eiscue\n|-damage|p2a: Eiscue|0 fnt\n|faint|p2a: Eiscue\n|-damage|p1a: Porygon-Z|91/100|[from] item: Life Orb\n|\n|upkeep\n|inactive|Time left: 300 sec this turn | 300 sec total | 5 sec grace\n|\n|t:|1783544478\n|switch|p2a: Baxcalibur|Baxcalibur, L75, M|295/295\n|turn|3\n|inactive|Time left: 300 sec this turn | 300 sec total\n|\n|t:|1783544479\n|move|p1a: Porygon-Z|Tri Attack|p2a: Baxcalibur\n|-damage|p2a: Baxcalibur|61/295\n|-damage|p1a: Porygon-Z|81/100|[from] item: Life Orb\n|move|p2a: Baxcalibur|Glaive Rush|p1a: Porygon-Z\n|-damage|p1a: Porygon-Z|0 fnt\n|-singlemove|p2a: Baxcalibur|Glaive Rush|[silent]\n|faint|p1a: Porygon-Z\n|\n|upkeep\n|\n|t:|1783544480\n|switch|p1a: Pecharunt|Pecharunt, L77|100/100\n|turn|4\n|inactive|Time left: 300 sec this turn | 300 sec total\n|\n|t:|1783544481\n|switch|p2a: Zamazenta|Zamazenta-Crowned, L68|238/238\n|-ability|p2a: Zamazenta|Dauntless Shield|boost\n|-boost|p2a: Zamazenta|def|1\n|move|p1a: Pecharunt|Malignant Chain|p2a: Zamazenta\n|-immune|p2a: Zamazenta\n|\n|upkeep\n|turn|5\n|inactive|Time left: 300 sec this turn | 300 sec total\n|\n|t:|1783544483\n|move|p2a: Zamazenta|Iron Defense|p2a: Zamazenta\n|-boost|p2a: Zamazenta|def|2\n|move|p1a: Pecharunt|Shadow Ball|p2a: Zamazenta\n|-damage|p2a: Zamazenta|178/238\n|\n|upkeep\n|turn|6\n|inactive|Time left: 300 sec this turn | 300 sec total\n|\n|t:|1783544484\n|move|p2a: Zamazenta|Body Press|p1a: Pecharunt\n|-immune|p1a: Pecharunt\n|move|p1a: Pecharunt|Shadow Ball|p2a: Zamazenta\n|-damage|p2a: Zamazenta|124/238\n|\n|upkeep\n|turn|7\n|inactive|Time left: 300 sec this turn | 300 sec total\n|\n|t:|1783544484\n|move|p2a: Zamazenta|Iron Defense|p2a: Zamazenta\n|-boost|p2a: Zamazenta|def|2\n|move|p1a: Pecharunt|Shadow Ball|p2a: Zamazenta\n|-damage|p2a: Zamazenta|66/238\n|\n|upkeep\n|turn|8\n|inactive|Time left: 300 sec this turn | 300 sec total\n|\n|t:|1783544485\n|move|p2a: Zamazenta|Stone Edge|p1a: Pecharunt\n|-damage|p1a: Pecharunt|87/100\n|move|p1a: Pecharunt|Shadow Ball|p2a: Zamazenta\n|-damage|p2a: Zamazenta|8/238\n|\n|-heal|p1a: Pecharunt|93/100|[from] item: Leftovers\n|upkeep\n|turn|9\n|inactive|Time left: 300 sec this turn | 300 sec total\n|\n|t:|1783544487\n|move|p2a: Zamazenta|Body Press|p1a: Pecharunt\n|-immune|p1a: Pecharunt\n|move|p1a: Pecharunt|Shadow Ball|p2a: Zamazenta\n|-damage|p2a: Zamazenta|0 fnt\n|faint|p2a: Zamazenta\n|\n|-heal|p1a: Pecharunt|99/100|[from] item: Leftovers\n|upkeep\n|inactive|Time left: 300 sec this turn | 300 sec total | 5 sec grace\n|\n|t:|1783544488\n|switch|p2a: Falinks|Falinks, L84|246/246\n|turn|10\n|inactive|Time left: 300 sec this turn | 300 sec total\n|\n|t:|1783544489\n|-terastallize|p2a: Falinks|Steel\n|move|p1a: Pecharunt|Malignant Chain|p2a: Falinks\n|-immune|p2a: Falinks\n|move|p2a: Falinks|No Retreat|p2a: Falinks\n|-boost|p2a: Falinks|atk|1\n|-boost|p2a: Falinks|def|1\n|-boost|p2a: Falinks|spa|1\n|-boost|p2a: Falinks|spd|1\n|-boost|p2a: Falinks|spe|1\n|-start|p2a: Falinks|move: No Retreat\n|\n|-heal|p1a: Pecharunt|100/100|[from] item: Leftovers\n|upkeep\n|turn|11\n|inactive|Time left: 300 sec this turn | 300 sec total\n|\n|t:|1783544490\n|switch|p1a: Lucario|Lucario, L84, M|100/100\n|move|p2a: Falinks|Knock Off|p1a: Lucario\n|-resisted|p1a: Lucario\n|-damage|p1a: Lucario|69/100\n|-enditem|p1a: Lucario|Life Orb|[from] move: Knock Off|[of] p2a: Falinks\n|-damage|p2a: Falinks|222/246|[from] item: Life Orb\n|\n|upkeep\n|turn|12\n|inactive|Time left: 300 sec this turn | 300 sec total\n|\n|t:|1783544491\n|move|p2a: Falinks|Close Combat|p1a: Lucario\n|-supereffective|p1a: Lucario\n|-damage|p1a: Lucario|0 fnt\n|-unboost|p2a: Falinks|def|1\n|-unboost|p2a: Falinks|spd|1\n|faint|p1a: Lucario\n|-damage|p2a: Falinks|198/246|[from] item: Life Orb\n|\n|upkeep\n|\n|t:|1783544492\n|switch|p1a: Flamigo|Flamigo, L82, M|100/100\n|turn|13\n|inactive|Time left: 300 sec this turn | 300 sec total\n|\n|t:|1783544493\n|move|p1a: Flamigo|Close Combat|p2a: Falinks\n|-supereffective|p2a: Falinks\n|-damage|p2a: Falinks|0 fnt\n|-unboost|p1a: Flamigo|def|1\n|-unboost|p1a: Flamigo|spd|1\n|faint|p2a: Falinks\n|\n|upkeep\n|inactive|Time left: 300 sec this turn | 300 sec total | 5 sec grace\n|\n|t:|1783544494\n|switch|p2a: Iron Crown|Iron Crown, L78|268/268\n|turn|14\n|inactive|Time left: 300 sec this turn | 300 sec total\n|\n|t:|1783544495\n|switch|p1a: Pecharunt|Pecharunt, L77|100/100\n|move|p2a: Iron Crown|Tachyon Cutter|p1a: Pecharunt\n|-damage|p1a: Pecharunt|79/100\n|-damage|p1a: Pecharunt|56/100\n|-hitcount|p1a: Pecharunt|2\n|\n|-heal|p1a: Pecharunt|62/100|[from] item: Leftovers\n|upkeep\n|turn|15\n|inactive|Time left: 300 sec this turn | 300 sec total\n|\n|t:|1783544496\n|move|p2a: Iron Crown|Calm Mind|p2a: Iron Crown\n|-boost|p2a: Iron Crown|spa|1\n|-boost|p2a: Iron Crown|spd|1\n|move|p1a: Pecharunt|Parting Shot|p2a: Iron Crown\n|-unboost|p2a: Iron Crown|atk|1\n|-unboost|p2a: Iron Crown|spa|1\n|\n|t:|1783544497\n|switch|p1a: Amoonguss|Amoonguss, L82, M|100/100|[from] Parting Shot\n|\n|upkeep\n|turn|16\n|inactive|Time left: 300 sec this turn | 300 sec total\n|\n|t:|1783544498\n|move|p2a: Iron Crown|Psyshock|p1a: Amoonguss\n|-supereffective|p1a: Amoonguss\n|-damage|p1a: Amoonguss|28/100\n|move|p1a: Amoonguss|Spore|p2a: Iron Crown\n|-status|p2a: Iron Crown|slp|[from] move: Spore\n|\n|-heal|p1a: Amoonguss|34/100|[from] item: Leftovers\n|upkeep\n|turn|17\n|inactive|Time left: 300 sec this turn | 300 sec total\n|\n|t:|1783544499\n|-end|p2a: Iron Crown|Quark Drive|[silent]\n|switch|p2a: Entei|Entei, L78|307/307\n|switch|p1a: Pecharunt|Pecharunt, L77|62/100\n|\n|-heal|p1a: Pecharunt|68/100|[from] item: Leftovers\n|upkeep\n|turn|18\n|inactive|Time left: 300 sec this turn | 300 sec total\n|\n|t:|1783544499\n|move|p2a: Entei|Sacred Fire|p1a: Pecharunt\n|-damage|p1a: Pecharunt|28/100\n|move|p1a: Pecharunt|Recover|p1a: Pecharunt\n|-heal|p1a: Pecharunt|78/100\n|\n|-heal|p1a: Pecharunt|84/100|[from] item: Leftovers\n|upkeep\n|turn|19\n|inactive|Time left: 300 sec this turn | 300 sec total\n|\n|t:|1783544500\n|move|p2a: Entei|Sacred Fire|p1a: Pecharunt\n|-damage|p1a: Pecharunt|44/100\n|-status|p1a: Pecharunt|brn\n|move|p1a: Pecharunt|Malignant Chain|p2a: Entei\n|-damage|p2a: Entei|204/307\n|-status|p2a: Entei|tox\n|-start|p2a: Entei|confusion|[from] ability: Poison Puppeteer|[of] p1a: Pecharunt\n|\n|-heal|p1a: Pecharunt|50/100 brn|[from] item: Leftovers\n|-damage|p2a: Entei|185/307 tox|[from] psn\n|-damage|p1a: Pecharunt|44/100 brn|[from] brn\n|upkeep\n|turn|20\n|inactive|Time left: 300 sec this turn | 300 sec total\n|\n|t:|1783544501\n|-activate|p2a: Entei|confusion\n|-damage|p2a: Entei|151/307 tox|[from] confusion\n|move|p1a: Pecharunt|Recover|p1a: Pecharunt\n|-heal|p1a: Pecharunt|94/100 brn\n|\n|-heal|p1a: Pecharunt|99/100 brn|[from] item: Leftovers\n|-damage|p2a: Entei|113/307 tox|[from] psn\n|-damage|p1a: Pecharunt|94/100 brn|[from] brn\n|upkeep\n|turn|21\n|inactive|Time left: 300 sec this turn | 300 sec total\n|\n|t:|1783544502\n|-activate|p2a: Entei|confusion\n|move|p2a: Entei|Sacred Fire|p1a: Pecharunt\n|-damage|p1a: Pecharunt|50/100 brn\n|move|p1a: Pecharunt|Shadow Ball|p2a: Entei\n|-damage|p2a: Entei|34/307 tox\n|\n|-heal|p1a: Pecharunt|56/100 brn|[from] item: Leftovers\n|-damage|p2a: Entei|0 fnt|[from] psn\n|faint|p2a: Entei\n|-damage|p1a: Pecharunt|50/100 brn|[from] brn\n|upkeep\n|inactive|Time left: 300 sec this turn | 300 sec total | 5 sec grace\n|\n|t:|1783544503\n|switch|p2a: Iron Crown|Iron Crown, L78|268/268 slp\n|turn|22\n|inactive|Time left: 300 sec this turn | 300 sec total\n|\n|t:|1783544504\n|cant|p2a: Iron Crown|slp\n|move|p1a: Pecharunt|Parting Shot|p2a: Iron Crown\n|-unboost|p2a: Iron Crown|atk|1\n|-unboost|p2a: Iron Crown|spa|1\n|\n|t:|1783544505\n|switch|p1a: Cinccino|Cinccino, L83, M|100/100|[from] Parting Shot\n|\n|upkeep\n|turn|23\n|inactive|Time left: 300 sec this turn | 300 sec total\n|\n|t:|1783544506\n|move|p1a: Cinccino|Tidy Up|p1a: Cinccino\n|-boost|p1a: Cinccino|atk|1\n|-boost|p1a: Cinccino|spe|1\n|-curestatus|p2a: Iron Crown|slp|[msg]\n|move|p2a: Iron Crown|Tachyon Cutter|p1a: Cinccino\n|-damage|p1a: Cinccino|82/100\n|-damage|p1a: Cinccino|61/100\n|-hitcount|p1a: Cinccino|2\n|\n|upkeep\n|turn|24\n|inactive|Time left: 300 sec this turn | 300 sec total\n|\n|t:|1783544507\n|move|p1a: Cinccino|Triple Axel|p2a: Iron Crown\n|-resisted|p2a: Iron Crown\n|-damage|p2a: Iron Crown|254/268\n|-resisted|p2a: Iron Crown\n|-crit|p2a: Iron Crown\n|-damage|p2a: Iron Crown|212/268\n|-resisted|p2a: Iron Crown\n|-damage|p2a: Iron Crown|170/268\n|-hitcount|p2a: Iron Crown|3\n|move|p2a: Iron Crown|Tachyon Cutter|p1a: Cinccino\n|-damage|p1a: Cinccino|40/100\n|-damage|p1a: Cinccino|22/100\n|-hitcount|p1a: Cinccino|2\n|\n|-heal|p2a: Iron Crown|186/268|[from] item: Leftovers\n|upkeep\n|turn|25\n|inactive|Time left: 300 sec this turn | 300 sec total\n|\n|t:|1783544509\n|move|p1a: Cinccino|Tail Slap|p2a: Iron Crown\n|-resisted|p2a: Iron Crown\n|-damage|p2a: Iron Crown|157/268\n|-resisted|p2a: Iron Crown\n|-damage|p2a: Iron Crown|131/268\n|-resisted|p2a: Iron Crown\n|-damage|p2a: Iron Crown|101/268\n|-resisted|p2a: Iron Crown\n|-damage|p2a: Iron Crown|72/268\n|-resisted|p2a: Iron Crown\n|-damage|p2a: Iron Crown|43/268\n|-hitcount|p2a: Iron Crown|5\n|move|p2a: Iron Crown|Psyshock|p1a: Cinccino\n|-damage|p1a: Cinccino|0 fnt\n|faint|p1a: Cinccino\n|\n|-heal|p2a: Iron Crown|59/268|[from] item: Leftovers\n|upkeep\n|\n|t:|1783544510\n|switch|p1a: Flamigo|Flamigo, L82, M|100/100\n|turn|26\n|inactive|Time left: 300 sec this turn | 300 sec total\n|\n|t:|1783544511\n|-terastallize|p1a: Flamigo|Fighting\n|move|p1a: Flamigo|Close Combat|p2a: Iron Crown\n|-damage|p2a: Iron Crown|0 fnt\n|-unboost|p1a: Flamigo|def|1\n|-unboost|p1a: Flamigo|spd|1\n|faint|p2a: Iron Crown\n|-end|p2a: Iron Crown|Quark Drive|[silent]\n|\n|upkeep\n|inactive|Time left: 300 sec this turn | 300 sec total | 5 sec grace\n|\n|t:|1783544511\n|switch|p2a: Baxcalibur|Baxcalibur, L75, M|61/295\n|turn|27\n|inactive|Time left: 300 sec this turn | 300 sec total\n|\n|t:|1783544512\n|move|p1a: Flamigo|Close Combat|p2a: Baxcalibur\n|-supereffective|p2a: Baxcalibur\n|-damage|p2a: Baxcalibur|0 fnt\n|-unboost|p1a: Flamigo|def|1\n|-unboost|p1a: Flamigo|spd|1\n|faint|p2a: Baxcalibur\n|\n|win|p0x467ceb1", "uploadtime": 1783544512, "views": 0, "rating": 0, "private": 0, "password": null, "_winner": "p0x467ceb1", "_our_name": "p0y467a76c"}