{"id": "battle-gen9randombattle-2143", "formatid": "gen9randombattle", "format": "[Gen 9] Random Battle", "players": ["p0x21431fd6", "p0y21436e6c"], "log": "|init|battle\n|title|p0x21431fd6 vs. p0y21436e6c\n|j|\u2606p0x21431fd6\n|j|\u2606p0y21436e6c\n|t:|1783564004\n|gametype|singles\n|player|p1|p0x21431fd6|1|\n|player|p2|p0y21436e6c|2|\n|gen|9\n|tier|[Gen 9] Random Battle\n|rule|Species Clause: Limit one of each Pok\u00e9mon\n|rule|HP Percentage Mod: HP is shown in percentages\n|rule|Sleep Clause Mod: Limit one foe put to sleep\n|rule|Illusion Level Mod: Illusion disguises the Pok\u00e9mon's true level\n|\n|t:|1783564004\n|teamsize|p1|6\n|teamsize|p2|6\n|start\n|switch|p1a: Minun|Minun, L95, M|268/268\n|switch|p2a: Gardevoir|Gardevoir, L83, M|100/100\n|-ability|p2a: Gardevoir|Volt Absorb|Trace|[from] ability: Trace|[of] p1a: Minun\n|turn|1\n|inactive|Battle timer is ON: inactive players will automatically lose when time's up. (requested by p0x21431fd6)\n|inactive|p0y21436e6c also wants the timer to be on.\n|\n|t:|1783564005\n|move|p2a: Gardevoir|Moonblast|p1a: Minun\n|-damage|p1a: Minun|153/268\n|move|p1a: Minun|Nasty Plot|p1a: Minun\n|-boost|p1a: Minun|spa|2\n|\n|upkeep\n|turn|2\n|inactive|Time left: 300 sec this turn | 300 sec total\n|\n|t:|1783564006\n|move|p2a: Gardevoir|Moonblast|p1a: Minun\n|-damage|p1a: Minun|45/268\n|move|p1a: Minun|Alluring Voice|p2a: Gardevoir\n|-damage|p2a: Gardevoir|49/100\n|-damage|p1a: Minun|19/268|[from] item: Life Orb\n|\n|upkeep\n|turn|3\n|inactive|Time left: 300 sec this turn | 300 sec total\n|\n|t:|1783564008\n|move|p2a: Gardevoir|Moonblast|p1a: Minun\n|-damage|p1a: Minun|0 fnt\n|faint|p1a: Minun\n|\n|upkeep\n|inactive|Time left: 300 sec this turn | 300 sec total | 5 sec grace\n|\n|t:|1783564009\n|switch|p1a: Slowking|Slowking-Galar, L85, M|300/300\n|turn|4\n|inactive|Time left: 300 sec this turn | 300 sec total\n|\n|t:|1783564010\n|switch|p2a: Tyranitar|Tyranitar, L78, F|100/100\n|-weather|Sandstorm|[from] ability: Sand Stream|[of] p2a: Tyranitar\n|move|p1a: Slowking|Sludge Bomb|p2a: Tyranitar\n|-resisted|p2a: Tyranitar\n|-damage|p2a: Tyranitar|88/100\n|\n|-weather|Sandstorm|[upkeep]\n|-damage|p1a: Slowking|282/300|[from] Sandstorm\n|-heal|p2a: Tyranitar|94/100|[from] item: Leftovers\n|upkeep\n|turn|5\n|inactive|Time left: 300 sec this turn | 300 sec total\n|\n|t:|1783564011\n|switch|p1a: Dipplin|Dipplin, L88, M|284/284\n|move|p2a: Tyranitar|Knock Off|p1a: Dipplin\n|-damage|p1a: Dipplin|218/284\n|-activate|p1a: Dipplin|ability: Sticky Hold\n|\n|-weather|Sandstorm|[upkeep]\n|-damage|p1a: Dipplin|201/284|[from] Sandstorm\n|-heal|p2a: Tyranitar|99/100|[from] item: Leftovers\n|upkeep\n|turn|6\n|inactive|Time left: 300 sec this turn | 300 sec total\n|\n|t:|1783564012\n|move|p2a: Tyranitar|Stealth Rock|p1a: Dipplin\n|-sidestart|p1: p0x21431fd6|move: Stealth Rock\n|move|p1a: Dipplin|Giga Drain|p2a: Tyranitar\n|-supereffective|p2a: Tyranitar\n|-damage|p2a: Tyranitar|60/100\n|-heal|p1a: Dipplin|258/284|[from] drain|[of] p2a: Tyranitar\n|\n|-weather|Sandstorm|[upkeep]\n|-damage|p1a: Dipplin|241/284|[from] Sandstorm\n|-heal|p2a: Tyranitar|66/100|[from] item: Leftovers\n|upkeep\n|turn|7\n|inactive|Time left: 300 sec this turn | 300 sec total\n|\n|t:|1783564013\n|switch|p2a: Magnezone|Magnezone, L85|100/100\n|move|p1a: Dipplin|Giga Drain|p2a: Magnezone\n|-resisted|p2a: Magnezone\n|-damage|p2a: Magnezone|90/100\n|-heal|p1a: Dipplin|255/284|[from] drain|[of] p2a: Magnezone\n|\n|-weather|Sandstorm|[upkeep]\n|-damage|p1a: Dipplin|238/284|[from] Sandstorm\n|upkeep\n|turn|8\n|inactive|Time left: 300 sec this turn | 300 sec total\n|\n|t:|1783564014\n|move|p2a: Magnezone|Discharge|p1a: Dipplin\n|-resisted|p1a: Dipplin\n|-damage|p1a: Dipplin|221/284\n|move|p1a: Dipplin|Giga Drain|p2a: Magnezone\n|-resisted|p2a: Magnezone\n|-damage|p2a: Magnezone|79/100\n|-heal|p1a: Dipplin|235/284|[from] drain|[of] p2a: Magnezone\n|\n|-weather|none\n|upkeep\n|turn|9\n|inactive|Time left: 300 sec this turn | 300 sec total\n|\n|t:|1783564015\n|move|p2a: Magnezone|Discharge|p1a: Dipplin\n|-resisted|p1a: Dipplin\n|-damage|p1a: Dipplin|214/284\n|-status|p1a: Dipplin|par\n|move|p1a: Dipplin|Giga Drain|p2a: Magnezone\n|-resisted|p2a: Magnezone\n|-damage|p2a: Magnezone|67/100\n|-heal|p1a: Dipplin|229/284 par|[from] drain|[of] p2a: Magnezone\n|\n|upkeep\n|turn|10\n|inactive|Time left: 300 sec this turn | 300 sec total\n|\n|t:|1783564016\n|move|p2a: Magnezone|Flash Cannon|p1a: Dipplin\n|-damage|p1a: Dipplin|145/284 par\n|move|p1a: Dipplin|Giga Drain|p2a: Magnezone\n|-resisted|p2a: Magnezone\n|-damage|p2a: Magnezone|57/100\n|-heal|p1a: Dipplin|158/284 par|[from] drain|[of] p2a: Magnezone\n|\n|upkeep\n|turn|11\n|inactive|Time left: 300 sec this turn | 300 sec total\n|\n|t:|1783564017\n|move|p2a: Magnezone|Flash Cannon|p1a: Dipplin\n|-damage|p1a: Dipplin|79/284 par\n|move|p1a: Dipplin|Recover|p1a: Dipplin\n|-heal|p1a: Dipplin|221/284 par\n|\n|upkeep\n|turn|12\n|inactive|Time left: 300 sec this turn | 300 sec total\n|\n|t:|1783564018\n|move|p2a: Magnezone|Flash Cannon|p1a: Dipplin\n|-damage|p1a: Dipplin|149/284 par\n|move|p1a: Dipplin|Recover|p1a: Dipplin\n|-heal|p1a: Dipplin|284/284 par\n|\n|upkeep\n|turn|13\n|inactive|Time left: 300 sec this turn | 300 sec total\n|\n|t:|1783564019\n|move|p2a: Magnezone|Flash Cannon|p1a: Dipplin\n|-damage|p1a: Dipplin|205/284 par\n|move|p1a: Dipplin|Giga Drain|p2a: Magnezone\n|-resisted|p2a: Magnezone\n|-damage|p2a: Magnezone|47/100\n|-heal|p1a: Dipplin|219/284 par|[from] drain|[of] p2a: Magnezone\n|\n|upkeep\n|turn|14\n|inactive|Time left: 300 sec this turn | 300 sec total\n|\n|t:|1783564020\n|switch|p1a: Whiscash|Whiscash, L88, F|337/337\n|-damage|p1a: Whiscash|316/337|[from] Stealth Rock\n|move|p2a: Magnezone|Flash Cannon|p1a: Whiscash\n|-resisted|p1a: Whiscash\n|-damage|p1a: Whiscash|253/337\n|\n|-heal|p1a: Whiscash|274/337|[from] item: Leftovers\n|upkeep\n|turn|15\n|inactive|Time left: 300 sec this turn | 300 sec total\n|\n|t:|1783564021\n|switch|p2a: Vivillon|Vivillon-River, L83, F|100/100\n|move|p1a: Whiscash|Earthquake|p2a: Vivillon\n|-immune|p2a: Vivillon\n|\n|-heal|p1a: Whiscash|295/337|[from] item: Leftovers\n|upkeep\n|turn|16\n|inactive|Time left: 300 sec this turn | 300 sec total\n|\n|t:|1783564022\n|switch|p1a: Brambleghast|Brambleghast, L88, F|240/240\n|-damage|p1a: Brambleghast|210/240|[from] Stealth Rock\n|move|p2a: Vivillon|Quiver Dance|p2a: Vivillon\n|-boost|p2a: Vivillon|spa|1\n|-boost|p2a: Vivillon|spd|1\n|-boost|p2a: Vivillon|spe|1\n|\n|-heal|p1a: Brambleghast|225/240|[from] item: Leftovers\n|upkeep\n|turn|17\n|inactive|Time left: 300 sec this turn | 300 sec total\n|\n|t:|1783564023\n|move|p2a: Vivillon|Quiver Dance|p2a: Vivillon\n|-boost|p2a: Vivillon|spa|1\n|-boost|p2a: Vivillon|spd|1\n|-boost|p2a: Vivillon|spe|1\n|move|p1a: Brambleghast|Poltergeist|p2a: Vivillon|[miss]\n|-miss|p1a: Brambleghast|p2a: Vivillon\n|\n|-heal|p1a: Brambleghast|240/240|[from] item: Leftovers\n|upkeep\n|turn|18\n|inactive|Time left: 300 sec this turn | 300 sec total\n|\n|t:|1783564024\n|move|p2a: Vivillon|Quiver Dance|p2a: Vivillon\n|-boost|p2a: Vivillon|spa|1\n|-boost|p2a: Vivillon|spd|1\n|-boost|p2a: Vivillon|spe|1\n|move|p1a: Brambleghast|Poltergeist|p2a: Vivillon\n|-activate|p2a: Vivillon|move: Poltergeist|Heavy-Duty Boots\n|-damage|p2a: Vivillon|14/100\n|\n|upkeep\n|turn|19\n|inactive|Time left: 300 sec this turn | 300 sec total\n|\n|t:|1783564025\n|-terastallize|p1a: Brambleghast|Fairy\n|move|p2a: Vivillon|Sleep Powder|p1a: Brambleghast\n|-status|p1a: Brambleghast|slp|[from] move: Sleep Powder\n|cant|p1a: Brambleghast|slp\n|\n|upkeep\n|turn|20\n|inactive|Time left: 300 sec this turn | 300 sec total\n|\n|t:|1783564026\n|move|p2a: Vivillon|Tera Blast|p1a: Brambleghast\n|-damage|p1a: Brambleghast|92/240 slp\n|cant|p1a: Brambleghast|slp\n|\n|-heal|p1a: Brambleghast|107/240 slp|[from] item: Leftovers\n|upkeep\n|turn|21\n|inactive|Time left: 300 sec this turn | 300 sec total\n|\n|t:|1783564027\n|switch|p1a: Dipplin|Dipplin, L88, M|219/284 par\n|-damage|p1a: Dipplin|184/284 par|[from] Stealth Rock\n|move|p2a: Vivillon|Tera Blast|p1a: Dipplin\n|-damage|p1a: Dipplin|98/284 par\n|\n|upkeep\n|turn|22\n|inactive|Time left: 300 sec this turn | 300 sec total\n|\n|t:|1783564028\n|move|p2a: Vivillon|Hurricane|p1a: Dipplin\n|-supereffective|p1a: Dipplin\n|-damage|p1a: Dipplin|0 fnt\n|faint|p1a: Dipplin\n|\n|upkeep\n|inactive|Time left: 300 sec this turn | 300 sec total | 5 sec grace\n|\n|t:|1783564029\n|switch|p1a: Slowking|Slowking-Galar, L85, M|300/300\n|turn|23\n|inactive|Time left: 300 sec this turn | 300 sec total\n|\n|t:|1783564030\n|-terastallize|p2a: Vivillon|Ground\n|move|p2a: Vivillon|Tera Blast|p1a: Slowking|[anim] Tera Blast Ground\n|-supereffective|p1a: Slowking\n|-damage|p1a: Slowking|0 fnt\n|faint|p1a: Slowking\n|\n|upkeep\n|inactive|Time left: 300 sec this turn | 300 sec total | 5 sec grace\n|\n|t:|1783564031\n|switch|p1a: Vigoroth|Vigoroth, L85, M|275/275\n|-damage|p1a: Vigoroth|241/275|[from] Stealth Rock\n|turn|24\n|inactive|Time left: 300 sec this turn | 300 sec total\n|\n|t:|1783564032\n|move|p2a: Vivillon|Hurricane|p1a: Vigoroth\n|-damage|p1a: Vigoroth|0 fnt\n|faint|p1a: Vigoroth\n|\n|upkeep\n|inactive|Time left: 300 sec this turn | 300 sec total | 5 sec grace\n|\n|t:|1783564033\n|switch|p1a: Whiscash|Whiscash, L88, F|295/337\n|-damage|p1a: Whiscash|274/337|[from] Stealth Rock\n|turn|25\n|inactive|Time left: 300 sec this turn | 300 sec total\n|\n|t:|1783564034\n|switch|p1a: Brambleghast|Brambleghast, L88, F, tera:Fairy|107/240 slp\n|-damage|p1a: Brambleghast|77/240 slp|[from] Stealth Rock\n|move|p2a: Vivillon|Hurricane|p1a: Brambleghast\n|-ability|p1a: Brambleghast|Wind Rider|boost\n|-boost|p1a: Brambleghast|atk|1\n|\n|-heal|p1a: Brambleghast|92/240 slp|[from] item: Leftovers\n|upkeep\n|turn|26\n|inactive|Time left: 300 sec this turn | 300 sec total\n|\n|t:|1783564035\n|switch|p1a: Whiscash|Whiscash, L88, F|274/337\n|-damage|p1a: Whiscash|253/337|[from] Stealth Rock\n|move|p2a: Vivillon|Tera Blast|p1a: Whiscash|[anim] Tera Blast Ground\n|-damage|p1a: Whiscash|18/337\n|\n|-heal|p1a: Whiscash|39/337|[from] item: Leftovers\n|upkeep\n|turn|27\n|inactive|Time left: 300 sec this turn | 300 sec total\n|\n|t:|1783564036\n|switch|p1a: Brambleghast|Brambleghast, L88, F, tera:Fairy|92/240 slp\n|-damage|p1a: Brambleghast|62/240 slp|[from] Stealth Rock\n|move|p2a: Vivillon|Tera Blast|p1a: Brambleghast|[anim] Tera Blast Ground\n|-damage|p1a: Brambleghast|0 fnt\n|faint|p1a: Brambleghast\n|\n|upkeep\n|inactive|Time left: 300 sec this turn | 300 sec total | 5 sec grace\n|\n|t:|1783564037\n|switch|p1a: Whiscash|Whiscash, L88, F|39/337\n|-damage|p1a: Whiscash|18/337|[from] Stealth Rock\n|turn|28\n|inactive|Time left: 300 sec this turn | 300 sec total\n|\n|t:|1783564038\n|move|p2a: Vivillon|Tera Blast|p1a: Whiscash|[anim] Tera Blast Ground\n|-crit|p1a: Whiscash\n|-damage|p1a: Whiscash|0 fnt\n|faint|p1a: Whiscash\n|\n|win|p0y21436e6c", "uploadtime": 1783564038, "views": 0, "rating": 0, "private": 0, "password": null, "_winner": "p0y21436e6c", "_our_name": "p0x21431fd6"}