{"id": "battle-gen9randombattle-2269", "formatid": "gen9randombattle", "format": "[Gen 9] Random Battle", "players": ["p0x2269aa4e", "p0y2269f2c4"], "log": "|init|battle\n|title|p0x2269aa4e vs. p0y2269f2c4\n|j|\u2606p0x2269aa4e\n|j|\u2606p0y2269f2c4\n|t:|1783565347\n|gametype|singles\n|player|p1|p0x2269aa4e|101|\n|player|p2|p0y2269f2c4|265|\n|gen|9\n|tier|[Gen 9] Random Battle\n|rule|Species Clause: Limit one of each Pok\u00e9mon\n|rule|HP Percentage Mod: HP is shown in percentages\n|rule|Sleep Clause Mod: Limit one foe put to sleep\n|rule|Illusion Level Mod: Illusion disguises the Pok\u00e9mon's true level\n|\n|t:|1783565347\n|teamsize|p1|6\n|teamsize|p2|6\n|start\n|switch|p1a: Falinks|Falinks, L84|246/246\n|switch|p2a: Iron Treads|Iron Treads, L77|100/100\n|turn|1\n|inactive|Battle timer is ON: inactive players will automatically lose when time's up. (requested by p0x2269aa4e)\n|inactive|p0y2269f2c4 also wants the timer to be on.\n|\n|t:|1783565348\n|move|p2a: Iron Treads|Iron Head|p1a: Falinks\n|-damage|p1a: Falinks|174/246\n|move|p1a: Falinks|No Retreat|p1a: Falinks\n|-boost|p1a: Falinks|atk|1\n|-boost|p1a: Falinks|def|1\n|-boost|p1a: Falinks|spa|1\n|-boost|p1a: Falinks|spd|1\n|-boost|p1a: Falinks|spe|1\n|-start|p1a: Falinks|move: No Retreat\n|\n|upkeep\n|turn|2\n|inactive|Time left: 300 sec this turn | 300 sec total\n|\n|t:|1783565349\n|-end|p2a: Iron Treads|Quark Drive|[silent]\n|switch|p2a: Torkoal|Torkoal, L88, M|100/100\n|-weather|SunnyDay|[from] ability: Drought|[of] p2a: Torkoal\n|move|p1a: Falinks|Close Combat|p2a: Torkoal\n|-damage|p2a: Torkoal|36/100\n|-unboost|p1a: Falinks|def|1\n|-unboost|p1a: Falinks|spd|1\n|-damage|p1a: Falinks|150/246|[from] item: Life Orb\n|\n|-weather|SunnyDay|[upkeep]\n|upkeep\n|turn|3\n|inactive|Time left: 300 sec this turn | 300 sec total\n|\n|t:|1783565350\n|move|p1a: Falinks|Close Combat|p2a: Torkoal\n|-damage|p2a: Torkoal|0 fnt\n|-unboost|p1a: Falinks|def|1\n|-unboost|p1a: Falinks|spd|1\n|faint|p2a: Torkoal\n|-damage|p1a: Falinks|126/246|[from] item: Life Orb\n|\n|-weather|SunnyDay|[upkeep]\n|upkeep\n|\n|t:|1783565351\n|switch|p2a: Corviknight|Corviknight, L80, M|100/100\n|-ability|p2a: Corviknight|Pressure\n|turn|4\n|inactive|Time left: 300 sec this turn | 300 sec total\n|\n|t:|1783565352\n|move|p1a: Falinks|Close Combat|p2a: Corviknight\n|-damage|p2a: Corviknight|19/100\n|-unboost|p1a: Falinks|def|1\n|-unboost|p1a: Falinks|spd|1\n|-damage|p1a: Falinks|85/246|[from] item: Rocky Helmet|[of] p2a: Corviknight\n|-damage|p1a: Falinks|61/246|[from] item: Life Orb\n|move|p2a: Corviknight|Body Press|p1a: Falinks\n|-damage|p1a: Falinks|0 fnt\n|faint|p1a: Falinks\n|\n|-weather|SunnyDay|[upkeep]\n|upkeep\n|inactive|Time left: 300 sec this turn | 300 sec total | 5 sec grace\n|\n|t:|1783565353\n|switch|p1a: Magnezone|Magnezone, L85|258/258\n|turn|5\n|inactive|Time left: 300 sec this turn | 300 sec total\n|\n|t:|1783565354\n|move|p1a: Magnezone|Volt Switch|p2a: Corviknight\n|-supereffective|p2a: Corviknight\n|-damage|p2a: Corviknight|0 fnt\n|faint|p2a: Corviknight\n|inactive|Time left: 300 sec this turn | 300 sec total | 5 sec grace\n|\n|t:|1783565355\n|switch|p1a: Blaziken|Blaziken, L76, M|247/247|[from] Volt Switch\n|\n|-weather|SunnyDay|[upkeep]\n|upkeep\n|\n|t:|1783565356\n|switch|p2a: Staraptor|Staraptor, L79, F|100/100\n|turn|6\n|inactive|Time left: 300 sec this turn | 300 sec total\n|\n|t:|1783565357\n|move|p1a: Blaziken|Protect|p1a: Blaziken\n|-singleturn|p1a: Blaziken|Protect\n|move|p2a: Staraptor|Brave Bird|p1a: Blaziken\n|-activate|p1a: Blaziken|move: Protect\n|\n|-weather|none\n|-ability|p1a: Blaziken|Speed Boost|boost\n|-boost|p1a: Blaziken|spe|1\n|upkeep\n|turn|7\n|inactive|Time left: 300 sec this turn | 300 sec total\n|\n|t:|1783565359\n|-terastallize|p1a: Blaziken|Fighting\n|move|p1a: Blaziken|Close Combat|p2a: Staraptor\n|-damage|p2a: Staraptor|2/100\n|-unboost|p1a: Blaziken|def|1\n|-unboost|p1a: Blaziken|spd|1\n|-damage|p1a: Blaziken|223/247|[from] item: Life Orb\n|move|p2a: Staraptor|Brave Bird|p1a: Blaziken\n|-supereffective|p1a: Blaziken\n|-damage|p1a: Blaziken|0 fnt\n|faint|p1a: Blaziken\n|-damage|p2a: Staraptor|0 fnt|[from] Recoil\n|faint|p2a: Staraptor\n|\n|upkeep\n|inactive|Time left: 300 sec this turn | 300 sec total | 5 sec grace\n|\n|t:|1783565360\n|switch|p2a: Necrozma|Necrozma, L80|100/100\n|switch|p1a: Rillaboom|Rillaboom, L79, F|288/288\n|-fieldstart|move: Grassy Terrain|[from] ability: Grassy Surge|[of] p1a: Rillaboom\n|turn|8\n|inactive|Time left: 300 sec this turn | 300 sec total\n|\n|t:|1783565361\n|-terastallize|p2a: Necrozma|Steel\n|move|p1a: Rillaboom|Wood Hammer|p2a: Necrozma\n|-resisted|p2a: Necrozma\n|-damage|p2a: Necrozma|55/100\n|-damage|p1a: Rillaboom|245/288|[from] Recoil\n|move|p2a: Necrozma|Dragon Dance|p2a: Necrozma\n|-boost|p2a: Necrozma|atk|1\n|-boost|p2a: Necrozma|spe|1\n|\n|-heal|p2a: Necrozma|61/100|[from] Grassy Terrain\n|-heal|p1a: Rillaboom|263/288|[from] Grassy Terrain\n|upkeep\n|turn|9\n|inactive|Time left: 300 sec this turn | 300 sec total\n|\n|t:|1783565362\n|switch|p1a: Mudsdale|Mudsdale, L83, M|302/302\n|move|p2a: Necrozma|Knock Off|p1a: Mudsdale\n|-damage|p1a: Mudsdale|202/302\n|-ability|p1a: Mudsdale|Stamina|boost\n|-boost|p1a: Mudsdale|def|1\n|-enditem|p1a: Mudsdale|Leftovers|[from] move: Knock Off|[of] p2a: Necrozma\n|\n|-heal|p2a: Necrozma|67/100|[from] Grassy Terrain\n|-heal|p1a: Mudsdale|220/302|[from] Grassy Terrain\n|upkeep\n|turn|10\n|inactive|Time left: 300 sec this turn | 300 sec total\n|\n|t:|1783565363\n|move|p2a: Necrozma|Photon Geyser|p1a: Mudsdale\n|-damage|p1a: Mudsdale|129/302\n|-ability|p1a: Mudsdale|Stamina|boost\n|-boost|p1a: Mudsdale|def|1\n|move|p1a: Mudsdale|Roar|p2a: Necrozma\n|drag|p2a: Sylveon|Sylveon, L85, F|100/100\n|\n|-heal|p1a: Mudsdale|147/302|[from] Grassy Terrain\n|upkeep\n|turn|11\n|inactive|Time left: 300 sec this turn | 300 sec total\n|\n|t:|1783565364\n|move|p2a: Sylveon|Hyper Voice|p1a: Mudsdale\n|-damage|p1a: Mudsdale|9/302\n|-ability|p1a: Mudsdale|Stamina|boost\n|-boost|p1a: Mudsdale|def|1\n|move|p1a: Mudsdale|Heavy Slam|p2a: Sylveon\n|-supereffective|p2a: Sylveon\n|-damage|p2a: Sylveon|21/100\n|\n|-heal|p2a: Sylveon|27/100|[from] Grassy Terrain\n|-heal|p2a: Sylveon|33/100|[from] item: Leftovers\n|-heal|p1a: Mudsdale|27/302|[from] Grassy Terrain\n|upkeep\n|turn|12\n|inactive|Time left: 300 sec this turn | 300 sec total\n|\n|t:|1783565365\n|move|p2a: Sylveon|Hyper Voice|p1a: Mudsdale\n|-damage|p1a: Mudsdale|0 fnt\n|faint|p1a: Mudsdale\n|\n|-heal|p2a: Sylveon|39/100|[from] Grassy Terrain\n|-heal|p2a: Sylveon|45/100|[from] item: Leftovers\n|-fieldend|move: Grassy Terrain\n|upkeep\n|inactive|Time left: 300 sec this turn | 300 sec total | 5 sec grace\n|\n|t:|1783565366\n|switch|p1a: Rillaboom|Rillaboom, L79, F|263/288\n|-fieldstart|move: Grassy Terrain|[from] ability: Grassy Surge|[of] p1a: Rillaboom\n|turn|13\n|inactive|Time left: 300 sec this turn | 300 sec total\n|\n|t:|1783565367\n|move|p2a: Sylveon|Protect|p2a: Sylveon\n|-singleturn|p2a: Sylveon|Protect\n|move|p1a: Rillaboom|Wood Hammer|p2a: Sylveon\n|-activate|p2a: Sylveon|move: Protect\n|\n|-heal|p1a: Rillaboom|281/288|[from] Grassy Terrain\n|-heal|p2a: Sylveon|51/100|[from] Grassy Terrain\n|-heal|p2a: Sylveon|57/100|[from] item: Leftovers\n|upkeep\n|turn|14\n|inactive|Time left: 300 sec this turn | 300 sec total\n|\n|t:|1783565368\n|move|p2a: Sylveon|Protect|p2a: Sylveon\n|-singleturn|p2a: Sylveon|Protect\n|move|p1a: Rillaboom|Wood Hammer|p2a: Sylveon\n|-activate|p2a: Sylveon|move: Protect\n|\n|-heal|p1a: Rillaboom|288/288|[from] Grassy Terrain\n|-heal|p2a: Sylveon|63/100|[from] Grassy Terrain\n|-heal|p2a: Sylveon|69/100|[from] item: Leftovers\n|upkeep\n|turn|15\n|inactive|Time left: 300 sec this turn | 300 sec total\n|\n|t:|1783565369\n|switch|p2a: Iron Treads|Iron Treads, L77|100/100\n|move|p1a: Rillaboom|Wood Hammer|p2a: Iron Treads\n|-damage|p2a: Iron Treads|15/100\n|-damage|p1a: Rillaboom|213/288|[from] Recoil\n|\n|-heal|p2a: Iron Treads|21/100|[from] Grassy Terrain\n|-heal|p1a: Rillaboom|231/288|[from] Grassy Terrain\n|upkeep\n|turn|16\n|inactive|Time left: 300 sec this turn | 300 sec total\n|\n|t:|1783565370\n|move|p2a: Iron Treads|Knock Off|p1a: Rillaboom\n|-damage|p1a: Rillaboom|161/288\n|-enditem|p1a: Rillaboom|Choice Band|[from] move: Knock Off|[of] p2a: Iron Treads\n|move|p1a: Rillaboom|Wood Hammer|p2a: Iron Treads\n|-damage|p2a: Iron Treads|0 fnt\n|faint|p2a: Iron Treads\n|-end|p2a: Iron Treads|Quark Drive|[silent]\n|-damage|p1a: Rillaboom|143/288|[from] Recoil\n|\n|-heal|p1a: Rillaboom|161/288|[from] Grassy Terrain\n|upkeep\n|\n|t:|1783565371\n|switch|p2a: Necrozma|Necrozma, L80, tera:Steel|67/100\n|turn|17\n|inactive|Time left: 300 sec this turn | 300 sec total\n|\n|t:|1783565372\n|move|p1a: Rillaboom|Wood Hammer|p2a: Necrozma\n|-resisted|p2a: Necrozma\n|-damage|p2a: Necrozma|37/100\n|-damage|p1a: Rillaboom|133/288|[from] Recoil\n|move|p2a: Necrozma|Dragon Dance|p2a: Necrozma\n|-boost|p2a: Necrozma|atk|1\n|-boost|p2a: Necrozma|spe|1\n|\n|-heal|p2a: Necrozma|43/100|[from] Grassy Terrain\n|-heal|p1a: Rillaboom|151/288|[from] Grassy Terrain\n|-fieldend|move: Grassy Terrain\n|upkeep\n|turn|18\n|inactive|Time left: 300 sec this turn | 300 sec total\n|\n|t:|1783565373\n|move|p2a: Necrozma|Photon Geyser|p1a: Rillaboom\n|-damage|p1a: Rillaboom|0 fnt\n|faint|p1a: Rillaboom\n|\n|upkeep\n|inactive|Time left: 300 sec this turn | 300 sec total | 5 sec grace\n|\n|t:|1783565374\n|switch|p1a: Meowstic|Meowstic-F, L89, F|277/277\n|turn|19\n|inactive|Time left: 300 sec this turn | 300 sec total\n|\n|t:|1783565375\n|move|p2a: Necrozma|Knock Off|p1a: Meowstic\n|-supereffective|p1a: Meowstic\n|-damage|p1a: Meowstic|59/277\n|-enditem|p1a: Meowstic|Life Orb|[from] move: Knock Off|[of] p2a: Necrozma\n|move|p1a: Meowstic|Psychic|p2a: Necrozma\n|-resisted|p2a: Necrozma\n|-damage|p2a: Necrozma|26/100\n|\n|upkeep\n|turn|20\n|inactive|Time left: 300 sec this turn | 300 sec total\n|\n|t:|1783565376\n|switch|p1a: Magnezone|Magnezone, L85|258/258\n|move|p2a: Necrozma|Earthquake|p1a: Magnezone\n|-supereffective|p1a: Magnezone\n|-damage|p1a: Magnezone|0 fnt\n|faint|p1a: Magnezone\n|\n|upkeep\n|inactive|Time left: 300 sec this turn | 300 sec total | 5 sec grace\n|\n|t:|1783565376\n|switch|p1a: Meowstic|Meowstic-F, L89, F|59/277\n|turn|21\n|inactive|Time left: 300 sec this turn | 300 sec total\n|\n|t:|1783565377\n|move|p2a: Necrozma|Earthquake|p1a: Meowstic\n|-damage|p1a: Meowstic|0 fnt\n|faint|p1a: Meowstic\n|\n|win|p0y2269f2c4", "uploadtime": 1783565377, "views": 0, "rating": 0, "private": 0, "password": null, "_winner": "p0y2269f2c4", "_our_name": "p0x2269aa4e"}