{"id": "battle-gen9randombattle-1292", "formatid": "gen9randombattle", "format": "[Gen 9] Random Battle", "players": ["p0x12929002", "p0y129208cc"], "log": "|init|battle\n|title|p0x12929002 vs. p0y129208cc\n|j|\u2606p0x12929002\n|j|\u2606p0y129208cc\n|t:|1783554121\n|gametype|singles\n|player|p1|p0x12929002|170|\n|player|p2|p0y129208cc|170|\n|gen|9\n|tier|[Gen 9] Random Battle\n|rule|Species Clause: Limit one of each Pok\u00e9mon\n|rule|HP Percentage Mod: HP is shown in percentages\n|rule|Sleep Clause Mod: Limit one foe put to sleep\n|rule|Illusion Level Mod: Illusion disguises the Pok\u00e9mon's true level\n|\n|t:|1783554121\n|teamsize|p1|6\n|teamsize|p2|6\n|start\n|switch|p1a: Hitmontop|Hitmontop, L88, M|100/100\n|switch|p2a: Arceus|Arceus-Ice, L72|291/291\n|-ability|p1a: Hitmontop|Intimidate|boost\n|-unboost|p2a: Arceus|atk|1\n|turn|1\n|inactive|Battle timer is ON: inactive players will automatically lose when time's up. (requested by p0x12929002)\n|inactive|Time left: 300 sec this turn | 300 sec total | 60 sec grace\n|inactive|p0y129208cc also wants the timer to be on.\n|\n|t:|1783554123\n|switch|p2a: Flutter Mane|Flutter Mane, L74|203/203\n|move|p1a: Hitmontop|Close Combat|p2a: Flutter Mane\n|-immune|p2a: Flutter Mane\n|\n|upkeep\n|turn|2\n|inactive|Time left: 300 sec this turn | 300 sec total\n|\n|t:|1783554124\n|move|p2a: Flutter Mane|Moonblast|p1a: Hitmontop\n|-supereffective|p1a: Hitmontop\n|-damage|p1a: Hitmontop|28/100\n|move|p1a: Hitmontop|Earthquake|p2a: Flutter Mane\n|-damage|p2a: Flutter Mane|90/203\n|\n|upkeep\n|turn|3\n|inactive|Time left: 300 sec this turn | 300 sec total\n|\n|t:|1783554125\n|switch|p1a: Magcargo|Magcargo, L95, F|100/100\n|move|p2a: Flutter Mane|Moonblast|p1a: Magcargo\n|-resisted|p1a: Magcargo\n|-damage|p1a: Magcargo|73/100\n|-unboost|p1a: Magcargo|spa|1\n|\n|upkeep\n|turn|4\n|inactive|Time left: 300 sec this turn | 300 sec total\n|\n|t:|1783554126\n|move|p2a: Flutter Mane|Moonblast|p1a: Magcargo\n|-resisted|p1a: Magcargo\n|-crit|p1a: Magcargo\n|-damage|p1a: Magcargo|30/100\n|-unboost|p1a: Magcargo|spa|1\n|move|p1a: Magcargo|Stealth Rock|p2a: Flutter Mane\n|-sidestart|p2: p0y129208cc|move: Stealth Rock\n|\n|upkeep\n|turn|5\n|inactive|Time left: 300 sec this turn | 300 sec total\n|\n|t:|1783554128\n|switch|p1a: Slowbro|Slowbro-Galar, L87, F|100/100\n|move|p2a: Flutter Mane|Moonblast|p1a: Slowbro\n|-resisted|p1a: Slowbro\n|-damage|p1a: Slowbro|74/100\n|\n|-heal|p1a: Slowbro|80/100|[from] item: Leftovers\n|upkeep\n|turn|6\n|inactive|Time left: 300 sec this turn | 300 sec total\n|\n|t:|1783554129\n|move|p2a: Flutter Mane|Moonblast|p1a: Slowbro\n|-resisted|p1a: Slowbro\n|-damage|p1a: Slowbro|50/100\n|move|p1a: Slowbro|Psychic|p2a: Flutter Mane\n|-crit|p2a: Flutter Mane\n|-damage|p2a: Flutter Mane|0 fnt\n|faint|p2a: Flutter Mane\n|-end|p2a: Flutter Mane|Protosynthesis|[silent]\n|\n|-heal|p1a: Slowbro|56/100|[from] item: Leftovers\n|upkeep\n|inactive|Time left: 300 sec this turn | 300 sec total | 5 sec grace\n|\n|t:|1783554130\n|switch|p2a: Ariados|Ariados, L95, F|287/287\n|turn|7\n|inactive|Time left: 300 sec this turn | 300 sec total\n|\n|t:|1783554131\n|move|p2a: Ariados|Sticky Web|p1a: Slowbro\n|-sidestart|p1: p0x12929002|move: Sticky Web\n|move|p1a: Slowbro|Psychic|p2a: Ariados\n|-supereffective|p2a: Ariados\n|-damage|p2a: Ariados|81/287\n|\n|-heal|p1a: Slowbro|62/100|[from] item: Leftovers\n|upkeep\n|turn|8\n|inactive|Time left: 300 sec this turn | 300 sec total\n|\n|t:|1783554132\n|switch|p1a: Corviknight|Corviknight, L80, F|100/100\n|-ability|p1a: Corviknight|Pressure\n|move|p2a: Ariados|Megahorn|p1a: Corviknight\n|-resisted|p1a: Corviknight\n|-damage|p1a: Corviknight|83/100\n|-damage|p2a: Ariados|34/287|[from] item: Rocky Helmet|[of] p1a: Corviknight\n|\n|upkeep\n|turn|9\n|inactive|Time left: 300 sec this turn | 300 sec total\n|\n|t:|1783554133\n|move|p1a: Corviknight|Brave Bird|p2a: Ariados\n|-supereffective|p2a: Ariados\n|-damage|p2a: Ariados|0 fnt\n|faint|p2a: Ariados\n|-damage|p1a: Corviknight|79/100|[from] Recoil\n|\n|upkeep\n|inactive|Time left: 300 sec this turn | 300 sec total | 5 sec grace\n|\n|t:|1783554134\n|switch|p2a: Iron Jugulis|Iron Jugulis, L77|271/271\n|-damage|p2a: Iron Jugulis|204/271|[from] Stealth Rock\n|turn|10\n|inactive|Time left: 300 sec this turn | 300 sec total\n|\n|t:|1783554135\n|move|p2a: Iron Jugulis|Meteor Beam||[still]\n|-prepare|p2a: Iron Jugulis|Meteor Beam\n|-boost|p2a: Iron Jugulis|spa|1\n|-enditem|p2a: Iron Jugulis|Power Herb\n|-anim|p2a: Iron Jugulis|Meteor Beam|p1a: Corviknight\n|-damage|p1a: Corviknight|32/100\n|move|p1a: Corviknight|Roost|p1a: Corviknight\n|-heal|p1a: Corviknight|82/100\n|-singleturn|p1a: Corviknight|move: Roost\n|\n|upkeep\n|turn|11\n|inactive|Time left: 300 sec this turn | 300 sec total\n|\n|t:|1783554136\n|switch|p1a: Hitmontop|Hitmontop, L88, M|28/100\n|-activate|p1a: Hitmontop|move: Sticky Web\n|-unboost|p1a: Hitmontop|spe|1\n|-ability|p1a: Hitmontop|Intimidate|boost\n|-unboost|p2a: Iron Jugulis|atk|1\n|move|p2a: Iron Jugulis|Meteor Beam||[still]\n|-prepare|p2a: Iron Jugulis|Meteor Beam\n|-boost|p2a: Iron Jugulis|spa|1\n|\n|upkeep\n|turn|12\n|inactive|Time left: 300 sec this turn | 300 sec total\n|\n|t:|1783554137\n|move|p2a: Iron Jugulis|Meteor Beam|p1a: Hitmontop|[from] lockedmove\n|-resisted|p1a: Hitmontop\n|-damage|p1a: Hitmontop|7/100\n|move|p1a: Hitmontop|Rapid Spin|p2a: Iron Jugulis\n|-damage|p2a: Iron Jugulis|157/271\n|-boost|p1a: Hitmontop|spe|1\n|-sideend|p1: p0x12929002|Sticky Web|[from] move: Rapid Spin|[of] p1a: Hitmontop\n|\n|upkeep\n|turn|13\n|inactive|Time left: 300 sec this turn | 300 sec total\n|\n|t:|1783554137\n|move|p2a: Iron Jugulis|Dark Pulse|p1a: Hitmontop\n|-resisted|p1a: Hitmontop\n|-damage|p1a: Hitmontop|0 fnt\n|faint|p1a: Hitmontop\n|\n|upkeep\n|\n|t:|1783554138\n|switch|p1a: Mamoswine|Mamoswine, L81, F|100/100\n|turn|14\n|inactive|Time left: 300 sec this turn | 300 sec total\n|\n|t:|1783554139\n|move|p1a: Mamoswine|Ice Shard|p2a: Iron Jugulis\n|-supereffective|p2a: Iron Jugulis\n|-crit|p2a: Iron Jugulis\n|-damage|p2a: Iron Jugulis|0 fnt\n|faint|p2a: Iron Jugulis\n|-end|p2a: Iron Jugulis|Quark Drive|[silent]\n|\n|upkeep\n|inactive|Time left: 300 sec this turn | 300 sec total | 5 sec grace\n|\n|t:|1783554140\n|switch|p2a: Arceus|Arceus-Ice, L72|291/291\n|-damage|p2a: Arceus|219/291|[from] Stealth Rock\n|turn|15\n|inactive|Time left: 300 sec this turn | 300 sec total\n|\n|t:|1783554141\n|switch|p1a: Vigoroth|Vigoroth, L85, F|100/100\n|move|p2a: Arceus|Calm Mind|p2a: Arceus\n|-boost|p2a: Arceus|spa|1\n|-boost|p2a: Arceus|spd|1\n|\n|upkeep\n|turn|16\n|inactive|Time left: 300 sec this turn | 300 sec total\n|\n|t:|1783554142\n|switch|p1a: Mamoswine|Mamoswine, L81, F|100/100\n|move|p2a: Arceus|Judgment|p1a: Mamoswine\n|-damage|p1a: Mamoswine|64/100\n|\n|upkeep\n|turn|17\n|inactive|Time left: 300 sec this turn | 300 sec total\n|\n|t:|1783554143\n|move|p2a: Arceus|Judgment|p1a: Mamoswine\n|-damage|p1a: Mamoswine|27/100\n|move|p1a: Mamoswine|Earthquake|p2a: Arceus\n|-damage|p2a: Arceus|41/291\n|\n|upkeep\n|turn|18\n|inactive|Time left: 300 sec this turn | 300 sec total\n|\n|t:|1783554144\n|move|p2a: Arceus|Judgment|p1a: Mamoswine\n|-damage|p1a: Mamoswine|0 fnt\n|faint|p1a: Mamoswine\n|\n|upkeep\n|\n|t:|1783554145\n|switch|p1a: Corviknight|Corviknight, L80, F|82/100\n|-ability|p1a: Corviknight|Pressure\n|turn|19\n|inactive|Time left: 300 sec this turn | 300 sec total\n|\n|t:|1783554146\n|move|p2a: Arceus|Recover|p2a: Arceus\n|-heal|p2a: Arceus|187/291\n|move|p1a: Corviknight|Body Press|p2a: Arceus\n|-supereffective|p2a: Arceus\n|-damage|p2a: Arceus|91/291\n|\n|upkeep\n|turn|20\n|inactive|Time left: 300 sec this turn | 300 sec total\n|\n|t:|1783554147\n|move|p2a: Arceus|Recover|p2a: Arceus\n|-heal|p2a: Arceus|237/291\n|move|p1a: Corviknight|Body Press|p2a: Arceus\n|-supereffective|p2a: Arceus\n|-damage|p2a: Arceus|129/291\n|\n|upkeep\n|turn|21\n|inactive|Time left: 300 sec this turn | 300 sec total\n|\n|t:|1783554148\n|move|p2a: Arceus|Recover|p2a: Arceus\n|-heal|p2a: Arceus|275/291\n|move|p1a: Corviknight|Brave Bird|p2a: Arceus\n|-crit|p2a: Arceus\n|-damage|p2a: Arceus|122/291\n|-damage|p1a: Corviknight|64/100|[from] Recoil\n|\n|upkeep\n|turn|22\n|inactive|Time left: 300 sec this turn | 300 sec total\n|\n|t:|1783554149\n|switch|p1a: Slowbro|Slowbro-Galar, L87, F|95/100\n|move|p2a: Arceus|Judgment|p1a: Slowbro\n|-damage|p1a: Slowbro|29/100\n|\n|-heal|p1a: Slowbro|35/100|[from] item: Leftovers\n|upkeep\n|turn|23\n|inactive|Time left: 300 sec this turn | 300 sec total\n|\n|t:|1783554150\n|switch|p1a: Magcargo|Magcargo, L95, F|30/100\n|move|p2a: Arceus|Judgment|p1a: Magcargo\n|-resisted|p1a: Magcargo\n|-damage|p1a: Magcargo|2/100\n|\n|upkeep\n|turn|24\n|inactive|Time left: 300 sec this turn | 300 sec total\n|\n|t:|1783554151\n|move|p2a: Arceus|Judgment|p1a: Magcargo\n|-resisted|p1a: Magcargo\n|-damage|p1a: Magcargo|0 fnt\n|faint|p1a: Magcargo\n|\n|upkeep\n|\n|t:|1783554152\n|switch|p1a: Vigoroth|Vigoroth, L85, F|100/100\n|turn|25\n|inactive|Time left: 300 sec this turn | 300 sec total\n|\n|t:|1783554153\n|move|p2a: Arceus|Recover|p2a: Arceus\n|-heal|p2a: Arceus|268/291\n|move|p1a: Vigoroth|Body Slam|p2a: Arceus\n|-damage|p2a: Arceus|196/291\n|\n|upkeep\n|turn|26\n|inactive|Time left: 300 sec this turn | 300 sec total\n|\n|t:|1783554155\n|move|p2a: Arceus|Judgment|p1a: Vigoroth\n|-damage|p1a: Vigoroth|43/100\n|move|p1a: Vigoroth|Body Slam|p2a: Arceus\n|-damage|p2a: Arceus|127/291\n|-status|p2a: Arceus|par\n|\n|upkeep\n|turn|27\n|inactive|Time left: 300 sec this turn | 300 sec total\n|\n|t:|1783554156\n|move|p1a: Vigoroth|Body Slam|p2a: Arceus\n|-damage|p2a: Arceus|54/291 par\n|move|p2a: Arceus|Judgment|p1a: Vigoroth\n|-damage|p1a: Vigoroth|0 fnt\n|faint|p1a: Vigoroth\n|\n|upkeep\n|\n|t:|1783554157\n|switch|p1a: Corviknight|Corviknight, L80, F|64/100\n|-ability|p1a: Corviknight|Pressure\n|turn|28\n|inactive|Time left: 300 sec this turn | 300 sec total\n|\n|t:|1783554158\n|move|p1a: Corviknight|Brave Bird|p2a: Arceus\n|-damage|p2a: Arceus|0 fnt\n|faint|p2a: Arceus\n|-damage|p1a: Corviknight|58/100|[from] Recoil\n|\n|upkeep\n|inactive|Time left: 300 sec this turn | 300 sec total | 5 sec grace\n|\n|t:|1783554159\n|switch|p2a: Wo-Chien|Wo-Chien, L83|277/277\n|-damage|p2a: Wo-Chien|243/277|[from] Stealth Rock\n|-ability|p2a: Wo-Chien|Tablets of Ruin\n|turn|29\n|inactive|Time left: 300 sec this turn | 300 sec total\n|\n|t:|1783554160\n|move|p2a: Wo-Chien|Leech Seed|p1a: Corviknight\n|-start|p1a: Corviknight|move: Leech Seed\n|move|p1a: Corviknight|Roost|p1a: Corviknight\n|-heal|p1a: Corviknight|100/100\n|-singleturn|p1a: Corviknight|move: Roost\n|\n|-heal|p2a: Wo-Chien|260/277|[from] item: Leftovers\n|-damage|p1a: Corviknight|88/100|[from] Leech Seed|[of] p2a: Wo-Chien\n|-heal|p2a: Wo-Chien|277/277|[silent]\n|upkeep\n|turn|30\n|inactive|Time left: 300 sec this turn | 300 sec total\n|\n|t:|1783554161\n|move|p2a: Wo-Chien|Knock Off|p1a: Corviknight\n|-damage|p1a: Corviknight|57/100\n|-damage|p2a: Wo-Chien|231/277|[from] item: Rocky Helmet|[of] p1a: Corviknight\n|-enditem|p1a: Corviknight|Rocky Helmet|[from] move: Knock Off|[of] p2a: Wo-Chien\n|move|p1a: Corviknight|U-turn|p2a: Wo-Chien\n|-supereffective|p2a: Wo-Chien\n|-damage|p2a: Wo-Chien|103/277\n|\n|t:|1783554162\n|switch|p1a: Slowbro|Slowbro-Galar, L87, F|68/100|[from] U-turn\n|\n|-heal|p2a: Wo-Chien|120/277|[from] item: Leftovers\n|-heal|p1a: Slowbro|74/100|[from] item: Leftovers\n|upkeep\n|turn|31\n|inactive|Time left: 300 sec this turn | 300 sec total\n|\n|t:|1783554163\n|switch|p1a: Corviknight|Corviknight, L80, F|57/100\n|-ability|p1a: Corviknight|Pressure\n|move|p2a: Wo-Chien|Protect||[still]\n|-fail|p2a: Wo-Chien\n|\n|-heal|p2a: Wo-Chien|137/277|[from] item: Leftovers\n|upkeep\n|turn|32\n|inactive|Time left: 300 sec this turn | 300 sec total\n|\n|t:|1783554164\n|move|p2a: Wo-Chien|Protect|p2a: Wo-Chien\n|-singleturn|p2a: Wo-Chien|Protect\n|move|p1a: Corviknight|Roost|p1a: Corviknight\n|-heal|p1a: Corviknight|100/100\n|-singleturn|p1a: Corviknight|move: Roost\n|\n|-heal|p2a: Wo-Chien|154/277|[from] item: Leftovers\n|upkeep\n|turn|33\n|inactive|Time left: 300 sec this turn | 300 sec total\n|\n|t:|1783554165\n|-terastallize|p2a: Wo-Chien|Poison\n|move|p2a: Wo-Chien|Leech Seed|p1a: Corviknight|[miss]\n|-miss|p2a: Wo-Chien|p1a: Corviknight\n|move|p1a: Corviknight|U-turn|p2a: Wo-Chien\n|-resisted|p2a: Wo-Chien\n|-damage|p2a: Wo-Chien|139/277\n|\n|t:|1783554166\n|switch|p1a: Slowbro|Slowbro-Galar, L87, F|100/100|[from] U-turn\n|\n|-heal|p2a: Wo-Chien|156/277|[from] item: Leftovers\n|upkeep\n|turn|34\n|inactive|Time left: 300 sec this turn | 300 sec total\n|\n|t:|1783554167\n|move|p2a: Wo-Chien|Protect|p2a: Wo-Chien\n|-singleturn|p2a: Wo-Chien|Protect\n|move|p1a: Slowbro|Psychic|p2a: Wo-Chien\n|-activate|p2a: Wo-Chien|move: Protect\n|\n|-heal|p2a: Wo-Chien|173/277|[from] item: Leftovers\n|upkeep\n|turn|35\n|inactive|Time left: 300 sec this turn | 300 sec total\n|\n|t:|1783554168\n|move|p2a: Wo-Chien|Leech Seed|p1a: Slowbro\n|-start|p1a: Slowbro|move: Leech Seed\n|move|p1a: Slowbro|Psychic|p2a: Wo-Chien\n|-supereffective|p2a: Wo-Chien\n|-damage|p2a: Wo-Chien|15/277\n|\n|-heal|p2a: Wo-Chien|32/277|[from] item: Leftovers\n|-damage|p1a: Slowbro|88/100|[from] Leech Seed|[of] p2a: Wo-Chien\n|-heal|p2a: Wo-Chien|70/277|[silent]\n|upkeep\n|turn|36\n|inactive|Time left: 300 sec this turn | 300 sec total\n|\n|t:|1783554169\n|switch|p1a: Corviknight|Corviknight, L80, F|100/100\n|-ability|p1a: Corviknight|Pressure\n|move|p2a: Wo-Chien|Protect||[still]\n|-fail|p2a: Wo-Chien\n|\n|-heal|p2a: Wo-Chien|87/277|[from] item: Leftovers\n|upkeep\n|turn|37\n|inactive|Time left: 300 sec this turn | 300 sec total\n|\n|t:|1783554170\n|move|p2a: Wo-Chien|Leech Seed|p1a: Corviknight|[miss]\n|-miss|p2a: Wo-Chien|p1a: Corviknight\n|move|p1a: Corviknight|Brave Bird|p2a: Wo-Chien\n|-damage|p2a: Wo-Chien|14/277\n|-damage|p1a: Corviknight|92/100|[from] Recoil\n|\n|-heal|p2a: Wo-Chien|31/277|[from] item: Leftovers\n|upkeep\n|turn|38\n|inactive|Time left: 300 sec this turn | 300 sec total\n|\n|t:|1783554171\n|move|p2a: Wo-Chien|Protect|p2a: Wo-Chien\n|-singleturn|p2a: Wo-Chien|Protect\n|move|p1a: Corviknight|Brave Bird|p2a: Wo-Chien\n|-activate|p2a: Wo-Chien|move: Protect\n|\n|-heal|p2a: Wo-Chien|48/277|[from] item: Leftovers\n|upkeep\n|turn|39\n|inactive|Time left: 300 sec this turn | 300 sec total\n|\n|t:|1783554173\n|move|p2a: Wo-Chien|Stun Spore|p1a: Corviknight|[miss]\n|-miss|p2a: Wo-Chien|p1a: Corviknight\n|move|p1a: Corviknight|Brave Bird|p2a: Wo-Chien\n|-damage|p2a: Wo-Chien|0 fnt\n|faint|p2a: Wo-Chien\n|-damage|p1a: Corviknight|87/100|[from] Recoil\n|\n|upkeep\n|inactive|Time left: 300 sec this turn | 300 sec total | 5 sec grace\n|\n|t:|1783554174\n|switch|p2a: Toxapex|Toxapex, L82, F|216/216\n|-damage|p2a: Toxapex|189/216|[from] Stealth Rock\n|turn|40\n|inactive|Time left: 300 sec this turn | 300 sec total\n|\n|t:|1783554175\n|switch|p1a: Slowbro|Slowbro-Galar, L87, F|100/100\n|move|p2a: Toxapex|Recover|p2a: Toxapex\n|-heal|p2a: Toxapex|216/216\n|\n|upkeep\n|turn|41\n|inactive|Time left: 300 sec this turn | 300 sec total\n|\n|t:|1783554176\n|-terastallize|p1a: Slowbro|Ground\n|move|p2a: Toxapex|Liquidation|p1a: Slowbro\n|-supereffective|p1a: Slowbro\n|-damage|p1a: Slowbro|61/100\n|move|p1a: Slowbro|Earthquake|p2a: Toxapex\n|-supereffective|p2a: Toxapex\n|-damage|p2a: Toxapex|54/216\n|\n|-heal|p2a: Toxapex|67/216|[from] item: Leftovers\n|-heal|p1a: Slowbro|67/100|[from] item: Leftovers\n|upkeep\n|turn|42\n|inactive|Time left: 300 sec this turn | 300 sec total\n|\n|t:|1783554177\n|move|p2a: Toxapex|Recover|p2a: Toxapex\n|-heal|p2a: Toxapex|175/216\n|move|p1a: Slowbro|Earthquake|p2a: Toxapex\n|-supereffective|p2a: Toxapex\n|-damage|p2a: Toxapex|29/216\n|\n|-heal|p2a: Toxapex|42/216|[from] item: Leftovers\n|-heal|p1a: Slowbro|73/100|[from] item: Leftovers\n|upkeep\n|turn|43\n|inactive|Time left: 300 sec this turn | 300 sec total\n|\n|t:|1783554178\n|move|p2a: Toxapex|Recover|p2a: Toxapex\n|-heal|p2a: Toxapex|150/216\n|move|p1a: Slowbro|Earthquake|p2a: Toxapex\n|-supereffective|p2a: Toxapex\n|-crit|p2a: Toxapex\n|-damage|p2a: Toxapex|0 fnt\n|faint|p2a: Toxapex\n|\n|win|p0x12929002", "uploadtime": 1783554178, "views": 0, "rating": 0, "private": 0, "password": null, "_winner": "p0x12929002", "_our_name": "p0y129208cc"}