{"id": "battle-gen9randombattle-1322", "formatid": "gen9randombattle", "format": "[Gen 9] Random Battle", "players": ["p0x1322c7b0", "p0y1322f4ff"], "log": "|init|battle\n|title|p0x1322c7b0 vs. p0y1322f4ff\n|j|\u2606p0x1322c7b0\n|j|\u2606p0y1322f4ff\n|t:|1783555330\n|gametype|singles\n|player|p1|p0x1322c7b0|102|\n|player|p2|p0y1322f4ff|1|\n|gen|9\n|tier|[Gen 9] Random Battle\n|rule|Species Clause: Limit one of each Pok\u00e9mon\n|rule|HP Percentage Mod: HP is shown in percentages\n|rule|Sleep Clause Mod: Limit one foe put to sleep\n|rule|Illusion Level Mod: Illusion disguises the Pok\u00e9mon's true level\n|\n|t:|1783555330\n|teamsize|p1|6\n|teamsize|p2|6\n|start\n|switch|p1a: Mewtwo|Mewtwo, L72|100/100\n|switch|p2a: Oricorio|Oricorio, L84, M|263/263\n|-ability|p1a: Mewtwo|Unnerve\n|turn|1\n|inactive|Battle timer is ON: inactive players will automatically lose when time's up. (requested by p0y1322f4ff)\n|inactive|p0x1322c7b0 also wants the timer to be on.\n|\n|t:|1783555332\n|move|p1a: Mewtwo|Nasty Plot|p1a: Mewtwo\n|-boost|p1a: Mewtwo|spa|2\n|move|p2a: Oricorio|Quiver Dance|p2a: Oricorio\n|-boost|p2a: Oricorio|spa|1\n|-boost|p2a: Oricorio|spd|1\n|-boost|p2a: Oricorio|spe|1\n|\n|upkeep\n|turn|2\n|inactive|Time left: 300 sec this turn | 300 sec total\n|\n|t:|1783555333\n|move|p2a: Oricorio|Hurricane|p1a: Mewtwo|[miss]\n|-miss|p2a: Oricorio|p1a: Mewtwo\n|move|p1a: Mewtwo|Psystrike|p2a: Oricorio\n|-damage|p2a: Oricorio|0 fnt\n|faint|p2a: Oricorio\n|-damage|p1a: Mewtwo|91/100|[from] item: Life Orb\n|\n|upkeep\n|inactive|Time left: 300 sec this turn | 300 sec total | 5 sec grace\n|\n|t:|1783555334\n|switch|p2a: Qwilfish|Qwilfish-Hisui, L83, F|244/244\n|-ability|p2a: Qwilfish|Intimidate|boost\n|-unboost|p1a: Mewtwo|atk|1\n|turn|3\n|inactive|Time left: 300 sec this turn | 300 sec total\n|\n|t:|1783555335\n|move|p1a: Mewtwo|Fire Blast|p2a: Qwilfish\n|-damage|p2a: Qwilfish|40/244\n|-damage|p1a: Mewtwo|81/100|[from] item: Life Orb\n|move|p2a: Qwilfish|Gunk Shot|p1a: Mewtwo\n|-damage|p1a: Mewtwo|32/100\n|-status|p1a: Mewtwo|psn\n|\n|-damage|p1a: Mewtwo|20/100 psn|[from] psn\n|upkeep\n|turn|4\n|inactive|Time left: 300 sec this turn | 300 sec total\n|\n|t:|1783555336\n|move|p1a: Mewtwo|Fire Blast|p2a: Qwilfish\n|-damage|p2a: Qwilfish|0 fnt\n|faint|p2a: Qwilfish\n|-damage|p1a: Mewtwo|10/100 psn|[from] item: Life Orb\n|\n|-damage|p1a: Mewtwo|0 fnt|[from] psn\n|faint|p1a: Mewtwo\n|upkeep\n|inactive|Time left: 300 sec this turn | 300 sec total | 5 sec grace\n|\n|t:|1783555338\n|switch|p1a: Charizard|Charizard, L85, F|100/100\n|switch|p2a: Braviary|Braviary-Hisui, L85, M|326/326\n|turn|5\n|inactive|Time left: 300 sec this turn | 300 sec total\n|\n|t:|1783555339\n|move|p1a: Charizard|Hurricane|p2a: Braviary|[miss]\n|-miss|p1a: Charizard|p2a: Braviary\n|move|p2a: Braviary|Hurricane|p1a: Charizard\n|-damage|p1a: Charizard|16/100\n|\n|upkeep\n|turn|6\n|inactive|Time left: 300 sec this turn | 300 sec total\n|\n|t:|1783555340\n|move|p1a: Charizard|Flamethrower|p2a: Braviary\n|-damage|p2a: Braviary|128/326\n|move|p2a: Braviary|Agility|p2a: Braviary\n|-boost|p2a: Braviary|spe|2\n|\n|upkeep\n|turn|7\n|inactive|Time left: 300 sec this turn | 300 sec total\n|\n|t:|1783555341\n|switch|p1a: Lugia|Lugia, L73|100/100\n|move|p2a: Braviary|Psychic|p1a: Lugia\n|-resisted|p1a: Lugia\n|-damage|p1a: Lugia|88/100\n|\n|upkeep\n|turn|8\n|inactive|Time left: 300 sec this turn | 300 sec total\n|\n|t:|1783555342\n|move|p2a: Braviary|Hurricane|p1a: Lugia|[miss]\n|-miss|p2a: Braviary|p1a: Lugia\n|move|p1a: Lugia|Aeroblast|p2a: Braviary\n|-damage|p2a: Braviary|40/326\n|\n|upkeep\n|turn|9\n|inactive|Time left: 300 sec this turn | 300 sec total\n|\n|t:|1783555343\n|move|p2a: Braviary|Hurricane|p1a: Lugia\n|-damage|p1a: Lugia|29/100\n|move|p1a: Lugia|Recover|p1a: Lugia\n|-heal|p1a: Lugia|79/100\n|\n|upkeep\n|turn|10\n|inactive|Time left: 300 sec this turn | 300 sec total\n|\n|t:|1783555344\n|move|p2a: Braviary|Hurricane|p1a: Lugia|[miss]\n|-miss|p2a: Braviary|p1a: Lugia\n|move|p1a: Lugia|Aeroblast|p2a: Braviary\n|-damage|p2a: Braviary|0 fnt\n|faint|p2a: Braviary\n|\n|upkeep\n|inactive|Time left: 300 sec this turn | 300 sec total | 5 sec grace\n|\n|t:|1783555345\n|switch|p2a: Conkeldurr|Conkeldurr, L80, M|299/299\n|turn|11\n|inactive|Time left: 300 sec this turn | 300 sec total\n|\n|t:|1783555346\n|-terastallize|p2a: Conkeldurr|Normal\n|move|p1a: Lugia|Aeroblast|p2a: Conkeldurr\n|-damage|p2a: Conkeldurr|199/299\n|move|p2a: Conkeldurr|Knock Off|p1a: Lugia\n|-supereffective|p1a: Lugia\n|-damage|p1a: Lugia|28/100\n|-enditem|p1a: Lugia|Heavy-Duty Boots|[from] move: Knock Off|[of] p2a: Conkeldurr\n|\n|-status|p2a: Conkeldurr|brn|[from] item: Flame Orb\n|upkeep\n|turn|12\n|inactive|Time left: 300 sec this turn | 300 sec total\n|\n|t:|1783555347\n|move|p1a: Lugia|Aeroblast|p2a: Conkeldurr\n|-damage|p2a: Conkeldurr|106/299 brn\n|move|p2a: Conkeldurr|Facade|p1a: Lugia\n|-damage|p1a: Lugia|0 fnt\n|faint|p1a: Lugia\n|\n|-damage|p2a: Conkeldurr|88/299 brn|[from] brn\n|upkeep\n|\n|t:|1783555348\n|switch|p1a: Oinkologne|Oinkologne, L92, M|100/100\n|turn|13\n|inactive|Time left: 300 sec this turn | 300 sec total\n|\n|t:|1783555349\n|switch|p2a: Brute Bonnet|Brute Bonnet, L80|309/309\n|move|p1a: Oinkologne|Body Slam|p2a: Brute Bonnet\n|-damage|p2a: Brute Bonnet|209/309\n|\n|-heal|p2a: Brute Bonnet|228/309|[from] item: Leftovers\n|upkeep\n|turn|14\n|inactive|Time left: 300 sec this turn | 300 sec total\n|\n|t:|1783555351\n|move|p1a: Oinkologne|Body Slam|p2a: Brute Bonnet\n|-damage|p2a: Brute Bonnet|129/309\n|move|p2a: Brute Bonnet|Spore|p1a: Oinkologne\n|-status|p1a: Oinkologne|slp|[from] move: Spore\n|\n|-heal|p2a: Brute Bonnet|148/309|[from] item: Leftovers\n|upkeep\n|turn|15\n|inactive|Time left: 300 sec this turn | 300 sec total\n|\n|t:|1783555352\n|switch|p1a: Charizard|Charizard, L85, F|16/100\n|move|p2a: Brute Bonnet|Crunch|p1a: Charizard\n|-damage|p1a: Charizard|0 fnt\n|faint|p1a: Charizard\n|\n|-heal|p2a: Brute Bonnet|167/309|[from] item: Leftovers\n|upkeep\n|\n|t:|1783555353\n|switch|p1a: Dusknoir|Dusknoir, L89, F|100/100\n|-item|p2a: Brute Bonnet|Leftovers|[from] ability: Frisk|[of] p1a: Dusknoir\n|turn|16\n|inactive|Time left: 300 sec this turn | 300 sec total\n|\n|t:|1783555354\n|move|p2a: Brute Bonnet|Crunch|p1a: Dusknoir\n|-supereffective|p1a: Dusknoir\n|-damage|p1a: Dusknoir|42/100\n|-unboost|p1a: Dusknoir|def|1\n|move|p1a: Dusknoir|Substitute|p1a: Dusknoir\n|-start|p1a: Dusknoir|Substitute\n|-damage|p1a: Dusknoir|17/100\n|\n|-heal|p2a: Brute Bonnet|186/309|[from] item: Leftovers\n|-heal|p1a: Dusknoir|23/100|[from] item: Leftovers\n|upkeep\n|turn|17\n|inactive|Time left: 300 sec this turn | 300 sec total\n|\n|t:|1783555355\n|-singleturn|p1a: Dusknoir|move: Focus Punch\n|move|p2a: Brute Bonnet|Crunch|p1a: Dusknoir\n|-supereffective|p1a: Dusknoir\n|-end|p1a: Dusknoir|Substitute\n|move|p1a: Dusknoir|Focus Punch|p2a: Brute Bonnet\n|-supereffective|p2a: Brute Bonnet\n|-damage|p2a: Brute Bonnet|0 fnt\n|faint|p2a: Brute Bonnet\n|-end|p2a: Brute Bonnet|Protosynthesis|[silent]\n|\n|-heal|p1a: Dusknoir|29/100|[from] item: Leftovers\n|upkeep\n|inactive|Time left: 300 sec this turn | 300 sec total | 5 sec grace\n|\n|t:|1783555356\n|switch|p2a: Lumineon|Lumineon, L93, M|279/279\n|turn|18\n|inactive|Time left: 300 sec this turn | 300 sec total\n|\n|t:|1783555357\n|move|p2a: Lumineon|Hydro Pump|p1a: Dusknoir\n|-damage|p1a: Dusknoir|0 fnt\n|faint|p1a: Dusknoir\n|\n|upkeep\n|\n|t:|1783555358\n|switch|p1a: Oinkologne|Oinkologne, L92, M|100/100 slp\n|turn|19\n|inactive|Time left: 300 sec this turn | 300 sec total\n|\n|t:|1783555359\n|move|p2a: Lumineon|Hydro Pump|p1a: Oinkologne\n|-damage|p1a: Oinkologne|69/100 slp\n|cant|p1a: Oinkologne|slp\n|\n|-heal|p1a: Oinkologne|75/100 slp|[from] item: Leftovers\n|upkeep\n|turn|20\n|inactive|Time left: 300 sec this turn | 300 sec total\n|\n|t:|1783555360\n|move|p2a: Lumineon|Hydro Pump|p1a: Oinkologne\n|-damage|p1a: Oinkologne|42/100 slp\n|cant|p1a: Oinkologne|slp\n|\n|-heal|p1a: Oinkologne|48/100 slp|[from] item: Leftovers\n|upkeep\n|turn|21\n|inactive|Time left: 300 sec this turn | 300 sec total\n|\n|t:|1783555361\n|move|p2a: Lumineon|Hydro Pump|p1a: Oinkologne\n|-damage|p1a: Oinkologne|15/100 slp\n|cant|p1a: Oinkologne|slp\n|\n|-heal|p1a: Oinkologne|22/100 slp|[from] item: Leftovers\n|upkeep\n|turn|22\n|inactive|Time left: 300 sec this turn | 300 sec total\n|\n|t:|1783555362\n|move|p2a: Lumineon|Hydro Pump|p1a: Oinkologne\n|-damage|p1a: Oinkologne|0 fnt\n|faint|p1a: Oinkologne\n|\n|upkeep\n|\n|t:|1783555363\n|switch|p1a: Sableye|Sableye, L88, F|100/100\n|turn|23\n|inactive|Time left: 300 sec this turn | 300 sec total\n|\n|t:|1783555364\n|move|p2a: Lumineon|Hydro Pump|p1a: Sableye|[miss]\n|-miss|p2a: Lumineon|p1a: Sableye\n|move|p1a: Sableye|Knock Off|p2a: Lumineon\n|-damage|p2a: Lumineon|186/279\n|-enditem|p2a: Lumineon|Heavy-Duty Boots|[from] move: Knock Off|[of] p1a: Sableye\n|\n|upkeep\n|turn|24\n|inactive|Time left: 300 sec this turn | 300 sec total\n|\n|t:|1783555366\n|move|p1a: Sableye|Thunder Wave|p2a: Lumineon\n|-status|p2a: Lumineon|par\n|move|p2a: Lumineon|Hydro Pump|p1a: Sableye\n|-damage|p1a: Sableye|45/100\n|\n|-heal|p1a: Sableye|51/100|[from] item: Leftovers\n|upkeep\n|turn|25\n|inactive|Time left: 300 sec this turn | 300 sec total\n|\n|t:|1783555367\n|move|p1a: Sableye|Recover|p1a: Sableye\n|-heal|p1a: Sableye|100/100\n|cant|p2a: Lumineon|par\n|\n|upkeep\n|turn|26\n|inactive|Time left: 300 sec this turn | 300 sec total\n|\n|t:|1783555368\n|move|p1a: Sableye|Encore|p2a: Lumineon\n|-start|p2a: Lumineon|Encore\n|move|p2a: Lumineon|Hydro Pump|p1a: Sableye\n|-damage|p1a: Sableye|39/100\n|\n|-heal|p1a: Sableye|46/100|[from] item: Leftovers\n|-end|p2a: Lumineon|Encore\n|upkeep\n|turn|27\n|inactive|Time left: 300 sec this turn | 300 sec total\n|\n|t:|1783555369\n|move|p1a: Sableye|Recover|p1a: Sableye\n|-heal|p1a: Sableye|96/100\n|move|p2a: Lumineon|Ice Beam|p1a: Sableye\n|-damage|p1a: Sableye|67/100\n|\n|-heal|p1a: Sableye|73/100|[from] item: Leftovers\n|upkeep\n|turn|28\n|inactive|Time left: 300 sec this turn | 300 sec total\n|\n|t:|1783555370\n|move|p1a: Sableye|Knock Off|p2a: Lumineon\n|-damage|p2a: Lumineon|128/279 par\n|move|p2a: Lumineon|Ice Beam|p1a: Sableye\n|-damage|p1a: Sableye|39/100\n|-status|p1a: Sableye|frz\n|\n|-heal|p1a: Sableye|45/100 frz|[from] item: Leftovers\n|upkeep\n|turn|29\n|inactive|Time left: 300 sec this turn | 300 sec total\n|\n|t:|1783555371\n|switch|p2a: Conkeldurr|Conkeldurr, L80, M, tera:Normal|88/299 brn\n|cant|p1a: Sableye|frz\n|\n|-heal|p1a: Sableye|51/100 frz|[from] item: Leftovers\n|-damage|p2a: Conkeldurr|70/299 brn|[from] brn\n|upkeep\n|turn|30\n|inactive|Time left: 300 sec this turn | 300 sec total\n|\n|t:|1783555372\n|cant|p1a: Sableye|frz\n|move|p2a: Conkeldurr|Knock Off|p1a: Sableye\n|-damage|p1a: Sableye|0 fnt\n|-enditem|p1a: Sableye|Leftovers|[from] move: Knock Off|[of] p2a: Conkeldurr\n|faint|p1a: Sableye\n|\n|win|p0y1322f4ff", "uploadtime": 1783555372, "views": 0, "rating": 0, "private": 0, "password": null, "_winner": "p0y1322f4ff", "_our_name": "p0y1322f4ff"}