{"id": "battle-gen9randombattle-2562", "formatid": "gen9randombattle", "format": "[Gen 9] Random Battle", "players": ["p0x2562bd6d", "p0y25627c0f"], "log": "|init|battle\n|title|p0x2562bd6d vs. p0y25627c0f\n|j|\u2606p0x2562bd6d\n|j|\u2606p0y25627c0f\n|t:|1783568677\n|gametype|singles\n|player|p1|p0x2562bd6d|169|\n|player|p2|p0y25627c0f|102|\n|gen|9\n|tier|[Gen 9] Random Battle\n|rule|Species Clause: Limit one of each Pok\u00e9mon\n|rule|HP Percentage Mod: HP is shown in percentages\n|rule|Sleep Clause Mod: Limit one foe put to sleep\n|rule|Illusion Level Mod: Illusion disguises the Pok\u00e9mon's true level\n|\n|t:|1783568677\n|teamsize|p1|6\n|teamsize|p2|6\n|start\n|switch|p1a: Rillaboom|Rillaboom, L79, M|288/288\n|switch|p2a: Copperajah|Copperajah, L86, F|100/100\n|-fieldstart|move: Grassy Terrain|[from] ability: Grassy Surge|[of] p1a: Rillaboom\n|turn|1\n|inactive|Battle timer is ON: inactive players will automatically lose when time's up. (requested by p0x2562bd6d)\n|inactive|p0y25627c0f also wants the timer to be on.\n|\n|t:|1783568679\n|move|p1a: Rillaboom|High Horsepower|p2a: Copperajah\n|-supereffective|p2a: Copperajah\n|-damage|p2a: Copperajah|37/100\n|-damage|p1a: Rillaboom|260/288|[from] item: Life Orb\n|move|p2a: Copperajah|Heavy Slam|p1a: Rillaboom\n|-damage|p1a: Rillaboom|17/288\n|\n|-heal|p1a: Rillaboom|35/288|[from] Grassy Terrain\n|-heal|p2a: Copperajah|43/100|[from] Grassy Terrain\n|upkeep\n|turn|2\n|inactive|Time left: 300 sec this turn | 300 sec total\n|\n|t:|1783568680\n|move|p1a: Rillaboom|High Horsepower|p2a: Copperajah\n|-supereffective|p2a: Copperajah\n|-damage|p2a: Copperajah|0 fnt\n|faint|p2a: Copperajah\n|-damage|p1a: Rillaboom|7/288|[from] item: Life Orb\n|\n|-heal|p1a: Rillaboom|25/288|[from] Grassy Terrain\n|upkeep\n|\n|t:|1783568681\n|switch|p2a: Masquerain|Masquerain, L87, M|100/100\n|-ability|p2a: Masquerain|Intimidate|boost\n|-unboost|p1a: Rillaboom|atk|1\n|turn|3\n|inactive|Time left: 300 sec this turn | 300 sec total\n|\n|t:|1783568682\n|move|p2a: Masquerain|Quiver Dance|p2a: Masquerain\n|-boost|p2a: Masquerain|spa|1\n|-boost|p2a: Masquerain|spd|1\n|-boost|p2a: Masquerain|spe|1\n|move|p1a: Rillaboom|Swords Dance|p1a: Rillaboom\n|-boost|p1a: Rillaboom|atk|2\n|\n|-heal|p1a: Rillaboom|43/288|[from] Grassy Terrain\n|upkeep\n|turn|4\n|inactive|Time left: 300 sec this turn | 300 sec total\n|\n|t:|1783568683\n|move|p1a: Rillaboom|Grassy Glide|p2a: Masquerain\n|-resisted|p2a: Masquerain\n|-crit|p2a: Masquerain\n|-damage|p2a: Masquerain|74/100\n|-damage|p1a: Rillaboom|15/288|[from] item: Life Orb\n|move|p2a: Masquerain|Quiver Dance|p2a: Masquerain\n|-boost|p2a: Masquerain|spa|1\n|-boost|p2a: Masquerain|spd|1\n|-boost|p2a: Masquerain|spe|1\n|\n|-heal|p1a: Rillaboom|33/288|[from] Grassy Terrain\n|upkeep\n|turn|5\n|inactive|Time left: 300 sec this turn | 300 sec total\n|\n|t:|1783568684\n|move|p1a: Rillaboom|Grassy Glide|p2a: Masquerain\n|-resisted|p2a: Masquerain\n|-damage|p2a: Masquerain|55/100\n|-damage|p1a: Rillaboom|5/288|[from] item: Life Orb\n|move|p2a: Masquerain|Bug Buzz|p1a: Rillaboom\n|-supereffective|p1a: Rillaboom\n|-damage|p1a: Rillaboom|0 fnt\n|faint|p1a: Rillaboom\n|\n|-fieldend|move: Grassy Terrain\n|upkeep\n|inactive|Time left: 300 sec this turn | 300 sec total | 5 sec grace\n|\n|t:|1783568685\n|switch|p1a: Fezandipiti|Fezandipiti, L82, M|278/278\n|turn|6\n|inactive|Time left: 300 sec this turn | 300 sec total\n|\n|t:|1783568686\n|move|p2a: Masquerain|Hurricane|p1a: Fezandipiti\n|-damage|p1a: Fezandipiti|83/278\n|move|p1a: Fezandipiti|Gunk Shot|p2a: Masquerain\n|-damage|p2a: Masquerain|3/100\n|-status|p2a: Masquerain|tox|[from] ability: Toxic Chain|[of] p1a: Fezandipiti\n|\n|-heal|p1a: Fezandipiti|100/278|[from] item: Leftovers\n|-damage|p2a: Masquerain|0 fnt|[from] psn\n|faint|p2a: Masquerain\n|upkeep\n|\n|t:|1783568687\n|switch|p2a: Wugtrio|Wugtrio, L91, M|100/100\n|turn|7\n|inactive|Time left: 300 sec this turn | 300 sec total\n|\n|t:|1783568688\n|switch|p1a: Meganium|Meganium, L90, F|290/290\n|move|p2a: Wugtrio|Liquidation|p1a: Meganium\n|-resisted|p1a: Meganium\n|-damage|p1a: Meganium|221/290\n|-unboost|p1a: Meganium|def|1\n|\n|-heal|p1a: Meganium|239/290|[from] item: Leftovers\n|upkeep\n|turn|8\n|inactive|Time left: 300 sec this turn | 300 sec total\n|\n|t:|1783568690\n|switch|p2a: Overqwil|Overqwil, L82, F|100/100\n|-ability|p2a: Overqwil|Intimidate|boost\n|-unboost|p1a: Meganium|atk|1\n|move|p1a: Meganium|Petal Blizzard|p2a: Overqwil\n|-resisted|p2a: Overqwil\n|-damage|p2a: Overqwil|90/100\n|\n|-heal|p1a: Meganium|257/290|[from] item: Leftovers\n|upkeep\n|turn|9\n|inactive|Time left: 300 sec this turn | 300 sec total\n|\n|t:|1783568691\n|move|p1a: Meganium|Swords Dance|p1a: Meganium\n|-boost|p1a: Meganium|atk|2\n|move|p2a: Overqwil|Gunk Shot|p1a: Meganium\n|-supereffective|p1a: Meganium\n|-damage|p1a: Meganium|0 fnt\n|faint|p1a: Meganium\n|\n|upkeep\n|inactive|Time left: 300 sec this turn | 300 sec total | 5 sec grace\n|\n|t:|1783568691\n|switch|p1a: Carbink|Carbink, L90|236/236\n|turn|10\n|inactive|Time left: 300 sec this turn | 300 sec total\n|\n|t:|1783568692\n|move|p2a: Overqwil|Gunk Shot|p1a: Carbink\n|-damage|p1a: Carbink|109/236\n|-status|p1a: Carbink|psn\n|move|p1a: Carbink|Iron Defense|p1a: Carbink\n|-boost|p1a: Carbink|def|2\n|\n|-damage|p1a: Carbink|80/236 psn|[from] psn\n|upkeep\n|turn|11\n|inactive|Time left: 300 sec this turn | 300 sec total\n|\n|t:|1783568693\n|move|p2a: Overqwil|Gunk Shot|p1a: Carbink\n|-damage|p1a: Carbink|14/236 psn\n|move|p1a: Carbink|Rest|p1a: Carbink\n|-status|p1a: Carbink|slp|[from] move: Rest\n|-heal|p1a: Carbink|236/236 slp|[silent]\n|-enditem|p1a: Carbink|Chesto Berry|[eat]\n|-curestatus|p1a: Carbink|slp|[msg]\n|\n|upkeep\n|turn|12\n|inactive|Time left: 300 sec this turn | 300 sec total\n|\n|t:|1783568694\n|move|p2a: Overqwil|Gunk Shot|p1a: Carbink\n|-damage|p1a: Carbink|172/236\n|move|p1a: Carbink|Body Press|p2a: Overqwil\n|-damage|p2a: Overqwil|29/100\n|\n|upkeep\n|turn|13\n|inactive|Time left: 300 sec this turn | 300 sec total\n|\n|t:|1783568694\n|move|p2a: Overqwil|Gunk Shot|p1a: Carbink\n|-damage|p1a: Carbink|111/236\n|move|p1a: Carbink|Body Press|p2a: Overqwil\n|-damage|p2a: Overqwil|0 fnt\n|faint|p2a: Overqwil\n|\n|upkeep\n|\n|t:|1783568695\n|switch|p2a: Vigoroth|Vigoroth, L85, M|100/100\n|turn|14\n|inactive|Time left: 300 sec this turn | 300 sec total\n|\n|t:|1783568696\n|-terastallize|p2a: Vigoroth|Ground\n|move|p2a: Vigoroth|Bulk Up|p2a: Vigoroth\n|-boost|p2a: Vigoroth|atk|1\n|-boost|p2a: Vigoroth|def|1\n|move|p1a: Carbink|Body Press|p2a: Vigoroth\n|-damage|p2a: Vigoroth|66/100\n|\n|upkeep\n|turn|15\n|inactive|Time left: 300 sec this turn | 300 sec total\n|\n|t:|1783568697\n|-terastallize|p1a: Carbink|Fighting\n|move|p2a: Vigoroth|Bulk Up|p2a: Vigoroth\n|-boost|p2a: Vigoroth|atk|1\n|-boost|p2a: Vigoroth|def|1\n|move|p1a: Carbink|Body Press|p2a: Vigoroth\n|-damage|p2a: Vigoroth|31/100\n|\n|upkeep\n|turn|16\n|inactive|Time left: 300 sec this turn | 300 sec total\n|\n|t:|1783568698\n|move|p2a: Vigoroth|Slack Off|p2a: Vigoroth\n|-heal|p2a: Vigoroth|81/100\n|move|p1a: Carbink|Iron Defense|p1a: Carbink\n|-boost|p1a: Carbink|def|2\n|\n|upkeep\n|turn|17\n|inactive|Time left: 300 sec this turn | 300 sec total\n|\n|t:|1783568699\n|move|p2a: Vigoroth|Bulk Up|p2a: Vigoroth\n|-boost|p2a: Vigoroth|atk|1\n|-boost|p2a: Vigoroth|def|1\n|move|p1a: Carbink|Body Press|p2a: Vigoroth\n|-damage|p2a: Vigoroth|41/100\n|\n|upkeep\n|turn|18\n|inactive|Time left: 300 sec this turn | 300 sec total\n|\n|t:|1783568700\n|move|p2a: Vigoroth|Slack Off|p2a: Vigoroth\n|-heal|p2a: Vigoroth|91/100\n|move|p1a: Carbink|Body Press|p2a: Vigoroth\n|-damage|p2a: Vigoroth|50/100\n|\n|upkeep\n|turn|19\n|inactive|Time left: 300 sec this turn | 300 sec total\n|\n|t:|1783568701\n|move|p2a: Vigoroth|Slack Off|p2a: Vigoroth\n|-heal|p2a: Vigoroth|99/100\n|move|p1a: Carbink|Body Press|p2a: Vigoroth\n|-crit|p2a: Vigoroth\n|-damage|p2a: Vigoroth|0 fnt\n|faint|p2a: Vigoroth\n|\n|upkeep\n|\n|t:|1783568702\n|switch|p2a: Snorlax|Snorlax, L82, M|100/100\n|turn|20\n|inactive|Time left: 300 sec this turn | 300 sec total\n|\n|t:|1783568703\n|switch|p2a: Wugtrio|Wugtrio, L91, M|100/100\n|move|p1a: Carbink|Body Press|p2a: Wugtrio\n|-damage|p2a: Wugtrio|0 fnt\n|-ability|p2a: Wugtrio|Gooey\n|-unboost|p1a: Carbink|spe|1\n|faint|p2a: Wugtrio\n|\n|upkeep\n|\n|t:|1783568703\n|switch|p2a: Snorlax|Snorlax, L82, M|100/100\n|turn|21\n|inactive|Time left: 300 sec this turn | 300 sec total\n|\n|t:|1783568704\n|move|p2a: Snorlax|Body Slam|p1a: Carbink\n|-damage|p1a: Carbink|90/236\n|move|p1a: Carbink|Body Press|p2a: Snorlax\n|-supereffective|p2a: Snorlax\n|-crit|p2a: Snorlax\n|-damage|p2a: Snorlax|0 fnt\n|faint|p2a: Snorlax\n|\n|win|p0x2562bd6d", "uploadtime": 1783568704, "views": 0, "rating": 0, "private": 0, "password": null, "_winner": "p0x2562bd6d", "_our_name": "p0x2562bd6d"}