{"id": "battle-gen9randombattle-752", "formatid": "gen9randombattle", "format": "[Gen 9] Random Battle", "players": ["p0x752fc52", "p0y752f6a1"], "log": "|init|battle\n|title|p0x752fc52 vs. p0y752f6a1\n|j|\u2606p0x752fc52\n|j|\u2606p0y752f6a1\n|t:|1783547844\n|gametype|singles\n|player|p1|p0x752fc52|101|\n|player|p2|p0y752f6a1|102|\n|gen|9\n|tier|[Gen 9] Random Battle\n|rule|Species Clause: Limit one of each Pok\u00e9mon\n|rule|HP Percentage Mod: HP is shown in percentages\n|rule|Sleep Clause Mod: Limit one foe put to sleep\n|rule|Illusion Level Mod: Illusion disguises the Pok\u00e9mon's true level\n|\n|t:|1783547844\n|teamsize|p1|6\n|teamsize|p2|6\n|start\n|switch|p1a: Ting-Lu|Ting-Lu, L78|370/370\n|switch|p2a: Greedent|Greedent, L86, M|100/100\n|-ability|p1a: Ting-Lu|Vessel of Ruin\n|turn|1\n|inactive|Battle timer is ON: inactive players will automatically lose when time's up. (requested by p0y752f6a1)\n|inactive|Time left: 300 sec this turn | 300 sec total | 60 sec grace\n|inactive|p0x752fc52 also wants the timer to be on.\n|\n|t:|1783547846\n|move|p1a: Ting-Lu|Ruination|p2a: Greedent\n|-damage|p2a: Greedent|51/100\n|move|p2a: Greedent|Swords Dance|p2a: Greedent\n|-boost|p2a: Greedent|atk|2\n|\n|upkeep\n|turn|2\n|inactive|Time left: 300 sec this turn | 300 sec total\n|\n|t:|1783547847\n|move|p1a: Ting-Lu|Earthquake|p2a: Greedent\n|-damage|p2a: Greedent|24/100\n|-enditem|p2a: Greedent|Sitrus Berry|[eat]\n|-heal|p2a: Greedent|49/100|[from] item: Sitrus Berry\n|-heal|p2a: Greedent|82/100|[from] ability: Cheek Pouch\n|move|p2a: Greedent|Body Slam|p1a: Ting-Lu\n|-damage|p1a: Ting-Lu|219/370\n|\n|upkeep\n|turn|3\n|inactive|Time left: 300 sec this turn | 300 sec total\n|\n|t:|1783547848\n|move|p1a: Ting-Lu|Ruination|p2a: Greedent\n|-damage|p2a: Greedent|41/100\n|move|p2a: Greedent|Body Slam|p1a: Ting-Lu\n|-damage|p1a: Ting-Lu|62/370\n|-status|p1a: Ting-Lu|par\n|\n|upkeep\n|turn|4\n|inactive|Time left: 300 sec this turn | 300 sec total\n|\n|t:|1783547850\n|move|p2a: Greedent|Body Slam|p1a: Ting-Lu\n|-damage|p1a: Ting-Lu|0 fnt\n|faint|p1a: Ting-Lu\n|\n|upkeep\n|inactive|Time left: 300 sec this turn | 300 sec total | 5 sec grace\n|\n|t:|1783547851\n|switch|p1a: Salamence|Salamence, L77, M|273/273\n|turn|5\n|inactive|Time left: 300 sec this turn | 300 sec total\n|\n|t:|1783547852\n|move|p1a: Salamence|Outrage|p2a: Greedent\n|-damage|p2a: Greedent|2/100\n|move|p2a: Greedent|Body Slam|p1a: Salamence\n|-damage|p1a: Salamence|62/273\n|\n|upkeep\n|turn|6\n|inactive|Time left: 300 sec this turn | 300 sec total\n|\n|t:|1783547853\n|switch|p2a: Manaphy|Manaphy, L78|100/100\n|move|p1a: Salamence|Outrage|p2a: Manaphy|[from] lockedmove\n|-damage|p2a: Manaphy|50/100\n|\n|-heal|p2a: Manaphy|56/100|[from] item: Leftovers\n|upkeep\n|turn|7\n|inactive|Time left: 300 sec this turn | 300 sec total\n|\n|t:|1783547855\n|move|p2a: Manaphy|Ice Beam|p1a: Salamence\n|-supereffective|p1a: Salamence\n|-damage|p1a: Salamence|0 fnt\n|faint|p1a: Salamence\n|\n|-heal|p2a: Manaphy|62/100|[from] item: Leftovers\n|upkeep\n|inactive|Time left: 300 sec this turn | 300 sec total | 5 sec grace\n|\n|t:|1783547855\n|switch|p1a: Electivire|Electivire, L84, F|263/263\n|turn|8\n|inactive|Time left: 300 sec this turn | 300 sec total\n|\n|t:|1783547857\n|move|p1a: Electivire|Supercell Slam|p2a: Manaphy\n|-supereffective|p2a: Manaphy\n|-damage|p2a: Manaphy|0 fnt\n|faint|p2a: Manaphy\n|-damage|p1a: Electivire|237/263|[from] item: Life Orb\n|\n|upkeep\n|\n|t:|1783547858\n|switch|p2a: Ogerpon|Ogerpon-Cornerstone, L76, F|100/100\n|turn|9\n|inactive|Time left: 300 sec this turn | 300 sec total\n|\n|t:|1783547859\n|move|p2a: Ogerpon|Swords Dance|p2a: Ogerpon\n|-boost|p2a: Ogerpon|atk|2\n|move|p1a: Electivire|Ice Punch|p2a: Ogerpon\n|-supereffective|p2a: Ogerpon\n|-damage|p2a: Ogerpon|20/100\n|-damage|p1a: Electivire|211/263|[from] item: Life Orb\n|\n|upkeep\n|turn|10\n|inactive|Time left: 300 sec this turn | 300 sec total\n|\n|t:|1783547860\n|switch|p1a: Latios|Latios, L78, M|253/253\n|move|p2a: Ogerpon|Ivy Cudgel|p1a: Latios|[anim] Ivy Cudgel Rock\n|-crit|p1a: Latios\n|-damage|p1a: Latios|0 fnt\n|faint|p1a: Latios\n|\n|upkeep\n|inactive|Time left: 300 sec this turn | 300 sec total | 5 sec grace\n|\n|t:|1783547861\n|switch|p1a: Houndoom|Houndoom, L87, F|272/272\n|turn|11\n|inactive|Time left: 300 sec this turn | 300 sec total\n|\n|t:|1783547862\n|switch|p2a: Oinkologne|Oinkologne-F, L92, F|100/100\n|move|p1a: Houndoom|Fire Blast|p2a: Oinkologne\n|-damage|p2a: Oinkologne|68/100\n|-status|p2a: Oinkologne|brn\n|\n|-heal|p2a: Oinkologne|74/100 brn|[from] item: Leftovers\n|-damage|p2a: Oinkologne|68/100 brn|[from] brn\n|upkeep\n|turn|12\n|inactive|Time left: 300 sec this turn | 300 sec total\n|\n|t:|1783547863\n|move|p1a: Houndoom|Dark Pulse|p2a: Oinkologne\n|-damage|p2a: Oinkologne|41/100 brn\n|move|p2a: Oinkologne|Body Slam|p1a: Houndoom\n|-damage|p1a: Houndoom|198/272\n|-status|p1a: Houndoom|par\n|\n|-heal|p2a: Oinkologne|47/100 brn|[from] item: Leftovers\n|-damage|p2a: Oinkologne|41/100 brn|[from] brn\n|upkeep\n|turn|13\n|inactive|Time left: 300 sec this turn | 300 sec total\n|\n|t:|1783547864\n|switch|p1a: Electivire|Electivire, L84, F|211/263\n|move|p2a: Oinkologne|Rest|p2a: Oinkologne\n|-status|p2a: Oinkologne|slp|[from] move: Rest\n|-heal|p2a: Oinkologne|100/100 slp|[silent]\n|\n|upkeep\n|turn|14\n|inactive|Time left: 300 sec this turn | 300 sec total\n|\n|t:|1783547865\n|move|p1a: Electivire|Bulk Up|p1a: Electivire\n|-boost|p1a: Electivire|atk|1\n|-boost|p1a: Electivire|def|1\n|cant|p2a: Oinkologne|slp\n|move|p2a: Oinkologne|Sleep Talk|p2a: Oinkologne\n|move|p2a: Oinkologne|Curse|p2a: Oinkologne|[from] move: Sleep Talk\n|-unboost|p2a: Oinkologne|spe|1\n|-boost|p2a: Oinkologne|atk|1\n|-boost|p2a: Oinkologne|def|1\n|\n|upkeep\n|turn|15\n|inactive|Time left: 300 sec this turn | 300 sec total\n|\n|t:|1783547866\n|move|p1a: Electivire|Bulk Up|p1a: Electivire\n|-boost|p1a: Electivire|atk|1\n|-boost|p1a: Electivire|def|1\n|cant|p2a: Oinkologne|slp\n|move|p2a: Oinkologne|Sleep Talk|p2a: Oinkologne\n|move|p2a: Oinkologne|Rest||[from] move: Sleep Talk|[still]\n|-fail|p2a: Oinkologne\n|\n|upkeep\n|turn|16\n|inactive|Time left: 300 sec this turn | 300 sec total\n|\n|t:|1783547867\n|move|p1a: Electivire|Bulk Up|p1a: Electivire\n|-boost|p1a: Electivire|atk|1\n|-boost|p1a: Electivire|def|1\n|-curestatus|p2a: Oinkologne|slp|[msg]\n|move|p2a: Oinkologne|Body Slam|p1a: Electivire\n|-damage|p1a: Electivire|139/263\n|\n|upkeep\n|turn|17\n|inactive|Time left: 300 sec this turn | 300 sec total\n|\n|t:|1783547868\n|move|p1a: Electivire|Earthquake|p2a: Oinkologne\n|-damage|p2a: Oinkologne|49/100\n|-damage|p1a: Electivire|113/263|[from] item: Life Orb\n|move|p2a: Oinkologne|Body Slam|p1a: Electivire\n|-damage|p1a: Electivire|37/263\n|\n|-heal|p2a: Oinkologne|55/100|[from] item: Leftovers\n|upkeep\n|turn|18\n|inactive|Time left: 300 sec this turn | 300 sec total\n|\n|t:|1783547869\n|move|p1a: Electivire|Supercell Slam|p2a: Oinkologne\n|-damage|p2a: Oinkologne|0 fnt\n|faint|p2a: Oinkologne\n|-damage|p1a: Electivire|11/263|[from] item: Life Orb\n|\n|upkeep\n|\n|t:|1783547870\n|switch|p2a: Ogerpon|Ogerpon-Cornerstone, L76, F|20/100\n|turn|19\n|inactive|Time left: 300 sec this turn | 300 sec total\n|\n|t:|1783547871\n|move|p2a: Ogerpon|Ivy Cudgel|p1a: Electivire|[anim] Ivy Cudgel Rock\n|-crit|p1a: Electivire\n|-damage|p1a: Electivire|0 fnt\n|faint|p1a: Electivire\n|\n|upkeep\n|inactive|Time left: 300 sec this turn | 300 sec total | 5 sec grace\n|\n|t:|1783547872\n|switch|p1a: Dedenne|Dedenne, L88, M|261/261\n|turn|20\n|inactive|Time left: 300 sec this turn | 300 sec total\n|\n|t:|1783547873\n|switch|p2a: Skeledirge|Skeledirge, L79, F|100/100\n|move|p1a: Dedenne|Dazzling Gleam|p2a: Skeledirge\n|-resisted|p2a: Skeledirge\n|-damage|p2a: Skeledirge|85/100\n|\n|upkeep\n|turn|21\n|inactive|Time left: 300 sec this turn | 300 sec total\n|\n|t:|1783547874\n|move|p1a: Dedenne|U-turn|p2a: Skeledirge\n|-resisted|p2a: Skeledirge\n|-damage|p2a: Skeledirge|82/100\n|inactive|Time left: 300 sec this turn | 300 sec total | 5 sec grace\n|\n|t:|1783547875\n|switch|p1a: Houndoom|Houndoom, L87, F|198/272 par|[from] U-turn\n|move|p2a: Skeledirge|Shadow Ball|p1a: Houndoom\n|-resisted|p1a: Houndoom\n|-damage|p1a: Houndoom|154/272 par\n|\n|upkeep\n|turn|22\n|inactive|Time left: 300 sec this turn | 300 sec total\n|\n|t:|1783547876\n|switch|p2a: Greedent|Greedent, L86, M|2/100\n|move|p1a: Houndoom|Dark Pulse|p2a: Greedent\n|-damage|p2a: Greedent|0 fnt\n|faint|p2a: Greedent\n|\n|upkeep\n|\n|t:|1783547877\n|switch|p2a: Solgaleo|Solgaleo, L74|100/100\n|turn|23\n|inactive|Time left: 300 sec this turn | 300 sec total\n|\n|t:|1783547878\n|move|p2a: Solgaleo|Earthquake|p1a: Houndoom\n|-supereffective|p1a: Houndoom\n|-damage|p1a: Houndoom|0 fnt\n|faint|p1a: Houndoom\n|\n|upkeep\n|inactive|Time left: 300 sec this turn | 300 sec total | 5 sec grace\n|\n|t:|1783547879\n|switch|p1a: Dedenne|Dedenne, L88, M|261/261\n|turn|24\n|inactive|Time left: 300 sec this turn | 300 sec total\n|\n|t:|1783547880\n|move|p1a: Dedenne|Thunderbolt|p2a: Solgaleo\n|-crit|p2a: Solgaleo\n|-damage|p2a: Solgaleo|52/100\n|move|p2a: Solgaleo|Sunsteel Strike|p1a: Dedenne\n|-damage|p1a: Dedenne|123/261\n|-enditem|p1a: Dedenne|Sitrus Berry|[eat]\n|-heal|p1a: Dedenne|188/261|[from] item: Sitrus Berry\n|-heal|p1a: Dedenne|261/261|[from] ability: Cheek Pouch\n|\n|upkeep\n|turn|25\n|inactive|Time left: 300 sec this turn | 300 sec total\n|\n|t:|1783547881\n|-terastallize|p1a: Dedenne|Flying\n|move|p1a: Dedenne|Thunderbolt|p2a: Solgaleo\n|-damage|p2a: Solgaleo|23/100\n|move|p2a: Solgaleo|Sunsteel Strike|p1a: Dedenne\n|-damage|p1a: Dedenne|111/261\n|\n|upkeep\n|turn|26\n|inactive|Time left: 300 sec this turn | 300 sec total\n|\n|t:|1783547882\n|move|p1a: Dedenne|Thunderbolt|p2a: Solgaleo\n|-crit|p2a: Solgaleo\n|-damage|p2a: Solgaleo|0 fnt\n|faint|p2a: Solgaleo\n|\n|upkeep\n|\n|t:|1783547883\n|switch|p2a: Skeledirge|Skeledirge, L79, F|82/100\n|turn|27\n|inactive|Time left: 300 sec this turn | 300 sec total\n|\n|t:|1783547884\n|move|p1a: Dedenne|Nuzzle|p2a: Skeledirge\n|-damage|p2a: Skeledirge|77/100\n|-status|p2a: Skeledirge|par\n|move|p2a: Skeledirge|Torch Song|p1a: Dedenne\n|-damage|p1a: Dedenne|18/261\n|-boost|p2a: Skeledirge|spa|1\n|\n|upkeep\n|turn|28\n|inactive|Time left: 300 sec this turn | 300 sec total\n|\n|t:|1783547885\n|move|p1a: Dedenne|Thunderbolt|p2a: Skeledirge\n|-damage|p2a: Skeledirge|40/100 par\n|move|p2a: Skeledirge|Torch Song|p1a: Dedenne\n|-damage|p1a: Dedenne|0 fnt\n|-boost|p2a: Skeledirge|spa|1\n|faint|p1a: Dedenne\n|\n|win|p0y752f6a1", "uploadtime": 1783547885, "views": 0, "rating": 0, "private": 0, "password": null, "_winner": "p0y752f6a1", "_our_name": "p0x752fc52"}