{"id": "battle-gen9randombattle-86", "formatid": "gen9randombattle", "format": "[Gen 9] Random Battle", "players": ["p0x0867450", "p0y086f02f"], "log": "|init|battle\n|title|p0x0867450 vs. p0y086f02f\n|j|\u2606p0x0867450\n|j|\u2606p0y086f02f\n|t:|1783540184\n|gametype|singles\n|player|p1|p0x0867450|101|\n|player|p2|p0y086f02f|170|\n|gen|9\n|tier|[Gen 9] Random Battle\n|rule|Species Clause: Limit one of each Pok\u00e9mon\n|rule|HP Percentage Mod: HP is shown in percentages\n|rule|Sleep Clause Mod: Limit one foe put to sleep\n|rule|Illusion Level Mod: Illusion disguises the Pok\u00e9mon's true level\n|\n|t:|1783540184\n|teamsize|p1|6\n|teamsize|p2|6\n|start\n|switch|p1a: Toxapex|Toxapex, L82, M|216/216\n|switch|p2a: Grimmsnarl|Grimmsnarl, L83, M|100/100\n|turn|1\n|inactive|Battle timer is ON: inactive players will automatically lose when time's up. (requested by p0y086f02f)\n|inactive|Time left: 300 sec this turn | 300 sec total | 60 sec grace\n|inactive|p0x0867450 also wants the timer to be on.\n|\n|t:|1783540185\n|switch|p2a: Luxray|Luxray, L88, M|100/100\n|move|p1a: Toxapex|Toxic|p2a: Luxray\n|-status|p2a: Luxray|tox\n|\n|-damage|p2a: Luxray|94/100 tox|[from] psn\n|upkeep\n|turn|2\n|inactive|Time left: 300 sec this turn | 300 sec total\n|\n|t:|1783540187\n|switch|p1a: Arboliva|Arboliva, L91, M|290/290\n|move|p2a: Luxray|Supercell Slam|p1a: Arboliva\n|-resisted|p1a: Arboliva\n|-damage|p1a: Arboliva|200/290\n|-fieldstart|move: Grassy Terrain|[from] ability: Seed Sower|[of] p1a: Arboliva\n|\n|-heal|p2a: Luxray|100/100 tox|[from] Grassy Terrain\n|-heal|p1a: Arboliva|218/290|[from] Grassy Terrain\n|-heal|p1a: Arboliva|236/290|[from] item: Leftovers\n|-damage|p2a: Luxray|88/100 tox|[from] psn\n|upkeep\n|turn|3\n|inactive|Time left: 300 sec this turn | 300 sec total\n|\n|t:|1783540187\n|-terastallize|p2a: Luxray|Normal\n|move|p2a: Luxray|Facade|p1a: Arboliva\n|-damage|p1a: Arboliva|0 fnt\n|faint|p1a: Arboliva\n|\n|-heal|p2a: Luxray|94/100 tox|[from] Grassy Terrain\n|-damage|p2a: Luxray|76/100 tox|[from] psn\n|upkeep\n|inactive|Time left: 300 sec this turn | 300 sec total | 5 sec grace\n|\n|t:|1783540188\n|switch|p1a: Ogerpon|Ogerpon, L80, F|259/259\n|turn|4\n|inactive|Time left: 300 sec this turn | 300 sec total\n|\n|t:|1783540189\n|switch|p2a: Kommo-o|Kommo-o, L77, F|100/100\n|move|p1a: Ogerpon|Ivy Cudgel|p2a: Kommo-o\n|-resisted|p2a: Kommo-o\n|-damage|p2a: Kommo-o|68/100\n|-damage|p1a: Ogerpon|234/259|[from] item: Life Orb\n|\n|-heal|p1a: Ogerpon|250/259|[from] Grassy Terrain\n|-heal|p2a: Kommo-o|74/100|[from] Grassy Terrain\n|upkeep\n|turn|5\n|inactive|Time left: 300 sec this turn | 300 sec total\n|\n|t:|1783540190\n|move|p1a: Ogerpon|Swords Dance|p1a: Ogerpon\n|-boost|p1a: Ogerpon|atk|2\n|move|p2a: Kommo-o|Drain Punch|p1a: Ogerpon\n|-damage|p1a: Ogerpon|175/259\n|-heal|p2a: Kommo-o|90/100|[from] drain|[of] p1a: Ogerpon\n|\n|-heal|p1a: Ogerpon|191/259|[from] Grassy Terrain\n|-heal|p2a: Kommo-o|96/100|[from] Grassy Terrain\n|upkeep\n|turn|6\n|inactive|Time left: 300 sec this turn | 300 sec total\n|\n|t:|1783540191\n|move|p1a: Ogerpon|Ivy Cudgel|p2a: Kommo-o\n|-resisted|p2a: Kommo-o\n|-crit|p2a: Kommo-o\n|-damage|p2a: Kommo-o|0 fnt\n|faint|p2a: Kommo-o\n|-damage|p1a: Ogerpon|166/259|[from] item: Life Orb\n|\n|-heal|p1a: Ogerpon|182/259|[from] Grassy Terrain\n|-fieldend|move: Grassy Terrain\n|upkeep\n|\n|t:|1783540192\n|switch|p2a: Palkia|Palkia, L75|100/100\n|-ability|p2a: Palkia|Pressure\n|turn|7\n|inactive|Time left: 300 sec this turn | 300 sec total\n|\n|t:|1783540193\n|move|p2a: Palkia|Fire Blast|p1a: Ogerpon\n|-supereffective|p1a: Ogerpon\n|-damage|p1a: Ogerpon|16/259\n|move|p1a: Ogerpon|Ivy Cudgel|p2a: Palkia\n|-damage|p2a: Palkia|0 fnt\n|faint|p2a: Palkia\n|-damage|p1a: Ogerpon|0 fnt|[from] item: Life Orb\n|faint|p1a: Ogerpon\n|\n|upkeep\n|inactive|Time left: 300 sec this turn | 300 sec total | 5 sec grace\n|\n|t:|1783540195\n|switch|p1a: Manaphy|Manaphy, L78|284/284\n|switch|p2a: Grimmsnarl|Grimmsnarl, L83, M|100/100\n|turn|8\n|inactive|Time left: 300 sec this turn | 300 sec total\n|\n|t:|1783540196\n|move|p2a: Grimmsnarl|Light Screen|p2a: Grimmsnarl\n|-sidestart|p2: p0y086f02f|move: Light Screen\n|move|p1a: Manaphy|Tail Glow|p1a: Manaphy\n|-boost|p1a: Manaphy|spa|3\n|\n|upkeep\n|turn|9\n|inactive|Time left: 300 sec this turn | 300 sec total\n|\n|t:|1783540197\n|move|p2a: Grimmsnarl|Thunder Wave|p1a: Manaphy\n|-status|p1a: Manaphy|par\n|move|p1a: Manaphy|Surf|p2a: Grimmsnarl\n|-damage|p2a: Grimmsnarl|57/100\n|\n|upkeep\n|turn|10\n|inactive|Time left: 300 sec this turn | 300 sec total\n|\n|t:|1783540198\n|switch|p2a: Luxray|Luxray, L88, M, tera:Normal|76/100 tox\n|cant|p1a: Manaphy|par\n|\n|-damage|p2a: Luxray|70/100 tox|[from] psn\n|upkeep\n|turn|11\n|inactive|Time left: 300 sec this turn | 300 sec total\n|\n|t:|1783540199\n|move|p2a: Luxray|Facade|p1a: Manaphy\n|-damage|p1a: Manaphy|2/284 par\n|move|p1a: Manaphy|Surf|p2a: Luxray\n|-damage|p2a: Luxray|35/100 tox\n|\n|-heal|p1a: Manaphy|19/284 par|[from] item: Leftovers\n|-damage|p2a: Luxray|23/100 tox|[from] psn\n|upkeep\n|turn|12\n|inactive|Time left: 300 sec this turn | 300 sec total\n|\n|t:|1783540201\n|move|p2a: Luxray|Trailblaze|p1a: Manaphy\n|-supereffective|p1a: Manaphy\n|-crit|p1a: Manaphy\n|-damage|p1a: Manaphy|0 fnt\n|-boost|p2a: Luxray|spe|1\n|faint|p1a: Manaphy\n|\n|-damage|p2a: Luxray|5/100 tox|[from] psn\n|upkeep\n|inactive|Time left: 300 sec this turn | 300 sec total | 5 sec grace\n|\n|t:|1783540202\n|switch|p1a: Toxapex|Toxapex, L82, M|216/216\n|turn|13\n|inactive|Time left: 300 sec this turn | 300 sec total\n|\n|t:|1783540203\n|-terastallize|p1a: Toxapex|Steel\n|move|p2a: Luxray|Supercell Slam|p1a: Toxapex\n|-damage|p1a: Toxapex|75/216\n|move|p1a: Toxapex|Recover|p1a: Toxapex\n|-heal|p1a: Toxapex|183/216\n|\n|-heal|p1a: Toxapex|196/216|[from] item: Leftovers\n|-damage|p2a: Luxray|0 fnt|[from] psn\n|faint|p2a: Luxray\n|upkeep\n|\n|t:|1783540204\n|switch|p2a: Tentacruel|Tentacruel, L84, M|100/100\n|turn|14\n|inactive|Time left: 300 sec this turn | 300 sec total\n|\n|t:|1783540205\n|move|p2a: Tentacruel|Toxic Spikes|p1a: Toxapex\n|-sidestart|p1: p0x0867450|move: Toxic Spikes\n|move|p1a: Toxapex|Liquidation|p2a: Tentacruel\n|-resisted|p2a: Tentacruel\n|-damage|p2a: Tentacruel|85/100\n|\n|-heal|p2a: Tentacruel|91/100|[from] item: Leftovers\n|-heal|p1a: Toxapex|209/216|[from] item: Leftovers\n|upkeep\n|turn|15\n|inactive|Time left: 300 sec this turn | 300 sec total\n|\n|t:|1783540206\n|move|p2a: Tentacruel|Toxic Spikes|p1a: Toxapex\n|-sidestart|p1: p0x0867450|move: Toxic Spikes\n|move|p1a: Toxapex|Liquidation|p2a: Tentacruel\n|-resisted|p2a: Tentacruel\n|-damage|p2a: Tentacruel|77/100\n|-unboost|p2a: Tentacruel|def|1\n|\n|-heal|p2a: Tentacruel|84/100|[from] item: Leftovers\n|-heal|p1a: Toxapex|216/216|[from] item: Leftovers\n|-sideend|p2: p0y086f02f|move: Light Screen\n|upkeep\n|turn|16\n|inactive|Time left: 300 sec this turn | 300 sec total\n|\n|t:|1783540207\n|move|p2a: Tentacruel|Surf|p1a: Toxapex\n|-damage|p1a: Toxapex|161/216\n|move|p1a: Toxapex|Liquidation|p2a: Tentacruel\n|-resisted|p2a: Tentacruel\n|-damage|p2a: Tentacruel|62/100\n|\n|-heal|p2a: Tentacruel|68/100|[from] item: Leftovers\n|-heal|p1a: Toxapex|174/216|[from] item: Leftovers\n|upkeep\n|turn|17\n|inactive|Time left: 300 sec this turn | 300 sec total\n|\n|t:|1783540208\n|move|p2a: Tentacruel|Surf|p1a: Toxapex\n|-damage|p1a: Toxapex|116/216\n|move|p1a: Toxapex|Liquidation|p2a: Tentacruel\n|-resisted|p2a: Tentacruel\n|-damage|p2a: Tentacruel|46/100\n|-unboost|p2a: Tentacruel|def|1\n|\n|-heal|p2a: Tentacruel|52/100|[from] item: Leftovers\n|-heal|p1a: Toxapex|129/216|[from] item: Leftovers\n|upkeep\n|turn|18\n|inactive|Time left: 300 sec this turn | 300 sec total\n|\n|t:|1783540209\n|move|p2a: Tentacruel|Surf|p1a: Toxapex\n|-damage|p1a: Toxapex|65/216\n|move|p1a: Toxapex|Liquidation|p2a: Tentacruel\n|-resisted|p2a: Tentacruel\n|-damage|p2a: Tentacruel|25/100\n|\n|-heal|p2a: Tentacruel|31/100|[from] item: Leftovers\n|-heal|p1a: Toxapex|78/216|[from] item: Leftovers\n|upkeep\n|turn|19\n|inactive|Time left: 300 sec this turn | 300 sec total\n|\n|t:|1783540211\n|move|p2a: Tentacruel|Surf|p1a: Toxapex\n|-damage|p1a: Toxapex|15/216\n|move|p1a: Toxapex|Recover|p1a: Toxapex\n|-heal|p1a: Toxapex|123/216\n|\n|-heal|p2a: Tentacruel|38/100|[from] item: Leftovers\n|-heal|p1a: Toxapex|136/216|[from] item: Leftovers\n|upkeep\n|turn|20\n|inactive|Time left: 300 sec this turn | 300 sec total\n|\n|t:|1783540212\n|switch|p2a: Grimmsnarl|Grimmsnarl, L83, M|57/100\n|move|p1a: Toxapex|Liquidation|p2a: Grimmsnarl\n|-damage|p2a: Grimmsnarl|30/100\n|\n|-heal|p1a: Toxapex|149/216|[from] item: Leftovers\n|upkeep\n|turn|21\n|inactive|Time left: 300 sec this turn | 300 sec total\n|\n|t:|1783540213\n|switch|p1a: Cinderace|Cinderace, L77, M|250/250\n|move|p2a: Grimmsnarl|Spirit Break|p1a: Cinderace\n|-resisted|p1a: Cinderace\n|-damage|p1a: Cinderace|192/250\n|-unboost|p1a: Cinderace|spa|1\n|\n|upkeep\n|turn|22\n|inactive|Time left: 300 sec this turn | 300 sec total\n|\n|t:|1783540214\n|move|p2a: Grimmsnarl|Thunder Wave|p1a: Cinderace\n|-status|p1a: Cinderace|par\n|move|p1a: Cinderace|Pyro Ball|p2a: Grimmsnarl\n|-damage|p2a: Grimmsnarl|0 fnt\n|faint|p2a: Grimmsnarl\n|\n|upkeep\n|\n|t:|1783540215\n|switch|p2a: Tentacruel|Tentacruel, L84, M|38/100\n|turn|23\n|inactive|Time left: 300 sec this turn | 300 sec total\n|\n|t:|1783540216\n|switch|p1a: Toxapex|Toxapex, L82, M, tera:Steel|216/216\n|move|p2a: Tentacruel|Surf|p1a: Toxapex\n|-damage|p1a: Toxapex|158/216\n|\n|-heal|p2a: Tentacruel|44/100|[from] item: Leftovers\n|-heal|p1a: Toxapex|171/216|[from] item: Leftovers\n|upkeep\n|turn|24\n|inactive|Time left: 300 sec this turn | 300 sec total\n|\n|t:|1783540217\n|move|p2a: Tentacruel|Surf|p1a: Toxapex\n|-damage|p1a: Toxapex|113/216\n|move|p1a: Toxapex|Liquidation|p2a: Tentacruel\n|-resisted|p2a: Tentacruel\n|-damage|p2a: Tentacruel|30/100\n|\n|-heal|p2a: Tentacruel|36/100|[from] item: Leftovers\n|-heal|p1a: Toxapex|126/216|[from] item: Leftovers\n|upkeep\n|turn|25\n|inactive|Time left: 300 sec this turn | 300 sec total\n|\n|t:|1783540219\n|move|p2a: Tentacruel|Surf|p1a: Toxapex\n|-damage|p1a: Toxapex|68/216\n|move|p1a: Toxapex|Liquidation|p2a: Tentacruel\n|-resisted|p2a: Tentacruel\n|-damage|p2a: Tentacruel|23/100\n|\n|-heal|p2a: Tentacruel|29/100|[from] item: Leftovers\n|-heal|p1a: Toxapex|81/216|[from] item: Leftovers\n|upkeep\n|turn|26\n|inactive|Time left: 300 sec this turn | 300 sec total\n|\n|t:|1783540220\n|move|p2a: Tentacruel|Surf|p1a: Toxapex\n|-damage|p1a: Toxapex|24/216\n|move|p1a: Toxapex|Recover|p1a: Toxapex\n|-heal|p1a: Toxapex|132/216\n|\n|-heal|p2a: Tentacruel|35/100|[from] item: Leftovers\n|-heal|p1a: Toxapex|145/216|[from] item: Leftovers\n|upkeep\n|turn|27\n|inactive|Time left: 300 sec this turn | 300 sec total\n|\n|t:|1783540221\n|move|p2a: Tentacruel|Surf|p1a: Toxapex\n|-crit|p1a: Toxapex\n|-damage|p1a: Toxapex|61/216\n|move|p1a: Toxapex|Liquidation|p2a: Tentacruel\n|-resisted|p2a: Tentacruel\n|-damage|p2a: Tentacruel|21/100\n|\n|-heal|p2a: Tentacruel|27/100|[from] item: Leftovers\n|-heal|p1a: Toxapex|74/216|[from] item: Leftovers\n|upkeep\n|turn|28\n|inactive|Time left: 300 sec this turn | 300 sec total\n|\n|t:|1783540223\n|move|p2a: Tentacruel|Surf|p1a: Toxapex\n|-damage|p1a: Toxapex|16/216\n|move|p1a: Toxapex|Recover|p1a: Toxapex\n|-heal|p1a: Toxapex|124/216\n|\n|-heal|p2a: Tentacruel|34/100|[from] item: Leftovers\n|-heal|p1a: Toxapex|137/216|[from] item: Leftovers\n|upkeep\n|turn|29\n|inactive|Time left: 300 sec this turn | 300 sec total\n|\n|t:|1783540224\n|move|p2a: Tentacruel|Surf|p1a: Toxapex\n|-damage|p1a: Toxapex|76/216\n|move|p1a: Toxapex|Recover|p1a: Toxapex\n|-heal|p1a: Toxapex|184/216\n|\n|-heal|p2a: Tentacruel|40/100|[from] item: Leftovers\n|-heal|p1a: Toxapex|197/216|[from] item: Leftovers\n|upkeep\n|turn|30\n|inactive|Time left: 300 sec this turn | 300 sec total\n|\n|t:|1783540225\n|move|p2a: Tentacruel|Surf|p1a: Toxapex\n|-crit|p1a: Toxapex\n|-damage|p1a: Toxapex|107/216\n|move|p1a: Toxapex|Liquidation|p2a: Tentacruel\n|-resisted|p2a: Tentacruel\n|-damage|p2a: Tentacruel|25/100\n|\n|-heal|p2a: Tentacruel|32/100|[from] item: Leftovers\n|-heal|p1a: Toxapex|120/216|[from] item: Leftovers\n|upkeep\n|turn|31\n|inactive|Time left: 300 sec this turn | 300 sec total\n|\n|t:|1783540226\n|move|p2a: Tentacruel|Surf|p1a: Toxapex\n|-damage|p1a: Toxapex|60/216\n|move|p1a: Toxapex|Recover|p1a: Toxapex\n|-heal|p1a: Toxapex|168/216\n|\n|-heal|p2a: Tentacruel|38/100|[from] item: Leftovers\n|-heal|p1a: Toxapex|181/216|[from] item: Leftovers\n|upkeep\n|turn|32\n|inactive|Time left: 300 sec this turn | 300 sec total\n|\n|t:|1783540227\n|move|p2a: Tentacruel|Rapid Spin|p1a: Toxapex\n|-resisted|p1a: Toxapex\n|-damage|p1a: Toxapex|171/216\n|-boost|p2a: Tentacruel|spe|1\n|move|p1a: Toxapex|Liquidation|p2a: Tentacruel\n|-resisted|p2a: Tentacruel\n|-damage|p2a: Tentacruel|24/100\n|\n|-heal|p2a: Tentacruel|30/100|[from] item: Leftovers\n|-heal|p1a: Toxapex|184/216|[from] item: Leftovers\n|upkeep\n|turn|33\n|inactive|Time left: 300 sec this turn | 300 sec total\n|\n|t:|1783540228\n|move|p2a: Tentacruel|Surf|p1a: Toxapex\n|-damage|p1a: Toxapex|126/216\n|move|p1a: Toxapex|Haze|p1a: Toxapex\n|-clearallboost\n|\n|-heal|p2a: Tentacruel|36/100|[from] item: Leftovers\n|-heal|p1a: Toxapex|139/216|[from] item: Leftovers\n|upkeep\n|turn|34\n|inactive|Time left: 300 sec this turn | 300 sec total\n|\n|t:|1783540229\n|move|p2a: Tentacruel|Surf|p1a: Toxapex\n|-crit|p1a: Toxapex\n|-damage|p1a: Toxapex|52/216\n|move|p1a: Toxapex|Liquidation|p2a: Tentacruel\n|-resisted|p2a: Tentacruel\n|-damage|p2a: Tentacruel|22/100\n|-unboost|p2a: Tentacruel|def|1\n|\n|-heal|p2a: Tentacruel|28/100|[from] item: Leftovers\n|-heal|p1a: Toxapex|65/216|[from] item: Leftovers\n|upkeep\n|turn|35\n|inactive|Time left: 300 sec this turn | 300 sec total\n|\n|t:|1783540230\n|move|p2a: Tentacruel|Surf|p1a: Toxapex\n|-damage|p1a: Toxapex|8/216\n|move|p1a: Toxapex|Recover|p1a: Toxapex\n|-heal|p1a: Toxapex|116/216\n|\n|-heal|p2a: Tentacruel|35/100|[from] item: Leftovers\n|-heal|p1a: Toxapex|129/216|[from] item: Leftovers\n|upkeep\n|turn|36\n|inactive|Time left: 300 sec this turn | 300 sec total\n|\n|t:|1783540232\n|move|p2a: Tentacruel|Surf|p1a: Toxapex\n|-damage|p1a: Toxapex|71/216\n|move|p1a: Toxapex|Liquidation|p2a: Tentacruel\n|-resisted|p2a: Tentacruel\n|-damage|p2a: Tentacruel|12/100\n|-unboost|p2a: Tentacruel|def|1\n|\n|-heal|p2a: Tentacruel|19/100|[from] item: Leftovers\n|-heal|p1a: Toxapex|84/216|[from] item: Leftovers\n|upkeep\n|turn|37\n|inactive|Time left: 300 sec this turn | 300 sec total\n|\n|t:|1783540233\n|move|p2a: Tentacruel|Surf|p1a: Toxapex\n|-damage|p1a: Toxapex|30/216\n|move|p1a: Toxapex|Recover|p1a: Toxapex\n|-heal|p1a: Toxapex|138/216\n|\n|-heal|p2a: Tentacruel|25/100|[from] item: Leftovers\n|-heal|p1a: Toxapex|151/216|[from] item: Leftovers\n|upkeep\n|turn|38\n|inactive|Time left: 300 sec this turn | 300 sec total\n|\n|t:|1783540234\n|switch|p2a: Deoxys|Deoxys-Speed, L82|100/100\n|-ability|p2a: Deoxys|Pressure\n|move|p1a: Toxapex|Liquidation|p2a: Deoxys\n|-damage|p2a: Deoxys|71/100\n|-unboost|p2a: Deoxys|def|1\n|\n|-heal|p1a: Toxapex|164/216|[from] item: Leftovers\n|upkeep\n|turn|39\n|inactive|Time left: 300 sec this turn | 300 sec total\n|\n|t:|1783540235\n|move|p2a: Deoxys|Nasty Plot|p2a: Deoxys\n|-boost|p2a: Deoxys|spa|2\n|move|p1a: Toxapex|Liquidation|p2a: Deoxys\n|-damage|p2a: Deoxys|28/100\n|-unboost|p2a: Deoxys|def|1\n|\n|-heal|p1a: Toxapex|177/216|[from] item: Leftovers\n|upkeep\n|turn|40\n|inactive|Time left: 300 sec this turn | 300 sec total\n|\n|t:|1783540235\n|move|p2a: Deoxys|Focus Blast|p1a: Toxapex\n|-supereffective|p1a: Toxapex\n|-damage|p1a: Toxapex|0 fnt\n|faint|p1a: Toxapex\n|-damage|p2a: Deoxys|18/100|[from] item: Life Orb\n|\n|upkeep\n|inactive|Time left: 300 sec this turn | 300 sec total | 5 sec grace\n|\n|t:|1783540236\n|switch|p1a: Dedenne|Dedenne, L88, F|261/261\n|-status|p1a: Dedenne|tox\n|turn|41\n|inactive|Time left: 300 sec this turn | 300 sec total\n|\n|t:|1783540237\n|switch|p1a: Cinderace|Cinderace, L77, M|192/250 par\n|move|p2a: Deoxys|Psycho Boost|p1a: Cinderace\n|-damage|p1a: Cinderace|0 fnt\n|-unboost|p2a: Deoxys|spa|2\n|faint|p1a: Cinderace\n|-damage|p2a: Deoxys|8/100|[from] item: Life Orb\n|\n|upkeep\n|inactive|Time left: 300 sec this turn | 300 sec total | 5 sec grace\n|\n|t:|1783540238\n|switch|p1a: Dedenne|Dedenne, L88, F|261/261 tox\n|turn|42\n|inactive|Time left: 300 sec this turn | 300 sec total\n|\n|t:|1783540239\n|move|p2a: Deoxys|Psycho Boost|p1a: Dedenne\n|-damage|p1a: Dedenne|69/261 tox\n|-unboost|p2a: Deoxys|spa|2\n|-enditem|p1a: Dedenne|Sitrus Berry|[eat]\n|-heal|p1a: Dedenne|134/261 tox|[from] item: Sitrus Berry\n|-heal|p1a: Dedenne|221/261 tox|[from] ability: Cheek Pouch\n|-damage|p2a: Deoxys|0 fnt|[from] item: Life Orb\n|faint|p2a: Deoxys\n|move|p1a: Dedenne|Thunderbolt|p2: Deoxys|[notarget]\n|-fail|p1a: Dedenne\n|\n|-damage|p1a: Dedenne|205/261 tox|[from] psn\n|upkeep\n|\n|t:|1783540239\n|switch|p2a: Tentacruel|Tentacruel, L84, M|25/100\n|turn|43\n|inactive|Time left: 300 sec this turn | 300 sec total\n|\n|t:|1783540240\n|move|p1a: Dedenne|Thunderbolt|p2a: Tentacruel\n|-supereffective|p2a: Tentacruel\n|-damage|p2a: Tentacruel|0 fnt\n|faint|p2a: Tentacruel\n|\n|win|p0x0867450", "uploadtime": 1783540240, "views": 0, "rating": 0, "private": 0, "password": null, "_winner": "p0x0867450", "_our_name": "p0x0867450"}