{"id": "battle-gen9randombattle-2161", "formatid": "gen9randombattle", "format": "[Gen 9] Random Battle", "players": ["p0x216192cc", "p0y21612c39"], "log": "|init|battle\n|title|p0x216192cc vs. p0y21612c39\n|j|\u2606p0x216192cc\n|j|\u2606p0y21612c39\n|t:|1783565010\n|gametype|singles\n|player|p1|p0x216192cc|170|\n|player|p2|p0y21612c39|101|\n|gen|9\n|tier|[Gen 9] Random Battle\n|rule|Species Clause: Limit one of each Pok\u00e9mon\n|rule|HP Percentage Mod: HP is shown in percentages\n|rule|Sleep Clause Mod: Limit one foe put to sleep\n|rule|Illusion Level Mod: Illusion disguises the Pok\u00e9mon's true level\n|\n|t:|1783565010\n|teamsize|p1|6\n|teamsize|p2|6\n|start\n|switch|p1a: Sandy Shocks|Sandy Shocks, L80|100/100\n|switch|p2a: Leavanny|Leavanny, L86, F|269/269\n|turn|1\n|inactive|Battle timer is ON: inactive players will automatically lose when time's up. (requested by p0x216192cc)\n|inactive|Time left: 300 sec this turn | 300 sec total | 60 sec grace\n|inactive|p0y21612c39 also wants the timer to be on.\n|\n|t:|1783565011\n|move|p1a: Sandy Shocks|Thunder Wave|p2a: Leavanny\n|-status|p2a: Leavanny|par\n|cant|p2a: Leavanny|par\n|\n|upkeep\n|turn|2\n|inactive|Time left: 300 sec this turn | 300 sec total\n|\n|t:|1783565013\n|-end|p1a: Sandy Shocks|Protosynthesis|[silent]\n|switch|p1a: Conkeldurr|Conkeldurr, L80, M|100/100\n|move|p2a: Leavanny|Sticky Web|p1a: Conkeldurr\n|-sidestart|p1: p0x216192cc|move: Sticky Web\n|\n|-status|p1a: Conkeldurr|brn|[from] item: Flame Orb\n|upkeep\n|turn|3\n|inactive|Time left: 300 sec this turn | 300 sec total\n|\n|t:|1783565014\n|switch|p2a: Salamence|Salamence, L77, F|273/273\n|-ability|p2a: Salamence|Intimidate|boost\n|-unboost|p1a: Conkeldurr|atk|1\n|move|p1a: Conkeldurr|Facade|p2a: Salamence\n|-damage|p2a: Salamence|134/273\n|\n|-damage|p1a: Conkeldurr|94/100 brn|[from] brn\n|upkeep\n|turn|4\n|inactive|Time left: 300 sec this turn | 300 sec total\n|\n|t:|1783565015\n|move|p2a: Salamence|Outrage|p1a: Conkeldurr\n|-damage|p1a: Conkeldurr|45/100 brn\n|move|p1a: Conkeldurr|Facade|p2a: Salamence\n|-damage|p2a: Salamence|0 fnt\n|faint|p2a: Salamence\n|\n|-damage|p1a: Conkeldurr|39/100 brn|[from] brn\n|upkeep\n|inactive|Time left: 300 sec this turn | 300 sec total | 5 sec grace\n|\n|t:|1783565016\n|switch|p2a: Mismagius|Mismagius, L86, M|243/243\n|turn|5\n|inactive|Time left: 300 sec this turn | 300 sec total\n|\n|t:|1783565017\n|switch|p1a: Lanturn|Lanturn, L89, M|100/100\n|-activate|p1a: Lanturn|move: Sticky Web\n|-unboost|p1a: Lanturn|spe|1\n|move|p2a: Mismagius|Nasty Plot|p2a: Mismagius\n|-boost|p2a: Mismagius|spa|2\n|\n|upkeep\n|turn|6\n|inactive|Time left: 300 sec this turn | 300 sec total\n|\n|t:|1783565019\n|switch|p1a: Smeargle|Smeargle, L95, F|100/100\n|-activate|p1a: Smeargle|move: Sticky Web\n|-unboost|p1a: Smeargle|spe|1\n|move|p2a: Mismagius|Shadow Ball|p1a: Smeargle\n|-immune|p1a: Smeargle\n|\n|upkeep\n|turn|7\n|inactive|Time left: 300 sec this turn | 300 sec total\n|\n|t:|1783565020\n|move|p2a: Mismagius|Dazzling Gleam|p1a: Smeargle\n|-damage|p1a: Smeargle|30/100\n|move|p1a: Smeargle|Shell Smash|p1a: Smeargle\n|-unboost|p1a: Smeargle|def|1\n|-unboost|p1a: Smeargle|spd|1\n|-boost|p1a: Smeargle|atk|2\n|-boost|p1a: Smeargle|spa|2\n|-boost|p1a: Smeargle|spe|2\n|\n|upkeep\n|turn|8\n|inactive|Time left: 300 sec this turn | 300 sec total\n|\n|t:|1783565021\n|move|p1a: Smeargle|Spore|p2a: Mismagius\n|-status|p2a: Mismagius|slp|[from] move: Spore\n|cant|p2a: Mismagius|slp\n|\n|upkeep\n|turn|9\n|inactive|Time left: 300 sec this turn | 300 sec total\n|\n|t:|1783565022\n|move|p1a: Smeargle|Power Trip|p2a: Mismagius\n|-supereffective|p2a: Mismagius\n|-damage|p2a: Mismagius|33/243 slp\n|cant|p2a: Mismagius|slp\n|\n|-heal|p2a: Mismagius|48/243 slp|[from] item: Leftovers\n|upkeep\n|turn|10\n|inactive|Time left: 300 sec this turn | 300 sec total\n|\n|t:|1783565023\n|move|p1a: Smeargle|Power Trip|p2a: Mismagius\n|-supereffective|p2a: Mismagius\n|-damage|p2a: Mismagius|0 fnt\n|faint|p2a: Mismagius\n|\n|upkeep\n|inactive|Time left: 300 sec this turn | 300 sec total | 5 sec grace\n|\n|t:|1783565024\n|switch|p2a: Leavanny|Leavanny, L86, F|269/269 par\n|turn|11\n|inactive|Time left: 300 sec this turn | 300 sec total\n|\n|t:|1783565025\n|-terastallize|p2a: Leavanny|Ghost\n|move|p1a: Smeargle|Population Bomb|p2a: Leavanny\n|-immune|p2a: Leavanny\n|move|p2a: Leavanny|Knock Off|p1a: Smeargle\n|-damage|p1a: Smeargle|0 fnt\n|-enditem|p1a: Smeargle|Wide Lens|[from] move: Knock Off|[of] p2a: Leavanny\n|faint|p1a: Smeargle\n|\n|upkeep\n|\n|t:|1783565026\n|switch|p1a: Darkrai|Darkrai, L77|100/100\n|-activate|p1a: Darkrai|move: Sticky Web\n|-unboost|p1a: Darkrai|spe|1\n|turn|12\n|inactive|Time left: 300 sec this turn | 300 sec total\n|\n|t:|1783565027\n|switch|p2a: Tatsugiri|Tatsugiri, L87, F|260/260\n|move|p1a: Darkrai|Dark Pulse|p2a: Tatsugiri\n|-crit|p2a: Tatsugiri\n|-damage|p2a: Tatsugiri|83/260\n|-damage|p1a: Darkrai|91/100|[from] item: Life Orb\n|\n|upkeep\n|turn|13\n|inactive|Time left: 300 sec this turn | 300 sec total\n|\n|t:|1783565028\n|move|p2a: Tatsugiri|Surf|p1a: Darkrai\n|-damage|p1a: Darkrai|33/100\n|move|p1a: Darkrai|Dark Pulse|p2a: Tatsugiri\n|-damage|p2a: Tatsugiri|0 fnt\n|faint|p2a: Tatsugiri\n|-damage|p1a: Darkrai|23/100|[from] item: Life Orb\n|\n|upkeep\n|inactive|Time left: 300 sec this turn | 300 sec total | 5 sec grace\n|\n|t:|1783565029\n|switch|p2a: Kleavor|Kleavor, L78, F|237/237\n|turn|14\n|inactive|Time left: 300 sec this turn | 300 sec total\n|\n|t:|1783565030\n|move|p2a: Kleavor|Stone Axe|p1a: Darkrai\n|-damage|p1a: Darkrai|0 fnt\n|-sidestart|p1: p0x216192cc|move: Stealth Rock\n|faint|p1a: Darkrai\n|\n|upkeep\n|\n|t:|1783565030\n|switch|p1a: Lanturn|Lanturn, L89, M|100/100\n|-activate|p1a: Lanturn|move: Sticky Web\n|-unboost|p1a: Lanturn|spe|1\n|-damage|p1a: Lanturn|88/100|[from] Stealth Rock\n|turn|15\n|inactive|Time left: 300 sec this turn | 300 sec total\n|\n|t:|1783565032\n|switch|p2a: Leavanny|Leavanny, L86, F, tera:Ghost|269/269 par\n|move|p1a: Lanturn|Scald|p2a: Leavanny\n|-damage|p2a: Leavanny|190/269 par\n|\n|-heal|p1a: Lanturn|94/100|[from] item: Leftovers\n|upkeep\n|turn|16\n|inactive|Time left: 300 sec this turn | 300 sec total\n|\n|t:|1783565033\n|move|p1a: Lanturn|Thunderbolt|p2a: Leavanny\n|-damage|p2a: Leavanny|102/269 par\n|move|p2a: Leavanny|Bullet Seed|p1a: Lanturn\n|-supereffective|p1a: Lanturn\n|-damage|p1a: Lanturn|75/100\n|-supereffective|p1a: Lanturn\n|-damage|p1a: Lanturn|55/100\n|-supereffective|p1a: Lanturn\n|-damage|p1a: Lanturn|35/100\n|-supereffective|p1a: Lanturn\n|-damage|p1a: Lanturn|15/100\n|-supereffective|p1a: Lanturn\n|-crit|p1a: Lanturn\n|-damage|p1a: Lanturn|0 fnt\n|faint|p1a: Lanturn\n|-hitcount|p1: Lanturn|5\n|\n|upkeep\n|\n|t:|1783565034\n|switch|p1a: Sandy Shocks|Sandy Shocks, L80|100/100\n|-activate|p1a: Sandy Shocks|move: Sticky Web\n|-unboost|p1a: Sandy Shocks|spe|1\n|-damage|p1a: Sandy Shocks|95/100|[from] Stealth Rock\n|turn|17\n|inactive|Time left: 300 sec this turn | 300 sec total\n|\n|t:|1783565035\n|switch|p2a: Shiftry|Shiftry, L89, F|305/305\n|move|p1a: Sandy Shocks|Earth Power|p2a: Shiftry\n|-resisted|p2a: Shiftry\n|-damage|p2a: Shiftry|239/305\n|-unboost|p2a: Shiftry|spd|1\n|\n|-heal|p1a: Sandy Shocks|100/100|[from] item: Leftovers\n|upkeep\n|turn|18\n|inactive|Time left: 300 sec this turn | 300 sec total\n|\n|t:|1783565036\n|move|p2a: Shiftry|Leaf Storm|p1a: Sandy Shocks\n|-supereffective|p1a: Sandy Shocks\n|-damage|p1a: Sandy Shocks|0 fnt\n|-unboost|p2a: Shiftry|spa|2\n|faint|p1a: Sandy Shocks\n|-end|p1a: Sandy Shocks|Protosynthesis|[silent]\n|-damage|p2a: Shiftry|209/305|[from] item: Life Orb\n|\n|upkeep\n|\n|t:|1783565037\n|switch|p1a: Annihilape|Annihilape, L76, F|100/100\n|-activate|p1a: Annihilape|move: Sticky Web\n|-unboost|p1a: Annihilape|spe|1\n|-ability|p1a: Annihilape|Defiant|boost\n|-boost|p1a: Annihilape|atk|2\n|-damage|p1a: Annihilape|94/100|[from] Stealth Rock\n|turn|19\n|inactive|Time left: 300 sec this turn | 300 sec total\n|\n|t:|1783565037\n|switch|p2a: Leavanny|Leavanny, L86, F, tera:Ghost|102/269 par\n|move|p1a: Annihilape|Drain Punch|p2a: Leavanny\n|-immune|p2a: Leavanny\n|\n|-heal|p1a: Annihilape|100/100|[from] item: Leftovers\n|upkeep\n|turn|20\n|inactive|Time left: 300 sec this turn | 300 sec total\n|\n|t:|1783565038\n|move|p1a: Annihilape|Rage Fist|p2a: Leavanny\n|-supereffective|p2a: Leavanny\n|-damage|p2a: Leavanny|0 fnt\n|faint|p2a: Leavanny\n|\n|upkeep\n|inactive|Time left: 300 sec this turn | 300 sec total | 5 sec grace\n|\n|t:|1783565039\n|switch|p2a: Shiftry|Shiftry, L89, F|209/305\n|turn|21\n|inactive|Time left: 300 sec this turn | 300 sec total\n|\n|t:|1783565040\n|move|p2a: Shiftry|Will-O-Wisp|p1a: Annihilape\n|-status|p1a: Annihilape|brn\n|move|p1a: Annihilape|Drain Punch|p2a: Shiftry\n|-supereffective|p2a: Shiftry\n|-damage|p2a: Shiftry|7/305\n|\n|-damage|p1a: Annihilape|94/100 brn|[from] brn\n|upkeep\n|turn|22\n|inactive|Time left: 300 sec this turn | 300 sec total\n|\n|t:|1783565041\n|move|p2a: Shiftry|Knock Off|p1a: Annihilape\n|-damage|p1a: Annihilape|37/100 brn\n|-enditem|p1a: Annihilape|Leftovers|[from] move: Knock Off|[of] p2a: Shiftry\n|-damage|p2a: Shiftry|0 fnt|[from] item: Life Orb\n|faint|p2a: Shiftry\n|move|p1a: Annihilape|Bulk Up|p1a: Annihilape\n|-boost|p1a: Annihilape|atk|1\n|-boost|p1a: Annihilape|def|1\n|\n|-damage|p1a: Annihilape|31/100 brn|[from] brn\n|upkeep\n|inactive|Time left: 300 sec this turn | 300 sec total | 5 sec grace\n|\n|t:|1783565042\n|switch|p2a: Kleavor|Kleavor, L78, F|237/237\n|turn|23\n|inactive|Time left: 300 sec this turn | 300 sec total\n|\n|t:|1783565043\n|move|p2a: Kleavor|Swords Dance|p2a: Kleavor\n|-boost|p2a: Kleavor|atk|2\n|move|p1a: Annihilape|Drain Punch|p2a: Kleavor\n|-damage|p2a: Kleavor|141/237\n|-heal|p1a: Annihilape|47/100 brn|[from] drain|[of] p2a: Kleavor\n|\n|-damage|p1a: Annihilape|41/100 brn|[from] brn\n|upkeep\n|turn|24\n|inactive|Time left: 300 sec this turn | 300 sec total\n|\n|t:|1783565044\n|move|p2a: Kleavor|Stone Axe|p1a: Annihilape\n|-resisted|p1a: Annihilape\n|-damage|p1a: Annihilape|7/100 brn\n|move|p1a: Annihilape|Drain Punch|p2a: Kleavor\n|-damage|p2a: Kleavor|38/237\n|-heal|p1a: Annihilape|25/100 brn|[from] drain|[of] p2a: Kleavor\n|\n|-damage|p1a: Annihilape|19/100 brn|[from] brn\n|upkeep\n|turn|25\n|inactive|Time left: 300 sec this turn | 300 sec total\n|\n|t:|1783565045\n|-terastallize|p1a: Annihilape|Steel\n|move|p2a: Kleavor|Stone Axe|p1a: Annihilape\n|-resisted|p1a: Annihilape\n|-damage|p1a: Annihilape|0 fnt\n|faint|p1a: Annihilape\n|\n|upkeep\n|\n|t:|1783565046\n|switch|p1a: Conkeldurr|Conkeldurr, L80, M|39/100 brn\n|-activate|p1a: Conkeldurr|move: Sticky Web\n|-unboost|p1a: Conkeldurr|spe|1\n|-damage|p1a: Conkeldurr|33/100 brn|[from] Stealth Rock\n|turn|26\n|inactive|Time left: 300 sec this turn | 300 sec total\n|\n|t:|1783565047\n|move|p1a: Conkeldurr|Mach Punch|p2a: Kleavor\n|-damage|p2a: Kleavor|0 fnt\n|faint|p2a: Kleavor\n|\n|win|p0x216192cc", "uploadtime": 1783565047, "views": 0, "rating": 0, "private": 0, "password": null, "_winner": "p0x216192cc", "_our_name": "p0y21612c39"}