{"id": "battle-gen9randombattle-1404", "formatid": "gen9randombattle", "format": "[Gen 9] Random Battle", "players": ["p0x1404f3b9", "p0y1404bf3c"], "log": "|init|battle\n|title|p0x1404f3b9 vs. p0y1404bf3c\n|j|\u2606p0x1404f3b9\n|j|\u2606p0y1404bf3c\n|t:|1783555384\n|gametype|singles\n|player|p1|p0x1404f3b9|170|\n|player|p2|p0y1404bf3c|102|\n|gen|9\n|tier|[Gen 9] Random Battle\n|rule|Species Clause: Limit one of each Pok\u00e9mon\n|rule|HP Percentage Mod: HP is shown in percentages\n|rule|Sleep Clause Mod: Limit one foe put to sleep\n|rule|Illusion Level Mod: Illusion disguises the Pok\u00e9mon's true level\n|\n|t:|1783555384\n|teamsize|p1|6\n|teamsize|p2|6\n|start\n|switch|p1a: Dragonite|Dragonite, L74, M|100/100\n|switch|p2a: Rampardos|Rampardos, L90, M|321/321\n|turn|1\n|inactive|Battle timer is ON: inactive players will automatically lose when time's up. (requested by p0x1404f3b9)\n|inactive|Time left: 300 sec this turn | 300 sec total | 60 sec grace\n|inactive|p0y1404bf3c also wants the timer to be on.\n|\n|t:|1783555385\n|-terastallize|p1a: Dragonite|Steel\n|move|p2a: Rampardos|Head Smash|p1a: Dragonite\n|-resisted|p1a: Dragonite\n|-damage|p1a: Dragonite|73/100\n|-damage|p2a: Rampardos|286/321|[from] Recoil\n|move|p1a: Dragonite|Outrage|p2a: Rampardos\n|-crit|p2a: Rampardos\n|-damage|p2a: Rampardos|43/321\n|\n|upkeep\n|turn|2\n|inactive|Time left: 300 sec this turn | 300 sec total\n|\n|t:|1783555387\n|move|p2a: Rampardos|Head Smash|p1a: Dragonite\n|-resisted|p1a: Dragonite\n|-damage|p1a: Dragonite|17/100\n|-damage|p2a: Rampardos|0 fnt|[from] Recoil\n|faint|p2a: Rampardos\n|move|p1a: Dragonite|Outrage|p2: Rampardos|[from] lockedmove|[notarget]\n|-fail|p1a: Dragonite\n|-start|p1a: Dragonite|confusion|[fatigue]\n|\n|upkeep\n|inactive|Time left: 300 sec this turn | 300 sec total | 5 sec grace\n|\n|t:|1783555388\n|switch|p2a: Spidops|Spidops, L96, M|271/271\n|turn|3\n|inactive|Time left: 300 sec this turn | 300 sec total\n|\n|t:|1783555389\n|-activate|p1a: Dragonite|confusion\n|move|p1a: Dragonite|Roost|p1a: Dragonite\n|-heal|p1a: Dragonite|67/100\n|move|p2a: Spidops|Sticky Web|p1a: Dragonite\n|-sidestart|p1: p0x1404f3b9|move: Sticky Web\n|\n|upkeep\n|turn|4\n|inactive|Time left: 300 sec this turn | 300 sec total\n|\n|t:|1783555390\n|-activate|p1a: Dragonite|confusion\n|-damage|p1a: Dragonite|56/100|[from] confusion\n|move|p2a: Spidops|Toxic Spikes|p1a: Dragonite\n|-sidestart|p1: p0x1404f3b9|move: Toxic Spikes\n|\n|upkeep\n|turn|5\n|inactive|Time left: 300 sec this turn | 300 sec total\n|\n|t:|1783555391\n|-activate|p1a: Dragonite|confusion\n|move|p1a: Dragonite|Outrage|p2a: Spidops\n|-damage|p2a: Spidops|163/271\n|move|p2a: Spidops|Circle Throw|p1a: Dragonite\n|-supereffective|p1a: Dragonite\n|-damage|p1a: Dragonite|17/100\n|drag|p1a: Serperior|Serperior, L79, M|100/100\n|-activate|p1a: Serperior|move: Sticky Web\n|-boost|p1a: Serperior|spe|1\n|-status|p1a: Serperior|psn\n|\n|-damage|p1a: Serperior|88/100 psn|[from] psn\n|upkeep\n|turn|6\n|inactive|Time left: 300 sec this turn | 300 sec total\n|\n|t:|1783555392\n|move|p1a: Serperior|Leaf Storm|p2a: Spidops\n|-resisted|p2a: Spidops\n|-damage|p2a: Spidops|110/271\n|-boost|p1a: Serperior|spa|2\n|-damage|p1a: Serperior|78/100 psn|[from] item: Life Orb\n|move|p2a: Spidops|Spikes|p1a: Serperior\n|-sidestart|p1: p0x1404f3b9|Spikes\n|\n|-damage|p1a: Serperior|66/100 psn|[from] psn\n|upkeep\n|turn|7\n|inactive|Time left: 300 sec this turn | 300 sec total\n|\n|t:|1783555393\n|move|p1a: Serperior|Leaf Storm|p2a: Spidops\n|-resisted|p2a: Spidops\n|-damage|p2a: Spidops|0 fnt\n|-boost|p1a: Serperior|spa|2\n|faint|p2a: Spidops\n|-damage|p1a: Serperior|56/100 psn|[from] item: Life Orb\n|\n|-damage|p1a: Serperior|44/100 psn|[from] psn\n|upkeep\n|inactive|Time left: 300 sec this turn | 300 sec total | 5 sec grace\n|\n|t:|1783555394\n|switch|p2a: Oricorio|Oricorio-Pa'u, L87, F|272/272\n|turn|8\n|inactive|Time left: 300 sec this turn | 300 sec total\n|\n|t:|1783555395\n|move|p1a: Serperior|Leaf Storm|p2a: Oricorio\n|-resisted|p2a: Oricorio\n|-damage|p2a: Oricorio|42/272\n|-boost|p1a: Serperior|spa|2\n|-damage|p1a: Serperior|34/100 psn|[from] item: Life Orb\n|move|p2a: Oricorio|Hurricane|p1a: Serperior\n|-supereffective|p1a: Serperior\n|-damage|p1a: Serperior|0 fnt\n|faint|p1a: Serperior\n|\n|upkeep\n|\n|t:|1783555396\n|switch|p1a: Cinderace|Cinderace, L77, M|100/100\n|turn|9\n|inactive|Time left: 300 sec this turn | 300 sec total\n|\n|t:|1783555397\n|move|p1a: Cinderace|Court Change|p1a: Cinderace\n|-start|p1a: Cinderace|typechange|Normal|[from] ability: Libero\n|-swapsideconditions\n|-activate|p1a: Cinderace|move: Court Change\n|move|p2a: Oricorio|Quiver Dance|p2a: Oricorio\n|-boost|p2a: Oricorio|spa|1\n|-boost|p2a: Oricorio|spd|1\n|-boost|p2a: Oricorio|spe|1\n|\n|upkeep\n|turn|10\n|inactive|Time left: 300 sec this turn | 300 sec total\n|\n|t:|1783555398\n|move|p2a: Oricorio|Roost|p2a: Oricorio\n|-heal|p2a: Oricorio|178/272\n|-singleturn|p2a: Oricorio|move: Roost\n|move|p1a: Cinderace|U-turn|p2a: Oricorio\n|-supereffective|p2a: Oricorio\n|-damage|p2a: Oricorio|62/272\n|\n|t:|1783555399\n|switch|p1a: Magcargo|Magcargo, L95, M|100/100|[from] U-turn\n|\n|upkeep\n|turn|11\n|inactive|Time left: 300 sec this turn | 300 sec total\n|\n|t:|1783555400\n|move|p2a: Oricorio|Roost|p2a: Oricorio\n|-heal|p2a: Oricorio|198/272\n|-singleturn|p2a: Oricorio|move: Roost\n|move|p1a: Magcargo|Lava Plume|p2a: Oricorio\n|-damage|p2a: Oricorio|126/272\n|\n|upkeep\n|turn|12\n|inactive|Time left: 300 sec this turn | 300 sec total\n|\n|t:|1783555401\n|-terastallize|p2a: Oricorio|Ground\n|move|p2a: Oricorio|Revelation Dance|p1a: Magcargo\n|-supereffective|p1a: Magcargo\n|-damage|p1a: Magcargo|0 fnt\n|faint|p1a: Magcargo\n|\n|upkeep\n|\n|t:|1783555402\n|switch|p1a: Swampert|Swampert, L83, M|100/100\n|turn|13\n|inactive|Time left: 300 sec this turn | 300 sec total\n|\n|t:|1783555403\n|move|p2a: Oricorio|Roost|p2a: Oricorio\n|-heal|p2a: Oricorio|262/272\n|move|p1a: Swampert|Earthquake|p2a: Oricorio\n|-damage|p2a: Oricorio|120/272\n|\n|upkeep\n|turn|14\n|inactive|Time left: 300 sec this turn | 300 sec total\n|\n|t:|1783555404\n|move|p2a: Oricorio|Roost|p2a: Oricorio\n|-heal|p2a: Oricorio|256/272\n|move|p1a: Swampert|Earthquake|p2a: Oricorio\n|-damage|p2a: Oricorio|133/272\n|\n|upkeep\n|turn|15\n|inactive|Time left: 300 sec this turn | 300 sec total\n|\n|t:|1783555405\n|move|p2a: Oricorio|Roost|p2a: Oricorio\n|-heal|p2a: Oricorio|269/272\n|move|p1a: Swampert|Earthquake|p2a: Oricorio\n|-damage|p2a: Oricorio|140/272\n|\n|upkeep\n|turn|16\n|inactive|Time left: 300 sec this turn | 300 sec total\n|\n|t:|1783555406\n|move|p2a: Oricorio|Roost|p2a: Oricorio\n|-heal|p2a: Oricorio|272/272\n|move|p1a: Swampert|Earthquake|p2a: Oricorio\n|-damage|p2a: Oricorio|136/272\n|\n|upkeep\n|turn|17\n|inactive|Time left: 300 sec this turn | 300 sec total\n|\n|t:|1783555407\n|move|p2a: Oricorio|Roost|p2a: Oricorio\n|-heal|p2a: Oricorio|272/272\n|move|p1a: Swampert|Earthquake|p2a: Oricorio\n|-damage|p2a: Oricorio|136/272\n|\n|upkeep\n|turn|18\n|inactive|Time left: 300 sec this turn | 300 sec total\n|\n|t:|1783555408\n|move|p2a: Oricorio|Roost|p2a: Oricorio\n|-heal|p2a: Oricorio|272/272\n|move|p1a: Swampert|Earthquake|p2a: Oricorio\n|-damage|p2a: Oricorio|145/272\n|\n|upkeep\n|turn|19\n|inactive|Time left: 300 sec this turn | 300 sec total\n|\n|t:|1783555410\n|move|p2a: Oricorio|Hurricane|p1a: Swampert\n|-damage|p1a: Swampert|43/100\n|move|p1a: Swampert|Earthquake|p2a: Oricorio\n|-damage|p2a: Oricorio|12/272\n|\n|-heal|p1a: Swampert|49/100|[from] item: Leftovers\n|upkeep\n|turn|20\n|inactive|Time left: 300 sec this turn | 300 sec total\n|\n|t:|1783555411\n|move|p2a: Oricorio|Revelation Dance|p1a: Swampert\n|-damage|p1a: Swampert|1/100\n|move|p1a: Swampert|Ice Beam|p2a: Oricorio\n|-supereffective|p2a: Oricorio\n|-damage|p2a: Oricorio|0 fnt\n|faint|p2a: Oricorio\n|\n|-heal|p1a: Swampert|7/100|[from] item: Leftovers\n|upkeep\n|inactive|Time left: 300 sec this turn | 300 sec total | 5 sec grace\n|\n|t:|1783555412\n|switch|p2a: Lokix|Lokix, L82, M|251/251\n|-activate|p2a: Lokix|move: Sticky Web\n|-unboost|p2a: Lokix|spe|1\n|-status|p2a: Lokix|psn\n|-damage|p2a: Lokix|220/251 psn|[from] Spikes\n|turn|21\n|inactive|Time left: 300 sec this turn | 300 sec total\n|\n|t:|1783555413\n|move|p2a: Lokix|Sucker Punch||[still]\n|-fail|p2a: Lokix\n|move|p1a: Swampert|Stealth Rock|p2a: Lokix\n|-sidestart|p2: p0y1404bf3c|move: Stealth Rock\n|\n|-heal|p1a: Swampert|13/100|[from] item: Leftovers\n|-damage|p2a: Lokix|189/251 psn|[from] psn\n|upkeep\n|turn|22\n|inactive|Time left: 300 sec this turn | 300 sec total\n|\n|t:|1783555414\n|move|p1a: Swampert|Ice Beam|p2a: Lokix\n|-crit|p2a: Lokix\n|-damage|p2a: Lokix|75/251 psn\n|move|p2a: Lokix|Leech Life|p1a: Swampert\n|-damage|p1a: Swampert|0 fnt\n|-heal|p2a: Lokix|94/251 psn|[from] drain|[of] p1a: Swampert\n|faint|p1a: Swampert\n|-damage|p2a: Lokix|69/251 psn|[from] item: Life Orb\n|\n|-damage|p2a: Lokix|38/251 psn|[from] psn\n|upkeep\n|\n|t:|1783555415\n|switch|p1a: Meganium|Meganium, L90, M|100/100\n|turn|23\n|inactive|Time left: 300 sec this turn | 300 sec total\n|\n|t:|1783555416\n|move|p1a: Meganium|Petal Blizzard|p2a: Lokix\n|-resisted|p2a: Lokix\n|-damage|p2a: Lokix|0 fnt\n|faint|p2a: Lokix\n|\n|upkeep\n|inactive|Time left: 300 sec this turn | 300 sec total | 5 sec grace\n|\n|t:|1783555417\n|switch|p2a: Garchomp|Garchomp, L74, M|282/282\n|-activate|p2a: Garchomp|move: Sticky Web\n|-unboost|p2a: Garchomp|spe|1\n|-status|p2a: Garchomp|psn\n|-damage|p2a: Garchomp|247/282 psn|[from] Spikes\n|-damage|p2a: Garchomp|230/282 psn|[from] Stealth Rock\n|turn|24\n|inactive|Time left: 300 sec this turn | 300 sec total\n|\n|t:|1783555418\n|move|p1a: Meganium|Swords Dance|p1a: Meganium\n|-boost|p1a: Meganium|atk|2\n|move|p2a: Garchomp|Swords Dance|p2a: Garchomp\n|-boost|p2a: Garchomp|atk|2\n|\n|-damage|p2a: Garchomp|195/282 psn|[from] psn\n|upkeep\n|turn|25\n|inactive|Time left: 300 sec this turn | 300 sec total\n|\n|t:|1783555419\n|move|p1a: Meganium|Petal Blizzard|p2a: Garchomp\n|-damage|p2a: Garchomp|0 fnt\n|faint|p2a: Garchomp\n|\n|upkeep\n|inactive|Time left: 300 sec this turn | 300 sec total | 5 sec grace\n|\n|t:|1783555420\n|switch|p2a: Milotic|Milotic, L83, F|293/293\n|-activate|p2a: Milotic|move: Sticky Web\n|-unboost|p2a: Milotic|spe|1\n|-ability|p2a: Milotic|Competitive|boost\n|-boost|p2a: Milotic|spa|2\n|-status|p2a: Milotic|psn\n|-damage|p2a: Milotic|257/293 psn|[from] Spikes\n|-damage|p2a: Milotic|221/293 psn|[from] Stealth Rock\n|turn|26\n|inactive|Time left: 300 sec this turn | 300 sec total\n|\n|t:|1783555421\n|move|p1a: Meganium|Petal Blizzard|p2a: Milotic\n|-supereffective|p2a: Milotic\n|-damage|p2a: Milotic|0 fnt\n|faint|p2a: Milotic\n|\n|win|p0x1404f3b9", "uploadtime": 1783555421, "views": 0, "rating": 0, "private": 0, "password": null, "_winner": "p0x1404f3b9", "_our_name": "p0y1404bf3c"}