{"id": "battle-gen9randombattle-2962", "formatid": "gen9randombattle", "format": "[Gen 9] Random Battle", "players": ["p0x2962e46c", "p0y2962456a"], "log": "|init|battle\n|title|p0x2962e46c vs. p0y2962456a\n|j|\u2606p0x2962e46c\n|j|\u2606p0y2962456a\n|t:|1783573129\n|gametype|singles\n|player|p1|p0x2962e46c|101|\n|player|p2|p0y2962456a|169|\n|gen|9\n|tier|[Gen 9] Random Battle\n|rule|Species Clause: Limit one of each Pok\u00e9mon\n|rule|HP Percentage Mod: HP is shown in percentages\n|rule|Sleep Clause Mod: Limit one foe put to sleep\n|rule|Illusion Level Mod: Illusion disguises the Pok\u00e9mon's true level\n|\n|t:|1783573129\n|teamsize|p1|6\n|teamsize|p2|6\n|start\n|switch|p1a: Mewtwo|Mewtwo, L72|100/100\n|switch|p2a: Morpeko|Morpeko, L88, M|245/245\n|-ability|p1a: Mewtwo|Unnerve\n|turn|1\n|inactive|Battle timer is ON: inactive players will automatically lose when time's up. (requested by p0y2962456a)\n|\n|t:|1783573131\n|move|p1a: Mewtwo|Aura Sphere|p2a: Morpeko\n|-supereffective|p2a: Morpeko\n|-damage|p2a: Morpeko|24/245\n|-damage|p1a: Mewtwo|91/100|[from] item: Life Orb\n|move|p2a: Morpeko|Aura Wheel|p1a: Mewtwo\n|-damage|p1a: Mewtwo|34/100\n|-boost|p2a: Morpeko|spe|1\n|\n|-formechange|p2a: Morpeko|Morpeko-Hangry||[from] ability: Hunger Switch\n|upkeep\n|turn|2\n|inactive|Time left: 300 sec this turn | 300 sec total\n|inactive|p0x2962e46c also wants the timer to be on.\n|\n|t:|1783573132\n|switch|p1a: Azumarill|Azumarill, L82, F|100/100\n|move|p2a: Morpeko|Aura Wheel|p1a: Azumarill\n|-resisted|p1a: Azumarill\n|-damage|p1a: Azumarill|77/100\n|-boost|p2a: Morpeko|spe|1\n|\n|-formechange|p2a: Morpeko|Morpeko||[from] ability: Hunger Switch\n|upkeep\n|turn|3\n|inactive|Time left: 300 sec this turn | 300 sec total\n|\n|t:|1783573133\n|move|p1a: Azumarill|Aqua Jet|p2a: Morpeko\n|-damage|p2a: Morpeko|0 fnt\n|faint|p2a: Morpeko\n|\n|upkeep\n|inactive|Time left: 300 sec this turn | 300 sec total | 5 sec grace\n|\n|t:|1783573135\n|switch|p2a: Minun|Minun, L95, M|268/268\n|turn|4\n|inactive|Time left: 300 sec this turn | 300 sec total\n|\n|t:|1783573136\n|switch|p1a: Pincurchin|Pincurchin, F|100/100\n|-fieldstart|move: Electric Terrain|[from] ability: Electric Surge|[of] p1a: Pincurchin\n|move|p2a: Minun|Thunderbolt|p1a: Pincurchin\n|-resisted|p1a: Pincurchin\n|-damage|p1a: Pincurchin|73/100\n|-damage|p2a: Minun|242/268|[from] item: Life Orb\n|\n|-heal|p1a: Pincurchin|79/100|[from] item: Leftovers\n|upkeep\n|turn|5\n|inactive|Time left: 300 sec this turn | 300 sec total\n|\n|t:|1783573137\n|move|p2a: Minun|Nasty Plot|p2a: Minun\n|-boost|p2a: Minun|spa|2\n|move|p1a: Pincurchin|Liquidation|p2a: Minun\n|-damage|p2a: Minun|128/268\n|\n|-heal|p1a: Pincurchin|85/100|[from] item: Leftovers\n|upkeep\n|turn|6\n|inactive|Time left: 300 sec this turn | 300 sec total\n|\n|t:|1783573138\n|move|p2a: Minun|Thunderbolt|p1a: Pincurchin\n|-resisted|p1a: Pincurchin\n|-damage|p1a: Pincurchin|33/100\n|-damage|p2a: Minun|102/268|[from] item: Life Orb\n|move|p1a: Pincurchin|Liquidation|p2a: Minun\n|-damage|p2a: Minun|0 fnt\n|faint|p2a: Minun\n|\n|-heal|p1a: Pincurchin|39/100|[from] item: Leftovers\n|upkeep\n|inactive|Time left: 300 sec this turn | 300 sec total | 5 sec grace\n|\n|t:|1783573139\n|switch|p2a: Chandelure|Chandelure, L83, M|235/235\n|turn|7\n|inactive|Time left: 300 sec this turn | 300 sec total\n|\n|t:|1783573140\n|switch|p1a: Azumarill|Azumarill, L82, F|77/100\n|move|p2a: Chandelure|Shadow Ball|p1a: Azumarill\n|-damage|p1a: Azumarill|34/100\n|\n|upkeep\n|turn|8\n|inactive|Time left: 300 sec this turn | 300 sec total\n|\n|t:|1783573142\n|move|p1a: Azumarill|Aqua Jet|p2a: Chandelure\n|-supereffective|p2a: Chandelure\n|-damage|p2a: Chandelure|91/235\n|move|p2a: Chandelure|Shadow Ball|p1a: Azumarill\n|-damage|p1a: Azumarill|0 fnt\n|faint|p1a: Azumarill\n|\n|-fieldend|move: Electric Terrain\n|upkeep\n|\n|t:|1783573143\n|switch|p1a: Regice|Regice, L88|100/100\n|turn|9\n|inactive|Time left: 300 sec this turn | 300 sec total\n|\n|t:|1783573144\n|move|p2a: Chandelure|Calm Mind|p2a: Chandelure\n|-boost|p2a: Chandelure|spa|1\n|-boost|p2a: Chandelure|spd|1\n|move|p1a: Regice|Ice Beam|p2a: Chandelure\n|-resisted|p2a: Chandelure\n|-crit|p2a: Chandelure\n|-damage|p2a: Chandelure|11/235\n|\n|upkeep\n|turn|10\n|inactive|Time left: 300 sec this turn | 300 sec total\n|\n|t:|1783573145\n|switch|p1a: Mewtwo|Mewtwo, L72|34/100\n|-ability|p1a: Mewtwo|Unnerve\n|move|p2a: Chandelure|Fire Blast|p1a: Mewtwo\n|-damage|p1a: Mewtwo|0 fnt\n|faint|p1a: Mewtwo\n|\n|upkeep\n|\n|t:|1783573146\n|switch|p1a: Pecharunt|Pecharunt, L77|100/100\n|turn|11\n|inactive|Time left: 300 sec this turn | 300 sec total\n|\n|t:|1783573147\n|move|p2a: Chandelure|Shadow Ball|p1a: Pecharunt\n|-supereffective|p1a: Pecharunt\n|-damage|p1a: Pecharunt|0 fnt\n|faint|p1a: Pecharunt\n|\n|upkeep\n|\n|t:|1783573148\n|switch|p1a: Regice|Regice, L88|100/100\n|turn|12\n|inactive|Time left: 300 sec this turn | 300 sec total\n|\n|t:|1783573148\n|move|p2a: Chandelure|Fire Blast|p1a: Regice\n|-supereffective|p1a: Regice\n|-damage|p1a: Regice|18/100\n|move|p1a: Regice|Ice Beam|p2a: Chandelure\n|-resisted|p2a: Chandelure\n|-damage|p2a: Chandelure|0 fnt\n|faint|p2a: Chandelure\n|\n|upkeep\n|inactive|Time left: 300 sec this turn | 300 sec total | 5 sec grace\n|\n|t:|1783573149\n|switch|p2a: Alcremie|Alcremie-Salted-Cream, L90, F|263/263\n|turn|13\n|inactive|Time left: 300 sec this turn | 300 sec total\n|\n|t:|1783573150\n|switch|p1a: Arcanine|Arcanine, L84, F|100/100\n|-ability|p1a: Arcanine|Intimidate|boost\n|-unboost|p2a: Alcremie|atk|1\n|move|p2a: Alcremie|Calm Mind|p2a: Alcremie\n|-boost|p2a: Alcremie|spa|1\n|-boost|p2a: Alcremie|spd|1\n|\n|upkeep\n|turn|14\n|inactive|Time left: 300 sec this turn | 300 sec total\n|\n|t:|1783573150\n|-terastallize|p2a: Alcremie|Ground\n|move|p1a: Arcanine|Flare Blitz|p2a: Alcremie\n|-damage|p2a: Alcremie|109/263\n|-damage|p1a: Arcanine|83/100|[from] Recoil\n|move|p2a: Alcremie|Tera Blast|p1a: Arcanine|[anim] Tera Blast Ground\n|-supereffective|p1a: Arcanine\n|-damage|p1a: Arcanine|0 fnt\n|faint|p1a: Arcanine\n|\n|-heal|p2a: Alcremie|125/263|[from] item: Leftovers\n|upkeep\n|\n|t:|1783573151\n|switch|p1a: Regice|Regice, L88|18/100\n|turn|15\n|inactive|Time left: 300 sec this turn | 300 sec total\n|\n|t:|1783573152\n|move|p2a: Alcremie|Tera Blast|p1a: Regice|[anim] Tera Blast Ground\n|-crit|p1a: Regice\n|-damage|p1a: Regice|0 fnt\n|faint|p1a: Regice\n|\n|-heal|p2a: Alcremie|141/263|[from] item: Leftovers\n|upkeep\n|\n|t:|1783573152\n|switch|p1a: Pincurchin|Pincurchin, F|39/100\n|-fieldstart|move: Electric Terrain|[from] ability: Electric Surge|[of] p1a: Pincurchin\n|turn|16\n|inactive|Time left: 300 sec this turn | 300 sec total\n|\n|t:|1783573153\n|move|p2a: Alcremie|Alluring Voice|p1a: Pincurchin\n|-crit|p1a: Pincurchin\n|-damage|p1a: Pincurchin|0 fnt\n|faint|p1a: Pincurchin\n|\n|win|p0y2962456a", "uploadtime": 1783573153, "views": 0, "rating": 0, "private": 0, "password": null, "_winner": "p0y2962456a", "_our_name": "p0y2962456a"}