{"id": "battle-gen9randombattle-1049", "formatid": "gen9randombattle", "format": "[Gen 9] Random Battle", "players": ["p0x1049c8a3", "p0y10497f2e"], "log": "|init|battle\n|title|p0x1049c8a3 vs. p0y10497f2e\n|j|\u2606p0x1049c8a3\n|j|\u2606p0y10497f2e\n|t:|1783552065\n|gametype|singles\n|player|p1|p0x1049c8a3|1|\n|player|p2|p0y10497f2e|1|\n|gen|9\n|tier|[Gen 9] Random Battle\n|rule|Species Clause: Limit one of each Pok\u00e9mon\n|rule|HP Percentage Mod: HP is shown in percentages\n|rule|Sleep Clause Mod: Limit one foe put to sleep\n|rule|Illusion Level Mod: Illusion disguises the Pok\u00e9mon's true level\n|\n|t:|1783552065\n|teamsize|p1|6\n|teamsize|p2|6\n|start\n|switch|p1a: Deoxys|Deoxys, L74|100/100\n|switch|p2a: Houndoom|Houndoom, L87, F|272/272\n|-ability|p1a: Deoxys|Pressure\n|turn|1\n|inactive|Battle timer is ON: inactive players will automatically lose when time's up. (requested by p0y10497f2e)\n|inactive|p0x1049c8a3 also wants the timer to be on.\n|\n|t:|1783552066\n|move|p2a: Houndoom|Sucker Punch|p1a: Deoxys\n|-supereffective|p1a: Deoxys\n|-damage|p1a: Deoxys|0 fnt\n|faint|p1a: Deoxys\n|\n|upkeep\n|\n|t:|1783552067\n|switch|p1a: Roaring Moon|Roaring Moon, L72|100/100\n|turn|2\n|inactive|Time left: 300 sec this turn | 300 sec total\n|\n|t:|1783552068\n|switch|p2a: Mimikyu|Mimikyu, L79, F, shiny|216/216\n|move|p1a: Roaring Moon|Outrage|p2a: Mimikyu\n|-immune|p2a: Mimikyu\n|\n|upkeep\n|turn|3\n|inactive|Time left: 300 sec this turn | 300 sec total\n|\n|t:|1783552069\n|move|p1a: Roaring Moon|Outrage|p2a: Mimikyu\n|-immune|p2a: Mimikyu\n|move|p2a: Mimikyu|Swords Dance|p2a: Mimikyu\n|-boost|p2a: Mimikyu|atk|2\n|\n|upkeep\n|turn|4\n|inactive|Time left: 300 sec this turn | 300 sec total\n|\n|t:|1783552070\n|move|p1a: Roaring Moon|Outrage|p2a: Mimikyu\n|-immune|p2a: Mimikyu\n|move|p2a: Mimikyu|Drain Punch|p1a: Roaring Moon\n|-supereffective|p1a: Roaring Moon\n|-damage|p1a: Roaring Moon|0 fnt\n|faint|p1a: Roaring Moon\n|-end|p1a: Roaring Moon|Protosynthesis|[silent]\n|-damage|p2a: Mimikyu|195/216|[from] item: Life Orb\n|\n|upkeep\n|\n|t:|1783552070\n|switch|p1a: Magearna|Magearna, L77|100/100\n|turn|5\n|inactive|Time left: 300 sec this turn | 300 sec total\n|\n|t:|1783552071\n|move|p2a: Mimikyu|Swords Dance|p2a: Mimikyu\n|-boost|p2a: Mimikyu|atk|2\n|move|p1a: Magearna|Flash Cannon|p2a: Mimikyu\n|-activate|p2a: Mimikyu|ability: Disguise\n|-damage|p2a: Mimikyu|195/216\n|detailschange|p2a: Mimikyu|Mimikyu-Busted, L79, F, shiny\n|-damage|p2a: Mimikyu|168/216|[from] pokemon: Mimikyu-Busted\n|\n|upkeep\n|turn|6\n|inactive|Time left: 300 sec this turn | 300 sec total\n|\n|t:|1783552072\n|move|p2a: Mimikyu|Drain Punch|p1a: Magearna\n|-damage|p1a: Magearna|38/100\n|-heal|p2a: Mimikyu|216/216|[from] drain|[of] p1a: Magearna\n|-damage|p2a: Mimikyu|195/216|[from] item: Life Orb\n|move|p1a: Magearna|Flash Cannon|p2a: Mimikyu\n|-supereffective|p2a: Mimikyu\n|-damage|p2a: Mimikyu|37/216\n|\n|-heal|p1a: Magearna|44/100|[from] item: Leftovers\n|upkeep\n|turn|7\n|inactive|Time left: 300 sec this turn | 300 sec total\n|\n|t:|1783552073\n|move|p2a: Mimikyu|Drain Punch|p1a: Magearna\n|-damage|p1a: Magearna|0 fnt\n|-heal|p2a: Mimikyu|91/216|[from] drain|[of] p1a: Magearna\n|faint|p1a: Magearna\n|-damage|p2a: Mimikyu|70/216|[from] item: Life Orb\n|\n|upkeep\n|\n|t:|1783552074\n|switch|p1a: Sunflora|Sunflora, M|100/100\n|turn|8\n|inactive|Time left: 300 sec this turn | 300 sec total\n|\n|t:|1783552075\n|-terastallize|p1a: Sunflora|Poison\n|move|p2a: Mimikyu|Play Rough|p1a: Sunflora\n|-resisted|p1a: Sunflora\n|-damage|p1a: Sunflora|47/100\n|-damage|p2a: Mimikyu|49/216|[from] item: Life Orb\n|move|p1a: Sunflora|Sludge Bomb|p2a: Mimikyu\n|-damage|p2a: Mimikyu|0 fnt\n|faint|p2a: Mimikyu\n|\n|upkeep\n|inactive|Time left: 300 sec this turn | 300 sec total | 5 sec grace\n|\n|t:|1783552076\n|switch|p2a: Hoopa|Hoopa, L85|275/275\n|turn|9\n|inactive|Time left: 300 sec this turn | 300 sec total\n|\n|t:|1783552078\n|switch|p1a: Mandibuzz|Mandibuzz, L85, F|100/100\n|move|p2a: Hoopa|Psyshock|p1a: Mandibuzz\n|-immune|p1a: Mandibuzz\n|\n|upkeep\n|turn|10\n|inactive|Time left: 300 sec this turn | 300 sec total\n|\n|t:|1783552079\n|switch|p2a: Klefki|Klefki, L84, M|233/233\n|move|p1a: Mandibuzz|Foul Play|p2a: Klefki\n|-resisted|p2a: Klefki\n|-damage|p2a: Klefki|185/233\n|\n|-heal|p2a: Klefki|199/233|[from] item: Leftovers\n|upkeep\n|turn|11\n|inactive|Time left: 300 sec this turn | 300 sec total\n|\n|t:|1783552080\n|switch|p1a: Sunflora|Sunflora, M, tera:Poison|47/100\n|move|p2a: Klefki|Play Rough|p1a: Sunflora\n|-resisted|p1a: Sunflora\n|-damage|p1a: Sunflora|32/100\n|\n|-heal|p2a: Klefki|213/233|[from] item: Leftovers\n|upkeep\n|turn|12\n|inactive|Time left: 300 sec this turn | 300 sec total\n|\n|t:|1783552081\n|move|p2a: Klefki|Thunder Wave|p1a: Sunflora\n|-status|p1a: Sunflora|par\n|move|p1a: Sunflora|Earth Power|p2a: Klefki\n|-supereffective|p2a: Klefki\n|-crit|p2a: Klefki\n|-damage|p2a: Klefki|0 fnt\n|faint|p2a: Klefki\n|\n|upkeep\n|inactive|Time left: 300 sec this turn | 300 sec total | 5 sec grace\n|\n|t:|1783552082\n|switch|p2a: Squawkabilly|Squawkabilly, L85, F|278/278\n|turn|13\n|inactive|Time left: 300 sec this turn | 300 sec total\n|\n|t:|1783552083\n|switch|p1a: Piloswine|Piloswine, L85, M|100/100\n|move|p2a: Squawkabilly|Brave Bird|p1a: Piloswine\n|-damage|p1a: Piloswine|72/100\n|-damage|p2a: Squawkabilly|249/278|[from] Recoil\n|\n|-status|p2a: Squawkabilly|brn|[from] item: Flame Orb\n|upkeep\n|turn|14\n|inactive|Time left: 300 sec this turn | 300 sec total\n|\n|t:|1783552084\n|-terastallize|p2a: Squawkabilly|Normal\n|move|p2a: Squawkabilly|Facade|p1a: Piloswine\n|-damage|p1a: Piloswine|0 fnt\n|faint|p1a: Piloswine\n|\n|-damage|p2a: Squawkabilly|232/278 brn|[from] brn\n|upkeep\n|\n|t:|1783552085\n|switch|p1a: Sunflora|Sunflora, M, tera:Poison|32/100 par\n|turn|15\n|inactive|Time left: 300 sec this turn | 300 sec total\n|\n|t:|1783552086\n|move|p2a: Squawkabilly|Facade|p1a: Sunflora\n|-damage|p1a: Sunflora|0 fnt\n|faint|p1a: Sunflora\n|\n|-damage|p2a: Squawkabilly|215/278 brn|[from] brn\n|upkeep\n|\n|t:|1783552087\n|switch|p1a: Mandibuzz|Mandibuzz, L85, F|100/100\n|turn|16\n|inactive|Time left: 300 sec this turn | 300 sec total\n|\n|t:|1783552088\n|move|p2a: Squawkabilly|Facade|p1a: Mandibuzz\n|-damage|p1a: Mandibuzz|20/100\n|move|p1a: Mandibuzz|Roost|p1a: Mandibuzz\n|-heal|p1a: Mandibuzz|70/100\n|-singleturn|p1a: Mandibuzz|move: Roost\n|\n|-damage|p2a: Squawkabilly|198/278 brn|[from] brn\n|upkeep\n|turn|17\n|inactive|Time left: 300 sec this turn | 300 sec total\n|\n|t:|1783552089\n|move|p2a: Squawkabilly|Facade|p1a: Mandibuzz\n|-damage|p1a: Mandibuzz|0 fnt\n|faint|p1a: Mandibuzz\n|\n|win|p0y10497f2e", "uploadtime": 1783552089, "views": 0, "rating": 0, "private": 0, "password": null, "_winner": "p0y10497f2e", "_our_name": "p0y10497f2e"}