{"id": "battle-gen9randombattle-700", "formatid": "gen9randombattle", "format": "[Gen 9] Random Battle", "players": ["p0x700edb0", "p0y700d2e4"], "log": "|init|battle\n|title|p0x700edb0 vs. p0y700d2e4\n|j|\u2606p0x700edb0\n|j|\u2606p0y700d2e4\n|t:|1783547245\n|gametype|singles\n|player|p1|p0x700edb0|1|\n|player|p2|p0y700d2e4|266|\n|gen|9\n|tier|[Gen 9] Random Battle\n|rule|Species Clause: Limit one of each Pok\u00e9mon\n|rule|HP Percentage Mod: HP is shown in percentages\n|rule|Sleep Clause Mod: Limit one foe put to sleep\n|rule|Illusion Level Mod: Illusion disguises the Pok\u00e9mon's true level\n|\n|t:|1783547245\n|teamsize|p1|6\n|teamsize|p2|6\n|start\n|switch|p1a: Munkidori|Munkidori, L79, M|269/269\n|switch|p2a: Magcargo|Magcargo, L95, F|100/100\n|turn|1\n|inactive|Battle timer is ON: inactive players will automatically lose when time's up. (requested by p0x700edb0)\n|\n|t:|1783547247\n|move|p1a: Munkidori|Psychic Noise|p2a: Magcargo\n|-damage|p2a: Magcargo|71/100\n|-start|p2a: Magcargo|move: Heal Block\n|move|p2a: Magcargo|Stealth Rock|p1a: Munkidori\n|-sidestart|p1: p0x700edb0|move: Stealth Rock\n|\n|upkeep\n|turn|2\n|inactive|Time left: 300 sec this turn | 300 sec total\n|inactive|p0y700d2e4 also wants the timer to be on.\n|\n|t:|1783547248\n|move|p1a: Munkidori|Sludge Wave|p2a: Magcargo\n|-resisted|p2a: Magcargo\n|-damage|p2a: Magcargo|49/100\n|move|p2a: Magcargo|Lava Plume|p1a: Munkidori\n|-damage|p1a: Munkidori|196/269\n|\n|-end|p2a: Magcargo|move: Heal Block\n|upkeep\n|turn|3\n|inactive|Time left: 300 sec this turn | 300 sec total\n|\n|t:|1783547250\n|move|p1a: Munkidori|Psychic Noise|p2a: Magcargo\n|-damage|p2a: Magcargo|19/100\n|-start|p2a: Magcargo|move: Heal Block\n|-status|p2a: Magcargo|tox|[from] ability: Toxic Chain|[of] p1a: Munkidori\n|move|p2a: Magcargo|Lava Plume|p1a: Munkidori\n|-damage|p1a: Munkidori|126/269\n|\n|-damage|p2a: Magcargo|13/100 tox|[from] psn\n|upkeep\n|turn|4\n|inactive|Time left: 300 sec this turn | 300 sec total\n|\n|t:|1783547251\n|move|p1a: Munkidori|Sludge Wave|p2a: Magcargo\n|-resisted|p2a: Magcargo\n|-damage|p2a: Magcargo|0 fnt\n|faint|p2a: Magcargo\n|\n|upkeep\n|\n|t:|1783547252\n|switch|p2a: Torterra|Torterra, L78, F|100/100\n|turn|5\n|inactive|Time left: 300 sec this turn | 300 sec total\n|\n|t:|1783547253\n|move|p1a: Munkidori|Sludge Wave|p2a: Torterra\n|-damage|p2a: Torterra|59/100\n|move|p2a: Torterra|Shell Smash|p2a: Torterra\n|-unboost|p2a: Torterra|def|1\n|-unboost|p2a: Torterra|spd|1\n|-boost|p2a: Torterra|atk|2\n|-boost|p2a: Torterra|spa|2\n|-boost|p2a: Torterra|spe|2\n|\n|upkeep\n|turn|6\n|inactive|Time left: 300 sec this turn | 300 sec total\n|\n|t:|1783547254\n|move|p2a: Torterra|Bullet Seed|p1a: Munkidori\n|-resisted|p1a: Munkidori\n|-damage|p1a: Munkidori|93/269\n|-resisted|p1a: Munkidori\n|-damage|p1a: Munkidori|60/269\n|-resisted|p1a: Munkidori\n|-damage|p1a: Munkidori|29/269\n|-resisted|p1a: Munkidori\n|-damage|p1a: Munkidori|0 fnt\n|faint|p1a: Munkidori\n|-hitcount|p1: Munkidori|4\n|\n|upkeep\n|inactive|Time left: 300 sec this turn | 300 sec total | 5 sec grace\n|\n|t:|1783547255\n|switch|p1a: Arceus|Arceus-Ghost, L69|280/280\n|-damage|p1a: Arceus|245/280|[from] Stealth Rock\n|turn|7\n|inactive|Time left: 300 sec this turn | 300 sec total\n|\n|t:|1783547256\n|-terastallize|p2a: Torterra|Ground\n|move|p2a: Torterra|Headlong Rush|p1a: Arceus\n|-damage|p1a: Arceus|0 fnt\n|-unboost|p2a: Torterra|def|1\n|-unboost|p2a: Torterra|spd|1\n|faint|p1a: Arceus\n|\n|upkeep\n|inactive|Time left: 300 sec this turn | 300 sec total | 5 sec grace\n|\n|t:|1783547257\n|switch|p1a: Noivern|Noivern, L82, M|274/274\n|-damage|p1a: Noivern|206/274|[from] Stealth Rock\n|turn|8\n|inactive|Time left: 300 sec this turn | 300 sec total\n|\n|t:|1783547259\n|move|p2a: Torterra|Rock Blast|p1a: Noivern\n|-supereffective|p1a: Noivern\n|-damage|p1a: Noivern|128/274\n|-supereffective|p1a: Noivern\n|-damage|p1a: Noivern|46/274\n|-supereffective|p1a: Noivern\n|-damage|p1a: Noivern|0 fnt\n|faint|p1a: Noivern\n|-hitcount|p1: Noivern|3\n|\n|upkeep\n|inactive|Time left: 300 sec this turn | 300 sec total | 5 sec grace\n|\n|t:|1783547259\n|switch|p1a: Vileplume|Vileplume, L85, M|266/266\n|-damage|p1a: Vileplume|233/266|[from] Stealth Rock\n|turn|9\n|inactive|Time left: 300 sec this turn | 300 sec total\n|\n|t:|1783547260\n|move|p2a: Torterra|Headlong Rush|p1a: Vileplume\n|-damage|p1a: Vileplume|0 fnt\n|-unboost|p2a: Torterra|def|1\n|-unboost|p2a: Torterra|spd|1\n|-status|p2a: Torterra|slp|[from] ability: Effect Spore|[of] p1a: Vileplume\n|faint|p1a: Vileplume\n|\n|upkeep\n|inactive|Time left: 300 sec this turn | 300 sec total | 5 sec grace\n|\n|t:|1783547262\n|switch|p1a: Chi-Yu|Chi-Yu, L77|211/211\n|-ability|p1a: Chi-Yu|Beads of Ruin\n|turn|10\n|inactive|Time left: 300 sec this turn | 300 sec total\n|\n|t:|1783547263\n|cant|p2a: Torterra|slp\n|move|p1a: Chi-Yu|Fire Blast|p2a: Torterra\n|-damage|p2a: Torterra|0 fnt\n|faint|p2a: Torterra\n|\n|upkeep\n|\n|t:|1783547264\n|switch|p2a: Kommo-o|Kommo-o, L77, M|100/100\n|turn|11\n|inactive|Time left: 300 sec this turn | 300 sec total\n|\n|t:|1783547265\n|move|p1a: Chi-Yu|Psychic|p2a: Kommo-o\n|-supereffective|p2a: Kommo-o\n|-damage|p2a: Kommo-o|32/100\n|move|p2a: Kommo-o|Scale Shot|p1a: Chi-Yu\n|-crit|p1a: Chi-Yu\n|-damage|p1a: Chi-Yu|169/211\n|-damage|p1a: Chi-Yu|141/211\n|-damage|p1a: Chi-Yu|110/211\n|-damage|p1a: Chi-Yu|80/211\n|-damage|p1a: Chi-Yu|53/211\n|-hitcount|p1a: Chi-Yu|5\n|-unboost|p2a: Kommo-o|def|1\n|-boost|p2a: Kommo-o|spe|1\n|\n|upkeep\n|turn|12\n|inactive|Time left: 300 sec this turn | 300 sec total\n|\n|t:|1783547266\n|move|p2a: Kommo-o|Scale Shot|p1a: Chi-Yu\n|-damage|p1a: Chi-Yu|25/211\n|-damage|p1a: Chi-Yu|0 fnt\n|faint|p1a: Chi-Yu\n|-hitcount|p1: Chi-Yu|2\n|-unboost|p2a: Kommo-o|def|1\n|-boost|p2a: Kommo-o|spe|1\n|\n|upkeep\n|inactive|Time left: 300 sec this turn | 300 sec total | 5 sec grace\n|\n|t:|1783547267\n|switch|p1a: Lycanroc|Lycanroc, L86, M|269/269\n|-damage|p1a: Lycanroc|236/269|[from] Stealth Rock\n|turn|13\n|inactive|Time left: 300 sec this turn | 300 sec total\n|\n|t:|1783547268\n|-terastallize|p1a: Lycanroc|Fighting\n|move|p2a: Kommo-o|Close Combat|p1a: Lycanroc\n|-damage|p1a: Lycanroc|85/269\n|-unboost|p2a: Kommo-o|def|1\n|-unboost|p2a: Kommo-o|spd|1\n|move|p1a: Lycanroc|Crunch|p2a: Kommo-o\n|-resisted|p2a: Kommo-o\n|-damage|p2a: Kommo-o|0 fnt\n|faint|p2a: Kommo-o\n|-damage|p1a: Lycanroc|59/269|[from] item: Life Orb\n|\n|upkeep\n|\n|t:|1783547269\n|switch|p2a: Wigglytuff|Wigglytuff, L96, F|100/100\n|turn|14\n|inactive|Time left: 300 sec this turn | 300 sec total\n|\n|t:|1783547270\n|move|p1a: Lycanroc|Crunch|p2a: Wigglytuff\n|-resisted|p2a: Wigglytuff\n|-damage|p2a: Wigglytuff|86/100\n|-damage|p1a: Lycanroc|33/269|[from] item: Life Orb\n|move|p2a: Wigglytuff|Dazzling Gleam|p1a: Lycanroc\n|-supereffective|p1a: Lycanroc\n|-damage|p1a: Lycanroc|0 fnt\n|faint|p1a: Lycanroc\n|\n|win|p0y700d2e4", "uploadtime": 1783547270, "views": 0, "rating": 0, "private": 0, "password": null, "_winner": "p0y700d2e4", "_our_name": "p0x700edb0"}