{"id": "battle-gen9randombattle-1193", "formatid": "gen9randombattle", "format": "[Gen 9] Random Battle", "players": ["p0x11934580", "p0y1193c682"], "log": "|init|battle\n|title|p0x11934580 vs. p0y1193c682\n|j|\u2606p0x11934580\n|j|\u2606p0y1193c682\n|t:|1783553818\n|gametype|singles\n|player|p1|p0x11934580|265|\n|player|p2|p0y1193c682|102|\n|gen|9\n|tier|[Gen 9] Random Battle\n|rule|Species Clause: Limit one of each Pok\u00e9mon\n|rule|HP Percentage Mod: HP is shown in percentages\n|rule|Sleep Clause Mod: Limit one foe put to sleep\n|rule|Illusion Level Mod: Illusion disguises the Pok\u00e9mon's true level\n|\n|t:|1783553818\n|teamsize|p1|6\n|teamsize|p2|6\n|start\n|switch|p1a: Torterra|Torterra, L78, M|100/100\n|switch|p2a: Regigigas|Regigigas, L84|322/322\n|-start|p2a: Regigigas|ability: Slow Start\n|turn|1\n|inactive|Battle timer is ON: inactive players will automatically lose when time's up. (requested by p0x11934580)\n|inactive|Time left: 300 sec this turn | 300 sec total | 60 sec grace\n|inactive|p0y1193c682 also wants the timer to be on.\n|\n|t:|1783553820\n|move|p1a: Torterra|Shell Smash|p1a: Torterra\n|-unboost|p1a: Torterra|def|1\n|-unboost|p1a: Torterra|spd|1\n|-boost|p1a: Torterra|atk|2\n|-boost|p1a: Torterra|spa|2\n|-boost|p1a: Torterra|spe|2\n|move|p2a: Regigigas|Body Slam|p1a: Torterra\n|-damage|p1a: Torterra|64/100\n|\n|upkeep\n|turn|2\n|inactive|Time left: 300 sec this turn | 300 sec total\n|\n|t:|1783553821\n|move|p1a: Torterra|Bullet Seed|p2a: Regigigas\n|-damage|p2a: Regigigas|279/322\n|-damage|p2a: Regigigas|234/322\n|-damage|p2a: Regigigas|191/322\n|-damage|p2a: Regigigas|146/322\n|-damage|p2a: Regigigas|98/322\n|-hitcount|p2a: Regigigas|5\n|move|p2a: Regigigas|Knock Off|p1a: Torterra\n|-damage|p1a: Torterra|38/100\n|-enditem|p1a: Torterra|Loaded Dice|[from] move: Knock Off|[of] p2a: Regigigas\n|\n|-heal|p2a: Regigigas|118/322|[from] item: Leftovers\n|upkeep\n|turn|3\n|inactive|Time left: 300 sec this turn | 300 sec total\n|\n|t:|1783553822\n|move|p1a: Torterra|Headlong Rush|p2a: Regigigas\n|-damage|p2a: Regigigas|0 fnt\n|-unboost|p1a: Torterra|def|1\n|-unboost|p1a: Torterra|spd|1\n|faint|p2a: Regigigas\n|-end|p2a: Regigigas|Slow Start|[silent]\n|\n|upkeep\n|inactive|Time left: 300 sec this turn | 300 sec total | 5 sec grace\n|\n|t:|1783553823\n|switch|p2a: Zamazenta|Zamazenta, L71|248/248\n|-ability|p2a: Zamazenta|Dauntless Shield|boost\n|-boost|p2a: Zamazenta|def|1\n|turn|4\n|inactive|Time left: 300 sec this turn | 300 sec total\n|\n|t:|1783553824\n|move|p1a: Torterra|Headlong Rush|p2a: Zamazenta\n|-damage|p2a: Zamazenta|88/248\n|-unboost|p1a: Torterra|def|1\n|-unboost|p1a: Torterra|spd|1\n|move|p2a: Zamazenta|Body Press|p1a: Torterra\n|-damage|p1a: Torterra|0 fnt\n|faint|p1a: Torterra\n|\n|-heal|p2a: Zamazenta|103/248|[from] item: Leftovers\n|upkeep\n|\n|t:|1783553825\n|switch|p1a: Magnezone|Magnezone, L85|100/100\n|turn|5\n|inactive|Time left: 300 sec this turn | 300 sec total\n|\n|t:|1783553826\n|move|p2a: Zamazenta|Body Press|p1a: Magnezone\n|-supereffective|p1a: Magnezone\n|-damage|p1a: Magnezone|33/100\n|move|p1a: Magnezone|Thunderbolt|p2a: Zamazenta\n|-damage|p2a: Zamazenta|0 fnt\n|faint|p2a: Zamazenta\n|\n|upkeep\n|inactive|Time left: 300 sec this turn | 300 sec total | 5 sec grace\n|\n|t:|1783553827\n|switch|p2a: Dragapult|Dragapult, L77, M|262/262\n|turn|6\n|inactive|Time left: 300 sec this turn | 300 sec total\n|\n|t:|1783553829\n|move|p2a: Dragapult|Shadow Ball|p1a: Magnezone\n|-damage|p1a: Magnezone|0 fnt\n|faint|p1a: Magnezone\n|\n|upkeep\n|\n|t:|1783553829\n|switch|p1a: Abomasnow|Abomasnow, L84, F|100/100\n|-weather|Snowscape|[from] ability: Snow Warning|[of] p1a: Abomasnow\n|turn|7\n|inactive|Time left: 300 sec this turn | 300 sec total\n|\n|t:|1783553831\n|move|p2a: Dragapult|Shadow Ball|p1a: Abomasnow\n|-damage|p1a: Abomasnow|59/100\n|-unboost|p1a: Abomasnow|spd|1\n|move|p1a: Abomasnow|Aurora Veil|p1a: Abomasnow\n|-sidestart|p1: p0x11934580|move: Aurora Veil\n|\n|-weather|Snowscape|[upkeep]\n|upkeep\n|turn|8\n|inactive|Time left: 300 sec this turn | 300 sec total\n|\n|t:|1783553832\n|move|p2a: Dragapult|Shadow Ball|p1a: Abomasnow\n|-damage|p1a: Abomasnow|0 fnt\n|faint|p1a: Abomasnow\n|\n|-weather|Snowscape|[upkeep]\n|upkeep\n|\n|t:|1783553833\n|switch|p1a: Minun|Minun, L95, M|100/100\n|turn|9\n|inactive|Time left: 300 sec this turn | 300 sec total\n|\n|t:|1783553834\n|move|p2a: Dragapult|Shadow Ball|p1a: Minun\n|-damage|p1a: Minun|64/100\n|move|p1a: Minun|Nasty Plot|p1a: Minun\n|-boost|p1a: Minun|spa|2\n|\n|-weather|Snowscape|[upkeep]\n|upkeep\n|turn|10\n|inactive|Time left: 300 sec this turn | 300 sec total\n|\n|t:|1783553835\n|move|p2a: Dragapult|Shadow Ball|p1a: Minun\n|-damage|p1a: Minun|25/100\n|move|p1a: Minun|Alluring Voice|p2a: Dragapult\n|-supereffective|p2a: Dragapult\n|-damage|p2a: Dragapult|0 fnt\n|faint|p2a: Dragapult\n|-damage|p1a: Minun|15/100|[from] item: Life Orb\n|\n|-weather|Snowscape|[upkeep]\n|upkeep\n|inactive|Time left: 300 sec this turn | 300 sec total | 5 sec grace\n|\n|t:|1783553836\n|switch|p2a: Spectrier|Spectrier, L75|274/274\n|turn|11\n|inactive|Time left: 300 sec this turn | 300 sec total\n|\n|t:|1783553837\n|switch|p1a: Zamazenta|Zamazenta, L71|100/100\n|-ability|p1a: Zamazenta|Dauntless Shield|boost\n|-boost|p1a: Zamazenta|def|1\n|move|p2a: Spectrier|Shadow Ball|p1a: Zamazenta\n|-damage|p1a: Zamazenta|77/100\n|-unboost|p1a: Zamazenta|spd|1\n|-damage|p2a: Spectrier|247/274|[from] item: Life Orb\n|\n|-weather|none\n|-heal|p1a: Zamazenta|83/100|[from] item: Leftovers\n|upkeep\n|turn|12\n|inactive|Time left: 300 sec this turn | 300 sec total\n|\n|t:|1783553838\n|switch|p1a: Vaporeon|Vaporeon, L86, M|100/100\n|move|p2a: Spectrier|Will-O-Wisp|p1a: Vaporeon\n|-status|p1a: Vaporeon|brn\n|\n|-damage|p1a: Vaporeon|94/100 brn|[from] brn\n|upkeep\n|turn|13\n|inactive|Time left: 300 sec this turn | 300 sec total\n|\n|t:|1783553839\n|move|p2a: Spectrier|Nasty Plot|p2a: Spectrier\n|-boost|p2a: Spectrier|spa|2\n|move|p1a: Vaporeon|Scald|p2a: Spectrier\n|-crit|p2a: Spectrier\n|-damage|p2a: Spectrier|70/274\n|-status|p2a: Spectrier|brn\n|\n|-heal|p1a: Vaporeon|100/100 brn|[from] item: Leftovers\n|-damage|p2a: Spectrier|53/274 brn|[from] brn\n|-damage|p1a: Vaporeon|94/100 brn|[from] brn\n|upkeep\n|turn|14\n|inactive|Time left: 300 sec this turn | 300 sec total\n|\n|t:|1783553840\n|move|p2a: Spectrier|Shadow Ball|p1a: Vaporeon\n|-damage|p1a: Vaporeon|63/100 brn\n|-unboost|p1a: Vaporeon|spd|1\n|-damage|p2a: Spectrier|26/274 brn|[from] item: Life Orb\n|move|p1a: Vaporeon|Scald|p2a: Spectrier\n|-damage|p2a: Spectrier|0 fnt\n|faint|p2a: Spectrier\n|\n|-heal|p1a: Vaporeon|69/100 brn|[from] item: Leftovers\n|-damage|p1a: Vaporeon|63/100 brn|[from] brn\n|-sideend|p1: p0x11934580|move: Aurora Veil\n|upkeep\n|inactive|Time left: 300 sec this turn | 300 sec total | 5 sec grace\n|\n|t:|1783553841\n|switch|p2a: Dunsparce|Dunsparce, L86, M|312/312\n|turn|15\n|inactive|Time left: 300 sec this turn | 300 sec total\n|\n|t:|1783553842\n|move|p1a: Vaporeon|Scald|p2a: Dunsparce\n|-damage|p2a: Dunsparce|225/312\n|move|p2a: Dunsparce|Coil|p2a: Dunsparce\n|-boost|p2a: Dunsparce|atk|1\n|-boost|p2a: Dunsparce|def|1\n|-boost|p2a: Dunsparce|accuracy|1\n|\n|-heal|p1a: Vaporeon|69/100 brn|[from] item: Leftovers\n|-damage|p1a: Vaporeon|63/100 brn|[from] brn\n|upkeep\n|turn|16\n|inactive|Time left: 300 sec this turn | 300 sec total\n|\n|t:|1783553843\n|move|p1a: Vaporeon|Haze|p1a: Vaporeon\n|-clearallboost\n|move|p2a: Dunsparce|Coil|p2a: Dunsparce\n|-boost|p2a: Dunsparce|atk|1\n|-boost|p2a: Dunsparce|def|1\n|-boost|p2a: Dunsparce|accuracy|1\n|\n|-heal|p1a: Vaporeon|69/100 brn|[from] item: Leftovers\n|-damage|p1a: Vaporeon|63/100 brn|[from] brn\n|upkeep\n|turn|17\n|inactive|Time left: 300 sec this turn | 300 sec total\n|\n|t:|1783553844\n|move|p1a: Vaporeon|Scald|p2a: Dunsparce\n|-damage|p2a: Dunsparce|141/312\n|move|p2a: Dunsparce|Coil|p2a: Dunsparce\n|-boost|p2a: Dunsparce|atk|1\n|-boost|p2a: Dunsparce|def|1\n|-boost|p2a: Dunsparce|accuracy|1\n|\n|-heal|p1a: Vaporeon|69/100 brn|[from] item: Leftovers\n|-damage|p1a: Vaporeon|63/100 brn|[from] brn\n|upkeep\n|turn|18\n|inactive|Time left: 300 sec this turn | 300 sec total\n|\n|t:|1783553845\n|move|p1a: Vaporeon|Haze|p1a: Vaporeon\n|-clearallboost\n|move|p2a: Dunsparce|Roost|p2a: Dunsparce\n|-heal|p2a: Dunsparce|297/312\n|-singleturn|p2a: Dunsparce|move: Roost\n|\n|-heal|p1a: Vaporeon|69/100 brn|[from] item: Leftovers\n|-damage|p1a: Vaporeon|63/100 brn|[from] brn\n|upkeep\n|turn|19\n|inactive|Time left: 300 sec this turn | 300 sec total\n|\n|t:|1783553846\n|move|p1a: Vaporeon|Wish|p1a: Vaporeon\n|move|p2a: Dunsparce|Coil|p2a: Dunsparce\n|-boost|p2a: Dunsparce|atk|1\n|-boost|p2a: Dunsparce|def|1\n|-boost|p2a: Dunsparce|accuracy|1\n|\n|-heal|p1a: Vaporeon|69/100 brn|[from] item: Leftovers\n|-damage|p1a: Vaporeon|63/100 brn|[from] brn\n|upkeep\n|turn|20\n|inactive|Time left: 300 sec this turn | 300 sec total\n|\n|t:|1783553847\n|move|p1a: Vaporeon|Haze|p1a: Vaporeon\n|-clearallboost\n|move|p2a: Dunsparce|Coil|p2a: Dunsparce\n|-boost|p2a: Dunsparce|atk|1\n|-boost|p2a: Dunsparce|def|1\n|-boost|p2a: Dunsparce|accuracy|1\n|\n|-heal|p1a: Vaporeon|100/100 brn|[from] move: Wish|[wisher] Vaporeon\n|-damage|p1a: Vaporeon|94/100 brn|[from] brn\n|upkeep\n|turn|21\n|inactive|Time left: 300 sec this turn | 300 sec total\n|\n|t:|1783553848\n|move|p1a: Vaporeon|Haze|p1a: Vaporeon\n|-clearallboost\n|move|p2a: Dunsparce|Coil|p2a: Dunsparce\n|-boost|p2a: Dunsparce|atk|1\n|-boost|p2a: Dunsparce|def|1\n|-boost|p2a: Dunsparce|accuracy|1\n|\n|-heal|p1a: Vaporeon|100/100 brn|[from] item: Leftovers\n|-damage|p1a: Vaporeon|94/100 brn|[from] brn\n|upkeep\n|turn|22\n|inactive|Time left: 300 sec this turn | 300 sec total\n|\n|t:|1783553849\n|move|p1a: Vaporeon|Scald|p2a: Dunsparce\n|-damage|p2a: Dunsparce|216/312\n|-status|p2a: Dunsparce|brn\n|move|p2a: Dunsparce|Coil|p2a: Dunsparce\n|-boost|p2a: Dunsparce|atk|1\n|-boost|p2a: Dunsparce|def|1\n|-boost|p2a: Dunsparce|accuracy|1\n|\n|-heal|p1a: Vaporeon|100/100 brn|[from] item: Leftovers\n|-damage|p1a: Vaporeon|94/100 brn|[from] brn\n|-damage|p2a: Dunsparce|197/312 brn|[from] brn\n|upkeep\n|turn|23\n|inactive|Time left: 300 sec this turn | 300 sec total\n|\n|t:|1783553850\n|move|p1a: Vaporeon|Haze|p1a: Vaporeon\n|-clearallboost\n|move|p2a: Dunsparce|Roost|p2a: Dunsparce\n|-heal|p2a: Dunsparce|312/312 brn\n|-singleturn|p2a: Dunsparce|move: Roost\n|\n|-heal|p1a: Vaporeon|100/100 brn|[from] item: Leftovers\n|-damage|p1a: Vaporeon|94/100 brn|[from] brn\n|-damage|p2a: Dunsparce|293/312 brn|[from] brn\n|upkeep\n|turn|24\n|inactive|Time left: 300 sec this turn | 300 sec total\n|\n|t:|1783553851\n|move|p1a: Vaporeon|Scald|p2a: Dunsparce\n|-damage|p2a: Dunsparce|215/312 brn\n|move|p2a: Dunsparce|Coil|p2a: Dunsparce\n|-boost|p2a: Dunsparce|atk|1\n|-boost|p2a: Dunsparce|def|1\n|-boost|p2a: Dunsparce|accuracy|1\n|\n|-heal|p1a: Vaporeon|100/100 brn|[from] item: Leftovers\n|-damage|p1a: Vaporeon|94/100 brn|[from] brn\n|-damage|p2a: Dunsparce|196/312 brn|[from] brn\n|upkeep\n|turn|25\n|inactive|Time left: 300 sec this turn | 300 sec total\n|\n|t:|1783553852\n|move|p1a: Vaporeon|Haze|p1a: Vaporeon\n|-clearallboost\n|move|p2a: Dunsparce|Roost|p2a: Dunsparce\n|-heal|p2a: Dunsparce|312/312 brn\n|-singleturn|p2a: Dunsparce|move: Roost\n|\n|-heal|p1a: Vaporeon|100/100 brn|[from] item: Leftovers\n|-damage|p1a: Vaporeon|94/100 brn|[from] brn\n|-damage|p2a: Dunsparce|293/312 brn|[from] brn\n|upkeep\n|turn|26\n|inactive|Time left: 300 sec this turn | 300 sec total\n|\n|t:|1783553853\n|move|p1a: Vaporeon|Scald|p2a: Dunsparce\n|-damage|p2a: Dunsparce|206/312 brn\n|move|p2a: Dunsparce|Coil|p2a: Dunsparce\n|-boost|p2a: Dunsparce|atk|1\n|-boost|p2a: Dunsparce|def|1\n|-boost|p2a: Dunsparce|accuracy|1\n|\n|-heal|p1a: Vaporeon|100/100 brn|[from] item: Leftovers\n|-damage|p1a: Vaporeon|94/100 brn|[from] brn\n|-damage|p2a: Dunsparce|187/312 brn|[from] brn\n|upkeep\n|turn|27\n|inactive|Time left: 300 sec this turn | 300 sec total\n|\n|t:|1783553854\n|move|p1a: Vaporeon|Haze|p1a: Vaporeon\n|-clearallboost\n|move|p2a: Dunsparce|Coil|p2a: Dunsparce\n|-boost|p2a: Dunsparce|atk|1\n|-boost|p2a: Dunsparce|def|1\n|-boost|p2a: Dunsparce|accuracy|1\n|\n|-heal|p1a: Vaporeon|100/100 brn|[from] item: Leftovers\n|-damage|p1a: Vaporeon|94/100 brn|[from] brn\n|-damage|p2a: Dunsparce|168/312 brn|[from] brn\n|upkeep\n|turn|28\n|inactive|Time left: 300 sec this turn | 300 sec total\n|\n|t:|1783553855\n|move|p1a: Vaporeon|Haze|p1a: Vaporeon\n|-clearallboost\n|move|p2a: Dunsparce|Roost|p2a: Dunsparce\n|-heal|p2a: Dunsparce|312/312 brn\n|-singleturn|p2a: Dunsparce|move: Roost\n|\n|-heal|p1a: Vaporeon|100/100 brn|[from] item: Leftovers\n|-damage|p1a: Vaporeon|94/100 brn|[from] brn\n|-damage|p2a: Dunsparce|293/312 brn|[from] brn\n|upkeep\n|turn|29\n|inactive|Time left: 300 sec this turn | 300 sec total\n|\n|t:|1783553856\n|switch|p1a: Zamazenta|Zamazenta, L71|83/100\n|move|p2a: Dunsparce|Coil|p2a: Dunsparce\n|-boost|p2a: Dunsparce|atk|1\n|-boost|p2a: Dunsparce|def|1\n|-boost|p2a: Dunsparce|accuracy|1\n|\n|-heal|p1a: Zamazenta|89/100|[from] item: Leftovers\n|-damage|p2a: Dunsparce|274/312 brn|[from] brn\n|upkeep\n|turn|30\n|inactive|Time left: 300 sec this turn | 300 sec total\n|\n|t:|1783553857\n|move|p1a: Zamazenta|Iron Defense|p1a: Zamazenta\n|-boost|p1a: Zamazenta|def|2\n|move|p2a: Dunsparce|Coil|p2a: Dunsparce\n|-boost|p2a: Dunsparce|atk|1\n|-boost|p2a: Dunsparce|def|1\n|-boost|p2a: Dunsparce|accuracy|1\n|\n|-heal|p1a: Zamazenta|95/100|[from] item: Leftovers\n|-damage|p2a: Dunsparce|255/312 brn|[from] brn\n|upkeep\n|turn|31\n|inactive|Time left: 300 sec this turn | 300 sec total\n|\n|t:|1783553859\n|move|p1a: Zamazenta|Iron Defense|p1a: Zamazenta\n|-boost|p1a: Zamazenta|def|2\n|move|p2a: Dunsparce|Coil|p2a: Dunsparce\n|-boost|p2a: Dunsparce|atk|1\n|-boost|p2a: Dunsparce|def|1\n|-boost|p2a: Dunsparce|accuracy|1\n|\n|-heal|p1a: Zamazenta|100/100|[from] item: Leftovers\n|-damage|p2a: Dunsparce|236/312 brn|[from] brn\n|upkeep\n|turn|32\n|inactive|Time left: 300 sec this turn | 300 sec total\n|\n|t:|1783553860\n|move|p1a: Zamazenta|Body Press|p2a: Dunsparce\n|-supereffective|p2a: Dunsparce\n|-damage|p2a: Dunsparce|114/312 brn\n|move|p2a: Dunsparce|Roost|p2a: Dunsparce\n|-heal|p2a: Dunsparce|270/312 brn\n|-singleturn|p2a: Dunsparce|move: Roost\n|\n|-damage|p2a: Dunsparce|251/312 brn|[from] brn\n|upkeep\n|turn|33\n|inactive|Time left: 300 sec this turn | 300 sec total\n|\n|t:|1783553861\n|move|p1a: Zamazenta|Body Press|p2a: Dunsparce\n|-supereffective|p2a: Dunsparce\n|-damage|p2a: Dunsparce|113/312 brn\n|move|p2a: Dunsparce|Body Slam|p1a: Zamazenta\n|-damage|p1a: Zamazenta|88/100\n|-status|p1a: Zamazenta|par\n|\n|-heal|p1a: Zamazenta|94/100 par|[from] item: Leftovers\n|-damage|p2a: Dunsparce|94/312 brn|[from] brn\n|upkeep\n|turn|34\n|inactive|Time left: 300 sec this turn | 300 sec total\n|\n|t:|1783553862\n|move|p2a: Dunsparce|Roost|p2a: Dunsparce\n|-heal|p2a: Dunsparce|250/312 brn\n|-singleturn|p2a: Dunsparce|move: Roost\n|move|p1a: Zamazenta|Body Press|p2a: Dunsparce\n|-supereffective|p2a: Dunsparce\n|-damage|p2a: Dunsparce|122/312 brn\n|\n|-heal|p1a: Zamazenta|100/100 par|[from] item: Leftovers\n|-damage|p2a: Dunsparce|103/312 brn|[from] brn\n|upkeep\n|turn|35\n|inactive|Time left: 300 sec this turn | 300 sec total\n|\n|t:|1783553863\n|move|p2a: Dunsparce|Roost|p2a: Dunsparce\n|-heal|p2a: Dunsparce|259/312 brn\n|-singleturn|p2a: Dunsparce|move: Roost\n|move|p1a: Zamazenta|Body Press|p2a: Dunsparce\n|-supereffective|p2a: Dunsparce\n|-damage|p2a: Dunsparce|137/312 brn\n|\n|-damage|p2a: Dunsparce|118/312 brn|[from] brn\n|upkeep\n|turn|36\n|inactive|Time left: 300 sec this turn | 300 sec total\n|\n|t:|1783553864\n|move|p2a: Dunsparce|Roost|p2a: Dunsparce\n|-heal|p2a: Dunsparce|274/312 brn\n|-singleturn|p2a: Dunsparce|move: Roost\n|cant|p1a: Zamazenta|par\n|\n|-damage|p2a: Dunsparce|255/312 brn|[from] brn\n|upkeep\n|turn|37\n|inactive|Time left: 300 sec this turn | 300 sec total\n|\n|t:|1783553865\n|move|p2a: Dunsparce|Coil|p2a: Dunsparce\n|-boost|p2a: Dunsparce|atk|1\n|-boost|p2a: Dunsparce|def|1\n|-boost|p2a: Dunsparce|accuracy|1\n|move|p1a: Zamazenta|Body Press|p2a: Dunsparce\n|-supereffective|p2a: Dunsparce\n|-damage|p2a: Dunsparce|151/312 brn\n|\n|-damage|p2a: Dunsparce|132/312 brn|[from] brn\n|upkeep\n|turn|38\n|inactive|Time left: 300 sec this turn | 300 sec total\n|\n|t:|1783553866\n|-terastallize|p2a: Dunsparce|Ghost\n|move|p2a: Dunsparce|Earthquake|p1a: Zamazenta\n|-damage|p1a: Zamazenta|89/100 par\n|move|p1a: Zamazenta|Body Press|p2a: Dunsparce\n|-immune|p2a: Dunsparce\n|\n|-heal|p1a: Zamazenta|95/100 par|[from] item: Leftovers\n|-damage|p2a: Dunsparce|113/312 brn|[from] brn\n|upkeep\n|turn|39\n|inactive|Time left: 300 sec this turn | 300 sec total\n|\n|t:|1783553867\n|switch|p1a: Vaporeon|Vaporeon, L86, M|94/100 brn\n|move|p2a: Dunsparce|Earthquake|p1a: Vaporeon\n|-damage|p1a: Vaporeon|65/100 brn\n|\n|-heal|p1a: Vaporeon|71/100 brn|[from] item: Leftovers\n|-damage|p1a: Vaporeon|65/100 brn|[from] brn\n|-damage|p2a: Dunsparce|94/312 brn|[from] brn\n|upkeep\n|turn|40\n|inactive|Time left: 300 sec this turn | 300 sec total\n|\n|t:|1783553868\n|move|p1a: Vaporeon|Scald|p2a: Dunsparce\n|-damage|p2a: Dunsparce|16/312 brn\n|move|p2a: Dunsparce|Earthquake|p1a: Vaporeon\n|-damage|p1a: Vaporeon|32/100 brn\n|\n|-heal|p1a: Vaporeon|38/100 brn|[from] item: Leftovers\n|-damage|p1a: Vaporeon|32/100 brn|[from] brn\n|-damage|p2a: Dunsparce|0 fnt|[from] brn\n|faint|p2a: Dunsparce\n|upkeep\n|inactive|Time left: 300 sec this turn | 300 sec total | 5 sec grace\n|\n|t:|1783553869\n|switch|p2a: Copperajah|Copperajah, L86, M|350/350\n|turn|41\n|inactive|Time left: 300 sec this turn | 300 sec total\n|\n|t:|1783553870\n|move|p1a: Vaporeon|Scald|p2a: Copperajah\n|-damage|p2a: Copperajah|226/350\n|move|p2a: Copperajah|Rock Slide|p1a: Vaporeon\n|-damage|p1a: Vaporeon|0 fnt\n|faint|p1a: Vaporeon\n|\n|upkeep\n|\n|t:|1783553871\n|switch|p1a: Minun|Minun, L95, M|15/100\n|turn|42\n|inactive|Time left: 300 sec this turn | 300 sec total\n|\n|t:|1783553872\n|-terastallize|p1a: Minun|Electric\n|move|p1a: Minun|Thunderbolt|p2a: Copperajah\n|-damage|p2a: Copperajah|5/350\n|-damage|p1a: Minun|6/100|[from] item: Life Orb\n|move|p2a: Copperajah|Rock Slide|p1a: Minun|[miss]\n|-miss|p2a: Copperajah|p1a: Minun\n|\n|upkeep\n|turn|43\n|inactive|Time left: 300 sec this turn | 300 sec total\n|\n|t:|1783553873\n|move|p1a: Minun|Thunderbolt|p2a: Copperajah\n|-damage|p2a: Copperajah|0 fnt\n|faint|p2a: Copperajah\n|-damage|p1a: Minun|0 fnt|[from] item: Life Orb\n|faint|p1a: Minun\n|\n|win|p0x11934580", "uploadtime": 1783553873, "views": 0, "rating": 0, "private": 0, "password": null, "_winner": "p0x11934580", "_our_name": "p0y1193c682"}