{"id": "battle-gen9randombattle-1444", "formatid": "gen9randombattle", "format": "[Gen 9] Random Battle", "players": ["p0x144499d1", "p0y14446402"], "log": "|init|battle\n|title|p0x144499d1 vs. p0y14446402\n|j|\u2606p0x144499d1\n|j|\u2606p0y14446402\n|t:|1783556825\n|gametype|singles\n|player|p1|p0x144499d1|170|\n|player|p2|p0y14446402|101|\n|gen|9\n|tier|[Gen 9] Random Battle\n|rule|Species Clause: Limit one of each Pok\u00e9mon\n|rule|HP Percentage Mod: HP is shown in percentages\n|rule|Sleep Clause Mod: Limit one foe put to sleep\n|rule|Illusion Level Mod: Illusion disguises the Pok\u00e9mon's true level\n|\n|t:|1783556825\n|teamsize|p1|6\n|teamsize|p2|6\n|start\n|switch|p1a: Illumise|Illumise, L91, F|266/266\n|switch|p2a: Koraidon|Koraidon, L64|100/100\n|-weather|SunnyDay|[from] ability: Orichalcum Pulse|[of] p2a: Koraidon\n|-activate|p2a: Koraidon|Orichalcum Pulse|[source]\n|turn|1\n|inactive|Battle timer is ON: inactive players will automatically lose when time's up. (requested by p0x144499d1)\n|inactive|p0y14446402 also wants the timer to be on.\n|\n|t:|1783556826\n|move|p1a: Illumise|Thunder Wave|p2a: Koraidon\n|-status|p2a: Koraidon|par\n|move|p2a: Koraidon|Outrage|p1a: Illumise\n|-damage|p1a: Illumise|77/266\n|\n|-weather|SunnyDay|[upkeep]\n|upkeep\n|turn|2\n|inactive|Time left: 300 sec this turn | 300 sec total\n|\n|t:|1783556828\n|move|p1a: Illumise|Bug Buzz|p2a: Koraidon\n|-resisted|p2a: Koraidon\n|-damage|p2a: Koraidon|78/100 par\n|move|p2a: Koraidon|Outrage|p1a: Illumise|[from] lockedmove\n|-damage|p1a: Illumise|0 fnt\n|faint|p1a: Illumise\n|-start|p2a: Koraidon|confusion|[fatigue]\n|\n|-weather|SunnyDay|[upkeep]\n|upkeep\n|inactive|Time left: 300 sec this turn | 300 sec total | 5 sec grace\n|\n|t:|1783556829\n|switch|p1a: Gothitelle|Gothitelle, L90, F|272/272\n|turn|3\n|inactive|Time left: 300 sec this turn | 300 sec total\n|\n|t:|1783556830\n|move|p1a: Gothitelle|Psychic Noise|p2a: Koraidon\n|-supereffective|p2a: Koraidon\n|-crit|p2a: Koraidon\n|-damage|p2a: Koraidon|0 fnt\n|faint|p2a: Koraidon\n|\n|-weather|SunnyDay|[upkeep]\n|upkeep\n|\n|t:|1783556831\n|switch|p2a: Oricorio|Oricorio-Pom-Pom, L82, M|100/100\n|turn|4\n|inactive|Time left: 300 sec this turn | 300 sec total\n|\n|t:|1783556832\n|move|p2a: Oricorio|Quiver Dance|p2a: Oricorio\n|-boost|p2a: Oricorio|spa|1\n|-boost|p2a: Oricorio|spd|1\n|-boost|p2a: Oricorio|spe|1\n|move|p1a: Gothitelle|Calm Mind|p1a: Gothitelle\n|-boost|p1a: Gothitelle|spa|1\n|-boost|p1a: Gothitelle|spd|1\n|\n|-weather|SunnyDay|[upkeep]\n|upkeep\n|turn|5\n|inactive|Time left: 300 sec this turn | 300 sec total\n|\n|t:|1783556833\n|move|p2a: Oricorio|Quiver Dance|p2a: Oricorio\n|-boost|p2a: Oricorio|spa|1\n|-boost|p2a: Oricorio|spd|1\n|-boost|p2a: Oricorio|spe|1\n|move|p1a: Gothitelle|Calm Mind|p1a: Gothitelle\n|-boost|p1a: Gothitelle|spa|1\n|-boost|p1a: Gothitelle|spd|1\n|\n|-weather|none\n|upkeep\n|turn|6\n|inactive|Time left: 300 sec this turn | 300 sec total\n|\n|t:|1783556834\n|move|p2a: Oricorio|Quiver Dance|p2a: Oricorio\n|-boost|p2a: Oricorio|spa|1\n|-boost|p2a: Oricorio|spd|1\n|-boost|p2a: Oricorio|spe|1\n|move|p1a: Gothitelle|Psychic Noise|p2a: Oricorio\n|-damage|p2a: Oricorio|67/100\n|-start|p2a: Oricorio|move: Heal Block\n|\n|upkeep\n|turn|7\n|inactive|Time left: 300 sec this turn | 300 sec total\n|\n|t:|1783556835\n|move|p2a: Oricorio|Quiver Dance|p2a: Oricorio\n|-boost|p2a: Oricorio|spa|1\n|-boost|p2a: Oricorio|spd|1\n|-boost|p2a: Oricorio|spe|1\n|move|p1a: Gothitelle|Psychic Noise|p2a: Oricorio\n|-damage|p2a: Oricorio|39/100\n|\n|-end|p2a: Oricorio|move: Heal Block\n|upkeep\n|turn|8\n|inactive|Time left: 300 sec this turn | 300 sec total\n|\n|t:|1783556836\n|move|p2a: Oricorio|Roost|p2a: Oricorio\n|-heal|p2a: Oricorio|90/100\n|-singleturn|p2a: Oricorio|move: Roost\n|move|p1a: Gothitelle|Psychic Noise|p2a: Oricorio\n|-damage|p2a: Oricorio|61/100\n|-start|p2a: Oricorio|move: Heal Block\n|\n|upkeep\n|turn|9\n|inactive|Time left: 300 sec this turn | 300 sec total\n|\n|t:|1783556837\n|move|p2a: Oricorio|Hurricane|p1a: Gothitelle\n|-damage|p1a: Gothitelle|133/272\n|move|p1a: Gothitelle|Psychic Noise|p2a: Oricorio\n|-damage|p2a: Oricorio|34/100\n|\n|-heal|p1a: Gothitelle|150/272|[from] item: Leftovers\n|-end|p2a: Oricorio|move: Heal Block\n|upkeep\n|turn|10\n|inactive|Time left: 300 sec this turn | 300 sec total\n|\n|t:|1783556838\n|move|p2a: Oricorio|Roost|p2a: Oricorio\n|-heal|p2a: Oricorio|85/100\n|-singleturn|p2a: Oricorio|move: Roost\n|move|p1a: Gothitelle|Psychic Noise|p2a: Oricorio\n|-damage|p2a: Oricorio|58/100\n|-start|p2a: Oricorio|move: Heal Block\n|\n|-heal|p1a: Gothitelle|167/272|[from] item: Leftovers\n|upkeep\n|turn|11\n|inactive|Time left: 300 sec this turn | 300 sec total\n|\n|t:|1783556839\n|-terastallize|p1a: Gothitelle|Ground\n|move|p2a: Oricorio|Revelation Dance|p1a: Gothitelle\n|-immune|p1a: Gothitelle\n|move|p1a: Gothitelle|Psychic Noise|p2a: Oricorio\n|-damage|p2a: Oricorio|31/100\n|\n|-heal|p1a: Gothitelle|184/272|[from] item: Leftovers\n|-end|p2a: Oricorio|move: Heal Block\n|upkeep\n|turn|12\n|inactive|Time left: 300 sec this turn | 300 sec total\n|\n|t:|1783556840\n|move|p2a: Oricorio|Roost|p2a: Oricorio\n|-heal|p2a: Oricorio|81/100\n|-singleturn|p2a: Oricorio|move: Roost\n|move|p1a: Gothitelle|Psychic Noise|p2a: Oricorio\n|-damage|p2a: Oricorio|51/100\n|-start|p2a: Oricorio|move: Heal Block\n|\n|-heal|p1a: Gothitelle|201/272|[from] item: Leftovers\n|upkeep\n|turn|13\n|inactive|Time left: 300 sec this turn | 300 sec total\n|\n|t:|1783556841\n|move|p2a: Oricorio|Hurricane|p1a: Gothitelle\n|-damage|p1a: Gothitelle|65/272\n|move|p1a: Gothitelle|Psychic Noise|p2a: Oricorio\n|-damage|p2a: Oricorio|23/100\n|\n|-heal|p1a: Gothitelle|82/272|[from] item: Leftovers\n|-end|p2a: Oricorio|move: Heal Block\n|upkeep\n|turn|14\n|inactive|Time left: 300 sec this turn | 300 sec total\n|\n|t:|1783556843\n|move|p2a: Oricorio|Roost|p2a: Oricorio\n|-heal|p2a: Oricorio|74/100\n|-singleturn|p2a: Oricorio|move: Roost\n|move|p1a: Gothitelle|Psychic Noise|p2a: Oricorio\n|-damage|p2a: Oricorio|42/100\n|-start|p2a: Oricorio|move: Heal Block\n|\n|-heal|p1a: Gothitelle|99/272|[from] item: Leftovers\n|upkeep\n|turn|15\n|inactive|Time left: 300 sec this turn | 300 sec total\n|\n|t:|1783556843\n|move|p2a: Oricorio|Hurricane|p1a: Gothitelle\n|-damage|p1a: Gothitelle|0 fnt\n|faint|p1a: Gothitelle\n|\n|-end|p2a: Oricorio|move: Heal Block\n|upkeep\n|inactive|Time left: 300 sec this turn | 300 sec total | 5 sec grace\n|\n|t:|1783556844\n|switch|p1a: Oricorio|Oricorio-Sensu, L85, F|266/266\n|turn|16\n|inactive|Time left: 300 sec this turn | 300 sec total\n|\n|t:|1783556845\n|move|p2a: Oricorio|Revelation Dance|p1a: Oricorio\n|-supereffective|p1a: Oricorio\n|-damage|p1a: Oricorio|0 fnt\n|faint|p1a: Oricorio\n|\n|upkeep\n|inactive|Time left: 300 sec this turn | 300 sec total | 5 sec grace\n|\n|t:|1783556846\n|switch|p1a: Yanmega|Yanmega, L82, F|275/275\n|turn|17\n|inactive|Time left: 300 sec this turn | 300 sec total\n|\n|t:|1783556847\n|move|p1a: Yanmega|Protect|p1a: Yanmega\n|-singleturn|p1a: Yanmega|Protect\n|move|p2a: Oricorio|Revelation Dance|p1a: Yanmega\n|-activate|p1a: Yanmega|move: Protect\n|\n|-ability|p1a: Yanmega|Speed Boost|boost\n|-boost|p1a: Yanmega|spe|1\n|upkeep\n|turn|18\n|inactive|Time left: 300 sec this turn | 300 sec total\n|\n|t:|1783556848\n|move|p2a: Oricorio|Revelation Dance|p1a: Yanmega\n|-supereffective|p1a: Yanmega\n|-damage|p1a: Yanmega|0 fnt\n|faint|p1a: Yanmega\n|\n|upkeep\n|inactive|Time left: 300 sec this turn | 300 sec total | 5 sec grace\n|\n|t:|1783556849\n|switch|p1a: Basculegion|Basculegion, L80, M|323/323\n|turn|19\n|inactive|Time left: 300 sec this turn | 300 sec total\n|\n|t:|1783556850\n|move|p1a: Basculegion|Aqua Jet|p2a: Oricorio\n|-damage|p2a: Oricorio|14/100\n|move|p2a: Oricorio|Revelation Dance|p1a: Basculegion\n|-supereffective|p1a: Basculegion\n|-damage|p1a: Basculegion|0 fnt\n|faint|p1a: Basculegion\n|\n|upkeep\n|inactive|Time left: 300 sec this turn | 300 sec total | 5 sec grace\n|\n|t:|1783556851\n|switch|p1a: Lucario|Lucario, L84, M|255/255\n|turn|20\n|inactive|Time left: 300 sec this turn | 300 sec total\n|\n|t:|1783556852\n|-terastallize|p2a: Oricorio|Ground\n|move|p1a: Lucario|Vacuum Wave|p2a: Oricorio\n|-damage|p2a: Oricorio|4/100\n|-damage|p1a: Lucario|230/255|[from] item: Life Orb\n|move|p2a: Oricorio|Revelation Dance|p1a: Lucario\n|-supereffective|p1a: Lucario\n|-damage|p1a: Lucario|0 fnt\n|faint|p1a: Lucario\n|\n|win|p0y14446402", "uploadtime": 1783556852, "views": 0, "rating": 0, "private": 0, "password": null, "_winner": "p0y14446402", "_our_name": "p0x144499d1"}