{"id": "battle-gen9randombattle-1130", "formatid": "gen9randombattle", "format": "[Gen 9] Random Battle", "players": ["p0x11302f46", "p0y1130584e"], "log": "|init|battle\n|title|p0x11302f46 vs. p0y1130584e\n|j|\u2606p0x11302f46\n|j|\u2606p0y1130584e\n|t:|1783553082\n|gametype|singles\n|player|p1|p0x11302f46|266|\n|player|p2|p0y1130584e|2|\n|gen|9\n|tier|[Gen 9] Random Battle\n|rule|Species Clause: Limit one of each Pok\u00e9mon\n|rule|HP Percentage Mod: HP is shown in percentages\n|rule|Sleep Clause Mod: Limit one foe put to sleep\n|rule|Illusion Level Mod: Illusion disguises the Pok\u00e9mon's true level\n|\n|t:|1783553082\n|teamsize|p1|6\n|teamsize|p2|6\n|start\n|switch|p1a: Iron Bundle|Iron Bundle, L78|215/215\n|switch|p2a: Zapdos|Zapdos, L78|100/100\n|turn|1\n|inactive|Battle timer is ON: inactive players will automatically lose when time's up. (requested by p0x11302f46)\n|inactive|p0y1130584e also wants the timer to be on.\n|\n|t:|1783553084\n|move|p1a: Iron Bundle|Ice Beam|p2a: Zapdos\n|-supereffective|p2a: Zapdos\n|-damage|p2a: Zapdos|0 fnt\n|faint|p2a: Zapdos\n|\n|upkeep\n|\n|t:|1783553085\n|switch|p2a: Golduck|Golduck, L90, M|100/100\n|-ability|p2a: Golduck|Cloud Nine\n|turn|2\n|inactive|Time left: 300 sec this turn | 300 sec total\n|\n|t:|1783553086\n|move|p1a: Iron Bundle|Ice Beam|p2a: Golduck\n|-resisted|p2a: Golduck\n|-damage|p2a: Golduck|74/100\n|move|p2a: Golduck|Nasty Plot|p2a: Golduck\n|-boost|p2a: Golduck|spa|2\n|\n|-heal|p2a: Golduck|80/100|[from] item: Leftovers\n|upkeep\n|turn|3\n|inactive|Time left: 300 sec this turn | 300 sec total\n|\n|t:|1783553087\n|move|p1a: Iron Bundle|Ice Beam|p2a: Golduck\n|-resisted|p2a: Golduck\n|-damage|p2a: Golduck|56/100\n|move|p2a: Golduck|Hydro Pump|p1a: Iron Bundle\n|-resisted|p1a: Iron Bundle\n|-damage|p1a: Iron Bundle|44/215\n|\n|-heal|p2a: Golduck|63/100|[from] item: Leftovers\n|upkeep\n|turn|4\n|inactive|Time left: 300 sec this turn | 300 sec total\n|\n|t:|1783553088\n|move|p1a: Iron Bundle|Ice Beam|p2a: Golduck\n|-resisted|p2a: Golduck\n|-damage|p2a: Golduck|35/100\n|move|p2a: Golduck|Hydro Pump|p1a: Iron Bundle\n|-resisted|p1a: Iron Bundle\n|-crit|p1a: Iron Bundle\n|-damage|p1a: Iron Bundle|0 fnt\n|faint|p1a: Iron Bundle\n|-end|p1a: Iron Bundle|Quark Drive|[silent]\n|\n|-heal|p2a: Golduck|42/100|[from] item: Leftovers\n|upkeep\n|inactive|Time left: 300 sec this turn | 300 sec total | 5 sec grace\n|\n|t:|1783553089\n|switch|p1a: Grafaiai|Grafaiai, L86, M|249/249\n|turn|5\n|inactive|Time left: 300 sec this turn | 300 sec total\n|\n|t:|1783553090\n|move|p1a: Grafaiai|Gunk Shot|p2a: Golduck|[miss]\n|-miss|p1a: Grafaiai|p2a: Golduck\n|move|p2a: Golduck|Hydro Pump|p1a: Grafaiai\n|-damage|p1a: Grafaiai|0 fnt\n|faint|p1a: Grafaiai\n|\n|-heal|p2a: Golduck|48/100|[from] item: Leftovers\n|upkeep\n|inactive|Time left: 300 sec this turn | 300 sec total | 5 sec grace\n|\n|t:|1783553091\n|switch|p1a: Salamence|Salamence, L77, M|273/273\n|-ability|p1a: Salamence|Intimidate|boost\n|-unboost|p2a: Golduck|atk|1\n|turn|6\n|inactive|Time left: 300 sec this turn | 300 sec total\n|\n|t:|1783553092\n|move|p2a: Golduck|Ice Beam|p1a: Salamence\n|-supereffective|p1a: Salamence\n|-damage|p1a: Salamence|0 fnt\n|faint|p1a: Salamence\n|\n|-heal|p2a: Golduck|54/100|[from] item: Leftovers\n|upkeep\n|inactive|Time left: 300 sec this turn | 300 sec total | 5 sec grace\n|\n|t:|1783553093\n|switch|p1a: Meowstic|Meowstic, L89, M|277/277\n|turn|7\n|inactive|Time left: 300 sec this turn | 300 sec total\n|\n|t:|1783553094\n|move|p1a: Meowstic|Light Screen|p1a: Meowstic\n|-sidestart|p1: p0x11302f46|move: Light Screen\n|move|p2a: Golduck|Hydro Pump|p1a: Meowstic\n|-damage|p1a: Meowstic|138/277\n|\n|-heal|p2a: Golduck|60/100|[from] item: Leftovers\n|upkeep\n|turn|8\n|inactive|Time left: 300 sec this turn | 300 sec total\n|\n|t:|1783553095\n|move|p1a: Meowstic|Psychic Noise|p2a: Golduck\n|-damage|p2a: Golduck|32/100\n|-start|p2a: Golduck|move: Heal Block\n|move|p2a: Golduck|Hydro Pump|p1a: Meowstic\n|-damage|p1a: Meowstic|15/277\n|\n|upkeep\n|turn|9\n|inactive|Time left: 300 sec this turn | 300 sec total\n|\n|t:|1783553096\n|move|p1a: Meowstic|Psychic Noise|p2a: Golduck\n|-damage|p2a: Golduck|4/100\n|move|p2a: Golduck|Nasty Plot|p2a: Golduck\n|-boost|p2a: Golduck|spa|2\n|\n|-end|p2a: Golduck|move: Heal Block\n|upkeep\n|turn|10\n|inactive|Time left: 300 sec this turn | 300 sec total\n|\n|t:|1783553097\n|switch|p2a: Torterra|Torterra, L78, F|100/100\n|move|p1a: Meowstic|Psychic Noise|p2a: Torterra\n|-damage|p2a: Torterra|70/100\n|-start|p2a: Torterra|move: Heal Block\n|\n|upkeep\n|turn|11\n|inactive|Time left: 300 sec this turn | 300 sec total\n|\n|t:|1783553099\n|move|p1a: Meowstic|Reflect|p1a: Meowstic\n|-sidestart|p1: p0x11302f46|Reflect\n|move|p2a: Torterra|Shell Smash|p2a: Torterra\n|-unboost|p2a: Torterra|def|1\n|-unboost|p2a: Torterra|spd|1\n|-boost|p2a: Torterra|atk|2\n|-boost|p2a: Torterra|spa|2\n|-boost|p2a: Torterra|spe|2\n|\n|-end|p2a: Torterra|move: Heal Block\n|upkeep\n|turn|12\n|inactive|Time left: 300 sec this turn | 300 sec total\n|\n|t:|1783553100\n|switch|p1a: Greedent|Greedent, L86, M|347/347\n|move|p2a: Torterra|Shell Smash|p2a: Torterra\n|-unboost|p2a: Torterra|def|1\n|-unboost|p2a: Torterra|spd|1\n|-boost|p2a: Torterra|atk|2\n|-boost|p2a: Torterra|spa|2\n|-boost|p2a: Torterra|spe|2\n|\n|upkeep\n|turn|13\n|inactive|Time left: 300 sec this turn | 300 sec total\n|\n|t:|1783553101\n|move|p2a: Torterra|Bullet Seed|p1a: Greedent\n|-damage|p1a: Greedent|310/347\n|-damage|p1a: Greedent|277/347\n|-damage|p1a: Greedent|242/347\n|-damage|p1a: Greedent|207/347\n|-damage|p1a: Greedent|169/347\n|-enditem|p1a: Greedent|Sitrus Berry|[eat]\n|-heal|p1a: Greedent|255/347|[from] item: Sitrus Berry\n|-heal|p1a: Greedent|347/347|[from] ability: Cheek Pouch\n|-hitcount|p1a: Greedent|5\n|move|p1a: Greedent|Knock Off|p2a: Torterra\n|-damage|p2a: Torterra|22/100\n|-enditem|p2a: Torterra|Loaded Dice|[from] move: Knock Off|[of] p1a: Greedent\n|\n|upkeep\n|turn|14\n|inactive|Time left: 300 sec this turn | 300 sec total\n|\n|t:|1783553102\n|move|p2a: Torterra|Bullet Seed|p1a: Greedent\n|-damage|p1a: Greedent|290/347\n|-damage|p1a: Greedent|239/347\n|-damage|p1a: Greedent|191/347\n|-damage|p1a: Greedent|142/347\n|-hitcount|p1a: Greedent|4\n|move|p1a: Greedent|Body Slam|p2a: Torterra\n|-damage|p2a: Torterra|0 fnt\n|faint|p2a: Torterra\n|\n|-sideend|p1: p0x11302f46|move: Light Screen\n|upkeep\n|\n|t:|1783553103\n|switch|p2a: Vivillon|Vivillon-Continental, L83, F|100/100\n|turn|15\n|inactive|Time left: 300 sec this turn | 300 sec total\n|\n|t:|1783553104\n|move|p2a: Vivillon|Sleep Powder|p1a: Greedent\n|-status|p1a: Greedent|slp|[from] move: Sleep Powder\n|cant|p1a: Greedent|slp\n|\n|upkeep\n|turn|16\n|inactive|Time left: 300 sec this turn | 300 sec total\n|\n|t:|1783553105\n|move|p2a: Vivillon|Quiver Dance|p2a: Vivillon\n|-boost|p2a: Vivillon|spa|1\n|-boost|p2a: Vivillon|spd|1\n|-boost|p2a: Vivillon|spe|1\n|cant|p1a: Greedent|slp\n|\n|upkeep\n|turn|17\n|inactive|Time left: 300 sec this turn | 300 sec total\n|\n|t:|1783553106\n|move|p2a: Vivillon|Hurricane|p1a: Greedent\n|-damage|p1a: Greedent|0 fnt\n|faint|p1a: Greedent\n|\n|upkeep\n|inactive|Time left: 300 sec this turn | 300 sec total | 5 sec grace\n|\n|t:|1783553107\n|switch|p1a: Meowstic|Meowstic, L89, M|15/277\n|turn|18\n|inactive|Time left: 300 sec this turn | 300 sec total\n|\n|t:|1783553108\n|move|p1a: Meowstic|Light Screen|p1a: Meowstic\n|-sidestart|p1: p0x11302f46|move: Light Screen\n|move|p2a: Vivillon|Quiver Dance|p2a: Vivillon\n|-boost|p2a: Vivillon|spa|1\n|-boost|p2a: Vivillon|spd|1\n|-boost|p2a: Vivillon|spe|1\n|\n|-sideend|p1: p0x11302f46|Reflect\n|upkeep\n|turn|19\n|inactive|Time left: 300 sec this turn | 300 sec total\n|\n|t:|1783553109\n|move|p1a: Meowstic|Reflect|p1a: Meowstic\n|-sidestart|p1: p0x11302f46|Reflect\n|move|p2a: Vivillon|Quiver Dance|p2a: Vivillon\n|-boost|p2a: Vivillon|spa|1\n|-boost|p2a: Vivillon|spd|1\n|-boost|p2a: Vivillon|spe|1\n|\n|upkeep\n|turn|20\n|inactive|Time left: 300 sec this turn | 300 sec total\n|\n|t:|1783553110\n|move|p1a: Meowstic|Thunder Wave|p2a: Vivillon\n|-status|p2a: Vivillon|par\n|cant|p2a: Vivillon|par\n|\n|upkeep\n|turn|21\n|inactive|Time left: 300 sec this turn | 300 sec total\n|\n|t:|1783553112\n|cant|p2a: Vivillon|par\n|move|p1a: Meowstic|Psychic Noise|p2a: Vivillon\n|-damage|p2a: Vivillon|84/100 par\n|-start|p2a: Vivillon|move: Heal Block\n|\n|upkeep\n|turn|22\n|inactive|Time left: 300 sec this turn | 300 sec total\n|\n|t:|1783553113\n|move|p2a: Vivillon|Hurricane|p1a: Meowstic\n|-damage|p1a: Meowstic|0 fnt\n|faint|p1a: Meowstic\n|\n|-end|p2a: Vivillon|move: Heal Block\n|upkeep\n|inactive|Time left: 300 sec this turn | 300 sec total | 5 sec grace\n|\n|t:|1783553114\n|switch|p1a: Darkrai|Darkrai, L77|234/234\n|turn|23\n|inactive|Time left: 300 sec this turn | 300 sec total\n|\n|t:|1783553115\n|move|p2a: Vivillon|Bug Buzz|p1a: Darkrai\n|-supereffective|p1a: Darkrai\n|-damage|p1a: Darkrai|2/234\n|move|p1a: Darkrai|Nasty Plot|p1a: Darkrai\n|-boost|p1a: Darkrai|spa|2\n|\n|upkeep\n|turn|24\n|inactive|Time left: 300 sec this turn | 300 sec total\n|\n|t:|1783553116\n|-terastallize|p1a: Darkrai|Poison\n|cant|p2a: Vivillon|par\n|move|p1a: Darkrai|Nasty Plot|p1a: Darkrai\n|-boost|p1a: Darkrai|spa|2\n|\n|upkeep\n|turn|25\n|inactive|Time left: 300 sec this turn | 300 sec total\n|\n|t:|1783553117\n|move|p2a: Vivillon|Bug Buzz|p1a: Darkrai\n|-resisted|p1a: Darkrai\n|-damage|p1a: Darkrai|0 fnt\n|faint|p1a: Darkrai\n|\n|win|p0y1130584e", "uploadtime": 1783553117, "views": 0, "rating": 0, "private": 0, "password": null, "_winner": "p0y1130584e", "_our_name": "p0x11302f46"}