{"id": "battle-gen9randombattle-2074", "formatid": "gen9randombattle", "format": "[Gen 9] Random Battle", "players": ["p0x207454cd", "p0y20742691"], "log": "|init|battle\n|title|p0x207454cd vs. p0y20742691\n|j|\u2606p0x207454cd\n|j|\u2606p0y20742691\n|t:|1783563227\n|gametype|singles\n|player|p1|p0x207454cd|102|\n|player|p2|p0y20742691|266|\n|gen|9\n|tier|[Gen 9] Random Battle\n|rule|Species Clause: Limit one of each Pok\u00e9mon\n|rule|HP Percentage Mod: HP is shown in percentages\n|rule|Sleep Clause Mod: Limit one foe put to sleep\n|rule|Illusion Level Mod: Illusion disguises the Pok\u00e9mon's true level\n|\n|t:|1783563227\n|teamsize|p1|6\n|teamsize|p2|6\n|start\n|switch|p1a: Golem|Golem-Alola, L93, F|100/100\n|switch|p2a: Arbok|Arbok, L87, M|246/246\n|-ability|p2a: Arbok|Intimidate|boost\n|-unboost|p1a: Golem|atk|1\n|turn|1\n|inactive|Battle timer is ON: inactive players will automatically lose when time's up. (requested by p0y20742691)\n|inactive|p0x207454cd also wants the timer to be on.\n|\n|t:|1783563228\n|move|p2a: Arbok|Earthquake|p1a: Golem\n|-supereffective|p1a: Golem\n|-damage|p1a: Golem|31/100\n|move|p1a: Golem|Double-Edge|p2a: Arbok\n|-damage|p2a: Arbok|35/246\n|-damage|p1a: Golem|8/100|[from] Recoil\n|-damage|p1a: Golem|0 fnt|[from] item: Life Orb\n|faint|p1a: Golem\n|\n|upkeep\n|\n|t:|1783563229\n|switch|p1a: Leavanny|Leavanny, L86, M|100/100\n|turn|2\n|inactive|Time left: 300 sec this turn | 300 sec total\n|\n|t:|1783563230\n|move|p1a: Leavanny|Sticky Web|p2a: Arbok\n|-sidestart|p2: p0y20742691|move: Sticky Web\n|move|p2a: Arbok|Gunk Shot|p1a: Leavanny\n|-supereffective|p1a: Leavanny\n|-damage|p1a: Leavanny|4/100\n|\n|upkeep\n|turn|3\n|inactive|Time left: 300 sec this turn | 300 sec total\n|\n|t:|1783563231\n|move|p1a: Leavanny|Bullet Seed|p2a: Arbok\n|-resisted|p2a: Arbok\n|-damage|p2a: Arbok|19/246\n|-resisted|p2a: Arbok\n|-damage|p2a: Arbok|3/246\n|-resisted|p2a: Arbok\n|-damage|p2a: Arbok|0 fnt\n|faint|p2a: Arbok\n|-hitcount|p2: Arbok|3\n|\n|upkeep\n|inactive|Time left: 300 sec this turn | 300 sec total | 5 sec grace\n|\n|t:|1783563232\n|switch|p2a: Kyurem|Kyurem-White, L73|303/303\n|-activate|p2a: Kyurem|move: Sticky Web\n|-unboost|p2a: Kyurem|spe|1\n|-ability|p2a: Kyurem|Turboblaze\n|turn|4\n|inactive|Time left: 300 sec this turn | 300 sec total\n|\n|t:|1783563233\n|move|p1a: Leavanny|Knock Off|p2a: Kyurem\n|-damage|p2a: Kyurem|223/303\n|-enditem|p2a: Kyurem|Choice Specs|[from] move: Knock Off|[of] p1a: Leavanny\n|move|p2a: Kyurem|Fusion Flare|p1a: Leavanny\n|-supereffective|p1a: Leavanny\n|-damage|p1a: Leavanny|0 fnt\n|faint|p1a: Leavanny\n|\n|upkeep\n|\n|t:|1783563234\n|switch|p1a: Mudsdale|Mudsdale, L83, F|100/100\n|turn|5\n|inactive|Time left: 300 sec this turn | 300 sec total\n|\n|t:|1783563235\n|move|p2a: Kyurem|Ice Beam|p1a: Mudsdale\n|-supereffective|p1a: Mudsdale\n|-damage|p1a: Mudsdale|23/100\n|-ability|p1a: Mudsdale|Stamina|boost\n|-boost|p1a: Mudsdale|def|1\n|move|p1a: Mudsdale|Earthquake|p2a: Kyurem\n|-damage|p2a: Kyurem|75/303\n|\n|-heal|p1a: Mudsdale|29/100|[from] item: Leftovers\n|upkeep\n|turn|6\n|inactive|Time left: 300 sec this turn | 300 sec total\n|\n|t:|1783563236\n|switch|p1a: Metagross|Metagross, L79|100/100\n|move|p2a: Kyurem|Fusion Flare|p1a: Metagross\n|-supereffective|p1a: Metagross\n|-damage|p1a: Metagross|25/100\n|\n|-heal|p1a: Metagross|31/100|[from] item: Leftovers\n|upkeep\n|turn|7\n|inactive|Time left: 300 sec this turn | 300 sec total\n|\n|t:|1783563237\n|switch|p2a: Bombirdier|Bombirdier, L85, F|258/258\n|move|p1a: Metagross|Heavy Slam|p2a: Bombirdier\n|-damage|p2a: Bombirdier|113/258\n|\n|-heal|p1a: Metagross|37/100|[from] item: Leftovers\n|upkeep\n|turn|8\n|inactive|Time left: 300 sec this turn | 300 sec total\n|\n|t:|1783563239\n|move|p2a: Bombirdier|Knock Off|p1a: Metagross\n|-supereffective|p1a: Metagross\n|-damage|p1a: Metagross|0 fnt\n|-enditem|p1a: Metagross|Leftovers|[from] move: Knock Off|[of] p2a: Bombirdier\n|faint|p1a: Metagross\n|\n|upkeep\n|\n|t:|1783563239\n|switch|p1a: Shaymin|Shaymin-Sky, L73|100/100\n|turn|9\n|inactive|Time left: 300 sec this turn | 300 sec total\n|\n|t:|1783563240\n|move|p1a: Shaymin|Air Slash|p2a: Bombirdier\n|-damage|p2a: Bombirdier|41/258\n|move|p2a: Bombirdier|Knock Off|p1a: Shaymin\n|-damage|p1a: Shaymin|48/100\n|-enditem|p1a: Shaymin|Leftovers|[from] move: Knock Off|[of] p2a: Bombirdier\n|\n|upkeep\n|turn|10\n|inactive|Time left: 300 sec this turn | 300 sec total\n|\n|t:|1783563241\n|move|p2a: Bombirdier|Sucker Punch|p1a: Shaymin\n|-damage|p1a: Shaymin|11/100\n|move|p1a: Shaymin|Seed Flare|p2a: Bombirdier\n|-resisted|p2a: Bombirdier\n|-damage|p2a: Bombirdier|0 fnt\n|faint|p2a: Bombirdier\n|\n|upkeep\n|inactive|Time left: 300 sec this turn | 300 sec total | 5 sec grace\n|\n|t:|1783563242\n|switch|p2a: Kingdra|Kingdra, L84, M|263/263\n|-activate|p2a: Kingdra|move: Sticky Web\n|-unboost|p2a: Kingdra|spe|1\n|turn|11\n|inactive|Time left: 300 sec this turn | 300 sec total\n|\n|t:|1783563243\n|move|p1a: Shaymin|Air Slash|p2a: Kingdra\n|-damage|p2a: Kingdra|194/263\n|move|p2a: Kingdra|Wave Crash|p1a: Shaymin\n|-resisted|p1a: Shaymin\n|-damage|p1a: Shaymin|0 fnt\n|faint|p1a: Shaymin\n|-damage|p2a: Kingdra|185/263|[from] Recoil\n|\n|upkeep\n|\n|t:|1783563244\n|switch|p1a: Camerupt|Camerupt, L91, F|100/100\n|turn|12\n|inactive|Time left: 300 sec this turn | 300 sec total\n|\n|t:|1783563245\n|-terastallize|p1a: Camerupt|Water\n|move|p2a: Kingdra|Outrage|p1a: Camerupt\n|-damage|p1a: Camerupt|55/100\n|move|p1a: Camerupt|Earthquake|p2a: Kingdra\n|-damage|p2a: Kingdra|62/263\n|\n|-heal|p1a: Camerupt|61/100|[from] item: Leftovers\n|upkeep\n|turn|13\n|inactive|Time left: 300 sec this turn | 300 sec total\n|\n|t:|1783563246\n|move|p2a: Kingdra|Outrage|p1a: Camerupt|[from] lockedmove\n|-damage|p1a: Camerupt|8/100\n|-start|p2a: Kingdra|confusion|[fatigue]\n|-enditem|p2a: Kingdra|Lum Berry|[eat]\n|-end|p2a: Kingdra|confusion\n|move|p1a: Camerupt|Roar|p2a: Kingdra\n|drag|p2a: Okidogi|Okidogi, L77, M|262/262\n|-activate|p2a: Okidogi|move: Sticky Web\n|-unboost|p2a: Okidogi|spe|1\n|\n|-heal|p1a: Camerupt|15/100|[from] item: Leftovers\n|upkeep\n|turn|14\n|inactive|Time left: 300 sec this turn | 300 sec total\n|\n|t:|1783563247\n|-terastallize|p2a: Okidogi|Dark\n|move|p1a: Camerupt|Will-O-Wisp|p2a: Okidogi\n|-status|p2a: Okidogi|brn\n|move|p2a: Okidogi|Knock Off|p1a: Camerupt\n|-damage|p1a: Camerupt|0 fnt\n|-enditem|p1a: Camerupt|Leftovers|[from] move: Knock Off|[of] p2a: Okidogi\n|faint|p1a: Camerupt\n|\n|-damage|p2a: Okidogi|246/262 brn|[from] brn\n|upkeep\n|\n|t:|1783563248\n|switch|p1a: Mudsdale|Mudsdale, L83, F|29/100\n|turn|15\n|inactive|Time left: 300 sec this turn | 300 sec total\n|\n|t:|1783563249\n|move|p2a: Okidogi|Knock Off|p1a: Mudsdale\n|-damage|p1a: Mudsdale|13/100\n|-ability|p1a: Mudsdale|Stamina|boost\n|-boost|p1a: Mudsdale|def|1\n|-enditem|p1a: Mudsdale|Leftovers|[from] move: Knock Off|[of] p2a: Okidogi\n|move|p1a: Mudsdale|Stone Edge|p2a: Okidogi\n|-damage|p2a: Okidogi|173/262 brn\n|\n|-damage|p2a: Okidogi|157/262 brn|[from] brn\n|upkeep\n|turn|16\n|inactive|Time left: 300 sec this turn | 300 sec total\n|\n|t:|1783563250\n|move|p2a: Okidogi|Drain Punch|p1a: Mudsdale\n|-damage|p1a: Mudsdale|5/100\n|-heal|p2a: Okidogi|169/262 brn|[from] drain|[of] p1a: Mudsdale\n|-ability|p1a: Mudsdale|Stamina|boost\n|-boost|p1a: Mudsdale|def|1\n|-status|p1a: Mudsdale|tox|[from] ability: Toxic Chain|[of] p2a: Okidogi\n|move|p1a: Mudsdale|Stone Edge|p2a: Okidogi\n|-damage|p2a: Okidogi|97/262 brn\n|\n|-damage|p1a: Mudsdale|0 fnt|[from] psn\n|faint|p1a: Mudsdale\n|\n|win|p0y20742691", "uploadtime": 1783563250, "views": 0, "rating": 0, "private": 0, "password": null, "_winner": "p0y20742691", "_our_name": "p0y20742691"}