{"id": "battle-gen9randombattle-1313", "formatid": "gen9randombattle", "format": "[Gen 9] Random Battle", "players": ["p0x1313eae9", "p0y13138cad"], "log": "|init|battle\n|title|p0x1313eae9 vs. p0y13138cad\n|j|\u2606p0x1313eae9\n|j|\u2606p0y13138cad\n|t:|1783554354\n|gametype|singles\n|player|p1|p0x1313eae9|2|\n|player|p2|p0y13138cad|266|\n|gen|9\n|tier|[Gen 9] Random Battle\n|rule|Species Clause: Limit one of each Pok\u00e9mon\n|rule|HP Percentage Mod: HP is shown in percentages\n|rule|Sleep Clause Mod: Limit one foe put to sleep\n|rule|Illusion Level Mod: Illusion disguises the Pok\u00e9mon's true level\n|\n|t:|1783554354\n|teamsize|p1|6\n|teamsize|p2|6\n|start\n|switch|p1a: Masquerain|Masquerain, L87, F|264/264\n|switch|p2a: Camerupt|Camerupt, L91, F|100/100\n|-ability|p1a: Masquerain|Intimidate|boost\n|-unboost|p2a: Camerupt|atk|1\n|turn|1\n|inactive|Battle timer is ON: inactive players will automatically lose when time's up. (requested by p0x1313eae9)\n|inactive|p0y13138cad also wants the timer to be on.\n|\n|t:|1783554356\n|move|p1a: Masquerain|Quiver Dance|p1a: Masquerain\n|-boost|p1a: Masquerain|spa|1\n|-boost|p1a: Masquerain|spd|1\n|-boost|p1a: Masquerain|spe|1\n|move|p2a: Camerupt|Overheat|p1a: Masquerain\n|-supereffective|p1a: Masquerain\n|-crit|p1a: Masquerain\n|-damage|p1a: Masquerain|0 fnt\n|-unboost|p2a: Camerupt|spa|2\n|faint|p1a: Masquerain\n|\n|upkeep\n|inactive|Time left: 300 sec this turn | 300 sec total | 65 sec grace\n|\n|t:|1783554357\n|switch|p1a: Polteageist|Polteageist, L78|222/222\n|turn|2\n|inactive|Time left: 300 sec this turn | 300 sec total\n|\n|t:|1783554358\n|move|p1a: Polteageist|Shell Smash|p1a: Polteageist\n|-unboost|p1a: Polteageist|def|1\n|-unboost|p1a: Polteageist|spd|1\n|-boost|p1a: Polteageist|atk|2\n|-boost|p1a: Polteageist|spa|2\n|-boost|p1a: Polteageist|spe|2\n|-enditem|p1a: Polteageist|White Herb\n|-clearnegativeboost|p1a: Polteageist|[silent]\n|move|p2a: Camerupt|Earthquake|p1a: Polteageist\n|-damage|p1a: Polteageist|101/222\n|\n|upkeep\n|turn|3\n|inactive|Time left: 300 sec this turn | 300 sec total\n|\n|t:|1783554359\n|switch|p2a: Farigiraf|Farigiraf, L90, F|100/100\n|move|p1a: Polteageist|Shadow Ball|p2a: Farigiraf\n|-immune|p2a: Farigiraf\n|\n|upkeep\n|turn|4\n|inactive|Time left: 300 sec this turn | 300 sec total\n|\n|t:|1783554360\n|move|p1a: Polteageist|Stored Power|p2a: Farigiraf\n|-resisted|p2a: Farigiraf\n|-damage|p2a: Farigiraf|68/100\n|move|p2a: Farigiraf|Psychic Noise|p1a: Polteageist\n|-damage|p1a: Polteageist|17/222\n|-start|p1a: Polteageist|move: Heal Block\n|\n|-heal|p2a: Farigiraf|74/100|[from] item: Leftovers\n|upkeep\n|turn|5\n|inactive|Time left: 300 sec this turn | 300 sec total\n|\n|t:|1783554361\n|move|p1a: Polteageist|Stored Power|p2a: Farigiraf\n|-resisted|p2a: Farigiraf\n|-damage|p2a: Farigiraf|38/100\n|move|p2a: Farigiraf|Psychic Noise|p1a: Polteageist\n|-crit|p1a: Polteageist\n|-damage|p1a: Polteageist|0 fnt\n|faint|p1a: Polteageist\n|\n|-heal|p2a: Farigiraf|44/100|[from] item: Leftovers\n|upkeep\n|inactive|Time left: 300 sec this turn | 300 sec total | 5 sec grace\n|\n|t:|1783554362\n|switch|p1a: Salamence|Salamence, L77, M|273/273\n|-ability|p1a: Salamence|Intimidate|boost\n|-unboost|p2a: Farigiraf|atk|1\n|turn|6\n|inactive|Time left: 300 sec this turn | 300 sec total\n|\n|t:|1783554363\n|switch|p2a: Suicune|Suicune, L82|100/100\n|-ability|p2a: Suicune|Pressure\n|move|p1a: Salamence|Outrage|p2a: Suicune\n|-damage|p2a: Suicune|60/100\n|\n|-heal|p2a: Suicune|66/100|[from] item: Leftovers\n|upkeep\n|turn|7\n|inactive|Time left: 300 sec this turn | 300 sec total\n|\n|t:|1783554365\n|-terastallize|p2a: Suicune|Steel\n|move|p1a: Salamence|Outrage|p2a: Suicune|[from] lockedmove\n|-resisted|p2a: Suicune\n|-damage|p2a: Suicune|48/100\n|move|p2a: Suicune|Ice Beam|p1a: Salamence\n|-supereffective|p1a: Salamence\n|-crit|p1a: Salamence\n|-damage|p1a: Salamence|0 fnt\n|faint|p1a: Salamence\n|\n|-heal|p2a: Suicune|54/100|[from] item: Leftovers\n|upkeep\n|inactive|Time left: 300 sec this turn | 300 sec total | 5 sec grace\n|\n|t:|1783554366\n|switch|p1a: Kingdra|Kingdra, L84, M|263/263\n|turn|8\n|inactive|Time left: 300 sec this turn | 300 sec total\n|\n|t:|1783554367\n|move|p1a: Kingdra|Dragon Dance|p1a: Kingdra\n|-boost|p1a: Kingdra|atk|1\n|-boost|p1a: Kingdra|spe|1\n|move|p2a: Suicune|Scald|p1a: Kingdra\n|-resisted|p1a: Kingdra\n|-damage|p1a: Kingdra|244/263\n|\n|-heal|p2a: Suicune|60/100|[from] item: Leftovers\n|upkeep\n|turn|9\n|inactive|Time left: 300 sec this turn | 300 sec total\n|\n|t:|1783554368\n|move|p1a: Kingdra|Dragon Dance|p1a: Kingdra\n|-boost|p1a: Kingdra|atk|1\n|-boost|p1a: Kingdra|spe|1\n|move|p2a: Suicune|Ice Beam|p1a: Kingdra\n|-damage|p1a: Kingdra|190/263\n|\n|-heal|p2a: Suicune|66/100|[from] item: Leftovers\n|upkeep\n|turn|10\n|inactive|Time left: 300 sec this turn | 300 sec total\n|\n|t:|1783554369\n|move|p1a: Kingdra|Outrage|p2a: Suicune\n|-resisted|p2a: Suicune\n|-damage|p2a: Suicune|31/100\n|move|p2a: Suicune|Ice Beam|p1a: Kingdra\n|-damage|p1a: Kingdra|138/263\n|-status|p1a: Kingdra|frz\n|-enditem|p1a: Kingdra|Lum Berry|[eat]\n|-curestatus|p1a: Kingdra|frz|[msg]\n|\n|-heal|p2a: Suicune|37/100|[from] item: Leftovers\n|upkeep\n|turn|11\n|inactive|Time left: 300 sec this turn | 300 sec total\n|\n|t:|1783554370\n|move|p1a: Kingdra|Outrage|p2a: Suicune|[from] lockedmove\n|-resisted|p2a: Suicune\n|-damage|p2a: Suicune|4/100\n|-start|p1a: Kingdra|confusion|[fatigue]\n|move|p2a: Suicune|Ice Beam|p1a: Kingdra\n|-damage|p1a: Kingdra|79/263\n|\n|-heal|p2a: Suicune|10/100|[from] item: Leftovers\n|upkeep\n|turn|12\n|inactive|Time left: 300 sec this turn | 300 sec total\n|\n|t:|1783554371\n|-activate|p1a: Kingdra|confusion\n|move|p1a: Kingdra|Outrage|p2a: Suicune\n|-resisted|p2a: Suicune\n|-damage|p2a: Suicune|0 fnt\n|faint|p2a: Suicune\n|\n|upkeep\n|\n|t:|1783554372\n|switch|p2a: Camerupt|Camerupt, L91, F|100/100\n|turn|13\n|inactive|Time left: 300 sec this turn | 300 sec total\n|\n|t:|1783554373\n|-activate|p1a: Kingdra|confusion\n|-damage|p1a: Kingdra|26/263|[from] confusion\n|move|p2a: Camerupt|Earthquake|p1a: Kingdra\n|-damage|p1a: Kingdra|0 fnt\n|faint|p1a: Kingdra\n|\n|upkeep\n|inactive|Time left: 300 sec this turn | 300 sec total | 5 sec grace\n|\n|t:|1783554374\n|switch|p1a: Suicune|Suicune, L82|298/298\n|-ability|p1a: Suicune|Pressure\n|turn|14\n|inactive|Time left: 300 sec this turn | 300 sec total\n|\n|t:|1783554375\n|switch|p2a: Komala|Komala, L87, F|100/100\n|-ability|p2a: Komala|Comatose\n|move|p1a: Suicune|Calm Mind|p1a: Suicune\n|-boost|p1a: Suicune|spa|1\n|-boost|p1a: Suicune|spd|1\n|\n|upkeep\n|turn|15\n|inactive|Time left: 300 sec this turn | 300 sec total\n|\n|t:|1783554376\n|move|p1a: Suicune|Calm Mind|p1a: Suicune\n|-boost|p1a: Suicune|spa|1\n|-boost|p1a: Suicune|spd|1\n|move|p2a: Komala|Body Slam|p1a: Suicune\n|-damage|p1a: Suicune|213/298\n|\n|-heal|p1a: Suicune|231/298|[from] item: Leftovers\n|upkeep\n|turn|16\n|inactive|Time left: 300 sec this turn | 300 sec total\n|\n|t:|1783554377\n|move|p1a: Suicune|Scald|p2a: Komala\n|-damage|p2a: Komala|67/100\n|move|p2a: Komala|Knock Off|p1a: Suicune\n|-damage|p1a: Suicune|163/298\n|-enditem|p1a: Suicune|Leftovers|[from] move: Knock Off|[of] p2a: Komala\n|\n|upkeep\n|turn|17\n|inactive|Time left: 300 sec this turn | 300 sec total\n|\n|t:|1783554379\n|move|p1a: Suicune|Scald|p2a: Komala\n|-damage|p2a: Komala|30/100\n|move|p2a: Komala|Rapid Spin|p1a: Suicune\n|-damage|p1a: Suicune|112/298\n|-boost|p2a: Komala|spe|1\n|\n|upkeep\n|turn|18\n|inactive|Time left: 300 sec this turn | 300 sec total\n|\n|t:|1783554380\n|move|p2a: Komala|Body Slam|p1a: Suicune\n|-damage|p1a: Suicune|18/298\n|move|p1a: Suicune|Scald|p2a: Komala\n|-damage|p2a: Komala|0 fnt\n|faint|p2a: Komala\n|\n|upkeep\n|\n|t:|1783554381\n|switch|p2a: Chandelure|Chandelure, L83, F|100/100\n|turn|19\n|inactive|Time left: 300 sec this turn | 300 sec total\n|\n|t:|1783554382\n|move|p2a: Chandelure|Shadow Ball|p1a: Suicune\n|-damage|p1a: Suicune|0 fnt\n|faint|p1a: Suicune\n|\n|upkeep\n|inactive|Time left: 300 sec this turn | 300 sec total | 5 sec grace\n|\n|t:|1783554383\n|switch|p1a: Arceus|Arceus-Fairy, L69|280/280\n|turn|20\n|inactive|Time left: 300 sec this turn | 300 sec total\n|\n|t:|1783554384\n|move|p2a: Chandelure|Shadow Ball|p1a: Arceus\n|-damage|p1a: Arceus|163/280\n|move|p1a: Arceus|Calm Mind|p1a: Arceus\n|-boost|p1a: Arceus|spa|1\n|-boost|p1a: Arceus|spd|1\n|\n|upkeep\n|turn|21\n|inactive|Time left: 300 sec this turn | 300 sec total\n|\n|t:|1783554385\n|move|p2a: Chandelure|Shadow Ball|p1a: Arceus\n|-damage|p1a: Arceus|90/280\n|move|p1a: Arceus|Recover|p1a: Arceus\n|-heal|p1a: Arceus|230/280\n|\n|upkeep\n|turn|22\n|inactive|Time left: 300 sec this turn | 300 sec total\n|\n|t:|1783554386\n|move|p2a: Chandelure|Shadow Ball|p1a: Arceus\n|-damage|p1a: Arceus|158/280\n|move|p1a: Arceus|Calm Mind|p1a: Arceus\n|-boost|p1a: Arceus|spa|1\n|-boost|p1a: Arceus|spd|1\n|\n|upkeep\n|turn|23\n|inactive|Time left: 300 sec this turn | 300 sec total\n|\n|t:|1783554387\n|move|p2a: Chandelure|Shadow Ball|p1a: Arceus\n|-damage|p1a: Arceus|104/280\n|-unboost|p1a: Arceus|spd|1\n|move|p1a: Arceus|Recover|p1a: Arceus\n|-heal|p1a: Arceus|244/280\n|\n|upkeep\n|turn|24\n|inactive|Time left: 300 sec this turn | 300 sec total\n|\n|t:|1783554388\n|switch|p2a: Zapdos|Zapdos, L78|100/100\n|move|p1a: Arceus|Earth Power|p2a: Zapdos\n|-immune|p2a: Zapdos\n|\n|upkeep\n|turn|25\n|inactive|Time left: 300 sec this turn | 300 sec total\n|\n|t:|1783554389\n|move|p1a: Arceus|Calm Mind|p1a: Arceus\n|-boost|p1a: Arceus|spa|1\n|-boost|p1a: Arceus|spd|1\n|move|p2a: Zapdos|Hurricane|p1a: Arceus\n|-damage|p1a: Arceus|180/280\n|-start|p1a: Arceus|confusion\n|\n|upkeep\n|turn|26\n|inactive|Time left: 300 sec this turn | 300 sec total\n|\n|t:|1783554390\n|switch|p2a: Camerupt|Camerupt, L91, F|100/100\n|-activate|p1a: Arceus|confusion\n|move|p1a: Arceus|Judgment|p2a: Camerupt\n|-resisted|p2a: Camerupt\n|-damage|p2a: Camerupt|48/100\n|\n|-heal|p2a: Camerupt|54/100|[from] item: Leftovers\n|upkeep\n|turn|27\n|inactive|Time left: 300 sec this turn | 300 sec total\n|\n|t:|1783554391\n|-activate|p1a: Arceus|confusion\n|move|p1a: Arceus|Earth Power|p2a: Camerupt\n|-supereffective|p2a: Camerupt\n|-damage|p2a: Camerupt|0 fnt\n|faint|p2a: Camerupt\n|\n|upkeep\n|\n|t:|1783554392\n|switch|p2a: Farigiraf|Farigiraf, L90, F|44/100\n|turn|28\n|inactive|Time left: 300 sec this turn | 300 sec total\n|\n|t:|1783554393\n|-activate|p1a: Arceus|confusion\n|-damage|p1a: Arceus|161/280|[from] confusion\n|move|p2a: Farigiraf|Body Slam|p1a: Arceus\n|-damage|p1a: Arceus|65/280\n|\n|-heal|p2a: Farigiraf|50/100|[from] item: Leftovers\n|upkeep\n|turn|29\n|inactive|Time left: 300 sec this turn | 300 sec total\n|\n|t:|1783554393\n|-terastallize|p1a: Arceus|Steel\n|-end|p1a: Arceus|confusion\n|move|p1a: Arceus|Recover|p1a: Arceus\n|-heal|p1a: Arceus|205/280\n|move|p2a: Farigiraf|Body Slam|p1a: Arceus\n|-resisted|p1a: Arceus\n|-damage|p1a: Arceus|160/280\n|-status|p1a: Arceus|par\n|\n|-heal|p2a: Farigiraf|57/100|[from] item: Leftovers\n|upkeep\n|turn|30\n|inactive|Time left: 300 sec this turn | 300 sec total\n|\n|t:|1783554394\n|move|p2a: Farigiraf|Psychic Noise|p1a: Arceus\n|-resisted|p1a: Arceus\n|-damage|p1a: Arceus|135/280 par\n|-start|p1a: Arceus|move: Heal Block\n|move|p1a: Arceus|Earth Power|p2a: Farigiraf\n|-damage|p2a: Farigiraf|20/100\n|-unboost|p2a: Farigiraf|spd|1\n|\n|-heal|p2a: Farigiraf|26/100|[from] item: Leftovers\n|upkeep\n|turn|31\n|inactive|Time left: 300 sec this turn | 300 sec total\n|\n|t:|1783554395\n|move|p2a: Farigiraf|Body Slam|p1a: Arceus\n|-resisted|p1a: Arceus\n|-damage|p1a: Arceus|85/280 par\n|move|p1a: Arceus|Calm Mind|p1a: Arceus\n|-boost|p1a: Arceus|spa|1\n|-boost|p1a: Arceus|spd|1\n|\n|-heal|p2a: Farigiraf|32/100|[from] item: Leftovers\n|-end|p1a: Arceus|move: Heal Block\n|upkeep\n|turn|32\n|inactive|Time left: 300 sec this turn | 300 sec total\n|\n|t:|1783554396\n|move|p2a: Farigiraf|Psychic Noise|p1a: Arceus\n|-resisted|p1a: Arceus\n|-damage|p1a: Arceus|67/280 par\n|-start|p1a: Arceus|move: Heal Block\n|cant|p1a: Arceus|move: Heal Block|Recover\n|\n|-heal|p2a: Farigiraf|38/100|[from] item: Leftovers\n|upkeep\n|turn|33\n|inactive|Time left: 300 sec this turn | 300 sec total\n|\n|t:|1783554397\n|move|p2a: Farigiraf|Body Slam|p1a: Arceus\n|-resisted|p1a: Arceus\n|-damage|p1a: Arceus|19/280 par\n|move|p1a: Arceus|Calm Mind|p1a: Arceus\n|-boost|p1a: Arceus|spa|1\n|-boost|p1a: Arceus|spd|1\n|\n|-heal|p2a: Farigiraf|44/100|[from] item: Leftovers\n|-end|p1a: Arceus|move: Heal Block\n|upkeep\n|turn|34\n|inactive|Time left: 300 sec this turn | 300 sec total\n|\n|t:|1783554398\n|move|p2a: Farigiraf|Body Slam|p1a: Arceus\n|-resisted|p1a: Arceus\n|-damage|p1a: Arceus|0 fnt\n|faint|p1a: Arceus\n|\n|win|p0y13138cad", "uploadtime": 1783554398, "views": 0, "rating": 0, "private": 0, "password": null, "_winner": "p0y13138cad", "_our_name": "p0x1313eae9"}