{"id": "battle-gen9randombattle-1855", "formatid": "gen9randombattle", "format": "[Gen 9] Random Battle", "players": ["p0x18554819", "p0y18553944"], "log": "|init|battle\n|title|p0x18554819 vs. p0y18553944\n|j|\u2606p0x18554819\n|j|\u2606p0y18553944\n|t:|1783560749\n|gametype|singles\n|player|p1|p0x18554819|170|\n|player|p2|p0y18553944|265|\n|gen|9\n|tier|[Gen 9] Random Battle\n|rule|Species Clause: Limit one of each Pok\u00e9mon\n|rule|HP Percentage Mod: HP is shown in percentages\n|rule|Sleep Clause Mod: Limit one foe put to sleep\n|rule|Illusion Level Mod: Illusion disguises the Pok\u00e9mon's true level\n|\n|t:|1783560749\n|teamsize|p1|6\n|teamsize|p2|6\n|start\n|switch|p1a: Ludicolo|Ludicolo, L90, F|100/100\n|switch|p2a: Okidogi|Okidogi, L77, M|262/262\n|turn|1\n|inactive|Battle timer is ON: inactive players will automatically lose when time's up. (requested by p0x18554819)\n|inactive|Time left: 300 sec this turn | 300 sec total | 60 sec grace\n|inactive|p0y18553944 also wants the timer to be on.\n|\n|t:|1783560751\n|switch|p1a: Great Tusk|Great Tusk, L77|100/100\n|move|p2a: Okidogi|Gunk Shot|p1a: Great Tusk\n|-resisted|p1a: Great Tusk\n|-damage|p1a: Great Tusk|82/100\n|-status|p1a: Great Tusk|psn\n|\n|-heal|p1a: Great Tusk|88/100 psn|[from] item: Leftovers\n|-damage|p1a: Great Tusk|75/100 psn|[from] psn\n|upkeep\n|turn|2\n|inactive|Time left: 300 sec this turn | 300 sec total\n|\n|t:|1783560753\n|move|p1a: Great Tusk|Earthquake|p2a: Okidogi\n|-supereffective|p2a: Okidogi\n|-damage|p2a: Okidogi|56/262\n|move|p2a: Okidogi|Drain Punch|p1a: Great Tusk\n|-damage|p1a: Great Tusk|52/100 psn\n|-heal|p2a: Okidogi|91/262|[from] drain|[of] p1a: Great Tusk\n|\n|-heal|p1a: Great Tusk|59/100 psn|[from] item: Leftovers\n|-damage|p1a: Great Tusk|46/100 psn|[from] psn\n|upkeep\n|turn|3\n|inactive|Time left: 300 sec this turn | 300 sec total\n|\n|t:|1783560754\n|switch|p2a: Vigoroth|Vigoroth, L85, M|275/275\n|move|p1a: Great Tusk|Earthquake|p2a: Vigoroth\n|-damage|p2a: Vigoroth|193/275\n|\n|-heal|p1a: Great Tusk|52/100 psn|[from] item: Leftovers\n|-damage|p1a: Great Tusk|40/100 psn|[from] psn\n|upkeep\n|turn|4\n|inactive|Time left: 300 sec this turn | 300 sec total\n|\n|t:|1783560755\n|move|p2a: Vigoroth|Bulk Up|p2a: Vigoroth\n|-boost|p2a: Vigoroth|atk|1\n|-boost|p2a: Vigoroth|def|1\n|move|p1a: Great Tusk|Close Combat|p2a: Vigoroth\n|-supereffective|p2a: Vigoroth\n|-damage|p2a: Vigoroth|61/275\n|-unboost|p1a: Great Tusk|def|1\n|-unboost|p1a: Great Tusk|spd|1\n|\n|-heal|p1a: Great Tusk|46/100 psn|[from] item: Leftovers\n|-damage|p1a: Great Tusk|34/100 psn|[from] psn\n|upkeep\n|turn|5\n|inactive|Time left: 300 sec this turn | 300 sec total\n|\n|t:|1783560756\n|-end|p1a: Great Tusk|Protosynthesis|[silent]\n|switch|p1a: Ludicolo|Ludicolo, L90, F|100/100\n|move|p2a: Vigoroth|Slack Off|p2a: Vigoroth\n|-heal|p2a: Vigoroth|199/275\n|\n|upkeep\n|turn|6\n|inactive|Time left: 300 sec this turn | 300 sec total\n|\n|t:|1783560757\n|move|p2a: Vigoroth|Body Slam|p1a: Ludicolo\n|-damage|p1a: Ludicolo|52/100\n|move|p1a: Ludicolo|Giga Drain|p2a: Vigoroth\n|-damage|p2a: Vigoroth|92/275\n|-heal|p1a: Ludicolo|70/100|[from] drain|[of] p2a: Vigoroth\n|-damage|p1a: Ludicolo|60/100|[from] item: Life Orb\n|\n|upkeep\n|turn|7\n|inactive|Time left: 300 sec this turn | 300 sec total\n|\n|t:|1783560759\n|move|p2a: Vigoroth|Slack Off|p2a: Vigoroth\n|-heal|p2a: Vigoroth|230/275\n|move|p1a: Ludicolo|Giga Drain|p2a: Vigoroth\n|-damage|p2a: Vigoroth|133/275\n|-heal|p1a: Ludicolo|77/100|[from] drain|[of] p2a: Vigoroth\n|-damage|p1a: Ludicolo|67/100|[from] item: Life Orb\n|\n|upkeep\n|turn|8\n|inactive|Time left: 300 sec this turn | 300 sec total\n|\n|t:|1783560760\n|move|p2a: Vigoroth|Body Slam|p1a: Ludicolo\n|-damage|p1a: Ludicolo|17/100\n|-status|p1a: Ludicolo|par\n|move|p1a: Ludicolo|Hydro Pump|p2a: Vigoroth\n|-damage|p2a: Vigoroth|0 fnt\n|faint|p2a: Vigoroth\n|-damage|p1a: Ludicolo|7/100 par|[from] item: Life Orb\n|\n|upkeep\n|inactive|Time left: 300 sec this turn | 300 sec total | 5 sec grace\n|\n|t:|1783560761\n|switch|p2a: Hitmonchan|Hitmonchan, L87, M|229/229\n|turn|9\n|inactive|Time left: 300 sec this turn | 300 sec total\n|\n|t:|1783560762\n|move|p2a: Hitmonchan|Bulk Up|p2a: Hitmonchan\n|-boost|p2a: Hitmonchan|atk|1\n|-boost|p2a: Hitmonchan|def|1\n|cant|p1a: Ludicolo|par\n|\n|upkeep\n|turn|10\n|inactive|Time left: 300 sec this turn | 300 sec total\n|\n|t:|1783560763\n|move|p2a: Hitmonchan|Drain Punch|p1a: Ludicolo\n|-crit|p1a: Ludicolo\n|-damage|p1a: Ludicolo|0 fnt\n|faint|p1a: Ludicolo\n|\n|upkeep\n|\n|t:|1783560764\n|switch|p1a: Typhlosion|Typhlosion-Hisui, L83, F|100/100\n|turn|11\n|inactive|Time left: 300 sec this turn | 300 sec total\n|\n|t:|1783560765\n|move|p1a: Typhlosion|Substitute|p1a: Typhlosion\n|-start|p1a: Typhlosion|Substitute\n|-damage|p1a: Typhlosion|76/100\n|move|p2a: Hitmonchan|Knock Off|p1a: Typhlosion\n|-supereffective|p1a: Typhlosion\n|-end|p1a: Typhlosion|Substitute\n|\n|-heal|p1a: Typhlosion|82/100|[from] item: Leftovers\n|upkeep\n|turn|12\n|inactive|Time left: 300 sec this turn | 300 sec total\n|\n|t:|1783560766\n|move|p1a: Typhlosion|Substitute|p1a: Typhlosion\n|-start|p1a: Typhlosion|Substitute\n|-damage|p1a: Typhlosion|57/100\n|move|p2a: Hitmonchan|Knock Off|p1a: Typhlosion\n|-supereffective|p1a: Typhlosion\n|-end|p1a: Typhlosion|Substitute\n|\n|-heal|p1a: Typhlosion|63/100|[from] item: Leftovers\n|upkeep\n|turn|13\n|inactive|Time left: 300 sec this turn | 300 sec total\n|\n|t:|1783560767\n|move|p1a: Typhlosion|Substitute|p1a: Typhlosion\n|-start|p1a: Typhlosion|Substitute\n|-damage|p1a: Typhlosion|38/100\n|move|p2a: Hitmonchan|Knock Off|p1a: Typhlosion\n|-supereffective|p1a: Typhlosion\n|-end|p1a: Typhlosion|Substitute\n|\n|-heal|p1a: Typhlosion|44/100|[from] item: Leftovers\n|upkeep\n|turn|14\n|inactive|Time left: 300 sec this turn | 300 sec total\n|\n|t:|1783560768\n|move|p1a: Typhlosion|Substitute|p1a: Typhlosion\n|-start|p1a: Typhlosion|Substitute\n|-damage|p1a: Typhlosion|20/100\n|move|p2a: Hitmonchan|Knock Off|p1a: Typhlosion\n|-supereffective|p1a: Typhlosion\n|-end|p1a: Typhlosion|Substitute\n|\n|-heal|p1a: Typhlosion|26/100|[from] item: Leftovers\n|upkeep\n|turn|15\n|inactive|Time left: 300 sec this turn | 300 sec total\n|\n|t:|1783560769\n|move|p1a: Typhlosion|Fire Blast|p2a: Hitmonchan\n|-damage|p2a: Hitmonchan|75/229\n|move|p2a: Hitmonchan|Knock Off|p1a: Typhlosion\n|-supereffective|p1a: Typhlosion\n|-damage|p1a: Typhlosion|0 fnt\n|-enditem|p1a: Typhlosion|Leftovers|[from] move: Knock Off|[of] p2a: Hitmonchan\n|faint|p1a: Typhlosion\n|\n|-heal|p2a: Hitmonchan|89/229|[from] item: Leftovers\n|upkeep\n|\n|t:|1783560770\n|switch|p1a: Wugtrio|Wugtrio, L91, M|100/100\n|turn|16\n|inactive|Time left: 300 sec this turn | 300 sec total\n|\n|t:|1783560771\n|move|p1a: Wugtrio|Liquidation|p2a: Hitmonchan\n|-damage|p2a: Hitmonchan|0 fnt\n|faint|p2a: Hitmonchan\n|\n|upkeep\n|inactive|Time left: 300 sec this turn | 300 sec total | 5 sec grace\n|\n|t:|1783560772\n|switch|p2a: Sandy Shocks|Sandy Shocks, L80|267/267\n|turn|17\n|inactive|Time left: 300 sec this turn | 300 sec total\n|\n|t:|1783560773\n|-terastallize|p2a: Sandy Shocks|Grass\n|move|p1a: Wugtrio|Liquidation|p2a: Sandy Shocks\n|-resisted|p2a: Sandy Shocks\n|-damage|p2a: Sandy Shocks|184/267\n|move|p2a: Sandy Shocks|Thunderbolt|p1a: Wugtrio\n|-supereffective|p1a: Wugtrio\n|-damage|p1a: Wugtrio|0 fnt\n|faint|p1a: Wugtrio\n|\n|upkeep\n|\n|t:|1783560774\n|switch|p1a: Breloom|Breloom, L83, M|100/100\n|turn|18\n|inactive|Time left: 300 sec this turn | 300 sec total\n|\n|t:|1783560775\n|-end|p2a: Sandy Shocks|Protosynthesis|[silent]\n|switch|p2a: Metagross|Metagross, L79|256/256\n|move|p1a: Breloom|Swords Dance|p1a: Breloom\n|-boost|p1a: Breloom|atk|2\n|\n|upkeep\n|turn|19\n|inactive|Time left: 300 sec this turn | 300 sec total\n|\n|t:|1783560776\n|move|p1a: Breloom|Spore|p2a: Metagross\n|-status|p2a: Metagross|slp|[from] move: Spore\n|cant|p2a: Metagross|slp\n|\n|upkeep\n|turn|20\n|inactive|Time left: 300 sec this turn | 300 sec total\n|\n|t:|1783560777\n|move|p1a: Breloom|Bullet Seed|p2a: Metagross\n|-resisted|p2a: Metagross\n|-damage|p2a: Metagross|205/256 slp\n|-resisted|p2a: Metagross\n|-damage|p2a: Metagross|156/256 slp\n|-resisted|p2a: Metagross\n|-damage|p2a: Metagross|104/256 slp\n|-hitcount|p2a: Metagross|3\n|-damage|p1a: Breloom|91/100|[from] item: Life Orb\n|cant|p2a: Metagross|slp\n|\n|-heal|p2a: Metagross|120/256 slp|[from] item: Leftovers\n|upkeep\n|turn|21\n|inactive|Time left: 300 sec this turn | 300 sec total\n|\n|t:|1783560778\n|-curestatus|p2a: Metagross|slp|[msg]\n|move|p2a: Metagross|Bullet Punch|p1a: Breloom\n|-damage|p1a: Breloom|70/100\n|move|p1a: Breloom|Bullet Seed|p2a: Metagross\n|-resisted|p2a: Metagross\n|-damage|p2a: Metagross|69/256\n|-resisted|p2a: Metagross\n|-damage|p2a: Metagross|16/256\n|-resisted|p2a: Metagross\n|-damage|p2a: Metagross|0 fnt\n|faint|p2a: Metagross\n|-hitcount|p2: Metagross|3\n|-damage|p1a: Breloom|60/100|[from] item: Life Orb\n|\n|upkeep\n|inactive|Time left: 300 sec this turn | 300 sec total | 5 sec grace\n|\n|t:|1783560778\n|switch|p2a: Sandy Shocks|Sandy Shocks, L80, tera:Grass|184/267\n|turn|22\n|inactive|Time left: 300 sec this turn | 300 sec total\n|\n|t:|1783560779\n|move|p1a: Breloom|Mach Punch|p2a: Sandy Shocks\n|-damage|p2a: Sandy Shocks|0 fnt\n|faint|p2a: Sandy Shocks\n|-end|p2a: Sandy Shocks|Protosynthesis|[silent]\n|-damage|p1a: Breloom|50/100|[from] item: Life Orb\n|\n|upkeep\n|inactive|Time left: 300 sec this turn | 300 sec total | 5 sec grace\n|\n|t:|1783560780\n|switch|p2a: Okidogi|Okidogi, L77, M|91/262\n|turn|23\n|inactive|Time left: 300 sec this turn | 300 sec total\n|\n|t:|1783560781\n|-terastallize|p1a: Breloom|Fighting\n|move|p1a: Breloom|Mach Punch|p2a: Okidogi\n|-resisted|p2a: Okidogi\n|-damage|p2a: Okidogi|0 fnt\n|faint|p2a: Okidogi\n|-damage|p1a: Breloom|40/100|[from] item: Life Orb\n|\n|upkeep\n|inactive|Time left: 300 sec this turn | 300 sec total | 5 sec grace\n|\n|t:|1783560781\n|switch|p2a: Cryogonal|Cryogonal, L89|287/287\n|turn|24\n|inactive|Time left: 300 sec this turn | 300 sec total\n|\n|t:|1783560782\n|move|p1a: Breloom|Mach Punch|p2a: Cryogonal\n|-supereffective|p2a: Cryogonal\n|-damage|p2a: Cryogonal|0 fnt\n|faint|p2a: Cryogonal\n|-damage|p1a: Breloom|31/100|[from] item: Life Orb\n|\n|win|p0x18554819", "uploadtime": 1783560782, "views": 0, "rating": 0, "private": 0, "password": null, "_winner": "p0x18554819", "_our_name": "p0y18553944"}