{"id": "battle-gen9randombattle-2303", "formatid": "gen9randombattle", "format": "[Gen 9] Random Battle", "players": ["p0x23034cad", "p0y2303b4a5"], "log": "|init|battle\n|title|p0x23034cad vs. p0y2303b4a5\n|j|\u2606p0x23034cad\n|j|\u2606p0y2303b4a5\n|t:|1783565729\n|gametype|singles\n|player|p1|p0x23034cad|1|\n|player|p2|p0y2303b4a5|170|\n|gen|9\n|tier|[Gen 9] Random Battle\n|rule|Species Clause: Limit one of each Pok\u00e9mon\n|rule|HP Percentage Mod: HP is shown in percentages\n|rule|Sleep Clause Mod: Limit one foe put to sleep\n|rule|Illusion Level Mod: Illusion disguises the Pok\u00e9mon's true level\n|\n|t:|1783565729\n|teamsize|p1|6\n|teamsize|p2|6\n|start\n|switch|p1a: Cloyster|Cloyster, L80, M|211/211\n|switch|p2a: Whiscash|Whiscash, L88, F|100/100\n|turn|1\n|inactive|Battle timer is ON: inactive players will automatically lose when time's up. (requested by p0x23034cad)\n|inactive|p0y2303b4a5 also wants the timer to be on.\n|\n|t:|1783565731\n|move|p1a: Cloyster|Shell Smash|p1a: Cloyster\n|-unboost|p1a: Cloyster|def|1\n|-unboost|p1a: Cloyster|spd|1\n|-boost|p1a: Cloyster|atk|2\n|-boost|p1a: Cloyster|spa|2\n|-boost|p1a: Cloyster|spe|2\n|-enditem|p1a: Cloyster|White Herb\n|-clearnegativeboost|p1a: Cloyster|[silent]\n|move|p2a: Whiscash|Stone Edge|p1a: Cloyster|[miss]\n|-miss|p2a: Whiscash|p1a: Cloyster\n|\n|upkeep\n|turn|2\n|inactive|Time left: 300 sec this turn | 300 sec total\n|\n|t:|1783565732\n|switch|p2a: Poliwrath|Poliwrath, L88, M|100/100\n|move|p1a: Cloyster|Icicle Spear|p2a: Poliwrath\n|-resisted|p2a: Poliwrath\n|-damage|p2a: Poliwrath|94/100\n|-resisted|p2a: Poliwrath\n|-damage|p2a: Poliwrath|86/100\n|-resisted|p2a: Poliwrath\n|-damage|p2a: Poliwrath|79/100\n|-resisted|p2a: Poliwrath\n|-damage|p2a: Poliwrath|71/100\n|-resisted|p2a: Poliwrath\n|-damage|p2a: Poliwrath|63/100\n|-hitcount|p2a: Poliwrath|5\n|\n|-heal|p2a: Poliwrath|69/100|[from] item: Leftovers\n|upkeep\n|turn|3\n|inactive|Time left: 300 sec this turn | 300 sec total\n|\n|t:|1783565733\n|move|p1a: Cloyster|Icicle Spear|p2a: Poliwrath\n|-resisted|p2a: Poliwrath\n|-damage|p2a: Poliwrath|61/100\n|-resisted|p2a: Poliwrath\n|-damage|p2a: Poliwrath|54/100\n|-resisted|p2a: Poliwrath\n|-damage|p2a: Poliwrath|48/100\n|-resisted|p2a: Poliwrath\n|-damage|p2a: Poliwrath|41/100\n|-resisted|p2a: Poliwrath\n|-damage|p2a: Poliwrath|33/100\n|-hitcount|p2a: Poliwrath|5\n|move|p2a: Poliwrath|Drain Punch|p1a: Cloyster\n|-supereffective|p1a: Cloyster\n|-damage|p1a: Cloyster|113/211\n|-heal|p2a: Poliwrath|49/100|[from] drain|[of] p1a: Cloyster\n|\n|-heal|p2a: Poliwrath|55/100|[from] item: Leftovers\n|upkeep\n|turn|4\n|inactive|Time left: 300 sec this turn | 300 sec total\n|\n|t:|1783565734\n|move|p1a: Cloyster|Icicle Spear|p2a: Poliwrath\n|-resisted|p2a: Poliwrath\n|-damage|p2a: Poliwrath|47/100\n|-resisted|p2a: Poliwrath\n|-damage|p2a: Poliwrath|40/100\n|-resisted|p2a: Poliwrath\n|-damage|p2a: Poliwrath|32/100\n|-resisted|p2a: Poliwrath\n|-damage|p2a: Poliwrath|24/100\n|-resisted|p2a: Poliwrath\n|-damage|p2a: Poliwrath|17/100\n|-hitcount|p2a: Poliwrath|5\n|move|p2a: Poliwrath|Drain Punch|p1a: Cloyster\n|-supereffective|p1a: Cloyster\n|-damage|p1a: Cloyster|17/211\n|-heal|p2a: Poliwrath|33/100|[from] drain|[of] p1a: Cloyster\n|\n|-heal|p2a: Poliwrath|39/100|[from] item: Leftovers\n|upkeep\n|turn|5\n|inactive|Time left: 300 sec this turn | 300 sec total\n|\n|t:|1783565735\n|-terastallize|p1a: Cloyster|Ground\n|move|p1a: Cloyster|Drill Run|p2a: Poliwrath\n|-damage|p2a: Poliwrath|0 fnt\n|faint|p2a: Poliwrath\n|\n|upkeep\n|\n|t:|1783565736\n|switch|p2a: Iron Boulder|Iron Boulder, L77|100/100\n|-enditem|p2a: Iron Boulder|Booster Energy\n|-activate|p2a: Iron Boulder|ability: Quark Drive|[fromitem]\n|-start|p2a: Iron Boulder|quarkdrivespe\n|turn|6\n|inactive|Time left: 300 sec this turn | 300 sec total\n|\n|t:|1783565737\n|move|p2a: Iron Boulder|Mighty Cleave|p1a: Cloyster\n|-resisted|p1a: Cloyster\n|-damage|p1a: Cloyster|0 fnt\n|faint|p1a: Cloyster\n|\n|upkeep\n|inactive|Time left: 300 sec this turn | 300 sec total | 5 sec grace\n|\n|t:|1783565738\n|switch|p1a: Zacian|Zacian, L69|241/241\n|-ability|p1a: Zacian|Intrepid Sword|boost\n|-boost|p1a: Zacian|atk|1\n|turn|7\n|inactive|Time left: 300 sec this turn | 300 sec total\n|\n|t:|1783565739\n|move|p2a: Iron Boulder|Swords Dance|p2a: Iron Boulder\n|-boost|p2a: Iron Boulder|atk|2\n|move|p1a: Zacian|Swords Dance|p1a: Zacian\n|-boost|p1a: Zacian|atk|2\n|\n|upkeep\n|turn|8\n|inactive|Time left: 300 sec this turn | 300 sec total\n|\n|t:|1783565740\n|move|p2a: Iron Boulder|Mighty Cleave|p1a: Zacian\n|-damage|p1a: Zacian|33/241\n|move|p1a: Zacian|Play Rough|p2a: Iron Boulder\n|-damage|p2a: Iron Boulder|0 fnt\n|faint|p2a: Iron Boulder\n|-end|p2a: Iron Boulder|Quark Drive|[silent]\n|-damage|p1a: Zacian|9/241|[from] item: Life Orb\n|\n|upkeep\n|\n|t:|1783565741\n|switch|p2a: Uxie|Uxie, L83|100/100\n|turn|9\n|inactive|Time left: 300 sec this turn | 300 sec total\n|\n|t:|1783565742\n|move|p1a: Zacian|Play Rough|p2a: Uxie\n|-damage|p2a: Uxie|32/100\n|-damage|p1a: Zacian|0 fnt|[from] item: Life Orb\n|faint|p1a: Zacian\n|move|p2a: Uxie|Stealth Rock|p1: Zacian\n|-sidestart|p1: p0x23034cad|move: Stealth Rock\n|\n|-heal|p2a: Uxie|39/100|[from] item: Leftovers\n|upkeep\n|inactive|Time left: 300 sec this turn | 300 sec total | 5 sec grace\n|\n|t:|1783565743\n|switch|p1a: Flareon|Flareon, L90, F|263/263\n|-damage|p1a: Flareon|198/263|[from] Stealth Rock\n|turn|10\n|inactive|Time left: 300 sec this turn | 300 sec total\n|\n|t:|1783565744\n|move|p2a: Uxie|Thunder Wave|p1a: Flareon\n|-status|p1a: Flareon|par\n|move|p1a: Flareon|Flare Blitz|p2a: Uxie\n|-damage|p2a: Uxie|0 fnt\n|faint|p2a: Uxie\n|-damage|p1a: Flareon|165/263 par|[from] Recoil\n|\n|upkeep\n|\n|t:|1783565745\n|switch|p2a: Whiscash|Whiscash, L88, F|100/100\n|turn|11\n|inactive|Time left: 300 sec this turn | 300 sec total\n|\n|t:|1783565746\n|switch|p1a: Cyclizar|Cyclizar, L84, M|255/255\n|move|p2a: Whiscash|Earthquake|p1a: Cyclizar\n|-damage|p1a: Cyclizar|94/255\n|-damage|p2a: Whiscash|91/100|[from] item: Life Orb\n|\n|upkeep\n|turn|12\n|inactive|Time left: 300 sec this turn | 300 sec total\n|\n|t:|1783565747\n|move|p1a: Cyclizar|Rapid Spin|p2a: Whiscash\n|-damage|p2a: Whiscash|74/100\n|-boost|p1a: Cyclizar|spe|1\n|-sideend|p1: p0x23034cad|Stealth Rock|[from] move: Rapid Spin|[of] p1a: Cyclizar\n|move|p2a: Whiscash|Dragon Dance|p2a: Whiscash\n|-boost|p2a: Whiscash|atk|1\n|-boost|p2a: Whiscash|spe|1\n|\n|upkeep\n|turn|13\n|inactive|Time left: 300 sec this turn | 300 sec total\n|\n|t:|1783565748\n|move|p1a: Cyclizar|Draco Meteor|p2a: Whiscash\n|-damage|p2a: Whiscash|33/100\n|-unboost|p1a: Cyclizar|spa|2\n|move|p2a: Whiscash|Dragon Dance|p2a: Whiscash\n|-boost|p2a: Whiscash|atk|1\n|-boost|p2a: Whiscash|spe|1\n|\n|upkeep\n|turn|14\n|inactive|Time left: 300 sec this turn | 300 sec total\n|\n|t:|1783565749\n|move|p1a: Cyclizar|Rapid Spin|p2a: Whiscash\n|-damage|p2a: Whiscash|17/100\n|-boost|p1a: Cyclizar|spe|1\n|move|p2a: Whiscash|Earthquake|p1a: Cyclizar\n|-damage|p1a: Cyclizar|0 fnt\n|faint|p1a: Cyclizar\n|-damage|p2a: Whiscash|7/100|[from] item: Life Orb\n|\n|upkeep\n|inactive|Time left: 300 sec this turn | 300 sec total | 5 sec grace\n|\n|t:|1783565751\n|switch|p1a: Flareon|Flareon, L90, F|165/263 par\n|turn|15\n|inactive|Time left: 300 sec this turn | 300 sec total\n|\n|t:|1783565752\n|move|p1a: Flareon|Quick Attack|p2a: Whiscash\n|-damage|p2a: Whiscash|0 fnt\n|faint|p2a: Whiscash\n|\n|upkeep\n|\n|t:|1783565753\n|switch|p2a: Iron Treads|Iron Treads, L77|100/100\n|turn|16\n|inactive|Time left: 300 sec this turn | 300 sec total\n|\n|t:|1783565753\n|move|p2a: Iron Treads|Earthquake|p1a: Flareon\n|-supereffective|p1a: Flareon\n|-damage|p1a: Flareon|0 fnt\n|faint|p1a: Flareon\n|\n|upkeep\n|inactive|Time left: 300 sec this turn | 300 sec total | 5 sec grace\n|\n|t:|1783565754\n|switch|p1a: Pachirisu|Pachirisu, L96, M|271/271\n|turn|17\n|inactive|Time left: 300 sec this turn | 300 sec total\n|\n|t:|1783565755\n|move|p1a: Pachirisu|Super Fang|p2a: Iron Treads|[miss]\n|-miss|p1a: Pachirisu|p2a: Iron Treads\n|move|p2a: Iron Treads|Earthquake|p1a: Pachirisu\n|-supereffective|p1a: Pachirisu\n|-damage|p1a: Pachirisu|65/271\n|\n|upkeep\n|turn|18\n|inactive|Time left: 300 sec this turn | 300 sec total\n|\n|t:|1783565756\n|move|p1a: Pachirisu|U-turn|p2a: Iron Treads\n|-resisted|p2a: Iron Treads\n|-crit|p2a: Iron Treads\n|-damage|p2a: Iron Treads|91/100\n|inactive|Time left: 300 sec this turn | 300 sec total | 5 sec grace\n|\n|t:|1783565757\n|switch|p1a: Probopass|Probopass, L91, F|257/257|[from] U-turn\n|move|p2a: Iron Treads|Earthquake|p1a: Probopass\n|-supereffective|p1a: Probopass\n|-damage|p1a: Probopass|1/257\n|\n|-heal|p1a: Probopass|17/257|[from] item: Leftovers\n|upkeep\n|turn|19\n|inactive|Time left: 300 sec this turn | 300 sec total\n|\n|t:|1783565757\n|move|p2a: Iron Treads|Earthquake|p1a: Probopass\n|-supereffective|p1a: Probopass\n|-damage|p1a: Probopass|0 fnt\n|faint|p1a: Probopass\n|\n|upkeep\n|inactive|Time left: 300 sec this turn | 300 sec total | 5 sec grace\n|\n|t:|1783565758\n|switch|p1a: Pachirisu|Pachirisu, L96, M|65/271\n|turn|20\n|inactive|Time left: 300 sec this turn | 300 sec total\n|\n|t:|1783565759\n|move|p1a: Pachirisu|Discharge|p2a: Iron Treads\n|-immune|p2a: Iron Treads\n|move|p2a: Iron Treads|Earthquake|p1a: Pachirisu\n|-supereffective|p1a: Pachirisu\n|-damage|p1a: Pachirisu|0 fnt\n|faint|p1a: Pachirisu\n|\n|win|p0y2303b4a5", "uploadtime": 1783565759, "views": 0, "rating": 0, "private": 0, "password": null, "_winner": "p0y2303b4a5", "_our_name": "p0x23034cad"}