{"id": "battle-gen9randombattle-1364", "formatid": "gen9randombattle", "format": "[Gen 9] Random Battle", "players": ["p0x136498cb", "p0y1364535b"], "log": "|init|battle\n|title|p0x136498cb vs. p0y1364535b\n|j|\u2606p0x136498cb\n|j|\u2606p0y1364535b\n|t:|1783555838\n|gametype|singles\n|player|p1|p0x136498cb|1|\n|player|p2|p0y1364535b|169|\n|gen|9\n|tier|[Gen 9] Random Battle\n|rule|Species Clause: Limit one of each Pok\u00e9mon\n|rule|HP Percentage Mod: HP is shown in percentages\n|rule|Sleep Clause Mod: Limit one foe put to sleep\n|rule|Illusion Level Mod: Illusion disguises the Pok\u00e9mon's true level\n|\n|t:|1783555838\n|teamsize|p1|6\n|teamsize|p2|6\n|start\n|switch|p1a: Honchkrow|Honchkrow, L86, M|312/312\n|switch|p2a: Lucario|Lucario, L84, M|100/100\n|turn|1\n|inactive|Battle timer is ON: inactive players will automatically lose when time's up. (requested by p0x136498cb)\n|\n|t:|1783555839\n|move|p2a: Lucario|Flash Cannon|p1a: Honchkrow\n|-damage|p1a: Honchkrow|133/312\n|-damage|p2a: Lucario|91/100|[from] item: Life Orb\n|move|p1a: Honchkrow|Brave Bird|p2a: Lucario\n|-damage|p2a: Lucario|15/100\n|-damage|p1a: Honchkrow|69/312|[from] Recoil\n|\n|upkeep\n|turn|2\n|inactive|Time left: 300 sec this turn | 300 sec total\n|inactive|p0y1364535b also wants the timer to be on.\n|\n|t:|1783555840\n|switch|p1a: Rotom|Rotom, L88|231/231\n|move|p2a: Lucario|Vacuum Wave|p1a: Rotom\n|-immune|p1a: Rotom\n|\n|upkeep\n|turn|3\n|inactive|Time left: 300 sec this turn | 300 sec total\n|\n|t:|1783555841\n|switch|p2a: Hydrapple|Hydrapple, L83, M|100/100\n|move|p1a: Rotom|Shadow Ball|p2a: Hydrapple\n|-damage|p2a: Hydrapple|58/100\n|-damage|p1a: Rotom|208/231|[from] item: Life Orb\n|\n|upkeep\n|turn|4\n|inactive|Time left: 300 sec this turn | 300 sec total\n|\n|t:|1783555843\n|move|p1a: Rotom|Nasty Plot|p1a: Rotom\n|-boost|p1a: Rotom|spa|2\n|move|p2a: Hydrapple|Fickle Beam|p1a: Rotom\n|-damage|p1a: Rotom|46/231\n|\n|upkeep\n|turn|5\n|inactive|Time left: 300 sec this turn | 300 sec total\n|\n|t:|1783555844\n|move|p1a: Rotom|Shadow Ball|p2a: Hydrapple\n|-damage|p2a: Hydrapple|0 fnt\n|faint|p2a: Hydrapple\n|-damage|p1a: Rotom|23/231|[from] item: Life Orb\n|\n|upkeep\n|\n|t:|1783555845\n|switch|p2a: Wugtrio|Wugtrio, L91, M|100/100\n|turn|6\n|inactive|Time left: 300 sec this turn | 300 sec total\n|\n|t:|1783555846\n|switch|p1a: Chesnaught|Chesnaught, L84, M|285/285\n|move|p2a: Wugtrio|Liquidation|p1a: Chesnaught\n|-resisted|p1a: Chesnaught\n|-damage|p1a: Chesnaught|223/285\n|\n|-heal|p1a: Chesnaught|240/285|[from] item: Leftovers\n|upkeep\n|turn|7\n|inactive|Time left: 300 sec this turn | 300 sec total\n|\n|t:|1783555847\n|move|p2a: Wugtrio|Liquidation|p1a: Chesnaught\n|-resisted|p1a: Chesnaught\n|-damage|p1a: Chesnaught|177/285\n|move|p1a: Chesnaught|Trailblaze|p2a: Wugtrio\n|-supereffective|p2a: Wugtrio\n|-damage|p2a: Wugtrio|24/100\n|-boost|p1a: Chesnaught|spe|1\n|-ability|p2a: Wugtrio|Gooey\n|-unboost|p1a: Chesnaught|spe|1\n|\n|-heal|p1a: Chesnaught|194/285|[from] item: Leftovers\n|upkeep\n|turn|8\n|inactive|Time left: 300 sec this turn | 300 sec total\n|\n|t:|1783555848\n|move|p2a: Wugtrio|Liquidation|p1a: Chesnaught\n|-resisted|p1a: Chesnaught\n|-damage|p1a: Chesnaught|126/285\n|-unboost|p1a: Chesnaught|def|1\n|move|p1a: Chesnaught|Trailblaze|p2a: Wugtrio\n|-supereffective|p2a: Wugtrio\n|-damage|p2a: Wugtrio|0 fnt\n|-boost|p1a: Chesnaught|spe|1\n|-ability|p2a: Wugtrio|Gooey\n|-unboost|p1a: Chesnaught|spe|1\n|faint|p2a: Wugtrio\n|\n|-heal|p1a: Chesnaught|143/285|[from] item: Leftovers\n|upkeep\n|\n|t:|1783555850\n|switch|p2a: Froslass|Froslass, L87, F|100/100\n|turn|9\n|inactive|Time left: 300 sec this turn | 300 sec total\n|\n|t:|1783555851\n|switch|p1a: Emboar|Emboar, L84, F|322/322\n|move|p2a: Froslass|Triple Axel|p1a: Emboar\n|-resisted|p1a: Emboar\n|-damage|p1a: Emboar|309/322\n|-resisted|p1a: Emboar\n|-damage|p1a: Emboar|284/322\n|-resisted|p1a: Emboar\n|-damage|p1a: Emboar|250/322\n|-hitcount|p1a: Emboar|3\n|\n|upkeep\n|turn|10\n|inactive|Time left: 300 sec this turn | 300 sec total\n|\n|t:|1783555852\n|move|p2a: Froslass|Destiny Bond|p2a: Froslass\n|-singlemove|p2a: Froslass|Destiny Bond\n|move|p1a: Emboar|Flare Blitz|p2a: Froslass\n|-supereffective|p2a: Froslass\n|-damage|p2a: Froslass|0 fnt\n|faint|p2a: Froslass\n|-activate|p2a: Froslass|move: Destiny Bond\n|faint|p1a: Emboar\n|\n|upkeep\n|inactive|Time left: 300 sec this turn | 300 sec total | 5 sec grace\n|\n|t:|1783555853\n|switch|p2a: Rabsca|Rabsca, L91, F|100/100\n|switch|p1a: Masquerain|Masquerain, L87, M|264/264\n|-ability|p1a: Masquerain|Intimidate|boost\n|-unboost|p2a: Rabsca|atk|1\n|turn|11\n|inactive|Time left: 300 sec this turn | 300 sec total\n|\n|t:|1783555854\n|move|p1a: Masquerain|Quiver Dance|p1a: Masquerain\n|-boost|p1a: Masquerain|spa|1\n|-boost|p1a: Masquerain|spd|1\n|-boost|p1a: Masquerain|spe|1\n|move|p2a: Rabsca|Psychic|p1a: Masquerain\n|-crit|p1a: Masquerain\n|-damage|p1a: Masquerain|56/264\n|\n|upkeep\n|turn|12\n|inactive|Time left: 300 sec this turn | 300 sec total\n|\n|t:|1783555855\n|-terastallize|p2a: Rabsca|Steel\n|move|p1a: Masquerain|Hurricane|p2a: Rabsca\n|-resisted|p2a: Rabsca\n|-damage|p2a: Rabsca|70/100\n|move|p2a: Rabsca|Psychic|p1a: Masquerain\n|-damage|p1a: Masquerain|0 fnt\n|faint|p1a: Masquerain\n|\n|upkeep\n|inactive|Time left: 300 sec this turn | 300 sec total | 5 sec grace\n|\n|t:|1783555856\n|switch|p1a: Chesnaught|Chesnaught, L84, M|143/285\n|turn|13\n|inactive|Time left: 300 sec this turn | 300 sec total\n|\n|t:|1783555857\n|move|p1a: Chesnaught|Body Press|p2a: Rabsca\n|-supereffective|p2a: Rabsca\n|-damage|p2a: Rabsca|0 fnt\n|faint|p2a: Rabsca\n|\n|-heal|p1a: Chesnaught|160/285|[from] item: Leftovers\n|upkeep\n|\n|t:|1783555858\n|switch|p2a: Lucario|Lucario, L84, M|15/100\n|turn|14\n|inactive|Time left: 300 sec this turn | 300 sec total\n|\n|t:|1783555859\n|move|p2a: Lucario|Flash Cannon|p1a: Chesnaught\n|-damage|p1a: Chesnaught|12/285\n|-damage|p2a: Lucario|5/100|[from] item: Life Orb\n|move|p1a: Chesnaught|Synthesis|p1a: Chesnaught\n|-heal|p1a: Chesnaught|154/285\n|\n|-heal|p1a: Chesnaught|171/285|[from] item: Leftovers\n|upkeep\n|turn|15\n|inactive|Time left: 300 sec this turn | 300 sec total\n|\n|t:|1783555860\n|move|p2a: Lucario|Nasty Plot|p2a: Lucario\n|-boost|p2a: Lucario|spa|2\n|move|p1a: Chesnaught|Synthesis|p1a: Chesnaught\n|-heal|p1a: Chesnaught|285/285\n|\n|upkeep\n|turn|16\n|inactive|Time left: 300 sec this turn | 300 sec total\n|\n|t:|1783555861\n|switch|p1a: Rotom|Rotom, L88|23/231\n|move|p2a: Lucario|Flash Cannon|p1a: Rotom\n|-resisted|p1a: Rotom\n|-damage|p1a: Rotom|0 fnt\n|faint|p1a: Rotom\n|-damage|p2a: Lucario|0 fnt|[from] item: Life Orb\n|faint|p2a: Lucario\n|\n|upkeep\n|inactive|Time left: 300 sec this turn | 300 sec total | 5 sec grace\n|\n|t:|1783555862\n|switch|p1a: Chesnaught|Chesnaught, L84, M|285/285\n|switch|p2a: Regigigas|Regigigas, L84|100/100\n|-start|p2a: Regigigas|ability: Slow Start\n|turn|17\n|inactive|Time left: 300 sec this turn | 300 sec total\n|\n|t:|1783555863\n|move|p1a: Chesnaught|Iron Defense|p1a: Chesnaught\n|-boost|p1a: Chesnaught|def|2\n|move|p2a: Regigigas|Substitute|p2a: Regigigas\n|-start|p2a: Regigigas|Substitute\n|-damage|p2a: Regigigas|76/100\n|\n|-heal|p2a: Regigigas|82/100|[from] item: Leftovers\n|upkeep\n|turn|18\n|inactive|Time left: 300 sec this turn | 300 sec total\n|\n|t:|1783555864\n|move|p2a: Regigigas|Protect|p2a: Regigigas\n|-singleturn|p2a: Regigigas|Protect\n|move|p1a: Chesnaught|Body Press|p2a: Regigigas\n|-activate|p2a: Regigigas|move: Protect\n|\n|-heal|p2a: Regigigas|88/100|[from] item: Leftovers\n|upkeep\n|turn|19\n|inactive|Time left: 300 sec this turn | 300 sec total\n|\n|t:|1783555865\n|move|p1a: Chesnaught|Body Press|p2a: Regigigas\n|-supereffective|p2a: Regigigas\n|-end|p2a: Regigigas|Substitute\n|move|p2a: Regigigas|Substitute|p2a: Regigigas\n|-start|p2a: Regigigas|Substitute\n|-damage|p2a: Regigigas|63/100\n|\n|-heal|p2a: Regigigas|69/100|[from] item: Leftovers\n|upkeep\n|turn|20\n|inactive|Time left: 300 sec this turn | 300 sec total\n|\n|t:|1783555866\n|move|p2a: Regigigas|Protect|p2a: Regigigas\n|-singleturn|p2a: Regigigas|Protect\n|move|p1a: Chesnaught|Body Press|p2a: Regigigas\n|-activate|p2a: Regigigas|move: Protect\n|\n|-heal|p2a: Regigigas|76/100|[from] item: Leftovers\n|upkeep\n|turn|21\n|inactive|Time left: 300 sec this turn | 300 sec total\n|\n|t:|1783555867\n|move|p1a: Chesnaught|Body Press|p2a: Regigigas\n|-supereffective|p2a: Regigigas\n|-end|p2a: Regigigas|Substitute\n|move|p2a: Regigigas|Substitute|p2a: Regigigas\n|-start|p2a: Regigigas|Substitute\n|-damage|p2a: Regigigas|51/100\n|\n|-heal|p2a: Regigigas|57/100|[from] item: Leftovers\n|-end|p2a: Regigigas|Slow Start\n|upkeep\n|turn|22\n|inactive|Time left: 300 sec this turn | 300 sec total\n|\n|t:|1783555868\n|move|p2a: Regigigas|Protect|p2a: Regigigas\n|-singleturn|p2a: Regigigas|Protect\n|move|p1a: Chesnaught|Body Press|p2a: Regigigas\n|-activate|p2a: Regigigas|move: Protect\n|\n|-heal|p2a: Regigigas|63/100|[from] item: Leftovers\n|upkeep\n|turn|23\n|inactive|Time left: 300 sec this turn | 300 sec total\n|\n|t:|1783555869\n|move|p2a: Regigigas|Body Slam|p1a: Chesnaught\n|-damage|p1a: Chesnaught|230/285\n|move|p1a: Chesnaught|Body Press|p2a: Regigigas\n|-supereffective|p2a: Regigigas\n|-end|p2a: Regigigas|Substitute\n|\n|-heal|p2a: Regigigas|69/100|[from] item: Leftovers\n|-heal|p1a: Chesnaught|247/285|[from] item: Leftovers\n|upkeep\n|turn|24\n|inactive|Time left: 300 sec this turn | 300 sec total\n|\n|t:|1783555871\n|move|p2a: Regigigas|Substitute|p2a: Regigigas\n|-start|p2a: Regigigas|Substitute\n|-damage|p2a: Regigigas|45/100\n|move|p1a: Chesnaught|Body Press|p2a: Regigigas\n|-supereffective|p2a: Regigigas\n|-end|p2a: Regigigas|Substitute\n|\n|-heal|p2a: Regigigas|51/100|[from] item: Leftovers\n|-heal|p1a: Chesnaught|264/285|[from] item: Leftovers\n|upkeep\n|turn|25\n|inactive|Time left: 300 sec this turn | 300 sec total\n|\n|t:|1783555872\n|move|p2a: Regigigas|Protect|p2a: Regigigas\n|-singleturn|p2a: Regigigas|Protect\n|move|p1a: Chesnaught|Body Press|p2a: Regigigas\n|-activate|p2a: Regigigas|move: Protect\n|\n|-heal|p2a: Regigigas|57/100|[from] item: Leftovers\n|-heal|p1a: Chesnaught|281/285|[from] item: Leftovers\n|upkeep\n|turn|26\n|inactive|Time left: 300 sec this turn | 300 sec total\n|\n|t:|1783555872\n|-terastallize|p1a: Chesnaught|Steel\n|move|p2a: Regigigas|Substitute|p2a: Regigigas\n|-start|p2a: Regigigas|Substitute\n|-damage|p2a: Regigigas|32/100\n|move|p1a: Chesnaught|Body Press|p2a: Regigigas\n|-supereffective|p2a: Regigigas\n|-end|p2a: Regigigas|Substitute\n|\n|-heal|p2a: Regigigas|38/100|[from] item: Leftovers\n|-heal|p1a: Chesnaught|285/285|[from] item: Leftovers\n|upkeep\n|turn|27\n|inactive|Time left: 300 sec this turn | 300 sec total\n|\n|t:|1783555873\n|move|p2a: Regigigas|Protect|p2a: Regigigas\n|-singleturn|p2a: Regigigas|Protect\n|move|p1a: Chesnaught|Body Press|p2a: Regigigas\n|-activate|p2a: Regigigas|move: Protect\n|\n|-heal|p2a: Regigigas|45/100|[from] item: Leftovers\n|upkeep\n|turn|28\n|inactive|Time left: 300 sec this turn | 300 sec total\n|\n|t:|1783555874\n|move|p2a: Regigigas|Substitute|p2a: Regigigas\n|-start|p2a: Regigigas|Substitute\n|-damage|p2a: Regigigas|20/100\n|move|p1a: Chesnaught|Body Press|p2a: Regigigas\n|-supereffective|p2a: Regigigas\n|-end|p2a: Regigigas|Substitute\n|\n|-heal|p2a: Regigigas|26/100|[from] item: Leftovers\n|upkeep\n|turn|29\n|inactive|Time left: 300 sec this turn | 300 sec total\n|\n|t:|1783555875\n|move|p2a: Regigigas|Protect|p2a: Regigigas\n|-singleturn|p2a: Regigigas|Protect\n|move|p1a: Chesnaught|Body Press|p2a: Regigigas\n|-activate|p2a: Regigigas|move: Protect\n|\n|-heal|p2a: Regigigas|32/100|[from] item: Leftovers\n|upkeep\n|turn|30\n|inactive|Time left: 300 sec this turn | 300 sec total\n|\n|t:|1783555876\n|move|p2a: Regigigas|Protect||[still]\n|-fail|p2a: Regigigas\n|move|p1a: Chesnaught|Body Press|p2a: Regigigas\n|-supereffective|p2a: Regigigas\n|-damage|p2a: Regigigas|0 fnt\n|faint|p2a: Regigigas\n|-end|p2a: Regigigas|Slow Start|[silent]\n|\n|win|p0x136498cb", "uploadtime": 1783555876, "views": 0, "rating": 0, "private": 0, "password": null, "_winner": "p0x136498cb", "_our_name": "p0x136498cb"}