{"id": "battle-gen9randombattle-954", "formatid": "gen9randombattle", "format": "[Gen 9] Random Battle", "players": ["p0x954aaec", "p0y9545cf4"], "log": "|init|battle\n|title|p0x954aaec vs. p0y9545cf4\n|j|\u2606p0x954aaec\n|j|\u2606p0y9545cf4\n|t:|1783550917\n|gametype|singles\n|player|p1|p0x954aaec|2|\n|player|p2|p0y9545cf4|169|\n|gen|9\n|tier|[Gen 9] Random Battle\n|rule|Species Clause: Limit one of each Pok\u00e9mon\n|rule|HP Percentage Mod: HP is shown in percentages\n|rule|Sleep Clause Mod: Limit one foe put to sleep\n|rule|Illusion Level Mod: Illusion disguises the Pok\u00e9mon's true level\n|\n|t:|1783550917\n|teamsize|p1|6\n|teamsize|p2|6\n|start\n|switch|p1a: Coalossal|Coalossal, L89, F|341/341\n|switch|p2a: Scovillain|Scovillain, L91, M|100/100\n|turn|1\n|inactive|Battle timer is ON: inactive players will automatically lose when time's up. (requested by p0x954aaec)\n|inactive|p0y9545cf4 also wants the timer to be on.\n|\n|t:|1783550918\n|switch|p2a: Kyogre|Kyogre, L71|100/100\n|-weather|RainDance|[from] ability: Drizzle|[of] p2a: Kyogre\n|move|p1a: Coalossal|Stone Edge|p2a: Kyogre\n|-damage|p2a: Kyogre|51/100\n|\n|-weather|RainDance|[upkeep]\n|upkeep\n|turn|2\n|inactive|Time left: 300 sec this turn | 300 sec total\n|\n|t:|1783550920\n|switch|p1a: Mesprit|Mesprit, L85|275/275\n|move|p2a: Kyogre|Origin Pulse|p1a: Mesprit\n|-damage|p1a: Mesprit|115/275\n|\n|-weather|RainDance|[upkeep]\n|-heal|p1a: Mesprit|132/275|[from] item: Leftovers\n|upkeep\n|turn|3\n|inactive|Time left: 300 sec this turn | 300 sec total\n|\n|t:|1783550921\n|switch|p1a: Sawsbuck|Sawsbuck-Autumn, L88, M|284/284\n|move|p2a: Kyogre|Origin Pulse|p1a: Sawsbuck\n|-resisted|p1a: Sawsbuck\n|-damage|p1a: Sawsbuck|178/284\n|\n|-weather|RainDance|[upkeep]\n|upkeep\n|turn|4\n|inactive|Time left: 300 sec this turn | 300 sec total\n|\n|t:|1783550922\n|move|p2a: Kyogre|Origin Pulse|p1a: Sawsbuck\n|-resisted|p1a: Sawsbuck\n|-damage|p1a: Sawsbuck|84/284\n|move|p1a: Sawsbuck|Horn Leech|p2a: Kyogre\n|-supereffective|p2a: Kyogre\n|-damage|p2a: Kyogre|0 fnt\n|-heal|p1a: Sawsbuck|150/284|[from] drain|[of] p2a: Kyogre\n|faint|p2a: Kyogre\n|-damage|p1a: Sawsbuck|122/284|[from] item: Life Orb\n|\n|-weather|RainDance|[upkeep]\n|upkeep\n|\n|t:|1783550923\n|switch|p2a: Krookodile|Krookodile, L79, F|100/100\n|-ability|p2a: Krookodile|Intimidate|boost\n|-unboost|p1a: Sawsbuck|atk|1\n|turn|5\n|inactive|Time left: 300 sec this turn | 300 sec total\n|\n|t:|1783550924\n|move|p1a: Sawsbuck|Horn Leech|p2a: Krookodile\n|-supereffective|p2a: Krookodile\n|-damage|p2a: Krookodile|34/100\n|-heal|p1a: Sawsbuck|216/284|[from] drain|[of] p2a: Krookodile\n|-damage|p1a: Sawsbuck|188/284|[from] item: Life Orb\n|move|p2a: Krookodile|Knock Off|p1a: Sawsbuck\n|-damage|p1a: Sawsbuck|71/284\n|-enditem|p1a: Sawsbuck|Life Orb|[from] move: Knock Off|[of] p2a: Krookodile\n|\n|-weather|none\n|-heal|p2a: Krookodile|40/100|[from] item: Leftovers\n|upkeep\n|turn|6\n|inactive|Time left: 300 sec this turn | 300 sec total\n|\n|t:|1783550925\n|switch|p2a: Scovillain|Scovillain, L91, M|100/100\n|move|p1a: Sawsbuck|Horn Leech|p2a: Scovillain\n|-resisted|p2a: Scovillain\n|-damage|p2a: Scovillain|94/100\n|-heal|p1a: Sawsbuck|80/284|[from] drain|[of] p2a: Scovillain\n|\n|-heal|p2a: Scovillain|99/100|[from] item: Leftovers\n|upkeep\n|turn|7\n|inactive|Time left: 300 sec this turn | 300 sec total\n|\n|t:|1783550926\n|switch|p1a: Diancie|Diancie, L82|216/216\n|move|p2a: Scovillain|Flamethrower|p1a: Diancie\n|-resisted|p1a: Diancie\n|-damage|p1a: Diancie|177/216\n|\n|-heal|p2a: Scovillain|100/100|[from] item: Leftovers\n|-heal|p1a: Diancie|190/216|[from] item: Leftovers\n|upkeep\n|turn|8\n|inactive|Time left: 300 sec this turn | 300 sec total\n|\n|t:|1783550927\n|move|p2a: Scovillain|Protect|p2a: Scovillain\n|-singleturn|p2a: Scovillain|Protect\n|move|p1a: Diancie|Diamond Storm|p2a: Scovillain\n|-activate|p2a: Scovillain|move: Protect\n|\n|-heal|p1a: Diancie|203/216|[from] item: Leftovers\n|upkeep\n|turn|9\n|inactive|Time left: 300 sec this turn | 300 sec total\n|\n|t:|1783550929\n|move|p2a: Scovillain|Flamethrower|p1a: Diancie\n|-resisted|p1a: Diancie\n|-damage|p1a: Diancie|166/216\n|move|p1a: Diancie|Diamond Storm|p2a: Scovillain\n|-supereffective|p2a: Scovillain\n|-damage|p2a: Scovillain|12/100\n|-boost|p1a: Diancie|def|2\n|\n|-heal|p2a: Scovillain|18/100|[from] item: Leftovers\n|-heal|p1a: Diancie|179/216|[from] item: Leftovers\n|upkeep\n|turn|10\n|inactive|Time left: 300 sec this turn | 300 sec total\n|\n|t:|1783550930\n|move|p2a: Scovillain|Leech Seed|p1a: Diancie\n|-start|p1a: Diancie|move: Leech Seed\n|move|p1a: Diancie|Moonblast|p2a: Scovillain\n|-resisted|p2a: Scovillain\n|-damage|p2a: Scovillain|0 fnt\n|faint|p2a: Scovillain\n|\n|-heal|p1a: Diancie|192/216|[from] item: Leftovers\n|upkeep\n|\n|t:|1783550931\n|switch|p2a: Krookodile|Krookodile, L79, F|40/100\n|-ability|p2a: Krookodile|Intimidate|boost\n|-fail|p1a: Diancie|unboost|[from] ability: Clear Body|[of] p1a: Diancie\n|turn|11\n|inactive|Time left: 300 sec this turn | 300 sec total\n|\n|t:|1783550932\n|-terastallize|p2a: Krookodile|Poison\n|move|p2a: Krookodile|Bulk Up|p2a: Krookodile\n|-boost|p2a: Krookodile|atk|1\n|-boost|p2a: Krookodile|def|1\n|move|p1a: Diancie|Body Press|p2a: Krookodile\n|-resisted|p2a: Krookodile\n|-damage|p2a: Krookodile|20/100\n|\n|-heal|p2a: Krookodile|26/100|[from] item: Leftovers\n|-heal|p1a: Diancie|205/216|[from] item: Leftovers\n|-damage|p1a: Diancie|178/216|[from] Leech Seed|[of] p2a: Krookodile\n|-heal|p2a: Krookodile|36/100|[silent]\n|upkeep\n|turn|12\n|inactive|Time left: 300 sec this turn | 300 sec total\n|\n|t:|1783550933\n|move|p2a: Krookodile|Earthquake|p1a: Diancie\n|-supereffective|p1a: Diancie\n|-damage|p1a: Diancie|64/216\n|move|p1a: Diancie|Diamond Storm|p2a: Krookodile\n|-damage|p2a: Krookodile|8/100\n|-boost|p1a: Diancie|def|2\n|\n|-heal|p2a: Krookodile|14/100|[from] item: Leftovers\n|-heal|p1a: Diancie|77/216|[from] item: Leftovers\n|-damage|p1a: Diancie|50/216|[from] Leech Seed|[of] p2a: Krookodile\n|-heal|p2a: Krookodile|23/100|[silent]\n|upkeep\n|turn|13\n|inactive|Time left: 300 sec this turn | 300 sec total\n|\n|t:|1783550934\n|-terastallize|p1a: Diancie|Fighting\n|move|p2a: Krookodile|Earthquake|p1a: Diancie\n|-damage|p1a: Diancie|16/216\n|move|p1a: Diancie|Body Press|p2a: Krookodile\n|-resisted|p2a: Krookodile\n|-damage|p2a: Krookodile|0 fnt\n|faint|p2a: Krookodile\n|\n|-heal|p1a: Diancie|29/216|[from] item: Leftovers\n|upkeep\n|\n|t:|1783550936\n|switch|p2a: Regieleki|Regieleki, L79|100/100\n|turn|14\n|inactive|Time left: 300 sec this turn | 300 sec total\n|\n|t:|1783550937\n|switch|p1a: Sawsbuck|Sawsbuck-Autumn, L88, M|80/284\n|move|p2a: Regieleki|Thunderbolt|p1a: Sawsbuck\n|-resisted|p1a: Sawsbuck\n|-damage|p1a: Sawsbuck|0 fnt\n|faint|p1a: Sawsbuck\n|\n|upkeep\n|inactive|Time left: 300 sec this turn | 300 sec total | 5 sec grace\n|\n|t:|1783550938\n|switch|p1a: Coalossal|Coalossal, L89, F|341/341\n|turn|15\n|inactive|Time left: 300 sec this turn | 300 sec total\n|\n|t:|1783550939\n|move|p2a: Regieleki|Thunderbolt|p1a: Coalossal\n|-damage|p1a: Coalossal|224/341\n|move|p1a: Coalossal|Stone Edge|p2a: Regieleki|[miss]\n|-miss|p1a: Coalossal|p2a: Regieleki\n|\n|upkeep\n|turn|16\n|inactive|Time left: 300 sec this turn | 300 sec total\n|\n|t:|1783550940\n|move|p2a: Regieleki|Thunderbolt|p1a: Coalossal\n|-damage|p1a: Coalossal|94/341\n|move|p1a: Coalossal|Stone Edge|p2a: Regieleki\n|-damage|p2a: Regieleki|43/100\n|\n|upkeep\n|turn|17\n|inactive|Time left: 300 sec this turn | 300 sec total\n|\n|t:|1783550941\n|move|p2a: Regieleki|Thunderbolt|p1a: Coalossal\n|-damage|p1a: Coalossal|0 fnt\n|faint|p1a: Coalossal\n|\n|upkeep\n|inactive|Time left: 300 sec this turn | 300 sec total | 5 sec grace\n|\n|t:|1783550942\n|switch|p1a: Skuntank|Skuntank, L84, M|310/310\n|turn|18\n|inactive|Time left: 300 sec this turn | 300 sec total\n|\n|t:|1783550943\n|move|p1a: Skuntank|Sucker Punch|p2a: Regieleki\n|-damage|p2a: Regieleki|0 fnt\n|faint|p2a: Regieleki\n|-damage|p1a: Skuntank|279/310|[from] item: Life Orb\n|\n|upkeep\n|\n|t:|1783550944\n|switch|p2a: Dialga|Dialga, L73|100/100\n|-ability|p2a: Dialga|Pressure\n|turn|19\n|inactive|Time left: 300 sec this turn | 300 sec total\n|\n|t:|1783550945\n|move|p1a: Skuntank|Knock Off|p2a: Dialga\n|-damage|p2a: Dialga|60/100\n|-enditem|p2a: Dialga|Assault Vest|[from] move: Knock Off|[of] p1a: Skuntank\n|-damage|p1a: Skuntank|248/310|[from] item: Life Orb\n|move|p2a: Dialga|Heavy Slam|p1a: Skuntank\n|-damage|p1a: Skuntank|113/310\n|\n|upkeep\n|turn|20\n|inactive|Time left: 300 sec this turn | 300 sec total\n|\n|t:|1783550946\n|move|p1a: Skuntank|Sucker Punch|p2a: Dialga\n|-damage|p2a: Dialga|31/100\n|-damage|p1a: Skuntank|82/310|[from] item: Life Orb\n|move|p2a: Dialga|Fire Blast|p1a: Skuntank\n|-damage|p1a: Skuntank|0 fnt\n|faint|p1a: Skuntank\n|\n|upkeep\n|inactive|Time left: 300 sec this turn | 300 sec total | 5 sec grace\n|\n|t:|1783550947\n|switch|p1a: Drifblim|Drifblim, L86, M|396/396\n|turn|21\n|inactive|Time left: 300 sec this turn | 300 sec total\n|\n|t:|1783550948\n|switch|p2a: Volbeat|Volbeat, L90, M|100/100\n|move|p1a: Drifblim|Shadow Ball|p2a: Volbeat\n|-damage|p2a: Volbeat|68/100\n|\n|upkeep\n|turn|22\n|inactive|Time left: 300 sec this turn | 300 sec total\n|\n|t:|1783550949\n|move|p2a: Volbeat|Thunder Wave|p1a: Drifblim\n|-status|p1a: Drifblim|par\n|move|p1a: Drifblim|Air Slash|p2a: Volbeat\n|-supereffective|p2a: Volbeat\n|-damage|p2a: Volbeat|9/100\n|\n|upkeep\n|turn|23\n|inactive|Time left: 300 sec this turn | 300 sec total\n|\n|t:|1783550950\n|move|p2a: Volbeat|Roost|p2a: Volbeat\n|-heal|p2a: Volbeat|59/100\n|-singleturn|p2a: Volbeat|move: Roost\n|cant|p1a: Drifblim|par\n|\n|upkeep\n|turn|24\n|inactive|Time left: 300 sec this turn | 300 sec total\n|\n|t:|1783550951\n|move|p2a: Volbeat|Roost|p2a: Volbeat\n|-heal|p2a: Volbeat|100/100\n|-singleturn|p2a: Volbeat|move: Roost\n|move|p1a: Drifblim|Shadow Ball|p2a: Volbeat\n|-damage|p2a: Volbeat|70/100\n|\n|upkeep\n|turn|25\n|inactive|Time left: 300 sec this turn | 300 sec total\n|\n|t:|1783550952\n|move|p2a: Volbeat|Roost|p2a: Volbeat\n|-heal|p2a: Volbeat|100/100\n|-singleturn|p2a: Volbeat|move: Roost\n|move|p1a: Drifblim|Air Slash|p2a: Volbeat\n|-supereffective|p2a: Volbeat\n|-damage|p2a: Volbeat|46/100\n|\n|upkeep\n|turn|26\n|inactive|Time left: 300 sec this turn | 300 sec total\n|\n|t:|1783550953\n|move|p2a: Volbeat|Roost|p2a: Volbeat\n|-heal|p2a: Volbeat|96/100\n|-singleturn|p2a: Volbeat|move: Roost\n|move|p1a: Drifblim|Air Slash|p2a: Volbeat\n|-supereffective|p2a: Volbeat\n|-damage|p2a: Volbeat|43/100\n|\n|upkeep\n|turn|27\n|inactive|Time left: 300 sec this turn | 300 sec total\n|\n|t:|1783550954\n|move|p2a: Volbeat|Roost|p2a: Volbeat\n|-heal|p2a: Volbeat|93/100\n|-singleturn|p2a: Volbeat|move: Roost\n|move|p1a: Drifblim|Air Slash|p2a: Volbeat\n|-supereffective|p2a: Volbeat\n|-damage|p2a: Volbeat|36/100\n|\n|upkeep\n|turn|28\n|inactive|Time left: 300 sec this turn | 300 sec total\n|\n|t:|1783550956\n|move|p2a: Volbeat|Roost|p2a: Volbeat\n|-heal|p2a: Volbeat|86/100\n|-singleturn|p2a: Volbeat|move: Roost\n|move|p1a: Drifblim|Air Slash|p2a: Volbeat\n|-supereffective|p2a: Volbeat\n|-damage|p2a: Volbeat|24/100\n|\n|upkeep\n|turn|29\n|inactive|Time left: 300 sec this turn | 300 sec total\n|\n|t:|1783550957\n|move|p2a: Volbeat|Roost|p2a: Volbeat\n|-heal|p2a: Volbeat|75/100\n|-singleturn|p2a: Volbeat|move: Roost\n|cant|p1a: Drifblim|par\n|\n|upkeep\n|turn|30\n|inactive|Time left: 300 sec this turn | 300 sec total\n|\n|t:|1783550958\n|move|p2a: Volbeat|Roost|p2a: Volbeat\n|-heal|p2a: Volbeat|100/100\n|-singleturn|p2a: Volbeat|move: Roost\n|move|p1a: Drifblim|Air Slash|p2a: Volbeat\n|-supereffective|p2a: Volbeat\n|-damage|p2a: Volbeat|39/100\n|\n|upkeep\n|turn|31\n|inactive|Time left: 300 sec this turn | 300 sec total\n|\n|t:|1783550959\n|move|p2a: Volbeat|Encore|p1a: Drifblim\n|-start|p1a: Drifblim|Encore\n|cant|p1a: Drifblim|par\n|\n|upkeep\n|turn|32\n|inactive|Time left: 300 sec this turn | 300 sec total\n|\n|t:|1783550960\n|switch|p2a: Dialga|Dialga, L73|31/100\n|-ability|p2a: Dialga|Pressure\n|move|p1a: Drifblim|Air Slash|p2a: Dialga\n|-resisted|p2a: Dialga\n|-crit|p2a: Dialga\n|-damage|p2a: Dialga|9/100\n|\n|upkeep\n|turn|33\n|inactive|Time left: 300 sec this turn | 300 sec total\n|\n|t:|1783550961\n|move|p2a: Dialga|Heavy Slam|p1a: Drifblim\n|-damage|p1a: Drifblim|212/396 par\n|move|p1a: Drifblim|Air Slash|p2a: Dialga\n|-resisted|p2a: Dialga\n|-damage|p2a: Dialga|0 fnt\n|faint|p2a: Dialga\n|\n|-end|p1a: Drifblim|Encore\n|upkeep\n|\n|t:|1783550962\n|switch|p2a: Volbeat|Volbeat, L90, M|39/100\n|turn|34\n|inactive|Time left: 300 sec this turn | 300 sec total\n|\n|t:|1783550963\n|move|p2a: Volbeat|U-turn|p1a: Drifblim\n|-resisted|p1a: Drifblim\n|-damage|p1a: Drifblim|184/396 par\n|-enditem|p1a: Drifblim|Sitrus Berry|[eat]\n|-heal|p1a: Drifblim|283/396 par|[from] item: Sitrus Berry\n|cant|p1a: Drifblim|par\n|\n|upkeep\n|turn|35\n|inactive|Time left: 300 sec this turn | 300 sec total\n|\n|t:|1783550964\n|move|p2a: Volbeat|U-turn|p1a: Drifblim\n|-resisted|p1a: Drifblim\n|-damage|p1a: Drifblim|256/396 par\n|move|p1a: Drifblim|Air Slash|p2a: Volbeat\n|-supereffective|p2a: Volbeat\n|-damage|p2a: Volbeat|0 fnt\n|faint|p2a: Volbeat\n|\n|win|p0x954aaec", "uploadtime": 1783550964, "views": 0, "rating": 0, "private": 0, "password": null, "_winner": "p0x954aaec", "_our_name": "p0x954aaec"}