{"id": "battle-gen9randombattle-1335", "formatid": "gen9randombattle", "format": "[Gen 9] Random Battle", "players": ["p0x1335151f", "p0y1335363a"], "log": "|init|battle\n|title|p0x1335151f vs. p0y1335363a\n|j|\u2606p0x1335151f\n|j|\u2606p0y1335363a\n|t:|1783555519\n|gametype|singles\n|player|p1|p0x1335151f|2|\n|player|p2|p0y1335363a|266|\n|gen|9\n|tier|[Gen 9] Random Battle\n|rule|Species Clause: Limit one of each Pok\u00e9mon\n|rule|HP Percentage Mod: HP is shown in percentages\n|rule|Sleep Clause Mod: Limit one foe put to sleep\n|rule|Illusion Level Mod: Illusion disguises the Pok\u00e9mon's true level\n|\n|t:|1783555519\n|teamsize|p1|6\n|teamsize|p2|6\n|start\n|switch|p1a: Hydreigon|Hydreigon, L79, F|275/275\n|switch|p2a: Galvantula|Galvantula, L82, M|100/100\n|turn|1\n|inactive|Battle timer is ON: inactive players will automatically lose when time's up. (requested by p0y1335363a)\n|inactive|Time left: 300 sec this turn | 300 sec total | 60 sec grace\n|inactive|p0x1335151f also wants the timer to be on.\n|\n|t:|1783555521\n|move|p1a: Hydreigon|Dark Pulse|p2a: Galvantula\n|-damage|p2a: Galvantula|54/100\n|cant|p2a: Galvantula|flinch\n|\n|upkeep\n|turn|2\n|inactive|Time left: 300 sec this turn | 300 sec total\n|\n|t:|1783555522\n|move|p1a: Hydreigon|Dark Pulse|p2a: Galvantula\n|-damage|p2a: Galvantula|6/100\n|move|p2a: Galvantula|Sticky Web|p1a: Hydreigon\n|-sidestart|p1: p0x1335151f|move: Sticky Web\n|\n|upkeep\n|turn|3\n|inactive|Time left: 300 sec this turn | 300 sec total\n|\n|t:|1783555523\n|switch|p2a: Lucario|Lucario, L84, M|100/100\n|move|p1a: Hydreigon|Dark Pulse|p2a: Lucario\n|-resisted|p2a: Lucario\n|-crit|p2a: Lucario\n|-damage|p2a: Lucario|67/100\n|-ability|p2a: Lucario|Justified|boost\n|-boost|p2a: Lucario|atk|1\n|\n|upkeep\n|turn|4\n|inactive|Time left: 300 sec this turn | 300 sec total\n|\n|t:|1783555524\n|switch|p1a: Keldeo|Keldeo-Resolute, L79|273/273\n|-activate|p1a: Keldeo|move: Sticky Web\n|-unboost|p1a: Keldeo|spe|1\n|move|p2a: Lucario|Close Combat|p1a: Keldeo\n|-damage|p1a: Keldeo|0 fnt\n|-unboost|p2a: Lucario|def|1\n|-unboost|p2a: Lucario|spd|1\n|faint|p1a: Keldeo\n|-damage|p2a: Lucario|57/100|[from] item: Life Orb\n|\n|upkeep\n|inactive|Time left: 300 sec this turn | 300 sec total | 5 sec grace\n|\n|t:|1783555525\n|switch|p1a: Hydreigon|Hydreigon, L79, F|275/275\n|turn|5\n|inactive|Time left: 300 sec this turn | 300 sec total\n|\n|t:|1783555526\n|move|p1a: Hydreigon|Fire Blast|p2a: Lucario\n|-supereffective|p2a: Lucario\n|-damage|p2a: Lucario|0 fnt\n|faint|p2a: Lucario\n|\n|upkeep\n|\n|t:|1783555527\n|switch|p2a: Salamence|Salamence, L77, M|100/100\n|-ability|p2a: Salamence|Intimidate|boost\n|-unboost|p1a: Hydreigon|atk|1\n|turn|6\n|inactive|Time left: 300 sec this turn | 300 sec total\n|\n|t:|1783555529\n|switch|p1a: Enamorus|Enamorus-Therian, L83, F|259/259\n|move|p2a: Salamence|Outrage|p1a: Enamorus\n|-immune|p1a: Enamorus\n|\n|upkeep\n|turn|7\n|inactive|Time left: 300 sec this turn | 300 sec total\n|\n|t:|1783555530\n|move|p2a: Salamence|Dual Wingbeat|p1a: Enamorus\n|-crit|p1a: Enamorus\n|-damage|p1a: Enamorus|201/259\n|-damage|p1a: Enamorus|159/259\n|-hitcount|p1a: Enamorus|2\n|move|p1a: Enamorus|Moonblast|p2a: Salamence\n|-supereffective|p2a: Salamence\n|-damage|p2a: Salamence|0 fnt\n|faint|p2a: Salamence\n|\n|upkeep\n|\n|t:|1783555531\n|switch|p2a: Arbok|Arbok, L87, M|100/100\n|-ability|p2a: Arbok|Intimidate|boost\n|-unboost|p1a: Enamorus|atk|1\n|turn|8\n|inactive|Time left: 300 sec this turn | 300 sec total\n|\n|t:|1783555532\n|switch|p1a: Crabominable|Crabominable, L90, F|321/321\n|-activate|p1a: Crabominable|move: Sticky Web\n|-unboost|p1a: Crabominable|spe|1\n|move|p2a: Arbok|Gunk Shot|p1a: Crabominable\n|-damage|p1a: Crabominable|183/321\n|\n|upkeep\n|turn|9\n|inactive|Time left: 300 sec this turn | 300 sec total\n|\n|t:|1783555533\n|move|p2a: Arbok|Coil|p2a: Arbok\n|-boost|p2a: Arbok|atk|1\n|-boost|p2a: Arbok|def|1\n|-boost|p2a: Arbok|accuracy|1\n|move|p1a: Crabominable|Earthquake|p2a: Arbok\n|-supereffective|p2a: Arbok\n|-damage|p2a: Arbok|31/100\n|\n|-heal|p2a: Arbok|37/100|[from] item: Leftovers\n|upkeep\n|turn|10\n|inactive|Time left: 300 sec this turn | 300 sec total\n|\n|t:|1783555535\n|-terastallize|p1a: Crabominable|Ground\n|move|p2a: Arbok|Gunk Shot|p1a: Crabominable\n|-resisted|p1a: Crabominable\n|-damage|p1a: Crabominable|76/321\n|move|p1a: Crabominable|Earthquake|p2a: Arbok\n|-supereffective|p2a: Arbok\n|-damage|p2a: Arbok|0 fnt\n|faint|p2a: Arbok\n|\n|upkeep\n|\n|t:|1783555536\n|switch|p2a: Vespiquen|Vespiquen, L99, F|100/100\n|-ability|p2a: Vespiquen|Pressure\n|turn|11\n|inactive|Time left: 300 sec this turn | 300 sec total\n|\n|t:|1783555537\n|move|p2a: Vespiquen|Hurricane|p1a: Crabominable\n|-damage|p1a: Crabominable|0 fnt\n|faint|p1a: Crabominable\n|\n|upkeep\n|inactive|Time left: 300 sec this turn | 300 sec total | 5 sec grace\n|\n|t:|1783555538\n|switch|p1a: Enamorus|Enamorus-Therian, L83, F|159/259\n|turn|12\n|inactive|Time left: 300 sec this turn | 300 sec total\n|\n|t:|1783555539\n|move|p2a: Vespiquen|Hurricane|p1a: Enamorus\n|-damage|p1a: Enamorus|39/259\n|move|p1a: Enamorus|Mystical Fire|p2a: Vespiquen\n|-supereffective|p2a: Vespiquen\n|-damage|p2a: Vespiquen|49/100\n|-unboost|p2a: Vespiquen|spa|1\n|\n|upkeep\n|turn|13\n|inactive|Time left: 300 sec this turn | 300 sec total\n|\n|t:|1783555540\n|move|p2a: Vespiquen|Hurricane|p1a: Enamorus|[miss]\n|-miss|p2a: Vespiquen|p1a: Enamorus\n|move|p1a: Enamorus|Mystical Fire|p2a: Vespiquen\n|-supereffective|p2a: Vespiquen\n|-damage|p2a: Vespiquen|0 fnt\n|faint|p2a: Vespiquen\n|\n|upkeep\n|\n|t:|1783555541\n|switch|p2a: Regieleki|Regieleki, L79|100/100\n|turn|14\n|inactive|Time left: 300 sec this turn | 300 sec total\n|\n|t:|1783555542\n|switch|p1a: Incineroar|Incineroar, L82, F|290/290\n|-activate|p1a: Incineroar|move: Sticky Web\n|-unboost|p1a: Incineroar|spe|1\n|-ability|p1a: Incineroar|Intimidate|boost\n|-unboost|p2a: Regieleki|atk|1\n|move|p2a: Regieleki|Thunderbolt|p1a: Incineroar\n|-damage|p1a: Incineroar|200/290\n|\n|upkeep\n|turn|15\n|inactive|Time left: 300 sec this turn | 300 sec total\n|\n|t:|1783555543\n|move|p2a: Regieleki|Thunderbolt|p1a: Incineroar\n|-damage|p1a: Incineroar|104/290\n|move|p1a: Incineroar|Knock Off|p2a: Regieleki\n|-damage|p2a: Regieleki|31/100\n|-enditem|p2a: Regieleki|Magnet|[from] move: Knock Off|[of] p1a: Incineroar\n|\n|upkeep\n|turn|16\n|inactive|Time left: 300 sec this turn | 300 sec total\n|\n|t:|1783555544\n|move|p2a: Regieleki|Thunderbolt|p1a: Incineroar\n|-damage|p1a: Incineroar|29/290\n|-status|p1a: Incineroar|par\n|move|p1a: Incineroar|U-turn|p2a: Regieleki\n|-damage|p2a: Regieleki|0 fnt\n|faint|p2a: Regieleki\n|inactive|Time left: 300 sec this turn | 300 sec total | 5 sec grace\n|\n|t:|1783555545\n|switch|p1a: Hydreigon|Hydreigon, L79, F|275/275|[from] U-turn\n|\n|upkeep\n|\n|t:|1783555545\n|switch|p2a: Galvantula|Galvantula, L82, M|6/100\n|turn|17\n|inactive|Time left: 300 sec this turn | 300 sec total\n|\n|t:|1783555546\n|move|p1a: Hydreigon|Dark Pulse|p2a: Galvantula\n|-damage|p2a: Galvantula|0 fnt\n|faint|p2a: Galvantula\n|\n|win|p0x1335151f", "uploadtime": 1783555546, "views": 0, "rating": 0, "private": 0, "password": null, "_winner": "p0x1335151f", "_our_name": "p0x1335151f"}