{"id": "battle-gen9randombattle-47", "formatid": "gen9randombattle", "format": "[Gen 9] Random Battle", "players": ["p0x047818b", "p0y047a240"], "log": "|init|battle\n|title|p0x047818b vs. p0y047a240\n|j|\u2606p0x047818b\n|j|\u2606p0y047a240\n|t:|1783539992\n|gametype|singles\n|player|p1|p0x047818b|169|\n|player|p2|p0y047a240|2|\n|gen|9\n|tier|[Gen 9] Random Battle\n|rule|Species Clause: Limit one of each Pok\u00e9mon\n|rule|HP Percentage Mod: HP is shown in percentages\n|rule|Sleep Clause Mod: Limit one foe put to sleep\n|rule|Illusion Level Mod: Illusion disguises the Pok\u00e9mon's true level\n|\n|t:|1783539992\n|teamsize|p1|6\n|teamsize|p2|6\n|start\n|switch|p1a: Barraskewda|Barraskewda, L81, M|100/100\n|switch|p2a: Gholdengo|Gholdengo, L77|261/261\n|turn|1\n|inactive|Battle timer is ON: inactive players will automatically lose when time's up. (requested by p0x047818b)\n|inactive|Time left: 300 sec this turn | 300 sec total | 60 sec grace\n|inactive|p0y047a240 also wants the timer to be on.\n|\n|t:|1783539993\n|move|p1a: Barraskewda|Waterfall|p2a: Gholdengo\n|-damage|p2a: Gholdengo|123/261\n|move|p2a: Gholdengo|Shadow Ball|p1a: Barraskewda\n|-damage|p1a: Barraskewda|39/100\n|\n|-heal|p2a: Gholdengo|139/261|[from] item: Leftovers\n|upkeep\n|turn|2\n|inactive|Time left: 300 sec this turn | 300 sec total\n|\n|t:|1783539995\n|switch|p2a: Qwilfish|Qwilfish, L86, M|252/252\n|-ability|p2a: Qwilfish|Intimidate|boost\n|-unboost|p1a: Barraskewda|atk|1\n|move|p1a: Barraskewda|Waterfall|p2a: Qwilfish\n|-resisted|p2a: Qwilfish\n|-damage|p2a: Qwilfish|207/252\n|\n|upkeep\n|turn|3\n|inactive|Time left: 300 sec this turn | 300 sec total\n|\n|t:|1783539996\n|move|p1a: Barraskewda|Waterfall|p2a: Qwilfish\n|-resisted|p2a: Qwilfish\n|-damage|p2a: Qwilfish|162/252\n|cant|p2a: Qwilfish|flinch\n|\n|upkeep\n|turn|4\n|inactive|Time left: 300 sec this turn | 300 sec total\n|\n|t:|1783539997\n|move|p1a: Barraskewda|Waterfall|p2a: Qwilfish\n|-resisted|p2a: Qwilfish\n|-damage|p2a: Qwilfish|114/252\n|move|p2a: Qwilfish|Gunk Shot|p1a: Barraskewda\n|-damage|p1a: Barraskewda|0 fnt\n|faint|p1a: Barraskewda\n|\n|upkeep\n|\n|t:|1783539998\n|switch|p1a: Charizard|Charizard, L85, F|100/100\n|turn|5\n|inactive|Time left: 300 sec this turn | 300 sec total\n|\n|t:|1783539999\n|switch|p2a: Ursaluna|Ursaluna, L79, M|335/335\n|move|p1a: Charizard|Earthquake|p2a: Ursaluna\n|-damage|p2a: Ursaluna|271/335\n|\n|-status|p2a: Ursaluna|brn|[from] item: Flame Orb\n|upkeep\n|turn|6\n|inactive|Time left: 300 sec this turn | 300 sec total\n|\n|t:|1783540000\n|move|p1a: Charizard|Flamethrower|p2a: Ursaluna\n|-damage|p2a: Ursaluna|151/335 brn\n|move|p2a: Ursaluna|Facade|p1a: Charizard\n|-damage|p1a: Charizard|0 fnt\n|faint|p1a: Charizard\n|\n|-damage|p2a: Ursaluna|131/335 brn|[from] brn\n|upkeep\n|\n|t:|1783540001\n|switch|p1a: Toedscruel|Toedscruel, L87, F|100/100\n|turn|7\n|inactive|Time left: 300 sec this turn | 300 sec total\n|\n|t:|1783540003\n|move|p1a: Toedscruel|Giga Drain|p2a: Ursaluna\n|-supereffective|p2a: Ursaluna\n|-damage|p2a: Ursaluna|0 fnt\n|faint|p2a: Ursaluna\n|\n|upkeep\n|inactive|Time left: 300 sec this turn | 300 sec total | 5 sec grace\n|\n|t:|1783540004\n|switch|p2a: Mudsdale|Mudsdale, L83, M|302/302\n|turn|8\n|inactive|Time left: 300 sec this turn | 300 sec total\n|\n|t:|1783540005\n|move|p1a: Toedscruel|Giga Drain|p2a: Mudsdale\n|-supereffective|p2a: Mudsdale\n|-damage|p2a: Mudsdale|146/302\n|-ability|p2a: Mudsdale|Stamina|boost\n|-boost|p2a: Mudsdale|def|1\n|move|p2a: Mudsdale|Heavy Slam|p1a: Toedscruel\n|-damage|p1a: Toedscruel|57/100\n|\n|-heal|p2a: Mudsdale|164/302|[from] item: Leftovers\n|upkeep\n|turn|9\n|inactive|Time left: 300 sec this turn | 300 sec total\n|\n|t:|1783540006\n|move|p1a: Toedscruel|Giga Drain|p2a: Mudsdale\n|-supereffective|p2a: Mudsdale\n|-damage|p2a: Mudsdale|12/302\n|-heal|p1a: Toedscruel|84/100|[from] drain|[of] p2a: Mudsdale\n|-ability|p2a: Mudsdale|Stamina|boost\n|-boost|p2a: Mudsdale|def|1\n|move|p2a: Mudsdale|Heavy Slam|p1a: Toedscruel\n|-damage|p1a: Toedscruel|44/100\n|\n|-heal|p2a: Mudsdale|30/302|[from] item: Leftovers\n|upkeep\n|turn|10\n|inactive|Time left: 300 sec this turn | 300 sec total\n|\n|t:|1783540006\n|move|p1a: Toedscruel|Giga Drain|p2a: Mudsdale\n|-supereffective|p2a: Mudsdale\n|-damage|p2a: Mudsdale|0 fnt\n|-heal|p1a: Toedscruel|49/100|[from] drain|[of] p2a: Mudsdale\n|faint|p2a: Mudsdale\n|\n|upkeep\n|inactive|Time left: 300 sec this turn | 300 sec total | 5 sec grace\n|\n|t:|1783540007\n|switch|p2a: Persian|Persian-Alola, L86, F|252/252\n|turn|11\n|inactive|Time left: 300 sec this turn | 300 sec total\n|\n|t:|1783540008\n|move|p2a: Persian|Parting Shot|p1a: Toedscruel\n|-unboost|p1a: Toedscruel|atk|1\n|-unboost|p1a: Toedscruel|spa|1\n|inactive|Time left: 300 sec this turn | 300 sec total | 5 sec grace\n|\n|t:|1783540009\n|switch|p2a: Gholdengo|Gholdengo, L77|139/261|[from] Parting Shot\n|move|p1a: Toedscruel|Earth Power|p2a: Gholdengo\n|-supereffective|p2a: Gholdengo\n|-damage|p2a: Gholdengo|23/261\n|\n|-heal|p2a: Gholdengo|39/261|[from] item: Leftovers\n|upkeep\n|turn|12\n|inactive|Time left: 300 sec this turn | 300 sec total\n|\n|t:|1783540010\n|move|p1a: Toedscruel|Earth Power|p2a: Gholdengo\n|-supereffective|p2a: Gholdengo\n|-damage|p2a: Gholdengo|0 fnt\n|faint|p2a: Gholdengo\n|\n|upkeep\n|inactive|Time left: 300 sec this turn | 300 sec total | 5 sec grace\n|\n|t:|1783540011\n|switch|p2a: Persian|Persian-Alola, L86, F|252/252\n|turn|13\n|inactive|Time left: 300 sec this turn | 300 sec total\n|\n|t:|1783540012\n|switch|p1a: Mightyena|Mightyena, L96, F|100/100\n|-ability|p1a: Mightyena|Intimidate|boost\n|-unboost|p2a: Persian|atk|1\n|move|p2a: Persian|Knock Off|p1a: Mightyena\n|-resisted|p1a: Mightyena\n|-damage|p1a: Mightyena|92/100\n|-enditem|p1a: Mightyena|Assault Vest|[from] move: Knock Off|[of] p2a: Persian\n|\n|upkeep\n|turn|14\n|inactive|Time left: 300 sec this turn | 300 sec total\n|\n|t:|1783540013\n|move|p2a: Persian|Parting Shot|p1a: Mightyena\n|-unboost|p1a: Mightyena|atk|1\n|-unboost|p1a: Mightyena|spa|1\n|inactive|Time left: 300 sec this turn | 300 sec total | 5 sec grace\n|\n|t:|1783540014\n|switch|p2a: Qwilfish|Qwilfish, L86, M|114/252|[from] Parting Shot\n|-ability|p2a: Qwilfish|Intimidate|boost\n|-unboost|p1a: Mightyena|atk|1\n|move|p1a: Mightyena|Super Fang|p2a: Qwilfish\n|-damage|p2a: Qwilfish|57/252\n|\n|upkeep\n|turn|15\n|inactive|Time left: 300 sec this turn | 300 sec total\n|\n|t:|1783540015\n|switch|p1a: Toedscruel|Toedscruel, L87, F|49/100\n|move|p2a: Qwilfish|Gunk Shot|p1a: Toedscruel\n|-damage|p1a: Toedscruel|0 fnt\n|faint|p1a: Toedscruel\n|\n|upkeep\n|\n|t:|1783540016\n|switch|p1a: Gengar|Gengar, L81, F|100/100\n|turn|16\n|inactive|Time left: 300 sec this turn | 300 sec total\n|\n|t:|1783540017\n|switch|p2a: Arbok|Arbok, L87, M|246/246\n|-ability|p2a: Arbok|Intimidate|boost\n|-unboost|p1a: Gengar|atk|1\n|move|p1a: Gengar|Sludge Wave|p2a: Arbok\n|-resisted|p2a: Arbok\n|-damage|p2a: Arbok|168/246\n|-damage|p1a: Gengar|90/100|[from] item: Life Orb\n|\n|upkeep\n|turn|17\n|inactive|Time left: 300 sec this turn | 300 sec total\n|\n|t:|1783540018\n|switch|p1a: Mightyena|Mightyena, L96, F|92/100\n|-ability|p1a: Mightyena|Intimidate|boost\n|-unboost|p2a: Arbok|atk|1\n|move|p2a: Arbok|Knock Off|p1a: Mightyena\n|-resisted|p1a: Mightyena\n|-damage|p1a: Mightyena|84/100\n|-damage|p2a: Arbok|144/246|[from] item: Life Orb\n|\n|upkeep\n|turn|18\n|inactive|Time left: 300 sec this turn | 300 sec total\n|\n|t:|1783540019\n|switch|p2a: Qwilfish|Qwilfish, L86, M|57/252\n|-ability|p2a: Qwilfish|Intimidate|boost\n|-unboost|p1a: Mightyena|atk|1\n|move|p1a: Mightyena|Throat Chop|p2a: Qwilfish\n|-damage|p2a: Qwilfish|0 fnt\n|faint|p2a: Qwilfish\n|\n|upkeep\n|inactive|Time left: 300 sec this turn | 300 sec total | 5 sec grace\n|\n|t:|1783540020\n|switch|p2a: Persian|Persian-Alola, L86, F|252/252\n|turn|19\n|inactive|Time left: 300 sec this turn | 300 sec total\n|\n|t:|1783540021\n|move|p2a: Persian|Parting Shot|p1a: Mightyena\n|-unboost|p1a: Mightyena|atk|1\n|-unboost|p1a: Mightyena|spa|1\n|inactive|Time left: 300 sec this turn | 300 sec total | 5 sec grace\n|\n|t:|1783540022\n|switch|p2a: Arbok|Arbok, L87, M|144/246|[from] Parting Shot\n|-ability|p2a: Arbok|Intimidate|boost\n|-unboost|p1a: Mightyena|atk|1\n|move|p1a: Mightyena|Super Fang|p2a: Arbok\n|-damage|p2a: Arbok|72/246\n|\n|upkeep\n|turn|20\n|inactive|Time left: 300 sec this turn | 300 sec total\n|\n|t:|1783540023\n|switch|p1a: Luvdisc|Luvdisc, M|100/100\n|move|p2a: Arbok|Gunk Shot|p1a: Luvdisc|[miss]\n|-miss|p2a: Arbok|p1a: Luvdisc\n|\n|upkeep\n|turn|21\n|inactive|Time left: 300 sec this turn | 300 sec total\n|\n|t:|1783540024\n|switch|p2a: Persian|Persian-Alola, L86, F|252/252\n|move|p1a: Luvdisc|Surf|p2a: Persian\n|-damage|p2a: Persian|162/252\n|\n|upkeep\n|turn|22\n|inactive|Time left: 300 sec this turn | 300 sec total\n|\n|t:|1783540025\n|move|p1a: Luvdisc|Surf|p2a: Persian\n|-damage|p2a: Persian|69/252\n|move|p2a: Persian|Parting Shot|p1a: Luvdisc\n|-unboost|p1a: Luvdisc|atk|1\n|-unboost|p1a: Luvdisc|spa|1\n|inactive|Time left: 300 sec this turn | 300 sec total | 5 sec grace\n|\n|t:|1783540026\n|switch|p2a: Arbok|Arbok, L87, M|72/246|[from] Parting Shot\n|-ability|p2a: Arbok|Intimidate|boost\n|-unboost|p1a: Luvdisc|atk|1\n|\n|upkeep\n|turn|23\n|inactive|Time left: 300 sec this turn | 300 sec total\n|\n|t:|1783540028\n|switch|p1a: Mightyena|Mightyena, L96, F|84/100\n|-ability|p1a: Mightyena|Intimidate|boost\n|-unboost|p2a: Arbok|atk|1\n|switch|p2a: Persian|Persian-Alola, L86, F|69/252\n|\n|upkeep\n|turn|24\n|inactive|Time left: 300 sec this turn | 300 sec total\n|\n|t:|1783540029\n|move|p2a: Persian|Parting Shot|p1a: Mightyena\n|-unboost|p1a: Mightyena|atk|1\n|-unboost|p1a: Mightyena|spa|1\n|inactive|Time left: 300 sec this turn | 300 sec total | 5 sec grace\n|\n|t:|1783540029\n|switch|p2a: Arbok|Arbok, L87, M|72/246|[from] Parting Shot\n|-ability|p2a: Arbok|Intimidate|boost\n|-unboost|p1a: Mightyena|atk|1\n|move|p1a: Mightyena|Play Rough|p2a: Arbok\n|-resisted|p2a: Arbok\n|-damage|p2a: Arbok|52/246\n|\n|upkeep\n|turn|25\n|inactive|Time left: 300 sec this turn | 300 sec total\n|\n|t:|1783540031\n|switch|p1a: Luvdisc|Luvdisc, M|100/100\n|move|p2a: Arbok|Gunk Shot|p1a: Luvdisc\n|-damage|p1a: Luvdisc|24/100\n|-status|p1a: Luvdisc|psn\n|-damage|p2a: Arbok|28/246|[from] item: Life Orb\n|\n|-damage|p1a: Luvdisc|12/100 psn|[from] psn\n|upkeep\n|turn|26\n|inactive|Time left: 300 sec this turn | 300 sec total\n|\n|t:|1783540032\n|move|p2a: Arbok|Sucker Punch|p1a: Luvdisc\n|-damage|p1a: Luvdisc|0 fnt\n|faint|p1a: Luvdisc\n|-damage|p2a: Arbok|4/246|[from] item: Life Orb\n|\n|upkeep\n|\n|t:|1783540033\n|switch|p1a: Mightyena|Mightyena, L96, F|84/100\n|-ability|p1a: Mightyena|Intimidate|boost\n|-unboost|p2a: Arbok|atk|1\n|turn|27\n|inactive|Time left: 300 sec this turn | 300 sec total\n|\n|t:|1783540035\n|move|p2a: Arbok|Gunk Shot|p1a: Mightyena|[miss]\n|-miss|p2a: Arbok|p1a: Mightyena\n|move|p1a: Mightyena|Play Rough|p2a: Arbok\n|-resisted|p2a: Arbok\n|-damage|p2a: Arbok|0 fnt\n|faint|p2a: Arbok\n|\n|upkeep\n|inactive|Time left: 300 sec this turn | 300 sec total | 5 sec grace\n|\n|t:|1783540036\n|switch|p2a: Persian|Persian-Alola, L86, F|69/252\n|turn|28\n|inactive|Time left: 300 sec this turn | 300 sec total\n|\n|t:|1783540037\n|-terastallize|p2a: Persian|Poison\n|move|p2a: Persian|Parting Shot|p1a: Mightyena\n|-unboost|p1a: Mightyena|atk|1\n|-unboost|p1a: Mightyena|spa|1\n|move|p1a: Mightyena|Play Rough|p2a: Persian\n|-resisted|p2a: Persian\n|-damage|p2a: Persian|52/252\n|\n|upkeep\n|turn|29\n|inactive|Time left: 300 sec this turn | 300 sec total\n|\n|t:|1783540038\n|-terastallize|p1a: Mightyena|Poison\n|move|p2a: Persian|Thunder Wave|p1a: Mightyena\n|-status|p1a: Mightyena|par\n|move|p1a: Mightyena|Throat Chop|p2a: Persian\n|-damage|p2a: Persian|7/252\n|-start|p2a: Persian|Throat Chop|[silent]\n|\n|upkeep\n|turn|30\n|inactive|Time left: 300 sec this turn | 300 sec total\n|\n|t:|1783540039\n|move|p2a: Persian|Thunder Wave|p1a: Mightyena\n|-fail|p1a: Mightyena|par\n|move|p1a: Mightyena|Poison Fang|p2a: Persian\n|-resisted|p2a: Persian\n|-damage|p2a: Persian|0 fnt\n|faint|p2a: Persian\n|\n|win|p0x047818b", "uploadtime": 1783540039, "views": 0, "rating": 0, "private": 0, "password": null, "_winner": "p0x047818b", "_our_name": "p0y047a240"}