{"id": "battle-gen9randombattle-279", "formatid": "gen9randombattle", "format": "[Gen 9] Random Battle", "players": ["p0x2797475", "p0y279dc63"], "log": "|init|battle\n|title|p0x2797475 vs. p0y279dc63\n|j|\u2606p0x2797475\n|j|\u2606p0y279dc63\n|t:|1783542816\n|gametype|singles\n|player|p1|p0x2797475|170|\n|player|p2|p0y279dc63|2|\n|gen|9\n|tier|[Gen 9] Random Battle\n|rule|Species Clause: Limit one of each Pok\u00e9mon\n|rule|HP Percentage Mod: HP is shown in percentages\n|rule|Sleep Clause Mod: Limit one foe put to sleep\n|rule|Illusion Level Mod: Illusion disguises the Pok\u00e9mon's true level\n|\n|t:|1783542816\n|teamsize|p1|6\n|teamsize|p2|6\n|start\n|switch|p1a: Kyogre|Kyogre, L71|100/100\n|switch|p2a: Raging Bolt|Raging Bolt, L78|323/323\n|-weather|RainDance|[from] ability: Drizzle|[of] p1a: Kyogre\n|turn|1\n|inactive|Battle timer is ON: inactive players will automatically lose when time's up. (requested by p0y279dc63)\n|inactive|p0x2797475 also wants the timer to be on.\n|\n|t:|1783542818\n|move|p1a: Kyogre|Calm Mind|p1a: Kyogre\n|-boost|p1a: Kyogre|spa|1\n|-boost|p1a: Kyogre|spd|1\n|move|p2a: Raging Bolt|Thunderbolt|p1a: Kyogre\n|-supereffective|p1a: Kyogre\n|-damage|p1a: Kyogre|54/100\n|\n|-weather|RainDance|[upkeep]\n|-heal|p1a: Kyogre|60/100|[from] item: Leftovers\n|upkeep\n|turn|2\n|inactive|Time left: 300 sec this turn | 300 sec total\n|\n|t:|1783542819\n|move|p1a: Kyogre|Ice Beam|p2a: Raging Bolt\n|-supereffective|p2a: Raging Bolt\n|-damage|p2a: Raging Bolt|111/323\n|move|p2a: Raging Bolt|Thunderbolt|p1a: Kyogre\n|-supereffective|p1a: Kyogre\n|-damage|p1a: Kyogre|11/100\n|\n|-weather|RainDance|[upkeep]\n|-heal|p1a: Kyogre|17/100|[from] item: Leftovers\n|-heal|p2a: Raging Bolt|131/323|[from] item: Leftovers\n|upkeep\n|turn|3\n|inactive|Time left: 300 sec this turn | 300 sec total\n|\n|t:|1783542820\n|move|p2a: Raging Bolt|Thunderclap|p1a: Kyogre\n|-supereffective|p1a: Kyogre\n|-damage|p1a: Kyogre|0 fnt\n|faint|p1a: Kyogre\n|\n|-weather|RainDance|[upkeep]\n|-heal|p2a: Raging Bolt|151/323|[from] item: Leftovers\n|upkeep\n|\n|t:|1783542821\n|switch|p1a: Sandaconda|Sandaconda, L84, M|100/100\n|turn|4\n|inactive|Time left: 300 sec this turn | 300 sec total\n|\n|t:|1783542822\n|-end|p2a: Raging Bolt|Protosynthesis|[silent]\n|switch|p2a: Oranguru|Oranguru, L92, M|315/315\n|move|p1a: Sandaconda|Earthquake|p2a: Oranguru\n|-damage|p2a: Oranguru|201/315\n|\n|-weather|RainDance|[upkeep]\n|-heal|p2a: Oranguru|220/315|[from] item: Leftovers\n|upkeep\n|turn|5\n|inactive|Time left: 300 sec this turn | 300 sec total\n|\n|t:|1783542823\n|move|p1a: Sandaconda|Coil|p1a: Sandaconda\n|-boost|p1a: Sandaconda|atk|1\n|-boost|p1a: Sandaconda|def|1\n|-boost|p1a: Sandaconda|accuracy|1\n|move|p2a: Oranguru|Nasty Plot|p2a: Oranguru\n|-boost|p2a: Oranguru|spa|2\n|\n|-weather|none\n|-heal|p2a: Oranguru|239/315|[from] item: Leftovers\n|upkeep\n|turn|6\n|inactive|Time left: 300 sec this turn | 300 sec total\n|\n|t:|1783542824\n|move|p1a: Sandaconda|Earthquake|p2a: Oranguru\n|-damage|p2a: Oranguru|80/315\n|move|p2a: Oranguru|Focus Blast|p1a: Sandaconda\n|-damage|p1a: Sandaconda|15/100\n|\n|-heal|p1a: Sandaconda|21/100|[from] item: Leftovers\n|-heal|p2a: Oranguru|99/315|[from] item: Leftovers\n|upkeep\n|turn|7\n|inactive|Time left: 300 sec this turn | 300 sec total\n|\n|t:|1783542825\n|switch|p2a: Lilligant|Lilligant, L86, F|261/261\n|move|p1a: Sandaconda|Earthquake|p2a: Lilligant\n|-resisted|p2a: Lilligant\n|-damage|p2a: Lilligant|170/261\n|\n|-heal|p1a: Sandaconda|27/100|[from] item: Leftovers\n|upkeep\n|turn|8\n|inactive|Time left: 300 sec this turn | 300 sec total\n|\n|t:|1783542826\n|move|p2a: Lilligant|Giga Drain|p1a: Sandaconda\n|-supereffective|p1a: Sandaconda\n|-damage|p1a: Sandaconda|0 fnt\n|-heal|p2a: Lilligant|205/261|[from] drain|[of] p1a: Sandaconda\n|faint|p1a: Sandaconda\n|-damage|p2a: Lilligant|179/261|[from] item: Life Orb\n|\n|upkeep\n|\n|t:|1783542827\n|switch|p1a: Haxorus|Haxorus, L77, F|100/100\n|-ability|p1a: Haxorus|Mold Breaker\n|turn|9\n|inactive|Time left: 300 sec this turn | 300 sec total\n|\n|t:|1783542828\n|move|p2a: Lilligant|Sleep Powder|p1a: Haxorus\n|-status|p1a: Haxorus|slp|[from] move: Sleep Powder\n|-enditem|p1a: Haxorus|Lum Berry|[eat]\n|-curestatus|p1a: Haxorus|slp|[msg]\n|move|p1a: Haxorus|Outrage|p2a: Lilligant\n|-damage|p2a: Lilligant|2/261\n|\n|upkeep\n|turn|10\n|inactive|Time left: 300 sec this turn | 300 sec total\n|\n|t:|1783542829\n|move|p2a: Lilligant|Sleep Powder|p1a: Haxorus|[miss]\n|-miss|p2a: Lilligant|p1a: Haxorus\n|move|p1a: Haxorus|Outrage|p2a: Lilligant|[from] lockedmove\n|-damage|p2a: Lilligant|0 fnt\n|faint|p2a: Lilligant\n|\n|upkeep\n|inactive|Time left: 300 sec this turn | 300 sec total | 5 sec grace\n|\n|t:|1783542830\n|switch|p2a: Pecharunt|Pecharunt, L77|262/262\n|turn|11\n|inactive|Time left: 300 sec this turn | 300 sec total\n|\n|t:|1783542832\n|move|p1a: Haxorus|Outrage|p2a: Pecharunt|[from] lockedmove\n|-damage|p2a: Pecharunt|159/262\n|-start|p1a: Haxorus|confusion|[fatigue]\n|move|p2a: Pecharunt|Malignant Chain|p1a: Haxorus\n|-damage|p1a: Haxorus|53/100\n|\n|-heal|p2a: Pecharunt|175/262|[from] item: Leftovers\n|upkeep\n|turn|12\n|inactive|Time left: 300 sec this turn | 300 sec total\n|\n|t:|1783542833\n|switch|p1a: Iron Treads|Iron Treads, L77|100/100\n|move|p2a: Pecharunt|Malignant Chain|p1a: Iron Treads\n|-immune|p1a: Iron Treads\n|\n|-heal|p2a: Pecharunt|191/262|[from] item: Leftovers\n|upkeep\n|turn|13\n|inactive|Time left: 300 sec this turn | 300 sec total\n|\n|t:|1783542834\n|move|p1a: Iron Treads|Knock Off|p2a: Pecharunt\n|-supereffective|p2a: Pecharunt\n|-damage|p2a: Pecharunt|99/262\n|-enditem|p2a: Pecharunt|Leftovers|[from] move: Knock Off|[of] p1a: Iron Treads\n|move|p2a: Pecharunt|Parting Shot|p1a: Iron Treads\n|-unboost|p1a: Iron Treads|atk|1\n|-unboost|p1a: Iron Treads|spa|1\n|inactive|Time left: 300 sec this turn | 300 sec total | 5 sec grace\n|\n|t:|1783542835\n|switch|p2a: Gogoat|Gogoat, L88, M|360/360|[from] Parting Shot\n|\n|upkeep\n|turn|14\n|inactive|Time left: 300 sec this turn | 300 sec total\n|\n|t:|1783542836\n|-end|p1a: Iron Treads|Quark Drive|[silent]\n|switch|p1a: Haxorus|Haxorus, L77, F|53/100\n|-ability|p1a: Haxorus|Mold Breaker\n|move|p2a: Gogoat|Bulk Up|p2a: Gogoat\n|-boost|p2a: Gogoat|atk|1\n|-boost|p2a: Gogoat|def|1\n|\n|upkeep\n|turn|15\n|inactive|Time left: 300 sec this turn | 300 sec total\n|\n|t:|1783542837\n|move|p1a: Haxorus|Iron Head|p2a: Gogoat\n|-damage|p2a: Gogoat|306/360\n|move|p2a: Gogoat|Earthquake|p1a: Haxorus\n|-damage|p1a: Haxorus|2/100\n|\n|-heal|p2a: Gogoat|328/360|[from] item: Leftovers\n|upkeep\n|turn|16\n|inactive|Time left: 300 sec this turn | 300 sec total\n|\n|t:|1783542838\n|move|p1a: Haxorus|Iron Head|p2a: Gogoat\n|-damage|p2a: Gogoat|276/360\n|move|p2a: Gogoat|Horn Leech|p1a: Haxorus\n|-resisted|p1a: Haxorus\n|-damage|p1a: Haxorus|0 fnt\n|-heal|p2a: Gogoat|278/360|[from] drain|[of] p1a: Haxorus\n|faint|p1a: Haxorus\n|\n|-heal|p2a: Gogoat|300/360|[from] item: Leftovers\n|upkeep\n|\n|t:|1783542839\n|switch|p1a: Iron Treads|Iron Treads, L77|100/100\n|turn|17\n|inactive|Time left: 300 sec this turn | 300 sec total\n|\n|t:|1783542841\n|move|p1a: Iron Treads|Iron Head|p2a: Gogoat\n|-damage|p2a: Gogoat|233/360\n|cant|p2a: Gogoat|flinch\n|\n|-heal|p2a: Gogoat|255/360|[from] item: Leftovers\n|upkeep\n|turn|18\n|inactive|Time left: 300 sec this turn | 300 sec total\n|\n|t:|1783542842\n|move|p1a: Iron Treads|Iron Head|p2a: Gogoat\n|-damage|p2a: Gogoat|194/360\n|cant|p2a: Gogoat|flinch\n|\n|-heal|p2a: Gogoat|216/360|[from] item: Leftovers\n|upkeep\n|turn|19\n|inactive|Time left: 300 sec this turn | 300 sec total\n|\n|t:|1783542843\n|move|p1a: Iron Treads|Iron Head|p2a: Gogoat\n|-damage|p2a: Gogoat|153/360\n|move|p2a: Gogoat|Horn Leech|p1a: Iron Treads\n|-damage|p1a: Iron Treads|56/100\n|-heal|p2a: Gogoat|212/360|[from] drain|[of] p1a: Iron Treads\n|\n|-heal|p2a: Gogoat|234/360|[from] item: Leftovers\n|upkeep\n|turn|20\n|inactive|Time left: 300 sec this turn | 300 sec total\n|\n|t:|1783542844\n|move|p1a: Iron Treads|Iron Head|p2a: Gogoat\n|-damage|p2a: Gogoat|164/360\n|move|p2a: Gogoat|Earthquake|p1a: Iron Treads\n|-supereffective|p1a: Iron Treads\n|-damage|p1a: Iron Treads|0 fnt\n|faint|p1a: Iron Treads\n|-end|p1a: Iron Treads|Quark Drive|[silent]\n|\n|-heal|p2a: Gogoat|186/360|[from] item: Leftovers\n|upkeep\n|\n|t:|1783542845\n|switch|p1a: Chansey|Chansey, L85, F|100/100\n|turn|21\n|inactive|Time left: 300 sec this turn | 300 sec total\n|\n|t:|1783542846\n|move|p2a: Gogoat|Horn Leech|p1a: Chansey\n|-damage|p1a: Chansey|41/100\n|-heal|p2a: Gogoat|353/360|[from] drain|[of] p1a: Chansey\n|move|p1a: Chansey|Thunder Wave|p2a: Gogoat\n|-status|p2a: Gogoat|par\n|\n|-heal|p2a: Gogoat|360/360 par|[from] item: Leftovers\n|upkeep\n|turn|22\n|inactive|Time left: 300 sec this turn | 300 sec total\n|\n|t:|1783542847\n|move|p1a: Chansey|Soft-Boiled|p1a: Chansey\n|-heal|p1a: Chansey|91/100\n|cant|p2a: Gogoat|par\n|\n|upkeep\n|turn|23\n|inactive|Time left: 300 sec this turn | 300 sec total\n|\n|t:|1783542848\n|move|p1a: Chansey|Heal Bell||[still]\n|-activate|p1a: Chansey|move: Heal Bell\n|-fail|p1a: Chansey\n|cant|p2a: Gogoat|par\n|\n|upkeep\n|turn|24\n|inactive|Time left: 300 sec this turn | 300 sec total\n|\n|t:|1783542849\n|move|p1a: Chansey|Seismic Toss|p2a: Gogoat\n|-damage|p2a: Gogoat|275/360 par\n|move|p2a: Gogoat|Bulk Up|p2a: Gogoat\n|-boost|p2a: Gogoat|atk|1\n|-boost|p2a: Gogoat|def|1\n|\n|-heal|p2a: Gogoat|297/360 par|[from] item: Leftovers\n|upkeep\n|turn|25\n|inactive|Time left: 300 sec this turn | 300 sec total\n|\n|t:|1783542850\n|move|p1a: Chansey|Seismic Toss|p2a: Gogoat\n|-damage|p2a: Gogoat|212/360 par\n|cant|p2a: Gogoat|par\n|\n|-heal|p2a: Gogoat|234/360 par|[from] item: Leftovers\n|upkeep\n|turn|26\n|inactive|Time left: 300 sec this turn | 300 sec total\n|\n|t:|1783542851\n|switch|p1a: Bellibolt|Bellibolt, L84, F|100/100\n|move|p2a: Gogoat|Horn Leech|p1a: Bellibolt\n|-damage|p1a: Bellibolt|48/100\n|-heal|p2a: Gogoat|319/360 par|[from] drain|[of] p1a: Bellibolt\n|-start|p1a: Bellibolt|Charge|Horn Leech|[from] ability: Electromorphosis\n|\n|-heal|p1a: Bellibolt|54/100|[from] item: Leftovers\n|-heal|p2a: Gogoat|341/360 par|[from] item: Leftovers\n|upkeep\n|turn|27\n|inactive|Time left: 300 sec this turn | 300 sec total\n|\n|t:|1783542852\n|move|p1a: Bellibolt|Slack Off|p1a: Bellibolt\n|-heal|p1a: Bellibolt|100/100\n|move|p2a: Gogoat|Earthquake|p1a: Bellibolt\n|-supereffective|p1a: Bellibolt\n|-damage|p1a: Bellibolt|0 fnt\n|faint|p1a: Bellibolt\n|\n|-heal|p2a: Gogoat|360/360 par|[from] item: Leftovers\n|upkeep\n|\n|t:|1783542853\n|switch|p1a: Chansey|Chansey, L85, F|91/100\n|turn|28\n|inactive|Time left: 300 sec this turn | 300 sec total\n|\n|t:|1783542854\n|-terastallize|p2a: Gogoat|Ground\n|move|p1a: Chansey|Soft-Boiled|p1a: Chansey\n|-heal|p1a: Chansey|100/100\n|move|p2a: Gogoat|Earthquake|p1a: Chansey\n|-damage|p1a: Chansey|1/100\n|\n|upkeep\n|turn|29\n|inactive|Time left: 300 sec this turn | 300 sec total\n|\n|t:|1783542855\n|-terastallize|p1a: Chansey|Fairy\n|move|p1a: Chansey|Soft-Boiled|p1a: Chansey\n|-heal|p1a: Chansey|51/100\n|cant|p2a: Gogoat|par\n|\n|upkeep\n|turn|30\n|inactive|Time left: 300 sec this turn | 300 sec total\n|\n|t:|1783542856\n|move|p1a: Chansey|Soft-Boiled|p1a: Chansey\n|-heal|p1a: Chansey|100/100\n|cant|p2a: Gogoat|par\n|\n|upkeep\n|turn|31\n|inactive|Time left: 300 sec this turn | 300 sec total\n|\n|t:|1783542856\n|move|p1a: Chansey|Thunder Wave|p2a: Gogoat\n|-immune|p2a: Gogoat\n|cant|p2a: Gogoat|par\n|\n|upkeep\n|turn|32\n|inactive|Time left: 300 sec this turn | 300 sec total\n|\n|t:|1783542857\n|move|p1a: Chansey|Thunder Wave|p2a: Gogoat\n|-immune|p2a: Gogoat\n|move|p2a: Gogoat|Earthquake|p1a: Chansey\n|-damage|p1a: Chansey|3/100\n|\n|upkeep\n|turn|33\n|inactive|Time left: 300 sec this turn | 300 sec total\n|\n|t:|1783542858\n|move|p1a: Chansey|Soft-Boiled|p1a: Chansey\n|-heal|p1a: Chansey|53/100\n|cant|p2a: Gogoat|par\n|\n|upkeep\n|turn|34\n|inactive|Time left: 300 sec this turn | 300 sec total\n|\n|t:|1783542859\n|move|p1a: Chansey|Soft-Boiled|p1a: Chansey\n|-heal|p1a: Chansey|100/100\n|move|p2a: Gogoat|Earthquake|p1a: Chansey\n|-damage|p1a: Chansey|2/100\n|\n|upkeep\n|turn|35\n|inactive|Time left: 300 sec this turn | 300 sec total\n|\n|t:|1783542861\n|move|p1a: Chansey|Soft-Boiled|p1a: Chansey\n|-heal|p1a: Chansey|52/100\n|move|p2a: Gogoat|Horn Leech|p1a: Chansey\n|-crit|p1a: Chansey\n|-damage|p1a: Chansey|0 fnt\n|faint|p1a: Chansey\n|\n|win|p0y279dc63", "uploadtime": 1783542861, "views": 0, "rating": 0, "private": 0, "password": null, "_winner": "p0y279dc63", "_our_name": "p0y279dc63"}