{"id": "battle-gen9randombattle-1812", "formatid": "gen9randombattle", "format": "[Gen 9] Random Battle", "players": ["p0x1812dc2f", "p0y1812ecb2"], "log": "|init|battle\n|title|p0x1812dc2f vs. p0y1812ecb2\n|j|\u2606p0x1812dc2f\n|j|\u2606p0y1812ecb2\n|t:|1783560990\n|gametype|singles\n|player|p1|p0x1812dc2f|266|\n|player|p2|p0y1812ecb2|265|\n|gen|9\n|tier|[Gen 9] Random Battle\n|rule|Species Clause: Limit one of each Pok\u00e9mon\n|rule|HP Percentage Mod: HP is shown in percentages\n|rule|Sleep Clause Mod: Limit one foe put to sleep\n|rule|Illusion Level Mod: Illusion disguises the Pok\u00e9mon's true level\n|\n|t:|1783560990\n|teamsize|p1|6\n|teamsize|p2|6\n|start\n|switch|p1a: Magmortar|Magmortar, L88, F|100/100\n|switch|p2a: Skuntank|Skuntank, L84, F|310/310\n|turn|1\n|inactive|Battle timer is ON: inactive players will automatically lose when time's up. (requested by p0y1812ecb2)\n|\n|t:|1783560992\n|move|p1a: Magmortar|Fire Blast|p2a: Skuntank\n|-damage|p2a: Skuntank|103/310\n|move|p2a: Skuntank|Toxic Spikes|p1a: Magmortar\n|-sidestart|p1: p0x1812dc2f|move: Toxic Spikes\n|\n|upkeep\n|turn|2\n|inactive|Time left: 300 sec this turn | 300 sec total\n|inactive|p0x1812dc2f also wants the timer to be on.\n|\n|t:|1783560993\n|move|p2a: Skuntank|Sucker Punch|p1a: Magmortar\n|-damage|p1a: Magmortar|70/100\n|-status|p2a: Skuntank|brn|[from] ability: Flame Body|[of] p1a: Magmortar\n|move|p1a: Magmortar|Fire Blast|p2a: Skuntank\n|-damage|p2a: Skuntank|0 fnt\n|faint|p2a: Skuntank\n|\n|upkeep\n|inactive|Time left: 300 sec this turn | 300 sec total | 5 sec grace\n|\n|t:|1783560994\n|switch|p2a: Quagsire|Quagsire, L84, M|297/297\n|turn|3\n|inactive|Time left: 300 sec this turn | 300 sec total\n|\n|t:|1783560995\n|switch|p1a: Eelektross|Eelektross, L87, M|100/100\n|move|p2a: Quagsire|Earthquake|p1a: Eelektross\n|-immune|p1a: Eelektross|[from] ability: Levitate\n|\n|upkeep\n|turn|4\n|inactive|Time left: 300 sec this turn | 300 sec total\n|\n|t:|1783560996\n|move|p1a: Eelektross|Knock Off|p2a: Quagsire\n|-damage|p2a: Quagsire|218/297\n|-enditem|p2a: Quagsire|Leftovers|[from] move: Knock Off|[of] p1a: Eelektross\n|move|p2a: Quagsire|Toxic|p1a: Eelektross\n|-status|p1a: Eelektross|tox\n|\n|-damage|p1a: Eelektross|94/100 tox|[from] psn\n|upkeep\n|turn|5\n|inactive|Time left: 300 sec this turn | 300 sec total\n|\n|t:|1783560997\n|move|p1a: Eelektross|U-turn|p2a: Quagsire\n|-damage|p2a: Quagsire|160/297\n|\n|t:|1783560998\n|switch|p1a: Basculegion|Basculegion-F, L83, F|100/100|[from] U-turn\n|-status|p1a: Basculegion|psn\n|move|p2a: Quagsire|Recover|p2a: Quagsire\n|-heal|p2a: Quagsire|297/297\n|\n|-damage|p1a: Basculegion|88/100 psn|[from] psn\n|upkeep\n|turn|6\n|inactive|Time left: 300 sec this turn | 300 sec total\n|\n|t:|1783561000\n|switch|p2a: Abomasnow|Abomasnow, L84, M|287/287\n|-weather|Snowscape|[from] ability: Snow Warning|[of] p2a: Abomasnow\n|move|p1a: Basculegion|Shadow Ball|p2a: Abomasnow\n|-damage|p2a: Abomasnow|173/287\n|\n|-weather|Snowscape|[upkeep]\n|-damage|p1a: Basculegion|76/100 psn|[from] psn\n|upkeep\n|turn|7\n|inactive|Time left: 300 sec this turn | 300 sec total\n|\n|t:|1783561001\n|move|p1a: Basculegion|Shadow Ball|p2a: Abomasnow\n|-damage|p2a: Abomasnow|49/287\n|move|p2a: Abomasnow|Aurora Veil|p2a: Abomasnow\n|-sidestart|p2: p0y1812ecb2|move: Aurora Veil\n|\n|-weather|Snowscape|[upkeep]\n|-damage|p1a: Basculegion|64/100 psn|[from] psn\n|upkeep\n|turn|8\n|inactive|Time left: 300 sec this turn | 300 sec total\n|\n|t:|1783561002\n|switch|p2a: Zangoose|Zangoose, L85, M|263/263\n|move|p1a: Basculegion|Shadow Ball|p2a: Zangoose\n|-immune|p2a: Zangoose\n|\n|-weather|Snowscape|[upkeep]\n|-damage|p1a: Basculegion|52/100 psn|[from] psn\n|-status|p2a: Zangoose|tox|[from] item: Toxic Orb\n|upkeep\n|turn|9\n|inactive|Time left: 300 sec this turn | 300 sec total\n|\n|t:|1783561003\n|move|p2a: Zangoose|Knock Off|p1a: Basculegion\n|-supereffective|p1a: Basculegion\n|-crit|p1a: Basculegion\n|-damage|p1a: Basculegion|0 fnt\n|-enditem|p1a: Basculegion|Assault Vest|[from] move: Knock Off|[of] p2a: Zangoose\n|faint|p1a: Basculegion\n|\n|-weather|Snowscape|[upkeep]\n|-damage|p2a: Zangoose|247/263 tox|[from] psn\n|upkeep\n|\n|t:|1783561004\n|switch|p1a: Volbeat|Volbeat, L90, M|100/100\n|turn|10\n|inactive|Time left: 300 sec this turn | 300 sec total\n|\n|t:|1783561005\n|move|p1a: Volbeat|Lunge|p2a: Zangoose\n|-damage|p2a: Zangoose|191/263 tox\n|-unboost|p2a: Zangoose|atk|1\n|move|p2a: Zangoose|Facade|p1a: Volbeat\n|-damage|p1a: Volbeat|31/100\n|\n|-weather|none\n|-damage|p2a: Zangoose|159/263 tox|[from] psn\n|upkeep\n|turn|11\n|inactive|Time left: 300 sec this turn | 300 sec total\n|\n|t:|1783561005\n|move|p1a: Volbeat|Roost|p1a: Volbeat\n|-heal|p1a: Volbeat|81/100\n|-singleturn|p1a: Volbeat|move: Roost\n|move|p2a: Zangoose|Facade|p1a: Volbeat\n|-damage|p1a: Volbeat|10/100\n|\n|-damage|p2a: Zangoose|111/263 tox|[from] psn\n|upkeep\n|turn|12\n|inactive|Time left: 300 sec this turn | 300 sec total\n|\n|t:|1783561006\n|move|p1a: Volbeat|Roost|p1a: Volbeat\n|-heal|p1a: Volbeat|60/100\n|-singleturn|p1a: Volbeat|move: Roost\n|move|p2a: Zangoose|Facade|p1a: Volbeat\n|-damage|p1a: Volbeat|0 fnt\n|faint|p1a: Volbeat\n|\n|-damage|p2a: Zangoose|47/263 tox|[from] psn\n|upkeep\n|\n|t:|1783561007\n|switch|p1a: Lilligant|Lilligant, L86, F|100/100\n|-status|p1a: Lilligant|psn\n|turn|13\n|inactive|Time left: 300 sec this turn | 300 sec total\n|\n|t:|1783561008\n|switch|p2a: Miraidon|Miraidon, L65|238/238\n|-fieldstart|move: Electric Terrain|[from] ability: Hadron Engine|[of] p2a: Miraidon\n|move|p1a: Lilligant|Quiver Dance|p1a: Lilligant\n|-boost|p1a: Lilligant|spa|1\n|-boost|p1a: Lilligant|spd|1\n|-boost|p1a: Lilligant|spe|1\n|\n|-damage|p1a: Lilligant|88/100 psn|[from] psn\n|upkeep\n|turn|14\n|inactive|Time left: 300 sec this turn | 300 sec total\n|\n|t:|1783561008\n|move|p1a: Lilligant|Quiver Dance|p1a: Lilligant\n|-boost|p1a: Lilligant|spa|1\n|-boost|p1a: Lilligant|spd|1\n|-boost|p1a: Lilligant|spe|1\n|move|p2a: Miraidon|Draco Meteor|p1a: Lilligant\n|-damage|p1a: Lilligant|50/100 psn\n|-unboost|p2a: Miraidon|spa|2\n|-damage|p2a: Miraidon|215/238|[from] item: Life Orb\n|\n|-damage|p1a: Lilligant|37/100 psn|[from] psn\n|-sideend|p2: p0y1812ecb2|move: Aurora Veil\n|upkeep\n|turn|15\n|inactive|Time left: 300 sec this turn | 300 sec total\n|\n|t:|1783561009\n|switch|p2a: Abomasnow|Abomasnow, L84, M|49/287\n|-weather|Snowscape|[from] ability: Snow Warning|[of] p2a: Abomasnow\n|move|p1a: Lilligant|Giga Drain|p2a: Abomasnow\n|-resisted|p2a: Abomasnow\n|-damage|p2a: Abomasnow|0 fnt\n|-heal|p1a: Lilligant|47/100 psn|[from] drain|[of] p2a: Abomasnow\n|faint|p2a: Abomasnow\n|-damage|p1a: Lilligant|37/100 psn|[from] item: Life Orb\n|\n|-weather|Snowscape|[upkeep]\n|-damage|p1a: Lilligant|25/100 psn|[from] psn\n|upkeep\n|inactive|Time left: 300 sec this turn | 300 sec total | 5 sec grace\n|\n|t:|1783561010\n|switch|p2a: Zangoose|Zangoose, L85, M|47/263 tox\n|turn|16\n|inactive|Time left: 300 sec this turn | 300 sec total\n|\n|t:|1783561011\n|move|p2a: Zangoose|Quick Attack|p1a: Lilligant\n|-damage|p1a: Lilligant|0 fnt\n|faint|p1a: Lilligant\n|\n|-weather|Snowscape|[upkeep]\n|-damage|p2a: Zangoose|31/263 tox|[from] psn\n|upkeep\n|\n|t:|1783561012\n|switch|p1a: Eelektross|Eelektross, L87, M|94/100 tox\n|turn|17\n|inactive|Time left: 300 sec this turn | 300 sec total\n|\n|t:|1783561012\n|move|p2a: Zangoose|Facade|p1a: Eelektross\n|-damage|p1a: Eelektross|0 fnt\n|faint|p1a: Eelektross\n|\n|-weather|Snowscape|[upkeep]\n|-damage|p2a: Zangoose|0 fnt|[from] psn\n|faint|p2a: Zangoose\n|-fieldend|move: Electric Terrain\n|upkeep\n|inactive|Time left: 300 sec this turn | 300 sec total | 5 sec grace\n|\n|t:|1783561013\n|switch|p2a: Miraidon|Miraidon, L65|215/238\n|switch|p1a: Magmortar|Magmortar, L88, F|70/100\n|-fieldstart|move: Electric Terrain|[from] ability: Hadron Engine|[of] p2a: Miraidon\n|turn|18\n|inactive|Time left: 300 sec this turn | 300 sec total\n|\n|t:|1783561014\n|-terastallize|p2a: Miraidon|Electric\n|move|p2a: Miraidon|Electro Drift|p1a: Magmortar\n|-damage|p1a: Magmortar|0 fnt\n|faint|p1a: Magmortar\n|-damage|p2a: Miraidon|192/238|[from] item: Life Orb\n|\n|-weather|Snowscape|[upkeep]\n|upkeep\n|\n|t:|1783561015\n|switch|p1a: Volcanion|Volcanion, L79|100/100\n|-status|p1a: Volcanion|psn\n|turn|19\n|inactive|Time left: 300 sec this turn | 300 sec total\n|\n|t:|1783561016\n|-terastallize|p1a: Volcanion|Water\n|move|p2a: Miraidon|Electro Drift|p1a: Volcanion\n|-supereffective|p1a: Volcanion\n|-damage|p1a: Volcanion|0 fnt\n|faint|p1a: Volcanion\n|-damage|p2a: Miraidon|169/238|[from] item: Life Orb\n|\n|win|p0y1812ecb2", "uploadtime": 1783561016, "views": 0, "rating": 0, "private": 0, "password": null, "_winner": "p0y1812ecb2", "_our_name": "p0y1812ecb2"}