{"id": "battle-gen9randombattle-2305", "formatid": "gen9randombattle", "format": "[Gen 9] Random Battle", "players": ["p0x2305d921", "p0y23050928"], "log": "|init|battle\n|title|p0x2305d921 vs. p0y23050928\n|j|\u2606p0x2305d921\n|j|\u2606p0y23050928\n|t:|1783565761\n|gametype|singles\n|player|p1|p0x2305d921|102|\n|player|p2|p0y23050928|265|\n|gen|9\n|tier|[Gen 9] Random Battle\n|rule|Species Clause: Limit one of each Pok\u00e9mon\n|rule|HP Percentage Mod: HP is shown in percentages\n|rule|Sleep Clause Mod: Limit one foe put to sleep\n|rule|Illusion Level Mod: Illusion disguises the Pok\u00e9mon's true level\n|\n|t:|1783565761\n|teamsize|p1|6\n|teamsize|p2|6\n|start\n|switch|p1a: Pecharunt|Pecharunt, L77|100/100\n|switch|p2a: Incineroar|Incineroar, L82, M|290/290\n|-ability|p2a: Incineroar|Intimidate|boost\n|-unboost|p1a: Pecharunt|atk|1\n|turn|1\n|inactive|Battle timer is ON: inactive players will automatically lose when time's up. (requested by p0y23050928)\n|inactive|p0x2305d921 also wants the timer to be on.\n|\n|t:|1783565762\n|move|p1a: Pecharunt|Parting Shot|p2a: Incineroar\n|-unboost|p2a: Incineroar|atk|1\n|-unboost|p2a: Incineroar|spa|1\n|\n|t:|1783565763\n|switch|p1a: Luxray|Luxray, L88, M|100/100|[from] Parting Shot\n|move|p2a: Incineroar|Knock Off|p1a: Luxray\n|-damage|p1a: Luxray|71/100\n|-enditem|p1a: Luxray|Flame Orb|[from] move: Knock Off|[of] p2a: Incineroar\n|\n|upkeep\n|turn|2\n|inactive|Time left: 300 sec this turn | 300 sec total\n|\n|t:|1783565764\n|move|p1a: Luxray|Supercell Slam|p2a: Incineroar\n|-damage|p2a: Incineroar|157/290\n|move|p2a: Incineroar|U-turn|p1a: Luxray\n|-damage|p1a: Luxray|57/100\n|inactive|Time left: 300 sec this turn | 300 sec total | 5 sec grace\n|\n|t:|1783565765\n|switch|p2a: Cloyster|Cloyster, L80, M|211/211|[from] U-turn\n|\n|upkeep\n|turn|3\n|inactive|Time left: 300 sec this turn | 300 sec total\n|\n|t:|1783565766\n|move|p1a: Luxray|Supercell Slam|p2a: Cloyster\n|-supereffective|p2a: Cloyster\n|-damage|p2a: Cloyster|47/211\n|move|p2a: Cloyster|Shell Smash|p2a: Cloyster\n|-unboost|p2a: Cloyster|def|1\n|-unboost|p2a: Cloyster|spd|1\n|-boost|p2a: Cloyster|atk|2\n|-boost|p2a: Cloyster|spa|2\n|-boost|p2a: Cloyster|spe|2\n|-enditem|p2a: Cloyster|White Herb\n|-clearnegativeboost|p2a: Cloyster|[silent]\n|\n|upkeep\n|turn|4\n|inactive|Time left: 300 sec this turn | 300 sec total\n|\n|t:|1783565767\n|move|p2a: Cloyster|Icicle Spear|p1a: Luxray\n|-damage|p1a: Luxray|40/100\n|-damage|p1a: Luxray|22/100\n|-damage|p1a: Luxray|5/100\n|-damage|p1a: Luxray|0 fnt\n|faint|p1a: Luxray\n|-hitcount|p1: Luxray|4\n|\n|upkeep\n|\n|t:|1783565768\n|switch|p1a: Pecharunt|Pecharunt, L77|100/100\n|turn|5\n|inactive|Time left: 300 sec this turn | 300 sec total\n|\n|t:|1783565769\n|move|p2a: Cloyster|Hydro Pump|p1a: Pecharunt|[miss]\n|-miss|p2a: Cloyster|p1a: Pecharunt\n|move|p1a: Pecharunt|Malignant Chain|p2a: Cloyster\n|-damage|p2a: Cloyster|0 fnt\n|faint|p2a: Cloyster\n|\n|upkeep\n|inactive|Time left: 300 sec this turn | 300 sec total | 5 sec grace\n|\n|t:|1783565770\n|switch|p2a: Venomoth|Venomoth, L84, F|255/255\n|turn|6\n|inactive|Time left: 300 sec this turn | 300 sec total\n|\n|t:|1783565771\n|move|p2a: Venomoth|Quiver Dance|p2a: Venomoth\n|-boost|p2a: Venomoth|spa|1\n|-boost|p2a: Venomoth|spd|1\n|-boost|p2a: Venomoth|spe|1\n|move|p1a: Pecharunt|Parting Shot|p2a: Venomoth\n|-unboost|p2a: Venomoth|atk|1\n|-unboost|p2a: Venomoth|spa|1\n|\n|t:|1783565772\n|switch|p1a: Veluza|Veluza, L85, M|100/100|[from] Parting Shot\n|\n|upkeep\n|turn|7\n|inactive|Time left: 300 sec this turn | 300 sec total\n|\n|t:|1783565773\n|move|p2a: Venomoth|Sleep Powder|p1a: Veluza\n|-status|p1a: Veluza|slp|[from] move: Sleep Powder\n|cant|p1a: Veluza|slp\n|\n|upkeep\n|turn|8\n|inactive|Time left: 300 sec this turn | 300 sec total\n|\n|t:|1783565774\n|move|p2a: Venomoth|Bug Buzz|p1a: Veluza\n|-supereffective|p1a: Veluza\n|-damage|p1a: Veluza|22/100 slp\n|-enditem|p1a: Veluza|Sitrus Berry|[eat]\n|-heal|p1a: Veluza|47/100 slp|[from] item: Sitrus Berry\n|-curestatus|p1a: Veluza|slp|[msg]\n|move|p1a: Veluza|Psycho Cut|p2a: Venomoth\n|-supereffective|p2a: Venomoth\n|-crit|p2a: Venomoth\n|-damage|p2a: Venomoth|0 fnt\n|faint|p2a: Venomoth\n|\n|upkeep\n|inactive|Time left: 300 sec this turn | 300 sec total | 5 sec grace\n|\n|t:|1783565775\n|switch|p2a: Pikachu|Pikachu-Hoenn, L93, F|216/216\n|turn|9\n|inactive|Time left: 300 sec this turn | 300 sec total\n|\n|t:|1783565776\n|switch|p1a: Exeggutor|Exeggutor-Alola, L89, F|100/100\n|move|p2a: Pikachu|Volt Tackle|p1a: Exeggutor\n|-resisted|p1a: Exeggutor\n|-damage|p1a: Exeggutor|84/100\n|-damage|p2a: Pikachu|199/216|[from] Recoil\n|\n|upkeep\n|turn|10\n|inactive|Time left: 300 sec this turn | 300 sec total\n|\n|t:|1783565777\n|switch|p2a: Incineroar|Incineroar, L82, M|157/290\n|-ability|p2a: Incineroar|Intimidate|boost\n|-unboost|p1a: Exeggutor|atk|1\n|move|p1a: Exeggutor|Giga Drain|p2a: Incineroar\n|-resisted|p2a: Incineroar\n|-damage|p2a: Incineroar|124/290\n|-heal|p1a: Exeggutor|90/100|[from] drain|[of] p2a: Incineroar\n|\n|upkeep\n|turn|11\n|inactive|Time left: 300 sec this turn | 300 sec total\n|\n|t:|1783565778\n|move|p2a: Incineroar|Knock Off|p1a: Exeggutor\n|-damage|p1a: Exeggutor|54/100\n|-enditem|p1a: Exeggutor|Sitrus Berry|[from] move: Knock Off|[of] p2a: Incineroar\n|move|p1a: Exeggutor|Giga Drain|p2a: Incineroar\n|-resisted|p2a: Incineroar\n|-damage|p2a: Incineroar|90/290\n|-heal|p1a: Exeggutor|59/100|[from] drain|[of] p2a: Incineroar\n|\n|upkeep\n|turn|12\n|inactive|Time left: 300 sec this turn | 300 sec total\n|\n|t:|1783565779\n|move|p2a: Incineroar|U-turn|p1a: Exeggutor\n|-supereffective|p1a: Exeggutor\n|-damage|p1a: Exeggutor|26/100\n|inactive|Time left: 300 sec this turn | 300 sec total | 5 sec grace\n|\n|t:|1783565780\n|switch|p2a: Reuniclus|Reuniclus, L88, F|337/337|[from] U-turn\n|move|p1a: Exeggutor|Giga Drain|p2a: Reuniclus\n|-damage|p2a: Reuniclus|231/337\n|-heal|p1a: Exeggutor|43/100|[from] drain|[of] p2a: Reuniclus\n|\n|upkeep\n|turn|13\n|inactive|Time left: 300 sec this turn | 300 sec total\n|\n|t:|1783565781\n|move|p1a: Exeggutor|Giga Drain|p2a: Reuniclus\n|-damage|p2a: Reuniclus|117/337\n|-heal|p1a: Exeggutor|61/100|[from] drain|[of] p2a: Reuniclus\n|move|p2a: Reuniclus|Psyshock|p1a: Exeggutor\n|-damage|p1a: Exeggutor|17/100\n|\n|upkeep\n|turn|14\n|inactive|Time left: 300 sec this turn | 300 sec total\n|\n|t:|1783565781\n|move|p1a: Exeggutor|Dragon Pulse|p2a: Reuniclus\n|-damage|p2a: Reuniclus|0 fnt\n|faint|p2a: Reuniclus\n|\n|upkeep\n|inactive|Time left: 300 sec this turn | 300 sec total | 5 sec grace\n|\n|t:|1783565782\n|switch|p2a: Incineroar|Incineroar, L82, M|90/290\n|-ability|p2a: Incineroar|Intimidate|boost\n|-unboost|p1a: Exeggutor|atk|1\n|turn|15\n|inactive|Time left: 300 sec this turn | 300 sec total\n|\n|t:|1783565783\n|switch|p1a: Pecharunt|Pecharunt, L77|100/100\n|move|p2a: Incineroar|Knock Off|p1a: Pecharunt\n|-supereffective|p1a: Pecharunt\n|-damage|p1a: Pecharunt|40/100\n|-enditem|p1a: Pecharunt|Leftovers|[from] move: Knock Off|[of] p2a: Incineroar\n|\n|upkeep\n|turn|16\n|inactive|Time left: 300 sec this turn | 300 sec total\n|\n|t:|1783565784\n|move|p1a: Pecharunt|Recover|p1a: Pecharunt\n|-heal|p1a: Pecharunt|90/100\n|move|p2a: Incineroar|Knock Off|p1a: Pecharunt\n|-supereffective|p1a: Pecharunt\n|-damage|p1a: Pecharunt|54/100\n|\n|upkeep\n|turn|17\n|inactive|Time left: 300 sec this turn | 300 sec total\n|\n|t:|1783565785\n|move|p1a: Pecharunt|Recover|p1a: Pecharunt\n|-heal|p1a: Pecharunt|100/100\n|move|p2a: Incineroar|U-turn|p1a: Pecharunt\n|-resisted|p1a: Pecharunt\n|-damage|p1a: Pecharunt|97/100\n|inactive|Time left: 300 sec this turn | 300 sec total | 5 sec grace\n|\n|t:|1783565786\n|switch|p2a: Barraskewda|Barraskewda, L81, F|231/231|[from] U-turn\n|\n|upkeep\n|turn|18\n|inactive|Time left: 300 sec this turn | 300 sec total\n|\n|t:|1783565787\n|move|p2a: Barraskewda|Waterfall|p1a: Pecharunt\n|-damage|p1a: Pecharunt|62/100\n|move|p1a: Pecharunt|Malignant Chain|p2a: Barraskewda\n|-crit|p2a: Barraskewda\n|-damage|p2a: Barraskewda|50/231\n|\n|upkeep\n|turn|19\n|inactive|Time left: 300 sec this turn | 300 sec total\n|\n|t:|1783565788\n|move|p2a: Barraskewda|Waterfall|p1a: Pecharunt\n|-damage|p1a: Pecharunt|24/100\n|move|p1a: Pecharunt|Recover|p1a: Pecharunt\n|-heal|p1a: Pecharunt|74/100\n|\n|upkeep\n|turn|20\n|inactive|Time left: 300 sec this turn | 300 sec total\n|\n|t:|1783565789\n|move|p2a: Barraskewda|Waterfall|p1a: Pecharunt\n|-damage|p1a: Pecharunt|37/100\n|move|p1a: Pecharunt|Malignant Chain|p2a: Barraskewda\n|-damage|p2a: Barraskewda|0 fnt\n|faint|p2a: Barraskewda\n|\n|upkeep\n|inactive|Time left: 300 sec this turn | 300 sec total | 5 sec grace\n|\n|t:|1783565790\n|switch|p2a: Pikachu|Pikachu-Hoenn, L93, F|199/216\n|turn|21\n|inactive|Time left: 300 sec this turn | 300 sec total\n|\n|t:|1783565791\n|switch|p1a: Exeggutor|Exeggutor-Alola, L89, F|17/100\n|move|p2a: Pikachu|Surf|p1a: Exeggutor\n|-resisted|p1a: Exeggutor\n|-damage|p1a: Exeggutor|10/100\n|\n|upkeep\n|turn|22\n|inactive|Time left: 300 sec this turn | 300 sec total\n|\n|t:|1783565792\n|move|p2a: Pikachu|Volt Tackle|p1a: Exeggutor\n|-resisted|p1a: Exeggutor\n|-damage|p1a: Exeggutor|0 fnt\n|faint|p1a: Exeggutor\n|-damage|p2a: Pikachu|189/216|[from] Recoil\n|\n|upkeep\n|\n|t:|1783565793\n|switch|p1a: Rotom|Rotom-Wash, L82|100/100\n|turn|23\n|inactive|Time left: 300 sec this turn | 300 sec total\n|\n|t:|1783565795\n|move|p2a: Pikachu|Volt Tackle|p1a: Rotom\n|-damage|p1a: Rotom|12/100\n|-damage|p2a: Pikachu|126/216|[from] Recoil\n|move|p1a: Rotom|Hydro Pump|p2a: Pikachu\n|-damage|p2a: Pikachu|0 fnt\n|faint|p2a: Pikachu\n|\n|-heal|p1a: Rotom|18/100|[from] item: Leftovers\n|upkeep\n|inactive|Time left: 300 sec this turn | 300 sec total | 5 sec grace\n|\n|t:|1783565795\n|switch|p2a: Incineroar|Incineroar, L82, M|90/290\n|-ability|p2a: Incineroar|Intimidate|boost\n|-unboost|p1a: Rotom|atk|1\n|turn|24\n|inactive|Time left: 300 sec this turn | 300 sec total\n|\n|t:|1783565796\n|move|p2a: Incineroar|Fake Out|p1a: Rotom\n|-damage|p1a: Rotom|5/100\n|cant|p1a: Rotom|flinch\n|\n|-heal|p1a: Rotom|11/100|[from] item: Leftovers\n|upkeep\n|turn|25\n|inactive|Time left: 300 sec this turn | 300 sec total\n|\n|t:|1783565797\n|move|p1a: Rotom|Hydro Pump|p2a: Incineroar\n|-supereffective|p2a: Incineroar\n|-damage|p2a: Incineroar|0 fnt\n|faint|p2a: Incineroar\n|\n|win|p0x2305d921", "uploadtime": 1783565797, "views": 0, "rating": 0, "private": 0, "password": null, "_winner": "p0x2305d921", "_our_name": "p0y23050928"}