{"id": "battle-gen9randombattle-1482", "formatid": "gen9randombattle", "format": "[Gen 9] Random Battle", "players": ["p0x14829792", "p0y14826c1a"], "log": "|init|battle\n|title|p0x14829792 vs. p0y14826c1a\n|j|\u2606p0x14829792\n|j|\u2606p0y14826c1a\n|t:|1783557243\n|gametype|singles\n|player|p1|p0x14829792|169|\n|player|p2|p0y14826c1a|266|\n|gen|9\n|tier|[Gen 9] Random Battle\n|rule|Species Clause: Limit one of each Pok\u00e9mon\n|rule|HP Percentage Mod: HP is shown in percentages\n|rule|Sleep Clause Mod: Limit one foe put to sleep\n|rule|Illusion Level Mod: Illusion disguises the Pok\u00e9mon's true level\n|\n|t:|1783557243\n|teamsize|p1|6\n|teamsize|p2|6\n|start\n|switch|p1a: Florges|Florges-White, L85, F|271/271\n|switch|p2a: Porygon2|Porygon2, L81|100/100\n|-ability|p2a: Porygon2|Download|boost\n|-boost|p2a: Porygon2|atk|1\n|turn|1\n|inactive|Battle timer is ON: inactive players will automatically lose when time's up. (requested by p0x14829792)\n|inactive|p0y14826c1a also wants the timer to be on.\n|\n|t:|1783557244\n|move|p1a: Florges|Moonblast|p2a: Porygon2\n|-damage|p2a: Porygon2|70/100\n|-unboost|p2a: Porygon2|spa|1\n|move|p2a: Porygon2|Ice Beam|p1a: Florges\n|-damage|p1a: Florges|241/271\n|\n|-heal|p1a: Florges|257/271|[from] item: Leftovers\n|upkeep\n|turn|2\n|inactive|Time left: 300 sec this turn | 300 sec total\n|\n|t:|1783557245\n|switch|p2a: Blaziken|Blaziken, L76, M|100/100\n|move|p1a: Florges|Calm Mind|p1a: Florges\n|-boost|p1a: Florges|spa|1\n|-boost|p1a: Florges|spd|1\n|\n|-heal|p1a: Florges|271/271|[from] item: Leftovers\n|upkeep\n|turn|3\n|inactive|Time left: 300 sec this turn | 300 sec total\n|\n|t:|1783557246\n|move|p1a: Florges|Moonblast|p2a: Blaziken\n|-damage|p2a: Blaziken|6/100\n|move|p2a: Blaziken|Swords Dance|p2a: Blaziken\n|-boost|p2a: Blaziken|atk|2\n|\n|-ability|p2a: Blaziken|Speed Boost|boost\n|-boost|p2a: Blaziken|spe|1\n|upkeep\n|turn|4\n|inactive|Time left: 300 sec this turn | 300 sec total\n|\n|t:|1783557247\n|switch|p1a: Golem|Golem-Alola, L93, M|300/300\n|move|p2a: Blaziken|Flare Blitz|p1a: Golem\n|-resisted|p1a: Golem\n|-damage|p1a: Golem|199/300\n|-damage|p2a: Blaziken|0 fnt|[from] Recoil\n|faint|p2a: Blaziken\n|\n|upkeep\n|\n|t:|1783557248\n|switch|p2a: Oinkologne|Oinkologne, L92, M|100/100\n|turn|5\n|inactive|Time left: 300 sec this turn | 300 sec total\n|\n|t:|1783557249\n|move|p2a: Oinkologne|High Horsepower|p1a: Golem\n|-supereffective|p1a: Golem\n|-damage|p1a: Golem|0 fnt\n|faint|p1a: Golem\n|\n|upkeep\n|inactive|Time left: 300 sec this turn | 300 sec total | 5 sec grace\n|\n|t:|1783557250\n|switch|p1a: Blastoise|Blastoise, L80, M|258/258\n|turn|6\n|inactive|Time left: 300 sec this turn | 300 sec total\n|\n|t:|1783557251\n|move|p2a: Oinkologne|Double-Edge|p1a: Blastoise\n|-damage|p1a: Blastoise|117/258\n|-damage|p2a: Oinkologne|87/100|[from] Recoil\n|move|p1a: Blastoise|Shell Smash|p1a: Blastoise\n|-unboost|p1a: Blastoise|def|1\n|-unboost|p1a: Blastoise|spd|1\n|-boost|p1a: Blastoise|atk|2\n|-boost|p1a: Blastoise|spa|2\n|-boost|p1a: Blastoise|spe|2\n|-enditem|p1a: Blastoise|White Herb\n|-clearnegativeboost|p1a: Blastoise|[silent]\n|\n|-heal|p2a: Oinkologne|93/100|[from] item: Leftovers\n|upkeep\n|turn|7\n|inactive|Time left: 300 sec this turn | 300 sec total\n|\n|t:|1783557252\n|move|p1a: Blastoise|Hydro Pump|p2a: Oinkologne\n|-damage|p2a: Oinkologne|43/100\n|move|p2a: Oinkologne|Double-Edge|p1a: Blastoise\n|-damage|p1a: Blastoise|0 fnt\n|faint|p1a: Blastoise\n|-damage|p2a: Oinkologne|32/100|[from] Recoil\n|\n|-heal|p2a: Oinkologne|38/100|[from] item: Leftovers\n|upkeep\n|inactive|Time left: 300 sec this turn | 300 sec total | 5 sec grace\n|\n|t:|1783557253\n|switch|p1a: Zekrom|Zekrom, L71|259/259\n|-ability|p1a: Zekrom|Teravolt\n|turn|8\n|inactive|Time left: 300 sec this turn | 300 sec total\n|\n|t:|1783557254\n|-terastallize|p2a: Oinkologne|Ground\n|move|p2a: Oinkologne|High Horsepower|p1a: Zekrom\n|-supereffective|p1a: Zekrom\n|-damage|p1a: Zekrom|47/259\n|move|p1a: Zekrom|Dragon Dance|p1a: Zekrom\n|-boost|p1a: Zekrom|atk|1\n|-boost|p1a: Zekrom|spe|1\n|\n|-heal|p1a: Zekrom|63/259|[from] item: Leftovers\n|-heal|p2a: Oinkologne|45/100|[from] item: Leftovers\n|upkeep\n|turn|9\n|inactive|Time left: 300 sec this turn | 300 sec total\n|\n|t:|1783557255\n|move|p1a: Zekrom|Outrage|p2a: Oinkologne\n|-crit|p2a: Oinkologne\n|-damage|p2a: Oinkologne|0 fnt\n|faint|p2a: Oinkologne\n|\n|-heal|p1a: Zekrom|79/259|[from] item: Leftovers\n|upkeep\n|\n|t:|1783557256\n|switch|p2a: Porygon2|Porygon2, L81|70/100\n|-ability|p2a: Porygon2|Download|boost\n|-boost|p2a: Porygon2|spa|1\n|turn|10\n|inactive|Time left: 300 sec this turn | 300 sec total\n|\n|t:|1783557257\n|move|p1a: Zekrom|Outrage|p2a: Porygon2|[from] lockedmove\n|-damage|p2a: Porygon2|18/100\n|-start|p1a: Zekrom|confusion|[fatigue]\n|move|p2a: Porygon2|Recover|p2a: Porygon2\n|-heal|p2a: Porygon2|68/100\n|\n|-heal|p1a: Zekrom|95/259|[from] item: Leftovers\n|upkeep\n|turn|11\n|inactive|Time left: 300 sec this turn | 300 sec total\n|\n|t:|1783557258\n|switch|p1a: Florges|Florges-White, L85, F|271/271\n|move|p2a: Porygon2|Ice Beam|p1a: Florges\n|-damage|p1a: Florges|216/271\n|\n|-heal|p1a: Florges|232/271|[from] item: Leftovers\n|upkeep\n|turn|12\n|inactive|Time left: 300 sec this turn | 300 sec total\n|\n|t:|1783557259\n|move|p1a: Florges|Calm Mind|p1a: Florges\n|-boost|p1a: Florges|spa|1\n|-boost|p1a: Florges|spd|1\n|move|p2a: Porygon2|Recover|p2a: Porygon2\n|-heal|p2a: Porygon2|100/100\n|\n|-heal|p1a: Florges|248/271|[from] item: Leftovers\n|upkeep\n|turn|13\n|inactive|Time left: 300 sec this turn | 300 sec total\n|\n|t:|1783557260\n|move|p1a: Florges|Moonblast|p2a: Porygon2\n|-damage|p2a: Porygon2|58/100\n|move|p2a: Porygon2|Discharge|p1a: Florges\n|-damage|p1a: Florges|210/271\n|\n|-heal|p1a: Florges|226/271|[from] item: Leftovers\n|upkeep\n|turn|14\n|inactive|Time left: 300 sec this turn | 300 sec total\n|\n|t:|1783557260\n|move|p1a: Florges|Moonblast|p2a: Porygon2\n|-damage|p2a: Porygon2|18/100\n|move|p2a: Porygon2|Recover|p2a: Porygon2\n|-heal|p2a: Porygon2|68/100\n|\n|-heal|p1a: Florges|242/271|[from] item: Leftovers\n|upkeep\n|turn|15\n|inactive|Time left: 300 sec this turn | 300 sec total\n|\n|t:|1783557261\n|move|p1a: Florges|Moonblast|p2a: Porygon2\n|-damage|p2a: Porygon2|22/100\n|-unboost|p2a: Porygon2|spa|1\n|move|p2a: Porygon2|Recover|p2a: Porygon2\n|-heal|p2a: Porygon2|72/100\n|\n|-heal|p1a: Florges|258/271|[from] item: Leftovers\n|upkeep\n|turn|16\n|inactive|Time left: 300 sec this turn | 300 sec total\n|\n|t:|1783557262\n|move|p1a: Florges|Calm Mind|p1a: Florges\n|-boost|p1a: Florges|spa|1\n|-boost|p1a: Florges|spd|1\n|move|p2a: Porygon2|Recover|p2a: Porygon2\n|-heal|p2a: Porygon2|100/100\n|\n|-heal|p1a: Florges|271/271|[from] item: Leftovers\n|upkeep\n|turn|17\n|inactive|Time left: 300 sec this turn | 300 sec total\n|\n|t:|1783557263\n|move|p1a: Florges|Moonblast|p2a: Porygon2\n|-damage|p2a: Porygon2|40/100\n|move|p2a: Porygon2|Recover|p2a: Porygon2\n|-heal|p2a: Porygon2|90/100\n|\n|upkeep\n|turn|18\n|inactive|Time left: 300 sec this turn | 300 sec total\n|\n|t:|1783557264\n|move|p1a: Florges|Moonblast|p2a: Porygon2\n|-damage|p2a: Porygon2|33/100\n|-unboost|p2a: Porygon2|spa|1\n|move|p2a: Porygon2|Recover|p2a: Porygon2\n|-heal|p2a: Porygon2|83/100\n|\n|upkeep\n|turn|19\n|inactive|Time left: 300 sec this turn | 300 sec total\n|\n|t:|1783557265\n|move|p1a: Florges|Moonblast|p2a: Porygon2\n|-damage|p2a: Porygon2|26/100\n|-unboost|p2a: Porygon2|spa|1\n|move|p2a: Porygon2|Recover|p2a: Porygon2\n|-heal|p2a: Porygon2|76/100\n|\n|upkeep\n|turn|20\n|inactive|Time left: 300 sec this turn | 300 sec total\n|\n|t:|1783557266\n|switch|p2a: Uxie|Uxie, L83|100/100\n|move|p1a: Florges|Moonblast|p2a: Uxie\n|-damage|p2a: Uxie|37/100\n|-unboost|p2a: Uxie|spa|1\n|\n|-heal|p2a: Uxie|43/100|[from] item: Leftovers\n|upkeep\n|turn|21\n|inactive|Time left: 300 sec this turn | 300 sec total\n|\n|t:|1783557267\n|move|p2a: Uxie|Stealth Rock|p1a: Florges\n|-sidestart|p1: p0x14829792|move: Stealth Rock\n|move|p1a: Florges|Moonblast|p2a: Uxie\n|-damage|p2a: Uxie|0 fnt\n|faint|p2a: Uxie\n|\n|upkeep\n|\n|t:|1783557268\n|switch|p2a: Porygon2|Porygon2, L81|76/100\n|-ability|p2a: Porygon2|Download|boost\n|-boost|p2a: Porygon2|atk|1\n|turn|22\n|inactive|Time left: 300 sec this turn | 300 sec total\n|\n|t:|1783557269\n|move|p1a: Florges|Moonblast|p2a: Porygon2\n|-damage|p2a: Porygon2|16/100\n|move|p2a: Porygon2|Tri Attack|p1a: Florges\n|-damage|p1a: Florges|246/271\n|\n|-heal|p1a: Florges|262/271|[from] item: Leftovers\n|upkeep\n|turn|23\n|inactive|Time left: 300 sec this turn | 300 sec total\n|\n|t:|1783557270\n|move|p1a: Florges|Moonblast|p2a: Porygon2\n|-damage|p2a: Porygon2|0 fnt\n|faint|p2a: Porygon2\n|\n|-heal|p1a: Florges|271/271|[from] item: Leftovers\n|upkeep\n|\n|t:|1783557271\n|switch|p2a: Salamence|Salamence, L77, F|100/100\n|turn|24\n|inactive|Time left: 300 sec this turn | 300 sec total\n|\n|t:|1783557272\n|move|p2a: Salamence|Dual Wingbeat|p1a: Florges\n|-damage|p1a: Florges|219/271\n|-damage|p1a: Florges|162/271\n|-hitcount|p1a: Florges|2\n|move|p1a: Florges|Moonblast|p2a: Salamence\n|-supereffective|p2a: Salamence\n|-damage|p2a: Salamence|0 fnt\n|faint|p2a: Salamence\n|\n|-heal|p1a: Florges|178/271|[from] item: Leftovers\n|upkeep\n|\n|t:|1783557273\n|switch|p2a: Veluza|Veluza, L85, F|100/100\n|turn|25\n|inactive|Time left: 300 sec this turn | 300 sec total\n|\n|t:|1783557274\n|move|p1a: Florges|Moonblast|p2a: Veluza\n|-damage|p2a: Veluza|0 fnt\n|faint|p2a: Veluza\n|\n|win|p0x14829792", "uploadtime": 1783557274, "views": 0, "rating": 0, "private": 0, "password": null, "_winner": "p0x14829792", "_our_name": "p0x14829792"}