{"id": "battle-gen9randombattle-112", "formatid": "gen9randombattle", "format": "[Gen 9] Random Battle", "players": ["p0x1129cd3", "p0y112e1af"], "log": "|init|battle\n|title|p0x1129cd3 vs. p0y112e1af\n|j|\u2606p0x1129cd3\n|j|\u2606p0y112e1af\n|t:|1783534573\n|gametype|singles\n|player|p1|p0x1129cd3|169|\n|player|p2|p0y112e1af|2|\n|gen|9\n|tier|[Gen 9] Random Battle\n|rule|Species Clause: Limit one of each Pok\u00e9mon\n|rule|HP Percentage Mod: HP is shown in percentages\n|rule|Sleep Clause Mod: Limit one foe put to sleep\n|rule|Illusion Level Mod: Illusion disguises the Pok\u00e9mon's true level\n|\n|t:|1783534573\n|teamsize|p1|6\n|teamsize|p2|6\n|start\n|switch|p1a: Dragonite|Dragonite, L74, F|100/100\n|switch|p2a: Rotom|Rotom-Heat, L83|219/219\n|turn|1\n|inactive|Battle timer is ON: inactive players will automatically lose when time's up. (requested by p0y112e1af)\n|inactive|p0x1129cd3 also wants the timer to be on.\n|\n|t:|1783534575\n|move|p2a: Rotom|Will-O-Wisp|p1a: Dragonite\n|-status|p1a: Dragonite|brn\n|move|p1a: Dragonite|Outrage|p2a: Rotom\n|-crit|p2a: Rotom\n|-damage|p2a: Rotom|132/219\n|\n|-damage|p1a: Dragonite|94/100 brn|[from] brn\n|upkeep\n|turn|2\n|inactive|Time left: 300 sec this turn | 300 sec total\n|\n|t:|1783534576\n|move|p2a: Rotom|Volt Switch|p1a: Dragonite\n|-damage|p1a: Dragonite|60/100 brn\n|inactive|Time left: 300 sec this turn | 300 sec total | 5 sec grace\n|\n|t:|1783534577\n|switch|p2a: Cresselia|Cresselia, L80, F|323/323|[from] Volt Switch\n|move|p1a: Dragonite|Outrage|p2a: Cresselia|[from] lockedmove\n|-damage|p2a: Cresselia|272/323\n|\n|-heal|p2a: Cresselia|292/323|[from] item: Leftovers\n|-damage|p1a: Dragonite|54/100 brn|[from] brn\n|upkeep\n|turn|3\n|inactive|Time left: 300 sec this turn | 300 sec total\n|\n|t:|1783534578\n|move|p2a: Cresselia|Calm Mind|p2a: Cresselia\n|-boost|p2a: Cresselia|spa|1\n|-boost|p2a: Cresselia|spd|1\n|move|p1a: Dragonite|Outrage|p2a: Cresselia|[from] lockedmove\n|-damage|p2a: Cresselia|235/323\n|-start|p1a: Dragonite|confusion|[fatigue]\n|\n|-heal|p2a: Cresselia|255/323|[from] item: Leftovers\n|-damage|p1a: Dragonite|48/100 brn|[from] brn\n|upkeep\n|turn|4\n|inactive|Time left: 300 sec this turn | 300 sec total\n|\n|t:|1783534580\n|switch|p1a: Polteageist|Polteageist, L78|100/100\n|move|p2a: Cresselia|Calm Mind|p2a: Cresselia\n|-boost|p2a: Cresselia|spa|1\n|-boost|p2a: Cresselia|spd|1\n|\n|-heal|p2a: Cresselia|275/323|[from] item: Leftovers\n|upkeep\n|turn|5\n|inactive|Time left: 300 sec this turn | 300 sec total\n|\n|t:|1783534581\n|move|p2a: Cresselia|Psyshock|p1a: Polteageist\n|-damage|p1a: Polteageist|19/100\n|move|p1a: Polteageist|Shell Smash|p1a: Polteageist\n|-unboost|p1a: Polteageist|def|1\n|-unboost|p1a: Polteageist|spd|1\n|-boost|p1a: Polteageist|atk|2\n|-boost|p1a: Polteageist|spa|2\n|-boost|p1a: Polteageist|spe|2\n|-enditem|p1a: Polteageist|White Herb\n|-clearnegativeboost|p1a: Polteageist|[silent]\n|\n|-heal|p2a: Cresselia|295/323|[from] item: Leftovers\n|upkeep\n|turn|6\n|inactive|Time left: 300 sec this turn | 300 sec total\n|\n|t:|1783534582\n|move|p1a: Polteageist|Strength Sap|p2a: Cresselia\n|-unboost|p2a: Cresselia|atk|1\n|-heal|p1a: Polteageist|72/100\n|move|p2a: Cresselia|Psyshock|p1a: Polteageist\n|-damage|p1a: Polteageist|0 fnt\n|faint|p1a: Polteageist\n|\n|-heal|p2a: Cresselia|315/323|[from] item: Leftovers\n|upkeep\n|\n|t:|1783534583\n|switch|p1a: Brute Bonnet|Brute Bonnet, L80|100/100\n|turn|7\n|inactive|Time left: 300 sec this turn | 300 sec total\n|\n|t:|1783534584\n|move|p2a: Cresselia|Moonblast|p1a: Brute Bonnet\n|-supereffective|p1a: Brute Bonnet\n|-damage|p1a: Brute Bonnet|39/100\n|move|p1a: Brute Bonnet|Crunch|p2a: Cresselia\n|-supereffective|p2a: Cresselia\n|-damage|p2a: Cresselia|133/323\n|\n|-heal|p2a: Cresselia|153/323|[from] item: Leftovers\n|-heal|p1a: Brute Bonnet|45/100|[from] item: Leftovers\n|upkeep\n|turn|8\n|inactive|Time left: 300 sec this turn | 300 sec total\n|\n|t:|1783534585\n|move|p1a: Brute Bonnet|Sucker Punch||[still]\n|-fail|p1a: Brute Bonnet\n|move|p2a: Cresselia|Moonlight|p2a: Cresselia\n|-heal|p2a: Cresselia|314/323\n|\n|-heal|p2a: Cresselia|323/323|[from] item: Leftovers\n|-heal|p1a: Brute Bonnet|51/100|[from] item: Leftovers\n|upkeep\n|turn|9\n|inactive|Time left: 300 sec this turn | 300 sec total\n|\n|t:|1783534585\n|-end|p1a: Brute Bonnet|Protosynthesis|[silent]\n|switch|p1a: Jirachi|Jirachi, L80|100/100\n|move|p2a: Cresselia|Moonblast|p1a: Jirachi\n|-resisted|p1a: Jirachi\n|-damage|p1a: Jirachi|83/100\n|\n|-heal|p1a: Jirachi|90/100|[from] item: Leftovers\n|upkeep\n|turn|10\n|inactive|Time left: 300 sec this turn | 300 sec total\n|\n|t:|1783534586\n|move|p1a: Jirachi|Body Slam|p2a: Cresselia\n|-damage|p2a: Cresselia|276/323\n|-status|p2a: Cresselia|par\n|cant|p2a: Cresselia|par\n|\n|-heal|p1a: Jirachi|96/100|[from] item: Leftovers\n|-heal|p2a: Cresselia|296/323 par|[from] item: Leftovers\n|upkeep\n|turn|11\n|inactive|Time left: 300 sec this turn | 300 sec total\n|\n|t:|1783534588\n|move|p1a: Jirachi|Iron Head|p2a: Cresselia\n|-damage|p2a: Cresselia|220/323 par\n|cant|p2a: Cresselia|flinch\n|\n|-heal|p1a: Jirachi|100/100|[from] item: Leftovers\n|-heal|p2a: Cresselia|240/323 par|[from] item: Leftovers\n|upkeep\n|turn|12\n|inactive|Time left: 300 sec this turn | 300 sec total\n|\n|t:|1783534589\n|move|p1a: Jirachi|Iron Head|p2a: Cresselia\n|-damage|p2a: Cresselia|165/323 par\n|move|p2a: Cresselia|Calm Mind|p2a: Cresselia\n|-boost|p2a: Cresselia|spa|1\n|-boost|p2a: Cresselia|spd|1\n|\n|-heal|p2a: Cresselia|185/323 par|[from] item: Leftovers\n|upkeep\n|turn|13\n|inactive|Time left: 300 sec this turn | 300 sec total\n|\n|t:|1783534590\n|move|p1a: Jirachi|Iron Head|p2a: Cresselia\n|-damage|p2a: Cresselia|118/323 par\n|move|p2a: Cresselia|Moonlight|p2a: Cresselia\n|-heal|p2a: Cresselia|279/323 par\n|\n|-heal|p2a: Cresselia|299/323 par|[from] item: Leftovers\n|upkeep\n|turn|14\n|inactive|Time left: 300 sec this turn | 300 sec total\n|\n|t:|1783534591\n|move|p1a: Jirachi|Wish|p1a: Jirachi\n|move|p2a: Cresselia|Moonblast|p1a: Jirachi\n|-resisted|p1a: Jirachi\n|-damage|p1a: Jirachi|81/100\n|-unboost|p1a: Jirachi|spa|1\n|\n|-heal|p1a: Jirachi|87/100|[from] item: Leftovers\n|-heal|p2a: Cresselia|319/323 par|[from] item: Leftovers\n|upkeep\n|turn|15\n|inactive|Time left: 300 sec this turn | 300 sec total\n|\n|t:|1783534592\n|switch|p1a: Brute Bonnet|Brute Bonnet, L80|51/100\n|cant|p2a: Cresselia|par\n|\n|-heal|p1a: Brute Bonnet|98/100|[from] move: Wish|[wisher] Jirachi\n|-heal|p1a: Brute Bonnet|100/100|[from] item: Leftovers\n|-heal|p2a: Cresselia|323/323 par|[from] item: Leftovers\n|upkeep\n|turn|16\n|inactive|Time left: 300 sec this turn | 300 sec total\n|\n|t:|1783534593\n|move|p1a: Brute Bonnet|Crunch|p2a: Cresselia\n|-supereffective|p2a: Cresselia\n|-damage|p2a: Cresselia|155/323 par\n|move|p2a: Cresselia|Moonblast|p1a: Brute Bonnet\n|-supereffective|p1a: Brute Bonnet\n|-damage|p1a: Brute Bonnet|17/100\n|\n|-heal|p1a: Brute Bonnet|23/100|[from] item: Leftovers\n|-heal|p2a: Cresselia|175/323 par|[from] item: Leftovers\n|upkeep\n|turn|17\n|inactive|Time left: 300 sec this turn | 300 sec total\n|\n|t:|1783534594\n|-terastallize|p2a: Cresselia|Fairy\n|move|p1a: Brute Bonnet|Crunch|p2a: Cresselia\n|-resisted|p2a: Cresselia\n|-damage|p2a: Cresselia|133/323 par\n|cant|p2a: Cresselia|par\n|\n|-heal|p1a: Brute Bonnet|29/100|[from] item: Leftovers\n|-heal|p2a: Cresselia|153/323 par|[from] item: Leftovers\n|upkeep\n|turn|18\n|inactive|Time left: 300 sec this turn | 300 sec total\n|\n|t:|1783534595\n|move|p1a: Brute Bonnet|Seed Bomb|p2a: Cresselia\n|-damage|p2a: Cresselia|60/323 par\n|move|p2a: Cresselia|Moonblast|p1a: Brute Bonnet\n|-supereffective|p1a: Brute Bonnet\n|-damage|p1a: Brute Bonnet|0 fnt\n|faint|p1a: Brute Bonnet\n|-end|p1a: Brute Bonnet|Protosynthesis|[silent]\n|\n|-heal|p2a: Cresselia|80/323 par|[from] item: Leftovers\n|upkeep\n|\n|t:|1783534596\n|switch|p1a: Indeedee|Indeedee-F, L90, F|100/100\n|-fieldstart|move: Psychic Terrain|[from] ability: Psychic Surge|[of] p1a: Indeedee\n|turn|19\n|inactive|Time left: 300 sec this turn | 300 sec total\n|\n|t:|1783534597\n|move|p1a: Indeedee|Psyshock|p2a: Cresselia\n|-damage|p2a: Cresselia|0 fnt\n|faint|p2a: Cresselia\n|-damage|p1a: Indeedee|91/100|[from] item: Life Orb\n|\n|upkeep\n|inactive|Time left: 300 sec this turn | 300 sec total | 5 sec grace\n|\n|t:|1783534598\n|switch|p2a: Armarouge|Armarouge, L80, M|267/267\n|turn|20\n|inactive|Time left: 300 sec this turn | 300 sec total\n|\n|t:|1783534599\n|move|p1a: Indeedee|Hyper Voice|p2a: Armarouge\n|-damage|p2a: Armarouge|103/267\n|-damage|p1a: Indeedee|81/100|[from] item: Life Orb\n|move|p2a: Armarouge|Armor Cannon|p1a: Indeedee\n|-crit|p1a: Indeedee\n|-damage|p1a: Indeedee|0 fnt\n|-unboost|p2a: Armarouge|def|1\n|-unboost|p2a: Armarouge|spd|1\n|faint|p1a: Indeedee\n|\n|upkeep\n|\n|t:|1783534601\n|switch|p1a: Great Tusk|Great Tusk, L77|100/100\n|turn|21\n|inactive|Time left: 300 sec this turn | 300 sec total\n|\n|t:|1783534602\n|switch|p2a: Sinistcha|Sinistcha, L83|254/254\n|move|p1a: Great Tusk|Knock Off|p2a: Sinistcha\n|-supereffective|p2a: Sinistcha\n|-damage|p2a: Sinistcha|130/254\n|-enditem|p2a: Sinistcha|Leftovers|[from] move: Knock Off|[of] p1a: Great Tusk\n|\n|upkeep\n|turn|22\n|inactive|Time left: 300 sec this turn | 300 sec total\n|\n|t:|1783534603\n|-end|p1a: Great Tusk|Protosynthesis|[silent]\n|switch|p1a: Dragonite|Dragonite, L74, F|48/100 brn\n|move|p2a: Sinistcha|Strength Sap|p1a: Dragonite\n|-unboost|p1a: Dragonite|atk|1\n|-heal|p2a: Sinistcha|254/254\n|\n|-damage|p1a: Dragonite|42/100 brn|[from] brn\n|upkeep\n|turn|23\n|inactive|Time left: 300 sec this turn | 300 sec total\n|\n|t:|1783534604\n|-terastallize|p1a: Dragonite|Flying\n|move|p2a: Sinistcha|Shadow Ball|p1a: Dragonite\n|-damage|p1a: Dragonite|3/100 brn\n|-unboost|p1a: Dragonite|spd|1\n|move|p1a: Dragonite|Tera Blast|p2a: Sinistcha|[anim] Tera Blast Flying\n|-supereffective|p2a: Sinistcha\n|-damage|p2a: Sinistcha|38/254\n|\n|-damage|p1a: Dragonite|0 fnt|[from] brn\n|faint|p1a: Dragonite\n|-fieldend|move: Psychic Terrain\n|upkeep\n|\n|t:|1783534605\n|switch|p1a: Great Tusk|Great Tusk, L77|100/100\n|turn|24\n|inactive|Time left: 300 sec this turn | 300 sec total\n|\n|t:|1783534605\n|switch|p2a: Zamazenta|Zamazenta, L71|248/248\n|-ability|p2a: Zamazenta|Dauntless Shield|boost\n|-boost|p2a: Zamazenta|def|1\n|move|p1a: Great Tusk|Knock Off|p2a: Zamazenta\n|-resisted|p2a: Zamazenta\n|-damage|p2a: Zamazenta|225/248\n|-enditem|p2a: Zamazenta|Chesto Berry|[from] move: Knock Off|[of] p1a: Great Tusk\n|\n|upkeep\n|turn|25\n|inactive|Time left: 300 sec this turn | 300 sec total\n|\n|t:|1783534607\n|move|p2a: Zamazenta|Iron Defense|p2a: Zamazenta\n|-boost|p2a: Zamazenta|def|2\n|move|p1a: Great Tusk|Rapid Spin|p2a: Zamazenta\n|-damage|p2a: Zamazenta|210/248\n|-boost|p1a: Great Tusk|spe|1\n|\n|upkeep\n|turn|26\n|inactive|Time left: 300 sec this turn | 300 sec total\n|\n|t:|1783534608\n|move|p1a: Great Tusk|Rapid Spin|p2a: Zamazenta\n|-damage|p2a: Zamazenta|195/248\n|-boost|p1a: Great Tusk|spe|1\n|move|p2a: Zamazenta|Body Press|p1a: Great Tusk\n|-damage|p1a: Great Tusk|55/100\n|\n|upkeep\n|turn|27\n|inactive|Time left: 300 sec this turn | 300 sec total\n|\n|t:|1783534609\n|move|p1a: Great Tusk|Knock Off|p2a: Zamazenta\n|-resisted|p2a: Zamazenta\n|-damage|p2a: Zamazenta|185/248\n|move|p2a: Zamazenta|Body Press|p1a: Great Tusk\n|-damage|p1a: Great Tusk|8/100\n|\n|upkeep\n|turn|28\n|inactive|Time left: 300 sec this turn | 300 sec total\n|\n|t:|1783534610\n|move|p1a: Great Tusk|Close Combat|p2a: Zamazenta\n|-damage|p2a: Zamazenta|134/248\n|-unboost|p1a: Great Tusk|def|1\n|-unboost|p1a: Great Tusk|spd|1\n|move|p2a: Zamazenta|Body Press|p1a: Great Tusk\n|-damage|p1a: Great Tusk|0 fnt\n|faint|p1a: Great Tusk\n|-end|p1a: Great Tusk|Protosynthesis|[silent]\n|\n|upkeep\n|\n|t:|1783534611\n|switch|p1a: Jirachi|Jirachi, L80|87/100\n|turn|29\n|inactive|Time left: 300 sec this turn | 300 sec total\n|\n|t:|1783534612\n|move|p1a: Jirachi|Protect|p1a: Jirachi\n|-singleturn|p1a: Jirachi|Protect\n|move|p2a: Zamazenta|Body Press|p1a: Jirachi\n|-activate|p1a: Jirachi|move: Protect\n|\n|-heal|p1a: Jirachi|93/100|[from] item: Leftovers\n|upkeep\n|turn|30\n|inactive|Time left: 300 sec this turn | 300 sec total\n|\n|t:|1783534613\n|move|p2a: Zamazenta|Body Press|p1a: Jirachi\n|-damage|p1a: Jirachi|32/100\n|move|p1a: Jirachi|Wish|p1a: Jirachi\n|\n|-heal|p1a: Jirachi|38/100|[from] item: Leftovers\n|upkeep\n|turn|31\n|inactive|Time left: 300 sec this turn | 300 sec total\n|\n|t:|1783534614\n|switch|p2a: Armarouge|Armarouge, L80, M|103/267\n|move|p1a: Jirachi|Protect||[still]\n|-fail|p1a: Jirachi\n|\n|-heal|p1a: Jirachi|88/100|[from] move: Wish|[wisher] Jirachi\n|-heal|p1a: Jirachi|94/100|[from] item: Leftovers\n|upkeep\n|turn|32\n|inactive|Time left: 300 sec this turn | 300 sec total\n|\n|t:|1783534615\n|move|p1a: Jirachi|Protect|p1a: Jirachi\n|-singleturn|p1a: Jirachi|Protect\n|move|p2a: Armarouge|Armor Cannon|p1a: Jirachi\n|-activate|p1a: Jirachi|move: Protect\n|\n|-heal|p1a: Jirachi|99/100|[from] item: Leftovers\n|upkeep\n|turn|33\n|inactive|Time left: 300 sec this turn | 300 sec total\n|\n|t:|1783534616\n|move|p1a: Jirachi|Body Slam|p2a: Armarouge\n|-crit|p2a: Armarouge\n|-damage|p2a: Armarouge|19/267\n|-ability|p2a: Armarouge|Weak Armor|boost\n|-unboost|p2a: Armarouge|def|1\n|-boost|p2a: Armarouge|spe|2\n|move|p2a: Armarouge|Armor Cannon|p1a: Jirachi\n|-supereffective|p1a: Jirachi\n|-damage|p1a: Jirachi|0 fnt\n|-unboost|p2a: Armarouge|def|1\n|-unboost|p2a: Armarouge|spd|1\n|faint|p1a: Jirachi\n|\n|win|p0y112e1af", "uploadtime": 1783534616, "views": 0, "rating": 0, "private": 0, "password": null, "_winner": "p0y112e1af", "_our_name": "p0y112e1af"}