{"id": "battle-gen9randombattle-1552", "formatid": "gen9randombattle", "format": "[Gen 9] Random Battle", "players": ["p0x15528395", "p0y155285b3"], "log": "|init|battle\n|title|p0x15528395 vs. p0y155285b3\n|j|\u2606p0x15528395\n|j|\u2606p0y155285b3\n|t:|1783557138\n|gametype|singles\n|player|p1|p0x15528395|101|\n|player|p2|p0y155285b3|101|\n|gen|9\n|tier|[Gen 9] Random Battle\n|rule|Species Clause: Limit one of each Pok\u00e9mon\n|rule|HP Percentage Mod: HP is shown in percentages\n|rule|Sleep Clause Mod: Limit one foe put to sleep\n|rule|Illusion Level Mod: Illusion disguises the Pok\u00e9mon's true level\n|\n|t:|1783557138\n|teamsize|p1|6\n|teamsize|p2|6\n|start\n|switch|p1a: Regieleki|Regieleki, L79|256/256\n|switch|p2a: Luxray|Luxray, L88, F|100/100\n|-ability|p2a: Luxray|Intimidate|boost\n|-unboost|p1a: Regieleki|atk|1\n|turn|1\n|inactive|Battle timer is ON: inactive players will automatically lose when time's up. (requested by p0x15528395)\n|inactive|p0y155285b3 also wants the timer to be on.\n|\n|t:|1783557140\n|switch|p1a: Quagsire|Quagsire, L84, F|297/297\n|move|p2a: Luxray|Play Rough|p1a: Quagsire\n|-damage|p1a: Quagsire|209/297\n|\n|-heal|p1a: Quagsire|227/297|[from] item: Leftovers\n|upkeep\n|turn|2\n|inactive|Time left: 300 sec this turn | 300 sec total\n|\n|t:|1783557141\n|switch|p2a: Masquerain|Masquerain, L87, M|100/100\n|-ability|p2a: Masquerain|Intimidate|boost\n|-unboost|p1a: Quagsire|atk|1\n|move|p1a: Quagsire|Earthquake|p2a: Masquerain\n|-immune|p2a: Masquerain\n|\n|-heal|p1a: Quagsire|245/297|[from] item: Leftovers\n|upkeep\n|turn|3\n|inactive|Time left: 300 sec this turn | 300 sec total\n|\n|t:|1783557142\n|switch|p1a: Regieleki|Regieleki, L79|256/256\n|move|p2a: Masquerain|Sticky Web|p1a: Regieleki\n|-sidestart|p1: p0x15528395|move: Sticky Web\n|\n|upkeep\n|turn|4\n|inactive|Time left: 300 sec this turn | 300 sec total\n|\n|t:|1783557144\n|switch|p2a: Hitmontop|Hitmontop, L88, M|100/100\n|-ability|p2a: Hitmontop|Intimidate|boost\n|-unboost|p1a: Regieleki|atk|1\n|move|p1a: Regieleki|Rapid Spin|p2a: Hitmontop\n|-damage|p2a: Hitmontop|92/100\n|-boost|p1a: Regieleki|spe|1\n|-sideend|p1: p0x15528395|Sticky Web|[from] move: Rapid Spin|[of] p1a: Regieleki\n|\n|upkeep\n|turn|5\n|inactive|Time left: 300 sec this turn | 300 sec total\n|\n|t:|1783557145\n|move|p1a: Regieleki|Volt Switch|p2a: Hitmontop\n|-damage|p2a: Hitmontop|69/100\n|inactive|Time left: 300 sec this turn | 300 sec total | 5 sec grace\n|\n|t:|1783557146\n|switch|p1a: Quagsire|Quagsire, L84, F|245/297|[from] Volt Switch\n|move|p2a: Hitmontop|Earthquake|p1a: Quagsire\n|-damage|p1a: Quagsire|168/297\n|\n|-heal|p1a: Quagsire|186/297|[from] item: Leftovers\n|upkeep\n|turn|6\n|inactive|Time left: 300 sec this turn | 300 sec total\n|\n|t:|1783557147\n|switch|p2a: Masquerain|Masquerain, L87, M|100/100\n|-ability|p2a: Masquerain|Intimidate|boost\n|-unboost|p1a: Quagsire|atk|1\n|move|p1a: Quagsire|Recover|p1a: Quagsire\n|-heal|p1a: Quagsire|297/297\n|\n|upkeep\n|turn|7\n|inactive|Time left: 300 sec this turn | 300 sec total\n|\n|t:|1783557148\n|switch|p1a: Regieleki|Regieleki, L79|256/256\n|move|p2a: Masquerain|Sticky Web|p1a: Regieleki\n|-sidestart|p1: p0x15528395|move: Sticky Web\n|\n|upkeep\n|turn|8\n|inactive|Time left: 300 sec this turn | 300 sec total\n|\n|t:|1783557149\n|move|p1a: Regieleki|Rapid Spin|p2a: Masquerain\n|-damage|p2a: Masquerain|85/100\n|-boost|p1a: Regieleki|spe|1\n|-sideend|p1: p0x15528395|Sticky Web|[from] move: Rapid Spin|[of] p1a: Regieleki\n|move|p2a: Masquerain|Sticky Web|p1a: Regieleki\n|-sidestart|p1: p0x15528395|move: Sticky Web\n|\n|upkeep\n|turn|9\n|inactive|Time left: 300 sec this turn | 300 sec total\n|\n|t:|1783557150\n|move|p1a: Regieleki|Rapid Spin|p2a: Masquerain\n|-damage|p2a: Masquerain|69/100\n|-boost|p1a: Regieleki|spe|1\n|-sideend|p1: p0x15528395|Sticky Web|[from] move: Rapid Spin|[of] p1a: Regieleki\n|move|p2a: Masquerain|Sticky Web|p1a: Regieleki\n|-sidestart|p1: p0x15528395|move: Sticky Web\n|\n|upkeep\n|turn|10\n|inactive|Time left: 300 sec this turn | 300 sec total\n|\n|t:|1783557151\n|switch|p2a: Koraidon|Koraidon, L64|100/100\n|-weather|SunnyDay|[from] ability: Orichalcum Pulse|[of] p2a: Koraidon\n|-activate|p2a: Koraidon|Orichalcum Pulse|[source]\n|move|p1a: Regieleki|Rapid Spin|p2a: Koraidon\n|-damage|p2a: Koraidon|86/100\n|-boost|p1a: Regieleki|spe|1\n|-sideend|p1: p0x15528395|Sticky Web|[from] move: Rapid Spin|[of] p1a: Regieleki\n|\n|-weather|SunnyDay|[upkeep]\n|upkeep\n|turn|11\n|inactive|Time left: 300 sec this turn | 300 sec total\n|\n|t:|1783557152\n|move|p1a: Regieleki|Thunderbolt|p2a: Koraidon\n|-resisted|p2a: Koraidon\n|-damage|p2a: Koraidon|52/100\n|move|p2a: Koraidon|Outrage|p1a: Regieleki\n|-damage|p1a: Regieleki|0 fnt\n|faint|p1a: Regieleki\n|\n|-weather|SunnyDay|[upkeep]\n|upkeep\n|inactive|Time left: 300 sec this turn | 300 sec total | 5 sec grace\n|\n|t:|1783557153\n|switch|p1a: Meowscarada|Meowscarada, L78, F|247/247\n|turn|12\n|inactive|Time left: 300 sec this turn | 300 sec total\n|\n|t:|1783557154\n|move|p1a: Meowscarada|Triple Axel|p2a: Koraidon\n|-start|p1a: Meowscarada|typechange|Ice|[from] ability: Protean\n|-supereffective|p2a: Koraidon\n|-damage|p2a: Koraidon|23/100\n|-supereffective|p2a: Koraidon\n|-damage|p2a: Koraidon|0 fnt\n|faint|p2a: Koraidon\n|-hitcount|p2: Koraidon|2\n|\n|-weather|SunnyDay|[upkeep]\n|upkeep\n|\n|t:|1783557155\n|switch|p2a: Metagross|Metagross, L79|100/100\n|turn|13\n|inactive|Time left: 300 sec this turn | 300 sec total\n|\n|t:|1783557156\n|switch|p1a: Iron Jugulis|Iron Jugulis, L77|271/271\n|move|p2a: Metagross|Heavy Slam|p1a: Iron Jugulis\n|-damage|p1a: Iron Jugulis|136/271\n|\n|-weather|SunnyDay|[upkeep]\n|upkeep\n|turn|14\n|inactive|Time left: 300 sec this turn | 300 sec total\n|\n|t:|1783557156\n|switch|p2a: Hitmontop|Hitmontop, L88, M|69/100\n|-ability|p2a: Hitmontop|Intimidate|boost\n|-unboost|p1a: Iron Jugulis|atk|1\n|move|p1a: Iron Jugulis|Dark Pulse|p2a: Hitmontop\n|-resisted|p2a: Hitmontop\n|-damage|p2a: Hitmontop|60/100\n|\n|-weather|none\n|upkeep\n|turn|15\n|inactive|Time left: 300 sec this turn | 300 sec total\n|\n|t:|1783557157\n|move|p1a: Iron Jugulis|Hurricane|p2a: Hitmontop\n|-supereffective|p2a: Hitmontop\n|-damage|p2a: Hitmontop|2/100\n|-start|p2a: Hitmontop|confusion\n|-activate|p2a: Hitmontop|confusion\n|-damage|p2a: Hitmontop|0 fnt|[from] confusion\n|faint|p2a: Hitmontop\n|\n|upkeep\n|\n|t:|1783557158\n|switch|p2a: Luxray|Luxray, L88, F|100/100\n|-ability|p2a: Luxray|Intimidate|boost\n|-unboost|p1a: Iron Jugulis|atk|1\n|turn|16\n|inactive|Time left: 300 sec this turn | 300 sec total\n|\n|t:|1783557159\n|-end|p1a: Iron Jugulis|Quark Drive|[silent]\n|switch|p1a: Quagsire|Quagsire, L84, F|297/297\n|move|p2a: Luxray|Play Rough|p1a: Quagsire\n|-damage|p1a: Quagsire|205/297\n|\n|-heal|p1a: Quagsire|223/297|[from] item: Leftovers\n|upkeep\n|turn|17\n|inactive|Time left: 300 sec this turn | 300 sec total\n|\n|t:|1783557160\n|switch|p2a: Masquerain|Masquerain, L87, M|69/100\n|-ability|p2a: Masquerain|Intimidate|boost\n|-unboost|p1a: Quagsire|atk|1\n|move|p1a: Quagsire|Earthquake|p2a: Masquerain\n|-immune|p2a: Masquerain\n|\n|-heal|p1a: Quagsire|241/297|[from] item: Leftovers\n|upkeep\n|turn|18\n|inactive|Time left: 300 sec this turn | 300 sec total\n|\n|t:|1783557161\n|move|p2a: Masquerain|Sticky Web|p1a: Quagsire\n|-sidestart|p1: p0x15528395|move: Sticky Web\n|move|p1a: Quagsire|Toxic|p2a: Masquerain\n|-status|p2a: Masquerain|tox\n|\n|-heal|p1a: Quagsire|259/297|[from] item: Leftovers\n|-damage|p2a: Masquerain|63/100 tox|[from] psn\n|upkeep\n|turn|19\n|inactive|Time left: 300 sec this turn | 300 sec total\n|\n|t:|1783557162\n|switch|p2a: Orthworm|Orthworm, L88, F|100/100\n|move|p1a: Quagsire|Earthquake|p2a: Orthworm\n|-immune|p2a: Orthworm|[from] ability: Earth Eater\n|\n|-heal|p1a: Quagsire|277/297|[from] item: Leftovers\n|upkeep\n|turn|20\n|inactive|Time left: 300 sec this turn | 300 sec total\n|\n|t:|1783557163\n|move|p2a: Orthworm|Coil|p2a: Orthworm\n|-boost|p2a: Orthworm|atk|1\n|-boost|p2a: Orthworm|def|1\n|-boost|p2a: Orthworm|accuracy|1\n|move|p1a: Quagsire|Recover|p1a: Quagsire\n|-heal|p1a: Quagsire|297/297\n|\n|upkeep\n|turn|21\n|inactive|Time left: 300 sec this turn | 300 sec total\n|\n|t:|1783557165\n|move|p2a: Orthworm|Coil|p2a: Orthworm\n|-boost|p2a: Orthworm|atk|1\n|-boost|p2a: Orthworm|def|1\n|-boost|p2a: Orthworm|accuracy|1\n|move|p1a: Quagsire|Spikes|p2a: Orthworm\n|-sidestart|p2: p0y155285b3|Spikes\n|\n|upkeep\n|turn|22\n|inactive|Time left: 300 sec this turn | 300 sec total\n|\n|t:|1783557166\n|move|p2a: Orthworm|Body Press|p1a: Quagsire\n|-damage|p1a: Quagsire|209/297\n|move|p1a: Quagsire|Toxic|p2a: Orthworm|[miss]\n|-miss|p1a: Quagsire|p2a: Orthworm\n|\n|-heal|p1a: Quagsire|227/297|[from] item: Leftovers\n|upkeep\n|turn|23\n|inactive|Time left: 300 sec this turn | 300 sec total\n|\n|t:|1783557167\n|move|p2a: Orthworm|Coil|p2a: Orthworm\n|-boost|p2a: Orthworm|atk|1\n|-boost|p2a: Orthworm|def|1\n|-boost|p2a: Orthworm|accuracy|1\n|move|p1a: Quagsire|Recover|p1a: Quagsire\n|-heal|p1a: Quagsire|297/297\n|\n|upkeep\n|turn|24\n|inactive|Time left: 300 sec this turn | 300 sec total\n|\n|t:|1783557168\n|move|p2a: Orthworm|Body Press|p1a: Quagsire\n|-crit|p1a: Quagsire\n|-damage|p1a: Quagsire|172/297\n|move|p1a: Quagsire|Recover|p1a: Quagsire\n|-heal|p1a: Quagsire|297/297\n|\n|upkeep\n|turn|25\n|inactive|Time left: 300 sec this turn | 300 sec total\n|\n|t:|1783557169\n|move|p2a: Orthworm|Body Press|p1a: Quagsire\n|-damage|p1a: Quagsire|207/297\n|move|p1a: Quagsire|Spikes|p2a: Orthworm\n|-sidestart|p2: p0y155285b3|Spikes\n|\n|-heal|p1a: Quagsire|225/297|[from] item: Leftovers\n|upkeep\n|turn|26\n|inactive|Time left: 300 sec this turn | 300 sec total\n|\n|t:|1783557170\n|move|p2a: Orthworm|Iron Tail|p1a: Quagsire\n|-resisted|p1a: Quagsire\n|-damage|p1a: Quagsire|170/297\n|move|p1a: Quagsire|Recover|p1a: Quagsire\n|-heal|p1a: Quagsire|297/297\n|\n|upkeep\n|turn|27\n|inactive|Time left: 300 sec this turn | 300 sec total\n|\n|t:|1783557171\n|move|p2a: Orthworm|Body Press|p1a: Quagsire\n|-damage|p1a: Quagsire|213/297\n|move|p1a: Quagsire|Spikes|p2a: Orthworm\n|-sidestart|p2: p0y155285b3|Spikes\n|\n|-heal|p1a: Quagsire|231/297|[from] item: Leftovers\n|upkeep\n|turn|28\n|inactive|Time left: 300 sec this turn | 300 sec total\n|\n|t:|1783557172\n|move|p2a: Orthworm|Coil|p2a: Orthworm\n|-boost|p2a: Orthworm|atk|1\n|-boost|p2a: Orthworm|def|1\n|-boost|p2a: Orthworm|accuracy|1\n|move|p1a: Quagsire|Recover|p1a: Quagsire\n|-heal|p1a: Quagsire|297/297\n|\n|upkeep\n|turn|29\n|inactive|Time left: 300 sec this turn | 300 sec total\n|\n|t:|1783557173\n|move|p2a: Orthworm|Body Press|p1a: Quagsire\n|-damage|p1a: Quagsire|216/297\n|move|p1a: Quagsire|Recover|p1a: Quagsire\n|-heal|p1a: Quagsire|297/297\n|\n|upkeep\n|turn|30\n|inactive|Time left: 300 sec this turn | 300 sec total\n|\n|t:|1783557174\n|move|p2a: Orthworm|Body Press|p1a: Quagsire\n|-damage|p1a: Quagsire|208/297\n|move|p1a: Quagsire|Recover|p1a: Quagsire\n|-heal|p1a: Quagsire|297/297\n|\n|upkeep\n|turn|31\n|inactive|Time left: 300 sec this turn | 300 sec total\n|\n|t:|1783557176\n|move|p2a: Orthworm|Body Press|p1a: Quagsire\n|-crit|p1a: Quagsire\n|-damage|p1a: Quagsire|166/297\n|move|p1a: Quagsire|Spikes||[still]\n|-fail|p1a: Quagsire\n|\n|-heal|p1a: Quagsire|184/297|[from] item: Leftovers\n|upkeep\n|turn|32\n|inactive|Time left: 300 sec this turn | 300 sec total\n|\n|t:|1783557177\n|move|p2a: Orthworm|Body Press|p1a: Quagsire\n|-damage|p1a: Quagsire|103/297\n|move|p1a: Quagsire|Toxic|p2a: Orthworm\n|-immune|p2a: Orthworm\n|\n|-heal|p1a: Quagsire|121/297|[from] item: Leftovers\n|upkeep\n|turn|33\n|inactive|Time left: 300 sec this turn | 300 sec total\n|\n|t:|1783557178\n|move|p2a: Orthworm|Body Press|p1a: Quagsire\n|-damage|p1a: Quagsire|36/297\n|move|p1a: Quagsire|Earthquake|p2a: Orthworm\n|-immune|p2a: Orthworm|[from] ability: Earth Eater\n|\n|-heal|p1a: Quagsire|54/297|[from] item: Leftovers\n|upkeep\n|turn|34\n|inactive|Time left: 300 sec this turn | 300 sec total\n|\n|t:|1783557179\n|move|p2a: Orthworm|Body Press|p1a: Quagsire\n|-damage|p1a: Quagsire|0 fnt\n|faint|p1a: Quagsire\n|\n|upkeep\n|inactive|Time left: 300 sec this turn | 300 sec total | 5 sec grace\n|\n|t:|1783557180\n|switch|p1a: Smeargle|Smeargle, L95, M|258/258\n|-activate|p1a: Smeargle|move: Sticky Web\n|-unboost|p1a: Smeargle|spe|1\n|turn|35\n|inactive|Time left: 300 sec this turn | 300 sec total\n|\n|t:|1783557181\n|move|p2a: Orthworm|Body Press|p1a: Smeargle\n|-supereffective|p1a: Smeargle\n|-enditem|p1a: Smeargle|Focus Sash\n|-damage|p1a: Smeargle|1/258\n|move|p1a: Smeargle|Whirlwind|p2a: Orthworm\n|drag|p2a: Luxray|Luxray, L88, F|100/100\n|-damage|p2a: Luxray|75/100|[from] Spikes\n|-ability|p2a: Luxray|Intimidate|boost\n|-fail|p1a: Smeargle|unboost|Attack|[from] ability: Own Tempo|[of] p1a: Smeargle\n|\n|upkeep\n|turn|36\n|inactive|Time left: 300 sec this turn | 300 sec total\n|\n|t:|1783557182\n|move|p2a: Luxray|Throat Chop|p1a: Smeargle\n|-damage|p1a: Smeargle|0 fnt\n|faint|p1a: Smeargle\n|\n|upkeep\n|inactive|Time left: 300 sec this turn | 300 sec total | 5 sec grace\n|\n|t:|1783557183\n|switch|p1a: Meowscarada|Meowscarada, L78, F|247/247\n|-activate|p1a: Meowscarada|move: Sticky Web\n|-unboost|p1a: Meowscarada|spe|1\n|turn|37\n|inactive|Time left: 300 sec this turn | 300 sec total\n|\n|t:|1783557184\n|move|p2a: Luxray|Play Rough|p1a: Meowscarada\n|-supereffective|p1a: Meowscarada\n|-damage|p1a: Meowscarada|31/247\n|move|p1a: Meowscarada|Knock Off|p2a: Luxray\n|-start|p1a: Meowscarada|typechange|Dark|[from] ability: Protean\n|-damage|p2a: Luxray|21/100\n|-enditem|p2a: Luxray|Assault Vest|[from] move: Knock Off|[of] p1a: Meowscarada\n|\n|upkeep\n|turn|38\n|inactive|Time left: 300 sec this turn | 300 sec total\n|\n|t:|1783557186\n|move|p2a: Luxray|Throat Chop|p1a: Meowscarada\n|-resisted|p1a: Meowscarada\n|-damage|p1a: Meowscarada|0 fnt\n|faint|p1a: Meowscarada\n|\n|upkeep\n|inactive|Time left: 300 sec this turn | 300 sec total | 5 sec grace\n|\n|t:|1783557187\n|switch|p1a: Iron Jugulis|Iron Jugulis, L77|136/271\n|turn|39\n|inactive|Time left: 300 sec this turn | 300 sec total\n|\n|t:|1783557188\n|move|p1a: Iron Jugulis|Meteor Beam||[still]\n|-prepare|p1a: Iron Jugulis|Meteor Beam\n|-boost|p1a: Iron Jugulis|spa|1\n|-enditem|p1a: Iron Jugulis|Power Herb\n|-anim|p1a: Iron Jugulis|Meteor Beam|p2a: Luxray\n|-damage|p2a: Luxray|0 fnt\n|faint|p2a: Luxray\n|\n|upkeep\n|\n|t:|1783557189\n|switch|p2a: Masquerain|Masquerain, L87, M|63/100 tox\n|-ability|p2a: Masquerain|Intimidate|boost\n|-unboost|p1a: Iron Jugulis|atk|1\n|turn|40\n|inactive|Time left: 300 sec this turn | 300 sec total\n|\n|t:|1783557190\n|move|p1a: Iron Jugulis|Hurricane|p2a: Masquerain|[miss]\n|-miss|p1a: Iron Jugulis|p2a: Masquerain\n|move|p2a: Masquerain|Hurricane|p1a: Iron Jugulis|[miss]\n|-miss|p2a: Masquerain|p1a: Iron Jugulis\n|\n|-damage|p2a: Masquerain|57/100 tox|[from] psn\n|upkeep\n|turn|41\n|inactive|Time left: 300 sec this turn | 300 sec total\n|\n|t:|1783557191\n|-terastallize|p1a: Iron Jugulis|Dark\n|move|p1a: Iron Jugulis|Dark Pulse|p2a: Masquerain\n|-damage|p2a: Masquerain|0 fnt\n|faint|p2a: Masquerain\n|\n|upkeep\n|\n|t:|1783557192\n|switch|p2a: Orthworm|Orthworm, L88, F|100/100\n|-damage|p2a: Orthworm|76/100|[from] Spikes\n|turn|42\n|inactive|Time left: 300 sec this turn | 300 sec total\n|\n|t:|1783557193\n|-terastallize|p2a: Orthworm|Fighting\n|move|p1a: Iron Jugulis|Dark Pulse|p2a: Orthworm\n|-resisted|p2a: Orthworm\n|-damage|p2a: Orthworm|30/100\n|move|p2a: Orthworm|Body Press|p1a: Iron Jugulis\n|-supereffective|p1a: Iron Jugulis\n|-damage|p1a: Iron Jugulis|0 fnt\n|faint|p1a: Iron Jugulis\n|-end|p1a: Iron Jugulis|Quark Drive|[silent]\n|\n|upkeep\n|inactive|Time left: 300 sec this turn | 300 sec total | 5 sec grace\n|\n|t:|1783557194\n|switch|p1a: Ditto|Ditto, L87|225/225\n|-activate|p1a: Ditto|move: Sticky Web\n|-unboost|p1a: Ditto|spe|1\n|-transform|p1a: Ditto|p2a: Orthworm|[from] ability: Imposter\n|-start|p1a: Ditto|typechange|Steel|[silent]\n|turn|43\n|inactive|Time left: 300 sec this turn | 300 sec total\n|\n|t:|1783557195\n|move|p1a: Ditto|Iron Tail|p2a: Orthworm\n|-damage|p2a: Orthworm|5/100\n|move|p2a: Orthworm|Body Press|p1a: Ditto\n|-supereffective|p1a: Ditto\n|-damage|p1a: Ditto|61/225\n|\n|upkeep\n|turn|44\n|inactive|Time left: 300 sec this turn | 300 sec total\n|\n|t:|1783557195\n|move|p1a: Ditto|Iron Tail|p2a: Orthworm|[miss]\n|-miss|p1a: Ditto|p2a: Orthworm\n|move|p2a: Orthworm|Body Press|p1a: Ditto\n|-supereffective|p1a: Ditto\n|-damage|p1a: Ditto|0 fnt\n|faint|p1a: Ditto\n|\n|win|p0y155285b3", "uploadtime": 1783557195, "views": 0, "rating": 0, "private": 0, "password": null, "_winner": "p0y155285b3", "_our_name": "p0x15528395"}