{"id": "battle-gen9randombattle-2976", "formatid": "gen9randombattle", "format": "[Gen 9] Random Battle", "players": ["p0x2976b374", "p0y29769dec"], "log": "|init|battle\n|title|p0x2976b374 vs. p0y29769dec\n|j|\u2606p0x2976b374\n|j|\u2606p0y29769dec\n|t:|1783574261\n|gametype|singles\n|player|p1|p0x2976b374|1|\n|player|p2|p0y29769dec|266|\n|gen|9\n|tier|[Gen 9] Random Battle\n|rule|Species Clause: Limit one of each Pok\u00e9mon\n|rule|HP Percentage Mod: HP is shown in percentages\n|rule|Sleep Clause Mod: Limit one foe put to sleep\n|rule|Illusion Level Mod: Illusion disguises the Pok\u00e9mon's true level\n|\n|t:|1783574261\n|teamsize|p1|6\n|teamsize|p2|6\n|start\n|switch|p1a: Comfey|Comfey, L85, M|225/225\n|switch|p2a: Sceptile|Sceptile, L87, M|100/100\n|turn|1\n|inactive|Battle timer is ON: inactive players will automatically lose when time's up. (requested by p0x2976b374)\n|inactive|p0y29769dec also wants the timer to be on.\n|\n|t:|1783574263\n|switch|p2a: Conkeldurr|Conkeldurr, L80, M|100/100\n|move|p1a: Comfey|Calm Mind|p1a: Comfey\n|-boost|p1a: Comfey|spa|1\n|-boost|p1a: Comfey|spd|1\n|\n|-status|p2a: Conkeldurr|brn|[from] item: Flame Orb\n|upkeep\n|turn|2\n|inactive|Time left: 300 sec this turn | 300 sec total\n|\n|t:|1783574264\n|-terastallize|p2a: Conkeldurr|Normal\n|move|p1a: Comfey|Draining Kiss|p2a: Conkeldurr\n|-damage|p2a: Conkeldurr|68/100 brn\n|move|p2a: Conkeldurr|Facade|p1a: Comfey\n|-damage|p1a: Comfey|0 fnt\n|faint|p1a: Comfey\n|\n|-damage|p2a: Conkeldurr|62/100 brn|[from] brn\n|upkeep\n|inactive|Time left: 300 sec this turn | 300 sec total | 5 sec grace\n|\n|t:|1783574265\n|switch|p1a: Spidops|Spidops, L96, M|271/271\n|turn|3\n|inactive|Time left: 300 sec this turn | 300 sec total\n|\n|t:|1783574266\n|move|p1a: Spidops|Sticky Web|p2a: Conkeldurr\n|-sidestart|p2: p0y29769dec|move: Sticky Web\n|move|p2a: Conkeldurr|Facade|p1a: Spidops\n|-damage|p1a: Spidops|30/271\n|\n|-damage|p2a: Conkeldurr|56/100 brn|[from] brn\n|upkeep\n|turn|4\n|inactive|Time left: 300 sec this turn | 300 sec total\n|\n|t:|1783574267\n|move|p1a: Spidops|Knock Off|p2a: Conkeldurr\n|-damage|p2a: Conkeldurr|29/100 brn\n|-enditem|p2a: Conkeldurr|Flame Orb|[from] move: Knock Off|[of] p1a: Spidops\n|move|p2a: Conkeldurr|Knock Off|p1a: Spidops\n|-damage|p1a: Spidops|0 fnt\n|-enditem|p1a: Spidops|Heavy-Duty Boots|[from] move: Knock Off|[of] p2a: Conkeldurr\n|faint|p1a: Spidops\n|\n|-damage|p2a: Conkeldurr|23/100 brn|[from] brn\n|upkeep\n|inactive|Time left: 300 sec this turn | 300 sec total | 5 sec grace\n|\n|t:|1783574268\n|switch|p1a: Avalugg|Avalugg-Hisui, L90, F|317/317\n|turn|5\n|inactive|Time left: 300 sec this turn | 300 sec total\n|\n|t:|1783574269\n|switch|p2a: Pecharunt|Pecharunt, L77|100/100\n|-activate|p2a: Pecharunt|move: Sticky Web\n|-unboost|p2a: Pecharunt|spe|1\n|move|p1a: Avalugg|Body Press|p2a: Pecharunt\n|-immune|p2a: Pecharunt\n|\n|upkeep\n|turn|6\n|inactive|Time left: 300 sec this turn | 300 sec total\n|\n|t:|1783574270\n|move|p1a: Avalugg|Stone Edge|p2a: Pecharunt\n|-damage|p2a: Pecharunt|63/100\n|move|p2a: Pecharunt|Malignant Chain|p1a: Avalugg\n|-resisted|p1a: Avalugg\n|-damage|p1a: Avalugg|243/317\n|-status|p1a: Avalugg|tox\n|-start|p1a: Avalugg|confusion|[from] ability: Poison Puppeteer|[of] p2a: Pecharunt\n|\n|-heal|p2a: Pecharunt|70/100|[from] item: Leftovers\n|-damage|p1a: Avalugg|224/317 tox|[from] psn\n|upkeep\n|turn|7\n|inactive|Time left: 300 sec this turn | 300 sec total\n|\n|t:|1783574271\n|switch|p1a: Drifblim|Drifblim, L86, F|396/396\n|move|p2a: Pecharunt|Malignant Chain|p1a: Drifblim\n|-resisted|p1a: Drifblim\n|-crit|p1a: Drifblim\n|-damage|p1a: Drifblim|305/396\n|\n|-heal|p2a: Pecharunt|76/100|[from] item: Leftovers\n|upkeep\n|turn|8\n|inactive|Time left: 300 sec this turn | 300 sec total\n|\n|t:|1783574272\n|switch|p2a: Malamar|Malamar, L82, M|100/100\n|-activate|p2a: Malamar|move: Sticky Web\n|-boost|p2a: Malamar|spe|1\n|move|p1a: Drifblim|Calm Mind|p1a: Drifblim\n|-boost|p1a: Drifblim|spa|1\n|-boost|p1a: Drifblim|spd|1\n|\n|upkeep\n|turn|9\n|inactive|Time left: 300 sec this turn | 300 sec total\n|\n|t:|1783574273\n|move|p2a: Malamar|Knock Off|p1a: Drifblim\n|-supereffective|p1a: Drifblim\n|-damage|p1a: Drifblim|29/396\n|-enditem|p1a: Drifblim|Sitrus Berry|[from] move: Knock Off|[of] p2a: Malamar\n|move|p1a: Drifblim|Air Slash|p2a: Malamar\n|-damage|p2a: Malamar|53/100\n|\n|-heal|p2a: Malamar|59/100|[from] item: Leftovers\n|upkeep\n|turn|10\n|inactive|Time left: 300 sec this turn | 300 sec total\n|\n|t:|1783574274\n|move|p1a: Drifblim|Air Slash|p2a: Malamar\n|-damage|p2a: Malamar|7/100\n|move|p2a: Malamar|Knock Off|p1a: Drifblim\n|-supereffective|p1a: Drifblim\n|-damage|p1a: Drifblim|0 fnt\n|faint|p1a: Drifblim\n|\n|-heal|p2a: Malamar|13/100|[from] item: Leftovers\n|upkeep\n|inactive|Time left: 300 sec this turn | 300 sec total | 5 sec grace\n|\n|t:|1783574275\n|switch|p1a: Avalugg|Avalugg-Hisui, L90, F|224/317 tox\n|turn|11\n|inactive|Time left: 300 sec this turn | 300 sec total\n|\n|t:|1783574276\n|move|p2a: Malamar|Rest|p2a: Malamar\n|-status|p2a: Malamar|slp|[from] move: Rest\n|-heal|p2a: Malamar|100/100 slp|[silent]\n|move|p1a: Avalugg|Avalanche|p2a: Malamar\n|-crit|p2a: Malamar\n|-damage|p2a: Malamar|53/100 slp\n|\n|-heal|p2a: Malamar|59/100 slp|[from] item: Leftovers\n|-damage|p1a: Avalugg|205/317 tox|[from] psn\n|upkeep\n|turn|12\n|inactive|Time left: 300 sec this turn | 300 sec total\n|\n|t:|1783574277\n|switch|p2a: Pecharunt|Pecharunt, L77|76/100\n|-activate|p2a: Pecharunt|move: Sticky Web\n|-unboost|p2a: Pecharunt|spe|1\n|move|p1a: Avalugg|Stone Edge|p2a: Pecharunt|[miss]\n|-miss|p1a: Avalugg|p2a: Pecharunt\n|\n|-heal|p2a: Pecharunt|82/100|[from] item: Leftovers\n|-damage|p1a: Avalugg|167/317 tox|[from] psn\n|upkeep\n|turn|13\n|inactive|Time left: 300 sec this turn | 300 sec total\n|\n|t:|1783574278\n|move|p1a: Avalugg|Stone Edge|p2a: Pecharunt\n|-crit|p2a: Pecharunt\n|-damage|p2a: Pecharunt|19/100\n|move|p2a: Pecharunt|Nasty Plot|p2a: Pecharunt\n|-boost|p2a: Pecharunt|spa|2\n|\n|-heal|p2a: Pecharunt|25/100|[from] item: Leftovers\n|-damage|p1a: Avalugg|110/317 tox|[from] psn\n|upkeep\n|turn|14\n|inactive|Time left: 300 sec this turn | 300 sec total\n|\n|t:|1783574279\n|move|p1a: Avalugg|Stone Edge|p2a: Pecharunt|[miss]\n|-miss|p1a: Avalugg|p2a: Pecharunt\n|move|p2a: Pecharunt|Recover|p2a: Pecharunt\n|-heal|p2a: Pecharunt|75/100\n|\n|-heal|p2a: Pecharunt|81/100|[from] item: Leftovers\n|-damage|p1a: Avalugg|34/317 tox|[from] psn\n|upkeep\n|turn|15\n|inactive|Time left: 300 sec this turn | 300 sec total\n|\n|t:|1783574280\n|move|p1a: Avalugg|Stone Edge|p2a: Pecharunt\n|-damage|p2a: Pecharunt|44/100\n|move|p2a: Pecharunt|Shadow Ball|p1a: Avalugg\n|-damage|p1a: Avalugg|0 fnt\n|faint|p1a: Avalugg\n|\n|-heal|p2a: Pecharunt|50/100|[from] item: Leftovers\n|upkeep\n|inactive|Time left: 300 sec this turn | 300 sec total | 5 sec grace\n|\n|t:|1783574281\n|switch|p1a: Terrakion|Terrakion, L79|273/273\n|turn|16\n|inactive|Time left: 300 sec this turn | 300 sec total\n|\n|t:|1783574282\n|move|p1a: Terrakion|Earthquake|p2a: Pecharunt\n|-supereffective|p2a: Pecharunt\n|-damage|p2a: Pecharunt|0 fnt\n|faint|p2a: Pecharunt\n|-damage|p1a: Terrakion|246/273|[from] item: Life Orb\n|\n|upkeep\n|\n|t:|1783574283\n|switch|p2a: Sceptile|Sceptile, L87, M|100/100\n|-activate|p2a: Sceptile|move: Sticky Web\n|-unboost|p2a: Sceptile|spe|1\n|turn|17\n|inactive|Time left: 300 sec this turn | 300 sec total\n|\n|t:|1783574284\n|-terastallize|p1a: Terrakion|Fighting\n|move|p1a: Terrakion|Close Combat|p2a: Sceptile\n|-damage|p2a: Sceptile|0 fnt\n|-unboost|p1a: Terrakion|def|1\n|-unboost|p1a: Terrakion|spd|1\n|faint|p2a: Sceptile\n|-damage|p1a: Terrakion|219/273|[from] item: Life Orb\n|\n|upkeep\n|\n|t:|1783574285\n|switch|p2a: Dragalge|Dragalge, L88, M|100/100\n|-activate|p2a: Dragalge|move: Sticky Web\n|-unboost|p2a: Dragalge|spe|1\n|turn|18\n|inactive|Time left: 300 sec this turn | 300 sec total\n|\n|t:|1783574286\n|move|p1a: Terrakion|Earthquake|p2a: Dragalge\n|-supereffective|p2a: Dragalge\n|-damage|p2a: Dragalge|28/100\n|-damage|p1a: Terrakion|192/273|[from] item: Life Orb\n|move|p2a: Dragalge|Sludge Wave|p1a: Terrakion\n|-damage|p1a: Terrakion|0 fnt\n|faint|p1a: Terrakion\n|\n|upkeep\n|inactive|Time left: 300 sec this turn | 300 sec total | 5 sec grace\n|\n|t:|1783574287\n|switch|p1a: Maushold|Maushold, L76|238/238\n|turn|19\n|inactive|Time left: 300 sec this turn | 300 sec total\n|\n|t:|1783574288\n|move|p1a: Maushold|Population Bomb|p2a: Dragalge\n|-damage|p2a: Dragalge|20/100\n|-damage|p2a: Dragalge|11/100\n|-damage|p2a: Dragalge|3/100\n|-damage|p2a: Dragalge|0 fnt\n|faint|p2a: Dragalge\n|-hitcount|p2: Dragalge|4\n|\n|upkeep\n|\n|t:|1783574288\n|switch|p2a: Arcanine|Arcanine-Hisui, L79, F|100/100\n|-activate|p2a: Arcanine|move: Sticky Web\n|-unboost|p2a: Arcanine|spe|1\n|turn|20\n|inactive|Time left: 300 sec this turn | 300 sec total\n|\n|t:|1783574289\n|move|p1a: Maushold|Bite|p2a: Arcanine\n|-damage|p2a: Arcanine|82/100\n|move|p2a: Arcanine|Flare Blitz|p1a: Maushold\n|-damage|p1a: Maushold|0 fnt\n|faint|p1a: Maushold\n|\n|win|p0y29769dec", "uploadtime": 1783574289, "views": 0, "rating": 0, "private": 0, "password": null, "_winner": "p0y29769dec", "_our_name": "p0x2976b374"}