{"id": "battle-gen9randombattle-1466", "formatid": "gen9randombattle", "format": "[Gen 9] Random Battle", "players": ["p0x14665469", "p0y1466bb81"], "log": "|init|battle\n|title|p0x14665469 vs. p0y1466bb81\n|j|\u2606p0x14665469\n|j|\u2606p0y1466bb81\n|t:|1783556137\n|gametype|singles\n|player|p1|p0x14665469|1|\n|player|p2|p0y1466bb81|1|\n|gen|9\n|tier|[Gen 9] Random Battle\n|rule|Species Clause: Limit one of each Pok\u00e9mon\n|rule|HP Percentage Mod: HP is shown in percentages\n|rule|Sleep Clause Mod: Limit one foe put to sleep\n|rule|Illusion Level Mod: Illusion disguises the Pok\u00e9mon's true level\n|\n|t:|1783556137\n|teamsize|p1|6\n|teamsize|p2|6\n|start\n|switch|p1a: Shiftry|Shiftry, L89, F|305/305\n|switch|p2a: Dugtrio|Dugtrio, L84, F|100/100\n|turn|1\n|inactive|Battle timer is ON: inactive players will automatically lose when time's up. (requested by p0x14665469)\n|inactive|p0y1466bb81 also wants the timer to be on.\n|\n|t:|1783556139\n|switch|p2a: Archaludon|Archaludon, L78, M|100/100\n|move|p1a: Shiftry|Knock Off|p2a: Archaludon\n|-damage|p2a: Archaludon|64/100\n|-ability|p2a: Archaludon|Stamina|boost\n|-boost|p2a: Archaludon|def|1\n|-enditem|p2a: Archaludon|Lum Berry|[from] move: Knock Off|[of] p1a: Shiftry\n|\n|upkeep\n|turn|2\n|inactive|Time left: 300 sec this turn | 300 sec total\n|\n|t:|1783556140\n|switch|p1a: Comfey|Comfey, L85, F|225/225\n|move|p2a: Archaludon|Swords Dance|p2a: Archaludon\n|-boost|p2a: Archaludon|atk|2\n|\n|upkeep\n|turn|3\n|inactive|Time left: 300 sec this turn | 300 sec total\n|\n|t:|1783556142\n|switch|p1a: Keldeo|Keldeo-Resolute, L79|273/273\n|move|p2a: Archaludon|Iron Head|p1a: Keldeo\n|-resisted|p1a: Keldeo\n|-damage|p1a: Keldeo|184/273\n|\n|upkeep\n|turn|4\n|inactive|Time left: 300 sec this turn | 300 sec total\n|\n|t:|1783556143\n|move|p1a: Keldeo|Vacuum Wave|p2a: Archaludon\n|-supereffective|p2a: Archaludon\n|-crit|p2a: Archaludon\n|-damage|p2a: Archaludon|0 fnt\n|faint|p2a: Archaludon\n|-damage|p1a: Keldeo|157/273|[from] item: Life Orb\n|\n|upkeep\n|\n|t:|1783556144\n|switch|p2a: Dugtrio|Dugtrio, L84, F|100/100\n|turn|5\n|inactive|Time left: 300 sec this turn | 300 sec total\n|\n|t:|1783556145\n|move|p2a: Dugtrio|Earthquake|p1a: Keldeo\n|-damage|p1a: Keldeo|0 fnt\n|faint|p1a: Keldeo\n|\n|upkeep\n|inactive|Time left: 300 sec this turn | 300 sec total | 5 sec grace\n|\n|t:|1783556146\n|switch|p1a: Braviary|Braviary, L85, M|309/309\n|turn|6\n|inactive|Time left: 300 sec this turn | 300 sec total\n|\n|t:|1783556147\n|switch|p2a: Electivire|Electivire, L84, M|100/100\n|move|p1a: Braviary|Bulk Up|p1a: Braviary\n|-boost|p1a: Braviary|atk|1\n|-boost|p1a: Braviary|def|1\n|\n|upkeep\n|turn|7\n|inactive|Time left: 300 sec this turn | 300 sec total\n|\n|t:|1783556148\n|-terastallize|p1a: Braviary|Fighting\n|move|p2a: Electivire|Supercell Slam|p1a: Braviary|[miss]\n|-miss|p2a: Electivire|p1a: Braviary\n|-damage|p2a: Electivire|51/100|[from] supercellslam\n|move|p1a: Braviary|Close Combat|p2a: Electivire\n|-damage|p2a: Electivire|0 fnt\n|-unboost|p1a: Braviary|def|1\n|-unboost|p1a: Braviary|spd|1\n|faint|p2a: Electivire\n|\n|upkeep\n|\n|t:|1783556149\n|switch|p2a: Regieleki|Regieleki, L79|100/100\n|turn|8\n|inactive|Time left: 300 sec this turn | 300 sec total\n|\n|t:|1783556150\n|move|p2a: Regieleki|Thunderbolt|p1a: Braviary\n|-damage|p1a: Braviary|78/309\n|move|p1a: Braviary|Close Combat|p2a: Regieleki\n|-damage|p2a: Regieleki|0 fnt\n|-unboost|p1a: Braviary|def|1\n|-unboost|p1a: Braviary|spd|1\n|faint|p2a: Regieleki\n|\n|upkeep\n|\n|t:|1783556151\n|switch|p2a: Chien-Pao|Chien-Pao, L72|100/100\n|-ability|p2a: Chien-Pao|Sword of Ruin\n|turn|9\n|inactive|Time left: 300 sec this turn | 300 sec total\n|\n|t:|1783556152\n|switch|p1a: Spiritomb|Spiritomb, L89, F|234/234\n|move|p2a: Chien-Pao|Icicle Crash|p1a: Spiritomb\n|-crit|p1a: Spiritomb\n|-damage|p1a: Spiritomb|96/234\n|\n|-heal|p1a: Spiritomb|110/234|[from] item: Leftovers\n|upkeep\n|turn|10\n|inactive|Time left: 300 sec this turn | 300 sec total\n|\n|t:|1783556153\n|move|p2a: Chien-Pao|Swords Dance|p2a: Chien-Pao\n|-boost|p2a: Chien-Pao|atk|2\n|move|p1a: Spiritomb|Pain Split|p2a: Chien-Pao\n|-sethp|p2a: Chien-Pao|74/100|[from] move: Pain Split|[silent]\n|-sethp|p1a: Spiritomb|172/234|[from] move: Pain Split\n|\n|-heal|p1a: Spiritomb|186/234|[from] item: Leftovers\n|upkeep\n|turn|11\n|inactive|Time left: 300 sec this turn | 300 sec total\n|\n|t:|1783556154\n|move|p2a: Chien-Pao|Icicle Crash|p1a: Spiritomb\n|-damage|p1a: Spiritomb|17/234\n|move|p1a: Spiritomb|Foul Play|p2a: Chien-Pao\n|-resisted|p2a: Chien-Pao\n|-damage|p2a: Chien-Pao|18/100\n|\n|-heal|p1a: Spiritomb|31/234|[from] item: Leftovers\n|upkeep\n|turn|12\n|inactive|Time left: 300 sec this turn | 300 sec total\n|\n|t:|1783556155\n|switch|p1a: Comfey|Comfey, L85, F|225/225\n|move|p2a: Chien-Pao|Icicle Crash|p1a: Comfey\n|-damage|p1a: Comfey|14/225\n|\n|-heal|p1a: Comfey|28/225|[from] item: Leftovers\n|upkeep\n|turn|13\n|inactive|Time left: 300 sec this turn | 300 sec total\n|\n|t:|1783556156\n|switch|p2a: Vespiquen|Vespiquen, L99, F|100/100\n|-ability|p2a: Vespiquen|Pressure\n|move|p1a: Comfey|Giga Drain|p2a: Vespiquen\n|-resisted|p2a: Vespiquen\n|-damage|p2a: Vespiquen|97/100\n|-heal|p1a: Comfey|33/225|[from] drain|[of] p2a: Vespiquen\n|\n|-heal|p1a: Comfey|47/225|[from] item: Leftovers\n|upkeep\n|turn|14\n|inactive|Time left: 300 sec this turn | 300 sec total\n|\n|t:|1783556157\n|switch|p1a: Iron Boulder|Iron Boulder, L77|265/265\n|-enditem|p1a: Iron Boulder|Booster Energy\n|-activate|p1a: Iron Boulder|ability: Quark Drive|[fromitem]\n|-start|p1a: Iron Boulder|quarkdrivespe\n|move|p2a: Vespiquen|Air Slash|p1a: Iron Boulder\n|-resisted|p1a: Iron Boulder\n|-damage|p1a: Iron Boulder|222/265\n|\n|upkeep\n|turn|15\n|inactive|Time left: 300 sec this turn | 300 sec total\n|\n|t:|1783556158\n|-terastallize|p2a: Vespiquen|Steel\n|move|p1a: Iron Boulder|Mighty Cleave|p2a: Vespiquen\n|-resisted|p2a: Vespiquen\n|-damage|p2a: Vespiquen|86/100\n|move|p2a: Vespiquen|U-turn|p1a: Iron Boulder\n|-supereffective|p1a: Iron Boulder\n|-crit|p1a: Iron Boulder\n|-damage|p1a: Iron Boulder|0 fnt\n|faint|p1a: Iron Boulder\n|-end|p1a: Iron Boulder|Quark Drive|[silent]\n|\n|t:|1783556159\n|switch|p2a: Dugtrio|Dugtrio, L84, F|100/100|[from] U-turn\n|\n|upkeep\n|inactive|Time left: 300 sec this turn | 300 sec total | 10 sec grace\n|\n|t:|1783556160\n|switch|p1a: Shiftry|Shiftry, L89, F|305/305\n|turn|16\n|inactive|Time left: 300 sec this turn | 300 sec total\n|\n|t:|1783556161\n|switch|p2a: Vespiquen|Vespiquen, L99, F, tera:Steel|86/100\n|-ability|p2a: Vespiquen|Pressure\n|move|p1a: Shiftry|Knock Off|p2a: Vespiquen\n|-damage|p2a: Vespiquen|55/100\n|-enditem|p2a: Vespiquen|Heavy-Duty Boots|[from] move: Knock Off|[of] p1a: Shiftry\n|\n|upkeep\n|turn|17\n|inactive|Time left: 300 sec this turn | 300 sec total\n|\n|t:|1783556162\n|switch|p1a: Comfey|Comfey, L85, F|47/225\n|move|p2a: Vespiquen|Air Slash|p1a: Comfey\n|-damage|p1a: Comfey|0 fnt\n|faint|p1a: Comfey\n|\n|upkeep\n|inactive|Time left: 300 sec this turn | 300 sec total | 5 sec grace\n|\n|t:|1783556163\n|switch|p1a: Braviary|Braviary, L85, M, tera:Fighting|78/309\n|turn|18\n|inactive|Time left: 300 sec this turn | 300 sec total\n|\n|t:|1783556164\n|move|p1a: Braviary|Close Combat|p2a: Vespiquen\n|-supereffective|p2a: Vespiquen\n|-damage|p2a: Vespiquen|0 fnt\n|-unboost|p1a: Braviary|def|1\n|-unboost|p1a: Braviary|spd|1\n|faint|p2a: Vespiquen\n|\n|upkeep\n|\n|t:|1783556165\n|switch|p2a: Chien-Pao|Chien-Pao, L72|18/100\n|-ability|p2a: Chien-Pao|Sword of Ruin\n|turn|19\n|inactive|Time left: 300 sec this turn | 300 sec total\n|\n|t:|1783556166\n|move|p2a: Chien-Pao|Icicle Crash|p1a: Braviary\n|-crit|p1a: Braviary\n|-damage|p1a: Braviary|0 fnt\n|faint|p1a: Braviary\n|\n|upkeep\n|inactive|Time left: 300 sec this turn | 300 sec total | 5 sec grace\n|\n|t:|1783556167\n|switch|p1a: Shiftry|Shiftry, L89, F|305/305\n|turn|20\n|inactive|Time left: 300 sec this turn | 300 sec total\n|\n|t:|1783556168\n|move|p1a: Shiftry|Sucker Punch|p2a: Chien-Pao\n|-resisted|p2a: Chien-Pao\n|-damage|p2a: Chien-Pao|0 fnt\n|faint|p2a: Chien-Pao\n|\n|upkeep\n|\n|t:|1783556169\n|switch|p2a: Dugtrio|Dugtrio, L84, F|100/100\n|turn|21\n|inactive|Time left: 300 sec this turn | 300 sec total\n|\n|t:|1783556169\n|move|p2a: Dugtrio|Stone Edge|p1a: Shiftry\n|-damage|p1a: Shiftry|169/305\n|move|p1a: Shiftry|Knock Off|p2a: Dugtrio\n|-damage|p2a: Dugtrio|17/100\n|-enditem|p2a: Dugtrio|Choice Band|[from] move: Knock Off|[of] p1a: Shiftry\n|\n|upkeep\n|turn|22\n|inactive|Time left: 300 sec this turn | 300 sec total\n|\n|t:|1783556171\n|move|p2a: Dugtrio|Stone Edge|p1a: Shiftry\n|-damage|p1a: Shiftry|84/305\n|move|p1a: Shiftry|Knock Off|p2a: Dugtrio\n|-damage|p2a: Dugtrio|0 fnt\n|faint|p2a: Dugtrio\n|\n|win|p0x14665469", "uploadtime": 1783556171, "views": 0, "rating": 0, "private": 0, "password": null, "_winner": "p0x14665469", "_our_name": "p0x14665469"}