{"id": "battle-gen9randombattle-3", "formatid": "gen9randombattle", "format": "[Gen 9] Random Battle", "players": ["p0x0037e5e", "p0y003630d"], "log": "|init|battle\n|title|p0x0037e5e vs. p0y003630d\n|j|\u2606p0x0037e5e\n|j|\u2606p0y003630d\n|t:|1783539190\n|gametype|singles\n|player|p1|p0x0037e5e|2|\n|player|p2|p0y003630d|102|\n|gen|9\n|tier|[Gen 9] Random Battle\n|rule|Species Clause: Limit one of each Pok\u00e9mon\n|rule|HP Percentage Mod: HP is shown in percentages\n|rule|Sleep Clause Mod: Limit one foe put to sleep\n|rule|Illusion Level Mod: Illusion disguises the Pok\u00e9mon's true level\n|\n|t:|1783539190\n|teamsize|p1|6\n|teamsize|p2|6\n|start\n|switch|p1a: Skeledirge|Skeledirge, L79, M|294/294\n|switch|p2a: Chesnaught|Chesnaught, L84, F|100/100\n|turn|1\n|inactive|Battle timer is ON: inactive players will automatically lose when time's up. (requested by p0x0037e5e)\n|inactive|p0y003630d also wants the timer to be on.\n|\n|t:|1783539192\n|switch|p2a: Dudunsparce|Dudunsparce-Three-Segment, L83, M|100/100\n|move|p1a: Skeledirge|Torch Song|p2a: Dudunsparce\n|-damage|p2a: Dudunsparce|74/100\n|-boost|p1a: Skeledirge|spa|1\n|\n|-heal|p2a: Dudunsparce|80/100|[from] item: Leftovers\n|upkeep\n|turn|2\n|inactive|Time left: 300 sec this turn | 300 sec total\n|\n|t:|1783539194\n|move|p1a: Skeledirge|Torch Song|p2a: Dudunsparce\n|-damage|p2a: Dudunsparce|38/100\n|-boost|p1a: Skeledirge|spa|1\n|move|p2a: Dudunsparce|Roost|p2a: Dudunsparce\n|-heal|p2a: Dudunsparce|88/100\n|-singleturn|p2a: Dudunsparce|move: Roost\n|\n|-heal|p2a: Dudunsparce|94/100|[from] item: Leftovers\n|upkeep\n|turn|3\n|inactive|Time left: 300 sec this turn | 300 sec total\n|\n|t:|1783539195\n|move|p1a: Skeledirge|Torch Song|p2a: Dudunsparce\n|-damage|p2a: Dudunsparce|38/100\n|-boost|p1a: Skeledirge|spa|1\n|move|p2a: Dudunsparce|Roost|p2a: Dudunsparce\n|-heal|p2a: Dudunsparce|89/100\n|-singleturn|p2a: Dudunsparce|move: Roost\n|\n|-heal|p2a: Dudunsparce|95/100|[from] item: Leftovers\n|upkeep\n|turn|4\n|inactive|Time left: 300 sec this turn | 300 sec total\n|\n|t:|1783539196\n|move|p1a: Skeledirge|Torch Song|p2a: Dudunsparce\n|-crit|p2a: Dudunsparce\n|-damage|p2a: Dudunsparce|0 fnt\n|-boost|p1a: Skeledirge|spa|1\n|faint|p2a: Dudunsparce\n|\n|upkeep\n|\n|t:|1783539197\n|switch|p2a: Barraskewda|Barraskewda, L81, F|100/100\n|turn|5\n|inactive|Time left: 300 sec this turn | 300 sec total\n|\n|t:|1783539198\n|-terastallize|p1a: Skeledirge|Water\n|move|p2a: Barraskewda|Waterfall|p1a: Skeledirge\n|-resisted|p1a: Skeledirge\n|-damage|p1a: Skeledirge|227/294\n|move|p1a: Skeledirge|Shadow Ball|p2a: Barraskewda\n|-damage|p2a: Barraskewda|0 fnt\n|faint|p2a: Barraskewda\n|\n|upkeep\n|\n|t:|1783539199\n|switch|p2a: Chesnaught|Chesnaught, L84, F|100/100\n|turn|6\n|inactive|Time left: 300 sec this turn | 300 sec total\n|\n|t:|1783539200\n|move|p2a: Chesnaught|Wood Hammer|p1a: Skeledirge\n|-supereffective|p1a: Skeledirge\n|-damage|p1a: Skeledirge|0 fnt\n|faint|p1a: Skeledirge\n|-damage|p2a: Chesnaught|74/100|[from] Recoil\n|\n|upkeep\n|inactive|Time left: 300 sec this turn | 300 sec total | 5 sec grace\n|\n|t:|1783539201\n|switch|p1a: Galvantula|Galvantula, L82, F|249/249\n|turn|7\n|inactive|Time left: 300 sec this turn | 300 sec total\n|\n|t:|1783539203\n|switch|p2a: Granbull|Granbull, L88, M|100/100\n|-ability|p2a: Granbull|Intimidate|boost\n|-unboost|p1a: Galvantula|atk|1\n|move|p1a: Galvantula|Sticky Web|p2a: Granbull\n|-sidestart|p2: p0y003630d|move: Sticky Web\n|\n|upkeep\n|turn|8\n|inactive|Time left: 300 sec this turn | 300 sec total\n|\n|t:|1783539204\n|switch|p1a: Whimsicott|Whimsicott, L84, M|238/238\n|move|p2a: Granbull|Play Rough|p1a: Whimsicott\n|-damage|p1a: Whimsicott|112/238\n|\n|-heal|p1a: Whimsicott|126/238|[from] item: Leftovers\n|upkeep\n|turn|9\n|inactive|Time left: 300 sec this turn | 300 sec total\n|\n|t:|1783539205\n|move|p1a: Whimsicott|Leech Seed|p2a: Granbull\n|-start|p2a: Granbull|move: Leech Seed\n|move|p2a: Granbull|Play Rough|p1a: Whimsicott\n|-damage|p1a: Whimsicott|0 fnt\n|faint|p1a: Whimsicott\n|\n|upkeep\n|inactive|Time left: 300 sec this turn | 300 sec total | 5 sec grace\n|\n|t:|1783539206\n|switch|p1a: Mewtwo|Mewtwo, L72|272/272\n|-ability|p1a: Mewtwo|Unnerve\n|turn|10\n|inactive|Time left: 300 sec this turn | 300 sec total\n|\n|t:|1783539207\n|move|p1a: Mewtwo|Nasty Plot|p1a: Mewtwo\n|-boost|p1a: Mewtwo|spa|2\n|move|p2a: Granbull|Play Rough|p1a: Mewtwo|[miss]\n|-miss|p2a: Granbull|p1a: Mewtwo\n|\n|-damage|p2a: Granbull|88/100|[from] Leech Seed|[of] p1a: Mewtwo\n|upkeep\n|turn|11\n|inactive|Time left: 300 sec this turn | 300 sec total\n|\n|t:|1783539208\n|switch|p2a: Scream Tail|Scream Tail, L84|100/100\n|-activate|p2a: Scream Tail|move: Sticky Web\n|-unboost|p2a: Scream Tail|spe|1\n|move|p1a: Mewtwo|Psystrike|p2a: Scream Tail\n|-resisted|p2a: Scream Tail\n|-damage|p2a: Scream Tail|58/100\n|-damage|p1a: Mewtwo|245/272|[from] item: Life Orb\n|\n|-heal|p2a: Scream Tail|64/100|[from] item: Leftovers\n|upkeep\n|turn|12\n|inactive|Time left: 300 sec this turn | 300 sec total\n|\n|t:|1783539210\n|move|p1a: Mewtwo|Nasty Plot|p1a: Mewtwo\n|-boost|p1a: Mewtwo|spa|2\n|move|p2a: Scream Tail|Encore|p1a: Mewtwo\n|-start|p1a: Mewtwo|Encore\n|\n|-heal|p2a: Scream Tail|70/100|[from] item: Leftovers\n|upkeep\n|turn|13\n|inactive|Time left: 300 sec this turn | 300 sec total\n|\n|t:|1783539211\n|-end|p2a: Scream Tail|Protosynthesis|[silent]\n|switch|p2a: Granbull|Granbull, L88, M|88/100\n|-activate|p2a: Granbull|move: Sticky Web\n|-unboost|p2a: Granbull|spe|1\n|-ability|p2a: Granbull|Intimidate|boost\n|-unboost|p1a: Mewtwo|atk|1\n|move|p1a: Mewtwo|Nasty Plot|p1a: Mewtwo\n|-boost|p1a: Mewtwo|spa|2\n|\n|-heal|p2a: Granbull|94/100|[from] item: Leftovers\n|upkeep\n|turn|14\n|inactive|Time left: 300 sec this turn | 300 sec total\n|\n|t:|1783539212\n|switch|p1a: Feraligatr|Feraligatr, L79, F|264/264\n|move|p2a: Granbull|Play Rough|p1a: Feraligatr\n|-damage|p1a: Feraligatr|134/264\n|\n|-heal|p2a: Granbull|99/100|[from] item: Leftovers\n|upkeep\n|turn|15\n|inactive|Time left: 300 sec this turn | 300 sec total\n|\n|t:|1783539213\n|move|p1a: Feraligatr|Dragon Dance|p1a: Feraligatr\n|-boost|p1a: Feraligatr|atk|1\n|-boost|p1a: Feraligatr|spe|1\n|move|p2a: Granbull|Play Rough|p1a: Feraligatr\n|-damage|p1a: Feraligatr|10/264\n|\n|-heal|p2a: Granbull|100/100|[from] item: Leftovers\n|upkeep\n|turn|16\n|inactive|Time left: 300 sec this turn | 300 sec total\n|\n|t:|1783539214\n|move|p1a: Feraligatr|Liquidation|p2a: Granbull\n|-damage|p2a: Granbull|30/100\n|move|p2a: Granbull|Play Rough|p1a: Feraligatr\n|-damage|p1a: Feraligatr|0 fnt\n|faint|p1a: Feraligatr\n|\n|-heal|p2a: Granbull|36/100|[from] item: Leftovers\n|upkeep\n|inactive|Time left: 300 sec this turn | 300 sec total | 5 sec grace\n|\n|t:|1783539215\n|switch|p1a: Mewtwo|Mewtwo, L72|245/272\n|-ability|p1a: Mewtwo|Unnerve\n|turn|17\n|inactive|Time left: 300 sec this turn | 300 sec total\n|\n|t:|1783539216\n|switch|p2a: Scream Tail|Scream Tail, L84|70/100\n|-activate|p2a: Scream Tail|move: Sticky Web\n|-unboost|p2a: Scream Tail|spe|1\n|move|p1a: Mewtwo|Psystrike|p2a: Scream Tail\n|-resisted|p2a: Scream Tail\n|-damage|p2a: Scream Tail|49/100\n|-damage|p1a: Mewtwo|218/272|[from] item: Life Orb\n|\n|-heal|p2a: Scream Tail|55/100|[from] item: Leftovers\n|upkeep\n|turn|18\n|inactive|Time left: 300 sec this turn | 300 sec total\n|\n|t:|1783539218\n|move|p1a: Mewtwo|Nasty Plot|p1a: Mewtwo\n|-boost|p1a: Mewtwo|spa|2\n|move|p2a: Scream Tail|Play Rough|p1a: Mewtwo\n|-damage|p1a: Mewtwo|133/272\n|\n|-heal|p2a: Scream Tail|61/100|[from] item: Leftovers\n|upkeep\n|turn|19\n|inactive|Time left: 300 sec this turn | 300 sec total\n|\n|t:|1783539219\n|move|p1a: Mewtwo|Nasty Plot|p1a: Mewtwo\n|-boost|p1a: Mewtwo|spa|2\n|move|p2a: Scream Tail|Play Rough|p1a: Mewtwo\n|-damage|p1a: Mewtwo|54/272\n|\n|-heal|p2a: Scream Tail|67/100|[from] item: Leftovers\n|upkeep\n|turn|20\n|inactive|Time left: 300 sec this turn | 300 sec total\n|\n|t:|1783539221\n|move|p1a: Mewtwo|Fire Blast|p2a: Scream Tail|[miss]\n|-miss|p1a: Mewtwo|p2a: Scream Tail\n|move|p2a: Scream Tail|Encore|p1a: Mewtwo\n|-start|p1a: Mewtwo|Encore\n|\n|-heal|p2a: Scream Tail|73/100|[from] item: Leftovers\n|upkeep\n|turn|21\n|inactive|Time left: 300 sec this turn | 300 sec total\n|\n|t:|1783539222\n|-end|p2a: Scream Tail|Protosynthesis|[silent]\n|switch|p2a: Granbull|Granbull, L88, M|36/100\n|-activate|p2a: Granbull|move: Sticky Web\n|-unboost|p2a: Granbull|spe|1\n|-ability|p2a: Granbull|Intimidate|boost\n|-unboost|p1a: Mewtwo|atk|1\n|move|p1a: Mewtwo|Fire Blast|p2a: Granbull\n|-damage|p2a: Granbull|0 fnt\n|faint|p2a: Granbull\n|-damage|p1a: Mewtwo|27/272|[from] item: Life Orb\n|\n|upkeep\n|\n|t:|1783539223\n|switch|p2a: Hawlucha|Hawlucha, L80, M|100/100\n|turn|22\n|inactive|Time left: 300 sec this turn | 300 sec total\n|\n|t:|1783539224\n|move|p2a: Hawlucha|Acrobatics|p1a: Mewtwo\n|-damage|p1a: Mewtwo|0 fnt\n|faint|p1a: Mewtwo\n|\n|upkeep\n|inactive|Time left: 300 sec this turn | 300 sec total | 5 sec grace\n|\n|t:|1783539225\n|switch|p1a: Galvantula|Galvantula, L82, F|249/249\n|turn|23\n|inactive|Time left: 300 sec this turn | 300 sec total\n|\n|t:|1783539226\n|-terastallize|p2a: Hawlucha|Fighting\n|move|p2a: Hawlucha|Swords Dance|p2a: Hawlucha\n|-boost|p2a: Hawlucha|atk|2\n|move|p1a: Galvantula|Thunder|p2a: Hawlucha|[miss]\n|-miss|p1a: Galvantula|p2a: Hawlucha\n|\n|upkeep\n|turn|24\n|inactive|Time left: 300 sec this turn | 300 sec total\n|\n|t:|1783539227\n|move|p2a: Hawlucha|Stone Edge|p1a: Galvantula\n|-supereffective|p1a: Galvantula\n|-damage|p1a: Galvantula|0 fnt\n|faint|p1a: Galvantula\n|\n|upkeep\n|inactive|Time left: 300 sec this turn | 300 sec total | 5 sec grace\n|\n|t:|1783539228\n|switch|p1a: Pikachu|Pikachu-Unova, L93, F|216/216\n|turn|25\n|inactive|Time left: 300 sec this turn | 300 sec total\n|\n|t:|1783539229\n|move|p1a: Pikachu|Fake Out|p2a: Hawlucha\n|-damage|p2a: Hawlucha|80/100\n|cant|p2a: Hawlucha|flinch\n|\n|upkeep\n|turn|26\n|inactive|Time left: 300 sec this turn | 300 sec total\n|\n|t:|1783539230\n|move|p2a: Hawlucha|Close Combat|p1a: Pikachu\n|-damage|p1a: Pikachu|0 fnt\n|-unboost|p2a: Hawlucha|def|1\n|-unboost|p2a: Hawlucha|spd|1\n|faint|p1a: Pikachu\n|-enditem|p2a: Hawlucha|White Herb\n|-clearnegativeboost|p2a: Hawlucha|[silent]\n|\n|win|p0y003630d", "uploadtime": 1783539230, "views": 0, "rating": 0, "private": 0, "password": null, "_winner": "p0y003630d", "_our_name": "p0x0037e5e"}