{"id": "battle-gen9randombattle-155", "formatid": "gen9randombattle", "format": "[Gen 9] Random Battle", "players": ["p0x1553e4b", "p0y155fbef"], "log": "|init|battle\n|title|p0x1553e4b vs. p0y155fbef\n|j|\u2606p0x1553e4b\n|j|\u2606p0y155fbef\n|t:|1783535044\n|gametype|singles\n|player|p1|p0x1553e4b|2|\n|player|p2|p0y155fbef|2|\n|gen|9\n|tier|[Gen 9] Random Battle\n|rule|Species Clause: Limit one of each Pok\u00e9mon\n|rule|HP Percentage Mod: HP is shown in percentages\n|rule|Sleep Clause Mod: Limit one foe put to sleep\n|rule|Illusion Level Mod: Illusion disguises the Pok\u00e9mon's true level\n|\n|t:|1783535044\n|teamsize|p1|6\n|teamsize|p2|6\n|start\n|switch|p1a: Vikavolt|Vikavolt, L83, F|100/100\n|switch|p2a: Roaring Moon|Roaring Moon, L72|270/270\n|turn|1\n|inactive|Battle timer is ON: inactive players will automatically lose when time's up. (requested by p0x1553e4b)\n|inactive|Time left: 300 sec this turn | 300 sec total | 60 sec grace\n|inactive|p0y155fbef also wants the timer to be on.\n|\n|t:|1783535046\n|-terastallize|p2a: Roaring Moon|Dragon\n|move|p2a: Roaring Moon|Outrage|p1a: Vikavolt\n|-damage|p1a: Vikavolt|37/100\n|move|p1a: Vikavolt|Sticky Web|p2a: Roaring Moon\n|-sidestart|p2: p0y155fbef|move: Sticky Web\n|\n|upkeep\n|turn|2\n|inactive|Time left: 300 sec this turn | 300 sec total\n|\n|t:|1783535047\n|switch|p1a: Krookodile|Krookodile, L79, F|100/100\n|-ability|p1a: Krookodile|Intimidate|boost\n|-unboost|p2a: Roaring Moon|atk|1\n|move|p2a: Roaring Moon|Outrage|p1a: Krookodile|[from] lockedmove\n|-damage|p1a: Krookodile|54/100\n|\n|-heal|p1a: Krookodile|60/100|[from] item: Leftovers\n|upkeep\n|turn|3\n|inactive|Time left: 300 sec this turn | 300 sec total\n|\n|t:|1783535048\n|move|p2a: Roaring Moon|Outrage|p1a: Krookodile|[from] lockedmove\n|-damage|p1a: Krookodile|14/100\n|-start|p2a: Roaring Moon|confusion|[fatigue]\n|-enditem|p2a: Roaring Moon|Lum Berry|[eat]\n|-end|p2a: Roaring Moon|confusion\n|move|p1a: Krookodile|Knock Off|p2a: Roaring Moon\n|-damage|p2a: Roaring Moon|173/270\n|\n|-heal|p1a: Krookodile|20/100|[from] item: Leftovers\n|upkeep\n|turn|4\n|inactive|Time left: 300 sec this turn | 300 sec total\n|\n|t:|1783535049\n|move|p2a: Roaring Moon|Outrage|p1a: Krookodile\n|-damage|p1a: Krookodile|0 fnt\n|faint|p1a: Krookodile\n|\n|upkeep\n|\n|t:|1783535050\n|switch|p1a: Miraidon|Miraidon, L65|100/100\n|-fieldstart|move: Electric Terrain|[from] ability: Hadron Engine|[of] p1a: Miraidon\n|turn|5\n|inactive|Time left: 300 sec this turn | 300 sec total\n|\n|t:|1783535051\n|move|p1a: Miraidon|Dragon Pulse|p2a: Roaring Moon\n|-supereffective|p2a: Roaring Moon\n|-damage|p2a: Roaring Moon|0 fnt\n|faint|p2a: Roaring Moon\n|-end|p2a: Roaring Moon|Protosynthesis|[silent]\n|-damage|p1a: Miraidon|91/100|[from] item: Life Orb\n|\n|upkeep\n|inactive|Time left: 300 sec this turn | 300 sec total | 5 sec grace\n|\n|t:|1783535052\n|switch|p2a: Hoopa|Hoopa, L85|275/275\n|-activate|p2a: Hoopa|move: Sticky Web\n|-unboost|p2a: Hoopa|spe|1\n|turn|6\n|inactive|Time left: 300 sec this turn | 300 sec total\n|\n|t:|1783535053\n|move|p1a: Miraidon|Calm Mind|p1a: Miraidon\n|-boost|p1a: Miraidon|spa|1\n|-boost|p1a: Miraidon|spd|1\n|move|p2a: Hoopa|Psyshock|p1a: Miraidon\n|-damage|p1a: Miraidon|4/100\n|-damage|p2a: Hoopa|248/275|[from] item: Life Orb\n|\n|upkeep\n|turn|7\n|inactive|Time left: 300 sec this turn | 300 sec total\n|\n|t:|1783535054\n|move|p1a: Miraidon|Electro Drift|p2a: Hoopa\n|-damage|p2a: Hoopa|40/275\n|-damage|p1a: Miraidon|0 fnt|[from] item: Life Orb\n|faint|p1a: Miraidon\n|move|p2a: Hoopa|Nasty Plot|p2a: Hoopa\n|-boost|p2a: Hoopa|spa|2\n|\n|upkeep\n|\n|t:|1783535055\n|switch|p1a: Skeledirge|Skeledirge, L79, M|100/100\n|turn|8\n|inactive|Time left: 300 sec this turn | 300 sec total\n|\n|t:|1783535056\n|switch|p2a: Gumshoos|Gumshoos, L95, M|321/321\n|-activate|p2a: Gumshoos|move: Sticky Web\n|-unboost|p2a: Gumshoos|spe|1\n|move|p1a: Skeledirge|Torch Song|p2a: Gumshoos\n|-damage|p2a: Gumshoos|221/321\n|-boost|p1a: Skeledirge|spa|1\n|\n|upkeep\n|turn|9\n|inactive|Time left: 300 sec this turn | 300 sec total\n|\n|t:|1783535057\n|move|p1a: Skeledirge|Will-O-Wisp|p2a: Gumshoos\n|-status|p2a: Gumshoos|brn\n|move|p2a: Gumshoos|Knock Off|p1a: Skeledirge\n|-supereffective|p1a: Skeledirge\n|-damage|p1a: Skeledirge|49/100\n|-enditem|p1a: Skeledirge|Heavy-Duty Boots|[from] move: Knock Off|[of] p2a: Gumshoos\n|\n|-damage|p2a: Gumshoos|201/321 brn|[from] brn\n|-fieldend|move: Electric Terrain\n|upkeep\n|turn|10\n|inactive|Time left: 300 sec this turn | 300 sec total\n|\n|t:|1783535058\n|move|p1a: Skeledirge|Slack Off|p1a: Skeledirge\n|-heal|p1a: Skeledirge|99/100\n|move|p2a: Gumshoos|Knock Off|p1a: Skeledirge\n|-supereffective|p1a: Skeledirge\n|-damage|p1a: Skeledirge|68/100\n|\n|-damage|p2a: Gumshoos|181/321 brn|[from] brn\n|upkeep\n|turn|11\n|inactive|Time left: 300 sec this turn | 300 sec total\n|\n|t:|1783535059\n|move|p1a: Skeledirge|Torch Song|p2a: Gumshoos\n|-damage|p2a: Gumshoos|36/321 brn\n|-boost|p1a: Skeledirge|spa|1\n|move|p2a: Gumshoos|Knock Off|p1a: Skeledirge\n|-supereffective|p1a: Skeledirge\n|-damage|p1a: Skeledirge|36/100\n|\n|-damage|p2a: Gumshoos|16/321 brn|[from] brn\n|upkeep\n|turn|12\n|inactive|Time left: 300 sec this turn | 300 sec total\n|\n|t:|1783535060\n|move|p1a: Skeledirge|Slack Off|p1a: Skeledirge\n|-heal|p1a: Skeledirge|86/100\n|move|p2a: Gumshoos|Knock Off|p1a: Skeledirge\n|-supereffective|p1a: Skeledirge\n|-damage|p1a: Skeledirge|55/100\n|\n|-damage|p2a: Gumshoos|0 fnt|[from] brn\n|faint|p2a: Gumshoos\n|upkeep\n|inactive|Time left: 300 sec this turn | 300 sec total | 5 sec grace\n|\n|t:|1783535061\n|switch|p2a: Mamoswine|Mamoswine, L81, M|311/311\n|-activate|p2a: Mamoswine|move: Sticky Web\n|-unboost|p2a: Mamoswine|spe|1\n|turn|13\n|inactive|Time left: 300 sec this turn | 300 sec total\n|\n|t:|1783535062\n|-terastallize|p1a: Skeledirge|Water\n|move|p1a: Skeledirge|Will-O-Wisp|p2a: Mamoswine|[miss]\n|-miss|p1a: Skeledirge|p2a: Mamoswine\n|move|p2a: Mamoswine|Earthquake|p1a: Skeledirge\n|-damage|p1a: Skeledirge|0 fnt\n|faint|p1a: Skeledirge\n|\n|upkeep\n|\n|t:|1783535063\n|switch|p1a: Vikavolt|Vikavolt, L83, F|37/100\n|turn|14\n|inactive|Time left: 300 sec this turn | 300 sec total\n|\n|t:|1783535063\n|switch|p2a: Hoopa|Hoopa, L85|40/275\n|-activate|p2a: Hoopa|move: Sticky Web\n|-unboost|p2a: Hoopa|spe|1\n|move|p1a: Vikavolt|Thunderbolt|p2a: Hoopa\n|-damage|p2a: Hoopa|0 fnt\n|faint|p2a: Hoopa\n|\n|upkeep\n|inactive|Time left: 300 sec this turn | 300 sec total | 5 sec grace\n|\n|t:|1783535064\n|switch|p2a: Bellossom|Bellossom, L84, M|263/263\n|-activate|p2a: Bellossom|move: Sticky Web\n|-unboost|p2a: Bellossom|spe|1\n|turn|15\n|inactive|Time left: 300 sec this turn | 300 sec total\n|\n|t:|1783535065\n|move|p1a: Vikavolt|Bug Buzz|p2a: Bellossom\n|-supereffective|p2a: Bellossom\n|-damage|p2a: Bellossom|45/263\n|move|p2a: Bellossom|Quiver Dance|p2a: Bellossom\n|-boost|p2a: Bellossom|spa|1\n|-boost|p2a: Bellossom|spd|1\n|-boost|p2a: Bellossom|spe|1\n|\n|-heal|p2a: Bellossom|61/263|[from] item: Leftovers\n|upkeep\n|turn|16\n|inactive|Time left: 300 sec this turn | 300 sec total\n|\n|t:|1783535066\n|move|p2a: Bellossom|Strength Sap|p1a: Vikavolt\n|-unboost|p1a: Vikavolt|atk|1\n|-heal|p2a: Bellossom|182/263\n|move|p1a: Vikavolt|Bug Buzz|p2a: Bellossom\n|-supereffective|p2a: Bellossom\n|-damage|p2a: Bellossom|26/263\n|\n|-heal|p2a: Bellossom|42/263|[from] item: Leftovers\n|upkeep\n|turn|17\n|inactive|Time left: 300 sec this turn | 300 sec total\n|\n|t:|1783535067\n|move|p2a: Bellossom|Sludge Bomb|p1a: Vikavolt\n|-damage|p1a: Vikavolt|0 fnt\n|faint|p1a: Vikavolt\n|\n|-heal|p2a: Bellossom|58/263|[from] item: Leftovers\n|upkeep\n|\n|t:|1783535068\n|switch|p1a: Rayquaza|Rayquaza, L72|100/100\n|-ability|p1a: Rayquaza|Air Lock\n|turn|18\n|inactive|Time left: 300 sec this turn | 300 sec total\n|\n|t:|1783535069\n|move|p1a: Rayquaza|Swords Dance|p1a: Rayquaza\n|-boost|p1a: Rayquaza|atk|2\n|move|p2a: Bellossom|Strength Sap|p1a: Rayquaza\n|-unboost|p1a: Rayquaza|atk|1\n|-heal|p2a: Bellossom|263/263\n|\n|upkeep\n|turn|19\n|inactive|Time left: 300 sec this turn | 300 sec total\n|\n|t:|1783535070\n|switch|p2a: Mamoswine|Mamoswine, L81, M|311/311\n|-activate|p2a: Mamoswine|move: Sticky Web\n|-unboost|p2a: Mamoswine|spe|1\n|move|p1a: Rayquaza|Dragon Ascent|p2a: Mamoswine\n|-damage|p2a: Mamoswine|107/311\n|-unboost|p1a: Rayquaza|def|1\n|-unboost|p1a: Rayquaza|spd|1\n|\n|upkeep\n|turn|20\n|inactive|Time left: 300 sec this turn | 300 sec total\n|\n|t:|1783535071\n|switch|p1a: Camerupt|Camerupt, L91, M|100/100\n|move|p2a: Mamoswine|Ice Shard|p1a: Camerupt\n|-damage|p1a: Camerupt|68/100\n|\n|-heal|p1a: Camerupt|74/100|[from] item: Leftovers\n|upkeep\n|turn|21\n|inactive|Time left: 300 sec this turn | 300 sec total\n|\n|t:|1783535072\n|move|p2a: Mamoswine|Ice Shard|p1a: Camerupt\n|-damage|p1a: Camerupt|43/100\n|move|p1a: Camerupt|Earthquake|p2a: Mamoswine\n|-damage|p2a: Mamoswine|0 fnt\n|faint|p2a: Mamoswine\n|\n|-heal|p1a: Camerupt|50/100|[from] item: Leftovers\n|upkeep\n|inactive|Time left: 300 sec this turn | 300 sec total | 5 sec grace\n|\n|t:|1783535073\n|switch|p2a: Jirachi|Jirachi, L80|291/291\n|-activate|p2a: Jirachi|move: Sticky Web\n|-unboost|p2a: Jirachi|spe|1\n|turn|22\n|inactive|Time left: 300 sec this turn | 300 sec total\n|\n|t:|1783535074\n|move|p2a: Jirachi|Psychic|p1a: Camerupt\n|-damage|p1a: Camerupt|12/100\n|-unboost|p1a: Camerupt|spd|1\n|move|p1a: Camerupt|Earthquake|p2a: Jirachi\n|-supereffective|p2a: Jirachi\n|-damage|p2a: Jirachi|63/291\n|\n|-heal|p1a: Camerupt|19/100|[from] item: Leftovers\n|upkeep\n|turn|23\n|inactive|Time left: 300 sec this turn | 300 sec total\n|\n|t:|1783535075\n|move|p2a: Jirachi|Psychic|p1a: Camerupt\n|-damage|p1a: Camerupt|0 fnt\n|faint|p1a: Camerupt\n|\n|upkeep\n|\n|t:|1783535076\n|switch|p1a: Rayquaza|Rayquaza, L72|100/100\n|-ability|p1a: Rayquaza|Air Lock\n|turn|24\n|inactive|Time left: 300 sec this turn | 300 sec total\n|\n|t:|1783535077\n|move|p2a: Jirachi|Psychic|p1a: Rayquaza\n|-damage|p1a: Rayquaza|63/100\n|move|p1a: Rayquaza|Swords Dance|p1a: Rayquaza\n|-boost|p1a: Rayquaza|atk|2\n|\n|upkeep\n|turn|25\n|inactive|Time left: 300 sec this turn | 300 sec total\n|\n|t:|1783535078\n|switch|p2a: Bellossom|Bellossom, L84, M|263/263\n|-activate|p2a: Bellossom|move: Sticky Web\n|-unboost|p2a: Bellossom|spe|1\n|move|p1a: Rayquaza|Dragon Ascent|p2a: Bellossom\n|-supereffective|p2a: Bellossom\n|-damage|p2a: Bellossom|0 fnt\n|-unboost|p1a: Rayquaza|def|1\n|-unboost|p1a: Rayquaza|spd|1\n|faint|p2a: Bellossom\n|\n|upkeep\n|inactive|Time left: 300 sec this turn | 300 sec total | 5 sec grace\n|\n|t:|1783535079\n|switch|p2a: Jirachi|Jirachi, L80|63/291\n|-activate|p2a: Jirachi|move: Sticky Web\n|-unboost|p2a: Jirachi|spe|1\n|turn|26\n|inactive|Time left: 300 sec this turn | 300 sec total\n|\n|t:|1783535080\n|move|p1a: Rayquaza|Extreme Speed|p2a: Jirachi\n|-resisted|p2a: Jirachi\n|-damage|p2a: Jirachi|7/291\n|move|p2a: Jirachi|Iron Head|p1a: Rayquaza\n|-damage|p1a: Rayquaza|10/100\n|\n|upkeep\n|turn|27\n|inactive|Time left: 300 sec this turn | 300 sec total\n|\n|t:|1783535081\n|move|p1a: Rayquaza|Extreme Speed|p2a: Jirachi\n|-resisted|p2a: Jirachi\n|-damage|p2a: Jirachi|0 fnt\n|faint|p2a: Jirachi\n|\n|win|p0x1553e4b", "uploadtime": 1783535081, "views": 0, "rating": 0, "private": 0, "password": null, "_winner": "p0x1553e4b", "_our_name": "p0y155fbef"}