{"id": "battle-gen9randombattle-2810", "formatid": "gen9randombattle", "format": "[Gen 9] Random Battle", "players": ["p0x281092c1", "p0y28108305"], "log": "|init|battle\n|title|p0x281092c1 vs. p0y28108305\n|j|\u2606p0x281092c1\n|j|\u2606p0y28108305\n|t:|1783572385\n|gametype|singles\n|player|p1|p0x281092c1|1|\n|player|p2|p0y28108305|101|\n|gen|9\n|tier|[Gen 9] Random Battle\n|rule|Species Clause: Limit one of each Pok\u00e9mon\n|rule|HP Percentage Mod: HP is shown in percentages\n|rule|Sleep Clause Mod: Limit one foe put to sleep\n|rule|Illusion Level Mod: Illusion disguises the Pok\u00e9mon's true level\n|\n|t:|1783572385\n|teamsize|p1|6\n|teamsize|p2|6\n|start\n|switch|p1a: Golem|Golem-Alola, L93, M|300/300\n|switch|p2a: Mandibuzz|Mandibuzz, L85, F|100/100\n|turn|1\n|inactive|Battle timer is ON: inactive players will automatically lose when time's up. (requested by p0y28108305)\n|inactive|Time left: 300 sec this turn | 300 sec total | 60 sec grace\n|\n|t:|1783572387\n|move|p2a: Mandibuzz|Foul Play|p1a: Golem\n|-damage|p1a: Golem|218/300\n|move|p1a: Golem|Stone Edge|p2a: Mandibuzz\n|-supereffective|p2a: Mandibuzz\n|-damage|p2a: Mandibuzz|0 fnt\n|faint|p2a: Mandibuzz\n|\n|upkeep\n|inactive|p0x281092c1 also wants the timer to be on.\n|\n|t:|1783572388\n|switch|p2a: Clawitzer|Clawitzer, L87, F|100/100\n|turn|2\n|inactive|Time left: 300 sec this turn | 300 sec total\n|\n|t:|1783572389\n|switch|p1a: Clefable|Clefable, L83, F|293/293\n|move|p2a: Clawitzer|Water Pulse|p1a: Clefable\n|-damage|p1a: Clefable|173/293\n|-start|p1a: Clefable|confusion\n|\n|-heal|p1a: Clefable|191/293|[from] item: Leftovers\n|upkeep\n|turn|3\n|inactive|Time left: 300 sec this turn | 300 sec total\n|\n|t:|1783572390\n|switch|p1a: Palkia|Palkia, L75|259/259\n|-ability|p1a: Palkia|Pressure\n|move|p2a: Clawitzer|Water Pulse|p1a: Palkia\n|-resisted|p1a: Palkia\n|-damage|p1a: Palkia|234/259\n|\n|upkeep\n|turn|4\n|inactive|Time left: 300 sec this turn | 300 sec total\n|\n|t:|1783572391\n|move|p1a: Palkia|Spacial Rend|p2a: Clawitzer\n|-damage|p2a: Clawitzer|64/100\n|move|p2a: Clawitzer|Dragon Pulse|p1a: Palkia\n|-supereffective|p1a: Palkia\n|-damage|p1a: Palkia|32/259\n|\n|upkeep\n|turn|5\n|inactive|Time left: 300 sec this turn | 300 sec total\n|\n|t:|1783572392\n|move|p1a: Palkia|Spacial Rend|p2a: Clawitzer\n|-damage|p2a: Clawitzer|29/100\n|move|p2a: Clawitzer|Aura Sphere|p1a: Palkia\n|-damage|p1a: Palkia|0 fnt\n|faint|p1a: Palkia\n|\n|upkeep\n|inactive|Time left: 300 sec this turn | 300 sec total | 5 sec grace\n|\n|t:|1783572392\n|switch|p1a: Clefable|Clefable, L83, F|191/293\n|turn|6\n|inactive|Time left: 300 sec this turn | 300 sec total\n|\n|t:|1783572393\n|move|p2a: Clawitzer|Water Pulse|p1a: Clefable\n|-crit|p1a: Clefable\n|-damage|p1a: Clefable|22/293\n|move|p1a: Clefable|Moonlight|p1a: Clefable\n|-heal|p1a: Clefable|168/293\n|\n|-heal|p1a: Clefable|186/293|[from] item: Leftovers\n|upkeep\n|turn|7\n|inactive|Time left: 300 sec this turn | 300 sec total\n|\n|t:|1783572394\n|move|p2a: Clawitzer|Water Pulse|p1a: Clefable\n|-crit|p1a: Clefable\n|-damage|p1a: Clefable|8/293\n|move|p1a: Clefable|Moonlight|p1a: Clefable\n|-heal|p1a: Clefable|154/293\n|\n|-heal|p1a: Clefable|172/293|[from] item: Leftovers\n|upkeep\n|turn|8\n|inactive|Time left: 300 sec this turn | 300 sec total\n|\n|t:|1783572395\n|move|p2a: Clawitzer|Water Pulse|p1a: Clefable\n|-damage|p1a: Clefable|60/293\n|-start|p1a: Clefable|confusion\n|-activate|p1a: Clefable|confusion\n|move|p1a: Clefable|Moonlight|p1a: Clefable\n|-heal|p1a: Clefable|206/293\n|\n|-heal|p1a: Clefable|224/293|[from] item: Leftovers\n|upkeep\n|turn|9\n|inactive|Time left: 300 sec this turn | 300 sec total\n|\n|t:|1783572396\n|move|p2a: Clawitzer|Water Pulse|p1a: Clefable\n|-damage|p1a: Clefable|107/293\n|-activate|p1a: Clefable|confusion\n|move|p1a: Clefable|Moonlight|p1a: Clefable\n|-heal|p1a: Clefable|253/293\n|\n|-heal|p1a: Clefable|271/293|[from] item: Leftovers\n|upkeep\n|turn|10\n|inactive|Time left: 300 sec this turn | 300 sec total\n|\n|t:|1783572396\n|move|p2a: Clawitzer|Water Pulse|p1a: Clefable\n|-damage|p1a: Clefable|141/293\n|-activate|p1a: Clefable|confusion\n|move|p1a: Clefable|Stealth Rock|p2a: Clawitzer\n|-sidestart|p2: p0y28108305|move: Stealth Rock\n|\n|-heal|p1a: Clefable|159/293|[from] item: Leftovers\n|upkeep\n|turn|11\n|inactive|Time left: 300 sec this turn | 300 sec total\n|\n|t:|1783572397\n|move|p2a: Clawitzer|Water Pulse|p1a: Clefable\n|-damage|p1a: Clefable|32/293\n|-activate|p1a: Clefable|confusion\n|move|p1a: Clefable|Moonlight|p1a: Clefable\n|-heal|p1a: Clefable|178/293\n|\n|-heal|p1a: Clefable|196/293|[from] item: Leftovers\n|upkeep\n|turn|12\n|inactive|Time left: 300 sec this turn | 300 sec total\n|\n|t:|1783572398\n|move|p2a: Clawitzer|Water Pulse|p1a: Clefable\n|-damage|p1a: Clefable|73/293\n|-end|p1a: Clefable|confusion\n|move|p1a: Clefable|Moonlight|p1a: Clefable\n|-heal|p1a: Clefable|219/293\n|\n|-heal|p1a: Clefable|237/293|[from] item: Leftovers\n|upkeep\n|turn|13\n|inactive|Time left: 300 sec this turn | 300 sec total\n|\n|t:|1783572399\n|move|p2a: Clawitzer|Water Pulse|p1a: Clefable\n|-damage|p1a: Clefable|116/293\n|move|p1a: Clefable|Moonblast|p2a: Clawitzer\n|-damage|p2a: Clawitzer|6/100\n|\n|-heal|p1a: Clefable|134/293|[from] item: Leftovers\n|upkeep\n|turn|14\n|inactive|Time left: 300 sec this turn | 300 sec total\n|\n|t:|1783572400\n|move|p2a: Clawitzer|Water Pulse|p1a: Clefable\n|-damage|p1a: Clefable|17/293\n|move|p1a: Clefable|Moonlight|p1a: Clefable\n|-heal|p1a: Clefable|163/293\n|\n|-heal|p1a: Clefable|181/293|[from] item: Leftovers\n|upkeep\n|turn|15\n|inactive|Time left: 300 sec this turn | 300 sec total\n|\n|t:|1783572401\n|move|p2a: Clawitzer|Water Pulse|p1a: Clefable\n|-damage|p1a: Clefable|72/293\n|move|p1a: Clefable|Moonlight|p1a: Clefable\n|-heal|p1a: Clefable|218/293\n|\n|-heal|p1a: Clefable|236/293|[from] item: Leftovers\n|upkeep\n|turn|16\n|inactive|Time left: 300 sec this turn | 300 sec total\n|\n|t:|1783572402\n|move|p2a: Clawitzer|Water Pulse|p1a: Clefable\n|-damage|p1a: Clefable|127/293\n|move|p1a: Clefable|Moonblast|p2a: Clawitzer\n|-damage|p2a: Clawitzer|0 fnt\n|faint|p2a: Clawitzer\n|\n|-heal|p1a: Clefable|145/293|[from] item: Leftovers\n|upkeep\n|\n|t:|1783572404\n|switch|p2a: Magcargo|Magcargo, L95, F|100/100\n|turn|17\n|inactive|Time left: 300 sec this turn | 300 sec total\n|\n|t:|1783572405\n|move|p1a: Clefable|Thunder Wave|p2a: Magcargo\n|-status|p2a: Magcargo|par\n|move|p2a: Magcargo|Lava Plume|p1a: Clefable\n|-damage|p1a: Clefable|46/293\n|\n|-heal|p1a: Clefable|64/293|[from] item: Leftovers\n|upkeep\n|turn|18\n|inactive|Time left: 300 sec this turn | 300 sec total\n|\n|t:|1783572406\n|switch|p1a: Golem|Golem-Alola, L93, M|218/300\n|move|p2a: Magcargo|Stealth Rock|p1a: Golem\n|-sidestart|p1: p0x281092c1|move: Stealth Rock\n|\n|upkeep\n|turn|19\n|inactive|Time left: 300 sec this turn | 300 sec total\n|\n|t:|1783572407\n|-terastallize|p2a: Magcargo|Grass\n|move|p1a: Golem|Stone Edge|p2a: Magcargo\n|-damage|p2a: Magcargo|46/100 par\n|move|p2a: Magcargo|Lava Plume|p1a: Golem\n|-resisted|p1a: Golem\n|-damage|p1a: Golem|161/300\n|\n|upkeep\n|turn|20\n|inactive|Time left: 300 sec this turn | 300 sec total\n|\n|t:|1783572408\n|switch|p2a: Gholdengo|Gholdengo, L77|100/100\n|-damage|p2a: Gholdengo|94/100|[from] Stealth Rock\n|move|p1a: Golem|Stone Edge|p2a: Gholdengo\n|-resisted|p2a: Gholdengo\n|-crit|p2a: Gholdengo\n|-damage|p2a: Gholdengo|29/100\n|\n|-heal|p2a: Gholdengo|35/100|[from] item: Leftovers\n|upkeep\n|turn|21\n|inactive|Time left: 300 sec this turn | 300 sec total\n|\n|t:|1783572409\n|move|p2a: Gholdengo|Recover|p2a: Gholdengo\n|-heal|p2a: Gholdengo|86/100\n|move|p1a: Golem|Stone Edge|p2a: Gholdengo|[miss]\n|-miss|p1a: Golem|p2a: Gholdengo\n|\n|-heal|p2a: Gholdengo|92/100|[from] item: Leftovers\n|upkeep\n|turn|22\n|inactive|Time left: 300 sec this turn | 300 sec total\n|\n|t:|1783572410\n|move|p2a: Gholdengo|Shadow Ball|p1a: Golem\n|-damage|p1a: Golem|62/300\n|-unboost|p1a: Golem|spd|1\n|move|p1a: Golem|Stone Edge|p2a: Gholdengo\n|-resisted|p2a: Gholdengo\n|-damage|p2a: Gholdengo|47/100\n|\n|-heal|p2a: Gholdengo|53/100|[from] item: Leftovers\n|upkeep\n|turn|23\n|inactive|Time left: 300 sec this turn | 300 sec total\n|\n|t:|1783572411\n|move|p2a: Gholdengo|Shadow Ball|p1a: Golem\n|-damage|p1a: Golem|0 fnt\n|faint|p1a: Golem\n|\n|-heal|p2a: Gholdengo|59/100|[from] item: Leftovers\n|upkeep\n|inactive|Time left: 300 sec this turn | 300 sec total | 5 sec grace\n|\n|t:|1783572412\n|switch|p1a: Minun|Minun, L95, M|268/268\n|-damage|p1a: Minun|235/268|[from] Stealth Rock\n|turn|24\n|inactive|Time left: 300 sec this turn | 300 sec total\n|\n|t:|1783572413\n|move|p1a: Minun|Nasty Plot|p1a: Minun\n|-boost|p1a: Minun|spa|2\n|move|p2a: Gholdengo|Shadow Ball|p1a: Minun\n|-damage|p1a: Minun|150/268\n|-unboost|p1a: Minun|spd|1\n|\n|-heal|p2a: Gholdengo|65/100|[from] item: Leftovers\n|upkeep\n|turn|25\n|inactive|Time left: 300 sec this turn | 300 sec total\n|\n|t:|1783572414\n|move|p1a: Minun|Thunderbolt|p2a: Gholdengo\n|-damage|p2a: Gholdengo|0 fnt\n|faint|p2a: Gholdengo\n|-damage|p1a: Minun|124/268|[from] item: Life Orb\n|\n|upkeep\n|\n|t:|1783572415\n|switch|p2a: Iron Boulder|Iron Boulder, L77|100/100\n|-damage|p2a: Iron Boulder|88/100|[from] Stealth Rock\n|-enditem|p2a: Iron Boulder|Booster Energy\n|-activate|p2a: Iron Boulder|ability: Quark Drive|[fromitem]\n|-start|p2a: Iron Boulder|quarkdrivespe\n|turn|26\n|inactive|Time left: 300 sec this turn | 300 sec total\n|\n|t:|1783572416\n|switch|p1a: Bronzong|Bronzong, L88|261/261\n|-damage|p1a: Bronzong|245/261|[from] Stealth Rock\n|move|p2a: Iron Boulder|Mighty Cleave|p1a: Bronzong\n|-resisted|p1a: Bronzong\n|-damage|p1a: Bronzong|206/261\n|\n|upkeep\n|turn|27\n|inactive|Time left: 300 sec this turn | 300 sec total\n|\n|t:|1783572417\n|-end|p2a: Iron Boulder|Quark Drive|[silent]\n|switch|p2a: Magcargo|Magcargo, L95, F, tera:Grass|46/100 par\n|move|p1a: Bronzong|Iron Head|p2a: Magcargo\n|-damage|p2a: Magcargo|21/100 par\n|-status|p1a: Bronzong|brn|[from] ability: Flame Body|[of] p2a: Magcargo\n|\n|-damage|p1a: Bronzong|190/261 brn|[from] brn\n|upkeep\n|turn|28\n|inactive|Time left: 300 sec this turn | 300 sec total\n|\n|t:|1783572418\n|move|p1a: Bronzong|Rest|p1a: Bronzong\n|-status|p1a: Bronzong|slp|[from] move: Rest\n|-heal|p1a: Bronzong|261/261 slp|[silent]\n|-enditem|p1a: Bronzong|Chesto Berry|[eat]\n|-curestatus|p1a: Bronzong|slp|[msg]\n|move|p2a: Magcargo|Recover|p2a: Magcargo\n|-heal|p2a: Magcargo|71/100 par\n|\n|upkeep\n|turn|29\n|inactive|Time left: 300 sec this turn | 300 sec total\n|\n|t:|1783572419\n|move|p1a: Bronzong|Iron Head|p2a: Magcargo\n|-damage|p2a: Magcargo|48/100 par\n|move|p2a: Magcargo|Lava Plume|p1a: Bronzong\n|-supereffective|p1a: Bronzong\n|-damage|p1a: Bronzong|105/261\n|\n|upkeep\n|turn|30\n|inactive|Time left: 300 sec this turn | 300 sec total\n|\n|t:|1783572420\n|move|p1a: Bronzong|Iron Head|p2a: Magcargo\n|-damage|p2a: Magcargo|24/100 par\n|cant|p2a: Magcargo|par\n|\n|upkeep\n|turn|31\n|inactive|Time left: 300 sec this turn | 300 sec total\n|\n|t:|1783572422\n|move|p1a: Bronzong|Iron Head|p2a: Magcargo\n|-damage|p2a: Magcargo|0 fnt\n|faint|p2a: Magcargo\n|\n|upkeep\n|\n|t:|1783572423\n|switch|p2a: Glalie|Glalie, L96, F|100/100\n|turn|32\n|inactive|Time left: 300 sec this turn | 300 sec total\n|\n|t:|1783572424\n|move|p2a: Glalie|Freeze-Dry|p1a: Bronzong\n|-resisted|p1a: Bronzong\n|-damage|p1a: Bronzong|75/261\n|move|p1a: Bronzong|Iron Head|p2a: Glalie\n|-supereffective|p2a: Glalie\n|-damage|p2a: Glalie|47/100\n|\n|upkeep\n|turn|33\n|inactive|Time left: 300 sec this turn | 300 sec total\n|\n|t:|1783572425\n|move|p2a: Glalie|Freeze-Dry|p1a: Bronzong\n|-resisted|p1a: Bronzong\n|-damage|p1a: Bronzong|43/261\n|move|p1a: Bronzong|Iron Head|p2a: Glalie\n|-supereffective|p2a: Glalie\n|-damage|p2a: Glalie|0 fnt\n|faint|p2a: Glalie\n|\n|upkeep\n|\n|t:|1783572426\n|switch|p2a: Iron Boulder|Iron Boulder, L77|88/100\n|-damage|p2a: Iron Boulder|76/100|[from] Stealth Rock\n|turn|34\n|inactive|Time left: 300 sec this turn | 300 sec total\n|\n|t:|1783572427\n|move|p2a: Iron Boulder|Close Combat|p1a: Bronzong\n|-damage|p1a: Bronzong|0 fnt\n|-unboost|p2a: Iron Boulder|def|1\n|-unboost|p2a: Iron Boulder|spd|1\n|faint|p1a: Bronzong\n|\n|upkeep\n|inactive|Time left: 300 sec this turn | 300 sec total | 5 sec grace\n|\n|t:|1783572428\n|switch|p1a: Eiscue|Eiscue, L88, F|274/274\n|-damage|p1a: Eiscue|206/274|[from] Stealth Rock\n|turn|35\n|inactive|Time left: 300 sec this turn | 300 sec total\n|\n|t:|1783572429\n|-terastallize|p1a: Eiscue|Ground\n|move|p2a: Iron Boulder|Zen Headbutt|p1a: Eiscue\n|-activate|p1a: Eiscue|ability: Ice Face\n|-damage|p1a: Eiscue|206/274\n|detailschange|p1a: Eiscue|Eiscue-Noice, L88, F, tera:Ground\n|move|p1a: Eiscue|Tera Blast|p2a: Iron Boulder|[anim] Tera Blast Ground\n|-supereffective|p2a: Iron Boulder\n|-damage|p2a: Iron Boulder|0 fnt\n|faint|p2a: Iron Boulder\n|-end|p2a: Iron Boulder|Quark Drive|[silent]\n|\n|win|p0x281092c1", "uploadtime": 1783572429, "views": 0, "rating": 0, "private": 0, "password": null, "_winner": "p0x281092c1", "_our_name": "p0x281092c1"}