{"id": "battle-gen9randombattle-529", "formatid": "gen9randombattle", "format": "[Gen 9] Random Battle", "players": ["p0x5291c60", "p0y529b8f8"], "log": "|init|battle\n|title|p0x5291c60 vs. p0y529b8f8\n|j|\u2606p0x5291c60\n|j|\u2606p0y529b8f8\n|t:|1783545193\n|gametype|singles\n|player|p1|p0x5291c60|1|\n|player|p2|p0y529b8f8|170|\n|gen|9\n|tier|[Gen 9] Random Battle\n|rule|Species Clause: Limit one of each Pok\u00e9mon\n|rule|HP Percentage Mod: HP is shown in percentages\n|rule|Sleep Clause Mod: Limit one foe put to sleep\n|rule|Illusion Level Mod: Illusion disguises the Pok\u00e9mon's true level\n|\n|t:|1783545193\n|teamsize|p1|6\n|teamsize|p2|6\n|start\n|switch|p1a: Dusknoir|Dusknoir, L89, M|100/100\n|switch|p2a: Noctowl|Noctowl, L95, F|344/344\n|-item|p2a: Noctowl|Heavy-Duty Boots|[from] ability: Frisk|[of] p1a: Dusknoir\n|turn|1\n|inactive|Battle timer is ON: inactive players will automatically lose when time's up. (requested by p0x5291c60)\n|inactive|Time left: 300 sec this turn | 300 sec total | 60 sec grace\n|inactive|p0y529b8f8 also wants the timer to be on.\n|\n|t:|1783545195\n|move|p2a: Noctowl|Hurricane|p1a: Dusknoir\n|-damage|p1a: Dusknoir|61/100\n|-start|p1a: Dusknoir|confusion\n|-activate|p1a: Dusknoir|confusion\n|-damage|p1a: Dusknoir|51/100|[from] confusion\n|\n|upkeep\n|turn|2\n|inactive|Time left: 300 sec this turn | 300 sec total\n|\n|t:|1783545196\n|move|p2a: Noctowl|Hurricane|p1a: Dusknoir|[miss]\n|-miss|p2a: Noctowl|p1a: Dusknoir\n|-activate|p1a: Dusknoir|confusion\n|-damage|p1a: Dusknoir|42/100|[from] confusion\n|\n|upkeep\n|turn|3\n|inactive|Time left: 300 sec this turn | 300 sec total\n|\n|t:|1783545197\n|switch|p1a: Veluza|Veluza, L85, M|100/100\n|move|p2a: Noctowl|Hurricane|p1a: Veluza\n|-damage|p1a: Veluza|45/100\n|\n|upkeep\n|turn|4\n|inactive|Time left: 300 sec this turn | 300 sec total\n|\n|t:|1783545198\n|switch|p1a: Oinkologne|Oinkologne, L92, M|100/100\n|move|p2a: Noctowl|Hyper Voice|p1a: Oinkologne\n|-damage|p1a: Oinkologne|72/100\n|\n|-heal|p1a: Oinkologne|78/100|[from] item: Leftovers\n|upkeep\n|turn|5\n|inactive|Time left: 300 sec this turn | 300 sec total\n|\n|t:|1783545199\n|move|p2a: Noctowl|Hyper Voice|p1a: Oinkologne\n|-damage|p1a: Oinkologne|49/100\n|move|p1a: Oinkologne|Body Slam|p2a: Noctowl\n|-damage|p2a: Noctowl|196/344\n|\n|-heal|p1a: Oinkologne|55/100|[from] item: Leftovers\n|upkeep\n|turn|6\n|inactive|Time left: 300 sec this turn | 300 sec total\n|\n|t:|1783545200\n|move|p2a: Noctowl|Hurricane|p1a: Oinkologne|[miss]\n|-miss|p2a: Noctowl|p1a: Oinkologne\n|move|p1a: Oinkologne|Body Slam|p2a: Noctowl\n|-damage|p2a: Noctowl|54/344\n|\n|-heal|p1a: Oinkologne|61/100|[from] item: Leftovers\n|upkeep\n|turn|7\n|inactive|Time left: 300 sec this turn | 300 sec total\n|\n|t:|1783545201\n|move|p2a: Noctowl|Hurricane|p1a: Oinkologne\n|-damage|p1a: Oinkologne|26/100\n|move|p1a: Oinkologne|Body Slam|p2a: Noctowl\n|-damage|p2a: Noctowl|0 fnt\n|faint|p2a: Noctowl\n|\n|-heal|p1a: Oinkologne|33/100|[from] item: Leftovers\n|upkeep\n|inactive|Time left: 300 sec this turn | 300 sec total | 5 sec grace\n|\n|t:|1783545202\n|switch|p2a: Zacian|Zacian, L69|241/241\n|-ability|p2a: Zacian|Intrepid Sword|boost\n|-boost|p2a: Zacian|atk|1\n|turn|8\n|inactive|Time left: 300 sec this turn | 300 sec total\n|\n|t:|1783545204\n|switch|p1a: Weezing|Weezing, L88, M|100/100\n|move|p2a: Zacian|Play Rough|p1a: Weezing|[miss]\n|-miss|p2a: Zacian|p1a: Weezing\n|\n|upkeep\n|turn|9\n|inactive|Time left: 300 sec this turn | 300 sec total\n|\n|t:|1783545205\n|switch|p2a: Chandelure|Chandelure, L83, M|235/235\n|move|p1a: Weezing|Will-O-Wisp|p2a: Chandelure\n|-start|p2a: Chandelure|ability: Flash Fire\n|\n|upkeep\n|turn|10\n|inactive|Time left: 300 sec this turn | 300 sec total\n|\n|t:|1783545206\n|switch|p1a: Dragonite|Dragonite, L74, M|100/100\n|move|p2a: Chandelure|Fire Blast|p1a: Dragonite\n|-resisted|p1a: Dragonite\n|-damage|p1a: Dragonite|77/100\n|-status|p1a: Dragonite|brn\n|\n|-damage|p1a: Dragonite|71/100 brn|[from] brn\n|upkeep\n|turn|11\n|inactive|Time left: 300 sec this turn | 300 sec total\n|\n|t:|1783545207\n|move|p2a: Chandelure|Fire Blast|p1a: Dragonite\n|-resisted|p1a: Dragonite\n|-damage|p1a: Dragonite|25/100 brn\n|move|p1a: Dragonite|Dragon Dance|p1a: Dragonite\n|-boost|p1a: Dragonite|atk|1\n|-boost|p1a: Dragonite|spe|1\n|\n|-damage|p1a: Dragonite|19/100 brn|[from] brn\n|upkeep\n|turn|12\n|inactive|Time left: 300 sec this turn | 300 sec total\n|\n|t:|1783545208\n|move|p2a: Chandelure|Fire Blast|p1a: Dragonite\n|-resisted|p1a: Dragonite\n|-damage|p1a: Dragonite|0 fnt\n|faint|p1a: Dragonite\n|\n|upkeep\n|\n|t:|1783545209\n|switch|p1a: Oinkologne|Oinkologne, L92, M|33/100\n|turn|13\n|inactive|Time left: 300 sec this turn | 300 sec total\n|\n|t:|1783545210\n|move|p2a: Chandelure|Fire Blast|p1a: Oinkologne\n|-damage|p1a: Oinkologne|2/100\n|move|p1a: Oinkologne|High Horsepower|p2a: Chandelure\n|-supereffective|p2a: Chandelure\n|-damage|p2a: Chandelure|65/235\n|\n|-heal|p1a: Oinkologne|8/100|[from] item: Leftovers\n|upkeep\n|turn|14\n|inactive|Time left: 300 sec this turn | 300 sec total\n|\n|t:|1783545212\n|move|p2a: Chandelure|Fire Blast|p1a: Oinkologne\n|-damage|p1a: Oinkologne|0 fnt\n|faint|p1a: Oinkologne\n|\n|upkeep\n|\n|t:|1783545213\n|switch|p1a: Dusknoir|Dusknoir, L89, M|42/100\n|-item|p2a: Chandelure|Choice Scarf|[from] ability: Frisk|[of] p1a: Dusknoir\n|turn|15\n|inactive|Time left: 300 sec this turn | 300 sec total\n|\n|t:|1783545214\n|move|p1a: Dusknoir|Shadow Sneak|p2a: Chandelure\n|-supereffective|p2a: Chandelure\n|-damage|p2a: Chandelure|0 fnt\n|faint|p2a: Chandelure\n|\n|upkeep\n|inactive|Time left: 300 sec this turn | 300 sec total | 5 sec grace\n|\n|t:|1783545215\n|switch|p2a: Bellossom|Bellossom, L84, F|263/263\n|turn|16\n|inactive|Time left: 300 sec this turn | 300 sec total\n|\n|t:|1783545215\n|switch|p1a: Trevenant|Trevenant, L89, F|100/100\n|move|p2a: Bellossom|Quiver Dance|p2a: Bellossom\n|-boost|p2a: Bellossom|spa|1\n|-boost|p2a: Bellossom|spd|1\n|-boost|p2a: Bellossom|spe|1\n|\n|upkeep\n|turn|17\n|inactive|Time left: 300 sec this turn | 300 sec total\n|\n|t:|1783545216\n|move|p2a: Bellossom|Quiver Dance|p2a: Bellossom\n|-boost|p2a: Bellossom|spa|1\n|-boost|p2a: Bellossom|spd|1\n|-boost|p2a: Bellossom|spe|1\n|move|p1a: Trevenant|Poltergeist|p2a: Bellossom|[miss]\n|-miss|p1a: Trevenant|p2a: Bellossom\n|\n|upkeep\n|turn|18\n|inactive|Time left: 300 sec this turn | 300 sec total\n|\n|t:|1783545217\n|move|p2a: Bellossom|Quiver Dance|p2a: Bellossom\n|-boost|p2a: Bellossom|spa|1\n|-boost|p2a: Bellossom|spd|1\n|-boost|p2a: Bellossom|spe|1\n|move|p1a: Trevenant|Poltergeist|p2a: Bellossom\n|-activate|p2a: Bellossom|move: Poltergeist|Leftovers\n|-damage|p2a: Bellossom|62/263\n|\n|-heal|p2a: Bellossom|78/263|[from] item: Leftovers\n|upkeep\n|turn|19\n|inactive|Time left: 300 sec this turn | 300 sec total\n|\n|t:|1783545218\n|move|p2a: Bellossom|Strength Sap|p1a: Trevenant\n|-unboost|p1a: Trevenant|atk|1\n|-heal|p2a: Bellossom|263/263\n|move|p1a: Trevenant|Poltergeist|p2a: Bellossom\n|-activate|p2a: Bellossom|move: Poltergeist|Leftovers\n|-damage|p2a: Bellossom|116/263\n|\n|-heal|p2a: Bellossom|132/263|[from] item: Leftovers\n|upkeep\n|turn|20\n|inactive|Time left: 300 sec this turn | 300 sec total\n|\n|t:|1783545219\n|move|p2a: Bellossom|Strength Sap|p1a: Trevenant\n|-unboost|p1a: Trevenant|atk|1\n|-heal|p2a: Bellossom|263/263\n|move|p1a: Trevenant|Poltergeist|p2a: Bellossom\n|-activate|p2a: Bellossom|move: Poltergeist|Leftovers\n|-damage|p2a: Bellossom|161/263\n|\n|-heal|p2a: Bellossom|177/263|[from] item: Leftovers\n|upkeep\n|turn|21\n|inactive|Time left: 300 sec this turn | 300 sec total\n|\n|t:|1783545220\n|move|p2a: Bellossom|Giga Drain|p1a: Trevenant\n|-resisted|p1a: Trevenant\n|-damage|p1a: Trevenant|69/100\n|-heal|p2a: Bellossom|223/263|[from] drain|[of] p1a: Trevenant\n|move|p1a: Trevenant|Poltergeist|p2a: Bellossom\n|-activate|p2a: Bellossom|move: Poltergeist|Leftovers\n|-damage|p2a: Bellossom|124/263\n|\n|-heal|p2a: Bellossom|140/263|[from] item: Leftovers\n|upkeep\n|turn|22\n|inactive|Time left: 300 sec this turn | 300 sec total\n|\n|t:|1783545221\n|move|p2a: Bellossom|Giga Drain|p1a: Trevenant\n|-resisted|p1a: Trevenant\n|-damage|p1a: Trevenant|38/100\n|-heal|p2a: Bellossom|187/263|[from] drain|[of] p1a: Trevenant\n|move|p1a: Trevenant|Poltergeist|p2a: Bellossom\n|-activate|p2a: Bellossom|move: Poltergeist|Leftovers\n|-damage|p2a: Bellossom|85/263\n|\n|-heal|p2a: Bellossom|101/263|[from] item: Leftovers\n|upkeep\n|turn|23\n|inactive|Time left: 300 sec this turn | 300 sec total\n|\n|t:|1783545222\n|move|p2a: Bellossom|Giga Drain|p1a: Trevenant\n|-resisted|p1a: Trevenant\n|-damage|p1a: Trevenant|8/100\n|-heal|p2a: Bellossom|146/263|[from] drain|[of] p1a: Trevenant\n|move|p1a: Trevenant|Poltergeist|p2a: Bellossom\n|-activate|p2a: Bellossom|move: Poltergeist|Leftovers\n|-damage|p2a: Bellossom|47/263\n|\n|-heal|p2a: Bellossom|63/263|[from] item: Leftovers\n|upkeep\n|turn|24\n|inactive|Time left: 300 sec this turn | 300 sec total\n|\n|t:|1783545223\n|move|p2a: Bellossom|Giga Drain|p1a: Trevenant\n|-resisted|p1a: Trevenant\n|-damage|p1a: Trevenant|0 fnt\n|-heal|p2a: Bellossom|74/263|[from] drain|[of] p1a: Trevenant\n|faint|p1a: Trevenant\n|\n|-heal|p2a: Bellossom|90/263|[from] item: Leftovers\n|upkeep\n|\n|t:|1783545224\n|switch|p1a: Weezing|Weezing, L88, M|100/100\n|turn|25\n|inactive|Time left: 300 sec this turn | 300 sec total\n|\n|t:|1783545225\n|move|p2a: Bellossom|Strength Sap|p1a: Weezing\n|-unboost|p1a: Weezing|atk|1\n|-heal|p2a: Bellossom|253/263\n|move|p1a: Weezing|Sludge Bomb|p2a: Bellossom\n|-supereffective|p2a: Bellossom\n|-damage|p2a: Bellossom|185/263\n|\n|-heal|p2a: Bellossom|201/263|[from] item: Leftovers\n|upkeep\n|turn|26\n|inactive|Time left: 300 sec this turn | 300 sec total\n|\n|t:|1783545226\n|move|p2a: Bellossom|Giga Drain|p1a: Weezing\n|-resisted|p1a: Weezing\n|-damage|p1a: Weezing|59/100\n|-heal|p2a: Bellossom|255/263|[from] drain|[of] p1a: Weezing\n|move|p1a: Weezing|Sludge Bomb|p2a: Bellossom\n|-supereffective|p2a: Bellossom\n|-damage|p2a: Bellossom|183/263\n|\n|-heal|p2a: Bellossom|199/263|[from] item: Leftovers\n|-heal|p1a: Weezing|65/100|[from] item: Leftovers\n|upkeep\n|turn|27\n|inactive|Time left: 300 sec this turn | 300 sec total\n|\n|t:|1783545227\n|move|p2a: Bellossom|Giga Drain|p1a: Weezing\n|-resisted|p1a: Weezing\n|-crit|p1a: Weezing\n|-damage|p1a: Weezing|6/100\n|-heal|p2a: Bellossom|263/263|[from] drain|[of] p1a: Weezing\n|move|p1a: Weezing|Pain Split|p2a: Bellossom\n|-sethp|p2a: Bellossom|138/263|[from] move: Pain Split|[silent]\n|-sethp|p1a: Weezing|54/100|[from] move: Pain Split\n|\n|-heal|p2a: Bellossom|154/263|[from] item: Leftovers\n|-heal|p1a: Weezing|60/100|[from] item: Leftovers\n|upkeep\n|turn|28\n|inactive|Time left: 300 sec this turn | 300 sec total\n|\n|t:|1783545228\n|move|p2a: Bellossom|Giga Drain|p1a: Weezing\n|-resisted|p1a: Weezing\n|-damage|p1a: Weezing|16/100\n|-heal|p2a: Bellossom|211/263|[from] drain|[of] p1a: Weezing\n|move|p1a: Weezing|Sludge Bomb|p2a: Bellossom\n|-supereffective|p2a: Bellossom\n|-damage|p2a: Bellossom|143/263\n|\n|-heal|p2a: Bellossom|159/263|[from] item: Leftovers\n|-heal|p1a: Weezing|22/100|[from] item: Leftovers\n|upkeep\n|turn|29\n|inactive|Time left: 300 sec this turn | 300 sec total\n|\n|t:|1783545229\n|move|p2a: Bellossom|Giga Drain|p1a: Weezing\n|-resisted|p1a: Weezing\n|-damage|p1a: Weezing|0 fnt\n|-heal|p2a: Bellossom|187/263|[from] drain|[of] p1a: Weezing\n|faint|p1a: Weezing\n|\n|-heal|p2a: Bellossom|203/263|[from] item: Leftovers\n|upkeep\n|\n|t:|1783545230\n|switch|p1a: Veluza|Veluza, L85, M|45/100\n|turn|30\n|inactive|Time left: 300 sec this turn | 300 sec total\n|\n|t:|1783545231\n|move|p2a: Bellossom|Giga Drain|p1a: Veluza\n|-supereffective|p1a: Veluza\n|-damage|p1a: Veluza|0 fnt\n|-heal|p2a: Bellossom|263/263|[from] drain|[of] p1a: Veluza\n|faint|p1a: Veluza\n|\n|upkeep\n|\n|t:|1783545232\n|switch|p1a: Dusknoir|Dusknoir, L89, M|42/100\n|-item|p2a: Bellossom|Leftovers|[from] ability: Frisk|[of] p1a: Dusknoir\n|turn|31\n|inactive|Time left: 300 sec this turn | 300 sec total\n|\n|t:|1783545232\n|-terastallize|p2a: Bellossom|Fire\n|move|p2a: Bellossom|Giga Drain|p1a: Dusknoir\n|-crit|p1a: Dusknoir\n|-damage|p1a: Dusknoir|0 fnt\n|faint|p1a: Dusknoir\n|\n|win|p0y529b8f8", "uploadtime": 1783545232, "views": 0, "rating": 0, "private": 0, "password": null, "_winner": "p0y529b8f8", "_our_name": "p0y529b8f8"}