{"id": "battle-gen9randombattle-1498", "formatid": "gen9randombattle", "format": "[Gen 9] Random Battle", "players": ["p0x14985488", "p0y1498c0c4"], "log": "|init|battle\n|title|p0x14985488 vs. p0y1498c0c4\n|j|\u2606p0x14985488\n|j|\u2606p0y1498c0c4\n|t:|1783556523\n|gametype|singles\n|player|p1|p0x14985488|1|\n|player|p2|p0y1498c0c4|102|\n|gen|9\n|tier|[Gen 9] Random Battle\n|rule|Species Clause: Limit one of each Pok\u00e9mon\n|rule|HP Percentage Mod: HP is shown in percentages\n|rule|Sleep Clause Mod: Limit one foe put to sleep\n|rule|Illusion Level Mod: Illusion disguises the Pok\u00e9mon's true level\n|\n|t:|1783556523\n|teamsize|p1|6\n|teamsize|p2|6\n|start\n|switch|p1a: Sableye|Sableye, L88, F|100/100\n|switch|p2a: Gogoat|Gogoat, L88, M|360/360\n|turn|1\n|inactive|Battle timer is ON: inactive players will automatically lose when time's up. (requested by p0x14985488)\n|inactive|Time left: 300 sec this turn | 300 sec total | 60 sec grace\n|\n|t:|1783556525\n|switch|p1a: Conkeldurr|Conkeldurr, L80, F|100/100\n|move|p2a: Gogoat|Bulk Up|p2a: Gogoat\n|-boost|p2a: Gogoat|atk|1\n|-boost|p2a: Gogoat|def|1\n|\n|-status|p1a: Conkeldurr|brn|[from] item: Flame Orb\n|upkeep\n|turn|2\n|inactive|Time left: 300 sec this turn | 300 sec total\n|inactive|p0y1498c0c4 also wants the timer to be on.\n|\n|t:|1783556526\n|switch|p1a: Okidogi|Okidogi, L77, M|100/100\n|move|p2a: Gogoat|Bulk Up|p2a: Gogoat\n|-boost|p2a: Gogoat|atk|1\n|-boost|p2a: Gogoat|def|1\n|\n|upkeep\n|turn|3\n|inactive|Time left: 300 sec this turn | 300 sec total\n|\n|t:|1783556527\n|move|p2a: Gogoat|Earthquake|p1a: Okidogi\n|-supereffective|p1a: Okidogi\n|-damage|p1a: Okidogi|0 fnt\n|faint|p1a: Okidogi\n|\n|upkeep\n|\n|t:|1783556528\n|switch|p1a: Sableye|Sableye, L88, F|100/100\n|turn|4\n|inactive|Time left: 300 sec this turn | 300 sec total\n|\n|t:|1783556529\n|move|p1a: Sableye|Will-O-Wisp|p2a: Gogoat\n|-status|p2a: Gogoat|brn\n|move|p2a: Gogoat|Horn Leech|p1a: Sableye\n|-damage|p1a: Sableye|56/100\n|\n|-heal|p1a: Sableye|62/100|[from] item: Leftovers\n|-damage|p2a: Gogoat|338/360 brn|[from] brn\n|upkeep\n|turn|5\n|inactive|Time left: 300 sec this turn | 300 sec total\n|\n|t:|1783556530\n|switch|p1a: Lapras|Lapras, L87, M|100/100\n|move|p2a: Gogoat|Earthquake|p1a: Lapras\n|-damage|p1a: Lapras|78/100\n|\n|-heal|p2a: Gogoat|360/360 brn|[from] item: Leftovers\n|-damage|p2a: Gogoat|338/360 brn|[from] brn\n|upkeep\n|turn|6\n|inactive|Time left: 300 sec this turn | 300 sec total\n|\n|t:|1783556531\n|move|p2a: Gogoat|Horn Leech|p1a: Lapras\n|-supereffective|p1a: Lapras\n|-damage|p1a: Lapras|24/100\n|-heal|p2a: Gogoat|360/360 brn|[from] drain|[of] p1a: Lapras\n|move|p1a: Lapras|Ice Beam|p2a: Gogoat\n|-supereffective|p2a: Gogoat\n|-damage|p2a: Gogoat|82/360 brn\n|\n|-heal|p2a: Gogoat|104/360 brn|[from] item: Leftovers\n|-damage|p2a: Gogoat|82/360 brn|[from] brn\n|upkeep\n|turn|7\n|inactive|Time left: 300 sec this turn | 300 sec total\n|\n|t:|1783556532\n|switch|p1a: Baxcalibur|Baxcalibur, L75, M|100/100\n|move|p2a: Gogoat|Horn Leech|p1a: Baxcalibur\n|-resisted|p1a: Baxcalibur\n|-damage|p1a: Baxcalibur|83/100\n|-heal|p2a: Gogoat|108/360 brn|[from] drain|[of] p1a: Baxcalibur\n|\n|-heal|p2a: Gogoat|130/360 brn|[from] item: Leftovers\n|-damage|p2a: Gogoat|108/360 brn|[from] brn\n|upkeep\n|turn|8\n|inactive|Time left: 300 sec this turn | 300 sec total\n|\n|t:|1783556533\n|move|p1a: Baxcalibur|Icicle Spear|p2a: Gogoat\n|-supereffective|p2a: Gogoat\n|-damage|p2a: Gogoat|70/360 brn\n|-supereffective|p2a: Gogoat\n|-damage|p2a: Gogoat|32/360 brn\n|-supereffective|p2a: Gogoat\n|-damage|p2a: Gogoat|0 fnt\n|faint|p2a: Gogoat\n|-hitcount|p2: Gogoat|3\n|\n|upkeep\n|inactive|Time left: 300 sec this turn | 300 sec total | 5 sec grace\n|\n|t:|1783556533\n|switch|p2a: Primarina|Primarina, L83, M|268/268\n|turn|9\n|inactive|Time left: 300 sec this turn | 300 sec total\n|\n|t:|1783556534\n|move|p1a: Baxcalibur|Swords Dance|p1a: Baxcalibur\n|-boost|p1a: Baxcalibur|atk|2\n|move|p2a: Primarina|Moonblast|p1a: Baxcalibur\n|-supereffective|p1a: Baxcalibur\n|-damage|p1a: Baxcalibur|0 fnt\n|faint|p1a: Baxcalibur\n|\n|upkeep\n|\n|t:|1783556535\n|switch|p1a: Lapras|Lapras, L87, M|24/100\n|turn|10\n|inactive|Time left: 300 sec this turn | 300 sec total\n|\n|t:|1783556536\n|move|p1a: Lapras|Freeze-Dry|p2a: Primarina\n|-supereffective|p2a: Primarina\n|-damage|p2a: Primarina|88/268\n|move|p2a: Primarina|Moonblast|p1a: Lapras\n|-damage|p1a: Lapras|0 fnt\n|faint|p1a: Lapras\n|\n|upkeep\n|\n|t:|1783556537\n|switch|p1a: Basculin|Basculin, L86, M|100/100\n|turn|11\n|inactive|Time left: 300 sec this turn | 300 sec total\n|\n|t:|1783556538\n|switch|p2a: Stantler|Stantler, L92, M|284/284\n|-ability|p2a: Stantler|Intimidate|boost\n|-unboost|p1a: Basculin|atk|1\n|move|p1a: Basculin|Wave Crash|p2a: Stantler\n|-damage|p2a: Stantler|150/284\n|-damage|p1a: Basculin|84/100|[from] Recoil\n|\n|upkeep\n|turn|12\n|inactive|Time left: 300 sec this turn | 300 sec total\n|\n|t:|1783556539\n|move|p1a: Basculin|Wave Crash|p2a: Stantler\n|-damage|p2a: Stantler|26/284\n|-damage|p1a: Basculin|68/100|[from] Recoil\n|move|p2a: Stantler|Body Slam|p1a: Basculin\n|-damage|p1a: Basculin|15/100\n|-status|p1a: Basculin|par\n|\n|upkeep\n|turn|13\n|inactive|Time left: 300 sec this turn | 300 sec total\n|\n|t:|1783556540\n|move|p2a: Stantler|Earthquake|p1a: Basculin\n|-damage|p1a: Basculin|0 fnt\n|faint|p1a: Basculin\n|\n|upkeep\n|\n|t:|1783556541\n|switch|p1a: Conkeldurr|Conkeldurr, L80, F|100/100 brn\n|turn|14\n|inactive|Time left: 300 sec this turn | 300 sec total\n|\n|t:|1783556542\n|move|p2a: Stantler|Earthquake|p1a: Conkeldurr\n|-damage|p1a: Conkeldurr|71/100 brn\n|move|p1a: Conkeldurr|Facade|p2a: Stantler\n|-damage|p2a: Stantler|0 fnt\n|faint|p2a: Stantler\n|\n|-damage|p1a: Conkeldurr|65/100 brn|[from] brn\n|upkeep\n|inactive|Time left: 300 sec this turn | 300 sec total | 5 sec grace\n|\n|t:|1783556543\n|switch|p2a: Primarina|Primarina, L83, M|88/268\n|turn|15\n|inactive|Time left: 300 sec this turn | 300 sec total\n|\n|t:|1783556544\n|switch|p1a: Sableye|Sableye, L88, F|62/100\n|move|p2a: Primarina|Moonblast|p1a: Sableye\n|-supereffective|p1a: Sableye\n|-damage|p1a: Sableye|0 fnt\n|faint|p1a: Sableye\n|\n|upkeep\n|\n|t:|1783556545\n|switch|p1a: Conkeldurr|Conkeldurr, L80, F|65/100 brn\n|turn|16\n|inactive|Time left: 300 sec this turn | 300 sec total\n|\n|t:|1783556545\n|-terastallize|p1a: Conkeldurr|Normal\n|move|p1a: Conkeldurr|Mach Punch|p2a: Primarina\n|-resisted|p2a: Primarina\n|-damage|p2a: Primarina|41/268\n|move|p2a: Primarina|Moonblast|p1a: Conkeldurr\n|-damage|p1a: Conkeldurr|0 fnt\n|faint|p1a: Conkeldurr\n|\n|win|p0y1498c0c4", "uploadtime": 1783556545, "views": 0, "rating": 0, "private": 0, "password": null, "_winner": "p0y1498c0c4", "_our_name": "p0y1498c0c4"}