{"id": "battle-gen9randombattle-1187", "formatid": "gen9randombattle", "format": "[Gen 9] Random Battle", "players": ["p0x1187a185", "p0y118746fc"], "log": "|init|battle\n|title|p0x1187a185 vs. p0y118746fc\n|j|\u2606p0x1187a185\n|j|\u2606p0y118746fc\n|t:|1783552866\n|gametype|singles\n|player|p1|p0x1187a185|266|\n|player|p2|p0y118746fc|170|\n|gen|9\n|tier|[Gen 9] Random Battle\n|rule|Species Clause: Limit one of each Pok\u00e9mon\n|rule|HP Percentage Mod: HP is shown in percentages\n|rule|Sleep Clause Mod: Limit one foe put to sleep\n|rule|Illusion Level Mod: Illusion disguises the Pok\u00e9mon's true level\n|\n|t:|1783552866\n|teamsize|p1|6\n|teamsize|p2|6\n|start\n|switch|p1a: Oinkologne|Oinkologne, L92, M|352/352\n|switch|p2a: Banette|Banette, L93, F|100/100\n|turn|1\n|inactive|Battle timer is ON: inactive players will automatically lose when time's up. (requested by p0x1187a185)\n|inactive|p0y118746fc also wants the timer to be on.\n|\n|t:|1783552868\n|move|p2a: Banette|Poltergeist|p1a: Oinkologne\n|-immune|p1a: Oinkologne\n|move|p1a: Oinkologne|Lash Out|p2a: Banette\n|-supereffective|p2a: Banette\n|-damage|p2a: Banette|46/100\n|\n|upkeep\n|turn|2\n|inactive|Time left: 300 sec this turn | 300 sec total\n|\n|t:|1783552869\n|switch|p2a: Leavanny|Leavanny, L86, M|100/100\n|move|p1a: Oinkologne|Lash Out|p2a: Leavanny\n|-damage|p2a: Leavanny|75/100\n|\n|upkeep\n|turn|3\n|inactive|Time left: 300 sec this turn | 300 sec total\n|\n|t:|1783552871\n|move|p2a: Leavanny|Sticky Web|p1a: Oinkologne\n|-sidestart|p1: p0x1187a185|move: Sticky Web\n|move|p1a: Oinkologne|Double-Edge|p2a: Leavanny\n|-damage|p2a: Leavanny|15/100\n|-damage|p1a: Oinkologne|299/352|[from] Recoil\n|\n|-heal|p1a: Oinkologne|321/352|[from] item: Leftovers\n|upkeep\n|turn|4\n|inactive|Time left: 300 sec this turn | 300 sec total\n|\n|t:|1783552872\n|move|p2a: Leavanny|Lunge|p1a: Oinkologne\n|-damage|p1a: Oinkologne|189/352\n|-unboost|p1a: Oinkologne|atk|1\n|move|p1a: Oinkologne|Double-Edge|p2a: Leavanny\n|-damage|p2a: Leavanny|0 fnt\n|faint|p2a: Leavanny\n|-damage|p1a: Oinkologne|176/352|[from] Recoil\n|\n|-heal|p1a: Oinkologne|198/352|[from] item: Leftovers\n|upkeep\n|\n|t:|1783552873\n|switch|p2a: Regidrago|Regidrago, L77|100/100\n|turn|5\n|inactive|Time left: 300 sec this turn | 300 sec total\n|\n|t:|1783552874\n|-terastallize|p2a: Regidrago|Dragon\n|move|p2a: Regidrago|Outrage|p1a: Oinkologne\n|-damage|p1a: Oinkologne|0 fnt\n|faint|p1a: Oinkologne\n|\n|upkeep\n|inactive|Time left: 300 sec this turn | 300 sec total | 5 sec grace\n|\n|t:|1783552875\n|switch|p1a: Okidogi|Okidogi, L77, M|262/262\n|-activate|p1a: Okidogi|move: Sticky Web\n|-unboost|p1a: Okidogi|spe|1\n|turn|6\n|inactive|Time left: 300 sec this turn | 300 sec total\n|\n|t:|1783552876\n|move|p2a: Regidrago|Outrage|p1a: Okidogi|[from] lockedmove\n|-damage|p1a: Okidogi|52/262\n|-start|p2a: Regidrago|confusion|[fatigue]\n|move|p1a: Okidogi|Drain Punch|p2a: Regidrago\n|-damage|p2a: Regidrago|69/100\n|-heal|p1a: Okidogi|120/262|[from] drain|[of] p2a: Regidrago\n|\n|upkeep\n|turn|7\n|inactive|Time left: 300 sec this turn | 300 sec total\n|\n|t:|1783552877\n|-activate|p2a: Regidrago|confusion\n|-damage|p2a: Regidrago|60/100|[from] confusion\n|move|p1a: Okidogi|Drain Punch|p2a: Regidrago\n|-damage|p2a: Regidrago|26/100\n|-heal|p1a: Okidogi|193/262|[from] drain|[of] p2a: Regidrago\n|\n|upkeep\n|turn|8\n|inactive|Time left: 300 sec this turn | 300 sec total\n|\n|t:|1783552878\n|-activate|p2a: Regidrago|confusion\n|move|p2a: Regidrago|Outrage|p1a: Okidogi\n|-damage|p1a: Okidogi|0 fnt\n|faint|p1a: Okidogi\n|\n|upkeep\n|inactive|Time left: 300 sec this turn | 300 sec total | 5 sec grace\n|\n|t:|1783552879\n|switch|p1a: Deoxys|Deoxys-Attack, L72|191/191\n|-activate|p1a: Deoxys|move: Sticky Web\n|-unboost|p1a: Deoxys|spe|1\n|-ability|p1a: Deoxys|Pressure\n|turn|9\n|inactive|Time left: 300 sec this turn | 300 sec total\n|\n|t:|1783552880\n|move|p1a: Deoxys|Extreme Speed|p2a: Regidrago\n|-damage|p2a: Regidrago|0 fnt\n|faint|p2a: Regidrago\n|-damage|p1a: Deoxys|172/191|[from] item: Life Orb\n|\n|upkeep\n|\n|t:|1783552882\n|switch|p2a: Grumpig|Grumpig, L92, F|100/100\n|turn|10\n|inactive|Time left: 300 sec this turn | 300 sec total\n|\n|t:|1783552883\n|switch|p1a: Gastrodon|Gastrodon-East, L86, F|331/331\n|-activate|p1a: Gastrodon|move: Sticky Web\n|-unboost|p1a: Gastrodon|spe|1\n|move|p2a: Grumpig|Earth Power|p1a: Gastrodon\n|-damage|p1a: Gastrodon|212/331\n|\n|-heal|p1a: Gastrodon|232/331|[from] item: Leftovers\n|upkeep\n|turn|11\n|inactive|Time left: 300 sec this turn | 300 sec total\n|\n|t:|1783552884\n|move|p2a: Grumpig|Earth Power|p1a: Gastrodon\n|-damage|p1a: Gastrodon|130/331\n|move|p1a: Gastrodon|Spikes|p2a: Grumpig\n|-sidestart|p2: p0y118746fc|Spikes\n|\n|-heal|p1a: Gastrodon|150/331|[from] item: Leftovers\n|upkeep\n|turn|12\n|inactive|Time left: 300 sec this turn | 300 sec total\n|\n|t:|1783552885\n|move|p2a: Grumpig|Earth Power|p1a: Gastrodon\n|-damage|p1a: Gastrodon|49/331\n|move|p1a: Gastrodon|Recover|p1a: Gastrodon\n|-heal|p1a: Gastrodon|215/331\n|\n|-heal|p1a: Gastrodon|235/331|[from] item: Leftovers\n|upkeep\n|turn|13\n|inactive|Time left: 300 sec this turn | 300 sec total\n|\n|t:|1783552886\n|move|p2a: Grumpig|Earth Power|p1a: Gastrodon\n|-damage|p1a: Gastrodon|118/331\n|move|p1a: Gastrodon|Recover|p1a: Gastrodon\n|-heal|p1a: Gastrodon|284/331\n|\n|-heal|p1a: Gastrodon|304/331|[from] item: Leftovers\n|upkeep\n|turn|14\n|inactive|Time left: 300 sec this turn | 300 sec total\n|\n|t:|1783552887\n|move|p2a: Grumpig|Earth Power|p1a: Gastrodon\n|-damage|p1a: Gastrodon|195/331\n|move|p1a: Gastrodon|Earthquake|p2a: Grumpig\n|-damage|p2a: Grumpig|64/100\n|\n|-heal|p1a: Gastrodon|215/331|[from] item: Leftovers\n|upkeep\n|turn|15\n|inactive|Time left: 300 sec this turn | 300 sec total\n|\n|t:|1783552888\n|move|p2a: Grumpig|Earth Power|p1a: Gastrodon\n|-damage|p1a: Gastrodon|99/331\n|move|p1a: Gastrodon|Earthquake|p2a: Grumpig\n|-damage|p2a: Grumpig|25/100\n|\n|-heal|p1a: Gastrodon|119/331|[from] item: Leftovers\n|upkeep\n|turn|16\n|inactive|Time left: 300 sec this turn | 300 sec total\n|\n|t:|1783552888\n|move|p2a: Grumpig|Earth Power|p1a: Gastrodon\n|-damage|p1a: Gastrodon|6/331\n|move|p1a: Gastrodon|Recover|p1a: Gastrodon\n|-heal|p1a: Gastrodon|172/331\n|\n|-heal|p1a: Gastrodon|192/331|[from] item: Leftovers\n|upkeep\n|turn|17\n|inactive|Time left: 300 sec this turn | 300 sec total\n|\n|t:|1783552889\n|move|p2a: Grumpig|Earth Power|p1a: Gastrodon\n|-damage|p1a: Gastrodon|81/331\n|move|p1a: Gastrodon|Recover|p1a: Gastrodon\n|-heal|p1a: Gastrodon|247/331\n|\n|-heal|p1a: Gastrodon|267/331|[from] item: Leftovers\n|upkeep\n|turn|18\n|inactive|Time left: 300 sec this turn | 300 sec total\n|\n|t:|1783552890\n|move|p2a: Grumpig|Earth Power|p1a: Gastrodon\n|-damage|p1a: Gastrodon|162/331\n|move|p1a: Gastrodon|Surf|p2a: Grumpig\n|-damage|p2a: Grumpig|0 fnt\n|faint|p2a: Grumpig\n|\n|-heal|p1a: Gastrodon|182/331|[from] item: Leftovers\n|upkeep\n|\n|t:|1783552890\n|switch|p2a: Cacturne|Cacturne, L92, F|100/100\n|-damage|p2a: Cacturne|88/100|[from] Spikes\n|turn|19\n|inactive|Time left: 300 sec this turn | 300 sec total\n|\n|t:|1783552891\n|move|p2a: Cacturne|Knock Off|p1a: Gastrodon\n|-damage|p1a: Gastrodon|0 fnt\n|-enditem|p1a: Gastrodon|Leftovers|[from] move: Knock Off|[of] p2a: Cacturne\n|faint|p1a: Gastrodon\n|-damage|p2a: Cacturne|79/100|[from] item: Life Orb\n|\n|upkeep\n|inactive|Time left: 300 sec this turn | 300 sec total | 5 sec grace\n|\n|t:|1783552892\n|switch|p1a: Noivern|Noivern, L82, M|274/274\n|turn|20\n|inactive|Time left: 300 sec this turn | 300 sec total\n|\n|t:|1783552892\n|move|p2a: Cacturne|Sucker Punch|p1a: Noivern\n|-damage|p1a: Noivern|140/274\n|-damage|p2a: Cacturne|69/100|[from] item: Life Orb\n|move|p1a: Noivern|Flamethrower|p2a: Cacturne\n|-supereffective|p2a: Cacturne\n|-damage|p2a: Cacturne|0 fnt\n|faint|p2a: Cacturne\n|\n|upkeep\n|\n|t:|1783552893\n|switch|p2a: Toxapex|Toxapex, L82, F|100/100\n|-damage|p2a: Toxapex|88/100|[from] Spikes\n|turn|21\n|inactive|Time left: 300 sec this turn | 300 sec total\n|\n|t:|1783552894\n|move|p1a: Noivern|Flamethrower|p2a: Toxapex\n|-resisted|p2a: Toxapex\n|-damage|p2a: Toxapex|74/100\n|move|p2a: Toxapex|Toxic|p1a: Noivern\n|-status|p1a: Noivern|tox\n|\n|-damage|p1a: Noivern|123/274 tox|[from] psn\n|upkeep\n|turn|22\n|inactive|Time left: 300 sec this turn | 300 sec total\n|\n|t:|1783552895\n|move|p1a: Noivern|Flamethrower|p2a: Toxapex\n|-resisted|p2a: Toxapex\n|-damage|p2a: Toxapex|59/100\n|move|p2a: Toxapex|Recover|p2a: Toxapex\n|-heal|p2a: Toxapex|100/100\n|\n|-damage|p1a: Noivern|89/274 tox|[from] psn\n|upkeep\n|turn|23\n|inactive|Time left: 300 sec this turn | 300 sec total\n|\n|t:|1783552896\n|move|p1a: Noivern|Flamethrower|p2a: Toxapex\n|-resisted|p2a: Toxapex\n|-damage|p2a: Toxapex|85/100\n|move|p2a: Toxapex|Toxic|p1a: Noivern\n|-fail|p1a: Noivern|tox\n|\n|-damage|p1a: Noivern|38/274 tox|[from] psn\n|upkeep\n|turn|24\n|inactive|Time left: 300 sec this turn | 300 sec total\n|\n|t:|1783552897\n|move|p1a: Noivern|Flamethrower|p2a: Toxapex\n|-resisted|p2a: Toxapex\n|-damage|p2a: Toxapex|70/100\n|move|p2a: Toxapex|Liquidation|p1a: Noivern\n|-resisted|p1a: Noivern\n|-damage|p1a: Noivern|5/274 tox\n|-unboost|p1a: Noivern|def|1\n|\n|-damage|p1a: Noivern|0 fnt|[from] psn\n|faint|p1a: Noivern\n|upkeep\n|inactive|Time left: 300 sec this turn | 300 sec total | 5 sec grace\n|\n|t:|1783552899\n|switch|p1a: Deoxys|Deoxys-Attack, L72|172/191\n|-activate|p1a: Deoxys|move: Sticky Web\n|-unboost|p1a: Deoxys|spe|1\n|-ability|p1a: Deoxys|Pressure\n|turn|25\n|inactive|Time left: 300 sec this turn | 300 sec total\n|\n|t:|1783552900\n|switch|p2a: Banette|Banette, L93, F|46/100\n|-damage|p2a: Banette|34/100|[from] Spikes\n|move|p1a: Deoxys|Psycho Boost|p2a: Banette\n|-damage|p2a: Banette|0 fnt\n|-unboost|p1a: Deoxys|spa|2\n|faint|p2a: Banette\n|-damage|p1a: Deoxys|153/191|[from] item: Life Orb\n|\n|upkeep\n|\n|t:|1783552901\n|switch|p2a: Toxapex|Toxapex, L82, F|100/100\n|-damage|p2a: Toxapex|88/100|[from] Spikes\n|turn|26\n|inactive|Time left: 300 sec this turn | 300 sec total\n|\n|t:|1783552902\n|switch|p1a: Palafin|Palafin, L77, M|281/281\n|-activate|p1a: Palafin|move: Sticky Web\n|-unboost|p1a: Palafin|spe|1\n|move|p2a: Toxapex|Recover|p2a: Toxapex\n|-heal|p2a: Toxapex|100/100\n|\n|upkeep\n|turn|27\n|inactive|Time left: 300 sec this turn | 300 sec total\n|\n|t:|1783552903\n|move|p1a: Palafin|Bulk Up|p1a: Palafin\n|-boost|p1a: Palafin|atk|1\n|-boost|p1a: Palafin|def|1\n|move|p2a: Toxapex|Liquidation|p1a: Palafin\n|-resisted|p1a: Palafin\n|-damage|p1a: Palafin|254/281\n|\n|-heal|p1a: Palafin|271/281|[from] item: Leftovers\n|upkeep\n|turn|28\n|inactive|Time left: 300 sec this turn | 300 sec total\n|\n|t:|1783552904\n|move|p1a: Palafin|Bulk Up|p1a: Palafin\n|-boost|p1a: Palafin|atk|1\n|-boost|p1a: Palafin|def|1\n|move|p2a: Toxapex|Liquidation|p1a: Palafin\n|-resisted|p1a: Palafin\n|-damage|p1a: Palafin|252/281\n|\n|-heal|p1a: Palafin|269/281|[from] item: Leftovers\n|upkeep\n|turn|29\n|inactive|Time left: 300 sec this turn | 300 sec total\n|\n|t:|1783552905\n|move|p1a: Palafin|Bulk Up|p1a: Palafin\n|-boost|p1a: Palafin|atk|1\n|-boost|p1a: Palafin|def|1\n|move|p2a: Toxapex|Liquidation|p1a: Palafin\n|-resisted|p1a: Palafin\n|-damage|p1a: Palafin|254/281\n|\n|-heal|p1a: Palafin|271/281|[from] item: Leftovers\n|upkeep\n|turn|30\n|inactive|Time left: 300 sec this turn | 300 sec total\n|\n|t:|1783552907\n|detailschange|p1a: Palafin|Palafin-Hero, L77, M\n|switch|p1a: Deoxys|Deoxys-Attack, L72|153/191\n|-activate|p1a: Deoxys|move: Sticky Web\n|-unboost|p1a: Deoxys|spe|1\n|-ability|p1a: Deoxys|Pressure\n|move|p2a: Toxapex|Liquidation|p1a: Deoxys\n|-damage|p1a: Deoxys|0 fnt\n|faint|p1a: Deoxys\n|\n|upkeep\n|inactive|Time left: 300 sec this turn | 300 sec total | 5 sec grace\n|\n|t:|1783552908\n|switch|p1a: Palafin|Palafin-Hero, L77, M|271/281\n|-activate|p1a: Palafin|move: Sticky Web\n|-unboost|p1a: Palafin|spe|1\n|-activate|p1a: Palafin|ability: Zero to Hero\n|turn|31\n|inactive|Time left: 300 sec this turn | 300 sec total\n|\n|t:|1783552909\n|move|p1a: Palafin|Bulk Up|p1a: Palafin\n|-boost|p1a: Palafin|atk|1\n|-boost|p1a: Palafin|def|1\n|move|p2a: Toxapex|Toxic|p1a: Palafin\n|-status|p1a: Palafin|tox\n|\n|-heal|p1a: Palafin|281/281 tox|[from] item: Leftovers\n|-damage|p1a: Palafin|264/281 tox|[from] psn\n|upkeep\n|turn|32\n|inactive|Time left: 300 sec this turn | 300 sec total\n|\n|t:|1783552910\n|move|p1a: Palafin|Bulk Up|p1a: Palafin\n|-boost|p1a: Palafin|atk|1\n|-boost|p1a: Palafin|def|1\n|move|p2a: Toxapex|Haze|p2a: Toxapex\n|-clearallboost\n|\n|-heal|p1a: Palafin|281/281 tox|[from] item: Leftovers\n|-damage|p1a: Palafin|247/281 tox|[from] psn\n|upkeep\n|turn|33\n|inactive|Time left: 300 sec this turn | 300 sec total\n|\n|t:|1783552911\n|move|p1a: Palafin|Bulk Up|p1a: Palafin\n|-boost|p1a: Palafin|atk|1\n|-boost|p1a: Palafin|def|1\n|move|p2a: Toxapex|Haze|p2a: Toxapex\n|-clearallboost\n|\n|-heal|p1a: Palafin|264/281 tox|[from] item: Leftovers\n|-damage|p1a: Palafin|213/281 tox|[from] psn\n|upkeep\n|turn|34\n|inactive|Time left: 300 sec this turn | 300 sec total\n|\n|t:|1783552911\n|move|p1a: Palafin|Drain Punch|p2a: Toxapex\n|-resisted|p2a: Toxapex\n|-damage|p2a: Toxapex|91/100\n|-heal|p1a: Palafin|224/281 tox|[from] drain|[of] p2a: Toxapex\n|-damage|p1a: Palafin|178/281 tox|[from] item: Rocky Helmet|[of] p2a: Toxapex\n|move|p2a: Toxapex|Toxic|p1a: Palafin\n|-fail|p1a: Palafin|tox\n|\n|-heal|p1a: Palafin|195/281 tox|[from] item: Leftovers\n|-damage|p1a: Palafin|127/281 tox|[from] psn\n|upkeep\n|turn|35\n|inactive|Time left: 300 sec this turn | 300 sec total\n|\n|t:|1783552912\n|-terastallize|p1a: Palafin|Dragon\n|move|p1a: Palafin|Bulk Up|p1a: Palafin\n|-boost|p1a: Palafin|atk|1\n|-boost|p1a: Palafin|def|1\n|move|p2a: Toxapex|Liquidation|p1a: Palafin\n|-resisted|p1a: Palafin\n|-damage|p1a: Palafin|106/281 tox\n|\n|-heal|p1a: Palafin|123/281 tox|[from] item: Leftovers\n|-damage|p1a: Palafin|38/281 tox|[from] psn\n|upkeep\n|turn|36\n|inactive|Time left: 300 sec this turn | 300 sec total\n|\n|t:|1783552914\n|move|p1a: Palafin|Drain Punch|p2a: Toxapex\n|-resisted|p2a: Toxapex\n|-damage|p2a: Toxapex|76/100\n|-heal|p1a: Palafin|54/281 tox|[from] drain|[of] p2a: Toxapex\n|-damage|p1a: Palafin|8/281 tox|[from] item: Rocky Helmet|[of] p2a: Toxapex\n|move|p2a: Toxapex|Recover|p2a: Toxapex\n|-heal|p2a: Toxapex|100/100\n|\n|-heal|p1a: Palafin|25/281 tox|[from] item: Leftovers\n|-damage|p1a: Palafin|0 fnt|[from] psn\n|faint|p1a: Palafin\n|\n|win|p0y118746fc", "uploadtime": 1783552914, "views": 0, "rating": 0, "private": 0, "password": null, "_winner": "p0y118746fc", "_our_name": "p0x1187a185"}