{"id": "battle-gen9randombattle-646", "formatid": "gen9randombattle", "format": "[Gen 9] Random Battle", "players": ["p0x646bf23", "p0y646b8f7"], "log": "|init|battle\n|title|p0x646bf23 vs. p0y646b8f7\n|j|\u2606p0x646bf23\n|j|\u2606p0y646b8f7\n|t:|1783546603\n|gametype|singles\n|player|p1|p0x646bf23|266|\n|player|p2|p0y646b8f7|2|\n|gen|9\n|tier|[Gen 9] Random Battle\n|rule|Species Clause: Limit one of each Pok\u00e9mon\n|rule|HP Percentage Mod: HP is shown in percentages\n|rule|Sleep Clause Mod: Limit one foe put to sleep\n|rule|Illusion Level Mod: Illusion disguises the Pok\u00e9mon's true level\n|\n|t:|1783546603\n|teamsize|p1|6\n|teamsize|p2|6\n|start\n|switch|p1a: Calyrex|Calyrex, L93|100/100\n|switch|p2a: Kingambit|Kingambit, L74, F|270/270\n|-ability|p1a: Calyrex|Unnerve\n|turn|1\n|inactive|Battle timer is ON: inactive players will automatically lose when time's up. (requested by p0y646b8f7)\n|inactive|p0x646bf23 also wants the timer to be on.\n|\n|t:|1783546604\n|move|p1a: Calyrex|Calm Mind|p1a: Calyrex\n|-boost|p1a: Calyrex|spa|1\n|-boost|p1a: Calyrex|spd|1\n|move|p2a: Kingambit|Swords Dance|p2a: Kingambit\n|-boost|p2a: Kingambit|atk|2\n|\n|upkeep\n|turn|2\n|inactive|Time left: 300 sec this turn | 300 sec total\n|\n|t:|1783546605\n|-terastallize|p1a: Calyrex|Steel\n|move|p1a: Calyrex|Leech Seed|p2a: Kingambit\n|-start|p2a: Kingambit|move: Leech Seed\n|move|p2a: Kingambit|Kowtow Cleave|p1a: Calyrex\n|-damage|p1a: Calyrex|45/100\n|\n|-heal|p1a: Calyrex|51/100|[from] item: Leftovers\n|-damage|p2a: Kingambit|237/270|[from] Leech Seed|[of] p1a: Calyrex\n|-heal|p1a: Calyrex|61/100|[silent]\n|upkeep\n|turn|3\n|inactive|Time left: 300 sec this turn | 300 sec total\n|\n|t:|1783546606\n|move|p1a: Calyrex|Giga Drain|p2a: Kingambit\n|-resisted|p2a: Kingambit\n|-damage|p2a: Kingambit|164/270\n|-heal|p1a: Calyrex|72/100|[from] drain|[of] p2a: Kingambit\n|move|p2a: Kingambit|Kowtow Cleave|p1a: Calyrex\n|-damage|p1a: Calyrex|20/100\n|\n|-heal|p1a: Calyrex|26/100|[from] item: Leftovers\n|-heal|p2a: Kingambit|180/270|[from] item: Leftovers\n|-damage|p2a: Kingambit|147/270|[from] Leech Seed|[of] p1a: Calyrex\n|-heal|p1a: Calyrex|36/100|[silent]\n|upkeep\n|turn|4\n|inactive|Time left: 300 sec this turn | 300 sec total\n|\n|t:|1783546607\n|switch|p1a: Raging Bolt|Raging Bolt, L78|100/100\n|move|p2a: Kingambit|Kowtow Cleave|p1a: Raging Bolt\n|-damage|p1a: Raging Bolt|43/100\n|\n|-heal|p1a: Raging Bolt|49/100|[from] item: Leftovers\n|-heal|p2a: Kingambit|163/270|[from] item: Leftovers\n|-damage|p2a: Kingambit|130/270|[from] Leech Seed|[of] p1a: Raging Bolt\n|-heal|p1a: Raging Bolt|59/100|[silent]\n|upkeep\n|turn|5\n|inactive|Time left: 300 sec this turn | 300 sec total\n|\n|t:|1783546609\n|move|p1a: Raging Bolt|Thunderbolt|p2a: Kingambit\n|-damage|p2a: Kingambit|3/270\n|-status|p2a: Kingambit|par\n|move|p2a: Kingambit|Kowtow Cleave|p1a: Raging Bolt\n|-damage|p1a: Raging Bolt|0 fnt\n|faint|p1a: Raging Bolt\n|-end|p1a: Raging Bolt|Protosynthesis|[silent]\n|\n|-heal|p2a: Kingambit|19/270 par|[from] item: Leftovers\n|upkeep\n|\n|t:|1783546609\n|switch|p1a: Salamence|Salamence, L77, M|100/100\n|turn|6\n|inactive|Time left: 300 sec this turn | 300 sec total\n|\n|t:|1783546610\n|-end|p2a: Kingambit|fallenundefined|[silent]\n|switch|p2a: Granbull|Granbull, L88, F|302/302\n|-ability|p2a: Granbull|Intimidate|boost\n|-unboost|p1a: Salamence|atk|1\n|move|p1a: Salamence|Outrage|p2a: Granbull\n|-immune|p2a: Granbull\n|\n|upkeep\n|turn|7\n|inactive|Time left: 300 sec this turn | 300 sec total\n|\n|t:|1783546612\n|move|p1a: Salamence|Dragon Dance|p1a: Salamence\n|-boost|p1a: Salamence|atk|1\n|-boost|p1a: Salamence|spe|1\n|move|p2a: Granbull|Play Rough|p1a: Salamence\n|-supereffective|p1a: Salamence\n|-damage|p1a: Salamence|0 fnt\n|faint|p1a: Salamence\n|\n|upkeep\n|\n|t:|1783546613\n|switch|p1a: Regigigas|Regigigas, L84|100/100\n|-start|p1a: Regigigas|ability: Slow Start\n|turn|8\n|inactive|Time left: 300 sec this turn | 300 sec total\n|\n|t:|1783546614\n|move|p2a: Granbull|Play Rough|p1a: Regigigas\n|-crit|p1a: Regigigas\n|-damage|p1a: Regigigas|54/100\n|move|p1a: Regigigas|Body Slam|p2a: Granbull\n|-damage|p2a: Granbull|226/302\n|\n|-heal|p2a: Granbull|244/302|[from] item: Leftovers\n|-heal|p1a: Regigigas|60/100|[from] item: Leftovers\n|upkeep\n|turn|9\n|inactive|Time left: 300 sec this turn | 300 sec total\n|\n|t:|1783546615\n|move|p2a: Granbull|Thunder Wave|p1a: Regigigas\n|-status|p1a: Regigigas|par\n|move|p1a: Regigigas|Knock Off|p2a: Granbull\n|-resisted|p2a: Granbull\n|-damage|p2a: Granbull|217/302\n|-enditem|p2a: Granbull|Leftovers|[from] move: Knock Off|[of] p1a: Regigigas\n|\n|-heal|p1a: Regigigas|66/100 par|[from] item: Leftovers\n|upkeep\n|turn|10\n|inactive|Time left: 300 sec this turn | 300 sec total\n|\n|t:|1783546616\n|move|p2a: Granbull|Earthquake|p1a: Regigigas\n|-damage|p1a: Regigigas|44/100 par\n|move|p1a: Regigigas|Body Slam|p2a: Granbull\n|-damage|p2a: Granbull|144/302\n|\n|-heal|p1a: Regigigas|50/100 par|[from] item: Leftovers\n|upkeep\n|turn|11\n|inactive|Time left: 300 sec this turn | 300 sec total\n|\n|t:|1783546617\n|move|p2a: Granbull|Earthquake|p1a: Regigigas\n|-damage|p1a: Regigigas|25/100 par\n|move|p1a: Regigigas|Rest|p1a: Regigigas\n|-status|p1a: Regigigas|slp|[from] move: Rest\n|-heal|p1a: Regigigas|100/100 slp|[silent]\n|\n|upkeep\n|turn|12\n|inactive|Time left: 300 sec this turn | 300 sec total\n|\n|t:|1783546618\n|move|p2a: Granbull|Earthquake|p1a: Regigigas\n|-damage|p1a: Regigigas|77/100 slp\n|cant|p1a: Regigigas|slp\n|move|p1a: Regigigas|Sleep Talk|p1a: Regigigas\n|move|p1a: Regigigas|Rest||[from] move: Sleep Talk|[still]\n|-fail|p1a: Regigigas\n|\n|-heal|p1a: Regigigas|83/100 slp|[from] item: Leftovers\n|-end|p1a: Regigigas|Slow Start\n|upkeep\n|turn|13\n|inactive|Time left: 300 sec this turn | 300 sec total\n|\n|t:|1783546619\n|cant|p1a: Regigigas|slp\n|move|p1a: Regigigas|Sleep Talk|p1a: Regigigas\n|move|p1a: Regigigas|Knock Off|p2a: Granbull|[from] move: Sleep Talk\n|-resisted|p2a: Granbull\n|-damage|p2a: Granbull|106/302\n|move|p2a: Granbull|Play Rough|p1a: Regigigas\n|-damage|p1a: Regigigas|52/100 slp\n|\n|-heal|p1a: Regigigas|59/100 slp|[from] item: Leftovers\n|upkeep\n|turn|14\n|inactive|Time left: 300 sec this turn | 300 sec total\n|\n|t:|1783546620\n|switch|p2a: Swalot|Swalot, L90, M|326/326\n|-curestatus|p1a: Regigigas|slp|[msg]\n|move|p1a: Regigigas|Body Slam|p2a: Swalot\n|-damage|p2a: Swalot|199/326\n|\n|-heal|p1a: Regigigas|65/100|[from] item: Leftovers\n|-heal|p2a: Swalot|219/326|[from] item: Leftovers\n|upkeep\n|turn|15\n|inactive|Time left: 300 sec this turn | 300 sec total\n|\n|t:|1783546621\n|move|p1a: Regigigas|Body Slam|p2a: Swalot\n|-damage|p2a: Swalot|80/326\n|move|p2a: Swalot|Knock Off|p1a: Regigigas\n|-damage|p1a: Regigigas|49/100\n|-enditem|p1a: Regigigas|Leftovers|[from] move: Knock Off|[of] p2a: Swalot\n|\n|-heal|p2a: Swalot|100/326|[from] item: Leftovers\n|upkeep\n|turn|16\n|inactive|Time left: 300 sec this turn | 300 sec total\n|\n|t:|1783546622\n|switch|p2a: Granbull|Granbull, L88, F|106/302\n|-ability|p2a: Granbull|Intimidate|boost\n|-unboost|p1a: Regigigas|atk|1\n|move|p1a: Regigigas|Body Slam|p2a: Granbull\n|-damage|p2a: Granbull|10/302\n|\n|upkeep\n|turn|17\n|inactive|Time left: 300 sec this turn | 300 sec total\n|\n|t:|1783546623\n|move|p1a: Regigigas|Knock Off|p2a: Granbull\n|-resisted|p2a: Granbull\n|-damage|p2a: Granbull|0 fnt\n|faint|p2a: Granbull\n|\n|upkeep\n|inactive|Time left: 300 sec this turn | 300 sec total | 5 sec grace\n|\n|t:|1783546624\n|switch|p2a: Articuno|Articuno-Galar, L84|288/288\n|turn|18\n|inactive|Time left: 300 sec this turn | 300 sec total\n|\n|t:|1783546625\n|move|p1a: Regigigas|Knock Off|p2a: Articuno\n|-supereffective|p2a: Articuno\n|-damage|p2a: Articuno|136/288\n|-enditem|p2a: Articuno|Heavy-Duty Boots|[from] move: Knock Off|[of] p1a: Regigigas\n|move|p2a: Articuno|Calm Mind|p2a: Articuno\n|-boost|p2a: Articuno|spa|1\n|-boost|p2a: Articuno|spd|1\n|\n|upkeep\n|turn|19\n|inactive|Time left: 300 sec this turn | 300 sec total\n|\n|t:|1783546626\n|move|p1a: Regigigas|Body Slam|p2a: Articuno\n|-damage|p2a: Articuno|45/288\n|-status|p2a: Articuno|par\n|move|p2a: Articuno|Recover|p2a: Articuno\n|-heal|p2a: Articuno|189/288 par\n|\n|upkeep\n|turn|20\n|inactive|Time left: 300 sec this turn | 300 sec total\n|\n|t:|1783546627\n|switch|p1a: Calyrex|Calyrex, L93, tera:Steel|36/100\n|-ability|p1a: Calyrex|Unnerve\n|move|p2a: Articuno|Hurricane|p1a: Calyrex|[miss]\n|-miss|p2a: Articuno|p1a: Calyrex\n|\n|-heal|p1a: Calyrex|42/100|[from] item: Leftovers\n|upkeep\n|turn|21\n|inactive|Time left: 300 sec this turn | 300 sec total\n|\n|t:|1783546629\n|move|p1a: Calyrex|Leech Seed|p2a: Articuno\n|-start|p2a: Articuno|move: Leech Seed\n|cant|p2a: Articuno|par\n|\n|-heal|p1a: Calyrex|49/100|[from] item: Leftovers\n|-damage|p2a: Articuno|153/288 par|[from] Leech Seed|[of] p1a: Calyrex\n|-heal|p1a: Calyrex|59/100|[silent]\n|upkeep\n|turn|22\n|inactive|Time left: 300 sec this turn | 300 sec total\n|\n|t:|1783546630\n|move|p1a: Calyrex|Calm Mind|p1a: Calyrex\n|-boost|p1a: Calyrex|spa|1\n|-boost|p1a: Calyrex|spd|1\n|move|p2a: Articuno|Hurricane|p1a: Calyrex\n|-resisted|p1a: Calyrex\n|-damage|p1a: Calyrex|38/100\n|\n|-heal|p1a: Calyrex|44/100|[from] item: Leftovers\n|-damage|p2a: Articuno|117/288 par|[from] Leech Seed|[of] p1a: Calyrex\n|-heal|p1a: Calyrex|55/100|[silent]\n|upkeep\n|turn|23\n|inactive|Time left: 300 sec this turn | 300 sec total\n|\n|t:|1783546631\n|move|p1a: Calyrex|Calm Mind|p1a: Calyrex\n|-boost|p1a: Calyrex|spa|1\n|-boost|p1a: Calyrex|spd|1\n|move|p2a: Articuno|Recover|p2a: Articuno\n|-heal|p2a: Articuno|261/288 par\n|\n|-heal|p1a: Calyrex|61/100|[from] item: Leftovers\n|-damage|p2a: Articuno|225/288 par|[from] Leech Seed|[of] p1a: Calyrex\n|-heal|p1a: Calyrex|72/100|[silent]\n|upkeep\n|turn|24\n|inactive|Time left: 300 sec this turn | 300 sec total\n|\n|t:|1783546632\n|move|p1a: Calyrex|Giga Drain|p2a: Articuno\n|-resisted|p2a: Articuno\n|-damage|p2a: Articuno|177/288 par\n|-heal|p1a: Calyrex|79/100|[from] drain|[of] p2a: Articuno\n|move|p2a: Articuno|Freezing Glare|p1a: Calyrex\n|-resisted|p1a: Calyrex\n|-damage|p1a: Calyrex|66/100\n|\n|-heal|p1a: Calyrex|72/100|[from] item: Leftovers\n|-damage|p2a: Articuno|141/288 par|[from] Leech Seed|[of] p1a: Calyrex\n|-heal|p1a: Calyrex|83/100|[silent]\n|upkeep\n|turn|25\n|inactive|Time left: 300 sec this turn | 300 sec total\n|\n|t:|1783546633\n|move|p1a: Calyrex|Psychic|p2a: Articuno\n|-resisted|p2a: Articuno\n|-damage|p2a: Articuno|85/288 par\n|cant|p2a: Articuno|par\n|\n|-heal|p1a: Calyrex|89/100|[from] item: Leftovers\n|-damage|p2a: Articuno|49/288 par|[from] Leech Seed|[of] p1a: Calyrex\n|-heal|p1a: Calyrex|99/100|[silent]\n|upkeep\n|turn|26\n|inactive|Time left: 300 sec this turn | 300 sec total\n|\n|t:|1783546634\n|move|p1a: Calyrex|Psychic|p2a: Articuno\n|-resisted|p2a: Articuno\n|-damage|p2a: Articuno|0 fnt\n|faint|p2a: Articuno\n|\n|-heal|p1a: Calyrex|100/100|[from] item: Leftovers\n|upkeep\n|inactive|Time left: 300 sec this turn | 300 sec total | 5 sec grace\n|\n|t:|1783546635\n|switch|p2a: Kingambit|Kingambit, L74, F|19/270 par\n|-activate|p2a: Kingambit|ability: Supreme Overlord\n|-start|p2a: Kingambit|fallen2|[silent]\n|turn|27\n|inactive|Time left: 300 sec this turn | 300 sec total\n|\n|t:|1783546636\n|move|p1a: Calyrex|Giga Drain|p2a: Kingambit\n|-resisted|p2a: Kingambit\n|-damage|p2a: Kingambit|0 fnt\n|faint|p2a: Kingambit\n|-end|p2a: Kingambit|fallen2|[silent]\n|\n|upkeep\n|inactive|Time left: 300 sec this turn | 300 sec total | 5 sec grace\n|\n|t:|1783546637\n|switch|p2a: Grumpig|Grumpig, L92, M|297/297\n|turn|28\n|inactive|Time left: 300 sec this turn | 300 sec total\n|\n|t:|1783546638\n|move|p1a: Calyrex|Psychic|p2a: Grumpig\n|-resisted|p2a: Grumpig\n|-damage|p2a: Grumpig|225/297\n|move|p2a: Grumpig|Focus Blast|p1a: Calyrex|[miss]\n|-miss|p2a: Grumpig|p1a: Calyrex\n|\n|upkeep\n|turn|29\n|inactive|Time left: 300 sec this turn | 300 sec total\n|\n|t:|1783546640\n|move|p1a: Calyrex|Giga Drain|p2a: Grumpig\n|-damage|p2a: Grumpig|99/297\n|move|p2a: Grumpig|Focus Blast|p1a: Calyrex|[miss]\n|-miss|p2a: Grumpig|p1a: Calyrex\n|\n|upkeep\n|turn|30\n|inactive|Time left: 300 sec this turn | 300 sec total\n|\n|t:|1783546641\n|move|p1a: Calyrex|Giga Drain|p2a: Grumpig\n|-damage|p2a: Grumpig|0 fnt\n|faint|p2a: Grumpig\n|\n|upkeep\n|inactive|Time left: 300 sec this turn | 300 sec total | 5 sec grace\n|\n|t:|1783546642\n|switch|p2a: Swalot|Swalot, L90, M|100/326\n|turn|31\n|inactive|Time left: 300 sec this turn | 300 sec total\n|\n|t:|1783546643\n|-terastallize|p2a: Swalot|Dark\n|move|p1a: Calyrex|Psychic|p2a: Swalot\n|-immune|p2a: Swalot\n|move|p2a: Swalot|Earthquake|p1a: Calyrex\n|-supereffective|p1a: Calyrex\n|-damage|p1a: Calyrex|63/100\n|\n|-heal|p1a: Calyrex|69/100|[from] item: Leftovers\n|-heal|p2a: Swalot|120/326|[from] item: Leftovers\n|upkeep\n|turn|32\n|inactive|Time left: 300 sec this turn | 300 sec total\n|\n|t:|1783546644\n|switch|p2a: Zangoose|Zangoose, L85, F|263/263\n|move|p1a: Calyrex|Giga Drain|p2a: Zangoose\n|-damage|p2a: Zangoose|41/263\n|-heal|p1a: Calyrex|100/100|[from] drain|[of] p2a: Zangoose\n|\n|-status|p2a: Zangoose|tox|[from] item: Toxic Orb\n|upkeep\n|turn|33\n|inactive|Time left: 300 sec this turn | 300 sec total\n|\n|t:|1783546645\n|move|p2a: Zangoose|Facade|p1a: Calyrex\n|-resisted|p1a: Calyrex\n|-damage|p1a: Calyrex|63/100\n|move|p1a: Calyrex|Giga Drain|p2a: Zangoose\n|-damage|p2a: Zangoose|0 fnt\n|-heal|p1a: Calyrex|69/100|[from] drain|[of] p2a: Zangoose\n|faint|p2a: Zangoose\n|\n|-heal|p1a: Calyrex|75/100|[from] item: Leftovers\n|upkeep\n|inactive|Time left: 300 sec this turn | 300 sec total | 5 sec grace\n|\n|t:|1783546646\n|switch|p2a: Swalot|Swalot, L90, M, tera:Dark|120/326\n|turn|34\n|inactive|Time left: 300 sec this turn | 300 sec total\n|\n|t:|1783546646\n|move|p1a: Calyrex|Giga Drain|p2a: Swalot\n|-damage|p2a: Swalot|0 fnt\n|-damage|p1a: Calyrex|57/100|[from] ability: Liquid Ooze|[of] p2a: Swalot\n|faint|p2a: Swalot\n|\n|win|p0x646bf23", "uploadtime": 1783546646, "views": 0, "rating": 0, "private": 0, "password": null, "_winner": "p0x646bf23", "_our_name": "p0y646b8f7"}