{"id": "battle-gen9randombattle-798", "formatid": "gen9randombattle", "format": "[Gen 9] Random Battle", "players": ["p0x7984812", "p0y798f95e"], "log": "|init|battle\n|title|p0x7984812 vs. p0y798f95e\n|j|\u2606p0x7984812\n|j|\u2606p0y798f95e\n|t:|1783549116\n|gametype|singles\n|player|p1|p0x7984812|266|\n|player|p2|p0y798f95e|101|\n|gen|9\n|tier|[Gen 9] Random Battle\n|rule|Species Clause: Limit one of each Pok\u00e9mon\n|rule|HP Percentage Mod: HP is shown in percentages\n|rule|Sleep Clause Mod: Limit one foe put to sleep\n|rule|Illusion Level Mod: Illusion disguises the Pok\u00e9mon's true level\n|\n|t:|1783549116\n|teamsize|p1|6\n|teamsize|p2|6\n|start\n|switch|p1a: Probopass|Probopass, L91, M|100/100\n|switch|p2a: Camerupt|Camerupt, L91, F|275/275\n|turn|1\n|inactive|Battle timer is ON: inactive players will automatically lose when time's up. (requested by p0x7984812)\n|inactive|Time left: 300 sec this turn | 300 sec total | 60 sec grace\n|inactive|p0y798f95e also wants the timer to be on.\n|\n|t:|1783549117\n|switch|p1a: Porygon-Z|Porygon-Z, L83|100/100\n|-ability|p1a: Porygon-Z|Download|boost\n|-boost|p1a: Porygon-Z|atk|1\n|move|p2a: Camerupt|Earthquake|p1a: Porygon-Z\n|-damage|p1a: Porygon-Z|46/100\n|\n|upkeep\n|turn|2\n|inactive|Time left: 300 sec this turn | 300 sec total\n|\n|t:|1783549119\n|move|p1a: Porygon-Z|Tri Attack|p2a: Camerupt\n|-damage|p2a: Camerupt|127/275\n|-damage|p1a: Porygon-Z|37/100|[from] item: Life Orb\n|move|p2a: Camerupt|Earthquake|p1a: Porygon-Z\n|-damage|p1a: Porygon-Z|0 fnt\n|faint|p1a: Porygon-Z\n|\n|-heal|p2a: Camerupt|144/275|[from] item: Leftovers\n|upkeep\n|\n|t:|1783549120\n|switch|p1a: Golurk|Golurk, L87|100/100\n|turn|3\n|inactive|Time left: 300 sec this turn | 300 sec total\n|\n|t:|1783549121\n|switch|p2a: Porygon2|Porygon2, L81|270/270\n|-ability|p2a: Porygon2|Download|boost\n|-boost|p2a: Porygon2|spa|1\n|move|p1a: Golurk|Poltergeist|p2a: Porygon2\n|-immune|p2a: Porygon2\n|\n|upkeep\n|turn|4\n|inactive|Time left: 300 sec this turn | 300 sec total\n|\n|t:|1783549123\n|move|p1a: Golurk|Dynamic Punch|p2a: Porygon2\n|-supereffective|p2a: Porygon2\n|-damage|p2a: Porygon2|111/270\n|-start|p2a: Porygon2|confusion\n|-damage|p1a: Golurk|91/100|[from] item: Life Orb\n|-activate|p2a: Porygon2|confusion\n|-damage|p2a: Porygon2|87/270|[from] confusion\n|\n|upkeep\n|turn|5\n|inactive|Time left: 300 sec this turn | 300 sec total\n|\n|t:|1783549124\n|switch|p2a: Manaphy|Manaphy, L78|284/284\n|move|p1a: Golurk|Earthquake|p2a: Manaphy\n|-damage|p2a: Manaphy|99/284\n|-damage|p1a: Golurk|81/100|[from] item: Life Orb\n|\n|-heal|p2a: Manaphy|116/284|[from] item: Leftovers\n|upkeep\n|turn|6\n|inactive|Time left: 300 sec this turn | 300 sec total\n|\n|t:|1783549125\n|move|p2a: Manaphy|Hydro Pump|p1a: Golurk\n|-supereffective|p1a: Golurk\n|-damage|p1a: Golurk|2/100\n|move|p1a: Golurk|Poltergeist|p2a: Manaphy\n|-activate|p2a: Manaphy|move: Poltergeist|Leftovers\n|-damage|p2a: Manaphy|0 fnt\n|faint|p2a: Manaphy\n|-damage|p1a: Golurk|0 fnt|[from] item: Life Orb\n|faint|p1a: Golurk\n|\n|upkeep\n|inactive|Time left: 300 sec this turn | 300 sec total | 5 sec grace\n|\n|t:|1783549126\n|switch|p2a: Porygon2|Porygon2, L81|87/270\n|switch|p1a: Grafaiai|Grafaiai, L86, M|100/100\n|-ability|p2a: Porygon2|Download|boost\n|-boost|p2a: Porygon2|atk|1\n|turn|7\n|inactive|Time left: 300 sec this turn | 300 sec total\n|\n|t:|1783549128\n|move|p1a: Grafaiai|Gunk Shot|p2a: Porygon2\n|-damage|p2a: Porygon2|0 fnt\n|faint|p2a: Porygon2\n|-damage|p1a: Grafaiai|91/100|[from] item: Life Orb\n|\n|upkeep\n|inactive|Time left: 300 sec this turn | 300 sec total | 5 sec grace\n|\n|t:|1783549129\n|switch|p2a: Ursaring|Ursaring, L84, F|288/288\n|turn|8\n|inactive|Time left: 300 sec this turn | 300 sec total\n|\n|t:|1783549130\n|move|p1a: Grafaiai|Swords Dance|p1a: Grafaiai\n|-boost|p1a: Grafaiai|atk|2\n|move|p2a: Ursaring|Earthquake|p1a: Grafaiai\n|-supereffective|p1a: Grafaiai\n|-damage|p1a: Grafaiai|7/100\n|\n|upkeep\n|turn|9\n|inactive|Time left: 300 sec this turn | 300 sec total\n|\n|t:|1783549131\n|move|p1a: Grafaiai|Low Kick|p2a: Ursaring\n|-supereffective|p2a: Ursaring\n|-damage|p2a: Ursaring|2/288\n|-damage|p1a: Grafaiai|0 fnt|[from] item: Life Orb\n|faint|p1a: Grafaiai\n|move|p2a: Ursaring|Rest|p2a: Ursaring\n|-status|p2a: Ursaring|slp|[from] move: Rest\n|-heal|p2a: Ursaring|288/288 slp|[silent]\n|\n|upkeep\n|\n|t:|1783549132\n|switch|p1a: Hoopa|Hoopa, L85|100/100\n|turn|10\n|inactive|Time left: 300 sec this turn | 300 sec total\n|\n|t:|1783549133\n|move|p1a: Hoopa|Focus Blast|p2a: Ursaring\n|-supereffective|p2a: Ursaring\n|-damage|p2a: Ursaring|114/288 slp\n|cant|p2a: Ursaring|slp\n|move|p2a: Ursaring|Sleep Talk|p2a: Ursaring\n|move|p2a: Ursaring|Body Slam|p1a: Hoopa|[from] move: Sleep Talk\n|-immune|p1a: Hoopa\n|\n|upkeep\n|turn|11\n|inactive|Time left: 300 sec this turn | 300 sec total\n|\n|t:|1783549134\n|-terastallize|p2a: Ursaring|Ground\n|move|p1a: Hoopa|Focus Blast|p2a: Ursaring\n|-damage|p2a: Ursaring|19/288 slp\n|cant|p2a: Ursaring|slp\n|move|p2a: Ursaring|Sleep Talk|p2a: Ursaring\n|move|p2a: Ursaring|Body Slam|p1a: Hoopa|[from] move: Sleep Talk\n|-immune|p1a: Hoopa\n|\n|upkeep\n|turn|12\n|inactive|Time left: 300 sec this turn | 300 sec total\n|\n|t:|1783549136\n|move|p1a: Hoopa|Focus Blast|p2a: Ursaring\n|-damage|p2a: Ursaring|0 fnt\n|faint|p2a: Ursaring\n|\n|upkeep\n|inactive|Time left: 300 sec this turn | 300 sec total | 5 sec grace\n|\n|t:|1783549137\n|switch|p2a: Camerupt|Camerupt, L91, F|144/275\n|turn|13\n|inactive|Time left: 300 sec this turn | 300 sec total\n|\n|t:|1783549138\n|move|p1a: Hoopa|Focus Blast|p2a: Camerupt|[miss]\n|-miss|p1a: Hoopa|p2a: Camerupt\n|move|p2a: Camerupt|Earthquake|p1a: Hoopa\n|-damage|p1a: Hoopa|46/100\n|\n|-heal|p2a: Camerupt|161/275|[from] item: Leftovers\n|upkeep\n|turn|14\n|inactive|Time left: 300 sec this turn | 300 sec total\n|\n|t:|1783549139\n|move|p1a: Hoopa|Focus Blast|p2a: Camerupt|[miss]\n|-miss|p1a: Hoopa|p2a: Camerupt\n|move|p2a: Camerupt|Earthquake|p1a: Hoopa\n|-damage|p1a: Hoopa|0 fnt\n|faint|p1a: Hoopa\n|\n|-heal|p2a: Camerupt|178/275|[from] item: Leftovers\n|upkeep\n|\n|t:|1783549140\n|switch|p1a: Flamigo|Flamigo, L82, F|100/100\n|turn|15\n|inactive|Time left: 300 sec this turn | 300 sec total\n|\n|t:|1783549141\n|-terastallize|p1a: Flamigo|Fighting\n|move|p1a: Flamigo|Close Combat|p2a: Camerupt\n|-damage|p2a: Camerupt|0 fnt\n|-unboost|p1a: Flamigo|def|1\n|-unboost|p1a: Flamigo|spd|1\n|faint|p2a: Camerupt\n|\n|upkeep\n|inactive|Time left: 300 sec this turn | 300 sec total | 5 sec grace\n|\n|t:|1783549142\n|switch|p2a: Iron Boulder|Iron Boulder, L77|265/265\n|turn|16\n|inactive|Time left: 300 sec this turn | 300 sec total\n|\n|t:|1783549143\n|switch|p1a: Probopass|Probopass, L91, M|100/100\n|move|p2a: Iron Boulder|Zen Headbutt|p1a: Probopass\n|-resisted|p1a: Probopass\n|-crit|p1a: Probopass\n|-damage|p1a: Probopass|82/100\n|-damage|p2a: Iron Boulder|239/265|[from] item: Life Orb\n|\n|upkeep\n|turn|17\n|inactive|Time left: 300 sec this turn | 300 sec total\n|\n|t:|1783549144\n|switch|p1a: Flamigo|Flamigo, L82, F, tera:Fighting|100/100\n|move|p2a: Iron Boulder|Close Combat|p1a: Flamigo\n|-damage|p1a: Flamigo|56/100\n|-unboost|p2a: Iron Boulder|def|1\n|-unboost|p2a: Iron Boulder|spd|1\n|-damage|p2a: Iron Boulder|213/265|[from] item: Life Orb\n|\n|upkeep\n|turn|18\n|inactive|Time left: 300 sec this turn | 300 sec total\n|\n|t:|1783549145\n|move|p1a: Flamigo|Close Combat|p2a: Iron Boulder\n|-crit|p2a: Iron Boulder\n|-damage|p2a: Iron Boulder|0 fnt\n|-unboost|p1a: Flamigo|def|1\n|-unboost|p1a: Flamigo|spd|1\n|faint|p2a: Iron Boulder\n|-end|p2a: Iron Boulder|Quark Drive|[silent]\n|\n|upkeep\n|inactive|Time left: 300 sec this turn | 300 sec total | 5 sec grace\n|\n|t:|1783549146\n|switch|p2a: Luvdisc|Luvdisc, M|247/247\n|turn|19\n|inactive|Time left: 300 sec this turn | 300 sec total\n|\n|t:|1783549147\n|move|p1a: Flamigo|Close Combat|p2a: Luvdisc\n|-damage|p2a: Luvdisc|37/247\n|-unboost|p1a: Flamigo|def|1\n|-unboost|p1a: Flamigo|spd|1\n|move|p2a: Luvdisc|Substitute|p2a: Luvdisc\n|-fail|p2a: Luvdisc|move: Substitute|[weak]\n|\n|upkeep\n|turn|20\n|inactive|Time left: 300 sec this turn | 300 sec total\n|\n|t:|1783549148\n|move|p1a: Flamigo|Close Combat|p2a: Luvdisc\n|-damage|p2a: Luvdisc|0 fnt\n|-unboost|p1a: Flamigo|def|1\n|-unboost|p1a: Flamigo|spd|1\n|faint|p2a: Luvdisc\n|\n|win|p0x7984812", "uploadtime": 1783549148, "views": 0, "rating": 0, "private": 0, "password": null, "_winner": "p0x7984812", "_our_name": "p0y798f95e"}