{"id": "battle-gen9randombattle-2710", "formatid": "gen9randombattle", "format": "[Gen 9] Random Battle", "players": ["p0x27100350", "p0y27100c4c"], "log": "|init|battle\n|title|p0x27100350 vs. p0y27100c4c\n|j|\u2606p0x27100350\n|j|\u2606p0y27100c4c\n|t:|1783570257\n|gametype|singles\n|player|p1|p0x27100350|101|\n|player|p2|p0y27100c4c|169|\n|gen|9\n|tier|[Gen 9] Random Battle\n|rule|Species Clause: Limit one of each Pok\u00e9mon\n|rule|HP Percentage Mod: HP is shown in percentages\n|rule|Sleep Clause Mod: Limit one foe put to sleep\n|rule|Illusion Level Mod: Illusion disguises the Pok\u00e9mon's true level\n|\n|t:|1783570257\n|teamsize|p1|6\n|teamsize|p2|6\n|start\n|switch|p1a: Bellibolt|Bellibolt, L84, F|100/100\n|switch|p2a: Veluza|Veluza, L85, F|292/292\n|turn|1\n|inactive|Battle timer is ON: inactive players will automatically lose when time's up. (requested by p0y27100c4c)\n|inactive|p0x27100350 also wants the timer to be on.\n|\n|t:|1783570258\n|switch|p2a: Toxicroak|Toxicroak, L84, M|277/277\n|move|p1a: Bellibolt|Thunderbolt|p2a: Toxicroak\n|-damage|p2a: Toxicroak|156/277\n|\n|upkeep\n|turn|2\n|inactive|Time left: 300 sec this turn | 300 sec total\n|\n|t:|1783570259\n|move|p2a: Toxicroak|Swords Dance|p2a: Toxicroak\n|-boost|p2a: Toxicroak|atk|2\n|move|p1a: Bellibolt|Thunderbolt|p2a: Toxicroak\n|-damage|p2a: Toxicroak|29/277\n|\n|upkeep\n|turn|3\n|inactive|Time left: 300 sec this turn | 300 sec total\n|\n|t:|1783570260\n|switch|p1a: Flutter Mane|Flutter Mane, L74|100/100\n|move|p2a: Toxicroak|Close Combat|p1a: Flutter Mane\n|-immune|p1a: Flutter Mane\n|\n|upkeep\n|turn|4\n|inactive|Time left: 300 sec this turn | 300 sec total\n|\n|t:|1783570261\n|switch|p2a: Komala|Komala, L87, F|255/255\n|-ability|p2a: Komala|Comatose\n|move|p1a: Flutter Mane|Moonblast|p2a: Komala\n|-damage|p2a: Komala|158/255\n|\n|upkeep\n|turn|5\n|inactive|Time left: 300 sec this turn | 300 sec total\n|\n|t:|1783570261\n|move|p1a: Flutter Mane|Moonblast|p2a: Komala\n|-damage|p2a: Komala|61/255\n|-unboost|p2a: Komala|spa|1\n|move|p2a: Komala|Knock Off|p1a: Flutter Mane\n|-damage|p1a: Flutter Mane|35/100\n|-enditem|p1a: Flutter Mane|Choice Specs|[from] move: Knock Off|[of] p2a: Komala\n|\n|upkeep\n|turn|6\n|inactive|Time left: 300 sec this turn | 300 sec total\n|\n|t:|1783570262\n|switch|p2a: Empoleon|Empoleon, L84, M|278/278\n|move|p1a: Flutter Mane|Moonblast|p2a: Empoleon\n|-resisted|p2a: Empoleon\n|-damage|p2a: Empoleon|235/278\n|\n|-heal|p2a: Empoleon|252/278|[from] item: Leftovers\n|upkeep\n|turn|7\n|inactive|Time left: 300 sec this turn | 300 sec total\n|\n|t:|1783570263\n|move|p1a: Flutter Mane|Thunderbolt|p2a: Empoleon\n|-supereffective|p2a: Empoleon\n|-damage|p2a: Empoleon|124/278\n|move|p2a: Empoleon|Surf|p1a: Flutter Mane\n|-damage|p1a: Flutter Mane|0 fnt\n|faint|p1a: Flutter Mane\n|-end|p1a: Flutter Mane|Protosynthesis|[silent]\n|\n|-heal|p2a: Empoleon|141/278|[from] item: Leftovers\n|upkeep\n|\n|t:|1783570264\n|switch|p1a: Emboar|Emboar, L84, F|100/100\n|turn|8\n|inactive|Time left: 300 sec this turn | 300 sec total\n|\n|t:|1783570265\n|switch|p2a: Rayquaza|Rayquaza, L72|270/270\n|-ability|p2a: Rayquaza|Air Lock\n|move|p1a: Emboar|Flare Blitz|p2a: Rayquaza\n|-resisted|p2a: Rayquaza\n|-damage|p2a: Rayquaza|169/270\n|-damage|p1a: Emboar|90/100|[from] Recoil\n|\n|upkeep\n|turn|9\n|inactive|Time left: 300 sec this turn | 300 sec total\n|\n|t:|1783570266\n|switch|p1a: Bellibolt|Bellibolt, L84, F|100/100\n|move|p2a: Rayquaza|Dragon Ascent|p1a: Bellibolt\n|-resisted|p1a: Bellibolt\n|-damage|p1a: Bellibolt|79/100\n|-unboost|p2a: Rayquaza|def|1\n|-unboost|p2a: Rayquaza|spd|1\n|-start|p1a: Bellibolt|Charge|Dragon Ascent|[from] ability: Electromorphosis\n|\n|-heal|p1a: Bellibolt|85/100|[from] item: Leftovers\n|upkeep\n|turn|10\n|inactive|Time left: 300 sec this turn | 300 sec total\n|\n|t:|1783570267\n|move|p2a: Rayquaza|Earthquake|p1a: Bellibolt\n|-supereffective|p1a: Bellibolt\n|-damage|p1a: Bellibolt|36/100\n|-start|p1a: Bellibolt|Charge|Earthquake|[from] ability: Electromorphosis\n|move|p1a: Bellibolt|Thunderbolt|p2a: Rayquaza\n|-damage|p2a: Rayquaza|0 fnt\n|faint|p2a: Rayquaza\n|-end|p1a: Bellibolt|Charge|[silent]\n|\n|-heal|p1a: Bellibolt|42/100|[from] item: Leftovers\n|upkeep\n|inactive|Time left: 300 sec this turn | 300 sec total | 5 sec grace\n|\n|t:|1783570267\n|switch|p2a: Toxicroak|Toxicroak, L84, M|29/277\n|turn|11\n|inactive|Time left: 300 sec this turn | 300 sec total\n|\n|t:|1783570268\n|switch|p1a: Mewtwo|Mewtwo, L72|100/100\n|-ability|p1a: Mewtwo|Pressure\n|move|p2a: Toxicroak|Close Combat|p1a: Mewtwo\n|-resisted|p1a: Mewtwo\n|-damage|p1a: Mewtwo|67/100\n|-unboost|p2a: Toxicroak|def|1\n|-unboost|p2a: Toxicroak|spd|1\n|-damage|p2a: Toxicroak|2/277|[from] item: Life Orb\n|\n|upkeep\n|turn|12\n|inactive|Time left: 300 sec this turn | 300 sec total\n|\n|t:|1783570269\n|move|p1a: Mewtwo|Aura Sphere|p2a: Toxicroak\n|-resisted|p2a: Toxicroak\n|-damage|p2a: Toxicroak|0 fnt\n|faint|p2a: Toxicroak\n|-damage|p1a: Mewtwo|57/100|[from] item: Life Orb\n|\n|upkeep\n|inactive|Time left: 300 sec this turn | 300 sec total | 5 sec grace\n|\n|t:|1783570270\n|switch|p2a: Veluza|Veluza, L85, F|292/292\n|turn|13\n|inactive|Time left: 300 sec this turn | 300 sec total\n|\n|t:|1783570271\n|switch|p1a: Glalie|Glalie, L96, F|100/100\n|move|p2a: Veluza|Fillet Away|p2a: Veluza\n|-boost|p2a: Veluza|atk|2\n|-boost|p2a: Veluza|spa|2\n|-boost|p2a: Veluza|spe|2\n|-damage|p2a: Veluza|146/292\n|-enditem|p2a: Veluza|Sitrus Berry|[eat]\n|-heal|p2a: Veluza|219/292|[from] item: Sitrus Berry\n|\n|upkeep\n|turn|14\n|inactive|Time left: 300 sec this turn | 300 sec total\n|\n|t:|1783570272\n|move|p2a: Veluza|Psycho Cut|p1a: Glalie\n|-damage|p1a: Glalie|30/100\n|move|p1a: Glalie|Freeze-Dry|p2a: Veluza\n|-supereffective|p2a: Veluza\n|-damage|p2a: Veluza|3/292\n|\n|upkeep\n|turn|15\n|inactive|Time left: 300 sec this turn | 300 sec total\n|\n|t:|1783570273\n|move|p2a: Veluza|Psycho Cut|p1a: Glalie\n|-damage|p1a: Glalie|0 fnt\n|faint|p1a: Glalie\n|\n|upkeep\n|\n|t:|1783570274\n|switch|p1a: Emboar|Emboar, L84, F|90/100\n|turn|16\n|inactive|Time left: 300 sec this turn | 300 sec total\n|\n|t:|1783570275\n|move|p1a: Emboar|Sucker Punch|p2a: Veluza\n|-supereffective|p2a: Veluza\n|-damage|p2a: Veluza|0 fnt\n|faint|p2a: Veluza\n|\n|upkeep\n|inactive|Time left: 300 sec this turn | 300 sec total | 5 sec grace\n|\n|t:|1783570276\n|switch|p2a: Cinderace|Cinderace, L77, F|250/250\n|turn|17\n|inactive|Time left: 300 sec this turn | 300 sec total\n|\n|t:|1783570277\n|move|p2a: Cinderace|Pyro Ball|p1a: Emboar\n|-resisted|p1a: Emboar\n|-damage|p1a: Emboar|66/100\n|move|p1a: Emboar|Flare Blitz|p2a: Cinderace\n|-resisted|p2a: Cinderace\n|-damage|p2a: Cinderace|146/250\n|-damage|p1a: Emboar|55/100|[from] Recoil\n|\n|upkeep\n|turn|18\n|inactive|Time left: 300 sec this turn | 300 sec total\n|\n|t:|1783570278\n|move|p2a: Cinderace|Pyro Ball|p1a: Emboar\n|-resisted|p1a: Emboar\n|-damage|p1a: Emboar|32/100\n|move|p1a: Emboar|Close Combat|p2a: Cinderace\n|-damage|p2a: Cinderace|0 fnt\n|-unboost|p1a: Emboar|def|1\n|-unboost|p1a: Emboar|spd|1\n|faint|p2a: Cinderace\n|\n|upkeep\n|inactive|Time left: 300 sec this turn | 300 sec total | 5 sec grace\n|\n|t:|1783570280\n|switch|p2a: Komala|Komala, L87, F|61/255\n|-ability|p2a: Komala|Comatose\n|turn|19\n|inactive|Time left: 300 sec this turn | 300 sec total\n|\n|t:|1783570281\n|switch|p2a: Empoleon|Empoleon, L84, M|141/278\n|move|p1a: Emboar|Sucker Punch||[still]\n|-fail|p1a: Emboar\n|\n|-heal|p2a: Empoleon|158/278|[from] item: Leftovers\n|upkeep\n|turn|20\n|inactive|Time left: 300 sec this turn | 300 sec total\n|\n|t:|1783570282\n|move|p1a: Emboar|Flare Blitz|p2a: Empoleon\n|-damage|p2a: Empoleon|0 fnt\n|faint|p2a: Empoleon\n|-damage|p1a: Emboar|15/100|[from] Recoil\n|\n|upkeep\n|inactive|Time left: 300 sec this turn | 300 sec total | 5 sec grace\n|\n|t:|1783570282\n|switch|p2a: Komala|Komala, L87, F|61/255\n|-ability|p2a: Komala|Comatose\n|turn|21\n|inactive|Time left: 300 sec this turn | 300 sec total\n|\n|t:|1783570283\n|move|p1a: Emboar|Sucker Punch|p2a: Komala\n|-crit|p2a: Komala\n|-damage|p2a: Komala|0 fnt\n|faint|p2a: Komala\n|\n|win|p0x27100350", "uploadtime": 1783570283, "views": 0, "rating": 0, "private": 0, "password": null, "_winner": "p0x27100350", "_our_name": "p0y27100c4c"}