{"id": "battle-gen9randombattle-449", "formatid": "gen9randombattle", "format": "[Gen 9] Random Battle", "players": ["p0x4496d53", "p0y44994ea"], "log": "|init|battle\n|title|p0x4496d53 vs. p0y44994ea\n|j|\u2606p0x4496d53\n|j|\u2606p0y44994ea\n|t:|1783544988\n|gametype|singles\n|player|p1|p0x4496d53|102|\n|player|p2|p0y44994ea|102|\n|gen|9\n|tier|[Gen 9] Random Battle\n|rule|Species Clause: Limit one of each Pok\u00e9mon\n|rule|HP Percentage Mod: HP is shown in percentages\n|rule|Sleep Clause Mod: Limit one foe put to sleep\n|rule|Illusion Level Mod: Illusion disguises the Pok\u00e9mon's true level\n|\n|t:|1783544988\n|teamsize|p1|6\n|teamsize|p2|6\n|start\n|switch|p1a: Pachirisu|Pachirisu, L96, M|100/100\n|switch|p2a: Cetitan|Cetitan, L82, M|413/413\n|turn|1\n|inactive|Battle timer is ON: inactive players will automatically lose when time's up. (requested by p0x4496d53)\n|inactive|Time left: 300 sec this turn | 300 sec total | 60 sec grace\n|inactive|p0y44994ea also wants the timer to be on.\n|\n|t:|1783544989\n|move|p1a: Pachirisu|Super Fang|p2a: Cetitan\n|-damage|p2a: Cetitan|207/413\n|move|p2a: Cetitan|Icicle Crash|p1a: Pachirisu\n|-damage|p1a: Pachirisu|41/100\n|\n|upkeep\n|turn|2\n|inactive|Time left: 300 sec this turn | 300 sec total\n|\n|t:|1783544990\n|switch|p1a: Zamazenta|Zamazenta, L71|100/100\n|-ability|p1a: Zamazenta|Dauntless Shield|boost\n|-boost|p1a: Zamazenta|def|1\n|move|p2a: Cetitan|Icicle Crash|p1a: Zamazenta\n|-crit|p1a: Zamazenta\n|-damage|p1a: Zamazenta|13/100\n|\n|-heal|p1a: Zamazenta|19/100|[from] item: Leftovers\n|upkeep\n|turn|3\n|inactive|Time left: 300 sec this turn | 300 sec total\n|\n|t:|1783544992\n|switch|p2a: Gyarados|Gyarados, L79, F|280/280\n|-ability|p2a: Gyarados|Intimidate|boost\n|-unboost|p1a: Zamazenta|atk|1\n|move|p1a: Zamazenta|Body Press|p2a: Gyarados\n|-resisted|p2a: Gyarados\n|-damage|p2a: Gyarados|220/280\n|\n|-heal|p1a: Zamazenta|25/100|[from] item: Leftovers\n|upkeep\n|turn|4\n|inactive|Time left: 300 sec this turn | 300 sec total\n|\n|t:|1783544993\n|move|p1a: Zamazenta|Body Press|p2a: Gyarados\n|-resisted|p2a: Gyarados\n|-damage|p2a: Gyarados|164/280\n|move|p2a: Gyarados|Dragon Dance|p2a: Gyarados\n|-boost|p2a: Gyarados|atk|1\n|-boost|p2a: Gyarados|spe|1\n|\n|-heal|p1a: Zamazenta|32/100|[from] item: Leftovers\n|upkeep\n|turn|5\n|inactive|Time left: 300 sec this turn | 300 sec total\n|\n|t:|1783544994\n|switch|p1a: Rayquaza|Rayquaza, L72|100/100\n|-ability|p1a: Rayquaza|Air Lock\n|move|p2a: Gyarados|Waterfall|p1a: Rayquaza\n|-resisted|p1a: Rayquaza\n|-damage|p1a: Rayquaza|73/100\n|\n|upkeep\n|turn|6\n|inactive|Time left: 300 sec this turn | 300 sec total\n|\n|t:|1783544996\n|move|p2a: Gyarados|Stone Edge|p1a: Rayquaza\n|-supereffective|p1a: Rayquaza\n|-damage|p1a: Rayquaza|0 fnt\n|faint|p1a: Rayquaza\n|\n|upkeep\n|\n|t:|1783544997\n|switch|p1a: Hoopa|Hoopa, L85|100/100\n|turn|7\n|inactive|Time left: 300 sec this turn | 300 sec total\n|\n|t:|1783544998\n|move|p2a: Gyarados|Waterfall|p1a: Hoopa\n|-damage|p1a: Hoopa|32/100\n|move|p1a: Hoopa|Shadow Ball|p2a: Gyarados\n|-damage|p2a: Gyarados|44/280\n|\n|upkeep\n|turn|8\n|inactive|Time left: 300 sec this turn | 300 sec total\n|\n|t:|1783544999\n|move|p2a: Gyarados|Waterfall|p1a: Hoopa\n|-damage|p1a: Hoopa|0 fnt\n|faint|p1a: Hoopa\n|\n|upkeep\n|\n|t:|1783545000\n|switch|p1a: Excadrill|Excadrill, L79, F|100/100\n|-ability|p1a: Excadrill|Mold Breaker\n|turn|9\n|inactive|Time left: 300 sec this turn | 300 sec total\n|\n|t:|1783545001\n|-terastallize|p1a: Excadrill|Water\n|move|p2a: Gyarados|Waterfall|p1a: Excadrill\n|-resisted|p1a: Excadrill\n|-damage|p1a: Excadrill|69/100\n|move|p1a: Excadrill|Rapid Spin|p2a: Gyarados\n|-damage|p2a: Gyarados|0 fnt\n|-boost|p1a: Excadrill|spe|1\n|faint|p2a: Gyarados\n|\n|upkeep\n|inactive|Time left: 300 sec this turn | 300 sec total | 5 sec grace\n|\n|t:|1783545002\n|switch|p2a: Braviary|Braviary, L85, M|309/309\n|turn|10\n|inactive|Time left: 300 sec this turn | 300 sec total\n|\n|t:|1783545004\n|move|p1a: Excadrill|Iron Head|p2a: Braviary\n|-damage|p2a: Braviary|197/309\n|move|p2a: Braviary|Brave Bird|p1a: Excadrill\n|-damage|p1a: Excadrill|0 fnt\n|faint|p1a: Excadrill\n|-damage|p2a: Braviary|129/309|[from] Recoil\n|\n|upkeep\n|\n|t:|1783545005\n|switch|p1a: Moltres|Moltres, L81|100/100\n|turn|11\n|inactive|Time left: 300 sec this turn | 300 sec total\n|\n|t:|1783545006\n|switch|p2a: Mew|Mew, L82|298/298\n|move|p1a: Moltres|Fire Blast|p2a: Mew\n|-damage|p2a: Mew|163/298\n|\n|upkeep\n|turn|12\n|inactive|Time left: 300 sec this turn | 300 sec total\n|\n|t:|1783545007\n|move|p2a: Mew|Nasty Plot|p2a: Mew\n|-boost|p2a: Mew|spa|2\n|move|p1a: Moltres|Fire Blast|p2a: Mew\n|-damage|p2a: Mew|37/298\n|\n|upkeep\n|turn|13\n|inactive|Time left: 300 sec this turn | 300 sec total\n|\n|t:|1783545009\n|move|p2a: Mew|Psychic|p1a: Moltres\n|-damage|p1a: Moltres|2/100\n|-damage|p2a: Mew|8/298|[from] item: Life Orb\n|move|p1a: Moltres|Scorching Sands|p2a: Mew\n|-damage|p2a: Mew|0 fnt\n|faint|p2a: Mew\n|\n|upkeep\n|inactive|Time left: 300 sec this turn | 300 sec total | 5 sec grace\n|\n|t:|1783545011\n|switch|p2a: Cetitan|Cetitan, L82, M|207/413\n|turn|14\n|inactive|Time left: 300 sec this turn | 300 sec total\n|\n|t:|1783545012\n|move|p2a: Cetitan|Ice Shard|p1a: Moltres\n|-damage|p1a: Moltres|0 fnt\n|faint|p1a: Moltres\n|-damage|p2a: Cetitan|166/413|[from] item: Life Orb\n|\n|upkeep\n|\n|t:|1783545013\n|switch|p1a: Zamazenta|Zamazenta, L71|32/100\n|turn|15\n|inactive|Time left: 300 sec this turn | 300 sec total\n|\n|t:|1783545014\n|-terastallize|p2a: Cetitan|Water\n|move|p1a: Zamazenta|Body Press|p2a: Cetitan\n|-damage|p2a: Cetitan|72/413\n|move|p2a: Cetitan|Liquidation|p1a: Zamazenta\n|-damage|p1a: Zamazenta|0 fnt\n|faint|p1a: Zamazenta\n|\n|upkeep\n|\n|t:|1783545015\n|switch|p1a: Pachirisu|Pachirisu, L96, M|41/100\n|turn|16\n|inactive|Time left: 300 sec this turn | 300 sec total\n|\n|t:|1783545016\n|move|p1a: Pachirisu|Thunderbolt|p2a: Cetitan\n|-supereffective|p2a: Cetitan\n|-damage|p2a: Cetitan|0 fnt\n|faint|p2a: Cetitan\n|\n|upkeep\n|inactive|Time left: 300 sec this turn | 300 sec total | 5 sec grace\n|\n|t:|1783545017\n|switch|p2a: Weezing|Weezing-Galar, L86, M|252/252\n|turn|17\n|inactive|Time left: 300 sec this turn | 300 sec total\n|\n|t:|1783545018\n|move|p1a: Pachirisu|Nuzzle|p2a: Weezing\n|-damage|p2a: Weezing|240/252\n|-status|p2a: Weezing|par\n|move|p2a: Weezing|Gunk Shot|p1a: Pachirisu\n|-damage|p1a: Pachirisu|0 fnt\n|faint|p1a: Pachirisu\n|\n|win|p0y44994ea", "uploadtime": 1783545018, "views": 0, "rating": 0, "private": 0, "password": null, "_winner": "p0y44994ea", "_our_name": "p0y44994ea"}