{"id": "battle-gen9randombattle-2053", "formatid": "gen9randombattle", "format": "[Gen 9] Random Battle", "players": ["p0x2053bf15", "p0y20536d5f"], "log": "|init|battle\n|title|p0x2053bf15 vs. p0y20536d5f\n|j|\u2606p0x2053bf15\n|j|\u2606p0y20536d5f\n|t:|1783563007\n|gametype|singles\n|player|p1|p0x2053bf15|102|\n|player|p2|p0y20536d5f|265|\n|gen|9\n|tier|[Gen 9] Random Battle\n|rule|Species Clause: Limit one of each Pok\u00e9mon\n|rule|HP Percentage Mod: HP is shown in percentages\n|rule|Sleep Clause Mod: Limit one foe put to sleep\n|rule|Illusion Level Mod: Illusion disguises the Pok\u00e9mon's true level\n|\n|t:|1783563007\n|teamsize|p1|6\n|teamsize|p2|6\n|start\n|switch|p1a: Garganacl|Garganacl, L80, F|291/291\n|switch|p2a: Palossand|Palossand, L89, F|100/100\n|turn|1\n|inactive|Battle timer is ON: inactive players will automatically lose when time's up. (requested by p0x2053bf15)\n|inactive|p0y20536d5f also wants the timer to be on.\n|\n|t:|1783563008\n|move|p2a: Palossand|Earth Power|p1a: Garganacl\n|-supereffective|p1a: Garganacl\n|-damage|p1a: Garganacl|69/291\n|move|p1a: Garganacl|Stealth Rock|p2a: Palossand\n|-sidestart|p2: p0y20536d5f|move: Stealth Rock\n|\n|-heal|p1a: Garganacl|87/291|[from] item: Leftovers\n|upkeep\n|turn|2\n|inactive|Time left: 300 sec this turn | 300 sec total\n|\n|t:|1783563009\n|move|p1a: Garganacl|Protect|p1a: Garganacl\n|-singleturn|p1a: Garganacl|Protect\n|move|p2a: Palossand|Earth Power|p1a: Garganacl\n|-activate|p1a: Garganacl|move: Protect\n|\n|-heal|p1a: Garganacl|105/291|[from] item: Leftovers\n|upkeep\n|turn|3\n|inactive|Time left: 300 sec this turn | 300 sec total\n|\n|t:|1783563010\n|move|p1a: Garganacl|Protect|p1a: Garganacl\n|-singleturn|p1a: Garganacl|Protect\n|move|p2a: Palossand|Earth Power|p1a: Garganacl\n|-activate|p1a: Garganacl|move: Protect\n|\n|-heal|p1a: Garganacl|123/291|[from] item: Leftovers\n|upkeep\n|turn|4\n|inactive|Time left: 300 sec this turn | 300 sec total\n|\n|t:|1783563011\n|switch|p1a: Zamazenta|Zamazenta, L71|248/248\n|-ability|p1a: Zamazenta|Dauntless Shield|boost\n|-boost|p1a: Zamazenta|def|1\n|move|p2a: Palossand|Earth Power|p1a: Zamazenta\n|-damage|p1a: Zamazenta|136/248\n|\n|-heal|p1a: Zamazenta|151/248|[from] item: Leftovers\n|upkeep\n|turn|5\n|inactive|Time left: 300 sec this turn | 300 sec total\n|\n|t:|1783563013\n|move|p1a: Zamazenta|Iron Head|p2a: Palossand\n|-damage|p2a: Palossand|86/100\n|cant|p2a: Palossand|flinch\n|\n|-heal|p1a: Zamazenta|166/248|[from] item: Leftovers\n|-heal|p2a: Palossand|92/100|[from] item: Leftovers\n|upkeep\n|turn|6\n|inactive|Time left: 300 sec this turn | 300 sec total\n|\n|t:|1783563014\n|move|p1a: Zamazenta|Crunch|p2a: Palossand\n|-supereffective|p2a: Palossand\n|-damage|p2a: Palossand|68/100\n|move|p2a: Palossand|Earth Power|p1a: Zamazenta\n|-damage|p1a: Zamazenta|67/248\n|\n|-heal|p1a: Zamazenta|82/248|[from] item: Leftovers\n|-heal|p2a: Palossand|74/100|[from] item: Leftovers\n|upkeep\n|turn|7\n|inactive|Time left: 300 sec this turn | 300 sec total\n|\n|t:|1783563015\n|move|p1a: Zamazenta|Iron Head|p2a: Palossand\n|-damage|p2a: Palossand|60/100\n|move|p2a: Palossand|Earth Power|p1a: Zamazenta\n|-damage|p1a: Zamazenta|0 fnt\n|faint|p1a: Zamazenta\n|\n|-heal|p2a: Palossand|66/100|[from] item: Leftovers\n|upkeep\n|inactive|Time left: 300 sec this turn | 300 sec total | 5 sec grace\n|\n|t:|1783563016\n|switch|p1a: Spectrier|Spectrier, L75|274/274\n|turn|8\n|inactive|Time left: 300 sec this turn | 300 sec total\n|\n|t:|1783563017\n|-terastallize|p2a: Palossand|Poison\n|move|p1a: Spectrier|Shadow Ball|p2a: Palossand\n|-damage|p2a: Palossand|29/100\n|move|p2a: Palossand|Shadow Ball|p1a: Spectrier\n|-supereffective|p1a: Spectrier\n|-damage|p1a: Spectrier|38/274\n|-unboost|p1a: Spectrier|spd|1\n|\n|-heal|p1a: Spectrier|55/274|[from] item: Leftovers\n|-heal|p2a: Palossand|35/100|[from] item: Leftovers\n|upkeep\n|turn|9\n|inactive|Time left: 300 sec this turn | 300 sec total\n|\n|t:|1783563018\n|move|p1a: Spectrier|Shadow Ball|p2a: Palossand\n|-damage|p2a: Palossand|0 fnt\n|faint|p2a: Palossand\n|-ability|p1a: Spectrier|Grim Neigh|boost\n|-boost|p1a: Spectrier|spa|1\n|\n|-heal|p1a: Spectrier|72/274|[from] item: Leftovers\n|upkeep\n|\n|t:|1783563019\n|switch|p2a: Wigglytuff|Wigglytuff, L96, F|100/100\n|-damage|p2a: Wigglytuff|88/100|[from] Stealth Rock\n|turn|10\n|inactive|Time left: 300 sec this turn | 300 sec total\n|\n|t:|1783563020\n|switch|p1a: Okidogi|Okidogi, L77, M|262/262\n|move|p2a: Wigglytuff|Dazzling Gleam|p1a: Okidogi\n|-damage|p1a: Okidogi|142/262\n|\n|-heal|p1a: Okidogi|158/262|[from] item: Leftovers\n|-heal|p2a: Wigglytuff|94/100|[from] item: Leftovers\n|upkeep\n|turn|11\n|inactive|Time left: 300 sec this turn | 300 sec total\n|\n|t:|1783563021\n|move|p1a: Okidogi|Gunk Shot|p2a: Wigglytuff\n|-supereffective|p2a: Wigglytuff\n|-damage|p2a: Wigglytuff|8/100\n|move|p2a: Wigglytuff|Dazzling Gleam|p1a: Okidogi\n|-damage|p1a: Okidogi|56/262\n|\n|-heal|p1a: Okidogi|72/262|[from] item: Leftovers\n|-heal|p2a: Wigglytuff|14/100|[from] item: Leftovers\n|upkeep\n|turn|12\n|inactive|Time left: 300 sec this turn | 300 sec total\n|\n|t:|1783563022\n|move|p1a: Okidogi|Drain Punch|p2a: Wigglytuff\n|-damage|p2a: Wigglytuff|0 fnt\n|-heal|p1a: Okidogi|101/262|[from] drain|[of] p2a: Wigglytuff\n|faint|p2a: Wigglytuff\n|\n|-heal|p1a: Okidogi|117/262|[from] item: Leftovers\n|upkeep\n|\n|t:|1783563023\n|switch|p2a: Rotom|Rotom-Frost, L87|100/100\n|turn|13\n|inactive|Time left: 300 sec this turn | 300 sec total\n|\n|t:|1783563024\n|switch|p1a: Reshiram|Reshiram, L76|277/277\n|-ability|p1a: Reshiram|Turboblaze\n|move|p2a: Rotom|Thunderbolt|p1a: Reshiram\n|-resisted|p1a: Reshiram\n|-damage|p1a: Reshiram|227/277\n|\n|upkeep\n|turn|14\n|inactive|Time left: 300 sec this turn | 300 sec total\n|\n|t:|1783563025\n|switch|p2a: Palkia|Palkia, L75|100/100\n|-damage|p2a: Palkia|88/100|[from] Stealth Rock\n|-ability|p2a: Palkia|Pressure\n|move|p1a: Reshiram|Dragon Dance|p1a: Reshiram\n|-boost|p1a: Reshiram|atk|1\n|-boost|p1a: Reshiram|spe|1\n|\n|upkeep\n|turn|15\n|inactive|Time left: 300 sec this turn | 300 sec total\n|\n|t:|1783563026\n|switch|p2a: Torkoal|Torkoal, L88, M|100/100\n|-weather|SunnyDay|[from] ability: Drought|[of] p2a: Torkoal\n|move|p1a: Reshiram|Outrage|p2a: Torkoal\n|-crit|p2a: Torkoal\n|-damage|p2a: Torkoal|34/100\n|\n|-weather|SunnyDay|[upkeep]\n|upkeep\n|turn|16\n|inactive|Time left: 300 sec this turn | 300 sec total\n|\n|t:|1783563027\n|move|p1a: Reshiram|Outrage|p2a: Torkoal|[from] lockedmove\n|-damage|p2a: Torkoal|0 fnt\n|faint|p2a: Torkoal\n|\n|-weather|SunnyDay|[upkeep]\n|upkeep\n|\n|t:|1783563028\n|switch|p2a: Sunflora|Sunflora, F|100/100\n|-damage|p2a: Sunflora|88/100|[from] Stealth Rock\n|turn|17\n|inactive|Time left: 300 sec this turn | 300 sec total\n|\n|t:|1783563029\n|move|p1a: Reshiram|Outrage|p2a: Sunflora|[from] lockedmove\n|-damage|p2a: Sunflora|20/100\n|-start|p1a: Reshiram|confusion|[fatigue]\n|move|p2a: Sunflora|Earth Power|p1a: Reshiram\n|-supereffective|p1a: Reshiram\n|-damage|p1a: Reshiram|0 fnt\n|faint|p1a: Reshiram\n|\n|-weather|SunnyDay|[upkeep]\n|upkeep\n|inactive|Time left: 300 sec this turn | 300 sec total | 5 sec grace\n|\n|t:|1783563030\n|switch|p1a: Spectrier|Spectrier, L75|72/274\n|turn|18\n|inactive|Time left: 300 sec this turn | 300 sec total\n|\n|t:|1783563031\n|move|p1a: Spectrier|Shadow Ball|p2a: Sunflora\n|-damage|p2a: Sunflora|0 fnt\n|faint|p2a: Sunflora\n|-ability|p1a: Spectrier|Grim Neigh|boost\n|-boost|p1a: Spectrier|spa|1\n|\n|-weather|SunnyDay|[upkeep]\n|-heal|p1a: Spectrier|89/274|[from] item: Leftovers\n|upkeep\n|\n|t:|1783563032\n|switch|p2a: Rotom|Rotom-Frost, L87|100/100\n|turn|19\n|inactive|Time left: 300 sec this turn | 300 sec total\n|\n|t:|1783563033\n|move|p1a: Spectrier|Substitute|p1a: Spectrier\n|-start|p1a: Spectrier|Substitute\n|-damage|p1a: Spectrier|21/274\n|move|p2a: Rotom|Thunderbolt|p1a: Spectrier\n|-end|p1a: Spectrier|Substitute\n|\n|-weather|none\n|-heal|p1a: Spectrier|38/274|[from] item: Leftovers\n|upkeep\n|turn|20\n|inactive|Time left: 300 sec this turn | 300 sec total\n|\n|t:|1783563034\n|move|p1a: Spectrier|Shadow Ball|p2a: Rotom\n|-damage|p2a: Rotom|50/100\n|-unboost|p2a: Rotom|spd|1\n|move|p2a: Rotom|Thunderbolt|p1a: Spectrier\n|-damage|p1a: Spectrier|0 fnt\n|faint|p1a: Spectrier\n|\n|upkeep\n|inactive|Time left: 300 sec this turn | 300 sec total | 5 sec grace\n|\n|t:|1783563035\n|switch|p1a: Garganacl|Garganacl, L80, F|123/291\n|turn|21\n|inactive|Time left: 300 sec this turn | 300 sec total\n|\n|t:|1783563036\n|move|p2a: Rotom|Blizzard|p1a: Garganacl\n|-damage|p1a: Garganacl|0 fnt\n|faint|p1a: Garganacl\n|\n|upkeep\n|inactive|Time left: 300 sec this turn | 300 sec total | 5 sec grace\n|\n|t:|1783563037\n|switch|p1a: Okidogi|Okidogi, L77, M|117/262\n|turn|22\n|inactive|Time left: 300 sec this turn | 300 sec total\n|\n|t:|1783563038\n|move|p2a: Rotom|Thunderbolt|p1a: Okidogi\n|-damage|p1a: Okidogi|3/262\n|move|p1a: Okidogi|Drain Punch|p2a: Rotom\n|-supereffective|p2a: Rotom\n|-damage|p2a: Rotom|0 fnt\n|-heal|p1a: Okidogi|60/262|[from] drain|[of] p2a: Rotom\n|faint|p2a: Rotom\n|\n|-heal|p1a: Okidogi|76/262|[from] item: Leftovers\n|upkeep\n|\n|t:|1783563038\n|switch|p2a: Palkia|Palkia, L75|88/100\n|-damage|p2a: Palkia|76/100|[from] Stealth Rock\n|-ability|p2a: Palkia|Pressure\n|turn|23\n|inactive|Time left: 300 sec this turn | 300 sec total\n|\n|t:|1783563039\n|-terastallize|p1a: Okidogi|Dark\n|move|p2a: Palkia|Hydro Pump|p1a: Okidogi\n|-damage|p1a: Okidogi|0 fnt\n|faint|p1a: Okidogi\n|\n|upkeep\n|inactive|Time left: 300 sec this turn | 300 sec total | 5 sec grace\n|\n|t:|1783563040\n|switch|p1a: Glalie|Glalie, L96, F|309/309\n|turn|24\n|inactive|Time left: 300 sec this turn | 300 sec total\n|\n|t:|1783563041\n|move|p1a: Glalie|Freeze-Dry|p2a: Palkia\n|-supereffective|p2a: Palkia\n|-damage|p2a: Palkia|0 fnt\n|faint|p2a: Palkia\n|\n|win|p0x2053bf15", "uploadtime": 1783563041, "views": 0, "rating": 0, "private": 0, "password": null, "_winner": "p0x2053bf15", "_our_name": "p0x2053bf15"}