{"id": "battle-gen9randombattle-1008", "formatid": "gen9randombattle", "format": "[Gen 9] Random Battle", "players": ["p0x1008aac7", "p0y10083c02"], "log": "|init|battle\n|title|p0x1008aac7 vs. p0y10083c02\n|j|\u2606p0x1008aac7\n|j|\u2606p0y10083c02\n|t:|1783551596\n|gametype|singles\n|player|p1|p0x1008aac7|266|\n|player|p2|p0y10083c02|2|\n|gen|9\n|tier|[Gen 9] Random Battle\n|rule|Species Clause: Limit one of each Pok\u00e9mon\n|rule|HP Percentage Mod: HP is shown in percentages\n|rule|Sleep Clause Mod: Limit one foe put to sleep\n|rule|Illusion Level Mod: Illusion disguises the Pok\u00e9mon's true level\n|\n|t:|1783551596\n|teamsize|p1|6\n|teamsize|p2|6\n|start\n|switch|p1a: Deoxys|Deoxys-Attack, L72|191/191\n|switch|p2a: Drifblim|Drifblim, L86, F|100/100\n|-ability|p1a: Deoxys|Pressure\n|turn|1\n|inactive|Battle timer is ON: inactive players will automatically lose when time's up. (requested by p0y10083c02)\n|inactive|Time left: 300 sec this turn | 300 sec total | 60 sec grace\n|inactive|p0x1008aac7 also wants the timer to be on.\n|\n|t:|1783551598\n|switch|p1a: Eiscue|Eiscue, L88, M|274/274\n|move|p2a: Drifblim|Air Slash|p1a: Eiscue\n|-damage|p1a: Eiscue|201/274\n|\n|upkeep\n|turn|2\n|inactive|Time left: 300 sec this turn | 300 sec total\n|\n|t:|1783551599\n|move|p2a: Drifblim|Air Slash|p1a: Eiscue\n|-damage|p1a: Eiscue|125/274\n|-enditem|p1a: Eiscue|Sitrus Berry|[eat]\n|-heal|p1a: Eiscue|193/274|[from] item: Sitrus Berry\n|move|p1a: Eiscue|Ice Spinner|p2a: Drifblim\n|-supereffective|p2a: Drifblim\n|-damage|p2a: Drifblim|31/100\n|-enditem|p2a: Drifblim|Sitrus Berry|[eat]\n|-heal|p2a: Drifblim|56/100|[from] item: Sitrus Berry\n|\n|upkeep\n|turn|3\n|inactive|Time left: 300 sec this turn | 300 sec total\n|\n|t:|1783551600\n|move|p2a: Drifblim|Strength Sap|p1a: Eiscue\n|-unboost|p1a: Eiscue|atk|1\n|-heal|p2a: Drifblim|100/100\n|move|p1a: Eiscue|Ice Spinner|p2a: Drifblim\n|-supereffective|p2a: Drifblim\n|-damage|p2a: Drifblim|59/100\n|\n|upkeep\n|turn|4\n|inactive|Time left: 300 sec this turn | 300 sec total\n|\n|t:|1783551601\n|switch|p1a: Ursaluna|Ursaluna-Bloodmoon, L79, M|308/308\n|move|p2a: Drifblim|Strength Sap|p1a: Ursaluna\n|-unboost|p1a: Ursaluna|atk|1\n|-heal|p2a: Drifblim|88/100\n|\n|upkeep\n|turn|5\n|inactive|Time left: 300 sec this turn | 300 sec total\n|\n|t:|1783551602\n|move|p2a: Drifblim|Calm Mind|p2a: Drifblim\n|-boost|p2a: Drifblim|spa|1\n|-boost|p2a: Drifblim|spd|1\n|move|p1a: Ursaluna|Blood Moon|p2a: Drifblim\n|-damage|p2a: Drifblim|49/100\n|\n|upkeep\n|turn|6\n|inactive|Time left: 300 sec this turn | 300 sec total\n|\n|t:|1783551603\n|move|p2a: Drifblim|Strength Sap|p1a: Ursaluna\n|-unboost|p1a: Ursaluna|atk|1\n|-heal|p2a: Drifblim|68/100\n|move|p1a: Ursaluna|Calm Mind|p1a: Ursaluna\n|-boost|p1a: Ursaluna|spa|1\n|-boost|p1a: Ursaluna|spd|1\n|\n|upkeep\n|turn|7\n|inactive|Time left: 300 sec this turn | 300 sec total\n|\n|t:|1783551604\n|move|p2a: Drifblim|Calm Mind|p2a: Drifblim\n|-boost|p2a: Drifblim|spa|1\n|-boost|p2a: Drifblim|spd|1\n|move|p1a: Ursaluna|Blood Moon|p2a: Drifblim\n|-damage|p2a: Drifblim|25/100\n|\n|upkeep\n|turn|8\n|inactive|Time left: 300 sec this turn | 300 sec total\n|\n|t:|1783551605\n|move|p2a: Drifblim|Air Slash|p1a: Ursaluna\n|-damage|p1a: Ursaluna|167/308\n|move|p1a: Ursaluna|Calm Mind|p1a: Ursaluna\n|-boost|p1a: Ursaluna|spa|1\n|-boost|p1a: Ursaluna|spd|1\n|\n|-heal|p1a: Ursaluna|186/308|[from] item: Leftovers\n|upkeep\n|turn|9\n|inactive|Time left: 300 sec this turn | 300 sec total\n|\n|t:|1783551606\n|move|p2a: Drifblim|Air Slash|p1a: Ursaluna\n|-damage|p1a: Ursaluna|75/308\n|move|p1a: Ursaluna|Blood Moon|p2a: Drifblim\n|-damage|p2a: Drifblim|0 fnt\n|faint|p2a: Drifblim\n|\n|-heal|p1a: Ursaluna|94/308|[from] item: Leftovers\n|upkeep\n|\n|t:|1783551607\n|switch|p2a: Kingdra|Kingdra, L84, M|100/100\n|turn|10\n|inactive|Time left: 300 sec this turn | 300 sec total\n|\n|t:|1783551609\n|switch|p1a: Gurdurr|Gurdurr, L85, F|283/283\n|move|p2a: Kingdra|Outrage|p1a: Gurdurr\n|-damage|p1a: Gurdurr|193/283\n|\n|upkeep\n|turn|11\n|inactive|Time left: 300 sec this turn | 300 sec total\n|\n|t:|1783551610\n|move|p2a: Kingdra|Outrage|p1a: Gurdurr|[from] lockedmove\n|-damage|p1a: Gurdurr|114/283\n|-start|p2a: Kingdra|confusion|[fatigue]\n|-enditem|p2a: Kingdra|Lum Berry|[eat]\n|-end|p2a: Kingdra|confusion\n|move|p1a: Gurdurr|Bulk Up|p1a: Gurdurr\n|-boost|p1a: Gurdurr|atk|1\n|-boost|p1a: Gurdurr|def|1\n|\n|upkeep\n|turn|12\n|inactive|Time left: 300 sec this turn | 300 sec total\n|\n|t:|1783551610\n|switch|p2a: Mismagius|Mismagius, L86, F|100/100\n|move|p1a: Gurdurr|Drain Punch|p2a: Mismagius\n|-immune|p2a: Mismagius\n|\n|upkeep\n|turn|13\n|inactive|Time left: 300 sec this turn | 300 sec total\n|\n|t:|1783551612\n|move|p2a: Mismagius|Shadow Ball|p1a: Gurdurr\n|-damage|p1a: Gurdurr|0 fnt\n|faint|p1a: Gurdurr\n|-damage|p2a: Mismagius|91/100|[from] item: Life Orb\n|\n|upkeep\n|inactive|Time left: 300 sec this turn | 300 sec total | 5 sec grace\n|\n|t:|1783551613\n|switch|p1a: Indeedee|Indeedee-F, L90, F|272/272\n|-fieldstart|move: Psychic Terrain|[from] ability: Psychic Surge|[of] p1a: Indeedee\n|turn|14\n|inactive|Time left: 300 sec this turn | 300 sec total\n|\n|t:|1783551614\n|switch|p2a: Meganium|Meganium, L90, F|100/100\n|move|p1a: Indeedee|Psychic|p2a: Meganium\n|-damage|p2a: Meganium|56/100\n|\n|-heal|p2a: Meganium|62/100|[from] item: Leftovers\n|upkeep\n|turn|15\n|inactive|Time left: 300 sec this turn | 300 sec total\n|\n|t:|1783551615\n|move|p1a: Indeedee|Psychic|p2a: Meganium\n|-damage|p2a: Meganium|24/100\n|-unboost|p2a: Meganium|spd|1\n|move|p2a: Meganium|Knock Off|p1a: Indeedee\n|-supereffective|p1a: Indeedee\n|-damage|p1a: Indeedee|104/272\n|-enditem|p1a: Indeedee|Choice Scarf|[from] move: Knock Off|[of] p2a: Meganium\n|\n|-heal|p2a: Meganium|30/100|[from] item: Leftovers\n|upkeep\n|turn|16\n|inactive|Time left: 300 sec this turn | 300 sec total\n|\n|t:|1783551616\n|switch|p2a: Tornadus|Tornadus-Therian, L79, M|100/100\n|move|p1a: Indeedee|Psychic|p2a: Tornadus\n|-damage|p2a: Tornadus|60/100\n|\n|upkeep\n|turn|17\n|inactive|Time left: 300 sec this turn | 300 sec total\n|\n|t:|1783551617\n|move|p2a: Tornadus|U-turn|p1a: Indeedee\n|-supereffective|p1a: Indeedee\n|-damage|p1a: Indeedee|0 fnt\n|faint|p1a: Indeedee\n|\n|t:|1783551619\n|switch|p2a: Kingdra|Kingdra, L84, M|100/100|[from] U-turn\n|\n|upkeep\n|inactive|Time left: 300 sec this turn | 300 sec total | 10 sec grace\n|\n|t:|1783551620\n|switch|p1a: Eiscue|Eiscue, L88, M|193/274\n|turn|18\n|inactive|Time left: 300 sec this turn | 300 sec total\n|\n|t:|1783551621\n|move|p2a: Kingdra|Outrage|p1a: Eiscue\n|-activate|p1a: Eiscue|ability: Ice Face\n|-damage|p1a: Eiscue|193/274\n|detailschange|p1a: Eiscue|Eiscue-Noice, L88, M\n|move|p1a: Eiscue|Belly Drum|p1a: Eiscue\n|-damage|p1a: Eiscue|56/274\n|-setboost|p1a: Eiscue|atk|6|[from] move: Belly Drum\n|\n|-fieldend|move: Psychic Terrain\n|upkeep\n|turn|19\n|inactive|Time left: 300 sec this turn | 300 sec total\n|\n|t:|1783551622\n|-terastallize|p1a: Eiscue|Ground\n|move|p1a: Eiscue|Tera Blast|p2a: Kingdra|[anim] Tera Blast Ground\n|-damage|p2a: Kingdra|0 fnt\n|faint|p2a: Kingdra\n|\n|upkeep\n|\n|t:|1783551623\n|switch|p2a: Meganium|Meganium, L90, F|30/100\n|turn|20\n|inactive|Time left: 300 sec this turn | 300 sec total\n|\n|t:|1783551624\n|move|p1a: Eiscue|Ice Spinner|p2a: Meganium\n|-supereffective|p2a: Meganium\n|-damage|p2a: Meganium|0 fnt\n|faint|p2a: Meganium\n|\n|upkeep\n|\n|t:|1783551625\n|switch|p2a: Minun|Minun, L95, M|100/100\n|turn|21\n|inactive|Time left: 300 sec this turn | 300 sec total\n|\n|t:|1783551626\n|switch|p2a: Tornadus|Tornadus-Therian, L79, M|93/100\n|move|p1a: Eiscue|Ice Spinner|p2a: Tornadus\n|-supereffective|p2a: Tornadus\n|-damage|p2a: Tornadus|0 fnt\n|faint|p2a: Tornadus\n|\n|upkeep\n|\n|t:|1783551627\n|switch|p2a: Minun|Minun, L95, M|100/100\n|turn|22\n|inactive|Time left: 300 sec this turn | 300 sec total\n|\n|t:|1783551628\n|-terastallize|p2a: Minun|Electric\n|move|p1a: Eiscue|Ice Spinner|p2a: Minun\n|-damage|p2a: Minun|0 fnt\n|faint|p2a: Minun\n|\n|upkeep\n|\n|t:|1783551629\n|switch|p2a: Mismagius|Mismagius, L86, F|91/100\n|turn|23\n|inactive|Time left: 300 sec this turn | 300 sec total\n|\n|t:|1783551630\n|move|p1a: Eiscue|Liquidation|p2a: Mismagius\n|-damage|p2a: Mismagius|0 fnt\n|faint|p2a: Mismagius\n|\n|win|p0x1008aac7", "uploadtime": 1783551630, "views": 0, "rating": 0, "private": 0, "password": null, "_winner": "p0x1008aac7", "_our_name": "p0x1008aac7"}