{"id": "battle-gen9randombattle-1036", "formatid": "gen9randombattle", "format": "[Gen 9] Random Battle", "players": ["p0x103637f5", "p0y1036a58a"], "log": "|init|battle\n|title|p0x103637f5 vs. p0y1036a58a\n|j|\u2606p0x103637f5\n|j|\u2606p0y1036a58a\n|t:|1783551917\n|gametype|singles\n|player|p1|p0x103637f5|170|\n|player|p2|p0y1036a58a|102|\n|gen|9\n|tier|[Gen 9] Random Battle\n|rule|Species Clause: Limit one of each Pok\u00e9mon\n|rule|HP Percentage Mod: HP is shown in percentages\n|rule|Sleep Clause Mod: Limit one foe put to sleep\n|rule|Illusion Level Mod: Illusion disguises the Pok\u00e9mon's true level\n|\n|t:|1783551917\n|teamsize|p1|6\n|teamsize|p2|6\n|start\n|switch|p1a: Scream Tail|Scream Tail, L84|330/330\n|switch|p2a: Glimmora|Glimmora, L75, M|100/100\n|turn|1\n|inactive|Battle timer is ON: inactive players will automatically lose when time's up. (requested by p0y1036a58a)\n|inactive|Time left: 300 sec this turn | 300 sec total | 60 sec grace\n|inactive|p0x103637f5 also wants the timer to be on.\n|\n|t:|1783551919\n|move|p1a: Scream Tail|Protect|p1a: Scream Tail\n|-singleturn|p1a: Scream Tail|Protect\n|move|p2a: Glimmora|Meteor Beam||[still]\n|-prepare|p2a: Glimmora|Meteor Beam\n|-boost|p2a: Glimmora|spa|1\n|-enditem|p2a: Glimmora|Power Herb\n|-anim|p2a: Glimmora|Meteor Beam|p1a: Scream Tail\n|-activate|p1a: Scream Tail|move: Protect\n|\n|upkeep\n|turn|2\n|inactive|Time left: 300 sec this turn | 300 sec total\n|\n|t:|1783551920\n|move|p1a: Scream Tail|Thunder Wave|p2a: Glimmora\n|-status|p2a: Glimmora|par\n|move|p2a: Glimmora|Meteor Beam||[still]\n|-prepare|p2a: Glimmora|Meteor Beam\n|-boost|p2a: Glimmora|spa|1\n|\n|upkeep\n|turn|3\n|inactive|Time left: 300 sec this turn | 300 sec total\n|\n|t:|1783551921\n|move|p1a: Scream Tail|Wish|p1a: Scream Tail\n|cant|p2a: Glimmora|par\n|\n|upkeep\n|turn|4\n|inactive|Time left: 300 sec this turn | 300 sec total\n|\n|t:|1783551921\n|-end|p1a: Scream Tail|Protosynthesis|[silent]\n|switch|p1a: Falinks|Falinks, L84|246/246\n|move|p2a: Glimmora|Meteor Beam||[still]\n|-prepare|p2a: Glimmora|Meteor Beam\n|-boost|p2a: Glimmora|spa|1\n|\n|upkeep\n|turn|5\n|inactive|Time left: 300 sec this turn | 300 sec total\n|\n|t:|1783551923\n|move|p1a: Falinks|No Retreat|p1a: Falinks\n|-boost|p1a: Falinks|atk|1\n|-boost|p1a: Falinks|def|1\n|-boost|p1a: Falinks|spa|1\n|-boost|p1a: Falinks|spd|1\n|-boost|p1a: Falinks|spe|1\n|-start|p1a: Falinks|move: No Retreat\n|cant|p2a: Glimmora|par\n|\n|upkeep\n|turn|6\n|inactive|Time left: 300 sec this turn | 300 sec total\n|\n|t:|1783551924\n|-terastallize|p1a: Falinks|Steel\n|move|p1a: Falinks|Iron Head|p2a: Glimmora\n|-supereffective|p2a: Glimmora\n|-damage|p2a: Glimmora|0 fnt\n|-activate|p2a: Glimmora|ability: Toxic Debris\n|-sidestart|p1: p0x103637f5|move: Toxic Spikes\n|faint|p2a: Glimmora\n|-damage|p1a: Falinks|222/246|[from] item: Life Orb\n|\n|upkeep\n|\n|t:|1783551925\n|switch|p2a: Jumpluff|Jumpluff, L87, F|100/100\n|turn|7\n|inactive|Time left: 300 sec this turn | 300 sec total\n|\n|t:|1783551926\n|move|p1a: Falinks|Iron Head|p2a: Jumpluff\n|-damage|p2a: Jumpluff|27/100\n|-damage|p1a: Falinks|198/246|[from] item: Life Orb\n|move|p2a: Jumpluff|Sleep Powder|p1a: Falinks\n|-status|p1a: Falinks|slp|[from] move: Sleep Powder\n|\n|upkeep\n|turn|8\n|inactive|Time left: 300 sec this turn | 300 sec total\n|\n|t:|1783551927\n|switch|p2a: Hitmonlee|Hitmonlee, L85, M|100/100\n|cant|p1a: Falinks|slp\n|\n|upkeep\n|turn|9\n|inactive|Time left: 300 sec this turn | 300 sec total\n|\n|t:|1783551928\n|-curestatus|p1a: Falinks|slp|[msg]\n|move|p1a: Falinks|Iron Head|p2a: Hitmonlee\n|-damage|p2a: Hitmonlee|0 fnt\n|faint|p2a: Hitmonlee\n|-damage|p1a: Falinks|174/246|[from] item: Life Orb\n|\n|upkeep\n|\n|t:|1783551929\n|switch|p2a: Pikachu|Pikachu-Unova, L93, M|100/100\n|turn|10\n|inactive|Time left: 300 sec this turn | 300 sec total\n|\n|t:|1783551930\n|move|p2a: Pikachu|Fake Out|p1a: Falinks\n|-resisted|p1a: Falinks\n|-damage|p1a: Falinks|160/246\n|cant|p1a: Falinks|flinch\n|\n|upkeep\n|turn|11\n|inactive|Time left: 300 sec this turn | 300 sec total\n|\n|t:|1783551931\n|switch|p2a: Jumpluff|Jumpluff, L87, F|27/100\n|move|p1a: Falinks|Knock Off|p2a: Jumpluff\n|-damage|p2a: Jumpluff|0 fnt\n|faint|p2a: Jumpluff\n|-damage|p1a: Falinks|136/246|[from] item: Life Orb\n|\n|upkeep\n|\n|t:|1783551932\n|switch|p2a: Pikachu|Pikachu-Unova, L93, M|100/100\n|turn|12\n|inactive|Time left: 300 sec this turn | 300 sec total\n|\n|t:|1783551933\n|move|p2a: Pikachu|Fake Out|p1a: Falinks\n|-resisted|p1a: Falinks\n|-damage|p1a: Falinks|121/246\n|cant|p1a: Falinks|flinch\n|\n|upkeep\n|turn|13\n|inactive|Time left: 300 sec this turn | 300 sec total\n|\n|t:|1783551934\n|switch|p2a: Roaring Moon|Roaring Moon, L72|100/100\n|move|p1a: Falinks|Close Combat|p2a: Roaring Moon\n|-supereffective|p2a: Roaring Moon\n|-damage|p2a: Roaring Moon|0 fnt\n|-unboost|p1a: Falinks|def|1\n|-unboost|p1a: Falinks|spd|1\n|faint|p2a: Roaring Moon\n|-end|p2a: Roaring Moon|Protosynthesis|[silent]\n|-damage|p1a: Falinks|97/246|[from] item: Life Orb\n|\n|upkeep\n|\n|t:|1783551935\n|switch|p2a: Lilligant|Lilligant, L86, F|100/100\n|turn|14\n|inactive|Time left: 300 sec this turn | 300 sec total\n|\n|t:|1783551936\n|move|p1a: Falinks|Close Combat|p2a: Lilligant\n|-damage|p2a: Lilligant|0 fnt\n|-unboost|p1a: Falinks|def|1\n|-unboost|p1a: Falinks|spd|1\n|faint|p2a: Lilligant\n|-damage|p1a: Falinks|73/246|[from] item: Life Orb\n|\n|upkeep\n|\n|t:|1783551937\n|switch|p2a: Pikachu|Pikachu-Unova, L93, M|100/100\n|turn|15\n|inactive|Time left: 300 sec this turn | 300 sec total\n|\n|t:|1783551938\n|-terastallize|p2a: Pikachu|Water\n|move|p2a: Pikachu|Fake Out|p1a: Falinks\n|-resisted|p1a: Falinks\n|-damage|p1a: Falinks|40/246\n|cant|p1a: Falinks|flinch\n|\n|upkeep\n|turn|16\n|inactive|Time left: 300 sec this turn | 300 sec total\n|\n|t:|1783551938\n|move|p1a: Falinks|Close Combat|p2a: Pikachu\n|-damage|p2a: Pikachu|0 fnt\n|-unboost|p1a: Falinks|def|1\n|-unboost|p1a: Falinks|spd|1\n|faint|p2a: Pikachu\n|-damage|p1a: Falinks|16/246|[from] item: Life Orb\n|\n|win|p0x103637f5", "uploadtime": 1783551938, "views": 0, "rating": 0, "private": 0, "password": null, "_winner": "p0x103637f5", "_our_name": "p0x103637f5"}