{"id": "battle-gen9randombattle-118", "formatid": "gen9randombattle", "format": "[Gen 9] Random Battle", "players": ["p0x1184376", "p0y118c283"], "log": "|init|battle\n|title|p0x1184376 vs. p0y118c283\n|j|\u2606p0x1184376\n|j|\u2606p0y118c283\n|t:|1783535111\n|gametype|singles\n|player|p1|p0x1184376|266|\n|player|p2|p0y118c283|102|\n|gen|9\n|tier|[Gen 9] Random Battle\n|rule|Species Clause: Limit one of each Pok\u00e9mon\n|rule|HP Percentage Mod: HP is shown in percentages\n|rule|Sleep Clause Mod: Limit one foe put to sleep\n|rule|Illusion Level Mod: Illusion disguises the Pok\u00e9mon's true level\n|\n|t:|1783535111\n|teamsize|p1|6\n|teamsize|p2|6\n|start\n|switch|p1a: Rabsca|Rabsca, L91, M|284/284\n|switch|p2a: Poliwrath|Poliwrath, L88, M|100/100\n|turn|1\n|inactive|Battle timer is ON: inactive players will automatically lose when time's up. (requested by p0x1184376)\n|inactive|p0y118c283 also wants the timer to be on.\n|\n|t:|1783535113\n|move|p2a: Poliwrath|Liquidation|p1a: Rabsca\n|-damage|p1a: Rabsca|190/284\n|move|p1a: Rabsca|Psychic|p2a: Poliwrath\n|-supereffective|p2a: Poliwrath\n|-damage|p2a: Poliwrath|22/100\n|\n|-heal|p2a: Poliwrath|28/100|[from] item: Leftovers\n|upkeep\n|turn|2\n|inactive|Time left: 300 sec this turn | 300 sec total\n|\n|t:|1783535114\n|move|p2a: Poliwrath|Liquidation|p1a: Rabsca\n|-damage|p1a: Rabsca|90/284\n|move|p1a: Rabsca|Psychic|p2a: Poliwrath\n|-supereffective|p2a: Poliwrath\n|-damage|p2a: Poliwrath|0 fnt\n|faint|p2a: Poliwrath\n|\n|upkeep\n|\n|t:|1783535115\n|switch|p2a: Masquerain|Masquerain, L87, M|100/100\n|-ability|p2a: Masquerain|Intimidate|boost\n|-unboost|p1a: Rabsca|atk|1\n|turn|3\n|inactive|Time left: 300 sec this turn | 300 sec total\n|\n|t:|1783535116\n|move|p2a: Masquerain|Sticky Web|p1a: Rabsca\n|-sidestart|p1: p0x1184376|move: Sticky Web\n|move|p1a: Rabsca|Psychic|p2a: Masquerain\n|-crit|p2a: Masquerain\n|-damage|p2a: Masquerain|25/100\n|\n|upkeep\n|turn|4\n|inactive|Time left: 300 sec this turn | 300 sec total\n|\n|t:|1783535117\n|switch|p1a: Articuno|Articuno, L86|295/295\n|-ability|p1a: Articuno|Pressure\n|move|p2a: Masquerain|Hurricane|p1a: Articuno\n|-damage|p1a: Articuno|195/295\n|\n|upkeep\n|turn|5\n|inactive|Time left: 300 sec this turn | 300 sec total\n|\n|t:|1783535118\n|switch|p2a: Deoxys|Deoxys-Defense, L84|100/100\n|-ability|p2a: Deoxys|Pressure\n|move|p1a: Articuno|Freeze-Dry|p2a: Deoxys\n|-damage|p2a: Deoxys|79/100\n|\n|upkeep\n|turn|6\n|inactive|Time left: 300 sec this turn | 300 sec total\n|\n|t:|1783535120\n|move|p2a: Deoxys|Psychic Noise|p1a: Articuno\n|-damage|p1a: Articuno|150/295\n|-start|p1a: Articuno|move: Heal Block\n|cant|p1a: Articuno|move: Heal Block|Roost\n|\n|upkeep\n|turn|7\n|inactive|Time left: 300 sec this turn | 300 sec total\n|\n|t:|1783535121\n|move|p2a: Deoxys|Knock Off|p1a: Articuno\n|-damage|p1a: Articuno|102/295\n|-enditem|p1a: Articuno|Heavy-Duty Boots|[from] move: Knock Off|[of] p2a: Deoxys\n|move|p1a: Articuno|Freeze-Dry|p2a: Deoxys\n|-crit|p2a: Deoxys\n|-damage|p2a: Deoxys|46/100\n|\n|-end|p1a: Articuno|move: Heal Block\n|upkeep\n|turn|8\n|inactive|Time left: 300 sec this turn | 300 sec total\n|\n|t:|1783535122\n|move|p2a: Deoxys|Recover|p2a: Deoxys\n|-heal|p2a: Deoxys|96/100\n|move|p1a: Articuno|Roost|p1a: Articuno\n|-heal|p1a: Articuno|250/295\n|-singleturn|p1a: Articuno|move: Roost\n|\n|upkeep\n|turn|9\n|inactive|Time left: 300 sec this turn | 300 sec total\n|\n|t:|1783535123\n|move|p2a: Deoxys|Spikes|p1a: Articuno\n|-sidestart|p1: p0x1184376|Spikes\n|move|p1a: Articuno|Freeze-Dry|p2a: Deoxys\n|-damage|p2a: Deoxys|75/100\n|\n|upkeep\n|turn|10\n|inactive|Time left: 300 sec this turn | 300 sec total\n|\n|t:|1783535124\n|move|p2a: Deoxys|Spikes|p1a: Articuno\n|-sidestart|p1: p0x1184376|Spikes\n|move|p1a: Articuno|Freeze-Dry|p2a: Deoxys\n|-crit|p2a: Deoxys\n|-damage|p2a: Deoxys|45/100\n|\n|upkeep\n|turn|11\n|inactive|Time left: 300 sec this turn | 300 sec total\n|\n|t:|1783535125\n|move|p2a: Deoxys|Recover|p2a: Deoxys\n|-heal|p2a: Deoxys|96/100\n|move|p1a: Articuno|Freeze-Dry|p2a: Deoxys\n|-damage|p2a: Deoxys|74/100\n|\n|upkeep\n|turn|12\n|inactive|Time left: 300 sec this turn | 300 sec total\n|\n|t:|1783535126\n|move|p2a: Deoxys|Psychic Noise|p1a: Articuno\n|-damage|p1a: Articuno|199/295\n|-start|p1a: Articuno|move: Heal Block\n|move|p1a: Articuno|Freeze-Dry|p2a: Deoxys\n|-crit|p2a: Deoxys\n|-damage|p2a: Deoxys|43/100\n|\n|upkeep\n|turn|13\n|inactive|Time left: 300 sec this turn | 300 sec total\n|\n|t:|1783535127\n|move|p2a: Deoxys|Recover|p2a: Deoxys\n|-heal|p2a: Deoxys|94/100\n|move|p1a: Articuno|Freeze-Dry|p2a: Deoxys\n|-damage|p2a: Deoxys|73/100\n|\n|-end|p1a: Articuno|move: Heal Block\n|upkeep\n|turn|14\n|inactive|Time left: 300 sec this turn | 300 sec total\n|\n|t:|1783535127\n|move|p2a: Deoxys|Psychic Noise|p1a: Articuno\n|-damage|p1a: Articuno|153/295\n|-start|p1a: Articuno|move: Heal Block\n|move|p1a: Articuno|Freeze-Dry|p2a: Deoxys\n|-damage|p2a: Deoxys|52/100\n|\n|upkeep\n|turn|15\n|inactive|Time left: 300 sec this turn | 300 sec total\n|\n|t:|1783535128\n|move|p2a: Deoxys|Recover|p2a: Deoxys\n|-heal|p2a: Deoxys|100/100\n|move|p1a: Articuno|Freeze-Dry|p2a: Deoxys\n|-damage|p2a: Deoxys|80/100\n|\n|-end|p1a: Articuno|move: Heal Block\n|upkeep\n|turn|16\n|inactive|Time left: 300 sec this turn | 300 sec total\n|\n|t:|1783535129\n|move|p2a: Deoxys|Psychic Noise|p1a: Articuno\n|-damage|p1a: Articuno|102/295\n|-start|p1a: Articuno|move: Heal Block\n|move|p1a: Articuno|Freeze-Dry|p2a: Deoxys\n|-damage|p2a: Deoxys|58/100\n|\n|upkeep\n|turn|17\n|inactive|Time left: 300 sec this turn | 300 sec total\n|\n|t:|1783535130\n|move|p2a: Deoxys|Recover|p2a: Deoxys\n|-heal|p2a: Deoxys|100/100\n|move|p1a: Articuno|Freeze-Dry|p2a: Deoxys\n|-crit|p2a: Deoxys\n|-damage|p2a: Deoxys|68/100\n|\n|-end|p1a: Articuno|move: Heal Block\n|upkeep\n|turn|18\n|inactive|Time left: 300 sec this turn | 300 sec total\n|\n|t:|1783535131\n|move|p2a: Deoxys|Psychic Noise|p1a: Articuno\n|-damage|p1a: Articuno|57/295\n|-start|p1a: Articuno|move: Heal Block\n|move|p1a: Articuno|Freeze-Dry|p2a: Deoxys\n|-damage|p2a: Deoxys|48/100\n|\n|upkeep\n|turn|19\n|inactive|Time left: 300 sec this turn | 300 sec total\n|\n|t:|1783535132\n|move|p2a: Deoxys|Recover|p2a: Deoxys\n|-heal|p2a: Deoxys|99/100\n|move|p1a: Articuno|Freeze-Dry|p2a: Deoxys\n|-damage|p2a: Deoxys|77/100\n|\n|-end|p1a: Articuno|move: Heal Block\n|upkeep\n|turn|20\n|inactive|Time left: 300 sec this turn | 300 sec total\n|\n|t:|1783535132\n|move|p2a: Deoxys|Psychic Noise|p1a: Articuno\n|-damage|p1a: Articuno|6/295\n|-start|p1a: Articuno|move: Heal Block\n|move|p1a: Articuno|Freeze-Dry|p2a: Deoxys\n|-damage|p2a: Deoxys|54/100\n|\n|upkeep\n|turn|21\n|inactive|Time left: 300 sec this turn | 300 sec total\n|\n|t:|1783535134\n|move|p2a: Deoxys|Knock Off|p1a: Articuno\n|-damage|p1a: Articuno|0 fnt\n|faint|p1a: Articuno\n|\n|upkeep\n|inactive|Time left: 300 sec this turn | 300 sec total | 5 sec grace\n|\n|t:|1783535135\n|switch|p1a: Galvantula|Galvantula, L82, M|249/249\n|turn|22\n|inactive|Time left: 300 sec this turn | 300 sec total\n|\n|t:|1783535136\n|move|p1a: Galvantula|Sticky Web|p2a: Deoxys\n|-sidestart|p2: p0y118c283|move: Sticky Web\n|move|p2a: Deoxys|Knock Off|p1a: Galvantula\n|-damage|p1a: Galvantula|178/249\n|-enditem|p1a: Galvantula|Heavy-Duty Boots|[from] move: Knock Off|[of] p2a: Deoxys\n|\n|upkeep\n|turn|23\n|inactive|Time left: 300 sec this turn | 300 sec total\n|\n|t:|1783535137\n|move|p1a: Galvantula|Bug Buzz|p2a: Deoxys\n|-supereffective|p2a: Deoxys\n|-damage|p2a: Deoxys|4/100\n|move|p2a: Deoxys|Recover|p2a: Deoxys\n|-heal|p2a: Deoxys|54/100\n|\n|upkeep\n|turn|24\n|inactive|Time left: 300 sec this turn | 300 sec total\n|\n|t:|1783535138\n|switch|p2a: Dragonite|Dragonite, L74, M|100/100\n|move|p1a: Galvantula|Bug Buzz|p2a: Dragonite\n|-resisted|p2a: Dragonite\n|-damage|p2a: Dragonite|92/100\n|\n|upkeep\n|turn|25\n|inactive|Time left: 300 sec this turn | 300 sec total\n|\n|t:|1783535139\n|move|p1a: Galvantula|Thunder|p2a: Dragonite|[miss]\n|-miss|p1a: Galvantula|p2a: Dragonite\n|move|p2a: Dragonite|Dragon Dance|p2a: Dragonite\n|-boost|p2a: Dragonite|atk|1\n|-boost|p2a: Dragonite|spe|1\n|\n|upkeep\n|turn|26\n|inactive|Time left: 300 sec this turn | 300 sec total\n|\n|t:|1783535140\n|move|p2a: Dragonite|Outrage|p1a: Galvantula\n|-damage|p1a: Galvantula|0 fnt\n|faint|p1a: Galvantula\n|\n|upkeep\n|inactive|Time left: 300 sec this turn | 300 sec total | 5 sec grace\n|\n|t:|1783535141\n|switch|p1a: Terrakion|Terrakion, L79|273/273\n|-activate|p1a: Terrakion|move: Sticky Web\n|-unboost|p1a: Terrakion|spe|1\n|-damage|p1a: Terrakion|228/273|[from] Spikes\n|turn|27\n|inactive|Time left: 300 sec this turn | 300 sec total\n|\n|t:|1783535143\n|move|p2a: Dragonite|Outrage|p1a: Terrakion|[from] lockedmove\n|-damage|p1a: Terrakion|21/273\n|move|p1a: Terrakion|Stone Edge|p2a: Dragonite\n|-supereffective|p2a: Dragonite\n|-damage|p2a: Dragonite|0 fnt\n|faint|p2a: Dragonite\n|\n|upkeep\n|\n|t:|1783535143\n|switch|p2a: Great Tusk|Great Tusk, L77|100/100\n|-activate|p2a: Great Tusk|move: Sticky Web\n|-unboost|p2a: Great Tusk|spe|1\n|turn|28\n|inactive|Time left: 300 sec this turn | 300 sec total\n|\n|t:|1783535144\n|move|p1a: Terrakion|Stone Edge|p2a: Great Tusk\n|-resisted|p2a: Great Tusk\n|-damage|p2a: Great Tusk|89/100\n|move|p2a: Great Tusk|Stone Edge|p1a: Terrakion\n|-resisted|p1a: Terrakion\n|-damage|p1a: Terrakion|0 fnt\n|faint|p1a: Terrakion\n|\n|-heal|p2a: Great Tusk|95/100|[from] item: Leftovers\n|upkeep\n|inactive|Time left: 300 sec this turn | 300 sec total | 5 sec grace\n|\n|t:|1783535146\n|switch|p1a: Rabsca|Rabsca, L91, M|90/284\n|turn|29\n|inactive|Time left: 300 sec this turn | 300 sec total\n|\n|t:|1783535147\n|-terastallize|p2a: Great Tusk|Steel\n|move|p1a: Rabsca|Psychic|p2a: Great Tusk\n|-resisted|p2a: Great Tusk\n|-damage|p2a: Great Tusk|62/100\n|move|p2a: Great Tusk|Stone Edge|p1a: Rabsca\n|-supereffective|p1a: Rabsca\n|-damage|p1a: Rabsca|0 fnt\n|faint|p1a: Rabsca\n|\n|-heal|p2a: Great Tusk|68/100|[from] item: Leftovers\n|upkeep\n|inactive|Time left: 300 sec this turn | 300 sec total | 5 sec grace\n|\n|t:|1783535148\n|switch|p1a: Grumpig|Grumpig, L92, F|297/297\n|-activate|p1a: Grumpig|move: Sticky Web\n|-unboost|p1a: Grumpig|spe|1\n|-damage|p1a: Grumpig|248/297|[from] Spikes\n|turn|30\n|inactive|Time left: 300 sec this turn | 300 sec total\n|\n|t:|1783535149\n|move|p1a: Grumpig|Nasty Plot|p1a: Grumpig\n|-boost|p1a: Grumpig|spa|2\n|move|p2a: Great Tusk|Earthquake|p1a: Grumpig\n|-damage|p1a: Grumpig|113/297\n|\n|-heal|p1a: Grumpig|131/297|[from] item: Leftovers\n|-heal|p2a: Great Tusk|75/100|[from] item: Leftovers\n|upkeep\n|turn|31\n|inactive|Time left: 300 sec this turn | 300 sec total\n|\n|t:|1783535150\n|move|p1a: Grumpig|Focus Blast|p2a: Great Tusk\n|-supereffective|p2a: Great Tusk\n|-damage|p2a: Great Tusk|0 fnt\n|faint|p2a: Great Tusk\n|-end|p2a: Great Tusk|Protosynthesis|[silent]\n|\n|-heal|p1a: Grumpig|149/297|[from] item: Leftovers\n|upkeep\n|\n|t:|1783535151\n|switch|p2a: Maushold|Maushold, L76|100/100\n|-activate|p2a: Maushold|move: Sticky Web\n|-unboost|p2a: Maushold|spe|1\n|turn|32\n|inactive|Time left: 300 sec this turn | 300 sec total\n|\n|t:|1783535152\n|move|p2a: Maushold|Population Bomb|p1a: Grumpig\n|-crit|p1a: Grumpig\n|-damage|p1a: Grumpig|113/297\n|-damage|p1a: Grumpig|88/297\n|-damage|p1a: Grumpig|61/297\n|-damage|p1a: Grumpig|34/297\n|-damage|p1a: Grumpig|7/297\n|-damage|p1a: Grumpig|0 fnt\n|faint|p1a: Grumpig\n|-hitcount|p1: Grumpig|6\n|\n|upkeep\n|inactive|Time left: 300 sec this turn | 300 sec total | 5 sec grace\n|\n|t:|1783535153\n|switch|p1a: Pikachu|Pikachu-Original, L93, M|216/216\n|-activate|p1a: Pikachu|move: Sticky Web\n|-unboost|p1a: Pikachu|spe|1\n|-damage|p1a: Pikachu|180/216|[from] Spikes\n|turn|33\n|inactive|Time left: 300 sec this turn | 300 sec total\n|\n|t:|1783535154\n|-terastallize|p1a: Pikachu|Water\n|move|p1a: Pikachu|Volt Tackle|p2a: Maushold\n|-damage|p2a: Maushold|0 fnt\n|faint|p2a: Maushold\n|-damage|p1a: Pikachu|101/216|[from] Recoil\n|\n|upkeep\n|\n|t:|1783535155\n|switch|p2a: Masquerain|Masquerain, L87, M|25/100\n|-ability|p2a: Masquerain|Intimidate|boost\n|-unboost|p1a: Pikachu|atk|1\n|turn|34\n|inactive|Time left: 300 sec this turn | 300 sec total\n|\n|t:|1783535156\n|move|p2a: Masquerain|Hydro Pump|p1a: Pikachu\n|-resisted|p1a: Pikachu\n|-damage|p1a: Pikachu|47/216\n|move|p1a: Pikachu|Surf|p2a: Masquerain\n|-damage|p2a: Masquerain|0 fnt\n|faint|p2a: Masquerain\n|\n|upkeep\n|\n|t:|1783535157\n|switch|p2a: Deoxys|Deoxys-Defense, L84|54/100\n|-activate|p2a: Deoxys|move: Sticky Web\n|-unboost|p2a: Deoxys|spe|1\n|-ability|p2a: Deoxys|Pressure\n|turn|35\n|inactive|Time left: 300 sec this turn | 300 sec total\n|\n|t:|1783535157\n|move|p1a: Pikachu|Surf|p2a: Deoxys\n|-damage|p2a: Deoxys|10/100\n|move|p2a: Deoxys|Psychic Noise|p1a: Pikachu\n|-damage|p1a: Pikachu|0 fnt\n|faint|p1a: Pikachu\n|\n|win|p0y118c283", "uploadtime": 1783535157, "views": 0, "rating": 0, "private": 0, "password": null, "_winner": "p0y118c283", "_our_name": "p0x1184376"}