{"id": "battle-gen9randombattle-2693", "formatid": "gen9randombattle", "format": "[Gen 9] Random Battle", "players": ["p0x26939039", "p0y2693aaf2"], "log": "|init|battle\n|title|p0x26939039 vs. p0y2693aaf2\n|j|\u2606p0x26939039\n|j|\u2606p0y2693aaf2\n|t:|1783571061\n|gametype|singles\n|player|p1|p0x26939039|102|\n|player|p2|p0y2693aaf2|2|\n|gen|9\n|tier|[Gen 9] Random Battle\n|rule|Species Clause: Limit one of each Pok\u00e9mon\n|rule|HP Percentage Mod: HP is shown in percentages\n|rule|Sleep Clause Mod: Limit one foe put to sleep\n|rule|Illusion Level Mod: Illusion disguises the Pok\u00e9mon's true level\n|\n|t:|1783571061\n|teamsize|p1|6\n|teamsize|p2|6\n|start\n|switch|p1a: Feraligatr|Feraligatr, L79, F|264/264\n|switch|p2a: Qwilfish|Qwilfish-Hisui, L83, F|100/100\n|-ability|p2a: Qwilfish|Intimidate|boost\n|-unboost|p1a: Feraligatr|atk|1\n|turn|1\n|inactive|Battle timer is ON: inactive players will automatically lose when time's up. (requested by p0x26939039)\n|inactive|p0y2693aaf2 also wants the timer to be on.\n|\n|t:|1783571063\n|move|p2a: Qwilfish|Gunk Shot|p1a: Feraligatr\n|-damage|p1a: Feraligatr|143/264\n|move|p1a: Feraligatr|Dragon Dance|p1a: Feraligatr\n|-boost|p1a: Feraligatr|atk|1\n|-boost|p1a: Feraligatr|spe|1\n|\n|upkeep\n|turn|2\n|inactive|Time left: 300 sec this turn | 300 sec total\n|\n|t:|1783571064\n|move|p1a: Feraligatr|Liquidation|p2a: Qwilfish\n|-damage|p2a: Qwilfish|57/100\n|move|p2a: Qwilfish|Gunk Shot|p1a: Feraligatr\n|-damage|p1a: Feraligatr|25/264\n|\n|upkeep\n|turn|3\n|inactive|Time left: 300 sec this turn | 300 sec total\n|\n|t:|1783571065\n|switch|p1a: Crabominable|Crabominable, L90, F|321/321\n|move|p2a: Qwilfish|Spikes|p1a: Crabominable\n|-sidestart|p1: p0x26939039|Spikes\n|\n|upkeep\n|turn|4\n|inactive|Time left: 300 sec this turn | 300 sec total\n|\n|t:|1783571066\n|switch|p2a: Mimikyu|Mimikyu, L79, M|100/100\n|move|p1a: Crabominable|Earthquake|p2a: Mimikyu\n|-activate|p2a: Mimikyu|ability: Disguise\n|-damage|p2a: Mimikyu|100/100\n|detailschange|p2a: Mimikyu|Mimikyu-Busted, L79, M\n|-damage|p2a: Mimikyu|88/100|[from] pokemon: Mimikyu-Busted\n|\n|upkeep\n|turn|5\n|inactive|Time left: 300 sec this turn | 300 sec total\n|\n|t:|1783571067\n|move|p2a: Mimikyu|Play Rough|p1a: Crabominable\n|-supereffective|p1a: Crabominable\n|-damage|p1a: Crabominable|123/321\n|-damage|p2a: Mimikyu|78/100|[from] item: Life Orb\n|move|p1a: Crabominable|Ice Hammer|p2a: Mimikyu\n|-damage|p2a: Mimikyu|0 fnt\n|-unboost|p1a: Crabominable|spe|1\n|faint|p2a: Mimikyu\n|\n|upkeep\n|\n|t:|1783571068\n|switch|p2a: Enamorus|Enamorus, L79, F|100/100\n|turn|6\n|inactive|Time left: 300 sec this turn | 300 sec total\n|\n|t:|1783571069\n|-terastallize|p1a: Crabominable|Water\n|move|p2a: Enamorus|Superpower|p1a: Crabominable\n|-damage|p1a: Crabominable|32/321\n|-boost|p2a: Enamorus|atk|1\n|-boost|p2a: Enamorus|def|1\n|move|p1a: Crabominable|Ice Hammer|p2a: Enamorus\n|-supereffective|p2a: Enamorus\n|-damage|p2a: Enamorus|0 fnt\n|-unboost|p1a: Crabominable|spe|1\n|faint|p2a: Enamorus\n|\n|upkeep\n|\n|t:|1783571071\n|switch|p2a: Greedent|Greedent, L86, F|100/100\n|turn|7\n|inactive|Time left: 300 sec this turn | 300 sec total\n|\n|t:|1783571072\n|move|p2a: Greedent|Double-Edge|p1a: Crabominable\n|-damage|p1a: Crabominable|0 fnt\n|faint|p1a: Crabominable\n|-damage|p2a: Greedent|97/100|[from] Recoil\n|\n|upkeep\n|inactive|Time left: 300 sec this turn | 300 sec total | 5 sec grace\n|\n|t:|1783571073\n|switch|p1a: Camerupt|Camerupt, L91, M|275/275\n|-damage|p1a: Camerupt|241/275|[from] Spikes\n|turn|8\n|inactive|Time left: 300 sec this turn | 300 sec total\n|\n|t:|1783571074\n|move|p1a: Camerupt|Will-O-Wisp|p2a: Greedent\n|-status|p2a: Greedent|brn\n|move|p2a: Greedent|Swords Dance|p2a: Greedent\n|-boost|p2a: Greedent|atk|2\n|\n|-heal|p1a: Camerupt|258/275|[from] item: Leftovers\n|-damage|p2a: Greedent|91/100 brn|[from] brn\n|upkeep\n|turn|9\n|inactive|Time left: 300 sec this turn | 300 sec total\n|\n|t:|1783571075\n|move|p1a: Camerupt|Stealth Rock|p2a: Greedent\n|-sidestart|p2: p0y2693aaf2|move: Stealth Rock\n|move|p2a: Greedent|Double-Edge|p1a: Camerupt\n|-damage|p1a: Camerupt|105/275\n|-damage|p2a: Greedent|77/100 brn|[from] Recoil\n|\n|-heal|p1a: Camerupt|122/275|[from] item: Leftovers\n|-damage|p2a: Greedent|71/100 brn|[from] brn\n|upkeep\n|turn|10\n|inactive|Time left: 300 sec this turn | 300 sec total\n|\n|t:|1783571076\n|move|p1a: Camerupt|Overheat|p2a: Greedent\n|-damage|p2a: Greedent|16/100 brn\n|-unboost|p1a: Camerupt|spa|2\n|-enditem|p2a: Greedent|Sitrus Berry|[eat]\n|-heal|p2a: Greedent|41/100 brn|[from] item: Sitrus Berry\n|-heal|p2a: Greedent|74/100 brn|[from] ability: Cheek Pouch\n|move|p2a: Greedent|Double-Edge|p1a: Camerupt\n|-damage|p1a: Camerupt|0 fnt\n|faint|p1a: Camerupt\n|-damage|p2a: Greedent|62/100 brn|[from] Recoil\n|\n|-damage|p2a: Greedent|56/100 brn|[from] brn\n|upkeep\n|inactive|Time left: 300 sec this turn | 300 sec total | 5 sec grace\n|\n|t:|1783571077\n|switch|p1a: Delibird|Delibird, F|252/252\n|turn|11\n|inactive|Time left: 300 sec this turn | 300 sec total\n|\n|t:|1783571078\n|move|p1a: Delibird|Freeze-Dry|p2a: Greedent\n|-damage|p2a: Greedent|30/100 brn\n|move|p2a: Greedent|Knock Off|p1a: Delibird\n|-damage|p1a: Delibird|155/252\n|-enditem|p1a: Delibird|Heavy-Duty Boots|[from] move: Knock Off|[of] p2a: Greedent\n|\n|-damage|p2a: Greedent|24/100 brn|[from] brn\n|upkeep\n|turn|12\n|inactive|Time left: 300 sec this turn | 300 sec total\n|\n|t:|1783571079\n|move|p1a: Delibird|Brave Bird|p2a: Greedent\n|-damage|p2a: Greedent|0 fnt\n|faint|p2a: Greedent\n|-damage|p1a: Delibird|128/252|[from] Recoil\n|\n|upkeep\n|\n|t:|1783571080\n|switch|p2a: Regirock|Regirock, L83|100/100\n|-damage|p2a: Regirock|88/100|[from] Stealth Rock\n|turn|13\n|inactive|Time left: 300 sec this turn | 300 sec total\n|\n|t:|1783571080\n|move|p1a: Delibird|Freeze-Dry|p2a: Regirock\n|-damage|p2a: Regirock|59/100\n|move|p2a: Regirock|Stone Edge|p1a: Delibird\n|-supereffective|p1a: Delibird\n|-damage|p1a: Delibird|0 fnt\n|faint|p1a: Delibird\n|\n|upkeep\n|inactive|Time left: 300 sec this turn | 300 sec total | 5 sec grace\n|\n|t:|1783571081\n|switch|p1a: Raikou|Raikou, L81|278/278\n|-ability|p1a: Raikou|Pressure\n|turn|14\n|inactive|Time left: 300 sec this turn | 300 sec total\n|\n|t:|1783571082\n|move|p1a: Raikou|Scald|p2a: Regirock\n|-supereffective|p2a: Regirock\n|-damage|p2a: Regirock|20/100\n|-status|p2a: Regirock|brn\n|move|p2a: Regirock|Rest|p2a: Regirock\n|-status|p2a: Regirock|slp|[from] move: Rest\n|-heal|p2a: Regirock|100/100 slp|[silent]\n|-enditem|p2a: Regirock|Chesto Berry|[eat]\n|-curestatus|p2a: Regirock|slp|[msg]\n|\n|upkeep\n|turn|15\n|inactive|Time left: 300 sec this turn | 300 sec total\n|\n|t:|1783571083\n|move|p1a: Raikou|Scald|p2a: Regirock\n|-supereffective|p2a: Regirock\n|-damage|p2a: Regirock|60/100\n|move|p2a: Regirock|Body Press|p1a: Raikou\n|-damage|p1a: Raikou|152/278\n|\n|upkeep\n|turn|16\n|inactive|Time left: 300 sec this turn | 300 sec total\n|\n|t:|1783571084\n|-terastallize|p2a: Regirock|Fighting\n|move|p1a: Raikou|Thunderbolt|p2a: Regirock\n|-damage|p2a: Regirock|25/100\n|move|p2a: Regirock|Body Press|p1a: Raikou\n|-crit|p1a: Raikou\n|-damage|p1a: Raikou|0 fnt\n|faint|p1a: Raikou\n|\n|upkeep\n|inactive|Time left: 300 sec this turn | 300 sec total | 5 sec grace\n|\n|t:|1783571085\n|switch|p1a: Venomoth|Venomoth, L84, F|255/255\n|turn|17\n|inactive|Time left: 300 sec this turn | 300 sec total\n|\n|t:|1783571086\n|move|p1a: Venomoth|Sleep Powder|p2a: Regirock\n|-status|p2a: Regirock|slp|[from] move: Sleep Powder\n|cant|p2a: Regirock|slp\n|\n|upkeep\n|turn|18\n|inactive|Time left: 300 sec this turn | 300 sec total\n|\n|t:|1783571086\n|switch|p2a: Altaria|Altaria, L89, M|100/100\n|move|p1a: Venomoth|Quiver Dance|p1a: Venomoth\n|-boost|p1a: Venomoth|spa|1\n|-boost|p1a: Venomoth|spd|1\n|-boost|p1a: Venomoth|spe|1\n|\n|upkeep\n|turn|19\n|inactive|Time left: 300 sec this turn | 300 sec total\n|\n|t:|1783571087\n|switch|p1a: Feraligatr|Feraligatr, L79, F|25/264\n|-damage|p1a: Feraligatr|0 fnt|[from] Spikes\n|faint|p1a: Feraligatr\n|move|p2a: Altaria|Brave Bird|p1: Feraligatr|[notarget]\n|-fail|p2a: Altaria\n|\n|upkeep\n|inactive|Time left: 300 sec this turn | 300 sec total | 5 sec grace\n|\n|t:|1783571088\n|switch|p1a: Venomoth|Venomoth, L84, F|255/255\n|turn|20\n|inactive|Time left: 300 sec this turn | 300 sec total\n|\n|t:|1783571089\n|move|p1a: Venomoth|Quiver Dance|p1a: Venomoth\n|-boost|p1a: Venomoth|spa|1\n|-boost|p1a: Venomoth|spd|1\n|-boost|p1a: Venomoth|spe|1\n|move|p2a: Altaria|Brave Bird|p1a: Venomoth\n|-supereffective|p1a: Venomoth\n|-crit|p1a: Venomoth\n|-damage|p1a: Venomoth|0 fnt\n|faint|p1a: Venomoth\n|-damage|p2a: Altaria|70/100|[from] Recoil\n|\n|win|p0y2693aaf2", "uploadtime": 1783571089, "views": 0, "rating": 0, "private": 0, "password": null, "_winner": "p0y2693aaf2", "_our_name": "p0x26939039"}