{"id": "battle-gen9randombattle-2006", "formatid": "gen9randombattle", "format": "[Gen 9] Random Battle", "players": ["p0x200654b1", "p0y20061eeb"], "log": "|init|battle\n|title|p0x200654b1 vs. p0y20061eeb\n|j|\u2606p0x200654b1\n|j|\u2606p0y20061eeb\n|t:|1783562481\n|gametype|singles\n|player|p1|p0x200654b1|2|\n|player|p2|p0y20061eeb|265|\n|gen|9\n|tier|[Gen 9] Random Battle\n|rule|Species Clause: Limit one of each Pok\u00e9mon\n|rule|HP Percentage Mod: HP is shown in percentages\n|rule|Sleep Clause Mod: Limit one foe put to sleep\n|rule|Illusion Level Mod: Illusion disguises the Pok\u00e9mon's true level\n|\n|t:|1783562481\n|teamsize|p1|6\n|teamsize|p2|6\n|start\n|switch|p1a: Noctowl|Noctowl, L95, M|100/100\n|switch|p2a: Skarmory|Skarmory, L80, F|235/235\n|turn|1\n|inactive|Battle timer is ON: inactive players will automatically lose when time's up. (requested by p0y20061eeb)\n|inactive|p0x200654b1 also wants the timer to be on.\n|\n|t:|1783562482\n|switch|p2a: Polteageist|Polteageist-Antique, L78|222/222\n|move|p1a: Noctowl|Hyper Voice|p2a: Polteageist\n|-immune|p2a: Polteageist\n|\n|upkeep\n|turn|2\n|inactive|Time left: 300 sec this turn | 300 sec total\n|\n|t:|1783562484\n|move|p1a: Noctowl|Hurricane|p2a: Polteageist\n|-damage|p2a: Polteageist|105/222\n|move|p2a: Polteageist|Shell Smash|p2a: Polteageist\n|-unboost|p2a: Polteageist|def|1\n|-unboost|p2a: Polteageist|spd|1\n|-boost|p2a: Polteageist|atk|2\n|-boost|p2a: Polteageist|spa|2\n|-boost|p2a: Polteageist|spe|2\n|-enditem|p2a: Polteageist|White Herb\n|-clearnegativeboost|p2a: Polteageist|[silent]\n|\n|upkeep\n|turn|3\n|inactive|Time left: 300 sec this turn | 300 sec total\n|\n|t:|1783562485\n|move|p2a: Polteageist|Strength Sap|p1a: Noctowl\n|-unboost|p1a: Noctowl|atk|1\n|-heal|p2a: Polteageist|205/222\n|move|p1a: Noctowl|Hurricane|p2a: Polteageist|[miss]\n|-miss|p1a: Noctowl|p2a: Polteageist\n|\n|upkeep\n|turn|4\n|inactive|Time left: 300 sec this turn | 300 sec total\n|\n|t:|1783562486\n|move|p2a: Polteageist|Shadow Ball|p1a: Noctowl\n|-immune|p1a: Noctowl\n|move|p1a: Noctowl|Hurricane|p2a: Polteageist|[miss]\n|-miss|p1a: Noctowl|p2a: Polteageist\n|\n|upkeep\n|turn|5\n|inactive|Time left: 300 sec this turn | 300 sec total\n|\n|t:|1783562487\n|move|p2a: Polteageist|Shell Smash|p2a: Polteageist\n|-unboost|p2a: Polteageist|def|1\n|-unboost|p2a: Polteageist|spd|1\n|-boost|p2a: Polteageist|atk|2\n|-boost|p2a: Polteageist|spa|2\n|-boost|p2a: Polteageist|spe|2\n|move|p1a: Noctowl|Hurricane|p2a: Polteageist\n|-damage|p2a: Polteageist|25/222\n|-start|p2a: Polteageist|confusion\n|\n|upkeep\n|turn|6\n|inactive|Time left: 300 sec this turn | 300 sec total\n|\n|t:|1783562488\n|-activate|p2a: Polteageist|confusion\n|move|p2a: Polteageist|Strength Sap|p1a: Noctowl\n|-unboost|p1a: Noctowl|atk|1\n|-heal|p2a: Polteageist|91/222\n|move|p1a: Noctowl|Hurricane|p2a: Polteageist|[miss]\n|-miss|p1a: Noctowl|p2a: Polteageist\n|\n|upkeep\n|turn|7\n|inactive|Time left: 300 sec this turn | 300 sec total\n|\n|t:|1783562489\n|-end|p2a: Polteageist|confusion\n|move|p2a: Polteageist|Shadow Ball|p1a: Noctowl\n|-immune|p1a: Noctowl\n|move|p1a: Noctowl|Hurricane|p2a: Polteageist|[miss]\n|-miss|p1a: Noctowl|p2a: Polteageist\n|\n|upkeep\n|turn|8\n|inactive|Time left: 300 sec this turn | 300 sec total\n|\n|t:|1783562490\n|move|p2a: Polteageist|Strength Sap|p1a: Noctowl\n|-unboost|p1a: Noctowl|atk|1\n|-heal|p2a: Polteageist|141/222\n|move|p1a: Noctowl|Hurricane|p2a: Polteageist\n|-crit|p2a: Polteageist\n|-damage|p2a: Polteageist|0 fnt\n|faint|p2a: Polteageist\n|\n|upkeep\n|inactive|Time left: 300 sec this turn | 300 sec total | 5 sec grace\n|\n|t:|1783562491\n|switch|p2a: Zangoose|Zangoose, L85, M|263/263\n|turn|9\n|inactive|Time left: 300 sec this turn | 300 sec total\n|\n|t:|1783562492\n|switch|p1a: Slaking|Slaking, L84, F|100/100\n|move|p2a: Zangoose|Knock Off|p1a: Slaking\n|-damage|p1a: Slaking|82/100\n|-enditem|p1a: Slaking|Choice Band|[from] move: Knock Off|[of] p2a: Zangoose\n|\n|-status|p2a: Zangoose|tox|[from] item: Toxic Orb\n|upkeep\n|turn|10\n|inactive|Time left: 300 sec this turn | 300 sec total\n|\n|t:|1783562493\n|switch|p2a: Skarmory|Skarmory, L80, F|235/235\n|move|p1a: Slaking|Giga Impact|p2a: Skarmory\n|-resisted|p2a: Skarmory\n|-damage|p2a: Skarmory|143/235\n|-mustrecharge|p1a: Slaking\n|-damage|p1a: Slaking|66/100|[from] item: Rocky Helmet|[of] p2a: Skarmory\n|\n|upkeep\n|turn|11\n|inactive|Time left: 300 sec this turn | 300 sec total\n|\n|t:|1783562495\n|cant|p1a: Slaking|recharge\n|move|p2a: Skarmory|Stealth Rock|p1a: Slaking\n|-sidestart|p1: p0x200654b1|move: Stealth Rock\n|\n|upkeep\n|turn|12\n|inactive|Time left: 300 sec this turn | 300 sec total\n|\n|t:|1783562496\n|move|p1a: Slaking|Giga Impact|p2a: Skarmory\n|-resisted|p2a: Skarmory\n|-damage|p2a: Skarmory|62/235\n|-mustrecharge|p1a: Slaking\n|-damage|p1a: Slaking|49/100|[from] item: Rocky Helmet|[of] p2a: Skarmory\n|move|p2a: Skarmory|Roost|p2a: Skarmory\n|-heal|p2a: Skarmory|180/235\n|-singleturn|p2a: Skarmory|move: Roost\n|\n|upkeep\n|turn|13\n|inactive|Time left: 300 sec this turn | 300 sec total\n|\n|t:|1783562497\n|cant|p1a: Slaking|recharge\n|move|p2a: Skarmory|Spikes|p1a: Slaking\n|-sidestart|p1: p0x200654b1|Spikes\n|\n|upkeep\n|turn|14\n|inactive|Time left: 300 sec this turn | 300 sec total\n|\n|t:|1783562498\n|switch|p1a: Noctowl|Noctowl, L95, M|100/100\n|move|p2a: Skarmory|Roost|p2a: Skarmory\n|-heal|p2a: Skarmory|235/235\n|-singleturn|p2a: Skarmory|move: Roost\n|\n|upkeep\n|turn|15\n|inactive|Time left: 300 sec this turn | 300 sec total\n|\n|t:|1783562498\n|move|p1a: Noctowl|Defog|p2a: Skarmory\n|-unboost|p2a: Skarmory|evasion|1\n|-sideend|p1: p0x200654b1|Spikes|[from] move: Defog|[of] p1a: Noctowl\n|-sideend|p1: p0x200654b1|Stealth Rock|[from] move: Defog|[of] p1a: Noctowl\n|move|p2a: Skarmory|Spikes|p1a: Noctowl\n|-sidestart|p1: p0x200654b1|Spikes\n|\n|upkeep\n|turn|16\n|inactive|Time left: 300 sec this turn | 300 sec total\n|\n|t:|1783562499\n|switch|p2a: Dunsparce|Dunsparce, L86, F|312/312\n|move|p1a: Noctowl|Hyper Voice|p2a: Dunsparce\n|-damage|p2a: Dunsparce|222/312\n|\n|upkeep\n|turn|17\n|inactive|Time left: 300 sec this turn | 300 sec total\n|\n|t:|1783562500\n|move|p1a: Noctowl|Hurricane|p2a: Dunsparce|[miss]\n|-miss|p1a: Noctowl|p2a: Dunsparce\n|move|p2a: Dunsparce|Body Slam|p1a: Noctowl\n|-crit|p1a: Noctowl\n|-damage|p1a: Noctowl|59/100\n|\n|upkeep\n|turn|18\n|inactive|Time left: 300 sec this turn | 300 sec total\n|\n|t:|1783562501\n|move|p1a: Noctowl|Roost|p1a: Noctowl\n|-heal|p1a: Noctowl|100/100\n|-singleturn|p1a: Noctowl|move: Roost\n|move|p2a: Dunsparce|Coil|p2a: Dunsparce\n|-boost|p2a: Dunsparce|atk|1\n|-boost|p2a: Dunsparce|def|1\n|-boost|p2a: Dunsparce|accuracy|1\n|\n|upkeep\n|turn|19\n|inactive|Time left: 300 sec this turn | 300 sec total\n|\n|t:|1783562502\n|move|p1a: Noctowl|Hurricane|p2a: Dunsparce\n|-damage|p2a: Dunsparce|113/312\n|move|p2a: Dunsparce|Body Slam|p1a: Noctowl\n|-damage|p1a: Noctowl|60/100\n|-status|p1a: Noctowl|par\n|\n|upkeep\n|turn|20\n|inactive|Time left: 300 sec this turn | 300 sec total\n|\n|t:|1783562503\n|move|p2a: Dunsparce|Roost|p2a: Dunsparce\n|-heal|p2a: Dunsparce|269/312\n|-singleturn|p2a: Dunsparce|move: Roost\n|move|p1a: Noctowl|Roost|p1a: Noctowl\n|-heal|p1a: Noctowl|100/100 par\n|-singleturn|p1a: Noctowl|move: Roost\n|\n|upkeep\n|turn|21\n|inactive|Time left: 300 sec this turn | 300 sec total\n|\n|t:|1783562504\n|move|p2a: Dunsparce|Coil|p2a: Dunsparce\n|-boost|p2a: Dunsparce|atk|1\n|-boost|p2a: Dunsparce|def|1\n|-boost|p2a: Dunsparce|accuracy|1\n|cant|p1a: Noctowl|par\n|\n|upkeep\n|turn|22\n|inactive|Time left: 300 sec this turn | 300 sec total\n|\n|t:|1783562505\n|switch|p1a: Brambleghast|Brambleghast, L88, M|100/100\n|-damage|p1a: Brambleghast|88/100|[from] Spikes\n|move|p2a: Dunsparce|Body Slam|p1a: Brambleghast\n|-immune|p1a: Brambleghast\n|\n|-heal|p1a: Brambleghast|94/100|[from] item: Leftovers\n|upkeep\n|turn|23\n|inactive|Time left: 300 sec this turn | 300 sec total\n|\n|t:|1783562506\n|move|p1a: Brambleghast|Leech Seed|p2a: Dunsparce\n|-start|p2a: Dunsparce|move: Leech Seed\n|move|p2a: Dunsparce|Coil|p2a: Dunsparce\n|-boost|p2a: Dunsparce|atk|1\n|-boost|p2a: Dunsparce|def|1\n|-boost|p2a: Dunsparce|accuracy|1\n|\n|-heal|p1a: Brambleghast|100/100|[from] item: Leftovers\n|-damage|p2a: Dunsparce|230/312|[from] Leech Seed|[of] p1a: Brambleghast\n|upkeep\n|turn|24\n|inactive|Time left: 300 sec this turn | 300 sec total\n|\n|t:|1783562507\n|move|p1a: Brambleghast|Substitute|p1a: Brambleghast\n|-start|p1a: Brambleghast|Substitute\n|-damage|p1a: Brambleghast|75/100\n|move|p2a: Dunsparce|Coil|p2a: Dunsparce\n|-boost|p2a: Dunsparce|atk|1\n|-boost|p2a: Dunsparce|def|1\n|-boost|p2a: Dunsparce|accuracy|1\n|\n|-heal|p1a: Brambleghast|82/100|[from] item: Leftovers\n|-damage|p2a: Dunsparce|191/312|[from] Leech Seed|[of] p1a: Brambleghast\n|-heal|p1a: Brambleghast|98/100|[silent]\n|upkeep\n|turn|25\n|inactive|Time left: 300 sec this turn | 300 sec total\n|\n|t:|1783562507\n|move|p1a: Brambleghast|Power Whip|p2a: Dunsparce|[miss]\n|-miss|p1a: Brambleghast|p2a: Dunsparce\n|move|p2a: Dunsparce|Roost|p2a: Dunsparce\n|-heal|p2a: Dunsparce|312/312\n|-singleturn|p2a: Dunsparce|move: Roost\n|\n|-heal|p1a: Brambleghast|100/100|[from] item: Leftovers\n|-damage|p2a: Dunsparce|273/312|[from] Leech Seed|[of] p1a: Brambleghast\n|upkeep\n|turn|26\n|inactive|Time left: 300 sec this turn | 300 sec total\n|\n|t:|1783562508\n|move|p1a: Brambleghast|Power Whip|p2a: Dunsparce\n|-damage|p2a: Dunsparce|233/312\n|move|p2a: Dunsparce|Earthquake|p1a: Brambleghast\n|-resisted|p1a: Brambleghast\n|-end|p1a: Brambleghast|Substitute\n|\n|-damage|p2a: Dunsparce|194/312|[from] Leech Seed|[of] p1a: Brambleghast\n|upkeep\n|turn|27\n|inactive|Time left: 300 sec this turn | 300 sec total\n|\n|t:|1783562509\n|move|p1a: Brambleghast|Substitute|p1a: Brambleghast\n|-start|p1a: Brambleghast|Substitute\n|-damage|p1a: Brambleghast|75/100\n|move|p2a: Dunsparce|Roost|p2a: Dunsparce\n|-heal|p2a: Dunsparce|312/312\n|-singleturn|p2a: Dunsparce|move: Roost\n|\n|-heal|p1a: Brambleghast|82/100|[from] item: Leftovers\n|-damage|p2a: Dunsparce|273/312|[from] Leech Seed|[of] p1a: Brambleghast\n|-heal|p1a: Brambleghast|98/100|[silent]\n|upkeep\n|turn|28\n|inactive|Time left: 300 sec this turn | 300 sec total\n|\n|t:|1783562510\n|move|p1a: Brambleghast|Power Whip|p2a: Dunsparce\n|-damage|p2a: Dunsparce|228/312\n|move|p2a: Dunsparce|Earthquake|p1a: Brambleghast\n|-resisted|p1a: Brambleghast\n|-end|p1a: Brambleghast|Substitute\n|\n|-heal|p1a: Brambleghast|100/100|[from] item: Leftovers\n|-damage|p2a: Dunsparce|189/312|[from] Leech Seed|[of] p1a: Brambleghast\n|upkeep\n|turn|29\n|inactive|Time left: 300 sec this turn | 300 sec total\n|\n|t:|1783562510\n|move|p1a: Brambleghast|Substitute|p1a: Brambleghast\n|-start|p1a: Brambleghast|Substitute\n|-damage|p1a: Brambleghast|75/100\n|move|p2a: Dunsparce|Roost|p2a: Dunsparce\n|-heal|p2a: Dunsparce|312/312\n|-singleturn|p2a: Dunsparce|move: Roost\n|\n|-heal|p1a: Brambleghast|82/100|[from] item: Leftovers\n|-damage|p2a: Dunsparce|273/312|[from] Leech Seed|[of] p1a: Brambleghast\n|-heal|p1a: Brambleghast|98/100|[silent]\n|upkeep\n|turn|30\n|inactive|Time left: 300 sec this turn | 300 sec total\n|\n|t:|1783562511\n|move|p1a: Brambleghast|Power Whip|p2a: Dunsparce\n|-damage|p2a: Dunsparce|234/312\n|move|p2a: Dunsparce|Earthquake|p1a: Brambleghast\n|-resisted|p1a: Brambleghast\n|-end|p1a: Brambleghast|Substitute\n|\n|-heal|p1a: Brambleghast|100/100|[from] item: Leftovers\n|-damage|p2a: Dunsparce|195/312|[from] Leech Seed|[of] p1a: Brambleghast\n|upkeep\n|turn|31\n|inactive|Time left: 300 sec this turn | 300 sec total\n|\n|t:|1783562512\n|move|p1a: Brambleghast|Power Whip|p2a: Dunsparce\n|-damage|p2a: Dunsparce|155/312\n|move|p2a: Dunsparce|Roost|p2a: Dunsparce\n|-heal|p2a: Dunsparce|311/312\n|-singleturn|p2a: Dunsparce|move: Roost\n|\n|-damage|p2a: Dunsparce|272/312|[from] Leech Seed|[of] p1a: Brambleghast\n|upkeep\n|turn|32\n|inactive|Time left: 300 sec this turn | 300 sec total\n|\n|t:|1783562513\n|move|p1a: Brambleghast|Substitute|p1a: Brambleghast\n|-start|p1a: Brambleghast|Substitute\n|-damage|p1a: Brambleghast|75/100\n|move|p2a: Dunsparce|Earthquake|p1a: Brambleghast\n|-resisted|p1a: Brambleghast\n|-end|p1a: Brambleghast|Substitute\n|\n|-heal|p1a: Brambleghast|82/100|[from] item: Leftovers\n|-damage|p2a: Dunsparce|233/312|[from] Leech Seed|[of] p1a: Brambleghast\n|-heal|p1a: Brambleghast|98/100|[silent]\n|upkeep\n|turn|33\n|inactive|Time left: 300 sec this turn | 300 sec total\n|\n|t:|1783562514\n|move|p1a: Brambleghast|Substitute|p1a: Brambleghast\n|-start|p1a: Brambleghast|Substitute\n|-damage|p1a: Brambleghast|73/100\n|move|p2a: Dunsparce|Earthquake|p1a: Brambleghast\n|-resisted|p1a: Brambleghast\n|-end|p1a: Brambleghast|Substitute\n|\n|-heal|p1a: Brambleghast|79/100|[from] item: Leftovers\n|-damage|p2a: Dunsparce|194/312|[from] Leech Seed|[of] p1a: Brambleghast\n|-heal|p1a: Brambleghast|95/100|[silent]\n|upkeep\n|turn|34\n|inactive|Time left: 300 sec this turn | 300 sec total\n|\n|t:|1783562514\n|move|p1a: Brambleghast|Power Whip|p2a: Dunsparce\n|-damage|p2a: Dunsparce|152/312\n|move|p2a: Dunsparce|Roost|p2a: Dunsparce\n|-heal|p2a: Dunsparce|308/312\n|-singleturn|p2a: Dunsparce|move: Roost\n|\n|-heal|p1a: Brambleghast|100/100|[from] item: Leftovers\n|-damage|p2a: Dunsparce|269/312|[from] Leech Seed|[of] p1a: Brambleghast\n|upkeep\n|turn|35\n|inactive|Time left: 300 sec this turn | 300 sec total\n|\n|t:|1783562515\n|move|p1a: Brambleghast|Substitute|p1a: Brambleghast\n|-start|p1a: Brambleghast|Substitute\n|-damage|p1a: Brambleghast|75/100\n|move|p2a: Dunsparce|Body Slam|p1a: Brambleghast\n|-immune|p1a: Brambleghast\n|\n|-heal|p1a: Brambleghast|82/100|[from] item: Leftovers\n|-damage|p2a: Dunsparce|230/312|[from] Leech Seed|[of] p1a: Brambleghast\n|-heal|p1a: Brambleghast|98/100|[silent]\n|upkeep\n|turn|36\n|inactive|Time left: 300 sec this turn | 300 sec total\n|\n|t:|1783562516\n|move|p1a: Brambleghast|Power Whip|p2a: Dunsparce\n|-damage|p2a: Dunsparce|187/312\n|move|p2a: Dunsparce|Earthquake|p1a: Brambleghast\n|-resisted|p1a: Brambleghast\n|-end|p1a: Brambleghast|Substitute\n|\n|-heal|p1a: Brambleghast|100/100|[from] item: Leftovers\n|-damage|p2a: Dunsparce|148/312|[from] Leech Seed|[of] p1a: Brambleghast\n|upkeep\n|turn|37\n|inactive|Time left: 300 sec this turn | 300 sec total\n|\n|t:|1783562517\n|move|p1a: Brambleghast|Power Whip|p2a: Dunsparce\n|-damage|p2a: Dunsparce|103/312\n|move|p2a: Dunsparce|Roost|p2a: Dunsparce\n|-heal|p2a: Dunsparce|259/312\n|-singleturn|p2a: Dunsparce|move: Roost\n|\n|-damage|p2a: Dunsparce|220/312|[from] Leech Seed|[of] p1a: Brambleghast\n|upkeep\n|turn|38\n|inactive|Time left: 300 sec this turn | 300 sec total\n|\n|t:|1783562518\n|move|p1a: Brambleghast|Substitute|p1a: Brambleghast\n|-start|p1a: Brambleghast|Substitute\n|-damage|p1a: Brambleghast|75/100\n|move|p2a: Dunsparce|Roost|p2a: Dunsparce\n|-heal|p2a: Dunsparce|312/312\n|-singleturn|p2a: Dunsparce|move: Roost\n|\n|-heal|p1a: Brambleghast|82/100|[from] item: Leftovers\n|-damage|p2a: Dunsparce|273/312|[from] Leech Seed|[of] p1a: Brambleghast\n|-heal|p1a: Brambleghast|98/100|[silent]\n|upkeep\n|turn|39\n|inactive|Time left: 300 sec this turn | 300 sec total\n|\n|t:|1783562519\n|move|p1a: Brambleghast|Power Whip|p2a: Dunsparce\n|-damage|p2a: Dunsparce|228/312\n|move|p2a: Dunsparce|Earthquake|p1a: Brambleghast\n|-resisted|p1a: Brambleghast\n|-end|p1a: Brambleghast|Substitute\n|\n|-heal|p1a: Brambleghast|100/100|[from] item: Leftovers\n|-damage|p2a: Dunsparce|189/312|[from] Leech Seed|[of] p1a: Brambleghast\n|upkeep\n|turn|40\n|inactive|Time left: 300 sec this turn | 300 sec total\n|\n|t:|1783562520\n|move|p1a: Brambleghast|Power Whip|p2a: Dunsparce\n|-damage|p2a: Dunsparce|143/312\n|move|p2a: Dunsparce|Earthquake|p1a: Brambleghast\n|-resisted|p1a: Brambleghast\n|-damage|p1a: Brambleghast|56/100\n|\n|-heal|p1a: Brambleghast|62/100|[from] item: Leftovers\n|-damage|p2a: Dunsparce|104/312|[from] Leech Seed|[of] p1a: Brambleghast\n|-heal|p1a: Brambleghast|78/100|[silent]\n|upkeep\n|turn|41\n|inactive|Time left: 300 sec this turn | 300 sec total\n|\n|t:|1783562521\n|move|p1a: Brambleghast|Power Whip|p2a: Dunsparce|[miss]\n|-miss|p1a: Brambleghast|p2a: Dunsparce\n|move|p2a: Dunsparce|Earthquake|p1a: Brambleghast\n|-resisted|p1a: Brambleghast\n|-damage|p1a: Brambleghast|38/100\n|\n|-heal|p1a: Brambleghast|45/100|[from] item: Leftovers\n|-damage|p2a: Dunsparce|65/312|[from] Leech Seed|[of] p1a: Brambleghast\n|-heal|p1a: Brambleghast|61/100|[silent]\n|upkeep\n|turn|42\n|inactive|Time left: 300 sec this turn | 300 sec total\n|\n|t:|1783562522\n|move|p1a: Brambleghast|Power Whip|p2a: Dunsparce\n|-damage|p2a: Dunsparce|20/312\n|move|p2a: Dunsparce|Earthquake|p1a: Brambleghast\n|-resisted|p1a: Brambleghast\n|-damage|p1a: Brambleghast|23/100\n|\n|-heal|p1a: Brambleghast|30/100|[from] item: Leftovers\n|-damage|p2a: Dunsparce|0 fnt|[from] Leech Seed|[of] p1a: Brambleghast\n|-heal|p1a: Brambleghast|38/100|[silent]\n|faint|p2a: Dunsparce\n|upkeep\n|inactive|Time left: 300 sec this turn | 300 sec total | 5 sec grace\n|\n|t:|1783562523\n|switch|p2a: Wo-Chien|Wo-Chien, L83|277/277\n|-ability|p2a: Wo-Chien|Tablets of Ruin\n|turn|43\n|inactive|Time left: 300 sec this turn | 300 sec total\n|\n|t:|1783562524\n|move|p1a: Brambleghast|Substitute|p1a: Brambleghast\n|-start|p1a: Brambleghast|Substitute\n|-damage|p1a: Brambleghast|13/100\n|move|p2a: Wo-Chien|Knock Off|p1a: Brambleghast\n|-supereffective|p1a: Brambleghast\n|-end|p1a: Brambleghast|Substitute\n|\n|-heal|p1a: Brambleghast|19/100|[from] item: Leftovers\n|upkeep\n|turn|44\n|inactive|Time left: 300 sec this turn | 300 sec total\n|\n|t:|1783562525\n|move|p1a: Brambleghast|Poltergeist|p2a: Wo-Chien\n|-activate|p2a: Wo-Chien|move: Poltergeist|Leftovers\n|-resisted|p2a: Wo-Chien\n|-crit|p2a: Wo-Chien\n|-damage|p2a: Wo-Chien|205/277\n|move|p2a: Wo-Chien|Knock Off|p1a: Brambleghast\n|-supereffective|p1a: Brambleghast\n|-damage|p1a: Brambleghast|0 fnt\n|-enditem|p1a: Brambleghast|Leftovers|[from] move: Knock Off|[of] p2a: Wo-Chien\n|faint|p1a: Brambleghast\n|\n|-heal|p2a: Wo-Chien|222/277|[from] item: Leftovers\n|upkeep\n|\n|t:|1783562526\n|switch|p1a: Noctowl|Noctowl, L95, M|100/100 par\n|turn|45\n|inactive|Time left: 300 sec this turn | 300 sec total\n|\n|t:|1783562527\n|move|p2a: Wo-Chien|Leech Seed|p1a: Noctowl\n|-start|p1a: Noctowl|move: Leech Seed\n|move|p1a: Noctowl|Hurricane|p2a: Wo-Chien\n|-supereffective|p2a: Wo-Chien\n|-damage|p2a: Wo-Chien|16/277\n|\n|-heal|p2a: Wo-Chien|33/277|[from] item: Leftovers\n|-damage|p1a: Noctowl|88/100 par|[from] Leech Seed|[of] p2a: Wo-Chien\n|-heal|p2a: Wo-Chien|76/277|[silent]\n|upkeep\n|turn|46\n|inactive|Time left: 300 sec this turn | 300 sec total\n|\n|t:|1783562528\n|switch|p1a: Slaking|Slaking, L84, F|49/100\n|-damage|p1a: Slaking|37/100|[from] Spikes\n|move|p2a: Wo-Chien|Ruination|p1a: Slaking\n|-damage|p1a: Slaking|19/100\n|\n|-heal|p2a: Wo-Chien|93/277|[from] item: Leftovers\n|upkeep\n|turn|47\n|inactive|Time left: 300 sec this turn | 300 sec total\n|\n|t:|1783562529\n|switch|p2a: Skarmory|Skarmory, L80, F|235/235\n|move|p1a: Slaking|Giga Impact|p2a: Skarmory\n|-resisted|p2a: Skarmory\n|-damage|p2a: Skarmory|147/235\n|-mustrecharge|p1a: Slaking\n|-damage|p1a: Slaking|2/100|[from] item: Rocky Helmet|[of] p2a: Skarmory\n|\n|upkeep\n|turn|48\n|inactive|Time left: 300 sec this turn | 300 sec total\n|\n|t:|1783562530\n|cant|p1a: Slaking|recharge\n|move|p2a: Skarmory|Roost|p2a: Skarmory\n|-heal|p2a: Skarmory|235/235\n|-singleturn|p2a: Skarmory|move: Roost\n|\n|upkeep\n|turn|49\n|inactive|Time left: 300 sec this turn | 300 sec total\n|\n|t:|1783562531\n|move|p1a: Slaking|Giga Impact|p2a: Skarmory\n|-resisted|p2a: Skarmory\n|-damage|p2a: Skarmory|151/235\n|-mustrecharge|p1a: Slaking\n|-damage|p1a: Slaking|0 fnt|[from] item: Rocky Helmet|[of] p2a: Skarmory\n|faint|p1a: Slaking\n|move|p2a: Skarmory|Stealth Rock|p1: Slaking\n|-sidestart|p1: p0x200654b1|move: Stealth Rock\n|\n|upkeep\n|\n|t:|1783562532\n|switch|p1a: Magnezone|Magnezone, L85|100/100\n|-damage|p1a: Magnezone|88/100|[from] Spikes\n|-damage|p1a: Magnezone|82/100|[from] Stealth Rock\n|turn|50\n|inactive|Time left: 300 sec this turn | 300 sec total\n|\n|t:|1783562533\n|move|p1a: Magnezone|Thunderbolt|p2a: Skarmory\n|-supereffective|p2a: Skarmory\n|-damage|p2a: Skarmory|0 fnt\n|faint|p2a: Skarmory\n|\n|upkeep\n|inactive|Time left: 300 sec this turn | 300 sec total | 5 sec grace\n|\n|t:|1783562534\n|switch|p2a: Wo-Chien|Wo-Chien, L83|93/277\n|-ability|p2a: Wo-Chien|Tablets of Ruin\n|turn|51\n|inactive|Time left: 300 sec this turn | 300 sec total\n|\n|t:|1783562535\n|move|p1a: Magnezone|Thunderbolt|p2a: Wo-Chien\n|-resisted|p2a: Wo-Chien\n|-damage|p2a: Wo-Chien|51/277\n|move|p2a: Wo-Chien|Leech Seed|p1a: Magnezone\n|-start|p1a: Magnezone|move: Leech Seed\n|\n|-heal|p2a: Wo-Chien|68/277|[from] item: Leftovers\n|-damage|p1a: Magnezone|69/100|[from] Leech Seed|[of] p2a: Wo-Chien\n|-heal|p2a: Wo-Chien|100/277|[silent]\n|upkeep\n|turn|52\n|inactive|Time left: 300 sec this turn | 300 sec total\n|\n|t:|1783562536\n|move|p1a: Magnezone|Thunderbolt|p2a: Wo-Chien\n|-resisted|p2a: Wo-Chien\n|-damage|p2a: Wo-Chien|52/277\n|move|p2a: Wo-Chien|Knock Off|p1a: Magnezone\n|-damage|p1a: Magnezone|40/100\n|-enditem|p1a: Magnezone|Choice Scarf|[from] move: Knock Off|[of] p2a: Wo-Chien\n|\n|-heal|p2a: Wo-Chien|69/277|[from] item: Leftovers\n|-damage|p1a: Magnezone|28/100|[from] Leech Seed|[of] p2a: Wo-Chien\n|-heal|p2a: Wo-Chien|101/277|[silent]\n|upkeep\n|turn|53\n|inactive|Time left: 300 sec this turn | 300 sec total\n|\n|t:|1783562538\n|move|p2a: Wo-Chien|Protect|p2a: Wo-Chien\n|-singleturn|p2a: Wo-Chien|Protect\n|move|p1a: Magnezone|Body Press|p2a: Wo-Chien\n|-activate|p2a: Wo-Chien|move: Protect\n|\n|-heal|p2a: Wo-Chien|118/277|[from] item: Leftovers\n|-damage|p1a: Magnezone|15/100|[from] Leech Seed|[of] p2a: Wo-Chien\n|-heal|p2a: Wo-Chien|150/277|[silent]\n|upkeep\n|turn|54\n|inactive|Time left: 300 sec this turn | 300 sec total\n|\n|t:|1783562539\n|-terastallize|p1a: Magnezone|Fighting\n|move|p2a: Wo-Chien|Knock Off|p1a: Magnezone\n|-resisted|p1a: Magnezone\n|-damage|p1a: Magnezone|6/100\n|move|p1a: Magnezone|Body Press|p2a: Wo-Chien\n|-supereffective|p2a: Wo-Chien\n|-damage|p2a: Wo-Chien|0 fnt\n|faint|p2a: Wo-Chien\n|\n|upkeep\n|inactive|Time left: 300 sec this turn | 300 sec total | 5 sec grace\n|\n|t:|1783562540\n|switch|p2a: Zangoose|Zangoose, L85, M|263/263 tox\n|turn|55\n|inactive|Time left: 300 sec this turn | 300 sec total\n|\n|t:|1783562540\n|move|p2a: Zangoose|Facade|p1a: Magnezone\n|-damage|p1a: Magnezone|0 fnt\n|faint|p1a: Magnezone\n|\n|-damage|p2a: Zangoose|247/263 tox|[from] psn\n|upkeep\n|\n|t:|1783562541\n|switch|p1a: Zebstrika|Zebstrika, L87, F|100/100\n|-damage|p1a: Zebstrika|88/100|[from] Spikes\n|-damage|p1a: Zebstrika|75/100|[from] Stealth Rock\n|turn|56\n|inactive|Time left: 300 sec this turn | 300 sec total\n|\n|t:|1783562542\n|move|p1a: Zebstrika|Supercell Slam|p2a: Zangoose\n|-damage|p2a: Zangoose|47/263 tox\n|-damage|p1a: Zebstrika|66/100|[from] item: Life Orb\n|move|p2a: Zangoose|Facade|p1a: Zebstrika\n|-damage|p1a: Zebstrika|0 fnt\n|faint|p1a: Zebstrika\n|\n|-damage|p2a: Zangoose|15/263 tox|[from] psn\n|upkeep\n|\n|t:|1783562543\n|switch|p1a: Amoonguss|Amoonguss, L82, M|100/100\n|-damage|p1a: Amoonguss|88/100|[from] Spikes\n|-damage|p1a: Amoonguss|76/100|[from] Stealth Rock\n|turn|57\n|inactive|Time left: 300 sec this turn | 300 sec total\n|\n|t:|1783562544\n|switch|p2a: Regieleki|Regieleki, L79|256/256\n|switch|p1a: Noctowl|Noctowl, L95, M|88/100 par\n|\n|upkeep\n|turn|58\n|inactive|Time left: 300 sec this turn | 300 sec total\n|\n|t:|1783562545\n|switch|p1a: Amoonguss|Amoonguss, L82, M|100/100\n|-damage|p1a: Amoonguss|88/100|[from] Spikes\n|-damage|p1a: Amoonguss|76/100|[from] Stealth Rock\n|-terastallize|p2a: Regieleki|Electric\n|move|p2a: Regieleki|Thunderbolt|p1a: Amoonguss\n|-resisted|p1a: Amoonguss\n|-damage|p1a: Amoonguss|44/100\n|\n|upkeep\n|turn|59\n|inactive|Time left: 300 sec this turn | 300 sec total\n|\n|t:|1783562545\n|move|p2a: Regieleki|Thunderbolt|p1a: Amoonguss\n|-resisted|p1a: Amoonguss\n|-damage|p1a: Amoonguss|16/100\n|move|p1a: Amoonguss|Spore|p2a: Regieleki\n|-status|p2a: Regieleki|slp|[from] move: Spore\n|\n|upkeep\n|turn|60\n|inactive|Time left: 300 sec this turn | 300 sec total\n|\n|t:|1783562546\n|cant|p2a: Regieleki|slp\n|move|p1a: Amoonguss|Giga Drain|p2a: Regieleki\n|-damage|p2a: Regieleki|145/256 slp\n|-heal|p1a: Amoonguss|33/100|[from] drain|[of] p2a: Regieleki\n|\n|upkeep\n|turn|61\n|inactive|Time left: 300 sec this turn | 300 sec total\n|\n|t:|1783562547\n|cant|p2a: Regieleki|slp\n|move|p1a: Amoonguss|Sludge Bomb|p2a: Regieleki\n|-damage|p2a: Regieleki|10/256 slp\n|\n|upkeep\n|turn|62\n|inactive|Time left: 300 sec this turn | 300 sec total\n|\n|t:|1783562547\n|-curestatus|p2a: Regieleki|slp|[msg]\n|move|p2a: Regieleki|Volt Switch|p1a: Amoonguss\n|-resisted|p1a: Amoonguss\n|-damage|p1a: Amoonguss|11/100\n|inactive|Time left: 300 sec this turn | 300 sec total | 5 sec grace\n|\n|t:|1783562548\n|switch|p2a: Zangoose|Zangoose, L85, M|15/263 tox|[from] Volt Switch\n|move|p1a: Amoonguss|Giga Drain|p2a: Zangoose\n|-damage|p2a: Zangoose|0 fnt\n|-heal|p1a: Amoonguss|14/100|[from] drain|[of] p2a: Zangoose\n|faint|p2a: Zangoose\n|\n|upkeep\n|inactive|Time left: 300 sec this turn | 300 sec total | 10 sec grace\n|\n|t:|1783562549\n|switch|p2a: Regieleki|Regieleki, L79, tera:Electric|10/256\n|turn|63\n|inactive|Time left: 300 sec this turn | 300 sec total\n|\n|t:|1783562550\n|move|p2a: Regieleki|Thunderbolt|p1a: Amoonguss\n|-resisted|p1a: Amoonguss\n|-damage|p1a: Amoonguss|0 fnt\n|faint|p1a: Amoonguss\n|\n|upkeep\n|\n|t:|1783562550\n|switch|p1a: Noctowl|Noctowl, L95, M|88/100 par\n|turn|64\n|inactive|Time left: 300 sec this turn | 300 sec total\n|\n|t:|1783562551\n|move|p2a: Regieleki|Thunderbolt|p1a: Noctowl\n|-supereffective|p1a: Noctowl\n|-damage|p1a: Noctowl|0 fnt\n|faint|p1a: Noctowl\n|\n|win|p0y20061eeb", "uploadtime": 1783562551, "views": 0, "rating": 0, "private": 0, "password": null, "_winner": "p0y20061eeb", "_our_name": "p0y20061eeb"}