{"id": "battle-gen9randombattle-1835", "formatid": "gen9randombattle", "format": "[Gen 9] Random Battle", "players": ["p0x18355a4e", "p0y1835f03e"], "log": "|init|battle\n|title|p0x18355a4e vs. p0y1835f03e\n|j|\u2606p0x18355a4e\n|j|\u2606p0y1835f03e\n|t:|1783561235\n|gametype|singles\n|player|p1|p0x18355a4e|169|\n|player|p2|p0y1835f03e|169|\n|gen|9\n|tier|[Gen 9] Random Battle\n|rule|Species Clause: Limit one of each Pok\u00e9mon\n|rule|HP Percentage Mod: HP is shown in percentages\n|rule|Sleep Clause Mod: Limit one foe put to sleep\n|rule|Illusion Level Mod: Illusion disguises the Pok\u00e9mon's true level\n|\n|t:|1783561235\n|teamsize|p1|6\n|teamsize|p2|6\n|start\n|switch|p1a: Stantler|Stantler, L92, F|100/100\n|switch|p2a: Avalugg|Avalugg-Hisui, L90, M|317/317\n|-ability|p1a: Stantler|Intimidate|boost\n|-unboost|p2a: Avalugg|atk|1\n|turn|1\n|inactive|Battle timer is ON: inactive players will automatically lose when time's up. (requested by p0y1835f03e)\n|inactive|p0x18355a4e also wants the timer to be on.\n|\n|t:|1783561236\n|switch|p1a: Ursaluna|Ursaluna, L79, F|100/100\n|switch|p2a: Politoed|Politoed, L88, F|302/302\n|-weather|RainDance|[from] ability: Drizzle|[of] p2a: Politoed\n|\n|-weather|RainDance|[upkeep]\n|-status|p1a: Ursaluna|brn|[from] item: Flame Orb\n|upkeep\n|turn|2\n|inactive|Time left: 300 sec this turn | 300 sec total\n|\n|t:|1783561237\n|-terastallize|p1a: Ursaluna|Normal\n|move|p2a: Politoed|Weather Ball|p1a: Ursaluna\n|-damage|p1a: Ursaluna|20/100 brn\n|move|p1a: Ursaluna|Facade|p2a: Politoed\n|-damage|p2a: Politoed|0 fnt\n|faint|p2a: Politoed\n|\n|-weather|RainDance|[upkeep]\n|-damage|p1a: Ursaluna|15/100 brn|[from] brn\n|upkeep\n|inactive|Time left: 300 sec this turn | 300 sec total | 5 sec grace\n|\n|t:|1783561238\n|switch|p2a: Spidops|Spidops, L96, F|271/271\n|turn|3\n|inactive|Time left: 300 sec this turn | 300 sec total\n|\n|t:|1783561239\n|-terastallize|p2a: Spidops|Ghost\n|move|p1a: Ursaluna|Facade|p2a: Spidops\n|-immune|p2a: Spidops\n|move|p2a: Spidops|Sticky Web|p1a: Ursaluna\n|-sidestart|p1: p0x18355a4e|move: Sticky Web\n|\n|-weather|RainDance|[upkeep]\n|-damage|p1a: Ursaluna|9/100 brn|[from] brn\n|upkeep\n|turn|4\n|inactive|Time left: 300 sec this turn | 300 sec total\n|\n|t:|1783561240\n|move|p1a: Ursaluna|Headlong Rush|p2a: Spidops\n|-crit|p2a: Spidops\n|-damage|p2a: Spidops|4/271\n|-unboost|p1a: Ursaluna|def|1\n|-unboost|p1a: Ursaluna|spd|1\n|move|p2a: Spidops|Knock Off|p1a: Ursaluna\n|-damage|p1a: Ursaluna|0 fnt\n|-enditem|p1a: Ursaluna|Flame Orb|[from] move: Knock Off|[of] p2a: Spidops\n|faint|p1a: Ursaluna\n|\n|-weather|RainDance|[upkeep]\n|upkeep\n|\n|t:|1783561241\n|switch|p1a: Rabsca|Rabsca, L91, F|100/100\n|turn|5\n|inactive|Time left: 300 sec this turn | 300 sec total\n|\n|t:|1783561242\n|move|p1a: Rabsca|Earth Power|p2a: Spidops\n|-damage|p2a: Spidops|0 fnt\n|faint|p2a: Spidops\n|\n|-weather|none\n|upkeep\n|inactive|Time left: 300 sec this turn | 300 sec total | 5 sec grace\n|\n|t:|1783561243\n|switch|p2a: Iron Thorns|Iron Thorns, L83|302/302\n|-enditem|p2a: Iron Thorns|Booster Energy\n|-activate|p2a: Iron Thorns|ability: Quark Drive|[fromitem]\n|-start|p2a: Iron Thorns|quarkdriveatk\n|turn|6\n|inactive|Time left: 300 sec this turn | 300 sec total\n|\n|t:|1783561244\n|switch|p1a: Stantler|Stantler, L92, F|100/100\n|-activate|p1a: Stantler|move: Sticky Web\n|-unboost|p1a: Stantler|spe|1\n|-ability|p1a: Stantler|Intimidate|boost\n|-unboost|p2a: Iron Thorns|atk|1\n|move|p2a: Iron Thorns|Stone Edge|p1a: Stantler\n|-damage|p1a: Stantler|67/100\n|\n|upkeep\n|turn|7\n|inactive|Time left: 300 sec this turn | 300 sec total\n|\n|t:|1783561245\n|move|p2a: Iron Thorns|Stone Edge|p1a: Stantler|[miss]\n|-miss|p2a: Iron Thorns|p1a: Stantler\n|move|p1a: Stantler|Earthquake|p2a: Iron Thorns\n|-supereffective|p2a: Iron Thorns\n|-damage|p2a: Iron Thorns|30/302\n|\n|upkeep\n|turn|8\n|inactive|Time left: 300 sec this turn | 300 sec total\n|\n|t:|1783561246\n|move|p2a: Iron Thorns|Stone Edge|p1a: Stantler\n|-damage|p1a: Stantler|36/100\n|move|p1a: Stantler|Throat Chop|p2a: Iron Thorns\n|-damage|p2a: Iron Thorns|0 fnt\n|faint|p2a: Iron Thorns\n|-end|p2a: Iron Thorns|Quark Drive|[silent]\n|\n|upkeep\n|inactive|Time left: 300 sec this turn | 300 sec total | 5 sec grace\n|\n|t:|1783561246\n|switch|p2a: Arceus|Arceus-Dragon, L71|288/288\n|turn|9\n|inactive|Time left: 300 sec this turn | 300 sec total\n|\n|t:|1783561247\n|move|p2a: Arceus|Swords Dance|p2a: Arceus\n|-boost|p2a: Arceus|atk|2\n|move|p1a: Stantler|Thunder Wave|p2a: Arceus\n|-status|p2a: Arceus|par\n|\n|upkeep\n|turn|10\n|inactive|Time left: 300 sec this turn | 300 sec total\n|\n|t:|1783561248\n|move|p1a: Stantler|Body Slam|p2a: Arceus\n|-damage|p2a: Arceus|189/288 par\n|move|p2a: Arceus|Outrage|p1a: Stantler\n|-damage|p1a: Stantler|0 fnt\n|faint|p1a: Stantler\n|\n|upkeep\n|\n|t:|1783561249\n|switch|p1a: Rabsca|Rabsca, L91, F|100/100\n|turn|11\n|inactive|Time left: 300 sec this turn | 300 sec total\n|\n|t:|1783561250\n|move|p1a: Rabsca|Psychic|p2a: Arceus\n|-damage|p2a: Arceus|80/288 par\n|move|p2a: Arceus|Outrage|p1a: Rabsca|[from] lockedmove\n|-damage|p1a: Rabsca|10/100\n|\n|upkeep\n|turn|12\n|inactive|Time left: 300 sec this turn | 300 sec total\n|\n|t:|1783561251\n|move|p1a: Rabsca|Psychic|p2a: Arceus\n|-damage|p2a: Arceus|0 fnt\n|faint|p2a: Arceus\n|\n|upkeep\n|inactive|Time left: 300 sec this turn | 300 sec total | 5 sec grace\n|\n|t:|1783561252\n|switch|p2a: Farigiraf|Farigiraf, L90, F|362/362\n|turn|13\n|inactive|Time left: 300 sec this turn | 300 sec total\n|\n|t:|1783561253\n|switch|p1a: Masquerain|Masquerain, L87, M|100/100\n|-ability|p1a: Masquerain|Intimidate|boost\n|-unboost|p2a: Farigiraf|atk|1\n|move|p2a: Farigiraf|Body Slam|p1a: Masquerain\n|-damage|p1a: Masquerain|69/100\n|-status|p1a: Masquerain|par\n|\n|upkeep\n|turn|14\n|inactive|Time left: 300 sec this turn | 300 sec total\n|\n|t:|1783561254\n|move|p2a: Farigiraf|Psychic Noise|p1a: Masquerain\n|-damage|p1a: Masquerain|31/100 par\n|-start|p1a: Masquerain|move: Heal Block\n|move|p1a: Masquerain|Bug Buzz|p2a: Farigiraf\n|-supereffective|p2a: Farigiraf\n|-damage|p2a: Farigiraf|110/362\n|\n|-heal|p2a: Farigiraf|132/362|[from] item: Leftovers\n|upkeep\n|turn|15\n|inactive|Time left: 300 sec this turn | 300 sec total\n|\n|t:|1783561255\n|switch|p1a: Ampharos|Ampharos, L88, F|100/100\n|-activate|p1a: Ampharos|move: Sticky Web\n|-unboost|p1a: Ampharos|spe|1\n|move|p2a: Farigiraf|Psychic Noise|p1a: Ampharos\n|-damage|p1a: Ampharos|80/100\n|-start|p1a: Ampharos|move: Heal Block\n|\n|-heal|p2a: Farigiraf|154/362|[from] item: Leftovers\n|upkeep\n|turn|16\n|inactive|Time left: 300 sec this turn | 300 sec total\n|\n|t:|1783561256\n|move|p2a: Farigiraf|Protect|p2a: Farigiraf\n|-singleturn|p2a: Farigiraf|Protect\n|move|p1a: Ampharos|Discharge|p2a: Farigiraf\n|-activate|p2a: Farigiraf|move: Protect\n|\n|-heal|p2a: Farigiraf|176/362|[from] item: Leftovers\n|-end|p1a: Ampharos|move: Heal Block\n|upkeep\n|turn|17\n|inactive|Time left: 300 sec this turn | 300 sec total\n|\n|t:|1783561257\n|move|p2a: Farigiraf|Wish|p2a: Farigiraf\n|move|p1a: Ampharos|Discharge|p2a: Farigiraf\n|-damage|p2a: Farigiraf|47/362\n|\n|-heal|p2a: Farigiraf|69/362|[from] item: Leftovers\n|upkeep\n|turn|18\n|inactive|Time left: 300 sec this turn | 300 sec total\n|\n|t:|1783561258\n|move|p2a: Farigiraf|Protect|p2a: Farigiraf\n|-singleturn|p2a: Farigiraf|Protect\n|move|p1a: Ampharos|Discharge|p2a: Farigiraf\n|-activate|p2a: Farigiraf|move: Protect\n|\n|-heal|p2a: Farigiraf|250/362|[from] move: Wish|[wisher] Farigiraf\n|-heal|p2a: Farigiraf|272/362|[from] item: Leftovers\n|upkeep\n|turn|19\n|inactive|Time left: 300 sec this turn | 300 sec total\n|\n|t:|1783561259\n|move|p2a: Farigiraf|Wish|p2a: Farigiraf\n|move|p1a: Ampharos|Volt Switch|p2a: Farigiraf\n|-damage|p2a: Farigiraf|164/362\n|\n|t:|1783561260\n|switch|p1a: Floatzel|Floatzel, L86, M|100/100|[from] Volt Switch\n|-activate|p1a: Floatzel|move: Sticky Web\n|-unboost|p1a: Floatzel|spe|1\n|\n|-heal|p2a: Farigiraf|186/362|[from] item: Leftovers\n|upkeep\n|turn|20\n|inactive|Time left: 300 sec this turn | 300 sec total\n|\n|t:|1783561261\n|move|p2a: Farigiraf|Protect|p2a: Farigiraf\n|-singleturn|p2a: Farigiraf|Protect\n|move|p1a: Floatzel|Wave Crash|p2a: Farigiraf\n|-activate|p2a: Farigiraf|move: Protect\n|\n|-heal|p2a: Farigiraf|362/362|[from] move: Wish|[wisher] Farigiraf\n|upkeep\n|turn|21\n|inactive|Time left: 300 sec this turn | 300 sec total\n|\n|t:|1783561262\n|move|p1a: Floatzel|Wave Crash|p2a: Farigiraf\n|-damage|p2a: Farigiraf|125/362\n|-damage|p1a: Floatzel|73/100|[from] Recoil\n|move|p2a: Farigiraf|Psychic Noise|p1a: Floatzel\n|-damage|p1a: Floatzel|19/100\n|-start|p1a: Floatzel|move: Heal Block\n|\n|-heal|p2a: Farigiraf|147/362|[from] item: Leftovers\n|upkeep\n|turn|22\n|inactive|Time left: 300 sec this turn | 300 sec total\n|\n|t:|1783561263\n|move|p2a: Farigiraf|Protect|p2a: Farigiraf\n|-singleturn|p2a: Farigiraf|Protect\n|move|p1a: Floatzel|Wave Crash|p2a: Farigiraf\n|-activate|p2a: Farigiraf|move: Protect\n|\n|-heal|p2a: Farigiraf|169/362|[from] item: Leftovers\n|-end|p1a: Floatzel|move: Heal Block\n|upkeep\n|turn|23\n|inactive|Time left: 300 sec this turn | 300 sec total\n|\n|t:|1783561264\n|switch|p2a: Avalugg|Avalugg-Hisui, L90, M|317/317\n|move|p1a: Floatzel|Wave Crash|p2a: Avalugg\n|-supereffective|p2a: Avalugg\n|-damage|p2a: Avalugg|113/317\n|-damage|p1a: Floatzel|0 fnt|[from] Recoil\n|faint|p1a: Floatzel\n|\n|upkeep\n|\n|t:|1783561265\n|switch|p1a: Rabsca|Rabsca, L91, F|10/100\n|turn|24\n|inactive|Time left: 300 sec this turn | 300 sec total\n|\n|t:|1783561266\n|move|p1a: Rabsca|Bug Buzz|p2a: Avalugg\n|-damage|p2a: Avalugg|0 fnt\n|faint|p2a: Avalugg\n|\n|upkeep\n|inactive|Time left: 300 sec this turn | 300 sec total | 5 sec grace\n|\n|t:|1783561267\n|switch|p2a: Farigiraf|Farigiraf, L90, F|169/362\n|turn|25\n|inactive|Time left: 300 sec this turn | 300 sec total\n|\n|t:|1783561268\n|switch|p1a: Masquerain|Masquerain, L87, M|31/100 par\n|-ability|p1a: Masquerain|Intimidate|boost\n|-unboost|p2a: Farigiraf|atk|1\n|move|p2a: Farigiraf|Psychic Noise|p1a: Masquerain\n|-damage|p1a: Masquerain|0 fnt\n|faint|p1a: Masquerain\n|\n|-heal|p2a: Farigiraf|191/362|[from] item: Leftovers\n|upkeep\n|\n|t:|1783561269\n|switch|p1a: Ampharos|Ampharos, L88, F|80/100\n|-activate|p1a: Ampharos|move: Sticky Web\n|-unboost|p1a: Ampharos|spe|1\n|turn|26\n|inactive|Time left: 300 sec this turn | 300 sec total\n|\n|t:|1783561270\n|move|p2a: Farigiraf|Wish|p2a: Farigiraf\n|move|p1a: Ampharos|Discharge|p2a: Farigiraf\n|-damage|p2a: Farigiraf|67/362\n|-status|p2a: Farigiraf|par\n|\n|-heal|p2a: Farigiraf|89/362 par|[from] item: Leftovers\n|upkeep\n|turn|27\n|inactive|Time left: 300 sec this turn | 300 sec total\n|\n|t:|1783561271\n|move|p2a: Farigiraf|Protect|p2a: Farigiraf\n|-singleturn|p2a: Farigiraf|Protect\n|move|p1a: Ampharos|Discharge|p2a: Farigiraf\n|-activate|p2a: Farigiraf|move: Protect\n|\n|-heal|p2a: Farigiraf|270/362 par|[from] move: Wish|[wisher] Farigiraf\n|-heal|p2a: Farigiraf|292/362 par|[from] item: Leftovers\n|upkeep\n|turn|28\n|inactive|Time left: 300 sec this turn | 300 sec total\n|\n|t:|1783561272\n|move|p1a: Ampharos|Volt Switch|p2a: Farigiraf\n|-damage|p2a: Farigiraf|183/362 par\n|\n|t:|1783561273\n|switch|p1a: Rabsca|Rabsca, L91, F|10/100|[from] Volt Switch\n|cant|p2a: Farigiraf|par\n|\n|-heal|p2a: Farigiraf|205/362 par|[from] item: Leftovers\n|upkeep\n|turn|29\n|inactive|Time left: 300 sec this turn | 300 sec total\n|\n|t:|1783561273\n|move|p2a: Farigiraf|Protect|p2a: Farigiraf\n|-singleturn|p2a: Farigiraf|Protect\n|move|p1a: Rabsca|Bug Buzz|p2a: Farigiraf\n|-activate|p2a: Farigiraf|move: Protect\n|\n|-heal|p2a: Farigiraf|227/362 par|[from] item: Leftovers\n|upkeep\n|turn|30\n|inactive|Time left: 300 sec this turn | 300 sec total\n|\n|t:|1783561274\n|move|p2a: Farigiraf|Protect|p2a: Farigiraf\n|-singleturn|p2a: Farigiraf|Protect\n|move|p1a: Rabsca|Bug Buzz|p2a: Farigiraf\n|-activate|p2a: Farigiraf|move: Protect\n|\n|-heal|p2a: Farigiraf|249/362 par|[from] item: Leftovers\n|upkeep\n|turn|31\n|inactive|Time left: 300 sec this turn | 300 sec total\n|\n|t:|1783561275\n|move|p2a: Farigiraf|Protect||[still]\n|-fail|p2a: Farigiraf\n|move|p1a: Rabsca|Bug Buzz|p2a: Farigiraf\n|-supereffective|p2a: Farigiraf\n|-damage|p2a: Farigiraf|0 fnt\n|faint|p2a: Farigiraf\n|\n|win|p0x18355a4e", "uploadtime": 1783561275, "views": 0, "rating": 0, "private": 0, "password": null, "_winner": "p0x18355a4e", "_our_name": "p0y1835f03e"}