{"id": "battle-gen9randombattle-437", "formatid": "gen9randombattle", "format": "[Gen 9] Random Battle", "players": ["p0x4375876", "p0y4373156"], "log": "|init|battle\n|title|p0x4375876 vs. p0y4373156\n|j|\u2606p0x4375876\n|j|\u2606p0y4373156\n|t:|1783544805\n|gametype|singles\n|player|p1|p0x4375876|2|\n|player|p2|p0y4373156|169|\n|gen|9\n|tier|[Gen 9] Random Battle\n|rule|Species Clause: Limit one of each Pok\u00e9mon\n|rule|HP Percentage Mod: HP is shown in percentages\n|rule|Sleep Clause Mod: Limit one foe put to sleep\n|rule|Illusion Level Mod: Illusion disguises the Pok\u00e9mon's true level\n|\n|t:|1783544805\n|teamsize|p1|6\n|teamsize|p2|6\n|start\n|switch|p1a: Porygon-Z|Porygon-Z, L83|100/100\n|switch|p2a: Floatzel|Floatzel, L86, M|286/286\n|-ability|p1a: Porygon-Z|Download|boost\n|-boost|p1a: Porygon-Z|spa|1\n|turn|1\n|inactive|Battle timer is ON: inactive players will automatically lose when time's up. (requested by p0x4375876)\n|inactive|Time left: 300 sec this turn | 300 sec total | 60 sec grace\n|\n|t:|1783544806\n|switch|p2a: Oranguru|Oranguru, L92, M|315/315\n|move|p1a: Porygon-Z|Thunderbolt|p2a: Oranguru\n|-damage|p2a: Oranguru|219/315\n|-status|p2a: Oranguru|par\n|\n|-heal|p2a: Oranguru|238/315 par|[from] item: Leftovers\n|upkeep\n|turn|2\n|inactive|Time left: 300 sec this turn | 300 sec total\n|inactive|p0y4373156 also wants the timer to be on.\n|\n|t:|1783544807\n|move|p1a: Porygon-Z|Thunderbolt|p2a: Oranguru\n|-damage|p2a: Oranguru|152/315 par\n|move|p2a: Oranguru|Nasty Plot|p2a: Oranguru\n|-boost|p2a: Oranguru|spa|2\n|\n|-heal|p2a: Oranguru|171/315 par|[from] item: Leftovers\n|upkeep\n|turn|3\n|inactive|Time left: 300 sec this turn | 300 sec total\n|\n|t:|1783544809\n|move|p1a: Porygon-Z|Thunderbolt|p2a: Oranguru\n|-damage|p2a: Oranguru|84/315 par\n|move|p2a: Oranguru|Psychic|p1a: Porygon-Z\n|-damage|p1a: Porygon-Z|11/100\n|\n|-heal|p2a: Oranguru|103/315 par|[from] item: Leftovers\n|upkeep\n|turn|4\n|inactive|Time left: 300 sec this turn | 300 sec total\n|\n|t:|1783544810\n|-terastallize|p2a: Oranguru|Electric\n|move|p1a: Porygon-Z|Thunderbolt|p2a: Oranguru\n|-resisted|p2a: Oranguru\n|-damage|p2a: Oranguru|55/315 par\n|cant|p2a: Oranguru|par\n|\n|-heal|p2a: Oranguru|74/315 par|[from] item: Leftovers\n|upkeep\n|turn|5\n|inactive|Time left: 300 sec this turn | 300 sec total\n|\n|t:|1783544811\n|move|p1a: Porygon-Z|Thunderbolt|p2a: Oranguru\n|-resisted|p2a: Oranguru\n|-damage|p2a: Oranguru|28/315 par\n|move|p2a: Oranguru|Psychic|p1a: Porygon-Z\n|-damage|p1a: Porygon-Z|0 fnt\n|faint|p1a: Porygon-Z\n|\n|-heal|p2a: Oranguru|47/315 par|[from] item: Leftovers\n|upkeep\n|\n|t:|1783544812\n|switch|p1a: Charizard|Charizard, L85, M|100/100\n|turn|6\n|inactive|Time left: 300 sec this turn | 300 sec total\n|\n|t:|1783544814\n|move|p1a: Charizard|Earthquake|p2a: Oranguru\n|-supereffective|p2a: Oranguru\n|-damage|p2a: Oranguru|0 fnt\n|faint|p2a: Oranguru\n|\n|upkeep\n|inactive|Time left: 300 sec this turn | 300 sec total | 5 sec grace\n|\n|t:|1783544815\n|switch|p2a: Floatzel|Floatzel, L86, M|286/286\n|turn|7\n|inactive|Time left: 300 sec this turn | 300 sec total\n|\n|t:|1783544816\n|switch|p1a: Zarude|Zarude-Dada, L77|100/100\n|move|p2a: Floatzel|Wave Crash|p1a: Zarude\n|-resisted|p1a: Zarude\n|-damage|p1a: Zarude|77/100\n|-damage|p2a: Floatzel|264/286|[from] Recoil\n|\n|-heal|p2a: Floatzel|281/286|[from] item: Leftovers\n|-heal|p1a: Zarude|83/100|[from] item: Leftovers\n|upkeep\n|turn|8\n|inactive|Time left: 300 sec this turn | 300 sec total\n|\n|t:|1783544818\n|switch|p2a: Braviary|Braviary, L85, M|309/309\n|move|p1a: Zarude|Knock Off|p2a: Braviary\n|-damage|p2a: Braviary|194/309\n|-enditem|p2a: Braviary|Heavy-Duty Boots|[from] move: Knock Off|[of] p1a: Zarude\n|\n|-heal|p1a: Zarude|89/100|[from] item: Leftovers\n|upkeep\n|turn|9\n|inactive|Time left: 300 sec this turn | 300 sec total\n|\n|t:|1783544819\n|switch|p1a: Lanturn|Lanturn, L89, F|100/100\n|move|p2a: Braviary|Brave Bird|p1a: Lanturn\n|-resisted|p1a: Lanturn\n|-damage|p1a: Lanturn|72/100\n|-damage|p2a: Braviary|159/309|[from] Recoil\n|\n|upkeep\n|turn|10\n|inactive|Time left: 300 sec this turn | 300 sec total\n|\n|t:|1783544820\n|move|p2a: Braviary|Roost|p2a: Braviary\n|-heal|p2a: Braviary|309/309\n|-singleturn|p2a: Braviary|move: Roost\n|move|p1a: Lanturn|Thunderbolt|p2a: Braviary\n|-damage|p2a: Braviary|210/309\n|\n|upkeep\n|turn|11\n|inactive|Time left: 300 sec this turn | 300 sec total\n|\n|t:|1783544821\n|move|p2a: Braviary|Roost|p2a: Braviary\n|-heal|p2a: Braviary|309/309\n|-singleturn|p2a: Braviary|move: Roost\n|move|p1a: Lanturn|Scald|p2a: Braviary\n|-damage|p2a: Braviary|227/309\n|\n|upkeep\n|turn|12\n|inactive|Time left: 300 sec this turn | 300 sec total\n|\n|t:|1783544822\n|move|p2a: Braviary|Roost|p2a: Braviary\n|-heal|p2a: Braviary|309/309\n|-singleturn|p2a: Braviary|move: Roost\n|move|p1a: Lanturn|Thunderbolt|p2a: Braviary\n|-damage|p2a: Braviary|218/309\n|\n|upkeep\n|turn|13\n|inactive|Time left: 300 sec this turn | 300 sec total\n|\n|t:|1783544823\n|move|p2a: Braviary|Roost|p2a: Braviary\n|-heal|p2a: Braviary|309/309\n|-singleturn|p2a: Braviary|move: Roost\n|move|p1a: Lanturn|Thunderbolt|p2a: Braviary\n|-damage|p2a: Braviary|210/309\n|\n|upkeep\n|turn|14\n|inactive|Time left: 300 sec this turn | 300 sec total\n|\n|t:|1783544824\n|move|p2a: Braviary|Roost|p2a: Braviary\n|-heal|p2a: Braviary|309/309\n|-singleturn|p2a: Braviary|move: Roost\n|move|p1a: Lanturn|Thunderbolt|p2a: Braviary\n|-damage|p2a: Braviary|201/309\n|\n|upkeep\n|turn|15\n|inactive|Time left: 300 sec this turn | 300 sec total\n|\n|t:|1783544826\n|move|p2a: Braviary|Roost|p2a: Braviary\n|-heal|p2a: Braviary|309/309\n|-singleturn|p2a: Braviary|move: Roost\n|move|p1a: Lanturn|Thunderbolt|p2a: Braviary\n|-damage|p2a: Braviary|218/309\n|\n|upkeep\n|turn|16\n|inactive|Time left: 300 sec this turn | 300 sec total\n|\n|t:|1783544827\n|move|p2a: Braviary|Roost|p2a: Braviary\n|-heal|p2a: Braviary|309/309\n|-singleturn|p2a: Braviary|move: Roost\n|move|p1a: Lanturn|Thunderbolt|p2a: Braviary\n|-damage|p2a: Braviary|210/309\n|\n|upkeep\n|turn|17\n|inactive|Time left: 300 sec this turn | 300 sec total\n|\n|t:|1783544828\n|move|p2a: Braviary|Roost|p2a: Braviary\n|-heal|p2a: Braviary|309/309\n|-singleturn|p2a: Braviary|move: Roost\n|move|p1a: Lanturn|Thunderbolt|p2a: Braviary\n|-damage|p2a: Braviary|215/309\n|\n|upkeep\n|turn|18\n|inactive|Time left: 300 sec this turn | 300 sec total\n|\n|t:|1783544829\n|switch|p2a: Hypno|Hypno, L95, M|315/315\n|move|p1a: Lanturn|Volt Switch|p2a: Hypno\n|-damage|p2a: Hypno|263/315\n|\n|t:|1783544830\n|switch|p1a: Zarude|Zarude-Dada, L77|89/100|[from] Volt Switch\n|\n|-heal|p1a: Zarude|96/100|[from] item: Leftovers\n|-heal|p2a: Hypno|282/315|[from] item: Leftovers\n|upkeep\n|turn|19\n|inactive|Time left: 300 sec this turn | 300 sec total\n|\n|t:|1783544831\n|switch|p2a: Braviary|Braviary, L85, M|215/309\n|move|p1a: Zarude|Knock Off|p2a: Braviary\n|-damage|p2a: Braviary|140/309\n|\n|-heal|p1a: Zarude|100/100|[from] item: Leftovers\n|upkeep\n|turn|20\n|inactive|Time left: 300 sec this turn | 300 sec total\n|\n|t:|1783544832\n|switch|p1a: Lanturn|Lanturn, L89, F|72/100\n|move|p2a: Braviary|Brave Bird|p1a: Lanturn\n|-resisted|p1a: Lanturn\n|-damage|p1a: Lanturn|43/100\n|-damage|p2a: Braviary|105/309|[from] Recoil\n|\n|upkeep\n|turn|21\n|inactive|Time left: 300 sec this turn | 300 sec total\n|\n|t:|1783544833\n|switch|p2a: Hypno|Hypno, L95, M|282/315\n|move|p1a: Lanturn|Volt Switch|p2a: Hypno\n|-damage|p2a: Hypno|236/315\n|\n|t:|1783544834\n|switch|p1a: Zarude|Zarude-Dada, L77|100/100|[from] Volt Switch\n|\n|-heal|p2a: Hypno|255/315|[from] item: Leftovers\n|upkeep\n|turn|22\n|inactive|Time left: 300 sec this turn | 300 sec total\n|\n|t:|1783544836\n|switch|p2a: Scizor|Scizor, L79, M|240/240\n|move|p1a: Zarude|Knock Off|p2a: Scizor\n|-damage|p2a: Scizor|134/240\n|-enditem|p2a: Scizor|Choice Band|[from] move: Knock Off|[of] p1a: Zarude\n|\n|upkeep\n|turn|23\n|inactive|Time left: 300 sec this turn | 300 sec total\n|\n|t:|1783544837\n|-terastallize|p1a: Zarude|Grass\n|move|p1a: Zarude|Swords Dance|p1a: Zarude\n|-boost|p1a: Zarude|atk|2\n|move|p2a: Scizor|U-turn|p1a: Zarude\n|-supereffective|p1a: Zarude\n|-damage|p1a: Zarude|48/100\n|inactive|Time left: 300 sec this turn | 300 sec total | 5 sec grace\n|\n|t:|1783544838\n|switch|p2a: Lumineon|Lumineon, L93, F|279/279|[from] U-turn\n|\n|-heal|p1a: Zarude|54/100|[from] item: Leftovers\n|upkeep\n|turn|24\n|inactive|Time left: 300 sec this turn | 300 sec total\n|\n|t:|1783544839\n|move|p2a: Lumineon|Encore|p1a: Zarude\n|-start|p1a: Zarude|Encore\n|move|p1a: Zarude|Swords Dance|p1a: Zarude\n|-boost|p1a: Zarude|atk|2\n|\n|-heal|p1a: Zarude|60/100|[from] item: Leftovers\n|upkeep\n|turn|25\n|inactive|Time left: 300 sec this turn | 300 sec total\n|\n|t:|1783544840\n|switch|p1a: Lanturn|Lanturn, L89, F|43/100\n|move|p2a: Lumineon|Ice Beam|p1a: Lanturn\n|-resisted|p1a: Lanturn\n|-damage|p1a: Lanturn|35/100\n|\n|upkeep\n|turn|26\n|inactive|Time left: 300 sec this turn | 300 sec total\n|\n|t:|1783544841\n|move|p2a: Lumineon|U-turn|p1a: Lanturn\n|-damage|p1a: Lanturn|19/100\n|inactive|Time left: 300 sec this turn | 300 sec total | 5 sec grace\n|\n|t:|1783544842\n|switch|p2a: Hypno|Hypno, L95, M|255/315|[from] U-turn\n|move|p1a: Lanturn|Volt Switch|p2a: Hypno\n|-damage|p2a: Hypno|207/315\n|\n|t:|1783544843\n|switch|p1a: Zarude|Zarude-Dada, L77, tera:Grass|60/100|[from] Volt Switch\n|\n|-heal|p1a: Zarude|66/100|[from] item: Leftovers\n|-heal|p2a: Hypno|226/315|[from] item: Leftovers\n|upkeep\n|turn|27\n|inactive|Time left: 300 sec this turn | 300 sec total\n|\n|t:|1783544843\n|switch|p2a: Scizor|Scizor, L79, M|134/240\n|move|p1a: Zarude|Knock Off|p2a: Scizor\n|-damage|p2a: Scizor|65/240\n|\n|-heal|p1a: Zarude|73/100|[from] item: Leftovers\n|upkeep\n|turn|28\n|inactive|Time left: 300 sec this turn | 300 sec total\n|\n|t:|1783544844\n|move|p1a: Zarude|Knock Off|p2a: Scizor\n|-crit|p2a: Scizor\n|-damage|p2a: Scizor|0 fnt\n|faint|p2a: Scizor\n|\n|-heal|p1a: Zarude|79/100|[from] item: Leftovers\n|upkeep\n|inactive|Time left: 300 sec this turn | 300 sec total | 5 sec grace\n|\n|t:|1783544845\n|switch|p2a: Braviary|Braviary, L85, M|105/309\n|turn|29\n|inactive|Time left: 300 sec this turn | 300 sec total\n|\n|t:|1783544846\n|switch|p1a: Charizard|Charizard, L85, M|100/100\n|move|p2a: Braviary|Brave Bird|p1a: Charizard\n|-damage|p1a: Charizard|34/100\n|-damage|p2a: Braviary|45/309|[from] Recoil\n|\n|upkeep\n|turn|30\n|inactive|Time left: 300 sec this turn | 300 sec total\n|\n|t:|1783544847\n|move|p1a: Charizard|Flamethrower|p2a: Braviary\n|-damage|p2a: Braviary|0 fnt\n|faint|p2a: Braviary\n|\n|upkeep\n|inactive|Time left: 300 sec this turn | 300 sec total | 5 sec grace\n|\n|t:|1783544848\n|switch|p2a: Lumineon|Lumineon, L93, F|279/279\n|turn|31\n|inactive|Time left: 300 sec this turn | 300 sec total\n|\n|t:|1783544849\n|switch|p1a: Zarude|Zarude-Dada, L77, tera:Grass|79/100\n|move|p2a: Lumineon|Ice Beam|p1a: Zarude\n|-supereffective|p1a: Zarude\n|-damage|p1a: Zarude|34/100\n|\n|-heal|p1a: Zarude|40/100|[from] item: Leftovers\n|upkeep\n|turn|32\n|inactive|Time left: 300 sec this turn | 300 sec total\n|\n|t:|1783544851\n|switch|p1a: Lanturn|Lanturn, L89, F|19/100\n|move|p2a: Lumineon|Ice Beam|p1a: Lanturn\n|-resisted|p1a: Lanturn\n|-damage|p1a: Lanturn|11/100\n|\n|upkeep\n|turn|33\n|inactive|Time left: 300 sec this turn | 300 sec total\n|\n|t:|1783544852\n|move|p2a: Lumineon|U-turn|p1a: Lanturn\n|-damage|p1a: Lanturn|0 fnt\n|faint|p1a: Lanturn\n|inactive|Time left: 300 sec this turn | 300 sec total | 5 sec grace\n|\n|t:|1783544853\n|switch|p2a: Floatzel|Floatzel, L86, M|281/286|[from] U-turn\n|\n|-heal|p2a: Floatzel|286/286|[from] item: Leftovers\n|upkeep\n|\n|t:|1783544854\n|switch|p1a: Meloetta|Meloetta, L82|100/100\n|turn|34\n|inactive|Time left: 300 sec this turn | 300 sec total\n|\n|t:|1783544855\n|move|p2a: Floatzel|Bulk Up|p2a: Floatzel\n|-boost|p2a: Floatzel|atk|1\n|-boost|p2a: Floatzel|def|1\n|move|p1a: Meloetta|Relic Song|p2a: Floatzel\n|-damage|p2a: Floatzel|111/286\n|-formechange|p1a: Meloetta|Meloetta-Pirouette|[msg]\n|-damage|p1a: Meloetta|91/100|[from] item: Life Orb\n|\n|-heal|p2a: Floatzel|128/286|[from] item: Leftovers\n|upkeep\n|turn|35\n|inactive|Time left: 300 sec this turn | 300 sec total\n|\n|t:|1783544856\n|move|p1a: Meloetta|Close Combat|p2a: Floatzel\n|-damage|p2a: Floatzel|0 fnt\n|-unboost|p1a: Meloetta|def|1\n|-unboost|p1a: Meloetta|spd|1\n|faint|p2a: Floatzel\n|-damage|p1a: Meloetta|81/100|[from] item: Life Orb\n|\n|upkeep\n|inactive|Time left: 300 sec this turn | 300 sec total | 5 sec grace\n|\n|t:|1783544857\n|switch|p2a: Lumineon|Lumineon, L93, F|279/279\n|turn|36\n|inactive|Time left: 300 sec this turn | 300 sec total\n|\n|t:|1783544858\n|move|p1a: Meloetta|Knock Off|p2a: Lumineon\n|-damage|p2a: Lumineon|163/279\n|-enditem|p2a: Lumineon|Heavy-Duty Boots|[from] move: Knock Off|[of] p1a: Meloetta\n|-damage|p1a: Meloetta|71/100|[from] item: Life Orb\n|move|p2a: Lumineon|Hydro Pump|p1a: Meloetta\n|-damage|p1a: Meloetta|6/100\n|\n|upkeep\n|turn|37\n|inactive|Time left: 300 sec this turn | 300 sec total\n|\n|t:|1783544859\n|switch|p2a: Hypno|Hypno, L95, M|226/315\n|move|p1a: Meloetta|Close Combat|p2a: Hypno\n|-resisted|p2a: Hypno\n|-damage|p2a: Hypno|118/315\n|-unboost|p1a: Meloetta|def|1\n|-unboost|p1a: Meloetta|spd|1\n|-damage|p1a: Meloetta|0 fnt|[from] item: Life Orb\n|faint|p1a: Meloetta\n|\n|-heal|p2a: Hypno|137/315|[from] item: Leftovers\n|upkeep\n|\n|t:|1783544860\n|switch|p1a: Zarude|Zarude-Dada, L77, tera:Grass|40/100\n|turn|38\n|inactive|Time left: 300 sec this turn | 300 sec total\n|\n|t:|1783544861\n|move|p2a: Hypno|Protect|p2a: Hypno\n|-singleturn|p2a: Hypno|Protect\n|move|p1a: Zarude|Power Whip|p2a: Hypno\n|-activate|p2a: Hypno|move: Protect\n|\n|-heal|p1a: Zarude|46/100|[from] item: Leftovers\n|-heal|p2a: Hypno|156/315|[from] item: Leftovers\n|upkeep\n|turn|39\n|inactive|Time left: 300 sec this turn | 300 sec total\n|\n|t:|1783544862\n|move|p1a: Zarude|Power Whip|p2a: Hypno\n|-damage|p2a: Hypno|0 fnt\n|faint|p2a: Hypno\n|\n|-heal|p1a: Zarude|53/100|[from] item: Leftovers\n|upkeep\n|inactive|Time left: 300 sec this turn | 300 sec total | 5 sec grace\n|\n|t:|1783544863\n|switch|p2a: Lumineon|Lumineon, L93, F|163/279\n|turn|40\n|inactive|Time left: 300 sec this turn | 300 sec total\n|\n|t:|1783544864\n|move|p2a: Lumineon|Ice Beam|p1a: Zarude\n|-supereffective|p1a: Zarude\n|-damage|p1a: Zarude|13/100\n|move|p1a: Zarude|Power Whip|p2a: Lumineon|[miss]\n|-miss|p1a: Zarude|p2a: Lumineon\n|\n|-heal|p1a: Zarude|19/100|[from] item: Leftovers\n|upkeep\n|turn|41\n|inactive|Time left: 300 sec this turn | 300 sec total\n|\n|t:|1783544865\n|switch|p1a: Charizard|Charizard, L85, M|34/100\n|move|p2a: Lumineon|Ice Beam|p1a: Charizard\n|-damage|p1a: Charizard|12/100\n|\n|upkeep\n|turn|42\n|inactive|Time left: 300 sec this turn | 300 sec total\n|\n|t:|1783544866\n|move|p2a: Lumineon|Ice Beam|p1a: Charizard\n|-damage|p1a: Charizard|0 fnt\n|faint|p1a: Charizard\n|\n|upkeep\n|\n|t:|1783544867\n|switch|p1a: Flygon|Flygon, L82, F|100/100\n|turn|43\n|inactive|Time left: 300 sec this turn | 300 sec total\n|\n|t:|1783544868\n|move|p2a: Lumineon|Ice Beam|p1a: Flygon\n|-supereffective|p1a: Flygon\n|-damage|p1a: Flygon|4/100\n|move|p1a: Flygon|Dragon Dance|p1a: Flygon\n|-boost|p1a: Flygon|atk|1\n|-boost|p1a: Flygon|spe|1\n|\n|upkeep\n|turn|44\n|inactive|Time left: 300 sec this turn | 300 sec total\n|\n|t:|1783544869\n|move|p1a: Flygon|Outrage|p2a: Lumineon\n|-damage|p2a: Lumineon|0 fnt\n|faint|p2a: Lumineon\n|\n|win|p0x4375876", "uploadtime": 1783544869, "views": 0, "rating": 0, "private": 0, "password": null, "_winner": "p0x4375876", "_our_name": "p0y4373156"}