{"id": "battle-gen9randombattle-2050", "formatid": "gen9randombattle", "format": "[Gen 9] Random Battle", "players": ["p0x2050af43", "p0y2050dc3f"], "log": "|init|battle\n|title|p0x2050af43 vs. p0y2050dc3f\n|j|\u2606p0x2050af43\n|j|\u2606p0y2050dc3f\n|t:|1783563736\n|gametype|singles\n|player|p1|p0x2050af43|266|\n|player|p2|p0y2050dc3f|266|\n|gen|9\n|tier|[Gen 9] Random Battle\n|rule|Species Clause: Limit one of each Pok\u00e9mon\n|rule|HP Percentage Mod: HP is shown in percentages\n|rule|Sleep Clause Mod: Limit one foe put to sleep\n|rule|Illusion Level Mod: Illusion disguises the Pok\u00e9mon's true level\n|\n|t:|1783563736\n|teamsize|p1|6\n|teamsize|p2|6\n|start\n|switch|p1a: Empoleon|Empoleon, L84, F|100/100\n|switch|p2a: Iron Crown|Iron Crown, L78|268/268\n|turn|1\n|inactive|Battle timer is ON: inactive players will automatically lose when time's up. (requested by p0x2050af43)\n|inactive|Time left: 300 sec this turn | 300 sec total | 60 sec grace\n|inactive|p0y2050dc3f also wants the timer to be on.\n|\n|t:|1783563737\n|move|p2a: Iron Crown|Focus Blast|p1a: Empoleon|[miss]\n|-miss|p2a: Iron Crown|p1a: Empoleon\n|move|p1a: Empoleon|Surf|p2a: Iron Crown\n|-damage|p2a: Iron Crown|169/268\n|\n|upkeep\n|turn|2\n|inactive|Time left: 300 sec this turn | 300 sec total\n|\n|t:|1783563739\n|move|p2a: Iron Crown|Focus Blast|p1a: Empoleon\n|-supereffective|p1a: Empoleon\n|-damage|p1a: Empoleon|22/100\n|-unboost|p1a: Empoleon|spd|1\n|-ability|p1a: Empoleon|Competitive|boost\n|-boost|p1a: Empoleon|spa|2\n|move|p1a: Empoleon|Surf|p2a: Iron Crown\n|-damage|p2a: Iron Crown|0 fnt\n|faint|p2a: Iron Crown\n|-end|p2a: Iron Crown|Quark Drive|[silent]\n|\n|-heal|p1a: Empoleon|28/100|[from] item: Leftovers\n|upkeep\n|inactive|Time left: 300 sec this turn | 300 sec total | 5 sec grace\n|\n|t:|1783563740\n|switch|p2a: Mienshao|Mienshao, L83, F|244/244\n|turn|3\n|inactive|Time left: 300 sec this turn | 300 sec total\n|\n|t:|1783563741\n|move|p2a: Mienshao|Knock Off|p1a: Empoleon\n|-damage|p1a: Empoleon|0 fnt\n|-enditem|p1a: Empoleon|Leftovers|[from] move: Knock Off|[of] p2a: Mienshao\n|faint|p1a: Empoleon\n|\n|upkeep\n|\n|t:|1783563742\n|switch|p1a: Greedent|Greedent, L86, F|100/100\n|turn|4\n|inactive|Time left: 300 sec this turn | 300 sec total\n|\n|t:|1783563743\n|move|p2a: Mienshao|Close Combat|p1a: Greedent\n|-supereffective|p1a: Greedent\n|-damage|p1a: Greedent|19/100\n|-unboost|p2a: Mienshao|def|1\n|-unboost|p2a: Mienshao|spd|1\n|-enditem|p1a: Greedent|Sitrus Berry|[eat]\n|-heal|p1a: Greedent|43/100|[from] item: Sitrus Berry\n|-heal|p1a: Greedent|77/100|[from] ability: Cheek Pouch\n|move|p1a: Greedent|Swords Dance|p1a: Greedent\n|-boost|p1a: Greedent|atk|2\n|\n|upkeep\n|turn|5\n|inactive|Time left: 300 sec this turn | 300 sec total\n|\n|t:|1783563744\n|-terastallize|p1a: Greedent|Ground\n|move|p2a: Mienshao|Close Combat|p1a: Greedent\n|-damage|p1a: Greedent|35/100\n|-unboost|p2a: Mienshao|def|1\n|-unboost|p2a: Mienshao|spd|1\n|move|p1a: Greedent|Earthquake|p2a: Mienshao\n|-damage|p2a: Mienshao|0 fnt\n|faint|p2a: Mienshao\n|\n|upkeep\n|inactive|Time left: 300 sec this turn | 300 sec total | 5 sec grace\n|\n|t:|1783563745\n|switch|p2a: Slowbro|Slowbro, L85, M|300/300\n|turn|6\n|inactive|Time left: 300 sec this turn | 300 sec total\n|\n|t:|1783563746\n|move|p2a: Slowbro|Scald|p1a: Greedent\n|-supereffective|p1a: Greedent\n|-damage|p1a: Greedent|0 fnt\n|faint|p1a: Greedent\n|\n|upkeep\n|\n|t:|1783563748\n|switch|p1a: Jolteon|Jolteon, L84, F|100/100\n|turn|7\n|inactive|Time left: 300 sec this turn | 300 sec total\n|\n|t:|1783563749\n|switch|p2a: Gliscor|Gliscor, L76, F|239/239\n|move|p1a: Jolteon|Calm Mind|p1a: Jolteon\n|-boost|p1a: Jolteon|spa|1\n|-boost|p1a: Jolteon|spd|1\n|\n|-status|p2a: Gliscor|tox|[from] item: Toxic Orb\n|upkeep\n|turn|8\n|inactive|Time left: 300 sec this turn | 300 sec total\n|\n|t:|1783563750\n|move|p1a: Jolteon|Substitute|p1a: Jolteon\n|-start|p1a: Jolteon|Substitute\n|-damage|p1a: Jolteon|76/100\n|move|p2a: Gliscor|Earthquake|p1a: Jolteon\n|-supereffective|p1a: Jolteon\n|-end|p1a: Jolteon|Substitute\n|\n|-heal|p1a: Jolteon|82/100|[from] item: Leftovers\n|upkeep\n|turn|9\n|inactive|Time left: 300 sec this turn | 300 sec total\n|\n|t:|1783563751\n|move|p1a: Jolteon|Substitute|p1a: Jolteon\n|-start|p1a: Jolteon|Substitute\n|-damage|p1a: Jolteon|57/100\n|move|p2a: Gliscor|Earthquake|p1a: Jolteon\n|-supereffective|p1a: Jolteon\n|-end|p1a: Jolteon|Substitute\n|\n|-heal|p1a: Jolteon|63/100|[from] item: Leftovers\n|upkeep\n|turn|10\n|inactive|Time left: 300 sec this turn | 300 sec total\n|\n|t:|1783563752\n|move|p1a: Jolteon|Substitute|p1a: Jolteon\n|-start|p1a: Jolteon|Substitute\n|-damage|p1a: Jolteon|38/100\n|move|p2a: Gliscor|Earthquake|p1a: Jolteon\n|-supereffective|p1a: Jolteon\n|-end|p1a: Jolteon|Substitute\n|\n|-heal|p1a: Jolteon|44/100|[from] item: Leftovers\n|upkeep\n|turn|11\n|inactive|Time left: 300 sec this turn | 300 sec total\n|\n|t:|1783563753\n|move|p1a: Jolteon|Substitute|p1a: Jolteon\n|-start|p1a: Jolteon|Substitute\n|-damage|p1a: Jolteon|20/100\n|move|p2a: Gliscor|Earthquake|p1a: Jolteon\n|-supereffective|p1a: Jolteon\n|-end|p1a: Jolteon|Substitute\n|\n|-heal|p1a: Jolteon|26/100|[from] item: Leftovers\n|upkeep\n|turn|12\n|inactive|Time left: 300 sec this turn | 300 sec total\n|\n|t:|1783563754\n|move|p1a: Jolteon|Tera Blast|p2a: Gliscor\n|-damage|p2a: Gliscor|116/239 tox\n|move|p2a: Gliscor|Earthquake|p1a: Jolteon\n|-supereffective|p1a: Jolteon\n|-damage|p1a: Jolteon|0 fnt\n|faint|p1a: Jolteon\n|\n|-heal|p2a: Gliscor|145/239 tox|[from] ability: Poison Heal\n|upkeep\n|\n|t:|1783563755\n|switch|p1a: Magmortar|Magmortar, L88, F|100/100\n|turn|13\n|inactive|Time left: 300 sec this turn | 300 sec total\n|\n|t:|1783563756\n|move|p2a: Gliscor|Protect|p2a: Gliscor\n|-singleturn|p2a: Gliscor|Protect\n|move|p1a: Magmortar|Fire Blast|p2a: Gliscor\n|-activate|p2a: Gliscor|move: Protect\n|\n|-heal|p2a: Gliscor|174/239 tox|[from] ability: Poison Heal\n|upkeep\n|turn|14\n|inactive|Time left: 300 sec this turn | 300 sec total\n|\n|t:|1783563757\n|switch|p2a: Slowbro|Slowbro, L85, M|300/300\n|move|p1a: Magmortar|Fire Blast|p2a: Slowbro\n|-resisted|p2a: Slowbro\n|-damage|p2a: Slowbro|213/300\n|\n|-heal|p2a: Slowbro|231/300|[from] item: Leftovers\n|upkeep\n|turn|15\n|inactive|Time left: 300 sec this turn | 300 sec total\n|\n|t:|1783563758\n|move|p1a: Magmortar|Thunderbolt|p2a: Slowbro\n|-supereffective|p2a: Slowbro\n|-damage|p2a: Slowbro|47/300\n|move|p2a: Slowbro|Scald|p1a: Magmortar\n|-supereffective|p1a: Magmortar\n|-damage|p1a: Magmortar|45/100\n|\n|-heal|p2a: Slowbro|65/300|[from] item: Leftovers\n|upkeep\n|turn|16\n|inactive|Time left: 300 sec this turn | 300 sec total\n|\n|t:|1783563759\n|switch|p2a: Florges|Florges-Orange, L85, F|271/271\n|move|p1a: Magmortar|Fire Blast|p2a: Florges\n|-damage|p2a: Florges|165/271\n|\n|-heal|p2a: Florges|181/271|[from] item: Leftovers\n|upkeep\n|turn|17\n|inactive|Time left: 300 sec this turn | 300 sec total\n|\n|t:|1783563760\n|move|p1a: Magmortar|Fire Blast|p2a: Florges\n|-damage|p2a: Florges|76/271\n|move|p2a: Florges|Calm Mind|p2a: Florges\n|-boost|p2a: Florges|spa|1\n|-boost|p2a: Florges|spd|1\n|\n|-heal|p2a: Florges|92/271|[from] item: Leftovers\n|upkeep\n|turn|18\n|inactive|Time left: 300 sec this turn | 300 sec total\n|\n|t:|1783563761\n|move|p1a: Magmortar|Knock Off|p2a: Florges\n|-resisted|p2a: Florges\n|-damage|p2a: Florges|46/271\n|-enditem|p2a: Florges|Leftovers|[from] move: Knock Off|[of] p1a: Magmortar\n|move|p2a: Florges|Synthesis|p2a: Florges\n|-heal|p2a: Florges|181/271\n|\n|upkeep\n|turn|19\n|inactive|Time left: 300 sec this turn | 300 sec total\n|\n|t:|1783563762\n|switch|p1a: Chansey|Chansey, L85, F|100/100\n|move|p2a: Florges|Synthesis|p2a: Florges\n|-heal|p2a: Florges|271/271\n|\n|upkeep\n|turn|20\n|inactive|Time left: 300 sec this turn | 300 sec total\n|\n|t:|1783563763\n|move|p2a: Florges|Calm Mind|p2a: Florges\n|-boost|p2a: Florges|spa|1\n|-boost|p2a: Florges|spd|1\n|move|p1a: Chansey|Seismic Toss|p2a: Florges\n|-damage|p2a: Florges|186/271\n|\n|upkeep\n|turn|21\n|inactive|Time left: 300 sec this turn | 300 sec total\n|\n|t:|1783563764\n|move|p2a: Florges|Calm Mind|p2a: Florges\n|-boost|p2a: Florges|spa|1\n|-boost|p2a: Florges|spd|1\n|move|p1a: Chansey|Seismic Toss|p2a: Florges\n|-damage|p2a: Florges|101/271\n|\n|upkeep\n|turn|22\n|inactive|Time left: 300 sec this turn | 300 sec total\n|\n|t:|1783563764\n|move|p2a: Florges|Synthesis|p2a: Florges\n|-heal|p2a: Florges|236/271\n|move|p1a: Chansey|Seismic Toss|p2a: Florges\n|-damage|p2a: Florges|151/271\n|\n|upkeep\n|turn|23\n|inactive|Time left: 300 sec this turn | 300 sec total\n|\n|t:|1783563765\n|move|p2a: Florges|Synthesis|p2a: Florges\n|-heal|p2a: Florges|271/271\n|move|p1a: Chansey|Seismic Toss|p2a: Florges\n|-damage|p2a: Florges|186/271\n|\n|upkeep\n|turn|24\n|inactive|Time left: 300 sec this turn | 300 sec total\n|\n|t:|1783563766\n|move|p2a: Florges|Moonblast|p1a: Chansey\n|-damage|p1a: Chansey|70/100\n|move|p1a: Chansey|Seismic Toss|p2a: Florges\n|-damage|p2a: Florges|101/271\n|\n|upkeep\n|turn|25\n|inactive|Time left: 300 sec this turn | 300 sec total\n|\n|t:|1783563767\n|move|p2a: Florges|Synthesis|p2a: Florges\n|-heal|p2a: Florges|236/271\n|move|p1a: Chansey|Seismic Toss|p2a: Florges\n|-damage|p2a: Florges|151/271\n|\n|upkeep\n|turn|26\n|inactive|Time left: 300 sec this turn | 300 sec total\n|\n|t:|1783563769\n|move|p2a: Florges|Synthesis|p2a: Florges\n|-heal|p2a: Florges|271/271\n|move|p1a: Chansey|Seismic Toss|p2a: Florges\n|-damage|p2a: Florges|186/271\n|\n|upkeep\n|turn|27\n|inactive|Time left: 300 sec this turn | 300 sec total\n|\n|t:|1783563770\n|move|p2a: Florges|Moonblast|p1a: Chansey\n|-damage|p1a: Chansey|39/100\n|move|p1a: Chansey|Soft-Boiled|p1a: Chansey\n|-heal|p1a: Chansey|89/100\n|\n|upkeep\n|turn|28\n|inactive|Time left: 300 sec this turn | 300 sec total\n|\n|t:|1783563771\n|move|p2a: Florges|Moonblast|p1a: Chansey\n|-damage|p1a: Chansey|57/100\n|-unboost|p1a: Chansey|spa|1\n|move|p1a: Chansey|Seismic Toss|p2a: Florges\n|-damage|p2a: Florges|101/271\n|\n|upkeep\n|turn|29\n|inactive|Time left: 300 sec this turn | 300 sec total\n|\n|t:|1783563772\n|move|p2a: Florges|Synthesis|p2a: Florges\n|-heal|p2a: Florges|236/271\n|move|p1a: Chansey|Seismic Toss|p2a: Florges\n|-damage|p2a: Florges|151/271\n|\n|upkeep\n|turn|30\n|inactive|Time left: 300 sec this turn | 300 sec total\n|\n|t:|1783563773\n|move|p2a: Florges|Synthesis|p2a: Florges\n|-heal|p2a: Florges|271/271\n|move|p1a: Chansey|Soft-Boiled|p1a: Chansey\n|-heal|p1a: Chansey|100/100\n|\n|upkeep\n|turn|31\n|inactive|Time left: 300 sec this turn | 300 sec total\n|\n|t:|1783563774\n|move|p2a: Florges|Moonblast|p1a: Chansey\n|-damage|p1a: Chansey|71/100\n|-unboost|p1a: Chansey|spa|1\n|move|p1a: Chansey|Seismic Toss|p2a: Florges\n|-damage|p2a: Florges|186/271\n|\n|upkeep\n|turn|32\n|inactive|Time left: 300 sec this turn | 300 sec total\n|\n|t:|1783563775\n|move|p2a: Florges|Moonblast|p1a: Chansey\n|-damage|p1a: Chansey|41/100\n|-unboost|p1a: Chansey|spa|1\n|move|p1a: Chansey|Seismic Toss|p2a: Florges\n|-damage|p2a: Florges|101/271\n|\n|upkeep\n|turn|33\n|inactive|Time left: 300 sec this turn | 300 sec total\n|\n|t:|1783563776\n|move|p2a: Florges|Moonblast|p1a: Chansey\n|-damage|p1a: Chansey|12/100\n|move|p1a: Chansey|Seismic Toss|p2a: Florges\n|-damage|p2a: Florges|16/271\n|\n|upkeep\n|turn|34\n|inactive|Time left: 300 sec this turn | 300 sec total\n|\n|t:|1783563777\n|move|p2a: Florges|Moonblast|p1a: Chansey\n|-damage|p1a: Chansey|0 fnt\n|faint|p1a: Chansey\n|\n|upkeep\n|\n|t:|1783563778\n|switch|p1a: Magmortar|Magmortar, L88, F|45/100\n|turn|35\n|inactive|Time left: 300 sec this turn | 300 sec total\n|\n|t:|1783563779\n|move|p1a: Magmortar|Scorching Sands|p2a: Florges\n|-damage|p2a: Florges|0 fnt\n|faint|p2a: Florges\n|\n|upkeep\n|inactive|Time left: 300 sec this turn | 300 sec total | 5 sec grace\n|\n|t:|1783563780\n|switch|p2a: Gliscor|Gliscor, L76, F|174/239 tox\n|turn|36\n|inactive|Time left: 300 sec this turn | 300 sec total\n|\n|t:|1783563781\n|move|p2a: Gliscor|Protect|p2a: Gliscor\n|-singleturn|p2a: Gliscor|Protect\n|move|p1a: Magmortar|Fire Blast|p2a: Gliscor\n|-activate|p2a: Gliscor|move: Protect\n|\n|-heal|p2a: Gliscor|203/239 tox|[from] ability: Poison Heal\n|upkeep\n|turn|37\n|inactive|Time left: 300 sec this turn | 300 sec total\n|\n|t:|1783563782\n|move|p1a: Magmortar|Fire Blast|p2a: Gliscor\n|-damage|p2a: Gliscor|0 fnt\n|faint|p2a: Gliscor\n|\n|upkeep\n|inactive|Time left: 300 sec this turn | 300 sec total | 5 sec grace\n|\n|t:|1783563783\n|switch|p2a: Slowbro|Slowbro, L85, M|165/300\n|turn|38\n|inactive|Time left: 300 sec this turn | 300 sec total\n|\n|t:|1783563784\n|-terastallize|p2a: Slowbro|Fighting\n|move|p1a: Magmortar|Thunderbolt|p2a: Slowbro\n|-damage|p2a: Slowbro|72/300\n|move|p2a: Slowbro|Scald|p1a: Magmortar\n|-supereffective|p1a: Magmortar\n|-damage|p1a: Magmortar|0 fnt\n|faint|p1a: Magmortar\n|\n|-heal|p2a: Slowbro|90/300|[from] item: Leftovers\n|upkeep\n|\n|t:|1783563785\n|switch|p1a: Malamar|Malamar, L82, F|100/100\n|turn|39\n|inactive|Time left: 300 sec this turn | 300 sec total\n|\n|t:|1783563786\n|switch|p2a: Magearna|Magearna-Original, L77|250/250\n|move|p1a: Malamar|Superpower|p2a: Magearna\n|-damage|p2a: Magearna|179/250\n|-boost|p1a: Malamar|atk|1\n|-boost|p1a: Malamar|def|1\n|\n|-heal|p2a: Magearna|194/250|[from] item: Leftovers\n|upkeep\n|turn|40\n|inactive|Time left: 300 sec this turn | 300 sec total\n|\n|t:|1783563787\n|move|p1a: Malamar|Superpower|p2a: Magearna\n|-damage|p2a: Magearna|98/250\n|-boost|p1a: Malamar|atk|1\n|-boost|p1a: Malamar|def|1\n|move|p2a: Magearna|Fleur Cannon|p1a: Malamar\n|-supereffective|p1a: Malamar\n|-damage|p1a: Malamar|0 fnt\n|-unboost|p2a: Magearna|spa|2\n|faint|p1a: Malamar\n|\n|win|p0y2050dc3f", "uploadtime": 1783563787, "views": 0, "rating": 0, "private": 0, "password": null, "_winner": "p0y2050dc3f", "_our_name": "p0y2050dc3f"}