{"id": "battle-gen9randombattle-2432", "formatid": "gen9randombattle", "format": "[Gen 9] Random Battle", "players": ["p0x2432e5e0", "p0y243279e0"], "log": "|init|battle\n|title|p0x2432e5e0 vs. p0y243279e0\n|j|\u2606p0x2432e5e0\n|j|\u2606p0y243279e0\n|t:|1783567218\n|gametype|singles\n|player|p1|p0x2432e5e0|101|\n|player|p2|p0y243279e0|170|\n|gen|9\n|tier|[Gen 9] Random Battle\n|rule|Species Clause: Limit one of each Pok\u00e9mon\n|rule|HP Percentage Mod: HP is shown in percentages\n|rule|Sleep Clause Mod: Limit one foe put to sleep\n|rule|Illusion Level Mod: Illusion disguises the Pok\u00e9mon's true level\n|\n|t:|1783567218\n|teamsize|p1|6\n|teamsize|p2|6\n|start\n|switch|p1a: Charizard|Charizard, L85, F|100/100\n|switch|p2a: Luxray|Luxray, L88, F|283/283\n|turn|1\n|inactive|Battle timer is ON: inactive players will automatically lose when time's up. (requested by p0y243279e0)\n|inactive|p0x2432e5e0 also wants the timer to be on.\n|\n|t:|1783567219\n|switch|p1a: Regirock|Regirock, L83|100/100\n|move|p2a: Luxray|Supercell Slam|p1a: Regirock\n|-damage|p1a: Regirock|75/100\n|\n|-heal|p1a: Regirock|81/100|[from] item: Leftovers\n|-status|p2a: Luxray|brn|[from] item: Flame Orb\n|upkeep\n|turn|2\n|inactive|Time left: 300 sec this turn | 300 sec total\n|\n|t:|1783567220\n|move|p2a: Luxray|Trailblaze|p1a: Regirock\n|-supereffective|p1a: Regirock\n|-damage|p1a: Regirock|55/100\n|-boost|p2a: Luxray|spe|1\n|move|p1a: Regirock|Body Press|p2a: Luxray\n|-damage|p2a: Luxray|176/283 brn\n|\n|-heal|p1a: Regirock|61/100|[from] item: Leftovers\n|-damage|p2a: Luxray|159/283 brn|[from] brn\n|upkeep\n|turn|3\n|inactive|Time left: 300 sec this turn | 300 sec total\n|\n|t:|1783567221\n|-terastallize|p1a: Regirock|Fighting\n|move|p2a: Luxray|Supercell Slam|p1a: Regirock\n|-damage|p1a: Regirock|19/100\n|move|p1a: Regirock|Body Press|p2a: Luxray\n|-damage|p2a: Luxray|0 fnt\n|faint|p2a: Luxray\n|\n|-heal|p1a: Regirock|25/100|[from] item: Leftovers\n|upkeep\n|inactive|Time left: 300 sec this turn | 300 sec total | 5 sec grace\n|\n|t:|1783567222\n|switch|p2a: Latias|Latias, L79, F|256/256\n|turn|4\n|inactive|Time left: 300 sec this turn | 300 sec total\n|\n|t:|1783567222\n|switch|p1a: Hatterene|Hatterene, L85, F|100/100\n|move|p2a: Latias|Psyshock|p1a: Hatterene\n|-resisted|p1a: Hatterene\n|-damage|p1a: Hatterene|79/100\n|\n|upkeep\n|turn|5\n|inactive|Time left: 300 sec this turn | 300 sec total\n|\n|t:|1783567223\n|move|p2a: Latias|Calm Mind|p2a: Latias\n|-boost|p2a: Latias|spa|1\n|-boost|p2a: Latias|spd|1\n|move|p1a: Hatterene|Draining Kiss|p2a: Latias\n|-supereffective|p2a: Latias\n|-damage|p2a: Latias|176/256\n|-heal|p1a: Hatterene|100/100|[from] drain|[of] p2a: Latias\n|\n|upkeep\n|turn|6\n|inactive|Time left: 300 sec this turn | 300 sec total\n|\n|t:|1783567224\n|move|p2a: Latias|Calm Mind|p2a: Latias\n|-boost|p2a: Latias|spa|1\n|-boost|p2a: Latias|spd|1\n|move|p1a: Hatterene|Mystical Fire|p2a: Latias\n|-resisted|p2a: Latias\n|-damage|p2a: Latias|161/256\n|-unboost|p2a: Latias|spa|1\n|\n|upkeep\n|turn|7\n|inactive|Time left: 300 sec this turn | 300 sec total\n|\n|t:|1783567225\n|move|p2a: Latias|Calm Mind|p2a: Latias\n|-boost|p2a: Latias|spa|1\n|-boost|p2a: Latias|spd|1\n|move|p1a: Hatterene|Mystical Fire|p2a: Latias\n|-resisted|p2a: Latias\n|-damage|p2a: Latias|149/256\n|-unboost|p2a: Latias|spa|1\n|\n|upkeep\n|turn|8\n|inactive|Time left: 300 sec this turn | 300 sec total\n|\n|t:|1783567226\n|move|p2a: Latias|Calm Mind|p2a: Latias\n|-boost|p2a: Latias|spa|1\n|-boost|p2a: Latias|spd|1\n|move|p1a: Hatterene|Mystical Fire|p2a: Latias\n|-resisted|p2a: Latias\n|-damage|p2a: Latias|139/256\n|-unboost|p2a: Latias|spa|1\n|\n|upkeep\n|turn|9\n|inactive|Time left: 300 sec this turn | 300 sec total\n|\n|t:|1783567227\n|move|p2a: Latias|Calm Mind|p2a: Latias\n|-boost|p2a: Latias|spa|1\n|-boost|p2a: Latias|spd|1\n|move|p1a: Hatterene|Mystical Fire|p2a: Latias\n|-resisted|p2a: Latias\n|-damage|p2a: Latias|131/256\n|-unboost|p2a: Latias|spa|1\n|\n|upkeep\n|turn|10\n|inactive|Time left: 300 sec this turn | 300 sec total\n|\n|t:|1783567228\n|move|p2a: Latias|Calm Mind|p2a: Latias\n|-boost|p2a: Latias|spa|1\n|-boost|p2a: Latias|spd|1\n|move|p1a: Hatterene|Mystical Fire|p2a: Latias\n|-resisted|p2a: Latias\n|-damage|p2a: Latias|123/256\n|-unboost|p2a: Latias|spa|1\n|\n|upkeep\n|turn|11\n|inactive|Time left: 300 sec this turn | 300 sec total\n|\n|t:|1783567229\n|move|p2a: Latias|Recover|p2a: Latias\n|-heal|p2a: Latias|251/256\n|move|p1a: Hatterene|Nuzzle|p2a: Latias\n|-resisted|p2a: Latias\n|-damage|p2a: Latias|243/256\n|-status|p2a: Latias|par\n|\n|upkeep\n|turn|12\n|inactive|Time left: 300 sec this turn | 300 sec total\n|\n|t:|1783567230\n|move|p2a: Latias|Calm Mind|p2a: Latias\n|-boost|p2a: Latias|spa|1\n|-boost|p2a: Latias|spd|0\n|move|p1a: Hatterene|Mystical Fire|p2a: Latias\n|-resisted|p2a: Latias\n|-damage|p2a: Latias|236/256 par\n|-unboost|p2a: Latias|spa|1\n|\n|upkeep\n|turn|13\n|inactive|Time left: 300 sec this turn | 300 sec total\n|\n|t:|1783567231\n|move|p2a: Latias|Psyshock|p1a: Hatterene\n|-resisted|p1a: Hatterene\n|-damage|p1a: Hatterene|73/100\n|move|p1a: Hatterene|Mystical Fire|p2a: Latias\n|-resisted|p2a: Latias\n|-damage|p2a: Latias|229/256 par\n|-unboost|p2a: Latias|spa|1\n|\n|upkeep\n|turn|14\n|inactive|Time left: 300 sec this turn | 300 sec total\n|\n|t:|1783567232\n|cant|p2a: Latias|par\n|move|p1a: Hatterene|Mystical Fire|p2a: Latias\n|-resisted|p2a: Latias\n|-damage|p2a: Latias|222/256 par\n|-unboost|p2a: Latias|spa|1\n|\n|upkeep\n|turn|15\n|inactive|Time left: 300 sec this turn | 300 sec total\n|\n|t:|1783567233\n|move|p2a: Latias|Psyshock|p1a: Hatterene\n|-resisted|p1a: Hatterene\n|-damage|p1a: Hatterene|59/100\n|move|p1a: Hatterene|Mystical Fire|p2a: Latias\n|-resisted|p2a: Latias\n|-damage|p2a: Latias|214/256 par\n|-unboost|p2a: Latias|spa|1\n|\n|upkeep\n|turn|16\n|inactive|Time left: 300 sec this turn | 300 sec total\n|\n|t:|1783567234\n|move|p2a: Latias|Calm Mind|p2a: Latias\n|-boost|p2a: Latias|spa|1\n|-boost|p2a: Latias|spd|0\n|move|p1a: Hatterene|Draining Kiss|p2a: Latias\n|-supereffective|p2a: Latias\n|-damage|p2a: Latias|182/256 par\n|-heal|p1a: Hatterene|69/100|[from] drain|[of] p2a: Latias\n|\n|upkeep\n|turn|17\n|inactive|Time left: 300 sec this turn | 300 sec total\n|\n|t:|1783567235\n|move|p2a: Latias|Recover|p2a: Latias\n|-heal|p2a: Latias|256/256 par\n|move|p1a: Hatterene|Draining Kiss|p2a: Latias\n|-supereffective|p2a: Latias\n|-damage|p2a: Latias|226/256 par\n|-heal|p1a: Hatterene|78/100|[from] drain|[of] p2a: Latias\n|\n|upkeep\n|turn|18\n|inactive|Time left: 300 sec this turn | 300 sec total\n|\n|t:|1783567236\n|move|p2a: Latias|Psyshock|p1a: Hatterene\n|-resisted|p1a: Hatterene\n|-damage|p1a: Hatterene|66/100\n|move|p1a: Hatterene|Draining Kiss|p2a: Latias\n|-supereffective|p2a: Latias\n|-damage|p2a: Latias|194/256 par\n|-heal|p1a: Hatterene|76/100|[from] drain|[of] p2a: Latias\n|\n|upkeep\n|turn|19\n|inactive|Time left: 300 sec this turn | 300 sec total\n|\n|t:|1783567237\n|move|p2a: Latias|Recover|p2a: Latias\n|-heal|p2a: Latias|256/256 par\n|move|p1a: Hatterene|Mystical Fire|p2a: Latias\n|-resisted|p2a: Latias\n|-damage|p2a: Latias|249/256 par\n|-unboost|p2a: Latias|spa|1\n|\n|upkeep\n|turn|20\n|inactive|Time left: 300 sec this turn | 300 sec total\n|\n|t:|1783567238\n|move|p2a: Latias|Psyshock|p1a: Hatterene\n|-resisted|p1a: Hatterene\n|-damage|p1a: Hatterene|66/100\n|move|p1a: Hatterene|Draining Kiss|p2a: Latias\n|-supereffective|p2a: Latias\n|-damage|p2a: Latias|219/256 par\n|-heal|p1a: Hatterene|76/100|[from] drain|[of] p2a: Latias\n|\n|upkeep\n|turn|21\n|inactive|Time left: 300 sec this turn | 300 sec total\n|\n|t:|1783567239\n|move|p2a: Latias|Psyshock|p1a: Hatterene\n|-resisted|p1a: Hatterene\n|-damage|p1a: Hatterene|66/100\n|move|p1a: Hatterene|Mystical Fire|p2a: Latias\n|-resisted|p2a: Latias\n|-damage|p2a: Latias|211/256 par\n|-unboost|p2a: Latias|spa|1\n|\n|upkeep\n|turn|22\n|inactive|Time left: 300 sec this turn | 300 sec total\n|\n|t:|1783567240\n|move|p2a: Latias|Recover|p2a: Latias\n|-heal|p2a: Latias|256/256 par\n|move|p1a: Hatterene|Draining Kiss|p2a: Latias\n|-supereffective|p2a: Latias\n|-damage|p2a: Latias|224/256 par\n|-heal|p1a: Hatterene|76/100|[from] drain|[of] p2a: Latias\n|\n|upkeep\n|turn|23\n|inactive|Time left: 300 sec this turn | 300 sec total\n|\n|t:|1783567241\n|switch|p2a: Crawdaunt|Crawdaunt, L84, F|243/243\n|move|p1a: Hatterene|Mystical Fire|p2a: Crawdaunt\n|-resisted|p2a: Crawdaunt\n|-damage|p2a: Crawdaunt|193/243\n|-unboost|p2a: Crawdaunt|spa|1\n|\n|upkeep\n|turn|24\n|inactive|Time left: 300 sec this turn | 300 sec total\n|\n|t:|1783567243\n|switch|p1a: Regirock|Regirock, L83, tera:Fighting|25/100\n|move|p2a: Crawdaunt|Knock Off|p1a: Regirock\n|-resisted|p1a: Regirock\n|-damage|p1a: Regirock|3/100\n|-enditem|p1a: Regirock|Leftovers|[from] move: Knock Off|[of] p2a: Crawdaunt\n|-damage|p2a: Crawdaunt|169/243|[from] item: Life Orb\n|\n|upkeep\n|turn|25\n|inactive|Time left: 300 sec this turn | 300 sec total\n|\n|t:|1783567244\n|move|p2a: Crawdaunt|Knock Off|p1a: Regirock\n|-resisted|p1a: Regirock\n|-damage|p1a: Regirock|0 fnt\n|faint|p1a: Regirock\n|-damage|p2a: Crawdaunt|145/243|[from] item: Life Orb\n|\n|upkeep\n|\n|t:|1783567245\n|switch|p1a: Ampharos|Ampharos, L88, F|100/100\n|turn|26\n|inactive|Time left: 300 sec this turn | 300 sec total\n|\n|t:|1783567246\n|switch|p2a: Latias|Latias, L79, F|224/256 par\n|move|p1a: Ampharos|Thunderbolt|p2a: Latias\n|-resisted|p2a: Latias\n|-damage|p2a: Latias|164/256 par\n|-damage|p1a: Ampharos|91/100|[from] item: Life Orb\n|\n|upkeep\n|turn|27\n|inactive|Time left: 300 sec this turn | 300 sec total\n|\n|t:|1783567247\n|move|p1a: Ampharos|Dazzling Gleam|p2a: Latias\n|-supereffective|p2a: Latias\n|-damage|p2a: Latias|24/256 par\n|-damage|p1a: Ampharos|81/100|[from] item: Life Orb\n|move|p2a: Latias|Calm Mind|p2a: Latias\n|-boost|p2a: Latias|spa|1\n|-boost|p2a: Latias|spd|1\n|\n|upkeep\n|turn|28\n|inactive|Time left: 300 sec this turn | 300 sec total\n|\n|t:|1783567248\n|move|p1a: Ampharos|Thunderbolt|p2a: Latias\n|-resisted|p2a: Latias\n|-damage|p2a: Latias|0 fnt\n|faint|p2a: Latias\n|-damage|p1a: Ampharos|71/100|[from] item: Life Orb\n|\n|upkeep\n|inactive|Time left: 300 sec this turn | 300 sec total | 5 sec grace\n|\n|t:|1783567249\n|switch|p2a: Froslass|Froslass, L87, F|263/263\n|turn|29\n|inactive|Time left: 300 sec this turn | 300 sec total\n|\n|t:|1783567250\n|move|p2a: Froslass|Poltergeist|p1a: Ampharos\n|-activate|p1a: Ampharos|move: Poltergeist|Life Orb\n|-damage|p1a: Ampharos|37/100\n|move|p1a: Ampharos|Thunderbolt|p2a: Froslass\n|-damage|p2a: Froslass|95/263\n|-damage|p1a: Ampharos|27/100|[from] item: Life Orb\n|\n|upkeep\n|turn|30\n|inactive|Time left: 300 sec this turn | 300 sec total\n|\n|t:|1783567252\n|move|p2a: Froslass|Poltergeist|p1a: Ampharos\n|-activate|p1a: Ampharos|move: Poltergeist|Life Orb\n|-damage|p1a: Ampharos|0 fnt\n|faint|p1a: Ampharos\n|\n|upkeep\n|\n|t:|1783567253\n|switch|p1a: Veluza|Veluza, L85, F|100/100\n|turn|31\n|inactive|Time left: 300 sec this turn | 300 sec total\n|\n|t:|1783567254\n|move|p1a: Veluza|Aqua Cutter|p2a: Froslass\n|-damage|p2a: Froslass|0 fnt\n|faint|p2a: Froslass\n|\n|upkeep\n|inactive|Time left: 300 sec this turn | 300 sec total | 5 sec grace\n|\n|t:|1783567255\n|switch|p2a: Crawdaunt|Crawdaunt, L84, F|145/243\n|turn|32\n|inactive|Time left: 300 sec this turn | 300 sec total\n|\n|t:|1783567256\n|move|p1a: Veluza|Aqua Cutter|p2a: Crawdaunt\n|-resisted|p2a: Crawdaunt\n|-damage|p2a: Crawdaunt|83/243\n|move|p2a: Crawdaunt|Knock Off|p1a: Veluza\n|-supereffective|p1a: Veluza\n|-damage|p1a: Veluza|0 fnt\n|-enditem|p1a: Veluza|Choice Scarf|[from] move: Knock Off|[of] p2a: Crawdaunt\n|faint|p1a: Veluza\n|-damage|p2a: Crawdaunt|59/243|[from] item: Life Orb\n|\n|upkeep\n|\n|t:|1783567257\n|switch|p1a: Great Tusk|Great Tusk, L77|100/100\n|turn|33\n|inactive|Time left: 300 sec this turn | 300 sec total\n|\n|t:|1783567258\n|switch|p2a: Swanna|Swanna, L89, M|278/278\n|move|p1a: Great Tusk|Close Combat|p2a: Swanna\n|-resisted|p2a: Swanna\n|-damage|p2a: Swanna|192/278\n|-unboost|p1a: Great Tusk|def|1\n|-unboost|p1a: Great Tusk|spd|1\n|\n|upkeep\n|turn|34\n|inactive|Time left: 300 sec this turn | 300 sec total\n|\n|t:|1783567259\n|-end|p1a: Great Tusk|Protosynthesis|[silent]\n|switch|p1a: Hatterene|Hatterene, L85, F|76/100\n|move|p2a: Swanna|Brave Bird|p1a: Hatterene\n|-damage|p1a: Hatterene|23/100\n|-damage|p2a: Swanna|150/278|[from] Recoil\n|\n|upkeep\n|turn|35\n|inactive|Time left: 300 sec this turn | 300 sec total\n|\n|t:|1783567260\n|move|p2a: Swanna|Brave Bird|p1a: Hatterene\n|-damage|p1a: Hatterene|0 fnt\n|faint|p1a: Hatterene\n|-damage|p2a: Swanna|133/278|[from] Recoil\n|\n|upkeep\n|\n|t:|1783567261\n|switch|p1a: Great Tusk|Great Tusk, L77|100/100\n|turn|36\n|inactive|Time left: 300 sec this turn | 300 sec total\n|\n|t:|1783567262\n|move|p2a: Swanna|Hydro Pump|p1a: Great Tusk\n|-supereffective|p1a: Great Tusk\n|-damage|p1a: Great Tusk|22/100\n|move|p1a: Great Tusk|Rapid Spin|p2a: Swanna\n|-damage|p2a: Swanna|85/278\n|-boost|p1a: Great Tusk|spe|1\n|\n|upkeep\n|turn|37\n|inactive|Time left: 300 sec this turn | 300 sec total\n|\n|t:|1783567263\n|move|p1a: Great Tusk|Close Combat|p2a: Swanna\n|-resisted|p2a: Swanna\n|-crit|p2a: Swanna\n|-damage|p2a: Swanna|0 fnt\n|-unboost|p1a: Great Tusk|def|1\n|-unboost|p1a: Great Tusk|spd|1\n|faint|p2a: Swanna\n|\n|upkeep\n|inactive|Time left: 300 sec this turn | 300 sec total | 5 sec grace\n|\n|t:|1783567264\n|switch|p2a: Crawdaunt|Crawdaunt, L84, F|59/243\n|turn|38\n|inactive|Time left: 300 sec this turn | 300 sec total\n|\n|t:|1783567265\n|-terastallize|p2a: Crawdaunt|Water\n|move|p2a: Crawdaunt|Aqua Jet|p1a: Great Tusk\n|-supereffective|p1a: Great Tusk\n|-damage|p1a: Great Tusk|0 fnt\n|faint|p1a: Great Tusk\n|-end|p1a: Great Tusk|Protosynthesis|[silent]\n|-damage|p2a: Crawdaunt|35/243|[from] item: Life Orb\n|\n|upkeep\n|\n|t:|1783567265\n|switch|p1a: Charizard|Charizard, L85, F|100/100\n|turn|39\n|inactive|Time left: 300 sec this turn | 300 sec total\n|\n|t:|1783567266\n|move|p2a: Crawdaunt|Aqua Jet|p1a: Charizard\n|-supereffective|p1a: Charizard\n|-damage|p1a: Charizard|27/100\n|-damage|p2a: Crawdaunt|11/243|[from] item: Life Orb\n|move|p1a: Charizard|Swords Dance|p1a: Charizard\n|-boost|p1a: Charizard|atk|2\n|\n|upkeep\n|turn|40\n|inactive|Time left: 300 sec this turn | 300 sec total\n|\n|t:|1783567267\n|move|p2a: Crawdaunt|Aqua Jet|p1a: Charizard\n|-supereffective|p1a: Charizard\n|-damage|p1a: Charizard|0 fnt\n|faint|p1a: Charizard\n|-damage|p2a: Crawdaunt|0 fnt|[from] item: Life Orb\n|faint|p2a: Crawdaunt\n|\n|win|p0y243279e0", "uploadtime": 1783567267, "views": 0, "rating": 0, "private": 0, "password": null, "_winner": "p0y243279e0", "_our_name": "p0y243279e0"}