{"id": "battle-gen9randombattle-2051", "formatid": "gen9randombattle", "format": "[Gen 9] Random Battle", "players": ["p0x20516b82", "p0y20516ffb"], "log": "|init|battle\n|title|p0x20516b82 vs. p0y20516ffb\n|j|\u2606p0x20516b82\n|j|\u2606p0y20516ffb\n|t:|1783563762\n|gametype|singles\n|player|p1|p0x20516b82|169|\n|player|p2|p0y20516ffb|1|\n|gen|9\n|tier|[Gen 9] Random Battle\n|rule|Species Clause: Limit one of each Pok\u00e9mon\n|rule|HP Percentage Mod: HP is shown in percentages\n|rule|Sleep Clause Mod: Limit one foe put to sleep\n|rule|Illusion Level Mod: Illusion disguises the Pok\u00e9mon's true level\n|\n|t:|1783563762\n|teamsize|p1|6\n|teamsize|p2|6\n|start\n|switch|p1a: Passimian|Passimian, L83, F|100/100\n|switch|p2a: Vespiquen|Vespiquen, L99, F|299/299\n|-ability|p2a: Vespiquen|Pressure\n|turn|1\n|inactive|Battle timer is ON: inactive players will automatically lose when time's up. (requested by p0x20516b82)\n|inactive|Time left: 300 sec this turn | 300 sec total | 60 sec grace\n|inactive|p0y20516ffb also wants the timer to be on.\n|\n|t:|1783563764\n|move|p1a: Passimian|Bulk Up|p1a: Passimian\n|-boost|p1a: Passimian|atk|1\n|-boost|p1a: Passimian|def|1\n|move|p2a: Vespiquen|Hurricane|p1a: Passimian\n|-supereffective|p1a: Passimian\n|-damage|p1a: Passimian|0 fnt\n|faint|p1a: Passimian\n|\n|upkeep\n|\n|t:|1783563764\n|switch|p1a: Salamence|Salamence, L77, M|100/100\n|-ability|p1a: Salamence|Intimidate|boost\n|-unboost|p2a: Vespiquen|atk|1\n|turn|2\n|inactive|Time left: 300 sec this turn | 300 sec total\n|\n|t:|1783563766\n|switch|p2a: Necrozma|Necrozma-Dusk-Mane, L69|248/248\n|move|p1a: Salamence|Dragon Dance|p1a: Salamence\n|-boost|p1a: Salamence|atk|1\n|-boost|p1a: Salamence|spe|1\n|\n|upkeep\n|turn|3\n|inactive|Time left: 300 sec this turn | 300 sec total\n|\n|t:|1783563767\n|-terastallize|p1a: Salamence|Dragon\n|move|p1a: Salamence|Outrage|p2a: Necrozma\n|-resisted|p2a: Necrozma\n|-damage|p2a: Necrozma|119/248\n|move|p2a: Necrozma|Photon Geyser|p1a: Salamence\n|-damage|p1a: Salamence|54/100\n|\n|upkeep\n|turn|4\n|inactive|Time left: 300 sec this turn | 300 sec total\n|\n|t:|1783563768\n|move|p1a: Salamence|Outrage|p2a: Necrozma|[from] lockedmove\n|-resisted|p2a: Necrozma\n|-damage|p2a: Necrozma|4/248\n|-start|p1a: Salamence|confusion|[fatigue]\n|move|p2a: Necrozma|Photon Geyser|p1a: Salamence\n|-damage|p1a: Salamence|8/100\n|\n|upkeep\n|turn|5\n|inactive|Time left: 300 sec this turn | 300 sec total\n|\n|t:|1783563769\n|-activate|p1a: Salamence|confusion\n|move|p1a: Salamence|Outrage|p2a: Necrozma\n|-resisted|p2a: Necrozma\n|-damage|p2a: Necrozma|0 fnt\n|faint|p2a: Necrozma\n|\n|upkeep\n|inactive|Time left: 300 sec this turn | 300 sec total | 5 sec grace\n|\n|t:|1783563771\n|switch|p2a: Dugtrio|Dugtrio, L84, M|196/196\n|turn|6\n|inactive|Time left: 300 sec this turn | 300 sec total\n|\n|t:|1783563772\n|move|p2a: Dugtrio|Sucker Punch|p1a: Salamence\n|-damage|p1a: Salamence|0 fnt\n|faint|p1a: Salamence\n|-damage|p2a: Dugtrio|177/196|[from] item: Life Orb\n|\n|upkeep\n|\n|t:|1783563773\n|switch|p1a: Iron Treads|Iron Treads, L77|100/100\n|turn|7\n|inactive|Time left: 300 sec this turn | 300 sec total\n|\n|t:|1783563774\n|move|p2a: Dugtrio|Earthquake|p1a: Iron Treads\n|-supereffective|p1a: Iron Treads\n|-damage|p1a: Iron Treads|4/100\n|-damage|p2a: Dugtrio|158/196|[from] item: Life Orb\n|move|p1a: Iron Treads|Earthquake|p2a: Dugtrio\n|-damage|p2a: Dugtrio|11/196\n|\n|upkeep\n|turn|8\n|inactive|Time left: 300 sec this turn | 300 sec total\n|\n|t:|1783563775\n|move|p2a: Dugtrio|Sucker Punch|p1a: Iron Treads\n|-damage|p1a: Iron Treads|0 fnt\n|faint|p1a: Iron Treads\n|-end|p1a: Iron Treads|Quark Drive|[silent]\n|-damage|p2a: Dugtrio|0 fnt|[from] item: Life Orb\n|faint|p2a: Dugtrio\n|\n|upkeep\n|inactive|Time left: 300 sec this turn | 300 sec total | 5 sec grace\n|\n|t:|1783563777\n|switch|p2a: Ludicolo|Ludicolo, L90, F|290/290\n|switch|p1a: Eternatus|Eternatus, L69|100/100\n|-ability|p1a: Eternatus|Pressure\n|turn|9\n|inactive|Time left: 300 sec this turn | 300 sec total\n|\n|t:|1783563778\n|move|p1a: Eternatus|Sludge Bomb|p2a: Ludicolo\n|-supereffective|p2a: Ludicolo\n|-crit|p2a: Ludicolo\n|-damage|p2a: Ludicolo|50/290\n|move|p2a: Ludicolo|Ice Beam|p1a: Eternatus\n|-supereffective|p1a: Eternatus\n|-damage|p1a: Eternatus|25/100\n|-status|p1a: Eternatus|frz\n|\n|upkeep\n|turn|10\n|inactive|Time left: 300 sec this turn | 300 sec total\n|\n|t:|1783563779\n|switch|p2a: Iron Bundle|Iron Bundle, L78|215/215\n|cant|p1a: Eternatus|frz\n|\n|upkeep\n|turn|11\n|inactive|Time left: 300 sec this turn | 300 sec total\n|\n|t:|1783563780\n|move|p2a: Iron Bundle|Hydro Pump|p1a: Eternatus\n|-resisted|p1a: Eternatus\n|-damage|p1a: Eternatus|0 fnt\n|faint|p1a: Eternatus\n|\n|upkeep\n|\n|t:|1783563781\n|switch|p1a: Annihilape|Annihilape, L76, M|100/100\n|turn|12\n|inactive|Time left: 300 sec this turn | 300 sec total\n|\n|t:|1783563782\n|move|p2a: Iron Bundle|Hydro Pump|p1a: Annihilape\n|-damage|p1a: Annihilape|33/100\n|move|p1a: Annihilape|Bulk Up|p1a: Annihilape\n|-boost|p1a: Annihilape|atk|1\n|-boost|p1a: Annihilape|def|1\n|\n|upkeep\n|turn|13\n|inactive|Time left: 300 sec this turn | 300 sec total\n|\n|t:|1783563783\n|move|p2a: Iron Bundle|Hydro Pump|p1a: Annihilape|[miss]\n|-miss|p2a: Iron Bundle|p1a: Annihilape\n|move|p1a: Annihilape|Drain Punch|p2a: Iron Bundle\n|-supereffective|p2a: Iron Bundle\n|-damage|p2a: Iron Bundle|27/215\n|-heal|p1a: Annihilape|66/100|[from] drain|[of] p2a: Iron Bundle\n|\n|upkeep\n|turn|14\n|inactive|Time left: 300 sec this turn | 300 sec total\n|\n|t:|1783563784\n|move|p2a: Iron Bundle|Hydro Pump|p1a: Annihilape\n|-damage|p1a: Annihilape|0 fnt\n|faint|p1a: Annihilape\n|\n|upkeep\n|\n|t:|1783563785\n|switch|p1a: Charizard|Charizard, L85, F|100/100\n|turn|15\n|inactive|Time left: 300 sec this turn | 300 sec total\n|\n|t:|1783563786\n|move|p2a: Iron Bundle|Hydro Pump|p1a: Charizard|[miss]\n|-miss|p2a: Iron Bundle|p1a: Charizard\n|move|p1a: Charizard|Flamethrower|p2a: Iron Bundle\n|-damage|p2a: Iron Bundle|0 fnt\n|faint|p2a: Iron Bundle\n|-end|p2a: Iron Bundle|Quark Drive|[silent]\n|\n|upkeep\n|inactive|Time left: 300 sec this turn | 300 sec total | 5 sec grace\n|\n|t:|1783563787\n|switch|p2a: Vespiquen|Vespiquen, L99, F|299/299\n|-ability|p2a: Vespiquen|Pressure\n|turn|16\n|inactive|Time left: 300 sec this turn | 300 sec total\n|\n|t:|1783563788\n|move|p1a: Charizard|Flamethrower|p2a: Vespiquen\n|-supereffective|p2a: Vespiquen\n|-damage|p2a: Vespiquen|119/299\n|move|p2a: Vespiquen|Roost|p2a: Vespiquen\n|-heal|p2a: Vespiquen|269/299\n|-singleturn|p2a: Vespiquen|move: Roost\n|\n|upkeep\n|turn|17\n|inactive|Time left: 300 sec this turn | 300 sec total\n|\n|t:|1783563789\n|move|p1a: Charizard|Flamethrower|p2a: Vespiquen\n|-supereffective|p2a: Vespiquen\n|-damage|p2a: Vespiquen|105/299\n|move|p2a: Vespiquen|Hurricane|p1a: Charizard\n|-damage|p1a: Charizard|46/100\n|-start|p1a: Charizard|confusion\n|\n|upkeep\n|turn|18\n|inactive|Time left: 300 sec this turn | 300 sec total\n|\n|t:|1783563790\n|-terastallize|p2a: Vespiquen|Steel\n|-activate|p1a: Charizard|confusion\n|move|p1a: Charizard|Flamethrower|p2a: Vespiquen\n|-supereffective|p2a: Vespiquen\n|-damage|p2a: Vespiquen|0 fnt\n|faint|p2a: Vespiquen\n|\n|upkeep\n|inactive|Time left: 300 sec this turn | 300 sec total | 5 sec grace\n|\n|t:|1783563791\n|switch|p2a: Toedscruel|Toedscruel, L87, F|281/281\n|turn|19\n|inactive|Time left: 300 sec this turn | 300 sec total\n|\n|t:|1783563792\n|-activate|p1a: Charizard|confusion\n|-damage|p1a: Charizard|39/100|[from] confusion\n|move|p2a: Toedscruel|Toxic|p1a: Charizard\n|-status|p1a: Charizard|tox\n|\n|-damage|p1a: Charizard|33/100 tox|[from] psn\n|upkeep\n|turn|20\n|inactive|Time left: 300 sec this turn | 300 sec total\n|\n|t:|1783563793\n|move|p2a: Toedscruel|Rapid Spin|p1a: Charizard\n|-damage|p1a: Charizard|20/100 tox\n|-boost|p2a: Toedscruel|spe|1\n|-activate|p1a: Charizard|confusion\n|move|p1a: Charizard|Hurricane|p2a: Toedscruel|[miss]\n|-miss|p1a: Charizard|p2a: Toedscruel\n|\n|-damage|p1a: Charizard|8/100 tox|[from] psn\n|upkeep\n|turn|21\n|inactive|Time left: 300 sec this turn | 300 sec total\n|\n|t:|1783563793\n|switch|p2a: Ludicolo|Ludicolo, L90, F|50/290\n|-end|p1a: Charizard|confusion\n|move|p1a: Charizard|Hurricane|p2a: Ludicolo\n|-supereffective|p2a: Ludicolo\n|-damage|p2a: Ludicolo|0 fnt\n|faint|p2a: Ludicolo\n|\n|-damage|p1a: Charizard|0 fnt|[from] psn\n|faint|p1a: Charizard\n|\n|win|p0y20516ffb", "uploadtime": 1783563793, "views": 0, "rating": 0, "private": 0, "password": null, "_winner": "p0y20516ffb", "_our_name": "p0y20516ffb"}