{"id": "battle-gen9randombattle-748", "formatid": "gen9randombattle", "format": "[Gen 9] Random Battle", "players": ["p0x748edc9", "p0y74866cf"], "log": "|init|battle\n|title|p0x748edc9 vs. p0y74866cf\n|j|\u2606p0x748edc9\n|j|\u2606p0y74866cf\n|t:|1783548518\n|gametype|singles\n|player|p1|p0x748edc9|169|\n|player|p2|p0y74866cf|266|\n|gen|9\n|tier|[Gen 9] Random Battle\n|rule|Species Clause: Limit one of each Pok\u00e9mon\n|rule|HP Percentage Mod: HP is shown in percentages\n|rule|Sleep Clause Mod: Limit one foe put to sleep\n|rule|Illusion Level Mod: Illusion disguises the Pok\u00e9mon's true level\n|\n|t:|1783548518\n|teamsize|p1|6\n|teamsize|p2|6\n|start\n|switch|p1a: Perrserker|Perrserker, L89, F|269/269\n|switch|p2a: Regigigas|Regigigas, L84|100/100\n|-start|p2a: Regigigas|ability: Slow Start\n|turn|1\n|inactive|Battle timer is ON: inactive players will automatically lose when time's up. (requested by p0x748edc9)\n|\n|t:|1783548520\n|switch|p2a: Talonflame|Talonflame, L83, F|100/100\n|move|p1a: Perrserker|Knock Off|p2a: Talonflame\n|-damage|p2a: Talonflame|40/100\n|-enditem|p2a: Talonflame|Heavy-Duty Boots|[from] move: Knock Off|[of] p1a: Perrserker\n|-damage|p1a: Perrserker|243/269|[from] item: Life Orb\n|\n|upkeep\n|turn|2\n|inactive|p0y74866cf also wants the timer to be on.\n|inactive|Time left: 300 sec this turn | 300 sec total\n|\n|t:|1783548521\n|move|p2a: Talonflame|Overheat|p1a: Perrserker\n|-supereffective|p1a: Perrserker\n|-damage|p1a: Perrserker|0 fnt\n|-unboost|p2a: Talonflame|spa|2\n|faint|p1a: Perrserker\n|\n|upkeep\n|inactive|Time left: 300 sec this turn | 300 sec total | 5 sec grace\n|\n|t:|1783548522\n|switch|p1a: Gurdurr|Gurdurr, L85, F|283/283\n|turn|3\n|inactive|Time left: 300 sec this turn | 300 sec total\n|\n|t:|1783548523\n|switch|p2a: Sylveon|Sylveon, L85, M|100/100\n|move|p1a: Gurdurr|Bulk Up|p1a: Gurdurr\n|-boost|p1a: Gurdurr|atk|1\n|-boost|p1a: Gurdurr|def|1\n|\n|upkeep\n|turn|4\n|inactive|Time left: 300 sec this turn | 300 sec total\n|\n|t:|1783548524\n|move|p2a: Sylveon|Hyper Voice|p1a: Gurdurr\n|-supereffective|p1a: Gurdurr\n|-damage|p1a: Gurdurr|13/283\n|move|p1a: Gurdurr|Drain Punch|p2a: Sylveon\n|-resisted|p2a: Sylveon\n|-damage|p2a: Sylveon|72/100\n|-heal|p1a: Gurdurr|55/283|[from] drain|[of] p2a: Sylveon\n|\n|-heal|p2a: Sylveon|78/100|[from] item: Leftovers\n|upkeep\n|turn|5\n|inactive|Time left: 300 sec this turn | 300 sec total\n|\n|t:|1783548525\n|switch|p1a: Clodsire|Clodsire, L81, F|343/343\n|move|p2a: Sylveon|Hyper Voice|p1a: Clodsire\n|-resisted|p1a: Clodsire\n|-damage|p1a: Clodsire|277/343\n|\n|-heal|p2a: Sylveon|84/100|[from] item: Leftovers\n|-heal|p1a: Clodsire|298/343|[from] item: Leftovers\n|upkeep\n|turn|6\n|inactive|Time left: 300 sec this turn | 300 sec total\n|\n|t:|1783548526\n|move|p2a: Sylveon|Calm Mind|p2a: Sylveon\n|-boost|p2a: Sylveon|spa|1\n|-boost|p2a: Sylveon|spd|1\n|move|p1a: Clodsire|Toxic Spikes|p2a: Sylveon\n|-sidestart|p2: p0y74866cf|move: Toxic Spikes\n|\n|-heal|p2a: Sylveon|90/100|[from] item: Leftovers\n|-heal|p1a: Clodsire|319/343|[from] item: Leftovers\n|upkeep\n|turn|7\n|inactive|Time left: 300 sec this turn | 300 sec total\n|\n|t:|1783548527\n|move|p2a: Sylveon|Calm Mind|p2a: Sylveon\n|-boost|p2a: Sylveon|spa|1\n|-boost|p2a: Sylveon|spd|1\n|move|p1a: Clodsire|Poison Jab|p2a: Sylveon\n|-supereffective|p2a: Sylveon\n|-damage|p2a: Sylveon|34/100\n|\n|-heal|p2a: Sylveon|40/100|[from] item: Leftovers\n|-heal|p1a: Clodsire|340/343|[from] item: Leftovers\n|upkeep\n|turn|8\n|inactive|Time left: 300 sec this turn | 300 sec total\n|\n|t:|1783548528\n|move|p2a: Sylveon|Protect|p2a: Sylveon\n|-singleturn|p2a: Sylveon|Protect\n|move|p1a: Clodsire|Poison Jab|p2a: Sylveon\n|-activate|p2a: Sylveon|move: Protect\n|\n|-heal|p2a: Sylveon|46/100|[from] item: Leftovers\n|-heal|p1a: Clodsire|343/343|[from] item: Leftovers\n|upkeep\n|turn|9\n|inactive|Time left: 300 sec this turn | 300 sec total\n|\n|t:|1783548529\n|move|p2a: Sylveon|Hyper Voice|p1a: Clodsire\n|-resisted|p1a: Clodsire\n|-damage|p1a: Clodsire|277/343\n|move|p1a: Clodsire|Poison Jab|p2a: Sylveon\n|-supereffective|p2a: Sylveon\n|-damage|p2a: Sylveon|0 fnt\n|faint|p2a: Sylveon\n|\n|-heal|p1a: Clodsire|298/343|[from] item: Leftovers\n|upkeep\n|\n|t:|1783548530\n|switch|p2a: Empoleon|Empoleon, L84, F|100/100\n|turn|10\n|inactive|Time left: 300 sec this turn | 300 sec total\n|\n|t:|1783548531\n|move|p2a: Empoleon|Ice Beam|p1a: Clodsire\n|-supereffective|p1a: Clodsire\n|-damage|p1a: Clodsire|160/343\n|move|p1a: Clodsire|Earthquake|p2a: Empoleon\n|-supereffective|p2a: Empoleon\n|-damage|p2a: Empoleon|39/100\n|\n|-heal|p2a: Empoleon|45/100|[from] item: Leftovers\n|-heal|p1a: Clodsire|181/343|[from] item: Leftovers\n|upkeep\n|turn|11\n|inactive|Time left: 300 sec this turn | 300 sec total\n|\n|t:|1783548532\n|-terastallize|p1a: Clodsire|Steel\n|move|p2a: Empoleon|Roost|p2a: Empoleon\n|-heal|p2a: Empoleon|95/100\n|-singleturn|p2a: Empoleon|move: Roost\n|move|p1a: Clodsire|Earthquake|p2a: Empoleon\n|-supereffective|p2a: Empoleon\n|-damage|p2a: Empoleon|39/100\n|\n|-heal|p2a: Empoleon|45/100|[from] item: Leftovers\n|-heal|p1a: Clodsire|202/343|[from] item: Leftovers\n|upkeep\n|turn|12\n|inactive|Time left: 300 sec this turn | 300 sec total\n|\n|t:|1783548533\n|move|p2a: Empoleon|Roost|p2a: Empoleon\n|-heal|p2a: Empoleon|95/100\n|-singleturn|p2a: Empoleon|move: Roost\n|move|p1a: Clodsire|Earthquake|p2a: Empoleon\n|-supereffective|p2a: Empoleon\n|-damage|p2a: Empoleon|36/100\n|\n|-heal|p2a: Empoleon|43/100|[from] item: Leftovers\n|-heal|p1a: Clodsire|223/343|[from] item: Leftovers\n|upkeep\n|turn|13\n|inactive|Time left: 300 sec this turn | 300 sec total\n|\n|t:|1783548534\n|move|p2a: Empoleon|Roost|p2a: Empoleon\n|-heal|p2a: Empoleon|93/100\n|-singleturn|p2a: Empoleon|move: Roost\n|move|p1a: Clodsire|Earthquake|p2a: Empoleon\n|-supereffective|p2a: Empoleon\n|-damage|p2a: Empoleon|34/100\n|\n|-heal|p2a: Empoleon|40/100|[from] item: Leftovers\n|-heal|p1a: Clodsire|244/343|[from] item: Leftovers\n|upkeep\n|turn|14\n|inactive|Time left: 300 sec this turn | 300 sec total\n|\n|t:|1783548536\n|move|p2a: Empoleon|Roost|p2a: Empoleon\n|-heal|p2a: Empoleon|90/100\n|-singleturn|p2a: Empoleon|move: Roost\n|move|p1a: Clodsire|Earthquake|p2a: Empoleon\n|-supereffective|p2a: Empoleon\n|-damage|p2a: Empoleon|30/100\n|\n|-heal|p2a: Empoleon|36/100|[from] item: Leftovers\n|-heal|p1a: Clodsire|265/343|[from] item: Leftovers\n|upkeep\n|turn|15\n|inactive|Time left: 300 sec this turn | 300 sec total\n|\n|t:|1783548537\n|move|p2a: Empoleon|Roost|p2a: Empoleon\n|-heal|p2a: Empoleon|86/100\n|-singleturn|p2a: Empoleon|move: Roost\n|move|p1a: Clodsire|Earthquake|p2a: Empoleon\n|-supereffective|p2a: Empoleon\n|-damage|p2a: Empoleon|28/100\n|\n|-heal|p2a: Empoleon|34/100|[from] item: Leftovers\n|-heal|p1a: Clodsire|286/343|[from] item: Leftovers\n|upkeep\n|turn|16\n|inactive|Time left: 300 sec this turn | 300 sec total\n|\n|t:|1783548538\n|move|p2a: Empoleon|Roost|p2a: Empoleon\n|-heal|p2a: Empoleon|84/100\n|-singleturn|p2a: Empoleon|move: Roost\n|move|p1a: Clodsire|Earthquake|p2a: Empoleon\n|-supereffective|p2a: Empoleon\n|-damage|p2a: Empoleon|25/100\n|\n|-heal|p2a: Empoleon|31/100|[from] item: Leftovers\n|-heal|p1a: Clodsire|307/343|[from] item: Leftovers\n|upkeep\n|turn|17\n|inactive|Time left: 300 sec this turn | 300 sec total\n|\n|t:|1783548539\n|move|p2a: Empoleon|Roost|p2a: Empoleon\n|-heal|p2a: Empoleon|81/100\n|-singleturn|p2a: Empoleon|move: Roost\n|move|p1a: Clodsire|Earthquake|p2a: Empoleon\n|-supereffective|p2a: Empoleon\n|-damage|p2a: Empoleon|22/100\n|\n|-heal|p2a: Empoleon|28/100|[from] item: Leftovers\n|-heal|p1a: Clodsire|328/343|[from] item: Leftovers\n|upkeep\n|turn|18\n|inactive|Time left: 300 sec this turn | 300 sec total\n|\n|t:|1783548541\n|move|p2a: Empoleon|Roost|p2a: Empoleon\n|-heal|p2a: Empoleon|78/100\n|-singleturn|p2a: Empoleon|move: Roost\n|move|p1a: Clodsire|Earthquake|p2a: Empoleon\n|-supereffective|p2a: Empoleon\n|-damage|p2a: Empoleon|20/100\n|\n|-heal|p2a: Empoleon|26/100|[from] item: Leftovers\n|-heal|p1a: Clodsire|343/343|[from] item: Leftovers\n|upkeep\n|turn|19\n|inactive|Time left: 300 sec this turn | 300 sec total\n|\n|t:|1783548542\n|move|p2a: Empoleon|Surf|p1a: Clodsire\n|-damage|p1a: Clodsire|246/343\n|move|p1a: Clodsire|Earthquake|p2a: Empoleon\n|-supereffective|p2a: Empoleon\n|-damage|p2a: Empoleon|0 fnt\n|faint|p2a: Empoleon\n|\n|-heal|p1a: Clodsire|267/343|[from] item: Leftovers\n|upkeep\n|\n|t:|1783548543\n|switch|p2a: Meganium|Meganium, L90, M|100/100\n|-status|p2a: Meganium|psn\n|turn|20\n|inactive|Time left: 300 sec this turn | 300 sec total\n|\n|t:|1783548545\n|move|p2a: Meganium|Swords Dance|p2a: Meganium\n|-boost|p2a: Meganium|atk|2\n|move|p1a: Clodsire|Recover|p1a: Clodsire\n|-heal|p1a: Clodsire|343/343\n|\n|-damage|p2a: Meganium|88/100 psn|[from] psn\n|upkeep\n|turn|21\n|inactive|Time left: 300 sec this turn | 300 sec total\n|\n|t:|1783548546\n|move|p2a: Meganium|Earthquake|p1a: Clodsire\n|-supereffective|p1a: Clodsire\n|-damage|p1a: Clodsire|141/343\n|move|p1a: Clodsire|Poison Jab|p2a: Meganium\n|-supereffective|p2a: Meganium\n|-damage|p2a: Meganium|47/100 psn\n|\n|-heal|p2a: Meganium|53/100 psn|[from] item: Leftovers\n|-heal|p1a: Clodsire|162/343|[from] item: Leftovers\n|-damage|p2a: Meganium|40/100 psn|[from] psn\n|upkeep\n|turn|22\n|inactive|Time left: 300 sec this turn | 300 sec total\n|\n|t:|1783548547\n|move|p2a: Meganium|Earthquake|p1a: Clodsire\n|-supereffective|p1a: Clodsire\n|-damage|p1a: Clodsire|0 fnt\n|faint|p1a: Clodsire\n|\n|-heal|p2a: Meganium|47/100 psn|[from] item: Leftovers\n|-damage|p2a: Meganium|34/100 psn|[from] psn\n|upkeep\n|inactive|Time left: 300 sec this turn | 300 sec total | 5 sec grace\n|\n|t:|1783548548\n|switch|p1a: Ogerpon|Ogerpon-Cornerstone, L76, F|247/247\n|turn|23\n|inactive|Time left: 300 sec this turn | 300 sec total\n|\n|t:|1783548549\n|move|p1a: Ogerpon|Ivy Cudgel|p2a: Meganium|[anim] Ivy Cudgel Rock\n|-damage|p2a: Meganium|0 fnt\n|faint|p2a: Meganium\n|\n|upkeep\n|\n|t:|1783548550\n|switch|p2a: Talonflame|Talonflame, L83, F|40/100\n|turn|24\n|inactive|Time left: 300 sec this turn | 300 sec total\n|\n|t:|1783548551\n|move|p2a: Talonflame|Will-O-Wisp|p1a: Ogerpon\n|-status|p1a: Ogerpon|brn\n|move|p1a: Ogerpon|Ivy Cudgel|p2a: Talonflame|[anim] Ivy Cudgel Rock\n|-supereffective|p2a: Talonflame\n|-damage|p2a: Talonflame|0 fnt\n|faint|p2a: Talonflame\n|\n|-damage|p1a: Ogerpon|232/247 brn|[from] brn\n|upkeep\n|\n|t:|1783548553\n|switch|p2a: Blissey|Blissey, L85, F|100/100\n|-status|p2a: Blissey|psn\n|turn|25\n|inactive|Time left: 300 sec this turn | 300 sec total\n|\n|t:|1783548554\n|switch|p1a: Arbok|Arbok, L87, M|246/246\n|-ability|p1a: Arbok|Intimidate|boost\n|-unboost|p2a: Blissey|atk|1\n|-curestatus|p2a: Blissey|psn|[from] ability: Natural Cure|[silent]\n|switch|p2a: Regigigas|Regigigas, L84|100/100\n|-status|p2a: Regigigas|psn\n|-start|p2a: Regigigas|ability: Slow Start\n|\n|-damage|p2a: Regigigas|88/100 psn|[from] psn\n|upkeep\n|turn|26\n|inactive|Time left: 300 sec this turn | 300 sec total\n|\n|t:|1783548555\n|move|p1a: Arbok|Coil|p1a: Arbok\n|-boost|p1a: Arbok|atk|1\n|-boost|p1a: Arbok|def|1\n|-boost|p1a: Arbok|accuracy|1\n|move|p2a: Regigigas|Knock Off|p1a: Arbok\n|-damage|p1a: Arbok|202/246\n|-enditem|p1a: Arbok|Leftovers|[from] move: Knock Off|[of] p2a: Regigigas\n|\n|-heal|p2a: Regigigas|94/100 psn|[from] item: Leftovers\n|-damage|p2a: Regigigas|82/100 psn|[from] psn\n|upkeep\n|turn|27\n|inactive|Time left: 300 sec this turn | 300 sec total\n|\n|t:|1783548556\n|move|p1a: Arbok|Coil|p1a: Arbok\n|-boost|p1a: Arbok|atk|1\n|-boost|p1a: Arbok|def|1\n|-boost|p1a: Arbok|accuracy|1\n|move|p2a: Regigigas|Body Slam|p1a: Arbok\n|-damage|p1a: Arbok|160/246\n|\n|-heal|p2a: Regigigas|88/100 psn|[from] item: Leftovers\n|-damage|p2a: Regigigas|76/100 psn|[from] psn\n|upkeep\n|turn|28\n|inactive|Time left: 300 sec this turn | 300 sec total\n|\n|t:|1783548557\n|move|p1a: Arbok|Coil|p1a: Arbok\n|-boost|p1a: Arbok|atk|1\n|-boost|p1a: Arbok|def|1\n|-boost|p1a: Arbok|accuracy|1\n|move|p2a: Regigigas|Rest|p2a: Regigigas\n|-status|p2a: Regigigas|slp|[from] move: Rest\n|-heal|p2a: Regigigas|100/100 slp|[silent]\n|\n|upkeep\n|turn|29\n|inactive|Time left: 300 sec this turn | 300 sec total\n|\n|t:|1783548558\n|move|p1a: Arbok|Gunk Shot|p2a: Regigigas\n|-damage|p2a: Regigigas|21/100 slp\n|cant|p2a: Regigigas|slp\n|move|p2a: Regigigas|Sleep Talk|p2a: Regigigas\n|move|p2a: Regigigas|Knock Off|p1a: Arbok|[from] move: Sleep Talk\n|-damage|p1a: Arbok|144/246\n|\n|-heal|p2a: Regigigas|28/100 slp|[from] item: Leftovers\n|upkeep\n|turn|30\n|inactive|Time left: 300 sec this turn | 300 sec total\n|\n|t:|1783548559\n|move|p1a: Arbok|Earthquake|p2a: Regigigas\n|-damage|p2a: Regigigas|0 fnt\n|faint|p2a: Regigigas\n|-end|p2a: Regigigas|Slow Start|[silent]\n|\n|upkeep\n|\n|t:|1783548560\n|switch|p2a: Blissey|Blissey, L85, F|100/100\n|-status|p2a: Blissey|psn\n|turn|31\n|inactive|Time left: 300 sec this turn | 300 sec total\n|\n|t:|1783548561\n|move|p1a: Arbok|Earthquake|p2a: Blissey\n|-damage|p2a: Blissey|11/100 psn\n|move|p2a: Blissey|Heal Bell|p2a: Blissey\n|-activate|p2a: Blissey|move: Heal Bell\n|-curestatus|p2a: Blissey|psn|[msg]\n|\n|-heal|p2a: Blissey|17/100|[from] item: Leftovers\n|upkeep\n|turn|32\n|inactive|Time left: 300 sec this turn | 300 sec total\n|\n|t:|1783548562\n|-terastallize|p2a: Blissey|Dark\n|move|p1a: Arbok|Earthquake|p2a: Blissey\n|-damage|p2a: Blissey|0 fnt\n|faint|p2a: Blissey\n|\n|win|p0x748edc9", "uploadtime": 1783548562, "views": 0, "rating": 0, "private": 0, "password": null, "_winner": "p0x748edc9", "_our_name": "p0x748edc9"}