{"id": "battle-gen9randombattle-51", "formatid": "gen9randombattle", "format": "[Gen 9] Random Battle", "players": ["p0x0511f97", "p0y05113ce"], "log": "|init|battle\n|title|p0x0511f97 vs. p0y05113ce\n|j|\u2606p0x0511f97\n|j|\u2606p0y05113ce\n|t:|1783540048\n|gametype|singles\n|player|p1|p0x0511f97|2|\n|player|p2|p0y05113ce|101|\n|gen|9\n|tier|[Gen 9] Random Battle\n|rule|Species Clause: Limit one of each Pok\u00e9mon\n|rule|HP Percentage Mod: HP is shown in percentages\n|rule|Sleep Clause Mod: Limit one foe put to sleep\n|rule|Illusion Level Mod: Illusion disguises the Pok\u00e9mon's true level\n|\n|t:|1783540048\n|teamsize|p1|6\n|teamsize|p2|6\n|start\n|switch|p1a: Drifblim|Drifblim, L86, F|396/396\n|switch|p2a: Sneasler|Sneasler, L74, M|100/100\n|turn|1\n|inactive|Battle timer is ON: inactive players will automatically lose when time's up. (requested by p0x0511f97)\n|inactive|p0y05113ce also wants the timer to be on.\n|\n|t:|1783540050\n|move|p2a: Sneasler|Swords Dance|p2a: Sneasler\n|-boost|p2a: Sneasler|atk|2\n|move|p1a: Drifblim|Air Slash|p2a: Sneasler\n|-supereffective|p2a: Sneasler\n|-damage|p2a: Sneasler|23/100\n|\n|upkeep\n|turn|2\n|inactive|Time left: 300 sec this turn | 300 sec total\n|\n|t:|1783540051\n|move|p2a: Sneasler|Dire Claw|p1a: Drifblim\n|-resisted|p1a: Drifblim\n|-damage|p1a: Drifblim|268/396\n|-status|p1a: Drifblim|psn\n|move|p1a: Drifblim|Air Slash|p2a: Sneasler\n|-supereffective|p2a: Sneasler\n|-damage|p2a: Sneasler|0 fnt\n|faint|p2a: Sneasler\n|\n|-damage|p1a: Drifblim|219/396 psn|[from] psn\n|upkeep\n|\n|t:|1783540052\n|switch|p2a: Wugtrio|Wugtrio, L91, M|100/100\n|turn|3\n|inactive|Time left: 300 sec this turn | 300 sec total\n|\n|t:|1783540053\n|switch|p1a: Cloyster|Cloyster, L80, M|211/211\n|move|p2a: Wugtrio|Liquidation|p1a: Cloyster\n|-resisted|p1a: Cloyster\n|-damage|p1a: Cloyster|160/211\n|\n|upkeep\n|turn|4\n|inactive|Time left: 300 sec this turn | 300 sec total\n|\n|t:|1783540054\n|switch|p2a: Alcremie|Alcremie, L90, F|100/100\n|move|p1a: Cloyster|Shell Smash|p1a: Cloyster\n|-unboost|p1a: Cloyster|def|1\n|-unboost|p1a: Cloyster|spd|1\n|-boost|p1a: Cloyster|atk|2\n|-boost|p1a: Cloyster|spa|2\n|-boost|p1a: Cloyster|spe|2\n|-enditem|p1a: Cloyster|White Herb\n|-clearnegativeboost|p1a: Cloyster|[silent]\n|\n|upkeep\n|turn|5\n|inactive|Time left: 300 sec this turn | 300 sec total\n|\n|t:|1783540055\n|-terastallize|p1a: Cloyster|Ice\n|move|p1a: Cloyster|Icicle Spear|p2a: Alcremie\n|-damage|p2a: Alcremie|72/100\n|-damage|p2a: Alcremie|45/100\n|-damage|p2a: Alcremie|18/100\n|-damage|p2a: Alcremie|0 fnt\n|faint|p2a: Alcremie\n|-hitcount|p2: Alcremie|4\n|\n|upkeep\n|\n|t:|1783540056\n|switch|p2a: Scizor|Scizor, L79, F|100/100\n|turn|6\n|inactive|Time left: 300 sec this turn | 300 sec total\n|\n|t:|1783540057\n|-terastallize|p2a: Scizor|Steel\n|move|p2a: Scizor|Bullet Punch|p1a: Cloyster\n|-supereffective|p1a: Cloyster\n|-damage|p1a: Cloyster|0 fnt\n|faint|p1a: Cloyster\n|\n|upkeep\n|inactive|Time left: 300 sec this turn | 300 sec total | 5 sec grace\n|\n|t:|1783540058\n|switch|p1a: Gliscor|Gliscor, L76, F|239/239\n|turn|7\n|inactive|Time left: 300 sec this turn | 300 sec total\n|\n|t:|1783540060\n|move|p2a: Scizor|Bullet Punch|p1a: Gliscor\n|-damage|p1a: Gliscor|129/239\n|move|p1a: Gliscor|Earthquake|p2a: Scizor\n|-supereffective|p2a: Scizor\n|-damage|p2a: Scizor|28/100\n|\n|-status|p1a: Gliscor|tox|[from] item: Toxic Orb\n|upkeep\n|turn|8\n|inactive|Time left: 300 sec this turn | 300 sec total\n|\n|t:|1783540061\n|move|p2a: Scizor|Bullet Punch|p1a: Gliscor\n|-damage|p1a: Gliscor|17/239 tox\n|move|p1a: Gliscor|Earthquake|p2a: Scizor\n|-supereffective|p2a: Scizor\n|-crit|p2a: Scizor\n|-damage|p2a: Scizor|0 fnt\n|faint|p2a: Scizor\n|\n|-heal|p1a: Gliscor|46/239 tox|[from] ability: Poison Heal\n|upkeep\n|\n|t:|1783540062\n|switch|p2a: Wugtrio|Wugtrio, L91, M|100/100\n|turn|9\n|inactive|Time left: 300 sec this turn | 300 sec total\n|\n|t:|1783540063\n|move|p1a: Gliscor|Protect|p1a: Gliscor\n|-singleturn|p1a: Gliscor|Protect\n|move|p2a: Wugtrio|Liquidation|p1a: Gliscor\n|-activate|p1a: Gliscor|move: Protect\n|\n|-heal|p1a: Gliscor|75/239 tox|[from] ability: Poison Heal\n|upkeep\n|turn|10\n|inactive|Time left: 300 sec this turn | 300 sec total\n|\n|t:|1783540064\n|switch|p1a: Giratina|Giratina-Origin, L72|335/335\n|move|p2a: Wugtrio|Liquidation|p1a: Giratina\n|-resisted|p1a: Giratina\n|-damage|p1a: Giratina|252/335\n|\n|upkeep\n|turn|11\n|inactive|Time left: 300 sec this turn | 300 sec total\n|\n|t:|1783540065\n|switch|p2a: Moltres|Moltres-Galar, L79|100/100\n|move|p1a: Giratina|Poltergeist|p2a: Moltres\n|-activate|p2a: Moltres|move: Poltergeist|Chesto Berry\n|-resisted|p2a: Moltres\n|-damage|p2a: Moltres|78/100\n|\n|upkeep\n|turn|12\n|inactive|Time left: 300 sec this turn | 300 sec total\n|\n|t:|1783540066\n|switch|p1a: Terrakion|Terrakion, L79|273/273\n|move|p2a: Moltres|Fiery Wrath|p1a: Terrakion\n|-resisted|p1a: Terrakion\n|-damage|p1a: Terrakion|224/273\n|-ability|p1a: Terrakion|Justified|boost\n|-boost|p1a: Terrakion|atk|1\n|\n|upkeep\n|turn|13\n|inactive|Time left: 300 sec this turn | 300 sec total\n|\n|t:|1783540067\n|move|p1a: Terrakion|Stone Edge|p2a: Moltres\n|-supereffective|p2a: Moltres\n|-crit|p2a: Moltres\n|-damage|p2a: Moltres|0 fnt\n|faint|p2a: Moltres\n|\n|upkeep\n|\n|t:|1783540068\n|switch|p2a: Wugtrio|Wugtrio, L91, M|100/100\n|turn|14\n|inactive|Time left: 300 sec this turn | 300 sec total\n|\n|t:|1783540069\n|switch|p1a: Giratina|Giratina-Origin, L72|252/335\n|move|p2a: Wugtrio|Liquidation|p1a: Giratina\n|-resisted|p1a: Giratina\n|-damage|p1a: Giratina|164/335\n|-unboost|p1a: Giratina|def|1\n|\n|upkeep\n|turn|15\n|inactive|Time left: 300 sec this turn | 300 sec total\n|\n|t:|1783540070\n|move|p2a: Wugtrio|Liquidation|p1a: Giratina\n|-resisted|p1a: Giratina\n|-damage|p1a: Giratina|47/335\n|move|p1a: Giratina|Poltergeist|p2a: Wugtrio\n|-activate|p2a: Wugtrio|move: Poltergeist|Choice Band\n|-damage|p2a: Wugtrio|21/100\n|\n|upkeep\n|turn|16\n|inactive|Time left: 300 sec this turn | 300 sec total\n|\n|t:|1783540071\n|move|p1a: Giratina|Shadow Sneak|p2a: Wugtrio\n|-damage|p2a: Wugtrio|0 fnt\n|-ability|p2a: Wugtrio|Gooey\n|-unboost|p1a: Giratina|spe|1\n|faint|p2a: Wugtrio\n|\n|upkeep\n|\n|t:|1783540072\n|switch|p2a: Delibird|Delibird, F|100/100\n|turn|17\n|inactive|Time left: 300 sec this turn | 300 sec total\n|\n|t:|1783540073\n|switch|p1a: Terrakion|Terrakion, L79|224/273\n|move|p2a: Delibird|Drill Run|p1a: Terrakion\n|-supereffective|p1a: Terrakion\n|-damage|p1a: Terrakion|64/273\n|\n|upkeep\n|turn|18\n|inactive|Time left: 300 sec this turn | 300 sec total\n|\n|t:|1783540074\n|move|p1a: Terrakion|Close Combat|p2a: Delibird\n|-damage|p2a: Delibird|0 fnt\n|-unboost|p1a: Terrakion|def|1\n|-unboost|p1a: Terrakion|spd|1\n|faint|p2a: Delibird\n|\n|win|p0x0511f97", "uploadtime": 1783540074, "views": 0, "rating": 0, "private": 0, "password": null, "_winner": "p0x0511f97", "_our_name": "p0x0511f97"}