{"id": "battle-gen9randombattle-146", "formatid": "gen9randombattle", "format": "[Gen 9] Random Battle", "players": ["p0x146ee84", "p0y146491f"], "log": "|init|battle\n|title|p0x146ee84 vs. p0y146491f\n|j|\u2606p0x146ee84\n|j|\u2606p0y146491f\n|t:|1783535429\n|gametype|singles\n|player|p1|p0x146ee84|101|\n|player|p2|p0y146491f|170|\n|gen|9\n|tier|[Gen 9] Random Battle\n|rule|Species Clause: Limit one of each Pok\u00e9mon\n|rule|HP Percentage Mod: HP is shown in percentages\n|rule|Sleep Clause Mod: Limit one foe put to sleep\n|rule|Illusion Level Mod: Illusion disguises the Pok\u00e9mon's true level\n|\n|t:|1783535429\n|teamsize|p1|6\n|teamsize|p2|6\n|start\n|switch|p1a: Virizion|Virizion, L82|100/100\n|switch|p2a: Mandibuzz|Mandibuzz, L85, F|326/326\n|turn|1\n|inactive|Battle timer is ON: inactive players will automatically lose when time's up. (requested by p0y146491f)\n|\n|t:|1783535431\n|move|p1a: Virizion|Swords Dance|p1a: Virizion\n|-boost|p1a: Virizion|atk|2\n|move|p2a: Mandibuzz|Brave Bird|p1a: Virizion\n|-supereffective|p1a: Virizion\n|-damage|p1a: Virizion|0 fnt\n|faint|p1a: Virizion\n|-damage|p2a: Mandibuzz|233/326|[from] Recoil\n|\n|upkeep\n|inactive|p0x146ee84 also wants the timer to be on.\n|\n|t:|1783535432\n|switch|p1a: Mienshao|Mienshao, L83, F|100/100\n|turn|2\n|inactive|Time left: 300 sec this turn | 300 sec total\n|\n|t:|1783535433\n|switch|p2a: Skeledirge|Skeledirge, L79, M|294/294\n|move|p1a: Mienshao|High Jump Kick|p2a: Skeledirge\n|-immune|p2a: Skeledirge\n|-damage|p1a: Mienshao|51/100|[from] highjumpkick\n|\n|upkeep\n|turn|3\n|inactive|Time left: 300 sec this turn | 300 sec total\n|\n|t:|1783535434\n|switch|p1a: Lapras|Lapras, L87, M|100/100\n|move|p2a: Skeledirge|Torch Song|p1a: Lapras\n|-damage|p1a: Lapras|81/100\n|-boost|p2a: Skeledirge|spa|1\n|\n|upkeep\n|turn|4\n|inactive|Time left: 300 sec this turn | 300 sec total\n|\n|t:|1783535435\n|move|p1a: Lapras|Sparkling Aria|p2a: Skeledirge\n|-supereffective|p2a: Skeledirge\n|-damage|p2a: Skeledirge|0 fnt\n|faint|p2a: Skeledirge\n|\n|upkeep\n|inactive|Time left: 300 sec this turn | 300 sec total | 5 sec grace\n|\n|t:|1783535436\n|switch|p2a: Gallade|Gallade, L80, M|240/240\n|turn|5\n|inactive|Time left: 300 sec this turn | 300 sec total\n|\n|t:|1783535437\n|switch|p1a: Cresselia|Cresselia, L80, F|100/100\n|move|p2a: Gallade|Sacred Sword|p1a: Cresselia\n|-resisted|p1a: Cresselia\n|-damage|p1a: Cresselia|67/100\n|\n|-heal|p1a: Cresselia|73/100|[from] item: Leftovers\n|upkeep\n|turn|6\n|inactive|Time left: 300 sec this turn | 300 sec total\n|\n|t:|1783535437\n|move|p1a: Cresselia|Calm Mind|p1a: Cresselia\n|-boost|p1a: Cresselia|spa|1\n|-boost|p1a: Cresselia|spd|1\n|move|p2a: Gallade|Sacred Sword|p1a: Cresselia\n|-resisted|p1a: Cresselia\n|-damage|p1a: Cresselia|39/100\n|\n|-heal|p1a: Cresselia|45/100|[from] item: Leftovers\n|upkeep\n|turn|7\n|inactive|Time left: 300 sec this turn | 300 sec total\n|\n|t:|1783535438\n|move|p1a: Cresselia|Moonlight|p1a: Cresselia\n|-heal|p1a: Cresselia|95/100\n|move|p2a: Gallade|Sacred Sword|p1a: Cresselia\n|-resisted|p1a: Cresselia\n|-crit|p1a: Cresselia\n|-damage|p1a: Cresselia|42/100\n|\n|-heal|p1a: Cresselia|48/100|[from] item: Leftovers\n|upkeep\n|turn|8\n|inactive|Time left: 300 sec this turn | 300 sec total\n|\n|t:|1783535440\n|move|p1a: Cresselia|Moonlight|p1a: Cresselia\n|-heal|p1a: Cresselia|98/100\n|move|p2a: Gallade|Sacred Sword|p1a: Cresselia\n|-resisted|p1a: Cresselia\n|-damage|p1a: Cresselia|65/100\n|\n|-heal|p1a: Cresselia|71/100|[from] item: Leftovers\n|upkeep\n|turn|9\n|inactive|Time left: 300 sec this turn | 300 sec total\n|\n|t:|1783535441\n|move|p1a: Cresselia|Moonblast|p2a: Gallade\n|-supereffective|p2a: Gallade\n|-crit|p2a: Gallade\n|-damage|p2a: Gallade|58/240\n|-unboost|p2a: Gallade|spa|1\n|move|p2a: Gallade|Sacred Sword|p1a: Cresselia\n|-resisted|p1a: Cresselia\n|-damage|p1a: Cresselia|41/100\n|\n|-heal|p1a: Cresselia|47/100|[from] item: Leftovers\n|upkeep\n|turn|10\n|inactive|Time left: 300 sec this turn | 300 sec total\n|\n|t:|1783535442\n|switch|p2a: Mandibuzz|Mandibuzz, L85, F|233/326\n|move|p1a: Cresselia|Moonblast|p2a: Mandibuzz\n|-supereffective|p2a: Mandibuzz\n|-damage|p2a: Mandibuzz|101/326\n|\n|-heal|p1a: Cresselia|53/100|[from] item: Leftovers\n|upkeep\n|turn|11\n|inactive|Time left: 300 sec this turn | 300 sec total\n|\n|t:|1783535443\n|move|p2a: Mandibuzz|Roost|p2a: Mandibuzz\n|-heal|p2a: Mandibuzz|264/326\n|-singleturn|p2a: Mandibuzz|move: Roost\n|move|p1a: Cresselia|Moonblast|p2a: Mandibuzz\n|-supereffective|p2a: Mandibuzz\n|-damage|p2a: Mandibuzz|128/326\n|\n|-heal|p1a: Cresselia|59/100|[from] item: Leftovers\n|upkeep\n|turn|12\n|inactive|Time left: 300 sec this turn | 300 sec total\n|\n|t:|1783535444\n|move|p2a: Mandibuzz|Roost|p2a: Mandibuzz\n|-heal|p2a: Mandibuzz|291/326\n|-singleturn|p2a: Mandibuzz|move: Roost\n|move|p1a: Cresselia|Moonblast|p2a: Mandibuzz\n|-supereffective|p2a: Mandibuzz\n|-damage|p2a: Mandibuzz|151/326\n|\n|-heal|p1a: Cresselia|66/100|[from] item: Leftovers\n|upkeep\n|turn|13\n|inactive|Time left: 300 sec this turn | 300 sec total\n|\n|t:|1783535445\n|move|p2a: Mandibuzz|Roost|p2a: Mandibuzz\n|-heal|p2a: Mandibuzz|314/326\n|-singleturn|p2a: Mandibuzz|move: Roost\n|move|p1a: Cresselia|Moonblast|p2a: Mandibuzz\n|-supereffective|p2a: Mandibuzz\n|-damage|p2a: Mandibuzz|166/326\n|\n|-heal|p1a: Cresselia|72/100|[from] item: Leftovers\n|upkeep\n|turn|14\n|inactive|Time left: 300 sec this turn | 300 sec total\n|\n|t:|1783535446\n|move|p2a: Mandibuzz|Foul Play|p1a: Cresselia\n|-supereffective|p1a: Cresselia\n|-crit|p1a: Cresselia\n|-damage|p1a: Cresselia|27/100\n|move|p1a: Cresselia|Moonblast|p2a: Mandibuzz\n|-supereffective|p2a: Mandibuzz\n|-damage|p2a: Mandibuzz|32/326\n|\n|-heal|p1a: Cresselia|33/100|[from] item: Leftovers\n|upkeep\n|turn|15\n|inactive|Time left: 300 sec this turn | 300 sec total\n|\n|t:|1783535447\n|move|p2a: Mandibuzz|Foul Play|p1a: Cresselia\n|-supereffective|p1a: Cresselia\n|-damage|p1a: Cresselia|3/100\n|move|p1a: Cresselia|Moonlight|p1a: Cresselia\n|-heal|p1a: Cresselia|53/100\n|\n|-heal|p1a: Cresselia|59/100|[from] item: Leftovers\n|upkeep\n|turn|16\n|inactive|Time left: 300 sec this turn | 300 sec total\n|\n|t:|1783535448\n|move|p2a: Mandibuzz|Roost|p2a: Mandibuzz\n|-heal|p2a: Mandibuzz|195/326\n|-singleturn|p2a: Mandibuzz|move: Roost\n|move|p1a: Cresselia|Moonblast|p2a: Mandibuzz\n|-supereffective|p2a: Mandibuzz\n|-damage|p2a: Mandibuzz|57/326\n|-unboost|p2a: Mandibuzz|spa|1\n|\n|-heal|p1a: Cresselia|65/100|[from] item: Leftovers\n|upkeep\n|turn|17\n|inactive|Time left: 300 sec this turn | 300 sec total\n|\n|t:|1783535449\n|move|p2a: Mandibuzz|Toxic|p1a: Cresselia\n|-status|p1a: Cresselia|tox\n|move|p1a: Cresselia|Moonblast|p2a: Mandibuzz\n|-supereffective|p2a: Mandibuzz\n|-damage|p2a: Mandibuzz|0 fnt\n|faint|p2a: Mandibuzz\n|\n|-heal|p1a: Cresselia|71/100 tox|[from] item: Leftovers\n|-damage|p1a: Cresselia|65/100 tox|[from] psn\n|upkeep\n|inactive|Time left: 300 sec this turn | 300 sec total | 5 sec grace\n|\n|t:|1783535450\n|switch|p2a: Malamar|Malamar, L82, F|275/275\n|turn|18\n|inactive|Time left: 300 sec this turn | 300 sec total\n|\n|t:|1783535451\n|move|p1a: Cresselia|Moonblast|p2a: Malamar\n|-supereffective|p2a: Malamar\n|-damage|p2a: Malamar|87/275\n|move|p2a: Malamar|Knock Off|p1a: Cresselia\n|-supereffective|p1a: Cresselia\n|-damage|p1a: Cresselia|15/100 tox\n|-enditem|p1a: Cresselia|Leftovers|[from] move: Knock Off|[of] p2a: Malamar\n|\n|-damage|p1a: Cresselia|3/100 tox|[from] psn\n|upkeep\n|turn|19\n|inactive|Time left: 300 sec this turn | 300 sec total\n|\n|t:|1783535452\n|switch|p2a: Amoonguss|Amoonguss, L82, F|321/321\n|move|p1a: Cresselia|Moonblast|p2a: Amoonguss\n|-resisted|p2a: Amoonguss\n|-damage|p2a: Amoonguss|282/321\n|-unboost|p2a: Amoonguss|spa|1\n|\n|-damage|p1a: Cresselia|0 fnt|[from] psn\n|faint|p1a: Cresselia\n|upkeep\n|\n|t:|1783535453\n|switch|p1a: Lapras|Lapras, L87, M|81/100\n|turn|20\n|inactive|Time left: 300 sec this turn | 300 sec total\n|\n|t:|1783535454\n|switch|p2a: Articuno|Articuno, L86|295/295\n|-ability|p2a: Articuno|Pressure\n|move|p1a: Lapras|Ice Beam|p2a: Articuno\n|-damage|p2a: Articuno|198/295\n|\n|upkeep\n|turn|21\n|inactive|Time left: 300 sec this turn | 300 sec total\n|\n|t:|1783535455\n|move|p2a: Articuno|Brave Bird|p1a: Lapras\n|-damage|p1a: Lapras|45/100\n|-damage|p2a: Articuno|154/295|[from] Recoil\n|move|p1a: Lapras|Ice Beam|p2a: Articuno\n|-damage|p2a: Articuno|58/295\n|\n|upkeep\n|turn|22\n|inactive|Time left: 300 sec this turn | 300 sec total\n|\n|t:|1783535456\n|move|p2a: Articuno|Roost|p2a: Articuno\n|-heal|p2a: Articuno|206/295\n|-singleturn|p2a: Articuno|move: Roost\n|move|p1a: Lapras|Ice Beam|p2a: Articuno\n|-resisted|p2a: Articuno\n|-damage|p2a: Articuno|155/295\n|\n|upkeep\n|turn|23\n|inactive|Time left: 300 sec this turn | 300 sec total\n|\n|t:|1783535457\n|move|p2a: Articuno|Roost|p2a: Articuno\n|-heal|p2a: Articuno|295/295\n|-singleturn|p2a: Articuno|move: Roost\n|move|p1a: Lapras|Ice Beam|p2a: Articuno\n|-resisted|p2a: Articuno\n|-damage|p2a: Articuno|244/295\n|\n|upkeep\n|turn|24\n|inactive|Time left: 300 sec this turn | 300 sec total\n|\n|t:|1783535459\n|move|p2a: Articuno|Brave Bird|p1a: Lapras\n|-damage|p1a: Lapras|12/100\n|-damage|p2a: Articuno|204/295|[from] Recoil\n|move|p1a: Lapras|Ice Beam|p2a: Articuno\n|-damage|p2a: Articuno|110/295\n|\n|upkeep\n|turn|25\n|inactive|Time left: 300 sec this turn | 300 sec total\n|\n|t:|1783535460\n|switch|p1a: Hoopa|Hoopa, L85|100/100\n|move|p2a: Articuno|Roost|p2a: Articuno\n|-heal|p2a: Articuno|258/295\n|-singleturn|p2a: Articuno|move: Roost\n|\n|upkeep\n|turn|26\n|inactive|Time left: 300 sec this turn | 300 sec total\n|\n|t:|1783535460\n|move|p1a: Hoopa|Shadow Ball|p2a: Articuno\n|-damage|p2a: Articuno|170/295\n|move|p2a: Articuno|Brave Bird|p1a: Hoopa\n|-damage|p1a: Hoopa|40/100\n|-damage|p2a: Articuno|116/295|[from] Recoil\n|\n|upkeep\n|turn|27\n|inactive|Time left: 300 sec this turn | 300 sec total\n|\n|t:|1783535461\n|move|p1a: Hoopa|Shadow Ball|p2a: Articuno\n|-damage|p2a: Articuno|28/295\n|move|p2a: Articuno|Roost|p2a: Articuno\n|-heal|p2a: Articuno|176/295\n|-singleturn|p2a: Articuno|move: Roost\n|\n|upkeep\n|turn|28\n|inactive|Time left: 300 sec this turn | 300 sec total\n|\n|t:|1783535462\n|move|p1a: Hoopa|Shadow Ball|p2a: Articuno\n|-damage|p2a: Articuno|88/295\n|-unboost|p2a: Articuno|spd|1\n|move|p2a: Articuno|Roost|p2a: Articuno\n|-heal|p2a: Articuno|236/295\n|-singleturn|p2a: Articuno|move: Roost\n|\n|upkeep\n|turn|29\n|inactive|Time left: 300 sec this turn | 300 sec total\n|\n|t:|1783535463\n|move|p1a: Hoopa|Shadow Ball|p2a: Articuno\n|-damage|p2a: Articuno|92/295\n|-unboost|p2a: Articuno|spd|1\n|move|p2a: Articuno|Brave Bird|p1a: Hoopa\n|-damage|p1a: Hoopa|0 fnt\n|faint|p1a: Hoopa\n|-damage|p2a: Articuno|56/295|[from] Recoil\n|\n|upkeep\n|\n|t:|1783535464\n|switch|p1a: Mienshao|Mienshao, L83, F|51/100\n|turn|30\n|inactive|Time left: 300 sec this turn | 300 sec total\n|\n|t:|1783535465\n|switch|p2a: Amoonguss|Amoonguss, L82, F|321/321\n|move|p1a: Mienshao|High Jump Kick|p2a: Amoonguss\n|-resisted|p2a: Amoonguss\n|-damage|p2a: Amoonguss|129/321\n|-damage|p1a: Mienshao|34/100|[from] item: Rocky Helmet|[of] p2a: Amoonguss\n|\n|upkeep\n|turn|31\n|inactive|Time left: 300 sec this turn | 300 sec total\n|\n|t:|1783535466\n|switch|p2a: Articuno|Articuno, L86|56/295\n|-ability|p2a: Articuno|Pressure\n|move|p1a: Mienshao|High Jump Kick|p2a: Articuno\n|-damage|p2a: Articuno|0 fnt\n|faint|p2a: Articuno\n|\n|upkeep\n|inactive|Time left: 300 sec this turn | 300 sec total | 5 sec grace\n|\n|t:|1783535466\n|switch|p2a: Amoonguss|Amoonguss, L82, F|236/321\n|turn|32\n|inactive|Time left: 300 sec this turn | 300 sec total\n|\n|t:|1783535467\n|-terastallize|p1a: Mienshao|Fighting\n|move|p1a: Mienshao|High Jump Kick|p2a: Amoonguss\n|-resisted|p2a: Amoonguss\n|-damage|p2a: Amoonguss|9/321\n|-damage|p1a: Mienshao|18/100|[from] item: Rocky Helmet|[of] p2a: Amoonguss\n|move|p2a: Amoonguss|Spore|p1a: Mienshao\n|-status|p1a: Mienshao|slp|[from] move: Spore\n|\n|upkeep\n|turn|33\n|inactive|Time left: 300 sec this turn | 300 sec total\n|\n|t:|1783535468\n|switch|p2a: Gallade|Gallade, L80, M|58/240\n|cant|p1a: Mienshao|slp\n|\n|upkeep\n|turn|34\n|inactive|Time left: 300 sec this turn | 300 sec total\n|\n|t:|1783535469\n|-curestatus|p1a: Mienshao|slp|[msg]\n|move|p1a: Mienshao|High Jump Kick|p2a: Gallade\n|-resisted|p2a: Gallade\n|-damage|p2a: Gallade|0 fnt\n|faint|p2a: Gallade\n|\n|upkeep\n|inactive|Time left: 300 sec this turn | 300 sec total | 5 sec grace\n|\n|t:|1783535470\n|switch|p2a: Malamar|Malamar, L82, F|87/275\n|turn|35\n|inactive|Time left: 300 sec this turn | 300 sec total\n|\n|t:|1783535470\n|move|p1a: Mienshao|High Jump Kick|p2a: Malamar\n|-damage|p2a: Malamar|0 fnt\n|faint|p2a: Malamar\n|\n|upkeep\n|inactive|Time left: 300 sec this turn | 300 sec total | 5 sec grace\n|\n|t:|1783535471\n|switch|p2a: Amoonguss|Amoonguss, L82, F|116/321\n|turn|36\n|inactive|Time left: 300 sec this turn | 300 sec total\n|\n|t:|1783535472\n|move|p1a: Mienshao|High Jump Kick|p2a: Amoonguss|[miss]\n|-miss|p1a: Mienshao|p2a: Amoonguss\n|-damage|p1a: Mienshao|0 fnt|[from] highjumpkick\n|faint|p1a: Mienshao\n|move|p2a: Amoonguss|Sludge Bomb|p1: Mienshao|[notarget]\n|-fail|p2a: Amoonguss\n|\n|upkeep\n|\n|t:|1783535473\n|switch|p1a: Sandaconda|Sandaconda, L84, M|100/100\n|turn|37\n|inactive|Time left: 300 sec this turn | 300 sec total\n|\n|t:|1783535474\n|move|p1a: Sandaconda|Earthquake|p2a: Amoonguss\n|-damage|p2a: Amoonguss|0 fnt\n|faint|p2a: Amoonguss\n|\n|win|p0x146ee84", "uploadtime": 1783535474, "views": 0, "rating": 0, "private": 0, "password": null, "_winner": "p0x146ee84", "_our_name": "p0y146491f"}