{"id": "battle-gen9randombattle-1984", "formatid": "gen9randombattle", "format": "[Gen 9] Random Battle", "players": ["p0x19840ae8", "p0y198416cd"], "log": "|init|battle\n|title|p0x19840ae8 vs. p0y198416cd\n|j|\u2606p0x19840ae8\n|j|\u2606p0y198416cd\n|t:|1783562213\n|gametype|singles\n|player|p1|p0x19840ae8|169|\n|player|p2|p0y198416cd|2|\n|gen|9\n|tier|[Gen 9] Random Battle\n|rule|Species Clause: Limit one of each Pok\u00e9mon\n|rule|HP Percentage Mod: HP is shown in percentages\n|rule|Sleep Clause Mod: Limit one foe put to sleep\n|rule|Illusion Level Mod: Illusion disguises the Pok\u00e9mon's true level\n|\n|t:|1783562213\n|teamsize|p1|6\n|teamsize|p2|6\n|start\n|switch|p1a: Hawlucha|Hawlucha, L80, F|100/100\n|switch|p2a: Empoleon|Empoleon, L84, F|278/278\n|turn|1\n|inactive|Battle timer is ON: inactive players will automatically lose when time's up. (requested by p0y198416cd)\n|inactive|p0x19840ae8 also wants the timer to be on.\n|\n|t:|1783562214\n|move|p1a: Hawlucha|Swords Dance|p1a: Hawlucha\n|-boost|p1a: Hawlucha|atk|2\n|move|p2a: Empoleon|Surf|p1a: Hawlucha\n|-damage|p1a: Hawlucha|50/100\n|\n|upkeep\n|turn|2\n|inactive|Time left: 300 sec this turn | 300 sec total\n|\n|t:|1783562215\n|-terastallize|p2a: Empoleon|Flying\n|move|p1a: Hawlucha|Close Combat|p2a: Empoleon\n|-resisted|p2a: Empoleon\n|-damage|p2a: Empoleon|176/278\n|-unboost|p1a: Hawlucha|def|1\n|-unboost|p1a: Hawlucha|spd|1\n|-enditem|p1a: Hawlucha|White Herb\n|-clearnegativeboost|p1a: Hawlucha|[silent]\n|move|p2a: Empoleon|Surf|p1a: Hawlucha\n|-damage|p1a: Hawlucha|0 fnt\n|faint|p1a: Hawlucha\n|\n|-heal|p2a: Empoleon|193/278|[from] item: Leftovers\n|upkeep\n|\n|t:|1783562216\n|switch|p1a: Tyranitar|Tyranitar, L78, M|100/100\n|-weather|Sandstorm|[from] ability: Sand Stream|[of] p1a: Tyranitar\n|turn|3\n|inactive|Time left: 300 sec this turn | 300 sec total\n|\n|t:|1783562217\n|move|p2a: Empoleon|Ice Beam|p1a: Tyranitar\n|-crit|p1a: Tyranitar\n|-damage|p1a: Tyranitar|74/100\n|move|p1a: Tyranitar|Knock Off|p2a: Empoleon\n|-damage|p2a: Empoleon|85/278\n|-enditem|p2a: Empoleon|Leftovers|[from] move: Knock Off|[of] p1a: Tyranitar\n|\n|-weather|Sandstorm|[upkeep]\n|-damage|p2a: Empoleon|68/278|[from] Sandstorm\n|upkeep\n|turn|4\n|inactive|Time left: 300 sec this turn | 300 sec total\n|\n|t:|1783562219\n|move|p2a: Empoleon|Roost|p2a: Empoleon\n|-heal|p2a: Empoleon|207/278\n|-hint|If a Terastallized Pokemon uses Roost, it remains Flying-type.\n|move|p1a: Tyranitar|Dragon Dance|p1a: Tyranitar\n|-boost|p1a: Tyranitar|atk|1\n|-boost|p1a: Tyranitar|spe|1\n|\n|-weather|Sandstorm|[upkeep]\n|-damage|p2a: Empoleon|190/278|[from] Sandstorm\n|upkeep\n|turn|5\n|inactive|Time left: 300 sec this turn | 300 sec total\n|\n|t:|1783562219\n|switch|p2a: Bastiodon|Bastiodon, L89, F|252/252\n|move|p1a: Tyranitar|Stone Edge|p2a: Bastiodon\n|-resisted|p2a: Bastiodon\n|-damage|p2a: Bastiodon|204/252\n|\n|-weather|Sandstorm|[upkeep]\n|upkeep\n|turn|6\n|inactive|Time left: 300 sec this turn | 300 sec total\n|\n|t:|1783562220\n|move|p1a: Tyranitar|Knock Off|p2a: Bastiodon\n|-damage|p2a: Bastiodon|104/252\n|-enditem|p2a: Bastiodon|Chesto Berry|[from] move: Knock Off|[of] p1a: Tyranitar\n|move|p2a: Bastiodon|Body Press|p1a: Tyranitar\n|-supereffective|p1a: Tyranitar\n|-damage|p1a: Tyranitar|0 fnt\n|faint|p1a: Tyranitar\n|\n|-weather|Sandstorm|[upkeep]\n|upkeep\n|\n|t:|1783562221\n|switch|p1a: Okidogi|Okidogi, L77, M|100/100\n|turn|7\n|inactive|Time left: 300 sec this turn | 300 sec total\n|\n|t:|1783562222\n|move|p1a: Okidogi|Drain Punch|p2a: Bastiodon\n|-supereffective|p2a: Bastiodon\n|-damage|p2a: Bastiodon|0 fnt\n|faint|p2a: Bastiodon\n|\n|-weather|none\n|upkeep\n|inactive|Time left: 300 sec this turn | 300 sec total | 5 sec grace\n|\n|t:|1783562223\n|switch|p2a: Flapple|Flapple, L88, F|266/266\n|turn|8\n|inactive|Time left: 300 sec this turn | 300 sec total\n|\n|t:|1783562224\n|move|p2a: Flapple|Outrage|p1a: Okidogi\n|-damage|p1a: Okidogi|0 fnt\n|faint|p1a: Okidogi\n|\n|upkeep\n|\n|t:|1783562225\n|switch|p1a: Clefable|Clefable, L83, M|100/100\n|turn|9\n|inactive|Time left: 300 sec this turn | 300 sec total\n|\n|t:|1783562226\n|move|p2a: Flapple|Outrage|p1a: Clefable|[from] lockedmove\n|-immune|p1a: Clefable\n|move|p1a: Clefable|Moonblast|p2a: Flapple\n|-supereffective|p2a: Flapple\n|-damage|p2a: Flapple|18/266\n|\n|upkeep\n|turn|10\n|inactive|Time left: 300 sec this turn | 300 sec total\n|\n|t:|1783562227\n|move|p2a: Flapple|Outrage|p1a: Clefable\n|-immune|p1a: Clefable\n|move|p1a: Clefable|Stealth Rock|p2a: Flapple\n|-sidestart|p2: p0y198416cd|move: Stealth Rock\n|\n|upkeep\n|turn|11\n|inactive|Time left: 300 sec this turn | 300 sec total\n|\n|t:|1783562228\n|move|p2a: Flapple|Outrage|p1a: Clefable\n|-immune|p1a: Clefable\n|move|p1a: Clefable|Moonblast|p2a: Flapple\n|-supereffective|p2a: Flapple\n|-crit|p2a: Flapple\n|-damage|p2a: Flapple|0 fnt\n|faint|p2a: Flapple\n|\n|upkeep\n|inactive|Time left: 300 sec this turn | 300 sec total | 5 sec grace\n|\n|t:|1783562229\n|switch|p2a: Glastrier|Glastrier, L86|312/312\n|turn|12\n|inactive|Time left: 300 sec this turn | 300 sec total\n|\n|t:|1783562230\n|move|p1a: Clefable|Fire Blast|p2a: Glastrier\n|-supereffective|p2a: Glastrier\n|-damage|p2a: Glastrier|190/312\n|-status|p2a: Glastrier|brn\n|move|p2a: Glastrier|Heavy Slam|p1a: Clefable\n|-supereffective|p1a: Clefable\n|-damage|p1a: Clefable|53/100\n|\n|-heal|p1a: Clefable|60/100|[from] item: Leftovers\n|-damage|p2a: Glastrier|171/312 brn|[from] brn\n|upkeep\n|turn|13\n|inactive|Time left: 300 sec this turn | 300 sec total\n|\n|t:|1783562231\n|move|p1a: Clefable|Moonlight|p1a: Clefable\n|-heal|p1a: Clefable|100/100\n|move|p2a: Glastrier|Heavy Slam|p1a: Clefable\n|-supereffective|p1a: Clefable\n|-damage|p1a: Clefable|53/100\n|\n|-heal|p1a: Clefable|59/100|[from] item: Leftovers\n|-damage|p2a: Glastrier|152/312 brn|[from] brn\n|upkeep\n|turn|14\n|inactive|Time left: 300 sec this turn | 300 sec total\n|\n|t:|1783562232\n|move|p1a: Clefable|Moonlight|p1a: Clefable\n|-heal|p1a: Clefable|100/100\n|move|p2a: Glastrier|Heavy Slam|p1a: Clefable\n|-supereffective|p1a: Clefable\n|-damage|p1a: Clefable|55/100\n|\n|-heal|p1a: Clefable|62/100|[from] item: Leftovers\n|-damage|p2a: Glastrier|133/312 brn|[from] brn\n|upkeep\n|turn|15\n|inactive|Time left: 300 sec this turn | 300 sec total\n|\n|t:|1783562233\n|move|p1a: Clefable|Moonlight|p1a: Clefable\n|-heal|p1a: Clefable|100/100\n|move|p2a: Glastrier|Heavy Slam|p1a: Clefable\n|-supereffective|p1a: Clefable\n|-damage|p1a: Clefable|51/100\n|\n|-heal|p1a: Clefable|57/100|[from] item: Leftovers\n|-damage|p2a: Glastrier|114/312 brn|[from] brn\n|upkeep\n|turn|16\n|inactive|Time left: 300 sec this turn | 300 sec total\n|\n|t:|1783562234\n|move|p1a: Clefable|Fire Blast|p2a: Glastrier\n|-supereffective|p2a: Glastrier\n|-damage|p2a: Glastrier|0 fnt\n|faint|p2a: Glastrier\n|\n|-heal|p1a: Clefable|63/100|[from] item: Leftovers\n|upkeep\n|inactive|Time left: 300 sec this turn | 300 sec total | 5 sec grace\n|\n|t:|1783562235\n|switch|p2a: Typhlosion|Typhlosion, L84, M|267/267\n|-damage|p2a: Typhlosion|201/267|[from] Stealth Rock\n|turn|17\n|inactive|Time left: 300 sec this turn | 300 sec total\n|\n|t:|1783562236\n|move|p2a: Typhlosion|Eruption|p1a: Clefable\n|-damage|p1a: Clefable|0 fnt\n|faint|p1a: Clefable\n|\n|upkeep\n|\n|t:|1783562237\n|switch|p1a: Trevenant|Trevenant, L89, M|100/100\n|turn|18\n|inactive|Time left: 300 sec this turn | 300 sec total\n|\n|t:|1783562237\n|-terastallize|p1a: Trevenant|Fighting\n|move|p2a: Typhlosion|Eruption|p1a: Trevenant\n|-damage|p1a: Trevenant|41/100\n|move|p1a: Trevenant|Drain Punch|p2a: Typhlosion\n|-damage|p2a: Typhlosion|65/267\n|-heal|p1a: Trevenant|64/100|[from] drain|[of] p2a: Typhlosion\n|-damage|p1a: Trevenant|54/100|[from] item: Life Orb\n|\n|upkeep\n|turn|19\n|inactive|Time left: 300 sec this turn | 300 sec total\n|\n|t:|1783562238\n|move|p2a: Typhlosion|Eruption|p1a: Trevenant\n|-damage|p1a: Trevenant|21/100\n|move|p1a: Trevenant|Drain Punch|p2a: Typhlosion\n|-damage|p2a: Typhlosion|0 fnt\n|-heal|p1a: Trevenant|32/100|[from] drain|[of] p2a: Typhlosion\n|faint|p2a: Typhlosion\n|-damage|p1a: Trevenant|22/100|[from] item: Life Orb\n|\n|upkeep\n|inactive|Time left: 300 sec this turn | 300 sec total | 5 sec grace\n|\n|t:|1783562239\n|switch|p2a: Meloetta|Meloetta, L82|298/298\n|-damage|p2a: Meloetta|261/298|[from] Stealth Rock\n|turn|20\n|inactive|Time left: 300 sec this turn | 300 sec total\n|\n|t:|1783562240\n|switch|p1a: Corviknight|Corviknight, L80, F|100/100\n|-ability|p1a: Corviknight|Pressure\n|move|p2a: Meloetta|Relic Song|p1a: Corviknight\n|-resisted|p1a: Corviknight\n|-damage|p1a: Corviknight|76/100\n|-formechange|p2a: Meloetta|Meloetta-Pirouette|[msg]\n|-damage|p2a: Meloetta|232/298|[from] item: Life Orb\n|\n|upkeep\n|turn|21\n|inactive|Time left: 300 sec this turn | 300 sec total\n|\n|t:|1783562241\n|switch|p1a: Trevenant|Trevenant, L89, M, tera:Fighting|22/100\n|move|p2a: Meloetta|Close Combat|p1a: Trevenant\n|-damage|p1a: Trevenant|0 fnt\n|-unboost|p2a: Meloetta|def|1\n|-unboost|p2a: Meloetta|spd|1\n|faint|p1a: Trevenant\n|-damage|p2a: Meloetta|203/298|[from] item: Life Orb\n|\n|upkeep\n|\n|t:|1783562242\n|switch|p1a: Corviknight|Corviknight, L80, F|76/100\n|-ability|p1a: Corviknight|Pressure\n|turn|22\n|inactive|Time left: 300 sec this turn | 300 sec total\n|\n|t:|1783562243\n|move|p2a: Meloetta|Close Combat|p1a: Corviknight\n|-damage|p1a: Corviknight|18/100\n|-unboost|p2a: Meloetta|def|1\n|-unboost|p2a: Meloetta|spd|1\n|-damage|p2a: Meloetta|154/298|[from] item: Rocky Helmet|[of] p1a: Corviknight\n|-damage|p2a: Meloetta|125/298|[from] item: Life Orb\n|move|p1a: Corviknight|Roost|p1a: Corviknight\n|-heal|p1a: Corviknight|68/100\n|-singleturn|p1a: Corviknight|move: Roost\n|\n|upkeep\n|turn|23\n|inactive|Time left: 300 sec this turn | 300 sec total\n|\n|t:|1783562244\n|move|p2a: Meloetta|Close Combat|p1a: Corviknight\n|-damage|p1a: Corviknight|2/100\n|-unboost|p2a: Meloetta|def|1\n|-unboost|p2a: Meloetta|spd|1\n|-damage|p2a: Meloetta|76/298|[from] item: Rocky Helmet|[of] p1a: Corviknight\n|-damage|p2a: Meloetta|47/298|[from] item: Life Orb\n|move|p1a: Corviknight|Brave Bird|p2a: Meloetta\n|-supereffective|p2a: Meloetta\n|-damage|p2a: Meloetta|0 fnt\n|faint|p2a: Meloetta\n|-damage|p1a: Corviknight|0 fnt|[from] Recoil\n|faint|p1a: Corviknight\n|\n|win|p0y198416cd", "uploadtime": 1783562244, "views": 0, "rating": 0, "private": 0, "password": null, "_winner": "p0y198416cd", "_our_name": "p0y198416cd"}