{"id": "battle-gen9randombattle-411", "formatid": "gen9randombattle", "format": "[Gen 9] Random Battle", "players": ["p0x411a2e7", "p0y4116be2"], "log": "|init|battle\n|title|p0x411a2e7 vs. p0y4116be2\n|j|\u2606p0x411a2e7\n|j|\u2606p0y4116be2\n|t:|1783543819\n|gametype|singles\n|player|p1|p0x411a2e7|266|\n|player|p2|p0y4116be2|266|\n|gen|9\n|tier|[Gen 9] Random Battle\n|rule|Species Clause: Limit one of each Pok\u00e9mon\n|rule|HP Percentage Mod: HP is shown in percentages\n|rule|Sleep Clause Mod: Limit one foe put to sleep\n|rule|Illusion Level Mod: Illusion disguises the Pok\u00e9mon's true level\n|\n|t:|1783543819\n|teamsize|p1|6\n|teamsize|p2|6\n|start\n|switch|p1a: Basculegion|Basculegion-F, L83, F|335/335\n|switch|p2a: Vaporeon|Vaporeon, L86, M|100/100\n|turn|1\n|inactive|Battle timer is ON: inactive players will automatically lose when time's up. (requested by p0y4116be2)\n|inactive|Time left: 300 sec this turn | 300 sec total | 60 sec grace\n|\n|t:|1783543821\n|move|p1a: Basculegion|Shadow Ball|p2a: Vaporeon\n|-damage|p2a: Vaporeon|60/100\n|move|p2a: Vaporeon|Scald|p1a: Basculegion\n|-resisted|p1a: Basculegion\n|-damage|p1a: Basculegion|279/335\n|\n|-heal|p2a: Vaporeon|66/100|[from] item: Leftovers\n|upkeep\n|turn|2\n|inactive|Time left: 300 sec this turn | 300 sec total\n|inactive|p0x411a2e7 also wants the timer to be on.\n|\n|t:|1783543822\n|move|p1a: Basculegion|Shadow Ball|p2a: Vaporeon\n|-damage|p2a: Vaporeon|25/100\n|-unboost|p2a: Vaporeon|spd|1\n|move|p2a: Vaporeon|Scald|p1a: Basculegion\n|-resisted|p1a: Basculegion\n|-damage|p1a: Basculegion|225/335\n|\n|-heal|p2a: Vaporeon|31/100|[from] item: Leftovers\n|upkeep\n|turn|3\n|inactive|Time left: 300 sec this turn | 300 sec total\n|\n|t:|1783543823\n|switch|p2a: Sawsbuck|Sawsbuck-Winter, L88, M|100/100\n|move|p1a: Basculegion|Shadow Ball|p2a: Sawsbuck\n|-immune|p2a: Sawsbuck\n|\n|upkeep\n|turn|4\n|inactive|Time left: 300 sec this turn | 300 sec total\n|\n|t:|1783543824\n|switch|p1a: Dragonite|Dragonite, L74, F|257/257\n|move|p2a: Sawsbuck|Swords Dance|p2a: Sawsbuck\n|-boost|p2a: Sawsbuck|atk|2\n|\n|upkeep\n|turn|5\n|inactive|Time left: 300 sec this turn | 300 sec total\n|\n|t:|1783543825\n|move|p2a: Sawsbuck|Double-Edge|p1a: Dragonite\n|-damage|p1a: Dragonite|54/257\n|-damage|p2a: Sawsbuck|77/100|[from] Recoil\n|-damage|p2a: Sawsbuck|67/100|[from] item: Life Orb\n|move|p1a: Dragonite|Outrage|p2a: Sawsbuck\n|-damage|p2a: Sawsbuck|12/100\n|\n|upkeep\n|turn|6\n|inactive|Time left: 300 sec this turn | 300 sec total\n|\n|t:|1783543826\n|move|p2a: Sawsbuck|Horn Leech|p1a: Dragonite\n|-resisted|p1a: Dragonite\n|-damage|p1a: Dragonite|0 fnt\n|-heal|p2a: Sawsbuck|21/100|[from] drain|[of] p1a: Dragonite\n|faint|p1a: Dragonite\n|-damage|p2a: Sawsbuck|11/100|[from] item: Life Orb\n|\n|upkeep\n|inactive|Time left: 300 sec this turn | 300 sec total | 5 sec grace\n|\n|t:|1783543827\n|switch|p1a: Squawkabilly|Squawkabilly-Yellow, L89, M|291/291\n|turn|7\n|inactive|Time left: 300 sec this turn | 300 sec total\n|\n|t:|1783543828\n|move|p1a: Squawkabilly|Quick Attack|p2a: Sawsbuck\n|-crit|p2a: Sawsbuck\n|-damage|p2a: Sawsbuck|0 fnt\n|faint|p2a: Sawsbuck\n|\n|upkeep\n|\n|t:|1783543829\n|switch|p2a: Rampardos|Rampardos, L90, M|100/100\n|turn|8\n|inactive|Time left: 300 sec this turn | 300 sec total\n|\n|t:|1783543831\n|move|p2a: Rampardos|Rock Slide|p1a: Squawkabilly\n|-supereffective|p1a: Squawkabilly\n|-damage|p1a: Squawkabilly|0 fnt\n|faint|p1a: Squawkabilly\n|\n|upkeep\n|inactive|Time left: 300 sec this turn | 300 sec total | 5 sec grace\n|\n|t:|1783543832\n|switch|p1a: Annihilape|Annihilape, L76, F|292/292\n|turn|9\n|inactive|Time left: 300 sec this turn | 300 sec total\n|\n|t:|1783543833\n|move|p2a: Rampardos|Rock Slide|p1a: Annihilape\n|-resisted|p1a: Annihilape\n|-damage|p1a: Annihilape|179/292\n|move|p1a: Annihilape|Drain Punch|p2a: Rampardos\n|-supereffective|p2a: Rampardos\n|-damage|p2a: Rampardos|37/100\n|-heal|p1a: Annihilape|281/292|[from] drain|[of] p2a: Rampardos\n|\n|-heal|p1a: Annihilape|292/292|[from] item: Leftovers\n|upkeep\n|turn|10\n|inactive|Time left: 300 sec this turn | 300 sec total\n|\n|t:|1783543834\n|switch|p2a: Froslass|Froslass, L87, F|100/100\n|move|p1a: Annihilape|Bulk Up|p1a: Annihilape\n|-boost|p1a: Annihilape|atk|1\n|-boost|p1a: Annihilape|def|1\n|\n|upkeep\n|turn|11\n|inactive|Time left: 300 sec this turn | 300 sec total\n|\n|t:|1783543835\n|move|p2a: Froslass|Will-O-Wisp|p1a: Annihilape\n|-status|p1a: Annihilape|brn\n|move|p1a: Annihilape|Bulk Up|p1a: Annihilape\n|-boost|p1a: Annihilape|atk|1\n|-boost|p1a: Annihilape|def|1\n|\n|-damage|p1a: Annihilape|274/292 brn|[from] brn\n|upkeep\n|turn|12\n|inactive|Time left: 300 sec this turn | 300 sec total\n|\n|t:|1783543836\n|move|p2a: Froslass|Poltergeist|p1a: Annihilape\n|-activate|p1a: Annihilape|move: Poltergeist|Leftovers\n|-supereffective|p1a: Annihilape\n|-damage|p1a: Annihilape|152/292 brn\n|move|p1a: Annihilape|Rage Fist|p2a: Froslass\n|-supereffective|p2a: Froslass\n|-damage|p2a: Froslass|0 fnt\n|-start|p1a: Annihilape|Disable|Rage Fist|[from] ability: Cursed Body|[of] p2a: Froslass\n|faint|p2a: Froslass\n|\n|-heal|p1a: Annihilape|170/292 brn|[from] item: Leftovers\n|-damage|p1a: Annihilape|152/292 brn|[from] brn\n|upkeep\n|\n|t:|1783543837\n|switch|p2a: Espeon|Espeon, L84, M|100/100\n|turn|13\n|inactive|Time left: 300 sec this turn | 300 sec total\n|\n|t:|1783543838\n|move|p2a: Espeon|Alluring Voice|p1a: Annihilape\n|-supereffective|p1a: Annihilape\n|-damage|p1a: Annihilape|0 fnt\n|faint|p1a: Annihilape\n|-damage|p2a: Espeon|91/100|[from] item: Life Orb\n|\n|upkeep\n|inactive|Time left: 300 sec this turn | 300 sec total | 5 sec grace\n|\n|t:|1783543839\n|switch|p1a: Sylveon|Sylveon, L85, F|300/300\n|turn|14\n|inactive|Time left: 300 sec this turn | 300 sec total\n|\n|t:|1783543840\n|move|p2a: Espeon|Calm Mind|p2a: Espeon\n|-boost|p2a: Espeon|spa|1\n|-boost|p2a: Espeon|spd|1\n|move|p1a: Sylveon|Calm Mind|p1a: Sylveon\n|-boost|p1a: Sylveon|spa|1\n|-boost|p1a: Sylveon|spd|1\n|\n|upkeep\n|turn|15\n|inactive|Time left: 300 sec this turn | 300 sec total\n|\n|t:|1783543841\n|move|p2a: Espeon|Calm Mind|p2a: Espeon\n|-boost|p2a: Espeon|spa|1\n|-boost|p2a: Espeon|spd|1\n|move|p1a: Sylveon|Hyper Voice|p2a: Espeon\n|-damage|p2a: Espeon|56/100\n|\n|upkeep\n|turn|16\n|inactive|Time left: 300 sec this turn | 300 sec total\n|\n|t:|1783543842\n|-terastallize|p1a: Sylveon|Steel\n|move|p2a: Espeon|Psyshock|p1a: Sylveon\n|-resisted|p1a: Sylveon\n|-damage|p1a: Sylveon|121/300\n|-damage|p2a: Espeon|46/100|[from] item: Life Orb\n|move|p1a: Sylveon|Hyper Voice|p2a: Espeon\n|-damage|p2a: Espeon|11/100\n|\n|-heal|p1a: Sylveon|139/300|[from] item: Leftovers\n|upkeep\n|turn|17\n|inactive|Time left: 300 sec this turn | 300 sec total\n|\n|t:|1783543843\n|move|p1a: Sylveon|Protect|p1a: Sylveon\n|-singleturn|p1a: Sylveon|Protect\n|move|p2a: Espeon|Morning Sun|p2a: Espeon\n|-heal|p2a: Espeon|61/100\n|\n|-heal|p1a: Sylveon|157/300|[from] item: Leftovers\n|upkeep\n|turn|18\n|inactive|Time left: 300 sec this turn | 300 sec total\n|\n|t:|1783543843\n|move|p1a: Sylveon|Protect|p1a: Sylveon\n|-singleturn|p1a: Sylveon|Protect\n|move|p2a: Espeon|Psyshock|p1a: Sylveon\n|-activate|p1a: Sylveon|move: Protect\n|\n|-heal|p1a: Sylveon|175/300|[from] item: Leftovers\n|upkeep\n|turn|19\n|inactive|Time left: 300 sec this turn | 300 sec total\n|\n|t:|1783543844\n|move|p2a: Espeon|Psyshock|p1a: Sylveon\n|-resisted|p1a: Sylveon\n|-damage|p1a: Sylveon|0 fnt\n|faint|p1a: Sylveon\n|-damage|p2a: Espeon|51/100|[from] item: Life Orb\n|\n|upkeep\n|inactive|Time left: 300 sec this turn | 300 sec total | 5 sec grace\n|\n|t:|1783543845\n|switch|p1a: Baxcalibur|Baxcalibur, L75, F|295/295\n|turn|20\n|inactive|Time left: 300 sec this turn | 300 sec total\n|\n|t:|1783543846\n|switch|p1a: Basculegion|Basculegion-F, L83, F|225/335\n|-terastallize|p2a: Espeon|Fairy\n|move|p2a: Espeon|Alluring Voice|p1a: Basculegion\n|-damage|p1a: Basculegion|0 fnt\n|faint|p1a: Basculegion\n|-damage|p2a: Espeon|41/100|[from] item: Life Orb\n|\n|upkeep\n|inactive|Time left: 300 sec this turn | 300 sec total | 5 sec grace\n|\n|t:|1783543847\n|switch|p1a: Baxcalibur|Baxcalibur, L75, F|295/295\n|turn|21\n|inactive|Time left: 300 sec this turn | 300 sec total\n|\n|t:|1783543847\n|move|p2a: Espeon|Alluring Voice|p1a: Baxcalibur\n|-supereffective|p1a: Baxcalibur\n|-damage|p1a: Baxcalibur|0 fnt\n|faint|p1a: Baxcalibur\n|-damage|p2a: Espeon|31/100|[from] item: Life Orb\n|\n|win|p0y4116be2", "uploadtime": 1783543847, "views": 0, "rating": 0, "private": 0, "password": null, "_winner": "p0y4116be2", "_our_name": "p0x411a2e7"}