{"id": "battle-gen9randombattle-2323", "formatid": "gen9randombattle", "format": "[Gen 9] Random Battle", "players": ["p0x23232107", "p0y232339b6"], "log": "|init|battle\n|title|p0x23232107 vs. p0y232339b6\n|j|\u2606p0x23232107\n|j|\u2606p0y232339b6\n|t:|1783565949\n|gametype|singles\n|player|p1|p0x23232107|1|\n|player|p2|p0y232339b6|101|\n|gen|9\n|tier|[Gen 9] Random Battle\n|rule|Species Clause: Limit one of each Pok\u00e9mon\n|rule|HP Percentage Mod: HP is shown in percentages\n|rule|Sleep Clause Mod: Limit one foe put to sleep\n|rule|Illusion Level Mod: Illusion disguises the Pok\u00e9mon's true level\n|\n|t:|1783565949\n|teamsize|p1|6\n|teamsize|p2|6\n|start\n|switch|p1a: Grumpig|Grumpig, L92, F|297/297\n|switch|p2a: Mightyena|Mightyena, L96, F|100/100\n|-ability|p2a: Mightyena|Intimidate|boost\n|-unboost|p1a: Grumpig|atk|1\n|turn|1\n|inactive|Battle timer is ON: inactive players will automatically lose when time's up. (requested by p0y232339b6)\n|inactive|Time left: 300 sec this turn | 300 sec total | 60 sec grace\n|inactive|p0x23232107 also wants the timer to be on.\n|\n|t:|1783565951\n|switch|p1a: Corviknight|Corviknight, L80, F|288/288\n|move|p2a: Mightyena|Super Fang|p1a: Corviknight\n|-damage|p1a: Corviknight|144/288\n|\n|-heal|p1a: Corviknight|162/288|[from] item: Leftovers\n|upkeep\n|turn|2\n|inactive|Time left: 300 sec this turn | 300 sec total\n|\n|t:|1783565952\n|move|p2a: Mightyena|Super Fang|p1a: Corviknight\n|-damage|p1a: Corviknight|81/288\n|move|p1a: Corviknight|Roost|p1a: Corviknight\n|-heal|p1a: Corviknight|225/288\n|-singleturn|p1a: Corviknight|move: Roost\n|\n|-heal|p1a: Corviknight|243/288|[from] item: Leftovers\n|upkeep\n|turn|3\n|inactive|Time left: 300 sec this turn | 300 sec total\n|\n|t:|1783565953\n|move|p2a: Mightyena|Throat Chop|p1a: Corviknight\n|-damage|p1a: Corviknight|146/288\n|-start|p1a: Corviknight|Throat Chop|[silent]\n|move|p1a: Corviknight|Body Press|p2a: Mightyena\n|-supereffective|p2a: Mightyena\n|-damage|p2a: Mightyena|60/100\n|\n|-heal|p1a: Corviknight|164/288|[from] item: Leftovers\n|upkeep\n|turn|4\n|inactive|Time left: 300 sec this turn | 300 sec total\n|\n|t:|1783565954\n|move|p2a: Mightyena|Throat Chop|p1a: Corviknight\n|-damage|p1a: Corviknight|64/288\n|move|p1a: Corviknight|Roost|p1a: Corviknight\n|-heal|p1a: Corviknight|208/288\n|-singleturn|p1a: Corviknight|move: Roost\n|\n|-heal|p1a: Corviknight|226/288|[from] item: Leftovers\n|-end|p1a: Corviknight|Throat Chop|[silent]\n|upkeep\n|turn|5\n|inactive|Time left: 300 sec this turn | 300 sec total\n|\n|t:|1783565955\n|move|p2a: Mightyena|Super Fang|p1a: Corviknight\n|-damage|p1a: Corviknight|113/288\n|move|p1a: Corviknight|Roost|p1a: Corviknight\n|-heal|p1a: Corviknight|257/288\n|-singleturn|p1a: Corviknight|move: Roost\n|\n|-heal|p1a: Corviknight|275/288|[from] item: Leftovers\n|upkeep\n|turn|6\n|inactive|Time left: 300 sec this turn | 300 sec total\n|\n|t:|1783565957\n|move|p2a: Mightyena|Super Fang|p1a: Corviknight\n|-damage|p1a: Corviknight|138/288\n|move|p1a: Corviknight|Brave Bird|p2a: Mightyena\n|-damage|p2a: Mightyena|19/100\n|-damage|p1a: Corviknight|98/288|[from] Recoil\n|\n|-heal|p1a: Corviknight|116/288|[from] item: Leftovers\n|upkeep\n|turn|7\n|inactive|Time left: 300 sec this turn | 300 sec total\n|\n|t:|1783565958\n|move|p2a: Mightyena|Throat Chop|p1a: Corviknight\n|-damage|p1a: Corviknight|14/288\n|-start|p1a: Corviknight|Throat Chop|[silent]\n|move|p1a: Corviknight|Roost|p1a: Corviknight\n|-heal|p1a: Corviknight|158/288\n|-singleturn|p1a: Corviknight|move: Roost\n|\n|-heal|p1a: Corviknight|176/288|[from] item: Leftovers\n|upkeep\n|turn|8\n|inactive|Time left: 300 sec this turn | 300 sec total\n|\n|t:|1783565959\n|move|p2a: Mightyena|Throat Chop|p1a: Corviknight\n|-damage|p1a: Corviknight|74/288\n|move|p1a: Corviknight|Body Press|p2a: Mightyena\n|-supereffective|p2a: Mightyena\n|-damage|p2a: Mightyena|0 fnt\n|faint|p2a: Mightyena\n|\n|-heal|p1a: Corviknight|92/288|[from] item: Leftovers\n|-end|p1a: Corviknight|Throat Chop|[silent]\n|upkeep\n|\n|t:|1783565960\n|switch|p2a: Zebstrika|Zebstrika, L87, M|100/100\n|turn|9\n|inactive|Time left: 300 sec this turn | 300 sec total\n|\n|t:|1783565961\n|switch|p1a: Wyrdeer|Wyrdeer, L87, F|321/321\n|-ability|p1a: Wyrdeer|Intimidate|boost\n|-unboost|p2a: Zebstrika|atk|1\n|move|p2a: Zebstrika|Bitter Malice|p1a: Wyrdeer\n|-immune|p1a: Wyrdeer\n|\n|upkeep\n|turn|10\n|inactive|Time left: 300 sec this turn | 300 sec total\n|\n|t:|1783565962\n|move|p2a: Zebstrika|Nasty Plot|p2a: Zebstrika\n|-boost|p2a: Zebstrika|spa|2\n|move|p1a: Wyrdeer|Psychic Noise|p2a: Zebstrika\n|-damage|p2a: Zebstrika|40/100\n|-start|p2a: Zebstrika|move: Heal Block\n|replace|p2a: Zoroark|Zoroark-Hisui, L80, M\n|-end|p2a: Zoroark|Illusion\n|-hint|Illusion Level Mod is active, so this Pok\u00e9mon's true level was hidden.\n|\n|upkeep\n|turn|11\n|inactive|Time left: 300 sec this turn | 300 sec total\n|\n|t:|1783565963\n|move|p2a: Zoroark|Hyper Voice|p1a: Wyrdeer\n|-damage|p1a: Wyrdeer|43/321\n|-damage|p2a: Zoroark|30/100|[from] item: Life Orb\n|move|p1a: Wyrdeer|Earthquake|p2a: Zoroark\n|-damage|p2a: Zoroark|0 fnt\n|faint|p2a: Zoroark\n|\n|-heal|p1a: Wyrdeer|63/321|[from] item: Leftovers\n|upkeep\n|\n|t:|1783565964\n|switch|p2a: Sneasler|Sneasler, L74, M|100/100\n|turn|12\n|inactive|Time left: 300 sec this turn | 300 sec total\n|\n|t:|1783565965\n|move|p2a: Sneasler|Close Combat|p1a: Wyrdeer\n|-damage|p1a: Wyrdeer|0 fnt\n|-unboost|p2a: Sneasler|def|1\n|-unboost|p2a: Sneasler|spd|1\n|faint|p1a: Wyrdeer\n|\n|upkeep\n|inactive|Time left: 300 sec this turn | 300 sec total | 5 sec grace\n|\n|t:|1783565966\n|switch|p1a: Grumpig|Grumpig, L92, F|297/297\n|turn|13\n|inactive|Time left: 300 sec this turn | 300 sec total\n|\n|t:|1783565967\n|switch|p2a: Quagsire|Quagsire, L84, M|100/100\n|move|p1a: Grumpig|Psyshock|p2a: Quagsire\n|-damage|p2a: Quagsire|67/100\n|\n|-heal|p2a: Quagsire|73/100|[from] item: Leftovers\n|upkeep\n|turn|14\n|inactive|Time left: 300 sec this turn | 300 sec total\n|\n|t:|1783565968\n|move|p1a: Grumpig|Nasty Plot|p1a: Grumpig\n|-boost|p1a: Grumpig|spa|2\n|move|p2a: Quagsire|Spikes|p1a: Grumpig\n|-sidestart|p1: p0x23232107|Spikes\n|\n|-heal|p2a: Quagsire|79/100|[from] item: Leftovers\n|upkeep\n|turn|15\n|inactive|Time left: 300 sec this turn | 300 sec total\n|\n|t:|1783565969\n|move|p1a: Grumpig|Shadow Ball|p2a: Quagsire\n|-damage|p2a: Quagsire|53/100\n|move|p2a: Quagsire|Earthquake|p1a: Grumpig\n|-damage|p1a: Grumpig|185/297\n|\n|-heal|p1a: Grumpig|203/297|[from] item: Leftovers\n|-heal|p2a: Quagsire|59/100|[from] item: Leftovers\n|upkeep\n|turn|16\n|inactive|Time left: 300 sec this turn | 300 sec total\n|\n|t:|1783565970\n|move|p1a: Grumpig|Psyshock|p2a: Quagsire\n|-damage|p2a: Quagsire|29/100\n|move|p2a: Quagsire|Recover|p2a: Quagsire\n|-heal|p2a: Quagsire|79/100\n|\n|-heal|p1a: Grumpig|221/297|[from] item: Leftovers\n|-heal|p2a: Quagsire|85/100|[from] item: Leftovers\n|upkeep\n|turn|17\n|inactive|Time left: 300 sec this turn | 300 sec total\n|\n|t:|1783565972\n|move|p1a: Grumpig|Psyshock|p2a: Quagsire\n|-damage|p2a: Quagsire|50/100\n|move|p2a: Quagsire|Earthquake|p1a: Grumpig\n|-damage|p1a: Grumpig|121/297\n|\n|-heal|p1a: Grumpig|139/297|[from] item: Leftovers\n|-heal|p2a: Quagsire|56/100|[from] item: Leftovers\n|upkeep\n|turn|18\n|inactive|Time left: 300 sec this turn | 300 sec total\n|\n|t:|1783565973\n|move|p1a: Grumpig|Psyshock|p2a: Quagsire\n|-damage|p2a: Quagsire|22/100\n|move|p2a: Quagsire|Earthquake|p1a: Grumpig\n|-damage|p1a: Grumpig|36/297\n|\n|-heal|p1a: Grumpig|54/297|[from] item: Leftovers\n|-heal|p2a: Quagsire|28/100|[from] item: Leftovers\n|upkeep\n|turn|19\n|inactive|Time left: 300 sec this turn | 300 sec total\n|\n|t:|1783565974\n|move|p1a: Grumpig|Psyshock|p2a: Quagsire\n|-damage|p2a: Quagsire|0 fnt\n|faint|p2a: Quagsire\n|\n|-heal|p1a: Grumpig|72/297|[from] item: Leftovers\n|upkeep\n|\n|t:|1783565975\n|switch|p2a: Sneasler|Sneasler, L74, M|100/100\n|turn|20\n|inactive|Time left: 300 sec this turn | 300 sec total\n|\n|t:|1783565976\n|move|p2a: Sneasler|Dire Claw|p1a: Grumpig\n|-damage|p1a: Grumpig|0 fnt\n|faint|p1a: Grumpig\n|\n|upkeep\n|inactive|Time left: 300 sec this turn | 300 sec total | 5 sec grace\n|\n|t:|1783565977\n|switch|p1a: Corviknight|Corviknight, L80, F|92/288\n|turn|21\n|inactive|Time left: 300 sec this turn | 300 sec total\n|\n|t:|1783565978\n|switch|p2a: Zebstrika|Zebstrika, L87, M|100/100\n|move|p1a: Corviknight|Roost|p1a: Corviknight\n|-heal|p1a: Corviknight|236/288\n|-singleturn|p1a: Corviknight|move: Roost\n|\n|-heal|p1a: Corviknight|254/288|[from] item: Leftovers\n|upkeep\n|turn|22\n|inactive|Time left: 300 sec this turn | 300 sec total\n|\n|t:|1783565979\n|-terastallize|p1a: Corviknight|Dragon\n|move|p2a: Zebstrika|Supercell Slam|p1a: Corviknight\n|-resisted|p1a: Corviknight\n|-damage|p1a: Corviknight|192/288\n|-damage|p2a: Zebstrika|91/100|[from] item: Life Orb\n|move|p1a: Corviknight|Brave Bird|p2a: Zebstrika\n|-resisted|p2a: Zebstrika\n|-damage|p2a: Zebstrika|66/100\n|-damage|p1a: Corviknight|170/288|[from] Recoil\n|\n|-heal|p1a: Corviknight|188/288|[from] item: Leftovers\n|upkeep\n|turn|23\n|inactive|Time left: 300 sec this turn | 300 sec total\n|\n|t:|1783565979\n|move|p2a: Zebstrika|High Horsepower|p1a: Corviknight\n|-damage|p1a: Corviknight|105/288\n|-damage|p2a: Zebstrika|56/100|[from] item: Life Orb\n|move|p1a: Corviknight|Roost|p1a: Corviknight\n|-heal|p1a: Corviknight|249/288\n|\n|-heal|p1a: Corviknight|267/288|[from] item: Leftovers\n|upkeep\n|turn|24\n|inactive|Time left: 300 sec this turn | 300 sec total\n|\n|t:|1783565980\n|move|p2a: Zebstrika|High Horsepower|p1a: Corviknight\n|-damage|p1a: Corviknight|179/288\n|-damage|p2a: Zebstrika|46/100|[from] item: Life Orb\n|move|p1a: Corviknight|Brave Bird|p2a: Zebstrika\n|-resisted|p2a: Zebstrika\n|-damage|p2a: Zebstrika|22/100\n|-damage|p1a: Corviknight|157/288|[from] Recoil\n|\n|-heal|p1a: Corviknight|175/288|[from] item: Leftovers\n|upkeep\n|turn|25\n|inactive|Time left: 300 sec this turn | 300 sec total\n|\n|t:|1783565981\n|move|p2a: Zebstrika|High Horsepower|p1a: Corviknight\n|-damage|p1a: Corviknight|87/288\n|-damage|p2a: Zebstrika|12/100|[from] item: Life Orb\n|move|p1a: Corviknight|Roost|p1a: Corviknight\n|-heal|p1a: Corviknight|231/288\n|\n|-heal|p1a: Corviknight|249/288|[from] item: Leftovers\n|upkeep\n|turn|26\n|inactive|Time left: 300 sec this turn | 300 sec total\n|\n|t:|1783565982\n|move|p2a: Zebstrika|High Horsepower|p1a: Corviknight\n|-damage|p1a: Corviknight|155/288\n|-damage|p2a: Zebstrika|2/100|[from] item: Life Orb\n|move|p1a: Corviknight|Brave Bird|p2a: Zebstrika\n|-resisted|p2a: Zebstrika\n|-damage|p2a: Zebstrika|0 fnt\n|faint|p2a: Zebstrika\n|-damage|p1a: Corviknight|154/288|[from] Recoil\n|\n|-heal|p1a: Corviknight|172/288|[from] item: Leftovers\n|upkeep\n|\n|t:|1783565982\n|switch|p2a: Serperior|Serperior, L79, F|100/100\n|turn|27\n|inactive|Time left: 300 sec this turn | 300 sec total\n|\n|t:|1783565983\n|-terastallize|p2a: Serperior|Rock\n|move|p2a: Serperior|Leaf Storm|p1a: Corviknight\n|-resisted|p1a: Corviknight\n|-damage|p1a: Corviknight|107/288\n|-boost|p2a: Serperior|spa|2\n|-damage|p2a: Serperior|91/100|[from] item: Life Orb\n|move|p1a: Corviknight|Brave Bird|p2a: Serperior\n|-resisted|p2a: Serperior\n|-damage|p2a: Serperior|69/100\n|-damage|p1a: Corviknight|89/288|[from] Recoil\n|\n|-heal|p1a: Corviknight|107/288|[from] item: Leftovers\n|upkeep\n|turn|28\n|inactive|Time left: 300 sec this turn | 300 sec total\n|\n|t:|1783565983\n|move|p2a: Serperior|Leaf Storm|p1a: Corviknight\n|-resisted|p1a: Corviknight\n|-damage|p1a: Corviknight|0 fnt\n|-boost|p2a: Serperior|spa|2\n|faint|p1a: Corviknight\n|-damage|p2a: Serperior|59/100|[from] item: Life Orb\n|\n|upkeep\n|inactive|Time left: 300 sec this turn | 300 sec total | 5 sec grace\n|\n|t:|1783565984\n|switch|p1a: Shaymin|Shaymin-Sky, L73|266/266\n|turn|29\n|inactive|Time left: 300 sec this turn | 300 sec total\n|\n|t:|1783565985\n|move|p1a: Shaymin|Seed Flare|p2a: Serperior\n|-supereffective|p2a: Serperior\n|-damage|p2a: Serperior|0 fnt\n|faint|p2a: Serperior\n|\n|upkeep\n|\n|t:|1783565986\n|switch|p2a: Sneasler|Sneasler, L74, M|100/100\n|turn|30\n|inactive|Time left: 300 sec this turn | 300 sec total\n|\n|t:|1783565987\n|move|p1a: Shaymin|Air Slash|p2a: Sneasler\n|-supereffective|p2a: Sneasler\n|-damage|p2a: Sneasler|25/100\n|cant|p2a: Sneasler|flinch\n|\n|upkeep\n|turn|31\n|inactive|Time left: 300 sec this turn | 300 sec total\n|\n|t:|1783565987\n|move|p1a: Shaymin|Air Slash|p2a: Sneasler\n|-supereffective|p2a: Sneasler\n|-damage|p2a: Sneasler|0 fnt\n|faint|p2a: Sneasler\n|\n|win|p0x23232107", "uploadtime": 1783565987, "views": 0, "rating": 0, "private": 0, "password": null, "_winner": "p0x23232107", "_our_name": "p0x23232107"}