{"id": "battle-gen9randombattle-1592", "formatid": "gen9randombattle", "format": "[Gen 9] Random Battle", "players": ["p0x15921c73", "p0y1592da38"], "log": "|init|battle\n|title|p0x15921c73 vs. p0y1592da38\n|j|\u2606p0x15921c73\n|j|\u2606p0y1592da38\n|t:|1783557639\n|gametype|singles\n|player|p1|p0x15921c73|101|\n|player|p2|p0y1592da38|266|\n|gen|9\n|tier|[Gen 9] Random Battle\n|rule|Species Clause: Limit one of each Pok\u00e9mon\n|rule|HP Percentage Mod: HP is shown in percentages\n|rule|Sleep Clause Mod: Limit one foe put to sleep\n|rule|Illusion Level Mod: Illusion disguises the Pok\u00e9mon's true level\n|\n|t:|1783557639\n|teamsize|p1|6\n|teamsize|p2|6\n|start\n|switch|p1a: Glimmora|Glimmora, L75, M|248/248\n|switch|p2a: Tornadus|Tornadus-Therian, L79, M|100/100\n|turn|1\n|inactive|Battle timer is ON: inactive players will automatically lose when time's up. (requested by p0x15921c73)\n|inactive|p0y1592da38 also wants the timer to be on.\n|\n|t:|1783557640\n|move|p2a: Tornadus|Bleakwind Storm|p1a: Glimmora\n|-resisted|p1a: Glimmora\n|-damage|p1a: Glimmora|154/248\n|move|p1a: Glimmora|Stealth Rock|p2a: Tornadus\n|-sidestart|p2: p0y1592da38|move: Stealth Rock\n|\n|upkeep\n|turn|2\n|inactive|Time left: 300 sec this turn | 300 sec total\n|\n|t:|1783557642\n|move|p2a: Tornadus|Bleakwind Storm|p1a: Glimmora\n|-resisted|p1a: Glimmora\n|-damage|p1a: Glimmora|60/248\n|move|p1a: Glimmora|Sludge Wave|p2a: Tornadus\n|-damage|p2a: Tornadus|56/100\n|\n|upkeep\n|turn|3\n|inactive|Time left: 300 sec this turn | 300 sec total\n|\n|t:|1783557643\n|move|p2a: Tornadus|Bleakwind Storm|p1a: Glimmora\n|-resisted|p1a: Glimmora\n|-damage|p1a: Glimmora|0 fnt\n|faint|p1a: Glimmora\n|\n|upkeep\n|inactive|Time left: 300 sec this turn | 300 sec total | 5 sec grace\n|\n|t:|1783557644\n|switch|p1a: Entei|Entei, L78|307/307\n|turn|4\n|inactive|Time left: 300 sec this turn | 300 sec total\n|\n|t:|1783557645\n|switch|p2a: Dachsbun|Dachsbun, L92, M|100/100\n|-damage|p2a: Dachsbun|88/100|[from] Stealth Rock\n|move|p1a: Entei|Sacred Fire|p2a: Dachsbun\n|-ability|p2a: Dachsbun|Well-Baked Body|boost\n|-boost|p2a: Dachsbun|def|2\n|\n|-heal|p2a: Dachsbun|94/100|[from] item: Leftovers\n|upkeep\n|turn|5\n|inactive|Time left: 300 sec this turn | 300 sec total\n|\n|t:|1783557646\n|switch|p1a: Reuniclus|Reuniclus, L88, M|337/337\n|move|p2a: Dachsbun|Body Press|p1a: Reuniclus\n|-resisted|p1a: Reuniclus\n|-damage|p1a: Reuniclus|253/337\n|\n|-heal|p2a: Dachsbun|99/100|[from] item: Leftovers\n|upkeep\n|turn|6\n|inactive|Time left: 300 sec this turn | 300 sec total\n|\n|t:|1783557647\n|move|p2a: Dachsbun|Body Press|p1a: Reuniclus\n|-resisted|p1a: Reuniclus\n|-damage|p1a: Reuniclus|175/337\n|move|p1a: Reuniclus|Recover|p1a: Reuniclus\n|-heal|p1a: Reuniclus|337/337\n|\n|-heal|p2a: Dachsbun|100/100|[from] item: Leftovers\n|upkeep\n|turn|7\n|inactive|Time left: 300 sec this turn | 300 sec total\n|\n|t:|1783557649\n|move|p2a: Dachsbun|Play Rough|p1a: Reuniclus\n|-damage|p1a: Reuniclus|235/337\n|move|p1a: Reuniclus|Calm Mind|p1a: Reuniclus\n|-boost|p1a: Reuniclus|spa|1\n|-boost|p1a: Reuniclus|spd|1\n|\n|upkeep\n|turn|8\n|inactive|Time left: 300 sec this turn | 300 sec total\n|\n|t:|1783557650\n|move|p2a: Dachsbun|Protect|p2a: Dachsbun\n|-singleturn|p2a: Dachsbun|Protect\n|move|p1a: Reuniclus|Recover|p1a: Reuniclus\n|-heal|p1a: Reuniclus|337/337\n|\n|upkeep\n|turn|9\n|inactive|Time left: 300 sec this turn | 300 sec total\n|\n|t:|1783557652\n|move|p2a: Dachsbun|Body Press|p1a: Reuniclus\n|-resisted|p1a: Reuniclus\n|-damage|p1a: Reuniclus|252/337\n|move|p1a: Reuniclus|Calm Mind|p1a: Reuniclus\n|-boost|p1a: Reuniclus|spa|1\n|-boost|p1a: Reuniclus|spd|1\n|\n|upkeep\n|turn|10\n|inactive|Time left: 300 sec this turn | 300 sec total\n|\n|t:|1783557653\n|move|p2a: Dachsbun|Play Rough|p1a: Reuniclus|[miss]\n|-miss|p2a: Dachsbun|p1a: Reuniclus\n|move|p1a: Reuniclus|Focus Blast|p2a: Dachsbun|[miss]\n|-miss|p1a: Reuniclus|p2a: Dachsbun\n|\n|upkeep\n|turn|11\n|inactive|Time left: 300 sec this turn | 300 sec total\n|\n|t:|1783557654\n|move|p2a: Dachsbun|Body Press|p1a: Reuniclus\n|-resisted|p1a: Reuniclus\n|-damage|p1a: Reuniclus|175/337\n|move|p1a: Reuniclus|Focus Blast|p2a: Dachsbun|[miss]\n|-miss|p1a: Reuniclus|p2a: Dachsbun\n|\n|upkeep\n|turn|12\n|inactive|Time left: 300 sec this turn | 300 sec total\n|\n|t:|1783557655\n|move|p2a: Dachsbun|Body Press|p1a: Reuniclus\n|-resisted|p1a: Reuniclus\n|-damage|p1a: Reuniclus|98/337\n|move|p1a: Reuniclus|Recover|p1a: Reuniclus\n|-heal|p1a: Reuniclus|267/337\n|\n|upkeep\n|turn|13\n|inactive|Time left: 300 sec this turn | 300 sec total\n|\n|t:|1783557656\n|move|p2a: Dachsbun|Body Press|p1a: Reuniclus\n|-resisted|p1a: Reuniclus\n|-damage|p1a: Reuniclus|191/337\n|move|p1a: Reuniclus|Recover|p1a: Reuniclus\n|-heal|p1a: Reuniclus|337/337\n|\n|upkeep\n|turn|14\n|inactive|Time left: 300 sec this turn | 300 sec total\n|\n|t:|1783557657\n|move|p2a: Dachsbun|Protect|p2a: Dachsbun\n|-singleturn|p2a: Dachsbun|Protect\n|move|p1a: Reuniclus|Focus Blast|p2a: Dachsbun\n|-activate|p2a: Dachsbun|move: Protect\n|\n|upkeep\n|turn|15\n|inactive|Time left: 300 sec this turn | 300 sec total\n|\n|t:|1783557658\n|move|p2a: Dachsbun|Body Press|p1a: Reuniclus\n|-resisted|p1a: Reuniclus\n|-damage|p1a: Reuniclus|252/337\n|move|p1a: Reuniclus|Psyshock|p2a: Dachsbun\n|-damage|p2a: Dachsbun|58/100\n|\n|-heal|p2a: Dachsbun|64/100|[from] item: Leftovers\n|upkeep\n|turn|16\n|inactive|Time left: 300 sec this turn | 300 sec total\n|\n|t:|1783557659\n|move|p2a: Dachsbun|Body Press|p1a: Reuniclus\n|-resisted|p1a: Reuniclus\n|-damage|p1a: Reuniclus|172/337\n|move|p1a: Reuniclus|Psyshock|p2a: Dachsbun\n|-damage|p2a: Dachsbun|25/100\n|\n|-heal|p2a: Dachsbun|30/100|[from] item: Leftovers\n|upkeep\n|turn|17\n|inactive|Time left: 300 sec this turn | 300 sec total\n|\n|t:|1783557660\n|move|p2a: Dachsbun|Play Rough|p1a: Reuniclus\n|-damage|p1a: Reuniclus|73/337\n|move|p1a: Reuniclus|Recover|p1a: Reuniclus\n|-heal|p1a: Reuniclus|242/337\n|\n|-heal|p2a: Dachsbun|36/100|[from] item: Leftovers\n|upkeep\n|turn|18\n|inactive|Time left: 300 sec this turn | 300 sec total\n|\n|t:|1783557661\n|move|p2a: Dachsbun|Protect|p2a: Dachsbun\n|-singleturn|p2a: Dachsbun|Protect\n|move|p1a: Reuniclus|Psyshock|p2a: Dachsbun\n|-activate|p2a: Dachsbun|move: Protect\n|\n|-heal|p2a: Dachsbun|42/100|[from] item: Leftovers\n|upkeep\n|turn|19\n|inactive|Time left: 300 sec this turn | 300 sec total\n|\n|t:|1783557663\n|move|p2a: Dachsbun|Body Press|p1a: Reuniclus\n|-resisted|p1a: Reuniclus\n|-damage|p1a: Reuniclus|165/337\n|move|p1a: Reuniclus|Focus Blast|p2a: Dachsbun\n|-resisted|p2a: Dachsbun\n|-damage|p2a: Dachsbun|0 fnt\n|faint|p2a: Dachsbun\n|\n|upkeep\n|\n|t:|1783557663\n|switch|p2a: Kingambit|Kingambit, L74, M|100/100\n|-damage|p2a: Kingambit|95/100|[from] Stealth Rock\n|-activate|p2a: Kingambit|ability: Supreme Overlord\n|-start|p2a: Kingambit|fallen1|[silent]\n|turn|20\n|inactive|Time left: 300 sec this turn | 300 sec total\n|\n|t:|1783557664\n|-terastallize|p1a: Reuniclus|Steel\n|move|p2a: Kingambit|Kowtow Cleave|p1a: Reuniclus\n|-damage|p1a: Reuniclus|50/337\n|move|p1a: Reuniclus|Focus Blast|p2a: Kingambit|[miss]\n|-miss|p1a: Reuniclus|p2a: Kingambit\n|\n|-heal|p2a: Kingambit|100/100|[from] item: Leftovers\n|upkeep\n|turn|21\n|inactive|Time left: 300 sec this turn | 300 sec total\n|\n|t:|1783557665\n|move|p2a: Kingambit|Kowtow Cleave|p1a: Reuniclus\n|-damage|p1a: Reuniclus|0 fnt\n|faint|p1a: Reuniclus\n|\n|upkeep\n|inactive|Time left: 300 sec this turn | 300 sec total | 5 sec grace\n|\n|t:|1783557666\n|switch|p1a: Entei|Entei, L78|307/307\n|turn|22\n|inactive|Time left: 300 sec this turn | 300 sec total\n|\n|t:|1783557667\n|-end|p2a: Kingambit|fallen1|[silent]\n|switch|p2a: Lycanroc|Lycanroc, L86, F|100/100\n|-damage|p2a: Lycanroc|88/100|[from] Stealth Rock\n|move|p1a: Entei|Sacred Fire|p2a: Lycanroc\n|-resisted|p2a: Lycanroc\n|-damage|p2a: Lycanroc|50/100\n|\n|upkeep\n|turn|23\n|inactive|Time left: 300 sec this turn | 300 sec total\n|\n|t:|1783557668\n|switch|p1a: Quaquaval|Quaquaval, L79, F|264/264\n|move|p2a: Lycanroc|Stone Edge|p1a: Quaquaval\n|-resisted|p1a: Quaquaval\n|-damage|p1a: Quaquaval|155/264\n|\n|upkeep\n|turn|24\n|inactive|Time left: 300 sec this turn | 300 sec total\n|\n|t:|1783557669\n|move|p2a: Lycanroc|Stone Edge|p1a: Quaquaval|[miss]\n|-miss|p2a: Lycanroc|p1a: Quaquaval\n|move|p1a: Quaquaval|Aqua Step|p2a: Lycanroc\n|-supereffective|p2a: Lycanroc\n|-damage|p2a: Lycanroc|0 fnt\n|-boost|p1a: Quaquaval|spe|1\n|faint|p2a: Lycanroc\n|-ability|p1a: Quaquaval|Moxie|boost\n|-boost|p1a: Quaquaval|atk|1\n|\n|upkeep\n|\n|t:|1783557670\n|switch|p2a: Volbeat|Volbeat, L90, M|100/100\n|turn|25\n|inactive|Time left: 300 sec this turn | 300 sec total\n|\n|t:|1783557671\n|-terastallize|p2a: Volbeat|Water\n|move|p2a: Volbeat|Thunder Wave|p1a: Quaquaval\n|-status|p1a: Quaquaval|par\n|move|p1a: Quaquaval|Aqua Step|p2a: Volbeat\n|-resisted|p2a: Volbeat\n|-damage|p2a: Volbeat|59/100\n|-boost|p1a: Quaquaval|spe|1\n|\n|upkeep\n|turn|26\n|inactive|Time left: 300 sec this turn | 300 sec total\n|\n|t:|1783557672\n|move|p2a: Volbeat|Roost|p2a: Volbeat\n|-heal|p2a: Volbeat|100/100\n|move|p1a: Quaquaval|Aqua Step|p2a: Volbeat\n|-resisted|p2a: Volbeat\n|-damage|p2a: Volbeat|59/100\n|-boost|p1a: Quaquaval|spe|1\n|\n|upkeep\n|turn|27\n|inactive|Time left: 300 sec this turn | 300 sec total\n|\n|t:|1783557673\n|move|p2a: Volbeat|Roost|p2a: Volbeat\n|-heal|p2a: Volbeat|100/100\n|move|p1a: Quaquaval|Aqua Step|p2a: Volbeat\n|-resisted|p2a: Volbeat\n|-damage|p2a: Volbeat|62/100\n|-boost|p1a: Quaquaval|spe|1\n|\n|upkeep\n|turn|28\n|inactive|Time left: 300 sec this turn | 300 sec total\n|\n|t:|1783557674\n|move|p2a: Volbeat|Roost|p2a: Volbeat\n|-heal|p2a: Volbeat|100/100\n|move|p1a: Quaquaval|Aqua Step|p2a: Volbeat\n|-resisted|p2a: Volbeat\n|-damage|p2a: Volbeat|63/100\n|-boost|p1a: Quaquaval|spe|1\n|\n|upkeep\n|turn|29\n|inactive|Time left: 300 sec this turn | 300 sec total\n|\n|t:|1783557675\n|move|p2a: Volbeat|Roost|p2a: Volbeat\n|-heal|p2a: Volbeat|100/100\n|move|p1a: Quaquaval|Aqua Step|p2a: Volbeat\n|-resisted|p2a: Volbeat\n|-damage|p2a: Volbeat|59/100\n|-boost|p1a: Quaquaval|spe|1\n|\n|upkeep\n|turn|30\n|inactive|Time left: 300 sec this turn | 300 sec total\n|\n|t:|1783557675\n|move|p2a: Volbeat|Roost|p2a: Volbeat\n|-heal|p2a: Volbeat|100/100\n|move|p1a: Quaquaval|Aqua Step|p2a: Volbeat\n|-resisted|p2a: Volbeat\n|-damage|p2a: Volbeat|58/100\n|\n|upkeep\n|turn|31\n|inactive|Time left: 300 sec this turn | 300 sec total\n|\n|t:|1783557676\n|move|p2a: Volbeat|Roost|p2a: Volbeat\n|-heal|p2a: Volbeat|100/100\n|move|p1a: Quaquaval|Aqua Step|p2a: Volbeat\n|-resisted|p2a: Volbeat\n|-damage|p2a: Volbeat|61/100\n|\n|upkeep\n|turn|32\n|inactive|Time left: 300 sec this turn | 300 sec total\n|\n|t:|1783557677\n|move|p2a: Volbeat|Roost|p2a: Volbeat\n|-heal|p2a: Volbeat|100/100\n|cant|p1a: Quaquaval|par\n|\n|upkeep\n|turn|33\n|inactive|Time left: 300 sec this turn | 300 sec total\n|\n|t:|1783557678\n|move|p1a: Quaquaval|Aqua Step|p2a: Volbeat\n|-resisted|p2a: Volbeat\n|-damage|p2a: Volbeat|60/100\n|move|p2a: Volbeat|U-turn|p1a: Quaquaval\n|-resisted|p1a: Quaquaval\n|-damage|p1a: Quaquaval|119/264 par\n|\n|t:|1783557678\n|switch|p2a: Kingambit|Kingambit, L74, M|100/100|[from] U-turn\n|-damage|p2a: Kingambit|95/100|[from] Stealth Rock\n|-activate|p2a: Kingambit|ability: Supreme Overlord\n|-start|p2a: Kingambit|fallen2|[silent]\n|\n|-heal|p2a: Kingambit|100/100|[from] item: Leftovers\n|upkeep\n|turn|34\n|inactive|Time left: 300 sec this turn | 300 sec total\n|\n|t:|1783557679\n|cant|p1a: Quaquaval|par\n|move|p2a: Kingambit|Kowtow Cleave|p1a: Quaquaval\n|-resisted|p1a: Quaquaval\n|-damage|p1a: Quaquaval|53/264 par\n|\n|upkeep\n|turn|35\n|inactive|Time left: 300 sec this turn | 300 sec total\n|\n|t:|1783557680\n|move|p1a: Quaquaval|Aqua Step|p2a: Kingambit\n|-damage|p2a: Kingambit|39/100\n|move|p2a: Kingambit|Iron Head|p1a: Quaquaval\n|-resisted|p1a: Quaquaval\n|-damage|p1a: Quaquaval|0 fnt\n|faint|p1a: Quaquaval\n|\n|-heal|p2a: Kingambit|45/100|[from] item: Leftovers\n|upkeep\n|inactive|Time left: 300 sec this turn | 300 sec total | 5 sec grace\n|\n|t:|1783557681\n|switch|p1a: Entei|Entei, L78|307/307\n|turn|36\n|inactive|Time left: 300 sec this turn | 300 sec total\n|\n|t:|1783557682\n|move|p2a: Kingambit|Sucker Punch|p1a: Entei\n|-damage|p1a: Entei|205/307\n|move|p1a: Entei|Sacred Fire|p2a: Kingambit\n|-supereffective|p2a: Kingambit\n|-damage|p2a: Kingambit|0 fnt\n|faint|p2a: Kingambit\n|-end|p2a: Kingambit|fallen2|[silent]\n|\n|upkeep\n|\n|t:|1783557683\n|switch|p2a: Hoopa|Hoopa, L85|100/100\n|-damage|p2a: Hoopa|88/100|[from] Stealth Rock\n|turn|37\n|inactive|Time left: 300 sec this turn | 300 sec total\n|\n|t:|1783557685\n|move|p1a: Entei|Sacred Fire|p2a: Hoopa\n|-damage|p2a: Hoopa|11/100\n|move|p2a: Hoopa|Psychic|p1a: Entei\n|-damage|p1a: Entei|2/307\n|-damage|p2a: Hoopa|1/100|[from] item: Life Orb\n|\n|upkeep\n|turn|38\n|inactive|Time left: 300 sec this turn | 300 sec total\n|\n|t:|1783557686\n|move|p1a: Entei|Sacred Fire|p2a: Hoopa\n|-damage|p2a: Hoopa|0 fnt\n|faint|p2a: Hoopa\n|\n|upkeep\n|\n|t:|1783557687\n|switch|p2a: Tornadus|Tornadus-Therian, L79, M|89/100\n|-damage|p2a: Tornadus|65/100|[from] Stealth Rock\n|turn|39\n|inactive|Time left: 300 sec this turn | 300 sec total\n|\n|t:|1783557688\n|move|p2a: Tornadus|Bleakwind Storm|p1a: Entei\n|-damage|p1a: Entei|0 fnt\n|faint|p1a: Entei\n|\n|upkeep\n|inactive|Time left: 300 sec this turn | 300 sec total | 5 sec grace\n|\n|t:|1783557689\n|switch|p1a: Arboliva|Arboliva, L91, F|290/290\n|turn|40\n|inactive|Time left: 300 sec this turn | 300 sec total\n|\n|t:|1783557690\n|move|p2a: Tornadus|Bleakwind Storm|p1a: Arboliva\n|-supereffective|p1a: Arboliva\n|-damage|p1a: Arboliva|44/290\n|-unboost|p1a: Arboliva|spe|1\n|-fieldstart|move: Grassy Terrain|[from] ability: Seed Sower|[of] p1a: Arboliva\n|move|p1a: Arboliva|Hyper Voice|p2a: Tornadus\n|-damage|p2a: Tornadus|11/100\n|\n|-heal|p1a: Arboliva|62/290|[from] Grassy Terrain\n|-heal|p1a: Arboliva|80/290|[from] item: Leftovers\n|upkeep\n|turn|41\n|inactive|Time left: 300 sec this turn | 300 sec total\n|\n|t:|1783557691\n|move|p2a: Tornadus|Bleakwind Storm|p1a: Arboliva\n|-supereffective|p1a: Arboliva\n|-damage|p1a: Arboliva|0 fnt\n|faint|p1a: Arboliva\n|\n|upkeep\n|inactive|Time left: 300 sec this turn | 300 sec total | 5 sec grace\n|\n|t:|1783557692\n|switch|p1a: Brute Bonnet|Brute Bonnet, L80|309/309\n|turn|42\n|inactive|Time left: 300 sec this turn | 300 sec total\n|\n|t:|1783557693\n|move|p1a: Brute Bonnet|Sucker Punch|p2a: Tornadus\n|-damage|p2a: Tornadus|0 fnt\n|faint|p2a: Tornadus\n|\n|upkeep\n|\n|t:|1783557694\n|switch|p2a: Volbeat|Volbeat, L90, M, tera:Water|60/100\n|turn|43\n|inactive|Time left: 300 sec this turn | 300 sec total\n|\n|t:|1783557695\n|move|p2a: Volbeat|U-turn|p1a: Brute Bonnet\n|-supereffective|p1a: Brute Bonnet\n|-damage|p1a: Brute Bonnet|53/309\n|move|p1a: Brute Bonnet|Spore|p2a: Volbeat\n|-status|p2a: Volbeat|slp|[from] move: Spore\n|\n|-heal|p2a: Volbeat|66/100 slp|[from] Grassy Terrain\n|-heal|p1a: Brute Bonnet|72/309|[from] Grassy Terrain\n|-heal|p1a: Brute Bonnet|91/309|[from] item: Leftovers\n|upkeep\n|turn|44\n|inactive|Time left: 300 sec this turn | 300 sec total\n|\n|t:|1783557696\n|cant|p2a: Volbeat|slp\n|move|p1a: Brute Bonnet|Crunch|p2a: Volbeat\n|-damage|p2a: Volbeat|24/100 slp\n|\n|-heal|p2a: Volbeat|31/100 slp|[from] Grassy Terrain\n|-heal|p1a: Brute Bonnet|110/309|[from] Grassy Terrain\n|-heal|p1a: Brute Bonnet|129/309|[from] item: Leftovers\n|-fieldend|move: Grassy Terrain\n|upkeep\n|turn|45\n|inactive|Time left: 300 sec this turn | 300 sec total\n|\n|t:|1783557697\n|move|p1a: Brute Bonnet|Sucker Punch|p2a: Volbeat\n|-damage|p2a: Volbeat|0 fnt\n|faint|p2a: Volbeat\n|\n|win|p0x15921c73", "uploadtime": 1783557697, "views": 0, "rating": 0, "private": 0, "password": null, "_winner": "p0x15921c73", "_our_name": "p0x15921c73"}