{"id": "battle-gen9randombattle-733", "formatid": "gen9randombattle", "format": "[Gen 9] Random Battle", "players": ["p0x7339ba0", "p0y733d4ea"], "log": "|init|battle\n|title|p0x7339ba0 vs. p0y733d4ea\n|j|\u2606p0x7339ba0\n|j|\u2606p0y733d4ea\n|t:|1783548324\n|gametype|singles\n|player|p1|p0x7339ba0|169|\n|player|p2|p0y733d4ea|169|\n|gen|9\n|tier|[Gen 9] Random Battle\n|rule|Species Clause: Limit one of each Pok\u00e9mon\n|rule|HP Percentage Mod: HP is shown in percentages\n|rule|Sleep Clause Mod: Limit one foe put to sleep\n|rule|Illusion Level Mod: Illusion disguises the Pok\u00e9mon's true level\n|\n|t:|1783548324\n|teamsize|p1|6\n|teamsize|p2|6\n|start\n|switch|p1a: Cramorant|Cramorant, L86, M|261/261\n|switch|p2a: Sinistcha|Sinistcha, L83|100/100\n|turn|1\n|inactive|Battle timer is ON: inactive players will automatically lose when time's up. (requested by p0x7339ba0)\n|inactive|p0y733d4ea also wants the timer to be on.\n|\n|t:|1783548325\n|move|p1a: Cramorant|Brave Bird|p2a: Sinistcha\n|-supereffective|p2a: Sinistcha\n|-damage|p2a: Sinistcha|13/100\n|-damage|p1a: Cramorant|188/261|[from] Recoil\n|move|p2a: Sinistcha|Calm Mind|p2a: Sinistcha\n|-boost|p2a: Sinistcha|spa|1\n|-boost|p2a: Sinistcha|spd|1\n|\n|-heal|p2a: Sinistcha|19/100|[from] item: Leftovers\n|upkeep\n|turn|2\n|inactive|Time left: 300 sec this turn | 300 sec total\n|\n|t:|1783548326\n|switch|p2a: Probopass|Probopass, L91, F|100/100\n|move|p1a: Cramorant|Brave Bird|p2a: Probopass\n|-resisted|p2a: Probopass\n|-damage|p2a: Probopass|93/100\n|-damage|p1a: Cramorant|182/261|[from] Recoil\n|\n|-heal|p2a: Probopass|99/100|[from] item: Leftovers\n|upkeep\n|turn|3\n|inactive|Time left: 300 sec this turn | 300 sec total\n|\n|t:|1783548327\n|move|p1a: Cramorant|Surf|p2a: Probopass\n|-formechange|p1a: Cramorant|Cramorant-Gulping|\n|-supereffective|p2a: Probopass\n|-damage|p2a: Probopass|55/100\n|move|p2a: Probopass|Power Gem|p1a: Cramorant\n|-supereffective|p1a: Cramorant\n|-damage|p1a: Cramorant|26/261\n|-damage|p2a: Probopass|30/100|[from] ability: Gulp Missile|[of] p1a: Cramorant\n|-unboost|p2a: Probopass|def|1\n|-formechange|p1a: Cramorant|Cramorant|\n|\n|-heal|p2a: Probopass|36/100|[from] item: Leftovers\n|upkeep\n|turn|4\n|inactive|Time left: 300 sec this turn | 300 sec total\n|\n|t:|1783548328\n|switch|p2a: Comfey|Comfey, L85, M|100/100\n|move|p1a: Cramorant|Surf|p2a: Comfey\n|-formechange|p1a: Cramorant|Cramorant-Gorging|\n|-damage|p2a: Comfey|64/100\n|\n|-heal|p2a: Comfey|71/100|[from] item: Leftovers\n|upkeep\n|turn|5\n|inactive|Time left: 300 sec this turn | 300 sec total\n|\n|t:|1783548330\n|move|p2a: Comfey|Draining Kiss|p1a: Cramorant\n|-damage|p1a: Cramorant|0 fnt\n|-heal|p2a: Comfey|80/100|[from] drain|[of] p1a: Cramorant\n|-damage|p2a: Comfey|55/100|[from] ability: Gulp Missile|[of] p1a: Cramorant\n|-status|p2a: Comfey|par\n|-formechange|p1a: Cramorant|Cramorant|\n|faint|p1a: Cramorant\n|\n|-heal|p2a: Comfey|61/100 par|[from] item: Leftovers\n|upkeep\n|inactive|Time left: 300 sec this turn | 300 sec total | 5 sec grace\n|\n|t:|1783548330\n|switch|p1a: Solgaleo|Solgaleo, L74|325/325\n|turn|6\n|inactive|Time left: 300 sec this turn | 300 sec total\n|\n|t:|1783548332\n|switch|p2a: Landorus|Landorus, L75, M|100/100\n|move|p1a: Solgaleo|Sunsteel Strike|p2a: Landorus\n|-damage|p2a: Landorus|54/100\n|\n|upkeep\n|turn|7\n|inactive|Time left: 300 sec this turn | 300 sec total\n|\n|t:|1783548333\n|switch|p1a: Hawlucha|Hawlucha, L80, F|256/256\n|move|p2a: Landorus|Earth Power|p1a: Hawlucha\n|-immune|p1a: Hawlucha\n|\n|upkeep\n|turn|8\n|inactive|Time left: 300 sec this turn | 300 sec total\n|\n|t:|1783548334\n|move|p1a: Hawlucha|Swords Dance|p1a: Hawlucha\n|-boost|p1a: Hawlucha|atk|2\n|move|p2a: Landorus|Psychic|p1a: Hawlucha\n|-supereffective|p1a: Hawlucha\n|-damage|p1a: Hawlucha|0 fnt\n|faint|p1a: Hawlucha\n|\n|upkeep\n|inactive|Time left: 300 sec this turn | 300 sec total | 5 sec grace\n|\n|t:|1783548334\n|switch|p1a: Kingdra|Kingdra, L84, M|263/263\n|turn|9\n|inactive|Time left: 300 sec this turn | 300 sec total\n|\n|t:|1783548335\n|move|p2a: Landorus|Earth Power|p1a: Kingdra\n|-damage|p1a: Kingdra|123/263\n|move|p1a: Kingdra|Dragon Dance|p1a: Kingdra\n|-boost|p1a: Kingdra|atk|1\n|-boost|p1a: Kingdra|spe|1\n|\n|upkeep\n|turn|10\n|inactive|Time left: 300 sec this turn | 300 sec total\n|\n|t:|1783548336\n|switch|p2a: Comfey|Comfey, L85, M|61/100 par\n|move|p1a: Kingdra|Wave Crash|p2a: Comfey\n|-damage|p2a: Comfey|0 fnt\n|faint|p2a: Comfey\n|-damage|p1a: Kingdra|78/263|[from] Recoil\n|\n|upkeep\n|\n|t:|1783548337\n|switch|p2a: Dragapult|Dragapult, L77, F|100/100\n|turn|11\n|inactive|Time left: 300 sec this turn | 300 sec total\n|\n|t:|1783548338\n|move|p1a: Kingdra|Outrage|p2a: Dragapult\n|-supereffective|p2a: Dragapult\n|-damage|p2a: Dragapult|0 fnt\n|faint|p2a: Dragapult\n|\n|upkeep\n|\n|t:|1783548339\n|switch|p2a: Ribombee|Ribombee, L83, M|100/100\n|turn|12\n|inactive|Time left: 300 sec this turn | 300 sec total\n|\n|t:|1783548340\n|move|p1a: Kingdra|Outrage|p2a: Ribombee|[from] lockedmove\n|-immune|p2a: Ribombee\n|move|p2a: Ribombee|Sticky Web|p1a: Kingdra\n|-sidestart|p1: p0x7339ba0|move: Sticky Web\n|\n|upkeep\n|turn|13\n|inactive|Time left: 300 sec this turn | 300 sec total\n|\n|t:|1783548341\n|move|p1a: Kingdra|Wave Crash|p2a: Ribombee\n|-damage|p2a: Ribombee|0 fnt\n|faint|p2a: Ribombee\n|-damage|p1a: Kingdra|0 fnt|[from] Recoil\n|faint|p1a: Kingdra\n|\n|upkeep\n|inactive|Time left: 300 sec this turn | 300 sec total | 5 sec grace\n|\n|t:|1783548342\n|switch|p2a: Sinistcha|Sinistcha, L83|19/100\n|switch|p1a: Solgaleo|Solgaleo, L74|325/325\n|-activate|p1a: Solgaleo|move: Sticky Web\n|-fail|p1a: Solgaleo|unboost|[from] ability: Full Metal Body|[of] p1a: Solgaleo\n|turn|14\n|inactive|Time left: 300 sec this turn | 300 sec total\n|\n|t:|1783548343\n|move|p1a: Solgaleo|Knock Off|p2a: Sinistcha\n|-supereffective|p2a: Sinistcha\n|-damage|p2a: Sinistcha|0 fnt\n|-enditem|p2a: Sinistcha|Leftovers|[from] move: Knock Off|[of] p1a: Solgaleo\n|faint|p2a: Sinistcha\n|\n|upkeep\n|\n|t:|1783548344\n|switch|p2a: Landorus|Landorus, L75, M|54/100\n|turn|15\n|inactive|Time left: 300 sec this turn | 300 sec total\n|\n|t:|1783548345\n|-terastallize|p1a: Solgaleo|Fighting\n|move|p2a: Landorus|Earth Power|p1a: Solgaleo\n|-damage|p1a: Solgaleo|160/325\n|move|p1a: Solgaleo|Sunsteel Strike|p2a: Landorus\n|-damage|p2a: Landorus|5/100\n|\n|upkeep\n|turn|16\n|inactive|Time left: 300 sec this turn | 300 sec total\n|\n|t:|1783548346\n|move|p2a: Landorus|Psychic|p1a: Solgaleo\n|-supereffective|p1a: Solgaleo\n|-damage|p1a: Solgaleo|0 fnt\n|faint|p1a: Solgaleo\n|\n|upkeep\n|inactive|Time left: 300 sec this turn | 300 sec total | 5 sec grace\n|\n|t:|1783548347\n|switch|p1a: Breloom|Breloom, L83, M|235/235\n|-activate|p1a: Breloom|move: Sticky Web\n|-unboost|p1a: Breloom|spe|1\n|turn|17\n|inactive|Time left: 300 sec this turn | 300 sec total\n|\n|t:|1783548348\n|move|p1a: Breloom|Mach Punch|p2a: Landorus\n|-resisted|p2a: Landorus\n|-damage|p2a: Landorus|0 fnt\n|faint|p2a: Landorus\n|-damage|p1a: Breloom|212/235|[from] item: Life Orb\n|\n|upkeep\n|\n|t:|1783548349\n|switch|p2a: Probopass|Probopass, L91, F|36/100\n|turn|18\n|inactive|Time left: 300 sec this turn | 300 sec total\n|\n|t:|1783548350\n|-terastallize|p2a: Probopass|Fighting\n|move|p1a: Breloom|Mach Punch|p2a: Probopass\n|-damage|p2a: Probopass|9/100\n|-damage|p1a: Breloom|189/235|[from] item: Life Orb\n|move|p2a: Probopass|Iron Defense|p2a: Probopass\n|-boost|p2a: Probopass|def|2\n|\n|-heal|p2a: Probopass|15/100|[from] item: Leftovers\n|upkeep\n|turn|19\n|inactive|Time left: 300 sec this turn | 300 sec total\n|\n|t:|1783548351\n|move|p1a: Breloom|Mach Punch|p2a: Probopass\n|-damage|p2a: Probopass|3/100\n|-damage|p1a: Breloom|166/235|[from] item: Life Orb\n|move|p2a: Probopass|Thunder Wave|p1a: Breloom\n|-status|p1a: Breloom|par\n|\n|-heal|p2a: Probopass|9/100|[from] item: Leftovers\n|upkeep\n|turn|20\n|inactive|Time left: 300 sec this turn | 300 sec total\n|\n|t:|1783548352\n|move|p1a: Breloom|Mach Punch|p2a: Probopass\n|-damage|p2a: Probopass|0 fnt\n|faint|p2a: Probopass\n|-damage|p1a: Breloom|143/235 par|[from] item: Life Orb\n|\n|win|p0x7339ba0", "uploadtime": 1783548352, "views": 0, "rating": 0, "private": 0, "password": null, "_winner": "p0x7339ba0", "_our_name": "p0x7339ba0"}