{"id": "battle-gen9randombattle-290", "formatid": "gen9randombattle", "format": "[Gen 9] Random Battle", "players": ["p0x29066bd", "p0y2908f72"], "log": "|init|battle\n|title|p0x29066bd vs. p0y2908f72\n|j|\u2606p0x29066bd\n|j|\u2606p0y2908f72\n|t:|1783542422\n|gametype|singles\n|player|p1|p0x29066bd|265|\n|player|p2|p0y2908f72|102|\n|gen|9\n|tier|[Gen 9] Random Battle\n|rule|Species Clause: Limit one of each Pok\u00e9mon\n|rule|HP Percentage Mod: HP is shown in percentages\n|rule|Sleep Clause Mod: Limit one foe put to sleep\n|rule|Illusion Level Mod: Illusion disguises the Pok\u00e9mon's true level\n|\n|t:|1783542422\n|teamsize|p1|6\n|teamsize|p2|6\n|start\n|switch|p1a: Jumpluff|Jumpluff, L87, F|100/100\n|switch|p2a: Basculin|Basculin-Blue-Striped, L86, F|261/261\n|turn|1\n|inactive|Battle timer is ON: inactive players will automatically lose when time's up. (requested by p0y2908f72)\n|inactive|p0x29066bd also wants the timer to be on.\n|\n|t:|1783542424\n|move|p1a: Jumpluff|Sleep Powder|p2a: Basculin\n|-status|p2a: Basculin|slp|[from] move: Sleep Powder\n|cant|p2a: Basculin|slp\n|\n|upkeep\n|turn|2\n|inactive|Time left: 300 sec this turn | 300 sec total\n|\n|t:|1783542426\n|switch|p1a: Oranguru|Oranguru, L92, M|100/100\n|cant|p2a: Basculin|slp\n|\n|upkeep\n|turn|3\n|inactive|Time left: 300 sec this turn | 300 sec total\n|\n|t:|1783542427\n|-curestatus|p2a: Basculin|slp|[msg]\n|move|p2a: Basculin|Wave Crash|p1a: Oranguru\n|-damage|p1a: Oranguru|28/100\n|-damage|p2a: Basculin|186/261|[from] Recoil\n|move|p1a: Oranguru|Hyper Voice|p2a: Basculin\n|-damage|p2a: Basculin|0 fnt\n|faint|p2a: Basculin\n|\n|upkeep\n|inactive|Time left: 300 sec this turn | 300 sec total | 5 sec grace\n|\n|t:|1783542428\n|switch|p2a: Chien-Pao|Chien-Pao, L72|234/234\n|-ability|p2a: Chien-Pao|Sword of Ruin\n|turn|4\n|inactive|Time left: 300 sec this turn | 300 sec total\n|\n|t:|1783542429\n|switch|p1a: Blaziken|Blaziken, L76, M|100/100\n|move|p2a: Chien-Pao|Crunch|p1a: Blaziken\n|-resisted|p1a: Blaziken\n|-damage|p1a: Blaziken|60/100\n|\n|upkeep\n|turn|5\n|inactive|Time left: 300 sec this turn | 300 sec total\n|\n|t:|1783542430\n|move|p2a: Chien-Pao|Crunch|p1a: Blaziken\n|-resisted|p1a: Blaziken\n|-damage|p1a: Blaziken|18/100\n|move|p1a: Blaziken|Close Combat|p2a: Chien-Pao\n|-supereffective|p2a: Chien-Pao\n|-damage|p2a: Chien-Pao|0 fnt\n|-unboost|p1a: Blaziken|def|1\n|-unboost|p1a: Blaziken|spd|1\n|faint|p2a: Chien-Pao\n|-damage|p1a: Blaziken|9/100|[from] item: Life Orb\n|\n|-ability|p1a: Blaziken|Speed Boost|boost\n|-boost|p1a: Blaziken|spe|1\n|upkeep\n|inactive|Time left: 300 sec this turn | 300 sec total | 5 sec grace\n|\n|t:|1783542431\n|switch|p2a: Ninetales|Ninetales, L85, M|263/263\n|-weather|SunnyDay|[from] ability: Drought|[of] p2a: Ninetales\n|turn|6\n|inactive|Time left: 300 sec this turn | 300 sec total\n|\n|t:|1783542432\n|move|p1a: Blaziken|Close Combat|p2a: Ninetales\n|-damage|p2a: Ninetales|98/263\n|-unboost|p1a: Blaziken|def|1\n|-unboost|p1a: Blaziken|spd|1\n|-damage|p1a: Blaziken|0 fnt|[from] item: Life Orb\n|faint|p1a: Blaziken\n|move|p2a: Ninetales|Nasty Plot|p2a: Ninetales\n|-boost|p2a: Ninetales|spa|2\n|\n|-weather|SunnyDay|[upkeep]\n|upkeep\n|\n|t:|1783542433\n|switch|p1a: Infernape|Infernape, L82, F|100/100\n|turn|7\n|inactive|Time left: 300 sec this turn | 300 sec total\n|\n|t:|1783542434\n|move|p1a: Infernape|Flare Blitz|p2a: Ninetales\n|-resisted|p2a: Ninetales\n|-damage|p2a: Ninetales|0 fnt\n|faint|p2a: Ninetales\n|-damage|p1a: Infernape|88/100|[from] Recoil\n|\n|-weather|SunnyDay|[upkeep]\n|upkeep\n|inactive|Time left: 300 sec this turn | 300 sec total | 5 sec grace\n|\n|t:|1783542435\n|switch|p2a: Dugtrio|Dugtrio-Alola, L84, M|196/196\n|turn|8\n|inactive|Time left: 300 sec this turn | 300 sec total\n|\n|t:|1783542436\n|switch|p1a: Gyarados|Gyarados, L79, M|100/100\n|move|p2a: Dugtrio|Earthquake|p1a: Gyarados\n|-immune|p1a: Gyarados\n|\n|-weather|SunnyDay|[upkeep]\n|upkeep\n|turn|9\n|inactive|Time left: 300 sec this turn | 300 sec total\n|\n|t:|1783542437\n|switch|p2a: Cryogonal|Cryogonal, L89|287/287\n|move|p1a: Gyarados|Dragon Dance|p1a: Gyarados\n|-boost|p1a: Gyarados|atk|1\n|-boost|p1a: Gyarados|spe|1\n|\n|-weather|SunnyDay|[upkeep]\n|upkeep\n|turn|10\n|inactive|Time left: 300 sec this turn | 300 sec total\n|\n|t:|1783542438\n|-terastallize|p1a: Gyarados|Ground\n|-terastallize|p2a: Cryogonal|Electric\n|move|p1a: Gyarados|Stone Edge|p2a: Cryogonal\n|-damage|p2a: Cryogonal|114/287\n|move|p2a: Cryogonal|Tera Blast|p1a: Gyarados|[anim] Tera Blast Electric\n|-immune|p1a: Gyarados\n|\n|-weather|none\n|upkeep\n|turn|11\n|inactive|Time left: 300 sec this turn | 300 sec total\n|\n|t:|1783542439\n|switch|p2a: Mienshao|Mienshao, L83, F|244/244\n|move|p1a: Gyarados|Waterfall|p2a: Mienshao\n|-damage|p2a: Mienshao|55/244\n|\n|upkeep\n|turn|12\n|inactive|Time left: 300 sec this turn | 300 sec total\n|\n|t:|1783542440\n|move|p2a: Mienshao|Fake Out|p1a: Gyarados\n|-damage|p1a: Gyarados|86/100\n|cant|p1a: Gyarados|flinch\n|\n|upkeep\n|turn|13\n|inactive|Time left: 300 sec this turn | 300 sec total\n|\n|t:|1783542441\n|switch|p2a: Cryogonal|Cryogonal, L89, tera:Electric|114/287\n|move|p1a: Gyarados|Waterfall|p2a: Cryogonal\n|-damage|p2a: Cryogonal|0 fnt\n|faint|p2a: Cryogonal\n|-ability|p1a: Gyarados|Moxie|boost\n|-boost|p1a: Gyarados|atk|1\n|\n|upkeep\n|inactive|Time left: 300 sec this turn | 300 sec total | 5 sec grace\n|\n|t:|1783542442\n|switch|p2a: Mienshao|Mienshao, L83, F|136/244\n|turn|14\n|inactive|Time left: 300 sec this turn | 300 sec total\n|\n|t:|1783542442\n|move|p2a: Mienshao|Fake Out|p1a: Gyarados\n|-damage|p1a: Gyarados|72/100\n|cant|p1a: Gyarados|flinch\n|\n|upkeep\n|turn|15\n|inactive|Time left: 300 sec this turn | 300 sec total\n|\n|t:|1783542443\n|switch|p2a: Dugtrio|Dugtrio-Alola, L84, M|196/196\n|move|p1a: Gyarados|Earthquake|p2a: Dugtrio\n|-supereffective|p2a: Dugtrio\n|-crit|p2a: Dugtrio\n|-damage|p2a: Dugtrio|0 fnt\n|faint|p2a: Dugtrio\n|-ability|p1a: Gyarados|Moxie|boost\n|-boost|p1a: Gyarados|atk|1\n|\n|upkeep\n|inactive|Time left: 300 sec this turn | 300 sec total | 5 sec grace\n|\n|t:|1783542444\n|switch|p2a: Mienshao|Mienshao, L83, F|217/244\n|turn|16\n|inactive|Time left: 300 sec this turn | 300 sec total\n|\n|t:|1783542445\n|move|p2a: Mienshao|Fake Out|p1a: Gyarados\n|-damage|p1a: Gyarados|58/100\n|cant|p1a: Gyarados|flinch\n|\n|upkeep\n|turn|17\n|inactive|Time left: 300 sec this turn | 300 sec total\n|\n|t:|1783542445\n|move|p1a: Gyarados|Earthquake|p2a: Mienshao\n|-damage|p2a: Mienshao|0 fnt\n|faint|p2a: Mienshao\n|\n|win|p0x29066bd", "uploadtime": 1783542445, "views": 0, "rating": 0, "private": 0, "password": null, "_winner": "p0x29066bd", "_our_name": "p0y2908f72"}