{"id": "battle-gen9randombattle-1699", "formatid": "gen9randombattle", "format": "[Gen 9] Random Battle", "players": ["p0x16995d6a", "p0y1699caaa"], "log": "|init|battle\n|title|p0x16995d6a vs. p0y1699caaa\n|j|\u2606p0x16995d6a\n|j|\u2606p0y1699caaa\n|t:|1783559698\n|gametype|singles\n|player|p1|p0x16995d6a|101|\n|player|p2|p0y1699caaa|1|\n|gen|9\n|tier|[Gen 9] Random Battle\n|rule|Species Clause: Limit one of each Pok\u00e9mon\n|rule|HP Percentage Mod: HP is shown in percentages\n|rule|Sleep Clause Mod: Limit one foe put to sleep\n|rule|Illusion Level Mod: Illusion disguises the Pok\u00e9mon's true level\n|\n|t:|1783559698\n|teamsize|p1|6\n|teamsize|p2|6\n|start\n|switch|p1a: Charizard|Charizard, L85, F|100/100\n|switch|p2a: Phione|Phione, L91|293/293\n|turn|1\n|inactive|Battle timer is ON: inactive players will automatically lose when time's up. (requested by p0y1699caaa)\n|inactive|p0x16995d6a also wants the timer to be on.\n|\n|t:|1783559700\n|move|p1a: Charizard|Hurricane|p2a: Phione\n|-damage|p2a: Phione|158/293\n|move|p2a: Phione|Scald|p1a: Charizard\n|-supereffective|p1a: Charizard\n|-damage|p1a: Charizard|40/100\n|\n|-heal|p2a: Phione|176/293|[from] item: Leftovers\n|upkeep\n|turn|2\n|inactive|Time left: 300 sec this turn | 300 sec total\n|\n|t:|1783559701\n|switch|p1a: Lumineon|Lumineon, L93, M|100/100\n|move|p2a: Phione|Scald|p1a: Lumineon\n|-ability|p1a: Lumineon|Storm Drain|boost\n|-boost|p1a: Lumineon|spa|1\n|\n|-heal|p2a: Phione|194/293|[from] item: Leftovers\n|upkeep\n|turn|3\n|inactive|Time left: 300 sec this turn | 300 sec total\n|\n|t:|1783559702\n|move|p1a: Lumineon|Hydro Pump|p2a: Phione\n|-resisted|p2a: Phione\n|-damage|p2a: Phione|113/293\n|move|p2a: Phione|Ice Beam|p1a: Lumineon\n|-resisted|p1a: Lumineon\n|-damage|p1a: Lumineon|90/100\n|\n|-heal|p2a: Phione|131/293|[from] item: Leftovers\n|upkeep\n|turn|4\n|inactive|Time left: 300 sec this turn | 300 sec total\n|\n|t:|1783559703\n|move|p1a: Lumineon|Hydro Pump|p2a: Phione\n|-resisted|p2a: Phione\n|-crit|p2a: Phione\n|-damage|p2a: Phione|2/293\n|move|p2a: Phione|Grass Knot|p1a: Lumineon\n|-supereffective|p1a: Lumineon\n|-damage|p1a: Lumineon|70/100\n|\n|-heal|p2a: Phione|20/293|[from] item: Leftovers\n|upkeep\n|turn|5\n|inactive|Time left: 300 sec this turn | 300 sec total\n|\n|t:|1783559704\n|switch|p2a: Grafaiai|Grafaiai, L86, M|249/249\n|move|p1a: Lumineon|Hydro Pump|p2a: Grafaiai\n|-damage|p2a: Grafaiai|114/249\n|\n|upkeep\n|turn|6\n|inactive|Time left: 300 sec this turn | 300 sec total\n|\n|t:|1783559706\n|move|p2a: Grafaiai|Gunk Shot|p1a: Lumineon\n|-damage|p1a: Lumineon|21/100\n|move|p1a: Lumineon|Hydro Pump|p2a: Grafaiai\n|-damage|p2a: Grafaiai|0 fnt\n|faint|p2a: Grafaiai\n|\n|upkeep\n|inactive|Time left: 300 sec this turn | 300 sec total | 5 sec grace\n|\n|t:|1783559707\n|switch|p2a: Gogoat|Gogoat, L88, F|360/360\n|turn|7\n|inactive|Time left: 300 sec this turn | 300 sec total\n|\n|t:|1783559708\n|move|p1a: Lumineon|Ice Beam|p2a: Gogoat\n|-supereffective|p2a: Gogoat\n|-crit|p2a: Gogoat\n|-damage|p2a: Gogoat|76/360\n|move|p2a: Gogoat|Bulk Up|p2a: Gogoat\n|-boost|p2a: Gogoat|atk|1\n|-boost|p2a: Gogoat|def|1\n|\n|-heal|p2a: Gogoat|98/360|[from] item: Leftovers\n|upkeep\n|turn|8\n|inactive|Time left: 300 sec this turn | 300 sec total\n|\n|t:|1783559708\n|move|p1a: Lumineon|Ice Beam|p2a: Gogoat\n|-supereffective|p2a: Gogoat\n|-damage|p2a: Gogoat|0 fnt\n|faint|p2a: Gogoat\n|\n|upkeep\n|inactive|Time left: 300 sec this turn | 300 sec total | 5 sec grace\n|\n|t:|1783559709\n|switch|p2a: Latias|Latias, L79, F|256/256\n|turn|9\n|inactive|Time left: 300 sec this turn | 300 sec total\n|\n|t:|1783559710\n|move|p1a: Lumineon|Ice Beam|p2a: Latias\n|-supereffective|p2a: Latias\n|-damage|p2a: Latias|124/256\n|move|p2a: Latias|Psyshock|p1a: Lumineon\n|-damage|p1a: Lumineon|0 fnt\n|faint|p1a: Lumineon\n|\n|upkeep\n|\n|t:|1783559711\n|switch|p1a: Eelektross|Eelektross, L87, M|100/100\n|turn|10\n|inactive|Time left: 300 sec this turn | 300 sec total\n|\n|t:|1783559712\n|move|p2a: Latias|Recover|p2a: Latias\n|-heal|p2a: Latias|252/256\n|move|p1a: Eelektross|Coil|p1a: Eelektross\n|-boost|p1a: Eelektross|atk|1\n|-boost|p1a: Eelektross|def|1\n|-boost|p1a: Eelektross|accuracy|1\n|\n|upkeep\n|turn|11\n|inactive|Time left: 300 sec this turn | 300 sec total\n|\n|t:|1783559713\n|move|p2a: Latias|Calm Mind|p2a: Latias\n|-boost|p2a: Latias|spa|1\n|-boost|p2a: Latias|spd|1\n|move|p1a: Eelektross|Coil|p1a: Eelektross\n|-boost|p1a: Eelektross|atk|1\n|-boost|p1a: Eelektross|def|1\n|-boost|p1a: Eelektross|accuracy|1\n|\n|upkeep\n|turn|12\n|inactive|Time left: 300 sec this turn | 300 sec total\n|\n|t:|1783559714\n|move|p2a: Latias|Draco Meteor|p1a: Eelektross\n|-crit|p1a: Eelektross\n|-damage|p1a: Eelektross|0 fnt\n|-unboost|p2a: Latias|spa|2\n|faint|p1a: Eelektross\n|\n|upkeep\n|\n|t:|1783559714\n|switch|p1a: Dudunsparce|Dudunsparce-Three-Segment, L83, M|100/100\n|turn|13\n|inactive|Time left: 300 sec this turn | 300 sec total\n|\n|t:|1783559715\n|move|p2a: Latias|Calm Mind|p2a: Latias\n|-boost|p2a: Latias|spa|1\n|-boost|p2a: Latias|spd|1\n|move|p1a: Dudunsparce|Calm Mind|p1a: Dudunsparce\n|-boost|p1a: Dudunsparce|spa|1\n|-boost|p1a: Dudunsparce|spd|1\n|\n|upkeep\n|turn|14\n|inactive|Time left: 300 sec this turn | 300 sec total\n|\n|t:|1783559716\n|move|p2a: Latias|Calm Mind|p2a: Latias\n|-boost|p2a: Latias|spa|1\n|-boost|p2a: Latias|spd|1\n|move|p1a: Dudunsparce|Calm Mind|p1a: Dudunsparce\n|-boost|p1a: Dudunsparce|spa|1\n|-boost|p1a: Dudunsparce|spd|1\n|\n|upkeep\n|turn|15\n|inactive|Time left: 300 sec this turn | 300 sec total\n|\n|t:|1783559716\n|move|p2a: Latias|Calm Mind|p2a: Latias\n|-boost|p2a: Latias|spa|1\n|-boost|p2a: Latias|spd|1\n|move|p1a: Dudunsparce|Calm Mind|p1a: Dudunsparce\n|-boost|p1a: Dudunsparce|spa|1\n|-boost|p1a: Dudunsparce|spd|1\n|\n|upkeep\n|turn|16\n|inactive|Time left: 300 sec this turn | 300 sec total\n|\n|t:|1783559717\n|move|p2a: Latias|Psyshock|p1a: Dudunsparce\n|-damage|p1a: Dudunsparce|42/100\n|move|p1a: Dudunsparce|Roost|p1a: Dudunsparce\n|-heal|p1a: Dudunsparce|92/100\n|-singleturn|p1a: Dudunsparce|move: Roost\n|\n|-heal|p1a: Dudunsparce|98/100|[from] item: Leftovers\n|upkeep\n|turn|17\n|inactive|Time left: 300 sec this turn | 300 sec total\n|\n|t:|1783559718\n|move|p2a: Latias|Psyshock|p1a: Dudunsparce\n|-damage|p1a: Dudunsparce|31/100\n|move|p1a: Dudunsparce|Roost|p1a: Dudunsparce\n|-heal|p1a: Dudunsparce|82/100\n|-singleturn|p1a: Dudunsparce|move: Roost\n|\n|-heal|p1a: Dudunsparce|88/100|[from] item: Leftovers\n|upkeep\n|turn|18\n|inactive|Time left: 300 sec this turn | 300 sec total\n|\n|t:|1783559719\n|move|p2a: Latias|Psyshock|p1a: Dudunsparce\n|-damage|p1a: Dudunsparce|20/100\n|move|p1a: Dudunsparce|Roost|p1a: Dudunsparce\n|-heal|p1a: Dudunsparce|70/100\n|-singleturn|p1a: Dudunsparce|move: Roost\n|\n|-heal|p1a: Dudunsparce|77/100|[from] item: Leftovers\n|upkeep\n|turn|19\n|inactive|Time left: 300 sec this turn | 300 sec total\n|\n|t:|1783559720\n|move|p2a: Latias|Psyshock|p1a: Dudunsparce\n|-damage|p1a: Dudunsparce|17/100\n|move|p1a: Dudunsparce|Roost|p1a: Dudunsparce\n|-heal|p1a: Dudunsparce|67/100\n|-singleturn|p1a: Dudunsparce|move: Roost\n|\n|-heal|p1a: Dudunsparce|73/100|[from] item: Leftovers\n|upkeep\n|turn|20\n|inactive|Time left: 300 sec this turn | 300 sec total\n|\n|t:|1783559720\n|move|p2a: Latias|Psyshock|p1a: Dudunsparce\n|-damage|p1a: Dudunsparce|14/100\n|move|p1a: Dudunsparce|Roost|p1a: Dudunsparce\n|-heal|p1a: Dudunsparce|64/100\n|-singleturn|p1a: Dudunsparce|move: Roost\n|\n|-heal|p1a: Dudunsparce|70/100|[from] item: Leftovers\n|upkeep\n|turn|21\n|inactive|Time left: 300 sec this turn | 300 sec total\n|\n|t:|1783559721\n|move|p2a: Latias|Psyshock|p1a: Dudunsparce\n|-damage|p1a: Dudunsparce|4/100\n|move|p1a: Dudunsparce|Roost|p1a: Dudunsparce\n|-heal|p1a: Dudunsparce|54/100\n|-singleturn|p1a: Dudunsparce|move: Roost\n|\n|-heal|p1a: Dudunsparce|60/100|[from] item: Leftovers\n|upkeep\n|turn|22\n|inactive|Time left: 300 sec this turn | 300 sec total\n|\n|t:|1783559722\n|switch|p1a: Orthworm|Orthworm, L88, M|100/100\n|move|p2a: Latias|Psyshock|p1a: Orthworm\n|-resisted|p1a: Orthworm\n|-damage|p1a: Orthworm|77/100\n|\n|-heal|p1a: Orthworm|83/100|[from] item: Leftovers\n|upkeep\n|turn|23\n|inactive|Time left: 300 sec this turn | 300 sec total\n|\n|t:|1783559723\n|move|p2a: Latias|Calm Mind|p2a: Latias\n|-boost|p2a: Latias|spa|1\n|-boost|p2a: Latias|spd|1\n|move|p1a: Orthworm|Heavy Slam|p2a: Latias\n|-damage|p2a: Latias|117/256\n|\n|-heal|p1a: Orthworm|89/100|[from] item: Leftovers\n|upkeep\n|turn|24\n|inactive|Time left: 300 sec this turn | 300 sec total\n|\n|t:|1783559724\n|switch|p1a: Charizard|Charizard, L85, F|40/100\n|move|p2a: Latias|Draco Meteor|p1a: Charizard\n|-damage|p1a: Charizard|0 fnt\n|-unboost|p2a: Latias|spa|2\n|faint|p1a: Charizard\n|\n|upkeep\n|\n|t:|1783559725\n|switch|p1a: Orthworm|Orthworm, L88, M|89/100\n|turn|25\n|inactive|Time left: 300 sec this turn | 300 sec total\n|\n|t:|1783559726\n|move|p2a: Latias|Recover|p2a: Latias\n|-heal|p2a: Latias|245/256\n|move|p1a: Orthworm|Heavy Slam|p2a: Latias\n|-damage|p2a: Latias|124/256\n|\n|-heal|p1a: Orthworm|95/100|[from] item: Leftovers\n|upkeep\n|turn|26\n|inactive|Time left: 300 sec this turn | 300 sec total\n|\n|t:|1783559727\n|move|p2a: Latias|Recover|p2a: Latias\n|-heal|p2a: Latias|252/256\n|move|p1a: Orthworm|Heavy Slam|p2a: Latias\n|-damage|p2a: Latias|117/256\n|\n|-heal|p1a: Orthworm|100/100|[from] item: Leftovers\n|upkeep\n|turn|27\n|inactive|Time left: 300 sec this turn | 300 sec total\n|\n|t:|1783559728\n|move|p2a: Latias|Recover|p2a: Latias\n|-heal|p2a: Latias|245/256\n|move|p1a: Orthworm|Heavy Slam|p2a: Latias\n|-damage|p2a: Latias|112/256\n|\n|upkeep\n|turn|28\n|inactive|Time left: 300 sec this turn | 300 sec total\n|\n|t:|1783559729\n|move|p2a: Latias|Recover|p2a: Latias\n|-heal|p2a: Latias|240/256\n|move|p1a: Orthworm|Heavy Slam|p2a: Latias\n|-damage|p2a: Latias|116/256\n|\n|upkeep\n|turn|29\n|inactive|Time left: 300 sec this turn | 300 sec total\n|\n|t:|1783559730\n|move|p2a: Latias|Recover|p2a: Latias\n|-heal|p2a: Latias|244/256\n|move|p1a: Orthworm|Heavy Slam|p2a: Latias\n|-damage|p2a: Latias|106/256\n|\n|upkeep\n|turn|30\n|inactive|Time left: 300 sec this turn | 300 sec total\n|\n|t:|1783559731\n|move|p2a: Latias|Recover|p2a: Latias\n|-heal|p2a: Latias|234/256\n|move|p1a: Orthworm|Heavy Slam|p2a: Latias\n|-damage|p2a: Latias|101/256\n|\n|upkeep\n|turn|31\n|inactive|Time left: 300 sec this turn | 300 sec total\n|\n|t:|1783559732\n|move|p2a: Latias|Recover|p2a: Latias\n|-heal|p2a: Latias|229/256\n|move|p1a: Orthworm|Heavy Slam|p2a: Latias\n|-damage|p2a: Latias|99/256\n|\n|upkeep\n|turn|32\n|inactive|Time left: 300 sec this turn | 300 sec total\n|\n|t:|1783559733\n|move|p2a: Latias|Draco Meteor|p1a: Orthworm|[miss]\n|-miss|p2a: Latias|p1a: Orthworm\n|move|p1a: Orthworm|Heavy Slam|p2a: Latias\n|-damage|p2a: Latias|0 fnt\n|faint|p2a: Latias\n|\n|upkeep\n|inactive|Time left: 300 sec this turn | 300 sec total | 5 sec grace\n|\n|t:|1783559734\n|switch|p2a: Phione|Phione, L91|20/293\n|turn|33\n|inactive|Time left: 300 sec this turn | 300 sec total\n|\n|t:|1783559735\n|switch|p1a: Dudunsparce|Dudunsparce-Three-Segment, L83, M|60/100\n|move|p2a: Phione|Scald|p1a: Dudunsparce\n|-crit|p1a: Dudunsparce\n|-damage|p1a: Dudunsparce|15/100\n|\n|-heal|p2a: Phione|38/293|[from] item: Leftovers\n|-heal|p1a: Dudunsparce|21/100|[from] item: Leftovers\n|upkeep\n|turn|34\n|inactive|Time left: 300 sec this turn | 300 sec total\n|\n|t:|1783559736\n|switch|p1a: Altaria|Altaria, L89, F|100/100\n|move|p2a: Phione|Scald|p1a: Altaria\n|-resisted|p1a: Altaria\n|-crit|p1a: Altaria\n|-damage|p1a: Altaria|80/100\n|\n|-heal|p2a: Phione|56/293|[from] item: Leftovers\n|upkeep\n|turn|35\n|inactive|Time left: 300 sec this turn | 300 sec total\n|\n|t:|1783559737\n|-terastallize|p1a: Altaria|Ground\n|move|p2a: Phione|Ice Beam|p1a: Altaria\n|-supereffective|p1a: Altaria\n|-damage|p1a: Altaria|42/100\n|move|p1a: Altaria|Dragon Dance|p1a: Altaria\n|-boost|p1a: Altaria|atk|1\n|-boost|p1a: Altaria|spe|1\n|\n|-heal|p2a: Phione|74/293|[from] item: Leftovers\n|upkeep\n|turn|36\n|inactive|Time left: 300 sec this turn | 300 sec total\n|\n|t:|1783559738\n|move|p1a: Altaria|Brave Bird|p2a: Phione\n|-damage|p2a: Phione|0 fnt\n|faint|p2a: Phione\n|-damage|p1a: Altaria|33/100|[from] Recoil\n|\n|upkeep\n|inactive|Time left: 300 sec this turn | 300 sec total | 5 sec grace\n|\n|t:|1783559739\n|switch|p2a: Sudowoodo|Sudowoodo, L94, F|284/284\n|turn|37\n|inactive|Time left: 300 sec this turn | 300 sec total\n|\n|t:|1783559740\n|move|p2a: Sudowoodo|Sucker Punch|p1a: Altaria\n|-damage|p1a: Altaria|3/100\n|move|p1a: Altaria|Earthquake|p2a: Sudowoodo\n|-supereffective|p2a: Sudowoodo\n|-damage|p2a: Sudowoodo|84/284\n|\n|upkeep\n|turn|38\n|inactive|Time left: 300 sec this turn | 300 sec total\n|\n|t:|1783559741\n|move|p2a: Sudowoodo|Sucker Punch||[still]\n|-fail|p2a: Sudowoodo\n|move|p1a: Altaria|Roost|p1a: Altaria\n|-heal|p1a: Altaria|53/100\n|\n|upkeep\n|turn|39\n|inactive|Time left: 300 sec this turn | 300 sec total\n|\n|t:|1783559742\n|move|p2a: Sudowoodo|Sucker Punch||[still]\n|-fail|p2a: Sudowoodo\n|move|p1a: Altaria|Roost|p1a: Altaria\n|-heal|p1a: Altaria|100/100\n|\n|upkeep\n|turn|40\n|inactive|Time left: 300 sec this turn | 300 sec total\n|\n|t:|1783559743\n|move|p2a: Sudowoodo|Sucker Punch||[still]\n|-fail|p2a: Sudowoodo\n|move|p1a: Altaria|Dragon Dance|p1a: Altaria\n|-boost|p1a: Altaria|atk|1\n|-boost|p1a: Altaria|spe|1\n|\n|upkeep\n|turn|41\n|inactive|Time left: 300 sec this turn | 300 sec total\n|\n|t:|1783559744\n|switch|p2a: Dugtrio|Dugtrio-Alola, L84, F|196/196\n|move|p1a: Altaria|Earthquake|p2a: Dugtrio\n|-supereffective|p2a: Dugtrio\n|-damage|p2a: Dugtrio|0 fnt\n|faint|p2a: Dugtrio\n|\n|upkeep\n|inactive|Time left: 300 sec this turn | 300 sec total | 5 sec grace\n|\n|t:|1783559745\n|switch|p2a: Sudowoodo|Sudowoodo, L94, F|84/284\n|turn|42\n|inactive|Time left: 300 sec this turn | 300 sec total\n|\n|t:|1783559745\n|move|p1a: Altaria|Brave Bird|p2a: Sudowoodo\n|-resisted|p2a: Sudowoodo\n|-damage|p2a: Sudowoodo|9/284\n|-damage|p1a: Altaria|92/100|[from] Recoil\n|move|p2a: Sudowoodo|Wood Hammer|p1a: Altaria\n|-supereffective|p1a: Altaria\n|-crit|p1a: Altaria\n|-damage|p1a: Altaria|0 fnt\n|faint|p1a: Altaria\n|\n|upkeep\n|\n|t:|1783559746\n|switch|p1a: Orthworm|Orthworm, L88, M|100/100\n|turn|43\n|inactive|Time left: 300 sec this turn | 300 sec total\n|\n|t:|1783559747\n|-terastallize|p2a: Sudowoodo|Rock\n|move|p1a: Orthworm|Heavy Slam|p2a: Sudowoodo\n|-supereffective|p2a: Sudowoodo\n|-damage|p2a: Sudowoodo|0 fnt\n|faint|p2a: Sudowoodo\n|\n|win|p0x16995d6a", "uploadtime": 1783559747, "views": 0, "rating": 0, "private": 0, "password": null, "_winner": "p0x16995d6a", "_our_name": "p0y1699caaa"}