{"id": "battle-gen9randombattle-2278", "formatid": "gen9randombattle", "format": "[Gen 9] Random Battle", "players": ["p0x2278346b", "p0y22787c36"], "log": "|init|battle\n|title|p0x2278346b vs. p0y22787c36\n|j|\u2606p0x2278346b\n|j|\u2606p0y22787c36\n|t:|1783565437\n|gametype|singles\n|player|p1|p0x2278346b|2|\n|player|p2|p0y22787c36|1|\n|gen|9\n|tier|[Gen 9] Random Battle\n|rule|Species Clause: Limit one of each Pok\u00e9mon\n|rule|HP Percentage Mod: HP is shown in percentages\n|rule|Sleep Clause Mod: Limit one foe put to sleep\n|rule|Illusion Level Mod: Illusion disguises the Pok\u00e9mon's true level\n|\n|t:|1783565437\n|teamsize|p1|6\n|teamsize|p2|6\n|start\n|switch|p1a: Bellibolt|Bellibolt, L84, F|320/320\n|switch|p2a: Azelf|Azelf, L82|100/100\n|turn|1\n|inactive|Battle timer is ON: inactive players will automatically lose when time's up. (requested by p0x2278346b)\n|inactive|p0y22787c36 also wants the timer to be on.\n|\n|t:|1783565439\n|move|p2a: Azelf|Psyshock|p1a: Bellibolt\n|-damage|p1a: Bellibolt|185/320\n|-start|p1a: Bellibolt|Charge|Psyshock|[from] ability: Electromorphosis\n|move|p1a: Bellibolt|Thunderbolt|p2a: Azelf\n|-damage|p2a: Azelf|11/100\n|-status|p2a: Azelf|par\n|-end|p1a: Bellibolt|Charge|[silent]\n|\n|-heal|p1a: Bellibolt|205/320|[from] item: Leftovers\n|upkeep\n|turn|2\n|inactive|Time left: 300 sec this turn | 300 sec total\n|\n|t:|1783565440\n|move|p1a: Bellibolt|Thunderbolt|p2a: Azelf\n|-damage|p2a: Azelf|0 fnt\n|faint|p2a: Azelf\n|\n|-heal|p1a: Bellibolt|225/320|[from] item: Leftovers\n|upkeep\n|\n|t:|1783565441\n|switch|p2a: Kricketune|Kricketune, L99, M|100/100\n|turn|3\n|inactive|Time left: 300 sec this turn | 300 sec total\n|\n|t:|1783565442\n|move|p2a: Kricketune|Sticky Web|p1a: Bellibolt\n|-sidestart|p1: p0x2278346b|move: Sticky Web\n|move|p1a: Bellibolt|Thunderbolt|p2a: Kricketune\n|-damage|p2a: Kricketune|62/100\n|\n|-heal|p1a: Bellibolt|245/320|[from] item: Leftovers\n|upkeep\n|turn|4\n|inactive|Time left: 300 sec this turn | 300 sec total\n|\n|t:|1783565443\n|move|p2a: Kricketune|Knock Off|p1a: Bellibolt\n|-damage|p1a: Bellibolt|167/320\n|-start|p1a: Bellibolt|Charge|Knock Off|[from] ability: Electromorphosis\n|-enditem|p1a: Bellibolt|Leftovers|[from] move: Knock Off|[of] p2a: Kricketune\n|move|p1a: Bellibolt|Thunderbolt|p2a: Kricketune\n|-damage|p2a: Kricketune|0 fnt\n|faint|p2a: Kricketune\n|-end|p1a: Bellibolt|Charge|[silent]\n|\n|upkeep\n|\n|t:|1783565444\n|switch|p2a: Ludicolo|Ludicolo, L90, F|100/100\n|turn|5\n|inactive|Time left: 300 sec this turn | 300 sec total\n|\n|t:|1783565445\n|move|p2a: Ludicolo|Hydro Pump|p1a: Bellibolt\n|-damage|p1a: Bellibolt|0 fnt\n|faint|p1a: Bellibolt\n|\n|upkeep\n|inactive|Time left: 300 sec this turn | 300 sec total | 5 sec grace\n|\n|t:|1783565447\n|switch|p1a: Tornadus|Tornadus-Therian, L79, M|254/254\n|turn|6\n|inactive|Time left: 300 sec this turn | 300 sec total\n|\n|t:|1783565448\n|move|p1a: Tornadus|Knock Off|p2a: Ludicolo\n|-damage|p2a: Ludicolo|77/100\n|-enditem|p2a: Ludicolo|Choice Specs|[from] move: Knock Off|[of] p1a: Tornadus\n|move|p2a: Ludicolo|Hydro Pump|p1a: Tornadus\n|-damage|p1a: Tornadus|166/254\n|\n|upkeep\n|turn|7\n|inactive|Time left: 300 sec this turn | 300 sec total\n|\n|t:|1783565449\n|move|p1a: Tornadus|Bleakwind Storm|p2a: Ludicolo|[miss]\n|-miss|p1a: Tornadus|p2a: Ludicolo\n|move|p2a: Ludicolo|Giga Drain|p1a: Tornadus\n|-resisted|p1a: Tornadus\n|-damage|p1a: Tornadus|135/254\n|-heal|p2a: Ludicolo|83/100|[from] drain|[of] p1a: Tornadus\n|\n|upkeep\n|turn|8\n|inactive|Time left: 300 sec this turn | 300 sec total\n|\n|t:|1783565450\n|move|p1a: Tornadus|U-turn|p2a: Ludicolo\n|-supereffective|p2a: Ludicolo\n|-damage|p2a: Ludicolo|48/100\n|inactive|Time left: 300 sec this turn | 300 sec total | 5 sec grace\n|\n|t:|1783565451\n|switch|p1a: Corviknight|Corviknight, L80, M|288/288|[from] U-turn\n|-ability|p1a: Corviknight|Pressure\n|move|p2a: Ludicolo|Hydro Pump|p1a: Corviknight\n|-damage|p1a: Corviknight|161/288\n|\n|upkeep\n|turn|9\n|inactive|Time left: 300 sec this turn | 300 sec total\n|\n|t:|1783565452\n|move|p2a: Ludicolo|Ice Beam|p1a: Corviknight\n|-damage|p1a: Corviknight|85/288\n|move|p1a: Corviknight|Defog|p2a: Ludicolo\n|-unboost|p2a: Ludicolo|evasion|1\n|-sideend|p1: p0x2278346b|Sticky Web|[from] move: Defog|[of] p1a: Corviknight\n|\n|upkeep\n|turn|10\n|inactive|Time left: 300 sec this turn | 300 sec total\n|\n|t:|1783565453\n|move|p2a: Ludicolo|Hydro Pump|p1a: Corviknight\n|-damage|p1a: Corviknight|0 fnt\n|faint|p1a: Corviknight\n|\n|upkeep\n|inactive|Time left: 300 sec this turn | 300 sec total | 5 sec grace\n|\n|t:|1783565454\n|switch|p1a: Morpeko|Morpeko, L88, F|245/245\n|turn|11\n|inactive|Time left: 300 sec this turn | 300 sec total\n|\n|t:|1783565455\n|move|p1a: Morpeko|Parting Shot|p2a: Ludicolo\n|-unboost|p2a: Ludicolo|atk|1\n|-unboost|p2a: Ludicolo|spa|1\n|inactive|Time left: 300 sec this turn | 300 sec total | 5 sec grace\n|\n|t:|1783565456\n|switch|p1a: Alcremie|Alcremie, L90, F|263/263|[from] Parting Shot\n|move|p2a: Ludicolo|Hydro Pump|p1a: Alcremie|[miss]\n|-miss|p2a: Ludicolo|p1a: Alcremie\n|\n|upkeep\n|turn|12\n|inactive|Time left: 300 sec this turn | 300 sec total\n|\n|t:|1783565457\n|switch|p2a: Arceus|Arceus-Ice, L72|100/100\n|move|p1a: Alcremie|Calm Mind|p1a: Alcremie\n|-boost|p1a: Alcremie|spa|1\n|-boost|p1a: Alcremie|spd|1\n|\n|upkeep\n|turn|13\n|inactive|Time left: 300 sec this turn | 300 sec total\n|\n|t:|1783565458\n|move|p2a: Arceus|Calm Mind|p2a: Arceus\n|-boost|p2a: Arceus|spa|1\n|-boost|p2a: Arceus|spd|1\n|move|p1a: Alcremie|Calm Mind|p1a: Alcremie\n|-boost|p1a: Alcremie|spa|1\n|-boost|p1a: Alcremie|spd|1\n|\n|upkeep\n|turn|14\n|inactive|Time left: 300 sec this turn | 300 sec total\n|\n|t:|1783565459\n|move|p2a: Arceus|Calm Mind|p2a: Arceus\n|-boost|p2a: Arceus|spa|1\n|-boost|p2a: Arceus|spd|1\n|move|p1a: Alcremie|Alluring Voice|p2a: Arceus\n|-damage|p2a: Arceus|64/100\n|-start|p2a: Arceus|confusion\n|\n|upkeep\n|turn|15\n|inactive|Time left: 300 sec this turn | 300 sec total\n|\n|t:|1783565460\n|-activate|p2a: Arceus|confusion\n|move|p2a: Arceus|Recover|p2a: Arceus\n|-heal|p2a: Arceus|100/100\n|move|p1a: Alcremie|Psyshock|p2a: Arceus\n|-damage|p2a: Arceus|59/100\n|\n|upkeep\n|turn|16\n|inactive|Time left: 300 sec this turn | 300 sec total\n|\n|t:|1783565461\n|-activate|p2a: Arceus|confusion\n|-damage|p2a: Arceus|53/100|[from] confusion\n|move|p1a: Alcremie|Psyshock|p2a: Arceus\n|-damage|p2a: Arceus|11/100\n|\n|upkeep\n|turn|17\n|inactive|Time left: 300 sec this turn | 300 sec total\n|\n|t:|1783565461\n|-activate|p2a: Arceus|confusion\n|-damage|p2a: Arceus|4/100|[from] confusion\n|move|p1a: Alcremie|Psyshock|p2a: Arceus\n|-damage|p2a: Arceus|0 fnt\n|faint|p2a: Arceus\n|\n|upkeep\n|\n|t:|1783565462\n|switch|p2a: Toxicroak|Toxicroak, L84, M|100/100\n|turn|18\n|inactive|Time left: 300 sec this turn | 300 sec total\n|\n|t:|1783565463\n|move|p2a: Toxicroak|Gunk Shot|p1a: Alcremie\n|-supereffective|p1a: Alcremie\n|-damage|p1a: Alcremie|0 fnt\n|faint|p1a: Alcremie\n|-damage|p2a: Toxicroak|91/100|[from] item: Life Orb\n|\n|upkeep\n|inactive|Time left: 300 sec this turn | 300 sec total | 5 sec grace\n|\n|t:|1783565464\n|switch|p1a: Stantler|Stantler, L92, F|284/284\n|-ability|p1a: Stantler|Intimidate|boost\n|-unboost|p2a: Toxicroak|atk|1\n|turn|19\n|inactive|Time left: 300 sec this turn | 300 sec total\n|\n|t:|1783565465\n|move|p1a: Stantler|Body Slam|p2a: Toxicroak\n|-damage|p2a: Toxicroak|44/100\n|-status|p2a: Toxicroak|par\n|move|p2a: Toxicroak|Gunk Shot|p1a: Stantler\n|-damage|p1a: Stantler|187/284\n|-damage|p2a: Toxicroak|34/100 par|[from] item: Life Orb\n|\n|upkeep\n|turn|20\n|inactive|Time left: 300 sec this turn | 300 sec total\n|\n|t:|1783565466\n|move|p1a: Stantler|Earthquake|p2a: Toxicroak\n|-supereffective|p2a: Toxicroak\n|-damage|p2a: Toxicroak|0 fnt\n|faint|p2a: Toxicroak\n|\n|upkeep\n|\n|t:|1783565466\n|switch|p2a: Girafarig|Girafarig, L89, M|100/100\n|turn|21\n|inactive|Time left: 300 sec this turn | 300 sec total\n|\n|t:|1783565467\n|move|p1a: Stantler|Throat Chop|p2a: Girafarig\n|-supereffective|p2a: Girafarig\n|-damage|p2a: Girafarig|63/100\n|-start|p2a: Girafarig|Throat Chop|[silent]\n|move|p2a: Girafarig|Nasty Plot|p2a: Girafarig\n|-boost|p2a: Girafarig|spa|2\n|\n|upkeep\n|turn|22\n|inactive|Time left: 300 sec this turn | 300 sec total\n|\n|t:|1783565468\n|move|p1a: Stantler|Throat Chop|p2a: Girafarig\n|-supereffective|p2a: Girafarig\n|-damage|p2a: Girafarig|22/100\n|move|p2a: Girafarig|Psychic|p1a: Stantler\n|-damage|p1a: Stantler|36/284\n|\n|-end|p2a: Girafarig|Throat Chop|[silent]\n|upkeep\n|turn|23\n|inactive|Time left: 300 sec this turn | 300 sec total\n|\n|t:|1783565469\n|move|p1a: Stantler|Body Slam|p2a: Girafarig\n|-damage|p2a: Girafarig|0 fnt\n|faint|p2a: Girafarig\n|\n|upkeep\n|\n|t:|1783565470\n|switch|p2a: Ludicolo|Ludicolo, L90, F|48/100\n|turn|24\n|inactive|Time left: 300 sec this turn | 300 sec total\n|\n|t:|1783565471\n|move|p1a: Stantler|Body Slam|p2a: Ludicolo\n|-damage|p2a: Ludicolo|10/100\n|move|p2a: Ludicolo|Ice Beam|p1a: Stantler\n|-damage|p1a: Stantler|0 fnt\n|faint|p1a: Stantler\n|\n|upkeep\n|inactive|Time left: 300 sec this turn | 300 sec total | 5 sec grace\n|\n|t:|1783565471\n|switch|p1a: Tornadus|Tornadus-Therian, L79, M|219/254\n|turn|25\n|inactive|Time left: 300 sec this turn | 300 sec total\n|\n|t:|1783565472\n|move|p1a: Tornadus|U-turn|p2a: Ludicolo\n|-supereffective|p2a: Ludicolo\n|-damage|p2a: Ludicolo|0 fnt\n|faint|p2a: Ludicolo\n|\n|win|p0x2278346b", "uploadtime": 1783565472, "views": 0, "rating": 0, "private": 0, "password": null, "_winner": "p0x2278346b", "_our_name": "p0x2278346b"}