{"id": "battle-gen9randombattle-1986", "formatid": "gen9randombattle", "format": "[Gen 9] Random Battle", "players": ["p0x1986e010", "p0y198635c2"], "log": "|init|battle\n|title|p0x1986e010 vs. p0y198635c2\n|j|\u2606p0x1986e010\n|j|\u2606p0y198635c2\n|t:|1783562231\n|gametype|singles\n|player|p1|p0x1986e010|266|\n|player|p2|p0y198635c2|266|\n|gen|9\n|tier|[Gen 9] Random Battle\n|rule|Species Clause: Limit one of each Pok\u00e9mon\n|rule|HP Percentage Mod: HP is shown in percentages\n|rule|Sleep Clause Mod: Limit one foe put to sleep\n|rule|Illusion Level Mod: Illusion disguises the Pok\u00e9mon's true level\n|\n|t:|1783562231\n|teamsize|p1|6\n|teamsize|p2|6\n|start\n|switch|p1a: Gumshoos|Gumshoos, L95, M|100/100\n|switch|p2a: Glimmora|Glimmora, L75, F|248/248\n|turn|1\n|inactive|Battle timer is ON: inactive players will automatically lose when time's up. (requested by p0x1986e010)\n|inactive|Time left: 300 sec this turn | 300 sec total | 60 sec grace\n|inactive|p0y198635c2 also wants the timer to be on.\n|\n|t:|1783562232\n|move|p2a: Glimmora|Sludge Wave|p1a: Gumshoos\n|-damage|p1a: Gumshoos|66/100\n|move|p1a: Gumshoos|Earthquake|p2a: Glimmora\n|-supereffective|p2a: Glimmora\n|-enditem|p2a: Glimmora|Focus Sash\n|-damage|p2a: Glimmora|1/248\n|-activate|p2a: Glimmora|ability: Toxic Debris\n|-sidestart|p1: p0x1986e010|move: Toxic Spikes\n|\n|upkeep\n|turn|2\n|inactive|Time left: 300 sec this turn | 300 sec total\n|\n|t:|1783562233\n|switch|p1a: Kricketune|Kricketune, L99, M|100/100\n|move|p2a: Glimmora|Stealth Rock|p1a: Kricketune\n|-sidestart|p1: p0x1986e010|move: Stealth Rock\n|\n|upkeep\n|turn|3\n|inactive|Time left: 300 sec this turn | 300 sec total\n|\n|t:|1783562234\n|move|p1a: Kricketune|Sticky Web|p2a: Glimmora\n|-sidestart|p2: p0y198635c2|move: Sticky Web\n|move|p2a: Glimmora|Sludge Wave|p1a: Kricketune\n|-damage|p1a: Kricketune|58/100\n|\n|upkeep\n|turn|4\n|inactive|Time left: 300 sec this turn | 300 sec total\n|\n|t:|1783562235\n|move|p1a: Kricketune|Pounce|p2a: Glimmora\n|-resisted|p2a: Glimmora\n|-damage|p2a: Glimmora|0 fnt\n|-activate|p2a: Glimmora|ability: Toxic Debris\n|-sidestart|p1: p0x1986e010|move: Toxic Spikes\n|faint|p2a: Glimmora\n|\n|upkeep\n|inactive|Time left: 300 sec this turn | 300 sec total | 5 sec grace\n|\n|t:|1783562235\n|switch|p2a: Torkoal|Torkoal, L88, M|266/266\n|-weather|SunnyDay|[from] ability: Drought|[of] p2a: Torkoal\n|turn|5\n|inactive|Time left: 300 sec this turn | 300 sec total\n|\n|t:|1783562237\n|-terastallize|p1a: Kricketune|Ghost\n|move|p1a: Kricketune|Pounce|p2a: Torkoal\n|-resisted|p2a: Torkoal\n|-damage|p2a: Torkoal|230/266\n|-unboost|p2a: Torkoal|spe|1\n|move|p2a: Torkoal|Fire Blast|p1a: Kricketune\n|-damage|p1a: Kricketune|0 fnt\n|faint|p1a: Kricketune\n|\n|-weather|SunnyDay|[upkeep]\n|upkeep\n|\n|t:|1783562238\n|switch|p1a: Gumshoos|Gumshoos, L95, M|66/100\n|-status|p1a: Gumshoos|tox\n|-damage|p1a: Gumshoos|53/100 tox|[from] Stealth Rock\n|turn|6\n|inactive|Time left: 300 sec this turn | 300 sec total\n|\n|t:|1783562238\n|move|p1a: Gumshoos|Double-Edge|p2a: Torkoal\n|-damage|p2a: Torkoal|0 fnt\n|faint|p2a: Torkoal\n|-damage|p1a: Gumshoos|29/100 tox|[from] Recoil\n|\n|-weather|SunnyDay|[upkeep]\n|-damage|p1a: Gumshoos|23/100 tox|[from] psn\n|upkeep\n|inactive|Time left: 300 sec this turn | 300 sec total | 5 sec grace\n|\n|t:|1783562239\n|switch|p2a: Shiftry|Shiftry, L89, F|305/305\n|-activate|p2a: Shiftry|move: Sticky Web\n|-unboost|p2a: Shiftry|spe|1\n|turn|7\n|inactive|Time left: 300 sec this turn | 300 sec total\n|\n|t:|1783562240\n|move|p2a: Shiftry|Sucker Punch|p1a: Gumshoos\n|-damage|p1a: Gumshoos|0 fnt\n|faint|p1a: Gumshoos\n|-damage|p2a: Shiftry|275/305|[from] item: Life Orb\n|\n|-weather|SunnyDay|[upkeep]\n|upkeep\n|\n|t:|1783562241\n|switch|p1a: Umbreon|Umbreon, L84, F|100/100\n|-status|p1a: Umbreon|tox\n|-damage|p1a: Umbreon|88/100 tox|[from] Stealth Rock\n|turn|8\n|inactive|Time left: 300 sec this turn | 300 sec total\n|\n|t:|1783562243\n|move|p1a: Umbreon|Toxic|p2a: Shiftry\n|-status|p2a: Shiftry|tox\n|move|p2a: Shiftry|Swords Dance|p2a: Shiftry\n|-boost|p2a: Shiftry|atk|2\n|\n|-weather|SunnyDay|[upkeep]\n|-heal|p1a: Umbreon|94/100 tox|[from] item: Leftovers\n|-damage|p1a: Umbreon|88/100 tox|[from] psn\n|-damage|p2a: Shiftry|256/305 tox|[from] psn\n|upkeep\n|turn|9\n|inactive|Time left: 300 sec this turn | 300 sec total\n|\n|t:|1783562244\n|move|p1a: Umbreon|Foul Play|p2a: Shiftry\n|-resisted|p2a: Shiftry\n|-damage|p2a: Shiftry|121/305 tox\n|move|p2a: Shiftry|Leaf Blade|p1a: Umbreon\n|-damage|p1a: Umbreon|3/100 tox\n|-damage|p2a: Shiftry|91/305 tox|[from] item: Life Orb\n|\n|-weather|none\n|-heal|p1a: Umbreon|9/100 tox|[from] item: Leftovers\n|-damage|p1a: Umbreon|0 fnt|[from] psn\n|faint|p1a: Umbreon\n|-damage|p2a: Shiftry|53/305 tox|[from] psn\n|upkeep\n|\n|t:|1783562244\n|switch|p1a: Scream Tail|Scream Tail, L84|100/100\n|-status|p1a: Scream Tail|tox\n|-damage|p1a: Scream Tail|88/100 tox|[from] Stealth Rock\n|turn|10\n|inactive|Time left: 300 sec this turn | 300 sec total\n|\n|t:|1783562245\n|move|p1a: Scream Tail|Protect|p1a: Scream Tail\n|-singleturn|p1a: Scream Tail|Protect\n|move|p2a: Shiftry|Knock Off|p1a: Scream Tail\n|-activate|p1a: Scream Tail|move: Protect\n|\n|-heal|p1a: Scream Tail|94/100 tox|[from] item: Leftovers\n|-damage|p1a: Scream Tail|88/100 tox|[from] psn\n|-damage|p2a: Shiftry|0 fnt|[from] psn\n|faint|p2a: Shiftry\n|upkeep\n|inactive|Time left: 300 sec this turn | 300 sec total | 5 sec grace\n|\n|t:|1783562246\n|switch|p2a: Okidogi|Okidogi, L77, M|262/262\n|-activate|p2a: Okidogi|move: Sticky Web\n|-unboost|p2a: Okidogi|spe|1\n|turn|11\n|inactive|Time left: 300 sec this turn | 300 sec total\n|\n|t:|1783562247\n|move|p1a: Scream Tail|Dazzling Gleam|p2a: Okidogi\n|-damage|p2a: Okidogi|214/262\n|move|p2a: Okidogi|Gunk Shot|p1a: Scream Tail\n|-supereffective|p1a: Scream Tail\n|-damage|p1a: Scream Tail|14/100 tox\n|\n|-heal|p1a: Scream Tail|20/100 tox|[from] item: Leftovers\n|-damage|p1a: Scream Tail|7/100 tox|[from] psn\n|upkeep\n|turn|12\n|inactive|Time left: 300 sec this turn | 300 sec total\n|\n|t:|1783562248\n|move|p1a: Scream Tail|Wish|p1a: Scream Tail\n|move|p2a: Okidogi|Gunk Shot|p1a: Scream Tail\n|-supereffective|p1a: Scream Tail\n|-damage|p1a: Scream Tail|0 fnt\n|faint|p1a: Scream Tail\n|-end|p1a: Scream Tail|Protosynthesis|[silent]\n|\n|upkeep\n|\n|t:|1783562249\n|switch|p1a: Drednaw|Drednaw, L81, F|100/100\n|-status|p1a: Drednaw|tox\n|-damage|p1a: Drednaw|88/100 tox|[from] Stealth Rock\n|turn|13\n|inactive|Time left: 300 sec this turn | 300 sec total\n|\n|t:|1783562250\n|move|p1a: Drednaw|Shell Smash|p1a: Drednaw\n|-unboost|p1a: Drednaw|def|1\n|-unboost|p1a: Drednaw|spd|1\n|-boost|p1a: Drednaw|atk|2\n|-boost|p1a: Drednaw|spa|2\n|-boost|p1a: Drednaw|spe|2\n|-enditem|p1a: Drednaw|White Herb\n|-clearnegativeboost|p1a: Drednaw|[silent]\n|move|p2a: Okidogi|Drain Punch|p1a: Drednaw\n|-supereffective|p1a: Drednaw\n|-damage|p1a: Drednaw|29/100 tox\n|-heal|p2a: Okidogi|262/262|[from] drain|[of] p1a: Drednaw\n|\n|-heal|p1a: Drednaw|89/100 tox|[from] move: Wish|[wisher] Scream Tail\n|-damage|p1a: Drednaw|83/100 tox|[from] psn\n|upkeep\n|turn|14\n|inactive|Time left: 300 sec this turn | 300 sec total\n|\n|t:|1783562251\n|move|p1a: Drednaw|Earthquake|p2a: Okidogi\n|-supereffective|p2a: Okidogi\n|-damage|p2a: Okidogi|0 fnt\n|faint|p2a: Okidogi\n|\n|-damage|p1a: Drednaw|70/100 tox|[from] psn\n|upkeep\n|inactive|Time left: 300 sec this turn | 300 sec total | 5 sec grace\n|\n|t:|1783562251\n|switch|p2a: Medicham|Medicham, L86, F|243/243\n|-activate|p2a: Medicham|move: Sticky Web\n|-unboost|p2a: Medicham|spe|1\n|turn|15\n|inactive|Time left: 300 sec this turn | 300 sec total\n|\n|t:|1783562252\n|-terastallize|p2a: Medicham|Fighting\n|move|p1a: Drednaw|Liquidation|p2a: Medicham\n|-damage|p2a: Medicham|47/243\n|-unboost|p2a: Medicham|def|1\n|move|p2a: Medicham|Close Combat|p1a: Drednaw\n|-supereffective|p1a: Drednaw\n|-damage|p1a: Drednaw|0 fnt\n|-unboost|p2a: Medicham|def|1\n|-unboost|p2a: Medicham|spd|1\n|faint|p1a: Drednaw\n|\n|upkeep\n|\n|t:|1783562253\n|switch|p1a: Alomomola|Alomomola, L87, M|100/100\n|-status|p1a: Alomomola|tox\n|-damage|p1a: Alomomola|88/100 tox|[from] Stealth Rock\n|turn|16\n|inactive|Time left: 300 sec this turn | 300 sec total\n|\n|t:|1783562254\n|move|p1a: Alomomola|Protect|p1a: Alomomola\n|-singleturn|p1a: Alomomola|Protect\n|move|p2a: Medicham|Close Combat|p1a: Alomomola\n|-activate|p1a: Alomomola|move: Protect\n|\n|-damage|p1a: Alomomola|82/100 tox|[from] psn\n|upkeep\n|turn|17\n|inactive|Time left: 300 sec this turn | 300 sec total\n|\n|t:|1783562255\n|move|p1a: Alomomola|Flip Turn|p2a: Medicham\n|-crit|p2a: Medicham\n|-damage|p2a: Medicham|0 fnt\n|faint|p2a: Medicham\n|\n|-damage|p1a: Alomomola|70/100 tox|[from] psn\n|upkeep\n|inactive|Time left: 300 sec this turn | 300 sec total | 5 sec grace\n|\n|t:|1783562255\n|switch|p2a: Kingdra|Kingdra, L84, F|263/263\n|-activate|p2a: Kingdra|move: Sticky Web\n|-unboost|p2a: Kingdra|spe|1\n|turn|18\n|inactive|Time left: 300 sec this turn | 300 sec total\n|\n|t:|1783562256\n|move|p1a: Alomomola|Wish|p1a: Alomomola\n|move|p2a: Kingdra|Outrage|p1a: Alomomola\n|-damage|p1a: Alomomola|40/100 tox\n|-damage|p2a: Kingdra|220/263|[from] item: Rocky Helmet|[of] p1a: Alomomola\n|\n|-damage|p1a: Alomomola|22/100 tox|[from] psn\n|upkeep\n|turn|19\n|inactive|Time left: 300 sec this turn | 300 sec total\n|\n|t:|1783562257\n|move|p1a: Alomomola|Flip Turn|p2a: Kingdra\n|-resisted|p2a: Kingdra\n|-damage|p2a: Kingdra|207/263\n|move|p2a: Kingdra|Outrage|p1a: Alomomola|[from] lockedmove\n|-damage|p1a: Alomomola|0 fnt\n|-damage|p2a: Kingdra|164/263|[from] item: Rocky Helmet|[of] p1a: Alomomola\n|faint|p1a: Alomomola\n|-start|p2a: Kingdra|confusion|[fatigue]\n|\n|win|p0y198635c2", "uploadtime": 1783562257, "views": 0, "rating": 0, "private": 0, "password": null, "_winner": "p0y198635c2", "_our_name": "p0y198635c2"}