{"id": "battle-gen9randombattle-46", "formatid": "gen9randombattle", "format": "[Gen 9] Random Battle", "players": ["p0x0462847", "p0y0469a3f"], "log": "|init|battle\n|title|p0x0462847 vs. p0y0469a3f\n|j|\u2606p0x0462847\n|j|\u2606p0y0469a3f\n|t:|1783539985\n|gametype|singles\n|player|p1|p0x0462847|169|\n|player|p2|p0y0469a3f|170|\n|gen|9\n|tier|[Gen 9] Random Battle\n|rule|Species Clause: Limit one of each Pok\u00e9mon\n|rule|HP Percentage Mod: HP is shown in percentages\n|rule|Sleep Clause Mod: Limit one foe put to sleep\n|rule|Illusion Level Mod: Illusion disguises the Pok\u00e9mon's true level\n|\n|t:|1783539985\n|teamsize|p1|6\n|teamsize|p2|6\n|start\n|switch|p1a: Raichu|Raichu, L88, M|100/100\n|switch|p2a: Gardevoir|Gardevoir, L83, F|249/249\n|-ability|p2a: Gardevoir|Lightning Rod|Trace|[from] ability: Trace|[of] p1a: Raichu\n|turn|1\n|inactive|Battle timer is ON: inactive players will automatically lose when time's up. (requested by p0x0462847)\n|inactive|Time left: 300 sec this turn | 300 sec total | 60 sec grace\n|inactive|p0y0469a3f also wants the timer to be on.\n|\n|t:|1783539987\n|move|p2a: Gardevoir|Moonblast|p1a: Raichu\n|-damage|p1a: Raichu|66/100\n|move|p1a: Raichu|Knock Off|p2a: Gardevoir\n|-damage|p2a: Gardevoir|164/249\n|-enditem|p2a: Gardevoir|Choice Scarf|[from] move: Knock Off|[of] p1a: Raichu\n|\n|upkeep\n|turn|2\n|inactive|Time left: 300 sec this turn | 300 sec total\n|\n|t:|1783539989\n|switch|p1a: Trevenant|Trevenant, L89, F|100/100\n|move|p2a: Gardevoir|Moonblast|p1a: Trevenant\n|-damage|p1a: Trevenant|62/100\n|\n|upkeep\n|turn|3\n|inactive|Time left: 300 sec this turn | 300 sec total\n|\n|t:|1783539990\n|move|p2a: Gardevoir|Moonblast|p1a: Trevenant\n|-damage|p1a: Trevenant|19/100\n|move|p1a: Trevenant|Horn Leech|p2a: Gardevoir\n|-damage|p2a: Gardevoir|0 fnt\n|-heal|p1a: Trevenant|47/100|[from] drain|[of] p2a: Gardevoir\n|faint|p2a: Gardevoir\n|\n|upkeep\n|inactive|Time left: 300 sec this turn | 300 sec total | 5 sec grace\n|\n|t:|1783539991\n|switch|p2a: Overqwil|Overqwil, L82, M|274/274\n|-ability|p2a: Overqwil|Intimidate|boost\n|-unboost|p1a: Trevenant|atk|1\n|turn|4\n|inactive|Time left: 300 sec this turn | 300 sec total\n|\n|t:|1783539992\n|switch|p1a: Donphan|Donphan, L84, F|100/100\n|move|p2a: Overqwil|Swords Dance|p2a: Overqwil\n|-boost|p2a: Overqwil|atk|2\n|\n|upkeep\n|turn|5\n|inactive|Time left: 300 sec this turn | 300 sec total\n|\n|t:|1783539993\n|-terastallize|p2a: Overqwil|Water\n|move|p2a: Overqwil|Liquidation|p1a: Donphan\n|-supereffective|p1a: Donphan\n|-ability|p1a: Donphan|Sturdy\n|-damage|p1a: Donphan|1/100\n|-damage|p2a: Overqwil|247/274|[from] item: Life Orb\n|move|p1a: Donphan|Earthquake|p2a: Overqwil\n|-damage|p2a: Overqwil|127/274\n|\n|-heal|p1a: Donphan|7/100|[from] item: Leftovers\n|upkeep\n|turn|6\n|inactive|Time left: 300 sec this turn | 300 sec total\n|\n|t:|1783539994\n|move|p2a: Overqwil|Crunch|p1a: Donphan\n|-crit|p1a: Donphan\n|-damage|p1a: Donphan|0 fnt\n|faint|p1a: Donphan\n|-damage|p2a: Overqwil|100/274|[from] item: Life Orb\n|\n|upkeep\n|\n|t:|1783539995\n|switch|p1a: Misdreavus|Misdreavus, L90, M|100/100\n|turn|7\n|inactive|Time left: 300 sec this turn | 300 sec total\n|\n|t:|1783539996\n|switch|p2a: Ursaring|Ursaring, L84, M|288/288\n|move|p1a: Misdreavus|Shadow Ball|p2a: Ursaring\n|-immune|p2a: Ursaring\n|\n|upkeep\n|turn|8\n|inactive|Time left: 300 sec this turn | 300 sec total\n|\n|t:|1783539997\n|move|p1a: Misdreavus|Calm Mind|p1a: Misdreavus\n|-boost|p1a: Misdreavus|spa|1\n|-boost|p1a: Misdreavus|spd|1\n|move|p2a: Ursaring|Earthquake|p1a: Misdreavus\n|-immune|p1a: Misdreavus|[from] ability: Levitate\n|\n|upkeep\n|turn|9\n|inactive|Time left: 300 sec this turn | 300 sec total\n|\n|t:|1783539998\n|move|p1a: Misdreavus|Calm Mind|p1a: Misdreavus\n|-boost|p1a: Misdreavus|spa|1\n|-boost|p1a: Misdreavus|spd|1\n|move|p2a: Ursaring|Body Slam|p1a: Misdreavus\n|-immune|p1a: Misdreavus\n|\n|upkeep\n|turn|10\n|inactive|Time left: 300 sec this turn | 300 sec total\n|\n|t:|1783539999\n|move|p1a: Misdreavus|Calm Mind|p1a: Misdreavus\n|-boost|p1a: Misdreavus|spa|1\n|-boost|p1a: Misdreavus|spd|1\n|move|p2a: Ursaring|Body Slam|p1a: Misdreavus\n|-immune|p1a: Misdreavus\n|\n|upkeep\n|turn|11\n|inactive|Time left: 300 sec this turn | 300 sec total\n|\n|t:|1783540000\n|move|p1a: Misdreavus|Calm Mind|p1a: Misdreavus\n|-boost|p1a: Misdreavus|spa|1\n|-boost|p1a: Misdreavus|spd|1\n|move|p2a: Ursaring|Body Slam|p1a: Misdreavus\n|-immune|p1a: Misdreavus\n|\n|upkeep\n|turn|12\n|inactive|Time left: 300 sec this turn | 300 sec total\n|\n|t:|1783540001\n|move|p1a: Misdreavus|Draining Kiss|p2a: Ursaring\n|-damage|p2a: Ursaring|211/288\n|move|p2a: Ursaring|Body Slam|p1a: Misdreavus\n|-immune|p1a: Misdreavus\n|\n|upkeep\n|turn|13\n|inactive|Time left: 300 sec this turn | 300 sec total\n|\n|t:|1783540003\n|move|p1a: Misdreavus|Draining Kiss|p2a: Ursaring\n|-damage|p2a: Ursaring|131/288\n|move|p2a: Ursaring|Body Slam|p1a: Misdreavus\n|-immune|p1a: Misdreavus\n|\n|upkeep\n|turn|14\n|inactive|Time left: 300 sec this turn | 300 sec total\n|\n|t:|1783540004\n|-terastallize|p1a: Misdreavus|Fairy\n|move|p1a: Misdreavus|Draining Kiss|p2a: Ursaring\n|-damage|p2a: Ursaring|0 fnt\n|faint|p2a: Ursaring\n|\n|upkeep\n|inactive|Time left: 300 sec this turn | 300 sec total | 5 sec grace\n|\n|t:|1783540005\n|switch|p2a: Froslass|Froslass, L87, F|263/263\n|turn|15\n|inactive|Time left: 300 sec this turn | 300 sec total\n|\n|t:|1783540005\n|move|p2a: Froslass|Destiny Bond|p2a: Froslass\n|-singlemove|p2a: Froslass|Destiny Bond\n|move|p1a: Misdreavus|Draining Kiss|p2a: Froslass\n|-damage|p2a: Froslass|50/263\n|\n|upkeep\n|turn|16\n|inactive|Time left: 300 sec this turn | 300 sec total\n|\n|t:|1783540006\n|move|p2a: Froslass|Triple Axel|p1a: Misdreavus\n|-damage|p1a: Misdreavus|94/100\n|-crit|p1a: Misdreavus\n|-damage|p1a: Misdreavus|74/100\n|-damage|p1a: Misdreavus|56/100\n|-hitcount|p1a: Misdreavus|3\n|move|p1a: Misdreavus|Shadow Ball|p2a: Froslass\n|-supereffective|p2a: Froslass\n|-damage|p2a: Froslass|0 fnt\n|faint|p2a: Froslass\n|\n|upkeep\n|inactive|Time left: 300 sec this turn | 300 sec total | 5 sec grace\n|\n|t:|1783540007\n|switch|p2a: Cobalion|Cobalion, L80|277/277\n|turn|17\n|inactive|Time left: 300 sec this turn | 300 sec total\n|\n|t:|1783540008\n|move|p2a: Cobalion|Iron Head|p1a: Misdreavus\n|-supereffective|p1a: Misdreavus\n|-damage|p1a: Misdreavus|6/100\n|move|p1a: Misdreavus|Draining Kiss|p2a: Cobalion\n|-damage|p2a: Cobalion|25/277\n|-heal|p1a: Misdreavus|80/100|[from] drain|[of] p2a: Cobalion\n|\n|-heal|p2a: Cobalion|42/277|[from] item: Leftovers\n|upkeep\n|turn|18\n|inactive|Time left: 300 sec this turn | 300 sec total\n|\n|t:|1783540009\n|move|p2a: Cobalion|Iron Head|p1a: Misdreavus\n|-supereffective|p1a: Misdreavus\n|-damage|p1a: Misdreavus|35/100\n|move|p1a: Misdreavus|Draining Kiss|p2a: Cobalion\n|-damage|p2a: Cobalion|0 fnt\n|-heal|p1a: Misdreavus|48/100|[from] drain|[of] p2a: Cobalion\n|faint|p2a: Cobalion\n|\n|upkeep\n|inactive|Time left: 300 sec this turn | 300 sec total | 5 sec grace\n|\n|t:|1783540010\n|switch|p2a: Overqwil|Overqwil, L82, M, tera:Water|100/274\n|-ability|p2a: Overqwil|Intimidate|boost\n|-unboost|p1a: Misdreavus|atk|1\n|turn|19\n|inactive|Time left: 300 sec this turn | 300 sec total\n|\n|t:|1783540011\n|move|p1a: Misdreavus|Draining Kiss|p2a: Overqwil\n|-damage|p2a: Overqwil|0 fnt\n|-heal|p1a: Misdreavus|77/100|[from] drain|[of] p2a: Overqwil\n|faint|p2a: Overqwil\n|\n|upkeep\n|inactive|Time left: 300 sec this turn | 300 sec total | 5 sec grace\n|\n|t:|1783540011\n|switch|p2a: Necrozma|Necrozma-Dusk-Mane, L69|248/248\n|turn|20\n|inactive|Time left: 300 sec this turn | 300 sec total\n|\n|t:|1783540012\n|move|p1a: Misdreavus|Shadow Ball|p2a: Necrozma\n|-supereffective|p2a: Necrozma\n|-damage|p2a: Necrozma|0 fnt\n|faint|p2a: Necrozma\n|\n|win|p0x0462847", "uploadtime": 1783540012, "views": 0, "rating": 0, "private": 0, "password": null, "_winner": "p0x0462847", "_our_name": "p0y0469a3f"}