{"id": "battle-gen9randombattle-2464", "formatid": "gen9randombattle", "format": "[Gen 9] Random Battle", "players": ["p0x24648e1d", "p0y24643c70"], "log": "|init|battle\n|title|p0x24648e1d vs. p0y24643c70\n|j|\u2606p0x24648e1d\n|j|\u2606p0y24643c70\n|t:|1783567599\n|gametype|singles\n|player|p1|p0x24648e1d|101|\n|player|p2|p0y24643c70|1|\n|gen|9\n|tier|[Gen 9] Random Battle\n|rule|Species Clause: Limit one of each Pok\u00e9mon\n|rule|HP Percentage Mod: HP is shown in percentages\n|rule|Sleep Clause Mod: Limit one foe put to sleep\n|rule|Illusion Level Mod: Illusion disguises the Pok\u00e9mon's true level\n|\n|t:|1783567599\n|teamsize|p1|6\n|teamsize|p2|6\n|start\n|switch|p1a: Cacturne|Cacturne, L92, M|100/100\n|switch|p2a: Clawitzer|Clawitzer, L87, F|265/265\n|turn|1\n|inactive|Battle timer is ON: inactive players will automatically lose when time's up. (requested by p0x24648e1d)\n|inactive|Time left: 300 sec this turn | 300 sec total | 60 sec grace\n|inactive|p0y24643c70 also wants the timer to be on.\n|\n|t:|1783567600\n|move|p1a: Cacturne|Seed Bomb|p2a: Clawitzer\n|-supereffective|p2a: Clawitzer\n|-damage|p2a: Clawitzer|0 fnt\n|faint|p2a: Clawitzer\n|-damage|p1a: Cacturne|91/100|[from] item: Life Orb\n|\n|upkeep\n|inactive|Time left: 300 sec this turn | 300 sec total | 65 sec grace\n|\n|t:|1783567602\n|switch|p2a: Groudon|Groudon, L72|263/263\n|-weather|SunnyDay|[from] ability: Drought|[of] p2a: Groudon\n|turn|2\n|inactive|Time left: 300 sec this turn | 300 sec total\n|\n|t:|1783567603\n|-terastallize|p1a: Cacturne|Dark\n|move|p2a: Groudon|Heat Crash|p1a: Cacturne\n|-damage|p1a: Cacturne|34/100\n|move|p1a: Cacturne|Knock Off|p2a: Groudon\n|-damage|p2a: Groudon|55/263\n|-enditem|p2a: Groudon|Leftovers|[from] move: Knock Off|[of] p1a: Cacturne\n|-damage|p1a: Cacturne|24/100|[from] item: Life Orb\n|\n|-weather|SunnyDay|[upkeep]\n|upkeep\n|turn|3\n|inactive|Time left: 300 sec this turn | 300 sec total\n|\n|t:|1783567604\n|move|p1a: Cacturne|Sucker Punch||[still]\n|-fail|p1a: Cacturne\n|move|p2a: Groudon|Thunder Wave|p1a: Cacturne\n|-status|p1a: Cacturne|par\n|\n|-weather|SunnyDay|[upkeep]\n|upkeep\n|turn|4\n|inactive|Time left: 300 sec this turn | 300 sec total\n|\n|t:|1783567605\n|move|p2a: Groudon|Heat Crash|p1a: Cacturne\n|-damage|p1a: Cacturne|0 fnt\n|faint|p1a: Cacturne\n|\n|-weather|SunnyDay|[upkeep]\n|upkeep\n|\n|t:|1783567606\n|switch|p1a: Necrozma|Necrozma, L80|100/100\n|turn|5\n|inactive|Time left: 300 sec this turn | 300 sec total\n|\n|t:|1783567607\n|switch|p2a: Grimmsnarl|Grimmsnarl, L83, M|293/293\n|move|p1a: Necrozma|Photon Geyser|p2a: Grimmsnarl\n|-immune|p2a: Grimmsnarl\n|\n|-weather|SunnyDay|[upkeep]\n|upkeep\n|turn|6\n|inactive|Time left: 300 sec this turn | 300 sec total\n|\n|t:|1783567608\n|move|p2a: Grimmsnarl|Reflect|p2a: Grimmsnarl\n|-sidestart|p2: p0y24643c70|Reflect\n|move|p1a: Necrozma|Dragon Dance|p1a: Necrozma\n|-boost|p1a: Necrozma|atk|1\n|-boost|p1a: Necrozma|spe|1\n|\n|-weather|none\n|upkeep\n|turn|7\n|inactive|Time left: 300 sec this turn | 300 sec total\n|\n|t:|1783567609\n|move|p1a: Necrozma|Dragon Dance|p1a: Necrozma\n|-boost|p1a: Necrozma|atk|1\n|-boost|p1a: Necrozma|spe|1\n|move|p2a: Grimmsnarl|Spirit Break|p1a: Necrozma\n|-damage|p1a: Necrozma|72/100\n|-unboost|p1a: Necrozma|spa|1\n|\n|upkeep\n|turn|8\n|inactive|Time left: 300 sec this turn | 300 sec total\n|\n|t:|1783567610\n|move|p1a: Necrozma|Earthquake|p2a: Grimmsnarl\n|-damage|p2a: Grimmsnarl|186/293\n|-damage|p1a: Necrozma|62/100|[from] item: Life Orb\n|move|p2a: Grimmsnarl|Spirit Break|p1a: Necrozma\n|-damage|p1a: Necrozma|30/100\n|-unboost|p1a: Necrozma|spa|1\n|\n|upkeep\n|turn|9\n|inactive|Time left: 300 sec this turn | 300 sec total\n|\n|t:|1783567611\n|move|p1a: Necrozma|Earthquake|p2a: Grimmsnarl\n|-damage|p2a: Grimmsnarl|77/293\n|-damage|p1a: Necrozma|20/100|[from] item: Life Orb\n|move|p2a: Grimmsnarl|Spirit Break|p1a: Necrozma\n|-damage|p1a: Necrozma|0 fnt\n|faint|p1a: Necrozma\n|\n|upkeep\n|\n|t:|1783567612\n|switch|p1a: Copperajah|Copperajah, L86, M|100/100\n|turn|10\n|inactive|Time left: 300 sec this turn | 300 sec total\n|\n|t:|1783567613\n|move|p2a: Grimmsnarl|Light Screen|p2a: Grimmsnarl\n|-sidestart|p2: p0y24643c70|move: Light Screen\n|move|p1a: Copperajah|Heavy Slam|p2a: Grimmsnarl\n|-supereffective|p2a: Grimmsnarl\n|-damage|p2a: Grimmsnarl|0 fnt\n|faint|p2a: Grimmsnarl\n|\n|upkeep\n|inactive|Time left: 300 sec this turn | 300 sec total | 5 sec grace\n|\n|t:|1783567614\n|switch|p2a: Groudon|Groudon, L72|55/263\n|-weather|SunnyDay|[from] ability: Drought|[of] p2a: Groudon\n|turn|11\n|inactive|Time left: 300 sec this turn | 300 sec total\n|\n|t:|1783567615\n|move|p2a: Groudon|Precipice Blades|p1a: Copperajah\n|-supereffective|p1a: Copperajah\n|-crit|p1a: Copperajah\n|-damage|p1a: Copperajah|0 fnt\n|faint|p1a: Copperajah\n|\n|-weather|SunnyDay|[upkeep]\n|upkeep\n|\n|t:|1783567616\n|switch|p1a: Palafin|Palafin, L77, M|100/100\n|turn|12\n|inactive|Time left: 300 sec this turn | 300 sec total\n|\n|t:|1783567617\n|move|p1a: Palafin|Bulk Up|p1a: Palafin\n|-boost|p1a: Palafin|atk|1\n|-boost|p1a: Palafin|def|1\n|move|p2a: Groudon|Precipice Blades|p1a: Palafin\n|-damage|p1a: Palafin|57/100\n|\n|-weather|SunnyDay|[upkeep]\n|-heal|p1a: Palafin|63/100|[from] item: Leftovers\n|upkeep\n|turn|13\n|inactive|Time left: 300 sec this turn | 300 sec total\n|\n|t:|1783567618\n|move|p1a: Palafin|Bulk Up|p1a: Palafin\n|-boost|p1a: Palafin|atk|1\n|-boost|p1a: Palafin|def|1\n|move|p2a: Groudon|Precipice Blades|p1a: Palafin|[miss]\n|-miss|p2a: Groudon|p1a: Palafin\n|\n|-weather|SunnyDay|[upkeep]\n|-heal|p1a: Palafin|70/100|[from] item: Leftovers\n|-sideend|p2: p0y24643c70|Reflect\n|upkeep\n|turn|14\n|inactive|Time left: 300 sec this turn | 300 sec total\n|\n|t:|1783567619\n|switch|p2a: Venusaur|Venusaur, L84, M|272/272\n|move|p1a: Palafin|Drain Punch|p2a: Venusaur\n|-resisted|p2a: Venusaur\n|-damage|p2a: Venusaur|235/272\n|-heal|p1a: Palafin|76/100|[from] drain|[of] p2a: Venusaur\n|\n|-weather|SunnyDay|[upkeep]\n|-heal|p2a: Venusaur|252/272|[from] item: Leftovers\n|-heal|p1a: Palafin|82/100|[from] item: Leftovers\n|upkeep\n|turn|15\n|inactive|Time left: 300 sec this turn | 300 sec total\n|\n|t:|1783567620\n|detailschange|p1a: Palafin|Palafin-Hero, L77, M\n|switch|p1a: Komala|Komala, L87, F|100/100\n|-ability|p1a: Komala|Comatose\n|move|p2a: Venusaur|Sludge Bomb|p1a: Komala\n|-damage|p1a: Komala|75/100\n|\n|-weather|none\n|-heal|p2a: Venusaur|269/272|[from] item: Leftovers\n|upkeep\n|turn|16\n|inactive|Time left: 300 sec this turn | 300 sec total\n|\n|t:|1783567621\n|move|p2a: Venusaur|Knock Off|p1a: Komala\n|-damage|p1a: Komala|48/100\n|-enditem|p1a: Komala|Assault Vest|[from] move: Knock Off|[of] p2a: Venusaur\n|move|p1a: Komala|Knock Off|p2a: Venusaur\n|-damage|p2a: Venusaur|184/272\n|-enditem|p2a: Venusaur|Leftovers|[from] move: Knock Off|[of] p1a: Komala\n|\n|upkeep\n|turn|17\n|inactive|Time left: 300 sec this turn | 300 sec total\n|\n|t:|1783567622\n|move|p2a: Venusaur|Sludge Bomb|p1a: Komala\n|-damage|p1a: Komala|15/100\n|move|p1a: Komala|Body Slam|p2a: Venusaur\n|-damage|p2a: Venusaur|73/272\n|-status|p2a: Venusaur|par\n|\n|-sideend|p2: p0y24643c70|move: Light Screen\n|upkeep\n|turn|18\n|inactive|Time left: 300 sec this turn | 300 sec total\n|\n|t:|1783567623\n|move|p1a: Komala|Body Slam|p2a: Venusaur\n|-crit|p2a: Venusaur\n|-damage|p2a: Venusaur|0 fnt\n|faint|p2a: Venusaur\n|\n|upkeep\n|inactive|Time left: 300 sec this turn | 300 sec total | 5 sec grace\n|\n|t:|1783567624\n|switch|p2a: Kyurem|Kyurem, L77|319/319\n|-ability|p2a: Kyurem|Pressure\n|turn|19\n|inactive|Time left: 300 sec this turn | 300 sec total\n|\n|t:|1783567624\n|switch|p1a: Palafin|Palafin-Hero, L77, M|82/100\n|-activate|p1a: Palafin|ability: Zero to Hero\n|move|p2a: Kyurem|Dragon Dance|p2a: Kyurem\n|-boost|p2a: Kyurem|atk|1\n|-boost|p2a: Kyurem|spe|1\n|\n|-heal|p1a: Palafin|88/100|[from] item: Leftovers\n|upkeep\n|turn|20\n|inactive|Time left: 300 sec this turn | 300 sec total\n|\n|t:|1783567625\n|move|p2a: Kyurem|Scale Shot|p1a: Palafin\n|-damage|p1a: Palafin|72/100\n|-damage|p1a: Palafin|57/100\n|-crit|p1a: Palafin\n|-damage|p1a: Palafin|34/100\n|-damage|p1a: Palafin|19/100\n|-hitcount|p1a: Palafin|4\n|-unboost|p2a: Kyurem|def|1\n|-boost|p2a: Kyurem|spe|1\n|move|p1a: Palafin|Drain Punch|p2a: Kyurem\n|-supereffective|p2a: Kyurem\n|-damage|p2a: Kyurem|121/319\n|-heal|p1a: Palafin|54/100|[from] drain|[of] p2a: Kyurem\n|\n|-heal|p1a: Palafin|60/100|[from] item: Leftovers\n|upkeep\n|turn|21\n|inactive|Time left: 300 sec this turn | 300 sec total\n|\n|t:|1783567626\n|move|p1a: Palafin|Jet Punch|p2a: Kyurem\n|-resisted|p2a: Kyurem\n|-damage|p2a: Kyurem|55/319\n|move|p2a: Kyurem|Scale Shot|p1a: Palafin\n|-damage|p1a: Palafin|44/100\n|-damage|p1a: Palafin|28/100\n|-damage|p1a: Palafin|13/100\n|-damage|p1a: Palafin|0 fnt\n|faint|p1a: Palafin\n|-hitcount|p1: Palafin|4\n|-unboost|p2a: Kyurem|def|1\n|-boost|p2a: Kyurem|spe|1\n|\n|upkeep\n|\n|t:|1783567627\n|switch|p1a: Hitmonchan|Hitmonchan, L87, M|100/100\n|turn|22\n|inactive|Time left: 300 sec this turn | 300 sec total\n|\n|t:|1783567628\n|move|p1a: Hitmonchan|Mach Punch|p2a: Kyurem\n|-supereffective|p2a: Kyurem\n|-damage|p2a: Kyurem|0 fnt\n|faint|p2a: Kyurem\n|-damage|p1a: Hitmonchan|91/100|[from] item: Life Orb\n|\n|upkeep\n|inactive|Time left: 300 sec this turn | 300 sec total | 5 sec grace\n|\n|t:|1783567629\n|switch|p2a: Spiritomb|Spiritomb, L89, M|234/234\n|turn|23\n|inactive|Time left: 300 sec this turn | 300 sec total\n|\n|t:|1783567630\n|move|p1a: Hitmonchan|Knock Off|p2a: Spiritomb\n|-damage|p2a: Spiritomb|148/234\n|-enditem|p2a: Spiritomb|Leftovers|[from] move: Knock Off|[of] p1a: Hitmonchan\n|-damage|p1a: Hitmonchan|81/100|[from] item: Life Orb\n|move|p2a: Spiritomb|Foul Play|p1a: Hitmonchan\n|-resisted|p1a: Hitmonchan\n|-damage|p1a: Hitmonchan|55/100\n|\n|upkeep\n|turn|24\n|inactive|Time left: 300 sec this turn | 300 sec total\n|\n|t:|1783567631\n|switch|p1a: Komala|Komala, L87, F|15/100\n|-ability|p1a: Komala|Comatose\n|move|p2a: Spiritomb|Poltergeist||[still]\n|-fail|p2a: Spiritomb\n|\n|upkeep\n|turn|25\n|inactive|Time left: 300 sec this turn | 300 sec total\n|\n|t:|1783567632\n|switch|p1a: Hitmonchan|Hitmonchan, L87, M|55/100\n|move|p2a: Spiritomb|Foul Play|p1a: Hitmonchan\n|-resisted|p1a: Hitmonchan\n|-damage|p1a: Hitmonchan|29/100\n|\n|upkeep\n|turn|26\n|inactive|Time left: 300 sec this turn | 300 sec total\n|\n|t:|1783567633\n|move|p1a: Hitmonchan|Mach Punch|p2a: Spiritomb\n|-immune|p2a: Spiritomb\n|move|p2a: Spiritomb|Poltergeist|p1a: Hitmonchan\n|-activate|p1a: Hitmonchan|move: Poltergeist|Life Orb\n|-damage|p1a: Hitmonchan|0 fnt\n|faint|p1a: Hitmonchan\n|\n|upkeep\n|\n|t:|1783567634\n|switch|p1a: Komala|Komala, L87, F|15/100\n|-ability|p1a: Komala|Comatose\n|turn|27\n|inactive|Time left: 300 sec this turn | 300 sec total\n|\n|t:|1783567635\n|move|p1a: Komala|Body Slam|p2a: Spiritomb\n|-immune|p2a: Spiritomb\n|move|p2a: Spiritomb|Foul Play|p1a: Komala\n|-damage|p1a: Komala|0 fnt\n|faint|p1a: Komala\n|\n|win|p0y24643c70", "uploadtime": 1783567635, "views": 0, "rating": 0, "private": 0, "password": null, "_winner": "p0y24643c70", "_our_name": "p0y24643c70"}