{"id": "battle-gen9randombattle-1685", "formatid": "gen9randombattle", "format": "[Gen 9] Random Battle", "players": ["p0x16851d55", "p0y1685afb5"], "log": "|init|battle\n|title|p0x16851d55 vs. p0y1685afb5\n|j|\u2606p0x16851d55\n|j|\u2606p0y1685afb5\n|t:|1783559542\n|gametype|singles\n|player|p1|p0x16851d55|169|\n|player|p2|p0y1685afb5|101|\n|gen|9\n|tier|[Gen 9] Random Battle\n|rule|Species Clause: Limit one of each Pok\u00e9mon\n|rule|HP Percentage Mod: HP is shown in percentages\n|rule|Sleep Clause Mod: Limit one foe put to sleep\n|rule|Illusion Level Mod: Illusion disguises the Pok\u00e9mon's true level\n|\n|t:|1783559542\n|teamsize|p1|6\n|teamsize|p2|6\n|start\n|switch|p1a: Iron Leaves|Iron Leaves, L80|100/100\n|switch|p2a: Altaria|Altaria, L89, M|278/278\n|turn|1\n|inactive|Battle timer is ON: inactive players will automatically lose when time's up. (requested by p0x16851d55)\n|inactive|Time left: 300 sec this turn | 300 sec total | 60 sec grace\n|inactive|p0y1685afb5 also wants the timer to be on.\n|\n|t:|1783559543\n|move|p1a: Iron Leaves|Psyblade|p2a: Altaria\n|-damage|p2a: Altaria|139/278\n|move|p2a: Altaria|Brave Bird|p1a: Iron Leaves\n|-supereffective|p1a: Iron Leaves\n|-damage|p1a: Iron Leaves|22/100\n|-damage|p2a: Altaria|68/278|[from] Recoil\n|\n|upkeep\n|turn|2\n|inactive|Time left: 300 sec this turn | 300 sec total\n|\n|t:|1783559544\n|switch|p2a: Excadrill|Excadrill, L79, F|303/303\n|-ability|p2a: Excadrill|Mold Breaker\n|move|p1a: Iron Leaves|Psyblade|p2a: Excadrill\n|-resisted|p2a: Excadrill\n|-damage|p2a: Excadrill|199/303\n|\n|-heal|p2a: Excadrill|217/303|[from] item: Leftovers\n|upkeep\n|turn|3\n|inactive|Time left: 300 sec this turn | 300 sec total\n|\n|t:|1783559545\n|-end|p1a: Iron Leaves|Quark Drive|[silent]\n|switch|p1a: Meganium|Meganium, L90, F|100/100\n|move|p2a: Excadrill|Earthquake|p1a: Meganium\n|-resisted|p1a: Meganium\n|-damage|p1a: Meganium|84/100\n|\n|-heal|p1a: Meganium|90/100|[from] item: Leftovers\n|-heal|p2a: Excadrill|235/303|[from] item: Leftovers\n|upkeep\n|turn|4\n|inactive|Time left: 300 sec this turn | 300 sec total\n|\n|t:|1783559546\n|move|p1a: Meganium|Swords Dance|p1a: Meganium\n|-boost|p1a: Meganium|atk|2\n|move|p2a: Excadrill|Rapid Spin|p1a: Meganium\n|-damage|p1a: Meganium|77/100\n|-boost|p2a: Excadrill|spe|1\n|\n|-heal|p2a: Excadrill|253/303|[from] item: Leftovers\n|-heal|p1a: Meganium|83/100|[from] item: Leftovers\n|upkeep\n|turn|5\n|inactive|Time left: 300 sec this turn | 300 sec total\n|\n|t:|1783559547\n|switch|p2a: Altaria|Altaria, L89, M|68/278\n|move|p1a: Meganium|Petal Blizzard|p2a: Altaria\n|-resisted|p2a: Altaria\n|-damage|p2a: Altaria|25/278\n|\n|-heal|p1a: Meganium|89/100|[from] item: Leftovers\n|upkeep\n|turn|6\n|inactive|Time left: 300 sec this turn | 300 sec total\n|\n|t:|1783559548\n|move|p1a: Meganium|Petal Blizzard|p2a: Altaria\n|-resisted|p2a: Altaria\n|-damage|p2a: Altaria|0 fnt\n|faint|p2a: Altaria\n|\n|-heal|p1a: Meganium|95/100|[from] item: Leftovers\n|upkeep\n|inactive|Time left: 300 sec this turn | 300 sec total | 5 sec grace\n|\n|t:|1783559549\n|switch|p2a: Sneasler|Sneasler, L74, F|240/240\n|turn|7\n|inactive|Time left: 300 sec this turn | 300 sec total\n|\n|t:|1783559550\n|move|p2a: Sneasler|Dire Claw|p1a: Meganium\n|-supereffective|p1a: Meganium\n|-damage|p1a: Meganium|47/100\n|move|p1a: Meganium|Earthquake|p2a: Sneasler\n|-supereffective|p2a: Sneasler\n|-damage|p2a: Sneasler|0 fnt\n|faint|p2a: Sneasler\n|\n|-heal|p1a: Meganium|53/100|[from] item: Leftovers\n|upkeep\n|inactive|Time left: 300 sec this turn | 300 sec total | 5 sec grace\n|\n|t:|1783559551\n|switch|p2a: Flutter Mane|Flutter Mane, L74|203/203\n|turn|8\n|inactive|Time left: 300 sec this turn | 300 sec total\n|\n|t:|1783559552\n|-terastallize|p2a: Flutter Mane|Fairy\n|move|p2a: Flutter Mane|Moonblast|p1a: Meganium\n|-damage|p1a: Meganium|0 fnt\n|faint|p1a: Meganium\n|\n|upkeep\n|\n|t:|1783559553\n|switch|p1a: Munkidori|Munkidori, L79, M|100/100\n|turn|9\n|inactive|Time left: 300 sec this turn | 300 sec total\n|\n|t:|1783559554\n|-end|p2a: Flutter Mane|Protosynthesis|[silent]\n|switch|p2a: Excadrill|Excadrill, L79, F|253/303\n|-ability|p2a: Excadrill|Mold Breaker\n|move|p1a: Munkidori|Psyshock|p2a: Excadrill\n|-resisted|p2a: Excadrill\n|-damage|p2a: Excadrill|148/303\n|\n|-heal|p2a: Excadrill|166/303|[from] item: Leftovers\n|upkeep\n|turn|10\n|inactive|Time left: 300 sec this turn | 300 sec total\n|\n|t:|1783559555\n|move|p1a: Munkidori|Psyshock|p2a: Excadrill\n|-resisted|p2a: Excadrill\n|-damage|p2a: Excadrill|66/303\n|move|p2a: Excadrill|Earthquake|p1a: Munkidori\n|-supereffective|p1a: Munkidori\n|-damage|p1a: Munkidori|0 fnt\n|faint|p1a: Munkidori\n|\n|-heal|p2a: Excadrill|84/303|[from] item: Leftovers\n|upkeep\n|\n|t:|1783559556\n|switch|p1a: Iron Leaves|Iron Leaves, L80|22/100\n|turn|11\n|inactive|Time left: 300 sec this turn | 300 sec total\n|\n|t:|1783559557\n|switch|p2a: Jirachi|Jirachi, L80|291/291\n|move|p1a: Iron Leaves|Psyblade|p2a: Jirachi\n|-resisted|p2a: Jirachi\n|-damage|p2a: Jirachi|257/291\n|\n|upkeep\n|turn|12\n|inactive|Time left: 300 sec this turn | 300 sec total\n|\n|t:|1783559558\n|-end|p1a: Iron Leaves|Quark Drive|[silent]\n|switch|p1a: Mightyena|Mightyena, L96, F|100/100\n|-ability|p1a: Mightyena|Intimidate|boost\n|-unboost|p2a: Jirachi|atk|1\n|move|p2a: Jirachi|Iron Head|p1a: Mightyena\n|-damage|p1a: Mightyena|81/100\n|\n|upkeep\n|turn|13\n|inactive|Time left: 300 sec this turn | 300 sec total\n|\n|t:|1783559558\n|move|p2a: Jirachi|Iron Head|p1a: Mightyena\n|-damage|p1a: Mightyena|61/100\n|cant|p1a: Mightyena|flinch\n|\n|upkeep\n|turn|14\n|inactive|Time left: 300 sec this turn | 300 sec total\n|\n|t:|1783559559\n|move|p2a: Jirachi|Iron Head|p1a: Mightyena\n|-damage|p1a: Mightyena|40/100\n|move|p1a: Mightyena|Throat Chop|p2a: Jirachi\n|-supereffective|p2a: Jirachi\n|-damage|p2a: Jirachi|65/291\n|-start|p2a: Jirachi|Throat Chop|[silent]\n|\n|upkeep\n|turn|15\n|inactive|Time left: 300 sec this turn | 300 sec total\n|\n|t:|1783559560\n|switch|p1a: Ursaring|Ursaring, L84, M|100/100\n|move|p2a: Jirachi|Iron Head|p1a: Ursaring\n|-damage|p1a: Ursaring|79/100\n|\n|-end|p2a: Jirachi|Throat Chop|[silent]\n|-status|p1a: Ursaring|tox|[from] item: Toxic Orb\n|upkeep\n|turn|16\n|inactive|Time left: 300 sec this turn | 300 sec total\n|\n|t:|1783559561\n|move|p2a: Jirachi|Iron Head|p1a: Ursaring\n|-damage|p1a: Ursaring|58/100 tox\n|cant|p1a: Ursaring|flinch\n|\n|-damage|p1a: Ursaring|52/100 tox|[from] psn\n|upkeep\n|turn|17\n|inactive|Time left: 300 sec this turn | 300 sec total\n|\n|t:|1783559562\n|move|p2a: Jirachi|Iron Head|p1a: Ursaring\n|-crit|p1a: Ursaring\n|-damage|p1a: Ursaring|5/100 tox\n|cant|p1a: Ursaring|flinch\n|\n|-damage|p1a: Ursaring|0 fnt|[from] psn\n|faint|p1a: Ursaring\n|upkeep\n|\n|t:|1783559563\n|switch|p1a: Kricketune|Kricketune, L99, F|100/100\n|turn|18\n|inactive|Time left: 300 sec this turn | 300 sec total\n|\n|t:|1783559564\n|move|p2a: Jirachi|Iron Head|p1a: Kricketune\n|-damage|p1a: Kricketune|78/100\n|move|p1a: Kricketune|Sticky Web|p2a: Jirachi\n|-sidestart|p2: p0y1685afb5|move: Sticky Web\n|\n|upkeep\n|turn|19\n|inactive|Time left: 300 sec this turn | 300 sec total\n|\n|t:|1783559565\n|move|p2a: Jirachi|Iron Head|p1a: Kricketune\n|-crit|p1a: Kricketune\n|-damage|p1a: Kricketune|32/100\n|move|p1a: Kricketune|Knock Off|p2a: Jirachi\n|-supereffective|p2a: Jirachi\n|-damage|p2a: Jirachi|0 fnt\n|-enditem|p2a: Jirachi|Choice Scarf|[from] move: Knock Off|[of] p1a: Kricketune\n|faint|p2a: Jirachi\n|\n|upkeep\n|inactive|Time left: 300 sec this turn | 300 sec total | 5 sec grace\n|\n|t:|1783559566\n|switch|p2a: Furret|Furret, L94, F|312/312\n|-activate|p2a: Furret|move: Sticky Web\n|-unboost|p2a: Furret|spe|1\n|-item|p1a: Kricketune|Heavy-Duty Boots|[from] ability: Frisk|[of] p2a: Furret\n|turn|20\n|inactive|Time left: 300 sec this turn | 300 sec total\n|\n|t:|1783559567\n|move|p1a: Kricketune|Knock Off|p2a: Furret\n|-damage|p2a: Furret|213/312\n|-enditem|p2a: Furret|Life Orb|[from] move: Knock Off|[of] p1a: Kricketune\n|move|p2a: Furret|Tidy Up|p2a: Furret\n|-sideend|p2: p0y1685afb5|Sticky Web\n|-activate|p2a: Furret|move: Tidy Up\n|-boost|p2a: Furret|atk|1\n|-boost|p2a: Furret|spe|1\n|\n|upkeep\n|turn|21\n|inactive|Time left: 300 sec this turn | 300 sec total\n|\n|t:|1783559568\n|switch|p1a: Mightyena|Mightyena, L96, F|40/100\n|-ability|p1a: Mightyena|Intimidate|boost\n|-unboost|p2a: Furret|atk|1\n|move|p2a: Furret|Knock Off|p1a: Mightyena\n|-resisted|p1a: Mightyena\n|-damage|p1a: Mightyena|27/100\n|-enditem|p1a: Mightyena|Assault Vest|[from] move: Knock Off|[of] p2a: Furret\n|\n|upkeep\n|turn|22\n|inactive|Time left: 300 sec this turn | 300 sec total\n|\n|t:|1783559569\n|move|p2a: Furret|Double-Edge|p1a: Mightyena\n|-damage|p1a: Mightyena|0 fnt\n|faint|p1a: Mightyena\n|-damage|p2a: Furret|188/312|[from] Recoil\n|\n|upkeep\n|\n|t:|1783559570\n|switch|p1a: Kricketune|Kricketune, L99, F|32/100\n|turn|23\n|inactive|Time left: 300 sec this turn | 300 sec total\n|\n|t:|1783559571\n|move|p2a: Furret|Double-Edge|p1a: Kricketune\n|-damage|p1a: Kricketune|0 fnt\n|faint|p1a: Kricketune\n|-damage|p2a: Furret|156/312|[from] Recoil\n|\n|upkeep\n|\n|t:|1783559572\n|switch|p1a: Iron Leaves|Iron Leaves, L80|22/100\n|turn|24\n|inactive|Time left: 300 sec this turn | 300 sec total\n|\n|t:|1783559573\n|move|p2a: Furret|Double-Edge|p1a: Iron Leaves\n|-damage|p1a: Iron Leaves|0 fnt\n|faint|p1a: Iron Leaves\n|-end|p1a: Iron Leaves|Quark Drive|[silent]\n|-damage|p2a: Furret|137/312|[from] Recoil\n|\n|win|p0y1685afb5", "uploadtime": 1783559573, "views": 0, "rating": 0, "private": 0, "password": null, "_winner": "p0y1685afb5", "_our_name": "p0y1685afb5"}