{"id": "battle-gen9randombattle-2975", "formatid": "gen9randombattle", "format": "[Gen 9] Random Battle", "players": ["p0x2975959c", "p0y29758393"], "log": "|init|battle\n|title|p0x2975959c vs. p0y29758393\n|j|\u2606p0x2975959c\n|j|\u2606p0y29758393\n|t:|1783573269\n|gametype|singles\n|player|p1|p0x2975959c|101|\n|player|p2|p0y29758393|169|\n|gen|9\n|tier|[Gen 9] Random Battle\n|rule|Species Clause: Limit one of each Pok\u00e9mon\n|rule|HP Percentage Mod: HP is shown in percentages\n|rule|Sleep Clause Mod: Limit one foe put to sleep\n|rule|Illusion Level Mod: Illusion disguises the Pok\u00e9mon's true level\n|\n|t:|1783573269\n|teamsize|p1|6\n|teamsize|p2|6\n|start\n|switch|p1a: Vileplume|Vileplume, L85, F|100/100\n|switch|p2a: Slaking|Slaking, L84, M|389/389\n|turn|1\n|inactive|Battle timer is ON: inactive players will automatically lose when time's up. (requested by p0x2975959c)\n|inactive|Time left: 300 sec this turn | 300 sec total | 60 sec grace\n|\n|t:|1783573270\n|switch|p1a: Mimikyu|Mimikyu, L79, M|100/100\n|move|p2a: Slaking|Giga Impact|p1a: Mimikyu\n|-immune|p1a: Mimikyu\n|\n|upkeep\n|turn|2\n|inactive|Time left: 300 sec this turn | 300 sec total\n|inactive|p0y29758393 also wants the timer to be on.\n|\n|t:|1783573272\n|cant|p2a: Slaking|ability: Truant\n|move|p1a: Mimikyu|Swords Dance|p1a: Mimikyu\n|-boost|p1a: Mimikyu|atk|2\n|\n|upkeep\n|turn|3\n|inactive|Time left: 300 sec this turn | 300 sec total\n|\n|t:|1783573273\n|move|p2a: Slaking|Giga Impact|p1a: Mimikyu\n|-immune|p1a: Mimikyu\n|move|p1a: Mimikyu|Swords Dance|p1a: Mimikyu\n|-boost|p1a: Mimikyu|atk|2\n|\n|upkeep\n|turn|4\n|inactive|Time left: 300 sec this turn | 300 sec total\n|\n|t:|1783573273\n|cant|p2a: Slaking|ability: Truant\n|move|p1a: Mimikyu|Play Rough|p2a: Slaking\n|-damage|p2a: Slaking|126/389\n|-damage|p1a: Mimikyu|91/100|[from] item: Life Orb\n|\n|upkeep\n|turn|5\n|inactive|Time left: 300 sec this turn | 300 sec total\n|\n|t:|1783573274\n|move|p2a: Slaking|Giga Impact|p1a: Mimikyu\n|-immune|p1a: Mimikyu\n|move|p1a: Mimikyu|Play Rough|p2a: Slaking\n|-damage|p2a: Slaking|0 fnt\n|faint|p2a: Slaking\n|-damage|p1a: Mimikyu|81/100|[from] item: Life Orb\n|\n|upkeep\n|inactive|Time left: 300 sec this turn | 300 sec total | 5 sec grace\n|\n|t:|1783573275\n|switch|p2a: Solgaleo|Solgaleo, L74|325/325\n|turn|6\n|inactive|Time left: 300 sec this turn | 300 sec total\n|\n|t:|1783573276\n|switch|p2a: Tyranitar|Tyranitar, L78, M|284/284\n|-weather|Sandstorm|[from] ability: Sand Stream|[of] p2a: Tyranitar\n|move|p1a: Mimikyu|Shadow Claw|p2a: Tyranitar\n|-resisted|p2a: Tyranitar\n|-damage|p2a: Tyranitar|179/284\n|-damage|p1a: Mimikyu|71/100|[from] item: Life Orb\n|\n|-weather|Sandstorm|[upkeep]\n|-damage|p1a: Mimikyu|65/100|[from] Sandstorm\n|upkeep\n|turn|7\n|inactive|Time left: 300 sec this turn | 300 sec total\n|\n|t:|1783573277\n|switch|p2a: Solgaleo|Solgaleo, L74|325/325\n|move|p1a: Mimikyu|Play Rough|p2a: Solgaleo\n|-resisted|p2a: Solgaleo\n|-damage|p2a: Solgaleo|185/325\n|-damage|p1a: Mimikyu|56/100|[from] item: Life Orb\n|\n|-weather|Sandstorm|[upkeep]\n|-damage|p1a: Mimikyu|50/100|[from] Sandstorm\n|-heal|p2a: Solgaleo|205/325|[from] item: Leftovers\n|upkeep\n|turn|8\n|inactive|Time left: 300 sec this turn | 300 sec total\n|\n|t:|1783573278\n|switch|p2a: Tyranitar|Tyranitar, L78, M|179/284\n|move|p1a: Mimikyu|Shadow Claw|p2a: Tyranitar\n|-resisted|p2a: Tyranitar\n|-damage|p2a: Tyranitar|74/284\n|-damage|p1a: Mimikyu|40/100|[from] item: Life Orb\n|\n|-weather|Sandstorm|[upkeep]\n|-damage|p1a: Mimikyu|34/100|[from] Sandstorm\n|upkeep\n|turn|9\n|inactive|Time left: 300 sec this turn | 300 sec total\n|\n|t:|1783573279\n|move|p1a: Mimikyu|Play Rough|p2a: Tyranitar\n|-supereffective|p2a: Tyranitar\n|-damage|p2a: Tyranitar|0 fnt\n|faint|p2a: Tyranitar\n|-damage|p1a: Mimikyu|24/100|[from] item: Life Orb\n|\n|-weather|Sandstorm|[upkeep]\n|-damage|p1a: Mimikyu|18/100|[from] Sandstorm\n|upkeep\n|inactive|Time left: 300 sec this turn | 300 sec total | 5 sec grace\n|\n|t:|1783573279\n|switch|p2a: Glastrier|Glastrier, L86|312/312\n|turn|10\n|inactive|Time left: 300 sec this turn | 300 sec total\n|\n|t:|1783573280\n|move|p1a: Mimikyu|Play Rough|p2a: Glastrier\n|-damage|p2a: Glastrier|86/312\n|-damage|p1a: Mimikyu|8/100|[from] item: Life Orb\n|move|p2a: Glastrier|Icicle Crash|p1a: Mimikyu\n|-activate|p1a: Mimikyu|ability: Disguise\n|-damage|p1a: Mimikyu|8/100\n|detailschange|p1a: Mimikyu|Mimikyu-Busted, L79, M\n|-damage|p1a: Mimikyu|0 fnt|[from] pokemon: Mimikyu-Busted\n|faint|p1a: Mimikyu\n|\n|-weather|none\n|upkeep\n|\n|t:|1783573281\n|switch|p1a: Volcanion|Volcanion, L79|100/100\n|turn|11\n|inactive|Time left: 300 sec this turn | 300 sec total\n|\n|t:|1783573282\n|move|p1a: Volcanion|Flamethrower|p2a: Glastrier\n|-supereffective|p2a: Glastrier\n|-damage|p2a: Glastrier|0 fnt\n|faint|p2a: Glastrier\n|\n|upkeep\n|inactive|Time left: 300 sec this turn | 300 sec total | 5 sec grace\n|\n|t:|1783573282\n|switch|p2a: Gurdurr|Gurdurr, L85, F|283/283\n|turn|12\n|inactive|Time left: 300 sec this turn | 300 sec total\n|\n|t:|1783573283\n|move|p1a: Volcanion|Steam Eruption|p2a: Gurdurr\n|-damage|p2a: Gurdurr|145/283\n|-status|p2a: Gurdurr|brn\n|move|p2a: Gurdurr|Drain Punch|p1a: Volcanion\n|-damage|p1a: Volcanion|59/100\n|-heal|p2a: Gurdurr|198/283 brn|[from] drain|[of] p1a: Volcanion\n|\n|-damage|p2a: Gurdurr|181/283 brn|[from] brn\n|upkeep\n|turn|13\n|inactive|Time left: 300 sec this turn | 300 sec total\n|\n|t:|1783573284\n|move|p1a: Volcanion|Flamethrower|p2a: Gurdurr\n|-damage|p2a: Gurdurr|76/283 brn\n|move|p2a: Gurdurr|Drain Punch|p1a: Volcanion\n|-damage|p1a: Volcanion|18/100\n|-heal|p2a: Gurdurr|129/283 brn|[from] drain|[of] p1a: Volcanion\n|\n|-damage|p2a: Gurdurr|112/283 brn|[from] brn\n|upkeep\n|turn|14\n|inactive|Time left: 300 sec this turn | 300 sec total\n|\n|t:|1783573285\n|move|p2a: Gurdurr|Mach Punch|p1a: Volcanion\n|-damage|p1a: Volcanion|0 fnt\n|faint|p1a: Volcanion\n|\n|-damage|p2a: Gurdurr|95/283 brn|[from] brn\n|upkeep\n|\n|t:|1783573286\n|switch|p1a: Slither Wing|Slither Wing, L81|100/100\n|-enditem|p1a: Slither Wing|Booster Energy\n|-activate|p1a: Slither Wing|ability: Protosynthesis|[fromitem]\n|-start|p1a: Slither Wing|protosynthesisatk\n|turn|15\n|inactive|Time left: 300 sec this turn | 300 sec total\n|\n|t:|1783573287\n|switch|p2a: Chandelure|Chandelure, L83, M|235/235\n|move|p1a: Slither Wing|Bulk Up|p1a: Slither Wing\n|-boost|p1a: Slither Wing|atk|1\n|-boost|p1a: Slither Wing|def|1\n|\n|upkeep\n|turn|16\n|inactive|Time left: 300 sec this turn | 300 sec total\n|\n|t:|1783573288\n|-terastallize|p1a: Slither Wing|Electric\n|move|p2a: Chandelure|Fire Blast|p1a: Slither Wing\n|-damage|p1a: Slither Wing|47/100\n|move|p1a: Slither Wing|Wild Charge|p2a: Chandelure\n|-damage|p2a: Chandelure|0 fnt\n|faint|p2a: Chandelure\n|-damage|p1a: Slither Wing|25/100|[from] Recoil\n|\n|upkeep\n|inactive|Time left: 300 sec this turn | 300 sec total | 5 sec grace\n|\n|t:|1783573288\n|switch|p2a: Solgaleo|Solgaleo, L74|205/325\n|turn|17\n|inactive|Time left: 300 sec this turn | 300 sec total\n|\n|t:|1783573289\n|move|p2a: Solgaleo|Earthquake|p1a: Slither Wing\n|-supereffective|p1a: Slither Wing\n|-damage|p1a: Slither Wing|0 fnt\n|faint|p1a: Slither Wing\n|-end|p1a: Slither Wing|Protosynthesis|[silent]\n|\n|-heal|p2a: Solgaleo|225/325|[from] item: Leftovers\n|upkeep\n|\n|t:|1783573290\n|switch|p1a: Vileplume|Vileplume, L85, F|100/100\n|turn|18\n|inactive|Time left: 300 sec this turn | 300 sec total\n|\n|t:|1783573291\n|move|p2a: Solgaleo|Psychic Fangs|p1a: Vileplume\n|-supereffective|p1a: Vileplume\n|-damage|p1a: Vileplume|28/100\n|move|p1a: Vileplume|Leech Seed|p2a: Solgaleo\n|-start|p2a: Solgaleo|move: Leech Seed\n|\n|-heal|p2a: Solgaleo|245/325|[from] item: Leftovers\n|-heal|p1a: Vileplume|34/100|[from] item: Leftovers\n|-damage|p2a: Solgaleo|205/325|[from] Leech Seed|[of] p1a: Vileplume\n|-heal|p1a: Vileplume|49/100|[silent]\n|upkeep\n|turn|19\n|inactive|Time left: 300 sec this turn | 300 sec total\n|\n|t:|1783573292\n|switch|p1a: Latios|Latios, L78, M|100/100\n|move|p2a: Solgaleo|Psychic Fangs|p1a: Latios\n|-resisted|p1a: Latios\n|-damage|p1a: Latios|78/100\n|\n|-heal|p2a: Solgaleo|225/325|[from] item: Leftovers\n|-damage|p2a: Solgaleo|185/325|[from] Leech Seed|[of] p1a: Latios\n|-heal|p1a: Latios|94/100|[silent]\n|upkeep\n|turn|20\n|inactive|Time left: 300 sec this turn | 300 sec total\n|\n|t:|1783573293\n|move|p1a: Latios|Aura Sphere|p2a: Solgaleo\n|-damage|p2a: Solgaleo|84/325\n|move|p2a: Solgaleo|Morning Sun|p2a: Solgaleo\n|-heal|p2a: Solgaleo|246/325\n|\n|-heal|p2a: Solgaleo|266/325|[from] item: Leftovers\n|-damage|p2a: Solgaleo|226/325|[from] Leech Seed|[of] p1a: Latios\n|-heal|p1a: Latios|100/100|[silent]\n|upkeep\n|turn|21\n|inactive|Time left: 300 sec this turn | 300 sec total\n|\n|t:|1783573294\n|move|p1a: Latios|Aura Sphere|p2a: Solgaleo\n|-damage|p2a: Solgaleo|115/325\n|move|p2a: Solgaleo|Morning Sun|p2a: Solgaleo\n|-heal|p2a: Solgaleo|277/325\n|\n|-heal|p2a: Solgaleo|297/325|[from] item: Leftovers\n|-damage|p2a: Solgaleo|257/325|[from] Leech Seed|[of] p1a: Latios\n|upkeep\n|turn|22\n|inactive|Time left: 300 sec this turn | 300 sec total\n|\n|t:|1783573295\n|move|p1a: Latios|Aura Sphere|p2a: Solgaleo\n|-damage|p2a: Solgaleo|143/325\n|move|p2a: Solgaleo|Morning Sun|p2a: Solgaleo\n|-heal|p2a: Solgaleo|305/325\n|\n|-heal|p2a: Solgaleo|325/325|[from] item: Leftovers\n|-damage|p2a: Solgaleo|285/325|[from] Leech Seed|[of] p1a: Latios\n|upkeep\n|turn|23\n|inactive|Time left: 300 sec this turn | 300 sec total\n|\n|t:|1783573296\n|move|p1a: Latios|Aura Sphere|p2a: Solgaleo\n|-damage|p2a: Solgaleo|187/325\n|move|p2a: Solgaleo|Morning Sun|p2a: Solgaleo\n|-heal|p2a: Solgaleo|325/325\n|\n|-damage|p2a: Solgaleo|285/325|[from] Leech Seed|[of] p1a: Latios\n|upkeep\n|turn|24\n|inactive|Time left: 300 sec this turn | 300 sec total\n|\n|t:|1783573297\n|move|p1a: Latios|Aura Sphere|p2a: Solgaleo\n|-crit|p2a: Solgaleo\n|-damage|p2a: Solgaleo|132/325\n|move|p2a: Solgaleo|Sunsteel Strike|p1a: Latios\n|-damage|p1a: Latios|50/100\n|\n|-heal|p2a: Solgaleo|152/325|[from] item: Leftovers\n|-damage|p2a: Solgaleo|112/325|[from] Leech Seed|[of] p1a: Latios\n|-heal|p1a: Latios|65/100|[silent]\n|upkeep\n|turn|25\n|inactive|Time left: 300 sec this turn | 300 sec total\n|\n|t:|1783573298\n|move|p1a: Latios|Aura Sphere|p2a: Solgaleo\n|-damage|p2a: Solgaleo|14/325\n|move|p2a: Solgaleo|Morning Sun|p2a: Solgaleo\n|-heal|p2a: Solgaleo|176/325\n|\n|-heal|p2a: Solgaleo|196/325|[from] item: Leftovers\n|-damage|p2a: Solgaleo|156/325|[from] Leech Seed|[of] p1a: Latios\n|-heal|p1a: Latios|81/100|[silent]\n|upkeep\n|turn|26\n|inactive|Time left: 300 sec this turn | 300 sec total\n|\n|t:|1783573299\n|move|p1a: Latios|Aura Sphere|p2a: Solgaleo\n|-damage|p2a: Solgaleo|46/325\n|move|p2a: Solgaleo|Morning Sun|p2a: Solgaleo\n|-heal|p2a: Solgaleo|208/325\n|\n|-heal|p2a: Solgaleo|228/325|[from] item: Leftovers\n|-damage|p2a: Solgaleo|188/325|[from] Leech Seed|[of] p1a: Latios\n|-heal|p1a: Latios|97/100|[silent]\n|upkeep\n|turn|27\n|inactive|Time left: 300 sec this turn | 300 sec total\n|\n|t:|1783573300\n|move|p1a: Latios|Aura Sphere|p2a: Solgaleo\n|-damage|p2a: Solgaleo|86/325\n|move|p2a: Solgaleo|Morning Sun|p2a: Solgaleo\n|-heal|p2a: Solgaleo|248/325\n|\n|-heal|p2a: Solgaleo|268/325|[from] item: Leftovers\n|-damage|p2a: Solgaleo|228/325|[from] Leech Seed|[of] p1a: Latios\n|-heal|p1a: Latios|100/100|[silent]\n|upkeep\n|turn|28\n|inactive|Time left: 300 sec this turn | 300 sec total\n|\n|t:|1783573301\n|move|p1a: Latios|Aura Sphere|p2a: Solgaleo\n|-damage|p2a: Solgaleo|130/325\n|move|p2a: Solgaleo|Morning Sun|p2a: Solgaleo\n|-heal|p2a: Solgaleo|292/325\n|\n|-heal|p2a: Solgaleo|312/325|[from] item: Leftovers\n|-damage|p2a: Solgaleo|272/325|[from] Leech Seed|[of] p1a: Latios\n|upkeep\n|turn|29\n|inactive|Time left: 300 sec this turn | 300 sec total\n|\n|t:|1783573302\n|move|p1a: Latios|Aura Sphere|p2a: Solgaleo\n|-damage|p2a: Solgaleo|169/325\n|move|p2a: Solgaleo|Sunsteel Strike|p1a: Latios\n|-damage|p1a: Latios|48/100\n|\n|-heal|p2a: Solgaleo|189/325|[from] item: Leftovers\n|-damage|p2a: Solgaleo|149/325|[from] Leech Seed|[of] p1a: Latios\n|-heal|p1a: Latios|64/100|[silent]\n|upkeep\n|turn|30\n|inactive|Time left: 300 sec this turn | 300 sec total\n|\n|t:|1783573303\n|move|p1a: Latios|Aura Sphere|p2a: Solgaleo\n|-damage|p2a: Solgaleo|53/325\n|move|p2a: Solgaleo|Sunsteel Strike|p1a: Latios\n|-damage|p1a: Latios|13/100\n|\n|-heal|p2a: Solgaleo|73/325|[from] item: Leftovers\n|-damage|p2a: Solgaleo|33/325|[from] Leech Seed|[of] p1a: Latios\n|-heal|p1a: Latios|29/100|[silent]\n|upkeep\n|turn|31\n|inactive|Time left: 300 sec this turn | 300 sec total\n|\n|t:|1783573304\n|move|p1a: Latios|Aura Sphere|p2a: Solgaleo\n|-damage|p2a: Solgaleo|0 fnt\n|faint|p2a: Solgaleo\n|\n|upkeep\n|inactive|Time left: 300 sec this turn | 300 sec total | 5 sec grace\n|\n|t:|1783573305\n|switch|p2a: Gurdurr|Gurdurr, L85, F|95/283 brn\n|turn|32\n|inactive|Time left: 300 sec this turn | 300 sec total\n|\n|t:|1783573306\n|move|p1a: Latios|Aura Sphere|p2a: Gurdurr\n|-damage|p2a: Gurdurr|10/283 brn\n|move|p2a: Gurdurr|Drain Punch|p1a: Latios\n|-resisted|p1a: Latios\n|-damage|p1a: Latios|0 fnt\n|-heal|p2a: Gurdurr|46/283 brn|[from] drain|[of] p1a: Latios\n|faint|p1a: Latios\n|\n|-damage|p2a: Gurdurr|29/283 brn|[from] brn\n|upkeep\n|\n|t:|1783573307\n|switch|p1a: Scyther|Scyther, L82, M|100/100\n|turn|33\n|inactive|Time left: 300 sec this turn | 300 sec total\n|\n|t:|1783573308\n|move|p1a: Scyther|Bug Bite|p2a: Gurdurr\n|-resisted|p2a: Gurdurr\n|-damage|p2a: Gurdurr|0 fnt\n|faint|p2a: Gurdurr\n|\n|win|p0x2975959c", "uploadtime": 1783573308, "views": 0, "rating": 0, "private": 0, "password": null, "_winner": "p0x2975959c", "_our_name": "p0y29758393"}