{"id": "battle-gen9randombattle-2308", "formatid": "gen9randombattle", "format": "[Gen 9] Random Battle", "players": ["p0x2308893c", "p0y23086f49"], "log": "|init|battle\n|title|p0x2308893c vs. p0y23086f49\n|j|\u2606p0x2308893c\n|j|\u2606p0y23086f49\n|t:|1783565785\n|gametype|singles\n|player|p1|p0x2308893c|1|\n|player|p2|p0y23086f49|2|\n|gen|9\n|tier|[Gen 9] Random Battle\n|rule|Species Clause: Limit one of each Pok\u00e9mon\n|rule|HP Percentage Mod: HP is shown in percentages\n|rule|Sleep Clause Mod: Limit one foe put to sleep\n|rule|Illusion Level Mod: Illusion disguises the Pok\u00e9mon's true level\n|\n|t:|1783565785\n|teamsize|p1|6\n|teamsize|p2|6\n|start\n|switch|p1a: Excadrill|Excadrill, L79, F|100/100\n|switch|p2a: Bruxish|Bruxish, L85, M|254/254\n|-ability|p1a: Excadrill|Mold Breaker\n|turn|1\n|inactive|Battle timer is ON: inactive players will automatically lose when time's up. (requested by p0x2308893c)\n|inactive|Time left: 300 sec this turn | 300 sec total | 60 sec grace\n|inactive|p0y23086f49 also wants the timer to be on.\n|\n|t:|1783565787\n|move|p2a: Bruxish|Wave Crash|p1a: Excadrill\n|-supereffective|p1a: Excadrill\n|-damage|p1a: Excadrill|0 fnt\n|faint|p1a: Excadrill\n|-damage|p2a: Bruxish|154/254|[from] Recoil\n|-damage|p2a: Bruxish|129/254|[from] item: Life Orb\n|\n|upkeep\n|\n|t:|1783565788\n|switch|p1a: Meganium|Meganium, L90, F|100/100\n|turn|2\n|inactive|Time left: 300 sec this turn | 300 sec total\n|\n|t:|1783565789\n|switch|p2a: Yanmega|Yanmega, L82, F|275/275\n|move|p1a: Meganium|Knock Off|p2a: Yanmega\n|-damage|p2a: Yanmega|207/275\n|-enditem|p2a: Yanmega|Heavy-Duty Boots|[from] move: Knock Off|[of] p1a: Meganium\n|\n|upkeep\n|turn|3\n|inactive|Time left: 300 sec this turn | 300 sec total\n|\n|t:|1783565790\n|switch|p1a: Probopass|Probopass, L91, F|100/100\n|move|p2a: Yanmega|Air Slash|p1a: Probopass\n|-resisted|p1a: Probopass\n|-damage|p1a: Probopass|95/100\n|\n|-heal|p1a: Probopass|100/100|[from] item: Leftovers\n|-ability|p2a: Yanmega|Speed Boost|boost\n|-boost|p2a: Yanmega|spe|1\n|upkeep\n|turn|4\n|inactive|Time left: 300 sec this turn | 300 sec total\n|\n|t:|1783565792\n|move|p2a: Yanmega|Air Slash|p1a: Probopass\n|-resisted|p1a: Probopass\n|-damage|p1a: Probopass|95/100\n|move|p1a: Probopass|Power Gem|p2a: Yanmega\n|-supereffective|p2a: Yanmega\n|-crit|p2a: Yanmega\n|-damage|p2a: Yanmega|0 fnt\n|faint|p2a: Yanmega\n|\n|-heal|p1a: Probopass|100/100|[from] item: Leftovers\n|upkeep\n|inactive|Time left: 300 sec this turn | 300 sec total | 5 sec grace\n|\n|t:|1783565793\n|switch|p2a: Hitmontop|Hitmontop, L88, M|231/231\n|turn|5\n|inactive|Time left: 300 sec this turn | 300 sec total\n|\n|t:|1783565794\n|switch|p1a: Wyrdeer|Wyrdeer, L87, M|100/100\n|-ability|p1a: Wyrdeer|Intimidate|boost\n|-unboost|p2a: Hitmontop|atk|1\n|move|p2a: Hitmontop|Bulk Up|p2a: Hitmontop\n|-boost|p2a: Hitmontop|atk|1\n|-boost|p2a: Hitmontop|def|1\n|\n|upkeep\n|turn|6\n|inactive|Time left: 300 sec this turn | 300 sec total\n|\n|t:|1783565794\n|move|p2a: Hitmontop|Bulk Up|p2a: Hitmontop\n|-boost|p2a: Hitmontop|atk|1\n|-boost|p2a: Hitmontop|def|1\n|move|p1a: Wyrdeer|Psychic Noise|p2a: Hitmontop\n|-supereffective|p2a: Hitmontop\n|-damage|p2a: Hitmontop|85/231\n|-start|p2a: Hitmontop|move: Heal Block\n|\n|upkeep\n|turn|7\n|inactive|Time left: 300 sec this turn | 300 sec total\n|\n|t:|1783565796\n|-terastallize|p2a: Hitmontop|Ice\n|move|p2a: Hitmontop|Triple Axel|p1a: Wyrdeer\n|-damage|p1a: Wyrdeer|82/100\n|-damage|p1a: Wyrdeer|48/100\n|-damage|p1a: Wyrdeer|0 fnt\n|faint|p1a: Wyrdeer\n|-hitcount|p1: Wyrdeer|3\n|\n|-end|p2a: Hitmontop|move: Heal Block\n|upkeep\n|\n|t:|1783565797\n|switch|p1a: Poliwrath|Poliwrath, L88, M|100/100\n|turn|8\n|inactive|Time left: 300 sec this turn | 300 sec total\n|\n|t:|1783565798\n|move|p1a: Poliwrath|Close Combat|p2a: Hitmontop\n|-supereffective|p2a: Hitmontop\n|-damage|p2a: Hitmontop|0 fnt\n|-unboost|p1a: Poliwrath|def|1\n|-unboost|p1a: Poliwrath|spd|1\n|faint|p2a: Hitmontop\n|\n|upkeep\n|inactive|Time left: 300 sec this turn | 300 sec total | 5 sec grace\n|\n|t:|1783565799\n|switch|p2a: Bruxish|Bruxish, L85, M|129/254\n|turn|9\n|inactive|Time left: 300 sec this turn | 300 sec total\n|\n|t:|1783565800\n|switch|p1a: Probopass|Probopass, L91, F|100/100\n|move|p2a: Bruxish|Psychic Fangs|p1a: Probopass\n|-resisted|p1a: Probopass\n|-damage|p1a: Probopass|79/100\n|-damage|p2a: Bruxish|104/254|[from] item: Life Orb\n|\n|-heal|p1a: Probopass|85/100|[from] item: Leftovers\n|upkeep\n|turn|10\n|inactive|Time left: 300 sec this turn | 300 sec total\n|\n|t:|1783565801\n|move|p2a: Bruxish|Wave Crash|p1a: Probopass\n|-supereffective|p1a: Probopass\n|-damage|p1a: Probopass|0 fnt\n|faint|p1a: Probopass\n|-damage|p2a: Bruxish|32/254|[from] Recoil\n|-damage|p2a: Bruxish|7/254|[from] item: Life Orb\n|\n|upkeep\n|\n|t:|1783565801\n|switch|p1a: Meganium|Meganium, L90, F|100/100\n|turn|11\n|inactive|Time left: 300 sec this turn | 300 sec total\n|\n|t:|1783565802\n|move|p2a: Bruxish|Psychic Fangs|p1a: Meganium\n|-damage|p1a: Meganium|40/100\n|-damage|p2a: Bruxish|0 fnt|[from] item: Life Orb\n|faint|p2a: Bruxish\n|move|p1a: Meganium|Swords Dance|p1a: Meganium\n|-boost|p1a: Meganium|atk|2\n|\n|-heal|p1a: Meganium|46/100|[from] item: Leftovers\n|upkeep\n|inactive|Time left: 300 sec this turn | 300 sec total | 5 sec grace\n|\n|t:|1783565803\n|switch|p2a: Spiritomb|Spiritomb, L89, F|234/234\n|turn|12\n|inactive|Time left: 300 sec this turn | 300 sec total\n|\n|t:|1783565804\n|move|p1a: Meganium|Petal Blizzard|p2a: Spiritomb\n|-damage|p2a: Spiritomb|66/234\n|move|p2a: Spiritomb|Foul Play|p1a: Meganium\n|-damage|p1a: Meganium|0 fnt\n|faint|p1a: Meganium\n|\n|-heal|p2a: Spiritomb|80/234|[from] item: Leftovers\n|upkeep\n|\n|t:|1783565805\n|switch|p1a: Komala|Komala, L87, M|100/100\n|-ability|p1a: Komala|Comatose\n|turn|13\n|inactive|Time left: 300 sec this turn | 300 sec total\n|\n|t:|1783565806\n|move|p1a: Komala|Knock Off|p2a: Spiritomb\n|-damage|p2a: Spiritomb|0 fnt\n|-enditem|p2a: Spiritomb|Leftovers|[from] move: Knock Off|[of] p1a: Komala\n|faint|p2a: Spiritomb\n|\n|upkeep\n|inactive|Time left: 300 sec this turn | 300 sec total | 5 sec grace\n|\n|t:|1783565807\n|switch|p2a: Iron Boulder|Iron Boulder, L77|265/265\n|turn|14\n|inactive|Time left: 300 sec this turn | 300 sec total\n|\n|t:|1783565808\n|-end|p2a: Iron Boulder|Quark Drive|[silent]\n|switch|p2a: Meowscarada|Meowscarada, L78, M|247/247\n|-terastallize|p1a: Komala|Ghost\n|move|p1a: Komala|Knock Off|p2a: Meowscarada\n|-resisted|p2a: Meowscarada\n|-damage|p2a: Meowscarada|161/247\n|-enditem|p2a: Meowscarada|Heavy-Duty Boots|[from] move: Knock Off|[of] p1a: Komala\n|\n|upkeep\n|turn|15\n|inactive|Time left: 300 sec this turn | 300 sec total\n|\n|t:|1783565809\n|switch|p1a: Poliwrath|Poliwrath, L88, M|100/100\n|move|p2a: Meowscarada|Knock Off|p1a: Poliwrath\n|-start|p2a: Meowscarada|typechange|Dark|[from] ability: Protean\n|-resisted|p1a: Poliwrath\n|-damage|p1a: Poliwrath|87/100\n|-enditem|p1a: Poliwrath|Assault Vest|[from] move: Knock Off|[of] p2a: Meowscarada\n|\n|upkeep\n|turn|16\n|inactive|Time left: 300 sec this turn | 300 sec total\n|\n|t:|1783565810\n|move|p2a: Meowscarada|Flower Trick|p1a: Poliwrath\n|-supereffective|p1a: Poliwrath\n|-crit|p1a: Poliwrath\n|-damage|p1a: Poliwrath|44/100\n|move|p1a: Poliwrath|Circle Throw|p2a: Meowscarada\n|-supereffective|p2a: Meowscarada\n|-damage|p2a: Meowscarada|0 fnt\n|faint|p2a: Meowscarada\n|\n|upkeep\n|inactive|Time left: 300 sec this turn | 300 sec total | 5 sec grace\n|\n|t:|1783565811\n|switch|p2a: Iron Boulder|Iron Boulder, L77|265/265\n|turn|17\n|inactive|Time left: 300 sec this turn | 300 sec total\n|\n|t:|1783565812\n|move|p2a: Iron Boulder|Zen Headbutt|p1a: Poliwrath\n|-supereffective|p1a: Poliwrath\n|-damage|p1a: Poliwrath|0 fnt\n|faint|p1a: Poliwrath\n|-damage|p2a: Iron Boulder|239/265|[from] item: Life Orb\n|\n|upkeep\n|\n|t:|1783565813\n|switch|p1a: Komala|Komala, L87, M, tera:Ghost|100/100\n|-ability|p1a: Komala|Comatose\n|turn|18\n|inactive|Time left: 300 sec this turn | 300 sec total\n|\n|t:|1783565813\n|move|p2a: Iron Boulder|Zen Headbutt|p1a: Komala\n|-damage|p1a: Komala|53/100\n|-damage|p2a: Iron Boulder|213/265|[from] item: Life Orb\n|move|p1a: Komala|Knock Off|p2a: Iron Boulder\n|-supereffective|p2a: Iron Boulder\n|-crit|p2a: Iron Boulder\n|-damage|p2a: Iron Boulder|0 fnt\n|-enditem|p2a: Iron Boulder|Life Orb|[from] move: Knock Off|[of] p1a: Komala\n|faint|p2a: Iron Boulder\n|-end|p2a: Iron Boulder|Quark Drive|[silent]\n|\n|win|p0x2308893c", "uploadtime": 1783565814, "views": 0, "rating": 0, "private": 0, "password": null, "_winner": "p0x2308893c", "_our_name": "p0y23086f49"}