{"id": "battle-gen9randombattle-1867", "formatid": "gen9randombattle", "format": "[Gen 9] Random Battle", "players": ["p0x1867b508", "p0y18676b5e"], "log": "|init|battle\n|title|p0x1867b508 vs. p0y18676b5e\n|j|\u2606p0x1867b508\n|j|\u2606p0y18676b5e\n|t:|1783560876\n|gametype|singles\n|player|p1|p0x1867b508|1|\n|player|p2|p0y18676b5e|266|\n|gen|9\n|tier|[Gen 9] Random Battle\n|rule|Species Clause: Limit one of each Pok\u00e9mon\n|rule|HP Percentage Mod: HP is shown in percentages\n|rule|Sleep Clause Mod: Limit one foe put to sleep\n|rule|Illusion Level Mod: Illusion disguises the Pok\u00e9mon's true level\n|\n|t:|1783560876\n|teamsize|p1|6\n|teamsize|p2|6\n|start\n|switch|p1a: Araquanid|Araquanid, L82, M|246/246\n|switch|p2a: Incineroar|Incineroar, L82, M|100/100\n|-ability|p2a: Incineroar|Intimidate|boost\n|-unboost|p1a: Araquanid|atk|1\n|turn|1\n|inactive|Battle timer is ON: inactive players will automatically lose when time's up. (requested by p0y18676b5e)\n|inactive|Time left: 300 sec this turn | 300 sec total | 60 sec grace\n|\n|t:|1783560877\n|move|p2a: Incineroar|Knock Off|p1a: Araquanid\n|-damage|p1a: Araquanid|144/246\n|-enditem|p1a: Araquanid|Heavy-Duty Boots|[from] move: Knock Off|[of] p2a: Incineroar\n|move|p1a: Araquanid|Sticky Web|p2a: Incineroar\n|-sidestart|p2: p0y18676b5e|move: Sticky Web\n|\n|upkeep\n|turn|2\n|inactive|Time left: 300 sec this turn | 300 sec total\n|inactive|p0x1867b508 also wants the timer to be on.\n|\n|t:|1783560878\n|move|p2a: Incineroar|Knock Off|p1a: Araquanid\n|-damage|p1a: Araquanid|72/246\n|move|p1a: Araquanid|Hydro Pump|p2a: Incineroar\n|-supereffective|p2a: Incineroar\n|-damage|p2a: Incineroar|1/100\n|\n|upkeep\n|turn|3\n|inactive|Time left: 300 sec this turn | 300 sec total\n|\n|t:|1783560879\n|switch|p1a: Porygon2|Porygon2, L81|270/270\n|-ability|p1a: Porygon2|Download|boost\n|-boost|p1a: Porygon2|spa|1\n|move|p2a: Incineroar|Knock Off|p1a: Porygon2\n|-damage|p1a: Porygon2|197/270\n|-enditem|p1a: Porygon2|Eviolite|[from] move: Knock Off|[of] p2a: Incineroar\n|\n|upkeep\n|turn|4\n|inactive|Time left: 300 sec this turn | 300 sec total\n|\n|t:|1783560880\n|move|p2a: Incineroar|Close Combat|p1a: Porygon2\n|-supereffective|p1a: Porygon2\n|-damage|p1a: Porygon2|13/270\n|-unboost|p2a: Incineroar|def|1\n|-unboost|p2a: Incineroar|spd|1\n|move|p1a: Porygon2|Recover|p1a: Porygon2\n|-heal|p1a: Porygon2|148/270\n|\n|upkeep\n|turn|5\n|inactive|Time left: 300 sec this turn | 300 sec total\n|\n|t:|1783560881\n|move|p2a: Incineroar|Close Combat|p1a: Porygon2\n|-supereffective|p1a: Porygon2\n|-damage|p1a: Porygon2|0 fnt\n|-unboost|p2a: Incineroar|def|1\n|-unboost|p2a: Incineroar|spd|1\n|faint|p1a: Porygon2\n|\n|upkeep\n|inactive|Time left: 300 sec this turn | 300 sec total | 5 sec grace\n|\n|t:|1783560882\n|switch|p1a: Grafaiai|Grafaiai, L86, F|249/249\n|turn|6\n|inactive|Time left: 300 sec this turn | 300 sec total\n|\n|t:|1783560883\n|move|p1a: Grafaiai|Knock Off|p2a: Incineroar\n|-resisted|p2a: Incineroar\n|-damage|p2a: Incineroar|0 fnt\n|-enditem|p2a: Incineroar|Heavy-Duty Boots|[from] move: Knock Off|[of] p1a: Grafaiai\n|faint|p2a: Incineroar\n|-damage|p1a: Grafaiai|225/249|[from] item: Life Orb\n|\n|upkeep\n|\n|t:|1783560884\n|switch|p2a: Regidrago|Regidrago, L77|100/100\n|-activate|p2a: Regidrago|move: Sticky Web\n|-unboost|p2a: Regidrago|spe|1\n|turn|7\n|inactive|Time left: 300 sec this turn | 300 sec total\n|\n|t:|1783560885\n|-terastallize|p2a: Regidrago|Dragon\n|move|p1a: Grafaiai|Knock Off|p2a: Regidrago\n|-damage|p2a: Regidrago|67/100\n|-status|p2a: Regidrago|psn|[from] ability: Poison Touch|[of] p1a: Grafaiai\n|-enditem|p2a: Regidrago|Choice Scarf|[from] move: Knock Off|[of] p1a: Grafaiai\n|-damage|p1a: Grafaiai|201/249|[from] item: Life Orb\n|move|p2a: Regidrago|Outrage|p1a: Grafaiai\n|-damage|p1a: Grafaiai|0 fnt\n|faint|p1a: Grafaiai\n|\n|-damage|p2a: Regidrago|55/100 psn|[from] psn\n|upkeep\n|inactive|Time left: 300 sec this turn | 300 sec total | 5 sec grace\n|\n|t:|1783560886\n|switch|p1a: Hypno|Hypno, L95, M|315/315\n|turn|8\n|inactive|Time left: 300 sec this turn | 300 sec total\n|\n|t:|1783560887\n|-terastallize|p1a: Hypno|Fairy\n|move|p1a: Hypno|Knock Off|p2a: Regidrago\n|-damage|p2a: Regidrago|38/100 psn\n|move|p2a: Regidrago|Outrage|p1a: Hypno|[from] lockedmove\n|-immune|p1a: Hypno\n|\n|-damage|p2a: Regidrago|26/100 psn|[from] psn\n|upkeep\n|turn|9\n|inactive|Time left: 300 sec this turn | 300 sec total\n|\n|t:|1783560888\n|move|p1a: Hypno|Toxic||[still]\n|-fail|p1a: Hypno\n|move|p2a: Regidrago|Dragon Energy|p1a: Hypno\n|-immune|p1a: Hypno\n|\n|-damage|p2a: Regidrago|13/100 psn|[from] psn\n|upkeep\n|turn|10\n|inactive|Time left: 300 sec this turn | 300 sec total\n|\n|t:|1783560889\n|switch|p1a: Gothitelle|Gothitelle, L90, M|272/272\n|move|p2a: Regidrago|Dragon Energy|p1a: Gothitelle\n|-damage|p1a: Gothitelle|242/272\n|\n|-heal|p1a: Gothitelle|259/272|[from] item: Leftovers\n|-damage|p2a: Regidrago|1/100 psn|[from] psn\n|upkeep\n|turn|11\n|inactive|Time left: 300 sec this turn | 300 sec total\n|\n|t:|1783560890\n|move|p1a: Gothitelle|Calm Mind|p1a: Gothitelle\n|-boost|p1a: Gothitelle|spa|1\n|-boost|p1a: Gothitelle|spd|1\n|move|p2a: Regidrago|Outrage|p1a: Gothitelle\n|-crit|p1a: Gothitelle\n|-damage|p1a: Gothitelle|0 fnt\n|faint|p1a: Gothitelle\n|\n|-damage|p2a: Regidrago|0 fnt|[from] psn\n|faint|p2a: Regidrago\n|upkeep\n|inactive|Time left: 300 sec this turn | 300 sec total | 5 sec grace\n|\n|t:|1783560891\n|switch|p2a: Pincurchin|Pincurchin, M|100/100\n|switch|p1a: Muk|Muk-Alola, L82, F|306/306\n|-activate|p2a: Pincurchin|move: Sticky Web\n|-unboost|p2a: Pincurchin|spe|1\n|-fieldstart|move: Electric Terrain|[from] ability: Electric Surge|[of] p2a: Pincurchin\n|turn|12\n|inactive|Time left: 300 sec this turn | 300 sec total\n|\n|t:|1783560892\n|move|p1a: Muk|Knock Off|p2a: Pincurchin\n|-damage|p2a: Pincurchin|66/100\n|-enditem|p2a: Pincurchin|Leftovers|[from] move: Knock Off|[of] p1a: Muk\n|move|p2a: Pincurchin|Zing Zap|p1a: Muk\n|-damage|p1a: Muk|126/306\n|\n|upkeep\n|turn|13\n|inactive|Time left: 300 sec this turn | 300 sec total\n|\n|t:|1783560893\n|move|p1a: Muk|Poison Jab|p2a: Pincurchin\n|-damage|p2a: Pincurchin|42/100\n|-status|p2a: Pincurchin|psn\n|move|p2a: Pincurchin|Zing Zap|p1a: Muk\n|-damage|p1a: Muk|0 fnt\n|faint|p1a: Muk\n|\n|-damage|p2a: Pincurchin|29/100 psn|[from] psn\n|upkeep\n|inactive|Time left: 300 sec this turn | 300 sec total | 5 sec grace\n|\n|t:|1783560894\n|switch|p1a: Araquanid|Araquanid, L82, M|72/246\n|turn|14\n|inactive|Time left: 300 sec this turn | 300 sec total\n|\n|t:|1783560894\n|move|p1a: Araquanid|Liquidation|p2a: Pincurchin\n|-damage|p2a: Pincurchin|0 fnt\n|faint|p2a: Pincurchin\n|\n|upkeep\n|\n|t:|1783560895\n|switch|p2a: Venusaur|Venusaur, L84, M|100/100\n|-activate|p2a: Venusaur|move: Sticky Web\n|-unboost|p2a: Venusaur|spe|1\n|turn|15\n|inactive|Time left: 300 sec this turn | 300 sec total\n|\n|t:|1783560896\n|move|p2a: Venusaur|Sludge Bomb|p1a: Araquanid\n|-damage|p1a: Araquanid|0 fnt\n|faint|p1a: Araquanid\n|\n|upkeep\n|inactive|Time left: 300 sec this turn | 300 sec total | 5 sec grace\n|\n|t:|1783560897\n|switch|p1a: Hypno|Hypno, L95, M, tera:Fairy|315/315\n|turn|16\n|inactive|Time left: 300 sec this turn | 300 sec total\n|\n|t:|1783560898\n|move|p1a: Hypno|Psychic Noise|p2a: Venusaur\n|-supereffective|p2a: Venusaur\n|-damage|p2a: Venusaur|45/100\n|-start|p2a: Venusaur|move: Heal Block\n|move|p2a: Venusaur|Sludge Bomb|p1a: Hypno\n|-supereffective|p1a: Hypno\n|-damage|p1a: Hypno|175/315\n|\n|-heal|p1a: Hypno|194/315|[from] item: Leftovers\n|-fieldend|move: Electric Terrain\n|upkeep\n|turn|17\n|inactive|Time left: 300 sec this turn | 300 sec total\n|\n|t:|1783560899\n|move|p1a: Hypno|Psychic Noise|p2a: Venusaur\n|-supereffective|p2a: Venusaur\n|-damage|p2a: Venusaur|0 fnt\n|faint|p2a: Venusaur\n|\n|-heal|p1a: Hypno|213/315|[from] item: Leftovers\n|upkeep\n|\n|t:|1783560900\n|switch|p2a: Azelf|Azelf, L82|100/100\n|turn|18\n|inactive|Time left: 300 sec this turn | 300 sec total\n|\n|t:|1783560901\n|move|p2a: Azelf|Explosion|p1a: Hypno\n|-damage|p1a: Hypno|0 fnt\n|faint|p2a: Azelf\n|faint|p1a: Hypno\n|\n|win|p0y18676b5e", "uploadtime": 1783560901, "views": 0, "rating": 0, "private": 0, "password": null, "_winner": "p0y18676b5e", "_our_name": "p0x1867b508"}