{"id": "battle-gen9randombattle-1262", "formatid": "gen9randombattle", "format": "[Gen 9] Random Battle", "players": ["p0x1262e3cc", "p0y12622c7a"], "log": "|init|battle\n|title|p0x1262e3cc vs. p0y12622c7a\n|j|\u2606p0x1262e3cc\n|j|\u2606p0y12622c7a\n|t:|1783554656\n|gametype|singles\n|player|p1|p0x1262e3cc|266|\n|player|p2|p0y12622c7a|2|\n|gen|9\n|tier|[Gen 9] Random Battle\n|rule|Species Clause: Limit one of each Pok\u00e9mon\n|rule|HP Percentage Mod: HP is shown in percentages\n|rule|Sleep Clause Mod: Limit one foe put to sleep\n|rule|Illusion Level Mod: Illusion disguises the Pok\u00e9mon's true level\n|\n|t:|1783554656\n|teamsize|p1|6\n|teamsize|p2|6\n|start\n|switch|p1a: Spectrier|Spectrier, L75|274/274\n|switch|p2a: Smeargle|Smeargle, L95, M|100/100\n|turn|1\n|inactive|Battle timer is ON: inactive players will automatically lose when time's up. (requested by p0y12622c7a)\n|inactive|Time left: 300 sec this turn | 300 sec total | 60 sec grace\n|\n|t:|1783554657\n|move|p1a: Spectrier|Nasty Plot|p1a: Spectrier\n|-boost|p1a: Spectrier|spa|2\n|move|p2a: Smeargle|Sticky Web|p1a: Spectrier\n|-sidestart|p1: p0x1262e3cc|move: Sticky Web\n|\n|upkeep\n|turn|2\n|inactive|Time left: 300 sec this turn | 300 sec total\n|inactive|p0x1262e3cc also wants the timer to be on.\n|\n|t:|1783554659\n|move|p1a: Spectrier|Dark Pulse|p2a: Smeargle\n|-damage|p2a: Smeargle|10/100\n|-damage|p1a: Spectrier|247/274|[from] item: Life Orb\n|move|p2a: Smeargle|Whirlwind|p1a: Spectrier\n|drag|p1a: Leafeon|Leafeon, L88, M|258/258\n|-activate|p1a: Leafeon|move: Sticky Web\n|-unboost|p1a: Leafeon|spe|1\n|\n|upkeep\n|turn|3\n|inactive|Time left: 300 sec this turn | 300 sec total\n|\n|t:|1783554660\n|move|p2a: Smeargle|Ceaseless Edge|p1a: Leafeon\n|-damage|p1a: Leafeon|239/258\n|-sidestart|p1: p0x1262e3cc|Spikes\n|move|p1a: Leafeon|Swords Dance|p1a: Leafeon\n|-boost|p1a: Leafeon|atk|2\n|\n|-heal|p1a: Leafeon|255/258|[from] item: Leftovers\n|upkeep\n|turn|4\n|inactive|Time left: 300 sec this turn | 300 sec total\n|\n|t:|1783554661\n|move|p2a: Smeargle|Ceaseless Edge|p1a: Leafeon|[miss]\n|-miss|p2a: Smeargle|p1a: Leafeon\n|move|p1a: Leafeon|Leaf Blade|p2a: Smeargle\n|-damage|p2a: Smeargle|0 fnt\n|faint|p2a: Smeargle\n|\n|-heal|p1a: Leafeon|258/258|[from] item: Leftovers\n|upkeep\n|\n|t:|1783554662\n|switch|p2a: Staraptor|Staraptor, L79, M|100/100\n|turn|5\n|inactive|Time left: 300 sec this turn | 300 sec total\n|\n|t:|1783554663\n|-terastallize|p1a: Leafeon|Normal\n|move|p2a: Staraptor|Brave Bird|p1a: Leafeon\n|-damage|p1a: Leafeon|87/258\n|-damage|p2a: Staraptor|79/100|[from] Recoil\n|move|p1a: Leafeon|Double-Edge|p2a: Staraptor\n|-damage|p2a: Staraptor|0 fnt\n|faint|p2a: Staraptor\n|-damage|p1a: Leafeon|19/258|[from] Recoil\n|\n|-heal|p1a: Leafeon|35/258|[from] item: Leftovers\n|upkeep\n|\n|t:|1783554664\n|switch|p2a: Kommo-o|Kommo-o, L77, F|100/100\n|turn|6\n|inactive|Time left: 300 sec this turn | 300 sec total\n|\n|t:|1783554665\n|move|p2a: Kommo-o|Scale Shot|p1a: Leafeon\n|-damage|p1a: Leafeon|16/258\n|-damage|p1a: Leafeon|0 fnt\n|faint|p1a: Leafeon\n|-hitcount|p1: Leafeon|2\n|-unboost|p2a: Kommo-o|def|1\n|-boost|p2a: Kommo-o|spe|1\n|\n|upkeep\n|inactive|Time left: 300 sec this turn | 300 sec total | 5 sec grace\n|\n|t:|1783554666\n|switch|p1a: Talonflame|Talonflame, L83, M|265/265\n|turn|7\n|inactive|Time left: 300 sec this turn | 300 sec total\n|\n|t:|1783554667\n|switch|p2a: Feraligatr|Feraligatr, L79, M|100/100\n|move|p1a: Talonflame|Brave Bird|p2a: Feraligatr\n|-damage|p2a: Feraligatr|58/100\n|-damage|p1a: Talonflame|228/265|[from] Recoil\n|\n|upkeep\n|turn|8\n|inactive|Time left: 300 sec this turn | 300 sec total\n|\n|t:|1783554669\n|move|p1a: Talonflame|Brave Bird|p2a: Feraligatr\n|-damage|p2a: Feraligatr|18/100\n|-damage|p1a: Talonflame|192/265|[from] Recoil\n|move|p2a: Feraligatr|Liquidation|p1a: Talonflame\n|-supereffective|p1a: Talonflame\n|-damage|p1a: Talonflame|0 fnt\n|faint|p1a: Talonflame\n|\n|upkeep\n|inactive|Time left: 300 sec this turn | 300 sec total | 5 sec grace\n|\n|t:|1783554670\n|switch|p1a: Comfey|Comfey, L85, M|225/225\n|-activate|p1a: Comfey|move: Sticky Web\n|-unboost|p1a: Comfey|spe|1\n|-damage|p1a: Comfey|197/225|[from] Spikes\n|turn|9\n|inactive|Time left: 300 sec this turn | 300 sec total\n|\n|t:|1783554671\n|switch|p2a: Venusaur|Venusaur, L84, M|100/100\n|move|p1a: Comfey|Draining Kiss|p2a: Venusaur\n|-resisted|p2a: Venusaur\n|-damage|p2a: Venusaur|92/100\n|-heal|p1a: Comfey|214/225|[from] drain|[of] p2a: Venusaur\n|\n|-heal|p2a: Venusaur|99/100|[from] item: Leftovers\n|-heal|p1a: Comfey|225/225|[from] item: Leftovers\n|upkeep\n|turn|10\n|inactive|Time left: 300 sec this turn | 300 sec total\n|\n|t:|1783554672\n|switch|p1a: Scizor|Scizor, L79, F|240/240\n|-activate|p1a: Scizor|move: Sticky Web\n|-unboost|p1a: Scizor|spe|1\n|-damage|p1a: Scizor|210/240|[from] Spikes\n|move|p2a: Venusaur|Sludge Bomb|p1a: Scizor\n|-immune|p1a: Scizor\n|\n|-heal|p2a: Venusaur|100/100|[from] item: Leftovers\n|upkeep\n|turn|11\n|inactive|Time left: 300 sec this turn | 300 sec total\n|\n|t:|1783554673\n|move|p2a: Venusaur|Substitute|p2a: Venusaur\n|-start|p2a: Venusaur|Substitute\n|-damage|p2a: Venusaur|75/100\n|move|p1a: Scizor|Knock Off|p2a: Venusaur\n|-end|p2a: Venusaur|Substitute\n|\n|-heal|p2a: Venusaur|82/100|[from] item: Leftovers\n|upkeep\n|turn|12\n|inactive|Time left: 300 sec this turn | 300 sec total\n|\n|t:|1783554674\n|switch|p2a: Kommo-o|Kommo-o, L77, F|100/100\n|move|p1a: Scizor|Knock Off|p2a: Kommo-o\n|-resisted|p2a: Kommo-o\n|-damage|p2a: Kommo-o|81/100\n|-enditem|p2a: Kommo-o|Loaded Dice|[from] move: Knock Off|[of] p1a: Scizor\n|\n|upkeep\n|turn|13\n|inactive|Time left: 300 sec this turn | 300 sec total\n|\n|t:|1783554675\n|move|p2a: Kommo-o|Swords Dance|p2a: Kommo-o\n|-boost|p2a: Kommo-o|atk|2\n|move|p1a: Scizor|Knock Off|p2a: Kommo-o\n|-resisted|p2a: Kommo-o\n|-damage|p2a: Kommo-o|67/100\n|\n|upkeep\n|turn|14\n|inactive|Time left: 300 sec this turn | 300 sec total\n|\n|t:|1783554676\n|move|p2a: Kommo-o|Iron Head|p1a: Scizor\n|-resisted|p1a: Scizor\n|-damage|p1a: Scizor|158/240\n|move|p1a: Scizor|Knock Off|p2a: Kommo-o\n|-resisted|p2a: Kommo-o\n|-damage|p2a: Kommo-o|54/100\n|\n|upkeep\n|turn|15\n|inactive|Time left: 300 sec this turn | 300 sec total\n|\n|t:|1783554677\n|move|p2a: Kommo-o|Iron Head|p1a: Scizor\n|-resisted|p1a: Scizor\n|-damage|p1a: Scizor|109/240\n|move|p1a: Scizor|Knock Off|p2a: Kommo-o\n|-resisted|p2a: Kommo-o\n|-crit|p2a: Kommo-o\n|-damage|p2a: Kommo-o|32/100\n|\n|upkeep\n|turn|16\n|inactive|Time left: 300 sec this turn | 300 sec total\n|\n|t:|1783554678\n|move|p2a: Kommo-o|Iron Head|p1a: Scizor\n|-resisted|p1a: Scizor\n|-damage|p1a: Scizor|60/240\n|move|p1a: Scizor|Knock Off|p2a: Kommo-o\n|-resisted|p2a: Kommo-o\n|-crit|p2a: Kommo-o\n|-damage|p2a: Kommo-o|12/100\n|\n|upkeep\n|turn|17\n|inactive|Time left: 300 sec this turn | 300 sec total\n|\n|t:|1783554679\n|move|p2a: Kommo-o|Scale Shot|p1a: Scizor\n|-resisted|p1a: Scizor\n|-damage|p1a: Scizor|37/240\n|-resisted|p1a: Scizor\n|-damage|p1a: Scizor|13/240\n|-hitcount|p1a: Scizor|2\n|-unboost|p2a: Kommo-o|def|1\n|-boost|p2a: Kommo-o|spe|1\n|move|p1a: Scizor|Knock Off|p2a: Kommo-o\n|-resisted|p2a: Kommo-o\n|-damage|p2a: Kommo-o|0 fnt\n|faint|p2a: Kommo-o\n|\n|upkeep\n|\n|t:|1783554680\n|switch|p2a: Venusaur|Venusaur, L84, M|82/100\n|turn|18\n|inactive|Time left: 300 sec this turn | 300 sec total\n|\n|t:|1783554681\n|move|p2a: Venusaur|Giga Drain|p1a: Scizor\n|-resisted|p1a: Scizor\n|-damage|p1a: Scizor|0 fnt\n|-heal|p2a: Venusaur|84/100|[from] drain|[of] p1a: Scizor\n|faint|p1a: Scizor\n|\n|-heal|p2a: Venusaur|91/100|[from] item: Leftovers\n|upkeep\n|inactive|Time left: 300 sec this turn | 300 sec total | 5 sec grace\n|\n|t:|1783554682\n|switch|p1a: Spectrier|Spectrier, L75|247/274\n|-activate|p1a: Spectrier|move: Sticky Web\n|-unboost|p1a: Spectrier|spe|1\n|-damage|p1a: Spectrier|213/274|[from] Spikes\n|turn|19\n|inactive|Time left: 300 sec this turn | 300 sec total\n|\n|t:|1783554683\n|move|p2a: Venusaur|Giga Drain|p1a: Spectrier\n|-damage|p1a: Spectrier|116/274\n|-heal|p2a: Venusaur|100/100|[from] drain|[of] p1a: Spectrier\n|move|p1a: Spectrier|Nasty Plot|p1a: Spectrier\n|-boost|p1a: Spectrier|spa|2\n|\n|upkeep\n|turn|20\n|inactive|Time left: 300 sec this turn | 300 sec total\n|\n|t:|1783554684\n|move|p2a: Venusaur|Giga Drain|p1a: Spectrier\n|-damage|p1a: Spectrier|19/274\n|move|p1a: Spectrier|Shadow Ball|p2a: Venusaur\n|-damage|p2a: Venusaur|23/100\n|-damage|p1a: Spectrier|0 fnt|[from] item: Life Orb\n|faint|p1a: Spectrier\n|\n|-heal|p2a: Venusaur|29/100|[from] item: Leftovers\n|upkeep\n|inactive|Time left: 300 sec this turn | 300 sec total | 5 sec grace\n|\n|t:|1783554685\n|switch|p1a: Zarude|Zarude-Dada, L77|288/288\n|-activate|p1a: Zarude|move: Sticky Web\n|-unboost|p1a: Zarude|spe|1\n|-damage|p1a: Zarude|252/288|[from] Spikes\n|turn|21\n|inactive|Time left: 300 sec this turn | 300 sec total\n|\n|t:|1783554686\n|move|p1a: Zarude|Knock Off|p2a: Venusaur\n|-damage|p2a: Venusaur|0 fnt\n|-enditem|p2a: Venusaur|Leftovers|[from] move: Knock Off|[of] p1a: Zarude\n|faint|p2a: Venusaur\n|\n|upkeep\n|\n|t:|1783554687\n|switch|p2a: Cryogonal|Cryogonal, L89|100/100\n|turn|22\n|inactive|Time left: 300 sec this turn | 300 sec total\n|\n|t:|1783554688\n|move|p2a: Cryogonal|Ice Beam|p1a: Zarude\n|-supereffective|p1a: Zarude\n|-damage|p1a: Zarude|42/288\n|move|p1a: Zarude|Knock Off|p2a: Cryogonal\n|-damage|p2a: Cryogonal|50/100\n|-enditem|p2a: Cryogonal|Heavy-Duty Boots|[from] move: Knock Off|[of] p1a: Zarude\n|\n|upkeep\n|turn|23\n|inactive|Time left: 300 sec this turn | 300 sec total\n|\n|t:|1783554689\n|move|p2a: Cryogonal|Recover|p2a: Cryogonal\n|-heal|p2a: Cryogonal|100/100\n|move|p1a: Zarude|Knock Off|p2a: Cryogonal\n|-damage|p2a: Cryogonal|66/100\n|\n|upkeep\n|turn|24\n|inactive|Time left: 300 sec this turn | 300 sec total\n|\n|t:|1783554690\n|move|p2a: Cryogonal|Rapid Spin|p1a: Zarude\n|-damage|p1a: Zarude|18/288\n|-boost|p2a: Cryogonal|spe|1\n|move|p1a: Zarude|Knock Off|p2a: Cryogonal\n|-damage|p2a: Cryogonal|35/100\n|\n|upkeep\n|turn|25\n|inactive|Time left: 300 sec this turn | 300 sec total\n|\n|t:|1783554691\n|move|p2a: Cryogonal|Recover|p2a: Cryogonal\n|-heal|p2a: Cryogonal|85/100\n|move|p1a: Zarude|Knock Off|p2a: Cryogonal\n|-crit|p2a: Cryogonal\n|-damage|p2a: Cryogonal|32/100\n|\n|upkeep\n|turn|26\n|inactive|Time left: 300 sec this turn | 300 sec total\n|\n|t:|1783554692\n|move|p2a: Cryogonal|Recover|p2a: Cryogonal\n|-heal|p2a: Cryogonal|82/100\n|move|p1a: Zarude|Knock Off|p2a: Cryogonal\n|-damage|p2a: Cryogonal|47/100\n|\n|upkeep\n|turn|27\n|inactive|Time left: 300 sec this turn | 300 sec total\n|\n|t:|1783554693\n|move|p2a: Cryogonal|Recover|p2a: Cryogonal\n|-heal|p2a: Cryogonal|97/100\n|move|p1a: Zarude|Knock Off|p2a: Cryogonal\n|-damage|p2a: Cryogonal|61/100\n|\n|upkeep\n|turn|28\n|inactive|Time left: 300 sec this turn | 300 sec total\n|\n|t:|1783554694\n|move|p2a: Cryogonal|Rapid Spin|p1a: Zarude\n|-damage|p1a: Zarude|0 fnt\n|-boost|p2a: Cryogonal|spe|1\n|faint|p1a: Zarude\n|\n|upkeep\n|inactive|Time left: 300 sec this turn | 300 sec total | 5 sec grace\n|\n|t:|1783554695\n|switch|p1a: Comfey|Comfey, L85, M|225/225\n|-activate|p1a: Comfey|move: Sticky Web\n|-unboost|p1a: Comfey|spe|1\n|-damage|p1a: Comfey|197/225|[from] Spikes\n|turn|29\n|inactive|Time left: 300 sec this turn | 300 sec total\n|\n|t:|1783554696\n|move|p2a: Cryogonal|Ice Beam|p1a: Comfey\n|-damage|p1a: Comfey|103/225\n|-status|p1a: Comfey|frz\n|cant|p1a: Comfey|frz\n|\n|-heal|p1a: Comfey|117/225 frz|[from] item: Leftovers\n|upkeep\n|turn|30\n|inactive|Time left: 300 sec this turn | 300 sec total\n|\n|t:|1783554697\n|-terastallize|p2a: Cryogonal|Electric\n|move|p2a: Cryogonal|Ice Beam|p1a: Comfey\n|-damage|p1a: Comfey|27/225 frz\n|cant|p1a: Comfey|frz\n|\n|-heal|p1a: Comfey|41/225 frz|[from] item: Leftovers\n|upkeep\n|turn|31\n|inactive|Time left: 300 sec this turn | 300 sec total\n|\n|t:|1783554698\n|move|p2a: Cryogonal|Ice Beam|p1a: Comfey\n|-damage|p1a: Comfey|0 fnt\n|faint|p1a: Comfey\n|\n|win|p0y12622c7a", "uploadtime": 1783554698, "views": 0, "rating": 0, "private": 0, "password": null, "_winner": "p0y12622c7a", "_our_name": "p0x1262e3cc"}