{"id": "battle-gen9randombattle-923", "formatid": "gen9randombattle", "format": "[Gen 9] Random Battle", "players": ["p0x923b9a5", "p0y9232d71"], "log": "|init|battle\n|title|p0x923b9a5 vs. p0y9232d71\n|j|\u2606p0x923b9a5\n|j|\u2606p0y9232d71\n|t:|1783549833\n|gametype|singles\n|player|p1|p0x923b9a5|101|\n|player|p2|p0y9232d71|170|\n|gen|9\n|tier|[Gen 9] Random Battle\n|rule|Species Clause: Limit one of each Pok\u00e9mon\n|rule|HP Percentage Mod: HP is shown in percentages\n|rule|Sleep Clause Mod: Limit one foe put to sleep\n|rule|Illusion Level Mod: Illusion disguises the Pok\u00e9mon's true level\n|\n|t:|1783549833\n|teamsize|p1|6\n|teamsize|p2|6\n|start\n|switch|p1a: Mightyena|Mightyena, L96, M|100/100\n|switch|p2a: Regice|Regice, L88|284/284\n|-ability|p1a: Mightyena|Intimidate|boost\n|-fail|p2a: Regice|unboost|[from] ability: Clear Body|[of] p2a: Regice\n|turn|1\n|inactive|Battle timer is ON: inactive players will automatically lose when time's up. (requested by p0x923b9a5)\n|inactive|Time left: 300 sec this turn | 300 sec total | 60 sec grace\n|\n|t:|1783549834\n|move|p1a: Mightyena|Super Fang|p2a: Regice\n|-damage|p2a: Regice|142/284\n|move|p2a: Regice|Ice Beam|p1a: Mightyena\n|-damage|p1a: Mightyena|74/100\n|\n|upkeep\n|turn|2\n|inactive|Time left: 300 sec this turn | 300 sec total\n|inactive|p0y9232d71 also wants the timer to be on.\n|\n|t:|1783549835\n|move|p1a: Mightyena|Throat Chop|p2a: Regice\n|-damage|p2a: Regice|52/284\n|-start|p2a: Regice|Throat Chop|[silent]\n|move|p2a: Regice|Ice Beam|p1a: Mightyena\n|-damage|p1a: Mightyena|46/100\n|\n|upkeep\n|turn|3\n|inactive|Time left: 300 sec this turn | 300 sec total\n|\n|t:|1783549837\n|switch|p2a: Sudowoodo|Sudowoodo, L94, M|284/284\n|move|p1a: Mightyena|Throat Chop|p2a: Sudowoodo\n|-damage|p2a: Sudowoodo|212/284\n|-start|p2a: Sudowoodo|Throat Chop|[silent]\n|\n|upkeep\n|turn|4\n|inactive|Time left: 300 sec this turn | 300 sec total\n|\n|t:|1783549838\n|move|p1a: Mightyena|Super Fang|p2a: Sudowoodo\n|-damage|p2a: Sudowoodo|106/284\n|move|p2a: Sudowoodo|Head Smash|p1a: Mightyena|[miss]\n|-miss|p2a: Sudowoodo|p1a: Mightyena\n|\n|-end|p2a: Sudowoodo|Throat Chop|[silent]\n|upkeep\n|turn|5\n|inactive|Time left: 300 sec this turn | 300 sec total\n|\n|t:|1783549839\n|move|p1a: Mightyena|Throat Chop|p2a: Sudowoodo\n|-crit|p2a: Sudowoodo\n|-damage|p2a: Sudowoodo|0 fnt\n|faint|p2a: Sudowoodo\n|\n|upkeep\n|inactive|Time left: 300 sec this turn | 300 sec total | 5 sec grace\n|\n|t:|1783549840\n|switch|p2a: Zebstrika|Zebstrika, L87, M|272/272\n|turn|6\n|inactive|Time left: 300 sec this turn | 300 sec total\n|\n|t:|1783549841\n|switch|p1a: Golurk|Golurk, L87|100/100\n|move|p2a: Zebstrika|Supercell Slam|p1a: Golurk\n|-immune|p1a: Golurk\n|-damage|p2a: Zebstrika|136/272|[from] supercellslam\n|\n|upkeep\n|turn|7\n|inactive|Time left: 300 sec this turn | 300 sec total\n|\n|t:|1783549843\n|move|p2a: Zebstrika|High Horsepower|p1a: Golurk\n|-damage|p1a: Golurk|68/100\n|-damage|p2a: Zebstrika|109/272|[from] item: Life Orb\n|move|p1a: Golurk|Poltergeist|p2a: Zebstrika\n|-activate|p2a: Zebstrika|move: Poltergeist|Life Orb\n|-damage|p2a: Zebstrika|0 fnt\n|faint|p2a: Zebstrika\n|-damage|p1a: Golurk|58/100|[from] item: Life Orb\n|\n|upkeep\n|inactive|Time left: 300 sec this turn | 300 sec total | 5 sec grace\n|\n|t:|1783549844\n|switch|p2a: Gyarados|Gyarados, L79, M|280/280\n|turn|8\n|inactive|Time left: 300 sec this turn | 300 sec total\n|\n|t:|1783549845\n|-terastallize|p1a: Golurk|Ghost\n|move|p2a: Gyarados|Waterfall|p1a: Golurk\n|-damage|p1a: Golurk|24/100\n|move|p1a: Golurk|Poltergeist|p2a: Gyarados\n|-activate|p2a: Gyarados|move: Poltergeist|Heavy-Duty Boots\n|-damage|p2a: Gyarados|2/280\n|-damage|p1a: Golurk|14/100|[from] item: Life Orb\n|\n|upkeep\n|turn|9\n|inactive|Time left: 300 sec this turn | 300 sec total\n|\n|t:|1783549846\n|switch|p1a: Mightyena|Mightyena, L96, M|46/100\n|-ability|p1a: Mightyena|Intimidate|boost\n|-unboost|p2a: Gyarados|atk|1\n|move|p2a: Gyarados|Waterfall|p1a: Mightyena\n|-damage|p1a: Mightyena|26/100\n|\n|upkeep\n|turn|10\n|inactive|Time left: 300 sec this turn | 300 sec total\n|\n|t:|1783549847\n|move|p1a: Mightyena|Throat Chop|p2a: Gyarados\n|-damage|p2a: Gyarados|0 fnt\n|faint|p2a: Gyarados\n|\n|upkeep\n|inactive|Time left: 300 sec this turn | 300 sec total | 5 sec grace\n|\n|t:|1783549848\n|switch|p2a: Chandelure|Chandelure, L83, F|235/235\n|turn|11\n|inactive|Time left: 300 sec this turn | 300 sec total\n|\n|t:|1783549849\n|move|p1a: Mightyena|Throat Chop|p2a: Chandelure\n|-supereffective|p2a: Chandelure\n|-damage|p2a: Chandelure|47/235\n|-start|p2a: Chandelure|Throat Chop|[silent]\n|move|p2a: Chandelure|Fire Blast|p1a: Mightyena\n|-damage|p1a: Mightyena|0 fnt\n|faint|p1a: Mightyena\n|\n|upkeep\n|\n|t:|1783549851\n|switch|p1a: Flutter Mane|Flutter Mane, L74|100/100\n|turn|12\n|inactive|Time left: 300 sec this turn | 300 sec total\n|\n|t:|1783549852\n|move|p1a: Flutter Mane|Moonblast|p2a: Chandelure\n|-resisted|p2a: Chandelure\n|-damage|p2a: Chandelure|0 fnt\n|faint|p2a: Chandelure\n|-damage|p1a: Flutter Mane|91/100|[from] item: Life Orb\n|\n|upkeep\n|inactive|Time left: 300 sec this turn | 300 sec total | 5 sec grace\n|\n|t:|1783549853\n|switch|p2a: Ditto|Ditto, L87|225/225\n|-transform|p2a: Ditto|p1a: Flutter Mane|[from] ability: Imposter\n|turn|13\n|inactive|Time left: 300 sec this turn | 300 sec total\n|\n|t:|1783549854\n|-end|p2a: Ditto|Protosynthesis|[silent]\n|switch|p2a: Regice|Regice, L88|52/284\n|move|p1a: Flutter Mane|Shadow Ball|p2a: Regice\n|-damage|p2a: Regice|1/284\n|-damage|p1a: Flutter Mane|81/100|[from] item: Life Orb\n|\n|upkeep\n|turn|14\n|inactive|Time left: 300 sec this turn | 300 sec total\n|\n|t:|1783549855\n|switch|p2a: Ditto|Ditto, L87|225/225\n|-transform|p2a: Ditto|p1a: Flutter Mane|[from] ability: Imposter\n|move|p1a: Flutter Mane|Moonblast|p2a: Ditto\n|-damage|p2a: Ditto|115/225\n|-unboost|p2a: Ditto|spa|1\n|-damage|p1a: Flutter Mane|71/100|[from] item: Life Orb\n|\n|upkeep\n|turn|15\n|inactive|Time left: 300 sec this turn | 300 sec total\n|\n|t:|1783549856\n|move|p2a: Ditto|Moonblast|p1a: Flutter Mane\n|-damage|p1a: Flutter Mane|37/100\n|move|p1a: Flutter Mane|Shadow Ball|p2a: Ditto\n|-supereffective|p2a: Ditto\n|-damage|p2a: Ditto|0 fnt\n|faint|p2a: Ditto\n|-end|p2a: Ditto|Protosynthesis|[silent]\n|-damage|p1a: Flutter Mane|27/100|[from] item: Life Orb\n|\n|upkeep\n|inactive|Time left: 300 sec this turn | 300 sec total | 5 sec grace\n|\n|t:|1783549857\n|switch|p2a: Regice|Regice, L88|1/284\n|turn|16\n|inactive|Time left: 300 sec this turn | 300 sec total\n|\n|t:|1783549858\n|-terastallize|p2a: Regice|Electric\n|move|p1a: Flutter Mane|Thunderbolt|p2a: Regice\n|-resisted|p2a: Regice\n|-damage|p2a: Regice|0 fnt\n|faint|p2a: Regice\n|-damage|p1a: Flutter Mane|17/100|[from] item: Life Orb\n|\n|win|p0x923b9a5", "uploadtime": 1783549858, "views": 0, "rating": 0, "private": 0, "password": null, "_winner": "p0x923b9a5", "_our_name": "p0y9232d71"}