{"id": "battle-gen9randombattle-97", "formatid": "gen9randombattle", "format": "[Gen 9] Random Battle", "players": ["p0x097116d", "p0y097ab86"], "log": "|init|battle\n|title|p0x097116d vs. p0y097ab86\n|j|\u2606p0x097116d\n|j|\u2606p0y097ab86\n|t:|1783540318\n|gametype|singles\n|player|p1|p0x097116d|1|\n|player|p2|p0y097ab86|170|\n|gen|9\n|tier|[Gen 9] Random Battle\n|rule|Species Clause: Limit one of each Pok\u00e9mon\n|rule|HP Percentage Mod: HP is shown in percentages\n|rule|Sleep Clause Mod: Limit one foe put to sleep\n|rule|Illusion Level Mod: Illusion disguises the Pok\u00e9mon's true level\n|\n|t:|1783540318\n|teamsize|p1|6\n|teamsize|p2|6\n|start\n|switch|p1a: Perrserker|Perrserker, L89, M|100/100\n|switch|p2a: Chandelure|Chandelure, L83, F|235/235\n|turn|1\n|inactive|Battle timer is ON: inactive players will automatically lose when time's up. (requested by p0y097ab86)\n|\n|t:|1783540319\n|move|p2a: Chandelure|Fire Blast|p1a: Perrserker\n|-supereffective|p1a: Perrserker\n|-damage|p1a: Perrserker|0 fnt\n|faint|p1a: Perrserker\n|\n|upkeep\n|inactive|p0x097116d also wants the timer to be on.\n|\n|t:|1783540320\n|switch|p1a: Floatzel|Floatzel, L86, F|100/100\n|turn|2\n|inactive|Time left: 300 sec this turn | 300 sec total\n|\n|t:|1783540322\n|move|p2a: Chandelure|Fire Blast|p1a: Floatzel\n|-resisted|p1a: Floatzel\n|-damage|p1a: Floatzel|59/100\n|move|p1a: Floatzel|Wave Crash|p2a: Chandelure\n|-supereffective|p2a: Chandelure\n|-damage|p2a: Chandelure|0 fnt\n|faint|p2a: Chandelure\n|-damage|p1a: Floatzel|31/100|[from] Recoil\n|\n|upkeep\n|inactive|Time left: 300 sec this turn | 300 sec total | 5 sec grace\n|\n|t:|1783540323\n|switch|p2a: Wugtrio|Wugtrio, L91, M|212/212\n|turn|3\n|inactive|Time left: 300 sec this turn | 300 sec total\n|\n|t:|1783540324\n|switch|p1a: Leafeon|Leafeon, L88, F|100/100\n|move|p2a: Wugtrio|Liquidation|p1a: Leafeon\n|-resisted|p1a: Leafeon\n|-damage|p1a: Leafeon|79/100\n|\n|upkeep\n|turn|4\n|inactive|Time left: 300 sec this turn | 300 sec total\n|\n|t:|1783540325\n|switch|p2a: Gogoat|Gogoat, L88, F|360/360\n|move|p1a: Leafeon|Swords Dance|p1a: Leafeon\n|-boost|p1a: Leafeon|atk|2\n|\n|upkeep\n|turn|5\n|inactive|Time left: 300 sec this turn | 300 sec total\n|\n|t:|1783540326\n|move|p1a: Leafeon|Knock Off|p2a: Gogoat\n|-damage|p2a: Gogoat|113/360\n|-enditem|p2a: Gogoat|Leftovers|[from] move: Knock Off|[of] p1a: Leafeon\n|-damage|p1a: Leafeon|69/100|[from] item: Life Orb\n|move|p2a: Gogoat|Bulk Up|p2a: Gogoat\n|-boost|p2a: Gogoat|atk|1\n|-boost|p2a: Gogoat|def|1\n|\n|upkeep\n|turn|6\n|inactive|Time left: 300 sec this turn | 300 sec total\n|\n|t:|1783540327\n|move|p1a: Leafeon|Knock Off|p2a: Gogoat\n|-damage|p2a: Gogoat|0 fnt\n|faint|p2a: Gogoat\n|-damage|p1a: Leafeon|59/100|[from] item: Life Orb\n|\n|upkeep\n|inactive|Time left: 300 sec this turn | 300 sec total | 5 sec grace\n|\n|t:|1783540328\n|switch|p2a: Lucario|Lucario, L84, M|255/255\n|turn|7\n|inactive|Time left: 300 sec this turn | 300 sec total\n|\n|t:|1783540329\n|move|p1a: Leafeon|Leaf Blade|p2a: Lucario\n|-resisted|p2a: Lucario\n|-damage|p2a: Lucario|65/255\n|-damage|p1a: Leafeon|50/100|[from] item: Life Orb\n|move|p2a: Lucario|Close Combat|p1a: Leafeon\n|-damage|p1a: Leafeon|0 fnt\n|-unboost|p2a: Lucario|def|1\n|-unboost|p2a: Lucario|spd|1\n|faint|p1a: Leafeon\n|\n|upkeep\n|\n|t:|1783540330\n|switch|p1a: Mewtwo|Mewtwo, L72|100/100\n|-ability|p1a: Mewtwo|Unnerve\n|turn|8\n|inactive|Time left: 300 sec this turn | 300 sec total\n|\n|t:|1783540331\n|move|p1a: Mewtwo|Psystrike|p2a: Lucario\n|-damage|p2a: Lucario|0 fnt\n|faint|p2a: Lucario\n|-damage|p1a: Mewtwo|91/100|[from] item: Life Orb\n|\n|upkeep\n|inactive|Time left: 300 sec this turn | 300 sec total | 5 sec grace\n|\n|t:|1783540332\n|switch|p2a: Arcanine|Arcanine-Hisui, L79, M|279/279\n|turn|9\n|inactive|Time left: 300 sec this turn | 300 sec total\n|\n|t:|1783540333\n|move|p1a: Mewtwo|Aura Sphere|p2a: Arcanine\n|-supereffective|p2a: Arcanine\n|-damage|p2a: Arcanine|89/279\n|-damage|p1a: Mewtwo|81/100|[from] item: Life Orb\n|move|p2a: Arcanine|Head Smash|p1a: Mewtwo\n|-damage|p1a: Mewtwo|0 fnt\n|faint|p1a: Mewtwo\n|\n|upkeep\n|\n|t:|1783540334\n|switch|p1a: Floatzel|Floatzel, L86, F|31/100\n|turn|10\n|inactive|Time left: 300 sec this turn | 300 sec total\n|\n|t:|1783540335\n|switch|p2a: Primarina|Primarina, L83, M|268/268\n|move|p1a: Floatzel|Crunch|p2a: Primarina\n|-resisted|p2a: Primarina\n|-damage|p2a: Primarina|218/268\n|-unboost|p2a: Primarina|def|1\n|\n|-heal|p2a: Primarina|234/268|[from] item: Leftovers\n|upkeep\n|turn|11\n|inactive|Time left: 300 sec this turn | 300 sec total\n|\n|t:|1783540336\n|move|p1a: Floatzel|Crunch|p2a: Primarina\n|-resisted|p2a: Primarina\n|-damage|p2a: Primarina|146/268\n|-unboost|p2a: Primarina|def|1\n|move|p2a: Primarina|Draining Kiss|p1a: Floatzel\n|-damage|p1a: Floatzel|0 fnt\n|-heal|p2a: Primarina|212/268|[from] drain|[of] p1a: Floatzel\n|faint|p1a: Floatzel\n|\n|-heal|p2a: Primarina|228/268|[from] item: Leftovers\n|upkeep\n|\n|t:|1783540337\n|switch|p1a: Baxcalibur|Baxcalibur, L75, F|100/100\n|turn|12\n|inactive|Time left: 300 sec this turn | 300 sec total\n|\n|t:|1783540338\n|-terastallize|p1a: Baxcalibur|Ground\n|move|p1a: Baxcalibur|Earthquake|p2a: Primarina\n|-damage|p2a: Primarina|0 fnt\n|faint|p2a: Primarina\n|\n|upkeep\n|inactive|Time left: 300 sec this turn | 300 sec total | 5 sec grace\n|\n|t:|1783540338\n|switch|p2a: Wugtrio|Wugtrio, L91, M|212/212\n|turn|13\n|inactive|Time left: 300 sec this turn | 300 sec total\n|\n|t:|1783540339\n|-terastallize|p2a: Wugtrio|Water\n|move|p2a: Wugtrio|Liquidation|p1a: Baxcalibur\n|-supereffective|p1a: Baxcalibur\n|-damage|p1a: Baxcalibur|0 fnt\n|faint|p1a: Baxcalibur\n|\n|upkeep\n|\n|t:|1783540340\n|switch|p1a: Manaphy|Manaphy, L78|100/100\n|turn|14\n|inactive|Time left: 300 sec this turn | 300 sec total\n|\n|t:|1783540341\n|move|p2a: Wugtrio|Liquidation|p1a: Manaphy\n|-resisted|p1a: Manaphy\n|-crit|p1a: Manaphy\n|-damage|p1a: Manaphy|43/100\n|move|p1a: Manaphy|Tail Glow|p1a: Manaphy\n|-boost|p1a: Manaphy|spa|3\n|\n|-heal|p1a: Manaphy|49/100|[from] item: Leftovers\n|upkeep\n|turn|15\n|inactive|Time left: 300 sec this turn | 300 sec total\n|\n|t:|1783540342\n|move|p2a: Wugtrio|Liquidation|p1a: Manaphy\n|-resisted|p1a: Manaphy\n|-damage|p1a: Manaphy|12/100\n|move|p1a: Manaphy|Ice Beam|p2a: Wugtrio\n|-resisted|p2a: Wugtrio\n|-damage|p2a: Wugtrio|129/212\n|-status|p2a: Wugtrio|frz\n|\n|-heal|p1a: Manaphy|18/100|[from] item: Leftovers\n|upkeep\n|turn|16\n|inactive|Time left: 300 sec this turn | 300 sec total\n|\n|t:|1783540343\n|cant|p2a: Wugtrio|frz\n|move|p1a: Manaphy|Energy Ball|p2a: Wugtrio\n|-supereffective|p2a: Wugtrio\n|-damage|p2a: Wugtrio|0 fnt\n|faint|p2a: Wugtrio\n|\n|-heal|p1a: Manaphy|24/100|[from] item: Leftovers\n|upkeep\n|inactive|Time left: 300 sec this turn | 300 sec total | 5 sec grace\n|\n|t:|1783540344\n|switch|p2a: Arcanine|Arcanine-Hisui, L79, M|89/279\n|turn|17\n|inactive|Time left: 300 sec this turn | 300 sec total\n|\n|t:|1783540345\n|move|p2a: Arcanine|Extreme Speed|p1a: Manaphy\n|-damage|p1a: Manaphy|0 fnt\n|faint|p1a: Manaphy\n|\n|win|p0y097ab86", "uploadtime": 1783540345, "views": 0, "rating": 0, "private": 0, "password": null, "_winner": "p0y097ab86", "_our_name": "p0y097ab86"}