{"id": "battle-gen9randombattle-2383", "formatid": "gen9randombattle", "format": "[Gen 9] Random Battle", "players": ["p0x238397e3", "p0y23830ab3"], "log": "|init|battle\n|title|p0x238397e3 vs. p0y23830ab3\n|j|\u2606p0x238397e3\n|j|\u2606p0y23830ab3\n|t:|1783567662\n|gametype|singles\n|player|p1|p0x238397e3|101|\n|player|p2|p0y23830ab3|2|\n|gen|9\n|tier|[Gen 9] Random Battle\n|rule|Species Clause: Limit one of each Pok\u00e9mon\n|rule|HP Percentage Mod: HP is shown in percentages\n|rule|Sleep Clause Mod: Limit one foe put to sleep\n|rule|Illusion Level Mod: Illusion disguises the Pok\u00e9mon's true level\n|\n|t:|1783567662\n|teamsize|p1|6\n|teamsize|p2|6\n|start\n|switch|p1a: Greninja|Greninja, L80, M|100/100\n|switch|p2a: Slowbro|Slowbro, L85, M|300/300\n|turn|1\n|inactive|Battle timer is ON: inactive players will automatically lose when time's up. (requested by p0x238397e3)\n|inactive|Time left: 300 sec this turn | 300 sec total | 60 sec grace\n|inactive|p0y23830ab3 also wants the timer to be on.\n|\n|t:|1783567663\n|switch|p1a: Enamorus|Enamorus-Therian, L83, F|100/100\n|move|p2a: Slowbro|Scald|p1a: Enamorus\n|-damage|p1a: Enamorus|68/100\n|\n|upkeep\n|turn|2\n|inactive|Time left: 300 sec this turn | 300 sec total\n|\n|t:|1783567665\n|move|p1a: Enamorus|Moonblast|p2a: Slowbro\n|-damage|p2a: Slowbro|152/300\n|move|p2a: Slowbro|Scald|p1a: Enamorus\n|-damage|p1a: Enamorus|35/100\n|\n|-heal|p2a: Slowbro|170/300|[from] item: Leftovers\n|upkeep\n|turn|3\n|inactive|Time left: 300 sec this turn | 300 sec total\n|\n|t:|1783567666\n|switch|p2a: Flareon|Flareon, L90, M|263/263\n|move|p1a: Enamorus|Moonblast|p2a: Flareon\n|-resisted|p2a: Flareon\n|-damage|p2a: Flareon|212/263\n|-unboost|p2a: Flareon|spa|1\n|\n|-status|p2a: Flareon|tox|[from] item: Toxic Orb\n|upkeep\n|turn|4\n|inactive|Time left: 300 sec this turn | 300 sec total\n|\n|t:|1783567667\n|switch|p1a: Misdreavus|Misdreavus, L90, M|100/100\n|move|p2a: Flareon|Facade|p1a: Misdreavus\n|-immune|p1a: Misdreavus\n|\n|-damage|p2a: Flareon|196/263 tox|[from] psn\n|upkeep\n|turn|5\n|inactive|Time left: 300 sec this turn | 300 sec total\n|\n|t:|1783567668\n|move|p1a: Misdreavus|Shadow Ball|p2a: Flareon\n|-damage|p2a: Flareon|123/263 tox\n|move|p2a: Flareon|Flare Blitz|p1a: Misdreavus\n|-damage|p1a: Misdreavus|12/100\n|-damage|p2a: Flareon|48/263 tox|[from] Recoil\n|\n|-damage|p2a: Flareon|16/263 tox|[from] psn\n|upkeep\n|turn|6\n|inactive|Time left: 300 sec this turn | 300 sec total\n|\n|t:|1783567669\n|move|p1a: Misdreavus|Shadow Ball|p2a: Flareon\n|-damage|p2a: Flareon|0 fnt\n|faint|p2a: Flareon\n|\n|upkeep\n|inactive|Time left: 300 sec this turn | 300 sec total | 5 sec grace\n|\n|t:|1783567670\n|switch|p2a: Mabosstiff|Mabosstiff, L86, F|278/278\n|turn|7\n|inactive|Time left: 300 sec this turn | 300 sec total\n|\n|t:|1783567671\n|move|p2a: Mabosstiff|Crunch|p1a: Misdreavus\n|-supereffective|p1a: Misdreavus\n|-damage|p1a: Misdreavus|0 fnt\n|faint|p1a: Misdreavus\n|\n|upkeep\n|\n|t:|1783567672\n|switch|p1a: Ribombee|Ribombee, L83, M|100/100\n|turn|8\n|inactive|Time left: 300 sec this turn | 300 sec total\n|\n|t:|1783567673\n|switch|p2a: Gumshoos|Gumshoos, L95, M|321/321\n|move|p1a: Ribombee|Sticky Web|p2a: Gumshoos\n|-sidestart|p2: p0y23830ab3|move: Sticky Web\n|\n|upkeep\n|turn|9\n|inactive|Time left: 300 sec this turn | 300 sec total\n|\n|t:|1783567674\n|move|p1a: Ribombee|Bug Buzz|p2a: Gumshoos\n|-damage|p2a: Gumshoos|221/321\n|-unboost|p2a: Gumshoos|spd|1\n|move|p2a: Gumshoos|Double-Edge|p1a: Ribombee\n|-damage|p1a: Ribombee|0 fnt\n|faint|p1a: Ribombee\n|-damage|p2a: Gumshoos|143/321|[from] Recoil\n|\n|upkeep\n|\n|t:|1783567675\n|switch|p1a: Greninja|Greninja, L80, M|100/100\n|turn|10\n|inactive|Time left: 300 sec this turn | 300 sec total\n|\n|t:|1783567675\n|switch|p2a: Tatsugiri|Tatsugiri, L87, F|260/260\n|move|p1a: Greninja|Dark Pulse|p2a: Tatsugiri\n|-damage|p2a: Tatsugiri|161/260\n|-damage|p1a: Greninja|91/100|[from] item: Life Orb\n|\n|upkeep\n|turn|11\n|inactive|Time left: 300 sec this turn | 300 sec total\n|\n|t:|1783567676\n|-terastallize|p1a: Greninja|Poison\n|-terastallize|p2a: Tatsugiri|Steel\n|move|p1a: Greninja|Gunk Shot|p2a: Tatsugiri\n|-immune|p2a: Tatsugiri\n|move|p2a: Tatsugiri|Rapid Spin|p1a: Greninja\n|-damage|p1a: Greninja|78/100\n|-boost|p2a: Tatsugiri|spe|1\n|-sideend|p2: p0y23830ab3|Sticky Web|[from] move: Rapid Spin|[of] p2a: Tatsugiri\n|\n|upkeep\n|turn|12\n|inactive|Time left: 300 sec this turn | 300 sec total\n|\n|t:|1783567677\n|switch|p1a: Brute Bonnet|Brute Bonnet, L80|100/100\n|move|p2a: Tatsugiri|Nasty Plot|p2a: Tatsugiri\n|-boost|p2a: Tatsugiri|spa|2\n|\n|upkeep\n|turn|13\n|inactive|Time left: 300 sec this turn | 300 sec total\n|\n|t:|1783567678\n|move|p1a: Brute Bonnet|Sucker Punch|p2a: Tatsugiri\n|-damage|p2a: Tatsugiri|50/260\n|move|p2a: Tatsugiri|Draco Meteor|p1a: Brute Bonnet\n|-damage|p1a: Brute Bonnet|0 fnt\n|-unboost|p2a: Tatsugiri|spa|2\n|faint|p1a: Brute Bonnet\n|-end|p1a: Brute Bonnet|Protosynthesis|[silent]\n|\n|upkeep\n|\n|t:|1783567679\n|switch|p1a: Grafaiai|Grafaiai, L86, F|100/100\n|turn|14\n|inactive|Time left: 300 sec this turn | 300 sec total\n|\n|t:|1783567680\n|move|p1a: Grafaiai|Parting Shot|p2a: Tatsugiri\n|-unboost|p2a: Tatsugiri|atk|1\n|-unboost|p2a: Tatsugiri|spa|1\n|\n|t:|1783567681\n|switch|p1a: Enamorus|Enamorus-Therian, L83, F|35/100|[from] Parting Shot\n|move|p2a: Tatsugiri|Surf|p1a: Enamorus\n|-damage|p1a: Enamorus|6/100\n|\n|upkeep\n|turn|15\n|inactive|Time left: 300 sec this turn | 300 sec total\n|\n|t:|1783567682\n|move|p2a: Tatsugiri|Surf|p1a: Enamorus\n|-crit|p1a: Enamorus\n|-damage|p1a: Enamorus|0 fnt\n|faint|p1a: Enamorus\n|\n|upkeep\n|\n|t:|1783567682\n|switch|p1a: Greninja|Greninja, L80, M, tera:Poison|78/100\n|turn|16\n|inactive|Time left: 300 sec this turn | 300 sec total\n|\n|t:|1783567683\n|move|p2a: Tatsugiri|Surf|p1a: Greninja\n|-damage|p1a: Greninja|36/100\n|move|p1a: Greninja|Dark Pulse|p2a: Tatsugiri\n|-damage|p2a: Tatsugiri|0 fnt\n|faint|p2a: Tatsugiri\n|-ability|p1a: Greninja|Battle Bond|boost\n|-boost|p1a: Greninja|atk|1\n|-boost|p1a: Greninja|spa|1\n|-boost|p1a: Greninja|spe|1\n|-activate|p1a: Greninja|ability: Battle Bond\n|-damage|p1a: Greninja|27/100|[from] item: Life Orb\n|\n|upkeep\n|inactive|Time left: 300 sec this turn | 300 sec total | 5 sec grace\n|\n|t:|1783567685\n|switch|p2a: Muk|Muk, L86, M|321/321\n|turn|17\n|inactive|Time left: 300 sec this turn | 300 sec total\n|\n|t:|1783567686\n|move|p1a: Greninja|Hydro Pump|p2a: Muk\n|-damage|p2a: Muk|118/321\n|-damage|p1a: Greninja|17/100|[from] item: Life Orb\n|move|p2a: Muk|Drain Punch|p1a: Greninja\n|-resisted|p1a: Greninja\n|-damage|p1a: Greninja|0 fnt\n|-heal|p2a: Muk|138/321|[from] drain|[of] p1a: Greninja\n|faint|p1a: Greninja\n|\n|upkeep\n|\n|t:|1783567687\n|switch|p1a: Grafaiai|Grafaiai, L86, F|100/100\n|turn|18\n|inactive|Time left: 300 sec this turn | 300 sec total\n|\n|t:|1783567687\n|move|p1a: Grafaiai|Gunk Shot|p2a: Muk\n|-resisted|p2a: Muk\n|-damage|p2a: Muk|66/321\n|move|p2a: Muk|Drain Punch|p1a: Grafaiai\n|-damage|p1a: Grafaiai|54/100\n|-heal|p2a: Muk|124/321|[from] drain|[of] p1a: Grafaiai\n|\n|upkeep\n|turn|19\n|inactive|Time left: 300 sec this turn | 300 sec total\n|\n|t:|1783567688\n|move|p1a: Grafaiai|Gunk Shot|p2a: Muk|[miss]\n|-miss|p1a: Grafaiai|p2a: Muk\n|move|p2a: Muk|Drain Punch|p1a: Grafaiai\n|-damage|p1a: Grafaiai|11/100\n|-heal|p2a: Muk|179/321|[from] drain|[of] p1a: Grafaiai\n|\n|upkeep\n|turn|20\n|inactive|Time left: 300 sec this turn | 300 sec total\n|\n|t:|1783567689\n|move|p1a: Grafaiai|Knock Off|p2a: Muk\n|-damage|p2a: Muk|100/321\n|-enditem|p2a: Muk|Choice Band|[from] move: Knock Off|[of] p1a: Grafaiai\n|move|p2a: Muk|Drain Punch|p1a: Grafaiai\n|-damage|p1a: Grafaiai|0 fnt\n|-heal|p2a: Muk|113/321|[from] drain|[of] p1a: Grafaiai\n|faint|p1a: Grafaiai\n|\n|win|p0y23830ab3", "uploadtime": 1783567689, "views": 0, "rating": 0, "private": 0, "password": null, "_winner": "p0y23830ab3", "_our_name": "p0y23830ab3"}