{"id": "battle-gen9randombattle-744", "formatid": "gen9randombattle", "format": "[Gen 9] Random Battle", "players": ["p0x7449b6a", "p0y744df37"], "log": "|init|battle\n|title|p0x7449b6a vs. p0y744df37\n|j|\u2606p0x7449b6a\n|j|\u2606p0y744df37\n|t:|1783548444\n|gametype|singles\n|player|p1|p0x7449b6a|2|\n|player|p2|p0y744df37|102|\n|gen|9\n|tier|[Gen 9] Random Battle\n|rule|Species Clause: Limit one of each Pok\u00e9mon\n|rule|HP Percentage Mod: HP is shown in percentages\n|rule|Sleep Clause Mod: Limit one foe put to sleep\n|rule|Illusion Level Mod: Illusion disguises the Pok\u00e9mon's true level\n|\n|t:|1783548444\n|teamsize|p1|6\n|teamsize|p2|6\n|start\n|switch|p1a: Sandslash|Sandslash-Alola, L88, M|100/100\n|switch|p2a: Goodra|Goodra-Hisui, L82, M|265/265\n|turn|1\n|inactive|Battle timer is ON: inactive players will automatically lose when time's up. (requested by p0x7449b6a)\n|inactive|Time left: 300 sec this turn | 300 sec total | 60 sec grace\n|inactive|p0y744df37 also wants the timer to be on.\n|\n|t:|1783548446\n|switch|p2a: Bastiodon|Bastiodon, L89, F|252/252\n|move|p1a: Sandslash|Triple Axel|p2a: Bastiodon|[miss]\n|-miss|p1a: Sandslash|p2a: Bastiodon\n|\n|upkeep\n|turn|2\n|inactive|Time left: 300 sec this turn | 300 sec total\n|\n|t:|1783548447\n|move|p1a: Sandslash|Earthquake|p2a: Bastiodon\n|-supereffective|p2a: Bastiodon\n|-damage|p2a: Bastiodon|88/252\n|move|p2a: Bastiodon|Body Press|p1a: Sandslash\n|-supereffective|p1a: Sandslash\n|-damage|p1a: Sandslash|0 fnt\n|faint|p1a: Sandslash\n|\n|upkeep\n|\n|t:|1783548448\n|switch|p1a: Calyrex|Calyrex-Shadow, L64|100/100\n|-ability|p1a: Calyrex|As One\n|-ability|p1a: Calyrex|Unnerve\n|turn|3\n|inactive|Time left: 300 sec this turn | 300 sec total\n|\n|t:|1783548449\n|switch|p2a: Goodra|Goodra-Hisui, L82, M|265/265\n|move|p1a: Calyrex|Astral Barrage|p2a: Goodra\n|-damage|p2a: Goodra|184/265\n|\n|upkeep\n|turn|4\n|inactive|Time left: 300 sec this turn | 300 sec total\n|\n|t:|1783548450\n|move|p1a: Calyrex|Astral Barrage|p2a: Goodra\n|-damage|p2a: Goodra|111/265\n|move|p2a: Goodra|Heavy Slam|p1a: Calyrex\n|-damage|p1a: Calyrex|29/100\n|\n|upkeep\n|turn|5\n|inactive|Time left: 300 sec this turn | 300 sec total\n|\n|t:|1783548451\n|move|p1a: Calyrex|Astral Barrage|p2a: Goodra\n|-damage|p2a: Goodra|36/265\n|move|p2a: Goodra|Heavy Slam|p1a: Calyrex\n|-damage|p1a: Calyrex|0 fnt\n|faint|p1a: Calyrex\n|\n|upkeep\n|\n|t:|1783548452\n|switch|p1a: Swanna|Swanna, L89, M|100/100\n|turn|6\n|inactive|Time left: 300 sec this turn | 300 sec total\n|\n|t:|1783548454\n|switch|p2a: Tatsugiri|Tatsugiri, L87, F|260/260\n|move|p1a: Swanna|Brave Bird|p2a: Tatsugiri\n|-damage|p2a: Tatsugiri|86/260\n|-damage|p1a: Swanna|80/100|[from] Recoil\n|\n|upkeep\n|turn|7\n|inactive|Time left: 300 sec this turn | 300 sec total\n|\n|t:|1783548455\n|switch|p2a: Whiscash|Whiscash, L88, M|337/337\n|move|p1a: Swanna|Brave Bird|p2a: Whiscash\n|-damage|p2a: Whiscash|199/337\n|-damage|p1a: Swanna|63/100|[from] Recoil\n|\n|upkeep\n|turn|8\n|inactive|Time left: 300 sec this turn | 300 sec total\n|\n|t:|1783548456\n|move|p1a: Swanna|Brave Bird|p2a: Whiscash\n|-damage|p2a: Whiscash|54/337\n|-damage|p1a: Swanna|46/100|[from] Recoil\n|move|p2a: Whiscash|Stone Edge|p1a: Swanna\n|-supereffective|p1a: Swanna\n|-damage|p1a: Swanna|0 fnt\n|faint|p1a: Swanna\n|-damage|p2a: Whiscash|21/337|[from] item: Life Orb\n|\n|upkeep\n|\n|t:|1783548457\n|switch|p1a: Venusaur|Venusaur, L84, M|100/100\n|turn|9\n|inactive|Time left: 300 sec this turn | 300 sec total\n|\n|t:|1783548458\n|switch|p2a: Goodra|Goodra-Hisui, L82, M|36/265\n|move|p1a: Venusaur|Knock Off|p2a: Goodra\n|-damage|p2a: Goodra|0 fnt\n|-enditem|p2a: Goodra|Assault Vest|[from] move: Knock Off|[of] p1a: Venusaur\n|faint|p2a: Goodra\n|\n|upkeep\n|inactive|Time left: 300 sec this turn | 300 sec total | 5 sec grace\n|\n|t:|1783548459\n|switch|p2a: Flamigo|Flamigo, L82, M|269/269\n|turn|10\n|inactive|Time left: 300 sec this turn | 300 sec total\n|\n|t:|1783548460\n|switch|p1a: Sudowoodo|Sudowoodo, L94, F|100/100\n|move|p2a: Flamigo|Brave Bird|p1a: Sudowoodo\n|-resisted|p1a: Sudowoodo\n|-damage|p1a: Sudowoodo|75/100\n|-damage|p2a: Flamigo|246/269|[from] Recoil\n|\n|-heal|p1a: Sudowoodo|81/100|[from] item: Leftovers\n|upkeep\n|turn|11\n|inactive|Time left: 300 sec this turn | 300 sec total\n|\n|t:|1783548461\n|move|p2a: Flamigo|Brave Bird|p1a: Sudowoodo\n|-resisted|p1a: Sudowoodo\n|-damage|p1a: Sudowoodo|55/100\n|-damage|p2a: Flamigo|221/269|[from] Recoil\n|move|p1a: Sudowoodo|Head Smash|p2a: Flamigo\n|-damage|p2a: Flamigo|5/269\n|\n|-heal|p1a: Sudowoodo|61/100|[from] item: Leftovers\n|upkeep\n|turn|12\n|inactive|Time left: 300 sec this turn | 300 sec total\n|\n|t:|1783548462\n|move|p2a: Flamigo|Brave Bird|p1a: Sudowoodo\n|-resisted|p1a: Sudowoodo\n|-damage|p1a: Sudowoodo|34/100\n|-damage|p2a: Flamigo|0 fnt|[from] Recoil\n|faint|p2a: Flamigo\n|move|p1a: Sudowoodo|Stealth Rock|p2: Flamigo\n|-sidestart|p2: p0y744df37|move: Stealth Rock\n|\n|-heal|p1a: Sudowoodo|40/100|[from] item: Leftovers\n|upkeep\n|inactive|Time left: 300 sec this turn | 300 sec total | 5 sec grace\n|\n|t:|1783548463\n|switch|p2a: Tatsugiri|Tatsugiri, L87, F|86/260\n|turn|13\n|inactive|Time left: 300 sec this turn | 300 sec total\n|\n|t:|1783548464\n|switch|p1a: Venusaur|Venusaur, L84, M|100/100\n|move|p2a: Tatsugiri|Surf|p1a: Venusaur\n|-resisted|p1a: Venusaur\n|-crit|p1a: Venusaur\n|-damage|p1a: Venusaur|71/100\n|\n|-heal|p1a: Venusaur|77/100|[from] item: Leftovers\n|upkeep\n|turn|14\n|inactive|Time left: 300 sec this turn | 300 sec total\n|\n|t:|1783548465\n|move|p2a: Tatsugiri|Rapid Spin|p1a: Venusaur\n|-damage|p1a: Venusaur|67/100\n|-boost|p2a: Tatsugiri|spe|1\n|-sideend|p2: p0y744df37|Stealth Rock|[from] move: Rapid Spin|[of] p2a: Tatsugiri\n|move|p1a: Venusaur|Energy Ball|p2a: Tatsugiri\n|-damage|p2a: Tatsugiri|0 fnt\n|faint|p2a: Tatsugiri\n|\n|-heal|p1a: Venusaur|73/100|[from] item: Leftovers\n|upkeep\n|inactive|Time left: 300 sec this turn | 300 sec total | 5 sec grace\n|\n|t:|1783548466\n|switch|p2a: Bastiodon|Bastiodon, L89, F|88/252\n|turn|15\n|inactive|Time left: 300 sec this turn | 300 sec total\n|\n|t:|1783548467\n|move|p1a: Venusaur|Knock Off|p2a: Bastiodon\n|-damage|p2a: Bastiodon|54/252\n|-enditem|p2a: Bastiodon|Chesto Berry|[from] move: Knock Off|[of] p1a: Venusaur\n|move|p2a: Bastiodon|Rest|p2a: Bastiodon\n|-status|p2a: Bastiodon|slp|[from] move: Rest\n|-heal|p2a: Bastiodon|252/252 slp|[silent]\n|\n|-heal|p1a: Venusaur|80/100|[from] item: Leftovers\n|upkeep\n|turn|16\n|inactive|Time left: 300 sec this turn | 300 sec total\n|\n|t:|1783548468\n|switch|p2a: Clodsire|Clodsire, L81, F|343/343\n|move|p1a: Venusaur|Energy Ball|p2a: Clodsire\n|-damage|p2a: Clodsire|258/343\n|\n|-heal|p1a: Venusaur|86/100|[from] item: Leftovers\n|-heal|p2a: Clodsire|279/343|[from] item: Leftovers\n|upkeep\n|turn|17\n|inactive|Time left: 300 sec this turn | 300 sec total\n|\n|t:|1783548470\n|move|p1a: Venusaur|Knock Off|p2a: Clodsire\n|-damage|p2a: Clodsire|191/343\n|-enditem|p2a: Clodsire|Leftovers|[from] move: Knock Off|[of] p1a: Venusaur\n|move|p2a: Clodsire|Earthquake|p1a: Venusaur\n|-damage|p1a: Venusaur|53/100\n|\n|-heal|p1a: Venusaur|59/100|[from] item: Leftovers\n|upkeep\n|turn|18\n|inactive|Time left: 300 sec this turn | 300 sec total\n|\n|t:|1783548471\n|move|p1a: Venusaur|Synthesis|p1a: Venusaur\n|-heal|p1a: Venusaur|100/100\n|move|p2a: Clodsire|Recover|p2a: Clodsire\n|-heal|p2a: Clodsire|343/343\n|\n|upkeep\n|turn|19\n|inactive|Time left: 300 sec this turn | 300 sec total\n|\n|t:|1783548472\n|move|p1a: Venusaur|Energy Ball|p2a: Clodsire\n|-damage|p2a: Clodsire|252/343\n|move|p2a: Clodsire|Earthquake|p1a: Venusaur\n|-damage|p1a: Venusaur|68/100\n|\n|-heal|p1a: Venusaur|74/100|[from] item: Leftovers\n|upkeep\n|turn|20\n|inactive|Time left: 300 sec this turn | 300 sec total\n|\n|t:|1783548474\n|move|p1a: Venusaur|Energy Ball|p2a: Clodsire\n|-damage|p2a: Clodsire|162/343\n|move|p2a: Clodsire|Earthquake|p1a: Venusaur\n|-damage|p1a: Venusaur|45/100\n|\n|-heal|p1a: Venusaur|52/100|[from] item: Leftovers\n|upkeep\n|turn|21\n|inactive|Time left: 300 sec this turn | 300 sec total\n|\n|t:|1783548475\n|move|p1a: Venusaur|Synthesis|p1a: Venusaur\n|-heal|p1a: Venusaur|100/100\n|move|p2a: Clodsire|Recover|p2a: Clodsire\n|-heal|p2a: Clodsire|334/343\n|\n|upkeep\n|turn|22\n|inactive|Time left: 300 sec this turn | 300 sec total\n|\n|t:|1783548476\n|move|p1a: Venusaur|Energy Ball|p2a: Clodsire\n|-damage|p2a: Clodsire|241/343\n|move|p2a: Clodsire|Earthquake|p1a: Venusaur\n|-damage|p1a: Venusaur|69/100\n|\n|-heal|p1a: Venusaur|75/100|[from] item: Leftovers\n|upkeep\n|turn|23\n|inactive|Time left: 300 sec this turn | 300 sec total\n|\n|t:|1783548478\n|move|p1a: Venusaur|Energy Ball|p2a: Clodsire\n|-damage|p2a: Clodsire|148/343\n|move|p2a: Clodsire|Earthquake|p1a: Venusaur\n|-damage|p1a: Venusaur|46/100\n|\n|-heal|p1a: Venusaur|52/100|[from] item: Leftovers\n|upkeep\n|turn|24\n|inactive|Time left: 300 sec this turn | 300 sec total\n|\n|t:|1783548479\n|move|p1a: Venusaur|Energy Ball|p2a: Clodsire\n|-damage|p2a: Clodsire|61/343\n|move|p2a: Clodsire|Recover|p2a: Clodsire\n|-heal|p2a: Clodsire|233/343\n|\n|-heal|p1a: Venusaur|58/100|[from] item: Leftovers\n|upkeep\n|turn|25\n|inactive|Time left: 300 sec this turn | 300 sec total\n|\n|t:|1783548481\n|move|p1a: Venusaur|Synthesis|p1a: Venusaur\n|-heal|p1a: Venusaur|100/100\n|move|p2a: Clodsire|Recover|p2a: Clodsire\n|-heal|p2a: Clodsire|343/343\n|\n|upkeep\n|turn|26\n|inactive|Time left: 300 sec this turn | 300 sec total\n|\n|t:|1783548482\n|move|p1a: Venusaur|Energy Ball|p2a: Clodsire\n|-damage|p2a: Clodsire|255/343\n|move|p2a: Clodsire|Earthquake|p1a: Venusaur\n|-crit|p1a: Venusaur\n|-damage|p1a: Venusaur|54/100\n|\n|-heal|p1a: Venusaur|60/100|[from] item: Leftovers\n|upkeep\n|turn|27\n|inactive|Time left: 300 sec this turn | 300 sec total\n|\n|t:|1783548483\n|move|p1a: Venusaur|Synthesis|p1a: Venusaur\n|-heal|p1a: Venusaur|100/100\n|move|p2a: Clodsire|Earthquake|p1a: Venusaur\n|-damage|p1a: Venusaur|71/100\n|\n|-heal|p1a: Venusaur|78/100|[from] item: Leftovers\n|upkeep\n|turn|28\n|inactive|Time left: 300 sec this turn | 300 sec total\n|\n|t:|1783548485\n|move|p1a: Venusaur|Synthesis|p1a: Venusaur\n|-heal|p1a: Venusaur|100/100\n|move|p2a: Clodsire|Earthquake|p1a: Venusaur\n|-damage|p1a: Venusaur|69/100\n|\n|-heal|p1a: Venusaur|75/100|[from] item: Leftovers\n|upkeep\n|turn|29\n|inactive|Time left: 300 sec this turn | 300 sec total\n|\n|t:|1783548486\n|move|p1a: Venusaur|Energy Ball|p2a: Clodsire\n|-damage|p2a: Clodsire|161/343\n|move|p2a: Clodsire|Earthquake|p1a: Venusaur\n|-damage|p1a: Venusaur|45/100\n|\n|-heal|p1a: Venusaur|51/100|[from] item: Leftovers\n|upkeep\n|turn|30\n|inactive|Time left: 300 sec this turn | 300 sec total\n|\n|t:|1783548487\n|move|p1a: Venusaur|Synthesis|p1a: Venusaur\n|-heal|p1a: Venusaur|100/100\n|move|p2a: Clodsire|Recover|p2a: Clodsire\n|-heal|p2a: Clodsire|333/343\n|\n|upkeep\n|turn|31\n|inactive|Time left: 300 sec this turn | 300 sec total\n|\n|t:|1783548488\n|move|p1a: Venusaur|Energy Ball|p2a: Clodsire\n|-damage|p2a: Clodsire|236/343\n|move|p2a: Clodsire|Earthquake|p1a: Venusaur\n|-damage|p1a: Venusaur|67/100\n|\n|-heal|p1a: Venusaur|73/100|[from] item: Leftovers\n|upkeep\n|turn|32\n|inactive|Time left: 300 sec this turn | 300 sec total\n|\n|t:|1783548489\n|move|p1a: Venusaur|Energy Ball|p2a: Clodsire\n|-damage|p2a: Clodsire|136/343\n|-unboost|p2a: Clodsire|spd|1\n|move|p2a: Clodsire|Earthquake|p1a: Venusaur\n|-damage|p1a: Venusaur|42/100\n|\n|-heal|p1a: Venusaur|48/100|[from] item: Leftovers\n|upkeep\n|turn|33\n|inactive|Time left: 300 sec this turn | 300 sec total\n|\n|t:|1783548490\n|-terastallize|p2a: Clodsire|Steel\n|move|p1a: Venusaur|Energy Ball|p2a: Clodsire\n|-resisted|p2a: Clodsire\n|-damage|p2a: Clodsire|64/343\n|move|p2a: Clodsire|Recover|p2a: Clodsire\n|-heal|p2a: Clodsire|236/343\n|\n|-heal|p1a: Venusaur|55/100|[from] item: Leftovers\n|upkeep\n|turn|34\n|inactive|Time left: 300 sec this turn | 300 sec total\n|\n|t:|1783548491\n|move|p1a: Venusaur|Synthesis|p1a: Venusaur\n|-heal|p1a: Venusaur|100/100\n|move|p2a: Clodsire|Recover|p2a: Clodsire\n|-heal|p2a: Clodsire|343/343\n|\n|upkeep\n|turn|35\n|inactive|Time left: 300 sec this turn | 300 sec total\n|\n|t:|1783548492\n|move|p1a: Venusaur|Energy Ball|p2a: Clodsire\n|-resisted|p2a: Clodsire\n|-damage|p2a: Clodsire|277/343\n|move|p2a: Clodsire|Earthquake|p1a: Venusaur\n|-damage|p1a: Venusaur|69/100\n|\n|-heal|p1a: Venusaur|75/100|[from] item: Leftovers\n|upkeep\n|turn|36\n|inactive|Time left: 300 sec this turn | 300 sec total\n|\n|t:|1783548494\n|move|p1a: Venusaur|Synthesis|p1a: Venusaur\n|-heal|p1a: Venusaur|100/100\n|move|p2a: Clodsire|Earthquake|p1a: Venusaur\n|-damage|p1a: Venusaur|70/100\n|\n|-heal|p1a: Venusaur|77/100|[from] item: Leftovers\n|upkeep\n|turn|37\n|inactive|Time left: 300 sec this turn | 300 sec total\n|\n|t:|1783548495\n|move|p1a: Venusaur|Energy Ball|p2a: Clodsire\n|-resisted|p2a: Clodsire\n|-damage|p2a: Clodsire|204/343\n|move|p2a: Clodsire|Earthquake|p1a: Venusaur\n|-damage|p1a: Venusaur|45/100\n|\n|-heal|p1a: Venusaur|52/100|[from] item: Leftovers\n|upkeep\n|turn|38\n|inactive|Time left: 300 sec this turn | 300 sec total\n|\n|t:|1783548496\n|move|p1a: Venusaur|Energy Ball|p2a: Clodsire\n|-resisted|p2a: Clodsire\n|-damage|p2a: Clodsire|135/343\n|move|p2a: Clodsire|Recover|p2a: Clodsire\n|-heal|p2a: Clodsire|307/343\n|\n|-heal|p1a: Venusaur|58/100|[from] item: Leftovers\n|upkeep\n|turn|39\n|inactive|Time left: 300 sec this turn | 300 sec total\n|\n|t:|1783548497\n|move|p1a: Venusaur|Energy Ball|p2a: Clodsire\n|-resisted|p2a: Clodsire\n|-damage|p2a: Clodsire|241/343\n|move|p2a: Clodsire|Gunk Shot|p1a: Venusaur\n|-damage|p1a: Venusaur|19/100\n|\n|-heal|p1a: Venusaur|25/100|[from] item: Leftovers\n|upkeep\n|turn|40\n|inactive|Time left: 300 sec this turn | 300 sec total\n|\n|t:|1783548498\n|move|p1a: Venusaur|Knock Off|p2a: Clodsire\n|-damage|p2a: Clodsire|186/343\n|move|p2a: Clodsire|Earthquake|p1a: Venusaur\n|-damage|p1a: Venusaur|0 fnt\n|faint|p1a: Venusaur\n|\n|upkeep\n|\n|t:|1783548500\n|switch|p1a: Sudowoodo|Sudowoodo, L94, F|40/100\n|turn|41\n|inactive|Time left: 300 sec this turn | 300 sec total\n|\n|t:|1783548501\n|move|p1a: Sudowoodo|Earthquake|p2a: Clodsire\n|-supereffective|p2a: Clodsire\n|-damage|p2a: Clodsire|0 fnt\n|faint|p2a: Clodsire\n|\n|-heal|p1a: Sudowoodo|46/100|[from] item: Leftovers\n|upkeep\n|inactive|Time left: 300 sec this turn | 300 sec total | 5 sec grace\n|\n|t:|1783548502\n|switch|p2a: Whiscash|Whiscash, L88, M|21/337\n|turn|42\n|inactive|Time left: 300 sec this turn | 300 sec total\n|\n|t:|1783548503\n|switch|p1a: Comfey|Comfey, L85, F|100/100\n|move|p2a: Whiscash|Dragon Dance|p2a: Whiscash\n|-boost|p2a: Whiscash|atk|1\n|-boost|p2a: Whiscash|spe|1\n|\n|upkeep\n|turn|43\n|inactive|Time left: 300 sec this turn | 300 sec total\n|\n|t:|1783548504\n|move|p1a: Comfey|Draining Kiss|p2a: Whiscash\n|-damage|p2a: Whiscash|0 fnt\n|faint|p2a: Whiscash\n|\n|upkeep\n|inactive|Time left: 300 sec this turn | 300 sec total | 5 sec grace\n|\n|t:|1783548505\n|switch|p2a: Bastiodon|Bastiodon, L89, F|252/252 slp\n|turn|44\n|inactive|Time left: 300 sec this turn | 300 sec total\n|\n|t:|1783548506\n|switch|p1a: Sudowoodo|Sudowoodo, L94, F|46/100\n|cant|p2a: Bastiodon|slp\n|\n|-heal|p1a: Sudowoodo|52/100|[from] item: Leftovers\n|upkeep\n|turn|45\n|inactive|Time left: 300 sec this turn | 300 sec total\n|\n|t:|1783548507\n|-terastallize|p1a: Sudowoodo|Rock\n|move|p1a: Sudowoodo|Earthquake|p2a: Bastiodon\n|-supereffective|p2a: Bastiodon\n|-damage|p2a: Bastiodon|52/252 slp\n|cant|p2a: Bastiodon|slp\n|\n|-heal|p1a: Sudowoodo|58/100|[from] item: Leftovers\n|upkeep\n|turn|46\n|inactive|Time left: 300 sec this turn | 300 sec total\n|\n|t:|1783548508\n|move|p1a: Sudowoodo|Earthquake|p2a: Bastiodon\n|-supereffective|p2a: Bastiodon\n|-damage|p2a: Bastiodon|0 fnt\n|faint|p2a: Bastiodon\n|\n|win|p0x7449b6a", "uploadtime": 1783548508, "views": 0, "rating": 0, "private": 0, "password": null, "_winner": "p0x7449b6a", "_our_name": "p0y744df37"}