{"id": "battle-gen9randombattle-1362", "formatid": "gen9randombattle", "format": "[Gen 9] Random Battle", "players": ["p0x13620fba", "p0y1362d456"], "log": "|init|battle\n|title|p0x13620fba vs. p0y1362d456\n|j|\u2606p0x13620fba\n|j|\u2606p0y1362d456\n|t:|1783555824\n|gametype|singles\n|player|p1|p0x13620fba|265|\n|player|p2|p0y1362d456|170|\n|gen|9\n|tier|[Gen 9] Random Battle\n|rule|Species Clause: Limit one of each Pok\u00e9mon\n|rule|HP Percentage Mod: HP is shown in percentages\n|rule|Sleep Clause Mod: Limit one foe put to sleep\n|rule|Illusion Level Mod: Illusion disguises the Pok\u00e9mon's true level\n|\n|t:|1783555824\n|teamsize|p1|6\n|teamsize|p2|6\n|start\n|switch|p1a: Kyogre|Kyogre, L71|100/100\n|switch|p2a: Darkrai|Darkrai, L77|234/234\n|-weather|RainDance|[from] ability: Drizzle|[of] p1a: Kyogre\n|turn|1\n|inactive|Battle timer is ON: inactive players will automatically lose when time's up. (requested by p0y1362d456)\n|inactive|p0x13620fba also wants the timer to be on.\n|\n|t:|1783555826\n|move|p2a: Darkrai|Substitute|p2a: Darkrai\n|-start|p2a: Darkrai|Substitute\n|-damage|p2a: Darkrai|176/234\n|move|p1a: Kyogre|Origin Pulse|p2a: Darkrai\n|-end|p2a: Darkrai|Substitute\n|\n|-weather|RainDance|[upkeep]\n|-heal|p2a: Darkrai|190/234|[from] item: Leftovers\n|upkeep\n|turn|2\n|inactive|Time left: 300 sec this turn | 300 sec total\n|\n|t:|1783555827\n|move|p2a: Darkrai|Substitute|p2a: Darkrai\n|-start|p2a: Darkrai|Substitute\n|-damage|p2a: Darkrai|132/234\n|move|p1a: Kyogre|Origin Pulse|p2a: Darkrai\n|-end|p2a: Darkrai|Substitute\n|\n|-weather|RainDance|[upkeep]\n|-heal|p2a: Darkrai|146/234|[from] item: Leftovers\n|upkeep\n|turn|3\n|inactive|Time left: 300 sec this turn | 300 sec total\n|\n|t:|1783555828\n|move|p2a: Darkrai|Substitute|p2a: Darkrai\n|-start|p2a: Darkrai|Substitute\n|-damage|p2a: Darkrai|88/234\n|move|p1a: Kyogre|Origin Pulse|p2a: Darkrai\n|-end|p2a: Darkrai|Substitute\n|\n|-weather|RainDance|[upkeep]\n|-heal|p2a: Darkrai|102/234|[from] item: Leftovers\n|upkeep\n|turn|4\n|inactive|Time left: 300 sec this turn | 300 sec total\n|\n|t:|1783555829\n|move|p2a: Darkrai|Dark Pulse|p1a: Kyogre\n|-crit|p1a: Kyogre\n|-damage|p1a: Kyogre|56/100\n|move|p1a: Kyogre|Origin Pulse|p2a: Darkrai|[miss]\n|-miss|p1a: Kyogre|p2a: Darkrai\n|\n|-weather|RainDance|[upkeep]\n|-heal|p2a: Darkrai|116/234|[from] item: Leftovers\n|-heal|p1a: Kyogre|62/100|[from] item: Leftovers\n|upkeep\n|turn|5\n|inactive|Time left: 300 sec this turn | 300 sec total\n|\n|t:|1783555830\n|move|p2a: Darkrai|Dark Pulse|p1a: Kyogre\n|-damage|p1a: Kyogre|33/100\n|move|p1a: Kyogre|Origin Pulse|p2a: Darkrai\n|-damage|p2a: Darkrai|0 fnt\n|faint|p2a: Darkrai\n|\n|-weather|none\n|-heal|p1a: Kyogre|39/100|[from] item: Leftovers\n|upkeep\n|inactive|Time left: 300 sec this turn | 300 sec total | 5 sec grace\n|\n|t:|1783555831\n|switch|p2a: Mightyena|Mightyena, L96, F|290/290\n|-ability|p2a: Mightyena|Intimidate|boost\n|-unboost|p1a: Kyogre|atk|1\n|turn|6\n|inactive|Time left: 300 sec this turn | 300 sec total\n|\n|t:|1783555832\n|switch|p1a: Zapdos|Zapdos, L78, shiny|100/100\n|move|p2a: Mightyena|Throat Chop|p1a: Zapdos\n|-damage|p1a: Zapdos|38/100\n|-start|p1a: Zapdos|Throat Chop|[silent]\n|\n|upkeep\n|turn|7\n|inactive|Time left: 300 sec this turn | 300 sec total\n|\n|t:|1783555833\n|move|p1a: Zapdos|Roost|p1a: Zapdos\n|-heal|p1a: Zapdos|88/100\n|-singleturn|p1a: Zapdos|move: Roost\n|move|p2a: Mightyena|Throat Chop|p1a: Zapdos\n|-damage|p1a: Zapdos|20/100\n|\n|-end|p1a: Zapdos|Throat Chop|[silent]\n|upkeep\n|turn|8\n|inactive|Time left: 300 sec this turn | 300 sec total\n|\n|t:|1783555833\n|move|p1a: Zapdos|Roost|p1a: Zapdos\n|-heal|p1a: Zapdos|70/100\n|-singleturn|p1a: Zapdos|move: Roost\n|move|p2a: Mightyena|Throat Chop|p1a: Zapdos\n|-damage|p1a: Zapdos|5/100\n|-start|p1a: Zapdos|Throat Chop|[silent]\n|\n|upkeep\n|turn|9\n|inactive|Time left: 300 sec this turn | 300 sec total\n|\n|t:|1783555834\n|move|p1a: Zapdos|Roost|p1a: Zapdos\n|-heal|p1a: Zapdos|55/100\n|-singleturn|p1a: Zapdos|move: Roost\n|move|p2a: Mightyena|Throat Chop|p1a: Zapdos\n|-damage|p1a: Zapdos|0 fnt\n|faint|p1a: Zapdos\n|\n|upkeep\n|\n|t:|1783555835\n|switch|p1a: Samurott|Samurott-Hisui, L77, F|100/100\n|turn|10\n|inactive|Time left: 300 sec this turn | 300 sec total\n|\n|t:|1783555836\n|move|p2a: Mightyena|Throat Chop|p1a: Samurott\n|-resisted|p1a: Samurott\n|-damage|p1a: Samurott|65/100\n|-start|p1a: Samurott|Throat Chop|[silent]\n|move|p1a: Samurott|Sacred Sword|p2a: Mightyena\n|-supereffective|p2a: Mightyena\n|-crit|p2a: Mightyena\n|-damage|p2a: Mightyena|0 fnt\n|faint|p2a: Mightyena\n|\n|upkeep\n|inactive|Time left: 300 sec this turn | 300 sec total | 5 sec grace\n|\n|t:|1783555837\n|switch|p2a: Passimian|Passimian, L83, M|302/302\n|turn|11\n|inactive|Time left: 300 sec this turn | 300 sec total\n|\n|t:|1783555838\n|move|p2a: Passimian|Bulk Up|p2a: Passimian\n|-boost|p2a: Passimian|atk|1\n|-boost|p2a: Passimian|def|1\n|move|p1a: Samurott|Sacred Sword|p2a: Passimian\n|-damage|p2a: Passimian|181/302\n|\n|-heal|p2a: Passimian|199/302|[from] item: Leftovers\n|-end|p1a: Samurott|Throat Chop|[silent]\n|upkeep\n|turn|12\n|inactive|Time left: 300 sec this turn | 300 sec total\n|\n|t:|1783555839\n|switch|p1a: Seviper|Seviper, L93, M|100/100\n|move|p2a: Passimian|Knock Off|p1a: Seviper\n|-damage|p1a: Seviper|53/100\n|-enditem|p1a: Seviper|Life Orb|[from] move: Knock Off|[of] p2a: Passimian\n|\n|-heal|p2a: Passimian|217/302|[from] item: Leftovers\n|upkeep\n|turn|13\n|inactive|Time left: 300 sec this turn | 300 sec total\n|\n|t:|1783555840\n|move|p2a: Passimian|Drain Punch|p1a: Seviper\n|-resisted|p1a: Seviper\n|-damage|p1a: Seviper|23/100\n|-heal|p2a: Passimian|260/302|[from] drain|[of] p1a: Seviper\n|move|p1a: Seviper|Giga Drain|p2a: Passimian\n|-damage|p2a: Passimian|173/302\n|-heal|p1a: Seviper|38/100|[from] drain|[of] p2a: Passimian\n|\n|-heal|p2a: Passimian|191/302|[from] item: Leftovers\n|upkeep\n|turn|14\n|inactive|Time left: 300 sec this turn | 300 sec total\n|\n|t:|1783555842\n|move|p2a: Passimian|Drain Punch|p1a: Seviper\n|-resisted|p1a: Seviper\n|-damage|p1a: Seviper|10/100\n|-heal|p2a: Passimian|232/302|[from] drain|[of] p1a: Seviper\n|move|p1a: Seviper|Gunk Shot|p2a: Passimian\n|-damage|p2a: Passimian|123/302\n|\n|-heal|p2a: Passimian|141/302|[from] item: Leftovers\n|upkeep\n|turn|15\n|inactive|Time left: 300 sec this turn | 300 sec total\n|\n|t:|1783555843\n|move|p2a: Passimian|Drain Punch|p1a: Seviper\n|-resisted|p1a: Seviper\n|-damage|p1a: Seviper|0 fnt\n|-heal|p2a: Passimian|155/302|[from] drain|[of] p1a: Seviper\n|faint|p1a: Seviper\n|\n|-heal|p2a: Passimian|173/302|[from] item: Leftovers\n|upkeep\n|\n|t:|1783555844\n|switch|p1a: Polteageist|Polteageist-Antique, L78|100/100\n|turn|16\n|inactive|Time left: 300 sec this turn | 300 sec total\n|\n|t:|1783555845\n|-terastallize|p1a: Polteageist|Dark\n|move|p2a: Passimian|Knock Off|p1a: Polteageist\n|-resisted|p1a: Polteageist\n|-damage|p1a: Polteageist|63/100\n|-enditem|p1a: Polteageist|White Herb|[from] move: Knock Off|[of] p2a: Passimian\n|move|p1a: Polteageist|Shell Smash|p1a: Polteageist\n|-unboost|p1a: Polteageist|def|1\n|-unboost|p1a: Polteageist|spd|1\n|-boost|p1a: Polteageist|atk|2\n|-boost|p1a: Polteageist|spa|2\n|-boost|p1a: Polteageist|spe|2\n|\n|-heal|p2a: Passimian|191/302|[from] item: Leftovers\n|upkeep\n|turn|17\n|inactive|Time left: 300 sec this turn | 300 sec total\n|\n|t:|1783555846\n|switch|p2a: Wigglytuff|Wigglytuff, L96, F|424/424\n|move|p1a: Polteageist|Shadow Ball|p2a: Wigglytuff\n|-immune|p2a: Wigglytuff\n|\n|upkeep\n|turn|18\n|inactive|Time left: 300 sec this turn | 300 sec total\n|\n|t:|1783555847\n|move|p1a: Polteageist|Stored Power|p2a: Wigglytuff\n|-damage|p2a: Wigglytuff|139/424\n|move|p2a: Wigglytuff|Dazzling Gleam|p1a: Polteageist\n|-supereffective|p1a: Polteageist\n|-damage|p1a: Polteageist|0 fnt\n|faint|p1a: Polteageist\n|\n|-heal|p2a: Wigglytuff|165/424|[from] item: Leftovers\n|upkeep\n|\n|t:|1783555848\n|switch|p1a: Kyogre|Kyogre, L71|39/100\n|-weather|RainDance|[from] ability: Drizzle|[of] p1a: Kyogre\n|turn|19\n|inactive|Time left: 300 sec this turn | 300 sec total\n|\n|t:|1783555849\n|move|p1a: Kyogre|Origin Pulse|p2a: Wigglytuff\n|-damage|p2a: Wigglytuff|0 fnt\n|faint|p2a: Wigglytuff\n|\n|-weather|RainDance|[upkeep]\n|-heal|p1a: Kyogre|46/100|[from] item: Leftovers\n|upkeep\n|inactive|Time left: 300 sec this turn | 300 sec total | 5 sec grace\n|\n|t:|1783555851\n|switch|p2a: Lycanroc|Lycanroc, L86, F|269/269\n|turn|20\n|inactive|Time left: 300 sec this turn | 300 sec total\n|\n|t:|1783555852\n|move|p2a: Lycanroc|Close Combat|p1a: Kyogre\n|-damage|p1a: Kyogre|0 fnt\n|-unboost|p2a: Lycanroc|def|1\n|-unboost|p2a: Lycanroc|spd|1\n|faint|p1a: Kyogre\n|-damage|p2a: Lycanroc|243/269|[from] item: Life Orb\n|\n|-weather|RainDance|[upkeep]\n|upkeep\n|\n|t:|1783555853\n|switch|p1a: Kleavor|Kleavor, L78, F|100/100\n|turn|21\n|inactive|Time left: 300 sec this turn | 300 sec total\n|\n|t:|1783555854\n|-terastallize|p2a: Lycanroc|Fighting\n|move|p2a: Lycanroc|Stone Edge|p1a: Kleavor\n|-supereffective|p1a: Kleavor\n|-damage|p1a: Kleavor|0 fnt\n|faint|p1a: Kleavor\n|-damage|p2a: Lycanroc|217/269|[from] item: Life Orb\n|\n|-weather|RainDance|[upkeep]\n|upkeep\n|\n|t:|1783555855\n|switch|p1a: Samurott|Samurott-Hisui, L77, F|65/100\n|turn|22\n|inactive|Time left: 300 sec this turn | 300 sec total\n|\n|t:|1783555856\n|move|p1a: Samurott|Sucker Punch|p2a: Lycanroc\n|-resisted|p2a: Lycanroc\n|-damage|p2a: Lycanroc|117/269\n|move|p2a: Lycanroc|Close Combat|p1a: Samurott\n|-supereffective|p1a: Samurott\n|-damage|p1a: Samurott|0 fnt\n|-unboost|p2a: Lycanroc|def|1\n|-unboost|p2a: Lycanroc|spd|1\n|faint|p1a: Samurott\n|-damage|p2a: Lycanroc|91/269|[from] item: Life Orb\n|\n|win|p0y1362d456", "uploadtime": 1783555856, "views": 0, "rating": 0, "private": 0, "password": null, "_winner": "p0y1362d456", "_our_name": "p0y1362d456"}