{"id": "battle-gen9randombattle-417", "formatid": "gen9randombattle", "format": "[Gen 9] Random Battle", "players": ["p0x417f1e4", "p0y417c40c"], "log": "|init|battle\n|title|p0x417f1e4 vs. p0y417c40c\n|j|\u2606p0x417f1e4\n|j|\u2606p0y417c40c\n|t:|1783544571\n|gametype|singles\n|player|p1|p0x417f1e4|266|\n|player|p2|p0y417c40c|265|\n|gen|9\n|tier|[Gen 9] Random Battle\n|rule|Species Clause: Limit one of each Pok\u00e9mon\n|rule|HP Percentage Mod: HP is shown in percentages\n|rule|Sleep Clause Mod: Limit one foe put to sleep\n|rule|Illusion Level Mod: Illusion disguises the Pok\u00e9mon's true level\n|\n|t:|1783544571\n|teamsize|p1|6\n|teamsize|p2|6\n|start\n|switch|p1a: Sableye|Sableye, L88, M|100/100\n|switch|p2a: Veluza|Veluza, L85, F|292/292\n|turn|1\n|inactive|Battle timer is ON: inactive players will automatically lose when time's up. (requested by p0y417c40c)\n|inactive|p0x417f1e4 also wants the timer to be on.\n|\n|t:|1783544572\n|move|p2a: Veluza|Aqua Cutter|p1a: Sableye\n|-crit|p1a: Sableye\n|-damage|p1a: Sableye|22/100\n|move|p1a: Sableye|Knock Off|p2a: Veluza\n|-supereffective|p2a: Veluza\n|-damage|p2a: Veluza|98/292\n|-enditem|p2a: Veluza|Sitrus Berry|[from] move: Knock Off|[of] p1a: Sableye\n|\n|-heal|p1a: Sableye|28/100|[from] item: Leftovers\n|upkeep\n|turn|2\n|inactive|Time left: 300 sec this turn | 300 sec total\n|\n|t:|1783544574\n|move|p1a: Sableye|Recover|p1a: Sableye\n|-heal|p1a: Sableye|78/100\n|move|p2a: Veluza|Aqua Cutter|p1a: Sableye\n|-damage|p1a: Sableye|20/100\n|\n|-heal|p1a: Sableye|26/100|[from] item: Leftovers\n|upkeep\n|turn|3\n|inactive|Time left: 300 sec this turn | 300 sec total\n|\n|t:|1783544575\n|move|p1a: Sableye|Recover|p1a: Sableye\n|-heal|p1a: Sableye|76/100\n|move|p2a: Veluza|Aqua Cutter|p1a: Sableye\n|-damage|p1a: Sableye|19/100\n|\n|-heal|p1a: Sableye|25/100|[from] item: Leftovers\n|upkeep\n|turn|4\n|inactive|Time left: 300 sec this turn | 300 sec total\n|\n|t:|1783544576\n|move|p1a: Sableye|Recover|p1a: Sableye\n|-heal|p1a: Sableye|75/100\n|move|p2a: Veluza|Aqua Cutter|p1a: Sableye\n|-damage|p1a: Sableye|21/100\n|\n|-heal|p1a: Sableye|27/100|[from] item: Leftovers\n|upkeep\n|turn|5\n|inactive|Time left: 300 sec this turn | 300 sec total\n|\n|t:|1783544577\n|switch|p1a: Cloyster|Cloyster, L80, F|100/100\n|move|p2a: Veluza|Aqua Cutter|p1a: Cloyster\n|-resisted|p1a: Cloyster\n|-damage|p1a: Cloyster|84/100\n|\n|upkeep\n|turn|6\n|inactive|Time left: 300 sec this turn | 300 sec total\n|\n|t:|1783544579\n|switch|p2a: Duraludon|Duraludon, L82, M|249/249\n|move|p1a: Cloyster|Shell Smash|p1a: Cloyster\n|-unboost|p1a: Cloyster|def|1\n|-unboost|p1a: Cloyster|spd|1\n|-boost|p1a: Cloyster|atk|2\n|-boost|p1a: Cloyster|spa|2\n|-boost|p1a: Cloyster|spe|2\n|-enditem|p1a: Cloyster|White Herb\n|-clearnegativeboost|p1a: Cloyster|[silent]\n|\n|upkeep\n|turn|7\n|inactive|Time left: 300 sec this turn | 300 sec total\n|\n|t:|1783544580\n|move|p1a: Cloyster|Icicle Spear|p2a: Duraludon\n|-damage|p2a: Duraludon|221/249\n|-damage|p2a: Duraludon|193/249\n|-damage|p2a: Duraludon|163/249\n|-damage|p2a: Duraludon|133/249\n|-damage|p2a: Duraludon|106/249\n|-hitcount|p2a: Duraludon|5\n|move|p2a: Duraludon|Draco Meteor|p1a: Cloyster|[miss]\n|-miss|p2a: Duraludon|p1a: Cloyster\n|\n|upkeep\n|turn|8\n|inactive|Time left: 300 sec this turn | 300 sec total\n|\n|t:|1783544581\n|switch|p2a: Hariyama|Hariyama, L87, M|392/392\n|move|p1a: Cloyster|Icicle Spear|p2a: Hariyama\n|-damage|p2a: Hariyama|361/392\n|-damage|p2a: Hariyama|327/392\n|-damage|p2a: Hariyama|294/392\n|-damage|p2a: Hariyama|263/392\n|-damage|p2a: Hariyama|233/392\n|-hitcount|p2a: Hariyama|5\n|\n|upkeep\n|turn|9\n|inactive|Time left: 300 sec this turn | 300 sec total\n|\n|t:|1783544582\n|move|p1a: Cloyster|Rock Blast|p2a: Hariyama\n|-resisted|p2a: Hariyama\n|-damage|p2a: Hariyama|213/392\n|-resisted|p2a: Hariyama\n|-damage|p2a: Hariyama|193/392\n|-resisted|p2a: Hariyama\n|-damage|p2a: Hariyama|173/392\n|-resisted|p2a: Hariyama\n|-damage|p2a: Hariyama|152/392\n|-resisted|p2a: Hariyama\n|-damage|p2a: Hariyama|130/392\n|-hitcount|p2a: Hariyama|5\n|move|p2a: Hariyama|Close Combat|p1a: Cloyster\n|-supereffective|p1a: Cloyster\n|-damage|p1a: Cloyster|0 fnt\n|-unboost|p2a: Hariyama|def|1\n|-unboost|p2a: Hariyama|spd|1\n|faint|p1a: Cloyster\n|\n|upkeep\n|\n|t:|1783544583\n|switch|p1a: Rayquaza|Rayquaza, L72|100/100\n|-ability|p1a: Rayquaza|Air Lock\n|turn|10\n|inactive|Time left: 300 sec this turn | 300 sec total\n|\n|t:|1783544584\n|switch|p2a: Duraludon|Duraludon, L82, M|106/249\n|move|p1a: Rayquaza|Outrage|p2a: Duraludon\n|-damage|p2a: Duraludon|30/249\n|\n|upkeep\n|turn|11\n|inactive|Time left: 300 sec this turn | 300 sec total\n|\n|t:|1783544585\n|move|p2a: Duraludon|Draco Meteor|p1a: Rayquaza|[miss]\n|-miss|p2a: Duraludon|p1a: Rayquaza\n|move|p1a: Rayquaza|Outrage|p2a: Duraludon|[from] lockedmove\n|-damage|p2a: Duraludon|0 fnt\n|faint|p2a: Duraludon\n|-start|p1a: Rayquaza|confusion|[fatigue]\n|\n|upkeep\n|inactive|Time left: 300 sec this turn | 300 sec total | 5 sec grace\n|\n|t:|1783544586\n|switch|p2a: Leafeon|Leafeon, L88, F|258/258\n|turn|12\n|inactive|Time left: 300 sec this turn | 300 sec total\n|\n|t:|1783544587\n|switch|p1a: Arceus|Arceus-Poison, L70|100/100\n|move|p2a: Leafeon|Swords Dance|p2a: Leafeon\n|-boost|p2a: Leafeon|atk|2\n|\n|upkeep\n|turn|13\n|inactive|Time left: 300 sec this turn | 300 sec total\n|\n|t:|1783544588\n|-terastallize|p2a: Leafeon|Dark\n|move|p2a: Leafeon|Knock Off|p1a: Arceus\n|-damage|p1a: Arceus|26/100\n|-damage|p2a: Leafeon|233/258|[from] item: Life Orb\n|move|p1a: Arceus|Gunk Shot|p2a: Leafeon\n|-damage|p2a: Leafeon|136/258\n|\n|upkeep\n|turn|14\n|inactive|Time left: 300 sec this turn | 300 sec total\n|\n|t:|1783544589\n|move|p2a: Leafeon|Knock Off|p1a: Arceus\n|-damage|p1a: Arceus|0 fnt\n|faint|p1a: Arceus\n|-damage|p2a: Leafeon|111/258|[from] item: Life Orb\n|\n|upkeep\n|\n|t:|1783544590\n|switch|p1a: Decidueye|Decidueye-Hisui, L87, F|100/100\n|turn|15\n|inactive|Time left: 300 sec this turn | 300 sec total\n|\n|t:|1783544591\n|move|p2a: Leafeon|Knock Off|p1a: Decidueye\n|-resisted|p1a: Decidueye\n|-damage|p1a: Decidueye|42/100\n|-enditem|p1a: Decidueye|Leftovers|[from] move: Knock Off|[of] p2a: Leafeon\n|-damage|p2a: Leafeon|86/258|[from] item: Life Orb\n|move|p1a: Decidueye|Triple Arrows|p2a: Leafeon\n|-supereffective|p2a: Leafeon\n|-crit|p2a: Leafeon\n|-damage|p2a: Leafeon|0 fnt\n|faint|p2a: Leafeon\n|\n|upkeep\n|inactive|Time left: 300 sec this turn | 300 sec total | 5 sec grace\n|\n|t:|1783544592\n|switch|p2a: Veluza|Veluza, L85, F|98/292\n|turn|16\n|inactive|Time left: 300 sec this turn | 300 sec total\n|\n|t:|1783544594\n|switch|p1a: Sableye|Sableye, L88, M|27/100\n|move|p2a: Veluza|Psycho Cut|p1a: Sableye\n|-immune|p1a: Sableye\n|\n|-heal|p1a: Sableye|33/100|[from] item: Leftovers\n|upkeep\n|turn|17\n|inactive|Time left: 300 sec this turn | 300 sec total\n|\n|t:|1783544595\n|move|p1a: Sableye|Encore|p2a: Veluza\n|-start|p2a: Veluza|Encore\n|move|p2a: Veluza|Psycho Cut|p1a: Sableye\n|-immune|p1a: Sableye\n|\n|-heal|p1a: Sableye|39/100|[from] item: Leftovers\n|upkeep\n|turn|18\n|inactive|Time left: 300 sec this turn | 300 sec total\n|\n|t:|1783544596\n|switch|p2a: Hariyama|Hariyama, L87, M|130/392\n|move|p1a: Sableye|Knock Off|p2a: Hariyama\n|-resisted|p2a: Hariyama\n|-damage|p2a: Hariyama|76/392\n|-enditem|p2a: Hariyama|Assault Vest|[from] move: Knock Off|[of] p1a: Sableye\n|\n|-heal|p1a: Sableye|46/100|[from] item: Leftovers\n|upkeep\n|turn|19\n|inactive|Time left: 300 sec this turn | 300 sec total\n|\n|t:|1783544597\n|move|p1a: Sableye|Recover|p1a: Sableye\n|-heal|p1a: Sableye|96/100\n|move|p2a: Hariyama|Knock Off|p1a: Sableye\n|-damage|p1a: Sableye|54/100\n|-enditem|p1a: Sableye|Leftovers|[from] move: Knock Off|[of] p2a: Hariyama\n|\n|upkeep\n|turn|20\n|inactive|Time left: 300 sec this turn | 300 sec total\n|\n|t:|1783544598\n|move|p1a: Sableye|Will-O-Wisp|p2a: Hariyama\n|-status|p2a: Hariyama|brn\n|move|p2a: Hariyama|Knock Off|p1a: Sableye\n|-crit|p1a: Sableye\n|-damage|p1a: Sableye|33/100\n|\n|-damage|p2a: Hariyama|52/392 brn|[from] brn\n|upkeep\n|turn|21\n|inactive|Time left: 300 sec this turn | 300 sec total\n|\n|t:|1783544599\n|move|p1a: Sableye|Recover|p1a: Sableye\n|-heal|p1a: Sableye|83/100\n|move|p2a: Hariyama|Knock Off|p1a: Sableye\n|-damage|p1a: Sableye|68/100\n|\n|-damage|p2a: Hariyama|28/392 brn|[from] brn\n|upkeep\n|turn|22\n|inactive|Time left: 300 sec this turn | 300 sec total\n|\n|t:|1783544600\n|move|p1a: Sableye|Knock Off|p2a: Hariyama\n|-resisted|p2a: Hariyama\n|-damage|p2a: Hariyama|0 fnt\n|faint|p2a: Hariyama\n|\n|upkeep\n|inactive|Time left: 300 sec this turn | 300 sec total | 5 sec grace\n|\n|t:|1783544600\n|switch|p2a: Vigoroth|Vigoroth, L85, M|275/275\n|turn|23\n|inactive|Time left: 300 sec this turn | 300 sec total\n|\n|t:|1783544601\n|move|p1a: Sableye|Will-O-Wisp|p2a: Vigoroth\n|-status|p2a: Vigoroth|brn\n|move|p2a: Vigoroth|Bulk Up|p2a: Vigoroth\n|-boost|p2a: Vigoroth|atk|1\n|-boost|p2a: Vigoroth|def|1\n|\n|-damage|p2a: Vigoroth|258/275 brn|[from] brn\n|upkeep\n|turn|24\n|inactive|Time left: 300 sec this turn | 300 sec total\n|\n|t:|1783544602\n|move|p2a: Vigoroth|Bulk Up|p2a: Vigoroth\n|-boost|p2a: Vigoroth|atk|1\n|-boost|p2a: Vigoroth|def|1\n|move|p1a: Sableye|Knock Off|p2a: Vigoroth\n|-damage|p2a: Vigoroth|222/275 brn\n|-enditem|p2a: Vigoroth|Eviolite|[from] move: Knock Off|[of] p1a: Sableye\n|\n|-damage|p2a: Vigoroth|205/275 brn|[from] brn\n|upkeep\n|turn|25\n|inactive|Time left: 300 sec this turn | 300 sec total\n|\n|t:|1783544603\n|move|p1a: Sableye|Encore|p2a: Vigoroth\n|-start|p2a: Vigoroth|Encore\n|move|p2a: Vigoroth|Bulk Up|p2a: Vigoroth\n|-boost|p2a: Vigoroth|atk|1\n|-boost|p2a: Vigoroth|def|1\n|\n|-damage|p2a: Vigoroth|188/275 brn|[from] brn\n|upkeep\n|turn|26\n|inactive|Time left: 300 sec this turn | 300 sec total\n|\n|t:|1783544604\n|switch|p1a: Glalie|Glalie, L96, F|100/100\n|move|p2a: Vigoroth|Bulk Up|p2a: Vigoroth\n|-boost|p2a: Vigoroth|atk|1\n|-boost|p2a: Vigoroth|def|1\n|\n|-damage|p2a: Vigoroth|171/275 brn|[from] brn\n|upkeep\n|turn|27\n|inactive|Time left: 300 sec this turn | 300 sec total\n|\n|t:|1783544605\n|move|p1a: Glalie|Freeze-Dry|p2a: Vigoroth\n|-damage|p2a: Vigoroth|48/275 brn\n|move|p2a: Vigoroth|Bulk Up|p2a: Vigoroth\n|-boost|p2a: Vigoroth|atk|1\n|-boost|p2a: Vigoroth|def|1\n|\n|-damage|p2a: Vigoroth|31/275 brn|[from] brn\n|-end|p2a: Vigoroth|Encore\n|upkeep\n|turn|28\n|inactive|Time left: 300 sec this turn | 300 sec total\n|\n|t:|1783544606\n|move|p1a: Glalie|Freeze-Dry|p2a: Vigoroth\n|-damage|p2a: Vigoroth|0 fnt\n|faint|p2a: Vigoroth\n|\n|upkeep\n|inactive|Time left: 300 sec this turn | 300 sec total | 5 sec grace\n|\n|t:|1783544606\n|switch|p2a: Veluza|Veluza, L85, F|98/292\n|turn|29\n|inactive|Time left: 300 sec this turn | 300 sec total\n|\n|t:|1783544607\n|-terastallize|p1a: Glalie|Ground\n|move|p1a: Glalie|Earthquake|p2a: Veluza\n|-damage|p2a: Veluza|0 fnt\n|faint|p2a: Veluza\n|\n|upkeep\n|inactive|Time left: 300 sec this turn | 300 sec total | 5 sec grace\n|\n|t:|1783544608\n|switch|p2a: Sunflora|Sunflora, M|312/312\n|turn|30\n|inactive|Time left: 300 sec this turn | 300 sec total\n|\n|t:|1783544609\n|switch|p1a: Rayquaza|Rayquaza, L72|100/100\n|-ability|p1a: Rayquaza|Air Lock\n|move|p2a: Sunflora|Earth Power|p1a: Rayquaza\n|-immune|p1a: Rayquaza\n|\n|upkeep\n|turn|31\n|inactive|Time left: 300 sec this turn | 300 sec total\n|\n|t:|1783544610\n|move|p1a: Rayquaza|Outrage|p2a: Sunflora\n|-damage|p2a: Sunflora|158/312\n|move|p2a: Sunflora|Earth Power|p1a: Rayquaza\n|-immune|p1a: Rayquaza\n|\n|upkeep\n|turn|32\n|inactive|Time left: 300 sec this turn | 300 sec total\n|\n|t:|1783544611\n|move|p1a: Rayquaza|Outrage|p2a: Sunflora|[from] lockedmove\n|-damage|p2a: Sunflora|1/312\n|move|p2a: Sunflora|Solar Beam||[still]\n|-prepare|p2a: Sunflora|Solar Beam\n|\n|upkeep\n|turn|33\n|inactive|Time left: 300 sec this turn | 300 sec total\n|\n|t:|1783544612\n|move|p1a: Rayquaza|Outrage|p2a: Sunflora|[from] lockedmove\n|-damage|p2a: Sunflora|0 fnt\n|faint|p2a: Sunflora\n|-start|p1a: Rayquaza|confusion|[fatigue]\n|\n|win|p0x417f1e4", "uploadtime": 1783544612, "views": 0, "rating": 0, "private": 0, "password": null, "_winner": "p0x417f1e4", "_our_name": "p0y417c40c"}