{"id": "battle-gen9randombattle-2845", "formatid": "gen9randombattle", "format": "[Gen 9] Random Battle", "players": ["p0x2845c4e5", "p0y28459caa"], "log": "|init|battle\n|title|p0x2845c4e5 vs. p0y28459caa\n|j|\u2606p0x2845c4e5\n|j|\u2606p0y28459caa\n|t:|1783571800\n|gametype|singles\n|player|p1|p0x2845c4e5|266|\n|player|p2|p0y28459caa|102|\n|gen|9\n|tier|[Gen 9] Random Battle\n|rule|Species Clause: Limit one of each Pok\u00e9mon\n|rule|HP Percentage Mod: HP is shown in percentages\n|rule|Sleep Clause Mod: Limit one foe put to sleep\n|rule|Illusion Level Mod: Illusion disguises the Pok\u00e9mon's true level\n|\n|t:|1783571800\n|teamsize|p1|6\n|teamsize|p2|6\n|start\n|switch|p1a: Mimikyu|Mimikyu, L79, F|216/216\n|switch|p2a: Gurdurr|Gurdurr, L85, F|100/100\n|turn|1\n|inactive|Battle timer is ON: inactive players will automatically lose when time's up. (requested by p0y28459caa)\n|inactive|Time left: 300 sec this turn | 300 sec total | 60 sec grace\n|inactive|p0x2845c4e5 also wants the timer to be on.\n|\n|t:|1783571802\n|move|p1a: Mimikyu|Swords Dance|p1a: Mimikyu\n|-boost|p1a: Mimikyu|atk|2\n|move|p2a: Gurdurr|Knock Off|p1a: Mimikyu\n|-activate|p1a: Mimikyu|ability: Disguise\n|-damage|p1a: Mimikyu|216/216\n|-enditem|p1a: Mimikyu|Life Orb|[from] move: Knock Off|[of] p2a: Gurdurr\n|detailschange|p1a: Mimikyu|Mimikyu-Busted, L79, F\n|-damage|p1a: Mimikyu|189/216|[from] pokemon: Mimikyu-Busted\n|\n|upkeep\n|turn|2\n|inactive|Time left: 300 sec this turn | 300 sec total\n|\n|t:|1783571803\n|switch|p2a: Pecharunt|Pecharunt, L77|100/100\n|move|p1a: Mimikyu|Play Rough|p2a: Pecharunt\n|-resisted|p2a: Pecharunt\n|-damage|p2a: Pecharunt|81/100\n|-damage|p1a: Mimikyu|153/216|[from] item: Rocky Helmet|[of] p2a: Pecharunt\n|\n|upkeep\n|turn|3\n|inactive|Time left: 300 sec this turn | 300 sec total\n|\n|t:|1783571804\n|move|p1a: Mimikyu|Shadow Claw|p2a: Pecharunt\n|-supereffective|p2a: Pecharunt\n|-crit|p2a: Pecharunt\n|-damage|p2a: Pecharunt|0 fnt\n|-damage|p1a: Mimikyu|117/216|[from] item: Rocky Helmet|[of] p2a: Pecharunt\n|faint|p2a: Pecharunt\n|\n|upkeep\n|\n|t:|1783571805\n|switch|p2a: Wugtrio|Wugtrio, L91, M|100/100\n|turn|4\n|inactive|Time left: 300 sec this turn | 300 sec total\n|\n|t:|1783571806\n|switch|p1a: Toxicroak|Toxicroak, L84, F|277/277\n|move|p2a: Wugtrio|Liquidation|p1a: Toxicroak\n|-immune|p1a: Toxicroak|[from] ability: Dry Skin\n|\n|upkeep\n|turn|5\n|inactive|Time left: 300 sec this turn | 300 sec total\n|\n|t:|1783571807\n|switch|p2a: Haxorus|Haxorus, L77, M|100/100\n|-ability|p2a: Haxorus|Mold Breaker\n|move|p1a: Toxicroak|Close Combat|p2a: Haxorus\n|-damage|p2a: Haxorus|9/100\n|-unboost|p1a: Toxicroak|def|1\n|-unboost|p1a: Toxicroak|spd|1\n|\n|upkeep\n|turn|6\n|inactive|Time left: 300 sec this turn | 300 sec total\n|\n|t:|1783571808\n|switch|p1a: Grumpig|Grumpig, L92, M|297/297\n|move|p2a: Haxorus|Outrage|p1a: Grumpig\n|-damage|p1a: Grumpig|119/297\n|\n|-heal|p1a: Grumpig|137/297|[from] item: Leftovers\n|upkeep\n|turn|7\n|inactive|Time left: 300 sec this turn | 300 sec total\n|\n|t:|1783571809\n|move|p1a: Grumpig|Psychic|p2a: Haxorus\n|-damage|p2a: Haxorus|0 fnt\n|faint|p2a: Haxorus\n|\n|-heal|p1a: Grumpig|155/297|[from] item: Leftovers\n|upkeep\n|\n|t:|1783571809\n|switch|p2a: Wugtrio|Wugtrio, L91, M|100/100\n|turn|8\n|inactive|Time left: 300 sec this turn | 300 sec total\n|\n|t:|1783571810\n|switch|p1a: Toxicroak|Toxicroak, L84, F|277/277\n|move|p2a: Wugtrio|Liquidation|p1a: Toxicroak\n|-immune|p1a: Toxicroak|[from] ability: Dry Skin\n|\n|upkeep\n|turn|9\n|inactive|Time left: 300 sec this turn | 300 sec total\n|\n|t:|1783571811\n|switch|p2a: Gurdurr|Gurdurr, L85, F|100/100\n|move|p1a: Toxicroak|Close Combat|p2a: Gurdurr\n|-damage|p2a: Gurdurr|49/100\n|-unboost|p1a: Toxicroak|def|1\n|-unboost|p1a: Toxicroak|spd|1\n|\n|upkeep\n|turn|10\n|inactive|Time left: 300 sec this turn | 300 sec total\n|\n|t:|1783571812\n|move|p1a: Toxicroak|Close Combat|p2a: Gurdurr\n|-damage|p2a: Gurdurr|0 fnt\n|-unboost|p1a: Toxicroak|def|1\n|-unboost|p1a: Toxicroak|spd|1\n|faint|p2a: Gurdurr\n|\n|upkeep\n|\n|t:|1783571813\n|switch|p2a: Gothitelle|Gothitelle, L90, M|100/100\n|turn|11\n|inactive|Time left: 300 sec this turn | 300 sec total\n|\n|t:|1783571814\n|move|p1a: Toxicroak|Close Combat|p2a: Gothitelle\n|-resisted|p2a: Gothitelle\n|-damage|p2a: Gothitelle|66/100\n|-unboost|p1a: Toxicroak|def|1\n|-unboost|p1a: Toxicroak|spd|1\n|move|p2a: Gothitelle|Calm Mind|p2a: Gothitelle\n|-boost|p2a: Gothitelle|spa|1\n|-boost|p2a: Gothitelle|spd|1\n|\n|-heal|p2a: Gothitelle|72/100|[from] item: Leftovers\n|upkeep\n|turn|12\n|inactive|Time left: 300 sec this turn | 300 sec total\n|\n|t:|1783571815\n|move|p1a: Toxicroak|Close Combat|p2a: Gothitelle\n|-resisted|p2a: Gothitelle\n|-damage|p2a: Gothitelle|41/100\n|-unboost|p1a: Toxicroak|def|1\n|-unboost|p1a: Toxicroak|spd|1\n|move|p2a: Gothitelle|Thunderbolt|p1a: Toxicroak\n|-damage|p1a: Toxicroak|0 fnt\n|faint|p1a: Toxicroak\n|\n|-heal|p2a: Gothitelle|48/100|[from] item: Leftovers\n|upkeep\n|inactive|Time left: 300 sec this turn | 300 sec total | 5 sec grace\n|\n|t:|1783571816\n|switch|p1a: Floatzel|Floatzel, L86, F|286/286\n|turn|13\n|inactive|Time left: 300 sec this turn | 300 sec total\n|\n|t:|1783571817\n|move|p1a: Floatzel|Wave Crash|p2a: Gothitelle\n|-damage|p2a: Gothitelle|0 fnt\n|faint|p2a: Gothitelle\n|-damage|p1a: Floatzel|244/286|[from] Recoil\n|\n|upkeep\n|\n|t:|1783571818\n|switch|p2a: Wugtrio|Wugtrio, L91, M|100/100\n|turn|14\n|inactive|Time left: 300 sec this turn | 300 sec total\n|\n|t:|1783571819\n|move|p2a: Wugtrio|Liquidation|p1a: Floatzel\n|-resisted|p1a: Floatzel\n|-damage|p1a: Floatzel|139/286\n|move|p1a: Floatzel|Wave Crash|p2a: Wugtrio\n|-resisted|p2a: Wugtrio\n|-damage|p2a: Wugtrio|36/100\n|-ability|p2a: Wugtrio|Gooey\n|-unboost|p1a: Floatzel|spe|1\n|-damage|p1a: Floatzel|94/286|[from] Recoil\n|\n|upkeep\n|turn|15\n|inactive|Time left: 300 sec this turn | 300 sec total\n|\n|t:|1783571820\n|move|p2a: Wugtrio|Liquidation|p1a: Floatzel\n|-resisted|p1a: Floatzel\n|-damage|p1a: Floatzel|0 fnt\n|faint|p1a: Floatzel\n|\n|upkeep\n|inactive|Time left: 300 sec this turn | 300 sec total | 5 sec grace\n|\n|t:|1783571821\n|switch|p1a: Excadrill|Excadrill, L79, M|303/303\n|-ability|p1a: Excadrill|Mold Breaker\n|turn|16\n|inactive|Time left: 300 sec this turn | 300 sec total\n|\n|t:|1783571822\n|-terastallize|p1a: Excadrill|Grass\n|move|p2a: Wugtrio|Liquidation|p1a: Excadrill\n|-resisted|p1a: Excadrill\n|-damage|p1a: Excadrill|192/303\n|move|p1a: Excadrill|Earthquake|p2a: Wugtrio\n|-damage|p2a: Wugtrio|0 fnt\n|faint|p2a: Wugtrio\n|\n|upkeep\n|\n|t:|1783571823\n|switch|p2a: Toxtricity|Toxtricity, L82, F|100/100\n|turn|17\n|inactive|Time left: 300 sec this turn | 300 sec total\n|\n|t:|1783571824\n|-terastallize|p2a: Toxtricity|Normal\n|move|p1a: Excadrill|Earthquake|p2a: Toxtricity\n|-damage|p2a: Toxtricity|48/100\n|move|p2a: Toxtricity|Boomburst|p1a: Excadrill\n|-damage|p1a: Excadrill|0 fnt\n|faint|p1a: Excadrill\n|\n|upkeep\n|inactive|Time left: 300 sec this turn | 300 sec total | 5 sec grace\n|\n|t:|1783571825\n|switch|p1a: Grumpig|Grumpig, L92, M|155/297\n|turn|18\n|inactive|Time left: 300 sec this turn | 300 sec total\n|\n|t:|1783571826\n|move|p1a: Grumpig|Psychic|p2a: Toxtricity\n|-damage|p2a: Toxtricity|0 fnt\n|faint|p2a: Toxtricity\n|\n|win|p0x2845c4e5", "uploadtime": 1783571826, "views": 0, "rating": 0, "private": 0, "password": null, "_winner": "p0x2845c4e5", "_our_name": "p0x2845c4e5"}