{"id": "battle-gen9randombattle-2654", "formatid": "gen9randombattle", "format": "[Gen 9] Random Battle", "players": ["p0x2654b121", "p0y26541152"], "log": "|init|battle\n|title|p0x2654b121 vs. p0y26541152\n|j|\u2606p0x2654b121\n|j|\u2606p0y26541152\n|t:|1783570627\n|gametype|singles\n|player|p1|p0x2654b121|2|\n|player|p2|p0y26541152|102|\n|gen|9\n|tier|[Gen 9] Random Battle\n|rule|Species Clause: Limit one of each Pok\u00e9mon\n|rule|HP Percentage Mod: HP is shown in percentages\n|rule|Sleep Clause Mod: Limit one foe put to sleep\n|rule|Illusion Level Mod: Illusion disguises the Pok\u00e9mon's true level\n|\n|t:|1783570627\n|teamsize|p1|6\n|teamsize|p2|6\n|start\n|switch|p1a: Espeon|Espeon, L84, F|246/246\n|switch|p2a: Alomomola|Alomomola, L87, F|100/100\n|turn|1\n|inactive|Battle timer is ON: inactive players will automatically lose when time's up. (requested by p0x2654b121)\n|inactive|p0y26541152 also wants the timer to be on.\n|\n|t:|1783570629\n|move|p1a: Espeon|Psyshock|p2a: Alomomola\n|-damage|p2a: Alomomola|60/100\n|move|p2a: Alomomola|Flip Turn|p1a: Espeon\n|-damage|p1a: Espeon|170/246\n|\n|t:|1783570630\n|switch|p2a: Magnezone|Magnezone, L85|100/100|[from] Flip Turn\n|\n|upkeep\n|turn|2\n|inactive|Time left: 300 sec this turn | 300 sec total\n|\n|t:|1783570631\n|move|p1a: Espeon|Psyshock|p2a: Magnezone\n|-resisted|p2a: Magnezone\n|-damage|p2a: Magnezone|76/100\n|move|p2a: Magnezone|Discharge|p1a: Espeon\n|-damage|p1a: Espeon|41/246\n|\n|-heal|p2a: Magnezone|83/100|[from] item: Leftovers\n|upkeep\n|turn|3\n|inactive|Time left: 300 sec this turn | 300 sec total\n|\n|t:|1783570632\n|move|p1a: Espeon|Psyshock|p2a: Magnezone\n|-resisted|p2a: Magnezone\n|-damage|p2a: Magnezone|57/100\n|move|p2a: Magnezone|Discharge|p1a: Espeon\n|-crit|p1a: Espeon\n|-damage|p1a: Espeon|0 fnt\n|faint|p1a: Espeon\n|\n|-heal|p2a: Magnezone|63/100|[from] item: Leftovers\n|upkeep\n|inactive|Time left: 300 sec this turn | 300 sec total | 5 sec grace\n|\n|t:|1783570633\n|switch|p1a: Cacturne|Cacturne, L92, M|278/278\n|turn|4\n|inactive|Time left: 300 sec this turn | 300 sec total\n|\n|t:|1783570634\n|move|p1a: Cacturne|Knock Off|p2a: Magnezone\n|-damage|p2a: Magnezone|8/100\n|-enditem|p2a: Magnezone|Leftovers|[from] move: Knock Off|[of] p1a: Cacturne\n|-damage|p1a: Cacturne|251/278|[from] item: Life Orb\n|move|p2a: Magnezone|Flash Cannon|p1a: Cacturne\n|-damage|p1a: Cacturne|68/278\n|\n|upkeep\n|turn|5\n|inactive|Time left: 300 sec this turn | 300 sec total\n|\n|t:|1783570636\n|move|p1a: Cacturne|Seed Bomb|p2a: Magnezone\n|-resisted|p2a: Magnezone\n|-damage|p2a: Magnezone|0 fnt\n|faint|p2a: Magnezone\n|-damage|p1a: Cacturne|41/278|[from] item: Life Orb\n|\n|upkeep\n|\n|t:|1783570637\n|switch|p2a: Fezandipiti|Fezandipiti, L82, M|100/100\n|turn|6\n|inactive|Time left: 300 sec this turn | 300 sec total\n|\n|t:|1783570638\n|switch|p1a: Coalossal|Coalossal, L89, F|341/341\n|move|p2a: Fezandipiti|Moonblast|p1a: Coalossal\n|-resisted|p1a: Coalossal\n|-damage|p1a: Coalossal|308/341\n|\n|upkeep\n|turn|7\n|inactive|Time left: 300 sec this turn | 300 sec total\n|\n|t:|1783570639\n|move|p2a: Fezandipiti|Gunk Shot|p1a: Coalossal\n|-resisted|p1a: Coalossal\n|-damage|p1a: Coalossal|266/341\n|-status|p1a: Coalossal|psn\n|move|p1a: Coalossal|Stone Edge|p2a: Fezandipiti|[miss]\n|-miss|p1a: Coalossal|p2a: Fezandipiti\n|\n|-damage|p1a: Coalossal|224/341 psn|[from] psn\n|upkeep\n|turn|8\n|inactive|Time left: 300 sec this turn | 300 sec total\n|\n|t:|1783570641\n|move|p2a: Fezandipiti|Moonblast|p1a: Coalossal\n|-resisted|p1a: Coalossal\n|-damage|p1a: Coalossal|188/341 psn\n|move|p1a: Coalossal|Rapid Spin|p2a: Fezandipiti\n|-damage|p2a: Fezandipiti|87/100\n|-boost|p1a: Coalossal|spe|1\n|\n|-heal|p2a: Fezandipiti|93/100|[from] item: Leftovers\n|-damage|p1a: Coalossal|146/341 psn|[from] psn\n|upkeep\n|turn|9\n|inactive|Time left: 300 sec this turn | 300 sec total\n|\n|t:|1783570642\n|move|p2a: Fezandipiti|Moonblast|p1a: Coalossal\n|-resisted|p1a: Coalossal\n|-damage|p1a: Coalossal|110/341 psn\n|-unboost|p1a: Coalossal|spa|1\n|move|p1a: Coalossal|Rapid Spin|p2a: Fezandipiti\n|-damage|p2a: Fezandipiti|80/100\n|-boost|p1a: Coalossal|spe|1\n|\n|-heal|p2a: Fezandipiti|86/100|[from] item: Leftovers\n|-damage|p1a: Coalossal|68/341 psn|[from] psn\n|upkeep\n|turn|10\n|inactive|Time left: 300 sec this turn | 300 sec total\n|\n|t:|1783570643\n|move|p2a: Fezandipiti|Gunk Shot|p1a: Coalossal\n|-resisted|p1a: Coalossal\n|-damage|p1a: Coalossal|26/341 psn\n|move|p1a: Coalossal|Stone Edge|p2a: Fezandipiti\n|-damage|p2a: Fezandipiti|45/100\n|\n|-heal|p2a: Fezandipiti|52/100|[from] item: Leftovers\n|-damage|p1a: Coalossal|0 fnt|[from] psn\n|faint|p1a: Coalossal\n|upkeep\n|inactive|Time left: 300 sec this turn | 300 sec total | 5 sec grace\n|\n|t:|1783570644\n|switch|p1a: Cloyster|Cloyster, L80, F|211/211\n|turn|11\n|inactive|Time left: 300 sec this turn | 300 sec total\n|\n|t:|1783570644\n|move|p2a: Fezandipiti|Moonblast|p1a: Cloyster\n|-damage|p1a: Cloyster|94/211\n|-status|p1a: Cloyster|tox|[from] ability: Toxic Chain|[of] p2a: Fezandipiti\n|move|p1a: Cloyster|Shell Smash|p1a: Cloyster\n|-unboost|p1a: Cloyster|def|1\n|-unboost|p1a: Cloyster|spd|1\n|-boost|p1a: Cloyster|atk|2\n|-boost|p1a: Cloyster|spa|2\n|-boost|p1a: Cloyster|spe|2\n|-enditem|p1a: Cloyster|White Herb\n|-clearnegativeboost|p1a: Cloyster|[silent]\n|\n|-heal|p2a: Fezandipiti|58/100|[from] item: Leftovers\n|-damage|p1a: Cloyster|81/211 tox|[from] psn\n|upkeep\n|turn|12\n|inactive|Time left: 300 sec this turn | 300 sec total\n|\n|t:|1783570645\n|switch|p2a: Alomomola|Alomomola, L87, F|93/100\n|move|p1a: Cloyster|Icicle Spear|p2a: Alomomola\n|-resisted|p2a: Alomomola\n|-damage|p2a: Alomomola|87/100\n|-resisted|p2a: Alomomola\n|-damage|p2a: Alomomola|81/100\n|-resisted|p2a: Alomomola\n|-damage|p2a: Alomomola|75/100\n|-resisted|p2a: Alomomola\n|-damage|p2a: Alomomola|70/100\n|-resisted|p2a: Alomomola\n|-damage|p2a: Alomomola|64/100\n|-hitcount|p2a: Alomomola|5\n|\n|-damage|p1a: Cloyster|55/211 tox|[from] psn\n|upkeep\n|turn|13\n|inactive|Time left: 300 sec this turn | 300 sec total\n|\n|t:|1783570646\n|switch|p1a: Cacturne|Cacturne, L92, M|41/278\n|move|p2a: Alomomola|Protect||[still]\n|-fail|p2a: Alomomola\n|\n|upkeep\n|turn|14\n|inactive|Time left: 300 sec this turn | 300 sec total\n|\n|t:|1783570647\n|switch|p2a: Fezandipiti|Fezandipiti, L82, M|58/100\n|move|p1a: Cacturne|Knock Off|p2a: Fezandipiti\n|-resisted|p2a: Fezandipiti\n|-damage|p2a: Fezandipiti|21/100\n|-enditem|p2a: Fezandipiti|Leftovers|[from] move: Knock Off|[of] p1a: Cacturne\n|-damage|p1a: Cacturne|14/278|[from] item: Life Orb\n|\n|upkeep\n|turn|15\n|inactive|Time left: 300 sec this turn | 300 sec total\n|\n|t:|1783570648\n|switch|p1a: Wugtrio|Wugtrio, L91, M|212/212\n|move|p2a: Fezandipiti|Roost|p2a: Fezandipiti\n|-heal|p2a: Fezandipiti|71/100\n|-singleturn|p2a: Fezandipiti|move: Roost\n|\n|upkeep\n|turn|16\n|inactive|Time left: 300 sec this turn | 300 sec total\n|\n|t:|1783570649\n|switch|p2a: Araquanid|Araquanid, L82, F|100/100\n|move|p1a: Wugtrio|Stomping Tantrum|p2a: Araquanid\n|-resisted|p2a: Araquanid\n|-damage|p2a: Araquanid|80/100\n|\n|upkeep\n|turn|17\n|inactive|Time left: 300 sec this turn | 300 sec total\n|\n|t:|1783570650\n|move|p1a: Wugtrio|Stomping Tantrum|p2a: Araquanid\n|-resisted|p2a: Araquanid\n|-damage|p2a: Araquanid|61/100\n|move|p2a: Araquanid|Sticky Web|p1a: Wugtrio\n|-sidestart|p1: p0x2654b121|move: Sticky Web\n|\n|upkeep\n|turn|18\n|inactive|Time left: 300 sec this turn | 300 sec total\n|\n|t:|1783570650\n|move|p1a: Wugtrio|Stomping Tantrum|p2a: Araquanid\n|-resisted|p2a: Araquanid\n|-damage|p2a: Araquanid|42/100\n|move|p2a: Araquanid|Leech Life|p1a: Wugtrio\n|-damage|p1a: Wugtrio|131/212\n|-heal|p2a: Araquanid|58/100|[from] drain|[of] p1a: Wugtrio\n|-ability|p1a: Wugtrio|Gooey\n|-unboost|p2a: Araquanid|spe|1\n|\n|upkeep\n|turn|19\n|inactive|Time left: 300 sec this turn | 300 sec total\n|\n|t:|1783570651\n|move|p1a: Wugtrio|Stomping Tantrum|p2a: Araquanid\n|-resisted|p2a: Araquanid\n|-damage|p2a: Araquanid|41/100\n|move|p2a: Araquanid|Leech Life|p1a: Wugtrio\n|-damage|p1a: Wugtrio|37/212\n|-heal|p2a: Araquanid|60/100|[from] drain|[of] p1a: Wugtrio\n|-ability|p1a: Wugtrio|Gooey\n|-unboost|p2a: Araquanid|spe|1\n|\n|upkeep\n|turn|20\n|inactive|Time left: 300 sec this turn | 300 sec total\n|\n|t:|1783570652\n|switch|p2a: Alomomola|Alomomola, L87, F|98/100\n|move|p1a: Wugtrio|Stomping Tantrum|p2a: Alomomola\n|-damage|p2a: Alomomola|74/100\n|\n|upkeep\n|turn|21\n|inactive|Time left: 300 sec this turn | 300 sec total\n|\n|t:|1783570653\n|move|p1a: Wugtrio|Stomping Tantrum|p2a: Alomomola\n|-damage|p2a: Alomomola|51/100\n|move|p2a: Alomomola|Wish|p2a: Alomomola\n|\n|upkeep\n|turn|22\n|inactive|Time left: 300 sec this turn | 300 sec total\n|\n|t:|1783570654\n|switch|p1a: Cacturne|Cacturne, L92, M|14/278\n|-activate|p1a: Cacturne|move: Sticky Web\n|-unboost|p1a: Cacturne|spe|1\n|switch|p2a: Araquanid|Araquanid, L82, F|60/100\n|\n|-heal|p2a: Araquanid|100/100|[from] move: Wish|[wisher] Alomomola\n|upkeep\n|turn|23\n|inactive|Time left: 300 sec this turn | 300 sec total\n|\n|t:|1783570655\n|switch|p2a: Fezandipiti|Fezandipiti, L82, M|71/100\n|move|p1a: Cacturne|Knock Off|p2a: Fezandipiti\n|-resisted|p2a: Fezandipiti\n|-damage|p2a: Fezandipiti|48/100\n|-damage|p1a: Cacturne|0 fnt|[from] item: Life Orb\n|faint|p1a: Cacturne\n|\n|upkeep\n|inactive|Time left: 300 sec this turn | 300 sec total | 5 sec grace\n|\n|t:|1783570656\n|switch|p1a: Cloyster|Cloyster, L80, F|55/211 tox\n|-activate|p1a: Cloyster|move: Sticky Web\n|-unboost|p1a: Cloyster|spe|1\n|turn|24\n|inactive|Time left: 300 sec this turn | 300 sec total\n|\n|t:|1783570657\n|move|p2a: Fezandipiti|Moonblast|p1a: Cloyster\n|-damage|p1a: Cloyster|0 fnt\n|faint|p1a: Cloyster\n|\n|upkeep\n|inactive|Time left: 300 sec this turn | 300 sec total | 5 sec grace\n|\n|t:|1783570657\n|switch|p1a: Muk|Muk-Alola, L82, F|306/306\n|-activate|p1a: Muk|move: Sticky Web\n|-unboost|p1a: Muk|spe|1\n|turn|25\n|inactive|Time left: 300 sec this turn | 300 sec total\n|\n|t:|1783570658\n|move|p2a: Fezandipiti|Roost|p2a: Fezandipiti\n|-heal|p2a: Fezandipiti|98/100\n|-singleturn|p2a: Fezandipiti|move: Roost\n|move|p1a: Muk|Gunk Shot|p2a: Fezandipiti\n|-damage|p2a: Fezandipiti|45/100\n|\n|upkeep\n|turn|26\n|inactive|Time left: 300 sec this turn | 300 sec total\n|\n|t:|1783570660\n|move|p2a: Fezandipiti|Roost|p2a: Fezandipiti\n|-heal|p2a: Fezandipiti|95/100\n|-singleturn|p2a: Fezandipiti|move: Roost\n|move|p1a: Muk|Gunk Shot|p2a: Fezandipiti|[miss]\n|-miss|p1a: Muk|p2a: Fezandipiti\n|\n|upkeep\n|turn|27\n|inactive|Time left: 300 sec this turn | 300 sec total\n|\n|t:|1783570661\n|move|p2a: Fezandipiti|Moonblast|p1a: Muk\n|-damage|p1a: Muk|261/306\n|move|p1a: Muk|Gunk Shot|p2a: Fezandipiti\n|-damage|p2a: Fezandipiti|43/100\n|\n|upkeep\n|turn|28\n|inactive|Time left: 300 sec this turn | 300 sec total\n|\n|t:|1783570662\n|move|p2a: Fezandipiti|Roost|p2a: Fezandipiti\n|-heal|p2a: Fezandipiti|93/100\n|-singleturn|p2a: Fezandipiti|move: Roost\n|move|p1a: Muk|Gunk Shot|p2a: Fezandipiti\n|-damage|p2a: Fezandipiti|43/100\n|\n|upkeep\n|turn|29\n|inactive|Time left: 300 sec this turn | 300 sec total\n|\n|t:|1783570663\n|move|p2a: Fezandipiti|Roost|p2a: Fezandipiti\n|-heal|p2a: Fezandipiti|93/100\n|-singleturn|p2a: Fezandipiti|move: Roost\n|move|p1a: Muk|Gunk Shot|p2a: Fezandipiti\n|-damage|p2a: Fezandipiti|44/100\n|\n|upkeep\n|turn|30\n|inactive|Time left: 300 sec this turn | 300 sec total\n|\n|t:|1783570664\n|move|p2a: Fezandipiti|Roost|p2a: Fezandipiti\n|-heal|p2a: Fezandipiti|94/100\n|-singleturn|p2a: Fezandipiti|move: Roost\n|move|p1a: Muk|Gunk Shot|p2a: Fezandipiti\n|-damage|p2a: Fezandipiti|48/100\n|\n|upkeep\n|turn|31\n|inactive|Time left: 300 sec this turn | 300 sec total\n|\n|t:|1783570665\n|move|p2a: Fezandipiti|Roost|p2a: Fezandipiti\n|-heal|p2a: Fezandipiti|98/100\n|-singleturn|p2a: Fezandipiti|move: Roost\n|move|p1a: Muk|Gunk Shot|p2a: Fezandipiti\n|-damage|p2a: Fezandipiti|47/100\n|\n|upkeep\n|turn|32\n|inactive|Time left: 300 sec this turn | 300 sec total\n|\n|t:|1783570666\n|move|p2a: Fezandipiti|Roost|p2a: Fezandipiti\n|-heal|p2a: Fezandipiti|97/100\n|-singleturn|p2a: Fezandipiti|move: Roost\n|move|p1a: Muk|Gunk Shot|p2a: Fezandipiti\n|-damage|p2a: Fezandipiti|51/100\n|\n|upkeep\n|turn|33\n|inactive|Time left: 300 sec this turn | 300 sec total\n|\n|t:|1783570667\n|move|p2a: Fezandipiti|Moonblast|p1a: Muk\n|-damage|p1a: Muk|212/306\n|move|p1a: Muk|Knock Off|p2a: Fezandipiti\n|-resisted|p2a: Fezandipiti\n|-damage|p2a: Fezandipiti|38/100\n|\n|upkeep\n|turn|34\n|inactive|Time left: 300 sec this turn | 300 sec total\n|\n|t:|1783570669\n|move|p2a: Fezandipiti|Moonblast|p1a: Muk\n|-damage|p1a: Muk|160/306\n|-unboost|p1a: Muk|spa|1\n|move|p1a: Muk|Ice Punch|p2a: Fezandipiti\n|-damage|p2a: Fezandipiti|18/100\n|\n|upkeep\n|turn|35\n|inactive|Time left: 300 sec this turn | 300 sec total\n|\n|t:|1783570670\n|move|p2a: Fezandipiti|Gunk Shot|p1a: Muk|[miss]\n|-miss|p2a: Fezandipiti|p1a: Muk\n|move|p1a: Muk|Knock Off|p2a: Fezandipiti\n|-resisted|p2a: Fezandipiti\n|-damage|p2a: Fezandipiti|4/100\n|\n|upkeep\n|turn|36\n|inactive|Time left: 300 sec this turn | 300 sec total\n|\n|t:|1783570671\n|move|p2a: Fezandipiti|Moonblast|p1a: Muk\n|-damage|p1a: Muk|115/306\n|-unboost|p1a: Muk|spa|1\n|move|p1a: Muk|Knock Off|p2a: Fezandipiti\n|-resisted|p2a: Fezandipiti\n|-damage|p2a: Fezandipiti|0 fnt\n|faint|p2a: Fezandipiti\n|\n|upkeep\n|\n|t:|1783570672\n|switch|p2a: Araquanid|Araquanid, L82, F|100/100\n|turn|37\n|inactive|Time left: 300 sec this turn | 300 sec total\n|\n|t:|1783570672\n|switch|p1a: Wugtrio|Wugtrio, L91, M|37/212\n|-activate|p1a: Wugtrio|move: Sticky Web\n|-unboost|p1a: Wugtrio|spe|1\n|move|p2a: Araquanid|Liquidation|p1a: Wugtrio\n|-resisted|p1a: Wugtrio\n|-damage|p1a: Wugtrio|0 fnt\n|-ability|p1a: Wugtrio|Gooey\n|-unboost|p2a: Araquanid|spe|1\n|faint|p1a: Wugtrio\n|\n|upkeep\n|inactive|Time left: 300 sec this turn | 300 sec total | 5 sec grace\n|\n|t:|1783570673\n|switch|p1a: Muk|Muk-Alola, L82, F|115/306\n|-activate|p1a: Muk|move: Sticky Web\n|-unboost|p1a: Muk|spe|1\n|turn|38\n|inactive|Time left: 300 sec this turn | 300 sec total\n|\n|t:|1783570674\n|move|p1a: Muk|Ice Punch|p2a: Araquanid\n|-resisted|p2a: Araquanid\n|-damage|p2a: Araquanid|89/100\n|-status|p2a: Araquanid|psn|[from] ability: Poison Touch|[of] p1a: Muk\n|move|p2a: Araquanid|Liquidation|p1a: Muk\n|-damage|p1a: Muk|0 fnt\n|faint|p1a: Muk\n|\n|win|p0y26541152", "uploadtime": 1783570674, "views": 0, "rating": 0, "private": 0, "password": null, "_winner": "p0y26541152", "_our_name": "p0x2654b121"}