{"id": "battle-gen9randombattle-2982", "formatid": "gen9randombattle", "format": "[Gen 9] Random Battle", "players": ["p0x2981e8bc", "p0y2981152a"], "log": "|init|battle\n|title|p0x2981e8bc vs. p0y2981152a\n|j|\u2606p0x2981e8bc\n|j|\u2606p0y2981152a\n|t:|1783574330\n|gametype|singles\n|player|p1|p0x2981e8bc|2|\n|player|p2|p0y2981152a|266|\n|gen|9\n|tier|[Gen 9] Random Battle\n|rule|Species Clause: Limit one of each Pok\u00e9mon\n|rule|HP Percentage Mod: HP is shown in percentages\n|rule|Sleep Clause Mod: Limit one foe put to sleep\n|rule|Illusion Level Mod: Illusion disguises the Pok\u00e9mon's true level\n|\n|t:|1783574330\n|teamsize|p1|6\n|teamsize|p2|6\n|start\n|switch|p1a: Diancie|Diancie, L82|100/100\n|switch|p2a: Dewgong|Dewgong, L94, F|322/322\n|turn|1\n|inactive|Battle timer is ON: inactive players will automatically lose when time's up. (requested by p0y2981152a)\n|inactive|p0x2981e8bc also wants the timer to be on.\n|\n|t:|1783574331\n|move|p2a: Dewgong|Surf|p1a: Diancie\n|-supereffective|p1a: Diancie\n|-damage|p1a: Diancie|44/100\n|move|p1a: Diancie|Diamond Storm|p2a: Dewgong\n|-supereffective|p2a: Dewgong\n|-damage|p2a: Dewgong|118/322\n|\n|-heal|p1a: Diancie|50/100|[from] item: Leftovers\n|upkeep\n|turn|2\n|inactive|Time left: 300 sec this turn | 300 sec total\n|\n|t:|1783574332\n|switch|p1a: Tsareena|Tsareena, L87, F|100/100\n|move|p2a: Dewgong|Surf|p1a: Tsareena\n|-resisted|p1a: Tsareena\n|-damage|p1a: Tsareena|90/100\n|\n|upkeep\n|turn|3\n|inactive|Time left: 300 sec this turn | 300 sec total\n|\n|t:|1783574333\n|move|p2a: Dewgong|Triple Axel|p1a: Tsareena\n|-supereffective|p1a: Tsareena\n|-damage|p1a: Tsareena|76/100\n|-supereffective|p1a: Tsareena\n|-damage|p1a: Tsareena|47/100\n|-supereffective|p1a: Tsareena\n|-damage|p1a: Tsareena|1/100\n|-hitcount|p1a: Tsareena|3\n|move|p1a: Tsareena|Power Whip|p2a: Dewgong\n|-supereffective|p2a: Dewgong\n|-damage|p2a: Dewgong|0 fnt\n|faint|p2a: Dewgong\n|\n|upkeep\n|inactive|Time left: 300 sec this turn | 300 sec total | 5 sec grace\n|\n|t:|1783574334\n|switch|p2a: Mightyena|Mightyena, L96, F|290/290\n|-ability|p2a: Mightyena|Intimidate|boost\n|-unboost|p1a: Tsareena|atk|1\n|turn|4\n|inactive|Time left: 300 sec this turn | 300 sec total\n|\n|t:|1783574335\n|switch|p1a: Diancie|Diancie, L82|50/100\n|move|p2a: Mightyena|Throat Chop|p1a: Diancie\n|-resisted|p1a: Diancie\n|-damage|p1a: Diancie|33/100\n|-start|p1a: Diancie|Throat Chop|[silent]\n|\n|-heal|p1a: Diancie|39/100|[from] item: Leftovers\n|upkeep\n|turn|5\n|inactive|Time left: 300 sec this turn | 300 sec total\n|\n|t:|1783574336\n|move|p2a: Mightyena|Poison Fang|p1a: Diancie\n|-damage|p1a: Diancie|27/100\n|move|p1a: Diancie|Moonblast|p2a: Mightyena\n|-supereffective|p2a: Mightyena\n|-damage|p2a: Mightyena|132/290\n|\n|-heal|p1a: Diancie|33/100|[from] item: Leftovers\n|-end|p1a: Diancie|Throat Chop|[silent]\n|upkeep\n|turn|6\n|inactive|Time left: 300 sec this turn | 300 sec total\n|\n|t:|1783574337\n|switch|p2a: Rampardos|Rampardos, L90, F|321/321\n|move|p1a: Diancie|Moonblast|p2a: Rampardos\n|-damage|p2a: Rampardos|185/321\n|-unboost|p2a: Rampardos|spa|1\n|\n|-heal|p1a: Diancie|39/100|[from] item: Leftovers\n|upkeep\n|turn|7\n|inactive|Time left: 300 sec this turn | 300 sec total\n|\n|t:|1783574338\n|move|p2a: Rampardos|Earthquake|p1a: Diancie\n|-supereffective|p1a: Diancie\n|-damage|p1a: Diancie|0 fnt\n|faint|p1a: Diancie\n|-damage|p2a: Rampardos|153/321|[from] item: Life Orb\n|\n|upkeep\n|\n|t:|1783574339\n|switch|p1a: Enamorus|Enamorus, L79, F|100/100\n|turn|8\n|inactive|Time left: 300 sec this turn | 300 sec total\n|\n|t:|1783574340\n|switch|p2a: Talonflame|Talonflame, L83, M|265/265\n|move|p1a: Enamorus|Moonblast|p2a: Talonflame\n|-resisted|p2a: Talonflame\n|-damage|p2a: Talonflame|193/265\n|\n|upkeep\n|turn|9\n|inactive|Time left: 300 sec this turn | 300 sec total\n|\n|t:|1783574341\n|switch|p1a: Golurk|Golurk, L87|100/100\n|move|p2a: Talonflame|Swords Dance|p2a: Talonflame\n|-boost|p2a: Talonflame|atk|2\n|\n|upkeep\n|turn|10\n|inactive|Time left: 300 sec this turn | 300 sec total\n|\n|t:|1783574342\n|move|p2a: Talonflame|Flare Blitz|p1a: Golurk\n|-damage|p1a: Golurk|19/100\n|-damage|p2a: Talonflame|113/265|[from] Recoil\n|move|p1a: Golurk|Poltergeist|p2a: Talonflame\n|-activate|p2a: Talonflame|move: Poltergeist|Heavy-Duty Boots\n|-damage|p2a: Talonflame|0 fnt\n|faint|p2a: Talonflame\n|\n|upkeep\n|inactive|Time left: 300 sec this turn | 300 sec total | 5 sec grace\n|\n|t:|1783574343\n|switch|p2a: Rampardos|Rampardos, L90, F|153/321\n|turn|11\n|inactive|Time left: 300 sec this turn | 300 sec total\n|\n|t:|1783574344\n|switch|p1a: Tsareena|Tsareena, L87, F|1/100\n|move|p2a: Rampardos|Rock Slide|p1a: Tsareena\n|-damage|p1a: Tsareena|0 fnt\n|faint|p1a: Tsareena\n|\n|upkeep\n|\n|t:|1783574345\n|switch|p1a: Enamorus|Enamorus, L79, F|100/100\n|turn|12\n|inactive|Time left: 300 sec this turn | 300 sec total\n|\n|t:|1783574346\n|switch|p2a: Mightyena|Mightyena, L96, F|132/290\n|-ability|p2a: Mightyena|Intimidate|boost\n|-unboost|p1a: Enamorus|atk|1\n|move|p1a: Enamorus|Moonblast|p2a: Mightyena\n|-supereffective|p2a: Mightyena\n|-damage|p2a: Mightyena|0 fnt\n|faint|p2a: Mightyena\n|\n|upkeep\n|inactive|Time left: 300 sec this turn | 300 sec total | 5 sec grace\n|\n|t:|1783574347\n|switch|p2a: Sneasler|Sneasler, L74, M|240/240\n|turn|13\n|inactive|Time left: 300 sec this turn | 300 sec total\n|\n|t:|1783574348\n|switch|p1a: Skarmory|Skarmory, L80, F|100/100\n|move|p2a: Sneasler|Gunk Shot|p1a: Skarmory\n|-immune|p1a: Skarmory\n|\n|upkeep\n|turn|14\n|inactive|Time left: 300 sec this turn | 300 sec total\n|\n|t:|1783574349\n|switch|p2a: Rampardos|Rampardos, L90, F|153/321\n|move|p1a: Skarmory|Brave Bird|p2a: Rampardos\n|-resisted|p2a: Rampardos\n|-damage|p2a: Rampardos|88/321\n|-damage|p1a: Skarmory|92/100|[from] Recoil\n|\n|-heal|p1a: Skarmory|98/100|[from] item: Leftovers\n|upkeep\n|turn|15\n|inactive|Time left: 300 sec this turn | 300 sec total\n|\n|t:|1783574350\n|move|p1a: Skarmory|Brave Bird|p2a: Rampardos\n|-resisted|p2a: Rampardos\n|-damage|p2a: Rampardos|25/321\n|-damage|p1a: Skarmory|89/100|[from] Recoil\n|move|p2a: Rampardos|Rock Slide|p1a: Skarmory\n|-damage|p1a: Skarmory|15/100\n|\n|-heal|p1a: Skarmory|21/100|[from] item: Leftovers\n|upkeep\n|turn|16\n|inactive|Time left: 300 sec this turn | 300 sec total\n|\n|t:|1783574352\n|move|p1a: Skarmory|Brave Bird|p2a: Rampardos\n|-resisted|p2a: Rampardos\n|-crit|p2a: Rampardos\n|-damage|p2a: Rampardos|0 fnt\n|faint|p2a: Rampardos\n|-damage|p1a: Skarmory|18/100|[from] Recoil\n|\n|-heal|p1a: Skarmory|24/100|[from] item: Leftovers\n|upkeep\n|inactive|Time left: 300 sec this turn | 300 sec total | 5 sec grace\n|\n|t:|1783574353\n|switch|p2a: Sneasler|Sneasler, L74, M|240/240\n|turn|17\n|inactive|Time left: 300 sec this turn | 300 sec total\n|\n|t:|1783574354\n|switch|p1a: Golurk|Golurk, L87|19/100\n|move|p2a: Sneasler|Close Combat|p1a: Golurk\n|-immune|p1a: Golurk\n|\n|upkeep\n|turn|18\n|inactive|Time left: 300 sec this turn | 300 sec total\n|\n|t:|1783574355\n|switch|p1a: Skarmory|Skarmory, L80, F|24/100\n|-terastallize|p2a: Sneasler|Flying\n|move|p2a: Sneasler|Acrobatics|p1a: Skarmory\n|-resisted|p1a: Skarmory\n|-damage|p1a: Skarmory|14/100\n|\n|-heal|p1a: Skarmory|20/100|[from] item: Leftovers\n|upkeep\n|turn|19\n|inactive|Time left: 300 sec this turn | 300 sec total\n|\n|t:|1783574356\n|move|p2a: Sneasler|Close Combat|p1a: Skarmory\n|-damage|p1a: Skarmory|0 fnt\n|-unboost|p2a: Sneasler|def|1\n|-unboost|p2a: Sneasler|spd|1\n|faint|p1a: Skarmory\n|-enditem|p2a: Sneasler|White Herb\n|-clearnegativeboost|p2a: Sneasler|[silent]\n|\n|upkeep\n|\n|t:|1783574357\n|switch|p1a: Houndoom|Houndoom, L87, M|100/100\n|turn|20\n|inactive|Time left: 300 sec this turn | 300 sec total\n|\n|t:|1783574358\n|-terastallize|p1a: Houndoom|Fire\n|move|p2a: Sneasler|Close Combat|p1a: Houndoom\n|-damage|p1a: Houndoom|32/100\n|-unboost|p2a: Sneasler|def|1\n|-unboost|p2a: Sneasler|spd|1\n|move|p1a: Houndoom|Fire Blast|p2a: Sneasler\n|-damage|p2a: Sneasler|0 fnt\n|faint|p2a: Sneasler\n|\n|upkeep\n|inactive|Time left: 300 sec this turn | 300 sec total | 5 sec grace\n|\n|t:|1783574359\n|switch|p2a: Volbeat|Volbeat, L90, M|263/263\n|turn|21\n|inactive|Time left: 300 sec this turn | 300 sec total\n|\n|t:|1783574360\n|move|p2a: Volbeat|Thunder Wave|p1a: Houndoom\n|-status|p1a: Houndoom|par\n|move|p1a: Houndoom|Fire Blast|p2a: Volbeat\n|-supereffective|p2a: Volbeat\n|-damage|p2a: Volbeat|0 fnt\n|faint|p2a: Volbeat\n|\n|win|p0x2981e8bc", "uploadtime": 1783574360, "views": 0, "rating": 0, "private": 0, "password": null, "_winner": "p0x2981e8bc", "_our_name": "p0y2981152a"}