{"id": "battle-gen9randombattle-1848", "formatid": "gen9randombattle", "format": "[Gen 9] Random Battle", "players": ["p0x1848f286", "p0y1848a37e"], "log": "|init|battle\n|title|p0x1848f286 vs. p0y1848a37e\n|j|\u2606p0x1848f286\n|j|\u2606p0y1848a37e\n|t:|1783560648\n|gametype|singles\n|player|p1|p0x1848f286|265|\n|player|p2|p0y1848a37e|266|\n|gen|9\n|tier|[Gen 9] Random Battle\n|rule|Species Clause: Limit one of each Pok\u00e9mon\n|rule|HP Percentage Mod: HP is shown in percentages\n|rule|Sleep Clause Mod: Limit one foe put to sleep\n|rule|Illusion Level Mod: Illusion disguises the Pok\u00e9mon's true level\n|\n|t:|1783560648\n|teamsize|p1|6\n|teamsize|p2|6\n|start\n|switch|p1a: Moltres|Moltres-Galar, L79|100/100\n|switch|p2a: Minun|Minun, L95, F|268/268\n|turn|1\n|inactive|Battle timer is ON: inactive players will automatically lose when time's up. (requested by p0y1848a37e)\n|inactive|p0x1848f286 also wants the timer to be on.\n|\n|t:|1783560649\n|move|p2a: Minun|Nasty Plot|p2a: Minun\n|-boost|p2a: Minun|spa|2\n|move|p1a: Moltres|Hurricane|p2a: Minun\n|-resisted|p2a: Minun\n|-crit|p2a: Minun\n|-damage|p2a: Minun|201/268\n|\n|upkeep\n|turn|2\n|inactive|Time left: 300 sec this turn | 300 sec total\n|\n|t:|1783560650\n|switch|p1a: Gastrodon|Gastrodon-East, L86, F|100/100\n|move|p2a: Minun|Thunderbolt|p1a: Gastrodon\n|-immune|p1a: Gastrodon\n|\n|upkeep\n|turn|3\n|inactive|Time left: 300 sec this turn | 300 sec total\n|\n|t:|1783560651\n|-terastallize|p1a: Gastrodon|Poison\n|move|p2a: Minun|Grass Knot|p1a: Gastrodon\n|-resisted|p1a: Gastrodon\n|-damage|p1a: Gastrodon|83/100\n|-damage|p2a: Minun|175/268|[from] item: Life Orb\n|move|p1a: Gastrodon|Earthquake|p2a: Minun\n|-supereffective|p2a: Minun\n|-damage|p2a: Minun|0 fnt\n|faint|p2a: Minun\n|\n|-heal|p1a: Gastrodon|89/100|[from] item: Leftovers\n|upkeep\n|inactive|Time left: 300 sec this turn | 300 sec total | 5 sec grace\n|\n|t:|1783560652\n|switch|p2a: Cetitan|Cetitan, L82, F|412/412\n|turn|4\n|inactive|Time left: 300 sec this turn | 300 sec total\n|\n|t:|1783560653\n|move|p2a: Cetitan|Belly Drum|p2a: Cetitan\n|-damage|p2a: Cetitan|206/412\n|-setboost|p2a: Cetitan|atk|6|[from] move: Belly Drum\n|-enditem|p2a: Cetitan|Sitrus Berry|[eat]\n|-heal|p2a: Cetitan|309/412|[from] item: Sitrus Berry\n|move|p1a: Gastrodon|Earthquake|p2a: Cetitan\n|-damage|p2a: Cetitan|186/412\n|\n|-heal|p1a: Gastrodon|95/100|[from] item: Leftovers\n|upkeep\n|turn|5\n|inactive|Time left: 300 sec this turn | 300 sec total\n|\n|t:|1783560654\n|switch|p1a: Poliwrath|Poliwrath, L88, M|100/100\n|move|p2a: Cetitan|Ice Spinner|p1a: Poliwrath\n|-resisted|p1a: Poliwrath\n|-crit|p1a: Poliwrath\n|-damage|p1a: Poliwrath|27/100\n|\n|-heal|p1a: Poliwrath|33/100|[from] item: Leftovers\n|upkeep\n|turn|6\n|inactive|Time left: 300 sec this turn | 300 sec total\n|\n|t:|1783560655\n|-terastallize|p2a: Cetitan|Ice\n|move|p2a: Cetitan|Ice Shard|p1a: Poliwrath\n|-resisted|p1a: Poliwrath\n|-damage|p1a: Poliwrath|0 fnt\n|faint|p1a: Poliwrath\n|\n|upkeep\n|\n|t:|1783560656\n|switch|p1a: Glalie|Glalie, L96, F|100/100\n|turn|7\n|inactive|Time left: 300 sec this turn | 300 sec total\n|\n|t:|1783560657\n|move|p1a: Glalie|Earthquake|p2a: Cetitan\n|-damage|p2a: Cetitan|91/412\n|move|p2a: Cetitan|Ice Spinner|p1a: Glalie\n|-resisted|p1a: Glalie\n|-damage|p1a: Glalie|32/100\n|\n|upkeep\n|turn|8\n|inactive|Time left: 300 sec this turn | 300 sec total\n|\n|t:|1783560659\n|move|p2a: Cetitan|Ice Shard|p1a: Glalie\n|-resisted|p1a: Glalie\n|-damage|p1a: Glalie|0 fnt\n|faint|p1a: Glalie\n|\n|upkeep\n|\n|t:|1783560660\n|switch|p1a: Chimecho|Chimecho, L93, F|100/100\n|turn|9\n|inactive|Time left: 300 sec this turn | 300 sec total\n|\n|t:|1783560661\n|move|p2a: Cetitan|Ice Shard|p1a: Chimecho\n|-damage|p1a: Chimecho|14/100\n|move|p1a: Chimecho|Psychic Noise|p2a: Cetitan\n|-damage|p2a: Cetitan|0 fnt\n|faint|p2a: Cetitan\n|\n|-heal|p1a: Chimecho|20/100|[from] item: Leftovers\n|upkeep\n|inactive|Time left: 300 sec this turn | 300 sec total | 5 sec grace\n|\n|t:|1783560662\n|switch|p2a: Bisharp|Bisharp, L79, M|232/232\n|turn|10\n|inactive|Time left: 300 sec this turn | 300 sec total\n|\n|t:|1783560663\n|move|p1a: Chimecho|Recover|p1a: Chimecho\n|-heal|p1a: Chimecho|70/100\n|move|p2a: Bisharp|Swords Dance|p2a: Bisharp\n|-boost|p2a: Bisharp|atk|2\n|\n|-heal|p1a: Chimecho|76/100|[from] item: Leftovers\n|upkeep\n|turn|11\n|inactive|Time left: 300 sec this turn | 300 sec total\n|\n|t:|1783560664\n|move|p1a: Chimecho|Encore|p2a: Bisharp\n|-start|p2a: Bisharp|Encore\n|move|p2a: Bisharp|Swords Dance|p2a: Bisharp\n|-boost|p2a: Bisharp|atk|2\n|\n|-heal|p1a: Chimecho|82/100|[from] item: Leftovers\n|upkeep\n|turn|12\n|inactive|Time left: 300 sec this turn | 300 sec total\n|\n|t:|1783560665\n|switch|p2a: Granbull|Granbull, L88, M|302/302\n|-ability|p2a: Granbull|Intimidate|boost\n|-unboost|p1a: Chimecho|atk|1\n|move|p1a: Chimecho|Recover|p1a: Chimecho\n|-heal|p1a: Chimecho|100/100\n|\n|upkeep\n|turn|13\n|inactive|Time left: 300 sec this turn | 300 sec total\n|\n|t:|1783560666\n|switch|p1a: Moltres|Moltres-Galar, L79|100/100\n|move|p2a: Granbull|Play Rough|p1a: Moltres|[miss]\n|-miss|p2a: Granbull|p1a: Moltres\n|\n|upkeep\n|turn|14\n|inactive|Time left: 300 sec this turn | 300 sec total\n|\n|t:|1783560667\n|move|p1a: Moltres|Hurricane|p2a: Granbull|[miss]\n|-miss|p1a: Moltres|p2a: Granbull\n|move|p2a: Granbull|Play Rough|p1a: Moltres|[miss]\n|-miss|p2a: Granbull|p1a: Moltres\n|\n|upkeep\n|turn|15\n|inactive|Time left: 300 sec this turn | 300 sec total\n|\n|t:|1783560668\n|move|p1a: Moltres|Hurricane|p2a: Granbull\n|-damage|p2a: Granbull|161/302\n|move|p2a: Granbull|Play Rough|p1a: Moltres\n|-supereffective|p1a: Moltres\n|-damage|p1a: Moltres|13/100\n|-enditem|p1a: Moltres|Weakness Policy\n|-boost|p1a: Moltres|atk|2|[from] item: Weakness Policy\n|-boost|p1a: Moltres|spa|2|[from] item: Weakness Policy\n|-ability|p1a: Moltres|Berserk|boost\n|-boost|p1a: Moltres|spa|1\n|\n|-heal|p2a: Granbull|179/302|[from] item: Leftovers\n|upkeep\n|turn|16\n|inactive|Time left: 300 sec this turn | 300 sec total\n|\n|t:|1783560669\n|switch|p2a: Bisharp|Bisharp, L79, M|232/232\n|move|p1a: Moltres|Hurricane|p2a: Bisharp|[miss]\n|-miss|p1a: Moltres|p2a: Bisharp\n|\n|upkeep\n|turn|17\n|inactive|Time left: 300 sec this turn | 300 sec total\n|\n|t:|1783560670\n|move|p1a: Moltres|Hurricane|p2a: Bisharp|[miss]\n|-miss|p1a: Moltres|p2a: Bisharp\n|move|p2a: Bisharp|Iron Head|p1a: Moltres\n|-damage|p1a: Moltres|0 fnt\n|faint|p1a: Moltres\n|\n|upkeep\n|\n|t:|1783560671\n|switch|p1a: Gastrodon|Gastrodon-East, L86, F, tera:Poison|95/100\n|turn|18\n|inactive|Time left: 300 sec this turn | 300 sec total\n|\n|t:|1783560672\n|move|p2a: Bisharp|Swords Dance|p2a: Bisharp\n|-boost|p2a: Bisharp|atk|2\n|move|p1a: Gastrodon|Earthquake|p2a: Bisharp\n|-supereffective|p2a: Bisharp\n|-damage|p2a: Bisharp|94/232\n|\n|-heal|p1a: Gastrodon|100/100|[from] item: Leftovers\n|upkeep\n|turn|19\n|inactive|Time left: 300 sec this turn | 300 sec total\n|\n|t:|1783560673\n|move|p2a: Bisharp|Iron Head|p1a: Gastrodon\n|-damage|p1a: Gastrodon|35/100\n|move|p1a: Gastrodon|Earthquake|p2a: Bisharp\n|-supereffective|p2a: Bisharp\n|-damage|p2a: Bisharp|0 fnt\n|faint|p2a: Bisharp\n|\n|-heal|p1a: Gastrodon|41/100|[from] item: Leftovers\n|upkeep\n|inactive|Time left: 300 sec this turn | 300 sec total | 5 sec grace\n|\n|t:|1783560674\n|switch|p2a: Granbull|Granbull, L88, M|179/302\n|-ability|p2a: Granbull|Intimidate|boost\n|-unboost|p1a: Gastrodon|atk|1\n|turn|20\n|inactive|Time left: 300 sec this turn | 300 sec total\n|\n|t:|1783560675\n|switch|p1a: Oricorio|Oricorio-Pom-Pom, L82, M|100/100\n|move|p2a: Granbull|Earthquake|p1a: Oricorio\n|-immune|p1a: Oricorio\n|\n|-heal|p2a: Granbull|197/302|[from] item: Leftovers\n|upkeep\n|turn|21\n|inactive|Time left: 300 sec this turn | 300 sec total\n|\n|t:|1783560676\n|move|p1a: Oricorio|Hurricane|p2a: Granbull\n|-damage|p2a: Granbull|68/302\n|-start|p2a: Granbull|confusion\n|-activate|p2a: Granbull|confusion\n|-damage|p2a: Granbull|29/302|[from] confusion\n|\n|-heal|p2a: Granbull|47/302|[from] item: Leftovers\n|upkeep\n|turn|22\n|inactive|Time left: 300 sec this turn | 300 sec total\n|\n|t:|1783560677\n|move|p1a: Oricorio|Quiver Dance|p1a: Oricorio\n|-boost|p1a: Oricorio|spa|1\n|-boost|p1a: Oricorio|spd|1\n|-boost|p1a: Oricorio|spe|1\n|-end|p2a: Granbull|confusion\n|move|p2a: Granbull|Encore|p1a: Oricorio\n|-start|p1a: Oricorio|Encore\n|\n|-heal|p2a: Granbull|65/302|[from] item: Leftovers\n|upkeep\n|turn|23\n|inactive|Time left: 300 sec this turn | 300 sec total\n|\n|t:|1783560678\n|switch|p1a: Gastrodon|Gastrodon-East, L86, F, tera:Poison|41/100\n|move|p2a: Granbull|Play Rough|p1a: Gastrodon|[miss]\n|-miss|p2a: Granbull|p1a: Gastrodon\n|\n|-heal|p2a: Granbull|83/302|[from] item: Leftovers\n|-heal|p1a: Gastrodon|47/100|[from] item: Leftovers\n|upkeep\n|turn|24\n|inactive|Time left: 300 sec this turn | 300 sec total\n|\n|t:|1783560678\n|switch|p1a: Oricorio|Oricorio-Pom-Pom, L82, M|100/100\n|move|p2a: Granbull|Earthquake|p1a: Oricorio\n|-immune|p1a: Oricorio\n|\n|-heal|p2a: Granbull|101/302|[from] item: Leftovers\n|upkeep\n|turn|25\n|inactive|Time left: 300 sec this turn | 300 sec total\n|\n|t:|1783560679\n|switch|p2a: Quagsire|Quagsire, L84, F|297/297\n|move|p1a: Oricorio|Hurricane|p2a: Quagsire\n|-damage|p2a: Quagsire|150/297\n|\n|-heal|p2a: Quagsire|168/297|[from] item: Leftovers\n|upkeep\n|turn|26\n|inactive|Time left: 300 sec this turn | 300 sec total\n|\n|t:|1783560680\n|move|p1a: Oricorio|Quiver Dance|p1a: Oricorio\n|-boost|p1a: Oricorio|spa|1\n|-boost|p1a: Oricorio|spd|1\n|-boost|p1a: Oricorio|spe|1\n|move|p2a: Quagsire|Toxic|p1a: Oricorio|[miss]\n|-miss|p2a: Quagsire|p1a: Oricorio\n|\n|-heal|p2a: Quagsire|186/297|[from] item: Leftovers\n|upkeep\n|turn|27\n|inactive|Time left: 300 sec this turn | 300 sec total\n|\n|t:|1783560681\n|move|p1a: Oricorio|Hurricane|p2a: Quagsire|[miss]\n|-miss|p1a: Oricorio|p2a: Quagsire\n|move|p2a: Quagsire|Toxic|p1a: Oricorio\n|-status|p1a: Oricorio|tox\n|\n|-heal|p2a: Quagsire|204/297|[from] item: Leftovers\n|-damage|p1a: Oricorio|94/100 tox|[from] psn\n|upkeep\n|turn|28\n|inactive|Time left: 300 sec this turn | 300 sec total\n|\n|t:|1783560682\n|move|p1a: Oricorio|Hurricane|p2a: Quagsire|[miss]\n|-miss|p1a: Oricorio|p2a: Quagsire\n|move|p2a: Quagsire|Recover|p2a: Quagsire\n|-heal|p2a: Quagsire|297/297\n|\n|-damage|p1a: Oricorio|82/100 tox|[from] psn\n|upkeep\n|turn|29\n|inactive|Time left: 300 sec this turn | 300 sec total\n|\n|t:|1783560682\n|move|p1a: Oricorio|Hurricane|p2a: Quagsire\n|-damage|p2a: Quagsire|164/297\n|-start|p2a: Quagsire|confusion\n|-activate|p2a: Quagsire|confusion\n|move|p2a: Quagsire|Recover|p2a: Quagsire\n|-heal|p2a: Quagsire|297/297\n|\n|-damage|p1a: Oricorio|63/100 tox|[from] psn\n|upkeep\n|turn|30\n|inactive|Time left: 300 sec this turn | 300 sec total\n|\n|t:|1783560683\n|move|p1a: Oricorio|Hurricane|p2a: Quagsire\n|-damage|p2a: Quagsire|159/297\n|-end|p2a: Quagsire|confusion\n|move|p2a: Quagsire|Earthquake|p1a: Oricorio\n|-immune|p1a: Oricorio\n|\n|-heal|p2a: Quagsire|177/297|[from] item: Leftovers\n|-damage|p1a: Oricorio|38/100 tox|[from] psn\n|upkeep\n|turn|31\n|inactive|Time left: 300 sec this turn | 300 sec total\n|\n|t:|1783560684\n|move|p1a: Oricorio|Hurricane|p2a: Quagsire|[miss]\n|-miss|p1a: Oricorio|p2a: Quagsire\n|move|p2a: Quagsire|Recover|p2a: Quagsire\n|-heal|p2a: Quagsire|297/297\n|\n|-damage|p1a: Oricorio|7/100 tox|[from] psn\n|upkeep\n|turn|32\n|inactive|Time left: 300 sec this turn | 300 sec total\n|\n|t:|1783560685\n|move|p1a: Oricorio|Hurricane|p2a: Quagsire\n|-damage|p2a: Quagsire|159/297\n|-start|p2a: Quagsire|confusion\n|-activate|p2a: Quagsire|confusion\n|-damage|p2a: Quagsire|133/297|[from] confusion\n|\n|-heal|p2a: Quagsire|151/297|[from] item: Leftovers\n|-damage|p1a: Oricorio|0 fnt|[from] psn\n|faint|p1a: Oricorio\n|upkeep\n|\n|t:|1783560686\n|switch|p1a: Gastrodon|Gastrodon-East, L86, F, tera:Poison|47/100\n|turn|33\n|inactive|Time left: 300 sec this turn | 300 sec total\n|\n|t:|1783560686\n|move|p1a: Gastrodon|Recover|p1a: Gastrodon\n|-heal|p1a: Gastrodon|97/100\n|-activate|p2a: Quagsire|confusion\n|move|p2a: Quagsire|Earthquake|p1a: Gastrodon\n|-supereffective|p1a: Gastrodon\n|-damage|p1a: Gastrodon|33/100\n|\n|-heal|p1a: Gastrodon|39/100|[from] item: Leftovers\n|-heal|p2a: Quagsire|169/297|[from] item: Leftovers\n|upkeep\n|turn|34\n|inactive|Time left: 300 sec this turn | 300 sec total\n|\n|t:|1783560687\n|move|p1a: Gastrodon|Recover|p1a: Gastrodon\n|-heal|p1a: Gastrodon|89/100\n|-end|p2a: Quagsire|confusion\n|move|p2a: Quagsire|Earthquake|p1a: Gastrodon\n|-supereffective|p1a: Gastrodon\n|-damage|p1a: Gastrodon|15/100\n|\n|-heal|p1a: Gastrodon|21/100|[from] item: Leftovers\n|-heal|p2a: Quagsire|187/297|[from] item: Leftovers\n|upkeep\n|turn|35\n|inactive|Time left: 300 sec this turn | 300 sec total\n|\n|t:|1783560688\n|move|p1a: Gastrodon|Earthquake|p2a: Quagsire\n|-damage|p2a: Quagsire|76/297\n|move|p2a: Quagsire|Earthquake|p1a: Gastrodon\n|-supereffective|p1a: Gastrodon\n|-damage|p1a: Gastrodon|0 fnt\n|faint|p1a: Gastrodon\n|\n|-heal|p2a: Quagsire|94/297|[from] item: Leftovers\n|upkeep\n|\n|t:|1783560689\n|switch|p1a: Chimecho|Chimecho, L93, F|100/100\n|turn|36\n|inactive|Time left: 300 sec this turn | 300 sec total\n|\n|t:|1783560690\n|switch|p2a: Palkia|Palkia-Origin, L72|249/249\n|-ability|p2a: Palkia|Pressure\n|move|p1a: Chimecho|Psychic Noise|p2a: Palkia\n|-damage|p2a: Palkia|165/249\n|-start|p2a: Palkia|move: Heal Block\n|\n|upkeep\n|turn|37\n|inactive|Time left: 300 sec this turn | 300 sec total\n|\n|t:|1783560691\n|move|p2a: Palkia|Thunder Wave|p1a: Chimecho\n|-status|p1a: Chimecho|par\n|move|p1a: Chimecho|Psychic Noise|p2a: Palkia\n|-damage|p2a: Palkia|72/249\n|\n|-end|p2a: Palkia|move: Heal Block\n|upkeep\n|turn|38\n|inactive|Time left: 300 sec this turn | 300 sec total\n|\n|t:|1783560692\n|move|p2a: Palkia|Hydro Pump|p1a: Chimecho\n|-damage|p1a: Chimecho|60/100 par\n|move|p1a: Chimecho|Psychic Noise|p2a: Palkia\n|-crit|p2a: Palkia\n|-damage|p2a: Palkia|0 fnt\n|faint|p2a: Palkia\n|\n|-heal|p1a: Chimecho|66/100 par|[from] item: Leftovers\n|upkeep\n|inactive|Time left: 300 sec this turn | 300 sec total | 5 sec grace\n|\n|t:|1783560694\n|switch|p2a: Quagsire|Quagsire, L84, F|94/297\n|turn|39\n|inactive|Time left: 300 sec this turn | 300 sec total\n|\n|t:|1783560695\n|move|p2a: Quagsire|Recover|p2a: Quagsire\n|-heal|p2a: Quagsire|243/297\n|move|p1a: Chimecho|Psychic Noise|p2a: Quagsire\n|-damage|p2a: Quagsire|113/297\n|-start|p2a: Quagsire|move: Heal Block\n|\n|-heal|p1a: Chimecho|72/100 par|[from] item: Leftovers\n|upkeep\n|turn|40\n|inactive|Time left: 300 sec this turn | 300 sec total\n|\n|t:|1783560696\n|switch|p2a: Granbull|Granbull, L88, M|101/302\n|-ability|p2a: Granbull|Intimidate|boost\n|-unboost|p1a: Chimecho|atk|1\n|move|p1a: Chimecho|Psychic Noise|p2a: Granbull\n|-damage|p2a: Granbull|0 fnt\n|faint|p2a: Granbull\n|\n|-heal|p1a: Chimecho|78/100 par|[from] item: Leftovers\n|upkeep\n|inactive|Time left: 300 sec this turn | 300 sec total | 5 sec grace\n|\n|t:|1783560697\n|switch|p2a: Quagsire|Quagsire, L84, F|113/297\n|turn|41\n|inactive|Time left: 300 sec this turn | 300 sec total\n|\n|t:|1783560698\n|move|p2a: Quagsire|Recover|p2a: Quagsire\n|-heal|p2a: Quagsire|262/297\n|move|p1a: Chimecho|Psychic Noise|p2a: Quagsire\n|-damage|p2a: Quagsire|135/297\n|-start|p2a: Quagsire|move: Heal Block\n|\n|-heal|p1a: Chimecho|85/100 par|[from] item: Leftovers\n|upkeep\n|turn|42\n|inactive|Time left: 300 sec this turn | 300 sec total\n|\n|t:|1783560699\n|move|p2a: Quagsire|Spikes|p1a: Chimecho\n|-sidestart|p1: p0x1848f286|Spikes\n|move|p1a: Chimecho|Psychic Noise|p2a: Quagsire\n|-damage|p2a: Quagsire|8/297\n|\n|-heal|p1a: Chimecho|91/100 par|[from] item: Leftovers\n|-end|p2a: Quagsire|move: Heal Block\n|upkeep\n|turn|43\n|inactive|Time left: 300 sec this turn | 300 sec total\n|\n|t:|1783560700\n|move|p2a: Quagsire|Recover|p2a: Quagsire\n|-heal|p2a: Quagsire|157/297\n|move|p1a: Chimecho|Psychic Noise|p2a: Quagsire\n|-damage|p2a: Quagsire|33/297\n|-start|p2a: Quagsire|move: Heal Block\n|\n|-heal|p1a: Chimecho|97/100 par|[from] item: Leftovers\n|upkeep\n|turn|44\n|inactive|Time left: 300 sec this turn | 300 sec total\n|\n|t:|1783560701\n|move|p2a: Quagsire|Toxic||[still]\n|-fail|p2a: Quagsire\n|move|p1a: Chimecho|Psychic Noise|p2a: Quagsire\n|-damage|p2a: Quagsire|0 fnt\n|faint|p2a: Quagsire\n|\n|win|p0x1848f286", "uploadtime": 1783560701, "views": 0, "rating": 0, "private": 0, "password": null, "_winner": "p0x1848f286", "_our_name": "p0y1848a37e"}