{"id": "battle-gen9randombattle-1549", "formatid": "gen9randombattle", "format": "[Gen 9] Random Battle", "players": ["p0x15491745", "p0y15495e5b"], "log": "|init|battle\n|title|p0x15491745 vs. p0y15495e5b\n|j|\u2606p0x15491745\n|j|\u2606p0y15495e5b\n|t:|1783557102\n|gametype|singles\n|player|p1|p0x15491745|265|\n|player|p2|p0y15495e5b|169|\n|gen|9\n|tier|[Gen 9] Random Battle\n|rule|Species Clause: Limit one of each Pok\u00e9mon\n|rule|HP Percentage Mod: HP is shown in percentages\n|rule|Sleep Clause Mod: Limit one foe put to sleep\n|rule|Illusion Level Mod: Illusion disguises the Pok\u00e9mon's true level\n|\n|t:|1783557102\n|teamsize|p1|6\n|teamsize|p2|6\n|start\n|switch|p1a: Granbull|Granbull, L88, F|302/302\n|switch|p2a: Enamorus|Enamorus, L79, F|100/100\n|-ability|p1a: Granbull|Intimidate|boost\n|-boost|p2a: Enamorus|atk|1\n|turn|1\n|inactive|Battle timer is ON: inactive players will automatically lose when time's up. (requested by p0x15491745)\n|inactive|p0y15495e5b also wants the timer to be on.\n|\n|t:|1783557104\n|move|p2a: Enamorus|Superpower|p1a: Granbull\n|-resisted|p1a: Granbull\n|-damage|p1a: Granbull|228/302\n|-boost|p2a: Enamorus|atk|1\n|-boost|p2a: Enamorus|def|1\n|move|p1a: Granbull|Play Rough|p2a: Enamorus\n|-damage|p2a: Enamorus|59/100\n|\n|-heal|p1a: Granbull|246/302|[from] item: Leftovers\n|upkeep\n|turn|2\n|inactive|Time left: 300 sec this turn | 300 sec total\n|\n|t:|1783557105\n|move|p2a: Enamorus|Superpower|p1a: Granbull\n|-resisted|p1a: Granbull\n|-damage|p1a: Granbull|147/302\n|-boost|p2a: Enamorus|atk|1\n|-boost|p2a: Enamorus|def|1\n|move|p1a: Granbull|Thunder Wave|p2a: Enamorus\n|-status|p2a: Enamorus|par\n|\n|-heal|p1a: Granbull|165/302|[from] item: Leftovers\n|upkeep\n|turn|3\n|inactive|Time left: 300 sec this turn | 300 sec total\n|\n|t:|1783557106\n|move|p1a: Granbull|Play Rough|p2a: Enamorus\n|-damage|p2a: Enamorus|26/100 par\n|move|p2a: Enamorus|Superpower|p1a: Granbull\n|-resisted|p1a: Granbull\n|-damage|p1a: Granbull|48/302\n|-boost|p2a: Enamorus|atk|1\n|-boost|p2a: Enamorus|def|1\n|\n|-heal|p1a: Granbull|66/302|[from] item: Leftovers\n|upkeep\n|turn|4\n|inactive|Time left: 300 sec this turn | 300 sec total\n|\n|t:|1783557107\n|move|p1a: Granbull|Play Rough|p2a: Enamorus\n|-damage|p2a: Enamorus|3/100 par\n|move|p2a: Enamorus|Superpower|p1a: Granbull\n|-resisted|p1a: Granbull\n|-damage|p1a: Granbull|0 fnt\n|-boost|p2a: Enamorus|atk|1\n|-boost|p2a: Enamorus|def|1\n|faint|p1a: Granbull\n|\n|upkeep\n|inactive|Time left: 300 sec this turn | 300 sec total | 5 sec grace\n|\n|t:|1783557108\n|switch|p1a: Oranguru|Oranguru, L92, F|315/315\n|turn|5\n|inactive|Time left: 300 sec this turn | 300 sec total\n|\n|t:|1783557109\n|move|p1a: Oranguru|Thunderbolt|p2a: Enamorus\n|-supereffective|p2a: Enamorus\n|-damage|p2a: Enamorus|0 fnt\n|faint|p2a: Enamorus\n|\n|upkeep\n|\n|t:|1783557110\n|switch|p2a: Torterra|Torterra, L78, F|100/100\n|turn|6\n|inactive|Time left: 300 sec this turn | 300 sec total\n|\n|t:|1783557111\n|switch|p1a: Victreebel|Victreebel, L90, F|290/290\n|move|p2a: Torterra|Shell Smash|p2a: Torterra\n|-unboost|p2a: Torterra|def|1\n|-unboost|p2a: Torterra|spd|1\n|-boost|p2a: Torterra|atk|2\n|-boost|p2a: Torterra|spa|2\n|-boost|p2a: Torterra|spe|2\n|\n|upkeep\n|turn|7\n|inactive|Time left: 300 sec this turn | 300 sec total\n|\n|t:|1783557113\n|-terastallize|p1a: Victreebel|Grass\n|move|p2a: Torterra|Headlong Rush|p1a: Victreebel\n|-resisted|p1a: Victreebel\n|-damage|p1a: Victreebel|147/290\n|-unboost|p2a: Torterra|def|1\n|-unboost|p2a: Torterra|spd|1\n|move|p1a: Victreebel|Power Whip|p2a: Torterra\n|-damage|p2a: Torterra|0 fnt\n|faint|p2a: Torterra\n|-damage|p1a: Victreebel|118/290|[from] item: Life Orb\n|\n|upkeep\n|\n|t:|1783557114\n|switch|p2a: Bastiodon|Bastiodon, L89, F|100/100\n|turn|8\n|inactive|Time left: 300 sec this turn | 300 sec total\n|\n|t:|1783557115\n|switch|p1a: Falinks|Falinks, L84|246/246\n|move|p2a: Bastiodon|Iron Defense|p2a: Bastiodon\n|-boost|p2a: Bastiodon|def|2\n|\n|upkeep\n|turn|9\n|inactive|Time left: 300 sec this turn | 300 sec total\n|\n|t:|1783557116\n|-terastallize|p2a: Bastiodon|Fighting\n|move|p1a: Falinks|No Retreat|p1a: Falinks\n|-boost|p1a: Falinks|atk|1\n|-boost|p1a: Falinks|def|1\n|-boost|p1a: Falinks|spa|1\n|-boost|p1a: Falinks|spd|1\n|-boost|p1a: Falinks|spe|1\n|-start|p1a: Falinks|move: No Retreat\n|move|p2a: Bastiodon|Body Press|p1a: Falinks\n|-damage|p1a: Falinks|59/246\n|\n|upkeep\n|turn|10\n|inactive|Time left: 300 sec this turn | 300 sec total\n|\n|t:|1783557117\n|move|p1a: Falinks|Iron Head|p2a: Bastiodon\n|-damage|p2a: Bastiodon|88/100\n|-damage|p1a: Falinks|35/246|[from] item: Life Orb\n|move|p2a: Bastiodon|Body Press|p1a: Falinks\n|-damage|p1a: Falinks|0 fnt\n|faint|p1a: Falinks\n|\n|upkeep\n|inactive|Time left: 300 sec this turn | 300 sec total | 5 sec grace\n|\n|t:|1783557118\n|switch|p1a: Quagsire|Quagsire, L84, F|297/297\n|turn|11\n|inactive|Time left: 300 sec this turn | 300 sec total\n|\n|t:|1783557119\n|move|p1a: Quagsire|Toxic|p2a: Bastiodon\n|-status|p2a: Bastiodon|tox\n|move|p2a: Bastiodon|Body Press|p1a: Quagsire\n|-crit|p1a: Quagsire\n|-damage|p1a: Quagsire|57/297\n|\n|-heal|p1a: Quagsire|75/297|[from] item: Leftovers\n|-damage|p2a: Bastiodon|82/100 tox|[from] psn\n|upkeep\n|turn|12\n|inactive|Time left: 300 sec this turn | 300 sec total\n|\n|t:|1783557119\n|move|p1a: Quagsire|Recover|p1a: Quagsire\n|-heal|p1a: Quagsire|224/297\n|move|p2a: Bastiodon|Body Press|p1a: Quagsire\n|-damage|p1a: Quagsire|64/297\n|\n|-heal|p1a: Quagsire|82/297|[from] item: Leftovers\n|-damage|p2a: Bastiodon|70/100 tox|[from] psn\n|upkeep\n|turn|13\n|inactive|Time left: 300 sec this turn | 300 sec total\n|\n|t:|1783557120\n|move|p1a: Quagsire|Recover|p1a: Quagsire\n|-heal|p1a: Quagsire|231/297\n|move|p2a: Bastiodon|Rest|p2a: Bastiodon\n|-status|p2a: Bastiodon|slp|[from] move: Rest\n|-heal|p2a: Bastiodon|100/100 slp|[silent]\n|-enditem|p2a: Bastiodon|Chesto Berry|[eat]\n|-curestatus|p2a: Bastiodon|slp|[msg]\n|\n|-heal|p1a: Quagsire|249/297|[from] item: Leftovers\n|upkeep\n|turn|14\n|inactive|Time left: 300 sec this turn | 300 sec total\n|\n|t:|1783557121\n|move|p1a: Quagsire|Toxic|p2a: Bastiodon\n|-status|p2a: Bastiodon|tox\n|move|p2a: Bastiodon|Body Press|p1a: Quagsire\n|-crit|p1a: Quagsire\n|-damage|p1a: Quagsire|30/297\n|\n|-heal|p1a: Quagsire|48/297|[from] item: Leftovers\n|-damage|p2a: Bastiodon|95/100 tox|[from] psn\n|upkeep\n|turn|15\n|inactive|Time left: 300 sec this turn | 300 sec total\n|\n|t:|1783557123\n|move|p1a: Quagsire|Recover|p1a: Quagsire\n|-heal|p1a: Quagsire|197/297\n|move|p2a: Bastiodon|Body Press|p1a: Quagsire\n|-damage|p1a: Quagsire|41/297\n|\n|-heal|p1a: Quagsire|59/297|[from] item: Leftovers\n|-damage|p2a: Bastiodon|83/100 tox|[from] psn\n|upkeep\n|turn|16\n|inactive|Time left: 300 sec this turn | 300 sec total\n|\n|t:|1783557123\n|move|p1a: Quagsire|Recover|p1a: Quagsire\n|-heal|p1a: Quagsire|208/297\n|move|p2a: Bastiodon|Body Press|p1a: Quagsire\n|-damage|p1a: Quagsire|63/297\n|\n|-heal|p1a: Quagsire|81/297|[from] item: Leftovers\n|-damage|p2a: Bastiodon|65/100 tox|[from] psn\n|upkeep\n|turn|17\n|inactive|Time left: 300 sec this turn | 300 sec total\n|\n|t:|1783557125\n|move|p1a: Quagsire|Recover|p1a: Quagsire\n|-heal|p1a: Quagsire|230/297\n|move|p2a: Bastiodon|Body Press|p1a: Quagsire\n|-damage|p1a: Quagsire|65/297\n|\n|-heal|p1a: Quagsire|83/297|[from] item: Leftovers\n|-damage|p2a: Bastiodon|41/100 tox|[from] psn\n|upkeep\n|turn|18\n|inactive|Time left: 300 sec this turn | 300 sec total\n|\n|t:|1783557126\n|move|p1a: Quagsire|Recover|p1a: Quagsire\n|-heal|p1a: Quagsire|232/297\n|move|p2a: Bastiodon|Rest|p2a: Bastiodon\n|-status|p2a: Bastiodon|slp|[from] move: Rest\n|-heal|p2a: Bastiodon|100/100 slp|[silent]\n|\n|-heal|p1a: Quagsire|250/297|[from] item: Leftovers\n|upkeep\n|turn|19\n|inactive|Time left: 300 sec this turn | 300 sec total\n|\n|t:|1783557127\n|move|p1a: Quagsire|Earthquake|p2a: Bastiodon\n|-damage|p2a: Bastiodon|80/100 slp\n|cant|p2a: Bastiodon|slp\n|\n|-heal|p1a: Quagsire|268/297|[from] item: Leftovers\n|upkeep\n|turn|20\n|inactive|Time left: 300 sec this turn | 300 sec total\n|\n|t:|1783557128\n|move|p1a: Quagsire|Earthquake|p2a: Bastiodon\n|-damage|p2a: Bastiodon|58/100 slp\n|cant|p2a: Bastiodon|slp\n|\n|-heal|p1a: Quagsire|286/297|[from] item: Leftovers\n|upkeep\n|turn|21\n|inactive|Time left: 300 sec this turn | 300 sec total\n|\n|t:|1783557129\n|move|p1a: Quagsire|Earthquake|p2a: Bastiodon\n|-damage|p2a: Bastiodon|37/100 slp\n|-curestatus|p2a: Bastiodon|slp|[msg]\n|move|p2a: Bastiodon|Body Press|p1a: Quagsire\n|-damage|p1a: Quagsire|130/297\n|\n|-heal|p1a: Quagsire|148/297|[from] item: Leftovers\n|upkeep\n|turn|22\n|inactive|Time left: 300 sec this turn | 300 sec total\n|\n|t:|1783557130\n|move|p1a: Quagsire|Recover|p1a: Quagsire\n|-heal|p1a: Quagsire|297/297\n|move|p2a: Bastiodon|Body Press|p1a: Quagsire\n|-damage|p1a: Quagsire|156/297\n|\n|-heal|p1a: Quagsire|174/297|[from] item: Leftovers\n|upkeep\n|turn|23\n|inactive|Time left: 300 sec this turn | 300 sec total\n|\n|t:|1783557131\n|move|p1a: Quagsire|Toxic|p2a: Bastiodon\n|-status|p2a: Bastiodon|tox\n|move|p2a: Bastiodon|Body Press|p1a: Quagsire\n|-damage|p1a: Quagsire|20/297\n|\n|-heal|p1a: Quagsire|38/297|[from] item: Leftovers\n|-damage|p2a: Bastiodon|31/100 tox|[from] psn\n|upkeep\n|turn|24\n|inactive|Time left: 300 sec this turn | 300 sec total\n|\n|t:|1783557132\n|move|p1a: Quagsire|Recover|p1a: Quagsire\n|-heal|p1a: Quagsire|187/297\n|move|p2a: Bastiodon|Rest|p2a: Bastiodon\n|-status|p2a: Bastiodon|slp|[from] move: Rest\n|-heal|p2a: Bastiodon|100/100 slp|[silent]\n|\n|-heal|p1a: Quagsire|205/297|[from] item: Leftovers\n|upkeep\n|turn|25\n|inactive|Time left: 300 sec this turn | 300 sec total\n|\n|t:|1783557133\n|move|p1a: Quagsire|Earthquake|p2a: Bastiodon\n|-damage|p2a: Bastiodon|79/100 slp\n|cant|p2a: Bastiodon|slp\n|\n|-heal|p1a: Quagsire|223/297|[from] item: Leftovers\n|upkeep\n|turn|26\n|inactive|Time left: 300 sec this turn | 300 sec total\n|\n|t:|1783557134\n|move|p1a: Quagsire|Earthquake|p2a: Bastiodon\n|-damage|p2a: Bastiodon|56/100 slp\n|cant|p2a: Bastiodon|slp\n|\n|-heal|p1a: Quagsire|241/297|[from] item: Leftovers\n|upkeep\n|turn|27\n|inactive|Time left: 300 sec this turn | 300 sec total\n|\n|t:|1783557135\n|move|p1a: Quagsire|Earthquake|p2a: Bastiodon\n|-damage|p2a: Bastiodon|35/100 slp\n|-curestatus|p2a: Bastiodon|slp|[msg]\n|move|p2a: Bastiodon|Body Press|p1a: Quagsire\n|-damage|p1a: Quagsire|76/297\n|\n|-heal|p1a: Quagsire|94/297|[from] item: Leftovers\n|upkeep\n|turn|28\n|inactive|Time left: 300 sec this turn | 300 sec total\n|\n|t:|1783557136\n|move|p1a: Quagsire|Toxic|p2a: Bastiodon\n|-status|p2a: Bastiodon|tox\n|move|p2a: Bastiodon|Rest|p2a: Bastiodon\n|-status|p2a: Bastiodon|slp|[from] move: Rest\n|-heal|p2a: Bastiodon|100/100 slp|[silent]\n|\n|-heal|p1a: Quagsire|112/297|[from] item: Leftovers\n|upkeep\n|turn|29\n|inactive|Time left: 300 sec this turn | 300 sec total\n|\n|t:|1783557137\n|move|p1a: Quagsire|Ice Beam|p2a: Bastiodon\n|-damage|p2a: Bastiodon|89/100 slp\n|cant|p2a: Bastiodon|slp\n|\n|-heal|p1a: Quagsire|130/297|[from] item: Leftovers\n|upkeep\n|turn|30\n|inactive|Time left: 300 sec this turn | 300 sec total\n|\n|t:|1783557138\n|move|p1a: Quagsire|Earthquake|p2a: Bastiodon\n|-damage|p2a: Bastiodon|69/100 slp\n|cant|p2a: Bastiodon|slp\n|\n|-heal|p1a: Quagsire|148/297|[from] item: Leftovers\n|upkeep\n|turn|31\n|inactive|Time left: 300 sec this turn | 300 sec total\n|\n|t:|1783557139\n|move|p1a: Quagsire|Earthquake|p2a: Bastiodon\n|-damage|p2a: Bastiodon|45/100 slp\n|-curestatus|p2a: Bastiodon|slp|[msg]\n|move|p2a: Bastiodon|Body Press|p1a: Quagsire\n|-damage|p1a: Quagsire|0 fnt\n|faint|p1a: Quagsire\n|\n|upkeep\n|inactive|Time left: 300 sec this turn | 300 sec total | 5 sec grace\n|\n|t:|1783557140\n|switch|p1a: Oranguru|Oranguru, L92, F|315/315\n|turn|32\n|inactive|Time left: 300 sec this turn | 300 sec total\n|\n|t:|1783557141\n|move|p1a: Oranguru|Psyshock|p2a: Bastiodon\n|-supereffective|p2a: Bastiodon\n|-damage|p2a: Bastiodon|14/100\n|move|p2a: Bastiodon|Body Press|p1a: Oranguru\n|-damage|p1a: Oranguru|18/315\n|\n|upkeep\n|turn|33\n|inactive|Time left: 300 sec this turn | 300 sec total\n|\n|t:|1783557142\n|switch|p2a: Phione|Phione, L91|100/100\n|move|p1a: Oranguru|Psyshock|p2a: Phione\n|-damage|p2a: Phione|51/100\n|\n|-heal|p2a: Phione|57/100|[from] item: Leftovers\n|upkeep\n|turn|34\n|inactive|Time left: 300 sec this turn | 300 sec total\n|\n|t:|1783557143\n|switch|p1a: Hariyama|Hariyama, L87, F|392/392\n|move|p2a: Phione|Ice Beam|p1a: Hariyama\n|-damage|p1a: Hariyama|365/392\n|\n|-heal|p2a: Phione|63/100|[from] item: Leftovers\n|upkeep\n|turn|35\n|inactive|Time left: 300 sec this turn | 300 sec total\n|\n|t:|1783557144\n|move|p2a: Phione|Scald|p1a: Hariyama\n|-damage|p1a: Hariyama|295/392\n|move|p1a: Hariyama|Knock Off|p2a: Phione\n|-crit|p2a: Phione\n|-damage|p2a: Phione|18/100\n|-enditem|p2a: Phione|Leftovers|[from] move: Knock Off|[of] p1a: Hariyama\n|\n|upkeep\n|turn|36\n|inactive|Time left: 300 sec this turn | 300 sec total\n|\n|t:|1783557145\n|move|p2a: Phione|Scald|p1a: Hariyama\n|-damage|p1a: Hariyama|223/392\n|move|p1a: Hariyama|Knock Off|p2a: Phione\n|-damage|p2a: Phione|0 fnt\n|faint|p2a: Phione\n|\n|upkeep\n|\n|t:|1783557146\n|switch|p2a: Azumarill|Azumarill, L82, F|100/100\n|turn|37\n|inactive|Time left: 300 sec this turn | 300 sec total\n|\n|t:|1783557147\n|move|p1a: Hariyama|Knock Off|p2a: Azumarill\n|-resisted|p2a: Azumarill\n|-damage|p2a: Azumarill|84/100\n|-enditem|p2a: Azumarill|Choice Band|[from] move: Knock Off|[of] p1a: Hariyama\n|move|p2a: Azumarill|Liquidation|p1a: Hariyama\n|-damage|p1a: Hariyama|76/392\n|\n|upkeep\n|turn|38\n|inactive|Time left: 300 sec this turn | 300 sec total\n|\n|t:|1783557148\n|move|p1a: Hariyama|Heavy Slam|p2a: Azumarill\n|-damage|p2a: Azumarill|42/100\n|move|p2a: Azumarill|Play Rough|p1a: Hariyama\n|-supereffective|p1a: Hariyama\n|-damage|p1a: Hariyama|0 fnt\n|faint|p1a: Hariyama\n|\n|upkeep\n|inactive|Time left: 300 sec this turn | 300 sec total | 5 sec grace\n|\n|t:|1783557149\n|switch|p1a: Victreebel|Victreebel, L90, F, tera:Grass|118/290\n|turn|39\n|inactive|Time left: 300 sec this turn | 300 sec total\n|\n|t:|1783557150\n|move|p2a: Azumarill|Aqua Jet|p1a: Victreebel\n|-resisted|p1a: Victreebel\n|-damage|p1a: Victreebel|90/290\n|move|p1a: Victreebel|Power Whip|p2a: Azumarill\n|-supereffective|p2a: Azumarill\n|-damage|p2a: Azumarill|0 fnt\n|faint|p2a: Azumarill\n|-damage|p1a: Victreebel|61/290|[from] item: Life Orb\n|\n|upkeep\n|\n|t:|1783557151\n|switch|p2a: Terapagos|Terapagos, L77, F|100/100\n|-activate|p2a: Terapagos|ability: Tera Shift\n|detailschange|p2a: Terapagos|Terapagos-Terastal, L77, F\n|-heal|p2a: Terapagos|100/100|[silent]\n|turn|40\n|inactive|Time left: 300 sec this turn | 300 sec total\n|\n|t:|1783557152\n|move|p1a: Victreebel|Power Whip|p2a: Terapagos\n|-activate|p2a: Terapagos|ability: Tera Shell\n|-resisted|p2a: Terapagos\n|-damage|p2a: Terapagos|56/100\n|-damage|p1a: Victreebel|32/290|[from] item: Life Orb\n|move|p2a: Terapagos|Tera Starstorm|p1a: Victreebel\n|-damage|p1a: Victreebel|0 fnt\n|faint|p1a: Victreebel\n|\n|upkeep\n|inactive|Time left: 300 sec this turn | 300 sec total | 5 sec grace\n|\n|t:|1783557153\n|switch|p1a: Oranguru|Oranguru, L92, F|18/315\n|turn|41\n|inactive|Time left: 300 sec this turn | 300 sec total\n|\n|t:|1783557153\n|move|p2a: Terapagos|Dark Pulse|p1a: Oranguru\n|-supereffective|p1a: Oranguru\n|-damage|p1a: Oranguru|0 fnt\n|faint|p1a: Oranguru\n|\n|win|p0y15495e5b", "uploadtime": 1783557153, "views": 0, "rating": 0, "private": 0, "password": null, "_winner": "p0y15495e5b", "_our_name": "p0x15491745"}