{"id": "battle-gen9randombattle-2672", "formatid": "gen9randombattle", "format": "[Gen 9] Random Battle", "players": ["p0x26725c93", "p0y26728d6f"], "log": "|init|battle\n|title|p0x26725c93 vs. p0y26728d6f\n|j|\u2606p0x26725c93\n|j|\u2606p0y26728d6f\n|t:|1783570829\n|gametype|singles\n|player|p1|p0x26725c93|265|\n|player|p2|p0y26728d6f|266|\n|gen|9\n|tier|[Gen 9] Random Battle\n|rule|Species Clause: Limit one of each Pok\u00e9mon\n|rule|HP Percentage Mod: HP is shown in percentages\n|rule|Sleep Clause Mod: Limit one foe put to sleep\n|rule|Illusion Level Mod: Illusion disguises the Pok\u00e9mon's true level\n|\n|t:|1783570829\n|teamsize|p1|6\n|teamsize|p2|6\n|start\n|switch|p1a: Incineroar|Incineroar, L82, F|290/290\n|switch|p2a: Torkoal|Torkoal, L88, F|100/100\n|-ability|p1a: Incineroar|Intimidate|boost\n|-unboost|p2a: Torkoal|atk|1\n|-weather|SunnyDay|[from] ability: Drought|[of] p2a: Torkoal\n|turn|1\n|inactive|Battle timer is ON: inactive players will automatically lose when time's up. (requested by p0x26725c93)\n|inactive|p0y26728d6f also wants the timer to be on.\n|\n|t:|1783570831\n|move|p1a: Incineroar|Parting Shot|p2a: Torkoal\n|-unboost|p2a: Torkoal|atk|1\n|-unboost|p2a: Torkoal|spa|1\n|inactive|Time left: 300 sec this turn | 300 sec total | 65 sec grace\n|\n|t:|1783570832\n|switch|p1a: Arceus|Arceus-Ghost, L69|280/280|[from] Parting Shot\n|move|p2a: Torkoal|Rapid Spin|p1a: Arceus\n|-immune|p1a: Arceus\n|\n|-weather|SunnyDay|[upkeep]\n|upkeep\n|turn|2\n|inactive|Time left: 300 sec this turn | 300 sec total\n|\n|t:|1783570833\n|switch|p2a: Grafaiai|Grafaiai, L86, F|100/100\n|move|p1a: Arceus|Judgment|p2a: Grafaiai\n|-immune|p2a: Grafaiai\n|\n|-weather|SunnyDay|[upkeep]\n|upkeep\n|turn|3\n|inactive|Time left: 300 sec this turn | 300 sec total\n|\n|t:|1783570835\n|move|p2a: Grafaiai|Knock Off|p1a: Arceus\n|-supereffective|p1a: Arceus\n|-damage|p1a: Arceus|182/280\n|move|p1a: Arceus|Will-O-Wisp|p2a: Grafaiai\n|-status|p2a: Grafaiai|brn\n|\n|-weather|SunnyDay|[upkeep]\n|-damage|p2a: Grafaiai|94/100 brn|[from] brn\n|upkeep\n|turn|4\n|inactive|Time left: 300 sec this turn | 300 sec total\n|\n|t:|1783570836\n|move|p2a: Grafaiai|Gunk Shot|p1a: Arceus\n|-resisted|p1a: Arceus\n|-damage|p1a: Arceus|153/280\n|move|p1a: Arceus|Recover|p1a: Arceus\n|-heal|p1a: Arceus|280/280\n|\n|-weather|SunnyDay|[upkeep]\n|-damage|p2a: Grafaiai|88/100 brn|[from] brn\n|upkeep\n|turn|5\n|inactive|Time left: 300 sec this turn | 300 sec total\n|\n|t:|1783570837\n|move|p2a: Grafaiai|Super Fang|p1a: Arceus\n|-immune|p1a: Arceus\n|move|p1a: Arceus|Focus Blast|p2a: Grafaiai\n|-damage|p2a: Grafaiai|68/100 brn\n|\n|-weather|none\n|-damage|p2a: Grafaiai|62/100 brn|[from] brn\n|upkeep\n|turn|6\n|inactive|Time left: 300 sec this turn | 300 sec total\n|\n|t:|1783570838\n|move|p2a: Grafaiai|Gunk Shot|p1a: Arceus\n|-resisted|p1a: Arceus\n|-damage|p1a: Arceus|250/280\n|move|p1a: Arceus|Judgment|p2a: Grafaiai\n|-immune|p2a: Grafaiai\n|\n|-damage|p2a: Grafaiai|56/100 brn|[from] brn\n|upkeep\n|turn|7\n|inactive|Time left: 300 sec this turn | 300 sec total\n|\n|t:|1783570838\n|move|p2a: Grafaiai|Knock Off|p1a: Arceus\n|-supereffective|p1a: Arceus\n|-damage|p1a: Arceus|202/280\n|move|p1a: Arceus|Recover|p1a: Arceus\n|-heal|p1a: Arceus|280/280\n|\n|-damage|p2a: Grafaiai|50/100 brn|[from] brn\n|upkeep\n|turn|8\n|inactive|Time left: 300 sec this turn | 300 sec total\n|\n|t:|1783570839\n|move|p2a: Grafaiai|Super Fang|p1a: Arceus\n|-immune|p1a: Arceus\n|move|p1a: Arceus|Will-O-Wisp|p2a: Grafaiai|[miss]\n|-miss|p1a: Arceus|p2a: Grafaiai\n|\n|-damage|p2a: Grafaiai|44/100 brn|[from] brn\n|upkeep\n|turn|9\n|inactive|Time left: 300 sec this turn | 300 sec total\n|\n|t:|1783570840\n|move|p2a: Grafaiai|Super Fang|p1a: Arceus\n|-immune|p1a: Arceus\n|move|p1a: Arceus|Judgment|p2a: Grafaiai\n|-immune|p2a: Grafaiai\n|\n|-damage|p2a: Grafaiai|38/100 brn|[from] brn\n|upkeep\n|turn|10\n|inactive|Time left: 300 sec this turn | 300 sec total\n|\n|t:|1783570841\n|move|p2a: Grafaiai|Super Fang|p1a: Arceus\n|-immune|p1a: Arceus\n|move|p1a: Arceus|Will-O-Wisp|p2a: Grafaiai|[miss]\n|-miss|p1a: Arceus|p2a: Grafaiai\n|\n|-damage|p2a: Grafaiai|32/100 brn|[from] brn\n|upkeep\n|turn|11\n|inactive|Time left: 300 sec this turn | 300 sec total\n|\n|t:|1783570842\n|move|p2a: Grafaiai|Knock Off|p1a: Arceus\n|-supereffective|p1a: Arceus\n|-damage|p1a: Arceus|234/280\n|move|p1a: Arceus|Focus Blast|p2a: Grafaiai\n|-damage|p2a: Grafaiai|11/100 brn\n|\n|-damage|p2a: Grafaiai|5/100 brn|[from] brn\n|upkeep\n|turn|12\n|inactive|Time left: 300 sec this turn | 300 sec total\n|\n|t:|1783570843\n|move|p2a: Grafaiai|Super Fang|p1a: Arceus\n|-immune|p1a: Arceus\n|move|p1a: Arceus|Recover|p1a: Arceus\n|-heal|p1a: Arceus|280/280\n|\n|-damage|p2a: Grafaiai|0 fnt|[from] brn\n|faint|p2a: Grafaiai\n|upkeep\n|\n|t:|1783570844\n|switch|p2a: Falinks|Falinks, L84|100/100\n|turn|13\n|inactive|Time left: 300 sec this turn | 300 sec total\n|\n|t:|1783570845\n|move|p1a: Arceus|Judgment|p2a: Falinks\n|-damage|p2a: Falinks|43/100\n|move|p2a: Falinks|No Retreat|p2a: Falinks\n|-boost|p2a: Falinks|atk|1\n|-boost|p2a: Falinks|def|1\n|-boost|p2a: Falinks|spa|1\n|-boost|p2a: Falinks|spd|1\n|-boost|p2a: Falinks|spe|1\n|-start|p2a: Falinks|move: No Retreat\n|\n|upkeep\n|turn|14\n|inactive|Time left: 300 sec this turn | 300 sec total\n|\n|t:|1783570846\n|-terastallize|p2a: Falinks|Dark\n|move|p2a: Falinks|Knock Off|p1a: Arceus\n|-supereffective|p1a: Arceus\n|-damage|p1a: Arceus|7/280\n|-damage|p2a: Falinks|33/100|[from] item: Life Orb\n|move|p1a: Arceus|Judgment|p2a: Falinks\n|-resisted|p2a: Falinks\n|-damage|p2a: Falinks|15/100\n|\n|upkeep\n|turn|15\n|inactive|Time left: 300 sec this turn | 300 sec total\n|\n|t:|1783570847\n|move|p2a: Falinks|Knock Off|p1a: Arceus\n|-supereffective|p1a: Arceus\n|-damage|p1a: Arceus|0 fnt\n|faint|p1a: Arceus\n|-damage|p2a: Falinks|5/100|[from] item: Life Orb\n|\n|upkeep\n|inactive|Time left: 300 sec this turn | 300 sec total | 5 sec grace\n|\n|t:|1783570848\n|switch|p1a: Medicham|Medicham, L86, F|243/243\n|turn|16\n|inactive|Time left: 300 sec this turn | 300 sec total\n|\n|t:|1783570850\n|move|p1a: Medicham|Bullet Punch|p2a: Falinks\n|-damage|p2a: Falinks|0 fnt\n|faint|p2a: Falinks\n|\n|upkeep\n|\n|t:|1783570850\n|switch|p2a: Bruxish|Bruxish, L85, M|100/100\n|turn|17\n|inactive|Time left: 300 sec this turn | 300 sec total\n|\n|t:|1783570851\n|switch|p1a: Incineroar|Incineroar, L82, F|290/290\n|-ability|p1a: Incineroar|Intimidate|boost\n|-unboost|p2a: Bruxish|atk|1\n|move|p2a: Bruxish|Swords Dance|p2a: Bruxish\n|-boost|p2a: Bruxish|atk|2\n|\n|upkeep\n|turn|18\n|inactive|Time left: 300 sec this turn | 300 sec total\n|\n|t:|1783570852\n|-terastallize|p1a: Incineroar|Fighting\n|move|p2a: Bruxish|Wave Crash|p1a: Incineroar\n|-damage|p1a: Incineroar|8/290\n|-damage|p2a: Bruxish|64/100|[from] Recoil\n|-damage|p2a: Bruxish|54/100|[from] item: Life Orb\n|move|p1a: Incineroar|Knock Off|p2a: Bruxish\n|-supereffective|p2a: Bruxish\n|-damage|p2a: Bruxish|0 fnt\n|-enditem|p2a: Bruxish|Life Orb|[from] move: Knock Off|[of] p1a: Incineroar\n|faint|p2a: Bruxish\n|\n|upkeep\n|\n|t:|1783570854\n|switch|p2a: Cacturne|Cacturne, L92, M|100/100\n|turn|19\n|inactive|Time left: 300 sec this turn | 300 sec total\n|\n|t:|1783570855\n|move|p2a: Cacturne|Knock Off|p1a: Incineroar\n|-resisted|p1a: Incineroar\n|-damage|p1a: Incineroar|0 fnt\n|-enditem|p1a: Incineroar|Heavy-Duty Boots|[from] move: Knock Off|[of] p2a: Cacturne\n|faint|p1a: Incineroar\n|-damage|p2a: Cacturne|91/100|[from] item: Life Orb\n|\n|upkeep\n|inactive|Time left: 300 sec this turn | 300 sec total | 5 sec grace\n|\n|t:|1783570856\n|switch|p1a: Medicham|Medicham, L86, F|243/243\n|turn|20\n|inactive|Time left: 300 sec this turn | 300 sec total\n|\n|t:|1783570856\n|move|p2a: Cacturne|Sucker Punch|p1a: Medicham\n|-damage|p1a: Medicham|110/243\n|-damage|p2a: Cacturne|81/100|[from] item: Life Orb\n|move|p1a: Medicham|Close Combat|p2a: Cacturne\n|-supereffective|p2a: Cacturne\n|-damage|p2a: Cacturne|0 fnt\n|-unboost|p1a: Medicham|def|1\n|-unboost|p1a: Medicham|spd|1\n|faint|p2a: Cacturne\n|\n|upkeep\n|\n|t:|1783570857\n|switch|p2a: Torkoal|Torkoal, L88, F|100/100\n|-weather|SunnyDay|[from] ability: Drought|[of] p2a: Torkoal\n|turn|21\n|inactive|Time left: 300 sec this turn | 300 sec total\n|\n|t:|1783570858\n|move|p1a: Medicham|Close Combat|p2a: Torkoal\n|-damage|p2a: Torkoal|33/100\n|-unboost|p1a: Medicham|def|1\n|-unboost|p1a: Medicham|spd|1\n|move|p2a: Torkoal|Lava Plume|p1a: Medicham\n|-damage|p1a: Medicham|0 fnt\n|faint|p1a: Medicham\n|\n|-weather|SunnyDay|[upkeep]\n|upkeep\n|inactive|Time left: 300 sec this turn | 300 sec total | 5 sec grace\n|\n|t:|1783570859\n|switch|p1a: Groudon|Groudon, L72|263/263\n|turn|22\n|inactive|Time left: 300 sec this turn | 300 sec total\n|\n|t:|1783570860\n|move|p1a: Groudon|Precipice Blades|p2a: Torkoal\n|-supereffective|p2a: Torkoal\n|-damage|p2a: Torkoal|0 fnt\n|faint|p2a: Torkoal\n|\n|-weather|SunnyDay|[upkeep]\n|upkeep\n|\n|t:|1783570861\n|switch|p2a: Scrafty|Scrafty, L83, F|100/100\n|turn|23\n|inactive|Time left: 300 sec this turn | 300 sec total\n|\n|t:|1783570862\n|switch|p1a: Braviary|Braviary, L85, M|309/309\n|move|p2a: Scrafty|Bulk Up|p2a: Scrafty\n|-boost|p2a: Scrafty|atk|1\n|-boost|p2a: Scrafty|def|1\n|\n|-weather|SunnyDay|[upkeep]\n|upkeep\n|turn|24\n|inactive|Time left: 300 sec this turn | 300 sec total\n|\n|t:|1783570863\n|move|p1a: Braviary|Bulk Up|p1a: Braviary\n|-boost|p1a: Braviary|atk|1\n|-boost|p1a: Braviary|def|1\n|move|p2a: Scrafty|Bulk Up|p2a: Scrafty\n|-boost|p2a: Scrafty|atk|1\n|-boost|p2a: Scrafty|def|1\n|\n|-weather|SunnyDay|[upkeep]\n|upkeep\n|turn|25\n|inactive|Time left: 300 sec this turn | 300 sec total\n|\n|t:|1783570864\n|move|p1a: Braviary|Bulk Up|p1a: Braviary\n|-boost|p1a: Braviary|atk|1\n|-boost|p1a: Braviary|def|1\n|move|p2a: Scrafty|Bulk Up|p2a: Scrafty\n|-boost|p2a: Scrafty|atk|1\n|-boost|p2a: Scrafty|def|1\n|\n|-weather|none\n|upkeep\n|turn|26\n|inactive|Time left: 300 sec this turn | 300 sec total\n|\n|t:|1783570864\n|move|p1a: Braviary|Bulk Up|p1a: Braviary\n|-boost|p1a: Braviary|atk|1\n|-boost|p1a: Braviary|def|1\n|move|p2a: Scrafty|Bulk Up|p2a: Scrafty\n|-boost|p2a: Scrafty|atk|1\n|-boost|p2a: Scrafty|def|1\n|\n|upkeep\n|turn|27\n|inactive|Time left: 300 sec this turn | 300 sec total\n|\n|t:|1783570865\n|move|p1a: Braviary|Bulk Up|p1a: Braviary\n|-boost|p1a: Braviary|atk|1\n|-boost|p1a: Braviary|def|1\n|move|p2a: Scrafty|Bulk Up|p2a: Scrafty\n|-boost|p2a: Scrafty|atk|1\n|-boost|p2a: Scrafty|def|1\n|\n|upkeep\n|turn|28\n|inactive|Time left: 300 sec this turn | 300 sec total\n|\n|t:|1783570866\n|move|p1a: Braviary|Bulk Up|p1a: Braviary\n|-boost|p1a: Braviary|atk|1\n|-boost|p1a: Braviary|def|1\n|move|p2a: Scrafty|Drain Punch|p1a: Braviary\n|-damage|p1a: Braviary|219/309\n|\n|upkeep\n|turn|29\n|inactive|Time left: 300 sec this turn | 300 sec total\n|\n|t:|1783570867\n|move|p1a: Braviary|Brave Bird|p2a: Scrafty\n|-supereffective|p2a: Scrafty\n|-damage|p2a: Scrafty|1/100\n|-damage|p1a: Braviary|139/309|[from] Recoil\n|move|p2a: Scrafty|Drain Punch|p1a: Braviary\n|-damage|p1a: Braviary|63/309\n|-heal|p2a: Scrafty|17/100|[from] drain|[of] p1a: Braviary\n|\n|-heal|p2a: Scrafty|23/100|[from] item: Leftovers\n|upkeep\n|turn|30\n|inactive|Time left: 300 sec this turn | 300 sec total\n|\n|t:|1783570868\n|move|p1a: Braviary|Close Combat|p2a: Scrafty\n|-supereffective|p2a: Scrafty\n|-damage|p2a: Scrafty|0 fnt\n|-unboost|p1a: Braviary|def|1\n|-unboost|p1a: Braviary|spd|1\n|faint|p2a: Scrafty\n|\n|win|p0x26725c93", "uploadtime": 1783570868, "views": 0, "rating": 0, "private": 0, "password": null, "_winner": "p0x26725c93", "_our_name": "p0x26725c93"}