{"id": "battle-gen9randombattle-1296", "formatid": "gen9randombattle", "format": "[Gen 9] Random Battle", "players": ["p0x12967cae", "p0y12962ef3"], "log": "|init|battle\n|title|p0x12967cae vs. p0y12962ef3\n|j|\u2606p0x12967cae\n|j|\u2606p0y12962ef3\n|t:|1783554184\n|gametype|singles\n|player|p1|p0x12967cae|101|\n|player|p2|p0y12962ef3|170|\n|gen|9\n|tier|[Gen 9] Random Battle\n|rule|Species Clause: Limit one of each Pok\u00e9mon\n|rule|HP Percentage Mod: HP is shown in percentages\n|rule|Sleep Clause Mod: Limit one foe put to sleep\n|rule|Illusion Level Mod: Illusion disguises the Pok\u00e9mon's true level\n|\n|t:|1783554184\n|teamsize|p1|6\n|teamsize|p2|6\n|start\n|switch|p1a: Mesprit|Mesprit, L85|100/100\n|switch|p2a: Empoleon|Empoleon, L84, F|278/278\n|turn|1\n|inactive|Battle timer is ON: inactive players will automatically lose when time's up. (requested by p0x12967cae)\n|inactive|Time left: 300 sec this turn | 300 sec total | 60 sec grace\n|inactive|p0y12962ef3 also wants the timer to be on.\n|\n|t:|1783554185\n|move|p1a: Mesprit|Stealth Rock|p2a: Empoleon\n|-sidestart|p2: p0y12962ef3|move: Stealth Rock\n|move|p2a: Empoleon|Stealth Rock|p1a: Mesprit\n|-sidestart|p1: p0x12967cae|move: Stealth Rock\n|\n|upkeep\n|turn|2\n|inactive|Time left: 300 sec this turn | 300 sec total\n|\n|t:|1783554186\n|move|p1a: Mesprit|Knock Off|p2a: Empoleon\n|-damage|p2a: Empoleon|207/278\n|-enditem|p2a: Empoleon|Leftovers|[from] move: Knock Off|[of] p1a: Mesprit\n|move|p2a: Empoleon|Ice Beam|p1a: Mesprit\n|-damage|p1a: Mesprit|79/100\n|\n|-heal|p1a: Mesprit|85/100|[from] item: Leftovers\n|upkeep\n|turn|3\n|inactive|Time left: 300 sec this turn | 300 sec total\n|\n|t:|1783554187\n|move|p1a: Mesprit|Psychic Noise|p2a: Empoleon\n|-resisted|p2a: Empoleon\n|-damage|p2a: Empoleon|168/278\n|-start|p2a: Empoleon|move: Heal Block\n|move|p2a: Empoleon|Surf|p1a: Mesprit\n|-damage|p1a: Mesprit|50/100\n|\n|-heal|p1a: Mesprit|56/100|[from] item: Leftovers\n|upkeep\n|turn|4\n|inactive|Time left: 300 sec this turn | 300 sec total\n|\n|t:|1783554188\n|move|p1a: Mesprit|Thunder Wave|p2a: Empoleon\n|-status|p2a: Empoleon|par\n|move|p2a: Empoleon|Surf|p1a: Mesprit\n|-damage|p1a: Mesprit|24/100\n|\n|-heal|p1a: Mesprit|31/100|[from] item: Leftovers\n|-end|p2a: Empoleon|move: Heal Block\n|upkeep\n|turn|5\n|inactive|Time left: 300 sec this turn | 300 sec total\n|\n|t:|1783554189\n|move|p1a: Mesprit|Knock Off|p2a: Empoleon\n|-damage|p2a: Empoleon|118/278 par\n|move|p2a: Empoleon|Surf|p1a: Mesprit\n|-damage|p1a: Mesprit|0 fnt\n|faint|p1a: Mesprit\n|\n|upkeep\n|\n|t:|1783554190\n|switch|p1a: Magmortar|Magmortar, L88, F|100/100\n|turn|6\n|inactive|Time left: 300 sec this turn | 300 sec total\n|\n|t:|1783554191\n|move|p1a: Magmortar|Fire Blast|p2a: Empoleon\n|-damage|p2a: Empoleon|0 fnt\n|faint|p2a: Empoleon\n|\n|upkeep\n|inactive|Time left: 300 sec this turn | 300 sec total | 5 sec grace\n|\n|t:|1783554192\n|switch|p2a: Pelipper|Pelipper, L86, M|243/243\n|-damage|p2a: Pelipper|183/243|[from] Stealth Rock\n|-weather|RainDance|[from] ability: Drizzle|[of] p2a: Pelipper\n|turn|7\n|inactive|Time left: 300 sec this turn | 300 sec total\n|\n|t:|1783554194\n|switch|p2a: Vileplume|Vileplume, L85, F|266/266\n|-damage|p2a: Vileplume|233/266|[from] Stealth Rock\n|move|p1a: Magmortar|Thunderbolt|p2a: Vileplume\n|-resisted|p2a: Vileplume\n|-damage|p2a: Vileplume|189/266\n|\n|-weather|RainDance|[upkeep]\n|-heal|p2a: Vileplume|205/266|[from] item: Leftovers\n|upkeep\n|turn|8\n|inactive|Time left: 300 sec this turn | 300 sec total\n|\n|t:|1783554195\n|move|p1a: Magmortar|Earthquake|p2a: Vileplume\n|-damage|p2a: Vileplume|133/266\n|move|p2a: Vileplume|Strength Sap|p1a: Magmortar\n|-unboost|p1a: Magmortar|atk|1\n|-heal|p2a: Vileplume|266/266\n|\n|-weather|RainDance|[upkeep]\n|upkeep\n|turn|9\n|inactive|Time left: 300 sec this turn | 300 sec total\n|\n|t:|1783554196\n|switch|p1a: Okidogi|Okidogi, L77, M|100/100\n|-damage|p1a: Okidogi|94/100|[from] Stealth Rock\n|move|p2a: Vileplume|Sludge Bomb|p1a: Okidogi\n|-resisted|p1a: Okidogi\n|-damage|p1a: Okidogi|71/100\n|\n|-weather|RainDance|[upkeep]\n|-heal|p1a: Okidogi|77/100|[from] item: Leftovers\n|upkeep\n|turn|10\n|inactive|Time left: 300 sec this turn | 300 sec total\n|\n|t:|1783554197\n|move|p1a: Okidogi|Bulk Up|p1a: Okidogi\n|-boost|p1a: Okidogi|atk|1\n|-boost|p1a: Okidogi|def|1\n|move|p2a: Vileplume|Sleep Powder|p1a: Okidogi\n|-status|p1a: Okidogi|slp|[from] move: Sleep Powder\n|\n|-weather|RainDance|[upkeep]\n|-heal|p1a: Okidogi|83/100 slp|[from] item: Leftovers\n|upkeep\n|turn|11\n|inactive|Time left: 300 sec this turn | 300 sec total\n|\n|t:|1783554198\n|cant|p1a: Okidogi|slp\n|move|p2a: Vileplume|Giga Drain|p1a: Okidogi\n|-resisted|p1a: Okidogi\n|-damage|p1a: Okidogi|62/100 slp\n|\n|-weather|none\n|-heal|p1a: Okidogi|68/100 slp|[from] item: Leftovers\n|upkeep\n|turn|12\n|inactive|Time left: 300 sec this turn | 300 sec total\n|\n|t:|1783554199\n|cant|p1a: Okidogi|slp\n|move|p2a: Vileplume|Sludge Bomb|p1a: Okidogi\n|-resisted|p1a: Okidogi\n|-damage|p1a: Okidogi|43/100 slp\n|\n|-heal|p1a: Okidogi|49/100 slp|[from] item: Leftovers\n|upkeep\n|turn|13\n|inactive|Time left: 300 sec this turn | 300 sec total\n|\n|t:|1783554200\n|cant|p1a: Okidogi|slp\n|move|p2a: Vileplume|Strength Sap|p1a: Okidogi\n|-unboost|p1a: Okidogi|atk|1\n|\n|-heal|p1a: Okidogi|55/100 slp|[from] item: Leftovers\n|upkeep\n|turn|14\n|inactive|Time left: 300 sec this turn | 300 sec total\n|\n|t:|1783554201\n|-curestatus|p1a: Okidogi|slp|[msg]\n|move|p1a: Okidogi|Bulk Up|p1a: Okidogi\n|-boost|p1a: Okidogi|atk|1\n|-boost|p1a: Okidogi|def|1\n|move|p2a: Vileplume|Sleep Powder|p1a: Okidogi|[miss]\n|-miss|p2a: Vileplume|p1a: Okidogi\n|\n|-heal|p1a: Okidogi|62/100|[from] item: Leftovers\n|upkeep\n|turn|15\n|inactive|Time left: 300 sec this turn | 300 sec total\n|\n|t:|1783554202\n|move|p1a: Okidogi|Bulk Up|p1a: Okidogi\n|-boost|p1a: Okidogi|atk|1\n|-boost|p1a: Okidogi|def|1\n|move|p2a: Vileplume|Strength Sap|p1a: Okidogi\n|-unboost|p1a: Okidogi|atk|1\n|\n|-heal|p1a: Okidogi|68/100|[from] item: Leftovers\n|upkeep\n|turn|16\n|inactive|Time left: 300 sec this turn | 300 sec total\n|\n|t:|1783554203\n|move|p1a: Okidogi|Gunk Shot|p2a: Vileplume|[miss]\n|-miss|p1a: Okidogi|p2a: Vileplume\n|move|p2a: Vileplume|Strength Sap|p1a: Okidogi\n|-unboost|p1a: Okidogi|atk|1\n|\n|-heal|p1a: Okidogi|74/100|[from] item: Leftovers\n|upkeep\n|turn|17\n|inactive|Time left: 300 sec this turn | 300 sec total\n|\n|t:|1783554204\n|move|p1a: Okidogi|Bulk Up|p1a: Okidogi\n|-boost|p1a: Okidogi|atk|1\n|-boost|p1a: Okidogi|def|1\n|move|p2a: Vileplume|Strength Sap|p1a: Okidogi\n|-unboost|p1a: Okidogi|atk|1\n|\n|-heal|p1a: Okidogi|80/100|[from] item: Leftovers\n|upkeep\n|turn|18\n|inactive|Time left: 300 sec this turn | 300 sec total\n|\n|t:|1783554205\n|move|p1a: Okidogi|Bulk Up|p1a: Okidogi\n|-boost|p1a: Okidogi|atk|1\n|-boost|p1a: Okidogi|def|1\n|move|p2a: Vileplume|Sleep Powder|p1a: Okidogi\n|-status|p1a: Okidogi|slp|[from] move: Sleep Powder\n|\n|-heal|p1a: Okidogi|86/100 slp|[from] item: Leftovers\n|upkeep\n|turn|19\n|inactive|Time left: 300 sec this turn | 300 sec total\n|\n|t:|1783554206\n|cant|p1a: Okidogi|slp\n|move|p2a: Vileplume|Sludge Bomb|p1a: Okidogi\n|-resisted|p1a: Okidogi\n|-crit|p1a: Okidogi\n|-damage|p1a: Okidogi|54/100 slp\n|\n|-heal|p1a: Okidogi|60/100 slp|[from] item: Leftovers\n|upkeep\n|turn|20\n|inactive|Time left: 300 sec this turn | 300 sec total\n|\n|t:|1783554207\n|cant|p1a: Okidogi|slp\n|move|p2a: Vileplume|Sludge Bomb|p1a: Okidogi\n|-resisted|p1a: Okidogi\n|-damage|p1a: Okidogi|36/100 slp\n|\n|-heal|p1a: Okidogi|42/100 slp|[from] item: Leftovers\n|upkeep\n|turn|21\n|inactive|Time left: 300 sec this turn | 300 sec total\n|\n|t:|1783554209\n|cant|p1a: Okidogi|slp\n|move|p2a: Vileplume|Sludge Bomb|p1a: Okidogi\n|-resisted|p1a: Okidogi\n|-damage|p1a: Okidogi|20/100 slp\n|\n|-heal|p1a: Okidogi|26/100 slp|[from] item: Leftovers\n|upkeep\n|turn|22\n|inactive|Time left: 300 sec this turn | 300 sec total\n|\n|t:|1783554210\n|-curestatus|p1a: Okidogi|slp|[msg]\n|move|p1a: Okidogi|Gunk Shot|p2a: Vileplume\n|-damage|p2a: Vileplume|76/266\n|move|p2a: Vileplume|Sludge Bomb|p1a: Okidogi\n|-resisted|p1a: Okidogi\n|-damage|p1a: Okidogi|5/100\n|\n|-heal|p1a: Okidogi|11/100|[from] item: Leftovers\n|-heal|p2a: Vileplume|92/266|[from] item: Leftovers\n|upkeep\n|turn|23\n|inactive|Time left: 300 sec this turn | 300 sec total\n|\n|t:|1783554211\n|move|p1a: Okidogi|Knock Off|p2a: Vileplume\n|-damage|p2a: Vileplume|0 fnt\n|-enditem|p2a: Vileplume|Leftovers|[from] move: Knock Off|[of] p1a: Okidogi\n|faint|p2a: Vileplume\n|\n|-heal|p1a: Okidogi|17/100|[from] item: Leftovers\n|upkeep\n|inactive|Time left: 300 sec this turn | 300 sec total | 5 sec grace\n|\n|t:|1783554212\n|switch|p2a: Espeon|Espeon, L84, F|246/246\n|-damage|p2a: Espeon|216/246|[from] Stealth Rock\n|turn|24\n|inactive|Time left: 300 sec this turn | 300 sec total\n|\n|t:|1783554213\n|switch|p1a: Magmortar|Magmortar, L88, F|100/100\n|move|p2a: Espeon|Alluring Voice|p1a: Magmortar\n|-resisted|p1a: Magmortar\n|-damage|p1a: Magmortar|82/100\n|\n|upkeep\n|turn|25\n|inactive|Time left: 300 sec this turn | 300 sec total\n|\n|t:|1783554214\n|move|p2a: Espeon|Alluring Voice|p1a: Magmortar\n|-resisted|p1a: Magmortar\n|-damage|p1a: Magmortar|64/100\n|move|p1a: Magmortar|Thunderbolt|p2a: Espeon\n|-damage|p2a: Espeon|140/246\n|\n|upkeep\n|turn|26\n|inactive|Time left: 300 sec this turn | 300 sec total\n|\n|t:|1783554215\n|move|p2a: Espeon|Alluring Voice|p1a: Magmortar\n|-resisted|p1a: Magmortar\n|-damage|p1a: Magmortar|46/100\n|move|p1a: Magmortar|Fire Blast|p2a: Espeon\n|-damage|p2a: Espeon|5/246\n|\n|upkeep\n|turn|27\n|inactive|Time left: 300 sec this turn | 300 sec total\n|\n|t:|1783554217\n|move|p2a: Espeon|Alluring Voice|p1a: Magmortar\n|-resisted|p1a: Magmortar\n|-damage|p1a: Magmortar|28/100\n|move|p1a: Magmortar|Fire Blast|p2a: Espeon\n|-damage|p2a: Espeon|0 fnt\n|faint|p2a: Espeon\n|\n|upkeep\n|inactive|Time left: 300 sec this turn | 300 sec total | 5 sec grace\n|\n|t:|1783554218\n|switch|p2a: Gothitelle|Gothitelle, L90, F|272/272\n|-damage|p2a: Gothitelle|238/272|[from] Stealth Rock\n|turn|28\n|inactive|Time left: 300 sec this turn | 300 sec total\n|\n|t:|1783554219\n|move|p2a: Gothitelle|Psychic|p1a: Magmortar\n|-damage|p1a: Magmortar|0 fnt\n|faint|p1a: Magmortar\n|\n|upkeep\n|\n|t:|1783554220\n|switch|p1a: Okidogi|Okidogi, L77, M|17/100\n|-damage|p1a: Okidogi|11/100|[from] Stealth Rock\n|turn|29\n|inactive|Time left: 300 sec this turn | 300 sec total\n|\n|t:|1783554221\n|switch|p2a: Umbreon|Umbreon, L84, M|297/297\n|-damage|p2a: Umbreon|260/297|[from] Stealth Rock\n|-terastallize|p1a: Okidogi|Dark\n|move|p1a: Okidogi|Drain Punch|p2a: Umbreon\n|-supereffective|p2a: Umbreon\n|-damage|p2a: Umbreon|122/297\n|-heal|p1a: Okidogi|37/100|[from] drain|[of] p2a: Umbreon\n|\n|-heal|p1a: Okidogi|43/100|[from] item: Leftovers\n|-heal|p2a: Umbreon|140/297|[from] item: Leftovers\n|upkeep\n|turn|30\n|inactive|Time left: 300 sec this turn | 300 sec total\n|\n|t:|1783554222\n|move|p1a: Okidogi|Drain Punch|p2a: Umbreon\n|-supereffective|p2a: Umbreon\n|-damage|p2a: Umbreon|2/297\n|-heal|p1a: Okidogi|70/100|[from] drain|[of] p2a: Umbreon\n|move|p2a: Umbreon|Toxic|p1a: Okidogi\n|-status|p1a: Okidogi|tox\n|\n|-heal|p1a: Okidogi|76/100 tox|[from] item: Leftovers\n|-heal|p2a: Umbreon|20/297|[from] item: Leftovers\n|-damage|p1a: Okidogi|70/100 tox|[from] psn\n|upkeep\n|turn|31\n|inactive|Time left: 300 sec this turn | 300 sec total\n|\n|t:|1783554223\n|move|p1a: Okidogi|Knock Off|p2a: Umbreon\n|-resisted|p2a: Umbreon\n|-damage|p2a: Umbreon|0 fnt\n|-enditem|p2a: Umbreon|Leftovers|[from] move: Knock Off|[of] p1a: Okidogi\n|faint|p2a: Umbreon\n|\n|-heal|p1a: Okidogi|76/100 tox|[from] item: Leftovers\n|-damage|p1a: Okidogi|63/100 tox|[from] psn\n|upkeep\n|inactive|Time left: 300 sec this turn | 300 sec total | 5 sec grace\n|\n|t:|1783554224\n|switch|p2a: Pelipper|Pelipper, L86, M|183/243\n|-damage|p2a: Pelipper|123/243|[from] Stealth Rock\n|-weather|RainDance|[from] ability: Drizzle|[of] p2a: Pelipper\n|turn|32\n|inactive|Time left: 300 sec this turn | 300 sec total\n|\n|t:|1783554225\n|move|p1a: Okidogi|Gunk Shot|p2a: Pelipper\n|-damage|p2a: Pelipper|6/243\n|move|p2a: Pelipper|Weather Ball|p1a: Okidogi\n|-damage|p1a: Okidogi|0 fnt\n|faint|p1a: Okidogi\n|\n|-weather|RainDance|[upkeep]\n|upkeep\n|\n|t:|1783554225\n|switch|p1a: Gothitelle|Gothitelle, L90, F|100/100\n|-damage|p1a: Gothitelle|88/100|[from] Stealth Rock\n|turn|33\n|inactive|Time left: 300 sec this turn | 300 sec total\n|\n|t:|1783554226\n|move|p1a: Gothitelle|Dark Pulse|p2a: Pelipper\n|-damage|p2a: Pelipper|0 fnt\n|faint|p2a: Pelipper\n|\n|-weather|RainDance|[upkeep]\n|upkeep\n|inactive|Time left: 300 sec this turn | 300 sec total | 5 sec grace\n|\n|t:|1783554227\n|switch|p2a: Gothitelle|Gothitelle, L90, F|238/272\n|-damage|p2a: Gothitelle|204/272|[from] Stealth Rock\n|turn|34\n|inactive|Time left: 300 sec this turn | 300 sec total\n|\n|t:|1783554227\n|-terastallize|p2a: Gothitelle|Steel\n|move|p1a: Gothitelle|Dark Pulse|p2a: Gothitelle\n|-damage|p2a: Gothitelle|152/272\n|move|p2a: Gothitelle|Dark Pulse|p1a: Gothitelle\n|-supereffective|p1a: Gothitelle\n|-damage|p1a: Gothitelle|47/100\n|\n|-weather|RainDance|[upkeep]\n|upkeep\n|turn|35\n|inactive|Time left: 300 sec this turn | 300 sec total\n|\n|t:|1783554228\n|move|p2a: Gothitelle|Dark Pulse|p1a: Gothitelle\n|-supereffective|p1a: Gothitelle\n|-damage|p1a: Gothitelle|8/100\n|move|p1a: Gothitelle|Dark Pulse|p2a: Gothitelle\n|-damage|p2a: Gothitelle|97/272\n|\n|-weather|RainDance|[upkeep]\n|upkeep\n|turn|36\n|inactive|Time left: 300 sec this turn | 300 sec total\n|\n|t:|1783554229\n|move|p2a: Gothitelle|Dark Pulse|p1a: Gothitelle\n|-supereffective|p1a: Gothitelle\n|-damage|p1a: Gothitelle|0 fnt\n|faint|p1a: Gothitelle\n|\n|-weather|none\n|upkeep\n|\n|t:|1783554230\n|switch|p1a: Swalot|Swalot, L90, M|100/100\n|-damage|p1a: Swalot|88/100|[from] Stealth Rock\n|turn|37\n|inactive|Time left: 300 sec this turn | 300 sec total\n|\n|t:|1783554231\n|move|p2a: Gothitelle|Dark Pulse|p1a: Swalot\n|-damage|p1a: Swalot|68/100\n|cant|p1a: Swalot|flinch\n|\n|-heal|p1a: Swalot|74/100|[from] item: Leftovers\n|upkeep\n|turn|38\n|inactive|Time left: 300 sec this turn | 300 sec total\n|\n|t:|1783554232\n|move|p2a: Gothitelle|Dark Pulse|p1a: Swalot\n|-damage|p1a: Swalot|54/100\n|cant|p1a: Swalot|flinch\n|\n|-heal|p1a: Swalot|60/100|[from] item: Leftovers\n|upkeep\n|turn|39\n|inactive|Time left: 300 sec this turn | 300 sec total\n|\n|t:|1783554233\n|move|p2a: Gothitelle|Dark Pulse|p1a: Swalot\n|-damage|p1a: Swalot|41/100\n|cant|p1a: Swalot|flinch\n|\n|-heal|p1a: Swalot|47/100|[from] item: Leftovers\n|upkeep\n|turn|40\n|inactive|Time left: 300 sec this turn | 300 sec total\n|\n|t:|1783554234\n|move|p2a: Gothitelle|Dark Pulse|p1a: Swalot\n|-damage|p1a: Swalot|28/100\n|cant|p1a: Swalot|flinch\n|\n|-heal|p1a: Swalot|34/100|[from] item: Leftovers\n|upkeep\n|turn|41\n|inactive|Time left: 300 sec this turn | 300 sec total\n|\n|t:|1783554235\n|move|p2a: Gothitelle|Dark Pulse|p1a: Swalot\n|-damage|p1a: Swalot|16/100\n|move|p1a: Swalot|Earthquake|p2a: Gothitelle\n|-supereffective|p2a: Gothitelle\n|-damage|p2a: Gothitelle|0 fnt\n|faint|p2a: Gothitelle\n|\n|win|p0x12967cae", "uploadtime": 1783554235, "views": 0, "rating": 0, "private": 0, "password": null, "_winner": "p0x12967cae", "_our_name": "p0y12962ef3"}