{"id": "battle-gen9randombattle-408", "formatid": "gen9randombattle", "format": "[Gen 9] Random Battle", "players": ["p0x40827d3", "p0y40878b4"], "log": "|init|battle\n|title|p0x40827d3 vs. p0y40878b4\n|j|\u2606p0x40827d3\n|j|\u2606p0y40878b4\n|t:|1783543807\n|gametype|singles\n|player|p1|p0x40827d3|265|\n|player|p2|p0y40878b4|1|\n|gen|9\n|tier|[Gen 9] Random Battle\n|rule|Species Clause: Limit one of each Pok\u00e9mon\n|rule|HP Percentage Mod: HP is shown in percentages\n|rule|Sleep Clause Mod: Limit one foe put to sleep\n|rule|Illusion Level Mod: Illusion disguises the Pok\u00e9mon's true level\n|\n|t:|1783543807\n|teamsize|p1|6\n|teamsize|p2|6\n|start\n|switch|p1a: Volbeat|Volbeat, L90, M|263/263\n|switch|p2a: Plusle|Plusle, L95, F|100/100\n|turn|1\n|inactive|Battle timer is ON: inactive players will automatically lose when time's up. (requested by p0y40878b4)\n|inactive|Time left: 300 sec this turn | 300 sec total | 60 sec grace\n|\n|t:|1783543809\n|move|p2a: Plusle|Thunderbolt|p1a: Volbeat\n|-damage|p1a: Volbeat|127/263\n|-status|p1a: Volbeat|par\n|-damage|p2a: Plusle|91/100|[from] item: Life Orb\n|move|p1a: Volbeat|U-turn|p2a: Plusle\n|-damage|p2a: Plusle|55/100\n|inactive|Time left: 300 sec this turn | 300 sec total | 65 sec grace\n|inactive|p0x40827d3 also wants the timer to be on.\n|\n|t:|1783543810\n|switch|p1a: Arceus|Arceus-Grass, L73|296/296|[from] U-turn\n|\n|upkeep\n|turn|2\n|inactive|Time left: 300 sec this turn | 300 sec total\n|\n|t:|1783543811\n|switch|p2a: Yanmega|Yanmega, L82, F|100/100\n|move|p1a: Arceus|Calm Mind|p1a: Arceus\n|-boost|p1a: Arceus|spa|1\n|-boost|p1a: Arceus|spd|1\n|\n|upkeep\n|turn|3\n|inactive|Time left: 300 sec this turn | 300 sec total\n|\n|t:|1783543812\n|move|p2a: Yanmega|Protect|p2a: Yanmega\n|-singleturn|p2a: Yanmega|Protect\n|move|p1a: Arceus|Fire Blast|p2a: Yanmega\n|-activate|p2a: Yanmega|move: Protect\n|\n|-ability|p2a: Yanmega|Speed Boost|boost\n|-boost|p2a: Yanmega|spe|1\n|upkeep\n|turn|4\n|inactive|Time left: 300 sec this turn | 300 sec total\n|\n|t:|1783543813\n|move|p2a: Yanmega|Air Slash|p1a: Arceus\n|-supereffective|p1a: Arceus\n|-damage|p1a: Arceus|186/296\n|move|p1a: Arceus|Fire Blast|p2a: Yanmega\n|-supereffective|p2a: Yanmega\n|-damage|p2a: Yanmega|0 fnt\n|faint|p2a: Yanmega\n|\n|upkeep\n|\n|t:|1783543813\n|switch|p2a: Staraptor|Staraptor, L79, M|100/100\n|turn|5\n|inactive|Time left: 300 sec this turn | 300 sec total\n|\n|t:|1783543814\n|move|p1a: Arceus|Judgment|p2a: Staraptor\n|-resisted|p2a: Staraptor\n|-damage|p2a: Staraptor|54/100\n|move|p2a: Staraptor|Brave Bird|p1a: Arceus\n|-supereffective|p1a: Arceus\n|-damage|p1a: Arceus|0 fnt\n|faint|p1a: Arceus\n|-damage|p2a: Staraptor|31/100|[from] Recoil\n|\n|upkeep\n|inactive|Time left: 300 sec this turn | 300 sec total | 5 sec grace\n|\n|t:|1783543815\n|switch|p1a: Kingambit|Kingambit, L74, M|270/270\n|-activate|p1a: Kingambit|ability: Supreme Overlord\n|-start|p1a: Kingambit|fallen1|[silent]\n|turn|6\n|inactive|Time left: 300 sec this turn | 300 sec total\n|\n|t:|1783543816\n|move|p2a: Staraptor|Brave Bird|p1a: Kingambit\n|-resisted|p1a: Kingambit\n|-damage|p1a: Kingambit|163/270\n|-damage|p2a: Staraptor|17/100|[from] Recoil\n|move|p1a: Kingambit|Swords Dance|p1a: Kingambit\n|-boost|p1a: Kingambit|atk|2\n|\n|-heal|p1a: Kingambit|179/270|[from] item: Leftovers\n|upkeep\n|turn|7\n|inactive|Time left: 300 sec this turn | 300 sec total\n|\n|t:|1783543816\n|move|p1a: Kingambit|Sucker Punch|p2a: Staraptor\n|-damage|p2a: Staraptor|0 fnt\n|faint|p2a: Staraptor\n|\n|-heal|p1a: Kingambit|195/270|[from] item: Leftovers\n|upkeep\n|\n|t:|1783543817\n|switch|p2a: Ludicolo|Ludicolo, L90, F|100/100\n|turn|8\n|inactive|Time left: 300 sec this turn | 300 sec total\n|\n|t:|1783543818\n|move|p1a: Kingambit|Sucker Punch|p2a: Ludicolo\n|-damage|p2a: Ludicolo|33/100\n|move|p2a: Ludicolo|Hydro Pump|p1a: Kingambit\n|-damage|p1a: Kingambit|0 fnt\n|faint|p1a: Kingambit\n|-end|p1a: Kingambit|fallen1|[silent]\n|\n|upkeep\n|inactive|Time left: 300 sec this turn | 300 sec total | 5 sec grace\n|\n|t:|1783543819\n|switch|p1a: Snorlax|Snorlax, L82, M|397/397\n|turn|9\n|inactive|Time left: 300 sec this turn | 300 sec total\n|\n|t:|1783543820\n|move|p2a: Ludicolo|Hydro Pump|p1a: Snorlax\n|-damage|p1a: Snorlax|246/397\n|move|p1a: Snorlax|Body Slam|p2a: Ludicolo\n|-damage|p2a: Ludicolo|0 fnt\n|faint|p2a: Ludicolo\n|\n|-heal|p1a: Snorlax|270/397|[from] item: Leftovers\n|upkeep\n|\n|t:|1783543821\n|switch|p2a: Virizion|Virizion, L82|100/100\n|turn|10\n|inactive|Time left: 300 sec this turn | 300 sec total\n|\n|t:|1783543822\n|move|p2a: Virizion|Swords Dance|p2a: Virizion\n|-boost|p2a: Virizion|atk|2\n|move|p1a: Snorlax|Body Slam|p2a: Virizion\n|-damage|p2a: Virizion|59/100\n|-status|p2a: Virizion|par\n|\n|-heal|p1a: Snorlax|294/397|[from] item: Leftovers\n|upkeep\n|turn|11\n|inactive|Time left: 300 sec this turn | 300 sec total\n|\n|t:|1783543823\n|move|p2a: Virizion|Close Combat|p1a: Snorlax\n|-supereffective|p1a: Snorlax\n|-damage|p1a: Snorlax|0 fnt\n|-unboost|p2a: Virizion|def|1\n|-unboost|p2a: Virizion|spd|1\n|faint|p1a: Snorlax\n|-damage|p2a: Virizion|49/100 par|[from] item: Life Orb\n|\n|upkeep\n|inactive|Time left: 300 sec this turn | 300 sec total | 5 sec grace\n|\n|t:|1783543824\n|switch|p1a: Toucannon|Toucannon, L88, F|284/284\n|turn|12\n|inactive|Time left: 300 sec this turn | 300 sec total\n|\n|t:|1783543825\n|move|p1a: Toucannon|U-turn|p2a: Virizion\n|-damage|p2a: Virizion|12/100 par\n|inactive|Time left: 300 sec this turn | 300 sec total | 5 sec grace\n|\n|t:|1783543826\n|switch|p1a: Volbeat|Volbeat, L90, M|127/263 par|[from] U-turn\n|move|p2a: Virizion|Close Combat|p1a: Volbeat\n|-resisted|p1a: Volbeat\n|-damage|p1a: Volbeat|0 fnt\n|-unboost|p2a: Virizion|def|1\n|-unboost|p2a: Virizion|spd|1\n|faint|p1a: Volbeat\n|-damage|p2a: Virizion|2/100 par|[from] item: Life Orb\n|\n|upkeep\n|inactive|Time left: 300 sec this turn | 300 sec total | 10 sec grace\n|\n|t:|1783543827\n|switch|p1a: Toucannon|Toucannon, L88, F|284/284\n|turn|13\n|inactive|Time left: 300 sec this turn | 300 sec total\n|\n|t:|1783543828\n|move|p1a: Toucannon|Boomburst|p2a: Virizion\n|-damage|p2a: Virizion|0 fnt\n|faint|p2a: Virizion\n|\n|upkeep\n|\n|t:|1783543829\n|switch|p2a: Plusle|Plusle, L95, F|55/100\n|turn|14\n|inactive|Time left: 300 sec this turn | 300 sec total\n|\n|t:|1783543830\n|-terastallize|p1a: Toucannon|Steel\n|move|p2a: Plusle|Thunderbolt|p1a: Toucannon\n|-damage|p1a: Toucannon|115/284\n|-damage|p2a: Plusle|45/100|[from] item: Life Orb\n|move|p1a: Toucannon|Boomburst|p2a: Plusle\n|-damage|p2a: Plusle|0 fnt\n|faint|p2a: Plusle\n|\n|upkeep\n|\n|t:|1783543831\n|switch|p2a: Mesprit|Mesprit, L85|100/100\n|turn|15\n|inactive|Time left: 300 sec this turn | 300 sec total\n|\n|t:|1783543832\n|move|p2a: Mesprit|Drain Punch|p1a: Toucannon\n|-supereffective|p1a: Toucannon\n|-damage|p1a: Toucannon|0 fnt\n|faint|p1a: Toucannon\n|\n|upkeep\n|inactive|Time left: 300 sec this turn | 300 sec total | 5 sec grace\n|\n|t:|1783543833\n|switch|p1a: Cinderace|Cinderace, L77, F|250/250\n|turn|16\n|inactive|Time left: 300 sec this turn | 300 sec total\n|\n|t:|1783543834\n|-terastallize|p2a: Mesprit|Dark\n|move|p1a: Cinderace|Pyro Ball|p2a: Mesprit\n|-damage|p2a: Mesprit|59/100\n|move|p2a: Mesprit|Psychic Noise|p1a: Cinderace\n|-damage|p1a: Cinderace|138/250\n|-start|p1a: Cinderace|move: Heal Block\n|\n|-heal|p2a: Mesprit|65/100|[from] item: Leftovers\n|upkeep\n|turn|17\n|inactive|Time left: 300 sec this turn | 300 sec total\n|\n|t:|1783543835\n|move|p1a: Cinderace|U-turn|p2a: Mesprit\n|-start|p1a: Cinderace|typechange|Bug|[from] ability: Libero\n|-supereffective|p2a: Mesprit\n|-damage|p2a: Mesprit|21/100\n|move|p2a: Mesprit|Knock Off|p1a: Cinderace\n|-damage|p1a: Cinderace|0 fnt\n|-enditem|p1a: Cinderace|Heavy-Duty Boots|[from] move: Knock Off|[of] p2a: Mesprit\n|faint|p1a: Cinderace\n|\n|win|p0y40878b4", "uploadtime": 1783543835, "views": 0, "rating": 0, "private": 0, "password": null, "_winner": "p0y40878b4", "_our_name": "p0x40827d3"}