{"id": "battle-gen9randombattle-1635", "formatid": "gen9randombattle", "format": "[Gen 9] Random Battle", "players": ["p0x16364be7", "p0y16361ab6"], "log": "|init|battle\n|title|p0x16364be7 vs. p0y16361ab6\n|j|\u2606p0x16364be7\n|j|\u2606p0y16361ab6\n|t:|1783558191\n|gametype|singles\n|player|p1|p0x16364be7|169|\n|player|p2|p0y16361ab6|1|\n|gen|9\n|tier|[Gen 9] Random Battle\n|rule|Species Clause: Limit one of each Pok\u00e9mon\n|rule|HP Percentage Mod: HP is shown in percentages\n|rule|Sleep Clause Mod: Limit one foe put to sleep\n|rule|Illusion Level Mod: Illusion disguises the Pok\u00e9mon's true level\n|\n|t:|1783558191\n|teamsize|p1|6\n|teamsize|p2|6\n|start\n|switch|p1a: Hariyama|Hariyama, L87, F|392/392\n|switch|p2a: Forretress|Forretress, L84, M|100/100\n|turn|1\n|inactive|Battle timer is ON: inactive players will automatically lose when time's up. (requested by p0x16364be7)\n|\n|t:|1783558192\n|move|p1a: Hariyama|Knock Off|p2a: Forretress\n|-damage|p2a: Forretress|77/100\n|-enditem|p2a: Forretress|Leftovers|[from] move: Knock Off|[of] p1a: Hariyama\n|move|p2a: Forretress|Stealth Rock|p1a: Hariyama\n|-sidestart|p1: p0x16364be7|move: Stealth Rock\n|\n|-status|p1a: Hariyama|brn|[from] item: Flame Orb\n|upkeep\n|turn|2\n|inactive|Time left: 300 sec this turn | 300 sec total\n|inactive|p0y16361ab6 also wants the timer to be on.\n|\n|t:|1783558193\n|move|p1a: Hariyama|Close Combat|p2a: Forretress\n|-damage|p2a: Forretress|16/100\n|-unboost|p1a: Hariyama|def|1\n|-unboost|p1a: Hariyama|spd|1\n|move|p2a: Forretress|Volt Switch|p1a: Hariyama\n|-damage|p1a: Hariyama|330/392 brn\n|\n|t:|1783558194\n|switch|p2a: Entei|Entei, L78|100/100|[from] Volt Switch\n|\n|-damage|p1a: Hariyama|306/392 brn|[from] brn\n|upkeep\n|turn|3\n|inactive|Time left: 300 sec this turn | 300 sec total\n|\n|t:|1783558195\n|switch|p1a: Quaquaval|Quaquaval, L79, F|264/264\n|-damage|p1a: Quaquaval|248/264|[from] Stealth Rock\n|move|p2a: Entei|Sacred Fire|p1a: Quaquaval\n|-resisted|p1a: Quaquaval\n|-damage|p1a: Quaquaval|165/264\n|\n|upkeep\n|turn|4\n|inactive|Time left: 300 sec this turn | 300 sec total\n|\n|t:|1783558196\n|move|p2a: Entei|Sacred Fire|p1a: Quaquaval\n|-resisted|p1a: Quaquaval\n|-damage|p1a: Quaquaval|68/264\n|move|p1a: Quaquaval|Aqua Step|p2a: Entei\n|-supereffective|p2a: Entei\n|-crit|p2a: Entei\n|-damage|p2a: Entei|0 fnt\n|-boost|p1a: Quaquaval|spe|1\n|faint|p2a: Entei\n|-ability|p1a: Quaquaval|Moxie|boost\n|-boost|p1a: Quaquaval|atk|1\n|-damage|p1a: Quaquaval|42/264|[from] item: Life Orb\n|\n|upkeep\n|\n|t:|1783558197\n|switch|p2a: Exeggutor|Exeggutor-Alola, L89, F|100/100\n|turn|5\n|inactive|Time left: 300 sec this turn | 300 sec total\n|\n|t:|1783558198\n|move|p1a: Quaquaval|Close Combat|p2a: Exeggutor\n|-damage|p2a: Exeggutor|16/100\n|-unboost|p1a: Quaquaval|def|1\n|-unboost|p1a: Quaquaval|spd|1\n|-enditem|p2a: Exeggutor|Sitrus Berry|[eat]\n|-heal|p2a: Exeggutor|41/100|[from] item: Sitrus Berry\n|-damage|p1a: Quaquaval|16/264|[from] item: Life Orb\n|move|p2a: Exeggutor|Giga Drain|p1a: Quaquaval\n|-supereffective|p1a: Quaquaval\n|-damage|p1a: Quaquaval|0 fnt\n|-heal|p2a: Exeggutor|43/100|[from] drain|[of] p1a: Quaquaval\n|faint|p1a: Quaquaval\n|\n|-item|p2a: Exeggutor|Sitrus Berry|[from] ability: Harvest\n|upkeep\n|-enditem|p2a: Exeggutor|Sitrus Berry|[eat]\n|-heal|p2a: Exeggutor|68/100|[from] item: Sitrus Berry\n|inactive|Time left: 300 sec this turn | 300 sec total | 5 sec grace\n|\n|t:|1783558199\n|switch|p1a: Sylveon|Sylveon, L85, F|300/300\n|-damage|p1a: Sylveon|263/300|[from] Stealth Rock\n|turn|6\n|inactive|Time left: 300 sec this turn | 300 sec total\n|\n|t:|1783558200\n|-terastallize|p2a: Exeggutor|Steel\n|move|p1a: Sylveon|Hyper Voice|p2a: Exeggutor\n|-resisted|p2a: Exeggutor\n|-damage|p2a: Exeggutor|45/100\n|move|p2a: Exeggutor|Calm Mind|p2a: Exeggutor\n|-boost|p2a: Exeggutor|spa|1\n|-boost|p2a: Exeggutor|spd|1\n|\n|-heal|p1a: Sylveon|281/300|[from] item: Leftovers\n|-item|p2a: Exeggutor|Sitrus Berry|[from] ability: Harvest\n|upkeep\n|-enditem|p2a: Exeggutor|Sitrus Berry|[eat]\n|-heal|p2a: Exeggutor|70/100|[from] item: Sitrus Berry\n|turn|7\n|inactive|Time left: 300 sec this turn | 300 sec total\n|\n|t:|1783558201\n|move|p1a: Sylveon|Calm Mind|p1a: Sylveon\n|-boost|p1a: Sylveon|spa|1\n|-boost|p1a: Sylveon|spd|1\n|move|p2a: Exeggutor|Giga Drain|p1a: Sylveon\n|-damage|p1a: Sylveon|197/300\n|-heal|p2a: Exeggutor|84/100|[from] drain|[of] p1a: Sylveon\n|\n|-heal|p1a: Sylveon|215/300|[from] item: Leftovers\n|-item|p2a: Exeggutor|Sitrus Berry|[from] ability: Harvest\n|upkeep\n|turn|8\n|inactive|Time left: 300 sec this turn | 300 sec total\n|\n|t:|1783558202\n|move|p1a: Sylveon|Calm Mind|p1a: Sylveon\n|-boost|p1a: Sylveon|spa|1\n|-boost|p1a: Sylveon|spd|1\n|move|p2a: Exeggutor|Calm Mind|p2a: Exeggutor\n|-boost|p2a: Exeggutor|spa|1\n|-boost|p2a: Exeggutor|spd|1\n|\n|-heal|p1a: Sylveon|233/300|[from] item: Leftovers\n|upkeep\n|turn|9\n|inactive|Time left: 300 sec this turn | 300 sec total\n|\n|t:|1783558203\n|move|p1a: Sylveon|Calm Mind|p1a: Sylveon\n|-boost|p1a: Sylveon|spa|1\n|-boost|p1a: Sylveon|spd|1\n|move|p2a: Exeggutor|Calm Mind|p2a: Exeggutor\n|-boost|p2a: Exeggutor|spa|1\n|-boost|p2a: Exeggutor|spd|1\n|\n|-heal|p1a: Sylveon|251/300|[from] item: Leftovers\n|upkeep\n|turn|10\n|inactive|Time left: 300 sec this turn | 300 sec total\n|\n|t:|1783558204\n|move|p1a: Sylveon|Hyper Voice|p2a: Exeggutor\n|-resisted|p2a: Exeggutor\n|-damage|p2a: Exeggutor|64/100\n|move|p2a: Exeggutor|Giga Drain|p1a: Sylveon\n|-damage|p1a: Sylveon|170/300\n|-heal|p2a: Exeggutor|77/100|[from] drain|[of] p1a: Sylveon\n|\n|-heal|p1a: Sylveon|188/300|[from] item: Leftovers\n|upkeep\n|turn|11\n|inactive|Time left: 300 sec this turn | 300 sec total\n|\n|t:|1783558205\n|move|p1a: Sylveon|Calm Mind|p1a: Sylveon\n|-boost|p1a: Sylveon|spa|1\n|-boost|p1a: Sylveon|spd|1\n|move|p2a: Exeggutor|Giga Drain|p1a: Sylveon\n|-damage|p1a: Sylveon|127/300\n|-heal|p2a: Exeggutor|86/100|[from] drain|[of] p1a: Sylveon\n|\n|-heal|p1a: Sylveon|145/300|[from] item: Leftovers\n|upkeep\n|turn|12\n|inactive|Time left: 300 sec this turn | 300 sec total\n|\n|t:|1783558207\n|move|p1a: Sylveon|Hyper Voice|p2a: Exeggutor\n|-resisted|p2a: Exeggutor\n|-damage|p2a: Exeggutor|60/100\n|move|p2a: Exeggutor|Giga Drain|p1a: Sylveon\n|-damage|p1a: Sylveon|76/300\n|-heal|p2a: Exeggutor|71/100|[from] drain|[of] p1a: Sylveon\n|\n|-heal|p1a: Sylveon|94/300|[from] item: Leftovers\n|upkeep\n|turn|13\n|inactive|Time left: 300 sec this turn | 300 sec total\n|\n|t:|1783558208\n|move|p1a: Sylveon|Wish|p1a: Sylveon\n|move|p2a: Exeggutor|Giga Drain|p1a: Sylveon\n|-damage|p1a: Sylveon|33/300\n|-heal|p2a: Exeggutor|81/100|[from] drain|[of] p1a: Sylveon\n|\n|-heal|p1a: Sylveon|51/300|[from] item: Leftovers\n|upkeep\n|turn|14\n|inactive|Time left: 300 sec this turn | 300 sec total\n|\n|t:|1783558209\n|move|p1a: Sylveon|Protect|p1a: Sylveon\n|-singleturn|p1a: Sylveon|Protect\n|move|p2a: Exeggutor|Giga Drain|p1a: Sylveon\n|-activate|p1a: Sylveon|move: Protect\n|\n|-heal|p1a: Sylveon|201/300|[from] move: Wish|[wisher] Sylveon\n|-heal|p1a: Sylveon|219/300|[from] item: Leftovers\n|upkeep\n|turn|15\n|inactive|Time left: 300 sec this turn | 300 sec total\n|\n|t:|1783558210\n|move|p1a: Sylveon|Hyper Voice|p2a: Exeggutor\n|-resisted|p2a: Exeggutor\n|-damage|p2a: Exeggutor|52/100\n|move|p2a: Exeggutor|Giga Drain|p1a: Sylveon\n|-damage|p1a: Sylveon|152/300\n|-heal|p2a: Exeggutor|63/100|[from] drain|[of] p1a: Sylveon\n|\n|-heal|p1a: Sylveon|170/300|[from] item: Leftovers\n|upkeep\n|turn|16\n|inactive|Time left: 300 sec this turn | 300 sec total\n|\n|t:|1783558211\n|move|p1a: Sylveon|Wish|p1a: Sylveon\n|move|p2a: Exeggutor|Giga Drain|p1a: Sylveon\n|-damage|p1a: Sylveon|110/300\n|-heal|p2a: Exeggutor|72/100|[from] drain|[of] p1a: Sylveon\n|\n|-heal|p1a: Sylveon|128/300|[from] item: Leftovers\n|upkeep\n|turn|17\n|inactive|Time left: 300 sec this turn | 300 sec total\n|\n|t:|1783558212\n|move|p1a: Sylveon|Hyper Voice|p2a: Exeggutor\n|-resisted|p2a: Exeggutor\n|-damage|p2a: Exeggutor|44/100\n|-enditem|p2a: Exeggutor|Sitrus Berry|[eat]\n|-heal|p2a: Exeggutor|69/100|[from] item: Sitrus Berry\n|move|p2a: Exeggutor|Giga Drain|p1a: Sylveon\n|-damage|p1a: Sylveon|64/300\n|-heal|p2a: Exeggutor|79/100|[from] drain|[of] p1a: Sylveon\n|\n|-heal|p1a: Sylveon|214/300|[from] move: Wish|[wisher] Sylveon\n|-heal|p1a: Sylveon|232/300|[from] item: Leftovers\n|-item|p2a: Exeggutor|Sitrus Berry|[from] ability: Harvest\n|upkeep\n|turn|18\n|inactive|Time left: 300 sec this turn | 300 sec total\n|\n|t:|1783558213\n|move|p1a: Sylveon|Hyper Voice|p2a: Exeggutor\n|-resisted|p2a: Exeggutor\n|-damage|p2a: Exeggutor|53/100\n|move|p2a: Exeggutor|Giga Drain|p1a: Sylveon\n|-damage|p1a: Sylveon|172/300\n|-heal|p2a: Exeggutor|62/100|[from] drain|[of] p1a: Sylveon\n|\n|-heal|p1a: Sylveon|190/300|[from] item: Leftovers\n|upkeep\n|turn|19\n|inactive|Time left: 300 sec this turn | 300 sec total\n|\n|t:|1783558214\n|move|p1a: Sylveon|Hyper Voice|p2a: Exeggutor\n|-resisted|p2a: Exeggutor\n|-damage|p2a: Exeggutor|34/100\n|-enditem|p2a: Exeggutor|Sitrus Berry|[eat]\n|-heal|p2a: Exeggutor|59/100|[from] item: Sitrus Berry\n|move|p2a: Exeggutor|Giga Drain|p1a: Sylveon\n|-damage|p1a: Sylveon|129/300\n|-heal|p2a: Exeggutor|69/100|[from] drain|[of] p1a: Sylveon\n|\n|-heal|p1a: Sylveon|147/300|[from] item: Leftovers\n|upkeep\n|turn|20\n|inactive|Time left: 300 sec this turn | 300 sec total\n|\n|t:|1783558215\n|move|p1a: Sylveon|Hyper Voice|p2a: Exeggutor\n|-resisted|p2a: Exeggutor\n|-damage|p2a: Exeggutor|43/100\n|move|p2a: Exeggutor|Giga Drain|p1a: Sylveon\n|-damage|p1a: Sylveon|83/300\n|-heal|p2a: Exeggutor|53/100|[from] drain|[of] p1a: Sylveon\n|\n|-heal|p1a: Sylveon|101/300|[from] item: Leftovers\n|upkeep\n|turn|21\n|inactive|Time left: 300 sec this turn | 300 sec total\n|\n|t:|1783558216\n|move|p1a: Sylveon|Protect|p1a: Sylveon\n|-singleturn|p1a: Sylveon|Protect\n|move|p2a: Exeggutor|Giga Drain|p1a: Sylveon\n|-activate|p1a: Sylveon|move: Protect\n|\n|-heal|p1a: Sylveon|119/300|[from] item: Leftovers\n|-item|p2a: Exeggutor|Sitrus Berry|[from] ability: Harvest\n|upkeep\n|turn|22\n|inactive|Time left: 300 sec this turn | 300 sec total\n|\n|t:|1783558217\n|move|p1a: Sylveon|Wish|p1a: Sylveon\n|move|p2a: Exeggutor|Giga Drain|p1a: Sylveon\n|-damage|p1a: Sylveon|49/300\n|-heal|p2a: Exeggutor|64/100|[from] drain|[of] p1a: Sylveon\n|\n|-heal|p1a: Sylveon|67/300|[from] item: Leftovers\n|upkeep\n|turn|23\n|inactive|Time left: 300 sec this turn | 300 sec total\n|\n|t:|1783558218\n|move|p1a: Sylveon|Protect|p1a: Sylveon\n|-singleturn|p1a: Sylveon|Protect\n|move|p2a: Exeggutor|Giga Drain|p1a: Sylveon\n|-activate|p1a: Sylveon|move: Protect\n|\n|-heal|p1a: Sylveon|217/300|[from] move: Wish|[wisher] Sylveon\n|-heal|p1a: Sylveon|235/300|[from] item: Leftovers\n|upkeep\n|turn|24\n|inactive|Time left: 300 sec this turn | 300 sec total\n|\n|t:|1783558219\n|move|p1a: Sylveon|Hyper Voice|p2a: Exeggutor\n|-resisted|p2a: Exeggutor\n|-damage|p2a: Exeggutor|39/100\n|-enditem|p2a: Exeggutor|Sitrus Berry|[eat]\n|-heal|p2a: Exeggutor|64/100|[from] item: Sitrus Berry\n|move|p2a: Exeggutor|Calm Mind|p2a: Exeggutor\n|-boost|p2a: Exeggutor|spa|1\n|-boost|p2a: Exeggutor|spd|1\n|\n|-heal|p1a: Sylveon|253/300|[from] item: Leftovers\n|upkeep\n|turn|25\n|inactive|Time left: 300 sec this turn | 300 sec total\n|\n|t:|1783558220\n|move|p1a: Sylveon|Hyper Voice|p2a: Exeggutor\n|-resisted|p2a: Exeggutor\n|-damage|p2a: Exeggutor|43/100\n|move|p2a: Exeggutor|Calm Mind|p2a: Exeggutor\n|-boost|p2a: Exeggutor|spa|1\n|-boost|p2a: Exeggutor|spd|1\n|\n|-heal|p1a: Sylveon|271/300|[from] item: Leftovers\n|-item|p2a: Exeggutor|Sitrus Berry|[from] ability: Harvest\n|upkeep\n|-enditem|p2a: Exeggutor|Sitrus Berry|[eat]\n|-heal|p2a: Exeggutor|68/100|[from] item: Sitrus Berry\n|turn|26\n|inactive|Time left: 300 sec this turn | 300 sec total\n|\n|t:|1783558221\n|move|p1a: Sylveon|Hyper Voice|p2a: Exeggutor\n|-resisted|p2a: Exeggutor\n|-damage|p2a: Exeggutor|49/100\n|move|p2a: Exeggutor|Flamethrower|p1a: Sylveon\n|-damage|p1a: Sylveon|196/300\n|\n|-heal|p1a: Sylveon|214/300|[from] item: Leftovers\n|upkeep\n|turn|27\n|inactive|Time left: 300 sec this turn | 300 sec total\n|\n|t:|1783558222\n|move|p1a: Sylveon|Hyper Voice|p2a: Exeggutor\n|-resisted|p2a: Exeggutor\n|-damage|p2a: Exeggutor|31/100\n|move|p2a: Exeggutor|Flamethrower|p1a: Sylveon\n|-damage|p1a: Sylveon|145/300\n|\n|-heal|p1a: Sylveon|163/300|[from] item: Leftovers\n|upkeep\n|turn|28\n|inactive|Time left: 300 sec this turn | 300 sec total\n|\n|t:|1783558223\n|move|p1a: Sylveon|Hyper Voice|p2a: Exeggutor\n|-resisted|p2a: Exeggutor\n|-crit|p2a: Exeggutor\n|-damage|p2a: Exeggutor|0 fnt\n|faint|p2a: Exeggutor\n|\n|-heal|p1a: Sylveon|181/300|[from] item: Leftovers\n|upkeep\n|\n|t:|1783558224\n|switch|p2a: Miraidon|Miraidon, L65|100/100\n|-fieldstart|move: Electric Terrain|[from] ability: Hadron Engine|[of] p2a: Miraidon\n|turn|29\n|inactive|Time left: 300 sec this turn | 300 sec total\n|\n|t:|1783558224\n|switch|p2a: Forretress|Forretress, L84, M|16/100\n|move|p1a: Sylveon|Hyper Voice|p2a: Forretress\n|-resisted|p2a: Forretress\n|-damage|p2a: Forretress|0 fnt\n|faint|p2a: Forretress\n|\n|-heal|p1a: Sylveon|199/300|[from] item: Leftovers\n|upkeep\n|\n|t:|1783558225\n|switch|p2a: Morpeko|Morpeko, L88, F|100/100\n|turn|30\n|inactive|Time left: 300 sec this turn | 300 sec total\n|\n|t:|1783558226\n|move|p1a: Sylveon|Protect|p1a: Sylveon\n|-singleturn|p1a: Sylveon|Protect\n|move|p2a: Morpeko|Aura Wheel|p1a: Sylveon\n|-activate|p1a: Sylveon|move: Protect\n|\n|-heal|p1a: Sylveon|217/300|[from] item: Leftovers\n|-formechange|p2a: Morpeko|Morpeko-Hangry||[from] ability: Hunger Switch\n|upkeep\n|turn|31\n|inactive|Time left: 300 sec this turn | 300 sec total\n|\n|t:|1783558227\n|move|p2a: Morpeko|Protect|p2a: Morpeko\n|-singleturn|p2a: Morpeko|Protect\n|move|p1a: Sylveon|Hyper Voice|p2a: Morpeko\n|-activate|p2a: Morpeko|move: Protect\n|\n|-heal|p1a: Sylveon|235/300|[from] item: Leftovers\n|-formechange|p2a: Morpeko|Morpeko||[from] ability: Hunger Switch\n|upkeep\n|turn|32\n|inactive|Time left: 300 sec this turn | 300 sec total\n|\n|t:|1783558228\n|move|p2a: Morpeko|Aura Wheel|p1a: Sylveon\n|-damage|p1a: Sylveon|24/300\n|-boost|p2a: Morpeko|spe|1\n|move|p1a: Sylveon|Hyper Voice|p2a: Morpeko\n|-supereffective|p2a: Morpeko\n|-damage|p2a: Morpeko|0 fnt\n|faint|p2a: Morpeko\n|\n|-heal|p1a: Sylveon|42/300|[from] item: Leftovers\n|upkeep\n|\n|t:|1783558229\n|switch|p2a: Miraidon|Miraidon, L65|100/100\n|-activate|p2a: Miraidon|ability: Hadron Engine\n|turn|33\n|inactive|Time left: 300 sec this turn | 300 sec total\n|\n|t:|1783558230\n|move|p1a: Sylveon|Protect|p1a: Sylveon\n|-singleturn|p1a: Sylveon|Protect\n|move|p2a: Miraidon|Electro Drift|p1a: Sylveon\n|-activate|p1a: Sylveon|move: Protect\n|\n|-heal|p1a: Sylveon|60/300|[from] item: Leftovers\n|-fieldend|move: Electric Terrain\n|upkeep\n|turn|34\n|inactive|Time left: 300 sec this turn | 300 sec total\n|\n|t:|1783558231\n|move|p2a: Miraidon|Electro Drift|p1a: Sylveon\n|-damage|p1a: Sylveon|26/300\n|move|p1a: Sylveon|Wish|p1a: Sylveon\n|\n|-heal|p1a: Sylveon|44/300|[from] item: Leftovers\n|upkeep\n|turn|35\n|inactive|Time left: 300 sec this turn | 300 sec total\n|\n|t:|1783558232\n|switch|p2a: Mismagius|Mismagius, L86, M|100/100\n|move|p1a: Sylveon|Calm Mind|p1a: Sylveon\n|-boost|p1a: Sylveon|spa|1\n|-boost|p1a: Sylveon|spd|1\n|\n|-heal|p1a: Sylveon|194/300|[from] move: Wish|[wisher] Sylveon\n|-heal|p1a: Sylveon|212/300|[from] item: Leftovers\n|upkeep\n|turn|36\n|inactive|Time left: 300 sec this turn | 300 sec total\n|\n|t:|1783558233\n|move|p2a: Mismagius|Nasty Plot|p2a: Mismagius\n|-boost|p2a: Mismagius|spa|2\n|move|p1a: Sylveon|Wish|p1a: Sylveon\n|\n|-heal|p1a: Sylveon|230/300|[from] item: Leftovers\n|upkeep\n|turn|37\n|inactive|Time left: 300 sec this turn | 300 sec total\n|\n|t:|1783558234\n|move|p1a: Sylveon|Protect|p1a: Sylveon\n|-singleturn|p1a: Sylveon|Protect\n|move|p2a: Mismagius|Nasty Plot|p2a: Mismagius\n|-boost|p2a: Mismagius|spa|2\n|\n|-heal|p1a: Sylveon|300/300|[from] move: Wish|[wisher] Sylveon\n|upkeep\n|turn|38\n|inactive|Time left: 300 sec this turn | 300 sec total\n|\n|t:|1783558235\n|move|p2a: Mismagius|Substitute|p2a: Mismagius\n|-start|p2a: Mismagius|Substitute\n|-damage|p2a: Mismagius|76/100\n|move|p1a: Sylveon|Wish|p1a: Sylveon\n|\n|-heal|p2a: Mismagius|82/100|[from] item: Leftovers\n|upkeep\n|turn|39\n|inactive|Time left: 300 sec this turn | 300 sec total\n|\n|t:|1783558236\n|move|p1a: Sylveon|Protect|p1a: Sylveon\n|-singleturn|p1a: Sylveon|Protect\n|move|p2a: Mismagius|Nasty Plot|p2a: Mismagius\n|-boost|p2a: Mismagius|spa|2\n|\n|-heal|p2a: Mismagius|88/100|[from] item: Leftovers\n|upkeep\n|turn|40\n|inactive|Time left: 300 sec this turn | 300 sec total\n|\n|t:|1783558236\n|move|p2a: Mismagius|Tera Blast|p1a: Sylveon\n|-damage|p1a: Sylveon|250/300\n|move|p1a: Sylveon|Wish|p1a: Sylveon\n|\n|-heal|p2a: Mismagius|94/100|[from] item: Leftovers\n|-heal|p1a: Sylveon|268/300|[from] item: Leftovers\n|upkeep\n|turn|41\n|inactive|Time left: 300 sec this turn | 300 sec total\n|\n|t:|1783558237\n|move|p1a: Sylveon|Protect|p1a: Sylveon\n|-singleturn|p1a: Sylveon|Protect\n|move|p2a: Mismagius|Shadow Ball|p1a: Sylveon\n|-activate|p1a: Sylveon|move: Protect\n|\n|-heal|p1a: Sylveon|300/300|[from] move: Wish|[wisher] Sylveon\n|-heal|p2a: Mismagius|100/100|[from] item: Leftovers\n|upkeep\n|turn|42\n|inactive|Time left: 300 sec this turn | 300 sec total\n|\n|t:|1783558238\n|move|p2a: Mismagius|Tera Blast|p1a: Sylveon\n|-crit|p1a: Sylveon\n|-damage|p1a: Sylveon|27/300\n|move|p1a: Sylveon|Wish|p1a: Sylveon\n|\n|-heal|p1a: Sylveon|45/300|[from] item: Leftovers\n|upkeep\n|turn|43\n|inactive|Time left: 300 sec this turn | 300 sec total\n|\n|t:|1783558239\n|move|p1a: Sylveon|Protect|p1a: Sylveon\n|-singleturn|p1a: Sylveon|Protect\n|move|p2a: Mismagius|Shadow Ball|p1a: Sylveon\n|-activate|p1a: Sylveon|move: Protect\n|\n|-heal|p1a: Sylveon|195/300|[from] move: Wish|[wisher] Sylveon\n|-heal|p1a: Sylveon|213/300|[from] item: Leftovers\n|upkeep\n|turn|44\n|inactive|Time left: 300 sec this turn | 300 sec total\n|\n|t:|1783558240\n|move|p2a: Mismagius|Tera Blast|p1a: Sylveon\n|-damage|p1a: Sylveon|160/300\n|move|p1a: Sylveon|Wish|p1a: Sylveon\n|\n|-heal|p1a: Sylveon|178/300|[from] item: Leftovers\n|upkeep\n|turn|45\n|inactive|Time left: 300 sec this turn | 300 sec total\n|\n|t:|1783558241\n|move|p1a: Sylveon|Protect|p1a: Sylveon\n|-singleturn|p1a: Sylveon|Protect\n|move|p2a: Mismagius|Shadow Ball|p1a: Sylveon\n|-activate|p1a: Sylveon|move: Protect\n|\n|-heal|p1a: Sylveon|300/300|[from] move: Wish|[wisher] Sylveon\n|upkeep\n|turn|46\n|inactive|Time left: 300 sec this turn | 300 sec total\n|\n|t:|1783558242\n|move|p1a: Sylveon|Protect||[still]\n|-fail|p1a: Sylveon\n|move|p2a: Mismagius|Shadow Ball|p1a: Sylveon\n|-damage|p1a: Sylveon|221/300\n|\n|-heal|p1a: Sylveon|239/300|[from] item: Leftovers\n|upkeep\n|turn|47\n|inactive|Time left: 300 sec this turn | 300 sec total\n|\n|t:|1783558244\n|move|p1a: Sylveon|Protect|p1a: Sylveon\n|-singleturn|p1a: Sylveon|Protect\n|move|p2a: Mismagius|Tera Blast|p1a: Sylveon\n|-activate|p1a: Sylveon|move: Protect\n|\n|-heal|p1a: Sylveon|257/300|[from] item: Leftovers\n|upkeep\n|turn|48\n|inactive|Time left: 300 sec this turn | 300 sec total\n|\n|t:|1783558244\n|move|p1a: Sylveon|Protect||[still]\n|-fail|p1a: Sylveon\n|move|p2a: Mismagius|Shadow Ball|p1a: Sylveon\n|-damage|p1a: Sylveon|170/300\n|\n|-heal|p1a: Sylveon|188/300|[from] item: Leftovers\n|upkeep\n|turn|49\n|inactive|Time left: 300 sec this turn | 300 sec total\n|\n|t:|1783558246\n|move|p2a: Mismagius|Shadow Ball|p1a: Sylveon\n|-damage|p1a: Sylveon|103/300\n|move|p1a: Sylveon|Wish|p1a: Sylveon\n|\n|-heal|p1a: Sylveon|121/300|[from] item: Leftovers\n|upkeep\n|turn|50\n|inactive|Time left: 300 sec this turn | 300 sec total\n|\n|t:|1783558247\n|move|p1a: Sylveon|Protect|p1a: Sylveon\n|-singleturn|p1a: Sylveon|Protect\n|move|p2a: Mismagius|Tera Blast|p1a: Sylveon\n|-activate|p1a: Sylveon|move: Protect\n|\n|-heal|p1a: Sylveon|271/300|[from] move: Wish|[wisher] Sylveon\n|-heal|p1a: Sylveon|289/300|[from] item: Leftovers\n|upkeep\n|turn|51\n|inactive|Time left: 300 sec this turn | 300 sec total\n|\n|t:|1783558248\n|move|p2a: Mismagius|Tera Blast|p1a: Sylveon\n|-damage|p1a: Sylveon|240/300\n|move|p1a: Sylveon|Wish|p1a: Sylveon\n|\n|-heal|p1a: Sylveon|258/300|[from] item: Leftovers\n|upkeep\n|turn|52\n|inactive|Time left: 300 sec this turn | 300 sec total\n|\n|t:|1783558249\n|move|p2a: Mismagius|Shadow Ball|p1a: Sylveon\n|-damage|p1a: Sylveon|182/300\n|move|p1a: Sylveon|Calm Mind|p1a: Sylveon\n|-boost|p1a: Sylveon|spa|1\n|-boost|p1a: Sylveon|spd|1\n|\n|-heal|p1a: Sylveon|300/300|[from] move: Wish|[wisher] Sylveon\n|upkeep\n|turn|53\n|inactive|Time left: 300 sec this turn | 300 sec total\n|\n|t:|1783558250\n|move|p2a: Mismagius|Tera Blast|p1a: Sylveon\n|-damage|p1a: Sylveon|255/300\n|move|p1a: Sylveon|Calm Mind|p1a: Sylveon\n|-boost|p1a: Sylveon|spa|0\n|-boost|p1a: Sylveon|spd|0\n|\n|-heal|p1a: Sylveon|273/300|[from] item: Leftovers\n|upkeep\n|turn|54\n|inactive|Time left: 300 sec this turn | 300 sec total\n|\n|t:|1783558251\n|move|p2a: Mismagius|Shadow Ball|p1a: Sylveon\n|-damage|p1a: Sylveon|203/300\n|move|p1a: Sylveon|Calm Mind|p1a: Sylveon\n|-boost|p1a: Sylveon|spa|0\n|-boost|p1a: Sylveon|spd|0\n|\n|-heal|p1a: Sylveon|221/300|[from] item: Leftovers\n|upkeep\n|turn|55\n|inactive|Time left: 300 sec this turn | 300 sec total\n|\n|t:|1783558252\n|move|p2a: Mismagius|Shadow Ball|p1a: Sylveon\n|-damage|p1a: Sylveon|148/300\n|move|p1a: Sylveon|Wish|p1a: Sylveon\n|\n|-heal|p1a: Sylveon|166/300|[from] item: Leftovers\n|upkeep\n|turn|56\n|inactive|Time left: 300 sec this turn | 300 sec total\n|\n|t:|1783558254\n|move|p2a: Mismagius|Shadow Ball|p1a: Sylveon\n|-damage|p1a: Sylveon|94/300\n|move|p1a: Sylveon|Wish||[still]\n|-fail|p1a: Sylveon\n|\n|-heal|p1a: Sylveon|244/300|[from] move: Wish|[wisher] Sylveon\n|-heal|p1a: Sylveon|262/300|[from] item: Leftovers\n|upkeep\n|turn|57\n|inactive|Time left: 300 sec this turn | 300 sec total\n|\n|t:|1783558255\n|move|p2a: Mismagius|Tera Blast|p1a: Sylveon\n|-damage|p1a: Sylveon|217/300\n|move|p1a: Sylveon|Calm Mind|p1a: Sylveon\n|-boost|p1a: Sylveon|spa|0\n|-boost|p1a: Sylveon|spd|0\n|\n|-heal|p1a: Sylveon|235/300|[from] item: Leftovers\n|upkeep\n|turn|58\n|inactive|Time left: 300 sec this turn | 300 sec total\n|\n|t:|1783558256\n|move|p1a: Sylveon|Protect|p1a: Sylveon\n|-singleturn|p1a: Sylveon|Protect\n|move|p2a: Mismagius|Shadow Ball|p1a: Sylveon\n|-activate|p1a: Sylveon|move: Protect\n|\n|-heal|p1a: Sylveon|253/300|[from] item: Leftovers\n|upkeep\n|turn|59\n|inactive|Time left: 300 sec this turn | 300 sec total\n|\n|t:|1783558257\n|move|p2a: Mismagius|Tera Blast|p1a: Sylveon\n|-damage|p1a: Sylveon|208/300\n|move|p1a: Sylveon|Wish|p1a: Sylveon\n|\n|-heal|p1a: Sylveon|226/300|[from] item: Leftovers\n|upkeep\n|turn|60\n|inactive|Time left: 300 sec this turn | 300 sec total\n|\n|t:|1783558258\n|move|p2a: Mismagius|Tera Blast|p1a: Sylveon\n|-crit|p1a: Sylveon\n|-damage|p1a: Sylveon|0 fnt\n|faint|p1a: Sylveon\n|\n|upkeep\n|inactive|Time left: 300 sec this turn | 300 sec total | 5 sec grace\n|\n|t:|1783558259\n|switch|p1a: Zarude|Zarude-Dada, L77|288/288\n|-damage|p1a: Zarude|252/288|[from] Stealth Rock\n|turn|61\n|inactive|Time left: 300 sec this turn | 300 sec total\n|\n|t:|1783558260\n|move|p1a: Zarude|Knock Off|p2a: Mismagius\n|-supereffective|p2a: Mismagius\n|-end|p2a: Mismagius|Substitute\n|move|p2a: Mismagius|Tera Blast|p1a: Zarude\n|-damage|p1a: Zarude|13/288\n|\n|upkeep\n|turn|62\n|inactive|Time left: 300 sec this turn | 300 sec total\n|\n|t:|1783558261\n|switch|p2a: Miraidon|Miraidon, L65|100/100\n|-fieldstart|move: Electric Terrain|[from] ability: Hadron Engine|[of] p2a: Miraidon\n|move|p1a: Zarude|Knock Off|p2a: Miraidon\n|-damage|p2a: Miraidon|48/100\n|-enditem|p2a: Miraidon|Choice Specs|[from] move: Knock Off|[of] p1a: Zarude\n|\n|upkeep\n|turn|63\n|inactive|Time left: 300 sec this turn | 300 sec total\n|\n|t:|1783558262\n|move|p1a: Zarude|Knock Off|p2a: Miraidon\n|-damage|p2a: Miraidon|18/100\n|move|p2a: Miraidon|Volt Switch|p1a: Zarude\n|-resisted|p1a: Zarude\n|-damage|p1a: Zarude|0 fnt\n|faint|p1a: Zarude\n|\n|t:|1783558263\n|switch|p2a: Mismagius|Mismagius, L86, M|100/100|[from] Volt Switch\n|\n|upkeep\n|inactive|Time left: 300 sec this turn | 300 sec total | 10 sec grace\n|\n|t:|1783558264\n|switch|p1a: Hariyama|Hariyama, L87, F|306/392 brn\n|-damage|p1a: Hariyama|282/392 brn|[from] Stealth Rock\n|turn|64\n|inactive|Time left: 300 sec this turn | 300 sec total\n|\n|t:|1783558264\n|-terastallize|p1a: Hariyama|Normal\n|move|p2a: Mismagius|Substitute|p2a: Mismagius\n|-start|p2a: Mismagius|Substitute\n|-damage|p2a: Mismagius|76/100\n|move|p1a: Hariyama|Knock Off|p2a: Mismagius\n|-supereffective|p2a: Mismagius\n|-end|p2a: Mismagius|Substitute\n|\n|-heal|p2a: Mismagius|82/100|[from] item: Leftovers\n|-damage|p1a: Hariyama|258/392 brn|[from] brn\n|upkeep\n|turn|65\n|inactive|Time left: 300 sec this turn | 300 sec total\n|\n|t:|1783558265\n|move|p2a: Mismagius|Substitute|p2a: Mismagius\n|-start|p2a: Mismagius|Substitute\n|-damage|p2a: Mismagius|57/100\n|move|p1a: Hariyama|Knock Off|p2a: Mismagius\n|-supereffective|p2a: Mismagius\n|-end|p2a: Mismagius|Substitute\n|\n|-heal|p2a: Mismagius|63/100|[from] item: Leftovers\n|-damage|p1a: Hariyama|234/392 brn|[from] brn\n|upkeep\n|turn|66\n|inactive|Time left: 300 sec this turn | 300 sec total\n|\n|t:|1783558266\n|move|p2a: Mismagius|Substitute|p2a: Mismagius\n|-start|p2a: Mismagius|Substitute\n|-damage|p2a: Mismagius|39/100\n|move|p1a: Hariyama|Knock Off|p2a: Mismagius\n|-supereffective|p2a: Mismagius\n|-end|p2a: Mismagius|Substitute\n|\n|-heal|p2a: Mismagius|45/100|[from] item: Leftovers\n|-damage|p1a: Hariyama|210/392 brn|[from] brn\n|-fieldend|move: Electric Terrain\n|upkeep\n|turn|67\n|inactive|Time left: 300 sec this turn | 300 sec total\n|\n|t:|1783558267\n|move|p2a: Mismagius|Substitute|p2a: Mismagius\n|-start|p2a: Mismagius|Substitute\n|-damage|p2a: Mismagius|20/100\n|move|p1a: Hariyama|Knock Off|p2a: Mismagius\n|-supereffective|p2a: Mismagius\n|-end|p2a: Mismagius|Substitute\n|\n|-heal|p2a: Mismagius|26/100|[from] item: Leftovers\n|-damage|p1a: Hariyama|186/392 brn|[from] brn\n|upkeep\n|turn|68\n|inactive|Time left: 300 sec this turn | 300 sec total\n|\n|t:|1783558267\n|move|p1a: Hariyama|Bullet Punch|p2a: Mismagius\n|-damage|p2a: Mismagius|0 fnt\n|faint|p2a: Mismagius\n|\n|-damage|p1a: Hariyama|162/392 brn|[from] brn\n|upkeep\n|\n|t:|1783558268\n|switch|p2a: Miraidon|Miraidon, L65|18/100\n|-fieldstart|move: Electric Terrain|[from] ability: Hadron Engine|[of] p2a: Miraidon\n|turn|69\n|inactive|Time left: 300 sec this turn | 300 sec total\n|\n|t:|1783558269\n|move|p2a: Miraidon|Draco Meteor|p1a: Hariyama\n|-damage|p1a: Hariyama|0 fnt\n|-unboost|p2a: Miraidon|spa|2\n|faint|p1a: Hariyama\n|\n|upkeep\n|inactive|Time left: 300 sec this turn | 300 sec total | 5 sec grace\n|\n|t:|1783558270\n|switch|p1a: Piloswine|Piloswine, L85, M|309/309\n|-damage|p1a: Piloswine|271/309|[from] Stealth Rock\n|turn|70\n|inactive|Time left: 300 sec this turn | 300 sec total\n|\n|t:|1783558271\n|move|p2a: Miraidon|Volt Switch|p1a: Piloswine\n|-immune|p1a: Piloswine\n|move|p1a: Piloswine|Earthquake|p2a: Miraidon\n|-supereffective|p2a: Miraidon\n|-crit|p2a: Miraidon\n|-damage|p2a: Miraidon|0 fnt\n|faint|p2a: Miraidon\n|\n|win|p0x16364be7", "uploadtime": 1783558271, "views": 0, "rating": 0, "private": 0, "password": null, "_winner": "p0x16364be7", "_our_name": "p0x16364be7"}