{"id": "battle-gen9randombattle-139", "formatid": "gen9randombattle", "format": "[Gen 9] Random Battle", "players": ["p0x139a99e", "p0y139f598"], "log": "|init|battle\n|title|p0x139a99e vs. p0y139f598\n|j|\u2606p0x139a99e\n|j|\u2606p0y139f598\n|t:|1783541105\n|gametype|singles\n|player|p1|p0x139a99e|169|\n|player|p2|p0y139f598|1|\n|gen|9\n|tier|[Gen 9] Random Battle\n|rule|Species Clause: Limit one of each Pok\u00e9mon\n|rule|HP Percentage Mod: HP is shown in percentages\n|rule|Sleep Clause Mod: Limit one foe put to sleep\n|rule|Illusion Level Mod: Illusion disguises the Pok\u00e9mon's true level\n|\n|t:|1783541105\n|teamsize|p1|6\n|teamsize|p2|6\n|start\n|switch|p1a: Hawlucha|Hawlucha, L80, M|256/256\n|switch|p2a: Farigiraf|Farigiraf, L90, M|100/100\n|turn|1\n|inactive|Battle timer is ON: inactive players will automatically lose when time's up. (requested by p0y139f598)\n|inactive|Time left: 300 sec this turn | 300 sec total | 60 sec grace\n|inactive|p0x139a99e also wants the timer to be on.\n|\n|t:|1783541107\n|switch|p1a: Milotic|Milotic, L83, M|293/293\n|move|p2a: Farigiraf|Psychic Noise|p1a: Milotic\n|-damage|p1a: Milotic|220/293\n|-start|p1a: Milotic|move: Heal Block\n|\n|upkeep\n|turn|2\n|inactive|Time left: 300 sec this turn | 300 sec total\n|\n|t:|1783541108\n|move|p1a: Milotic|Scald|p2a: Farigiraf\n|-damage|p2a: Farigiraf|75/100\n|move|p2a: Farigiraf|Body Slam|p1a: Milotic\n|-damage|p1a: Milotic|114/293\n|-status|p1a: Milotic|par\n|\n|-heal|p2a: Farigiraf|81/100|[from] item: Leftovers\n|-end|p1a: Milotic|move: Heal Block\n|upkeep\n|turn|3\n|inactive|Time left: 300 sec this turn | 300 sec total\n|\n|t:|1783541109\n|move|p2a: Farigiraf|Psychic Noise|p1a: Milotic\n|-damage|p1a: Milotic|38/293 par\n|-start|p1a: Milotic|move: Heal Block\n|cant|p1a: Milotic|move: Heal Block|Recover\n|\n|-heal|p2a: Farigiraf|87/100|[from] item: Leftovers\n|upkeep\n|turn|4\n|inactive|Time left: 300 sec this turn | 300 sec total\n|\n|t:|1783541111\n|move|p2a: Farigiraf|Body Slam|p1a: Milotic\n|-damage|p1a: Milotic|0 fnt\n|faint|p1a: Milotic\n|\n|-heal|p2a: Farigiraf|93/100|[from] item: Leftovers\n|upkeep\n|inactive|Time left: 300 sec this turn | 300 sec total | 5 sec grace\n|\n|t:|1783541112\n|switch|p1a: Ambipom|Ambipom, L84, M|263/263\n|turn|5\n|inactive|Time left: 300 sec this turn | 300 sec total\n|\n|t:|1783541113\n|move|p1a: Ambipom|Fake Out|p2a: Farigiraf\n|-damage|p2a: Farigiraf|71/100\n|cant|p2a: Farigiraf|flinch\n|\n|-heal|p2a: Farigiraf|77/100|[from] item: Leftovers\n|upkeep\n|turn|6\n|inactive|Time left: 300 sec this turn | 300 sec total\n|\n|t:|1783541114\n|move|p1a: Ambipom|Knock Off|p2a: Farigiraf\n|-supereffective|p2a: Farigiraf\n|-damage|p2a: Farigiraf|38/100\n|-enditem|p2a: Farigiraf|Leftovers|[from] move: Knock Off|[of] p1a: Ambipom\n|move|p2a: Farigiraf|Body Slam|p1a: Ambipom\n|-crit|p1a: Ambipom\n|-damage|p1a: Ambipom|74/263\n|-status|p1a: Ambipom|par\n|\n|upkeep\n|turn|7\n|inactive|Time left: 300 sec this turn | 300 sec total\n|\n|t:|1783541115\n|move|p2a: Farigiraf|Psychic Noise|p1a: Ambipom\n|-damage|p1a: Ambipom|0 fnt\n|faint|p1a: Ambipom\n|\n|upkeep\n|inactive|Time left: 300 sec this turn | 300 sec total | 5 sec grace\n|\n|t:|1783541116\n|switch|p1a: Venomoth|Venomoth, L84, M|255/255\n|turn|8\n|inactive|Time left: 300 sec this turn | 300 sec total\n|\n|t:|1783541117\n|move|p1a: Venomoth|Quiver Dance|p1a: Venomoth\n|-boost|p1a: Venomoth|spa|1\n|-boost|p1a: Venomoth|spd|1\n|-boost|p1a: Venomoth|spe|1\n|move|p2a: Farigiraf|Body Slam|p1a: Venomoth\n|-damage|p1a: Venomoth|132/255\n|-status|p1a: Venomoth|par\n|\n|upkeep\n|turn|9\n|inactive|Time left: 300 sec this turn | 300 sec total\n|\n|t:|1783541118\n|-terastallize|p1a: Venomoth|Steel\n|move|p2a: Farigiraf|Psychic Noise|p1a: Venomoth\n|-resisted|p1a: Venomoth\n|-damage|p1a: Venomoth|93/255 par\n|-start|p1a: Venomoth|move: Heal Block\n|move|p1a: Venomoth|Quiver Dance|p1a: Venomoth\n|-boost|p1a: Venomoth|spa|1\n|-boost|p1a: Venomoth|spd|1\n|-boost|p1a: Venomoth|spe|1\n|\n|upkeep\n|turn|10\n|inactive|Time left: 300 sec this turn | 300 sec total\n|\n|t:|1783541120\n|switch|p2a: Gurdurr|Gurdurr, L85, F|100/100\n|cant|p1a: Venomoth|par\n|\n|-end|p1a: Venomoth|move: Heal Block\n|upkeep\n|turn|11\n|inactive|Time left: 300 sec this turn | 300 sec total\n|\n|t:|1783541121\n|move|p2a: Gurdurr|Mach Punch|p1a: Venomoth\n|-supereffective|p1a: Venomoth\n|-damage|p1a: Venomoth|0 fnt\n|faint|p1a: Venomoth\n|\n|upkeep\n|inactive|Time left: 300 sec this turn | 300 sec total | 5 sec grace\n|\n|t:|1783541122\n|switch|p1a: Hawlucha|Hawlucha, L80, M|256/256\n|turn|12\n|inactive|Time left: 300 sec this turn | 300 sec total\n|\n|t:|1783541123\n|switch|p2a: Farigiraf|Farigiraf, L90, M|38/100\n|move|p1a: Hawlucha|Swords Dance|p1a: Hawlucha\n|-boost|p1a: Hawlucha|atk|2\n|\n|upkeep\n|turn|13\n|inactive|Time left: 300 sec this turn | 300 sec total\n|\n|t:|1783541124\n|-terastallize|p2a: Farigiraf|Fairy\n|move|p1a: Hawlucha|Close Combat|p2a: Farigiraf\n|-resisted|p2a: Farigiraf\n|-damage|p2a: Farigiraf|6/100\n|-unboost|p1a: Hawlucha|def|1\n|-unboost|p1a: Hawlucha|spd|1\n|-enditem|p1a: Hawlucha|White Herb\n|-clearnegativeboost|p1a: Hawlucha|[silent]\n|move|p2a: Farigiraf|Psychic Noise|p1a: Hawlucha\n|-supereffective|p1a: Hawlucha\n|-damage|p1a: Hawlucha|0 fnt\n|faint|p1a: Hawlucha\n|\n|upkeep\n|inactive|Time left: 300 sec this turn | 300 sec total | 5 sec grace\n|\n|t:|1783541126\n|switch|p1a: Alomomola|Alomomola, L87, M|429/429\n|turn|14\n|inactive|Time left: 300 sec this turn | 300 sec total\n|\n|t:|1783541127\n|switch|p2a: Rillaboom|Rillaboom, L79, M|100/100\n|-fieldstart|move: Grassy Terrain|[from] ability: Grassy Surge|[of] p2a: Rillaboom\n|move|p1a: Alomomola|Flip Turn|p2a: Rillaboom\n|-resisted|p2a: Rillaboom\n|-damage|p2a: Rillaboom|90/100\n|inactive|Time left: 300 sec this turn | 300 sec total | 5 sec grace\n|\n|t:|1783541128\n|switch|p1a: Vileplume|Vileplume, L85, M|266/266|[from] Flip Turn\n|\n|-heal|p2a: Rillaboom|96/100|[from] Grassy Terrain\n|upkeep\n|turn|15\n|inactive|Time left: 300 sec this turn | 300 sec total\n|\n|t:|1783541129\n|switch|p2a: Revavroom|Revavroom, L79, F|100/100\n|move|p1a: Vileplume|Sludge Bomb|p2a: Revavroom\n|-immune|p2a: Revavroom\n|\n|upkeep\n|turn|16\n|inactive|Time left: 300 sec this turn | 300 sec total\n|\n|t:|1783541130\n|move|p2a: Revavroom|Shift Gear|p2a: Revavroom\n|-boost|p2a: Revavroom|spe|2\n|-boost|p2a: Revavroom|atk|1\n|move|p1a: Vileplume|Sleep Powder|p2a: Revavroom\n|-status|p2a: Revavroom|slp|[from] move: Sleep Powder\n|\n|upkeep\n|turn|17\n|inactive|Time left: 300 sec this turn | 300 sec total\n|\n|t:|1783541131\n|cant|p2a: Revavroom|slp\n|move|p1a: Vileplume|Strength Sap|p2a: Revavroom\n|-unboost|p2a: Revavroom|atk|1\n|\n|upkeep\n|turn|18\n|inactive|Time left: 300 sec this turn | 300 sec total\n|\n|t:|1783541132\n|cant|p2a: Revavroom|slp\n|move|p1a: Vileplume|Strength Sap|p2a: Revavroom\n|-unboost|p2a: Revavroom|atk|1\n|\n|-fieldend|move: Grassy Terrain\n|upkeep\n|turn|19\n|inactive|Time left: 300 sec this turn | 300 sec total\n|\n|t:|1783541133\n|-curestatus|p2a: Revavroom|slp|[msg]\n|move|p2a: Revavroom|Shift Gear|p2a: Revavroom\n|-boost|p2a: Revavroom|spe|2\n|-boost|p2a: Revavroom|atk|1\n|move|p1a: Vileplume|Strength Sap|p2a: Revavroom\n|-unboost|p2a: Revavroom|atk|1\n|\n|upkeep\n|turn|20\n|inactive|Time left: 300 sec this turn | 300 sec total\n|\n|t:|1783541134\n|move|p2a: Revavroom|Shift Gear|p2a: Revavroom\n|-boost|p2a: Revavroom|spe|2\n|-boost|p2a: Revavroom|atk|1\n|move|p1a: Vileplume|Strength Sap|p2a: Revavroom\n|-unboost|p2a: Revavroom|atk|1\n|\n|upkeep\n|turn|21\n|inactive|Time left: 300 sec this turn | 300 sec total\n|\n|t:|1783541135\n|move|p2a: Revavroom|Shift Gear|p2a: Revavroom\n|-boost|p2a: Revavroom|spe|0\n|-boost|p2a: Revavroom|atk|1\n|move|p1a: Vileplume|Strength Sap|p2a: Revavroom\n|-unboost|p2a: Revavroom|atk|1\n|\n|upkeep\n|turn|22\n|inactive|Time left: 300 sec this turn | 300 sec total\n|\n|t:|1783541136\n|move|p2a: Revavroom|Shift Gear|p2a: Revavroom\n|-boost|p2a: Revavroom|spe|0\n|-boost|p2a: Revavroom|atk|1\n|move|p1a: Vileplume|Strength Sap|p2a: Revavroom\n|-unboost|p2a: Revavroom|atk|1\n|\n|upkeep\n|turn|23\n|inactive|Time left: 300 sec this turn | 300 sec total\n|\n|t:|1783541137\n|move|p2a: Revavroom|Shift Gear|p2a: Revavroom\n|-boost|p2a: Revavroom|spe|0\n|-boost|p2a: Revavroom|atk|1\n|move|p1a: Vileplume|Strength Sap|p2a: Revavroom\n|-unboost|p2a: Revavroom|atk|1\n|\n|upkeep\n|turn|24\n|inactive|Time left: 300 sec this turn | 300 sec total\n|\n|t:|1783541138\n|move|p2a: Revavroom|Shift Gear|p2a: Revavroom\n|-boost|p2a: Revavroom|spe|0\n|-boost|p2a: Revavroom|atk|1\n|move|p1a: Vileplume|Strength Sap|p2a: Revavroom\n|-unboost|p2a: Revavroom|atk|1\n|\n|upkeep\n|turn|25\n|inactive|Time left: 300 sec this turn | 300 sec total\n|\n|t:|1783541139\n|move|p2a: Revavroom|Shift Gear|p2a: Revavroom\n|-boost|p2a: Revavroom|spe|0\n|-boost|p2a: Revavroom|atk|1\n|move|p1a: Vileplume|Strength Sap|p2a: Revavroom\n|-unboost|p2a: Revavroom|atk|1\n|\n|upkeep\n|turn|26\n|inactive|Time left: 300 sec this turn | 300 sec total\n|\n|t:|1783541140\n|move|p2a: Revavroom|Shift Gear|p2a: Revavroom\n|-boost|p2a: Revavroom|spe|0\n|-boost|p2a: Revavroom|atk|1\n|move|p1a: Vileplume|Strength Sap|p2a: Revavroom\n|-unboost|p2a: Revavroom|atk|1\n|\n|upkeep\n|turn|27\n|inactive|Time left: 300 sec this turn | 300 sec total\n|\n|t:|1783541142\n|move|p2a: Revavroom|Shift Gear|p2a: Revavroom\n|-boost|p2a: Revavroom|spe|0\n|-boost|p2a: Revavroom|atk|1\n|move|p1a: Vileplume|Strength Sap|p2a: Revavroom\n|-unboost|p2a: Revavroom|atk|1\n|\n|upkeep\n|turn|28\n|inactive|Time left: 300 sec this turn | 300 sec total\n|\n|t:|1783541143\n|move|p2a: Revavroom|Shift Gear|p2a: Revavroom\n|-boost|p2a: Revavroom|spe|0\n|-boost|p2a: Revavroom|atk|1\n|move|p1a: Vileplume|Strength Sap|p2a: Revavroom\n|-unboost|p2a: Revavroom|atk|1\n|\n|upkeep\n|turn|29\n|inactive|Time left: 300 sec this turn | 300 sec total\n|\n|t:|1783541144\n|move|p2a: Revavroom|Shift Gear|p2a: Revavroom\n|-boost|p2a: Revavroom|spe|0\n|-boost|p2a: Revavroom|atk|1\n|move|p1a: Vileplume|Strength Sap|p2a: Revavroom\n|-unboost|p2a: Revavroom|atk|1\n|\n|upkeep\n|turn|30\n|inactive|Time left: 300 sec this turn | 300 sec total\n|\n|t:|1783541145\n|move|p2a: Revavroom|Shift Gear|p2a: Revavroom\n|-boost|p2a: Revavroom|spe|0\n|-boost|p2a: Revavroom|atk|1\n|move|p1a: Vileplume|Strength Sap|p2a: Revavroom\n|-unboost|p2a: Revavroom|atk|1\n|\n|upkeep\n|turn|31\n|inactive|Time left: 300 sec this turn | 300 sec total\n|\n|t:|1783541146\n|move|p2a: Revavroom|Shift Gear|p2a: Revavroom\n|-boost|p2a: Revavroom|spe|0\n|-boost|p2a: Revavroom|atk|1\n|move|p1a: Vileplume|Strength Sap|p2a: Revavroom\n|-unboost|p2a: Revavroom|atk|1\n|\n|upkeep\n|turn|32\n|inactive|Time left: 300 sec this turn | 300 sec total\n|\n|t:|1783541147\n|move|p2a: Revavroom|Shift Gear|p2a: Revavroom\n|-boost|p2a: Revavroom|spe|0\n|-boost|p2a: Revavroom|atk|1\n|move|p1a: Vileplume|Strength Sap|p2a: Revavroom\n|-unboost|p2a: Revavroom|atk|1\n|\n|upkeep\n|turn|33\n|inactive|Time left: 300 sec this turn | 300 sec total\n|\n|t:|1783541148\n|move|p2a: Revavroom|Gunk Shot|p1a: Vileplume\n|-damage|p1a: Vileplume|156/266\n|-damage|p2a: Revavroom|91/100|[from] item: Life Orb\n|move|p1a: Vileplume|Sleep Powder|p2a: Revavroom\n|-status|p2a: Revavroom|slp|[from] move: Sleep Powder\n|\n|-heal|p1a: Vileplume|172/266|[from] item: Leftovers\n|upkeep\n|turn|34\n|inactive|Time left: 300 sec this turn | 300 sec total\n|\n|t:|1783541149\n|cant|p2a: Revavroom|slp\n|move|p1a: Vileplume|Sludge Bomb|p2a: Revavroom\n|-immune|p2a: Revavroom\n|\n|-heal|p1a: Vileplume|188/266|[from] item: Leftovers\n|upkeep\n|turn|35\n|inactive|Time left: 300 sec this turn | 300 sec total\n|\n|t:|1783541151\n|-curestatus|p2a: Revavroom|slp|[msg]\n|move|p2a: Revavroom|Gunk Shot|p1a: Vileplume|[miss]\n|-miss|p2a: Revavroom|p1a: Vileplume\n|move|p1a: Vileplume|Giga Drain|p2a: Revavroom\n|-resisted|p2a: Revavroom\n|-damage|p2a: Revavroom|79/100\n|-heal|p1a: Vileplume|204/266|[from] drain|[of] p2a: Revavroom\n|\n|-heal|p1a: Vileplume|220/266|[from] item: Leftovers\n|upkeep\n|turn|36\n|inactive|Time left: 300 sec this turn | 300 sec total\n|\n|t:|1783541152\n|move|p2a: Revavroom|Gunk Shot|p1a: Vileplume|[miss]\n|-miss|p2a: Revavroom|p1a: Vileplume\n|move|p1a: Vileplume|Sleep Powder|p2a: Revavroom\n|-status|p2a: Revavroom|slp|[from] move: Sleep Powder\n|\n|-heal|p1a: Vileplume|236/266|[from] item: Leftovers\n|upkeep\n|turn|37\n|inactive|Time left: 300 sec this turn | 300 sec total\n|\n|t:|1783541153\n|cant|p2a: Revavroom|slp\n|move|p1a: Vileplume|Sludge Bomb|p2a: Revavroom\n|-immune|p2a: Revavroom\n|\n|-heal|p1a: Vileplume|252/266|[from] item: Leftovers\n|upkeep\n|turn|38\n|inactive|Time left: 300 sec this turn | 300 sec total\n|\n|t:|1783541154\n|cant|p2a: Revavroom|slp\n|move|p1a: Vileplume|Sleep Powder|p2a: Revavroom\n|-fail|p2a: Revavroom|slp\n|\n|-heal|p1a: Vileplume|266/266|[from] item: Leftovers\n|upkeep\n|turn|39\n|inactive|Time left: 300 sec this turn | 300 sec total\n|\n|t:|1783541155\n|cant|p2a: Revavroom|slp\n|move|p1a: Vileplume|Sleep Powder|p2a: Revavroom\n|-fail|p2a: Revavroom|slp\n|\n|upkeep\n|turn|40\n|inactive|Time left: 300 sec this turn | 300 sec total\n|\n|t:|1783541156\n|-curestatus|p2a: Revavroom|slp|[msg]\n|move|p2a: Revavroom|Gunk Shot|p1a: Vileplume|[miss]\n|-miss|p2a: Revavroom|p1a: Vileplume\n|move|p1a: Vileplume|Sleep Powder|p2a: Revavroom|[miss]\n|-miss|p1a: Vileplume|p2a: Revavroom\n|\n|upkeep\n|turn|41\n|inactive|Time left: 300 sec this turn | 300 sec total\n|\n|t:|1783541157\n|move|p2a: Revavroom|Gunk Shot|p1a: Vileplume\n|-damage|p1a: Vileplume|153/266\n|-damage|p2a: Revavroom|69/100|[from] item: Life Orb\n|move|p1a: Vileplume|Sleep Powder|p2a: Revavroom|[miss]\n|-miss|p1a: Vileplume|p2a: Revavroom\n|\n|-heal|p1a: Vileplume|169/266|[from] item: Leftovers\n|upkeep\n|turn|42\n|inactive|Time left: 300 sec this turn | 300 sec total\n|\n|t:|1783541158\n|move|p2a: Revavroom|Gunk Shot|p1a: Vileplume|[miss]\n|-miss|p2a: Revavroom|p1a: Vileplume\n|move|p1a: Vileplume|Sleep Powder|p2a: Revavroom\n|-status|p2a: Revavroom|slp|[from] move: Sleep Powder\n|\n|-heal|p1a: Vileplume|185/266|[from] item: Leftovers\n|upkeep\n|turn|43\n|inactive|Time left: 300 sec this turn | 300 sec total\n|\n|t:|1783541159\n|cant|p2a: Revavroom|slp\n|move|p1a: Vileplume|Giga Drain|p2a: Revavroom\n|-resisted|p2a: Revavroom\n|-crit|p2a: Revavroom\n|-damage|p2a: Revavroom|51/100 slp\n|-heal|p1a: Vileplume|208/266|[from] drain|[of] p2a: Revavroom\n|\n|-heal|p1a: Vileplume|224/266|[from] item: Leftovers\n|upkeep\n|turn|44\n|inactive|Time left: 300 sec this turn | 300 sec total\n|\n|t:|1783541160\n|-curestatus|p2a: Revavroom|slp|[msg]\n|move|p2a: Revavroom|Gunk Shot|p1a: Vileplume\n|-damage|p1a: Vileplume|115/266\n|-damage|p2a: Revavroom|41/100|[from] item: Life Orb\n|move|p1a: Vileplume|Giga Drain|p2a: Revavroom\n|-resisted|p2a: Revavroom\n|-damage|p2a: Revavroom|29/100\n|-heal|p1a: Vileplume|130/266|[from] drain|[of] p2a: Revavroom\n|\n|-heal|p1a: Vileplume|146/266|[from] item: Leftovers\n|upkeep\n|turn|45\n|inactive|Time left: 300 sec this turn | 300 sec total\n|\n|t:|1783541161\n|move|p2a: Revavroom|Gunk Shot|p1a: Vileplume\n|-damage|p1a: Vileplume|37/266\n|-damage|p2a: Revavroom|20/100|[from] item: Life Orb\n|move|p1a: Vileplume|Giga Drain|p2a: Revavroom\n|-resisted|p2a: Revavroom\n|-damage|p2a: Revavroom|8/100\n|-heal|p1a: Vileplume|52/266|[from] drain|[of] p2a: Revavroom\n|\n|-heal|p1a: Vileplume|68/266|[from] item: Leftovers\n|upkeep\n|turn|46\n|inactive|Time left: 300 sec this turn | 300 sec total\n|\n|t:|1783541163\n|switch|p1a: Alomomola|Alomomola, L87, M|429/429\n|move|p2a: Revavroom|Iron Head|p1a: Alomomola\n|-resisted|p1a: Alomomola\n|-damage|p1a: Alomomola|389/429\n|-damage|p2a: Revavroom|0 fnt|[from] item: Life Orb\n|faint|p2a: Revavroom\n|\n|upkeep\n|\n|t:|1783541164\n|switch|p2a: Rillaboom|Rillaboom, L79, M|96/100\n|-fieldstart|move: Grassy Terrain|[from] ability: Grassy Surge|[of] p2a: Rillaboom\n|turn|47\n|inactive|Time left: 300 sec this turn | 300 sec total\n|\n|t:|1783541165\n|move|p1a: Alomomola|Protect|p1a: Alomomola\n|-singleturn|p1a: Alomomola|Protect\n|move|p2a: Rillaboom|Wood Hammer|p1a: Alomomola\n|-activate|p1a: Alomomola|move: Protect\n|\n|-heal|p2a: Rillaboom|100/100|[from] Grassy Terrain\n|-heal|p1a: Alomomola|415/429|[from] Grassy Terrain\n|upkeep\n|turn|48\n|inactive|Time left: 300 sec this turn | 300 sec total\n|\n|t:|1783541166\n|move|p1a: Alomomola|Protect||[still]\n|-fail|p1a: Alomomola\n|move|p2a: Rillaboom|Wood Hammer|p1a: Alomomola\n|-supereffective|p1a: Alomomola\n|-damage|p1a: Alomomola|0 fnt\n|faint|p1a: Alomomola\n|-damage|p2a: Rillaboom|53/100|[from] Recoil\n|\n|-heal|p2a: Rillaboom|59/100|[from] Grassy Terrain\n|upkeep\n|inactive|Time left: 300 sec this turn | 300 sec total | 5 sec grace\n|\n|t:|1783541166\n|switch|p1a: Vileplume|Vileplume, L85, M|68/266\n|turn|49\n|inactive|Time left: 300 sec this turn | 300 sec total\n|\n|t:|1783541167\n|switch|p2a: Farigiraf|Farigiraf, L90, M, tera:Fairy|6/100\n|move|p1a: Vileplume|Sludge Bomb|p2a: Farigiraf\n|-supereffective|p2a: Farigiraf\n|-damage|p2a: Farigiraf|0 fnt\n|faint|p2a: Farigiraf\n|\n|-heal|p1a: Vileplume|84/266|[from] Grassy Terrain\n|-heal|p1a: Vileplume|100/266|[from] item: Leftovers\n|upkeep\n|\n|t:|1783541168\n|switch|p2a: Ogerpon|Ogerpon-Cornerstone, L76, F|100/100\n|turn|50\n|inactive|Time left: 300 sec this turn | 300 sec total\n|\n|t:|1783541169\n|move|p2a: Ogerpon|Ivy Cudgel|p1a: Vileplume|[anim] Ivy Cudgel Rock\n|-damage|p1a: Vileplume|0 fnt\n|faint|p1a: Vileplume\n|\n|win|p0y139f598", "uploadtime": 1783541169, "views": 0, "rating": 0, "private": 0, "password": null, "_winner": "p0y139f598", "_our_name": "p0x139a99e"}