{"id": "battle-gen9randombattle-308", "formatid": "gen9randombattle", "format": "[Gen 9] Random Battle", "players": ["p0x3080d5f", "p0y308291c"], "log": "|init|battle\n|title|p0x3080d5f vs. p0y308291c\n|j|\u2606p0x3080d5f\n|j|\u2606p0y308291c\n|t:|1783543171\n|gametype|singles\n|player|p1|p0x3080d5f|170|\n|player|p2|p0y308291c|1|\n|gen|9\n|tier|[Gen 9] Random Battle\n|rule|Species Clause: Limit one of each Pok\u00e9mon\n|rule|HP Percentage Mod: HP is shown in percentages\n|rule|Sleep Clause Mod: Limit one foe put to sleep\n|rule|Illusion Level Mod: Illusion disguises the Pok\u00e9mon's true level\n|\n|t:|1783543171\n|teamsize|p1|6\n|teamsize|p2|6\n|start\n|switch|p1a: Flygon|Flygon, L82, M|100/100\n|switch|p2a: Necrozma|Necrozma-Dawn-Wings, L76|272/272\n|turn|1\n|inactive|Battle timer is ON: inactive players will automatically lose when time's up. (requested by p0x3080d5f)\n|inactive|Time left: 300 sec this turn | 300 sec total | 60 sec grace\n|inactive|p0y308291c also wants the timer to be on.\n|\n|t:|1783543173\n|move|p1a: Flygon|Outrage|p2a: Necrozma\n|-damage|p2a: Necrozma|158/272\n|move|p2a: Necrozma|Moongeist Beam|p1a: Flygon\n|-damage|p1a: Flygon|32/100\n|-damage|p2a: Necrozma|131/272|[from] item: Life Orb\n|\n|upkeep\n|turn|2\n|inactive|Time left: 300 sec this turn | 300 sec total\n|\n|t:|1783543174\n|switch|p2a: Stonjourner|Stonjourner, L91, F|330/330\n|move|p1a: Flygon|Outrage|p2a: Stonjourner|[from] lockedmove\n|-damage|p2a: Stonjourner|255/330\n|-start|p1a: Flygon|confusion|[fatigue]\n|-enditem|p1a: Flygon|Lum Berry|[eat]\n|-end|p1a: Flygon|confusion\n|\n|upkeep\n|turn|3\n|inactive|Time left: 300 sec this turn | 300 sec total\n|\n|t:|1783543176\n|move|p1a: Flygon|Outrage|p2a: Stonjourner\n|-damage|p2a: Stonjourner|180/330\n|move|p2a: Stonjourner|Stone Edge|p1a: Flygon\n|-resisted|p1a: Flygon\n|-damage|p1a: Flygon|0 fnt\n|faint|p1a: Flygon\n|-damage|p2a: Stonjourner|147/330|[from] item: Life Orb\n|\n|upkeep\n|\n|t:|1783543177\n|switch|p1a: Gengar|Gengar, L81, F|100/100\n|turn|4\n|inactive|Time left: 300 sec this turn | 300 sec total\n|\n|t:|1783543178\n|switch|p2a: Greedent|Greedent, L86, M|347/347\n|move|p1a: Gengar|Shadow Ball|p2a: Greedent\n|-immune|p2a: Greedent\n|\n|upkeep\n|turn|5\n|inactive|Time left: 300 sec this turn | 300 sec total\n|\n|t:|1783543179\n|move|p1a: Gengar|Will-O-Wisp|p2a: Greedent\n|-status|p2a: Greedent|brn\n|move|p2a: Greedent|Swords Dance|p2a: Greedent\n|-boost|p2a: Greedent|atk|2\n|\n|-damage|p2a: Greedent|326/347 brn|[from] brn\n|upkeep\n|turn|6\n|inactive|Time left: 300 sec this turn | 300 sec total\n|\n|t:|1783543180\n|switch|p1a: Hatterene|Hatterene, L85, F|100/100\n|move|p2a: Greedent|Knock Off|p1a: Hatterene\n|-damage|p1a: Hatterene|71/100\n|-enditem|p1a: Hatterene|Leftovers|[from] move: Knock Off|[of] p2a: Greedent\n|\n|-damage|p2a: Greedent|305/347 brn|[from] brn\n|upkeep\n|turn|7\n|inactive|Time left: 300 sec this turn | 300 sec total\n|\n|t:|1783543182\n|move|p1a: Hatterene|Draining Kiss|p2a: Greedent\n|-crit|p2a: Greedent\n|-damage|p2a: Greedent|188/347 brn\n|-heal|p1a: Hatterene|100/100|[from] drain|[of] p2a: Greedent\n|move|p2a: Greedent|Double-Edge|p1a: Hatterene\n|-damage|p1a: Hatterene|47/100\n|-damage|p2a: Greedent|146/347 brn|[from] Recoil\n|-enditem|p2a: Greedent|Sitrus Berry|[eat]\n|-heal|p2a: Greedent|232/347 brn|[from] item: Sitrus Berry\n|-heal|p2a: Greedent|347/347 brn|[from] ability: Cheek Pouch\n|\n|-damage|p2a: Greedent|326/347 brn|[from] brn\n|upkeep\n|turn|8\n|inactive|Time left: 300 sec this turn | 300 sec total\n|\n|t:|1783543183\n|move|p1a: Hatterene|Draining Kiss|p2a: Greedent\n|-damage|p2a: Greedent|244/347 brn\n|-heal|p1a: Hatterene|73/100|[from] drain|[of] p2a: Greedent\n|move|p2a: Greedent|Double-Edge|p1a: Hatterene\n|-damage|p1a: Hatterene|24/100\n|-damage|p2a: Greedent|205/347 brn|[from] Recoil\n|\n|-damage|p2a: Greedent|184/347 brn|[from] brn\n|upkeep\n|turn|9\n|inactive|Time left: 300 sec this turn | 300 sec total\n|\n|t:|1783543184\n|move|p1a: Hatterene|Draining Kiss|p2a: Greedent\n|-damage|p2a: Greedent|111/347 brn\n|-heal|p1a: Hatterene|47/100|[from] drain|[of] p2a: Greedent\n|move|p2a: Greedent|Double-Edge|p1a: Hatterene\n|-damage|p1a: Hatterene|0 fnt\n|faint|p1a: Hatterene\n|-damage|p2a: Greedent|75/347 brn|[from] Recoil\n|\n|-damage|p2a: Greedent|54/347 brn|[from] brn\n|upkeep\n|\n|t:|1783543185\n|switch|p1a: Zekrom|Zekrom, L71|100/100\n|-ability|p1a: Zekrom|Teravolt\n|turn|10\n|inactive|Time left: 300 sec this turn | 300 sec total\n|\n|t:|1783543186\n|move|p1a: Zekrom|Outrage|p2a: Greedent\n|-damage|p2a: Greedent|0 fnt\n|faint|p2a: Greedent\n|\n|upkeep\n|inactive|Time left: 300 sec this turn | 300 sec total | 5 sec grace\n|\n|t:|1783543187\n|switch|p2a: Stonjourner|Stonjourner, L91, F|147/330\n|turn|11\n|inactive|Time left: 300 sec this turn | 300 sec total\n|\n|t:|1783543188\n|move|p2a: Stonjourner|Earthquake|p1a: Zekrom\n|-supereffective|p1a: Zekrom\n|-damage|p1a: Zekrom|11/100\n|-damage|p2a: Stonjourner|114/330|[from] item: Life Orb\n|move|p1a: Zekrom|Outrage|p2a: Stonjourner|[from] lockedmove\n|-damage|p2a: Stonjourner|33/330\n|\n|-heal|p1a: Zekrom|17/100|[from] item: Leftovers\n|upkeep\n|turn|12\n|inactive|Time left: 300 sec this turn | 300 sec total\n|\n|t:|1783543190\n|move|p2a: Stonjourner|Earthquake|p1a: Zekrom\n|-supereffective|p1a: Zekrom\n|-damage|p1a: Zekrom|0 fnt\n|faint|p1a: Zekrom\n|-damage|p2a: Stonjourner|0 fnt|[from] item: Life Orb\n|faint|p2a: Stonjourner\n|\n|upkeep\n|inactive|Time left: 300 sec this turn | 300 sec total | 5 sec grace\n|\n|t:|1783543191\n|switch|p2a: Iron Moth|Iron Moth, L78|253/253\n|switch|p1a: Gengar|Gengar, L81, F|100/100\n|turn|13\n|inactive|Time left: 300 sec this turn | 300 sec total\n|\n|t:|1783543192\n|switch|p1a: Emboar|Emboar, L84, F|100/100\n|move|p2a: Iron Moth|Fiery Dance|p1a: Emboar\n|-resisted|p1a: Emboar\n|-damage|p1a: Emboar|87/100\n|-boost|p2a: Iron Moth|spa|1\n|\n|upkeep\n|turn|14\n|inactive|Time left: 300 sec this turn | 300 sec total\n|\n|t:|1783543193\n|move|p2a: Iron Moth|Sludge Wave|p1a: Emboar\n|-damage|p1a: Emboar|42/100\n|move|p1a: Emboar|Scald|p2a: Iron Moth\n|-supereffective|p2a: Iron Moth\n|-damage|p2a: Iron Moth|151/253\n|\n|upkeep\n|turn|15\n|inactive|Time left: 300 sec this turn | 300 sec total\n|\n|t:|1783543194\n|switch|p1a: Gengar|Gengar, L81, F|100/100\n|move|p2a: Iron Moth|Sludge Wave|p1a: Gengar\n|-resisted|p1a: Gengar\n|-damage|p1a: Gengar|77/100\n|\n|upkeep\n|turn|16\n|inactive|Time left: 300 sec this turn | 300 sec total\n|\n|t:|1783543195\n|move|p1a: Gengar|Shadow Ball|p2a: Iron Moth\n|-damage|p2a: Iron Moth|34/253\n|-damage|p1a: Gengar|67/100|[from] item: Life Orb\n|move|p2a: Iron Moth|Fiery Dance|p1a: Gengar\n|-damage|p1a: Gengar|0 fnt\n|faint|p1a: Gengar\n|\n|upkeep\n|\n|t:|1783543196\n|switch|p1a: Delibird|Delibird, M|100/100\n|turn|17\n|inactive|Time left: 300 sec this turn | 300 sec total\n|\n|t:|1783543197\n|-terastallize|p1a: Delibird|Ghost\n|move|p2a: Iron Moth|Fiery Dance|p1a: Delibird\n|-damage|p1a: Delibird|23/100\n|move|p1a: Delibird|Rapid Spin|p2a: Iron Moth\n|-damage|p2a: Iron Moth|0 fnt\n|-boost|p1a: Delibird|spe|1\n|faint|p2a: Iron Moth\n|-end|p2a: Iron Moth|Quark Drive|[silent]\n|\n|upkeep\n|inactive|Time left: 300 sec this turn | 300 sec total | 5 sec grace\n|\n|t:|1783543198\n|switch|p2a: Necrozma|Necrozma-Dawn-Wings, L76|131/272\n|turn|18\n|inactive|Time left: 300 sec this turn | 300 sec total\n|\n|t:|1783543199\n|move|p1a: Delibird|Freeze-Dry|p2a: Necrozma\n|-damage|p2a: Necrozma|61/272\n|move|p2a: Necrozma|Photon Geyser|p1a: Delibird\n|-damage|p1a: Delibird|0 fnt\n|faint|p1a: Delibird\n|-damage|p2a: Necrozma|34/272|[from] item: Life Orb\n|\n|upkeep\n|\n|t:|1783543200\n|switch|p1a: Emboar|Emboar, L84, F|42/100\n|turn|19\n|inactive|Time left: 300 sec this turn | 300 sec total\n|\n|t:|1783543200\n|-terastallize|p2a: Necrozma|Fighting\n|move|p2a: Necrozma|Photon Geyser|p1a: Emboar\n|-supereffective|p1a: Emboar\n|-damage|p1a: Emboar|0 fnt\n|faint|p1a: Emboar\n|-damage|p2a: Necrozma|7/272|[from] item: Life Orb\n|\n|win|p0y308291c", "uploadtime": 1783543200, "views": 0, "rating": 0, "private": 0, "password": null, "_winner": "p0y308291c", "_our_name": "p0y308291c"}