{"id": "battle-gen9randombattle-193", "formatid": "gen9randombattle", "format": "[Gen 9] Random Battle", "players": ["p0x193fa06", "p0y193cab6"], "log": "|init|battle\n|title|p0x193fa06 vs. p0y193cab6\n|j|\u2606p0x193fa06\n|j|\u2606p0y193cab6\n|t:|1783535473\n|gametype|singles\n|player|p1|p0x193fa06|1|\n|player|p2|p0y193cab6|266|\n|gen|9\n|tier|[Gen 9] Random Battle\n|rule|Species Clause: Limit one of each Pok\u00e9mon\n|rule|HP Percentage Mod: HP is shown in percentages\n|rule|Sleep Clause Mod: Limit one foe put to sleep\n|rule|Illusion Level Mod: Illusion disguises the Pok\u00e9mon's true level\n|\n|t:|1783535473\n|teamsize|p1|6\n|teamsize|p2|6\n|start\n|switch|p1a: Clodsire|Clodsire, L81, F|100/100\n|switch|p2a: Tinkaton|Tinkaton, L82, F|274/274\n|-ability|p2a: Tinkaton|Mold Breaker\n|turn|1\n|inactive|Battle timer is ON: inactive players will automatically lose when time's up. (requested by p0x193fa06)\n|inactive|Time left: 300 sec this turn | 300 sec total | 60 sec grace\n|inactive|p0y193cab6 also wants the timer to be on.\n|\n|t:|1783535475\n|move|p2a: Tinkaton|Stealth Rock|p1a: Clodsire\n|-sidestart|p1: p0x193fa06|move: Stealth Rock\n|move|p1a: Clodsire|Earthquake|p2a: Tinkaton\n|-supereffective|p2a: Tinkaton\n|-damage|p2a: Tinkaton|94/274\n|\n|-heal|p2a: Tinkaton|111/274|[from] item: Leftovers\n|upkeep\n|turn|2\n|inactive|Time left: 300 sec this turn | 300 sec total\n|\n|t:|1783535476\n|switch|p2a: Lurantis|Lurantis, L87, M|264/264\n|move|p1a: Clodsire|Earthquake|p2a: Lurantis\n|-resisted|p2a: Lurantis\n|-damage|p2a: Lurantis|222/264\n|\n|upkeep\n|turn|3\n|inactive|Time left: 300 sec this turn | 300 sec total\n|\n|t:|1783535477\n|move|p2a: Lurantis|Superpower|p1a: Clodsire\n|-resisted|p1a: Clodsire\n|-damage|p1a: Clodsire|83/100\n|-boost|p2a: Lurantis|atk|1\n|-boost|p2a: Lurantis|def|1\n|move|p1a: Clodsire|Gunk Shot|p2a: Lurantis\n|-supereffective|p2a: Lurantis\n|-damage|p2a: Lurantis|30/264\n|\n|-heal|p1a: Clodsire|89/100|[from] item: Leftovers\n|upkeep\n|turn|4\n|inactive|Time left: 300 sec this turn | 300 sec total\n|\n|t:|1783535478\n|move|p2a: Lurantis|Knock Off|p1a: Clodsire\n|-damage|p1a: Clodsire|59/100\n|-enditem|p1a: Clodsire|Leftovers|[from] move: Knock Off|[of] p2a: Lurantis\n|move|p1a: Clodsire|Earthquake|p2a: Lurantis\n|-resisted|p2a: Lurantis\n|-damage|p2a: Lurantis|0 fnt\n|faint|p2a: Lurantis\n|\n|upkeep\n|inactive|Time left: 300 sec this turn | 300 sec total | 5 sec grace\n|\n|t:|1783535480\n|switch|p2a: Smeargle|Smeargle, L95, M|258/258\n|turn|5\n|inactive|Time left: 300 sec this turn | 300 sec total\n|\n|t:|1783535481\n|move|p2a: Smeargle|Sticky Web|p1a: Clodsire\n|-sidestart|p1: p0x193fa06|move: Sticky Web\n|move|p1a: Clodsire|Earthquake|p2a: Smeargle\n|-damage|p2a: Smeargle|131/258\n|\n|upkeep\n|turn|6\n|inactive|Time left: 300 sec this turn | 300 sec total\n|\n|t:|1783535482\n|move|p2a: Smeargle|Spore|p1a: Clodsire\n|-status|p1a: Clodsire|slp|[from] move: Spore\n|cant|p1a: Clodsire|slp\n|\n|upkeep\n|turn|7\n|inactive|Time left: 300 sec this turn | 300 sec total\n|\n|t:|1783535482\n|switch|p2a: Tinkaton|Tinkaton, L82, F|111/274\n|-ability|p2a: Tinkaton|Mold Breaker\n|cant|p1a: Clodsire|slp\n|\n|-heal|p2a: Tinkaton|128/274|[from] item: Leftovers\n|upkeep\n|turn|8\n|inactive|Time left: 300 sec this turn | 300 sec total\n|\n|t:|1783535483\n|move|p2a: Tinkaton|Gigaton Hammer|p1a: Clodsire\n|-damage|p1a: Clodsire|7/100 slp\n|-curestatus|p1a: Clodsire|slp|[msg]\n|move|p1a: Clodsire|Earthquake|p2a: Tinkaton\n|-supereffective|p2a: Tinkaton\n|-damage|p2a: Tinkaton|0 fnt\n|faint|p2a: Tinkaton\n|\n|upkeep\n|inactive|Time left: 300 sec this turn | 300 sec total | 5 sec grace\n|\n|t:|1783535484\n|switch|p2a: Kleavor|Kleavor, L78, M|237/237\n|turn|9\n|inactive|Time left: 300 sec this turn | 300 sec total\n|\n|t:|1783535485\n|move|p2a: Kleavor|X-Scissor|p1a: Clodsire\n|-resisted|p1a: Clodsire\n|-damage|p1a: Clodsire|0 fnt\n|faint|p1a: Clodsire\n|\n|upkeep\n|\n|t:|1783535486\n|switch|p1a: Polteageist|Polteageist, L78|100/100\n|-damage|p1a: Polteageist|88/100|[from] Stealth Rock\n|-activate|p1a: Polteageist|move: Sticky Web\n|-unboost|p1a: Polteageist|spe|1\n|-enditem|p1a: Polteageist|White Herb\n|-clearnegativeboost|p1a: Polteageist|[silent]\n|turn|10\n|inactive|Time left: 300 sec this turn | 300 sec total\n|\n|t:|1783535487\n|move|p2a: Kleavor|X-Scissor|p1a: Polteageist\n|-resisted|p1a: Polteageist\n|-damage|p1a: Polteageist|46/100\n|move|p1a: Polteageist|Shell Smash|p1a: Polteageist\n|-unboost|p1a: Polteageist|def|1\n|-unboost|p1a: Polteageist|spd|1\n|-boost|p1a: Polteageist|atk|2\n|-boost|p1a: Polteageist|spa|2\n|-boost|p1a: Polteageist|spe|2\n|\n|upkeep\n|turn|11\n|inactive|Time left: 300 sec this turn | 300 sec total\n|\n|t:|1783535488\n|move|p1a: Polteageist|Stored Power|p2a: Kleavor\n|-damage|p2a: Kleavor|0 fnt\n|faint|p2a: Kleavor\n|\n|upkeep\n|inactive|Time left: 300 sec this turn | 300 sec total | 5 sec grace\n|\n|t:|1783535489\n|switch|p2a: Basculin|Basculin-Blue-Striped, L86, M|261/261\n|turn|12\n|inactive|Time left: 300 sec this turn | 300 sec total\n|\n|t:|1783535490\n|move|p2a: Basculin|Aqua Jet|p1a: Polteageist\n|-damage|p1a: Polteageist|0 fnt\n|-start|p2a: Basculin|Disable|Aqua Jet|[from] ability: Cursed Body|[of] p1a: Polteageist\n|faint|p1a: Polteageist\n|\n|upkeep\n|\n|t:|1783535491\n|switch|p1a: Glastrier|Glastrier, L86|100/100\n|-damage|p1a: Glastrier|76/100|[from] Stealth Rock\n|-activate|p1a: Glastrier|move: Sticky Web\n|-unboost|p1a: Glastrier|spe|1\n|turn|13\n|inactive|Time left: 300 sec this turn | 300 sec total\n|\n|t:|1783535492\n|-activate|p2a: Basculin|move: Struggle\n|move|p2a: Basculin|Struggle|p1a: Glastrier\n|-damage|p1a: Glastrier|63/100\n|-damage|p2a: Basculin|196/261|[from] recoil\n|move|p1a: Glastrier|Heavy Slam|p2a: Basculin\n|-resisted|p2a: Basculin\n|-damage|p2a: Basculin|78/261\n|\n|upkeep\n|turn|14\n|inactive|Time left: 300 sec this turn | 300 sec total\n|\n|t:|1783535493\n|switch|p2a: Pachirisu|Pachirisu, L96, F|271/271\n|move|p1a: Glastrier|Heavy Slam|p2a: Pachirisu\n|-resisted|p2a: Pachirisu\n|-damage|p2a: Pachirisu|182/271\n|\n|upkeep\n|turn|15\n|inactive|Time left: 300 sec this turn | 300 sec total\n|\n|t:|1783535494\n|move|p2a: Pachirisu|Nuzzle|p1a: Glastrier\n|-damage|p1a: Glastrier|59/100\n|-status|p1a: Glastrier|par\n|move|p1a: Glastrier|Heavy Slam|p2a: Pachirisu\n|-resisted|p2a: Pachirisu\n|-damage|p2a: Pachirisu|86/271\n|\n|upkeep\n|turn|16\n|inactive|Time left: 300 sec this turn | 300 sec total\n|\n|t:|1783535495\n|move|p2a: Pachirisu|Super Fang|p1a: Glastrier\n|-damage|p1a: Glastrier|30/100 par\n|cant|p1a: Glastrier|par\n|\n|upkeep\n|turn|17\n|inactive|Time left: 300 sec this turn | 300 sec total\n|\n|t:|1783535496\n|move|p2a: Pachirisu|Super Fang|p1a: Glastrier\n|-damage|p1a: Glastrier|15/100 par\n|move|p1a: Glastrier|Heavy Slam|p2a: Pachirisu\n|-resisted|p2a: Pachirisu\n|-damage|p2a: Pachirisu|0 fnt\n|faint|p2a: Pachirisu\n|-ability|p1a: Glastrier|Chilling Neigh|boost\n|-boost|p1a: Glastrier|atk|1\n|\n|upkeep\n|inactive|Time left: 300 sec this turn | 300 sec total | 5 sec grace\n|\n|t:|1783535497\n|switch|p2a: Basculin|Basculin-Blue-Striped, L86, M|78/261\n|turn|18\n|inactive|Time left: 300 sec this turn | 300 sec total\n|\n|t:|1783535498\n|move|p2a: Basculin|Flip Turn|p1a: Glastrier\n|-damage|p1a: Glastrier|0 fnt\n|faint|p1a: Glastrier\n|inactive|Time left: 300 sec this turn | 300 sec total | 5 sec grace\n|\n|t:|1783535498\n|switch|p2a: Smeargle|Smeargle, L95, M|131/258|[from] Flip Turn\n|\n|upkeep\n|\n|t:|1783535499\n|switch|p1a: Jumpluff|Jumpluff, L87, F|100/100\n|-damage|p1a: Jumpluff|76/100|[from] Stealth Rock\n|turn|19\n|inactive|Time left: 300 sec this turn | 300 sec total\n|\n|t:|1783535500\n|move|p1a: Jumpluff|Acrobatics|p2a: Smeargle\n|-damage|p2a: Smeargle|2/258\n|move|p2a: Smeargle|Whirlwind|p1a: Jumpluff\n|drag|p1a: Dunsparce|Dunsparce, L86, M|100/100\n|-damage|p1a: Dunsparce|88/100|[from] Stealth Rock\n|-activate|p1a: Dunsparce|move: Sticky Web\n|-unboost|p1a: Dunsparce|spe|1\n|\n|upkeep\n|turn|20\n|inactive|Time left: 300 sec this turn | 300 sec total\n|\n|t:|1783535501\n|move|p2a: Smeargle|Spore|p1a: Dunsparce\n|-status|p1a: Dunsparce|slp|[from] move: Spore\n|cant|p1a: Dunsparce|slp\n|\n|upkeep\n|turn|21\n|inactive|Time left: 300 sec this turn | 300 sec total\n|\n|t:|1783535502\n|switch|p2a: Basculin|Basculin-Blue-Striped, L86, M|78/261\n|cant|p1a: Dunsparce|slp\n|\n|upkeep\n|turn|22\n|inactive|Time left: 300 sec this turn | 300 sec total\n|\n|t:|1783535503\n|move|p2a: Basculin|Flip Turn|p1a: Dunsparce\n|-damage|p1a: Dunsparce|56/100 slp\n|inactive|Time left: 300 sec this turn | 300 sec total | 5 sec grace\n|\n|t:|1783535504\n|switch|p2a: Smeargle|Smeargle, L95, M|2/258|[from] Flip Turn\n|cant|p1a: Dunsparce|slp\n|\n|upkeep\n|turn|23\n|inactive|Time left: 300 sec this turn | 300 sec total\n|\n|t:|1783535505\n|switch|p2a: Basculin|Basculin-Blue-Striped, L86, M|78/261\n|-curestatus|p1a: Dunsparce|slp|[msg]\n|move|p1a: Dunsparce|Earthquake|p2a: Basculin\n|-damage|p2a: Basculin|11/261\n|\n|upkeep\n|turn|24\n|inactive|Time left: 300 sec this turn | 300 sec total\n|\n|t:|1783535506\n|move|p2a: Basculin|Aqua Jet|p1a: Dunsparce\n|-damage|p1a: Dunsparce|36/100\n|move|p1a: Dunsparce|Body Slam|p2a: Basculin\n|-damage|p2a: Basculin|0 fnt\n|faint|p2a: Basculin\n|\n|upkeep\n|inactive|Time left: 300 sec this turn | 300 sec total | 5 sec grace\n|\n|t:|1783535507\n|switch|p2a: Smeargle|Smeargle, L95, M|2/258\n|turn|25\n|inactive|Time left: 300 sec this turn | 300 sec total\n|\n|t:|1783535508\n|-terastallize|p2a: Smeargle|Ghost\n|move|p2a: Smeargle|Spore|p1a: Dunsparce\n|-status|p1a: Dunsparce|slp|[from] move: Spore\n|cant|p1a: Dunsparce|slp\n|\n|upkeep\n|turn|26\n|inactive|Time left: 300 sec this turn | 300 sec total\n|\n|t:|1783535509\n|switch|p1a: Jumpluff|Jumpluff, L87, F|76/100\n|-damage|p1a: Jumpluff|51/100|[from] Stealth Rock\n|move|p2a: Smeargle|Whirlwind|p1a: Jumpluff\n|drag|p1a: Smeargle|Smeargle, L95, F|100/100\n|-damage|p1a: Smeargle|88/100|[from] Stealth Rock\n|-activate|p1a: Smeargle|move: Sticky Web\n|-unboost|p1a: Smeargle|spe|1\n|\n|upkeep\n|turn|27\n|inactive|Time left: 300 sec this turn | 300 sec total\n|\n|t:|1783535510\n|-terastallize|p1a: Smeargle|Normal\n|move|p2a: Smeargle|Ceaseless Edge|p1a: Smeargle\n|-damage|p1a: Smeargle|74/100\n|-sidestart|p1: p0x193fa06|Spikes\n|move|p1a: Smeargle|Power Trip|p2a: Smeargle\n|-supereffective|p2a: Smeargle\n|-crit|p2a: Smeargle\n|-damage|p2a: Smeargle|0 fnt\n|faint|p2a: Smeargle\n|\n|win|p0x193fa06", "uploadtime": 1783535510, "views": 0, "rating": 0, "private": 0, "password": null, "_winner": "p0x193fa06", "_our_name": "p0y193cab6"}