{"id": "battle-gen9randombattle-313", "formatid": "gen9randombattle", "format": "[Gen 9] Random Battle", "players": ["p0x313575d", "p0y313924d"], "log": "|init|battle\n|title|p0x313575d vs. p0y313924d\n|j|\u2606p0x313575d\n|j|\u2606p0y313924d\n|t:|1783543239\n|gametype|singles\n|player|p1|p0x313575d|170|\n|player|p2|p0y313924d|1|\n|gen|9\n|tier|[Gen 9] Random Battle\n|rule|Species Clause: Limit one of each Pok\u00e9mon\n|rule|HP Percentage Mod: HP is shown in percentages\n|rule|Sleep Clause Mod: Limit one foe put to sleep\n|rule|Illusion Level Mod: Illusion disguises the Pok\u00e9mon's true level\n|\n|t:|1783543239\n|teamsize|p1|6\n|teamsize|p2|6\n|start\n|switch|p1a: Meowstic|Meowstic, L89, M|277/277\n|switch|p2a: Deoxys|Deoxys, L74|100/100\n|-ability|p2a: Deoxys|Pressure\n|turn|1\n|inactive|Battle timer is ON: inactive players will automatically lose when time's up. (requested by p0y313924d)\n|inactive|Time left: 300 sec this turn | 300 sec total | 60 sec grace\n|inactive|p0x313575d also wants the timer to be on.\n|\n|t:|1783543241\n|-terastallize|p2a: Deoxys|Dark\n|move|p1a: Meowstic|Reflect|p1a: Meowstic\n|-sidestart|p1: p0x313575d|Reflect\n|move|p2a: Deoxys|Knock Off|p1a: Meowstic\n|-supereffective|p1a: Meowstic\n|-damage|p1a: Meowstic|108/277\n|-enditem|p1a: Meowstic|Light Clay|[from] move: Knock Off|[of] p2a: Deoxys\n|-damage|p2a: Deoxys|91/100|[from] item: Life Orb\n|\n|upkeep\n|turn|2\n|inactive|Time left: 300 sec this turn | 300 sec total\n|\n|t:|1783543242\n|move|p1a: Meowstic|Light Screen|p1a: Meowstic\n|-sidestart|p1: p0x313575d|move: Light Screen\n|move|p2a: Deoxys|Knock Off|p1a: Meowstic\n|-supereffective|p1a: Meowstic\n|-damage|p1a: Meowstic|0 fnt\n|faint|p1a: Meowstic\n|-damage|p2a: Deoxys|81/100|[from] item: Life Orb\n|\n|upkeep\n|inactive|Time left: 300 sec this turn | 300 sec total | 5 sec grace\n|\n|t:|1783543243\n|switch|p1a: Salamence|Salamence, L77, F|273/273\n|turn|3\n|inactive|Time left: 300 sec this turn | 300 sec total\n|\n|t:|1783543244\n|switch|p2a: Granbull|Granbull, L88, F|100/100\n|-ability|p2a: Granbull|Intimidate|boost\n|-unboost|p1a: Salamence|atk|1\n|move|p1a: Salamence|Dragon Dance|p1a: Salamence\n|-boost|p1a: Salamence|atk|1\n|-boost|p1a: Salamence|spe|1\n|\n|upkeep\n|turn|4\n|inactive|Time left: 300 sec this turn | 300 sec total\n|\n|t:|1783543246\n|move|p1a: Salamence|Dragon Dance|p1a: Salamence\n|-boost|p1a: Salamence|atk|1\n|-boost|p1a: Salamence|spe|1\n|move|p2a: Granbull|Play Rough|p1a: Salamence\n|-supereffective|p1a: Salamence\n|-damage|p1a: Salamence|119/273\n|\n|upkeep\n|turn|5\n|inactive|Time left: 300 sec this turn | 300 sec total\n|\n|t:|1783543247\n|-terastallize|p1a: Salamence|Ground\n|move|p1a: Salamence|Earthquake|p2a: Granbull\n|-damage|p2a: Granbull|43/100\n|move|p2a: Granbull|Play Rough|p1a: Salamence\n|-damage|p1a: Salamence|51/273\n|\n|-heal|p2a: Granbull|49/100|[from] item: Leftovers\n|upkeep\n|turn|6\n|inactive|Time left: 300 sec this turn | 300 sec total\n|\n|t:|1783543248\n|switch|p2a: Dudunsparce|Dudunsparce-Three-Segment, L83, F|100/100\n|move|p1a: Salamence|Earthquake|p2a: Dudunsparce\n|-damage|p2a: Dudunsparce|47/100\n|\n|-heal|p2a: Dudunsparce|53/100|[from] item: Leftovers\n|-sideend|p1: p0x313575d|move: Light Screen\n|upkeep\n|turn|7\n|inactive|Time left: 300 sec this turn | 300 sec total\n|\n|t:|1783543249\n|switch|p2a: Granbull|Granbull, L88, F|49/100\n|-ability|p2a: Granbull|Intimidate|boost\n|-unboost|p1a: Salamence|atk|1\n|move|p1a: Salamence|Earthquake|p2a: Granbull\n|-damage|p2a: Granbull|4/100\n|\n|-heal|p2a: Granbull|10/100|[from] item: Leftovers\n|upkeep\n|turn|8\n|inactive|Time left: 300 sec this turn | 300 sec total\n|\n|t:|1783543250\n|switch|p2a: Entei|Entei, L78|100/100\n|move|p1a: Salamence|Earthquake|p2a: Entei\n|-supereffective|p2a: Entei\n|-damage|p2a: Entei|16/100\n|\n|-sideend|p1: p0x313575d|Reflect\n|upkeep\n|turn|9\n|inactive|Time left: 300 sec this turn | 300 sec total\n|\n|t:|1783543251\n|move|p2a: Entei|Extreme Speed|p1a: Salamence\n|-damage|p1a: Salamence|0 fnt\n|faint|p1a: Salamence\n|\n|upkeep\n|inactive|Time left: 300 sec this turn | 300 sec total | 5 sec grace\n|\n|t:|1783543252\n|switch|p1a: Solgaleo|Solgaleo, L74|325/325\n|turn|10\n|inactive|Time left: 300 sec this turn | 300 sec total\n|\n|t:|1783543253\n|switch|p2a: Chesnaught|Chesnaught, L84, F|100/100\n|move|p1a: Solgaleo|Earthquake|p2a: Chesnaught\n|-resisted|p2a: Chesnaught\n|-crit|p2a: Chesnaught\n|-damage|p2a: Chesnaught|86/100\n|\n|upkeep\n|turn|11\n|inactive|Time left: 300 sec this turn | 300 sec total\n|\n|t:|1783543254\n|switch|p1a: Moltres|Moltres, L81|278/278\n|move|p2a: Chesnaught|Body Press|p1a: Moltres\n|-resisted|p1a: Moltres\n|-damage|p1a: Moltres|231/278\n|\n|upkeep\n|turn|12\n|inactive|Time left: 300 sec this turn | 300 sec total\n|\n|t:|1783543255\n|switch|p2a: Granbull|Granbull, L88, F|10/100\n|-ability|p2a: Granbull|Intimidate|boost\n|-unboost|p1a: Moltres|atk|1\n|move|p1a: Moltres|Fire Blast|p2a: Granbull|[miss]\n|-miss|p1a: Moltres|p2a: Granbull\n|\n|-heal|p2a: Granbull|16/100|[from] item: Leftovers\n|upkeep\n|turn|13\n|inactive|Time left: 300 sec this turn | 300 sec total\n|\n|t:|1783543256\n|move|p1a: Moltres|Fire Blast|p2a: Granbull|[miss]\n|-miss|p1a: Moltres|p2a: Granbull\n|move|p2a: Granbull|Earthquake|p1a: Moltres\n|-immune|p1a: Moltres\n|\n|-heal|p2a: Granbull|22/100|[from] item: Leftovers\n|upkeep\n|turn|14\n|inactive|Time left: 300 sec this turn | 300 sec total\n|\n|t:|1783543257\n|switch|p2a: Dudunsparce|Dudunsparce-Three-Segment, L83, F|53/100\n|move|p1a: Moltres|Fire Blast|p2a: Dudunsparce\n|-damage|p2a: Dudunsparce|10/100\n|\n|-heal|p2a: Dudunsparce|16/100|[from] item: Leftovers\n|upkeep\n|turn|15\n|inactive|Time left: 300 sec this turn | 300 sec total\n|\n|t:|1783543258\n|move|p1a: Moltres|Scorching Sands|p2a: Dudunsparce\n|-crit|p2a: Dudunsparce\n|-damage|p2a: Dudunsparce|0 fnt\n|faint|p2a: Dudunsparce\n|\n|upkeep\n|\n|t:|1783543259\n|switch|p2a: Entei|Entei, L78|16/100\n|turn|16\n|inactive|Time left: 300 sec this turn | 300 sec total\n|\n|t:|1783543260\n|move|p2a: Entei|Stone Edge|p1a: Moltres\n|-supereffective|p1a: Moltres\n|-damage|p1a: Moltres|0 fnt\n|faint|p1a: Moltres\n|\n|upkeep\n|inactive|Time left: 300 sec this turn | 300 sec total | 5 sec grace\n|\n|t:|1783543261\n|switch|p1a: Koraidon|Koraidon, L64|235/235\n|-weather|SunnyDay|[from] ability: Orichalcum Pulse|[of] p1a: Koraidon\n|-activate|p1a: Koraidon|Orichalcum Pulse|[source]\n|turn|17\n|inactive|Time left: 300 sec this turn | 300 sec total\n|\n|t:|1783543262\n|switch|p2a: Granbull|Granbull, L88, F|22/100\n|-ability|p2a: Granbull|Intimidate|boost\n|-unboost|p1a: Koraidon|atk|1\n|move|p1a: Koraidon|Flare Blitz|p2a: Granbull\n|-damage|p2a: Granbull|0 fnt\n|faint|p2a: Granbull\n|-damage|p1a: Koraidon|213/235|[from] Recoil\n|\n|-weather|SunnyDay|[upkeep]\n|upkeep\n|\n|t:|1783543263\n|switch|p2a: Deoxys|Deoxys, L74, tera:Dark|81/100\n|-ability|p2a: Deoxys|Pressure\n|turn|18\n|inactive|Time left: 300 sec this turn | 300 sec total\n|\n|t:|1783543264\n|move|p2a: Deoxys|Ice Beam|p1a: Koraidon\n|-supereffective|p1a: Koraidon\n|-damage|p1a: Koraidon|0 fnt\n|faint|p1a: Koraidon\n|-damage|p2a: Deoxys|71/100|[from] item: Life Orb\n|\n|-weather|SunnyDay|[upkeep]\n|upkeep\n|inactive|Time left: 300 sec this turn | 300 sec total | 5 sec grace\n|\n|t:|1783543265\n|switch|p1a: Solgaleo|Solgaleo, L74|325/325\n|turn|19\n|inactive|Time left: 300 sec this turn | 300 sec total\n|\n|t:|1783543266\n|move|p2a: Deoxys|Knock Off|p1a: Solgaleo\n|-supereffective|p1a: Solgaleo\n|-damage|p1a: Solgaleo|60/325\n|-enditem|p1a: Solgaleo|Weakness Policy\n|-boost|p1a: Solgaleo|atk|2|[from] item: Weakness Policy\n|-boost|p1a: Solgaleo|spa|2|[from] item: Weakness Policy\n|-damage|p2a: Deoxys|62/100|[from] item: Life Orb\n|move|p1a: Solgaleo|Flame Charge|p2a: Deoxys\n|-damage|p2a: Deoxys|0 fnt\n|-boost|p1a: Solgaleo|spe|1\n|faint|p2a: Deoxys\n|\n|-weather|SunnyDay|[upkeep]\n|upkeep\n|\n|t:|1783543268\n|switch|p2a: Shiftry|Shiftry, L89, F|100/100\n|turn|20\n|inactive|Time left: 300 sec this turn | 300 sec total\n|\n|t:|1783543269\n|move|p2a: Shiftry|Sucker Punch|p1a: Solgaleo\n|-supereffective|p1a: Solgaleo\n|-crit|p1a: Solgaleo\n|-damage|p1a: Solgaleo|0 fnt\n|faint|p1a: Solgaleo\n|-damage|p2a: Shiftry|91/100|[from] item: Life Orb\n|\n|-weather|SunnyDay|[upkeep]\n|upkeep\n|inactive|Time left: 300 sec this turn | 300 sec total | 5 sec grace\n|\n|t:|1783543270\n|switch|p1a: Mismagius|Mismagius, L86, M|243/243\n|turn|21\n|inactive|Time left: 300 sec this turn | 300 sec total\n|\n|t:|1783543271\n|move|p1a: Mismagius|Substitute|p1a: Mismagius\n|-start|p1a: Mismagius|Substitute\n|-damage|p1a: Mismagius|183/243\n|move|p2a: Shiftry|Knock Off|p1a: Mismagius\n|-supereffective|p1a: Mismagius\n|-end|p1a: Mismagius|Substitute\n|-damage|p2a: Shiftry|81/100|[from] item: Life Orb\n|\n|-weather|none\n|-heal|p1a: Mismagius|198/243|[from] item: Leftovers\n|upkeep\n|turn|22\n|inactive|Time left: 300 sec this turn | 300 sec total\n|\n|t:|1783543272\n|move|p1a: Mismagius|Substitute|p1a: Mismagius\n|-start|p1a: Mismagius|Substitute\n|-damage|p1a: Mismagius|138/243\n|move|p2a: Shiftry|Knock Off|p1a: Mismagius\n|-supereffective|p1a: Mismagius\n|-end|p1a: Mismagius|Substitute\n|-damage|p2a: Shiftry|71/100|[from] item: Life Orb\n|\n|-heal|p1a: Mismagius|153/243|[from] item: Leftovers\n|upkeep\n|turn|23\n|inactive|Time left: 300 sec this turn | 300 sec total\n|\n|t:|1783543273\n|move|p1a: Mismagius|Substitute|p1a: Mismagius\n|-start|p1a: Mismagius|Substitute\n|-damage|p1a: Mismagius|93/243\n|move|p2a: Shiftry|Knock Off|p1a: Mismagius\n|-supereffective|p1a: Mismagius\n|-end|p1a: Mismagius|Substitute\n|-damage|p2a: Shiftry|61/100|[from] item: Life Orb\n|\n|-heal|p1a: Mismagius|108/243|[from] item: Leftovers\n|upkeep\n|turn|24\n|inactive|Time left: 300 sec this turn | 300 sec total\n|\n|t:|1783543274\n|move|p1a: Mismagius|Substitute|p1a: Mismagius\n|-start|p1a: Mismagius|Substitute\n|-damage|p1a: Mismagius|48/243\n|move|p2a: Shiftry|Leaf Blade|p1a: Mismagius\n|-crit|p1a: Mismagius\n|-end|p1a: Mismagius|Substitute\n|-damage|p2a: Shiftry|51/100|[from] item: Life Orb\n|\n|-heal|p1a: Mismagius|63/243|[from] item: Leftovers\n|upkeep\n|turn|25\n|inactive|Time left: 300 sec this turn | 300 sec total\n|\n|t:|1783543275\n|move|p1a: Mismagius|Substitute|p1a: Mismagius\n|-start|p1a: Mismagius|Substitute\n|-damage|p1a: Mismagius|3/243\n|move|p2a: Shiftry|Leaf Blade|p1a: Mismagius\n|-crit|p1a: Mismagius\n|-end|p1a: Mismagius|Substitute\n|-damage|p2a: Shiftry|41/100|[from] item: Life Orb\n|\n|-heal|p1a: Mismagius|18/243|[from] item: Leftovers\n|upkeep\n|turn|26\n|inactive|Time left: 300 sec this turn | 300 sec total\n|\n|t:|1783543276\n|move|p1a: Mismagius|Thunderbolt|p2a: Shiftry\n|-resisted|p2a: Shiftry\n|-damage|p2a: Shiftry|27/100\n|move|p2a: Shiftry|Leaf Blade|p1a: Mismagius\n|-damage|p1a: Mismagius|0 fnt\n|faint|p1a: Mismagius\n|-damage|p2a: Shiftry|17/100|[from] item: Life Orb\n|\n|win|p0y313924d", "uploadtime": 1783543276, "views": 0, "rating": 0, "private": 0, "password": null, "_winner": "p0y313924d", "_our_name": "p0x313575d"}