{"id": "battle-gen9randombattle-2789", "formatid": "gen9randombattle", "format": "[Gen 9] Random Battle", "players": ["p0x2789cb0d", "p0y2789fcee"], "log": "|init|battle\n|title|p0x2789cb0d vs. p0y2789fcee\n|j|\u2606p0x2789cb0d\n|j|\u2606p0y2789fcee\n|t:|1783571138\n|gametype|singles\n|player|p1|p0x2789cb0d|101|\n|player|p2|p0y2789fcee|101|\n|gen|9\n|tier|[Gen 9] Random Battle\n|rule|Species Clause: Limit one of each Pok\u00e9mon\n|rule|HP Percentage Mod: HP is shown in percentages\n|rule|Sleep Clause Mod: Limit one foe put to sleep\n|rule|Illusion Level Mod: Illusion disguises the Pok\u00e9mon's true level\n|\n|t:|1783571138\n|teamsize|p1|6\n|teamsize|p2|6\n|start\n|switch|p1a: Seviper|Seviper, L93, M|287/287\n|switch|p2a: Malamar|Malamar, L82, M|100/100\n|turn|1\n|inactive|Battle timer is ON: inactive players will automatically lose when time's up. (requested by p0y2789fcee)\n|inactive|Time left: 300 sec this turn | 300 sec total | 60 sec grace\n|inactive|p0x2789cb0d also wants the timer to be on.\n|\n|t:|1783571139\n|move|p1a: Seviper|Swords Dance|p1a: Seviper\n|-boost|p1a: Seviper|atk|2\n|move|p2a: Malamar|Superpower|p1a: Seviper\n|-resisted|p1a: Seviper\n|-damage|p1a: Seviper|242/287\n|-boost|p2a: Malamar|atk|1\n|-boost|p2a: Malamar|def|1\n|\n|-heal|p1a: Seviper|259/287|[from] item: Leftovers\n|upkeep\n|turn|2\n|inactive|Time left: 300 sec this turn | 300 sec total\n|\n|t:|1783571140\n|move|p1a: Seviper|Gunk Shot|p2a: Malamar\n|-damage|p2a: Malamar|14/100\n|move|p2a: Malamar|Psycho Cut|p1a: Seviper\n|-supereffective|p1a: Seviper\n|-damage|p1a: Seviper|0 fnt\n|faint|p1a: Seviper\n|\n|upkeep\n|inactive|Time left: 300 sec this turn | 300 sec total | 5 sec grace\n|\n|t:|1783571141\n|switch|p1a: Glimmora|Glimmora, L75, F|248/248\n|turn|3\n|inactive|Time left: 300 sec this turn | 300 sec total\n|\n|t:|1783571142\n|switch|p2a: Politoed|Politoed, L88, M|100/100\n|-weather|RainDance|[from] ability: Drizzle|[of] p2a: Politoed\n|move|p1a: Glimmora|Meteor Beam||[still]\n|-prepare|p1a: Glimmora|Meteor Beam\n|-boost|p1a: Glimmora|spa|1\n|-enditem|p1a: Glimmora|Power Herb\n|-anim|p1a: Glimmora|Meteor Beam|p2a: Politoed\n|-damage|p2a: Politoed|47/100\n|\n|-weather|RainDance|[upkeep]\n|upkeep\n|turn|4\n|inactive|Time left: 300 sec this turn | 300 sec total\n|\n|t:|1783571143\n|move|p1a: Glimmora|Energy Ball|p2a: Politoed\n|-supereffective|p2a: Politoed\n|-damage|p2a: Politoed|0 fnt\n|faint|p2a: Politoed\n|\n|-weather|RainDance|[upkeep]\n|upkeep\n|\n|t:|1783571144\n|switch|p2a: Vivillon|Vivillon-Sun, L83, F|100/100\n|turn|5\n|inactive|Time left: 300 sec this turn | 300 sec total\n|\n|t:|1783571145\n|move|p2a: Vivillon|Sleep Powder|p1a: Glimmora\n|-status|p1a: Glimmora|slp|[from] move: Sleep Powder\n|cant|p1a: Glimmora|slp\n|\n|-weather|RainDance|[upkeep]\n|upkeep\n|turn|6\n|inactive|Time left: 300 sec this turn | 300 sec total\n|\n|t:|1783571146\n|move|p2a: Vivillon|Quiver Dance|p2a: Vivillon\n|-boost|p2a: Vivillon|spa|1\n|-boost|p2a: Vivillon|spd|1\n|-boost|p2a: Vivillon|spe|1\n|cant|p1a: Glimmora|slp\n|\n|-weather|RainDance|[upkeep]\n|upkeep\n|turn|7\n|inactive|Time left: 300 sec this turn | 300 sec total\n|\n|t:|1783571147\n|move|p2a: Vivillon|Quiver Dance|p2a: Vivillon\n|-boost|p2a: Vivillon|spa|1\n|-boost|p2a: Vivillon|spd|1\n|-boost|p2a: Vivillon|spe|1\n|-curestatus|p1a: Glimmora|slp|[msg]\n|move|p1a: Glimmora|Meteor Beam||[still]\n|-prepare|p1a: Glimmora|Meteor Beam\n|-boost|p1a: Glimmora|spa|1\n|\n|-weather|none\n|upkeep\n|turn|8\n|inactive|Time left: 300 sec this turn | 300 sec total\n|\n|t:|1783571148\n|move|p2a: Vivillon|Sleep Powder|p1a: Glimmora\n|-status|p1a: Glimmora|slp|[from] move: Sleep Powder\n|cant|p1a: Glimmora|slp\n|\n|upkeep\n|turn|9\n|inactive|Time left: 300 sec this turn | 300 sec total\n|\n|t:|1783571149\n|move|p2a: Vivillon|Hurricane|p1a: Glimmora\n|-resisted|p1a: Glimmora\n|-damage|p1a: Glimmora|117/248 slp\n|-start|p1a: Glimmora|confusion\n|cant|p1a: Glimmora|slp\n|\n|upkeep\n|turn|10\n|inactive|Time left: 300 sec this turn | 300 sec total\n|\n|t:|1783571150\n|move|p2a: Vivillon|Hurricane|p1a: Glimmora\n|-resisted|p1a: Glimmora\n|-damage|p1a: Glimmora|0 fnt\n|faint|p1a: Glimmora\n|\n|upkeep\n|inactive|Time left: 300 sec this turn | 300 sec total | 5 sec grace\n|\n|t:|1783571151\n|switch|p1a: Komala|Komala, L87, M|255/255\n|-ability|p1a: Komala|Comatose\n|turn|11\n|inactive|Time left: 300 sec this turn | 300 sec total\n|\n|t:|1783571152\n|move|p2a: Vivillon|Hurricane|p1a: Komala\n|-damage|p1a: Komala|111/255\n|-start|p1a: Komala|confusion\n|-activate|p1a: Komala|confusion\n|move|p1a: Komala|Body Slam|p2a: Vivillon\n|-damage|p2a: Vivillon|37/100\n|-status|p2a: Vivillon|par\n|\n|upkeep\n|turn|12\n|inactive|Time left: 300 sec this turn | 300 sec total\n|\n|t:|1783571153\n|move|p2a: Vivillon|Hurricane|p1a: Komala\n|-damage|p1a: Komala|0 fnt\n|faint|p1a: Komala\n|\n|upkeep\n|inactive|Time left: 300 sec this turn | 300 sec total | 5 sec grace\n|\n|t:|1783571154\n|switch|p1a: Palafin|Palafin, L77, M|281/281\n|turn|13\n|inactive|Time left: 300 sec this turn | 300 sec total\n|\n|t:|1783571155\n|move|p1a: Palafin|Ice Punch|p2a: Vivillon\n|-supereffective|p2a: Vivillon\n|-damage|p2a: Vivillon|1/100 par\n|move|p2a: Vivillon|Bug Buzz|p1a: Palafin\n|-damage|p1a: Palafin|43/281\n|\n|-heal|p1a: Palafin|60/281|[from] item: Leftovers\n|upkeep\n|turn|14\n|inactive|Time left: 300 sec this turn | 300 sec total\n|\n|t:|1783571156\n|move|p1a: Palafin|Jet Punch|p2a: Vivillon\n|-damage|p2a: Vivillon|0 fnt\n|faint|p2a: Vivillon\n|\n|-heal|p1a: Palafin|77/281|[from] item: Leftovers\n|upkeep\n|\n|t:|1783571157\n|switch|p2a: Sylveon|Sylveon, L85, F|100/100\n|turn|15\n|inactive|Time left: 300 sec this turn | 300 sec total\n|\n|t:|1783571158\n|detailschange|p1a: Palafin|Palafin-Hero, L77, M\n|switch|p1a: Blissey|Blissey, L85, F|572/572\n|move|p2a: Sylveon|Hyper Voice|p1a: Blissey\n|-damage|p1a: Blissey|484/572\n|\n|-heal|p1a: Blissey|519/572|[from] item: Leftovers\n|upkeep\n|turn|16\n|inactive|Time left: 300 sec this turn | 300 sec total\n|\n|t:|1783571159\n|move|p2a: Sylveon|Calm Mind|p2a: Sylveon\n|-boost|p2a: Sylveon|spa|1\n|-boost|p2a: Sylveon|spd|1\n|move|p1a: Blissey|Stealth Rock|p2a: Sylveon\n|-sidestart|p2: p0y2789fcee|move: Stealth Rock\n|\n|-heal|p1a: Blissey|554/572|[from] item: Leftovers\n|upkeep\n|turn|17\n|inactive|Time left: 300 sec this turn | 300 sec total\n|\n|t:|1783571160\n|move|p2a: Sylveon|Calm Mind|p2a: Sylveon\n|-boost|p2a: Sylveon|spa|1\n|-boost|p2a: Sylveon|spd|1\n|move|p1a: Blissey|Thunder Wave|p2a: Sylveon\n|-status|p2a: Sylveon|par\n|\n|-heal|p1a: Blissey|572/572|[from] item: Leftovers\n|upkeep\n|turn|18\n|inactive|Time left: 300 sec this turn | 300 sec total\n|\n|t:|1783571161\n|move|p1a: Blissey|Seismic Toss|p2a: Sylveon\n|-damage|p2a: Sylveon|72/100 par\n|cant|p2a: Sylveon|par\n|\n|-heal|p2a: Sylveon|78/100 par|[from] item: Leftovers\n|upkeep\n|turn|19\n|inactive|Time left: 300 sec this turn | 300 sec total\n|\n|t:|1783571162\n|move|p1a: Blissey|Seismic Toss|p2a: Sylveon\n|-damage|p2a: Sylveon|50/100 par\n|move|p2a: Sylveon|Hyper Voice|p1a: Blissey\n|-damage|p1a: Blissey|391/572\n|\n|-heal|p1a: Blissey|426/572|[from] item: Leftovers\n|-heal|p2a: Sylveon|56/100 par|[from] item: Leftovers\n|upkeep\n|turn|20\n|inactive|Time left: 300 sec this turn | 300 sec total\n|\n|t:|1783571164\n|move|p1a: Blissey|Seismic Toss|p2a: Sylveon\n|-damage|p2a: Sylveon|27/100 par\n|move|p2a: Sylveon|Wish|p2a: Sylveon\n|\n|-heal|p1a: Blissey|461/572|[from] item: Leftovers\n|-heal|p2a: Sylveon|33/100 par|[from] item: Leftovers\n|upkeep\n|turn|21\n|inactive|Time left: 300 sec this turn | 300 sec total\n|\n|t:|1783571165\n|move|p1a: Blissey|Seismic Toss|p2a: Sylveon\n|-damage|p2a: Sylveon|5/100 par\n|move|p2a: Sylveon|Hyper Voice|p1a: Blissey\n|-damage|p1a: Blissey|281/572\n|\n|-heal|p2a: Sylveon|55/100 par|[from] move: Wish|[wisher] Sylveon\n|-heal|p1a: Blissey|316/572|[from] item: Leftovers\n|-heal|p2a: Sylveon|61/100 par|[from] item: Leftovers\n|upkeep\n|turn|22\n|inactive|Time left: 300 sec this turn | 300 sec total\n|\n|t:|1783571166\n|move|p1a: Blissey|Seismic Toss|p2a: Sylveon\n|-damage|p2a: Sylveon|33/100 par\n|move|p2a: Sylveon|Hyper Voice|p1a: Blissey\n|-damage|p1a: Blissey|126/572\n|\n|-heal|p1a: Blissey|161/572|[from] item: Leftovers\n|-heal|p2a: Sylveon|39/100 par|[from] item: Leftovers\n|upkeep\n|turn|23\n|inactive|Time left: 300 sec this turn | 300 sec total\n|\n|t:|1783571167\n|move|p1a: Blissey|Seismic Toss|p2a: Sylveon\n|-damage|p2a: Sylveon|10/100 par\n|cant|p2a: Sylveon|par\n|\n|-heal|p1a: Blissey|196/572|[from] item: Leftovers\n|-heal|p2a: Sylveon|16/100 par|[from] item: Leftovers\n|upkeep\n|turn|24\n|inactive|Time left: 300 sec this turn | 300 sec total\n|\n|t:|1783571168\n|move|p1a: Blissey|Seismic Toss|p2a: Sylveon\n|-damage|p2a: Sylveon|0 fnt\n|faint|p2a: Sylveon\n|\n|-heal|p1a: Blissey|231/572|[from] item: Leftovers\n|upkeep\n|\n|t:|1783571169\n|switch|p2a: Malamar|Malamar, L82, M|14/100\n|-damage|p2a: Malamar|2/100|[from] Stealth Rock\n|turn|25\n|inactive|Time left: 300 sec this turn | 300 sec total\n|\n|t:|1783571170\n|switch|p1a: Darkrai|Darkrai, L77|234/234\n|move|p2a: Malamar|Rest|p2a: Malamar\n|-status|p2a: Malamar|slp|[from] move: Rest\n|-heal|p2a: Malamar|100/100 slp|[silent]\n|-enditem|p2a: Malamar|Chesto Berry|[eat]\n|-curestatus|p2a: Malamar|slp|[msg]\n|\n|upkeep\n|turn|26\n|inactive|Time left: 300 sec this turn | 300 sec total\n|\n|t:|1783571171\n|move|p1a: Darkrai|Dark Pulse|p2a: Malamar\n|-damage|p2a: Malamar|60/100\n|move|p2a: Malamar|Superpower|p1a: Darkrai\n|-supereffective|p1a: Darkrai\n|-damage|p1a: Darkrai|62/234\n|-boost|p2a: Malamar|atk|1\n|-boost|p2a: Malamar|def|1\n|\n|-heal|p1a: Darkrai|76/234|[from] item: Leftovers\n|upkeep\n|turn|27\n|inactive|Time left: 300 sec this turn | 300 sec total\n|\n|t:|1783571172\n|-terastallize|p1a: Darkrai|Poison\n|move|p1a: Darkrai|Sludge Bomb|p2a: Malamar\n|-crit|p2a: Malamar\n|-damage|p2a: Malamar|0 fnt\n|faint|p2a: Malamar\n|\n|-heal|p1a: Darkrai|90/234|[from] item: Leftovers\n|upkeep\n|\n|t:|1783571173\n|switch|p2a: Grafaiai|Grafaiai, L86, M|100/100\n|-damage|p2a: Grafaiai|88/100|[from] Stealth Rock\n|turn|28\n|inactive|Time left: 300 sec this turn | 300 sec total\n|\n|t:|1783571174\n|-terastallize|p2a: Grafaiai|Dark\n|move|p2a: Grafaiai|Knock Off|p1a: Darkrai\n|-damage|p1a: Darkrai|0 fnt\n|-enditem|p1a: Darkrai|Leftovers|[from] move: Knock Off|[of] p2a: Grafaiai\n|faint|p1a: Darkrai\n|\n|upkeep\n|inactive|Time left: 300 sec this turn | 300 sec total | 5 sec grace\n|\n|t:|1783571175\n|switch|p1a: Palafin|Palafin-Hero, L77, M|77/281\n|-activate|p1a: Palafin|ability: Zero to Hero\n|turn|29\n|inactive|Time left: 300 sec this turn | 300 sec total\n|\n|t:|1783571176\n|move|p1a: Palafin|Jet Punch|p2a: Grafaiai\n|-damage|p2a: Grafaiai|51/100\n|move|p2a: Grafaiai|Knock Off|p1a: Palafin\n|-damage|p1a: Palafin|0 fnt\n|-enditem|p1a: Palafin|Leftovers|[from] move: Knock Off|[of] p2a: Grafaiai\n|faint|p1a: Palafin\n|\n|upkeep\n|inactive|Time left: 300 sec this turn | 300 sec total | 5 sec grace\n|\n|t:|1783571177\n|switch|p1a: Blissey|Blissey, L85, F|231/572\n|turn|30\n|inactive|Time left: 300 sec this turn | 300 sec total\n|\n|t:|1783571178\n|move|p2a: Grafaiai|Knock Off|p1a: Blissey\n|-damage|p1a: Blissey|0 fnt\n|-enditem|p1a: Blissey|Leftovers|[from] move: Knock Off|[of] p2a: Grafaiai\n|faint|p1a: Blissey\n|\n|win|p0y2789fcee", "uploadtime": 1783571178, "views": 0, "rating": 0, "private": 0, "password": null, "_winner": "p0y2789fcee", "_our_name": "p0x2789cb0d"}