{"id": "battle-gen9randombattle-2098", "formatid": "gen9randombattle", "format": "[Gen 9] Random Battle", "players": ["p0x20988920", "p0y20989162"], "log": "|init|battle\n|title|p0x20988920 vs. p0y20989162\n|j|\u2606p0x20988920\n|j|\u2606p0y20989162\n|t:|1783564304\n|gametype|singles\n|player|p1|p0x20988920|170|\n|player|p2|p0y20989162|266|\n|gen|9\n|tier|[Gen 9] Random Battle\n|rule|Species Clause: Limit one of each Pok\u00e9mon\n|rule|HP Percentage Mod: HP is shown in percentages\n|rule|Sleep Clause Mod: Limit one foe put to sleep\n|rule|Illusion Level Mod: Illusion disguises the Pok\u00e9mon's true level\n|\n|t:|1783564304\n|teamsize|p1|6\n|teamsize|p2|6\n|start\n|switch|p1a: Bisharp|Bisharp, L79, M|100/100\n|switch|p2a: Beartic|Beartic, L91, F|321/321\n|turn|1\n|inactive|Battle timer is ON: inactive players will automatically lose when time's up. (requested by p0x20988920)\n|inactive|Time left: 300 sec this turn | 300 sec total | 60 sec grace\n|inactive|p0y20989162 also wants the timer to be on.\n|\n|t:|1783564306\n|move|p1a: Bisharp|Iron Head|p2a: Beartic\n|-supereffective|p2a: Beartic\n|-damage|p2a: Beartic|135/321\n|move|p2a: Beartic|Swords Dance|p2a: Beartic\n|-boost|p2a: Beartic|atk|2\n|\n|upkeep\n|turn|2\n|inactive|Time left: 300 sec this turn | 300 sec total\n|\n|t:|1783564307\n|-terastallize|p2a: Beartic|Ground\n|move|p1a: Bisharp|Iron Head|p2a: Beartic\n|-damage|p2a: Beartic|39/321\n|cant|p2a: Beartic|flinch\n|\n|upkeep\n|turn|3\n|inactive|Time left: 300 sec this turn | 300 sec total\n|\n|t:|1783564308\n|switch|p2a: Orthworm|Orthworm, L88, M|266/266\n|move|p1a: Bisharp|Iron Head|p2a: Orthworm\n|-resisted|p2a: Orthworm\n|-damage|p2a: Orthworm|236/266\n|\n|upkeep\n|turn|4\n|inactive|Time left: 300 sec this turn | 300 sec total\n|\n|t:|1783564309\n|move|p2a: Orthworm|Body Press|p1a: Bisharp\n|-supereffective|p1a: Bisharp\n|-damage|p1a: Bisharp|13/100\n|move|p1a: Bisharp|Swords Dance|p1a: Bisharp\n|-boost|p1a: Bisharp|atk|2\n|\n|upkeep\n|turn|5\n|inactive|Time left: 300 sec this turn | 300 sec total\n|\n|t:|1783564310\n|move|p2a: Orthworm|Body Press|p1a: Bisharp\n|-supereffective|p1a: Bisharp\n|-damage|p1a: Bisharp|0 fnt\n|faint|p1a: Bisharp\n|\n|upkeep\n|\n|t:|1783564311\n|switch|p1a: Falinks|Falinks, L84|100/100\n|turn|6\n|inactive|Time left: 300 sec this turn | 300 sec total\n|\n|t:|1783564312\n|move|p1a: Falinks|No Retreat|p1a: Falinks\n|-boost|p1a: Falinks|atk|1\n|-boost|p1a: Falinks|def|1\n|-boost|p1a: Falinks|spa|1\n|-boost|p1a: Falinks|spd|1\n|-boost|p1a: Falinks|spe|1\n|-start|p1a: Falinks|move: No Retreat\n|move|p2a: Orthworm|Coil|p2a: Orthworm\n|-boost|p2a: Orthworm|atk|1\n|-boost|p2a: Orthworm|def|1\n|-boost|p2a: Orthworm|accuracy|1\n|\n|upkeep\n|turn|7\n|inactive|Time left: 300 sec this turn | 300 sec total\n|\n|t:|1783564313\n|move|p1a: Falinks|Knock Off|p2a: Orthworm\n|-damage|p2a: Orthworm|175/266\n|-enditem|p2a: Orthworm|Chesto Berry|[from] move: Knock Off|[of] p1a: Falinks\n|-damage|p1a: Falinks|91/100|[from] item: Life Orb\n|move|p2a: Orthworm|Rest|p2a: Orthworm\n|-status|p2a: Orthworm|slp|[from] move: Rest\n|-heal|p2a: Orthworm|266/266 slp|[silent]\n|\n|upkeep\n|turn|8\n|inactive|Time left: 300 sec this turn | 300 sec total\n|\n|t:|1783564314\n|move|p1a: Falinks|Close Combat|p2a: Orthworm\n|-supereffective|p2a: Orthworm\n|-damage|p2a: Orthworm|37/266 slp\n|-unboost|p1a: Falinks|def|1\n|-unboost|p1a: Falinks|spd|1\n|-damage|p1a: Falinks|81/100|[from] item: Life Orb\n|cant|p2a: Orthworm|slp\n|\n|upkeep\n|turn|9\n|inactive|Time left: 300 sec this turn | 300 sec total\n|\n|t:|1783564315\n|move|p1a: Falinks|Knock Off|p2a: Orthworm\n|-damage|p2a: Orthworm|0 fnt\n|faint|p2a: Orthworm\n|-damage|p1a: Falinks|71/100|[from] item: Life Orb\n|\n|upkeep\n|inactive|Time left: 300 sec this turn | 300 sec total | 5 sec grace\n|\n|t:|1783564316\n|switch|p2a: Landorus|Landorus, L75, M|257/257\n|turn|10\n|inactive|Time left: 300 sec this turn | 300 sec total\n|\n|t:|1783564317\n|move|p1a: Falinks|Iron Head|p2a: Landorus\n|-damage|p2a: Landorus|137/257\n|-damage|p1a: Falinks|61/100|[from] item: Life Orb\n|cant|p2a: Landorus|flinch\n|\n|upkeep\n|turn|11\n|inactive|Time left: 300 sec this turn | 300 sec total\n|\n|t:|1783564318\n|switch|p2a: Honchkrow|Honchkrow, L86, M|312/312\n|move|p1a: Falinks|Knock Off|p2a: Honchkrow\n|-resisted|p2a: Honchkrow\n|-damage|p2a: Honchkrow|213/312\n|-enditem|p2a: Honchkrow|Heavy-Duty Boots|[from] move: Knock Off|[of] p1a: Falinks\n|-damage|p1a: Falinks|52/100|[from] item: Life Orb\n|\n|upkeep\n|turn|12\n|inactive|Time left: 300 sec this turn | 300 sec total\n|\n|t:|1783564319\n|switch|p2a: Beartic|Beartic, L91, F, tera:Ground|39/321\n|move|p1a: Falinks|Close Combat|p2a: Beartic\n|-damage|p2a: Beartic|0 fnt\n|-unboost|p1a: Falinks|def|1\n|-unboost|p1a: Falinks|spd|1\n|faint|p2a: Beartic\n|-damage|p1a: Falinks|42/100|[from] item: Life Orb\n|\n|upkeep\n|inactive|Time left: 300 sec this turn | 300 sec total | 5 sec grace\n|\n|t:|1783564319\n|switch|p2a: Honchkrow|Honchkrow, L86, M|213/312\n|turn|13\n|inactive|Time left: 300 sec this turn | 300 sec total\n|\n|t:|1783564320\n|move|p2a: Honchkrow|Sucker Punch|p1a: Falinks\n|-resisted|p1a: Falinks\n|-damage|p1a: Falinks|16/100\n|move|p1a: Falinks|Close Combat|p2a: Honchkrow\n|-damage|p2a: Honchkrow|0 fnt\n|-unboost|p1a: Falinks|def|1\n|-unboost|p1a: Falinks|spd|1\n|faint|p2a: Honchkrow\n|-damage|p1a: Falinks|7/100|[from] item: Life Orb\n|\n|upkeep\n|inactive|Time left: 300 sec this turn | 300 sec total | 5 sec grace\n|\n|t:|1783564321\n|switch|p2a: Landorus|Landorus, L75, M|137/257\n|turn|14\n|inactive|Time left: 300 sec this turn | 300 sec total\n|\n|t:|1783564322\n|move|p1a: Falinks|Knock Off|p2a: Landorus\n|-damage|p2a: Landorus|0 fnt\n|-enditem|p2a: Landorus|Life Orb|[from] move: Knock Off|[of] p1a: Falinks\n|faint|p2a: Landorus\n|-damage|p1a: Falinks|0 fnt|[from] item: Life Orb\n|faint|p1a: Falinks\n|\n|upkeep\n|inactive|Time left: 300 sec this turn | 300 sec total | 5 sec grace\n|\n|t:|1783564323\n|switch|p2a: Inteleon|Inteleon, L81, F|246/246\n|switch|p1a: Metagross|Metagross, L79|100/100\n|turn|15\n|inactive|Time left: 300 sec this turn | 300 sec total\n|\n|t:|1783564324\n|switch|p1a: Florges|Florges, L85, F|100/100\n|move|p2a: Inteleon|Scald|p1a: Florges\n|-damage|p1a: Florges|66/100\n|-status|p1a: Florges|brn\n|\n|-heal|p1a: Florges|72/100 brn|[from] item: Leftovers\n|-damage|p1a: Florges|66/100 brn|[from] brn\n|upkeep\n|turn|16\n|inactive|Time left: 300 sec this turn | 300 sec total\n|\n|t:|1783564325\n|move|p2a: Inteleon|Scald|p1a: Florges\n|-damage|p1a: Florges|33/100 brn\n|move|p1a: Florges|Synthesis|p1a: Florges\n|-heal|p1a: Florges|83/100 brn\n|\n|-heal|p1a: Florges|89/100 brn|[from] item: Leftovers\n|-damage|p1a: Florges|83/100 brn|[from] brn\n|upkeep\n|turn|17\n|inactive|Time left: 300 sec this turn | 300 sec total\n|\n|t:|1783564326\n|move|p2a: Inteleon|Scald|p1a: Florges\n|-damage|p1a: Florges|52/100 brn\n|move|p1a: Florges|Moonblast|p2a: Inteleon\n|-damage|p2a: Inteleon|99/246\n|\n|-heal|p1a: Florges|58/100 brn|[from] item: Leftovers\n|-damage|p1a: Florges|52/100 brn|[from] brn\n|upkeep\n|turn|18\n|inactive|Time left: 300 sec this turn | 300 sec total\n|\n|t:|1783564327\n|move|p2a: Inteleon|Scald|p1a: Florges\n|-damage|p1a: Florges|16/100 brn\n|move|p1a: Florges|Moonblast|p2a: Inteleon\n|-damage|p2a: Inteleon|0 fnt\n|faint|p2a: Inteleon\n|\n|-heal|p1a: Florges|22/100 brn|[from] item: Leftovers\n|-damage|p1a: Florges|16/100 brn|[from] brn\n|upkeep\n|inactive|Time left: 300 sec this turn | 300 sec total | 5 sec grace\n|\n|t:|1783564328\n|switch|p2a: Lilligant|Lilligant, L86, F|261/261\n|turn|19\n|inactive|Time left: 300 sec this turn | 300 sec total\n|\n|t:|1783564329\n|switch|p1a: Reshiram|Reshiram, L76|100/100\n|-ability|p1a: Reshiram|Turboblaze\n|move|p2a: Lilligant|Quiver Dance|p2a: Lilligant\n|-boost|p2a: Lilligant|spa|1\n|-boost|p2a: Lilligant|spd|1\n|-boost|p2a: Lilligant|spe|1\n|\n|upkeep\n|turn|20\n|inactive|Time left: 300 sec this turn | 300 sec total\n|\n|t:|1783564330\n|-terastallize|p1a: Reshiram|Fire\n|move|p2a: Lilligant|Sleep Powder|p1a: Reshiram\n|-status|p1a: Reshiram|slp|[from] move: Sleep Powder\n|cant|p1a: Reshiram|slp\n|\n|upkeep\n|turn|21\n|inactive|Time left: 300 sec this turn | 300 sec total\n|\n|t:|1783564331\n|move|p2a: Lilligant|Giga Drain|p1a: Reshiram\n|-resisted|p1a: Reshiram\n|-damage|p1a: Reshiram|71/100 slp\n|-damage|p2a: Lilligant|235/261|[from] item: Life Orb\n|cant|p1a: Reshiram|slp\n|\n|upkeep\n|turn|22\n|inactive|Time left: 300 sec this turn | 300 sec total\n|\n|t:|1783564332\n|move|p2a: Lilligant|Tera Blast|p1a: Reshiram\n|-damage|p1a: Reshiram|28/100 slp\n|-damage|p2a: Lilligant|209/261|[from] item: Life Orb\n|cant|p1a: Reshiram|slp\n|\n|upkeep\n|turn|23\n|inactive|Time left: 300 sec this turn | 300 sec total\n|\n|t:|1783564333\n|switch|p1a: Metagross|Metagross, L79|100/100\n|move|p2a: Lilligant|Giga Drain|p1a: Metagross\n|-resisted|p1a: Metagross\n|-damage|p1a: Metagross|65/100\n|-heal|p2a: Lilligant|255/261|[from] drain|[of] p1a: Metagross\n|-damage|p2a: Lilligant|229/261|[from] item: Life Orb\n|\n|upkeep\n|turn|24\n|inactive|Time left: 300 sec this turn | 300 sec total\n|\n|t:|1783564334\n|move|p2a: Lilligant|Giga Drain|p1a: Metagross\n|-resisted|p1a: Metagross\n|-damage|p1a: Metagross|31/100\n|-heal|p2a: Lilligant|261/261|[from] drain|[of] p1a: Metagross\n|-damage|p2a: Lilligant|235/261|[from] item: Life Orb\n|move|p1a: Metagross|Heavy Slam|p2a: Lilligant\n|-damage|p2a: Lilligant|69/261\n|\n|upkeep\n|turn|25\n|inactive|Time left: 300 sec this turn | 300 sec total\n|\n|t:|1783564335\n|move|p2a: Lilligant|Giga Drain|p1a: Metagross\n|-resisted|p1a: Metagross\n|-damage|p1a: Metagross|0 fnt\n|-heal|p2a: Lilligant|108/261|[from] drain|[of] p1a: Metagross\n|faint|p1a: Metagross\n|-damage|p2a: Lilligant|82/261|[from] item: Life Orb\n|\n|upkeep\n|\n|t:|1783564336\n|switch|p1a: Glaceon|Glaceon, L94, M|100/100\n|turn|26\n|inactive|Time left: 300 sec this turn | 300 sec total\n|\n|t:|1783564337\n|move|p2a: Lilligant|Sleep Powder|p1a: Glaceon\n|-message|Sleep Clause Mod activated.\n|-hint|Sleep Clause Mod prevents players from putting more than one of their opponent's Pok\u00e9mon to sleep at a time\n|move|p1a: Glaceon|Freeze-Dry|p2a: Lilligant\n|-supereffective|p2a: Lilligant\n|-damage|p2a: Lilligant|0 fnt\n|faint|p2a: Lilligant\n|\n|win|p0x20988920", "uploadtime": 1783564337, "views": 0, "rating": 0, "private": 0, "password": null, "_winner": "p0x20988920", "_our_name": "p0y20989162"}