{"id": "battle-gen9randombattle-2159", "formatid": "gen9randombattle", "format": "[Gen 9] Random Battle", "players": ["p0x2159f826", "p0y21595f2b"], "log": "|init|battle\n|title|p0x2159f826 vs. p0y21595f2b\n|j|\u2606p0x2159f826\n|j|\u2606p0y21595f2b\n|t:|1783565005\n|gametype|singles\n|player|p1|p0x2159f826|265|\n|player|p2|p0y21595f2b|2|\n|gen|9\n|tier|[Gen 9] Random Battle\n|rule|Species Clause: Limit one of each Pok\u00e9mon\n|rule|HP Percentage Mod: HP is shown in percentages\n|rule|Sleep Clause Mod: Limit one foe put to sleep\n|rule|Illusion Level Mod: Illusion disguises the Pok\u00e9mon's true level\n|\n|t:|1783565005\n|teamsize|p1|6\n|teamsize|p2|6\n|start\n|switch|p1a: Mewtwo|Mewtwo, L72|100/100\n|switch|p2a: Luxray|Luxray, L88, F|284/284\n|-ability|p1a: Mewtwo|Unnerve\n|-ability|p2a: Luxray|Intimidate|boost\n|-unboost|p1a: Mewtwo|atk|1\n|turn|1\n|inactive|Battle timer is ON: inactive players will automatically lose when time's up. (requested by p0y21595f2b)\n|\n|t:|1783565006\n|move|p1a: Mewtwo|Nasty Plot|p1a: Mewtwo\n|-boost|p1a: Mewtwo|spa|2\n|move|p2a: Luxray|Throat Chop|p1a: Mewtwo\n|-supereffective|p1a: Mewtwo\n|-damage|p1a: Mewtwo|42/100\n|-start|p1a: Mewtwo|Throat Chop|[silent]\n|\n|upkeep\n|turn|2\n|inactive|Time left: 300 sec this turn | 300 sec total\n|inactive|p0x2159f826 also wants the timer to be on.\n|\n|t:|1783565008\n|switch|p2a: Iron Boulder|Iron Boulder, L77|265/265\n|move|p1a: Mewtwo|Psystrike|p2a: Iron Boulder\n|-resisted|p2a: Iron Boulder\n|-damage|p2a: Iron Boulder|99/265\n|-damage|p1a: Mewtwo|32/100|[from] item: Life Orb\n|\n|-end|p1a: Mewtwo|Throat Chop|[silent]\n|upkeep\n|turn|3\n|inactive|Time left: 300 sec this turn | 300 sec total\n|\n|t:|1783565009\n|move|p2a: Iron Boulder|Mighty Cleave|p1a: Mewtwo\n|-damage|p1a: Mewtwo|0 fnt\n|faint|p1a: Mewtwo\n|-damage|p2a: Iron Boulder|73/265|[from] item: Life Orb\n|\n|upkeep\n|\n|t:|1783565010\n|switch|p1a: Registeel|Registeel, L81|100/100\n|turn|4\n|inactive|Time left: 300 sec this turn | 300 sec total\n|\n|t:|1783565011\n|move|p2a: Iron Boulder|Close Combat|p1a: Registeel\n|-supereffective|p1a: Registeel\n|-damage|p1a: Registeel|43/100\n|-unboost|p2a: Iron Boulder|def|1\n|-unboost|p2a: Iron Boulder|spd|1\n|-damage|p2a: Iron Boulder|47/265|[from] item: Life Orb\n|move|p1a: Registeel|Body Press|p2a: Iron Boulder\n|-damage|p2a: Iron Boulder|0 fnt\n|faint|p2a: Iron Boulder\n|-end|p2a: Iron Boulder|Quark Drive|[silent]\n|\n|upkeep\n|inactive|Time left: 300 sec this turn | 300 sec total | 5 sec grace\n|\n|t:|1783565012\n|switch|p2a: Girafarig|Girafarig, L89, M|269/269\n|turn|5\n|inactive|Time left: 300 sec this turn | 300 sec total\n|\n|t:|1783565013\n|move|p2a: Girafarig|Nasty Plot|p2a: Girafarig\n|-boost|p2a: Girafarig|spa|2\n|move|p1a: Registeel|Rest|p1a: Registeel\n|-status|p1a: Registeel|slp|[from] move: Rest\n|-heal|p1a: Registeel|100/100 slp|[silent]\n|-enditem|p1a: Registeel|Chesto Berry|[eat]\n|-curestatus|p1a: Registeel|slp|[msg]\n|\n|upkeep\n|turn|6\n|inactive|Time left: 300 sec this turn | 300 sec total\n|\n|t:|1783565014\n|move|p2a: Girafarig|Thunderbolt|p1a: Registeel\n|-damage|p1a: Registeel|65/100\n|move|p1a: Registeel|Body Press|p2a: Girafarig\n|-damage|p2a: Girafarig|211/269\n|\n|upkeep\n|turn|7\n|inactive|Time left: 300 sec this turn | 300 sec total\n|\n|t:|1783565015\n|move|p2a: Girafarig|Thunderbolt|p1a: Registeel\n|-damage|p1a: Registeel|32/100\n|-status|p1a: Registeel|par\n|move|p1a: Registeel|Body Press|p2a: Girafarig\n|-damage|p2a: Girafarig|152/269\n|\n|upkeep\n|turn|8\n|inactive|Time left: 300 sec this turn | 300 sec total\n|\n|t:|1783565017\n|move|p2a: Girafarig|Thunderbolt|p1a: Registeel\n|-damage|p1a: Registeel|0 fnt\n|faint|p1a: Registeel\n|\n|upkeep\n|\n|t:|1783565018\n|switch|p1a: Dugtrio|Dugtrio-Alola, L84, F|100/100\n|turn|9\n|inactive|Time left: 300 sec this turn | 300 sec total\n|\n|t:|1783565019\n|move|p1a: Dugtrio|Swords Dance|p1a: Dugtrio\n|-boost|p1a: Dugtrio|atk|2\n|move|p2a: Girafarig|Hyper Voice|p1a: Dugtrio\n|-resisted|p1a: Dugtrio\n|-damage|p1a: Dugtrio|38/100\n|\n|upkeep\n|turn|10\n|inactive|Time left: 300 sec this turn | 300 sec total\n|\n|t:|1783565020\n|move|p1a: Dugtrio|Earthquake|p2a: Girafarig\n|-damage|p2a: Girafarig|0 fnt\n|faint|p2a: Girafarig\n|-damage|p1a: Dugtrio|28/100|[from] item: Life Orb\n|\n|upkeep\n|inactive|Time left: 300 sec this turn | 300 sec total | 5 sec grace\n|\n|t:|1783565021\n|switch|p2a: Flutter Mane|Flutter Mane, L74|203/203\n|turn|11\n|inactive|Time left: 300 sec this turn | 300 sec total\n|\n|t:|1783565022\n|move|p1a: Dugtrio|Sucker Punch|p2a: Flutter Mane\n|-crit|p2a: Flutter Mane\n|-damage|p2a: Flutter Mane|0 fnt\n|faint|p2a: Flutter Mane\n|-end|p2a: Flutter Mane|Protosynthesis|[silent]\n|-damage|p1a: Dugtrio|18/100|[from] item: Life Orb\n|\n|upkeep\n|inactive|Time left: 300 sec this turn | 300 sec total | 5 sec grace\n|\n|t:|1783565023\n|switch|p2a: Tatsugiri|Tatsugiri, L87, F|260/260\n|turn|12\n|inactive|Time left: 300 sec this turn | 300 sec total\n|\n|t:|1783565024\n|switch|p2a: Luxray|Luxray, L88, F|284/284\n|-ability|p2a: Luxray|Intimidate|boost\n|-unboost|p1a: Dugtrio|atk|1\n|move|p1a: Dugtrio|Earthquake|p2a: Luxray\n|-supereffective|p2a: Luxray\n|-damage|p2a: Luxray|0 fnt\n|faint|p2a: Luxray\n|-damage|p1a: Dugtrio|9/100|[from] item: Life Orb\n|\n|upkeep\n|inactive|Time left: 300 sec this turn | 300 sec total | 5 sec grace\n|\n|t:|1783565025\n|switch|p2a: Tatsugiri|Tatsugiri, L87, F|260/260\n|turn|13\n|inactive|Time left: 300 sec this turn | 300 sec total\n|\n|t:|1783565025\n|move|p1a: Dugtrio|Earthquake|p2a: Tatsugiri\n|-damage|p2a: Tatsugiri|3/260\n|-damage|p1a: Dugtrio|0 fnt|[from] item: Life Orb\n|faint|p1a: Dugtrio\n|move|p2a: Tatsugiri|Nasty Plot|p2a: Tatsugiri\n|-boost|p2a: Tatsugiri|spa|2\n|\n|upkeep\n|\n|t:|1783565026\n|switch|p1a: Ambipom|Ambipom, L84, F|100/100\n|turn|14\n|inactive|Time left: 300 sec this turn | 300 sec total\n|\n|t:|1783565027\n|switch|p2a: Iron Hands|Iron Hands, L79|373/373\n|move|p1a: Ambipom|Double-Edge|p2a: Iron Hands\n|-damage|p2a: Iron Hands|223/373\n|-damage|p1a: Ambipom|81/100|[from] Recoil\n|\n|upkeep\n|turn|15\n|inactive|Time left: 300 sec this turn | 300 sec total\n|\n|t:|1783565028\n|move|p1a: Ambipom|Double-Edge|p2a: Iron Hands\n|-damage|p2a: Iron Hands|85/373\n|-damage|p1a: Ambipom|64/100|[from] Recoil\n|move|p2a: Iron Hands|Close Combat|p1a: Ambipom\n|-supereffective|p1a: Ambipom\n|-damage|p1a: Ambipom|0 fnt\n|-unboost|p2a: Iron Hands|def|1\n|-unboost|p2a: Iron Hands|spd|1\n|faint|p1a: Ambipom\n|\n|upkeep\n|\n|t:|1783565029\n|switch|p1a: Reshiram|Reshiram, L76|100/100\n|-ability|p1a: Reshiram|Turboblaze\n|turn|16\n|inactive|Time left: 300 sec this turn | 300 sec total\n|\n|t:|1783565030\n|move|p1a: Reshiram|Blue Flare|p2a: Iron Hands\n|-damage|p2a: Iron Hands|0 fnt\n|faint|p2a: Iron Hands\n|-end|p2a: Iron Hands|Quark Drive|[silent]\n|\n|upkeep\n|inactive|Time left: 300 sec this turn | 300 sec total | 5 sec grace\n|\n|t:|1783565031\n|switch|p2a: Tatsugiri|Tatsugiri, L87, F|3/260\n|turn|17\n|inactive|Time left: 300 sec this turn | 300 sec total\n|\n|t:|1783565031\n|-terastallize|p2a: Tatsugiri|Water\n|-terastallize|p1a: Reshiram|Fire\n|move|p2a: Tatsugiri|Hydro Pump|p1a: Reshiram\n|-supereffective|p1a: Reshiram\n|-damage|p1a: Reshiram|0 fnt\n|faint|p1a: Reshiram\n|\n|upkeep\n|\n|t:|1783565032\n|switch|p1a: Comfey|Comfey, L85, F|100/100\n|turn|18\n|inactive|Time left: 300 sec this turn | 300 sec total\n|\n|t:|1783565033\n|move|p1a: Comfey|Stored Power|p2a: Tatsugiri\n|-damage|p2a: Tatsugiri|0 fnt\n|faint|p2a: Tatsugiri\n|\n|win|p0x2159f826", "uploadtime": 1783565033, "views": 0, "rating": 0, "private": 0, "password": null, "_winner": "p0x2159f826", "_our_name": "p0y21595f2b"}