{"id": "battle-gen9randombattle-481", "formatid": "gen9randombattle", "format": "[Gen 9] Random Battle", "players": ["p0x48163ab", "p0y48144e4"], "log": "|init|battle\n|title|p0x48163ab vs. p0y48144e4\n|j|\u2606p0x48163ab\n|j|\u2606p0y48144e4\n|t:|1783545378\n|gametype|singles\n|player|p1|p0x48163ab|265|\n|player|p2|p0y48144e4|101|\n|gen|9\n|tier|[Gen 9] Random Battle\n|rule|Species Clause: Limit one of each Pok\u00e9mon\n|rule|HP Percentage Mod: HP is shown in percentages\n|rule|Sleep Clause Mod: Limit one foe put to sleep\n|rule|Illusion Level Mod: Illusion disguises the Pok\u00e9mon's true level\n|\n|t:|1783545378\n|teamsize|p1|6\n|teamsize|p2|6\n|start\n|switch|p1a: Ampharos|Ampharos, L88, M|100/100\n|switch|p2a: Bisharp|Bisharp, L79, M|232/232\n|turn|1\n|inactive|Battle timer is ON: inactive players will automatically lose when time's up. (requested by p0y48144e4)\n|inactive|p0x48163ab also wants the timer to be on.\n|\n|t:|1783545379\n|move|p2a: Bisharp|Stealth Rock|p1a: Ampharos\n|-sidestart|p1: p0x48163ab|move: Stealth Rock\n|move|p1a: Ampharos|Discharge|p2a: Bisharp\n|-damage|p2a: Bisharp|139/232\n|-status|p2a: Bisharp|par\n|\n|upkeep\n|turn|2\n|inactive|Time left: 300 sec this turn | 300 sec total\n|\n|t:|1783545380\n|switch|p2a: Florges|Florges, L85, F|271/271\n|move|p1a: Ampharos|Discharge|p2a: Florges\n|-damage|p2a: Florges|201/271\n|-status|p2a: Florges|par\n|\n|-heal|p2a: Florges|217/271 par|[from] item: Leftovers\n|upkeep\n|turn|3\n|inactive|Time left: 300 sec this turn | 300 sec total\n|\n|t:|1783545381\n|move|p1a: Ampharos|Volt Switch|p2a: Florges\n|-damage|p2a: Florges|153/271 par\n|\n|t:|1783545383\n|switch|p1a: Necrozma|Necrozma-Dawn-Wings, L76|100/100|[from] Volt Switch\n|-damage|p1a: Necrozma|88/100|[from] Stealth Rock\n|cant|p2a: Florges|par\n|\n|-heal|p1a: Necrozma|94/100|[from] item: Leftovers\n|-heal|p2a: Florges|169/271 par|[from] item: Leftovers\n|upkeep\n|turn|4\n|inactive|Time left: 300 sec this turn | 300 sec total\n|\n|t:|1783545384\n|move|p1a: Necrozma|Calm Mind|p1a: Necrozma\n|-boost|p1a: Necrozma|spa|1\n|-boost|p1a: Necrozma|spd|1\n|cant|p2a: Florges|par\n|\n|-heal|p1a: Necrozma|100/100|[from] item: Leftovers\n|-heal|p2a: Florges|185/271 par|[from] item: Leftovers\n|upkeep\n|turn|5\n|inactive|Time left: 300 sec this turn | 300 sec total\n|\n|t:|1783545384\n|move|p1a: Necrozma|Moongeist Beam|p2a: Florges\n|-damage|p2a: Florges|61/271 par\n|cant|p2a: Florges|par\n|\n|-heal|p2a: Florges|77/271 par|[from] item: Leftovers\n|upkeep\n|turn|6\n|inactive|Time left: 300 sec this turn | 300 sec total\n|\n|t:|1783545386\n|move|p1a: Necrozma|Moongeist Beam|p2a: Florges\n|-damage|p2a: Florges|0 fnt\n|faint|p2a: Florges\n|\n|upkeep\n|inactive|Time left: 300 sec this turn | 300 sec total | 5 sec grace\n|\n|t:|1783545387\n|switch|p2a: Iron Jugulis|Iron Jugulis, L77|271/271\n|turn|7\n|inactive|Time left: 300 sec this turn | 300 sec total\n|\n|t:|1783545388\n|move|p2a: Iron Jugulis|Dark Pulse|p1a: Necrozma\n|-supereffective|p1a: Necrozma\n|-damage|p1a: Necrozma|23/100\n|move|p1a: Necrozma|Moongeist Beam|p2a: Iron Jugulis\n|-resisted|p2a: Iron Jugulis\n|-damage|p2a: Iron Jugulis|149/271\n|\n|-heal|p1a: Necrozma|30/100|[from] item: Leftovers\n|upkeep\n|turn|8\n|inactive|Time left: 300 sec this turn | 300 sec total\n|\n|t:|1783545389\n|-terastallize|p1a: Necrozma|Fairy\n|move|p2a: Iron Jugulis|Dark Pulse|p1a: Necrozma\n|-resisted|p1a: Necrozma\n|-damage|p1a: Necrozma|17/100\n|move|p1a: Necrozma|Moonlight|p1a: Necrozma\n|-heal|p1a: Necrozma|67/100\n|\n|-heal|p1a: Necrozma|74/100|[from] item: Leftovers\n|upkeep\n|turn|9\n|inactive|Time left: 300 sec this turn | 300 sec total\n|\n|t:|1783545390\n|move|p2a: Iron Jugulis|Dark Pulse|p1a: Necrozma\n|-resisted|p1a: Necrozma\n|-crit|p1a: Necrozma\n|-damage|p1a: Necrozma|45/100\n|move|p1a: Necrozma|Moongeist Beam|p2a: Iron Jugulis\n|-resisted|p2a: Iron Jugulis\n|-damage|p2a: Iron Jugulis|42/271\n|\n|-heal|p1a: Necrozma|51/100|[from] item: Leftovers\n|upkeep\n|turn|10\n|inactive|Time left: 300 sec this turn | 300 sec total\n|\n|t:|1783545391\n|move|p2a: Iron Jugulis|Dark Pulse|p1a: Necrozma\n|-resisted|p1a: Necrozma\n|-damage|p1a: Necrozma|39/100\n|move|p1a: Necrozma|Moongeist Beam|p2a: Iron Jugulis\n|-resisted|p2a: Iron Jugulis\n|-damage|p2a: Iron Jugulis|0 fnt\n|faint|p2a: Iron Jugulis\n|-end|p2a: Iron Jugulis|Quark Drive|[silent]\n|\n|-heal|p1a: Necrozma|45/100|[from] item: Leftovers\n|upkeep\n|inactive|Time left: 300 sec this turn | 300 sec total | 5 sec grace\n|\n|t:|1783545392\n|switch|p2a: Mewtwo|Mewtwo, L72|272/272\n|-ability|p2a: Mewtwo|Pressure\n|turn|11\n|inactive|Time left: 300 sec this turn | 300 sec total\n|\n|t:|1783545393\n|switch|p1a: Grimmsnarl|Grimmsnarl, L83, M|100/100\n|-damage|p1a: Grimmsnarl|88/100|[from] Stealth Rock\n|move|p2a: Mewtwo|Psystrike|p1a: Grimmsnarl\n|-immune|p1a: Grimmsnarl\n|\n|upkeep\n|turn|12\n|inactive|Time left: 300 sec this turn | 300 sec total\n|\n|t:|1783545394\n|move|p2a: Mewtwo|Nasty Plot|p2a: Mewtwo\n|-boost|p2a: Mewtwo|spa|2\n|move|p1a: Grimmsnarl|Spirit Break|p2a: Mewtwo\n|-damage|p2a: Mewtwo|164/272\n|-unboost|p2a: Mewtwo|spa|1\n|\n|upkeep\n|turn|13\n|inactive|Time left: 300 sec this turn | 300 sec total\n|\n|t:|1783545395\n|move|p2a: Mewtwo|Fire Blast|p1a: Grimmsnarl|[miss]\n|-miss|p2a: Mewtwo|p1a: Grimmsnarl\n|move|p1a: Grimmsnarl|Spirit Break|p2a: Mewtwo\n|-damage|p2a: Mewtwo|61/272\n|-unboost|p2a: Mewtwo|spa|1\n|\n|upkeep\n|turn|14\n|inactive|Time left: 300 sec this turn | 300 sec total\n|\n|t:|1783545397\n|switch|p2a: Bisharp|Bisharp, L79, M|139/232 par\n|move|p1a: Grimmsnarl|Spirit Break|p2a: Bisharp\n|-damage|p2a: Bisharp|79/232 par\n|-unboost|p2a: Bisharp|spa|1\n|-ability|p2a: Bisharp|Defiant|boost\n|-boost|p2a: Bisharp|atk|2\n|\n|upkeep\n|turn|15\n|inactive|Time left: 300 sec this turn | 300 sec total\n|\n|t:|1783545398\n|switch|p1a: Ampharos|Ampharos, L88, M|100/100\n|-damage|p1a: Ampharos|88/100|[from] Stealth Rock\n|cant|p2a: Bisharp|par\n|\n|upkeep\n|turn|16\n|inactive|Time left: 300 sec this turn | 300 sec total\n|\n|t:|1783545399\n|cant|p2a: Bisharp|par\n|move|p1a: Ampharos|Discharge|p2a: Bisharp\n|-crit|p2a: Bisharp\n|-damage|p2a: Bisharp|0 fnt\n|faint|p2a: Bisharp\n|\n|upkeep\n|inactive|Time left: 300 sec this turn | 300 sec total | 5 sec grace\n|\n|t:|1783545400\n|switch|p2a: Glaceon|Glaceon, L94, M|275/275\n|turn|17\n|inactive|Time left: 300 sec this turn | 300 sec total\n|\n|t:|1783545401\n|move|p2a: Glaceon|Calm Mind|p2a: Glaceon\n|-boost|p2a: Glaceon|spa|1\n|-boost|p2a: Glaceon|spd|1\n|move|p1a: Ampharos|Discharge|p2a: Glaceon\n|-damage|p2a: Glaceon|217/275\n|-status|p2a: Glaceon|par\n|\n|upkeep\n|turn|18\n|inactive|Time left: 300 sec this turn | 300 sec total\n|\n|t:|1783545402\n|move|p2a: Glaceon|Freeze-Dry|p1a: Ampharos\n|-damage|p1a: Ampharos|53/100\n|move|p1a: Ampharos|Dragon Tail|p2a: Glaceon\n|-damage|p2a: Glaceon|188/275 par\n|drag|p2a: Rayquaza|Rayquaza, L72|270/270\n|-ability|p2a: Rayquaza|Air Lock\n|\n|upkeep\n|turn|19\n|inactive|Time left: 300 sec this turn | 300 sec total\n|\n|t:|1783545403\n|move|p2a: Rayquaza|Dragon Dance|p2a: Rayquaza\n|-boost|p2a: Rayquaza|atk|1\n|-boost|p2a: Rayquaza|spe|1\n|move|p1a: Ampharos|Dragon Tail|p2a: Rayquaza\n|-supereffective|p2a: Rayquaza\n|-damage|p2a: Rayquaza|176/270\n|drag|p2a: Glaceon|Glaceon, L94, M|188/275 par\n|\n|upkeep\n|turn|20\n|inactive|Time left: 300 sec this turn | 300 sec total\n|\n|t:|1783545404\n|move|p1a: Ampharos|Discharge|p2a: Glaceon\n|-damage|p2a: Glaceon|95/275 par\n|move|p2a: Glaceon|Calm Mind|p2a: Glaceon\n|-boost|p2a: Glaceon|spa|1\n|-boost|p2a: Glaceon|spd|1\n|\n|upkeep\n|turn|21\n|inactive|Time left: 300 sec this turn | 300 sec total\n|\n|t:|1783545405\n|move|p1a: Ampharos|Discharge|p2a: Glaceon\n|-damage|p2a: Glaceon|29/275 par\n|cant|p2a: Glaceon|par\n|\n|upkeep\n|turn|22\n|inactive|Time left: 300 sec this turn | 300 sec total\n|\n|t:|1783545406\n|move|p2a: Glaceon|Protect|p2a: Glaceon\n|-singleturn|p2a: Glaceon|Protect\n|move|p1a: Ampharos|Dazzling Gleam|p2a: Glaceon\n|-activate|p2a: Glaceon|move: Protect\n|\n|upkeep\n|turn|23\n|inactive|Time left: 300 sec this turn | 300 sec total\n|\n|t:|1783545408\n|move|p1a: Ampharos|Dazzling Gleam|p2a: Glaceon\n|-damage|p2a: Glaceon|0 fnt\n|faint|p2a: Glaceon\n|\n|upkeep\n|inactive|Time left: 300 sec this turn | 300 sec total | 5 sec grace\n|\n|t:|1783545409\n|switch|p2a: Rayquaza|Rayquaza, L72|176/270\n|-ability|p2a: Rayquaza|Air Lock\n|turn|24\n|inactive|Time left: 300 sec this turn | 300 sec total\n|\n|t:|1783545410\n|move|p2a: Rayquaza|Dragon Dance|p2a: Rayquaza\n|-boost|p2a: Rayquaza|atk|1\n|-boost|p2a: Rayquaza|spe|1\n|move|p1a: Ampharos|Discharge|p2a: Rayquaza\n|-damage|p2a: Rayquaza|46/270\n|\n|upkeep\n|turn|25\n|inactive|Time left: 300 sec this turn | 300 sec total\n|\n|t:|1783545411\n|switch|p1a: Piloswine|Piloswine, L85, M|100/100\n|-damage|p1a: Piloswine|88/100|[from] Stealth Rock\n|move|p2a: Rayquaza|Earthquake|p1a: Piloswine\n|-damage|p1a: Piloswine|61/100\n|\n|upkeep\n|turn|26\n|inactive|Time left: 300 sec this turn | 300 sec total\n|\n|t:|1783545412\n|-terastallize|p2a: Rayquaza|Flying\n|move|p1a: Piloswine|Ice Shard|p2a: Rayquaza\n|-supereffective|p2a: Rayquaza\n|-damage|p2a: Rayquaza|0 fnt\n|faint|p2a: Rayquaza\n|\n|upkeep\n|inactive|Time left: 300 sec this turn | 300 sec total | 5 sec grace\n|\n|t:|1783545413\n|switch|p2a: Mewtwo|Mewtwo, L72|61/272\n|-ability|p2a: Mewtwo|Pressure\n|turn|27\n|inactive|Time left: 300 sec this turn | 300 sec total\n|\n|t:|1783545414\n|move|p2a: Mewtwo|Nasty Plot|p2a: Mewtwo\n|-boost|p2a: Mewtwo|spa|2\n|move|p1a: Piloswine|Earthquake|p2a: Mewtwo\n|-damage|p2a: Mewtwo|0 fnt\n|faint|p2a: Mewtwo\n|\n|win|p0x48163ab", "uploadtime": 1783545414, "views": 0, "rating": 0, "private": 0, "password": null, "_winner": "p0x48163ab", "_our_name": "p0y48144e4"}