{"id": "battle-gen9randombattle-2967", "formatid": "gen9randombattle", "format": "[Gen 9] Random Battle", "players": ["p0x2967bfa6", "p0y2967b256"], "log": "|init|battle\n|title|p0x2967bfa6 vs. p0y2967b256\n|j|\u2606p0x2967bfa6\n|j|\u2606p0y2967b256\n|t:|1783574156\n|gametype|singles\n|player|p1|p0x2967bfa6|170|\n|player|p2|p0y2967b256|1|\n|gen|9\n|tier|[Gen 9] Random Battle\n|rule|Species Clause: Limit one of each Pok\u00e9mon\n|rule|HP Percentage Mod: HP is shown in percentages\n|rule|Sleep Clause Mod: Limit one foe put to sleep\n|rule|Illusion Level Mod: Illusion disguises the Pok\u00e9mon's true level\n|\n|t:|1783574156\n|teamsize|p1|6\n|teamsize|p2|6\n|start\n|switch|p1a: Alcremie|Alcremie-Rainbow-Swirl, L90, F|263/263\n|switch|p2a: Hippowdon|Hippowdon, L82, M|100/100\n|-weather|Sandstorm|[from] ability: Sand Stream|[of] p2a: Hippowdon\n|turn|1\n|inactive|Battle timer is ON: inactive players will automatically lose when time's up. (requested by p0y2967b256)\n|inactive|Time left: 300 sec this turn | 300 sec total | 60 sec grace\n|inactive|p0x2967bfa6 also wants the timer to be on.\n|\n|t:|1783574158\n|move|p1a: Alcremie|Calm Mind|p1a: Alcremie\n|-boost|p1a: Alcremie|spa|1\n|-boost|p1a: Alcremie|spd|1\n|move|p2a: Hippowdon|Earthquake|p1a: Alcremie\n|-damage|p1a: Alcremie|145/263\n|\n|-weather|Sandstorm|[upkeep]\n|-damage|p1a: Alcremie|129/263|[from] Sandstorm\n|-heal|p1a: Alcremie|145/263|[from] item: Leftovers\n|upkeep\n|turn|2\n|inactive|Time left: 300 sec this turn | 300 sec total\n|\n|t:|1783574159\n|move|p1a: Alcremie|Recover|p1a: Alcremie\n|-heal|p1a: Alcremie|263/263\n|move|p2a: Hippowdon|Earthquake|p1a: Alcremie\n|-damage|p1a: Alcremie|134/263\n|\n|-weather|Sandstorm|[upkeep]\n|-damage|p1a: Alcremie|118/263|[from] Sandstorm\n|-heal|p1a: Alcremie|134/263|[from] item: Leftovers\n|upkeep\n|turn|3\n|inactive|Time left: 300 sec this turn | 300 sec total\n|\n|t:|1783574160\n|move|p1a: Alcremie|Recover|p1a: Alcremie\n|-heal|p1a: Alcremie|263/263\n|move|p2a: Hippowdon|Earthquake|p1a: Alcremie\n|-damage|p1a: Alcremie|134/263\n|\n|-weather|Sandstorm|[upkeep]\n|-damage|p1a: Alcremie|118/263|[from] Sandstorm\n|-heal|p1a: Alcremie|134/263|[from] item: Leftovers\n|upkeep\n|turn|4\n|inactive|Time left: 300 sec this turn | 300 sec total\n|\n|t:|1783574161\n|move|p1a: Alcremie|Recover|p1a: Alcremie\n|-heal|p1a: Alcremie|263/263\n|move|p2a: Hippowdon|Earthquake|p1a: Alcremie\n|-damage|p1a: Alcremie|145/263\n|\n|-weather|Sandstorm|[upkeep]\n|-damage|p1a: Alcremie|129/263|[from] Sandstorm\n|-heal|p1a: Alcremie|145/263|[from] item: Leftovers\n|upkeep\n|turn|5\n|inactive|Time left: 300 sec this turn | 300 sec total\n|\n|t:|1783574163\n|move|p1a: Alcremie|Alluring Voice|p2a: Hippowdon\n|-damage|p2a: Hippowdon|34/100\n|move|p2a: Hippowdon|Earthquake|p1a: Alcremie\n|-damage|p1a: Alcremie|24/263\n|\n|-weather|none\n|-heal|p1a: Alcremie|40/263|[from] item: Leftovers\n|-heal|p2a: Hippowdon|40/100|[from] item: Leftovers\n|upkeep\n|turn|6\n|inactive|Time left: 300 sec this turn | 300 sec total\n|\n|t:|1783574164\n|switch|p2a: Basculegion|Basculegion-F, L83, F|100/100\n|move|p1a: Alcremie|Alluring Voice|p2a: Basculegion\n|-damage|p2a: Basculegion|65/100\n|\n|-heal|p1a: Alcremie|56/263|[from] item: Leftovers\n|upkeep\n|turn|7\n|inactive|Time left: 300 sec this turn | 300 sec total\n|\n|t:|1783574165\n|move|p2a: Basculegion|Wave Crash|p1a: Alcremie\n|-damage|p1a: Alcremie|0 fnt\n|faint|p1a: Alcremie\n|-damage|p2a: Basculegion|59/100|[from] Recoil\n|\n|upkeep\n|inactive|Time left: 300 sec this turn | 300 sec total | 5 sec grace\n|\n|t:|1783574166\n|switch|p1a: Glaceon|Glaceon, L94, F|275/275\n|turn|8\n|inactive|Time left: 300 sec this turn | 300 sec total\n|\n|t:|1783574167\n|move|p2a: Basculegion|Hydro Pump|p1a: Glaceon\n|-damage|p1a: Glaceon|151/275\n|move|p1a: Glaceon|Freeze-Dry|p2a: Basculegion\n|-supereffective|p2a: Basculegion\n|-damage|p2a: Basculegion|9/100\n|\n|upkeep\n|turn|9\n|inactive|Time left: 300 sec this turn | 300 sec total\n|\n|t:|1783574168\n|move|p2a: Basculegion|Shadow Ball|p1a: Glaceon\n|-damage|p1a: Glaceon|49/275\n|-unboost|p1a: Glaceon|spd|1\n|move|p1a: Glaceon|Freeze-Dry|p2a: Basculegion\n|-supereffective|p2a: Basculegion\n|-damage|p2a: Basculegion|0 fnt\n|faint|p2a: Basculegion\n|\n|upkeep\n|\n|t:|1783574169\n|switch|p2a: Medicham|Medicham, L86, F|100/100\n|turn|10\n|inactive|Time left: 300 sec this turn | 300 sec total\n|\n|t:|1783574170\n|move|p2a: Medicham|Close Combat|p1a: Glaceon\n|-supereffective|p1a: Glaceon\n|-damage|p1a: Glaceon|0 fnt\n|-unboost|p2a: Medicham|def|1\n|-unboost|p2a: Medicham|spd|1\n|faint|p1a: Glaceon\n|\n|upkeep\n|inactive|Time left: 300 sec this turn | 300 sec total | 5 sec grace\n|\n|t:|1783574171\n|switch|p1a: Basculin|Basculin, L86, M|261/261\n|turn|11\n|inactive|Time left: 300 sec this turn | 300 sec total\n|\n|t:|1783574172\n|-terastallize|p2a: Medicham|Fighting\n|move|p2a: Medicham|Close Combat|p1a: Basculin\n|-damage|p1a: Basculin|0 fnt\n|-unboost|p2a: Medicham|def|1\n|-unboost|p2a: Medicham|spd|1\n|faint|p1a: Basculin\n|\n|upkeep\n|inactive|Time left: 300 sec this turn | 300 sec total | 5 sec grace\n|\n|t:|1783574173\n|switch|p1a: Trevenant|Trevenant, L89, F|296/296\n|turn|12\n|inactive|Time left: 300 sec this turn | 300 sec total\n|\n|t:|1783574174\n|switch|p2a: Hippowdon|Hippowdon, L82, M|40/100\n|-weather|Sandstorm|[from] ability: Sand Stream|[of] p2a: Hippowdon\n|move|p1a: Trevenant|Poltergeist|p2a: Hippowdon|[miss]\n|-miss|p1a: Trevenant|p2a: Hippowdon\n|\n|-weather|Sandstorm|[upkeep]\n|-damage|p1a: Trevenant|278/296|[from] Sandstorm\n|-heal|p2a: Hippowdon|46/100|[from] item: Leftovers\n|upkeep\n|turn|13\n|inactive|Time left: 300 sec this turn | 300 sec total\n|\n|t:|1783574175\n|move|p1a: Trevenant|Poltergeist|p2a: Hippowdon\n|-activate|p2a: Hippowdon|move: Poltergeist|Leftovers\n|-damage|p2a: Hippowdon|1/100\n|-damage|p1a: Trevenant|249/296|[from] item: Life Orb\n|move|p2a: Hippowdon|Slack Off|p2a: Hippowdon\n|-heal|p2a: Hippowdon|51/100\n|\n|-weather|Sandstorm|[upkeep]\n|-damage|p1a: Trevenant|231/296|[from] Sandstorm\n|-heal|p2a: Hippowdon|57/100|[from] item: Leftovers\n|upkeep\n|turn|14\n|inactive|Time left: 300 sec this turn | 300 sec total\n|\n|t:|1783574176\n|switch|p2a: Talonflame|Talonflame, L83, M|100/100\n|move|p1a: Trevenant|Wood Hammer|p2a: Talonflame\n|-resisted|p2a: Talonflame\n|-damage|p2a: Talonflame|77/100\n|-status|p1a: Trevenant|brn|[from] ability: Flame Body|[of] p2a: Talonflame\n|-damage|p1a: Trevenant|211/296 brn|[from] Recoil\n|-damage|p1a: Trevenant|182/296 brn|[from] item: Life Orb\n|\n|-weather|Sandstorm|[upkeep]\n|-damage|p2a: Talonflame|71/100|[from] Sandstorm\n|-damage|p1a: Trevenant|164/296 brn|[from] Sandstorm\n|-damage|p1a: Trevenant|146/296 brn|[from] brn\n|upkeep\n|turn|15\n|inactive|Time left: 300 sec this turn | 300 sec total\n|\n|t:|1783574177\n|-curestatus|p1a: Trevenant|brn|[from] ability: Natural Cure|[silent]\n|switch|p1a: Iron Jugulis|Iron Jugulis, L77|271/271\n|move|p2a: Talonflame|Brave Bird|p1a: Iron Jugulis\n|-damage|p1a: Iron Jugulis|144/271\n|-damage|p2a: Talonflame|55/100|[from] Recoil\n|\n|-weather|Sandstorm|[upkeep]\n|-damage|p2a: Talonflame|49/100|[from] Sandstorm\n|-damage|p1a: Iron Jugulis|128/271|[from] Sandstorm\n|upkeep\n|turn|16\n|inactive|Time left: 300 sec this turn | 300 sec total\n|\n|t:|1783574178\n|move|p2a: Talonflame|Overheat|p1a: Iron Jugulis\n|-damage|p1a: Iron Jugulis|0 fnt\n|-unboost|p2a: Talonflame|spa|2\n|faint|p1a: Iron Jugulis\n|-end|p1a: Iron Jugulis|Quark Drive|[silent]\n|\n|-weather|none\n|upkeep\n|inactive|Time left: 300 sec this turn | 300 sec total | 5 sec grace\n|\n|t:|1783574179\n|switch|p1a: Greninja|Greninja, L80, M|246/246\n|turn|17\n|inactive|Time left: 300 sec this turn | 300 sec total\n|\n|t:|1783574179\n|move|p2a: Talonflame|Brave Bird|p1a: Greninja\n|-damage|p1a: Greninja|107/246\n|-damage|p2a: Talonflame|32/100|[from] Recoil\n|move|p1a: Greninja|Hydro Pump|p2a: Talonflame\n|-start|p1a: Greninja|typechange|Water|[from] ability: Protean\n|-supereffective|p2a: Talonflame\n|-damage|p2a: Talonflame|0 fnt\n|faint|p2a: Talonflame\n|-damage|p1a: Greninja|83/246|[from] item: Life Orb\n|\n|upkeep\n|\n|t:|1783574180\n|switch|p2a: Medicham|Medicham, L86, F, tera:Fighting|100/100\n|turn|18\n|inactive|Time left: 300 sec this turn | 300 sec total\n|\n|t:|1783574181\n|switch|p1a: Trevenant|Trevenant, L89, F|146/296\n|move|p2a: Medicham|Zen Headbutt|p1a: Trevenant\n|-damage|p1a: Trevenant|10/296\n|\n|upkeep\n|turn|19\n|inactive|Time left: 300 sec this turn | 300 sec total\n|\n|t:|1783574182\n|switch|p1a: Greninja|Greninja, L80, M|83/246\n|move|p2a: Medicham|Zen Headbutt|p1a: Greninja\n|-immune|p1a: Greninja\n|\n|upkeep\n|turn|20\n|inactive|Time left: 300 sec this turn | 300 sec total\n|\n|t:|1783574182\n|switch|p2a: Giratina|Giratina, L75|100/100\n|-ability|p2a: Giratina|Pressure\n|move|p1a: Greninja|Gunk Shot|p2a: Giratina\n|-start|p1a: Greninja|typechange|Poison|[from] ability: Protean\n|-resisted|p2a: Giratina\n|-damage|p2a: Giratina|82/100\n|-status|p2a: Giratina|psn\n|-damage|p1a: Greninja|59/246|[from] item: Life Orb\n|\n|-heal|p2a: Giratina|88/100 psn|[from] item: Leftovers\n|-damage|p2a: Giratina|76/100 psn|[from] psn\n|upkeep\n|turn|21\n|inactive|Time left: 300 sec this turn | 300 sec total\n|\n|t:|1783574183\n|move|p1a: Greninja|Spikes|p2a: Giratina\n|-sidestart|p2: p0y2967b256|Spikes\n|move|p2a: Giratina|Shadow Ball|p1a: Greninja\n|-damage|p1a: Greninja|0 fnt\n|faint|p1a: Greninja\n|\n|-heal|p2a: Giratina|82/100 psn|[from] item: Leftovers\n|-damage|p2a: Giratina|69/100 psn|[from] psn\n|upkeep\n|inactive|Time left: 300 sec this turn | 300 sec total | 5 sec grace\n|\n|t:|1783574184\n|switch|p1a: Trevenant|Trevenant, L89, F|10/296\n|turn|22\n|inactive|Time left: 300 sec this turn | 300 sec total\n|\n|t:|1783574185\n|-terastallize|p1a: Trevenant|Fighting\n|move|p2a: Giratina|Shadow Ball|p1a: Trevenant\n|-damage|p1a: Trevenant|0 fnt\n|faint|p1a: Trevenant\n|\n|win|p0y2967b256", "uploadtime": 1783574185, "views": 0, "rating": 0, "private": 0, "password": null, "_winner": "p0y2967b256", "_our_name": "p0x2967bfa6"}