{"id": "battle-gen9randombattle-1697", "formatid": "gen9randombattle", "format": "[Gen 9] Random Battle", "players": ["p0x169753c9", "p0y1697f140"], "log": "|init|battle\n|title|p0x169753c9 vs. p0y1697f140\n|j|\u2606p0x169753c9\n|j|\u2606p0y1697f140\n|t:|1783558858\n|gametype|singles\n|player|p1|p0x169753c9|170|\n|player|p2|p0y1697f140|1|\n|gen|9\n|tier|[Gen 9] Random Battle\n|rule|Species Clause: Limit one of each Pok\u00e9mon\n|rule|HP Percentage Mod: HP is shown in percentages\n|rule|Sleep Clause Mod: Limit one foe put to sleep\n|rule|Illusion Level Mod: Illusion disguises the Pok\u00e9mon's true level\n|\n|t:|1783558858\n|teamsize|p1|6\n|teamsize|p2|6\n|start\n|switch|p1a: Drifblim|Drifblim, L86, M|100/100\n|switch|p2a: Cinderace|Cinderace, L77, M|249/249\n|turn|1\n|inactive|Battle timer is ON: inactive players will automatically lose when time's up. (requested by p0x169753c9)\n|inactive|Time left: 300 sec this turn | 300 sec total | 60 sec grace\n|inactive|p0y1697f140 also wants the timer to be on.\n|\n|t:|1783558860\n|move|p2a: Cinderace|Pyro Ball|p1a: Drifblim\n|-damage|p1a: Drifblim|29/100\n|-enditem|p1a: Drifblim|Sitrus Berry|[eat]\n|-heal|p1a: Drifblim|54/100|[from] item: Sitrus Berry\n|move|p1a: Drifblim|Calm Mind|p1a: Drifblim\n|-boost|p1a: Drifblim|spa|1\n|-boost|p1a: Drifblim|spd|1\n|\n|upkeep\n|turn|2\n|inactive|Time left: 300 sec this turn | 300 sec total\n|\n|t:|1783558861\n|move|p1a: Drifblim|Strength Sap|p2a: Cinderace\n|-unboost|p2a: Cinderace|atk|1\n|-heal|p1a: Drifblim|100/100\n|move|p2a: Cinderace|Pyro Ball|p1a: Drifblim\n|-damage|p1a: Drifblim|54/100\n|-status|p1a: Drifblim|brn\n|\n|-damage|p1a: Drifblim|47/100 brn|[from] brn\n|upkeep\n|turn|3\n|inactive|Time left: 300 sec this turn | 300 sec total\n|\n|t:|1783558862\n|move|p1a: Drifblim|Shadow Ball|p2a: Cinderace\n|-damage|p2a: Cinderace|105/249\n|move|p2a: Cinderace|Pyro Ball|p1a: Drifblim\n|-damage|p1a: Drifblim|0 fnt\n|faint|p1a: Drifblim\n|\n|upkeep\n|\n|t:|1783558863\n|switch|p1a: Dunsparce|Dunsparce, L86, M|100/100\n|turn|4\n|inactive|Time left: 300 sec this turn | 300 sec total\n|\n|t:|1783558864\n|move|p2a: Cinderace|Pyro Ball|p1a: Dunsparce\n|-damage|p1a: Dunsparce|71/100\n|move|p1a: Dunsparce|Coil|p1a: Dunsparce\n|-boost|p1a: Dunsparce|atk|1\n|-boost|p1a: Dunsparce|def|1\n|-boost|p1a: Dunsparce|accuracy|1\n|\n|upkeep\n|turn|5\n|inactive|Time left: 300 sec this turn | 300 sec total\n|\n|t:|1783558865\n|switch|p2a: Falinks|Falinks, L84|246/246\n|move|p1a: Dunsparce|Body Slam|p2a: Falinks\n|-damage|p2a: Falinks|143/246\n|-status|p2a: Falinks|par\n|\n|upkeep\n|turn|6\n|inactive|Time left: 300 sec this turn | 300 sec total\n|\n|t:|1783558867\n|move|p1a: Dunsparce|Body Slam|p2a: Falinks\n|-damage|p2a: Falinks|38/246 par\n|move|p2a: Falinks|No Retreat|p2a: Falinks\n|-boost|p2a: Falinks|atk|1\n|-boost|p2a: Falinks|def|1\n|-boost|p2a: Falinks|spa|1\n|-boost|p2a: Falinks|spd|1\n|-boost|p2a: Falinks|spe|1\n|-start|p2a: Falinks|move: No Retreat\n|\n|upkeep\n|turn|7\n|inactive|Time left: 300 sec this turn | 300 sec total\n|\n|t:|1783558868\n|-terastallize|p1a: Dunsparce|Ghost\n|move|p2a: Falinks|Close Combat|p1a: Dunsparce\n|-immune|p1a: Dunsparce\n|move|p1a: Dunsparce|Body Slam|p2a: Falinks\n|-damage|p2a: Falinks|0 fnt\n|faint|p2a: Falinks\n|\n|upkeep\n|inactive|Time left: 300 sec this turn | 300 sec total | 5 sec grace\n|\n|t:|1783558869\n|switch|p2a: Wo-Chien|Wo-Chien, L83|277/277\n|-ability|p2a: Wo-Chien|Tablets of Ruin\n|turn|8\n|inactive|Time left: 300 sec this turn | 300 sec total\n|\n|t:|1783558870\n|move|p2a: Wo-Chien|Leech Seed|p1a: Dunsparce\n|-start|p1a: Dunsparce|move: Leech Seed\n|move|p1a: Dunsparce|Roost|p1a: Dunsparce\n|-heal|p1a: Dunsparce|100/100\n|\n|-damage|p1a: Dunsparce|88/100|[from] Leech Seed|[of] p2a: Wo-Chien\n|upkeep\n|turn|9\n|inactive|Time left: 300 sec this turn | 300 sec total\n|\n|t:|1783558871\n|move|p2a: Wo-Chien|Ruination|p1a: Dunsparce\n|-damage|p1a: Dunsparce|44/100\n|move|p1a: Dunsparce|Coil|p1a: Dunsparce\n|-boost|p1a: Dunsparce|atk|1\n|-boost|p1a: Dunsparce|def|1\n|-boost|p1a: Dunsparce|accuracy|1\n|\n|-damage|p1a: Dunsparce|32/100|[from] Leech Seed|[of] p2a: Wo-Chien\n|upkeep\n|turn|10\n|inactive|Time left: 300 sec this turn | 300 sec total\n|\n|t:|1783558872\n|move|p2a: Wo-Chien|Knock Off|p1a: Dunsparce\n|-supereffective|p1a: Dunsparce\n|-damage|p1a: Dunsparce|9/100\n|-enditem|p1a: Dunsparce|Eviolite|[from] move: Knock Off|[of] p2a: Wo-Chien\n|move|p1a: Dunsparce|Roost|p1a: Dunsparce\n|-heal|p1a: Dunsparce|59/100\n|\n|-damage|p1a: Dunsparce|46/100|[from] Leech Seed|[of] p2a: Wo-Chien\n|upkeep\n|turn|11\n|inactive|Time left: 300 sec this turn | 300 sec total\n|\n|t:|1783558873\n|move|p2a: Wo-Chien|Knock Off|p1a: Dunsparce\n|-supereffective|p1a: Dunsparce\n|-damage|p1a: Dunsparce|21/100\n|move|p1a: Dunsparce|Roost|p1a: Dunsparce\n|-heal|p1a: Dunsparce|71/100\n|\n|-damage|p1a: Dunsparce|59/100|[from] Leech Seed|[of] p2a: Wo-Chien\n|upkeep\n|turn|12\n|inactive|Time left: 300 sec this turn | 300 sec total\n|\n|t:|1783558874\n|move|p2a: Wo-Chien|Ruination|p1a: Dunsparce\n|-damage|p1a: Dunsparce|30/100\n|move|p1a: Dunsparce|Roost|p1a: Dunsparce\n|-heal|p1a: Dunsparce|80/100\n|\n|-damage|p1a: Dunsparce|67/100|[from] Leech Seed|[of] p2a: Wo-Chien\n|upkeep\n|turn|13\n|inactive|Time left: 300 sec this turn | 300 sec total\n|\n|t:|1783558875\n|move|p2a: Wo-Chien|Ruination|p1a: Dunsparce\n|-damage|p1a: Dunsparce|34/100\n|move|p1a: Dunsparce|Roost|p1a: Dunsparce\n|-heal|p1a: Dunsparce|84/100\n|\n|-damage|p1a: Dunsparce|71/100|[from] Leech Seed|[of] p2a: Wo-Chien\n|upkeep\n|turn|14\n|inactive|Time left: 300 sec this turn | 300 sec total\n|\n|t:|1783558877\n|move|p2a: Wo-Chien|Ruination|p1a: Dunsparce|[miss]\n|-miss|p2a: Wo-Chien|p1a: Dunsparce\n|move|p1a: Dunsparce|Roost|p1a: Dunsparce\n|-heal|p1a: Dunsparce|100/100\n|\n|-damage|p1a: Dunsparce|88/100|[from] Leech Seed|[of] p2a: Wo-Chien\n|upkeep\n|turn|15\n|inactive|Time left: 300 sec this turn | 300 sec total\n|\n|t:|1783558878\n|move|p2a: Wo-Chien|Ruination|p1a: Dunsparce\n|-damage|p1a: Dunsparce|44/100\n|move|p1a: Dunsparce|Body Slam|p2a: Wo-Chien\n|-damage|p2a: Wo-Chien|171/277\n|-status|p2a: Wo-Chien|par\n|\n|-heal|p2a: Wo-Chien|188/277 par|[from] item: Leftovers\n|-damage|p1a: Dunsparce|32/100|[from] Leech Seed|[of] p2a: Wo-Chien\n|-heal|p2a: Wo-Chien|227/277 par|[silent]\n|upkeep\n|turn|16\n|inactive|Time left: 300 sec this turn | 300 sec total\n|\n|t:|1783558879\n|move|p1a: Dunsparce|Roost|p1a: Dunsparce\n|-heal|p1a: Dunsparce|82/100\n|move|p2a: Wo-Chien|Ruination|p1a: Dunsparce\n|-damage|p1a: Dunsparce|41/100\n|\n|-heal|p2a: Wo-Chien|244/277 par|[from] item: Leftovers\n|-damage|p1a: Dunsparce|29/100|[from] Leech Seed|[of] p2a: Wo-Chien\n|-heal|p2a: Wo-Chien|277/277 par|[silent]\n|upkeep\n|turn|17\n|inactive|Time left: 300 sec this turn | 300 sec total\n|\n|t:|1783558880\n|move|p1a: Dunsparce|Roost|p1a: Dunsparce\n|-heal|p1a: Dunsparce|79/100\n|move|p2a: Wo-Chien|Knock Off|p1a: Dunsparce\n|-supereffective|p1a: Dunsparce\n|-damage|p1a: Dunsparce|54/100\n|\n|-damage|p1a: Dunsparce|41/100|[from] Leech Seed|[of] p2a: Wo-Chien\n|upkeep\n|turn|18\n|inactive|Time left: 300 sec this turn | 300 sec total\n|\n|t:|1783558881\n|move|p1a: Dunsparce|Body Slam|p2a: Wo-Chien\n|-damage|p2a: Wo-Chien|177/277 par\n|cant|p2a: Wo-Chien|par\n|\n|-heal|p2a: Wo-Chien|194/277 par|[from] item: Leftovers\n|-damage|p1a: Dunsparce|29/100|[from] Leech Seed|[of] p2a: Wo-Chien\n|-heal|p2a: Wo-Chien|233/277 par|[silent]\n|upkeep\n|turn|19\n|inactive|Time left: 300 sec this turn | 300 sec total\n|\n|t:|1783558882\n|move|p1a: Dunsparce|Body Slam|p2a: Wo-Chien\n|-damage|p2a: Wo-Chien|137/277 par\n|cant|p2a: Wo-Chien|par\n|\n|-heal|p2a: Wo-Chien|154/277 par|[from] item: Leftovers\n|-damage|p1a: Dunsparce|16/100|[from] Leech Seed|[of] p2a: Wo-Chien\n|-heal|p2a: Wo-Chien|193/277 par|[silent]\n|upkeep\n|turn|20\n|inactive|Time left: 300 sec this turn | 300 sec total\n|\n|t:|1783558883\n|move|p1a: Dunsparce|Body Slam|p2a: Wo-Chien\n|-damage|p2a: Wo-Chien|91/277 par\n|move|p2a: Wo-Chien|Ruination|p1a: Dunsparce\n|-damage|p1a: Dunsparce|9/100\n|\n|-heal|p2a: Wo-Chien|108/277 par|[from] item: Leftovers\n|-damage|p1a: Dunsparce|0 fnt|[from] Leech Seed|[of] p2a: Wo-Chien\n|-heal|p2a: Wo-Chien|133/277 par|[silent]\n|faint|p1a: Dunsparce\n|upkeep\n|\n|t:|1783558884\n|switch|p1a: Ribombee|Ribombee, L83, M|100/100\n|turn|21\n|inactive|Time left: 300 sec this turn | 300 sec total\n|\n|t:|1783558885\n|move|p1a: Ribombee|Sticky Web|p2a: Wo-Chien\n|-sidestart|p2: p0y1697f140|move: Sticky Web\n|cant|p2a: Wo-Chien|par\n|\n|-heal|p2a: Wo-Chien|150/277 par|[from] item: Leftovers\n|upkeep\n|turn|22\n|inactive|Time left: 300 sec this turn | 300 sec total\n|\n|t:|1783558886\n|move|p1a: Ribombee|Bug Buzz|p2a: Wo-Chien\n|-supereffective|p2a: Wo-Chien\n|-crit|p2a: Wo-Chien\n|-damage|p2a: Wo-Chien|0 fnt\n|faint|p2a: Wo-Chien\n|\n|upkeep\n|inactive|Time left: 300 sec this turn | 300 sec total | 5 sec grace\n|\n|t:|1783558887\n|switch|p2a: Cinderace|Cinderace, L77, M|105/249\n|-activate|p2a: Cinderace|move: Sticky Web\n|-unboost|p2a: Cinderace|spe|1\n|turn|23\n|inactive|Time left: 300 sec this turn | 300 sec total\n|\n|t:|1783558888\n|switch|p1a: Alomomola|Alomomola, L87, M|100/100\n|move|p2a: Cinderace|Pyro Ball|p1a: Alomomola\n|-resisted|p1a: Alomomola\n|-damage|p1a: Alomomola|80/100\n|\n|upkeep\n|turn|24\n|inactive|Time left: 300 sec this turn | 300 sec total\n|\n|t:|1783558889\n|switch|p2a: Altaria|Altaria, L89, M|278/278\n|move|p1a: Alomomola|Flip Turn|p2a: Altaria\n|-resisted|p2a: Altaria\n|-damage|p2a: Altaria|251/278\n|\n|t:|1783558890\n|switch|p1a: Pikachu|Pikachu-Unova, L93, F|100/100|[from] Flip Turn\n|\n|upkeep\n|turn|25\n|inactive|Time left: 300 sec this turn | 300 sec total\n|\n|t:|1783558891\n|move|p1a: Pikachu|Volt Tackle|p2a: Altaria\n|-damage|p2a: Altaria|43/278\n|-status|p2a: Altaria|par\n|-damage|p1a: Pikachu|69/100|[from] Recoil\n|move|p2a: Altaria|Defog|p1a: Pikachu\n|-unboost|p1a: Pikachu|evasion|1\n|-sideend|p2: p0y1697f140|Sticky Web|[from] move: Defog|[of] p2a: Altaria\n|\n|upkeep\n|turn|26\n|inactive|Time left: 300 sec this turn | 300 sec total\n|\n|t:|1783558892\n|-curestatus|p2a: Altaria|par|[from] ability: Natural Cure|[silent]\n|switch|p2a: Scovillain|Scovillain, L91, M|266/266\n|move|p1a: Pikachu|Knock Off|p2a: Scovillain\n|-damage|p2a: Scovillain|141/266\n|-enditem|p2a: Scovillain|Choice Scarf|[from] move: Knock Off|[of] p1a: Pikachu\n|\n|upkeep\n|turn|27\n|inactive|Time left: 300 sec this turn | 300 sec total\n|\n|t:|1783558893\n|move|p1a: Pikachu|Volt Switch|p2a: Scovillain\n|-resisted|p2a: Scovillain\n|-damage|p2a: Scovillain|71/266\n|\n|t:|1783558894\n|switch|p1a: Alomomola|Alomomola, L87, M|100/100|[from] Volt Switch\n|move|p2a: Scovillain|Energy Ball|p1a: Alomomola\n|-supereffective|p1a: Alomomola\n|-damage|p1a: Alomomola|13/100\n|\n|upkeep\n|turn|28\n|inactive|Time left: 300 sec this turn | 300 sec total\n|\n|t:|1783558895\n|move|p1a: Alomomola|Protect|p1a: Alomomola\n|-singleturn|p1a: Alomomola|Protect\n|move|p2a: Scovillain|Flamethrower|p1a: Alomomola\n|-activate|p1a: Alomomola|move: Protect\n|\n|upkeep\n|turn|29\n|inactive|Time left: 300 sec this turn | 300 sec total\n|\n|t:|1783558896\n|move|p2a: Scovillain|Flamethrower|p1a: Alomomola\n|-resisted|p1a: Alomomola\n|-damage|p1a: Alomomola|0 fnt\n|faint|p1a: Alomomola\n|\n|upkeep\n|\n|t:|1783558897\n|switch|p1a: Lokix|Lokix, L82, M|100/100\n|turn|30\n|inactive|Time left: 300 sec this turn | 300 sec total\n|\n|t:|1783558898\n|switch|p2a: Rhydon|Rhydon, L85, F|317/317\n|move|p1a: Lokix|First Impression|p2a: Rhydon\n|-damage|p2a: Rhydon|256/317\n|\n|upkeep\n|turn|31\n|inactive|Time left: 300 sec this turn | 300 sec total\n|\n|t:|1783558899\n|move|p1a: Lokix|U-turn|p2a: Rhydon\n|-damage|p2a: Rhydon|210/317\n|\n|t:|1783558900\n|switch|p1a: Pikachu|Pikachu-Unova, L93, F|69/100|[from] U-turn\n|move|p2a: Rhydon|Stone Edge|p1a: Pikachu|[miss]\n|-miss|p2a: Rhydon|p1a: Pikachu\n|\n|upkeep\n|turn|32\n|inactive|Time left: 300 sec this turn | 300 sec total\n|\n|t:|1783558901\n|-terastallize|p2a: Rhydon|Water\n|move|p1a: Pikachu|Surf|p2a: Rhydon\n|-resisted|p2a: Rhydon\n|-damage|p2a: Rhydon|157/317\n|move|p2a: Rhydon|Stone Edge|p1a: Pikachu\n|-damage|p1a: Pikachu|0 fnt\n|faint|p1a: Pikachu\n|\n|upkeep\n|\n|t:|1783558902\n|switch|p1a: Lokix|Lokix, L82, M|100/100\n|turn|33\n|inactive|Time left: 300 sec this turn | 300 sec total\n|\n|t:|1783558902\n|move|p1a: Lokix|Knock Off|p2a: Rhydon\n|-damage|p2a: Rhydon|106/317\n|-enditem|p2a: Rhydon|Eviolite|[from] move: Knock Off|[of] p1a: Lokix\n|move|p2a: Rhydon|Stone Edge|p1a: Lokix\n|-supereffective|p1a: Lokix\n|-damage|p1a: Lokix|0 fnt\n|faint|p1a: Lokix\n|\n|upkeep\n|\n|t:|1783558903\n|switch|p1a: Ribombee|Ribombee, L83, M|100/100\n|turn|34\n|inactive|Time left: 300 sec this turn | 300 sec total\n|\n|t:|1783558904\n|move|p1a: Ribombee|Bug Buzz|p2a: Rhydon\n|-damage|p2a: Rhydon|0 fnt\n|faint|p2a: Rhydon\n|\n|upkeep\n|inactive|Time left: 300 sec this turn | 300 sec total | 5 sec grace\n|\n|t:|1783558905\n|switch|p2a: Cinderace|Cinderace, L77, M|105/249\n|turn|35\n|inactive|Time left: 300 sec this turn | 300 sec total\n|\n|t:|1783558906\n|move|p1a: Ribombee|Moonblast|p2a: Cinderace\n|-resisted|p2a: Cinderace\n|-damage|p2a: Cinderace|42/249\n|move|p2a: Cinderace|Pyro Ball|p1a: Ribombee\n|-supereffective|p1a: Ribombee\n|-damage|p1a: Ribombee|0 fnt\n|faint|p1a: Ribombee\n|\n|win|p0y1697f140", "uploadtime": 1783558906, "views": 0, "rating": 0, "private": 0, "password": null, "_winner": "p0y1697f140", "_our_name": "p0y1697f140"}