{"id": "battle-gen9randombattle-1818", "formatid": "gen9randombattle", "format": "[Gen 9] Random Battle", "players": ["p0x1818f17d", "p0y18187305"], "log": "|init|battle\n|title|p0x1818f17d vs. p0y18187305\n|j|\u2606p0x1818f17d\n|j|\u2606p0y18187305\n|t:|1783561055\n|gametype|singles\n|player|p1|p0x1818f17d|265|\n|player|p2|p0y18187305|266|\n|gen|9\n|tier|[Gen 9] Random Battle\n|rule|Species Clause: Limit one of each Pok\u00e9mon\n|rule|HP Percentage Mod: HP is shown in percentages\n|rule|Sleep Clause Mod: Limit one foe put to sleep\n|rule|Illusion Level Mod: Illusion disguises the Pok\u00e9mon's true level\n|\n|t:|1783561055\n|teamsize|p1|6\n|teamsize|p2|6\n|start\n|switch|p1a: Bastiodon|Bastiodon, L89, M|100/100\n|switch|p2a: Annihilape|Annihilape, L76, F|292/292\n|turn|1\n|inactive|Battle timer is ON: inactive players will automatically lose when time's up. (requested by p0x1818f17d)\n|inactive|Time left: 300 sec this turn | 300 sec total | 60 sec grace\n|\n|t:|1783561056\n|switch|p1a: Oranguru|Oranguru, L92, M|100/100\n|move|p2a: Annihilape|Bulk Up|p2a: Annihilape\n|-boost|p2a: Annihilape|atk|1\n|-boost|p2a: Annihilape|def|1\n|\n|upkeep\n|turn|2\n|inactive|Time left: 300 sec this turn | 300 sec total\n|inactive|p0y18187305 also wants the timer to be on.\n|\n|t:|1783561058\n|move|p2a: Annihilape|Bulk Up|p2a: Annihilape\n|-boost|p2a: Annihilape|atk|1\n|-boost|p2a: Annihilape|def|1\n|move|p1a: Oranguru|Psyshock|p2a: Annihilape\n|-supereffective|p2a: Annihilape\n|-damage|p2a: Annihilape|134/292\n|\n|upkeep\n|turn|3\n|inactive|Time left: 300 sec this turn | 300 sec total\n|\n|t:|1783561059\n|move|p2a: Annihilape|Drain Punch|p1a: Oranguru\n|-damage|p1a: Oranguru|54/100\n|-heal|p2a: Annihilape|208/292|[from] drain|[of] p1a: Oranguru\n|move|p1a: Oranguru|Psyshock|p2a: Annihilape\n|-supereffective|p2a: Annihilape\n|-damage|p2a: Annihilape|28/292\n|\n|upkeep\n|turn|4\n|inactive|Time left: 300 sec this turn | 300 sec total\n|\n|t:|1783561060\n|move|p2a: Annihilape|Rest|p2a: Annihilape\n|-status|p2a: Annihilape|slp|[from] move: Rest\n|-heal|p2a: Annihilape|292/292 slp|[silent]\n|-enditem|p2a: Annihilape|Chesto Berry|[eat]\n|-curestatus|p2a: Annihilape|slp|[msg]\n|move|p1a: Oranguru|Psyshock|p2a: Annihilape\n|-supereffective|p2a: Annihilape\n|-damage|p2a: Annihilape|128/292\n|\n|upkeep\n|turn|5\n|inactive|Time left: 300 sec this turn | 300 sec total\n|\n|t:|1783561061\n|move|p2a: Annihilape|Drain Punch|p1a: Oranguru\n|-damage|p1a: Oranguru|4/100\n|-heal|p2a: Annihilape|207/292|[from] drain|[of] p1a: Oranguru\n|move|p1a: Oranguru|Psyshock|p2a: Annihilape\n|-supereffective|p2a: Annihilape\n|-damage|p2a: Annihilape|33/292\n|\n|upkeep\n|turn|6\n|inactive|Time left: 300 sec this turn | 300 sec total\n|\n|t:|1783561062\n|move|p2a: Annihilape|Drain Punch|p1a: Oranguru\n|-damage|p1a: Oranguru|0 fnt\n|-heal|p2a: Annihilape|39/292|[from] drain|[of] p1a: Oranguru\n|faint|p1a: Oranguru\n|\n|upkeep\n|\n|t:|1783561063\n|switch|p1a: Talonflame|Talonflame, L83, M|100/100\n|turn|7\n|inactive|Time left: 300 sec this turn | 300 sec total\n|\n|t:|1783561064\n|move|p1a: Talonflame|Brave Bird|p2a: Annihilape\n|-supereffective|p2a: Annihilape\n|-damage|p2a: Annihilape|0 fnt\n|faint|p2a: Annihilape\n|-damage|p1a: Talonflame|96/100|[from] Recoil\n|\n|upkeep\n|inactive|Time left: 300 sec this turn | 300 sec total | 5 sec grace\n|\n|t:|1783561065\n|switch|p2a: Primarina|Primarina, L83, F|268/268\n|turn|8\n|inactive|Time left: 300 sec this turn | 300 sec total\n|\n|t:|1783561066\n|switch|p1a: Bastiodon|Bastiodon, L89, M|100/100\n|move|p2a: Primarina|Moonblast|p1a: Bastiodon\n|-resisted|p1a: Bastiodon\n|-damage|p1a: Bastiodon|77/100\n|\n|upkeep\n|turn|9\n|inactive|Time left: 300 sec this turn | 300 sec total\n|\n|t:|1783561068\n|move|p2a: Primarina|Moonblast|p1a: Bastiodon\n|-resisted|p1a: Bastiodon\n|-damage|p1a: Bastiodon|51/100\n|move|p1a: Bastiodon|Iron Defense|p1a: Bastiodon\n|-boost|p1a: Bastiodon|def|2\n|\n|upkeep\n|turn|10\n|inactive|Time left: 300 sec this turn | 300 sec total\n|\n|t:|1783561069\n|move|p2a: Primarina|Moonblast|p1a: Bastiodon\n|-resisted|p1a: Bastiodon\n|-damage|p1a: Bastiodon|25/100\n|move|p1a: Bastiodon|Body Press|p2a: Primarina\n|-resisted|p2a: Primarina\n|-damage|p2a: Primarina|159/268\n|\n|upkeep\n|turn|11\n|inactive|Time left: 300 sec this turn | 300 sec total\n|\n|t:|1783561070\n|move|p2a: Primarina|Moonblast|p1a: Bastiodon\n|-resisted|p1a: Bastiodon\n|-damage|p1a: Bastiodon|0 fnt\n|faint|p1a: Bastiodon\n|\n|upkeep\n|\n|t:|1783561071\n|switch|p1a: Victreebel|Victreebel, L90, F|100/100\n|turn|12\n|inactive|Time left: 300 sec this turn | 300 sec total\n|\n|t:|1783561072\n|switch|p2a: Mightyena|Mightyena, L96, F|290/290\n|-ability|p2a: Mightyena|Intimidate|boost\n|-unboost|p1a: Victreebel|atk|1\n|move|p1a: Victreebel|Sludge Wave|p2a: Mightyena\n|-damage|p2a: Mightyena|161/290\n|-damage|p1a: Victreebel|90/100|[from] item: Life Orb\n|\n|upkeep\n|turn|13\n|inactive|Time left: 300 sec this turn | 300 sec total\n|\n|t:|1783561073\n|move|p2a: Mightyena|Super Fang|p1a: Victreebel\n|-damage|p1a: Victreebel|46/100\n|move|p1a: Victreebel|Sludge Wave|p2a: Mightyena\n|-damage|p2a: Mightyena|35/290\n|-damage|p1a: Victreebel|36/100|[from] item: Life Orb\n|\n|upkeep\n|turn|14\n|inactive|Time left: 300 sec this turn | 300 sec total\n|\n|t:|1783561074\n|switch|p1a: Regigigas|Regigigas, L84|100/100\n|-start|p1a: Regigigas|ability: Slow Start\n|move|p2a: Mightyena|Throat Chop|p1a: Regigigas\n|-damage|p1a: Regigigas|72/100\n|-start|p1a: Regigigas|Throat Chop|[silent]\n|\n|-heal|p1a: Regigigas|78/100|[from] item: Leftovers\n|upkeep\n|turn|15\n|inactive|Time left: 300 sec this turn | 300 sec total\n|\n|t:|1783561075\n|move|p2a: Mightyena|Super Fang|p1a: Regigigas\n|-damage|p1a: Regigigas|39/100\n|move|p1a: Regigigas|Body Slam|p2a: Mightyena\n|-damage|p2a: Mightyena|0 fnt\n|faint|p2a: Mightyena\n|\n|-heal|p1a: Regigigas|46/100|[from] item: Leftovers\n|-end|p1a: Regigigas|Throat Chop|[silent]\n|upkeep\n|inactive|Time left: 300 sec this turn | 300 sec total | 5 sec grace\n|\n|t:|1783561076\n|switch|p2a: Primarina|Primarina, L83, F|159/268\n|turn|16\n|inactive|Time left: 300 sec this turn | 300 sec total\n|\n|t:|1783561077\n|move|p1a: Regigigas|Protect|p1a: Regigigas\n|-singleturn|p1a: Regigigas|Protect\n|move|p2a: Primarina|Hydro Pump|p1a: Regigigas\n|-activate|p1a: Regigigas|move: Protect\n|\n|-heal|p1a: Regigigas|52/100|[from] item: Leftovers\n|upkeep\n|turn|17\n|inactive|Time left: 300 sec this turn | 300 sec total\n|\n|t:|1783561078\n|switch|p1a: Tatsugiri|Tatsugiri, L87, F|100/100\n|move|p2a: Primarina|Hydro Pump|p1a: Tatsugiri\n|-ability|p1a: Tatsugiri|Storm Drain|boost\n|-boost|p1a: Tatsugiri|spa|1\n|\n|upkeep\n|turn|18\n|inactive|Time left: 300 sec this turn | 300 sec total\n|\n|t:|1783561079\n|switch|p2a: Ribombee|Ribombee, L83, F|235/235\n|move|p1a: Tatsugiri|Nasty Plot|p1a: Tatsugiri\n|-boost|p1a: Tatsugiri|spa|2\n|\n|upkeep\n|turn|19\n|inactive|Time left: 300 sec this turn | 300 sec total\n|\n|t:|1783561080\n|-terastallize|p1a: Tatsugiri|Steel\n|move|p2a: Ribombee|Moonblast|p1a: Tatsugiri\n|-resisted|p1a: Tatsugiri\n|-damage|p1a: Tatsugiri|83/100\n|-unboost|p1a: Tatsugiri|spa|1\n|move|p1a: Tatsugiri|Surf|p2a: Ribombee\n|-crit|p2a: Ribombee\n|-damage|p2a: Ribombee|0 fnt\n|faint|p2a: Ribombee\n|\n|upkeep\n|inactive|Time left: 300 sec this turn | 300 sec total | 5 sec grace\n|\n|t:|1783561081\n|switch|p2a: Hawlucha|Hawlucha, L80, M|256/256\n|turn|20\n|inactive|Time left: 300 sec this turn | 300 sec total\n|\n|t:|1783561081\n|switch|p1a: Talonflame|Talonflame, L83, M|96/100\n|move|p2a: Hawlucha|Close Combat|p1a: Talonflame\n|-resisted|p1a: Talonflame\n|-damage|p1a: Talonflame|70/100\n|-unboost|p2a: Hawlucha|def|1\n|-unboost|p2a: Hawlucha|spd|1\n|-enditem|p2a: Hawlucha|White Herb\n|-clearnegativeboost|p2a: Hawlucha|[silent]\n|\n|upkeep\n|turn|21\n|inactive|Time left: 300 sec this turn | 300 sec total\n|\n|t:|1783561082\n|-terastallize|p2a: Hawlucha|Flying\n|move|p2a: Hawlucha|Acrobatics|p1a: Talonflame\n|-damage|p1a: Talonflame|4/100\n|move|p1a: Talonflame|Brave Bird|p2a: Hawlucha\n|-damage|p2a: Hawlucha|127/256\n|-damage|p1a: Talonflame|0 fnt|[from] Recoil\n|faint|p1a: Talonflame\n|\n|upkeep\n|\n|t:|1783561083\n|switch|p1a: Regigigas|Regigigas, L84|52/100\n|-start|p1a: Regigigas|ability: Slow Start\n|turn|22\n|inactive|Time left: 300 sec this turn | 300 sec total\n|\n|t:|1783561084\n|move|p1a: Regigigas|Protect|p1a: Regigigas\n|-singleturn|p1a: Regigigas|Protect\n|move|p2a: Hawlucha|Swords Dance|p2a: Hawlucha\n|-boost|p2a: Hawlucha|atk|2\n|\n|-heal|p1a: Regigigas|58/100|[from] item: Leftovers\n|upkeep\n|turn|23\n|inactive|Time left: 300 sec this turn | 300 sec total\n|\n|t:|1783561085\n|move|p1a: Regigigas|Protect|p1a: Regigigas\n|-singleturn|p1a: Regigigas|Protect\n|move|p2a: Hawlucha|Acrobatics|p1a: Regigigas\n|-activate|p1a: Regigigas|move: Protect\n|\n|-heal|p1a: Regigigas|64/100|[from] item: Leftovers\n|upkeep\n|turn|24\n|inactive|Time left: 300 sec this turn | 300 sec total\n|\n|t:|1783561086\n|move|p2a: Hawlucha|Acrobatics|p1a: Regigigas\n|-damage|p1a: Regigigas|0 fnt\n|faint|p1a: Regigigas\n|-end|p1a: Regigigas|Slow Start|[silent]\n|\n|upkeep\n|\n|t:|1783561087\n|switch|p1a: Tatsugiri|Tatsugiri, L87, F, tera:Steel|83/100\n|turn|25\n|inactive|Time left: 300 sec this turn | 300 sec total\n|\n|t:|1783561088\n|move|p2a: Hawlucha|Close Combat|p1a: Tatsugiri\n|-supereffective|p1a: Tatsugiri\n|-damage|p1a: Tatsugiri|0 fnt\n|-unboost|p2a: Hawlucha|def|1\n|-unboost|p2a: Hawlucha|spd|1\n|faint|p1a: Tatsugiri\n|\n|upkeep\n|\n|t:|1783561088\n|switch|p1a: Victreebel|Victreebel, L90, F|36/100\n|turn|26\n|inactive|Time left: 300 sec this turn | 300 sec total\n|\n|t:|1783561089\n|move|p2a: Hawlucha|Acrobatics|p1a: Victreebel\n|-supereffective|p1a: Victreebel\n|-damage|p1a: Victreebel|0 fnt\n|faint|p1a: Victreebel\n|\n|win|p0y18187305", "uploadtime": 1783561089, "views": 0, "rating": 0, "private": 0, "password": null, "_winner": "p0y18187305", "_our_name": "p0y18187305"}