{"id": "battle-gen9randombattle-9", "formatid": "gen9randombattle", "format": "[Gen 9] Random Battle", "players": ["p0x0090c9a", "p0y00984f9"], "log": "|init|battle\n|title|p0x0090c9a vs. p0y00984f9\n|j|\u2606p0x0090c9a\n|j|\u2606p0y00984f9\n|t:|1783539531\n|gametype|singles\n|player|p1|p0x0090c9a|169|\n|player|p2|p0y00984f9|102|\n|gen|9\n|tier|[Gen 9] Random Battle\n|rule|Species Clause: Limit one of each Pok\u00e9mon\n|rule|HP Percentage Mod: HP is shown in percentages\n|rule|Sleep Clause Mod: Limit one foe put to sleep\n|rule|Illusion Level Mod: Illusion disguises the Pok\u00e9mon's true level\n|\n|t:|1783539531\n|teamsize|p1|6\n|teamsize|p2|6\n|start\n|switch|p1a: Appletun|Appletun, L92, M|352/352\n|switch|p2a: Mamoswine|Mamoswine, L81, M|100/100\n|turn|1\n|inactive|Battle timer is ON: inactive players will automatically lose when time's up. (requested by p0x0090c9a)\n|inactive|p0y00984f9 also wants the timer to be on.\n|\n|t:|1783539532\n|move|p2a: Mamoswine|Icicle Crash|p1a: Appletun\n|-supereffective|p1a: Appletun\n|-damage|p1a: Appletun|48/352\n|move|p1a: Appletun|Apple Acid|p2a: Mamoswine\n|-supereffective|p2a: Mamoswine\n|-damage|p2a: Mamoswine|19/100\n|-unboost|p2a: Mamoswine|spd|1\n|\n|-heal|p1a: Appletun|70/352|[from] item: Leftovers\n|upkeep\n|turn|2\n|inactive|Time left: 300 sec this turn | 300 sec total\n|\n|t:|1783539532\n|-terastallize|p1a: Appletun|Steel\n|move|p2a: Mamoswine|Icicle Crash|p1a: Appletun\n|-resisted|p1a: Appletun\n|-damage|p1a: Appletun|31/352\n|move|p1a: Appletun|Recover|p1a: Appletun\n|-heal|p1a: Appletun|207/352\n|\n|-heal|p1a: Appletun|229/352|[from] item: Leftovers\n|upkeep\n|turn|3\n|inactive|Time left: 300 sec this turn | 300 sec total\n|\n|t:|1783539533\n|switch|p2a: Empoleon|Empoleon, L84, M|100/100\n|move|p1a: Appletun|Apple Acid|p2a: Empoleon\n|-damage|p2a: Empoleon|69/100\n|-unboost|p2a: Empoleon|spd|1\n|-ability|p2a: Empoleon|Competitive|boost\n|-boost|p2a: Empoleon|spa|2\n|\n|-heal|p2a: Empoleon|75/100|[from] item: Leftovers\n|-heal|p1a: Appletun|251/352|[from] item: Leftovers\n|upkeep\n|turn|4\n|inactive|Time left: 300 sec this turn | 300 sec total\n|\n|t:|1783539534\n|move|p2a: Empoleon|Surf|p1a: Appletun\n|-damage|p1a: Appletun|47/352\n|move|p1a: Appletun|Recover|p1a: Appletun\n|-heal|p1a: Appletun|223/352\n|\n|-heal|p2a: Empoleon|81/100|[from] item: Leftovers\n|-heal|p1a: Appletun|245/352|[from] item: Leftovers\n|upkeep\n|turn|5\n|inactive|Time left: 300 sec this turn | 300 sec total\n|\n|t:|1783539535\n|move|p2a: Empoleon|Surf|p1a: Appletun\n|-damage|p1a: Appletun|55/352\n|move|p1a: Appletun|Recover|p1a: Appletun\n|-heal|p1a: Appletun|231/352\n|\n|-heal|p2a: Empoleon|88/100|[from] item: Leftovers\n|-heal|p1a: Appletun|253/352|[from] item: Leftovers\n|upkeep\n|turn|6\n|inactive|Time left: 300 sec this turn | 300 sec total\n|\n|t:|1783539535\n|move|p2a: Empoleon|Surf|p1a: Appletun\n|-damage|p1a: Appletun|49/352\n|move|p1a: Appletun|Leech Seed|p2a: Empoleon\n|-start|p2a: Empoleon|move: Leech Seed\n|\n|-heal|p2a: Empoleon|94/100|[from] item: Leftovers\n|-heal|p1a: Appletun|71/352|[from] item: Leftovers\n|-damage|p2a: Empoleon|81/100|[from] Leech Seed|[of] p1a: Appletun\n|-heal|p1a: Appletun|105/352|[silent]\n|upkeep\n|turn|7\n|inactive|Time left: 300 sec this turn | 300 sec total\n|\n|t:|1783539536\n|switch|p1a: Primarina|Primarina, L83, M|268/268\n|move|p2a: Empoleon|Surf|p1a: Primarina\n|-resisted|p1a: Primarina\n|-damage|p1a: Primarina|178/268\n|\n|-heal|p2a: Empoleon|88/100|[from] item: Leftovers\n|-heal|p1a: Primarina|194/268|[from] item: Leftovers\n|-damage|p2a: Empoleon|75/100|[from] Leech Seed|[of] p1a: Primarina\n|-heal|p1a: Primarina|228/268|[silent]\n|upkeep\n|turn|8\n|inactive|Time left: 300 sec this turn | 300 sec total\n|\n|t:|1783539537\n|move|p2a: Empoleon|Surf|p1a: Primarina\n|-resisted|p1a: Primarina\n|-damage|p1a: Primarina|141/268\n|move|p1a: Primarina|Draining Kiss|p2a: Empoleon\n|-resisted|p2a: Empoleon\n|-damage|p2a: Empoleon|60/100\n|-heal|p1a: Primarina|173/268|[from] drain|[of] p2a: Empoleon\n|\n|-heal|p2a: Empoleon|66/100|[from] item: Leftovers\n|-heal|p1a: Primarina|189/268|[from] item: Leftovers\n|-damage|p2a: Empoleon|54/100|[from] Leech Seed|[of] p1a: Primarina\n|-heal|p1a: Primarina|223/268|[silent]\n|upkeep\n|turn|9\n|inactive|Time left: 300 sec this turn | 300 sec total\n|\n|t:|1783539538\n|move|p2a: Empoleon|Roost|p2a: Empoleon\n|-heal|p2a: Empoleon|100/100\n|-singleturn|p2a: Empoleon|move: Roost\n|move|p1a: Primarina|Sparkling Aria|p2a: Empoleon\n|-resisted|p2a: Empoleon\n|-damage|p2a: Empoleon|71/100\n|\n|-heal|p2a: Empoleon|77/100|[from] item: Leftovers\n|-heal|p1a: Primarina|239/268|[from] item: Leftovers\n|-damage|p2a: Empoleon|65/100|[from] Leech Seed|[of] p1a: Primarina\n|-heal|p1a: Primarina|268/268|[silent]\n|upkeep\n|turn|10\n|inactive|Time left: 300 sec this turn | 300 sec total\n|\n|t:|1783539540\n|move|p2a: Empoleon|Roost|p2a: Empoleon\n|-heal|p2a: Empoleon|100/100\n|-singleturn|p2a: Empoleon|move: Roost\n|move|p1a: Primarina|Sparkling Aria|p2a: Empoleon\n|-resisted|p2a: Empoleon\n|-damage|p2a: Empoleon|75/100\n|\n|-heal|p2a: Empoleon|81/100|[from] item: Leftovers\n|-damage|p2a: Empoleon|68/100|[from] Leech Seed|[of] p1a: Primarina\n|upkeep\n|turn|11\n|inactive|Time left: 300 sec this turn | 300 sec total\n|\n|t:|1783539541\n|move|p2a: Empoleon|Surf|p1a: Primarina\n|-resisted|p1a: Primarina\n|-damage|p1a: Primarina|184/268\n|move|p1a: Primarina|Calm Mind|p1a: Primarina\n|-boost|p1a: Primarina|spa|1\n|-boost|p1a: Primarina|spd|1\n|\n|-heal|p2a: Empoleon|75/100|[from] item: Leftovers\n|-heal|p1a: Primarina|200/268|[from] item: Leftovers\n|-damage|p2a: Empoleon|62/100|[from] Leech Seed|[of] p1a: Primarina\n|-heal|p1a: Primarina|234/268|[silent]\n|upkeep\n|turn|12\n|inactive|Time left: 300 sec this turn | 300 sec total\n|\n|t:|1783539542\n|move|p1a: Primarina|Sparkling Aria|p2a: Empoleon\n|-resisted|p2a: Empoleon\n|-damage|p2a: Empoleon|18/100\n|move|p2a: Empoleon|Roar|p1a: Primarina\n|drag|p1a: Alcremie|Alcremie-Mint-Cream, L90, F|263/263\n|\n|-heal|p2a: Empoleon|25/100|[from] item: Leftovers\n|-damage|p2a: Empoleon|12/100|[from] Leech Seed|[of] p1a: Alcremie\n|upkeep\n|turn|13\n|inactive|Time left: 300 sec this turn | 300 sec total\n|\n|t:|1783539543\n|move|p1a: Alcremie|Alluring Voice|p2a: Empoleon\n|-resisted|p2a: Empoleon\n|-damage|p2a: Empoleon|0 fnt\n|faint|p2a: Empoleon\n|\n|upkeep\n|\n|t:|1783539544\n|switch|p2a: Samurott|Samurott, L88, M|100/100\n|turn|14\n|inactive|Time left: 300 sec this turn | 300 sec total\n|\n|t:|1783539546\n|move|p2a: Samurott|Swords Dance|p2a: Samurott\n|-boost|p2a: Samurott|atk|2\n|move|p1a: Alcremie|Alluring Voice|p2a: Samurott\n|-damage|p2a: Samurott|60/100\n|-start|p2a: Samurott|confusion\n|\n|upkeep\n|turn|15\n|inactive|Time left: 300 sec this turn | 300 sec total\n|\n|t:|1783539547\n|-activate|p2a: Samurott|confusion\n|-damage|p2a: Samurott|40/100|[from] confusion\n|move|p1a: Alcremie|Alluring Voice|p2a: Samurott\n|-damage|p2a: Samurott|2/100\n|\n|upkeep\n|turn|16\n|inactive|Time left: 300 sec this turn | 300 sec total\n|\n|t:|1783539549\n|switch|p1a: Appletun|Appletun, L92, M, tera:Steel|105/352\n|-activate|p2a: Samurott|confusion\n|move|p2a: Samurott|Liquidation|p1a: Appletun\n|-damage|p1a: Appletun|0 fnt\n|faint|p1a: Appletun\n|-damage|p2a: Samurott|0 fnt|[from] item: Life Orb\n|faint|p2a: Samurott\n|\n|upkeep\n|inactive|Time left: 300 sec this turn | 300 sec total | 5 sec grace\n|\n|t:|1783539550\n|switch|p2a: Mamoswine|Mamoswine, L81, M|19/100\n|switch|p1a: Forretress|Forretress, L84, M|263/263\n|turn|17\n|inactive|Time left: 300 sec this turn | 300 sec total\n|\n|t:|1783539551\n|move|p2a: Mamoswine|Earthquake|p1a: Forretress\n|-damage|p1a: Forretress|125/263\n|move|p1a: Forretress|Body Press|p2a: Mamoswine\n|-supereffective|p2a: Mamoswine\n|-damage|p2a: Mamoswine|0 fnt\n|faint|p2a: Mamoswine\n|\n|-heal|p1a: Forretress|141/263|[from] item: Leftovers\n|upkeep\n|\n|t:|1783539552\n|switch|p2a: Ceruledge|Ceruledge, L78, F|100/100\n|turn|18\n|inactive|Time left: 300 sec this turn | 300 sec total\n|\n|t:|1783539554\n|switch|p1a: Electivire|Electivire, L84, F|263/263\n|move|p2a: Ceruledge|Swords Dance|p2a: Ceruledge\n|-boost|p2a: Ceruledge|atk|2\n|\n|upkeep\n|turn|19\n|inactive|Time left: 300 sec this turn | 300 sec total\n|\n|t:|1783539555\n|-terastallize|p2a: Ceruledge|Ghost\n|move|p1a: Electivire|Earthquake|p2a: Ceruledge\n|-damage|p2a: Ceruledge|47/100\n|-ability|p2a: Ceruledge|Weak Armor|boost\n|-unboost|p2a: Ceruledge|def|1\n|-boost|p2a: Ceruledge|spe|2\n|-damage|p1a: Electivire|237/263|[from] item: Life Orb\n|move|p2a: Ceruledge|Poltergeist|p1a: Electivire\n|-activate|p1a: Electivire|move: Poltergeist|Life Orb\n|-damage|p1a: Electivire|0 fnt\n|faint|p1a: Electivire\n|\n|upkeep\n|inactive|Time left: 300 sec this turn | 300 sec total | 5 sec grace\n|\n|t:|1783539556\n|switch|p1a: Primarina|Primarina, L83, M|234/268\n|turn|20\n|inactive|Time left: 300 sec this turn | 300 sec total\n|\n|t:|1783539557\n|move|p2a: Ceruledge|Poltergeist|p1a: Primarina\n|-activate|p1a: Primarina|move: Poltergeist|Leftovers\n|-damage|p1a: Primarina|0 fnt\n|faint|p1a: Primarina\n|\n|upkeep\n|inactive|Time left: 300 sec this turn | 300 sec total | 5 sec grace\n|\n|t:|1783539558\n|switch|p1a: Alcremie|Alcremie-Mint-Cream, L90, F|263/263\n|turn|21\n|inactive|Time left: 300 sec this turn | 300 sec total\n|\n|t:|1783539559\n|move|p2a: Ceruledge|Bitter Blade|p1a: Alcremie\n|-damage|p1a: Alcremie|59/263\n|-heal|p2a: Ceruledge|89/100|[from] drain|[of] p1a: Alcremie\n|move|p1a: Alcremie|Alluring Voice|p2a: Ceruledge\n|-damage|p2a: Ceruledge|49/100\n|\n|-heal|p1a: Alcremie|75/263|[from] item: Leftovers\n|upkeep\n|turn|22\n|inactive|Time left: 300 sec this turn | 300 sec total\n|\n|t:|1783539560\n|move|p2a: Ceruledge|Bitter Blade|p1a: Alcremie\n|-damage|p1a: Alcremie|0 fnt\n|-heal|p2a: Ceruledge|64/100|[from] drain|[of] p1a: Alcremie\n|faint|p1a: Alcremie\n|\n|upkeep\n|inactive|Time left: 300 sec this turn | 300 sec total | 5 sec grace\n|\n|t:|1783539561\n|switch|p1a: Copperajah|Copperajah, L86, M|350/350\n|turn|23\n|inactive|Time left: 300 sec this turn | 300 sec total\n|\n|t:|1783539562\n|move|p2a: Ceruledge|Bitter Blade|p1a: Copperajah\n|-supereffective|p1a: Copperajah\n|-damage|p1a: Copperajah|0 fnt\n|-heal|p2a: Ceruledge|100/100|[from] drain|[of] p1a: Copperajah\n|faint|p1a: Copperajah\n|\n|upkeep\n|inactive|Time left: 300 sec this turn | 300 sec total | 5 sec grace\n|\n|t:|1783539563\n|switch|p1a: Forretress|Forretress, L84, M|141/263\n|turn|24\n|inactive|Time left: 300 sec this turn | 300 sec total\n|\n|t:|1783539564\n|move|p2a: Ceruledge|Bitter Blade|p1a: Forretress\n|-supereffective|p1a: Forretress\n|-damage|p1a: Forretress|0 fnt\n|faint|p1a: Forretress\n|\n|win|p0y00984f9", "uploadtime": 1783539564, "views": 0, "rating": 0, "private": 0, "password": null, "_winner": "p0y00984f9", "_our_name": "p0x0090c9a"}