{"id": "battle-gen9randombattle-449", "formatid": "gen9randombattle", "format": "[Gen 9] Random Battle", "players": ["p0x44906e6", "p0y4497674"], "log": "|init|battle\n|title|p0x44906e6 vs. p0y4497674\n|j|\u2606p0x44906e6\n|j|\u2606p0y4497674\n|t:|1783544257\n|gametype|singles\n|player|p1|p0x44906e6|102|\n|player|p2|p0y4497674|266|\n|gen|9\n|tier|[Gen 9] Random Battle\n|rule|Species Clause: Limit one of each Pok\u00e9mon\n|rule|HP Percentage Mod: HP is shown in percentages\n|rule|Sleep Clause Mod: Limit one foe put to sleep\n|rule|Illusion Level Mod: Illusion disguises the Pok\u00e9mon's true level\n|\n|t:|1783544257\n|teamsize|p1|6\n|teamsize|p2|6\n|start\n|switch|p1a: Ditto|Ditto, L87|225/225\n|switch|p2a: Reshiram|Reshiram, L76|100/100\n|-transform|p1a: Ditto|p2a: Reshiram|[from] ability: Imposter\n|-ability|p1a: Ditto|Turboblaze\n|-ability|p2a: Reshiram|Turboblaze\n|turn|1\n|inactive|Battle timer is ON: inactive players will automatically lose when time's up. (requested by p0y4497674)\n|inactive|Time left: 300 sec this turn | 300 sec total | 60 sec grace\n|\n|t:|1783544258\n|switch|p1a: Grimmsnarl|Grimmsnarl, L83, M|293/293\n|move|p2a: Reshiram|Draco Meteor|p1a: Grimmsnarl\n|-immune|p1a: Grimmsnarl\n|\n|upkeep\n|turn|2\n|inactive|Time left: 300 sec this turn | 300 sec total\n|inactive|p0x44906e6 also wants the timer to be on.\n|\n|t:|1783544259\n|move|p2a: Reshiram|Blue Flare|p1a: Grimmsnarl\n|-crit|p1a: Grimmsnarl\n|-damage|p1a: Grimmsnarl|0 fnt\n|faint|p1a: Grimmsnarl\n|\n|upkeep\n|inactive|Time left: 300 sec this turn | 300 sec total | 5 sec grace\n|\n|t:|1783544260\n|switch|p1a: Rhyperior|Rhyperior, L82, F|323/323\n|turn|3\n|inactive|Time left: 300 sec this turn | 300 sec total\n|\n|t:|1783544262\n|move|p2a: Reshiram|Blue Flare|p1a: Rhyperior\n|-resisted|p1a: Rhyperior\n|-damage|p1a: Rhyperior|245/323\n|move|p1a: Rhyperior|Earthquake|p2a: Reshiram\n|-supereffective|p2a: Reshiram\n|-crit|p2a: Reshiram\n|-damage|p2a: Reshiram|0 fnt\n|faint|p2a: Reshiram\n|\n|upkeep\n|\n|t:|1783544263\n|switch|p2a: Cresselia|Cresselia, L80, F|100/100\n|turn|4\n|inactive|Time left: 300 sec this turn | 300 sec total\n|\n|t:|1783544264\n|move|p2a: Cresselia|Calm Mind|p2a: Cresselia\n|-boost|p2a: Cresselia|spa|1\n|-boost|p2a: Cresselia|spd|1\n|move|p1a: Rhyperior|Megahorn|p2a: Cresselia\n|-supereffective|p2a: Cresselia\n|-crit|p2a: Cresselia\n|-damage|p2a: Cresselia|8/100\n|\n|-heal|p2a: Cresselia|14/100|[from] item: Leftovers\n|upkeep\n|turn|5\n|inactive|Time left: 300 sec this turn | 300 sec total\n|\n|t:|1783544265\n|move|p2a: Cresselia|Moonlight|p2a: Cresselia\n|-heal|p2a: Cresselia|64/100\n|move|p1a: Rhyperior|Megahorn|p2a: Cresselia|[miss]\n|-miss|p1a: Rhyperior|p2a: Cresselia\n|\n|-heal|p2a: Cresselia|70/100|[from] item: Leftovers\n|upkeep\n|turn|6\n|inactive|Time left: 300 sec this turn | 300 sec total\n|\n|t:|1783544266\n|move|p2a: Cresselia|Moonblast|p1a: Rhyperior\n|-damage|p1a: Rhyperior|173/323\n|move|p1a: Rhyperior|Megahorn|p2a: Cresselia\n|-supereffective|p2a: Cresselia\n|-damage|p2a: Cresselia|9/100\n|\n|-heal|p2a: Cresselia|15/100|[from] item: Leftovers\n|upkeep\n|turn|7\n|inactive|Time left: 300 sec this turn | 300 sec total\n|\n|t:|1783544268\n|move|p2a: Cresselia|Moonlight|p2a: Cresselia\n|-heal|p2a: Cresselia|65/100\n|move|p1a: Rhyperior|Megahorn|p2a: Cresselia\n|-supereffective|p2a: Cresselia\n|-damage|p2a: Cresselia|5/100\n|\n|-heal|p2a: Cresselia|11/100|[from] item: Leftovers\n|upkeep\n|turn|8\n|inactive|Time left: 300 sec this turn | 300 sec total\n|\n|t:|1783544269\n|-terastallize|p2a: Cresselia|Fairy\n|move|p2a: Cresselia|Moonlight|p2a: Cresselia\n|-heal|p2a: Cresselia|61/100\n|move|p1a: Rhyperior|Megahorn|p2a: Cresselia\n|-resisted|p2a: Cresselia\n|-damage|p2a: Cresselia|45/100\n|\n|-heal|p2a: Cresselia|51/100|[from] item: Leftovers\n|upkeep\n|turn|9\n|inactive|Time left: 300 sec this turn | 300 sec total\n|\n|t:|1783544270\n|move|p2a: Cresselia|Moonblast|p1a: Rhyperior\n|-damage|p1a: Rhyperior|59/323\n|move|p1a: Rhyperior|Stone Edge|p2a: Cresselia\n|-damage|p2a: Cresselia|15/100\n|\n|-heal|p2a: Cresselia|21/100|[from] item: Leftovers\n|upkeep\n|turn|10\n|inactive|Time left: 300 sec this turn | 300 sec total\n|\n|t:|1783544271\n|move|p2a: Cresselia|Moonlight|p2a: Cresselia\n|-heal|p2a: Cresselia|71/100\n|move|p1a: Rhyperior|Stone Edge|p2a: Cresselia|[miss]\n|-miss|p1a: Rhyperior|p2a: Cresselia\n|\n|-heal|p2a: Cresselia|77/100|[from] item: Leftovers\n|upkeep\n|turn|11\n|inactive|Time left: 300 sec this turn | 300 sec total\n|\n|t:|1783544272\n|switch|p1a: Frosmoth|Frosmoth, L82, M|249/249\n|move|p2a: Cresselia|Moonblast|p1a: Frosmoth\n|-damage|p1a: Frosmoth|192/249\n|\n|-heal|p2a: Cresselia|83/100|[from] item: Leftovers\n|upkeep\n|turn|12\n|inactive|Time left: 300 sec this turn | 300 sec total\n|\n|t:|1783544273\n|move|p2a: Cresselia|Calm Mind|p2a: Cresselia\n|-boost|p2a: Cresselia|spa|1\n|-boost|p2a: Cresselia|spd|1\n|move|p1a: Frosmoth|Quiver Dance|p1a: Frosmoth\n|-boost|p1a: Frosmoth|spa|1\n|-boost|p1a: Frosmoth|spd|1\n|-boost|p1a: Frosmoth|spe|1\n|\n|-heal|p2a: Cresselia|89/100|[from] item: Leftovers\n|upkeep\n|turn|13\n|inactive|Time left: 300 sec this turn | 300 sec total\n|\n|t:|1783544274\n|move|p1a: Frosmoth|Quiver Dance|p1a: Frosmoth\n|-boost|p1a: Frosmoth|spa|1\n|-boost|p1a: Frosmoth|spd|1\n|-boost|p1a: Frosmoth|spe|1\n|move|p2a: Cresselia|Psyshock|p1a: Frosmoth\n|-damage|p1a: Frosmoth|100/249\n|\n|-heal|p2a: Cresselia|96/100|[from] item: Leftovers\n|upkeep\n|turn|14\n|inactive|Time left: 300 sec this turn | 300 sec total\n|\n|t:|1783544276\n|move|p1a: Frosmoth|Ice Beam|p2a: Cresselia\n|-damage|p2a: Cresselia|70/100\n|move|p2a: Cresselia|Psyshock|p1a: Frosmoth\n|-crit|p1a: Frosmoth\n|-damage|p1a: Frosmoth|0 fnt\n|faint|p1a: Frosmoth\n|\n|-heal|p2a: Cresselia|76/100|[from] item: Leftovers\n|upkeep\n|inactive|Time left: 300 sec this turn | 300 sec total | 5 sec grace\n|\n|t:|1783544277\n|switch|p1a: Milotic|Milotic, L83, M|293/293\n|turn|15\n|inactive|Time left: 300 sec this turn | 300 sec total\n|\n|t:|1783544278\n|move|p2a: Cresselia|Psyshock|p1a: Milotic\n|-damage|p1a: Milotic|160/293\n|move|p1a: Milotic|Haze|p1a: Milotic\n|-clearallboost\n|\n|-heal|p1a: Milotic|178/293|[from] item: Leftovers\n|-heal|p2a: Cresselia|82/100|[from] item: Leftovers\n|upkeep\n|turn|16\n|inactive|Time left: 300 sec this turn | 300 sec total\n|\n|t:|1783544279\n|move|p1a: Milotic|Recover|p1a: Milotic\n|-heal|p1a: Milotic|293/293\n|move|p2a: Cresselia|Calm Mind|p2a: Cresselia\n|-boost|p2a: Cresselia|spa|1\n|-boost|p2a: Cresselia|spd|1\n|\n|-heal|p2a: Cresselia|88/100|[from] item: Leftovers\n|upkeep\n|turn|17\n|inactive|Time left: 300 sec this turn | 300 sec total\n|\n|t:|1783544280\n|move|p1a: Milotic|Haze|p1a: Milotic\n|-clearallboost\n|move|p2a: Cresselia|Psyshock|p1a: Milotic\n|-damage|p1a: Milotic|223/293\n|\n|-heal|p1a: Milotic|241/293|[from] item: Leftovers\n|-heal|p2a: Cresselia|94/100|[from] item: Leftovers\n|upkeep\n|turn|18\n|inactive|Time left: 300 sec this turn | 300 sec total\n|\n|t:|1783544281\n|move|p2a: Cresselia|Calm Mind|p2a: Cresselia\n|-boost|p2a: Cresselia|spa|1\n|-boost|p2a: Cresselia|spd|1\n|move|p1a: Milotic|Scald|p2a: Cresselia\n|-damage|p2a: Cresselia|79/100\n|\n|-heal|p2a: Cresselia|85/100|[from] item: Leftovers\n|-heal|p1a: Milotic|259/293|[from] item: Leftovers\n|upkeep\n|turn|19\n|inactive|Time left: 300 sec this turn | 300 sec total\n|\n|t:|1783544282\n|move|p1a: Milotic|Haze|p1a: Milotic\n|-clearallboost\n|move|p2a: Cresselia|Psyshock|p1a: Milotic\n|-damage|p1a: Milotic|186/293\n|\n|-heal|p1a: Milotic|204/293|[from] item: Leftovers\n|-heal|p2a: Cresselia|92/100|[from] item: Leftovers\n|upkeep\n|turn|20\n|inactive|Time left: 300 sec this turn | 300 sec total\n|\n|t:|1783544283\n|move|p1a: Milotic|Scald|p2a: Cresselia\n|-damage|p2a: Cresselia|67/100\n|move|p2a: Cresselia|Calm Mind|p2a: Cresselia\n|-boost|p2a: Cresselia|spa|1\n|-boost|p2a: Cresselia|spd|1\n|\n|-heal|p1a: Milotic|222/293|[from] item: Leftovers\n|-heal|p2a: Cresselia|74/100|[from] item: Leftovers\n|upkeep\n|turn|21\n|inactive|Time left: 300 sec this turn | 300 sec total\n|\n|t:|1783544284\n|move|p1a: Milotic|Haze|p1a: Milotic\n|-clearallboost\n|move|p2a: Cresselia|Psyshock|p1a: Milotic\n|-damage|p1a: Milotic|150/293\n|\n|-heal|p2a: Cresselia|80/100|[from] item: Leftovers\n|-heal|p1a: Milotic|168/293|[from] item: Leftovers\n|upkeep\n|turn|22\n|inactive|Time left: 300 sec this turn | 300 sec total\n|\n|t:|1783544285\n|move|p1a: Milotic|Recover|p1a: Milotic\n|-heal|p1a: Milotic|293/293\n|move|p2a: Cresselia|Calm Mind|p2a: Cresselia\n|-boost|p2a: Cresselia|spa|1\n|-boost|p2a: Cresselia|spd|1\n|\n|-heal|p2a: Cresselia|86/100|[from] item: Leftovers\n|upkeep\n|turn|23\n|inactive|Time left: 300 sec this turn | 300 sec total\n|\n|t:|1783544286\n|move|p2a: Cresselia|Calm Mind|p2a: Cresselia\n|-boost|p2a: Cresselia|spa|1\n|-boost|p2a: Cresselia|spd|1\n|move|p1a: Milotic|Haze|p1a: Milotic\n|-clearallboost\n|\n|-heal|p2a: Cresselia|92/100|[from] item: Leftovers\n|upkeep\n|turn|24\n|inactive|Time left: 300 sec this turn | 300 sec total\n|\n|t:|1783544287\n|move|p1a: Milotic|Scald|p2a: Cresselia\n|-damage|p2a: Cresselia|70/100\n|-status|p2a: Cresselia|brn\n|move|p2a: Cresselia|Calm Mind|p2a: Cresselia\n|-boost|p2a: Cresselia|spa|1\n|-boost|p2a: Cresselia|spd|1\n|\n|-heal|p2a: Cresselia|76/100 brn|[from] item: Leftovers\n|-damage|p2a: Cresselia|70/100 brn|[from] brn\n|upkeep\n|turn|25\n|inactive|Time left: 300 sec this turn | 300 sec total\n|\n|t:|1783544288\n|move|p1a: Milotic|Haze|p1a: Milotic\n|-clearallboost\n|move|p2a: Cresselia|Moonlight|p2a: Cresselia\n|-heal|p2a: Cresselia|100/100 brn\n|\n|-damage|p2a: Cresselia|94/100 brn|[from] brn\n|upkeep\n|turn|26\n|inactive|Time left: 300 sec this turn | 300 sec total\n|\n|t:|1783544288\n|move|p1a: Milotic|Ice Beam|p2a: Cresselia\n|-damage|p2a: Cresselia|78/100 brn\n|move|p2a: Cresselia|Calm Mind|p2a: Cresselia\n|-boost|p2a: Cresselia|spa|1\n|-boost|p2a: Cresselia|spd|1\n|\n|-heal|p2a: Cresselia|84/100 brn|[from] item: Leftovers\n|-damage|p2a: Cresselia|78/100 brn|[from] brn\n|upkeep\n|turn|27\n|inactive|Time left: 300 sec this turn | 300 sec total\n|\n|t:|1783544289\n|move|p2a: Cresselia|Psyshock|p1a: Milotic\n|-damage|p1a: Milotic|188/293\n|move|p1a: Milotic|Haze|p1a: Milotic\n|-clearallboost\n|\n|-heal|p1a: Milotic|206/293|[from] item: Leftovers\n|-heal|p2a: Cresselia|84/100 brn|[from] item: Leftovers\n|-damage|p2a: Cresselia|78/100 brn|[from] brn\n|upkeep\n|turn|28\n|inactive|Time left: 300 sec this turn | 300 sec total\n|\n|t:|1783544290\n|move|p1a: Milotic|Ice Beam|p2a: Cresselia\n|-damage|p2a: Cresselia|61/100 brn\n|move|p2a: Cresselia|Calm Mind|p2a: Cresselia\n|-boost|p2a: Cresselia|spa|1\n|-boost|p2a: Cresselia|spd|1\n|\n|-heal|p1a: Milotic|224/293|[from] item: Leftovers\n|-heal|p2a: Cresselia|67/100 brn|[from] item: Leftovers\n|-damage|p2a: Cresselia|61/100 brn|[from] brn\n|upkeep\n|turn|29\n|inactive|Time left: 300 sec this turn | 300 sec total\n|\n|t:|1783544291\n|move|p2a: Cresselia|Moonlight|p2a: Cresselia\n|-heal|p2a: Cresselia|100/100 brn\n|move|p1a: Milotic|Haze|p1a: Milotic\n|-clearallboost\n|\n|-heal|p1a: Milotic|242/293|[from] item: Leftovers\n|-damage|p2a: Cresselia|94/100 brn|[from] brn\n|upkeep\n|turn|30\n|inactive|Time left: 300 sec this turn | 300 sec total\n|\n|t:|1783544292\n|move|p1a: Milotic|Scald|p2a: Cresselia\n|-damage|p2a: Cresselia|74/100 brn\n|move|p2a: Cresselia|Calm Mind|p2a: Cresselia\n|-boost|p2a: Cresselia|spa|1\n|-boost|p2a: Cresselia|spd|1\n|\n|-heal|p1a: Milotic|260/293|[from] item: Leftovers\n|-heal|p2a: Cresselia|80/100 brn|[from] item: Leftovers\n|-damage|p2a: Cresselia|74/100 brn|[from] brn\n|upkeep\n|turn|31\n|inactive|Time left: 300 sec this turn | 300 sec total\n|\n|t:|1783544293\n|move|p1a: Milotic|Haze|p1a: Milotic\n|-clearallboost\n|move|p2a: Cresselia|Psyshock|p1a: Milotic\n|-damage|p1a: Milotic|190/293\n|\n|-heal|p1a: Milotic|208/293|[from] item: Leftovers\n|-heal|p2a: Cresselia|80/100 brn|[from] item: Leftovers\n|-damage|p2a: Cresselia|74/100 brn|[from] brn\n|upkeep\n|turn|32\n|inactive|Time left: 300 sec this turn | 300 sec total\n|\n|t:|1783544294\n|move|p1a: Milotic|Scald|p2a: Cresselia\n|-damage|p2a: Cresselia|53/100 brn\n|move|p2a: Cresselia|Calm Mind|p2a: Cresselia\n|-boost|p2a: Cresselia|spa|1\n|-boost|p2a: Cresselia|spd|1\n|\n|-heal|p1a: Milotic|226/293|[from] item: Leftovers\n|-heal|p2a: Cresselia|59/100 brn|[from] item: Leftovers\n|-damage|p2a: Cresselia|53/100 brn|[from] brn\n|upkeep\n|turn|33\n|inactive|Time left: 300 sec this turn | 300 sec total\n|\n|t:|1783544295\n|move|p1a: Milotic|Haze|p1a: Milotic\n|-clearallboost\n|move|p2a: Cresselia|Moonlight|p2a: Cresselia\n|-heal|p2a: Cresselia|100/100 brn\n|\n|-heal|p1a: Milotic|244/293|[from] item: Leftovers\n|-damage|p2a: Cresselia|94/100 brn|[from] brn\n|upkeep\n|turn|34\n|inactive|Time left: 300 sec this turn | 300 sec total\n|\n|t:|1783544296\n|move|p2a: Cresselia|Calm Mind|p2a: Cresselia\n|-boost|p2a: Cresselia|spa|1\n|-boost|p2a: Cresselia|spd|1\n|move|p1a: Milotic|Ice Beam|p2a: Cresselia\n|-damage|p2a: Cresselia|84/100 brn\n|\n|-heal|p1a: Milotic|262/293|[from] item: Leftovers\n|-heal|p2a: Cresselia|90/100 brn|[from] item: Leftovers\n|-damage|p2a: Cresselia|84/100 brn|[from] brn\n|upkeep\n|turn|35\n|inactive|Time left: 300 sec this turn | 300 sec total\n|\n|t:|1783544298\n|move|p1a: Milotic|Haze|p1a: Milotic\n|-clearallboost\n|move|p2a: Cresselia|Psyshock|p1a: Milotic\n|-damage|p1a: Milotic|196/293\n|\n|-heal|p1a: Milotic|214/293|[from] item: Leftovers\n|-heal|p2a: Cresselia|90/100 brn|[from] item: Leftovers\n|-damage|p2a: Cresselia|84/100 brn|[from] brn\n|upkeep\n|turn|36\n|inactive|Time left: 300 sec this turn | 300 sec total\n|\n|t:|1783544299\n|move|p2a: Cresselia|Calm Mind|p2a: Cresselia\n|-boost|p2a: Cresselia|spa|1\n|-boost|p2a: Cresselia|spd|1\n|move|p1a: Milotic|Scald|p2a: Cresselia\n|-damage|p2a: Cresselia|70/100 brn\n|\n|-heal|p2a: Cresselia|76/100 brn|[from] item: Leftovers\n|-heal|p1a: Milotic|232/293|[from] item: Leftovers\n|-damage|p2a: Cresselia|70/100 brn|[from] brn\n|upkeep\n|turn|37\n|inactive|Time left: 300 sec this turn | 300 sec total\n|\n|t:|1783544300\n|move|p1a: Milotic|Haze|p1a: Milotic\n|-clearallboost\n|move|p2a: Cresselia|Moonlight|p2a: Cresselia\n|-heal|p2a: Cresselia|100/100 brn\n|\n|-heal|p1a: Milotic|250/293|[from] item: Leftovers\n|-damage|p2a: Cresselia|94/100 brn|[from] brn\n|upkeep\n|turn|38\n|inactive|Time left: 300 sec this turn | 300 sec total\n|\n|t:|1783544301\n|move|p2a: Cresselia|Calm Mind|p2a: Cresselia\n|-boost|p2a: Cresselia|spa|1\n|-boost|p2a: Cresselia|spd|1\n|move|p1a: Milotic|Scald|p2a: Cresselia\n|-damage|p2a: Cresselia|80/100 brn\n|\n|-heal|p2a: Cresselia|86/100 brn|[from] item: Leftovers\n|-heal|p1a: Milotic|268/293|[from] item: Leftovers\n|-damage|p2a: Cresselia|80/100 brn|[from] brn\n|upkeep\n|turn|39\n|inactive|Time left: 300 sec this turn | 300 sec total\n|\n|t:|1783544302\n|move|p1a: Milotic|Haze|p1a: Milotic\n|-clearallboost\n|move|p2a: Cresselia|Psyshock|p1a: Milotic\n|-damage|p1a: Milotic|193/293\n|\n|-heal|p1a: Milotic|211/293|[from] item: Leftovers\n|-heal|p2a: Cresselia|86/100 brn|[from] item: Leftovers\n|-damage|p2a: Cresselia|80/100 brn|[from] brn\n|upkeep\n|turn|40\n|inactive|Time left: 300 sec this turn | 300 sec total\n|\n|t:|1783544303\n|move|p1a: Milotic|Scald|p2a: Cresselia\n|-damage|p2a: Cresselia|57/100 brn\n|move|p2a: Cresselia|Calm Mind|p2a: Cresselia\n|-boost|p2a: Cresselia|spa|1\n|-boost|p2a: Cresselia|spd|1\n|\n|-heal|p2a: Cresselia|63/100 brn|[from] item: Leftovers\n|-heal|p1a: Milotic|229/293|[from] item: Leftovers\n|-damage|p2a: Cresselia|57/100 brn|[from] brn\n|upkeep\n|turn|41\n|inactive|Time left: 300 sec this turn | 300 sec total\n|\n|t:|1783544304\n|move|p2a: Cresselia|Psyshock|p1a: Milotic\n|-damage|p1a: Milotic|130/293\n|move|p1a: Milotic|Haze|p1a: Milotic\n|-clearallboost\n|\n|-heal|p2a: Cresselia|63/100 brn|[from] item: Leftovers\n|-heal|p1a: Milotic|148/293|[from] item: Leftovers\n|-damage|p2a: Cresselia|57/100 brn|[from] brn\n|upkeep\n|turn|42\n|inactive|Time left: 300 sec this turn | 300 sec total\n|\n|t:|1783544305\n|move|p2a: Cresselia|Calm Mind|p2a: Cresselia\n|-boost|p2a: Cresselia|spa|1\n|-boost|p2a: Cresselia|spd|1\n|move|p1a: Milotic|Scald|p2a: Cresselia\n|-damage|p2a: Cresselia|42/100 brn\n|\n|-heal|p2a: Cresselia|48/100 brn|[from] item: Leftovers\n|-heal|p1a: Milotic|166/293|[from] item: Leftovers\n|-damage|p2a: Cresselia|42/100 brn|[from] brn\n|upkeep\n|turn|43\n|inactive|Time left: 300 sec this turn | 300 sec total\n|\n|t:|1783544306\n|move|p2a: Cresselia|Psyshock|p1a: Milotic\n|-damage|p1a: Milotic|57/293\n|move|p1a: Milotic|Recover|p1a: Milotic\n|-heal|p1a: Milotic|204/293\n|\n|-heal|p1a: Milotic|222/293|[from] item: Leftovers\n|-heal|p2a: Cresselia|48/100 brn|[from] item: Leftovers\n|-damage|p2a: Cresselia|42/100 brn|[from] brn\n|upkeep\n|turn|44\n|inactive|Time left: 300 sec this turn | 300 sec total\n|\n|t:|1783544308\n|move|p1a: Milotic|Haze|p1a: Milotic\n|-clearallboost\n|move|p2a: Cresselia|Psyshock|p1a: Milotic\n|-damage|p1a: Milotic|155/293\n|\n|-heal|p2a: Cresselia|48/100 brn|[from] item: Leftovers\n|-heal|p1a: Milotic|173/293|[from] item: Leftovers\n|-damage|p2a: Cresselia|42/100 brn|[from] brn\n|upkeep\n|turn|45\n|inactive|Time left: 300 sec this turn | 300 sec total\n|\n|t:|1783544309\n|move|p1a: Milotic|Scald|p2a: Cresselia\n|-damage|p2a: Cresselia|20/100 brn\n|move|p2a: Cresselia|Calm Mind|p2a: Cresselia\n|-boost|p2a: Cresselia|spa|1\n|-boost|p2a: Cresselia|spd|1\n|\n|-heal|p2a: Cresselia|26/100 brn|[from] item: Leftovers\n|-heal|p1a: Milotic|191/293|[from] item: Leftovers\n|-damage|p2a: Cresselia|20/100 brn|[from] brn\n|upkeep\n|turn|46\n|inactive|Time left: 300 sec this turn | 300 sec total\n|\n|t:|1783544310\n|move|p1a: Milotic|Scald|p2a: Cresselia\n|-damage|p2a: Cresselia|5/100 brn\n|move|p2a: Cresselia|Psyshock|p1a: Milotic\n|-damage|p1a: Milotic|80/293\n|\n|-heal|p1a: Milotic|98/293|[from] item: Leftovers\n|-heal|p2a: Cresselia|11/100 brn|[from] item: Leftovers\n|-damage|p2a: Cresselia|5/100 brn|[from] brn\n|upkeep\n|turn|47\n|inactive|Time left: 300 sec this turn | 300 sec total\n|\n|t:|1783544311\n|move|p1a: Milotic|Recover|p1a: Milotic\n|-heal|p1a: Milotic|245/293\n|move|p2a: Cresselia|Psyshock|p1a: Milotic\n|-damage|p1a: Milotic|140/293\n|\n|-heal|p2a: Cresselia|11/100 brn|[from] item: Leftovers\n|-heal|p1a: Milotic|158/293|[from] item: Leftovers\n|-damage|p2a: Cresselia|5/100 brn|[from] brn\n|upkeep\n|turn|48\n|inactive|Time left: 300 sec this turn | 300 sec total\n|\n|t:|1783544312\n|switch|p2a: Galvantula|Galvantula, L82, F|100/100\n|move|p1a: Milotic|Scald|p2a: Galvantula\n|-damage|p2a: Galvantula|52/100\n|\n|-heal|p1a: Milotic|176/293|[from] item: Leftovers\n|upkeep\n|turn|49\n|inactive|Time left: 300 sec this turn | 300 sec total\n|\n|t:|1783544314\n|move|p2a: Galvantula|Sticky Web|p1a: Milotic\n|-sidestart|p1: p0x44906e6|move: Sticky Web\n|move|p1a: Milotic|Scald|p2a: Galvantula\n|-damage|p2a: Galvantula|6/100\n|\n|-heal|p1a: Milotic|194/293|[from] item: Leftovers\n|upkeep\n|turn|50\n|inactive|Time left: 300 sec this turn | 300 sec total\n|\n|t:|1783544315\n|move|p2a: Galvantula|Thunder|p1a: Milotic|[miss]\n|-miss|p2a: Galvantula|p1a: Milotic\n|move|p1a: Milotic|Ice Beam|p2a: Galvantula\n|-damage|p2a: Galvantula|0 fnt\n|faint|p2a: Galvantula\n|\n|-heal|p1a: Milotic|212/293|[from] item: Leftovers\n|upkeep\n|\n|t:|1783544316\n|switch|p2a: Morpeko|Morpeko, L88, M|100/100\n|turn|51\n|inactive|Time left: 300 sec this turn | 300 sec total\n|\n|t:|1783544317\n|-terastallize|p1a: Milotic|Dragon\n|move|p2a: Morpeko|Aura Wheel|p1a: Milotic\n|-resisted|p1a: Milotic\n|-damage|p1a: Milotic|140/293\n|-boost|p2a: Morpeko|spe|1\n|move|p1a: Milotic|Scald|p2a: Morpeko\n|-damage|p2a: Morpeko|57/100\n|\n|-heal|p1a: Milotic|158/293|[from] item: Leftovers\n|-formechange|p2a: Morpeko|Morpeko-Hangry||[from] ability: Hunger Switch\n|upkeep\n|turn|52\n|inactive|Time left: 300 sec this turn | 300 sec total\n|\n|t:|1783544318\n|move|p2a: Morpeko|Aura Wheel|p1a: Milotic\n|-damage|p1a: Milotic|17/293\n|-boost|p2a: Morpeko|spe|1\n|move|p1a: Milotic|Recover|p1a: Milotic\n|-heal|p1a: Milotic|164/293\n|\n|-heal|p1a: Milotic|182/293|[from] item: Leftovers\n|-formechange|p2a: Morpeko|Morpeko||[from] ability: Hunger Switch\n|upkeep\n|turn|53\n|inactive|Time left: 300 sec this turn | 300 sec total\n|\n|t:|1783544319\n|move|p2a: Morpeko|Aura Wheel|p1a: Milotic\n|-resisted|p1a: Milotic\n|-damage|p1a: Milotic|110/293\n|-boost|p2a: Morpeko|spe|1\n|move|p1a: Milotic|Scald|p2a: Morpeko\n|-damage|p2a: Morpeko|8/100\n|-status|p2a: Morpeko|brn\n|\n|-heal|p1a: Milotic|128/293|[from] item: Leftovers\n|-damage|p2a: Morpeko|2/100 brn|[from] brn\n|-formechange|p2a: Morpeko|Morpeko-Hangry||[from] ability: Hunger Switch\n|upkeep\n|turn|54\n|inactive|Time left: 300 sec this turn | 300 sec total\n|\n|t:|1783544320\n|move|p2a: Morpeko|Aura Wheel|p1a: Milotic\n|-damage|p1a: Milotic|58/293\n|-boost|p2a: Morpeko|spe|1\n|move|p1a: Milotic|Recover|p1a: Milotic\n|-heal|p1a: Milotic|205/293\n|\n|-heal|p1a: Milotic|223/293|[from] item: Leftovers\n|-damage|p2a: Morpeko|0 fnt|[from] brn\n|faint|p2a: Morpeko\n|upkeep\n|\n|t:|1783544321\n|switch|p2a: Delibird|Delibird, F|100/100\n|turn|55\n|inactive|Time left: 300 sec this turn | 300 sec total\n|\n|t:|1783544322\n|move|p2a: Delibird|Freeze-Dry|p1a: Milotic\n|-supereffective|p1a: Milotic\n|-damage|p1a: Milotic|101/293\n|move|p1a: Milotic|Scald|p2a: Delibird\n|-damage|p2a: Delibird|53/100\n|\n|-heal|p1a: Milotic|119/293|[from] item: Leftovers\n|upkeep\n|turn|56\n|inactive|Time left: 300 sec this turn | 300 sec total\n|\n|t:|1783544323\n|move|p2a: Delibird|Freeze-Dry|p1a: Milotic\n|-supereffective|p1a: Milotic\n|-damage|p1a: Milotic|0 fnt\n|faint|p1a: Milotic\n|\n|upkeep\n|inactive|Time left: 300 sec this turn | 300 sec total | 5 sec grace\n|\n|t:|1783544324\n|switch|p1a: Crawdaunt|Crawdaunt, L84, F|243/243\n|-activate|p1a: Crawdaunt|move: Sticky Web\n|-unboost|p1a: Crawdaunt|spe|1\n|turn|57\n|inactive|Time left: 300 sec this turn | 300 sec total\n|\n|t:|1783544325\n|move|p2a: Delibird|Freeze-Dry|p1a: Crawdaunt\n|-supereffective|p1a: Crawdaunt\n|-damage|p1a: Crawdaunt|27/243\n|move|p1a: Crawdaunt|Knock Off|p2a: Delibird\n|-damage|p2a: Delibird|0 fnt\n|-enditem|p2a: Delibird|Heavy-Duty Boots|[from] move: Knock Off|[of] p1a: Crawdaunt\n|faint|p2a: Delibird\n|-damage|p1a: Crawdaunt|3/243|[from] item: Life Orb\n|\n|upkeep\n|\n|t:|1783544326\n|switch|p2a: Regirock|Regirock, L83|100/100\n|turn|58\n|inactive|Time left: 300 sec this turn | 300 sec total\n|\n|t:|1783544327\n|move|p1a: Crawdaunt|Aqua Jet|p2a: Regirock\n|-supereffective|p2a: Regirock\n|-damage|p2a: Regirock|64/100\n|-damage|p1a: Crawdaunt|0 fnt|[from] item: Life Orb\n|faint|p1a: Crawdaunt\n|move|p2a: Regirock|Body Press|p1: Crawdaunt|[notarget]\n|-fail|p2a: Regirock\n|\n|-heal|p2a: Regirock|70/100|[from] item: Leftovers\n|upkeep\n|inactive|Time left: 300 sec this turn | 300 sec total | 5 sec grace\n|\n|t:|1783544328\n|switch|p1a: Rhyperior|Rhyperior, L82, F|59/323\n|-activate|p1a: Rhyperior|move: Sticky Web\n|-unboost|p1a: Rhyperior|spe|1\n|turn|59\n|inactive|Time left: 300 sec this turn | 300 sec total\n|\n|t:|1783544329\n|switch|p1a: Ditto|Ditto, L87|225/225\n|-activate|p1a: Ditto|move: Sticky Web\n|-unboost|p1a: Ditto|spe|1\n|-transform|p1a: Ditto|p2a: Regirock|[from] ability: Imposter\n|move|p2a: Regirock|Body Press|p1a: Ditto\n|-supereffective|p1a: Ditto\n|-damage|p1a: Ditto|125/225\n|\n|-heal|p2a: Regirock|75/100|[from] item: Leftovers\n|upkeep\n|turn|60\n|inactive|Time left: 300 sec this turn | 300 sec total\n|\n|t:|1783544330\n|move|p1a: Ditto|Thunder Wave|p2a: Regirock\n|-status|p2a: Regirock|par\n|move|p2a: Regirock|Body Press|p1a: Ditto\n|-supereffective|p1a: Ditto\n|-damage|p1a: Ditto|23/225\n|\n|-heal|p2a: Regirock|81/100 par|[from] item: Leftovers\n|upkeep\n|turn|61\n|inactive|Time left: 300 sec this turn | 300 sec total\n|\n|t:|1783544331\n|switch|p1a: Rhyperior|Rhyperior, L82, F|59/323\n|-activate|p1a: Rhyperior|move: Sticky Web\n|-unboost|p1a: Rhyperior|spe|1\n|move|p2a: Regirock|Thunder Wave|p1a: Rhyperior\n|-immune|p1a: Rhyperior\n|\n|-heal|p2a: Regirock|87/100 par|[from] item: Leftovers\n|upkeep\n|turn|62\n|inactive|Time left: 300 sec this turn | 300 sec total\n|\n|t:|1783544332\n|move|p1a: Rhyperior|Earthquake|p2a: Regirock\n|-supereffective|p2a: Regirock\n|-damage|p2a: Regirock|35/100 par\n|move|p2a: Regirock|Body Press|p1a: Rhyperior\n|-supereffective|p1a: Rhyperior\n|-damage|p1a: Rhyperior|0 fnt\n|faint|p1a: Rhyperior\n|\n|-heal|p2a: Regirock|41/100 par|[from] item: Leftovers\n|upkeep\n|inactive|Time left: 300 sec this turn | 300 sec total | 5 sec grace\n|\n|t:|1783544333\n|switch|p1a: Ditto|Ditto, L87|23/225\n|-activate|p1a: Ditto|move: Sticky Web\n|-unboost|p1a: Ditto|spe|1\n|-transform|p1a: Ditto|p2a: Regirock|[from] ability: Imposter\n|turn|63\n|inactive|Time left: 300 sec this turn | 300 sec total\n|\n|t:|1783544334\n|move|p1a: Ditto|Stone Edge|p2a: Regirock|[miss]\n|-miss|p1a: Ditto|p2a: Regirock\n|cant|p2a: Regirock|par\n|\n|-heal|p2a: Regirock|47/100 par|[from] item: Leftovers\n|upkeep\n|turn|64\n|inactive|Time left: 300 sec this turn | 300 sec total\n|\n|t:|1783544335\n|move|p1a: Ditto|Stone Edge|p2a: Regirock\n|-damage|p2a: Regirock|27/100 par\n|cant|p2a: Regirock|par\n|\n|-heal|p2a: Regirock|33/100 par|[from] item: Leftovers\n|upkeep\n|turn|65\n|inactive|Time left: 300 sec this turn | 300 sec total\n|\n|t:|1783544336\n|switch|p2a: Cresselia|Cresselia, L80, F, tera:Fairy|5/100 brn\n|move|p1a: Ditto|Stone Edge|p2a: Cresselia\n|-damage|p2a: Cresselia|0 fnt\n|faint|p2a: Cresselia\n|\n|upkeep\n|\n|t:|1783544336\n|switch|p2a: Regirock|Regirock, L83|33/100 par\n|turn|66\n|inactive|Time left: 300 sec this turn | 300 sec total\n|\n|t:|1783544337\n|move|p1a: Ditto|Stone Edge|p2a: Regirock|[miss]\n|-miss|p1a: Ditto|p2a: Regirock\n|cant|p2a: Regirock|par\n|\n|-heal|p2a: Regirock|39/100 par|[from] item: Leftovers\n|upkeep\n|turn|67\n|inactive|Time left: 300 sec this turn | 300 sec total\n|\n|t:|1783544338\n|move|p1a: Ditto|Stone Edge|p2a: Regirock\n|-crit|p2a: Regirock\n|-damage|p2a: Regirock|8/100 par\n|move|p2a: Regirock|Body Press|p1a: Ditto\n|-supereffective|p1a: Ditto\n|-damage|p1a: Ditto|0 fnt\n|faint|p1a: Ditto\n|\n|win|p0y4497674", "uploadtime": 1783544338, "views": 0, "rating": 0, "private": 0, "password": null, "_winner": "p0y4497674", "_our_name": "p0x44906e6"}