{"id": "battle-gen9randombattle-892", "formatid": "gen9randombattle", "format": "[Gen 9] Random Battle", "players": ["p0x89229d4", "p0y892b067"], "log": "|init|battle\n|title|p0x89229d4 vs. p0y892b067\n|j|\u2606p0x89229d4\n|j|\u2606p0y892b067\n|t:|1783550235\n|gametype|singles\n|player|p1|p0x89229d4|169|\n|player|p2|p0y892b067|1|\n|gen|9\n|tier|[Gen 9] Random Battle\n|rule|Species Clause: Limit one of each Pok\u00e9mon\n|rule|HP Percentage Mod: HP is shown in percentages\n|rule|Sleep Clause Mod: Limit one foe put to sleep\n|rule|Illusion Level Mod: Illusion disguises the Pok\u00e9mon's true level\n|\n|t:|1783550235\n|teamsize|p1|6\n|teamsize|p2|6\n|start\n|switch|p1a: Grimmsnarl|Grimmsnarl, L83, M|293/293\n|switch|p2a: Piloswine|Piloswine, L85, F|100/100\n|turn|1\n|inactive|Battle timer is ON: inactive players will automatically lose when time's up. (requested by p0y892b067)\n|inactive|Time left: 300 sec this turn | 300 sec total | 60 sec grace\n|inactive|p0x89229d4 also wants the timer to be on.\n|\n|t:|1783550236\n|switch|p1a: Slaking|Slaking, L84, F|389/389\n|move|p2a: Piloswine|Earthquake|p1a: Slaking\n|-damage|p1a: Slaking|287/389\n|\n|upkeep\n|turn|2\n|inactive|Time left: 300 sec this turn | 300 sec total\n|\n|t:|1783550238\n|move|p1a: Slaking|Giga Impact|p2a: Piloswine\n|-damage|p2a: Piloswine|24/100\n|-mustrecharge|p1a: Slaking\n|move|p2a: Piloswine|Earthquake|p1a: Slaking\n|-damage|p1a: Slaking|193/389\n|\n|upkeep\n|turn|3\n|inactive|Time left: 300 sec this turn | 300 sec total\n|\n|t:|1783550239\n|switch|p2a: Skarmory|Skarmory, L80, M|100/100\n|cant|p1a: Slaking|recharge\n|\n|upkeep\n|turn|4\n|inactive|Time left: 300 sec this turn | 300 sec total\n|\n|t:|1783550240\n|move|p1a: Slaking|Giga Impact|p2a: Skarmory\n|-resisted|p2a: Skarmory\n|-damage|p2a: Skarmory|47/100\n|-mustrecharge|p1a: Slaking\n|move|p2a: Skarmory|Body Press|p1a: Slaking\n|-supereffective|p1a: Slaking\n|-damage|p1a: Slaking|59/389\n|\n|-heal|p2a: Skarmory|53/100|[from] item: Leftovers\n|upkeep\n|turn|5\n|inactive|Time left: 300 sec this turn | 300 sec total\n|\n|t:|1783550241\n|cant|p1a: Slaking|recharge\n|move|p2a: Skarmory|Body Press|p1a: Slaking\n|-supereffective|p1a: Slaking\n|-damage|p1a: Slaking|0 fnt\n|faint|p1a: Slaking\n|\n|-heal|p2a: Skarmory|59/100|[from] item: Leftovers\n|upkeep\n|inactive|Time left: 300 sec this turn | 300 sec total | 5 sec grace\n|\n|t:|1783550242\n|switch|p1a: Chandelure|Chandelure, L83, M|235/235\n|turn|6\n|inactive|Time left: 300 sec this turn | 300 sec total\n|\n|t:|1783550243\n|switch|p2a: Grimmsnarl|Grimmsnarl, L83, M|100/100\n|move|p1a: Chandelure|Fire Blast|p2a: Grimmsnarl\n|-damage|p2a: Grimmsnarl|43/100\n|\n|-heal|p2a: Grimmsnarl|49/100|[from] item: Leftovers\n|upkeep\n|turn|7\n|inactive|Time left: 300 sec this turn | 300 sec total\n|\n|t:|1783550245\n|move|p2a: Grimmsnarl|Parting Shot|p1a: Chandelure\n|-unboost|p1a: Chandelure|atk|1\n|-unboost|p1a: Chandelure|spa|1\n|\n|t:|1783550246\n|switch|p2a: Zekrom|Zekrom, L71|100/100|[from] Parting Shot\n|-ability|p2a: Zekrom|Teravolt\n|move|p1a: Chandelure|Fire Blast|p2a: Zekrom\n|-resisted|p2a: Zekrom\n|-damage|p2a: Zekrom|77/100\n|\n|-heal|p2a: Zekrom|83/100|[from] item: Leftovers\n|upkeep\n|turn|8\n|inactive|Time left: 300 sec this turn | 300 sec total\n|\n|t:|1783550247\n|switch|p1a: Rhyperior|Rhyperior, L82, M|323/323\n|move|p2a: Zekrom|Dragon Dance|p2a: Zekrom\n|-boost|p2a: Zekrom|atk|1\n|-boost|p2a: Zekrom|spe|1\n|\n|-heal|p2a: Zekrom|89/100|[from] item: Leftovers\n|upkeep\n|turn|9\n|inactive|Time left: 300 sec this turn | 300 sec total\n|\n|t:|1783550248\n|move|p2a: Zekrom|Substitute|p2a: Zekrom\n|-start|p2a: Zekrom|Substitute\n|-damage|p2a: Zekrom|65/100\n|move|p1a: Rhyperior|Earthquake|p2a: Zekrom\n|-supereffective|p2a: Zekrom\n|-end|p2a: Zekrom|Substitute\n|\n|-heal|p2a: Zekrom|71/100|[from] item: Leftovers\n|upkeep\n|turn|10\n|inactive|Time left: 300 sec this turn | 300 sec total\n|\n|t:|1783550249\n|move|p2a: Zekrom|Substitute|p2a: Zekrom\n|-start|p2a: Zekrom|Substitute\n|-damage|p2a: Zekrom|46/100\n|move|p1a: Rhyperior|Earthquake|p2a: Zekrom\n|-supereffective|p2a: Zekrom\n|-end|p2a: Zekrom|Substitute\n|\n|-heal|p2a: Zekrom|52/100|[from] item: Leftovers\n|upkeep\n|turn|11\n|inactive|Time left: 300 sec this turn | 300 sec total\n|\n|t:|1783550250\n|switch|p2a: Skarmory|Skarmory, L80, M|59/100\n|move|p1a: Rhyperior|Earthquake|p2a: Skarmory\n|-immune|p2a: Skarmory\n|\n|-heal|p2a: Skarmory|65/100|[from] item: Leftovers\n|upkeep\n|turn|12\n|inactive|Time left: 300 sec this turn | 300 sec total\n|\n|t:|1783550252\n|move|p2a: Skarmory|Iron Defense|p2a: Skarmory\n|-boost|p2a: Skarmory|def|2\n|move|p1a: Rhyperior|Earthquake|p2a: Skarmory\n|-immune|p2a: Skarmory\n|\n|-heal|p2a: Skarmory|71/100|[from] item: Leftovers\n|upkeep\n|turn|13\n|inactive|Time left: 300 sec this turn | 300 sec total\n|\n|t:|1783550253\n|switch|p1a: Chandelure|Chandelure, L83, M|235/235\n|move|p2a: Skarmory|Roost|p2a: Skarmory\n|-heal|p2a: Skarmory|100/100\n|-singleturn|p2a: Skarmory|move: Roost\n|\n|upkeep\n|turn|14\n|inactive|Time left: 300 sec this turn | 300 sec total\n|\n|t:|1783550254\n|move|p1a: Chandelure|Fire Blast|p2a: Skarmory\n|-supereffective|p2a: Skarmory\n|-ability|p2a: Skarmory|Sturdy\n|-damage|p2a: Skarmory|1/100\n|move|p2a: Skarmory|Roost|p2a: Skarmory\n|-heal|p2a: Skarmory|51/100\n|-singleturn|p2a: Skarmory|move: Roost\n|\n|-heal|p2a: Skarmory|57/100|[from] item: Leftovers\n|upkeep\n|turn|15\n|inactive|Time left: 300 sec this turn | 300 sec total\n|\n|t:|1783550255\n|switch|p2a: Grimmsnarl|Grimmsnarl, L83, M|49/100\n|move|p1a: Chandelure|Fire Blast|p2a: Grimmsnarl\n|-damage|p2a: Grimmsnarl|0 fnt\n|faint|p2a: Grimmsnarl\n|\n|upkeep\n|\n|t:|1783550256\n|switch|p2a: Zekrom|Zekrom, L71|52/100\n|-ability|p2a: Zekrom|Teravolt\n|turn|16\n|inactive|Time left: 300 sec this turn | 300 sec total\n|\n|t:|1783550257\n|move|p1a: Chandelure|Shadow Ball|p2a: Zekrom\n|-damage|p2a: Zekrom|4/100\n|move|p2a: Zekrom|Outrage|p1a: Chandelure\n|-damage|p1a: Chandelure|102/235\n|\n|-heal|p2a: Zekrom|11/100|[from] item: Leftovers\n|upkeep\n|turn|17\n|inactive|Time left: 300 sec this turn | 300 sec total\n|\n|t:|1783550259\n|move|p1a: Chandelure|Shadow Ball|p2a: Zekrom\n|-damage|p2a: Zekrom|0 fnt\n|faint|p2a: Zekrom\n|\n|upkeep\n|\n|t:|1783550260\n|switch|p2a: Talonflame|Talonflame, L83, F|100/100\n|turn|18\n|inactive|Time left: 300 sec this turn | 300 sec total\n|\n|t:|1783550261\n|switch|p1a: Rhyperior|Rhyperior, L82, M|323/323\n|move|p2a: Talonflame|Brave Bird|p1a: Rhyperior\n|-resisted|p1a: Rhyperior\n|-damage|p1a: Rhyperior|281/323\n|-damage|p2a: Talonflame|95/100|[from] Recoil\n|\n|upkeep\n|turn|19\n|inactive|Time left: 300 sec this turn | 300 sec total\n|\n|t:|1783550262\n|move|p2a: Talonflame|Will-O-Wisp|p1a: Rhyperior\n|-status|p1a: Rhyperior|brn\n|move|p1a: Rhyperior|Stone Edge|p2a: Talonflame\n|-supereffective|p2a: Talonflame\n|-damage|p2a: Talonflame|0 fnt\n|faint|p2a: Talonflame\n|\n|-damage|p1a: Rhyperior|261/323 brn|[from] brn\n|upkeep\n|\n|t:|1783550263\n|switch|p2a: Skarmory|Skarmory, L80, M|57/100\n|turn|20\n|inactive|Time left: 300 sec this turn | 300 sec total\n|\n|t:|1783550264\n|move|p2a: Skarmory|Roost|p2a: Skarmory\n|-heal|p2a: Skarmory|100/100\n|-singleturn|p2a: Skarmory|move: Roost\n|move|p1a: Rhyperior|Dragon Tail|p2a: Skarmory\n|-resisted|p2a: Skarmory\n|-damage|p2a: Skarmory|96/100\n|drag|p2a: Piloswine|Piloswine, L85, F|24/100\n|\n|-damage|p1a: Rhyperior|241/323 brn|[from] brn\n|upkeep\n|turn|21\n|inactive|Time left: 300 sec this turn | 300 sec total\n|\n|t:|1783550265\n|move|p2a: Piloswine|Earthquake|p1a: Rhyperior\n|-supereffective|p1a: Rhyperior\n|-damage|p1a: Rhyperior|106/323 brn\n|move|p1a: Rhyperior|Earthquake|p2a: Piloswine\n|-damage|p2a: Piloswine|8/100\n|\n|-damage|p1a: Rhyperior|86/323 brn|[from] brn\n|upkeep\n|turn|22\n|inactive|Time left: 300 sec this turn | 300 sec total\n|\n|t:|1783550267\n|move|p2a: Piloswine|Earthquake|p1a: Rhyperior\n|-supereffective|p1a: Rhyperior\n|-damage|p1a: Rhyperior|0 fnt\n|faint|p1a: Rhyperior\n|\n|upkeep\n|inactive|Time left: 300 sec this turn | 300 sec total | 5 sec grace\n|\n|t:|1783550268\n|switch|p1a: Chandelure|Chandelure, L83, M|102/235\n|turn|23\n|inactive|Time left: 300 sec this turn | 300 sec total\n|\n|t:|1783550269\n|move|p2a: Piloswine|Ice Shard|p1a: Chandelure\n|-resisted|p1a: Chandelure\n|-damage|p1a: Chandelure|79/235\n|move|p1a: Chandelure|Energy Ball|p2a: Piloswine\n|-supereffective|p2a: Piloswine\n|-damage|p2a: Piloswine|0 fnt\n|faint|p2a: Piloswine\n|\n|upkeep\n|\n|t:|1783550270\n|switch|p2a: Deoxys|Deoxys-Attack, L72|100/100\n|-ability|p2a: Deoxys|Pressure\n|turn|24\n|inactive|Time left: 300 sec this turn | 300 sec total\n|\n|t:|1783550271\n|switch|p1a: Grimmsnarl|Grimmsnarl, L83, M|293/293\n|move|p2a: Deoxys|Knock Off|p1a: Grimmsnarl\n|-resisted|p1a: Grimmsnarl\n|-damage|p1a: Grimmsnarl|259/293\n|-enditem|p1a: Grimmsnarl|Leftovers|[from] move: Knock Off|[of] p2a: Deoxys\n|-damage|p2a: Deoxys|91/100|[from] item: Life Orb\n|\n|upkeep\n|turn|25\n|inactive|Time left: 300 sec this turn | 300 sec total\n|\n|t:|1783550272\n|switch|p2a: Skarmory|Skarmory, L80, M|96/100\n|move|p1a: Grimmsnarl|Spirit Break|p2a: Skarmory\n|-resisted|p2a: Skarmory\n|-damage|p2a: Skarmory|82/100\n|-unboost|p2a: Skarmory|spa|1\n|\n|-heal|p2a: Skarmory|88/100|[from] item: Leftovers\n|upkeep\n|turn|26\n|inactive|Time left: 300 sec this turn | 300 sec total\n|\n|t:|1783550272\n|move|p2a: Skarmory|Iron Defense|p2a: Skarmory\n|-boost|p2a: Skarmory|def|2\n|move|p1a: Grimmsnarl|Spirit Break|p2a: Skarmory\n|-resisted|p2a: Skarmory\n|-damage|p2a: Skarmory|81/100\n|-unboost|p2a: Skarmory|spa|1\n|\n|-heal|p2a: Skarmory|87/100|[from] item: Leftovers\n|upkeep\n|turn|27\n|inactive|Time left: 300 sec this turn | 300 sec total\n|\n|t:|1783550273\n|switch|p1a: Talonflame|Talonflame, L83, M|265/265\n|move|p2a: Skarmory|Brave Bird|p1a: Talonflame\n|-damage|p1a: Talonflame|150/265\n|-damage|p2a: Skarmory|71/100|[from] Recoil\n|\n|-heal|p2a: Skarmory|77/100|[from] item: Leftovers\n|upkeep\n|turn|28\n|inactive|Time left: 300 sec this turn | 300 sec total\n|\n|t:|1783550274\n|move|p1a: Talonflame|Overheat|p2a: Skarmory\n|-supereffective|p2a: Skarmory\n|-damage|p2a: Skarmory|0 fnt\n|-unboost|p1a: Talonflame|spa|2\n|faint|p2a: Skarmory\n|\n|upkeep\n|\n|t:|1783550275\n|switch|p2a: Deoxys|Deoxys-Attack, L72|91/100\n|-ability|p2a: Deoxys|Pressure\n|turn|29\n|inactive|Time left: 300 sec this turn | 300 sec total\n|\n|t:|1783550275\n|-terastallize|p2a: Deoxys|Fighting\n|move|p2a: Deoxys|Psycho Boost|p1a: Talonflame|[miss]\n|-miss|p2a: Deoxys|p1a: Talonflame\n|move|p1a: Talonflame|Brave Bird|p2a: Deoxys\n|-supereffective|p2a: Deoxys\n|-damage|p2a: Deoxys|0 fnt\n|faint|p2a: Deoxys\n|-damage|p1a: Talonflame|93/265|[from] Recoil\n|\n|win|p0x89229d4", "uploadtime": 1783550276, "views": 0, "rating": 0, "private": 0, "password": null, "_winner": "p0x89229d4", "_our_name": "p0x89229d4"}