{"id": "battle-gen9randombattle-24", "formatid": "gen9randombattle", "format": "[Gen 9] Random Battle", "players": ["p0x025a413", "p0y025f3be"], "log": "|init|battle\n|title|p0x025a413 vs. p0y025f3be\n|j|\u2606p0x025a413\n|j|\u2606p0y025f3be\n|t:|1783539444\n|gametype|singles\n|player|p1|p0x025a413|169|\n|player|p2|p0y025f3be|2|\n|gen|9\n|tier|[Gen 9] Random Battle\n|rule|Species Clause: Limit one of each Pok\u00e9mon\n|rule|HP Percentage Mod: HP is shown in percentages\n|rule|Sleep Clause Mod: Limit one foe put to sleep\n|rule|Illusion Level Mod: Illusion disguises the Pok\u00e9mon's true level\n|\n|t:|1783539444\n|teamsize|p1|6\n|teamsize|p2|6\n|start\n|switch|p1a: Iron Thorns|Iron Thorns, L83|302/302\n|switch|p2a: Glastrier|Glastrier, L86|100/100\n|turn|1\n|inactive|Battle timer is ON: inactive players will automatically lose when time's up. (requested by p0y025f3be)\n|inactive|Time left: 300 sec this turn | 300 sec total | 60 sec grace\n|inactive|p0x025a413 also wants the timer to be on.\n|\n|t:|1783539445\n|move|p1a: Iron Thorns|Stone Edge|p2a: Glastrier|[miss]\n|-miss|p1a: Iron Thorns|p2a: Glastrier\n|move|p2a: Glastrier|High Horsepower|p1a: Iron Thorns\n|-supereffective|p1a: Iron Thorns\n|-damage|p1a: Iron Thorns|0 fnt\n|faint|p1a: Iron Thorns\n|-end|p1a: Iron Thorns|Quark Drive|[silent]\n|-ability|p2a: Glastrier|Chilling Neigh|boost\n|-boost|p2a: Glastrier|atk|1\n|\n|upkeep\n|inactive|Time left: 300 sec this turn | 300 sec total | 65 sec grace\n|\n|t:|1783539446\n|switch|p1a: Golurk|Golurk, L87|297/297\n|turn|2\n|inactive|Time left: 300 sec this turn | 300 sec total\n|\n|t:|1783539448\n|move|p1a: Golurk|Dynamic Punch|p2a: Glastrier\n|-supereffective|p2a: Glastrier\n|-damage|p2a: Glastrier|47/100\n|-start|p2a: Glastrier|confusion\n|-damage|p1a: Golurk|268/297|[from] item: Life Orb\n|-activate|p2a: Glastrier|confusion\n|move|p2a: Glastrier|Icicle Crash|p1a: Golurk\n|-supereffective|p1a: Golurk\n|-damage|p1a: Golurk|0 fnt\n|faint|p1a: Golurk\n|-ability|p2a: Glastrier|Chilling Neigh|boost\n|-boost|p2a: Glastrier|atk|1\n|\n|upkeep\n|inactive|Time left: 300 sec this turn | 300 sec total | 5 sec grace\n|\n|t:|1783539449\n|switch|p1a: Staraptor|Staraptor, L79, M|263/263\n|turn|3\n|inactive|Time left: 300 sec this turn | 300 sec total\n|\n|t:|1783539450\n|move|p1a: Staraptor|Brave Bird|p2a: Glastrier\n|-damage|p2a: Glastrier|0 fnt\n|faint|p2a: Glastrier\n|-damage|p1a: Staraptor|215/263|[from] Recoil\n|\n|upkeep\n|\n|t:|1783539451\n|switch|p2a: Electivire|Electivire, L84, F|100/100\n|turn|4\n|inactive|Time left: 300 sec this turn | 300 sec total\n|\n|t:|1783539452\n|switch|p1a: Roaring Moon|Roaring Moon, L72|270/270\n|move|p2a: Electivire|Bulk Up|p2a: Electivire\n|-boost|p2a: Electivire|atk|1\n|-boost|p2a: Electivire|def|1\n|\n|upkeep\n|turn|5\n|inactive|Time left: 300 sec this turn | 300 sec total\n|\n|t:|1783539453\n|move|p1a: Roaring Moon|Outrage|p2a: Electivire\n|-crit|p2a: Electivire\n|-damage|p2a: Electivire|0 fnt\n|faint|p2a: Electivire\n|\n|upkeep\n|\n|t:|1783539454\n|switch|p2a: Terrakion|Terrakion, L79|100/100\n|turn|6\n|inactive|Time left: 300 sec this turn | 300 sec total\n|\n|t:|1783539456\n|move|p2a: Terrakion|Close Combat|p1a: Roaring Moon\n|-supereffective|p1a: Roaring Moon\n|-damage|p1a: Roaring Moon|0 fnt\n|-unboost|p2a: Terrakion|def|1\n|-unboost|p2a: Terrakion|spd|1\n|faint|p1a: Roaring Moon\n|-end|p1a: Roaring Moon|Protosynthesis|[silent]\n|-damage|p2a: Terrakion|91/100|[from] item: Life Orb\n|\n|upkeep\n|inactive|Time left: 300 sec this turn | 300 sec total | 5 sec grace\n|\n|t:|1783539457\n|switch|p1a: Iron Valiant|Iron Valiant, L78|244/244\n|turn|7\n|inactive|Time left: 300 sec this turn | 300 sec total\n|\n|t:|1783539458\n|switch|p2a: Toxapex|Toxapex, L82, M|100/100\n|move|p1a: Iron Valiant|Moonblast|p2a: Toxapex\n|-resisted|p2a: Toxapex\n|-damage|p2a: Toxapex|80/100\n|-damage|p1a: Iron Valiant|220/244|[from] item: Life Orb\n|\n|upkeep\n|turn|8\n|inactive|Time left: 300 sec this turn | 300 sec total\n|\n|t:|1783539459\n|move|p1a: Iron Valiant|Moonblast|p2a: Toxapex\n|-resisted|p2a: Toxapex\n|-damage|p2a: Toxapex|58/100\n|-unboost|p2a: Toxapex|spa|1\n|-damage|p1a: Iron Valiant|196/244|[from] item: Life Orb\n|move|p2a: Toxapex|Liquidation|p1a: Iron Valiant\n|-damage|p1a: Iron Valiant|135/244\n|-unboost|p1a: Iron Valiant|def|1\n|\n|upkeep\n|turn|9\n|inactive|Time left: 300 sec this turn | 300 sec total\n|\n|t:|1783539460\n|switch|p2a: Rillaboom|Rillaboom, L79, M|100/100\n|-fieldstart|move: Grassy Terrain|[from] ability: Grassy Surge|[of] p2a: Rillaboom\n|move|p1a: Iron Valiant|Moonblast|p2a: Rillaboom\n|-damage|p2a: Rillaboom|45/100\n|-unboost|p2a: Rillaboom|spa|1\n|-damage|p1a: Iron Valiant|111/244|[from] item: Life Orb\n|\n|-heal|p1a: Iron Valiant|126/244|[from] Grassy Terrain\n|-heal|p2a: Rillaboom|51/100|[from] Grassy Terrain\n|upkeep\n|turn|10\n|inactive|Time left: 300 sec this turn | 300 sec total\n|\n|t:|1783539461\n|-end|p1a: Iron Valiant|Quark Drive|[silent]\n|switch|p1a: Staraptor|Staraptor, L79, M|215/263\n|move|p2a: Rillaboom|Grassy Glide|p1a: Staraptor\n|-resisted|p1a: Staraptor\n|-damage|p1a: Staraptor|136/263\n|\n|-heal|p2a: Rillaboom|57/100|[from] Grassy Terrain\n|upkeep\n|turn|11\n|inactive|Time left: 300 sec this turn | 300 sec total\n|\n|t:|1783539462\n|switch|p2a: Toxapex|Toxapex, L82, M|91/100\n|move|p1a: Staraptor|Brave Bird|p2a: Toxapex\n|-damage|p2a: Toxapex|19/100\n|-damage|p1a: Staraptor|93/263|[from] item: Rocky Helmet|[of] p2a: Toxapex\n|-damage|p1a: Staraptor|41/263|[from] Recoil\n|\n|-heal|p2a: Toxapex|25/100|[from] Grassy Terrain\n|upkeep\n|turn|12\n|inactive|Time left: 300 sec this turn | 300 sec total\n|\n|t:|1783539463\n|switch|p2a: Rillaboom|Rillaboom, L79, M|57/100\n|move|p1a: Staraptor|Brave Bird|p2a: Rillaboom\n|-supereffective|p2a: Rillaboom\n|-damage|p2a: Rillaboom|0 fnt\n|faint|p2a: Rillaboom\n|-damage|p1a: Staraptor|0 fnt|[from] Recoil\n|faint|p1a: Staraptor\n|\n|upkeep\n|inactive|Time left: 300 sec this turn | 300 sec total | 5 sec grace\n|\n|t:|1783539464\n|switch|p1a: Iron Valiant|Iron Valiant, L78|126/244\n|switch|p2a: Toxapex|Toxapex, L82, M|58/100\n|turn|13\n|inactive|Time left: 300 sec this turn | 300 sec total\n|\n|t:|1783539465\n|move|p1a: Iron Valiant|Moonblast|p2a: Toxapex\n|-resisted|p2a: Toxapex\n|-damage|p2a: Toxapex|36/100\n|-damage|p1a: Iron Valiant|102/244|[from] item: Life Orb\n|move|p2a: Toxapex|Recover|p2a: Toxapex\n|-heal|p2a: Toxapex|86/100\n|\n|-heal|p1a: Iron Valiant|117/244|[from] Grassy Terrain\n|-heal|p2a: Toxapex|92/100|[from] Grassy Terrain\n|-fieldend|move: Grassy Terrain\n|upkeep\n|turn|14\n|inactive|Time left: 300 sec this turn | 300 sec total\n|\n|t:|1783539466\n|move|p1a: Iron Valiant|Moonblast|p2a: Toxapex\n|-resisted|p2a: Toxapex\n|-damage|p2a: Toxapex|72/100\n|-damage|p1a: Iron Valiant|93/244|[from] item: Life Orb\n|move|p2a: Toxapex|Liquidation|p1a: Iron Valiant\n|-damage|p1a: Iron Valiant|27/244\n|\n|upkeep\n|turn|15\n|inactive|Time left: 300 sec this turn | 300 sec total\n|\n|t:|1783539467\n|-end|p1a: Iron Valiant|Quark Drive|[silent]\n|switch|p1a: Komala|Komala, L87, F|255/255\n|-ability|p1a: Komala|Comatose\n|move|p2a: Toxapex|Recover|p2a: Toxapex\n|-heal|p2a: Toxapex|100/100\n|\n|upkeep\n|turn|16\n|inactive|Time left: 300 sec this turn | 300 sec total\n|\n|t:|1783539468\n|move|p1a: Komala|Earthquake|p2a: Toxapex\n|-supereffective|p2a: Toxapex\n|-damage|p2a: Toxapex|46/100\n|move|p2a: Toxapex|Liquidation|p1a: Komala\n|-damage|p1a: Komala|186/255\n|\n|upkeep\n|turn|17\n|inactive|Time left: 300 sec this turn | 300 sec total\n|\n|t:|1783539469\n|switch|p2a: Great Tusk|Great Tusk, L77|100/100\n|move|p1a: Komala|Earthquake|p2a: Great Tusk\n|-damage|p2a: Great Tusk|80/100\n|\n|upkeep\n|turn|18\n|inactive|Time left: 300 sec this turn | 300 sec total\n|\n|t:|1783539470\n|-terastallize|p2a: Great Tusk|Ground\n|-terastallize|p1a: Komala|Ghost\n|move|p2a: Great Tusk|Headlong Rush|p1a: Komala\n|-damage|p1a: Komala|0 fnt\n|-unboost|p2a: Great Tusk|def|1\n|-unboost|p2a: Great Tusk|spd|1\n|faint|p1a: Komala\n|\n|upkeep\n|inactive|Time left: 300 sec this turn | 300 sec total | 5 sec grace\n|\n|t:|1783539471\n|switch|p1a: Iron Valiant|Iron Valiant, L78|27/244\n|turn|19\n|inactive|Time left: 300 sec this turn | 300 sec total\n|\n|t:|1783539472\n|move|p1a: Iron Valiant|Moonblast|p2a: Great Tusk\n|-damage|p2a: Great Tusk|10/100\n|-damage|p1a: Iron Valiant|3/244|[from] item: Life Orb\n|move|p2a: Great Tusk|Close Combat|p1a: Iron Valiant\n|-resisted|p1a: Iron Valiant\n|-damage|p1a: Iron Valiant|0 fnt\n|-unboost|p2a: Great Tusk|def|1\n|-unboost|p2a: Great Tusk|spd|1\n|faint|p1a: Iron Valiant\n|-end|p1a: Iron Valiant|Quark Drive|[silent]\n|\n|win|p0y025f3be", "uploadtime": 1783539472, "views": 0, "rating": 0, "private": 0, "password": null, "_winner": "p0y025f3be", "_our_name": "p0x025a413"}