{"id": "battle-gen9randombattle-2859", "formatid": "gen9randombattle", "format": "[Gen 9] Random Battle", "players": ["p0x2859a557", "p0y2859ebb2"], "log": "|init|battle\n|title|p0x2859a557 vs. p0y2859ebb2\n|j|\u2606p0x2859a557\n|j|\u2606p0y2859ebb2\n|t:|1783572932\n|gametype|singles\n|player|p1|p0x2859a557|266|\n|player|p2|p0y2859ebb2|169|\n|gen|9\n|tier|[Gen 9] Random Battle\n|rule|Species Clause: Limit one of each Pok\u00e9mon\n|rule|HP Percentage Mod: HP is shown in percentages\n|rule|Sleep Clause Mod: Limit one foe put to sleep\n|rule|Illusion Level Mod: Illusion disguises the Pok\u00e9mon's true level\n|\n|t:|1783572932\n|teamsize|p1|6\n|teamsize|p2|6\n|start\n|switch|p1a: Oranguru|Oranguru, L92, F|100/100\n|switch|p2a: Manaphy|Manaphy, L78|284/284\n|turn|1\n|inactive|Battle timer is ON: inactive players will automatically lose when time's up. (requested by p0x2859a557)\n|inactive|Time left: 300 sec this turn | 300 sec total | 60 sec grace\n|inactive|p0y2859ebb2 also wants the timer to be on.\n|\n|t:|1783572933\n|move|p2a: Manaphy|Tail Glow|p2a: Manaphy\n|-boost|p2a: Manaphy|spa|3\n|move|p1a: Oranguru|Nasty Plot|p1a: Oranguru\n|-boost|p1a: Oranguru|spa|2\n|\n|upkeep\n|turn|2\n|inactive|Time left: 300 sec this turn | 300 sec total\n|\n|t:|1783572934\n|-terastallize|p1a: Oranguru|Psychic\n|move|p2a: Manaphy|Hydro Pump|p1a: Oranguru\n|-crit|p1a: Oranguru\n|-damage|p1a: Oranguru|10/100\n|move|p1a: Oranguru|Psyshock|p2a: Manaphy\n|-damage|p2a: Manaphy|0 fnt\n|faint|p2a: Manaphy\n|-damage|p1a: Oranguru|0 fnt|[from] item: Life Orb\n|faint|p1a: Oranguru\n|\n|upkeep\n|inactive|Time left: 300 sec this turn | 300 sec total | 5 sec grace\n|\n|t:|1783572936\n|switch|p2a: Ogerpon|Ogerpon-Hearthflame, L74, F|239/239\n|switch|p1a: Ogerpon|Ogerpon-Wellspring, L76, F|100/100\n|-ability|p2a: Ogerpon|Mold Breaker\n|turn|3\n|inactive|Time left: 300 sec this turn | 300 sec total\n|\n|t:|1783572937\n|move|p1a: Ogerpon|Ivy Cudgel|p2a: Ogerpon|[anim] Ivy Cudgel Water\n|-damage|p2a: Ogerpon|97/239\n|move|p2a: Ogerpon|Power Whip|p1a: Ogerpon\n|-damage|p1a: Ogerpon|41/100\n|\n|upkeep\n|turn|4\n|inactive|Time left: 300 sec this turn | 300 sec total\n|\n|t:|1783572938\n|switch|p2a: Stantler|Stantler, L92, F|284/284\n|-ability|p2a: Stantler|Intimidate|boost\n|-unboost|p1a: Ogerpon|atk|1\n|move|p1a: Ogerpon|Ivy Cudgel|p2a: Stantler|[anim] Ivy Cudgel Water\n|-damage|p2a: Stantler|215/284\n|\n|upkeep\n|turn|5\n|inactive|Time left: 300 sec this turn | 300 sec total\n|\n|t:|1783572939\n|move|p1a: Ogerpon|Ivy Cudgel|p2a: Stantler|[anim] Ivy Cudgel Water\n|-damage|p2a: Stantler|148/284\n|move|p2a: Stantler|Body Slam|p1a: Ogerpon\n|-damage|p1a: Ogerpon|0 fnt\n|faint|p1a: Ogerpon\n|\n|upkeep\n|\n|t:|1783572940\n|switch|p1a: Gouging Fire|Gouging Fire, L74|100/100\n|turn|6\n|inactive|Time left: 300 sec this turn | 300 sec total\n|\n|t:|1783572941\n|move|p2a: Stantler|Earthquake|p1a: Gouging Fire\n|-supereffective|p1a: Gouging Fire\n|-damage|p1a: Gouging Fire|52/100\n|move|p1a: Gouging Fire|Dragon Dance|p1a: Gouging Fire\n|-boost|p1a: Gouging Fire|atk|1\n|-boost|p1a: Gouging Fire|spe|1\n|\n|upkeep\n|turn|7\n|inactive|Time left: 300 sec this turn | 300 sec total\n|\n|t:|1783572942\n|move|p1a: Gouging Fire|Outrage|p2a: Stantler\n|-damage|p2a: Stantler|13/284\n|move|p2a: Stantler|Earthquake|p1a: Gouging Fire\n|-supereffective|p1a: Gouging Fire\n|-damage|p1a: Gouging Fire|4/100\n|\n|upkeep\n|turn|8\n|inactive|Time left: 300 sec this turn | 300 sec total\n|\n|t:|1783572943\n|switch|p2a: Registeel|Registeel, L81|262/262\n|move|p1a: Gouging Fire|Outrage|p2a: Registeel|[from] lockedmove\n|-resisted|p2a: Registeel\n|-damage|p2a: Registeel|209/262\n|-start|p1a: Gouging Fire|confusion|[fatigue]\n|\n|upkeep\n|turn|9\n|inactive|Time left: 300 sec this turn | 300 sec total\n|\n|t:|1783572944\n|-activate|p1a: Gouging Fire|confusion\n|move|p1a: Gouging Fire|Morning Sun|p1a: Gouging Fire\n|-heal|p1a: Gouging Fire|54/100\n|move|p2a: Registeel|Iron Defense|p2a: Registeel\n|-boost|p2a: Registeel|def|2\n|\n|upkeep\n|turn|10\n|inactive|Time left: 300 sec this turn | 300 sec total\n|\n|t:|1783572945\n|-activate|p1a: Gouging Fire|confusion\n|-damage|p1a: Gouging Fire|41/100|[from] confusion\n|move|p2a: Registeel|Body Press|p1a: Gouging Fire\n|-damage|p1a: Gouging Fire|0 fnt\n|faint|p1a: Gouging Fire\n|-end|p1a: Gouging Fire|Protosynthesis|[silent]\n|\n|upkeep\n|\n|t:|1783572946\n|switch|p1a: Reshiram|Reshiram, L76|100/100\n|-ability|p1a: Reshiram|Turboblaze\n|turn|11\n|inactive|Time left: 300 sec this turn | 300 sec total\n|\n|t:|1783572946\n|move|p1a: Reshiram|Blue Flare|p2a: Registeel\n|-supereffective|p2a: Registeel\n|-damage|p2a: Registeel|0 fnt\n|faint|p2a: Registeel\n|\n|upkeep\n|inactive|Time left: 300 sec this turn | 300 sec total | 5 sec grace\n|\n|t:|1783572947\n|switch|p2a: Tatsugiri|Tatsugiri, L87, F|260/260\n|turn|12\n|inactive|Time left: 300 sec this turn | 300 sec total\n|\n|t:|1783572948\n|switch|p1a: Poliwrath|Poliwrath, L88, M|100/100\n|move|p2a: Tatsugiri|Draco Meteor|p1a: Poliwrath\n|-damage|p1a: Poliwrath|66/100\n|-unboost|p2a: Tatsugiri|spa|2\n|\n|upkeep\n|turn|13\n|inactive|Time left: 300 sec this turn | 300 sec total\n|\n|t:|1783572949\n|switch|p2a: Stantler|Stantler, L92, F|13/284\n|-ability|p2a: Stantler|Intimidate|boost\n|-unboost|p1a: Poliwrath|atk|1\n|move|p1a: Poliwrath|Knock Off|p2a: Stantler\n|-damage|p2a: Stantler|0 fnt\n|-enditem|p2a: Stantler|Eviolite|[from] move: Knock Off|[of] p1a: Poliwrath\n|faint|p2a: Stantler\n|\n|upkeep\n|inactive|Time left: 300 sec this turn | 300 sec total | 5 sec grace\n|\n|t:|1783572950\n|switch|p2a: Ogerpon|Ogerpon-Hearthflame, L74, F|97/239\n|-ability|p2a: Ogerpon|Mold Breaker\n|turn|14\n|inactive|Time left: 300 sec this turn | 300 sec total\n|\n|t:|1783572951\n|switch|p1a: Reshiram|Reshiram, L76|100/100\n|-ability|p1a: Reshiram|Turboblaze\n|move|p2a: Ogerpon|Power Whip|p1a: Reshiram\n|-resisted|p1a: Reshiram\n|-crit|p1a: Reshiram\n|-damage|p1a: Reshiram|81/100\n|\n|upkeep\n|turn|15\n|inactive|Time left: 300 sec this turn | 300 sec total\n|\n|t:|1783572951\n|move|p2a: Ogerpon|Stomping Tantrum|p1a: Reshiram\n|-supereffective|p1a: Reshiram\n|-damage|p1a: Reshiram|34/100\n|move|p1a: Reshiram|Blue Flare|p2a: Ogerpon\n|-crit|p2a: Ogerpon\n|-damage|p2a: Ogerpon|0 fnt\n|faint|p2a: Ogerpon\n|\n|upkeep\n|inactive|Time left: 300 sec this turn | 300 sec total | 5 sec grace\n|\n|t:|1783572952\n|switch|p2a: Pikachu|Pikachu-Original, L93, M|216/216\n|turn|16\n|inactive|Time left: 300 sec this turn | 300 sec total\n|\n|t:|1783572953\n|move|p2a: Pikachu|Volt Tackle|p1a: Reshiram\n|-resisted|p1a: Reshiram\n|-damage|p1a: Reshiram|0 fnt\n|faint|p1a: Reshiram\n|-damage|p2a: Pikachu|185/216|[from] Recoil\n|\n|upkeep\n|\n|t:|1783572954\n|switch|p1a: Bronzong|Bronzong, L88|100/100\n|turn|17\n|inactive|Time left: 300 sec this turn | 300 sec total\n|\n|t:|1783572955\n|move|p2a: Pikachu|Knock Off|p1a: Bronzong\n|-supereffective|p1a: Bronzong\n|-damage|p1a: Bronzong|32/100\n|-enditem|p1a: Bronzong|Leftovers|[from] move: Knock Off|[of] p2a: Pikachu\n|move|p1a: Bronzong|Body Press|p2a: Pikachu\n|-damage|p2a: Pikachu|68/216\n|\n|upkeep\n|turn|18\n|inactive|Time left: 300 sec this turn | 300 sec total\n|\n|t:|1783572956\n|-terastallize|p2a: Pikachu|Water\n|move|p2a: Pikachu|Volt Tackle|p1a: Bronzong\n|-damage|p1a: Bronzong|0 fnt\n|faint|p1a: Bronzong\n|-damage|p2a: Pikachu|41/216|[from] Recoil\n|\n|upkeep\n|\n|t:|1783572956\n|switch|p1a: Poliwrath|Poliwrath, L88, M|66/100\n|turn|19\n|inactive|Time left: 300 sec this turn | 300 sec total\n|\n|t:|1783572957\n|move|p2a: Pikachu|Volt Tackle|p1a: Poliwrath\n|-supereffective|p1a: Poliwrath\n|-damage|p1a: Poliwrath|0 fnt\n|faint|p1a: Poliwrath\n|-damage|p2a: Pikachu|0 fnt|[from] Recoil\n|faint|p2a: Pikachu\n|\n|win|p0y2859ebb2", "uploadtime": 1783572957, "views": 0, "rating": 0, "private": 0, "password": null, "_winner": "p0y2859ebb2", "_our_name": "p0y2859ebb2"}