{"id": "battle-gen9randombattle-1919", "formatid": "gen9randombattle", "format": "[Gen 9] Random Battle", "players": ["p0x1919b0d7", "p0y19199d94"], "log": "|init|battle\n|title|p0x1919b0d7 vs. p0y19199d94\n|j|\u2606p0x1919b0d7\n|j|\u2606p0y19199d94\n|t:|1783562200\n|gametype|singles\n|player|p1|p0x1919b0d7|101|\n|player|p2|p0y19199d94|2|\n|gen|9\n|tier|[Gen 9] Random Battle\n|rule|Species Clause: Limit one of each Pok\u00e9mon\n|rule|HP Percentage Mod: HP is shown in percentages\n|rule|Sleep Clause Mod: Limit one foe put to sleep\n|rule|Illusion Level Mod: Illusion disguises the Pok\u00e9mon's true level\n|\n|t:|1783562200\n|teamsize|p1|6\n|teamsize|p2|6\n|start\n|switch|p1a: Raikou|Raikou, L81|100/100\n|switch|p2a: Lokix|Lokix, L82, F|251/251\n|-ability|p1a: Raikou|Pressure\n|turn|1\n|inactive|Battle timer is ON: inactive players will automatically lose when time's up. (requested by p0x1919b0d7)\n|inactive|Time left: 300 sec this turn | 300 sec total | 60 sec grace\n|\n|t:|1783562202\n|move|p1a: Raikou|Thunderbolt|p2a: Lokix\n|-damage|p2a: Lokix|112/251\n|move|p2a: Lokix|Leech Life|p1a: Raikou\n|-damage|p1a: Raikou|53/100\n|-heal|p2a: Lokix|179/251|[from] drain|[of] p1a: Raikou\n|-damage|p2a: Lokix|154/251|[from] item: Life Orb\n|\n|upkeep\n|turn|2\n|inactive|Time left: 300 sec this turn | 300 sec total\n|inactive|p0y19199d94 also wants the timer to be on.\n|\n|t:|1783562203\n|switch|p2a: Krookodile|Krookodile, L79, F|280/280\n|-ability|p2a: Krookodile|Intimidate|boost\n|-unboost|p1a: Raikou|atk|1\n|move|p1a: Raikou|Thunderbolt|p2a: Krookodile\n|-immune|p2a: Krookodile\n|\n|upkeep\n|turn|3\n|inactive|Time left: 300 sec this turn | 300 sec total\n|\n|t:|1783562204\n|move|p1a: Raikou|Scald|p2a: Krookodile\n|-supereffective|p2a: Krookodile\n|-damage|p2a: Krookodile|122/280\n|-status|p2a: Krookodile|brn\n|move|p2a: Krookodile|Earthquake|p1a: Raikou\n|-supereffective|p1a: Raikou\n|-damage|p1a: Raikou|0 fnt\n|faint|p1a: Raikou\n|-damage|p2a: Krookodile|94/280 brn|[from] item: Life Orb\n|\n|-damage|p2a: Krookodile|77/280 brn|[from] brn\n|upkeep\n|\n|t:|1783562205\n|switch|p1a: Zangoose|Zangoose, L85, M|100/100\n|turn|4\n|inactive|Time left: 300 sec this turn | 300 sec total\n|\n|t:|1783562206\n|move|p1a: Zangoose|Facade|p2a: Krookodile\n|-damage|p2a: Krookodile|0 fnt\n|faint|p2a: Krookodile\n|\n|-status|p1a: Zangoose|tox|[from] item: Toxic Orb\n|upkeep\n|inactive|Time left: 300 sec this turn | 300 sec total | 5 sec grace\n|\n|t:|1783562207\n|switch|p2a: Iron Boulder|Iron Boulder, L77|265/265\n|turn|5\n|inactive|Time left: 300 sec this turn | 300 sec total\n|\n|t:|1783562208\n|switch|p1a: Dusknoir|Dusknoir, L89, M|100/100\n|-item|p2a: Iron Boulder|Life Orb|[from] ability: Frisk|[of] p1a: Dusknoir\n|move|p2a: Iron Boulder|Close Combat|p1a: Dusknoir\n|-immune|p1a: Dusknoir\n|\n|upkeep\n|turn|6\n|inactive|Time left: 300 sec this turn | 300 sec total\n|\n|t:|1783562209\n|-end|p2a: Iron Boulder|Quark Drive|[silent]\n|switch|p2a: Suicune|Suicune, L82|298/298\n|-ability|p2a: Suicune|Pressure\n|move|p1a: Dusknoir|Poltergeist|p2a: Suicune\n|-activate|p2a: Suicune|move: Poltergeist|Leftovers\n|-damage|p2a: Suicune|145/298\n|\n|-heal|p2a: Suicune|163/298|[from] item: Leftovers\n|upkeep\n|turn|7\n|inactive|Time left: 300 sec this turn | 300 sec total\n|\n|t:|1783562209\n|move|p2a: Suicune|Scald|p1a: Dusknoir\n|-damage|p1a: Dusknoir|76/100\n|move|p1a: Dusknoir|Poltergeist|p2a: Suicune\n|-activate|p2a: Suicune|move: Poltergeist|Leftovers\n|-damage|p2a: Suicune|0 fnt\n|faint|p2a: Suicune\n|\n|upkeep\n|inactive|Time left: 300 sec this turn | 300 sec total | 5 sec grace\n|\n|t:|1783562210\n|switch|p2a: Lokix|Lokix, L82, F|154/251\n|turn|8\n|inactive|Time left: 300 sec this turn | 300 sec total\n|\n|t:|1783562211\n|switch|p1a: Ampharos|Ampharos, L88, M|100/100\n|move|p2a: Lokix|Knock Off|p1a: Ampharos\n|-damage|p1a: Ampharos|59/100\n|-enditem|p1a: Ampharos|Assault Vest|[from] move: Knock Off|[of] p2a: Lokix\n|-damage|p2a: Lokix|129/251|[from] item: Life Orb\n|\n|upkeep\n|turn|9\n|inactive|Time left: 300 sec this turn | 300 sec total\n|\n|t:|1783562212\n|switch|p2a: Decidueye|Decidueye-Hisui, L87, M|295/295\n|move|p1a: Ampharos|Volt Switch|p2a: Decidueye\n|-resisted|p2a: Decidueye\n|-damage|p2a: Decidueye|255/295\n|\n|t:|1783562213\n|switch|p1a: Dusknoir|Dusknoir, L89, M|76/100|[from] Volt Switch\n|-item|p2a: Decidueye|Leftovers|[from] ability: Frisk|[of] p1a: Dusknoir\n|\n|-heal|p2a: Decidueye|273/295|[from] item: Leftovers\n|upkeep\n|turn|10\n|inactive|Time left: 300 sec this turn | 300 sec total\n|\n|t:|1783562213\n|move|p2a: Decidueye|Triple Arrows|p1a: Dusknoir\n|-damage|p1a: Dusknoir|44/100\n|move|p1a: Dusknoir|Poltergeist|p2a: Decidueye\n|-activate|p2a: Decidueye|move: Poltergeist|Leftovers\n|-damage|p2a: Decidueye|63/295\n|\n|-heal|p2a: Decidueye|81/295|[from] item: Leftovers\n|upkeep\n|turn|11\n|inactive|Time left: 300 sec this turn | 300 sec total\n|\n|t:|1783562214\n|move|p2a: Decidueye|Triple Arrows|p1a: Dusknoir\n|-damage|p1a: Dusknoir|7/100\n|-unboost|p1a: Dusknoir|def|1\n|move|p1a: Dusknoir|Poltergeist|p2a: Decidueye\n|-activate|p2a: Decidueye|move: Poltergeist|Leftovers\n|-damage|p2a: Decidueye|0 fnt\n|faint|p2a: Decidueye\n|\n|upkeep\n|inactive|Time left: 300 sec this turn | 300 sec total | 5 sec grace\n|\n|t:|1783562215\n|switch|p2a: Iron Boulder|Iron Boulder, L77|265/265\n|turn|12\n|inactive|Time left: 300 sec this turn | 300 sec total\n|\n|t:|1783562216\n|move|p2a: Iron Boulder|Mighty Cleave|p1a: Dusknoir\n|-damage|p1a: Dusknoir|0 fnt\n|faint|p1a: Dusknoir\n|-damage|p2a: Iron Boulder|239/265|[from] item: Life Orb\n|\n|upkeep\n|\n|t:|1783562217\n|switch|p1a: Ogerpon|Ogerpon-Cornerstone, L76, F|100/100\n|turn|13\n|inactive|Time left: 300 sec this turn | 300 sec total\n|\n|t:|1783562218\n|move|p2a: Iron Boulder|Zen Headbutt|p1a: Ogerpon\n|-damage|p1a: Ogerpon|46/100\n|-damage|p2a: Iron Boulder|213/265|[from] item: Life Orb\n|cant|p1a: Ogerpon|flinch\n|\n|upkeep\n|turn|14\n|inactive|Time left: 300 sec this turn | 300 sec total\n|\n|t:|1783562219\n|switch|p1a: Toxapex|Toxapex, L82, F|100/100\n|move|p2a: Iron Boulder|Mighty Cleave|p1a: Toxapex\n|-damage|p1a: Toxapex|62/100\n|-damage|p2a: Iron Boulder|169/265|[from] item: Rocky Helmet|[of] p1a: Toxapex\n|-damage|p2a: Iron Boulder|143/265|[from] item: Life Orb\n|\n|upkeep\n|turn|15\n|inactive|Time left: 300 sec this turn | 300 sec total\n|\n|t:|1783562220\n|move|p2a: Iron Boulder|Zen Headbutt|p1a: Toxapex\n|-supereffective|p1a: Toxapex\n|-damage|p1a: Toxapex|0 fnt\n|-damage|p2a: Iron Boulder|99/265|[from] item: Rocky Helmet|[of] p1a: Toxapex\n|faint|p1a: Toxapex\n|-damage|p2a: Iron Boulder|73/265|[from] item: Life Orb\n|\n|upkeep\n|\n|t:|1783562221\n|switch|p1a: Ampharos|Ampharos, L88, M|59/100\n|turn|16\n|inactive|Time left: 300 sec this turn | 300 sec total\n|\n|t:|1783562222\n|move|p2a: Iron Boulder|Mighty Cleave|p1a: Ampharos\n|-damage|p1a: Ampharos|18/100\n|-damage|p2a: Iron Boulder|47/265|[from] item: Life Orb\n|move|p1a: Ampharos|Volt Switch|p2a: Iron Boulder\n|-damage|p2a: Iron Boulder|0 fnt\n|faint|p2a: Iron Boulder\n|-end|p2a: Iron Boulder|Quark Drive|[silent]\n|\n|t:|1783562223\n|switch|p1a: Zangoose|Zangoose, L85, M|100/100 tox|[from] Volt Switch\n|\n|-damage|p1a: Zangoose|94/100 tox|[from] psn\n|upkeep\n|inactive|Time left: 300 sec this turn | 300 sec total | 10 sec grace\n|\n|t:|1783562223\n|switch|p2a: Skarmory|Skarmory, L80, M|235/235\n|turn|17\n|inactive|Time left: 300 sec this turn | 300 sec total\n|\n|t:|1783562224\n|switch|p1a: Ampharos|Ampharos, L88, M|18/100\n|move|p2a: Skarmory|Body Press|p1a: Ampharos\n|-damage|p1a: Ampharos|0 fnt\n|faint|p1a: Ampharos\n|\n|upkeep\n|\n|t:|1783562225\n|switch|p1a: Ogerpon|Ogerpon-Cornerstone, L76, F|46/100\n|turn|18\n|inactive|Time left: 300 sec this turn | 300 sec total\n|\n|t:|1783562226\n|-terastallize|p1a: Ogerpon|Rock\n|detailschange|p1a: Ogerpon|Ogerpon-Cornerstone-Tera, L76, F, tera:Rock\n|-ability|p1a: Ogerpon|Embody Aspect (Cornerstone)|boost\n|-boost|p1a: Ogerpon|def|1\n|move|p1a: Ogerpon|Ivy Cudgel|p2a: Skarmory|[anim] Ivy Cudgel Rock\n|-crit|p2a: Skarmory\n|-damage|p2a: Skarmory|39/235\n|move|p2a: Skarmory|Body Press|p1a: Ogerpon\n|-supereffective|p1a: Ogerpon\n|-damage|p1a: Ogerpon|4/100\n|\n|-heal|p2a: Skarmory|53/235|[from] item: Leftovers\n|upkeep\n|turn|19\n|inactive|Time left: 300 sec this turn | 300 sec total\n|\n|t:|1783562227\n|move|p1a: Ogerpon|Ivy Cudgel|p2a: Skarmory|[anim] Ivy Cudgel Rock\n|-damage|p2a: Skarmory|0 fnt\n|faint|p2a: Skarmory\n|\n|upkeep\n|inactive|Time left: 300 sec this turn | 300 sec total | 5 sec grace\n|\n|t:|1783562228\n|switch|p2a: Lokix|Lokix, L82, F|129/251\n|turn|20\n|inactive|Time left: 300 sec this turn | 300 sec total\n|\n|t:|1783562229\n|move|p2a: Lokix|First Impression|p1a: Ogerpon\n|-damage|p1a: Ogerpon|0 fnt\n|faint|p1a: Ogerpon\n|detailschange|p1: Ogerpon|Ogerpon-Cornerstone, L76, F|[silent]\n|-damage|p2a: Lokix|104/251|[from] item: Life Orb\n|\n|upkeep\n|\n|t:|1783562230\n|switch|p1a: Zangoose|Zangoose, L85, M|94/100 tox\n|turn|21\n|inactive|Time left: 300 sec this turn | 300 sec total\n|\n|t:|1783562231\n|-terastallize|p2a: Lokix|Bug\n|move|p1a: Zangoose|Facade|p2a: Lokix\n|-damage|p2a: Lokix|0 fnt\n|faint|p2a: Lokix\n|\n|win|p0x1919b0d7", "uploadtime": 1783562231, "views": 0, "rating": 0, "private": 0, "password": null, "_winner": "p0x1919b0d7", "_our_name": "p0y19199d94"}