{"id": "battle-gen9randombattle-84", "formatid": "gen9randombattle", "format": "[Gen 9] Random Battle", "players": ["p0x084b8a7", "p0y084c9c7"], "log": "|init|battle\n|title|p0x084b8a7 vs. p0y084c9c7\n|j|\u2606p0x084b8a7\n|j|\u2606p0y084c9c7\n|t:|1783540150\n|gametype|singles\n|player|p1|p0x084b8a7|265|\n|player|p2|p0y084c9c7|169|\n|gen|9\n|tier|[Gen 9] Random Battle\n|rule|Species Clause: Limit one of each Pok\u00e9mon\n|rule|HP Percentage Mod: HP is shown in percentages\n|rule|Sleep Clause Mod: Limit one foe put to sleep\n|rule|Illusion Level Mod: Illusion disguises the Pok\u00e9mon's true level\n|\n|t:|1783540150\n|teamsize|p1|6\n|teamsize|p2|6\n|start\n|switch|p1a: Espeon|Espeon, L84, F|100/100\n|switch|p2a: Granbull|Granbull, L88, F|302/302\n|-ability|p2a: Granbull|Intimidate|boost\n|-unboost|p1a: Espeon|atk|1\n|turn|1\n|inactive|Battle timer is ON: inactive players will automatically lose when time's up. (requested by p0x084b8a7)\n|inactive|Time left: 300 sec this turn | 300 sec total | 60 sec grace\n|inactive|p0y084c9c7 also wants the timer to be on.\n|\n|t:|1783540152\n|move|p1a: Espeon|Psyshock|p2a: Granbull\n|-damage|p2a: Granbull|162/302\n|-damage|p1a: Espeon|91/100|[from] item: Life Orb\n|move|p2a: Granbull|Play Rough|p1a: Espeon\n|-damage|p1a: Espeon|22/100\n|\n|-heal|p2a: Granbull|180/302|[from] item: Leftovers\n|upkeep\n|turn|2\n|inactive|Time left: 300 sec this turn | 300 sec total\n|\n|t:|1783540154\n|switch|p2a: Sandslash|Sandslash-Alola, L88, F|275/275\n|move|p1a: Espeon|Psyshock|p2a: Sandslash\n|-resisted|p2a: Sandslash\n|-damage|p2a: Sandslash|220/275\n|-damage|p1a: Espeon|13/100|[from] item: Life Orb\n|\n|upkeep\n|turn|3\n|inactive|Time left: 300 sec this turn | 300 sec total\n|\n|t:|1783540155\n|move|p1a: Espeon|Shadow Ball|p2a: Sandslash\n|-damage|p2a: Sandslash|111/275\n|-unboost|p2a: Sandslash|spd|1\n|-damage|p1a: Espeon|3/100|[from] item: Life Orb\n|move|p2a: Sandslash|Triple Axel|p1a: Espeon\n|-damage|p1a: Espeon|0 fnt\n|faint|p1a: Espeon\n|-hitcount|p1: Espeon|1\n|\n|upkeep\n|\n|t:|1783540156\n|switch|p1a: Kricketune|Kricketune, L99, F|100/100\n|turn|4\n|inactive|Time left: 300 sec this turn | 300 sec total\n|\n|t:|1783540157\n|move|p1a: Kricketune|Sticky Web|p2a: Sandslash\n|-sidestart|p2: p0y084c9c7|move: Sticky Web\n|move|p2a: Sandslash|Triple Axel|p1a: Kricketune\n|-damage|p1a: Kricketune|86/100\n|-damage|p1a: Kricketune|55/100\n|-damage|p1a: Kricketune|16/100\n|-hitcount|p1a: Kricketune|3\n|\n|upkeep\n|turn|5\n|inactive|Time left: 300 sec this turn | 300 sec total\n|\n|t:|1783540158\n|switch|p1a: Gholdengo|Gholdengo, L77|100/100\n|move|p2a: Sandslash|Triple Axel|p1a: Gholdengo\n|-resisted|p1a: Gholdengo\n|-damage|p1a: Gholdengo|93/100\n|-resisted|p1a: Gholdengo\n|-damage|p1a: Gholdengo|78/100\n|-resisted|p1a: Gholdengo\n|-damage|p1a: Gholdengo|56/100\n|-hitcount|p1a: Gholdengo|3\n|\n|-heal|p1a: Gholdengo|62/100|[from] item: Leftovers\n|upkeep\n|turn|6\n|inactive|Time left: 300 sec this turn | 300 sec total\n|\n|t:|1783540159\n|switch|p2a: Pyroar|Pyroar, L88, F|295/295\n|-ability|p2a: Pyroar|Unnerve\n|move|p1a: Gholdengo|Make It Rain|p2a: Pyroar\n|-resisted|p2a: Pyroar\n|-damage|p2a: Pyroar|208/295\n|-unboost|p1a: Gholdengo|spa|1\n|\n|-heal|p1a: Gholdengo|68/100|[from] item: Leftovers\n|upkeep\n|turn|7\n|inactive|Time left: 300 sec this turn | 300 sec total\n|\n|t:|1783540161\n|switch|p1a: Empoleon|Empoleon, L84, F|100/100\n|move|p2a: Pyroar|Fire Blast|p1a: Empoleon\n|-damage|p1a: Empoleon|53/100\n|\n|-heal|p1a: Empoleon|59/100|[from] item: Leftovers\n|upkeep\n|turn|8\n|inactive|Time left: 300 sec this turn | 300 sec total\n|\n|t:|1783540162\n|-terastallize|p2a: Pyroar|Fire\n|move|p2a: Pyroar|Fire Blast|p1a: Empoleon\n|-damage|p1a: Empoleon|0 fnt\n|faint|p1a: Empoleon\n|\n|upkeep\n|\n|t:|1783540163\n|switch|p1a: Medicham|Medicham, L86, M|100/100\n|turn|9\n|inactive|Time left: 300 sec this turn | 300 sec total\n|\n|t:|1783540164\n|move|p2a: Pyroar|Will-O-Wisp|p1a: Medicham\n|-status|p1a: Medicham|brn\n|move|p1a: Medicham|Close Combat|p2a: Pyroar\n|-damage|p2a: Pyroar|49/295\n|-unboost|p1a: Medicham|def|1\n|-unboost|p1a: Medicham|spd|1\n|\n|-damage|p1a: Medicham|94/100 brn|[from] brn\n|upkeep\n|turn|10\n|inactive|Time left: 300 sec this turn | 300 sec total\n|\n|t:|1783540165\n|move|p2a: Pyroar|Fire Blast|p1a: Medicham\n|-damage|p1a: Medicham|0 fnt\n|faint|p1a: Medicham\n|\n|upkeep\n|\n|t:|1783540166\n|switch|p1a: Comfey|Comfey, L85, F|100/100\n|turn|11\n|inactive|Time left: 300 sec this turn | 300 sec total\n|\n|t:|1783540167\n|move|p2a: Pyroar|Fire Blast|p1a: Comfey\n|-damage|p1a: Comfey|30/100\n|-status|p1a: Comfey|brn\n|move|p1a: Comfey|Calm Mind|p1a: Comfey\n|-boost|p1a: Comfey|spa|1\n|-boost|p1a: Comfey|spd|1\n|\n|-heal|p1a: Comfey|36/100 brn|[from] item: Leftovers\n|-damage|p1a: Comfey|30/100 brn|[from] brn\n|upkeep\n|turn|12\n|inactive|Time left: 300 sec this turn | 300 sec total\n|\n|t:|1783540168\n|move|p1a: Comfey|Giga Drain|p2a: Pyroar\n|-resisted|p2a: Pyroar\n|-crit|p2a: Pyroar\n|-damage|p2a: Pyroar|0 fnt\n|-heal|p1a: Comfey|41/100 brn|[from] drain|[of] p2a: Pyroar\n|faint|p2a: Pyroar\n|\n|-heal|p1a: Comfey|48/100 brn|[from] item: Leftovers\n|-damage|p1a: Comfey|41/100 brn|[from] brn\n|upkeep\n|inactive|Time left: 300 sec this turn | 300 sec total | 5 sec grace\n|\n|t:|1783540169\n|switch|p2a: Sandslash|Sandslash-Alola, L88, F|111/275\n|-activate|p2a: Sandslash|move: Sticky Web\n|-unboost|p2a: Sandslash|spe|1\n|turn|13\n|inactive|Time left: 300 sec this turn | 300 sec total\n|\n|t:|1783540170\n|switch|p1a: Gholdengo|Gholdengo, L77|68/100\n|move|p2a: Sandslash|Earthquake|p1a: Gholdengo\n|-supereffective|p1a: Gholdengo\n|-damage|p1a: Gholdengo|0 fnt\n|faint|p1a: Gholdengo\n|\n|upkeep\n|\n|t:|1783540171\n|switch|p1a: Kricketune|Kricketune, L99, F|16/100\n|turn|14\n|inactive|Time left: 300 sec this turn | 300 sec total\n|\n|t:|1783540172\n|move|p1a: Kricketune|Knock Off|p2a: Sandslash\n|-damage|p2a: Sandslash|48/275\n|-enditem|p2a: Sandslash|Choice Band|[from] move: Knock Off|[of] p1a: Kricketune\n|move|p2a: Sandslash|Earthquake|p1a: Kricketune\n|-resisted|p1a: Kricketune\n|-damage|p1a: Kricketune|0 fnt\n|faint|p1a: Kricketune\n|\n|upkeep\n|\n|t:|1783540173\n|switch|p1a: Comfey|Comfey, L85, F|41/100 brn\n|turn|15\n|inactive|Time left: 300 sec this turn | 300 sec total\n|\n|t:|1783540174\n|-terastallize|p1a: Comfey|Steel\n|move|p1a: Comfey|Draining Kiss|p2a: Sandslash\n|-resisted|p2a: Sandslash\n|-damage|p2a: Sandslash|21/275\n|-heal|p1a: Comfey|50/100 brn|[from] drain|[of] p2a: Sandslash\n|move|p2a: Sandslash|Iron Head|p1a: Comfey\n|-resisted|p1a: Comfey\n|-damage|p1a: Comfey|31/100 brn\n|\n|-heal|p1a: Comfey|37/100 brn|[from] item: Leftovers\n|-damage|p1a: Comfey|31/100 brn|[from] brn\n|upkeep\n|turn|16\n|inactive|Time left: 300 sec this turn | 300 sec total\n|\n|t:|1783540175\n|switch|p2a: Tsareena|Tsareena, L87, F|267/267\n|-activate|p2a: Tsareena|move: Sticky Web\n|-unboost|p2a: Tsareena|spe|1\n|move|p1a: Comfey|Giga Drain||[still]\n|cant|p2a: Tsareena|ability: Queenly Majesty|Giga Drain|[of] p1a: Comfey\n|\n|-heal|p1a: Comfey|37/100 brn|[from] item: Leftovers\n|-damage|p1a: Comfey|31/100 brn|[from] brn\n|upkeep\n|turn|17\n|inactive|Time left: 300 sec this turn | 300 sec total\n|\n|t:|1783540176\n|move|p1a: Comfey|Giga Drain||[still]\n|cant|p2a: Tsareena|ability: Queenly Majesty|Giga Drain|[of] p1a: Comfey\n|move|p2a: Tsareena|Knock Off|p1a: Comfey\n|-crit|p1a: Comfey\n|-damage|p1a: Comfey|0 fnt\n|-enditem|p1a: Comfey|Leftovers|[from] move: Knock Off|[of] p2a: Tsareena\n|faint|p1a: Comfey\n|-damage|p2a: Tsareena|241/267|[from] item: Life Orb\n|\n|win|p0y084c9c7", "uploadtime": 1783540176, "views": 0, "rating": 0, "private": 0, "password": null, "_winner": "p0y084c9c7", "_our_name": "p0y084c9c7"}