{"id": "battle-gen9randombattle-2522", "formatid": "gen9randombattle", "format": "[Gen 9] Random Battle", "players": ["p0x25224ede", "p0y2522b337"], "log": "|init|battle\n|title|p0x25224ede vs. p0y2522b337\n|j|\u2606p0x25224ede\n|j|\u2606p0y2522b337\n|t:|1783568228\n|gametype|singles\n|player|p1|p0x25224ede|265|\n|player|p2|p0y2522b337|102|\n|gen|9\n|tier|[Gen 9] Random Battle\n|rule|Species Clause: Limit one of each Pok\u00e9mon\n|rule|HP Percentage Mod: HP is shown in percentages\n|rule|Sleep Clause Mod: Limit one foe put to sleep\n|rule|Illusion Level Mod: Illusion disguises the Pok\u00e9mon's true level\n|\n|t:|1783568228\n|teamsize|p1|6\n|teamsize|p2|6\n|start\n|switch|p1a: Flygon|Flygon, L82, M|100/100\n|switch|p2a: Veluza|Veluza, L85, F|292/292\n|turn|1\n|inactive|Battle timer is ON: inactive players will automatically lose when time's up. (requested by p0x25224ede)\n|inactive|Time left: 300 sec this turn | 300 sec total | 60 sec grace\n|inactive|p0y2522b337 also wants the timer to be on.\n|\n|t:|1783568230\n|move|p1a: Flygon|Outrage|p2a: Veluza\n|-damage|p2a: Veluza|66/292\n|move|p2a: Veluza|Aqua Cutter|p1a: Flygon\n|-crit|p1a: Flygon\n|-damage|p1a: Flygon|0 fnt\n|faint|p1a: Flygon\n|\n|upkeep\n|\n|t:|1783568231\n|switch|p1a: Rotom|Rotom-Frost, L87|100/100\n|turn|2\n|inactive|Time left: 300 sec this turn | 300 sec total\n|\n|t:|1783568232\n|switch|p2a: Carbink|Carbink, L90|236/236\n|move|p1a: Rotom|Thunderbolt|p2a: Carbink\n|-damage|p2a: Carbink|175/236\n|\n|-heal|p2a: Carbink|189/236|[from] item: Leftovers\n|upkeep\n|turn|3\n|inactive|Time left: 300 sec this turn | 300 sec total\n|\n|t:|1783568233\n|move|p1a: Rotom|Nasty Plot|p1a: Rotom\n|-boost|p1a: Rotom|spa|2\n|move|p2a: Carbink|Body Press|p1a: Rotom\n|-supereffective|p1a: Rotom\n|-damage|p1a: Rotom|33/100\n|\n|-heal|p2a: Carbink|203/236|[from] item: Leftovers\n|upkeep\n|turn|4\n|inactive|Time left: 300 sec this turn | 300 sec total\n|\n|t:|1783568234\n|move|p1a: Rotom|Blizzard|p2a: Carbink|[miss]\n|-miss|p1a: Rotom|p2a: Carbink\n|move|p2a: Carbink|Body Press|p1a: Rotom\n|-supereffective|p1a: Rotom\n|-damage|p1a: Rotom|0 fnt\n|faint|p1a: Rotom\n|\n|-heal|p2a: Carbink|217/236|[from] item: Leftovers\n|upkeep\n|\n|t:|1783568235\n|switch|p1a: Ludicolo|Ludicolo, L90, F|100/100\n|turn|5\n|inactive|Time left: 300 sec this turn | 300 sec total\n|\n|t:|1783568236\n|-terastallize|p2a: Carbink|Fighting\n|move|p1a: Ludicolo|Hydro Pump|p2a: Carbink\n|-damage|p2a: Carbink|114/236\n|-damage|p1a: Ludicolo|90/100|[from] item: Life Orb\n|move|p2a: Carbink|Body Press|p1a: Ludicolo\n|-damage|p1a: Ludicolo|35/100\n|\n|-heal|p2a: Carbink|128/236|[from] item: Leftovers\n|upkeep\n|turn|6\n|inactive|Time left: 300 sec this turn | 300 sec total\n|\n|t:|1783568237\n|-terastallize|p1a: Ludicolo|Water\n|move|p1a: Ludicolo|Hydro Pump|p2a: Carbink\n|-damage|p2a: Carbink|0 fnt\n|faint|p2a: Carbink\n|-damage|p1a: Ludicolo|25/100|[from] item: Life Orb\n|\n|upkeep\n|inactive|Time left: 300 sec this turn | 300 sec total | 5 sec grace\n|\n|t:|1783568238\n|switch|p2a: Sawsbuck|Sawsbuck-Summer, L88, M|284/284\n|turn|7\n|inactive|Time left: 300 sec this turn | 300 sec total\n|\n|t:|1783568239\n|move|p2a: Sawsbuck|Swords Dance|p2a: Sawsbuck\n|-boost|p2a: Sawsbuck|atk|2\n|move|p1a: Ludicolo|Hydro Pump|p2a: Sawsbuck\n|-resisted|p2a: Sawsbuck\n|-damage|p2a: Sawsbuck|162/284\n|-damage|p1a: Ludicolo|15/100|[from] item: Life Orb\n|\n|upkeep\n|turn|8\n|inactive|Time left: 300 sec this turn | 300 sec total\n|\n|t:|1783568240\n|move|p2a: Sawsbuck|Horn Leech|p1a: Ludicolo\n|-supereffective|p1a: Ludicolo\n|-damage|p1a: Ludicolo|0 fnt\n|-heal|p2a: Sawsbuck|184/284|[from] drain|[of] p1a: Ludicolo\n|faint|p1a: Ludicolo\n|-damage|p2a: Sawsbuck|156/284|[from] item: Life Orb\n|\n|upkeep\n|\n|t:|1783568241\n|switch|p1a: Chi-Yu|Chi-Yu, L77|100/100\n|-ability|p1a: Chi-Yu|Beads of Ruin\n|turn|9\n|inactive|Time left: 300 sec this turn | 300 sec total\n|\n|t:|1783568242\n|move|p2a: Sawsbuck|High Horsepower|p1a: Chi-Yu\n|-supereffective|p1a: Chi-Yu\n|-damage|p1a: Chi-Yu|0 fnt\n|faint|p1a: Chi-Yu\n|-damage|p2a: Sawsbuck|128/284|[from] item: Life Orb\n|\n|upkeep\n|\n|t:|1783568243\n|switch|p1a: Oinkologne|Oinkologne-F, L92, F|100/100\n|turn|10\n|inactive|Time left: 300 sec this turn | 300 sec total\n|\n|t:|1783568244\n|move|p2a: Sawsbuck|Horn Leech|p1a: Oinkologne\n|-damage|p1a: Oinkologne|30/100\n|-heal|p2a: Sawsbuck|256/284|[from] drain|[of] p1a: Oinkologne\n|-damage|p2a: Sawsbuck|228/284|[from] item: Life Orb\n|move|p1a: Oinkologne|Double-Edge|p2a: Sawsbuck\n|-damage|p2a: Sawsbuck|71/284\n|-damage|p1a: Oinkologne|15/100|[from] Recoil\n|\n|-heal|p1a: Oinkologne|22/100|[from] item: Leftovers\n|upkeep\n|turn|11\n|inactive|Time left: 300 sec this turn | 300 sec total\n|\n|t:|1783568245\n|switch|p1a: Hitmonchan|Hitmonchan, L87, M|100/100\n|move|p2a: Sawsbuck|Horn Leech|p1a: Hitmonchan\n|-damage|p1a: Hitmonchan|0 fnt\n|-heal|p2a: Sawsbuck|186/284|[from] drain|[of] p1a: Hitmonchan\n|faint|p1a: Hitmonchan\n|-damage|p2a: Sawsbuck|158/284|[from] item: Life Orb\n|\n|upkeep\n|\n|t:|1783568246\n|switch|p1a: Oinkologne|Oinkologne-F, L92, F|22/100\n|turn|12\n|inactive|Time left: 300 sec this turn | 300 sec total\n|\n|t:|1783568247\n|move|p2a: Sawsbuck|Horn Leech|p1a: Oinkologne\n|-damage|p1a: Oinkologne|0 fnt\n|-heal|p2a: Sawsbuck|196/284|[from] drain|[of] p1a: Oinkologne\n|faint|p1a: Oinkologne\n|-damage|p2a: Sawsbuck|168/284|[from] item: Life Orb\n|\n|win|p0y2522b337", "uploadtime": 1783568247, "views": 0, "rating": 0, "private": 0, "password": null, "_winner": "p0y2522b337", "_our_name": "p0y2522b337"}