{"id": "battle-gen9randombattle-858", "formatid": "gen9randombattle", "format": "[Gen 9] Random Battle", "players": ["p0x85853b0", "p0y8586d09"], "log": "|init|battle\n|title|p0x85853b0 vs. p0y8586d09\n|j|\u2606p0x85853b0\n|j|\u2606p0y8586d09\n|t:|1783549089\n|gametype|singles\n|player|p1|p0x85853b0|266|\n|player|p2|p0y8586d09|1|\n|gen|9\n|tier|[Gen 9] Random Battle\n|rule|Species Clause: Limit one of each Pok\u00e9mon\n|rule|HP Percentage Mod: HP is shown in percentages\n|rule|Sleep Clause Mod: Limit one foe put to sleep\n|rule|Illusion Level Mod: Illusion disguises the Pok\u00e9mon's true level\n|\n|t:|1783549089\n|teamsize|p1|6\n|teamsize|p2|6\n|start\n|switch|p1a: Necrozma|Necrozma-Dawn-Wings, L76|100/100\n|switch|p2a: Ampharos|Ampharos, L88, F|302/302\n|turn|1\n|inactive|Battle timer is ON: inactive players will automatically lose when time's up. (requested by p0y8586d09)\n|inactive|p0x85853b0 also wants the timer to be on.\n|\n|t:|1783549091\n|move|p1a: Necrozma|Dragon Dance|p1a: Necrozma\n|-boost|p1a: Necrozma|atk|1\n|-boost|p1a: Necrozma|spe|1\n|move|p2a: Ampharos|Thunderbolt|p1a: Necrozma\n|-damage|p1a: Necrozma|61/100\n|\n|upkeep\n|turn|2\n|inactive|Time left: 300 sec this turn | 300 sec total\n|\n|t:|1783549092\n|move|p1a: Necrozma|Photon Geyser|p2a: Ampharos\n|-damage|p2a: Ampharos|110/302\n|-damage|p1a: Necrozma|51/100|[from] item: Life Orb\n|move|p2a: Ampharos|Thunderbolt|p1a: Necrozma\n|-damage|p1a: Necrozma|14/100\n|\n|upkeep\n|turn|3\n|inactive|Time left: 300 sec this turn | 300 sec total\n|\n|t:|1783549093\n|switch|p2a: Cetitan|Cetitan, L82, F|412/412\n|move|p1a: Necrozma|Photon Geyser|p2a: Cetitan\n|-damage|p2a: Cetitan|181/412\n|-enditem|p2a: Cetitan|Sitrus Berry|[eat]\n|-heal|p2a: Cetitan|284/412|[from] item: Sitrus Berry\n|-damage|p1a: Necrozma|5/100|[from] item: Life Orb\n|\n|upkeep\n|turn|4\n|inactive|Time left: 300 sec this turn | 300 sec total\n|\n|t:|1783549094\n|move|p2a: Cetitan|Ice Shard|p1a: Necrozma\n|-damage|p1a: Necrozma|0 fnt\n|faint|p1a: Necrozma\n|\n|upkeep\n|\n|t:|1783549095\n|switch|p1a: Baxcalibur|Baxcalibur, L75, F|100/100\n|turn|5\n|inactive|Time left: 300 sec this turn | 300 sec total\n|\n|t:|1783549096\n|move|p1a: Baxcalibur|Swords Dance|p1a: Baxcalibur\n|-boost|p1a: Baxcalibur|atk|2\n|move|p2a: Cetitan|Ice Spinner|p1a: Baxcalibur\n|-damage|p1a: Baxcalibur|69/100\n|\n|upkeep\n|turn|6\n|inactive|Time left: 300 sec this turn | 300 sec total\n|\n|t:|1783549097\n|move|p1a: Baxcalibur|Scale Shot|p2a: Cetitan\n|-damage|p2a: Cetitan|203/412\n|-damage|p2a: Cetitan|130/412\n|-damage|p2a: Cetitan|51/412\n|-damage|p2a: Cetitan|0 fnt\n|faint|p2a: Cetitan\n|-hitcount|p2: Cetitan|4\n|-unboost|p1a: Baxcalibur|def|1\n|-boost|p1a: Baxcalibur|spe|1\n|\n|upkeep\n|inactive|Time left: 300 sec this turn | 300 sec total | 5 sec grace\n|\n|t:|1783549098\n|switch|p2a: Lucario|Lucario, L84, F|255/255\n|turn|7\n|inactive|Time left: 300 sec this turn | 300 sec total\n|\n|t:|1783549099\n|-terastallize|p2a: Lucario|Normal\n|move|p2a: Lucario|Extreme Speed|p1a: Baxcalibur\n|-damage|p1a: Baxcalibur|0 fnt\n|faint|p1a: Baxcalibur\n|\n|upkeep\n|\n|t:|1783549099\n|switch|p1a: Toucannon|Toucannon, L88, F|100/100\n|turn|8\n|inactive|Time left: 300 sec this turn | 300 sec total\n|\n|t:|1783549100\n|switch|p2a: Revavroom|Revavroom, L79, F|256/256\n|-singleturn|p1a: Toucannon|move: Beak Blast\n|move|p1a: Toucannon|Beak Blast|p2a: Revavroom\n|-resisted|p2a: Revavroom\n|-damage|p2a: Revavroom|180/256\n|\n|upkeep\n|turn|9\n|inactive|Time left: 300 sec this turn | 300 sec total\n|\n|t:|1783549101\n|move|p2a: Revavroom|Gunk Shot|p1a: Toucannon\n|-damage|p1a: Toucannon|35/100\n|-status|p1a: Toucannon|psn\n|-damage|p2a: Revavroom|155/256|[from] item: Life Orb\n|move|p1a: Toucannon|Boomburst|p2a: Revavroom\n|-resisted|p2a: Revavroom\n|-damage|p2a: Revavroom|74/256\n|\n|-damage|p1a: Toucannon|22/100 psn|[from] psn\n|upkeep\n|turn|10\n|inactive|Time left: 300 sec this turn | 300 sec total\n|\n|t:|1783549102\n|-singleturn|p1a: Toucannon|move: Beak Blast\n|move|p2a: Revavroom|Iron Head|p1a: Toucannon\n|-damage|p1a: Toucannon|0 fnt\n|-status|p2a: Revavroom|brn\n|faint|p1a: Toucannon\n|-damage|p2a: Revavroom|49/256 brn|[from] item: Life Orb\n|\n|-damage|p2a: Revavroom|33/256 brn|[from] brn\n|upkeep\n|\n|t:|1783549103\n|switch|p1a: Garchomp|Garchomp, L74, F|100/100\n|turn|11\n|inactive|Time left: 300 sec this turn | 300 sec total\n|\n|t:|1783549104\n|move|p1a: Garchomp|Swords Dance|p1a: Garchomp\n|-boost|p1a: Garchomp|atk|2\n|move|p2a: Revavroom|Iron Head|p1a: Garchomp\n|-damage|p1a: Garchomp|80/100\n|-damage|p2a: Revavroom|1/256 brn|[from] ability: Rough Skin|[of] p1a: Garchomp\n|-damage|p2a: Revavroom|0 fnt|[from] item: Life Orb\n|faint|p2a: Revavroom\n|\n|upkeep\n|inactive|Time left: 300 sec this turn | 300 sec total | 5 sec grace\n|\n|t:|1783549105\n|switch|p2a: Dodrio|Dodrio, L85, M|241/241\n|turn|12\n|inactive|Time left: 300 sec this turn | 300 sec total\n|\n|t:|1783549106\n|move|p2a: Dodrio|Brave Bird|p1a: Garchomp\n|-damage|p1a: Garchomp|1/100\n|-damage|p2a: Dodrio|211/241|[from] ability: Rough Skin|[of] p1a: Garchomp\n|-damage|p2a: Dodrio|137/241|[from] Recoil\n|move|p1a: Garchomp|Scale Shot|p2a: Dodrio\n|-crit|p2a: Dodrio\n|-damage|p2a: Dodrio|37/241\n|-damage|p2a: Dodrio|0 fnt\n|faint|p2a: Dodrio\n|-hitcount|p2: Dodrio|2\n|-unboost|p1a: Garchomp|def|1\n|-boost|p1a: Garchomp|spe|1\n|\n|upkeep\n|inactive|Time left: 300 sec this turn | 300 sec total | 5 sec grace\n|\n|t:|1783549107\n|switch|p2a: Lucario|Lucario, L84, F, tera:Normal|255/255\n|turn|13\n|inactive|Time left: 300 sec this turn | 300 sec total\n|\n|t:|1783549108\n|move|p2a: Lucario|Extreme Speed|p1a: Garchomp\n|-damage|p1a: Garchomp|0 fnt\n|-damage|p2a: Lucario|224/255|[from] ability: Rough Skin|[of] p1a: Garchomp\n|faint|p1a: Garchomp\n|\n|upkeep\n|\n|t:|1783549109\n|switch|p1a: Bellibolt|Bellibolt, L84, F|100/100\n|turn|14\n|inactive|Time left: 300 sec this turn | 300 sec total\n|\n|t:|1783549110\n|move|p2a: Lucario|Extreme Speed|p1a: Bellibolt\n|-damage|p1a: Bellibolt|55/100\n|-start|p1a: Bellibolt|Charge|Extreme Speed|[from] ability: Electromorphosis\n|move|p1a: Bellibolt|Thunderbolt|p2a: Lucario\n|-damage|p2a: Lucario|0 fnt\n|faint|p2a: Lucario\n|-end|p1a: Bellibolt|Charge|[silent]\n|\n|-heal|p1a: Bellibolt|61/100|[from] item: Leftovers\n|upkeep\n|inactive|Time left: 300 sec this turn | 300 sec total | 5 sec grace\n|\n|t:|1783549110\n|switch|p2a: Ampharos|Ampharos, L88, F|110/302\n|turn|15\n|inactive|Time left: 300 sec this turn | 300 sec total\n|\n|t:|1783549111\n|move|p2a: Ampharos|Dazzling Gleam|p1a: Bellibolt\n|-crit|p1a: Bellibolt\n|-damage|p1a: Bellibolt|25/100\n|-start|p1a: Bellibolt|Charge|Dazzling Gleam|[from] ability: Electromorphosis\n|move|p1a: Bellibolt|Slack Off|p1a: Bellibolt\n|-heal|p1a: Bellibolt|75/100\n|\n|-heal|p1a: Bellibolt|81/100|[from] item: Leftovers\n|upkeep\n|turn|16\n|inactive|Time left: 300 sec this turn | 300 sec total\n|\n|t:|1783549112\n|-terastallize|p1a: Bellibolt|Electric\n|move|p1a: Bellibolt|Thunderbolt|p2a: Ampharos\n|-resisted|p2a: Ampharos\n|-damage|p2a: Ampharos|21/302\n|-end|p1a: Bellibolt|Charge|[silent]\n|move|p2a: Ampharos|Dragon Tail|p1a: Bellibolt\n|-damage|p1a: Bellibolt|69/100\n|-start|p1a: Bellibolt|Charge|Dragon Tail|[from] ability: Electromorphosis\n|drag|p1a: Palafin|Palafin, L77, F|100/100\n|\n|upkeep\n|turn|17\n|inactive|Time left: 300 sec this turn | 300 sec total\n|\n|t:|1783549113\n|move|p1a: Palafin|Flip Turn|p2a: Ampharos\n|-crit|p2a: Ampharos\n|-damage|p2a: Ampharos|0 fnt\n|faint|p2a: Ampharos\n|\n|t:|1783549114\n|detailschange|p1a: Palafin|Palafin-Hero, L77, F\n|switch|p1a: Bellibolt|Bellibolt, L84, F, tera:Electric|69/100|[from] Flip Turn\n|\n|-heal|p1a: Bellibolt|75/100|[from] item: Leftovers\n|upkeep\n|inactive|Time left: 300 sec this turn | 300 sec total | 10 sec grace\n|\n|t:|1783549115\n|switch|p2a: Tornadus|Tornadus-Therian, L79, M|254/254\n|turn|18\n|inactive|Time left: 300 sec this turn | 300 sec total\n|\n|t:|1783549115\n|move|p2a: Tornadus|Bleakwind Storm|p1a: Bellibolt\n|-resisted|p1a: Bellibolt\n|-damage|p1a: Bellibolt|60/100\n|-start|p1a: Bellibolt|Charge|Bleakwind Storm|[from] ability: Electromorphosis\n|move|p1a: Bellibolt|Thunderbolt|p2a: Tornadus\n|-supereffective|p2a: Tornadus\n|-damage|p2a: Tornadus|0 fnt\n|faint|p2a: Tornadus\n|-end|p1a: Bellibolt|Charge|[silent]\n|\n|win|p0x85853b0", "uploadtime": 1783549115, "views": 0, "rating": 0, "private": 0, "password": null, "_winner": "p0x85853b0", "_our_name": "p0y8586d09"}