{"id": "battle-gen9randombattle-57", "formatid": "gen9randombattle", "format": "[Gen 9] Random Battle", "players": ["p0x05725c6", "p0y0578530"], "log": "|init|battle\n|title|p0x05725c6 vs. p0y0578530\n|j|\u2606p0x05725c6\n|j|\u2606p0y0578530\n|t:|1783534436\n|gametype|singles\n|player|p1|p0x05725c6|266|\n|player|p2|p0y0578530|1|\n|gen|9\n|tier|[Gen 9] Random Battle\n|rule|Species Clause: Limit one of each Pok\u00e9mon\n|rule|HP Percentage Mod: HP is shown in percentages\n|rule|Sleep Clause Mod: Limit one foe put to sleep\n|rule|Illusion Level Mod: Illusion disguises the Pok\u00e9mon's true level\n|\n|t:|1783534436\n|teamsize|p1|6\n|teamsize|p2|6\n|start\n|switch|p1a: Dudunsparce|Dudunsparce-Three-Segment, L83, F|343/343\n|switch|p2a: Roaring Moon|Roaring Moon, L72|100/100\n|turn|1\n|inactive|Battle timer is ON: inactive players will automatically lose when time's up. (requested by p0x05725c6)\n|inactive|p0y0578530 also wants the timer to be on.\n|\n|t:|1783534437\n|move|p2a: Roaring Moon|Outrage|p1a: Dudunsparce\n|-crit|p1a: Dudunsparce\n|-damage|p1a: Dudunsparce|51/343\n|move|p1a: Dudunsparce|Glare|p2a: Roaring Moon\n|-status|p2a: Roaring Moon|par\n|\n|-heal|p1a: Dudunsparce|72/343|[from] item: Leftovers\n|upkeep\n|turn|2\n|inactive|Time left: 300 sec this turn | 300 sec total\n|\n|t:|1783534438\n|switch|p1a: Sylveon|Sylveon, L85, F|300/300\n|cant|p2a: Roaring Moon|par\n|\n|-start|p2a: Roaring Moon|confusion|[fatigue]\n|upkeep\n|turn|3\n|inactive|Time left: 300 sec this turn | 300 sec total\n|\n|t:|1783534439\n|-end|p2a: Roaring Moon|Protosynthesis|[silent]\n|switch|p2a: Luxray|Luxray, L88, M|100/100\n|move|p1a: Sylveon|Hyper Voice|p2a: Luxray\n|-damage|p2a: Luxray|50/100\n|\n|-status|p2a: Luxray|brn|[from] item: Flame Orb\n|upkeep\n|turn|4\n|inactive|Time left: 300 sec this turn | 300 sec total\n|\n|t:|1783534440\n|switch|p2a: Zacian|Zacian-Crowned, L64|100/100\n|-ability|p2a: Zacian|Intrepid Sword|boost\n|-boost|p2a: Zacian|atk|1\n|move|p1a: Sylveon|Hyper Voice|p2a: Zacian\n|-resisted|p2a: Zacian\n|-damage|p2a: Zacian|72/100\n|\n|upkeep\n|turn|5\n|inactive|Time left: 300 sec this turn | 300 sec total\n|\n|t:|1783534441\n|switch|p1a: Magnezone|Magnezone, L85|258/258\n|move|p2a: Zacian|Behemoth Blade|p1a: Magnezone\n|-resisted|p1a: Magnezone\n|-damage|p1a: Magnezone|229/258\n|\n|-heal|p1a: Magnezone|245/258|[from] item: Leftovers\n|upkeep\n|turn|6\n|inactive|Time left: 300 sec this turn | 300 sec total\n|\n|t:|1783534442\n|-terastallize|p2a: Zacian|Fighting\n|move|p2a: Zacian|Close Combat|p1a: Magnezone\n|-supereffective|p1a: Magnezone\n|-damage|p1a: Magnezone|9/258\n|-unboost|p2a: Zacian|def|1\n|-unboost|p2a: Zacian|spd|1\n|move|p1a: Magnezone|Discharge|p2a: Zacian\n|-damage|p2a: Zacian|0 fnt\n|faint|p2a: Zacian\n|\n|-heal|p1a: Magnezone|25/258|[from] item: Leftovers\n|upkeep\n|\n|t:|1783534443\n|switch|p2a: Luxray|Luxray, L88, M|50/100 brn\n|turn|7\n|inactive|Time left: 300 sec this turn | 300 sec total\n|\n|t:|1783534445\n|switch|p1a: Leafeon|Leafeon, L88, M|258/258\n|move|p2a: Luxray|Trailblaze|p1a: Leafeon\n|-resisted|p1a: Leafeon\n|-damage|p1a: Leafeon|232/258\n|-boost|p2a: Luxray|spe|1\n|\n|-heal|p1a: Leafeon|248/258|[from] item: Leftovers\n|-damage|p2a: Luxray|44/100 brn|[from] brn\n|upkeep\n|turn|8\n|inactive|Time left: 300 sec this turn | 300 sec total\n|\n|t:|1783534445\n|switch|p2a: Farigiraf|Farigiraf, L90, F|100/100\n|move|p1a: Leafeon|Leaf Blade|p2a: Farigiraf\n|-ability|p2a: Farigiraf|Sap Sipper|boost\n|-boost|p2a: Farigiraf|atk|1\n|\n|-heal|p1a: Leafeon|258/258|[from] item: Leftovers\n|upkeep\n|turn|9\n|inactive|Time left: 300 sec this turn | 300 sec total\n|\n|t:|1783534446\n|move|p1a: Leafeon|Swords Dance|p1a: Leafeon\n|-boost|p1a: Leafeon|atk|2\n|move|p2a: Farigiraf|Body Slam|p1a: Leafeon\n|-damage|p1a: Leafeon|164/258\n|-status|p1a: Leafeon|par\n|\n|-heal|p1a: Leafeon|180/258 par|[from] item: Leftovers\n|upkeep\n|turn|10\n|inactive|Time left: 300 sec this turn | 300 sec total\n|\n|t:|1783534447\n|move|p2a: Farigiraf|Body Slam|p1a: Leafeon\n|-damage|p1a: Leafeon|78/258 par\n|move|p1a: Leafeon|Knock Off|p2a: Farigiraf\n|-supereffective|p2a: Farigiraf\n|-damage|p2a: Farigiraf|0 fnt\n|-enditem|p2a: Farigiraf|Leftovers|[from] move: Knock Off|[of] p1a: Leafeon\n|faint|p2a: Farigiraf\n|\n|-heal|p1a: Leafeon|94/258 par|[from] item: Leftovers\n|upkeep\n|\n|t:|1783534448\n|switch|p2a: Luxray|Luxray, L88, M|44/100 brn\n|turn|11\n|inactive|Time left: 300 sec this turn | 300 sec total\n|\n|t:|1783534449\n|move|p2a: Luxray|Facade|p1a: Leafeon\n|-damage|p1a: Leafeon|0 fnt\n|faint|p1a: Leafeon\n|\n|-damage|p2a: Luxray|38/100 brn|[from] brn\n|upkeep\n|inactive|Time left: 300 sec this turn | 300 sec total | 5 sec grace\n|\n|t:|1783534450\n|switch|p1a: Delphox|Delphox, L84, F|263/263\n|turn|12\n|inactive|Time left: 300 sec this turn | 300 sec total\n|\n|t:|1783534451\n|switch|p2a: Cramorant|Cramorant, L86, F|100/100\n|move|p1a: Delphox|Fire Blast|p2a: Cramorant\n|-resisted|p2a: Cramorant\n|-damage|p2a: Cramorant|77/100\n|\n|upkeep\n|turn|13\n|inactive|Time left: 300 sec this turn | 300 sec total\n|\n|t:|1783534452\n|move|p1a: Delphox|Nasty Plot|p1a: Delphox\n|-boost|p1a: Delphox|spa|2\n|move|p2a: Cramorant|Surf|p1a: Delphox\n|-formechange|p2a: Cramorant|Cramorant-Gulping|\n|-supereffective|p1a: Delphox\n|-damage|p1a: Delphox|107/263\n|\n|upkeep\n|turn|14\n|inactive|Time left: 300 sec this turn | 300 sec total\n|\n|t:|1783534454\n|move|p1a: Delphox|Psyshock|p2a: Cramorant\n|-damage|p2a: Cramorant|0 fnt\n|-damage|p1a: Delphox|42/263|[from] ability: Gulp Missile|[of] p2a: Cramorant\n|-unboost|p1a: Delphox|def|1\n|-formechange|p2a: Cramorant|Cramorant|\n|faint|p2a: Cramorant\n|\n|upkeep\n|\n|t:|1783534455\n|switch|p2a: Kingambit|Kingambit, L74, M|100/100\n|-activate|p2a: Kingambit|ability: Supreme Overlord\n|-start|p2a: Kingambit|fallen3|[silent]\n|turn|15\n|inactive|Time left: 300 sec this turn | 300 sec total\n|\n|t:|1783534456\n|switch|p1a: Magnezone|Magnezone, L85|25/258\n|move|p2a: Kingambit|Sucker Punch||[still]\n|-fail|p2a: Kingambit\n|\n|-heal|p1a: Magnezone|41/258|[from] item: Leftovers\n|upkeep\n|turn|16\n|inactive|Time left: 300 sec this turn | 300 sec total\n|\n|t:|1783534457\n|-terastallize|p1a: Magnezone|Fighting\n|move|p2a: Kingambit|Sucker Punch|p1a: Magnezone\n|-resisted|p1a: Magnezone\n|-damage|p1a: Magnezone|2/258\n|move|p1a: Magnezone|Body Press|p2a: Kingambit\n|-supereffective|p2a: Kingambit\n|-damage|p2a: Kingambit|0 fnt\n|faint|p2a: Kingambit\n|-end|p2a: Kingambit|fallen3|[silent]\n|\n|-heal|p1a: Magnezone|18/258|[from] item: Leftovers\n|upkeep\n|\n|t:|1783534458\n|switch|p2a: Luxray|Luxray, L88, M|38/100 brn\n|turn|17\n|inactive|Time left: 300 sec this turn | 300 sec total\n|\n|t:|1783534458\n|switch|p1a: Klawf|Klawf, L90, M|272/272\n|move|p2a: Luxray|Facade|p1a: Klawf\n|-resisted|p1a: Klawf\n|-damage|p1a: Klawf|200/272\n|\n|-damage|p2a: Luxray|32/100 brn|[from] brn\n|upkeep\n|turn|18\n|inactive|Time left: 300 sec this turn | 300 sec total\n|\n|t:|1783534459\n|switch|p2a: Roaring Moon|Roaring Moon, L72|100/100 par\n|move|p1a: Klawf|High Horsepower|p2a: Roaring Moon\n|-damage|p2a: Roaring Moon|60/100 par\n|\n|upkeep\n|turn|19\n|inactive|Time left: 300 sec this turn | 300 sec total\n|\n|t:|1783534460\n|move|p1a: Klawf|Stone Edge|p2a: Roaring Moon|[miss]\n|-miss|p1a: Klawf|p2a: Roaring Moon\n|move|p2a: Roaring Moon|Outrage|p1a: Klawf\n|-damage|p1a: Klawf|61/272\n|-ability|p1a: Klawf|Anger Shell|boost\n|-boost|p1a: Klawf|atk|1\n|-boost|p1a: Klawf|spa|1\n|-boost|p1a: Klawf|spe|1\n|-unboost|p1a: Klawf|def|1\n|-unboost|p1a: Klawf|spd|1\n|\n|upkeep\n|turn|20\n|inactive|Time left: 300 sec this turn | 300 sec total\n|\n|t:|1783534461\n|move|p1a: Klawf|Stone Edge|p2a: Roaring Moon\n|-damage|p2a: Roaring Moon|0 fnt\n|faint|p2a: Roaring Moon\n|-end|p2a: Roaring Moon|Protosynthesis|[silent]\n|\n|upkeep\n|\n|t:|1783534462\n|switch|p2a: Luxray|Luxray, L88, M|32/100 brn\n|turn|21\n|inactive|Time left: 300 sec this turn | 300 sec total\n|\n|t:|1783534463\n|move|p1a: Klawf|High Horsepower|p2a: Luxray\n|-supereffective|p2a: Luxray\n|-damage|p2a: Luxray|0 fnt\n|faint|p2a: Luxray\n|\n|win|p0x05725c6", "uploadtime": 1783534463, "views": 0, "rating": 0, "private": 0, "password": null, "_winner": "p0x05725c6", "_our_name": "p0x05725c6"}